3814 6322
311 293 417 353 559

1661 288 1721 345 S.
1762 283 2113 345 EPIPHANll

3490 283 3621 343 569

309 405 544 467 induxit.
568 404 719 463 Alios
742 401 985 477 quidem,
1003 398 1152 474 quod
1183 407 1462 457 auctorem
1479 397 1709 470 iustitia:
1738 399 1896 456 Deum

2077 362 2241 465 ιδνζοι
2270 396 2325 453 δὲ
2355 398 2446 454 διά
2492 397 2555 453 τι
2580 398 2797 470 ἀγνοεῖν
2835 399 2927 456 τὸν
2961 400 3070 457 τῶν
3098 401 3235 458 δλων
3266 400 3511 476 Πατέρα,
3540 402 3618 455 δν

309 501 653 573 ignorarent,
696 497 834 552 alios
860 495 1005 567 quod
1044 493 1425 549 universorum
1454 499 1735 563 parentem
1782 507 1909 563 per-

308 606 463 664 aeque
494 590 795 654 nescirent,
828 604 990 659 quem
1018 586 1109 642 ille
1140 586 1291 642 solus
1314 584 1609 639 adveniens
1635 584 1728 653 qui
1756 582 1908 639 solus

310 691 474 740 norat
524 683 759 754 aperuit.
789 680 962 736 Nobis
1019 693 1149 734 vero
1209 677 1411 748 quibus
1478 682 1777 745 utrumque
1814 672 1907 729 Dei

309 775 577 835 beneﬁcio
643 775 921 846 cognitum
951 779 1056 836 est,
1100 770 1373 839 reliquum
1407 766 1541 821 illud
1590 774 1692 830 est,
1755 772 1813 819 ut
1840 763 1907 820 de

310 868 429 940 lege
451 868 583 924 certi
616 865 821 937 aliquid
855 862 1234 935 exploratique
1257 856 1902 926 doceamus,cujusmodi

309 959 564 1016 videlicet
592 957 684 1014 illa
723 958 815 1024 sit,
851 964 905 1013 et
946 971 977 1010 a
1008 969 1247 1026 quonam
1308 952 1621 1023 legislatore
1657 950 1899 1021 sancitaj:

310 1052 387 1107 ita
418 1061 599 1108 tamen
625 1058 685 1106 ut
715 1048 979 1122 quidquid
998 1064 1028 1103 a
1055 1046 1218 1103 nobis
1257 1046 1480 1099 allatum
1497 1043 1683 1108 fuerit,
1703 1043 1755 1098 id
1791 1058 1900 1099 non

2009 493 2170 564 μόνος
2207 490 2380 546 ἐλθὼν
2406 494 2434 545 6
2466 492 2625 562 μόνος
2660 491 2815 556 εἰδὼς
2849 493 3184 566 ἐφανέρωσε.
3212 494 3617 567 Περιλείπ-εται

2003 584 2061 638 δὲ
2088 585 2220 656 ἡμῖν
2257 584 2537 651 ἀξιωθεῖσί
2560 602 2619 637 τε
2652 585 2751 657 τῆς
2779 585 2801 617 ³
2841 586 3168 659 ἀμφοτέρων
3193 586 3401 641 τούτων
3430 587 3619 657 ἐκφῆ-

2004 676 2092 731 ναί
2130 694 2213 730 σοι
2245 679 2340 731 καὶ
2379 676 2687 749 ἀκριὸῶσαι
2724 676 2888 731 αὐτόν
2916 696 2975 732 τε
3005 679 3096 733 τὸν
3131 680 3317 751 νόμον,
3356 679 3617 741 marci;

2003 785 2090 832 τις
2117 769 2225 840 εἴη,
2273 770 2368 822 καὶ
2395 768 2488 823 τὸν
2519 768 2610 839 ὑφ’
2641 763 2703 823 οῦ
2731 770 2971 826 τέθειται
3004 772 3096 826 τὸν
3140 772 3465 843 νομοθέτην,
3506 774 3618 843 ρη-

2008 859 2325 932 θησομένων
2352 862 2491 932 ἡμῖν
2517 860 2615 924 τὰς
2657 861 2963 927 ἀποδείξεις
3001 863 3066 917 ἐκ
3094 864 3203 917 τῶν
3224 863 3319 917 τοῦ
3351 863 3616 934 Σωτῆρος

2005 951 2163 1023 ἡμῶν
2184 951 2357 1021 λόγων
2388 952 2785 1025 παριστῶντες,
2816 954 2883 1007 δι’
2915 950 2990 1010 ὧν
3032 956 3190 1027 μόνον
3227 956 3378 1010 ἐστιν
3400 956 3611 1011 ἀπταί-

2010 1059 2150 1107 στως
2180 1043 2275 1096 ἐπὶ
2298 1042 2397 1114 τὴν
2432 1043 2740 1116 κατάληψιν
2763 1045 2871 1099 τῶν
2900 1046 3067 1101 ὄντων
3090 1047 3424 1118 όδηγεῖσθαι.

307 1144 531 1200 aliunde
559 1157 723 1214 quam
772 1157 840 1197 ex
881 1140 1018 1214 ipsis
1068 1137 1368 1193 Salvatoris
1397 1135 1584 1191 verbis
1621 1135 1907 1205 probetur.
1946 1130 2047 1190 His
2070 1134 2215 1190 enim
2246 1135 2381 1193 solis
2421 1136 2570 1191 velut
2628 1137 2845 1197 itineris
2895 1138 3130 1198 ducibus
3182 1140 3465 1207 adhibitis,
3537 1140 3609 1196 ad

307 1253 494 1295 rerum
522 1235 893 1308 cognitionem
928 1232 1047 1289 sine
1075 1247 1261 1287 errore
1278 1219 1652 1302 perducimur.

375 1329 465 1387 ιν.
500 1328 557 1383 ln
586 1330 776 1401 primis
837 1328 1003 1400 igitur
1068 1327 1356 1384 sciendum
1411 1334 1516 1392 est,
1586 1326 1899 1381 universam

311 1422 465 1477 illam
497 1421 693 1494 legem,
724 1436 845 1493 quae
873 1420 1118 1492 quinque
1146 1420 1315 1478 Mosis
1351 1418 1724 1476 voluminibus
1764 1433 1897 1473 con-

309 1517 538 1582 tinetur,
577 1532 684 1571 non
746 1516 814 1571 ab
872 1531 982 1571 uno
1032 1531 1154 1573 esse
1210 1515 1523 1588 legislatore
1574 1512 1899 1586 proiectam,

305 1609 425 1665 solo
451 1607 706 1664 videlicet
738 1605 884 1675 Deo;
919 1606 1015 1663 sed
1057 1606 1297 1665 admista
1325 1605 1573 1678 quaedam
1614 1605 1900 1660 hominum

303 1713 429 1756 esse
482 1697 761 1762 mandata,
827 1703 911 1764 ut,
980 1696 1441 1768 quemadmodum
1495 1695 1746 1751 Salvator
1786 1696 1904 1765 ipse

2078 1321 2151 1377 Δ’.
2194 1322 2419 1395 Πρῶτον
2451 1319 2547 1379 οῦν
2585 1322 2879 1397 μαθητέον,
2927 1323 3009 1378 ὅτι
3048 1325 3078 1378 ό
3123 1325 3349 1397 σύμπας
3395 1328 3609 1393 ἐκεῖνος

2005 1413 2170 1485 νόμος
2214 1415 2243 1467 6
2287 1414 2681 1485 περιεχόμενος
2728 1418 2796 1487 τῇ
2839 1415 3084 1479 Μωσέως
3128 1417 3488 1489 Πεντατεύχῳ
3540 1421 3610 1473 οὐ

2005 1505 2144 1578 πρὸς
2178 1506 2297 1570 ἑνός
2340 1525 2489 1572 τινος
2532 1508 2978 1581 νενομοθέτηται,
3014 1508 3161 1578 λέγω
3204 1511 3290 1583 δὴ,
3344 1512 3444 1582 οὐχ
3499 1514 3612 1567 ὑπὸ

2008 1600 2173 1671 μόνου
2215 1599 2375 1666 Θεοῦ,
2407 1600 2523 1654 ἀλλ’
2567 1602 2675 1655 είσί
2721 1618 2867 1665 τινες
2917 1601 3097 1656 αὐτῶν
3134 1604 3461 1677 προστάξεις
3509 1608 3614 1659 καὶ

2005 1689 2096 1743 ὑπ’
2131 1688 2438 1762 ἀνθρώπων
2476 1690 2742 1758 τεθεῖσαι,
2791 1691 2887 1745 καὶ
2934 1692 3096 1763 τριχῆ
3141 1693 3325 1747 τοῦτον
3377 1695 3612 1766 διαιρεῖ-

304 1787 513 1854 docuit,
538 1789 808 1843 trifariam
842 1787 926 1844 lex
966 1788 1041 1843 sit
1069 1788 1252 1844 omnis
1283 1787 1601 1843 distributa.
1636 1785 1896 1852 Quaedam

2077 1801 2133 1836 αι
2159 1784 2209 1836 οἱ
2234 1782 2330 1837 τοῦ
2363 1784 2618 1856 Σωτῆρος
2646 1784 2796 1854 λόγοι
2839 1784 3184 1841 διδάσκουσιν
3207 1788 3374 1859 ἡμᾶς.
3412 1789 3513 1852 Εἰς
3545 1807 3612 1843 τε

304 1879 452 1936 enim
492 1879 559 1934 ad
594 1879 775 1951 ipsum
798 1878 967 1935 Deum
1000 1880 1232 1951 ejusque
1249 1880 1567 1936 sanctiones
1599 1879 1902 1950 pertinent;

306 1972 413 2026 alia
441 1969 579 2026 Mosi
633 1971 928 2027 tribuenda
984 1978 1134 2036 sunt,
1194 1985 1304 2027 non
1355 1970 1577 2042 quidem
1636 1978 1906 2041 quatenus

303 2062 514 2134 aliquid
546 2077 576 2117 a
616 2061 728 2119 Deo
759 2063 909 2119 illius
944 2064 1256 2119 interventu
1314 2062 1592 2119 decretum
1643 2070 1748 2131 est,
1808 2061 1903 2118 sed

304 2164 576 2227 quatenus
619 2171 716 2227 per
742 2171 865 2212 sese
902 2171 968 2211 ac
999 2164 1195 2226 suapte
1236 2164 1432 2227 Sponte
1470 2155 1738 2210 nonnulla
1768 2170 1903 2210 con—

304 2246 520 2316 stituit;
554 2248 791 2303 aliorum
831 2247 1068 2318 denique
1136 2248 1386 2303 seniores
1447 2247 1540 2318 qui
1586 2247 1641 2301 in
1702 2246 1906 2317 populo

304 2347 464 2393 erant
518 2346 778 2396 auctores
824 2339 1195 2405 exstiterunt,
1236 2353 1301 2393 ac
1355 2337 1518 2408 primi
1567 2337 1645 2391 illi
1692 2337 1907 2407 privata

309 2429 559 2501 quaedam
587 2439 859 2503 praecepta
893 2431 1134 2487 inserere
1180 2438 1310 2487 sunt
1349 2430 1491 2486 ausi.
1525 2427 1685 2495 Quod
1716 2445 1907 2501 quem-

305 2522 604 2579 admodum
634 2539 758 2580 sese
811 2524 1036 2589 habeat,
1083 2539 1152 2579 ex
1210 2523 1345 2594 ipsis
1370 2521 1673 2578 Salvatoris
1722 2522 1906 2579 verbis

307 2614 604 2687 intelliges.
635 2613 737 2670 llic
777 2615 921 2670 enim
950 2614 1189 2685 quodam
1246 2614 1304 2669 in
1360 2614 1481 2669 loco
1514 2613 1583 2668 ad
1613 2629 1708 2669 eos
1737 2613 1906 2669 verba

304 2706 536 2773 faciens,
570 2707 666 2779 qui
704 2707 771 2763 de
801 2707 1016 2778 repudii
1052 2706 1237 2762 libello
1270 2720 1456 2763 secum
1515 2705 1902 2775 disputabant,

304 2799 448 2871 quod
484 2799 852 2870 permissione
878 2798 1015 2869 legis
1055 2798 1276 2863 licebat,
1315 2798 1398 2856 sic
1449 2798 1575 2853 illos
1632 2797 1906 2854 allocutus

303 2898 389 2949 est
417 2911 431 2947 :
470 2890 684 2964 Moyses
710 2891 781 2946 ad
814 2892 1075 2945 duritiam
1104 2893 1284 2949 sordis
1306 2894 1468 2950 vestri
1494 2893 1731 2963 permisit
1762 2892 1906 2947 vobis

303 2984 571 3038 dimittere
619 3000 812 3039 uxores
849 2996 1072 3042 vestras.
1119 2985 1198 3040 Ab
1259 2987 1415 3041 initio
1448 2996 1626 3041 autem
1679 2987 1908 3057 nonfuit

308 3078 435 3132 sic'.
470 3078 637 3149 218
658 3077 802 3135 Deus
825 3080 997 3145 enim,
1038 3080 1240 3150 inquit,
1272 3079 1588 3150 coniugium
1619 3080 1722 3136 hoc
1738 3096 1909 3152 copu-

2006 1872 2116 1945 γὰρ
2149 1874 2315 1928 αὐτὸν
2349 1875 2442 1928 τὸν
2489 1875 2643 1939 Θεὸν,
2683 1876 2778 1929 καὶ
2826 1877 2930 1948 τὴν
2990 1876 3182 1932 τούτου
3243 1878 3609 1950 νομοθεσίαν⁸

2006 1965 2297 2039 διαιρεῖται
2341 1967 2399 2021 δέ
2446 1969 2542 2022 καὶ
2582 1971 2662 2033 είς
2701 1969 2793 2023 τὸν
2818 1970 3045 2033 Μωσέα,
3075 1970 3137 2023 ού
3172 1970 3296 2024 καθ’
3322 1971 3456 2026 αὐτὸ
3489 1972 3513 2004 ⁸
3538 1973 3610 2026 δι’

2007 2058 2173 2112 αὐτοῦ
2208 2058 2494 2130 νομοθετεῖ
2538 2062 2567 2114 6
2610 2060 2765 2125 Θεὸς,
2800 2060 2936 2116 ἀλλά
2986 2062 3132 2116 καθά
3160 2062 3267 2117 ἀπὸ
3314 2063 3418 2133 τῆς
3466 2064 3615 2128 ἰδίας

2006 2151 2215 2216 ἐννοίας
2246 2152 2570 2224 ὁρμώμενος
2596 2154 2692 2207 καὶ⁵
2722 2156 2751 2208 ό
2793 2156 3001 2227 Μωσῆς
3050 2155 3415 2228 ἐνομοθέτησέ
3440 2174 3574 2212 τινα
3594 2175 3613 2190 ’

2007 2243 2099 2296 καὶ
2125 2244 2207 2308 είς
2238 2244 2366 2309 τοὺς
2401 2244 2809 2318 πρεσϐυτέρους
2854 2246 2949 2301 τοῦ
2982 2246 3114 2301 λαοῦ
3157 2248 3470 2321 διαιρεῖται,
3512 2252 3616 2304 καὶ

2008 2332 2215 2405 πρῶτοι
2267 2335 2611 2405 εὑρίσκονται
2662 2336 2885 2401 ἐντολάς
2928 2355 3081 2403 τινας
3137 2338 3387 2404 ἐνθέντες
3441 2339 3613 2405 ἰδίας.

2006 2425 2133 2489 Πῶς
2175 2424 2270 2480 οὖν
2311 2427 2472 2481 τοῦτο
2523 2427 2698 2493 οὕτως
2748 2428 2873 2501 ἔχον
2922 2430 2989 2485 ἐκ
3045 2430 3154 2484 τῶν
3200 2430 3295 2485 τοῦ
3348 2432 3615 2505 Σωτῆρος

2005 2516 2284 2573 δείκνυται
2328 2518 2524 2589 λόγων,
2575 2521 2769 2591 μάθοις
2820 2521 2865 2575 δ’
2910 2521 2977 2575 ἂν
3026 2522 3149 2593 ἤδη.
3205 2523 3614 2596 Διαλεγόμενός

2007 2629 2110 2665 που
2144 2614 2173 2666 6
2205 2612 2398 2683 Σωτὴρ
2443 2613 2583 2685 πρὸς
2630 2614 2755 2678 τοὺς
2791 2614 2920 2686 περὶ
2969 2614 3064 2669 τοῦ
3116 2616 3452 2672 ἀποστασίου
3506 2635 3612 2672 συ-

2007 2700 2303 2775 ζητοῦντας
2345 2703 2517 2775 αὐτῷ,
2553 2704 2581 2759 6
2613 2704 2679 2775 δὴ
2728 2706 3063 2761 ἀποστάσιον
3103 2707 3306 2775 ἐξεῖναι
3350 2711 3616 2782 ἐνενομο-

2008 2796 2221 2869 θέτητο,
2255 2797 2361 2868 ἔφη
2389 2800 2598 2865 αὐτοῖς,
2643 2800 2726 2853 ὅτι
2760 2799 3026 2869 Μωῢσῆς
3057 2800 3209 2871 πρὸς
3240 2801 3358 2871 τὴν
3402 2807 3612 2872 σκλη-

1998 2889 2330 2959 ροκαρδίαν
2356 2890 2468 2961 (98)
2500 2890 2669 2962 ὑμῶν
2716 2892 3011 2962 ἐπέτρεψε
3048 2893 3117 2948 τὸ
3145 2894 3443 2949 ἀπολύειν
3487 2896 3615 2966 τὴν

2007 2983 2264 3052 γυναῖκα
2295 2984 2507 3040 αὐτοῦ.
2554 2984 2872 3055 Ἀπ’ἀρχῆς
2886 2986 2998 3056 γὰρ
3018 2988 3090 3042 οὐ
3120 2989 3375 3061 γέγονεν
3390 2989 3615 3057 οὕτως.

2007 3073 2140 3140 Θεὸς
2176 3076 2308 3148 γὰρ,
2352 3077 2506 3148 φησι,
2564 3076 2852 3144 συνέζευξε
2900 3079 3107 3151 ταύτην
3151 3080 3252 3153 τὴν
3302 3081 3612 3150 συζυγίανο

303 3169 438 3225 lavit
466 3187 481 3236 ;
505 3180 600 3225 et:
636 3168 790 3235 Quod
816 3169 958 3224 Deus
993 3171 1271 3241 conjunxit
1296 3171 1451 3225 homo
1490 3186 1595 3225 non
1627 3172 1891 3239 separet'.

2077 3177 2112 3235 ι,
2138 3171 2200 3221 Ὂ
2228 3168 2590 3236 συνέζευξεν
2607 3173 2640 3225 ό
2659 3172 2895 3240 Κύριος,
2926 3172 3238 3242 ἄνθρωπος
3259 3173 3348 3245 μὴ
3369 3173 3630 3251 χωριζέ-;

306 3260 412 3318 Ubi
445 3261 609 3315 aliam
636 3276 762 3317 esse
805 3260 900 3317 Dei
949 3262 1120 3333 legem
1152 3262 1417 3327 ostendit,
1464 3276 1588 3332 qua:
1621 3276 1845 3318 uxorem
1870 3276 1901 3317 a

302 3354 425 3408 viro
464 3352 682 3425 sejungi
732 3354 1043 3424 prohibeat,
1096 3355 1263 3410 aliam
1301 3354 1491 3418 Mosis,
1520 3354 1614 3425 qui
1642 3354 1714 3411 ob
1747 3355 1901 3411 duri-

304 3445 434 3504 tiem
469 3445 656 3502 cordis
676 3461 781 3513 par
812 3446 944 3502 illud
976 3446 1272 3505 dissociari
1312 3447 1610 3518 permittat.

374 3629 433 3684 ln
460 3644 571 3701 quo
596 3629 774 3687 Moses
804 3629 1068 3701 quiddam
1128 3629 1243 3687 Deo
1289 3630 1633 3686 contrarium
1671 3631 1820 3698 tulit,
1851 3630 1903 3688 ei

303 3722 517 3779 scilicet
539 3723 809 3790 oautioni,
842 3739 952 3795 qua
981 3724 1214 3782 dissolvi
1248 3724 1600 3780 matrimonia
1628 3733 1895 3783 vetuerat.

309 3814 420 3871 Sed
447 3813 494 3871 si
531 3815 863 3886 legislatoris
897 3817 1077 3889 ipsius
1111 3827 1369 3882 mentem,
1398 3833 1505 3888 qua
1541 3816 1609 3872 ad
1646 3817 1779 3874 illud
1808 3818 1905 3874 de-

304 3907 642 3964 cernendum
671 3908 933 3965 inductus
964 3917 1069 3975 est,
1104 3919 1395 3965 accurrate
1439 3907 1897 3975 consideremus;

305 4000 653 4058 inveniemus
678 4002 873 4072 procul
895 4002 1065 4058 dubio
1088 4018 1198 4058 non
1227 4002 1281 4057 id
1311 4016 1437 4059 eum
1457 4009 1650 4072 sponte
1668 4016 1789 4067 sua,
1806 4002 1903 4057 sed

306 4094 634 4150 necessitate
672 4093 902 4151 fecisse:
928 4111 1039 4167 quo
1064 4111 1257 4152 eorum
1282 4096 1485 4167 quibus
1516 4096 1905 4167 praescribebat

304 4184 676 4240 imbecillitati
711 4186 1045 4243 consuleret.
1082 4186 1336 4254 Quicum
1364 4187 1610 4243 divinum
1641 4186 1774 4243 illud
1806 4188 1902 4244 de-

305 4283 517 4357 cretum
552 4275 621 4332 de
650 4277 956 4351 retinendis
1017 4280 1289 4335 uxoribus
1344 4281 1461 4336 suis
1518 4280 1756 4336 tolerare
1790 4295 1900 4335 non

2008 3277 2107 3326 τω,
2128 3261 2254 3333 ἔφη.
2273 3262 2538 3317 Ἐνταῦθα
2553 3263 2739 3336 ἕτερον
2759 3264 2861 3336 μὲν
2881 3263 2978 3319 τοῦ
2996 3264 3131 3319 Θεοῦ
3153 3265 3394 3320 δείκνυσι
3413 3267 3609 3338 νόμον,

2006 3352 2098 3407 τὸν
2142 3352 2422 3408 κωλύοντα
2465 3353 2795 3425 χωρίζεσθαι
2840 3359 3076 3425 γυναῖκα
3120 3357 3227 3411 ἀπὸ
3271 3357 3364 3410 τοῦ
3406 3358 3611 3430 ἀνδρὸς

2002 3444 2390 3519 αὐτῆς,ἐτερον
2402 3445 2460 3499 δὲ
2488 3448 2581 3500 τὸν
2612 3445 2711 3500 τοῦ
2732 3448 3035 3513 Μωῦσέως,
3069 3448 3163 3503 τὸν
3188 3448 3277 3504 διά
3313 3450 3413 3521 τὴν
3437 3451 3613 3523 σκλη-

2002 3538 2297 3611 ροκαρδίαν
2324 3538 2691 3610 ἐπιτρέποντα
2732 3540 3061 3612 χωρίζεσθαι
3092 3540 3251 3595 τοῦτο
3288 3542 3351 3596 τὸ
3385 3542 3608 3613 ζεῦγος.

2076 3631 2189 3685 Καὶ
2221 3631 2285 3703 δὴ
2331 3634 2473 3686 κατὰ
2522 3632 2681 3688 τοῦτο
2723 3635 2939 3689 ἐναντία
2975 3634 3052 3707 τῷ
3085 3635 3203 3707 Θεῷ
3240 3636 3530 3707 νομοθετεῖ
3578 3640 3613 3691 6

2006 3722 2233 3793 Μωσῆς.
2296 3722 2568 3777 Ἐναντίον
2620 3724 2732 3796 γάρ
2778 3725 2896 3779 ἐστι
2945 3725 3025 3796 τῷ
3074 3726 3149 3797 μὴ
3197 3725 3604 3796 διαζευγνύναι.

2018 3812 2144 3865 Ἐὰν
2173 3811 2358 3883 μέντοι
2382 3813 2477 3866 καὶ
2506 3812 2607 3885 τὴν
2633 3813 2729 3867 τοῦ
2780 3813 3059 3879 Μωῦσέως
3098 3813 3346 3887 γνώμην,
3378 3816 3507 3869 καθ’
3535 3819 3607 3889 ἢν

2002 3902 2163 3957 τοῦτο
2196 3903 2609 3977 ἐνομοθέτησεν,
2647 3904 3013 3979 ἐξετάσωμεν,
3051 3909 3411 3983 εὑρεθήσεται
3440 3911 3609 3968 τοῦτο

2004 3997 2066 4051 οὐ
2097 3995 2241 4051 κατὰ
2268 3997 2586 4071 προαίρεσιν
2616 3999 2852 4072 ποιήσας
2893 4000 2994 4073 τὴν
3029 4001 3247 4069 ἑαυτοῦ,
3274 4002 3413 4057 ἀλλὰ
3456 4008 3605 4061 κατά

2004 4090 2253 4163 ἀνάγκην
2292 4090 2382 4145 διὰ
2431 4091 2529 4163 τὴν
2576 4091 2685 4146 τῶν
2734 4093 3251 4167 νενομόθετημένων
3285 4097 3600 4156 ἀσθένειαν.

2014 4183 2170 4237 Ἐπεὶ
2195 4182 2304 4256 γὰρ
2340 4184 2441 4256 τὴν
2474 4183 2568 4238 τοῦ
2594 4184 2732 4239 Θεοῦ
2765 4180 2992 4257 γνώμην
3019 4187 3308 4257 φυλάττειν
3338 4192 3441 4245 οὐκ
3466 4193 3598 4263 ἡδύ-

2003 4292 2165 4330 ναντο
2192 4269 2359 4340 οῦτοι,
2394 4280 2452 4331 ἐν
2479 4276 2559 4349 τῷ
2588 4278 2664 4350 μὴ
2704 4277 2903 4345 ἐξεῖναι
2947 4280 3130 4344 αὐτοῖς
3173 4281 3459 4337 ἐκϐάλλειν
3496 4286 3602 4352 τὰς

306 4376 558 4439 possent,
580 4382 646 4423 ac
668 4369 901 4425 moleste
939 4368 1164 4441 quidam
1197 4385 1387 4426 earum
1423 4371 1704 4427 consortia
1734 4372 1896 4428 susti-

2077 4370 2262 4431 ναίκας
2309 4366 2509 4433 αὐτῶν,
2541 4369 2743 4433 αἵτινες
2777 4370 2798 4401 ³
2832 4369 3014 4424 αὐτῶν
3063 4372 3245 4443 ἀηδῶς
3289 4374 3596 4445 συνῴκουν,

304 4467 522 4527 nerent,
561 4461 869 4532 periculum
900 4471 960 4516 ut
997 4468 1165 4529 esset,
1187 4477 1259 4518 ne
1288 4478 1354 4519 ea
1382 4479 1442 4520 se
1465 4464 1759 4520 occasione
1782 4479 1902 4535 gra-

304 4553 550 4611 vioribus
579 4555 884 4611 sceleribus
913 4555 1333 4628 obstringerint,
1367 4557 1568 4628 quibus
1593 4566 1898 4615 extremam

305 4644 363 4699 in
386 4646 684 4717 perniciem
709 4655 953 4713 ruerent,
985 4655 1043 4702 ut
1068 4647 1174 4704 hoc
1204 4648 1612 4705 incommodum
1635 4650 1902 4708 devitaret

306 4735 553 4811 Moyses,
608 4740 756 4811 quod
800 4740 869 4795 ad
936 4741 1157 4796 illorum
1216 4741 1499 4797 interitum
1579 4742 1899 4814 spectabat,

307 4832 608 4887 secundam
649 4831 945 4902 quamdam
966 4832 1180 4905 repudii
1222 4832 1396 4905 legem
1432 4835 1644 4905 privata
1711 4842 1903 4890 aucto-

308 4922 472 4977 ritate
505 4923 825 4991 constituit;
859 4924 1157 4997 minusque
1188 4940 1256 4981 ex
1277 4940 1345 4981 ea
1370 4925 1665 4983 occasione
1696 4925 1900 4981 malum

308 5027 437 5069 cum
475 5014 684 5087 majore
735 5020 1157 5088 compensavit,
1208 5026 1270 5074 ut
1320 5019 1366 5075 si
1425 5019 1608 5077 minus
1660 5019 1899 5091 priorem

310 5104 460 5161 illam
496 5122 720 5164 servare
738 5109 973 5180 possint,
1002 5110 1145 5166 hanc
1167 5112 1360 5168 saltem
1394 5112 1687 5181 retineant,
1721 5126 1901 5182 neque

311 5199 659 5269 seinllagitia
696 5203 1017 5274 sceleraque
1064 5205 1436 5269 committant,
1466 5219 1565 5275 per
1603 5219 1728 5275 quae
1764 5204 1899 5260 ulti-

380 5411 399 5444 ³
434 5410 625 5468 Matth.
656 5429 770 5482 nx,
802 5415 856 5471 8.
934 5416 955 5447 ⁸
982 5414 1113 5472 ibid.
1145 5413 1200 5471 6.
1276 5415 1297 5448 ³
1330 5414 1493 5472 Deest
1516 5414 1792 5485 γνώσεως.

381 5588 496 5661 (98)
535 5589 658 5644 Ὅτι
709 5590 973 5660 Μωῦσῆς
1017 5590 1169 5661 πρὸς
1207 5589 1325 5659 τὴν
1374 5590 1890 5661 σκληροκαρδίαν.

311 5659 562 5729 Quonam
611 5670 771 5734 pacto
820 5659 1145 5734 Moyses’id
1192 5661 1397 5717 Judaais
1448 5659 1896 5734 permiserit,_et

313 5738 585 5801 quatenus
630 5732 962 5792 ChriStianis
986 5733 1285 5792 divortium
1319 5734 1498 5791 facere
1542 5733 1725 5800 liceat,
1766 5732 1895 5805 plu-

2005 4460 2101 4514 καὶ
2152 4459 2494 4515 ἐκινδύνευον
2546 4462 2612 4515 ἐκ
2666 4461 2855 4517 τούτου
2900 4463 3264 4536 ἐκτρέπεσθαι
3315 4465 3475 4523 πλέον
3518 4471 3603 4534 εἰς

2005 4554 2243 4617 ἀδικίαν,
2280 4555 2376 4609 καὶ
2405 4557 2469 4609 ἐκ
2489 4553 2694 4628 ταύτης
2726 4558 2807 4621 είς
2830 4556 3131 4624 ἀπώλειαν,
3161 4560 3223 4612 τὸ
3253 4560 3416 4629 ἀηδὲς
3435 4561 3605 4617 τοῦτο

2007 4646 2329 4719 βουλόμενος
2378 4647 2608 4718 ἐκκόψαι
2654 4648 2835 4702 αὐτῶν
2882 4651 2911 4703 6
2966 4650 3229 4722 Μωῦσῆς,
3272 4652 3340 4706 δι’
3386 4646 3450 4707 οὗ
3504 4656 3601 4708 καὶ

2004 4738 2338 4793 ἀπόλλυσθαι
2388 4739 2762 4807 ἐκινδύνευον,
2808 4742 3060 4815 δεύτερόν
3118 4761 3238 4798 τινα
3300 4744 3375 4810 ὡς
3453 4748 3599 4802 κατὰ

2004 4831 2327 4902 περίστασιν
2358 4826 2521 4903 ἦττον
2554 4833 2723 4886 κακὸν
2745 4834 2866 4887 ἀντὶ
2895 4833 3139 4905 μείζονος
3165 4836 3599 4891 ἀντικαταλλασ-

2006 4925 2250 4996 σόμενος,
2280 4924 2373 4978 τὸν
2404 4924 2499 4979 τοῦ
2541 4926 2873 4981 ἀποστασίου
2913 4928 3079 5000 νόμον
3118 4930 3211 5001 ἀφ’
3253 4932 3449 4986 ἐαυτοῦ
3480 4934 3600 4987 ἐνο-

2007 5017 2305 5090 μοθέτησεν
2338 5018 2555 5082 αὐτοῖς⁴
2587 5019 2698 5085 ἵνα,
2738 5020 2833 5075 ἐὰν
2858 5021 3066 5076 ἐκεῖνον
3094 5023 3168 5095 μὴ
3198 5022 3466 5077 δύνωνται
3489 5042 3597 5095 φυ-

2003 5110 2235 5176 λάττειν,
2262 5110 2367 5165 κᾶν
2394 5110 2585 5164 τοῦτόν
2615 5128 2679 5181 γε
2710 5110 3009 5183 φυλάξωσι,
3040 5114 3135 5168 καὶ
3167 5114 3243 5186 μὴ
3266 5116 3347 5179 είς
3374 5114 3595 5179 ἀδικίας

2002 5204 2099 5258 καὶ
2169 5205 2372 5269 κακίας
2447 5203 2789 5277 ἐκτραπῶσι,
2854 5206 2922 5260 δι’
2992 5201 3069 5262 ὧν
3111 5206 3361 5263 ἀπώλεια
3406 5209 3593 5273 αὐτοῖς

1868 5416 1891 5448 ⁸
1919 5414 1982 5472 F.
2015 5415 2075 5470 οὐ
2106 5414 2251 5471 καθά
2286 5415 2469 5479 αὑτός.
2546 5416 2568 5449 ⁵
2600 5413 2662 5471 F.
2689 5413 2778 5482 αἷς
2808 5433 2975 5472 τινες.

2002 5590 2157 5666 ribus
2197 5591 2454 5648 catholici
2486 5593 2816 5664 interpretes
2844 5591 2914 5666 ad
2950 5590 3147 5648 Matln.
3180 5608 3274 5649 xxx
3304 5594 3591 5666 disputare

2001 5663 2179 5790 sollen:
2214 5679 2228 5717 :
2259 5678 2497 5737 quorum
2544 5665 2974 5722 commentarios
3018 5666 3308 5723 consulere
3355 5663 3592 5743 quisque

2001 5748 2072 5790 oo
2098 5749 2155 5790 es
2185 5777 2197 5789 .

2000 5748 2197 5805 p0leSi.
