3772 6188
290 250 394 306 563

1645 253 1704 310 S.
1746 254 2088 311 EPIPHANII

3485 239 3595 297 564'-

287 360 408 417 Jam
458 376 588 417 vero
626 378 763 434 pura
806 364 896 419 illa
940 365 1267 437 sinceraque
1307 368 1390 422 lex
1452 366 1549 422 Dei
1598 382 1703 424 nec
1747 385 1776 425 c

2100 387 2177 423 ονι
2208 369 2347 441 αὑτὴ
2377 371 2411 441 ἠ
2446 368 2768 439 Δεκάλογος,
2800 368 2849 421 οἱ
2897 366 3030 421 δέκα
3069 364 3220 433 λόγοι
3260 359 3490 418 ἐκεῖνοι,
3542 356 3589 406 οἱ

288 453 561 511 deteriore
588 455 907 527 conjuncta,
934 457 1234 530 Decalogus
1264 468 1348 515 est
1376 461 1514 529 ipse,
1532 460 1649 516 sive
1685 461 1873 517 decem

288 548 378 603 illa
406 557 676 619 praecepta
738 549 958 606 duabus
994 551 1267 608 'distincta
1296 552 1521 617 tabulis,
1552 554 1755 623 quibus
1781 563 1876 609 aut

292 642 540 696 cavenda
572 641 1067 711 prohibentur,aut
1104 644 1877 713 faciendafmandantur.Qute

288 732 393 787 etsi
418 747 554 801 pura
585 734 697 790 sint
718 749 784 789 ac
824 735 1053 805 liquida,
1087 743 1269 790 tamen
1301 737 1447 806 quod
1482 737 1727 792 nondum
1754 753 1879 808 per-

290 821 434 878 fecta
460 823 589 889 sint,
625 825 843 897 impleri
874 844 903 880 a
932 825 1218 884 Salvatore
1273 830 1596 885 debuerant.
1625 830 1706 884 Ad
1744 830 1879 884 illud

290 930 422 971 vero
457 932 649 986 genus,
678 919 827 990 quod
869 919 1157 990 injustitize
1218 921 1429 992 aliquid
1491 922 1679 988 habet,
1731 923 1880 993 leges

294 1010 402 1066 illa:
424 1012 723 1069 referendae
741 1022 891 1081 sunt,
939 1017 1142 1086 quibus
1173 1015 1503 1087 injuriarum
1540 1018 1877 1089 persecutio,

294 1124 597 1180 eorumque
623 1108 718 1180 qui
754 1108 970 1180 priores
1002 1126 1105 1167 nos
1122 1110 1385 1175 laeserint,
1423 1110 1719 1167 vindicatio
1742 1126 1882 1182 prae-

300 1203 586 1259 scribitur.
632 1201 792 1258 Velut
829 1217 954 1257 cum
1005 1204 1227 1258 oculum
1266 1219 1365 1273 pro
1422 1204 1606 1270 oculo,
1663 1206 1879 1260 dentem

297 1289 455 1345 evelli
482 1303 582 1361 pro
613 1288 829 1353 dente‘,
860 1304 923 1343 ac
954 1289 1157 1345 eaedem
1191 1290 1339 1345 caede
1377 1290 1720 1362 cornpcnsari
1752 1306 1885 1362 prae-

297 1384 451 1453 cipit.
480 1382 670 1453 Neque
700 1383 845 1439 enim
897 1383 1082 1440 minus
1118 1383 1328 1454 injuste
1372 1386 1507 1455 agit,
1541 1385 1635 1456 qui
1665 1385 1719 1440 id
1760 1392 1884 1456 post

300 1474 533 1528 alterum
581 1480 901 1543 perpetrat,
955 1488 1083 1528 cum
1135 1475 1308 1531 solius
1371 1476 1583 1533 ordinis
1638 1479 1883 1542 intersit,

300 1574 462 1636 atque
490 1565 633 1622 idem
674 1568 903 1621 omnino
937 1565 1155 1621 facinus
1187 1568 1515 1625 committat.
1577 1567 1684 1625 Sed
1747 1571 1883 1625 illud

1976 467 2034 518 ἐν
2083 466 2206 528 ταῖς
2237 464 2358 517 δυσὶ
2404 463 2568 529 πλαᾷ
2616 461 3015 533 δεδιχασμένοι,
3065 459 3147 523 εἷς
3192 473 3256 509 τε
3299 451 3591 521 ἀναίρεσιν

1976 556 2101 610 τῶνμ
2125 557 2453 626 ἀφθέγκτων
2486 556 2507 588 ’⁵
2540 557 2635 610 καὶ
2680 558 2760 619 εἰς
2797 552 3097 626 πρόσταξιν
3140 548 3253 603 τῶν
3287 544 3591 613 ποιητέων,

1977 648 2049 713 οἳ,
2081 648 2285 720 καίπερ
2344 645 2592 719 καθαρὰν
2645 645 2861 716 ἔχοντες
2901 644 3002 715 τὴν
3068 636 3437 711 νομοθεσίαν,
3517 634 3593 702 μὴ

1980 739 2193 812 ἔχοντες
2221 740 2357 794 δὲτὸ
2384 739 2611 802 τέλειον,
2642 737 2851 791 ἐδέοντο
2879 736 2979 807 τῆς
3010 731 3166 803 παρά
3199 728 3297 783 τοῦ
3331 724 3593 793 Σωτῆρος

1981 831 2349 905 πληρώσεως·
2399 834 2427 885 6
2474 831 2530 885 δέ
2578 833 2695 884 ἐστι
2744 823 3238 900 συμπεπλεγμένος
3262 822 3331 891 τῇ
3378 816 3592 885 ἀδικίᾳ»,

1981 919 2135 990 οὗτος
2162 928 2190 980 6
2216 926 2357 979 κατὰ
2381 924 2479 996 τὴν
2508 925 2721 995 ἄμυναν
2752 921 2847 975 καὶ
2877 918 3236 973 ἀνταπόδοσιν
3299 911 3416 966 τῶν
3453 926 3595 977 προ-

1983 1019 2356 1091 αδικησάντων
2407 1016 2658 1088 κείμενος
2687 1056 2702 1081 ,
2760 1011 3040 1084 ὀφθαλμὸν
3094 1008 3217 1063 ἀντὶ
3274 1002 3591 1075 ὀφθαλμοῦ,

1984 1115 2078 1168 καὶ
2153 1113 2344 1166 ὀδόντα
2405 1112 2528 1165 ἀντὶ
2606 1110 2818 1173 ὀδόντος
2878 1100 3250 1160 ἐκκόπτεσθαι
3320 1095 3593 1155 κελεύων,

1985 1208 2080 1260 καὶ
2119 1205 2279 1276 φόνον
2334 1204 2456 1258 ἀντὶ
2515 1203 2679 1273 φόνου
2715 1197 3050 1272 ἀμύνασθαι.
3080 1193 3249 1249 Οὐδὲν
3283 1192 3399 1261 γὰρ
3428 1184 3593 1259 ἦττον

1986 1296 2081 1350 καὶ
2107 1298 2134 1349 6
2161 1292 2411 1366 δεύτερος
2455 1292 2655 1347 ἀδικῶν
2688 1291 2883 1354 ἀδικεῖ,
2925 1290 2993 1358 τῇ
3029 1284 3178 1349 τάξει
3227 1283 3395 1354 μόνον
3440 1277 3592 1334 διαὶ-

1984 1390 2220 1455 λάσσων,
2254 1389 2315 1442 τὸ
2348 1387 2479 1442 αὐτὸ
2510 1384 2875 1457 ἐργαζόμενος
2906 1379 3087 1451 ἔργον.
3119 1375 3294 1429 Τοῦτο
3324 1373 3386 1426 δὲ
3418 1372 3593 1443 πρόσ-

1986 1498 2181 1552 ταγμα
2239 1480 2449 1533 δίκαιον
2502 1479 2599 1549 μὲν
2630 1476 2805 1539 ἄλλως
2835 1473 2930 1527 καὶ
2956 1467 3026 1543 ἦν
3060 1469 3154 1523 καὶ
3184 1468 3325 1531 ἔστι,
3373 1465 3464 1518 διὰ
3494 1465 3595 1531 τὴν

1987 1572 2277 1630 ἀσθένειαν
2328 1571 2438 1625 τῶν
2484 1567 2956 1640 νομοθετηθέντων
3007 1563 3065 1615 ὲν
3115 1556 3463 1631 παρεκϐάσει
3497 1553 3594 1606 τοῦ

305 1665 632 1729 praeceptum
664 1657 870 1728 alioqui
902 1658 1114 1728 justum
1162 1668 1304 1727 erat,
1341 1667 1395 1716 et
1426 1671 1511 1717 est
1545 1662 1730 1727 modo,
1767 1679 1794 1734 p

2105 1664 2232 1735 πιροῦ
2274 1663 2442 1735 νόμου
2482 1661 2659 1726 τεθὲν,
2722 1657 2992 1713 ἀνοίκειον
3050 1655 3108 1708 δὲ
3139 1655 3205 1724 τῇ
3243 1650 3342 1704 τοῦ
3378 1648 3594 1718 Πατρὶς

306 1724 425 1817 pter
451 1724 642 1804 eorum
665 1724 1067 1815 inﬁrmitatem,
1101 1724 1306 1823 quibus
1346 1754 1558 1809 editum
1605 1724 1731 1821 fuit,

2138 1724 2275 1811 δλων
2316 1724 2475 1827 τρύσει
2510 1772 2572 1807 τε
2607 1724 2701 1807 καὶ
2737 1750 3071 1821 ἀγαθότητι·
3127 1747 3260 1808 ἴσως
3311 1743 3373 1797 δὲ
3436 1740 3596 1793 τοῦτο

305 1844 378 1900 sit
403 1844 669 1901 adversus
708 1843 1028 1901 sincerioris
1058 1844 1194 1916 legis
1236 1846 1590 1903 violationem
1639 1851 1890 1920 praescri-

304 1944 481 2007 ptum,
511 1936 636 1992 licet
660 1951 692 1989 a
725 1936 1036 1992 communis
1081 1937 1330 1992 omnium
1387 1941 1636 2010 parentis
1664 1950 1887 2005 natura,

306 2041 371 2080 ac
406 2025 652 2081 bonitate
700 2027 771 2081 sit
809 2026 1084 2083 alienum:
1123 2028 1209 2083 vel
1242 2039 1670 2089 consentaneum
1707 2035 1889 2104 potius

307 2126 414 2183 est,
443 2119 541 2174 sed
577 2119 907 2175 necessitate
939 2119 1177 2190 quadam
1216 2137 1561 2193 expressum.
1614 2126 1750 2181 Nam
1796 2130 1890 2198 qui

309 2213 395 2268 vel
418 2214 641 2267 unicum
663 2212 1022 2268 homicidium
1053 2224 1198 2269 vetat
1222 2215 1361 2284 ﬁeri,
1394 2217 1522 2272 dum
1551 2218 1625 2273 ita
1654 2222 1846 2277 statuit
1871 2240 1883 2275 :

310 2301 436 2357 Non
459 2302 663 2357 occides
689 2303 731 2367 ⁸,
762 2318 887 2357 cum
915 2310 1105 2374 postea
1135 2305 1299 2361 caedis
1324 2316 1607 2362 auctorem
1639 2310 1887 2367 vicissim

314 2393 551 2448 interﬁci
591 2393 766 2463 jubet,
800 2408 865 2448 ac
899 2393 1195 2449 secundam
1248 2395 1421 2467 legem
1476 2396 1657 2457 ferens
1707 2401 1889 2472 dupli-

317 2498 435 2538 cem
477 2481 681 2537 cazdem
714 2481 967 2552 imperat,
992 2484 1086 2553 qui
1126 2500 1289 2538 unam
1323 2486 1702 2557 prohibuerat,
1729 2493 1795 2547 ad
1828 2509 1892 2549 ea

311 2576 640 2632 necessitate
664 2585 889 2634 coactus
934 2586 988 2635 et
1021 2579 1340 2649 imprudens
1395 2582 1708 2643 deeurrisse
1747 2589 1897 2644 vide-

312 2679 421 2723 tur.
446 2675 623 2740 Atque
652 2669 772 2725 ideo
794 2671 998 2728 missus
1036 2673 1103 2727 ab
1129 2673 1223 2728 illo
1243 2672 1416 2731 Filius
1446 2692 1567 2733 eam
1600 2679 1734 2752 legis
1766 2698 1895 2753 par-

311 2774 417 2822 tem
467 2764 797 2835 antiquavit,
828 2781 992 2836 quam
1054 2768 1275 2839 quidem
1299 2785 1328 2824 a
1361 2770 1472 2827 Deo
1500 2772 1668 2830 latam
1694 2784 1747 2830 et
1780 2777 1899 2848 ipse

1990 1851 2349 1923 κατάλληλον,
2399 1848 2711 1917 ἐπάναγκες
2743 1845 2801 1899 δὲ
2851 1842 3075 1914 μᾶλλον.
3123 1840 3183 1893 '0
3223 1838 3336 1908 γὰρ
3372 1836 3465 1889 καὶ
3508 1834 3596 1887 τὶν

1991 1947 2088 2002 ἕνα
2126 1945 2285 2015 φόνον
2315 1944 2377 1997 οὐ
2417 1941 2743 2014 βουλόμενος
2784 1936 3004 1991 ἔσεσθαι
3045 1935 3102 1986 ὲν
3144 1932 3222 2003 τῷ
3252 1931 3460 1999 λέγειν,
3513 1929 3597 1981 Οὐ

1993 2040 2339 2111 φονεύσεις,
2392 2033 2710 2108 προστάξας
2754 2031 2847 2085 τὸν
2896 2028 3063 2099 φονέα
3116 2024 3595 2096 ἀντιφονεύεσθαι,

1991 2131 2245 2202 δεύτερον
2281 2128 2445 2200 νόμον
2470 2123 2799 2199 νομοθετῶν,
2823 2122 2918 2176 καὶ
2944 2120 3065 2174 δυσὶ
3094 2118 3279 2188 φόνοις
3307 2116 3597 2189 βραϐεύων

1992 2224 2022 2276 6
2050 2221 2140 2275 τὸν
2170 2219 2269 2275 ἕνα
2298 2215 2707 2289 ἀπαγορεύσας,
2740 2212 2930 2267 ἔλαθεν
2973 2211 3164 2265 ἑαυτὸν
3205 2209 3300 2265 ὑπ’
3346 2209 3597 2278 ἀνάγκης

1995 2310 2245 2377 κλαπείς.
2290 2310 2382 2364 Διὸ
2410 2308 2477 2381 δὴ
2513 2311 2541 2361 6
2586 2309 2682 2362 ἀπ’
2716 2306 2924 2361 ἐκείνου
2958 2304 3413 2376 παραγενόμενος
3469 2302 3597 2363 Tib;

1995 2407 2155 2462 τοῦτο
2181 2407 2243 2460 τὸ
2275 2405 2441 2478 μέρος
2470 2403 2563 2457 τοῦ
2594 2402 2758 2475 νόμου
2798 2400 3095 2472 ἀνῄρηκεν,
3124 2398 3474 2471 ὁμολογήσας
3502 2396 3598 2448 καὶ

1998 2500 2160 2565 αὐτὸς
2186 2496 2325 2553 είναι
2352 2497 2448 2552 τοῦ
2477 2495 2634 2563 Θεοῦ,
2662 2495 2718 2549 ἐν
2750 2512 2811 2549 τε
2856 2496 2967 2557 τοῖς
3015 2492 3194 2554 ἄλλοις
3234 2488 3599 2561 καταριθμεῖ-

1998 2612 2087 2648 ται
2119 2594 2195 2665 (2)
2243 2595 2310 2664 τῇ
2359 2592 2566 2662 παλαιᾷ
2610 2588 2842 2661 αἱρέσει,
2895 2586 2990 2640 καὶ
3022 2587 3080 2640 ὲν
3130 2579 3213 2647 οἷς
3255 2582 3360 2654 ἔφη
3395 2584 3424 2634 6
3462 2582 3596 2644 6:6;

2000 2687 2205 2740 εἰπών·
2259 2686 2321 2740 '0
2360 2680 2711 2754 κακολογῶν
2757 2678 2983 2749 πατέρα
3012 2680 3048 2749 ἢ
3087 2678 3322 2749 μητέρα
3360 2675 3597 2737 θανάτῳ

2000 2778 2352 2835 τελευτάτω.

312 2860 602 2917 confessus
626 2870 740 2927 est;
776 2878 896 2933 quae
950 2879 1073 2918 cum
1128 2866 1182 2920 in
1239 2868 1453 2925 caeteris
1498 2869 1567 2924 ad
1610 2872 1890 2943 antiquam
1929 2878 2165 2934 ᾕρει·εείη
2196 2876 2516 2943 ascribitur,
2541 2882 2656 2930 tum
2684 2872 2741 2929 in
2769 2872 2840 2929 iis
2879 2884 3003 2943 quae
3057 2867 3205 2927 Deus
3246 2868 3401 2924 hisce
3417 2867 3599 2923 verbis

313 2959 537 3013 statuit:
571 2958 677 3024 Qui
716 2959 1047 3013 maledixcrit
1074 2963 1212 3029 patri
1240 2963 1319 3017 vel
1348 2966 1529 3031 matri,
1558 2977 1722 3023 morte
1752 2974 2014 3028 moriatur
2039 2976 2079 3029 ³.

384 3049 466 3104 Ad
498 3049 632 3104 illud
666 3066 795 3105 vero
824 3067 997 3122 genus
1043 3056 1188 3123 quod
1238 3058 1506 3128 typieum,
1560 3063 1676 3117 sive
1708 3064 1872 3120 adum

2109 3071 2151 3124 Τὸ
2192 3070 2251 3124 δέ
2293 3070 2411 3122 ἐστι
2446 3068 2611 3140 μέρος
2642 3065 2810 3121 αὑτοῦ
2855 3063 3107 3128 τυπικδν,
3138 3062 3201 3115 τὸ
3236 3059 3358 3114 κατ’
3413 3056 3598 3110 εἰκόνα

315 3145 533 3201 bratum
574 3146 798 3213 dicitur,
832 3149 885 3203 id
922 3164 1085 3206 omne
1126 3153 1383 3222 pertinet,
1414 3156 1578 3226 220
1610 3161 1755 3229 quod
1786 3178 1804 3217 ε

2110 3182 2112 3199 ν
2149 3159 2560 3231 πνευματικῶν,
2594 3158 2690 3212 καὶ
2736 3156 3104 3228 διαφερόντως
3148 3156 3170 3186 ⁸
3221 3152 3497 3221 κείμενον,
3542 3148 3599 3199 τὸ

314 3240 556 3294 ritalium
581 3248 747 3312 atque
767 3244 1154 3300 excellentium
1186 3263 1370 3303 rerum
1404 3251 1604 3321 ﬁguras
1626 3256 1897 3325 continet;

313 3332 622 3403 cujusmodi
639 3344 767 3389 sunt
783 3349 1070 3391 sacrorum
1099 3336 1504 3395 oli‘erendorum
1523 3345 1869 3401 eteremonia:
1881 3388 1896 3415 ,

315 3424 688 3491 circumcisio,
733 3424 1055 3493 Sabbatum,
1082 3430 1381 3502 jejunium,
1414 3432 1653 3501 Pascha,
1687 3451 1900 3509 azyma,

317 3517 534 3591 aliaque
590 3519 791 3575 similia
824 3522 941 3592 lege
998 3525 1341 3595 praescripta.
1380 3526 1512 3592 Quae
1560 3530 1745 3583 omnia
1775 3545 1900 3585 cum

320 3613 460 3669 nihil
508 3615 660 3671 aliud
694 3626 892 3686 {taeter
926 3619 1127 3688 liguras
1178 3627 1344 3692 atque
1382 3622 1650 3694 imagines
1703 3624 1902 3690 forent,

319 3705 847 3776 patefacta'veritate
875 3711 1141 3765 translata
1165 3719 1292 3767 sunt
1314 3713 1457 3781 ;imo
1492 3730 1620 3770 vero
1662 3716 1811 3787 quod
1836 3717 1904 3770 ad

319 3810 601 3856 externam
628 3803 865 3871 speciem
888 3804 1102 3869 attinet,
1133 3820 1403 3876 usumque
1424 3821 1751 3877 corporeum
1778 3808 1907 3864 sub-

322 3893 454 3955 lata,
483 3894 713 3965 spiritali
751 3897 990 3967 quadam
1023 3896 1236 3954 ratione
1293 3906 1506 3955 retenta
1530 3906 1679 3957 sunt.
1708 3898 1904 3958 Iisdem

320 3984 524 4055 quippe
571 3987 926 4043 manentibus
956 3986 1138 4043 adhuc
1185 3990 1523 4057 nominibus,
1581 4007 1764 4047 rerum
1819 3998 1907 4047 est

322 4074 467 4131 facta
501 4077 754 4133 mutatio.
780 4077 916 4133 Nam
948 4079 1146 4136 oll‘erre
1183 4081 1408 4152 quidem
1447 4097 1605 4138 sacra
1639 4083 1909 4139 Dominus

322 4169 602 4227 instituit:
632 4179 689 4225 at
718 4186 827 4226 non
864 4180 1139 4227 mutarum
1188 4174 1483 4244 pecudum,
1516 4182 1610 4229 aut
1650 4175 1704 4230 id
1731 4191 1906 4245 genus

323 4261 643 4332 sullituum;
683 4262 780 4319 sed
814 4263 1081 4334 spiritalis
1115 4265 1299 4334 potius
1340 4265 1520 4322 laudis
1543 4281 1607 4320 ac
1641 4266 1908 4336 praedica-

2004 3256 2061 3310 ἐν
2104 3255 2462 3326 προσφοραῖς,
2508 3249 2672 3319 λέγω,
2701 3248 2798 3303 καὶ
2849 3247 3139 3319 περιτομῇ,
3175 3245 3270 3298 καὶ
3308 3241 3596 3305 Σαὸὀάτῳ,

2004 3342 2099 3398 καὶ
2148 3341 2412 3415 νηστείᾳ,
2451 3340 2546 3394 καὶ
2604 3339 2828 3410 Πάσχα,
2886 3336 2983 3391 καὶ
3029 3333 3291 3405 ἀζύμοις,
3341 3332 3437 3385 καὶ
3488 3332 3600 3390 τοῖς

2004 3435 2266 3499 τοιούτοις
2296 3432 2747 3506 νομοθετηθέντα.
2799 3430 2986 3487 Πάντα
3025 3429 3135 3499 γὰρ
3178 3424 3356 3481 ταῦτα
3395 3423 3600 3483 εἰκόνες

2006 3529 2100 3583 καὶ
2164 3526 2411 3597 σύμϐολα
2469 3524 2631 3589 ὄντα,
2691 3521 2793 3593 τῆς
2844 3518 3105 3591 ἀληθείας
3162 3513 3598 3586 φανερωθεὺσης,

2010 3620 2305 3693 μετετέθη·
2335 3617 2479 3673 κατά
2528 3616 2627 3688 μὲν
2654 3615 2715 3669 τὸ
2761 3612 3087 3684 φαινόμενον
3129 3608 3224 3663 καὶ
3269 3603 3601 3676 σωματικῶς

2008 3710 2342 3765 ἐκτελεῖσθαι
2376 3709 2637 3782 ἀνῃρέθη,
2669 3707 2811 3760 κατὰ
2837 3704 2895 3758 δὲ
2922 3704 2985 3757 τὸ
3002 3700 3377 3773 πνευματικὸν
3406 3697 3600 3767 rivali;-

2009 3803 2118 3875 φθη
2139 3818 2155 3834 ·
2210 3802 2319 3856 τῶν
2374 3801 2473 3873 μὲν
2557 3800 2841 3871 ὀνομάτων
2900 3794 3010 3849 τῶν
3066 3792 3248 3849 αὐτῶν
3307 3790 3599 3862 μενόντων,

2009 3894 2426 3967 ἐνηλλαγμένων
2466 3893 2523 3946 δὲ
2574 3891 2683 3946 τῶν
2714 3888 3076 3961 πραγμάτων.
3128 3885 3236 3937 Καὶ
3282 3886 3394 3956 γὰρ
3436 3897 3602 3952 προσ-

2011 3986 2183 4058 φορὰς
2229 3985 2562 4058 προσφέρειν
2608 3980 2941 4055 προσέταξεν
2971 3980 3105 4050 ἡμῖν
3140 3980 3170 4030 6
3205 3977 3435 4047 Σωτήρ·
3488 3972 3600 4026 ἀλλ’

2009 4076 2131 4147 οὐχὶ
2166 4073 2263 4138 τάς
2289 4074 2356 4127 δι’
2388 4074 2598 4143 ἀλόγων
2622 4071 2799 4137 ζώων,
2843 4070 2876 4141 ἢ
2917 4068 3124 4122 τούτων
3165 4066 3276 4119 τῶν
3318 4064 3600 4135 θυμιαμαο

2008 4181 2140 4232 των,
2185 4165 2323 4219 ἀλλὰ
2360 4164 2448 4218 διὰ
2491 4161 2878 4235 πνευματικῶν
2911 4160 3097 4225 αῖνων,
3147 4158 3243 4211 καὶ
3269 4155 3461 4220 δοξῶν,
3507 4156 3601 4207 καὶ

2011 4259 2382 4332 εὐχαριστίας,
2413 4258 2508 4311 καὶ
2541 4255 2630 4309 διά
2655 4256 2754 4327 τῆς
2783 4252 3013 4317 εἰς’τοὺς
3043 4250 3272 4321 πλησίον
3319 4246 3602 4309 κοινωνίας

323 4354 526 4419 tionis.
563 4364 617 4412 et
666 4356 1050 4425 eucharistlae;
1107 4364 1225 4412 tum
1281 4356 1336 4412 in
1387 4358 1671 4413 hominum
1734 4374 1812 4429 ger

2154 4350 2443 4421 εὐποιίας..
2480 4348 2593 4402 Καὶ
2640 4348 2913 4419 περιτομῇ
2970 4341 3410 4415 περι-τετμῆσθαι
3458 4341 3601 4410 ἡμᾶς

324 4448 668 4504 liberalitatis
708 4463 774 4503 ac
797 4448 1194 4504 beneficentia.
1238 4446 1389 4504 Idem
1412 4426 1813 4524 circunlcidivpr

2115 4444 2289 4509 λεται,
2318 4443 2433 4497 ἀλλ’
2466 4442 2589 4513 οὐχὶ
2611 4442 2710 4512 τῆς
2733 4438 3101 4511 ἀκροϐυστίας
3126 4437 3224 4507 τῆς
3256 4433 3601 4505 σωματικῆς.

323 4544 471 4593 terea
490 4553 597 4592 non
623 4540 893 4609 corporis,
926 4539 1022 4595 sed
1044 4540 1230 4596 cordis
1258 4540 1541 4613 animique
1572 4545 1903 4615 praeputium

325 4631 495 4701 iubet.
526 4630 768 4704 Itemque
791 4633 1001 4701 servari
1036 4631 1360 4696 Sabbatum,
1387 4644 1501 4689 uta
1535 4636 1719 4706 pravis
1777 4636 1911 4692 dun-

327 4729 481 4777 taxat
536 4724 849 4780 actionibus
910 4723 1192 4781 feriemur.
1253 4723 1513 4795 Jejunare
1571 4741 1738 4796 porro
1785 4743 1911 4783 cum

328 4814 582 4885 imperat,
616 4831 724 4871 non
765 4817 915 4871 illam
970 4816 1220 4888 corporis
1277 4817 1537 4883 inediam,
1594 4818 1694 4873 sed
1742 4817 1911 4873 animi

329 4906 747 4975 temperantiam
797 4909 1066 4974 decernit,
1104 4918 1164 4964 ut
1194 4925 1224 4963 a
1258 4909 1481 4980 ﬂagitiis
1507 4911 1765 4967 omnibus
1797 4910 1915 4967 abso

331 4998 620 5055 tineamus.
690 4999 1013 5071 Quanquam
1075 5016 1109 5056 a
1176 5002 1383 5057 nostris
1450 5002 1727 5058 exercitiis
1780 5003 1914 5058 illud

332 5106 550 5163 quoque
572 5090 844 5161 jejunium
865 5093 1175 5156 adhibetur,
1199 5102 1471 5164 quatenus
1506 5095 1572 5150 ad
1602 5094 1914 5150 animorum

332 5184 623 5241 utilitatem
647 5184 861 5239 confert
882 5185 1109 5255 aliquid,
1144 5185 1188 5240 si
1213 5201 1336 5240 cum
1366 5189 1582 5243 ratione
1615 5188 1911 5258 suscipias;

333 5294 439 5334 non
473 5278 722 5334 imitandi
752 5278 1081 5350 cujusquam
1108 5279 1313 5343 studio,
1340 5296 1450 5335 non
1482 5282 1911 5348 consuetudine,

2016 4537 2152 4593 ἀλλά
2203 4536 2428 4607 καρδίας
2473 4534 2575 4605 τῆς
2611 4532 3023 4605 πνευματικῆς·
3077 4531 3171 4584 καὶ
3215 4528 3278 4583 τὸ
3326 4526 3605 4581 Σάϐϐατόν

2019 4631 2347 4700 φυλάσσειν·
2396 4629 2585 4701 ἀργεῖν
2619 4626 2728 4699 γὰρ
2774 4626 2917 4680 θέλει
2957 4625 3103 4696 ἡμᾶς
3135 4622 3245 4679 ἀπὸ
3292 4621 3402 4675 τῶν
3430 4621 3604 4693 ἔργων

2019 4723 2129 4778 τῶν
2170 4721 2455 4794 πονηρῶν·
2507 4721 2602 4775 καὶ
2646 4717 2928 4790 νηστεύειν
2972 4716 3050 4778 δὲ,
3095 4714 3211 4771 ἀλλ’
3248 4714 3310 4768 οὐ
3355 4712 3453 4785 τὴν
3500 4729 3603 4767 σω-

2020 4814 2259 4887 ματικὴν
2316 4811 2563 4883 βούλεται
2613 4811 2869 4882 νηστείαν
2918 4808 3067 4880 ἡμᾶς
3120 4806 3421 4876 νηστεύειν,
3471 4803 3606 4856 ἀλλὰ

2017 4909 2118 4979 τὴν
2166 4904 2573 4978 πνευματικὴν,
2623 4904 2681 4957 ὲν
2810 4902 2955 4954 ἐστιν
3001 4899 3181 4969 ἀποχὴ
3236 4897 3454 4972 πάντων
3503 4895 3606 4948 τῶν

2022 4999 2264 5070 φαύλων.
2299 4998 2636 5051 Φυλάσσεται
2669 4996 2856 5067 μέντοι
2895 5011 2959 5062 γε
2988 4993 3081 5047 καὶ
3126 4990 3279 5062 παρὰ
3324 4992 3441 5054 τοίς
3470 4987 3605 5061 iure-

2021 5094 2203 5165 τέροις
2254 5094 2289 5165 ἡ
2346 5089 2489 5146 κατά
2543 5090 2605 5146 τὸ
2656 5088 2981 5159 φαινόμενον
3036 5084 3293 5157 νηστεία·
3338 5082 3464 5135 ἐπεὶ
3516 5088 3606 5134 καὶ

2022 5186 2168 5258 ψυχῇ
2216 5204 2269 5239 τι
2316 5182 2718 5257 συμϐάλλεσθαι
2766 5181 2987 5237 δύναται
3036 5178 3199 5250 αὕτη,
3265 5178 3405 5249 μετά
3448 5176 3602 5244 λόγου

2023 5279 2313 5352 γινομένη·
2359 5277 2519 5333 ὁπότε
2553 5275 2687 5348 μηδὲ
2736 5273 2824 5331 διὰ
2865 5272 2965 5345 τὴν
3005 5272 3139 5343 πρός
3184 5287 3336 5334 τινας
3375 5268 3601 5340 μίμησιν

400 5460 416 5490 ¹
442 5457 615 5514 Levit.
652 5474 801 5524 xxiv,
835 5458 924 5514 20.
1005 5460 1026 5489 ’
1061 5458 1230 5512 Exod.
1268 5474 1354 5524 xx,
1392 5460 1476 5513 l3.
1555 5460 1772 5517 'Levit.
1802 5477 1889 5527 xx,

1605 5460 1772 5517 Levit.
1802 5477 1890 5527 xx,
1914 5461 1969 5516 9.
2046 5461 2066 5493 ³
2095 5459 2155 5515 F.
2191 5460 2492 5533 ἀφεκτέων.
2569 5460 2589 5490 ⁸
2618 5457 2678 5511 F.
2708 5455 3094 5529 διαφερόντων.

402 5646 481 5717 (2)
525 5647 635 5700 Ἓν
662 5661 724 5699 τε
753 5645 879 5724 τοῖς
902 5643 1113 5706 ἄλλοις
1144 5640 1601 5720 καταριθμεῖται.
1651 5640 1776 5698 Haec
1811 5643 1891 5699 mi)

1721 5657 1776 5698 ec
1811 5643 1993 5699 minus
2020 5644 2270 5714 expedita
2303 5657 2365 5700 ac
2435 5639 2643 5713 liquida
2685 5640 2818 5699 mihi
2886 5636 3140 5695 videntur
3197 5650 3210 5685 ;

333 5714 551 5790 cunque
582 5716 909 5774 sententiam
945 5714 1338 5785 expressimus.

3275 5633 3493 5688 tametsi
3524 5639 3605 5689 ut-
