3772 6188
206 216 322 282 565

946 225 1321 286 ADVERSUS
1359 232 1707 293 IIERESES
1746 233 1876 291 LIB.
1918 234 1960 292 I.
2005 233 2171 291 TOM.
2216 234 2358 291 II.—
2402 235 2681 293 HJERES.
2717 236 2960 294 XXXIII.

3396 237 3507 301 566

206 345 441 413 γίνεται,
474 336 617 415 μήτε
652 343 741 396 διὰ
763 344 823 397 τὸ
852 343 993 411 ἔθος,
1031 349 1167 421 μήτε
1197 350 1285 404 διὰ
1330 353 1427 425 τὴν
1460 357 1694 428 ἡμέραν,
1726 356 1801 420 ὡς

1986 371 2015 410 n
2050 363 2326 412 certarum
2366 355 2580 410 dierum
2620 355 2907 425 religione,
2940 355 3025 412 vel
3062 354 3288 413 dellnito
3315 359 3503 431 aliquo

210 436 529 507 ὡρισμένης
575 434 733 488 τοῦτο
760 436 975 508 ἡμέρας
1019 438 1133 509 (5)·
1181 442 1297 513 ἅμα
1344 445 1399 497 δὲ
1432 449 1525 501 καὶ
1572 451 1652 513 είς
1678 449 1809 502 ἀνά-

212 544 414 596 μνησιν
456 528 553 597 τῆς
586 526 846 598 ἀληθινῆς
885 530 1163 600 νηστείας,
1198 534 1283 587 ἵνα
1310 537 1360 588 oi
1406 537 1633 608 μηδέπω
1663 540 1808 592 ἑκεί-

208 636 311 689 νην
341 619 633 690 δυνάμενοι
664 610 946 689 νηστεύειν
979 624 1085 676 ἀπὸ
1123 624 1219 696 τῆς
1260 632 1404 681 κατὰ
1446 629 1508 683 τὸ
1549 632 1809 702 φαινόμε-

208 728 303 765 νον
358 712 613 781 νηστείας
659 711 822 783 ἔχωσι
868 714 968 785 τῆν
998 715 1304 789 ἀνάμνησιν
1340 720 1532 790 αὐτῆς.
1588 722 1698 778 Καὶ
1748 722 1808 775 τὸ

209 804 407 876 Πάσχα
451 806 507 859 δὲ
536 806 758 877 ὁμοίως,
799 806 895 859 καὶ
926 808 994 860 τὰ
1025 808 1231 880 ἄζυμα,
1278 812 1361 865 ὅτι
1394 813 1599 878 είκόνες
1640 810 1804 887 ἦσαν,

204 896 363 967 δηλοῖ
386 898 480 950 καὶ
514 897 725 962 Παῦλος
753 900 781 952 6
811 899 1108 964 ἀπόστολος
1124 918 1142 953 ,⁸
1183 900 1253 956 Τὸ
1278 902 1345 955 δὲ
1370 904 1583 974 Πάσχα
1615 904 1804 975 ἡμῶν,

204 988 451 1057 λέγεται,
474 989 652 1057 ἐτύθη
683 991 964 1057 Χριστός’
990 993 1104 1057 καὶ,
1135 991 1260 1048 Ἵνα
1294 990 1420 1065 ἦτε,
1453 998 1638 1067 φησιν,
1675 996 1809 1059 ᾶζτυ-

196 1098 329 1149 μοι,
364 1081 451 1150 μὴ
496 1082 856 1151 μετέχοντες
884 1081 1069 1152 ζύμης
1106 1084 1305 1156 (ζύμην
1336 1105 1393 1141 τε
1421 1088 1515 1142 νῦν
1563 1089 1660 1161 τὴν
1712 1074 1808 1144 λα-

207 1172 339 1225 κίαν
363 1171 556 1242 λέγει),
584 1173 722 1227 ἀλλ’
748 1168 855 1240 ἦτε
884 1172 1028 1227 νέιλν
1046 1176 1310 1245 φύραμα.

284 1269 374 1336 ς’.
391 1262 562 1332 Οὗτος
577 1267 706 1337 γοῦν
727 1269 818 1322 καὶ
835 1269 997 1333 αὐτὸς
1026 1272 1053 1323 6
1070 1270 1162 1323 τοῦ
1181 1270 1317 1324 Θεοῦ
1344 1269 1482 1328 εἶναι
1500 1276 1662 1346 νόμος
1678 1277 1806 1347 όμο-

203 1358 544 1430 λογούμενος
588 1359 668 1423 είς
706 1358 829 1431 τρία
876 1359 1187 1431 διαιρεῖται,
1240 1362 1321 1426 είς
1359 1381 1418 1417 τε
1460 1365 1522 1418 τὸ
1562 1365 1805 1437 πληρού-

208 1468 373 1520 μενον
426 1450 535 1503 ἀπὸ
578 1450 671 1504 τοῦ
727 1451 1014 1523 Σωτῆροςο
1058 1452 1118 1505 τὸ
1160 1452 1290 1526 γὰρ,
1329 1458 1411 1510 Οὐ
1463 1459 1804 1526 φονεύσεις,

197 1544 289 1596 Οὐ
330 1541 704 1611 μοιχεύσεις,
753 1544 875 1596 Οὐκ
925 1542 1347 1613 ἐπιορκήσεις,
1410 1547 1467 1600 ὲν
1518 1547 1618 1619 τῷ,
1651 1548 1805 1617 Μηδ’

204 1632 585 1703 ὀργισθῆναι,
634 1633 790 1704 μηδὲ
833 1635 1231 1705 ἐπιθυμήσεις
1268 1629 1331 1703 ι’,
1388 1641 1801 1713 περιείληπται·

202 1729 501 1800 διαιρεῖται
543 1729 600 1782 δὲ
638 1729 733 1783 καὶ
772 1730 850 1793 είς
889 1729 949 1782 τὸ
999 1731 1392 1803 ἀναιρούμενον
1439 1736 1682 1799 τελείως.
1736 1738 1808 1791 Τὸ
1840 1713 1881 1766 Β

201 1827 338 1894 γὰρ,
376 1823 720 1894 Ὀφθαλμὸν
745 1822 879 1877 ἀντὶ
913 1825 1250 1897 ὀφθαλμοῦ,
1287 1830 1383 1881 καὶ
1423 1828 1642 1884 ὀδόντα
1675 1831 1808 1885 ἀντὶ

202 1918 497 1985 ὀδόντος,
560 1917 1053 1989 συμπεπλεγμένον
1112 1922 1178 1991 τῇ
1244 1920 1461 1993 ἀδικίᾳ,
1523 1922 1618 1975 καὶ
1679 1924 1809 1977 αὐτὸ

203 2008 372 2080 ἔργον
399 2010 501 2080 τῆς
546 2008 761 2074 ἀδικίας
816 2009 959 2082 ἔχον,
1010 2009 1252 2083 ἀνῃρέθη
1285 2012 1391 2065 ὑπὸ
1432 2012 1526 2066 τοῦ
1556 2014 1809 2086 Σωτῆρος

200 2102 297 2157 διὰ
354 2102 465 2156 τῶν
518 2102 797 2157 ἐναντίων.
858 2103 940 2157 Τά
990 2103 1045 2157 δὲ
1106 2104 1324 2159 ἐναντία
1370 2105 1614 2177 ἀλλήλων
1670 2108 1809 2162 εἰσιν

202 2195 553 2266 ἀναιρετικοί.
609 2194 757 2265 Ἐγὼ
796 2195 909 2265 γὰρ
953 2196 1111 2266 λέγω
1142 2196 1286 2265 ὑμῖν
1318 2197 1404 2267 μὴ
1451 2197 1809 2267 ἀντιστῆναι

201 2286 239 2337 ὅ
266 2289 368 2351 ιως
395 2284 473 2351 τῷ
513 2284 776 2353 πονηρῷ,
812 2286 974 2340 ἀλλὰ
994 2284 1103 2345 ἐάν
1131 2287 1225 2353 τίς
1253 2302 1327 2341 σε
1350 2288 1604 2357 ραπίσῃ,
1637 2288 1810 2357 στρέ-

202 2381 336 2446 ψον
364 2377 526 2442 αὐτῷ
555 2378 653 2431 καὶ
687 2377 804 2447 τὴν
831 2378 1034 2447 ἀλλην
1060 2380 1337 2450 σιαγόνα.
1399 2380 1808 2452 Ἀλληγορεῖται

198 2471 265 2524 δὲ
317 2470 414 2524 καὶ
446 2472 526 2534 είς
566 2470 626 2523 τὸ
684 2470 1003 2542 μετατεθὲν,
1054 2472 1148 2525 καὶ
1208 2471 1503 2541 ὲναλλαγὲν
1556 2473 1663 2527 ἀπὸ
1709 2474 1806 2528 τοῦ

203 2562 535 2635 σωματικοῦ
564 2563 658 2618 ἐπὶ
692 2562 753 2616 τὸ
782 2565 1155 2635 πνευματικὸν
1182 2564 1243 2617 τὸ
1269 2565 1597 2638 συμϐολικὸν
1628 2566 1805 2633 τοῦτο,

203 2656 335 2709 κατ’
378 2656 562 2710 εἰκόνα
611 2655 727 2709 τῶν·
759 2655 1125 2727 διαφερόντων
1174 2657 1691 2730 νενομοθετημένον.
1742 2663 1807 2715 Al

206 2748 325 2816 γὰρ
363 2746 568 2810 είκόνες
594 2746 689 2800 καὶ
713 2746 783 2800 τά
815 2746 1079 2818 σύμϐολα,
1101 2749 1487 2818 παραστατικά
1528 2749 1658 2803 ὄντα
1693 2751 1810 2805 ἑτέ-

208 2852 327 2904 ρων
349 2834 690 2907 πραγμάτων
720 2834 939 2901 ,καλῶς
988 2835 1232 2906 ἐγίνοντο
1289 2838 1450 2911 μέχρι
1498 2839 1573 2911 μὴ
1626 2841 1808 2913 παρῆν

1911 455 2187 517 tempore:
2238 446 2539 516 praesertim
2604 459 2730 499 cum
2784 444 2898 499 veri
2942 444 3141 515 jejunii
3173 448 3498 503 memoriam

1910 537 2154 602 refricet,
2182 545 2242 592 ut
2272 538 2365 608 qui
2394 537 2635 591 nondum
2672 535 2805 589 illud
2864 538 3108 592 assecuti
3170 538 3396 605 fuerint,
3431 542 3499 597 ab

1908 630 2185 685 exteriore
2219 627 2663 692 commonefacti,
2701 628 2928 684 alterius
2983 629 3373 687 recordentur.
3410 631 3499 684 Si—

1909 721 2113 778 militer
2132 728 2186 777 et
2212 721 2440 786 Pascha,
2466 736 2765 793 azymaque
2800 720 3002 793 figuras
3035 721 3313 778 exstitisse
3332 739 3499 794 quas—

1909 812 2034 867 dam
2092 811 2299 868 Paulus
2330 813 2446 883 ipse
2470 811 2746 867 declarat:
2782 810 3231 884 Pascha,inquit,
3258 825 3499 870 nostrum

1908 906 2218 960 immolatus
2241 912 2318 959 est
2344 902 2590 960 Christus
2608 905 2664 971 ¹;
2694 903 2784 974 eti:
2814 902 2883 959 Ut
2911 906 3055 970 sitis,
3083 906 3178 971 ait,
3204 908 3503 978 azyminon

1908 998 2157 1054 habentes
2224 998 2541 1068 fermentum
2623 997 2977 1069 (fermentum
3024 1014 3155 1056 vero
3231 1001 3497 1057 malitiam

1910 1089 2190 1162 appellat),
2227 1088 2317 1145 sed
2345 1090 2463 1144 sitis
2493 1106 2624 1144 nova
2656 1092 2960 1159 conspersio
2996 1090 3035 1145 ³.

1980 1264 2070 1325 VI.
2104 1265 2197 1323 Sic
2230 1267 2395 1338 igitur
2431 1268 2514 1323 lex
2550 1268 2689 1339 ipsa,
2727 1283 2893 1338 quam
2927 1283 2956 1321 a
2990 1267 3101 1324 Deo
3134 1284 3390 1324 manasse
3423 1267 3502 1322 fa-

1910 1368 2096 1417 tentur
2136 1375 2349 1426 omnes,
2377 1360 2651 1415 trifariam
2682 1360 2974 1415 dividitur:
3010 1362 3062 1415 in
3127 1377 3245 1417 eam
3292 1374 3500 1432 partem

1908 1470 2074 1525 quam
2100 1452 2351 1508 Salvator
2370 1454 2632 1524 implevit.
2656 1452 2779 1508 llaec
2807 1455 2949 1509 enim
2979 1455 3184 1521 omnia,
3212 1454 3333 1509 Non
3361 1457 3501 1511 occi-

1909 1544 2023 1611 des,
2056 1563 2161 1600 non
2194 1545 2557 1611 mazchaberis,
2601 1563 2703 1599 non
2731 1546 2992 1616 pejerabis
3015 1547 3037 1579 ⁸
3062 1585 3078 1613 ,
3129 1548 3182 1602 in
3213 1549 3345 1603 iisec
3369 1565 3504 1604 con-

1911 1640 2173 1706 tinentur,
2203 1637 2326 1693 Non
2364 1640 2635 1704 irasceris,
2678 1657 2781 1694 non
2839 1642 3227 1709 concupisces”.
3290 1641 3348 1696 In
3380 1658 3501 1697 eam

1913 1747 2033 1802 quae
2061 1732 2283 1802 penitus
2306 1733 2526 1787 sublata
2546 1742 2650 1789 est.
2690 1731 2786 1788 llis
2816 1733 2961 1788 enim
3005 1734 3322 1805 praeceptis,
3356 1733 3503 1789 Ocu-

1911 1823 2021 1877 lum
2049 1838 2144 1891 pro
2173 1824 2347 1889 oculo,
2393 1823 2601 1878 dentem
2648 1842 2745 1894 pro
2786 1823 2938 1879 dente
2966 1826 3008 1889 ⁶,
3046 1842 3169 1895 qua:
3196 1842 3319 1880 cum
3355 1827 3503 1897 inju-

1911 1916 2058 1971 stitia
2096 1915 2357 1986 permista
2383 1923 2533 1981 sunt,
2561 1915 2794 1986 ejusque
2812 1931 3001 1971 secum
3027 1917 3233 1986 aliquid
3252 1917 3499 1985 trahunt,

1911 2005 2209 2059 contrariis
2270 2005 2483 2074 legibus
2512 2006 2847 2077 derogatur:
2876 2006 3154 2060 contraria
3185 2020 3350 2075 porro
3382 2023 3504 2063 sese

1912 2098 2143 2152 invicem
2172 2101 2448 2169 perimunt
2479 2117 2492 2151 :
2518 2098 2675 2167 221
2701 2097 2812 2168 Ego
2843 2098 2983 2152 enim
3014 2098 3131 2151 dico
3159 2096 3301 2151 vobis
3335 2099 3506 2153 omni-

1911 2206 1977 2243 no
2024 2206 2128 2243 non
2192 2191 2434 2245 resistere
2470 2191 2630 2244 malo.
2668 2190 2771 2245 Sed
2799 2192 2846 2245 si
2878 2191 2995 2262 quis
3022 2200 3070 2245 te
3097 2188 3413 2259 percusserit
3449 2192 3504 2245 in

1915 2283 2218 2348 maxillam,
2245 2284 2420 2353 prcebe
2469 2284 2552 2339 illi
2587 2292 2636 2338 et
2666 2284 2956 2339 alteram".
2988 2284 3145 2350 Quod
3179 2285 3400 2356 quidem
3433 2284 3505 2338 ad

1910 2376 2296 2431 excellentium
2339 2391 2523 2430 rerum
2545 2376 2977 2432 adumbrandam
3025 2381 3261 2447 speciem
3294 2377 3504 2433 consti-

1915 2475 2110 2533 tutum,
2144 2476 2200 2524 et
2248 2469 2591 2540 acorporcis
2622 2470 2689 2524 ad
2748 2470 3018 2541 spiritalia
3064 2471 3394 2525 translatum
3440 2486 3505 2526 ac

1916 2570 2184 2617 mutatum
2215 2578 2311 2632 per
2336 2562 2657 2633 allegoriam
2688 2563 3004 2633 exponitur.
3034 2561 3248 2617 Etenim
3301 2561 3506 2633 elligies

1918 2667 1981 2707 ac
2012 2654 2166 2723 signa
2191 2652 2313 2707 aliis
2340 2654 2507 2708 rebus
2540 2652 2889 2708 declarandis
2947 2653 3195 2708 adhibita
3233 2653 3505 2723 tantisper

1917 2746 2381 2817 opportunitatem
2438 2746 2771 2812 habuerunt,
2808 2745 2990 2817 quoad
3032 2747 3274 2801 nondum
3304 2746 3505 2802 veritas

1914 2840 2214 2896 affulserat.
2273 2839 2392 2908 Qua
2436 2843 2786 2908 succedente,
2820 2838 3078 2911 non‘quze
3118 2838 3363 2910 imagini,
3410 2839 3505 2893 sed

202 2926 464 2997 ἀλήθεια.
494 2925 785 2998 Παρούσης
806 2926 863 2980 δὲ
889 2929 989 2999 τῆς
1012 2927 1291 2999 ἀληθείας,
1326 2928 1393 2982 τὰ
1422 2929 1520 3001 τῆς
1551 2930 1810 3002 ἀληθείας

1990 2949 2036 2989 ae
2095 2933 2313 2989 veritati
2387 2940 2702 3005 congruunt
2762 2931 2943 2987 facere
3002 2932 3277 2987 convenit.
3335 2930 3504 3003 quue

201 3018 290 3072 δεῖ
321 3023 514 3083 ποιεῖν,
558 3020 617 3073 ού
663 3019 731 3074 τὰ
757 3020 855 3091 τῆς
887 3020 1118 3085 είκόνος.
1167 3021 1355 3077 Ταῦτα
1395 3023 1452 3077 δὲ
1482 3024 1577 3077 καὶ
1608 3026 1659 3077 οί
1708 3043 1812 3097 μα-

1986 3043 2101 3083 sum
2134 3044 2258 3082 cum
2299 3027 2494 3098 reliqui
2530 3041 2721 3082 onmes
2748 3024 3029 3095 discipuli,
3065 3032 3179 3080 tum
3222 3026 3505 3096 apostolus

204 3111 378 3183 Θηταὶ
434 3112 619 3179 αὐτοῦ,
692 3114 788 3167 καὶ
833 3114 862 3166 ό
904 3114 1199 3180 ἀπόστολος
1240 3115 1411 3183 ἔδειξε
1461 3118 1706 3183 Παῦλος·
1752 3121 1813 3174 τὸ

1986 3120 2123 3175 ιυιυε
2149 3117 2411 3174 ostendit.
2439 3117 2541 3185 Qui
2578 3116 2870 3189 ﬁguratum
2908 3115 3044 3173 illud
3069 3126 3506 3188 genus-propter

209 3205 315 3274 μὲν
347 3203 455 3257 τῶν
504 3206 751 3272 είκόνων,
784 3205 860 3270 ὠς
910 3206 1010 3279 ῆδη
1070 3207 1318 3279 εἴπομεν,
1354 3208 1443 3262 διὰ
1472 3207 1567 3263 τοῦ
1618 3211 1813 3282 Πάσχα

206 3298 311 3351 καὶ
377 3296 487 3351 τῶν
528 3296 755 3370 ἀζύμων
793 3296 972 3364 δείξας
1005 3299 1072 3352 δι’
1106 3301 1291 3371 ἡμᾶς’
1330 3300 1392 3354 τὸ
1436 3300 1494 3354 δὲ
1538 3300 1631 3354 τοῦ
1680 3319 1817 3373 συμ-

206 3388 599 3459 πεπλεγμένου
633 3390 799 3461 νόμου
832 3393 898 3462 τῇ
936 3390 1139 3464 ἀδικίᾳ,
1174 3391 1346 3445 είπὼν
1373 3392 1466 3445 τὸν
1511 3393 1675 3464 νόμον
1706 3392 1816 3447 τῶν

208 3480 448 3534 ἐντολῶν
482 3483 540 3535 ὲν
582 3481 815 3552 δόγμασι
842 3481 1260 3554 κατηργῆσθαν
1294 3483 1357 3537 τὸ
1392 3483 1449 3537 δὲ
1498 3483 1594 3537 τοῦ
1639 3484 1817 3556 ἀσυμ-

209 3573 422 3627 πλόκου
462 3574 538 3646 τῷ
591 3574 819 3645 χείρονι,
885 3574 947 3628 '0
976 3574 1095 3645 μὲν
1136 3576 1341 3645 νόμος,
1387 3574 1580 3641 εἰπὼν,
1624 3575 1814 3647 ἅγιος,

209 3665 317 3719 καὶ
346 3667 385 3734 ὴ
409 3666 629 3735 ἐντολὴ
658 3667 819 3737 ἁγία,
855 3668 952 3720 καὶ
989 3668 1195 3721 δικαία
1237 3669 1335 3722 καὶ
1370 3668 1587 3739 ἀγαθή.

286 3760 364 3812 Z'.
400 3759 488 3822 Ὠς
524 3760 623 3829 μὲν
652 3753 743 3813 οῦν
780 3759 1059 3831 συντόμως
1103 3758 1249 3813 ἔστιν
1284 3762 1478 3826 εἰπεῖν,
1522 3760 1816 3832 αὐτάρκως

208 3845 377 3920 οἶμαί
407 3868 488 3904 σοι
516 3850 805 3921 δεδεῖχθαι,
841 3852 935 3906 καὶ
964 3850 1061 3923 τὴν
1092 3850 1149 3918 ἐξ
1178 3851 1482 3924 ἀνθρώπων
1514 3852 1815 3925 παρεισδύ-

212 3959 396 3995 σασαν
439 3942 778 4013 νομοθεσίαν,
815 3944 909 3997 καὶ
966 3944 1131 3999 αὑτὸν
1178 3944 1270 3999 τὸν
1318 3944 1411 3998 τοῦ
1465 3944 1601 3998 Θεοῦ
1654 3945 1818 4016 νόμον

211 4040 383 4108 τριχῆ
429 4035 837 4109 διαιρούμενον
883 4036 1257 4109 περιλείπεται
1308 4037 1364 4091 δὲ
1417 4039 1550 4109 ἡμῖν
1586 4038 1640 4091 τί
1686 4039 1816 4092 ποτέ

213 4131 369 4184 ἐστιν
402 4122 559 4193 οὗτος
597 4133 625 4185 6
662 4130 794 4195 Θεὸς
837 4130 865 4182 6
909 4130 1002 4185 τὸν
1049 4132 1212 4203 νόμον
1251 4130 1496 4202 θέμενος.
1540 4132 1700 4185 Ἀλλά
1725 4132 1818 4186 κα)⁸

213 4224 379 4279 τοῦτο
412 4222 655 4295 ἡγοῦμαί
687 4242 767 4278 σοι
799 4223 1065 4295 δεδεῖχθαι
1096 4225 1189 4279 ἐπὶ
1227 4224 1333 4279 τῶν
1375 4224 1814 4296 προειρημένων,

215 4319 265 4371 εἰ
310 4316 590 4388 ἐπιμελῶς
625 4318 889 4389 ἀκήκοας.
937 4318 1000 4372 Εἰ
1046 4301 1155 4388 γὰρ
1206 4317 1351 4389 μήτε,
1388 4317 1480 4373 ὑπ’
1513 4315 1680 4373 αὑτοῦ
1731 4335 1818 4371 τε-

1918 3226 2042 3275 nos,
2076 3218 2135 3267 ut
2167 3210 2430 3276 diximus,
2468 3210 2523 3265 in
2553 3207 2823 3264 Paschate
2893 3208 3216 3279 azymisque
3275 3206 3506 3263 demon-

1919 3310 2079 3359 strat.
2100 3302 2175 3359 De
2206 3303 2380 3360 altero
2415 3318 2545 3358 vero
2574 3299 2720 3371 quod
2744 3299 3082 3371 implicatum
3110 3299 3381 3370 injustitia
3400 3308 3505 3363 est,

1920 3394 2326 3466 quuitur,cu_m
2362 3395 2532 3465 legem
2557 3390 2941 3447 mandatorum
2968 3390 3047 3443 ait
3071 3390 3125 3445 in
3156 3390 3507 3461 dogmatibus

1918 3488 2233 3559 abrogatam
2258 3487 2299 3542 ⁸.
2332 3486 2410 3540 De
2433 3486 2593 3541 tertio
2635 3482 2895 3553 denique,
2928 3481 3076 3553 quod
3105 3482 3397 3537 deterioris
3424 3492 3510 3540 est

1918 3596 2152 3651 expers:
2186 3578 2315 3644 Lex,
2351 3576 2551 3648 inquit,
2594 3584 2781 3630 sancta
2808 3584 2905 3639 est,
2932 3582 2982 3631 et
3024 3572 3343 3628 mandatum
3374 3591 3505 3631 san-

1920 3681 2085 3735 ctum,
2116 3682 2165 3725 et
2199 3670 2400 3740 iustum
2428 3676 2477 3722 et
2507 3666 2763 3721 bonum’.

1992 3762 2107 3819 VII.
2145 3760 2512 3829 Quamobrem
2548 3759 2681 3817 satis
2737 3773 3012 3831 superque
3067 3757 3190 3827 tibi,
3239 3766 3509 3830 quantum

1918 3858 2158 3914 breviter
2188 3852 2578 3925 comprehendi
2622 3860 2822 3925 potest,
2864 3851 3172 3909 declaratas
3228 3868 3323 3910 eas
3362 3854 3511 3925 leges

1920 3952 2179 4016 arbitror,
2213 3964 2333 4020 quae
2362 3963 2428 4003 ex
2459 3946 2783 4001 auctoritate
2814 3945 3096 4000 hominum
3133 3944 3509 4016 irrepserunt;

1923 4045 2207 4116 ipsamque
2238 4040 2329 4094 Dei
2360 4040 2530 4110 legem
2558 4036 2826 4091 trifariam
2867 4052 2989 4093 esse
3010 4036 3265 4093 divisam.
3307 4038 3512 4110 Super-

1920 4144 2097 4193 estut
2139 4134 2263 4204 quis
2321 4132 2411 4186 ille
2472 4130 2543 4186 sit
2577 4128 2720 4184 Deus
2774 4129 2908 4200 legis
2966 4136 3160 4184 auctor
3213 4130 3511 4188 dicendum

1920 4230 2190 4285 videatur.
2226 4224 2390 4296 Atqui
2447 4222 2593 4279 istud
2626 4222 2791 4277 etiam
2832 4222 3015 4287 exiis,
3055 4238 3177 4294 quae
3240 4224 3509 4280 hactenus

1921 4322 2199 4392 disputata
2220 4325 2371 4383 sunt,
2403 4316 2447 4371 si
2476 4321 2682 4370 attente
2716 4313 2977 4381 audieris,
3004 4323 3136 4385 puto
3170 4315 3267 4371 tibi
3287 4317 3512 4372 demon-

213 4409 367 4462 λείου
401 4408 538 4462 Θεοῦ
570 4409 804 4464 τέθειται
847 4402 1024 4475 οὗτος,
1054 4409 1129 4474 ὡς
1160 4409 1501 4482 ἐδιδάξαμεν,
1536 4411 1673 4482 μήτε
1709 4412 1813 4489 μὴν

1986 4419 2176 4467 ratum.
2228 4408 2365 4464 Nam
2397 4407 2442 4464 si
2476 4421 2653 4477 neque
2682 4420 2712 4459 a
2743 4406 2985 4475 perfecto
3041 4408 3135 4462 illo
3189 4408 3301 4464 Deo
3331 4410 3512 4479 posita

214 4501 328 4554 ὑπὸ
359 4499 456 4554 τοῦ
495 4499 761 4566 διαϐόλου,
794 4500 821 4553 ὃ
853 4501 989 4574 μηδὲ
1035 4501 1255 4575 θεμιτόν
1288 4503 1434 4555 ἐστιν
1464 4503 1637 4555 είπεῖν
1657 4518 1671 4533 ο
1699 4502 1819 4555 ἓτε-

215 4595 316 4673 ρός
347 4593 432 4657 τίς
467 4597 581 4647 ἐστι
616 4594 764 4666 παρά
792 4594 1015 4659 τούτους
1055 4590 1211 4659 οὗτος
1260 4597 1288 4649 6
1332 4594 1557 4667 θέμενος
1597 4595 1689 4650 τὸν
1732 4594 1821 4650 νό-

218 4706 348 4759 μον.
399 4678 567 4752 Οὗτος
616 4685 672 4740 δὲ
718 4686 1050 4760 δημιουργὸς
1096 4688 1190 4741 καὶ
1243 4687 1472 4758 ποιητὴς
1522 4686 1677 4742 τοῦδε
1724 4687 1817 4742 τοῦ

216 4780 428 4844 παντός
470 4780 586 4833 ἐστι
628 4780 858 4853 κόσμου,
894 4780 989 4835 καὶ
1032 4779 1140 4834 τῶν
1188 4780 1245 4834 ὲν
1298 4780 1469 4851 αὐτῷ,
1517 4780 1705 4853 ἕτερος
1743 4778 1818 4833 ὢν

218 4869 379 4945 παρὰ
425 4870 525 4935 τὰς
563 4871 768 4925 τούτων
807 4859 1015 4936 οὐσίας,
1068 4870 1234 4945 μέσος
1277 4869 1483 4925 τούτων
1536 4870 1818 4936 καθεστὼς

215 4964 471 5029 ἐνδίκως,
501 4964 596 5018 καὶ
623 4964 684 5017 τὸ
708 4950 809 5036 τῆς
839 4965 1135 5038 μεσότητος
1164 4965 1336 5038 όνομα
1366 4965 1698 5037 ἀποφέροιτο
1727 4965 1812 5021 ἄν.

216 5057 337 5113 Καὶ
367 5059 416 5111 εί
448 5057 477 5109 6
514 5057 713 5120 τέλειος
741 5057 872 5122 Θεὸς
901 5057 1105 5127 ἀγαθός
1151 5058 1267 5112 ἐστι
1318 5057 1457 5112 κατά
1490 5057 1589 5129 τὴν
1620 5054 1816 5111 ἑαυτοῦ

217 5151 410 5221 φύσιν,
435 5149 627 5222 ὥσπερ
653 5150 749 5206 καὶ
784 5150 933 5208 ἐστιν
965 5152 1083 5225 (ἕνα
1117 5150 1225 5223 γὰρ
1265 5152 1423 5225 μόνον
1451 5147 1590 5206 εἶναι
1620 5150 1820 5222 ἀγαθὸν

1920 4503 2007 4558 lex
2030 4508 2135 4569 est,
2178 4500 2258 4555 uti
2285 4497 2576 4553 docuimus
2603 4512 2619 4563 ;
2658 4511 2833 4566 neque
2860 4511 2991 4553 vero
3030 4512 3060 4550 a
3093 4497 3336 4565 diabolo,
3367 4500 3513 4570 quod

1922 4595 2069 4650 dictu
2096 4593 2260 4648 etiam
2308 4589 2465 4646 nefas
2505 4596 2631 4656 est;
2669 4589 2809 4645 alius
2856 4589 2929 4645 sit
2981 4599 3218 4661 oportet,
3260 4594 3357 4663 qui
3390 4608 3512 4650 eam

1922 4687 2092 4756 legem
2132 4682 2444 4739 stabilierit.
2498 4678 2596 4736 Hic
2642 4687 2727 4737 est
2764 4680 2931 4752 igitur
2983 4683 3152 4738 totius
3186 4684 3276 4739 ille
3321 4683 3513 4740 mundi

1923 4793 2225 4848 eorumque
2254 4791 2375 4847 quae
2416 4775 2471 4830 in
2523 4790 2588 4831 eo
2632 4777 2986 4831 continentur
3012 4776 3206 4833 artifex
3235 4785 3290 4832 et
3319 4779 3515 4835 condi-

1928 4878 2033 4936 tor,
2075 4870 2143 4925 ab
2169 4869 2389 4925 illorum
2419 4875 2619 4923 natura
2651 4868 2927 4933 diversus,
2950 4876 3004 4923 et
3026 4868 3081 4924 in
3111 4884 3300 4925 eorum
3333 4870 3513 4927 medio

1927 4977 2027 5018 suo
2049 4960 2174 5032 jure
2207 4959 2591 5015 collocandus:
2629 4974 2735 5029 qua
2756 4973 2821 5015 ex
2845 4957 3227 5016 mediocritate
3258 4958 3368 5029 peti
3392 4957 3514 5028 ejus

1926 5054 2219 5126 appellatio
2253 5060 2451 5125 potest.
2486 5050 2642 5118 Quod
2689 5052 2739 5108 si
2796 5050 3073 5127 perfectus
3117 5050 3214 5106 ille
3237 5048 3381 5105 Deus
3415 5066 3515 5107 na-

1930 5156 2055 5203 tura
2091 5162 2191 5203 sua
2224 5146 2403 5201 bonus
2437 5152 2543 5213 est,
2568 5152 2625 5200 ut
2667 5154 2753 5200 est
2810 5159 2998 5201 revera
3032 5144 3225 5210 (unum
3252 5144 3397 5199 enim
3415 5144 3515 5200 bo-

300 5310 316 5340 ¹
340 5306 470 5363 Cor.
516 5309 874 5379 ἐπιθυμῆσαι.
953 5309 974 5339 ¹
998 5306 1176 5379 [Ωον.
1203 5323 1257 5376 v,
1293 5308 1355 5379 '7.
1424 5308 1444 5339 ³
1481 5307 1613 5362 ibid.
1689 5306 1711 5338 δ
1737 5306 1811 5360 Ex

1986 5321 2034 5369 ιι,
2066 5304 2280 5379 33,14,
2314 5302 2496 5379 16...1⁵⁸
2526 5300 2717 5356 Matth.
2757 5318 2809 5371 ν,
2843 5302 2934 5371 22,
2970 5302 3062 5359 28.
3142 5303 3163 5334 ⁸
3187 5302 3362 5358 Exod.
3397 5318 3514 5371 χιιι,

214 5379 332 5447 24;
376 5379 551 5434 Levit.
588 5374 855 5443 xxiv,"20.
932 5379 952 5412 ⁷
991 5377 1181 5434 Matth.
1214 5374 1267 5447 ν’,
1300 5378 1391 5435 59.
1466 5379 1488 5410 ⁸
1513 5379 1713 5449 Ephes.
1759 5393 1813 5442 II,

2014 5379 2033 5409 9
2064 5375 2222 5429 Rom.
2269 5391 2361 5439 vn,
2393 5374 2480 5428 ιε.

299 5541 375 5609 (5)
407 5539 505 5605 Ὠς
537 5538 875 5609 ὡρισμένης
904 5538 1079 5593 τοῦτο
1100 5538 1345 5609 ἡμέρας.
1377 5536 1505 5609 Leg.
1537 5537 1617 5609 είς
1637 5535 1817 5590 τοῦτο.

211 5608 501 5667 Caeterum
548 5608 771 5665 videant
814 5608 977 5678 hujus
1023 5610 1286 5679 temporis
1315 5608 1595 5669 haeretici,
1624 5622 1819 5679 quem-

216 5697 357 5743 nam
410 5680 515 5738 sibi
555 5680 1020 5753 pervicacissimi,
1056 5694 1119 5737 ac
1138 5678 1436 5738 vanissimi
1466 5678 1686 5735 crroris-
1706 5693 1821 5732 ma-

1928 5533 2161 5604 gistrum
2194 5540 2576 5608 ac__patronum
2603 5531 2940 5589 asciverint:
2978 5530 3111 5608 dum
3149 5529 3511 5608 jejunia__sta-

1929 5599 2000 5659 tis
2034 5599 2376 5731 tegtporibus
2408 5605 2637 5673 indicta,
2670 5619 2734 5659 ac
2758 5610 3035 5660 certorum
3060 5601 3273 5656 dierum
3302 5599 3520 5668 religio-

1930 5690 2052 5731 nem
2128 5685 2370 5731 amnant.
2570 5691 2575 5699 '

1930 5690 2052 5732 IICID
2088 5690 2370 5733 damnant.
2570 5691 2575 5699 '
