  <div class='ocr_page' id='page_1' title='image "/cluster/home/n/w/nwhite01/storage/ocr_20150623/41/hvd.32044011753001/311.png"; bbox 0 0 3772 6188; ppageno 0'>
   <div class='ocr_carea' id='block_1_1' title="bbox 321 117 430 174">
    <p class='ocr_par' dir='ltr' id='par_1_1' title="bbox 321 117 430 174">
     <span class='ocr_line' id='line_1_1' title="bbox 321 117 430 174; baseline -0.037 0"><span class='ocrx_word' id='word_1_1' title='bbox 321 117 430 174; x_wconf 82' lang='lat'><strong>567</strong></span> 
     </span>
    </p>
   </div>
   <div class='ocr_carea' id='block_1_2' title="bbox 1699 107 2149 167">
    <p class='ocr_par' dir='ltr' id='par_1_2' title="bbox 1699 107 2149 167">
     <span class='ocr_line' id='line_1_2' title="bbox 1699 107 2149 167; baseline 0 -4"><span class='ocrx_word' id='word_1_2' title='bbox 1699 108 1759 164; x_wconf 89' lang='lat' dir='ltr'><strong>S.</strong></span> <span class='ocrx_word' id='word_1_3' title='bbox 1802 107 2149 167; x_wconf 80' lang='lat' dir='ltr'><strong>EPIPHANII</strong></span> 
     </span>
    </p>
   </div>
   <div class='ocr_carea' id='block_1_3' title="bbox 3526 97 3637 158">
    <p class='ocr_par' dir='ltr' id='par_1_3' title="bbox 3526 97 3637 158">
     <span class='ocr_line' id='line_1_3' title="bbox 3526 97 3637 158; baseline 0 -3"><span class='ocrx_word' id='word_1_4' title='bbox 3526 97 3637 158; x_wconf 74' lang='lat'><strong>568</strong></span> 
     </span>
    </p>
   </div>
   <div class='ocr_carea' id='block_1_4' title="bbox 318 190 1921 304">
    <p class='ocr_par' dir='ltr' id='par_1_4' title="bbox 318 230 1913 304">
     <span class='ocr_line' id='line_1_4' title="bbox 318 230 1913 304; baseline -0.001 -13"><span class='ocrx_word' id='word_1_5' title='bbox 318 250 451 291; x_wconf 89' lang='lat' dir='ltr'><strong>num</strong></span> <span class='ocrx_word' id='word_1_6' title='bbox 486 248 612 290; x_wconf 84' lang='lat' dir='ltr'><strong>esse</strong></span> <span class='ocrx_word' id='word_1_7' title='bbox 654 232 825 290; x_wconf 88' lang='lat' dir='ltr'><strong>Deum</strong></span> <span class='ocrx_word' id='word_1_8' title='bbox 856 246 921 288; x_wconf 91' lang='lat' dir='ltr'><strong>ac</strong></span> <span class='ocrx_word' id='word_1_9' title='bbox 954 240 1235 304; x_wconf 88' lang='lat' dir='ltr'><strong>parentem</strong></span> <span class='ocrx_word' id='word_1_10' title='bbox 1258 246 1417 288; x_wconf 85' lang='lat' dir='ltr'><strong>suum</strong></span> <span class='ocrx_word' id='word_1_11' title='bbox 1474 230 1727 288; x_wconf 73' lang='lat' dir='ltr'><strong>Salvator</strong></span> <span class='ocrx_word' id='word_1_12' title='bbox 1761 247 1913 289; x_wconf 88' lang='lat' dir='ltr'><strong>asse-</strong></span> 
     </span>
    </p>
   </div>
   <div class='ocr_carea' id='block_1_5' title="bbox 2099 190 3635 304">
    <p class='ocr_par' dir='ltr' id='par_1_5' title="bbox 2099 221 3635 302">
     <span class='ocr_line' id='line_1_5' title="bbox 2099 221 3635 302; baseline -0.008 -17"><span class='ocrx_word' id='word_1_13' title='bbox 2099 233 2150 285; x_wconf 65' lang='grc' dir='ltr'>δν</span> <span class='ocrx_word' id='word_1_14' title='bbox 2176 231 2270 286; x_wconf 87' lang='grc' dir='ltr'><strong>τὸν</strong></span> <span class='ocrx_word' id='word_1_15' title='bbox 2302 226 2499 284; x_wconf 80' lang='grc' dir='ltr'>ἑαυτοῦ</span> <span class='ocrx_word' id='word_1_16' title='bbox 2532 228 2752 302; x_wconf 82' lang='grc' dir='ltr'>Πατέρα</span> <span class='ocrx_word' id='word_1_17' title='bbox 2792 227 2823 281; x_wconf 83' lang='grc' dir='ltr'>ὁ</span> <span class='ocrx_word' id='word_1_18' title='bbox 2857 225 3049 298; x_wconf 77' lang='grc' dir='ltr'>Σωτὴρ</span> <span class='ocrx_word' id='word_1_19' title='bbox 3076 223 3238 296; x_wconf 79' lang='grc' dir='ltr'>ἡμῶν</span> <span class='ocrx_word' id='word_1_20' title='bbox 3274 221 3635 292; x_wconf 72' lang='grc' dir='ltr'>ἀπεφήνατο,</span> 
     </span>
    </p>
   </div>
   <div class='ocr_carea' id='block_1_6' title="bbox 317 324 1909 399">
    <p class='ocr_par' dir='ltr' id='par_1_6' title="bbox 317 324 1909 399">
     <span class='ocr_line' id='line_1_6' title="bbox 317 324 1909 399; baseline -0.001 -16"><span class='ocrx_word' id='word_1_21' title='bbox 317 328 490 394; x_wconf 75' lang='lat' dir='ltr'><strong>ruit‘,</strong></span> <span class='ocrx_word' id='word_1_22' title='bbox 532 340 695 399; x_wconf 85' lang='lat' dir='ltr'><strong>quem</strong></span> <span class='ocrx_word' id='word_1_23' title='bbox 718 334 777 383; x_wconf 92' lang='lat' dir='ltr'><strong>et</strong></span> <span class='ocrx_word' id='word_1_24' title='bbox 809 326 1126 383; x_wconf 89' lang='lat' dir='ltr'><strong>hominibus</strong></span> <span class='ocrx_word' id='word_1_25' title='bbox 1177 324 1481 397; x_wconf 74' lang='lat' dir='ltr'><strong>patefecit);</strong></span> <span class='ocrx_word' id='word_1_26' title='bbox 1507 332 1590 382; x_wconf 91' lang='lat' dir='ltr'><strong>est</strong></span> <span class='ocrx_word' id='word_1_27' title='bbox 1628 333 1810 381; x_wconf 89' lang='lat' dir='ltr'><strong>autem</strong></span> <span class='ocrx_word' id='word_1_28' title='bbox 1855 333 1909 382; x_wconf 91' lang='lat' dir='ltr'><strong>et</strong></span> 
     </span>
    </p>
   </div>
   <div class='ocr_carea' id='block_1_7' title="bbox 315 417 1907 491">
    <p class='ocr_par' dir='ltr' id='par_1_7' title="bbox 315 417 1907 491">
     <span class='ocr_line' id='line_1_7' title="bbox 315 417 1907 491; baseline -0.003 -15"><span class='ocrx_word' id='word_1_29' title='bbox 315 422 599 477; x_wconf 87' lang='lat' dir='ltr'><strong>contraria</strong></span> <span class='ocrx_word' id='word_1_30' title='bbox 646 427 845 475; x_wconf 90' lang='lat' dir='ltr'><strong>natura</strong></span> <span class='ocrx_word' id='word_1_31' title='bbox 876 420 1160 491; x_wconf 66' lang='lat' dir='ltr'><strong>praeditus,</strong></span> <span class='ocrx_word' id='word_1_32' title='bbox 1194 421 1374 474; x_wconf 90' lang='lat' dir='ltr'><strong>malus</strong></span> <span class='ocrx_word' id='word_1_33' title='bbox 1396 417 1651 475; x_wconf 76' lang='lat' dir='ltr'><strong>videlicet</strong></span> <span class='ocrx_word' id='word_1_34' title='bbox 1682 433 1748 474; x_wconf 90' lang='lat' dir='ltr'><strong>ac</strong></span> <span class='ocrx_word' id='word_1_35' title='bbox 1774 433 1907 490; x_wconf 59' lang='lat' dir='ltr'><strong>pra-</strong></span> 
     </span>
    </p>
   </div>
   <div class='ocr_carea' id='block_1_8' title="bbox 314 512 1909 584">
    <p class='ocr_par' dir='ltr' id='par_1_8' title="bbox 314 512 1909 584">
     <span class='ocr_line' id='line_1_8' title="bbox 314 512 1909 584; baseline -0.001 -16"><span class='ocrx_word' id='word_1_36' title='bbox 314 526 441 579; x_wconf 85' lang='lat' dir='ltr'><strong>vus,</strong></span> <span class='ocrx_word' id='word_1_37' title='bbox 468 512 563 584; x_wconf 88' lang='lat' dir='ltr'><strong>qui</strong></span> <span class='ocrx_word' id='word_1_38' title='bbox 588 512 859 583; x_wconf 89' lang='lat' dir='ltr'><strong>injustitia</strong></span> <span class='ocrx_word' id='word_1_39' title='bbox 888 514 1039 569; x_wconf 90' lang='lat' dir='ltr'><strong>velut</strong></span> <span class='ocrx_word' id='word_1_40' title='bbox 1069 513 1289 583; x_wconf 91' lang='lat' dir='ltr'><strong>propria</strong></span> <span class='ocrx_word' id='word_1_41' title='bbox 1331 521 1459 568; x_wconf 90' lang='lat' dir='ltr'><strong>uota</strong></span> <span class='ocrx_word' id='word_1_42' title='bbox 1492 512 1909 567; x_wconf 84' lang='lat' dir='ltr'><strong>circumscribi-</strong></span> 
     </span>
    </p>
   </div>
   <div class='ocr_carea' id='block_1_9' title="bbox 316 608 1909 682">
    <p class='ocr_par' dir='ltr' id='par_1_9' title="bbox 316 608 1909 682">
     <span class='ocr_line' id='line_1_9' title="bbox 316 608 1909 682; baseline -0.001 -17"><span class='ocrx_word' id='word_1_43' title='bbox 316 619 442 678; x_wconf 85' lang='lat' dir='ltr'><strong>tur;</strong></span> <span class='ocrx_word' id='word_1_44' title='bbox 475 611 744 682; x_wconf 75' lang='lat' dir='ltr'><strong>qui&#39;inter</strong></span> <span class='ocrx_word' id='word_1_45' title='bbox 779 610 972 668; x_wconf 89' lang='lat' dir='ltr'><strong>ambos</strong></span> <span class='ocrx_word' id='word_1_46' title='bbox 1003 609 1127 665; x_wconf 89' lang='lat' dir='ltr'><strong>illos</strong></span> <span class='ocrx_word' id='word_1_47' title='bbox 1155 608 1478 678; x_wconf 88' lang='lat' dir='ltr'><strong>interjectus</strong></span> <span class='ocrx_word' id='word_1_48' title='bbox 1503 617 1611 673; x_wconf 89' lang='lat' dir='ltr'><strong>est,</strong></span> <span class='ocrx_word' id='word_1_49' title='bbox 1636 616 1695 661; x_wconf 91' lang='lat' dir='ltr'><strong>ut</strong></span> <span class='ocrx_word' id='word_1_50' title='bbox 1726 622 1909 677; x_wconf 87' lang='lat' dir='ltr'><strong>neque</strong></span> 
     </span>
    </p>
   </div>
   <div class='ocr_carea' id='block_1_10' title="bbox 315 698 1911 772">
    <p class='ocr_par' dir='ltr' id='par_1_10' title="bbox 315 698 1911 772">
     <span class='ocr_line' id='line_1_10' title="bbox 315 698 1911 772; baseline -0.004 -14"><span class='ocrx_word' id='word_1_51' title='bbox 315 702 527 769; x_wconf 86' lang='lat' dir='ltr'><strong>bonus,</strong></span> <span class='ocrx_word' id='word_1_52' title='bbox 587 717 766 772; x_wconf 89' lang='lat' dir='ltr'><strong>neque</strong></span> <span class='ocrx_word' id='word_1_53' title='bbox 818 702 998 757; x_wconf 89' lang='lat' dir='ltr'><strong>malus</strong></span> <span class='ocrx_word' id='word_1_54' title='bbox 1057 701 1129 757; x_wconf 87' lang='lat' dir='ltr'><strong>sit</strong></span> <span class='ocrx_word' id='word_1_55' title='bbox 1189 708 1283 755; x_wconf 87' lang='lat' dir='ltr'><strong>aut</strong></span> <span class='ocrx_word' id='word_1_56' title='bbox 1328 699 1590 770; x_wconf 90' lang='lat' dir='ltr'><strong>injustus,</strong></span> <span class='ocrx_word' id='word_1_57' title='bbox 1645 698 1911 768; x_wconf 76' lang='lat' dir='ltr'><strong>peculiari</strong></span> 
     </span>
    </p>
   </div>
   <div class='ocr_carea' id='block_1_11' title="bbox 316 794 1911 867">
    <p class='ocr_par' dir='ltr' id='par_1_11' title="bbox 316 794 1911 867">
     <span class='ocr_line' id='line_1_11' title="bbox 316 794 1911 867; baseline -0.003 -16"><span class='ocrx_word' id='word_1_58' title='bbox 316 797 553 867; x_wconf 88' lang='lat' dir='ltr'><strong>quadam</strong></span> <span class='ocrx_word' id='word_1_59' title='bbox 589 795 807 851; x_wconf 85' lang='lat' dir='ltr'><strong>ratione</strong></span> <span class='ocrx_word' id='word_1_60' title='bbox 851 795 1039 866; x_wconf 89' lang='lat' dir='ltr'><strong>justus</strong></span> <span class='ocrx_word' id='word_1_61' title='bbox 1070 794 1333 865; x_wconf 91' lang='lat' dir='ltr'><strong>appellari</strong></span> <span class='ocrx_word' id='word_1_62' title='bbox 1394 802 1593 864; x_wconf 84' lang='lat' dir='ltr'><strong>potest,</strong></span> <span class='ocrx_word' id='word_1_63' title='bbox 1631 798 1911 863; x_wconf 84' lang='lat' dir='ltr'><strong>quatenus</strong></span> 
     </span>
    </p>
   </div>
   <div class='ocr_carea' id='block_1_12' title="bbox 315 883 1912 959">
    <p class='ocr_par' dir='ltr' id='par_1_12' title="bbox 315 883 1912 959">
     <span class='ocr_line' id='line_1_12' title="bbox 315 883 1912 959; baseline -0.001 -18"><span class='ocrx_word' id='word_1_64' title='bbox 315 888 550 959; x_wconf 86' lang='lat' dir='ltr'><strong>justitiae</strong></span> <span class='ocrx_word' id='word_1_65' title='bbox 579 903 744 959; x_wconf 90' lang='lat' dir='ltr'><strong>quam</strong></span> <span class='ocrx_word' id='word_1_66' title='bbox 776 887 942 943; x_wconf 88' lang='lat' dir='ltr'><strong>habet</strong></span> <span class='ocrx_word' id='word_1_67' title='bbox 995 886 1374 943; x_wconf 85' lang='lat' dir='ltr'><strong>moderatione</strong></span> <span class='ocrx_word' id='word_1_68' title='bbox 1418 884 1687 956; x_wconf 80' lang='lat' dir='ltr'><strong>fungitur.</strong></span> <span class='ocrx_word' id='word_1_69' title='bbox 1732 883 1912 954; x_wconf 83' lang='lat' dir='ltr'><strong>Atque</strong></span> 
     </span>
    </p>
   </div>
   <div class='ocr_carea' id='block_1_13' title="bbox 319 976 1913 1052">
    <p class='ocr_par' dir='ltr' id='par_1_13' title="bbox 319 976 1913 1052">
     <span class='ocr_line' id='line_1_13' title="bbox 319 976 1913 1052; baseline -0.003 -16"><span class='ocrx_word' id='word_1_70' title='bbox 319 990 375 1036; x_wconf 88' lang='lat' dir='ltr'><strong>et</strong></span> <span class='ocrx_word' id='word_1_71' title='bbox 403 979 645 1052; x_wconf 83' lang='lat' dir='ltr'><strong>perfecto</strong></span> <span class='ocrx_word' id='word_1_72' title='bbox 677 979 787 1036; x_wconf 91' lang='lat' dir='ltr'><strong>Deo</strong></span> <span class='ocrx_word' id='word_1_73' title='bbox 826 980 1029 1047; x_wconf 90' lang='lat' dir='ltr'><strong>minor,</strong></span> <span class='ocrx_word' id='word_1_74' title='bbox 1079 987 1135 1035; x_wconf 90' lang='lat' dir='ltr'><strong>et</strong></span> <span class='ocrx_word' id='word_1_75' title='bbox 1168 978 1399 1049; x_wconf 69' lang='lat' dir='ltr'><strong>justitiae</strong></span> <span class='ocrx_word' id='word_1_76' title='bbox 1434 979 1582 1033; x_wconf 92' lang='lat' dir='ltr'><strong>illius</strong></span> <span class='ocrx_word' id='word_1_77' title='bbox 1631 978 1810 1049; x_wconf 86' lang='lat' dir='ltr'><strong>impar</strong></span> <span class='ocrx_word' id='word_1_78' title='bbox 1840 976 1913 1033; x_wconf 90' lang='lat' dir='ltr'><strong>sit</strong></span> 
     </span>
    </p>
   </div>
   <div class='ocr_carea' id='block_1_14' title="bbox 319 1070 1913 1143">
    <p class='ocr_par' dir='ltr' id='par_1_14' title="bbox 319 1070 1913 1143">
     <span class='ocr_line' id='line_1_14' title="bbox 319 1070 1913 1143; baseline -0.001 -16"><span class='ocrx_word' id='word_1_79' title='bbox 319 1073 461 1128; x_wconf 87' lang='lat' dir='ltr'><strong>idem</strong></span> <span class='ocrx_word' id='word_1_80' title='bbox 498 1073 587 1128; x_wconf 91' lang='lat' dir='ltr'><strong>ille</strong></span> <span class='ocrx_word' id='word_1_81' title='bbox 604 1072 748 1129; x_wconf 89' lang='lat' dir='ltr'><strong>Deus</strong></span> <span class='ocrx_word' id='word_1_82' title='bbox 768 1080 1005 1143; x_wconf 88' lang='lat' dir='ltr'><strong>oportet,</strong></span> <span class='ocrx_word' id='word_1_83' title='bbox 1028 1080 1215 1143; x_wconf 90' lang='lat' dir='ltr'><strong>utpote</strong></span> <span class='ocrx_word' id='word_1_84' title='bbox 1233 1086 1343 1127; x_wconf 89' lang='lat' dir='ltr'><strong>non</strong></span> <span class='ocrx_word' id='word_1_85' title='bbox 1364 1070 1668 1143; x_wconf 80' lang='lat' dir='ltr'><strong>ingenitus,</strong></span> <span class='ocrx_word' id='word_1_86' title='bbox 1690 1070 1785 1126; x_wconf 91' lang='lat' dir='ltr'><strong>sed</strong></span> <span class='ocrx_word' id='word_1_87' title='bbox 1818 1085 1913 1142; x_wconf 80' lang='lat' dir='ltr'><strong>ge-</strong></span> 
     </span>
    </p>
   </div>
   <div class='ocr_carea' id='block_1_15' title="bbox 319 1161 1911 1235">
    <p class='ocr_par' dir='ltr' id='par_1_15' title="bbox 319 1161 1911 1235">
     <span class='ocr_line' id='line_1_15' title="bbox 319 1161 1911 1235; baseline -0.001 -18"><span class='ocrx_word' id='word_1_88' title='bbox 319 1168 602 1220; x_wconf 83' lang='lat' dir='ltr'><strong>neratione</strong></span> <span class='ocrx_word' id='word_1_89' title='bbox 623 1164 942 1235; x_wconf 89' lang='lat' dir='ltr'><strong>productus.</strong></span> <span class='ocrx_word' id='word_1_90' title='bbox 972 1163 1125 1219; x_wconf 84' lang='lat' dir='ltr'><strong>Unus</strong></span> <span class='ocrx_word' id='word_1_91' title='bbox 1146 1170 1235 1220; x_wconf 86' lang='lat' dir='ltr'><strong>est</strong></span> <span class='ocrx_word' id='word_1_92' title='bbox 1262 1164 1408 1219; x_wconf 88' lang='lat' dir='ltr'><strong>enim</strong></span> <span class='ocrx_word' id='word_1_93' title='bbox 1434 1163 1706 1235; x_wconf 86' lang='lat' dir='ltr'><strong>ingenitus</strong></span> <span class='ocrx_word' id='word_1_94' title='bbox 1728 1161 1911 1226; x_wconf 83' lang='lat' dir='ltr'><strong>Pater,</strong></span> 
     </span>
    </p>
   </div>
   <div class='ocr_carea' id='block_1_16' title="bbox 319 1253 1915 1325">
    <p class='ocr_par' dir='ltr' id='par_1_16' title="bbox 319 1253 1915 1325">
     <span class='ocr_line' id='line_1_16' title="bbox 319 1253 1915 1325; baseline -0.001 -17"><span class='ocrx_word' id='word_1_95' title='bbox 319 1254 483 1323; x_wconf 77' lang='lat'><strong>222</strong></span> <span class='ocrx_word' id='word_1_96' title='bbox 519 1269 549 1308; x_wconf 89' lang='lat' dir='ltr'><strong>a</strong></span> <span class='ocrx_word' id='word_1_97' title='bbox 577 1271 689 1325; x_wconf 88' lang='lat' dir='ltr'><strong>quo</strong></span> <span class='ocrx_word' id='word_1_98' title='bbox 728 1254 949 1325; x_wconf 87' lang='lat' dir='ltr'><strong>proprie</strong></span> <span class='ocrx_word' id='word_1_99' title='bbox 995 1262 1125 1309; x_wconf 90' lang='lat' dir='ltr'><strong>sunt</strong></span> <span class='ocrx_word' id='word_1_100' title='bbox 1188 1253 1448 1309; x_wconf 87' lang='lat' dir='ltr'><strong>universa</strong></span> <span class='ocrx_word' id='word_1_101' title='bbox 1474 1295 1489 1320; x_wconf 92' lang='lat'><strong>,</strong></span> <span class='ocrx_word' id='word_1_102' title='bbox 1553 1267 1678 1308; x_wconf 92' lang='lat' dir='ltr'><strong>cum</strong></span> <span class='ocrx_word' id='word_1_103' title='bbox 1736 1253 1806 1307; x_wconf 90' lang='lat' dir='ltr'><strong>ab</strong></span> <span class='ocrx_word' id='word_1_104' title='bbox 1847 1266 1915 1308; x_wconf 88' lang='lat' dir='ltr'><strong>eo</strong></span> 
     </span>
    </p>
   </div>
   <div class='ocr_carea' id='block_1_17' title="bbox 319 1342 1915 1416">
    <p class='ocr_par' dir='ltr' id='par_1_17' title="bbox 319 1342 1915 1416">
     <span class='ocr_line' id='line_1_17' title="bbox 319 1342 1915 1416; baseline -0.001 -18"><span class='ocrx_word' id='word_1_105' title='bbox 319 1358 448 1415; x_wconf 86' lang='lat' dir='ltr'><strong>apta</strong></span> <span class='ocrx_word' id='word_1_106' title='bbox 490 1346 603 1400; x_wconf 87' lang='lat' dir='ltr'><strong>sint</strong></span> <span class='ocrx_word' id='word_1_107' title='bbox 639 1353 694 1402; x_wconf 92' lang='lat' dir='ltr'><strong>et</strong></span> <span class='ocrx_word' id='word_1_108' title='bbox 722 1360 1028 1416; x_wconf 88' lang='lat' dir='ltr'><strong>suspensa:</strong></span> <span class='ocrx_word' id='word_1_109' title='bbox 1064 1345 1169 1399; x_wconf 90' lang='lat' dir='ltr'><strong>erit</strong></span> <span class='ocrx_word' id='word_1_110' title='bbox 1221 1351 1406 1398; x_wconf 86' lang='lat' dir='ltr'><strong>tamen</strong></span> <span class='ocrx_word' id='word_1_111' title='bbox 1469 1342 1788 1399; x_wconf 88' lang='lat' dir='ltr'><strong>adversario</strong></span> <span class='ocrx_word' id='word_1_112' title='bbox 1820 1342 1915 1397; x_wconf 88' lang='lat' dir='ltr'><strong>illo</strong></span> 
     </span>
    </p>
   </div>
   <div class='ocr_carea' id='block_1_18' title="bbox 319 1434 1915 1510">
    <p class='ocr_par' dir='ltr' id='par_1_18' title="bbox 319 1434 1915 1510">
     <span class='ocr_line' id='line_1_18' title="bbox 319 1434 1915 1510; baseline -0.001 -19"><span class='ocrx_word' id='word_1_113' title='bbox 319 1437 494 1493; x_wconf 87' lang='lat' dir='ltr'><strong>altero</strong></span> <span class='ocrx_word' id='word_1_114' title='bbox 527 1437 705 1509; x_wconf 85' lang='lat' dir='ltr'><strong>major</strong></span> <span class='ocrx_word' id='word_1_115' title='bbox 747 1453 813 1492; x_wconf 88' lang='lat' dir='ltr'><strong>ac</strong></span> <span class='ocrx_word' id='word_1_116' title='bbox 862 1436 1240 1510; x_wconf 82' lang='lat' dir='ltr'><strong>praestantior,</strong></span> <span class='ocrx_word' id='word_1_117' title='bbox 1268 1436 1490 1491; x_wconf 88' lang='lat' dir='ltr'><strong>tametsi</strong></span> <span class='ocrx_word' id='word_1_118' title='bbox 1528 1434 1809 1490; x_wconf 81' lang='lat' dir='ltr'><strong>diversam</strong></span> <span class='ocrx_word' id='word_1_119' title='bbox 1843 1435 1915 1490; x_wconf 88' lang='lat' dir='ltr'><strong>sit</strong></span> 
     </span>
    </p>
   </div>
   <div class='ocr_carea' id='block_1_19' title="bbox 320 1523 1911 1599">
    <p class='ocr_par' dir='ltr' id='par_1_19' title="bbox 320 1523 1911 1599">
     <span class='ocr_line' id='line_1_19' title="bbox 320 1523 1911 1599; baseline -0.002 -18"><span class='ocrx_word' id='word_1_120' title='bbox 320 1527 391 1583; x_wconf 91' lang='lat' dir='ltr'><strong>ab</strong></span> <span class='ocrx_word' id='word_1_121' title='bbox 416 1536 652 1599; x_wconf 85' lang='lat' dir='ltr'><strong>utroque</strong></span> <span class='ocrx_word' id='word_1_122' title='bbox 680 1536 936 1583; x_wconf 91' lang='lat' dir='ltr'><strong>naturam</strong></span> <span class='ocrx_word' id='word_1_123' title='bbox 980 1526 1460 1596; x_wconf 85' lang='lat' dir='ltr'><strong>substantiamque</strong></span> <span class='ocrx_word' id='word_1_124' title='bbox 1489 1527 1741 1583; x_wconf 85' lang='lat' dir='ltr'><strong>sortitus.</strong></span> <span class='ocrx_word' id='word_1_125' title='bbox 1775 1523 1911 1579; x_wconf 85' lang='lat' dir='ltr'><strong>Nam</strong></span> 
     </span>
    </p>
   </div>
   <div class='ocr_carea' id='block_1_20' title="bbox 2011 314 3629 395">
    <p class='ocr_par' dir='ltr' id='par_1_20' title="bbox 2011 314 3629 395">
     <span class='ocr_line' id='line_1_20' title="bbox 2011 314 3629 395; baseline -0.009 -16"><span class='ocrx_word' id='word_1_126' title='bbox 2011 326 2071 379; x_wconf 82' lang='grc' dir='ltr'>ὃν</span> <span class='ocrx_word' id='word_1_127' title='bbox 2099 324 2263 390; x_wconf 79' lang='grc' dir='ltr'>αὐτὸς</span> <span class='ocrx_word' id='word_1_128' title='bbox 2305 322 2702 395; x_wconf 76' lang='grc' dir='ltr'>ὲφανέρωσεν)·</span> <span class='ocrx_word' id='word_1_129' title='bbox 2745 320 2862 374; x_wconf 77' lang='grc' dir='ltr'>ἔστι</span> <span class='ocrx_word' id='word_1_130' title='bbox 2899 319 2957 373; x_wconf 83' lang='grc' dir='ltr'><strong>δὲ</strong></span> <span class='ocrx_word' id='word_1_131' title='bbox 2999 318 3095 373; x_wconf 82' lang='grc' dir='ltr'><strong>καὶ</strong></span> <span class='ocrx_word' id='word_1_132' title='bbox 3129 318 3158 370; x_wconf 83' lang='grc' dir='ltr'>ὁ</span> <span class='ocrx_word' id='word_1_133' title='bbox 3190 316 3293 387; x_wconf 82' lang='grc' dir='ltr'>τῆς</span> <span class='ocrx_word' id='word_1_134' title='bbox 3328 314 3434 368; x_wconf 87' lang='grc' dir='ltr'><strong>τοῦ</strong></span> <span class='ocrx_word' id='word_1_135' title='bbox 3478 315 3629 367; x_wconf 64' lang='grc' dir='ltr'>ἀντι-</span> 
     </span>
    </p>
   </div>
   <div class='ocr_carea' id='block_1_21' title="bbox 2010 404 3631 488">
    <p class='ocr_par' dir='ltr' id='par_1_21' title="bbox 2010 404 3631 488">
     <span class='ocr_line' id='line_1_21' title="bbox 2010 404 3631 488; baseline -0.009 -18"><span class='ocrx_word' id='word_1_136' title='bbox 2010 416 2265 488; x_wconf 80' lang='grc' dir='ltr'><strong>κειμένου</strong></span> <span class='ocrx_word' id='word_1_137' title='bbox 2311 414 2527 485; x_wconf 81' lang='grc' dir='ltr'>φύσεως</span> <span class='ocrx_word' id='word_1_138' title='bbox 2572 412 2743 475; x_wconf 82' lang='grc' dir='ltr'>κακός</span> <span class='ocrx_word' id='word_1_139' title='bbox 2782 428 2843 464; x_wconf 89' lang='grc' dir='ltr'><strong>τε</strong></span> <span class='ocrx_word' id='word_1_140' title='bbox 2891 410 2988 464; x_wconf 77' lang='grc' dir='ltr'><strong>καὶ</strong></span> <span class='ocrx_word' id='word_1_141' title='bbox 3037 407 3297 480; x_wconf 82' lang='grc' dir='ltr'>πονηρὸς,</span> <span class='ocrx_word' id='word_1_142' title='bbox 3347 407 3413 459; x_wconf 79' lang='grc' dir='ltr'>ὲν</span> <span class='ocrx_word' id='word_1_143' title='bbox 3445 404 3631 476; x_wconf 61' lang='grc' dir='ltr'>ἀδικίᾳ</span> 
     </span>
    </p>
   </div>
   <div class='ocr_carea' id='block_1_22' title="bbox 2011 496 3631 581">
    <p class='ocr_par' dir='ltr' id='par_1_22' title="bbox 2011 496 3631 581">
     <span class='ocr_line' id='line_1_22' title="bbox 2011 496 3631 581; baseline -0.009 -18"><span class='ocrx_word' id='word_1_144' title='bbox 2011 505 2574 581; x_wconf 79' lang='grc' dir='ltr'>χαρακτηριζόμενος.</span> <span class='ocrx_word' id='word_1_145' title='bbox 2604 504 2827 559; x_wconf 79' lang='grc' dir='ltr'><strong>Τούτων</strong></span> <span class='ocrx_word' id='word_1_146' title='bbox 2861 503 2917 557; x_wconf 80' lang='grc' dir='ltr'><strong>δὲ</strong></span> <span class='ocrx_word' id='word_1_147' title='bbox 2963 496 3058 555; x_wconf 84' lang='grc' dir='ltr'><strong>οῦν</strong></span> <span class='ocrx_word' id='word_1_148' title='bbox 3095 502 3260 573; x_wconf 83' lang='grc' dir='ltr'><strong>μέσον</strong></span> <span class='ocrx_word' id='word_1_149' title='bbox 3312 496 3631 560; x_wconf 77' lang='grc' dir='ltr'>καθεστὼς,</span> 
     </span>
    </p>
   </div>
   <div class='ocr_carea' id='block_1_23' title="bbox 2011 589 3632 671">
    <p class='ocr_par' dir='ltr' id='par_1_23' title="bbox 2011 589 3632 671">
     <span class='ocr_line' id='line_1_23' title="bbox 2011 589 3632 671; baseline -0.008 -18"><span class='ocrx_word' id='word_1_150' title='bbox 2011 601 2106 653; x_wconf 75' lang='grc' dir='ltr'>καὶ</span> <span class='ocrx_word' id='word_1_151' title='bbox 2135 600 2272 671; x_wconf 85' lang='grc' dir='ltr'>μήτε</span> <span class='ocrx_word' id='word_1_152' title='bbox 2311 597 2516 667; x_wconf 80' lang='grc' dir='ltr'>ἀγαθὸς</span> <span class='ocrx_word' id='word_1_153' title='bbox 2540 597 2637 662; x_wconf 83' lang='grc' dir='ltr'><strong>ῶν,</strong></span> <span class='ocrx_word' id='word_1_154' title='bbox 2673 596 2810 667; x_wconf 85' lang='grc' dir='ltr'>μήτε</span> <span class='ocrx_word' id='word_1_155' title='bbox 2846 593 2953 665; x_wconf 81' lang='grc' dir='ltr'>μὴν</span> <span class='ocrx_word' id='word_1_156' title='bbox 2997 593 3188 656; x_wconf 78' lang='grc' dir='ltr'>κακὸς,</span> <span class='ocrx_word' id='word_1_157' title='bbox 3235 590 3381 661; x_wconf 71' lang='grc' dir='ltr'>μήτε</span> <span class='ocrx_word' id='word_1_158' title='bbox 3418 589 3632 651; x_wconf 73' lang='grc' dir='ltr'>ἄδικος,</span> 
     </span>
    </p>
   </div>
   <div class='ocr_carea' id='block_1_24' title="bbox 2015 682 3633 763">
    <p class='ocr_par' dir='ltr' id='par_1_24' title="bbox 2015 682 3633 763">
     <span class='ocr_line' id='line_1_24' title="bbox 2015 682 3633 763; baseline -0.007 -17"><span class='ocrx_word' id='word_1_159' title='bbox 2015 692 2162 756; x_wconf 79' lang='grc' dir='ltr'>ἰδίως</span> <span class='ocrx_word' id='word_1_160' title='bbox 2189 710 2248 745; x_wconf 84' lang='grc' dir='ltr'><strong>τε</strong></span> <span class='ocrx_word' id='word_1_161' title='bbox 2282 690 2502 763; x_wconf 81' lang='grc' dir='ltr'>λεχθείη</span> <span class='ocrx_word' id='word_1_162' title='bbox 2530 691 2596 745; x_wconf 83' lang='grc' dir='ltr'><strong>ἂν</strong></span> <span class='ocrx_word' id='word_1_163' title='bbox 2623 689 2853 754; x_wconf 83' lang='grc' dir='ltr'>δίκαιος,</span> <span class='ocrx_word' id='word_1_164' title='bbox 2892 688 2994 759; x_wconf 77' lang='grc' dir='ltr'>τῆς</span> <span class='ocrx_word' id='word_1_165' title='bbox 3036 688 3157 739; x_wconf 84' lang='grc' dir='ltr'>κατ’</span> <span class='ocrx_word' id='word_1_166' title='bbox 3202 686 3373 738; x_wconf 79' lang='grc' dir='ltr'>αὑτὸν</span> <span class='ocrx_word' id='word_1_167' title='bbox 3420 682 3633 736; x_wconf 61' lang='lat' dir='ltr'><strong>amato-</strong></span> 
     </span>
    </p>
   </div>
   <div class='ocr_carea' id='block_1_25' title="bbox 2014 776 3634 859">
    <p class='ocr_par' dir='ltr' id='par_1_25' title="bbox 2014 776 3634 859">
     <span class='ocr_line' id='line_1_25' title="bbox 2014 776 3634 859; baseline -0.007 -19"><span class='ocrx_word' id='word_1_168' title='bbox 2014 785 2183 859; x_wconf 86' lang='grc' dir='ltr'>σύνης</span> <span class='ocrx_word' id='word_1_169' title='bbox 2207 783 2282 838; x_wconf 82' lang='grc' dir='ltr'>ὢν</span> <span class='ocrx_word' id='word_1_170' title='bbox 2327 782 2802 857; x_wconf 52' lang='grc' dir='ltr'>βραϐευτήᾳΚαὶ</span> <span class='ocrx_word' id='word_1_171' title='bbox 2853 781 3007 835; x_wconf 73' lang='grc' dir='ltr'>ἔσται</span> <span class='ocrx_word' id='word_1_172' title='bbox 3050 780 3151 852; x_wconf 84' lang='grc' dir='ltr'><strong>μὲν</strong></span> <span class='ocrx_word' id='word_1_173' title='bbox 3188 776 3634 845; x_wconf 76' lang='grc' dir='ltr'>καταδεέστερος</span> 
     </span>
    </p>
   </div>
   <div class='ocr_carea' id='block_1_26' title="bbox 2010 868 3628 946">
    <p class='ocr_par' dir='ltr' id='par_1_26' title="bbox 2010 868 3628 946">
     <span class='ocr_line' id='line_1_26' title="bbox 2010 868 3628 946; baseline -0.009 -12"><span class='ocrx_word' id='word_1_174' title='bbox 2010 880 2105 934; x_wconf 85' lang='grc' dir='ltr'><strong>τοῦ</strong></span> <span class='ocrx_word' id='word_1_175' title='bbox 2134 879 2343 934; x_wconf 80' lang='grc' dir='ltr'><strong>τελείου</strong></span> <span class='ocrx_word' id='word_1_176' title='bbox 2375 877 2535 942; x_wconf 83' lang='grc' dir='ltr'>Θεοῦ,</span> <span class='ocrx_word' id='word_1_177' title='bbox 2578 876 2797 946; x_wconf 78' lang='grc' dir='ltr'>καὶτῆς</span> <span class='ocrx_word' id='word_1_178' title='bbox 2831 875 3045 928; x_wconf 78' lang='grc' dir='ltr'>ἐκείνου</span> <span class='ocrx_word' id='word_1_179' title='bbox 3081 870 3447 942; x_wconf 76' lang='grc' dir='ltr'><strong>δικαιοσύνης</strong></span> <span class='ocrx_word' id='word_1_180' title='bbox 3476 868 3628 921; x_wconf 76' lang='grc' dir='ltr'>ὲλάτο</span> 
     </span>
    </p>
   </div>
   <div class='ocr_carea' id='block_1_27' title="bbox 2011 958 3626 1041">
    <p class='ocr_par' dir='ltr' id='par_1_27' title="bbox 2011 958 3626 1041">
     <span class='ocr_line' id='line_1_27' title="bbox 2011 958 3626 1041; baseline -0.007 -15"><span class='ocrx_word' id='word_1_181' title='bbox 2011 989 2122 1026; x_wconf 88' lang='grc' dir='ltr'><strong>των</strong></span> <span class='ocrx_word' id='word_1_182' title='bbox 2145 966 2301 1036; x_wconf 75' lang='grc' dir='ltr'>οὗτος</span> <span class='ocrx_word' id='word_1_183' title='bbox 2341 972 2372 1025; x_wconf 87' lang='grc' dir='ltr'><strong>ό</strong></span> <span class='ocrx_word' id='word_1_184' title='bbox 2414 969 2572 1034; x_wconf 82' lang='grc' dir='ltr'>Θεὸς,</span> <span class='ocrx_word' id='word_1_185' title='bbox 2608 968 2703 1023; x_wconf 76' lang='grc' dir='ltr'>ἆτε</span> <span class='ocrx_word' id='word_1_186' title='bbox 2739 967 2804 1041; x_wconf 76' lang='grc' dir='ltr'><strong>δὴ</strong></span> <span class='ocrx_word' id='word_1_187' title='bbox 2844 967 2939 1022; x_wconf 76' lang='grc' dir='ltr'>καὶ</span> <span class='ocrx_word' id='word_1_188' title='bbox 2970 965 3229 1037; x_wconf 80' lang='grc' dir='ltr'><strong>γεννητὸς</strong></span> <span class='ocrx_word' id='word_1_189' title='bbox 3265 964 3369 1029; x_wconf 84' lang='grc' dir='ltr'>ὣν,</span> <span class='ocrx_word' id='word_1_190' title='bbox 3404 962 3509 1015; x_wconf 70' lang='grc' dir='ltr'>καὶ</span> <span class='ocrx_word' id='word_1_191' title='bbox 3541 958 3626 1015; x_wconf 74' lang='grc' dir='ltr'>οὖν</span> 
     </span>
    </p>
   </div>
   <div class='ocr_carea' id='block_1_28' title="bbox 2013 1046 3623 1135">
    <p class='ocr_par' dir='ltr' id='par_1_28' title="bbox 2013 1046 3623 1135">
     <span class='ocr_line' id='line_1_28' title="bbox 2013 1046 3623 1135; baseline -0.009 -16"><span class='ocrx_word' id='word_1_192' title='bbox 2013 1064 2308 1135; x_wconf 67' lang='grc' dir='ltr'>ἀγέννητος</span> <span class='ocrx_word' id='word_1_193' title='bbox 2344 1056 2449 1133; x_wconf 80' lang='grc' dir='ltr'>(εἷς</span> <span class='ocrx_word' id='word_1_194' title='bbox 2489 1063 2599 1134; x_wconf 81' lang='grc' dir='ltr'>γάρ</span> <span class='ocrx_word' id='word_1_195' title='bbox 2633 1062 2782 1116; x_wconf 73' lang='grc' dir='ltr'>ἐστιν</span> <span class='ocrx_word' id='word_1_196' title='bbox 2830 1058 3128 1130; x_wconf 82' lang='grc' dir='ltr'>ἀγέννητος</span> <span class='ocrx_word' id='word_1_197' title='bbox 3155 1059 3185 1111; x_wconf 87' lang='grc' dir='ltr'>ὁ</span> <span class='ocrx_word' id='word_1_198' title='bbox 3214 1055 3442 1126; x_wconf 84' lang='grc' dir='ltr'>Πατὴρ,</span> <span class='ocrx_word' id='word_1_199' title='bbox 3480 1052 3543 1117; x_wconf 74' lang='grc' dir='ltr'>ἐξ</span> <span class='ocrx_word' id='word_1_200' title='bbox 3568 1046 3623 1106; x_wconf 68' lang='grc' dir='ltr'>οὗ</span> 
     </span>
    </p>
   </div>
   <div class='ocr_carea' id='block_1_29' title="bbox 2013 1144 3615 1223">
    <p class='ocr_par' dir='ltr' id='par_1_29' title="bbox 2013 1144 3615 1223">
     <span class='ocr_line' id='line_1_29' title="bbox 2013 1144 3615 1223; baseline -0.009 -11"><span class='ocrx_word' id='word_1_201' title='bbox 2013 1158 2082 1212; x_wconf 78' lang='grc' dir='ltr'>τὰ</span> <span class='ocrx_word' id='word_1_202' title='bbox 2111 1157 2289 1211; x_wconf 87' lang='grc' dir='ltr'>πάντα</span> <span class='ocrx_word' id='word_1_203' title='bbox 2312 1156 2478 1222; x_wconf 78' lang='grc' dir='ltr'>ἰδίως,</span> <span class='ocrx_word' id='word_1_204' title='bbox 2510 1154 2620 1209; x_wconf 89' lang='grc' dir='ltr'><strong>τῶν</strong></span> <span class='ocrx_word' id='word_1_205' title='bbox 2651 1152 2871 1208; x_wconf 81' lang='grc' dir='ltr'>πάντων</span> <span class='ocrx_word' id='word_1_206' title='bbox 2898 1150 3227 1223; x_wconf 77' lang='grc' dir='ltr'>ἠρτημένων</span> <span class='ocrx_word' id='word_1_207' title='bbox 3266 1148 3368 1203; x_wconf 79' lang='grc' dir='ltr'>ἀπ’</span> <span class='ocrx_word' id='word_1_208' title='bbox 3400 1144 3615 1213; x_wconf 69' lang='grc' dir='ltr'>αὑτοῦν</span> 
     </span>
    </p>
   </div>
   <div class='ocr_carea' id='block_1_30' title="bbox 2019 1238 3619 1323">
    <p class='ocr_par' dir='ltr' id='par_1_30' title="bbox 2019 1238 3619 1323">
     <span class='ocr_line' id='line_1_30' title="bbox 2019 1238 3619 1323; baseline -0.01 -18"><span class='ocrx_word' id='word_1_209' title='bbox 2019 1251 2228 1323; x_wconf 78' lang='grc' dir='ltr'>μείζων</span> <span class='ocrx_word' id='word_1_210' title='bbox 2272 1248 2327 1303; x_wconf 82' lang='grc' dir='ltr'>δὲ</span> <span class='ocrx_word' id='word_1_211' title='bbox 2372 1249 2468 1302; x_wconf 78' lang='grc' dir='ltr'>καὶ</span> <span class='ocrx_word' id='word_1_212' title='bbox 2513 1245 2851 1319; x_wconf 83' lang='grc' dir='ltr'>κυριώτερος</span> <span class='ocrx_word' id='word_1_213' title='bbox 2914 1243 3014 1298; x_wconf 82' lang='grc' dir='ltr'><strong>τοῦ</strong></span> <span class='ocrx_word' id='word_1_214' title='bbox 3055 1239 3488 1312; x_wconf 81' lang='grc' dir='ltr'>ἀντικειμένου,</span> <span class='ocrx_word' id='word_1_215' title='bbox 3533 1238 3619 1290; x_wconf 79' lang='grc' dir='ltr'><strong>καὶ</strong></span> 
     </span>
    </p>
   </div>
   <div class='ocr_carea' id='block_1_31' title="bbox 2015 1330 3619 1416">
    <p class='ocr_par' dir='ltr' id='par_1_31' title="bbox 2015 1330 3619 1416">
     <span class='ocr_line' id='line_1_31' title="bbox 2015 1330 3619 1416; baseline -0.01 -19"><span class='ocrx_word' id='word_1_216' title='bbox 2015 1343 2211 1416; x_wconf 80' lang='grc' dir='ltr'>ἐτέρας</span> <span class='ocrx_word' id='word_1_217' title='bbox 2253 1342 2443 1406; x_wconf 76' lang='grc' dir='ltr'>οὐσίας</span> <span class='ocrx_word' id='word_1_218' title='bbox 2490 1359 2551 1395; x_wconf 88' lang='grc' dir='ltr'><strong>τε</strong></span> <span class='ocrx_word' id='word_1_219' title='bbox 2607 1340 2704 1395; x_wconf 76' lang='grc' dir='ltr'><strong>καὶ</strong></span> <span class='ocrx_word' id='word_1_220' title='bbox 2755 1339 2972 1409; x_wconf 82' lang='grc' dir='ltr'>φύσεως</span> <span class='ocrx_word' id='word_1_221' title='bbox 3012 1334 3275 1406; x_wconf 79' lang='grc' dir='ltr'>πεφυκὼς</span> <span class='ocrx_word' id='word_1_222' title='bbox 3324 1331 3489 1403; x_wconf 77' lang='grc' dir='ltr'><strong>παρά</strong></span> <span class='ocrx_word' id='word_1_223' title='bbox 3528 1330 3619 1401; x_wconf 73' lang='grc' dir='ltr'><strong>τὴν</strong></span> 
     </span>
    </p>
   </div>
   <div class='ocr_carea' id='block_1_32' title="bbox 2014 1422 3615 1508">
    <p class='ocr_par' dir='ltr' id='par_1_32' title="bbox 2014 1422 3615 1508">
     <span class='ocr_line' id='line_1_32' title="bbox 2014 1422 3615 1508; baseline -0.009 -19"><span class='ocrx_word' id='word_1_224' title='bbox 2014 1436 2292 1508; x_wconf 77' lang='grc' dir='ltr'><strong>ἑκατέρων</strong></span> <span class='ocrx_word' id='word_1_225' title='bbox 2316 1435 2525 1489; x_wconf 80' lang='grc' dir='ltr'>τούτων</span> <span class='ocrx_word' id='word_1_226' title='bbox 2562 1434 2772 1489; x_wconf 80' lang='grc' dir='ltr'>οὐσίαν.</span> <span class='ocrx_word' id='word_1_227' title='bbox 2800 1432 2907 1487; x_wconf 85' lang='grc' dir='ltr'>Τοῦ</span> <span class='ocrx_word' id='word_1_228' title='bbox 2943 1432 3042 1503; x_wconf 84' lang='grc' dir='ltr'>μὲν</span> <span class='ocrx_word' id='word_1_229' title='bbox 3084 1429 3196 1501; x_wconf 83' lang='grc' dir='ltr'>γὰρ</span> <span class='ocrx_word' id='word_1_230' title='bbox 3231 1422 3615 1495; x_wconf 78' lang='grc' dir='ltr'><strong>ἀντικειμένου</strong></span> 
     </span>
    </p>
   </div>
   <div class='ocr_carea' id='block_1_33' title="bbox 2014 1510 3615 1602">
    <p class='ocr_par' dir='ltr' id='par_1_33' title="bbox 2014 1510 3615 1602">
     <span class='ocr_line' id='line_1_33' title="bbox 2014 1510 3615 1602; baseline -0.007 -21"><span class='ocrx_word' id='word_1_231' title='bbox 2014 1531 2163 1585; x_wconf 72' lang='grc' dir='ltr'>ἐστὶν</span> <span class='ocrx_word' id='word_1_232' title='bbox 2194 1532 2228 1602; x_wconf 83' lang='grc' dir='ltr'>ἡ</span> <span class='ocrx_word' id='word_1_233' title='bbox 2260 1529 2440 1594; x_wconf 78' lang='grc' dir='ltr'>οὐσία,</span> <span class='ocrx_word' id='word_1_234' title='bbox 2470 1529 2649 1600; x_wconf 81' lang='grc' dir='ltr'>φθορά</span> <span class='ocrx_word' id='word_1_235' title='bbox 2671 1546 2733 1582; x_wconf 88' lang='grc' dir='ltr'><strong>τε</strong></span> <span class='ocrx_word' id='word_1_236' title='bbox 2758 1530 2851 1583; x_wconf 76' lang='grc' dir='ltr'>καὶ</span> <span class='ocrx_word' id='word_1_237' title='bbox 2871 1526 3081 1587; x_wconf 80' lang='grc' dir='ltr'>σκότος’</span> <span class='ocrx_word' id='word_1_238' title='bbox 3109 1522 3294 1585; x_wconf 76' lang='grc' dir='ltr'>ὑλικὸς</span> <span class='ocrx_word' id='word_1_239' title='bbox 3322 1518 3439 1590; x_wconf 76' lang='grc' dir='ltr'><strong>γὰρ</strong></span> <span class='ocrx_word' id='word_1_240' title='bbox 3468 1510 3615 1580; x_wconf 74' lang='grc' dir='ltr'>οὗτος</span> 
     </span>
    </p>
   </div>
   <div class='ocr_carea' id='block_1_34' title="bbox 232 1610 1921 1695">
    <p class='ocr_par' dir='ltr' id='par_1_34' title="bbox 232 1618 1915 1692">
     <span class='ocr_line' id='line_1_34' title="bbox 232 1618 1915 1692; baseline -0.002 -16"><span class='ocrx_word' id='word_1_241' title='bbox 232 1664 237 1669; x_wconf 81' lang='lat'><strong>.</strong></span> <span class='ocrx_word' id='word_1_242' title='bbox 319 1622 629 1678; x_wconf 83' lang='lat' dir='ltr'><strong>adversarii</strong></span> <span class='ocrx_word' id='word_1_243' title='bbox 684 1631 883 1677; x_wconf 88' lang='lat' dir='ltr'><strong>natura</strong></span> <span class='ocrx_word' id='word_1_244' title='bbox 918 1623 1205 1692; x_wconf 86' lang='lat' dir='ltr'><strong>corruptio</strong></span> <span class='ocrx_word' id='word_1_245' title='bbox 1256 1629 1341 1677; x_wconf 91' lang='lat' dir='ltr'><strong>est</strong></span> <span class='ocrx_word' id='word_1_246' title='bbox 1378 1634 1444 1675; x_wconf 89' lang='lat' dir='ltr'><strong>ac</strong></span> <span class='ocrx_word' id='word_1_247' title='bbox 1494 1618 1755 1683; x_wconf 64' lang='lat' dir='ltr'><strong>tenebrae,</strong></span> <span class='ocrx_word' id='word_1_248' title='bbox 1788 1634 1915 1673; x_wconf 86' lang='lat' dir='ltr'><strong>cum</strong></span> 
     </span>
    </p>
   </div>
   <div class='ocr_carea' id='block_1_35' title="bbox 2099 1610 3612 1695">
    <p class='ocr_par' dir='ltr' id='par_1_35' title="bbox 2099 1610 3612 1695">
     <span class='ocr_line' id='line_1_35' title="bbox 2099 1610 3612 1695; baseline -0.011 -18"><span class='ocrx_word' id='word_1_249' title='bbox 2099 1630 2113 1677; x_wconf 77' lang='grc' dir='ltr'><strong>ι</strong></span> <span class='ocrx_word' id='word_1_250' title='bbox 2143 1622 2500 1695; x_wconf 76' lang='grc' dir='ltr'><strong>πολυσχε.δής⁸</strong></span> <span class='ocrx_word' id='word_1_251' title='bbox 2538 1620 2635 1675; x_wconf 88' lang='grc' dir='ltr'><strong>τοῦ</strong></span> <span class='ocrx_word' id='word_1_252' title='bbox 2667 1620 2723 1674; x_wconf 85' lang='grc' dir='ltr'><strong>δὲ</strong></span> <span class='ocrx_word' id='word_1_253' title='bbox 2754 1618 2970 1691; x_wconf 82' lang='grc' dir='ltr'>Πατρὸς</span> <span class='ocrx_word' id='word_1_254' title='bbox 2998 1616 3107 1671; x_wconf 88' lang='grc' dir='ltr'><strong>τῶν</strong></span> <span class='ocrx_word' id='word_1_255' title='bbox 3145 1614 3284 1668; x_wconf 82' lang='grc' dir='ltr'>ὅλων</span> <span class='ocrx_word' id='word_1_256' title='bbox 3328 1610 3428 1665; x_wconf 85' lang='grc' dir='ltr'><strong>τοῦ</strong></span> <span class='ocrx_word' id='word_1_257' title='bbox 3459 1610 3612 1677; x_wconf 83' lang='grc' dir='ltr'>ἀγεν-</span> 
     </span>
    </p>
   </div>
   <div class='ocr_carea' id='block_1_36' title="bbox 318 1711 1909 1786">
    <p class='ocr_par' dir='ltr' id='par_1_36' title="bbox 318 1711 1909 1786">
     <span class='ocr_line' id='line_1_36' title="bbox 318 1711 1909 1786; baseline -0.001 -19"><span class='ocrx_word' id='word_1_258' title='bbox 318 1715 551 1769; x_wconf 89' lang='lat' dir='ltr'><strong>materia</strong></span> <span class='ocrx_word' id='word_1_259' title='bbox 600 1714 805 1786; x_wconf 89' lang='lat' dir='ltr'><strong>quippe</strong></span> <span class='ocrx_word' id='word_1_260' title='bbox 831 1721 1125 1771; x_wconf 88' lang='lat' dir='ltr'><strong>concretus</strong></span> <span class='ocrx_word' id='word_1_261' title='bbox 1159 1722 1245 1770; x_wconf 87' lang='lat' dir='ltr'><strong>est</strong></span> <span class='ocrx_word' id='word_1_262' title='bbox 1274 1728 1340 1769; x_wconf 88' lang='lat' dir='ltr'><strong>ac</strong></span> <span class='ocrx_word' id='word_1_263' title='bbox 1378 1713 1684 1783; x_wconf 86' lang='lat' dir='ltr'><strong>multiplex.</strong></span> <span class='ocrx_word' id='word_1_264' title='bbox 1715 1712 1780 1766; x_wconf 87' lang='lat' dir='ltr'><strong>At</strong></span> <span class='ocrx_word' id='word_1_265' title='bbox 1804 1711 1909 1765; x_wconf 87' lang='lat' dir='ltr'><strong>Pa-</strong></span> 
     </span>
    </p>
   </div>
   <div class='ocr_carea' id='block_1_37' title="bbox 318 1802 1910 1875">
    <p class='ocr_par' dir='ltr' id='par_1_37' title="bbox 318 1802 1910 1875">
     <span class='ocr_line' id='line_1_37' title="bbox 318 1802 1910 1875; baseline -0.001 -19"><span class='ocrx_word' id='word_1_266' title='bbox 318 1804 490 1859; x_wconf 85' lang='lat' dir='ltr'><strong>rentis</strong></span> <span class='ocrx_word' id='word_1_267' title='bbox 546 1804 791 1858; x_wconf 90' lang='lat' dir='ltr'><strong>omnium</strong></span> <span class='ocrx_word' id='word_1_268' title='bbox 844 1804 1074 1875; x_wconf 78' lang='lat' dir='ltr'><strong>ingeniti</strong></span> <span class='ocrx_word' id='word_1_269' title='bbox 1127 1812 1325 1858; x_wconf 90' lang='lat' dir='ltr'><strong>natura</strong></span> <span class='ocrx_word' id='word_1_270' title='bbox 1384 1802 1768 1873; x_wconf 87' lang='lat' dir='ltr'><strong>corruptionis</strong></span> <span class='ocrx_word' id='word_1_271' title='bbox 1824 1809 1910 1857; x_wconf 89' lang='lat' dir='ltr'><strong>est</strong></span> 
     </span>
    </p>
   </div>
   <div class='ocr_carea' id='block_1_38' title="bbox 318 1896 1909 1969">
    <p class='ocr_par' dir='ltr' id='par_1_38' title="bbox 318 1896 1909 1969">
     <span class='ocr_line' id='line_1_38' title="bbox 318 1896 1909 1969; baseline -0.001 -19"><span class='ocrx_word' id='word_1_272' title='bbox 318 1912 538 1966; x_wconf 78' lang='lat' dir='ltr'><strong>expers,</strong></span> <span class='ocrx_word' id='word_1_273' title='bbox 574 1897 779 1967; x_wconf 83' lang='lat' dir='ltr'><strong>luxque</strong></span> <span class='ocrx_word' id='word_1_274' title='bbox 806 1896 926 1967; x_wconf 86' lang='lat' dir='ltr'><strong>ipsa</strong></span> <span class='ocrx_word' id='word_1_275' title='bbox 987 1913 1086 1969; x_wconf 89' lang='lat' dir='ltr'><strong>per</strong></span> <span class='ocrx_word' id='word_1_276' title='bbox 1132 1905 1307 1954; x_wconf 89' lang='lat' dir='ltr'><strong>semet</strong></span> <span class='ocrx_word' id='word_1_277' title='bbox 1332 1897 1628 1964; x_wconf 80' lang='lat' dir='ltr'><strong>exsistens,</strong></span> <span class='ocrx_word' id='word_1_278' title='bbox 1677 1896 1909 1966; x_wconf 69' lang='lat' dir='ltr'><strong>simple-1</strong></span> 
     </span>
    </p>
   </div>
   <div class='ocr_carea' id='block_1_39' title="bbox 318 1988 1909 2060">
    <p class='ocr_par' dir='ltr' id='par_1_39' title="bbox 318 1988 1909 2060">
     <span class='ocr_line' id='line_1_39' title="bbox 318 1988 1909 2060; baseline 0.001 -20"><span class='ocrx_word' id='word_1_279' title='bbox 318 1998 373 2041; x_wconf 83' lang='lat' dir='ltr'><strong>et</strong></span> <span class='ocrx_word' id='word_1_280' title='bbox 402 1989 734 2045; x_wconf 88' lang='lat' dir='ltr'><strong>uniusmodi.</strong></span> <span class='ocrx_word' id='word_1_281' title='bbox 769 1988 976 2044; x_wconf 82' lang='lat' dir='ltr'><strong>Horum</strong></span> <span class='ocrx_word' id='word_1_282' title='bbox 1010 1997 1209 2044; x_wconf 88' lang='lat' dir='ltr'><strong>natura</strong></span> <span class='ocrx_word' id='word_1_283' title='bbox 1244 1989 1518 2060; x_wconf 88' lang='lat' dir='ltr'><strong>duplicem</strong></span> <span class='ocrx_word' id='word_1_284' title='bbox 1552 2004 1689 2045; x_wconf 91' lang='lat' dir='ltr'><strong>sane</strong></span> <span class='ocrx_word' id='word_1_285' title='bbox 1718 1988 1909 2043; x_wconf 75' lang='lat' dir='ltr'><strong>Virtu-</strong></span> 
     </span>
    </p>
   </div>
   <div class='ocr_carea' id='block_1_40' title="bbox 319 2079 1910 2151">
    <p class='ocr_par' dir='ltr' id='par_1_40' title="bbox 319 2079 1910 2151">
     <span class='ocr_line' id='line_1_40' title="bbox 319 2079 1910 2151; baseline 0.001 -19"><span class='ocrx_word' id='word_1_286' title='bbox 319 2087 427 2132; x_wconf 89' lang='lat' dir='ltr'><strong>tem</strong></span> <span class='ocrx_word' id='word_1_287' title='bbox 452 2081 694 2150; x_wconf 89' lang='lat' dir='ltr'><strong>peperit;</strong></span> <span class='ocrx_word' id='word_1_288' title='bbox 720 2080 817 2136; x_wconf 90' lang='lat' dir='ltr'><strong>sed</strong></span> <span class='ocrx_word' id='word_1_289' title='bbox 863 2079 1131 2136; x_wconf 90' lang='lat' dir='ltr'><strong>Conditor</strong></span> <span class='ocrx_word' id='word_1_290' title='bbox 1168 2088 1351 2135; x_wconf 88' lang='lat' dir='ltr'><strong>tamen</strong></span> <span class='ocrx_word' id='word_1_291' title='bbox 1387 2081 1503 2151; x_wconf 90' lang='lat' dir='ltr'><strong>ipse</strong></span> <span class='ocrx_word' id='word_1_292' title='bbox 1560 2081 1740 2151; x_wconf 79' lang='lat' dir='ltr'><strong>imago</strong></span> <span class='ocrx_word' id='word_1_293' title='bbox 1771 2094 1910 2149; x_wconf 76' lang='lat' dir='ltr'><strong>prae-</strong></span> 
     </span>
    </p>
   </div>
   <div class='ocr_carea' id='block_1_41' title="bbox 319 2170 1909 2243">
    <p class='ocr_par' dir='ltr' id='par_1_41' title="bbox 319 2170 1909 2243">
     <span class='ocr_line' id='line_1_41' title="bbox 319 2170 1909 2243; baseline 0.003 -19"><span class='ocrx_word' id='word_1_294' title='bbox 319 2170 605 2227; x_wconf 86' lang='lat' dir='ltr'><strong>stantioris</strong></span> <span class='ocrx_word' id='word_1_295' title='bbox 629 2180 732 2228; x_wconf 90' lang='lat' dir='ltr'><strong>est.</strong></span> <span class='ocrx_word' id='word_1_296' title='bbox 764 2170 955 2243; x_wconf 85' lang='lat' dir='ltr'><strong>Neque</strong></span> <span class='ocrx_word' id='word_1_297' title='bbox 991 2188 1123 2229; x_wconf 90' lang='lat' dir='ltr'><strong>vero</strong></span> <span class='ocrx_word' id='word_1_298' title='bbox 1148 2188 1211 2229; x_wconf 91' lang='lat' dir='ltr'><strong>ea</strong></span> <span class='ocrx_word' id='word_1_299' title='bbox 1236 2179 1287 2228; x_wconf 89' lang='lat' dir='ltr'><strong>te</strong></span> <span class='ocrx_word' id='word_1_300' title='bbox 1312 2189 1401 2228; x_wconf 90' lang='lat' dir='ltr'><strong>res</strong></span> <span class='ocrx_word' id='word_1_301' title='bbox 1426 2174 1732 2243; x_wconf 83' lang='lat' dir='ltr'><strong>perturbet,</strong></span> <span class='ocrx_word' id='word_1_302' title='bbox 1766 2172 1909 2228; x_wconf 87' lang='lat' dir='ltr'><strong>scire</strong></span> 
     </span>
    </p>
   </div>
   <div class='ocr_carea' id='block_1_42' title="bbox 319 2264 1895 2335">
    <p class='ocr_par' dir='ltr' id='par_1_42' title="bbox 319 2264 1895 2335">
     <span class='ocr_line' id='line_1_42' title="bbox 319 2264 1895 2335; baseline 0.001 -17"><span class='ocrx_word' id='word_1_303' title='bbox 319 2264 653 2334; x_wconf 85' lang='lat' dir='ltr'><strong>cupientem,</strong></span> <span class='ocrx_word' id='word_1_304' title='bbox 696 2265 975 2335; x_wconf 86' lang='lat' dir='ltr'><strong>quomodo</strong></span> <span class='ocrx_word' id='word_1_305' title='bbox 1003 2281 1129 2320; x_wconf 92' lang='lat' dir='ltr'><strong>cum</strong></span> <span class='ocrx_word' id='word_1_306' title='bbox 1175 2282 1346 2321; x_wconf 91' lang='lat' dir='ltr'><strong>unum</strong></span> <span class='ocrx_word' id='word_1_307' title='bbox 1379 2266 1472 2331; x_wconf 89' lang='lat' dir='ltr'><strong>sit,</strong></span> <span class='ocrx_word' id='word_1_308' title='bbox 1501 2274 1554 2321; x_wconf 94' lang='lat' dir='ltr'><strong>et</strong></span> <span class='ocrx_word' id='word_1_309' title='bbox 1578 2281 1702 2322; x_wconf 90' lang='lat' dir='ltr'><strong>esse</strong></span> <span class='ocrx_word' id='word_1_310' title='bbox 1730 2264 1895 2321; x_wconf 80' lang='lat' dir='ltr'><strong>fatea-</strong></span> 
     </span>
    </p>
   </div>
   <div class='ocr_carea' id='block_1_43' title="bbox 318 2356 1907 2429">
    <p class='ocr_par' dir='ltr' id='par_1_43' title="bbox 318 2356 1907 2429">
     <span class='ocr_line' id='line_1_43' title="bbox 318 2356 1907 2429; baseline 0.003 -20"><span class='ocrx_word' id='word_1_311' title='bbox 318 2370 447 2409; x_wconf 86' lang='lat' dir='ltr'><strong>tnur</strong></span> <span class='ocrx_word' id='word_1_312' title='bbox 499 2369 564 2410; x_wconf 85' lang='lat' dir='ltr'><strong>ac</strong></span> <span class='ocrx_word' id='word_1_313' title='bbox 625 2357 953 2422; x_wconf 86' lang='lat' dir='ltr'><strong>credamus,</strong></span> <span class='ocrx_word' id='word_1_314' title='bbox 1005 2373 1189 2413; x_wconf 90' lang='lat' dir='ltr'><strong>rerum</strong></span> <span class='ocrx_word' id='word_1_315' title='bbox 1243 2359 1489 2413; x_wconf 88' lang='lat' dir='ltr'><strong>onmium</strong></span> <span class='ocrx_word' id='word_1_316' title='bbox 1567 2356 1907 2429; x_wconf 87' lang='lat' dir='ltr'><strong>Principium</strong></span> 
     </span>
    </p>
   </div>
   <div class='ocr_carea' id='block_1_44' title="bbox 317 2447 1911 2521">
    <p class='ocr_par' dir='ltr' id='par_1_44' title="bbox 317 2447 1911 2521">
     <span class='ocr_line' id='line_1_44' title="bbox 317 2447 1911 2521; baseline 0.001 -18"><span class='ocrx_word' id='word_1_317' title='bbox 317 2448 692 2517; x_wconf 76' lang='lat' dir='ltr'><strong>generationis</strong></span> <span class='ocrx_word' id='word_1_318' title='bbox 716 2464 871 2519; x_wconf 66' lang='lat' dir='ltr'><strong>mque</strong></span> <span class='ocrx_word' id='word_1_319' title='bbox 903 2465 968 2504; x_wconf 88' lang='lat' dir='ltr'><strong>ac</strong></span> <span class='ocrx_word' id='word_1_320' title='bbox 997 2450 1372 2520; x_wconf 87' lang='lat' dir='ltr'><strong>corruptionis</strong></span> <span class='ocrx_word' id='word_1_321' title='bbox 1401 2465 1621 2520; x_wconf 82' lang='lat' dir='ltr'><strong>expers,</strong></span> <span class='ocrx_word' id='word_1_322' title='bbox 1654 2447 1911 2521; x_wconf 87' lang='lat' dir='ltr'><strong>idemque</strong></span> 
     </span>
    </p>
   </div>
   <div class='ocr_carea' id='block_1_45' title="bbox 320 2540 1911 2613">
    <p class='ocr_par' dir='ltr' id='par_1_45' title="bbox 320 2540 1911 2613">
     <span class='ocr_line' id='line_1_45' title="bbox 320 2540 1911 2613; baseline 0.001 -18"><span class='ocrx_word' id='word_1_323' title='bbox 320 2540 550 2604; x_wconf 90' lang='lat' dir='ltr'><strong>bonum,</strong></span> <span class='ocrx_word' id='word_1_324' title='bbox 583 2540 757 2595; x_wconf 73' lang='lat' dir='ltr'><strong>ambte</strong></span> <span class='ocrx_word' id='word_1_325' title='bbox 786 2544 870 2596; x_wconf 70' lang='lat' dir='ltr'><strong>ha:</strong></span> <span class='ocrx_word' id='word_1_326' title='bbox 896 2550 1109 2596; x_wconf 59' lang='lat' dir='ltr'><strong>natura}</strong></span> <span class='ocrx_word' id='word_1_327' title='bbox 1136 2549 1391 2597; x_wconf 87' lang='lat' dir='ltr'><strong>constare</strong></span> <span class='ocrx_word' id='word_1_328' title='bbox 1444 2542 1748 2613; x_wconf 90' lang='lat' dir='ltr'><strong>potuerint,</strong></span> <span class='ocrx_word' id='word_1_329' title='bbox 1786 2558 1911 2597; x_wconf 89' lang='lat' dir='ltr'><strong>cor-</strong></span> 
     </span>
    </p>
   </div>
   <div class='ocr_carea' id='block_1_46' title="bbox 318 2631 1909 2701">
    <p class='ocr_par' dir='ltr' id='par_1_46' title="bbox 318 2631 1909 2701">
     <span class='ocr_line' id='line_1_46' title="bbox 318 2631 1909 2701; baseline 0.003 -16"><span class='ocrx_word' id='word_1_330' title='bbox 318 2631 588 2701; x_wconf 85' lang='lat' dir='ltr'><strong>ruptionis</strong></span> <span class='ocrx_word' id='word_1_331' title='bbox 606 2631 889 2698; x_wconf 87' lang='lat' dir='ltr'><strong>nimirum,</strong></span> <span class='ocrx_word' id='word_1_332' title='bbox 912 2640 968 2688; x_wconf 91' lang='lat' dir='ltr'><strong>et</strong></span> <span class='ocrx_word' id='word_1_333' title='bbox 1001 2633 1193 2688; x_wconf 62' lang='lat' dir='ltr'><strong>mediae</strong></span> <span class='ocrx_word' id='word_1_334' title='bbox 1221 2632 1510 2701; x_wconf 84' lang='lat' dir='ltr'><strong>cujusdam</strong></span> <span class='ocrx_word' id='word_1_335' title='bbox 1551 2634 1909 2699; x_wconf 88' lang='lat' dir='ltr'><strong>conditionis,</strong></span> 
     </span>
    </p>
   </div>
   <div class='ocr_carea' id='block_1_47' title="bbox 320 2722 1912 2794">
    <p class='ocr_par' dir='ltr' id='par_1_47' title="bbox 320 2722 1912 2794">
     <span class='ocr_line' id='line_1_47' title="bbox 320 2722 1912 2794; baseline 0.003 -19"><span class='ocrx_word' id='word_1_336' title='bbox 320 2737 447 2791; x_wconf 87' lang='lat' dir='ltr'><strong>quae</strong></span> <span class='ocrx_word' id='word_1_337' title='bbox 475 2736 506 2775; x_wconf 87' lang='lat' dir='ltr'><strong>a</strong></span> <span class='ocrx_word' id='word_1_338' title='bbox 540 2736 595 2778; x_wconf 88' lang='lat' dir='ltr'><strong>se</strong></span> <span class='ocrx_word' id='word_1_339' title='bbox 622 2722 860 2777; x_wconf 85' lang='lat' dir='ltr'><strong>invicem</strong></span> <span class='ocrx_word' id='word_1_340' title='bbox 919 2732 1115 2778; x_wconf 88' lang='lat' dir='ltr'><strong>natura</strong></span> <span class='ocrx_word' id='word_1_341' title='bbox 1148 2723 1488 2794; x_wconf 85' lang='lat' dir='ltr'><strong>discrepent,</strong></span> <span class='ocrx_word' id='word_1_342' title='bbox 1523 2724 1724 2780; x_wconf 89' lang='lat' dir='ltr'><strong>cumid</strong></span> <span class='ocrx_word' id='word_1_343' title='bbox 1766 2725 1912 2780; x_wconf 90' lang='lat' dir='ltr'><strong>bono</strong></span> 
     </span>
    </p>
   </div>
   <div class='ocr_carea' id='block_1_48' title="bbox 318 2815 1914 2891">
    <p class='ocr_par' dir='ltr' id='par_1_48' title="bbox 318 2815 1914 2891">
     <span class='ocr_line' id='line_1_48' title="bbox 318 2815 1914 2891; baseline 0.005 -23"><span class='ocrx_word' id='word_1_344' title='bbox 318 2815 543 2869; x_wconf 88' lang='lat' dir='ltr'><strong>insitum</strong></span> <span class='ocrx_word' id='word_1_345' title='bbox 594 2816 688 2880; x_wconf 87' lang='lat' dir='ltr'><strong>sit,</strong></span> <span class='ocrx_word' id='word_1_346' title='bbox 748 2824 807 2870; x_wconf 89' lang='lat' dir='ltr'><strong>ut</strong></span> <span class='ocrx_word' id='word_1_347' title='bbox 860 2816 965 2872; x_wconf 84' lang='lat' dir='ltr'><strong>sibi</strong></span> <span class='ocrx_word' id='word_1_348' title='bbox 1001 2832 1166 2888; x_wconf 87' lang='lat' dir='ltr'><strong>quam</strong></span> <span class='ocrx_word' id='word_1_349' title='bbox 1202 2819 1506 2883; x_wconf 88' lang='lat' dir='ltr'><strong>simillima,</strong></span> <span class='ocrx_word' id='word_1_350' title='bbox 1554 2819 1914 2891; x_wconf 86' lang='lat' dir='ltr'><strong>ejusdemque</strong></span> 
     </span>
    </p>
   </div>
   <div class='ocr_carea' id='block_1_49' title="bbox 319 2911 1913 2986">
    <p class='ocr_par' dir='ltr' id='par_1_49' title="bbox 319 2911 1913 2986">
     <span class='ocr_line' id='line_1_49' title="bbox 319 2911 1913 2986; baseline 0.004 -23"><span class='ocrx_word' id='word_1_351' title='bbox 319 2923 510 2964; x_wconf 85' lang='lat' dir='ltr'><strong>secum</strong></span> <span class='ocrx_word' id='word_1_352' title='bbox 542 2917 755 2966; x_wconf 72' lang='lat' dir='ltr'><strong>naturae</strong></span> <span class='ocrx_word' id='word_1_353' title='bbox 800 2911 990 2983; x_wconf 79' lang='lat' dir='ltr'><strong>gignat</strong></span> <span class='ocrx_word' id='word_1_354' title='bbox 1020 2926 1087 2966; x_wconf 89' lang='lat' dir='ltr'><strong>ac</strong></span> <span class='ocrx_word' id='word_1_355' title='bbox 1116 2912 1387 2983; x_wconf 85' lang='lat' dir='ltr'><strong>proferat.</strong></span> <span class='ocrx_word' id='word_1_356' title='bbox 1418 2912 1502 2968; x_wconf 89' lang='lat' dir='ltr'><strong>Tu</strong></span> <span class='ocrx_word' id='word_1_357' title='bbox 1532 2915 1702 2982; x_wconf 88' lang='lat' dir='ltr'><strong>enim,</strong></span> <span class='ocrx_word' id='word_1_358' title='bbox 1728 2916 1913 2986; x_wconf 87' lang='lat' dir='ltr'><strong>opitu-</strong></span> 
     </span>
    </p>
   </div>
   <div class='ocr_carea' id='block_1_50' title="bbox 320 3000 1913 3076">
    <p class='ocr_par' dir='ltr' id='par_1_50' title="bbox 320 3000 1913 3076">
     <span class='ocr_line' id='line_1_50' title="bbox 320 3000 1913 3076; baseline 0.005 -22"><span class='ocrx_word' id='word_1_359' title='bbox 320 3000 469 3056; x_wconf 88' lang='lat' dir='ltr'><strong>lante</strong></span> <span class='ocrx_word' id='word_1_360' title='bbox 495 3000 627 3071; x_wconf 88' lang='lat' dir='ltr'><strong>Deo,</strong></span> <span class='ocrx_word' id='word_1_361' title='bbox 657 3002 824 3073; x_wconf 88' lang='lat' dir='ltr'><strong>hujus</strong></span> <span class='ocrx_word' id='word_1_362' title='bbox 856 3004 1188 3074; x_wconf 88' lang='lat' dir='ltr'><strong>principium</strong></span> <span class='ocrx_word' id='word_1_363' title='bbox 1206 3020 1271 3060; x_wconf 91' lang='lat' dir='ltr'><strong>ac</strong></span> <span class='ocrx_word' id='word_1_364' title='bbox 1288 3005 1698 3076; x_wconf 77' lang='lat' dir='ltr'><strong>generationem</strong></span> <span class='ocrx_word' id='word_1_365' title='bbox 1730 3008 1913 3063; x_wconf 94' lang='lat' dir='ltr'><strong>animo</strong></span> 
     </span>
    </p>
   </div>
   <div class='ocr_carea' id='block_1_51' title="bbox 320 3090 1912 3168">
    <p class='ocr_par' dir='ltr' id='par_1_51' title="bbox 320 3090 1912 3168">
     <span class='ocr_line' id='line_1_51' title="bbox 320 3090 1912 3168; baseline 0.007 -23"><span class='ocrx_word' id='word_1_366' title='bbox 320 3090 614 3163; x_wconf 65' lang='lat' dir='ltr'><strong>percipies,</strong></span> <span class='ocrx_word' id='word_1_367' title='bbox 673 3094 766 3150; x_wconf 90' lang='lat' dir='ltr'><strong>ubi</strong></span> <span class='ocrx_word' id='word_1_368' title='bbox 829 3094 1088 3150; x_wconf 89' lang='lat' dir='ltr'><strong>traditam</strong></span> <span class='ocrx_word' id='word_1_369' title='bbox 1161 3098 1459 3167; x_wconf 89' lang='lat' dir='ltr'><strong>quamdam</strong></span> <span class='ocrx_word' id='word_1_370' title='bbox 1526 3097 1598 3152; x_wconf 90' lang='lat' dir='ltr'><strong>ab</strong></span> <span class='ocrx_word' id='word_1_371' title='bbox 1644 3098 1912 3168; x_wconf 89' lang='lat' dir='ltr'><strong>apostolis</strong></span> 
     </span>
    </p>
   </div>
   <div class='ocr_carea' id='block_1_52' title="bbox 321 3184 1908 3263">
    <p class='ocr_par' dir='ltr' id='par_1_52' title="bbox 321 3184 1908 3263">
     <span class='ocr_line' id='line_1_52' title="bbox 321 3184 1908 3263; baseline 0.004 -23"><span class='ocrx_word' id='word_1_372' title='bbox 321 3184 629 3240; x_wconf 83' lang='lat' dir='ltr'><strong>doctrinam</strong></span> <span class='ocrx_word' id='word_1_373' title='bbox 662 3186 931 3253; x_wconf 90' lang='lat' dir='ltr'><strong>audieris,</strong></span> <span class='ocrx_word' id='word_1_374' title='bbox 961 3202 1127 3258; x_wconf 87' lang='lat' dir='ltr'><strong>quam</strong></span> <span class='ocrx_word' id='word_1_375' title='bbox 1157 3203 1260 3245; x_wconf 91' lang='lat' dir='ltr'><strong>nos</strong></span> <span class='ocrx_word' id='word_1_376' title='bbox 1284 3190 1641 3247; x_wconf 89' lang='lat' dir='ltr'><strong>successione</strong></span> <span class='ocrx_word' id='word_1_377' title='bbox 1669 3191 1908 3263; x_wconf 88' lang='lat' dir='ltr'><strong>quadam</strong></span> 
     </span>
    </p>
   </div>
   <div class='ocr_carea' id='block_1_53' title="bbox 327 3277 1911 3357">
    <p class='ocr_par' dir='ltr' id='par_1_53' title="bbox 327 3277 1911 3357">
     <span class='ocr_line' id='line_1_53' title="bbox 327 3277 1911 3357; baseline 0.006 -25"><span class='ocrx_word' id='word_1_378' title='bbox 327 3277 399 3333; x_wconf 88' lang='lat' dir='ltr'><strong>ad</strong></span> <span class='ocrx_word' id='word_1_379' title='bbox 427 3294 530 3334; x_wconf 89' lang='lat' dir='ltr'><strong>nos</strong></span> <span class='ocrx_word' id='word_1_380' title='bbox 551 3295 729 3351; x_wconf 89' lang='lat' dir='ltr'><strong>usque</strong></span> <span class='ocrx_word' id='word_1_381' title='bbox 758 3290 1114 3352; x_wconf 78' lang='lat' dir='ltr'><strong>propagatam</strong></span> <span class='ocrx_word' id='word_1_382' title='bbox 1152 3283 1506 3355; x_wconf 86' lang='lat' dir='ltr'><strong>accepimus:</strong></span> <span class='ocrx_word' id='word_1_383' title='bbox 1534 3298 1661 3340; x_wconf 92' lang='lat' dir='ltr'><strong>cum</strong></span> <span class='ocrx_word' id='word_1_384' title='bbox 1695 3301 1760 3341; x_wconf 89' lang='lat' dir='ltr'><strong>eo</strong></span> <span class='ocrx_word' id='word_1_385' title='bbox 1786 3286 1911 3357; x_wconf 86' lang='lat' dir='ltr'><strong>qui-</strong></span> 
     </span>
    </p>
   </div>
   <div class='ocr_carea' id='block_1_54' title="bbox 324 3368 1919 3441">
    <p class='ocr_par' dir='ltr' id='par_1_54' title="bbox 324 3368 1919 3441">
     <span class='ocr_line' id='line_1_54' title="bbox 324 3368 1919 3441; baseline 0.005 -18"><span class='ocrx_word' id='word_1_386' title='bbox 324 3368 448 3425; x_wconf 89' lang='lat' dir='ltr'><strong>dem</strong></span> <span class='ocrx_word' id='word_1_387' title='bbox 486 3370 829 3441; x_wconf 87' lang='lat' dir='ltr'><strong>utquidquid</strong></span> <span class='ocrx_word' id='word_1_388' title='bbox 858 3370 1117 3427; x_wconf 78' lang='lat' dir='ltr'><strong>all&#39;eretur</strong></span> <span class='ocrx_word' id='word_1_389' title='bbox 1171 3373 1227 3428; x_wconf 92' lang='lat' dir='ltr'><strong>in</strong></span> <span class='ocrx_word' id='word_1_390' title='bbox 1249 3373 1511 3437; x_wconf 89' lang='lat' dir='ltr'><strong>medium,</strong></span> <span class='ocrx_word' id='word_1_391' title='bbox 1536 3374 1591 3430; x_wconf 90' lang='lat' dir='ltr'><strong>id</strong></span> <span class='ocrx_word' id='word_1_392' title='bbox 1626 3375 1694 3430; x_wconf 91' lang='lat' dir='ltr'><strong>ad</strong></span> <span class='ocrx_word' id='word_1_393' title='bbox 1726 3375 1919 3432; x_wconf 86' lang='lat' dir='ltr'><strong>Salva-</strong></span> 
     </span>
    </p>
   </div>
   <div class='ocr_carea' id='block_1_55' title="bbox 323 3458 1917 3541">
    <p class='ocr_par' dir='ltr' id='par_1_55' title="bbox 323 3458 1917 3541">
     <span class='ocr_line' id='line_1_55' title="bbox 323 3458 1917 3541; baseline 0.006 -25"><span class='ocrx_word' id='word_1_394' title='bbox 323 3460 464 3519; x_wconf 91' lang='lat' dir='ltr'><strong>toris</strong></span> <span class='ocrx_word' id='word_1_395' title='bbox 489 3461 797 3518; x_wconf 87' lang='lat' dir='ltr'><strong>doctrinam</strong></span> <span class='ocrx_word' id='word_1_396' title='bbox 818 3464 970 3520; x_wconf 87' lang='lat' dir='ltr'><strong>velut</strong></span> <span class='ocrx_word' id='word_1_397' title='bbox 994 3464 1239 3536; x_wconf 78' lang='lat' dir='ltr'><strong>regulam</strong></span> <span class='ocrx_word' id='word_1_398' title='bbox 1284 3458 1558 3539; x_wconf 72' lang='lat' dir='ltr'><strong>exigatur.</strong></span> <span class='ocrx_word' id='word_1_399' title='bbox 1596 3466 1723 3523; x_wconf 59' lang='lat' dir='ltr'><strong>Hec</strong></span> <span class='ocrx_word' id='word_1_400' title='bbox 1769 3469 1917 3541; x_wconf 90' lang='lat' dir='ltr'><strong>apud</strong></span> 
     </span>
    </p>
   </div>
   <div class='ocr_carea' id='block_1_56' title="bbox 328 3552 1919 3630">
    <p class='ocr_par' dir='ltr' id='par_1_56' title="bbox 328 3552 1919 3630">
     <span class='ocr_line' id='line_1_56' title="bbox 328 3552 1919 3630; baseline 0.006 -23"><span class='ocrx_word' id='word_1_401' title='bbox 328 3561 405 3620; x_wconf 90' lang='lat' dir='ltr'><strong>te,</strong></span> <span class='ocrx_word' id='word_1_402' title='bbox 435 3552 597 3607; x_wconf 80' lang='lat' dir='ltr'><strong>Flora</strong></span> <span class='ocrx_word' id='word_1_403' title='bbox 629 3568 789 3609; x_wconf 91' lang='lat' dir='ltr'><strong>soror</strong></span> <span class='ocrx_word' id='word_1_404' title='bbox 832 3554 1185 3621; x_wconf 86' lang='lat' dir='ltr'><strong>charissima,</strong></span> <span class='ocrx_word' id='word_1_405' title='bbox 1218 3557 1412 3629; x_wconf 87' lang='lat' dir='ltr'><strong>paucis</strong></span> <span class='ocrx_word' id='word_1_406' title='bbox 1455 3559 1919 3630; x_wconf 88' lang='lat' dir='ltr'><strong>comprehendere</strong></span> 
     </span>
    </p>
   </div>
   <div class='ocr_carea' id='block_1_57' title="bbox 326 3644 1919 3726">
    <p class='ocr_par' dir='ltr' id='par_1_57' title="bbox 326 3644 1919 3726">
     <span class='ocr_line' id='line_1_57' title="bbox 326 3644 1919 3726; baseline 0.008 -27"><span class='ocrx_word' id='word_1_407' title='bbox 326 3661 394 3701; x_wconf 87' lang='lat' dir='ltr'><strong>ac</strong></span> <span class='ocrx_word' id='word_1_408' title='bbox 439 3644 725 3717; x_wconf 89' lang='lat' dir='ltr'><strong>disputare</strong></span> <span class='ocrx_word' id='word_1_409' title='bbox 770 3648 947 3718; x_wconf 88' lang='lat' dir='ltr'><strong>potui,</strong></span> <span class='ocrx_word' id='word_1_410' title='bbox 1006 3649 1434 3722; x_wconf 88' lang='lat' dir='ltr'><strong>summatimque</strong></span> <span class='ocrx_word' id='word_1_411' title='bbox 1457 3653 1775 3726; x_wconf 68' lang='lat' dir='ltr'><strong>praescripsi</strong></span> <span class='ocrx_word' id='word_1_412' title='bbox 1804 3657 1919 3712; x_wconf 88' lang='lat' dir='ltr'><strong>:ita</strong></span> 
     </span>
    </p>
   </div>
   <div class='ocr_carea' id='block_1_58' title="bbox 2012 1700 3610 1789">
    <p class='ocr_par' dir='ltr' id='par_1_58' title="bbox 2012 1700 3610 1789">
     <span class='ocr_line' id='line_1_58' title="bbox 2012 1700 3610 1789; baseline -0.013 -18"><span class='ocrx_word' id='word_1_413' title='bbox 2012 1719 2173 1789; x_wconf 80' lang='grc' dir='ltr'>νήτου</span> <span class='ocrx_word' id='word_1_414' title='bbox 2206 1719 2239 1789; x_wconf 81' lang='grc' dir='ltr'>ἡ</span> <span class='ocrx_word' id='word_1_415' title='bbox 2278 1715 2435 1769; x_wconf 78' lang='grc' dir='ltr'>οὐσία</span> <span class='ocrx_word' id='word_1_416' title='bbox 2477 1716 2627 1768; x_wconf 72' lang='grc' dir='ltr'>ἐστὶν</span> <span class='ocrx_word' id='word_1_417' title='bbox 2669 1711 2951 1785; x_wconf 83' lang='grc' dir='ltr'>ἀφθαρσία</span> <span class='ocrx_word' id='word_1_418' title='bbox 2998 1727 3059 1763; x_wconf 88' lang='grc' dir='ltr'><strong>τε</strong></span> <span class='ocrx_word' id='word_1_419' title='bbox 3106 1708 3200 1762; x_wconf 75' lang='grc' dir='ltr'>καὶ</span> <span class='ocrx_word' id='word_1_420' title='bbox 3236 1703 3358 1776; x_wconf 78' lang='grc' dir='ltr'><strong>φῶς</strong></span> <span class='ocrx_word' id='word_1_421' title='bbox 3401 1700 3610 1764; x_wconf 81' lang='grc' dir='ltr'>αὐτόον,</span> 
     </span>
    </p>
   </div>
   <div class='ocr_carea' id='block_1_59' title="bbox 2010 1794 3611 1881">
    <p class='ocr_par' dir='ltr' id='par_1_59' title="bbox 2010 1794 3611 1881">
     <span class='ocr_line' id='line_1_59' title="bbox 2010 1794 3611 1881; baseline -0.012 -15"><span class='ocrx_word' id='word_1_422' title='bbox 2010 1810 2217 1866; x_wconf 85' lang='grc' dir='ltr'>ἁπλοῦν</span> <span class='ocrx_word' id='word_1_423' title='bbox 2250 1828 2309 1864; x_wconf 89' lang='grc' dir='ltr'><strong>τε</strong></span> <span class='ocrx_word' id='word_1_424' title='bbox 2347 1811 2442 1863; x_wconf 73' lang='grc' dir='ltr'>καὶ</span> <span class='ocrx_word' id='word_1_425' title='bbox 2484 1806 2779 1881; x_wconf 86' lang='grc' dir='ltr'>μονοειδές.</span> <span class='ocrx_word' id='word_1_426' title='bbox 2822 1803 2966 1859; x_wconf 85' lang='grc' dir='ltr'><strong>Ἡδὲ</strong></span> <span class='ocrx_word' id='word_1_427' title='bbox 2990 1801 3198 1856; x_wconf 82' lang='grc' dir='ltr'>τούτων</span> <span class='ocrx_word' id='word_1_428' title='bbox 3236 1796 3400 1853; x_wconf 77' lang='grc' dir='ltr'>ουσία</span> <span class='ocrx_word' id='word_1_429' title='bbox 3436 1794 3611 1865; x_wconf 67' lang='grc' dir='ltr'>διττὴν</span> 
     </span>
    </p>
   </div>
   <div class='ocr_carea' id='block_1_60' title="bbox 2014 1891 3606 1978">
    <p class='ocr_par' dir='ltr' id='par_1_60' title="bbox 2014 1891 3606 1978">
     <span class='ocr_line' id='line_1_60' title="bbox 2014 1891 3606 1978; baseline -0.011 -17"><span class='ocrx_word' id='word_1_430' title='bbox 2014 1906 2113 1978; x_wconf 79' lang='grc' dir='ltr'><strong>μέν</strong></span> <span class='ocrx_word' id='word_1_431' title='bbox 2142 1923 2262 1960; x_wconf 85' lang='grc' dir='ltr'>τινα</span> <span class='ocrx_word' id='word_1_432' title='bbox 2288 1904 2520 1976; x_wconf 80' lang='grc' dir='ltr'>δύναμιν</span> <span class='ocrx_word' id='word_1_433' title='bbox 2562 1903 2878 1974; x_wconf 83' lang='grc' dir='ltr'>προήγαγεν</span> <span class='ocrx_word' id='word_1_434' title='bbox 2897 1917 2912 1931; x_wconf 79' lang='grc'><strong><em>⁸</em></strong></span> <span class='ocrx_word' id='word_1_435' title='bbox 2951 1898 3118 1962; x_wconf 76' lang='grc' dir='ltr'>αὐτὸς</span> <span class='ocrx_word' id='word_1_436' title='bbox 3149 1896 3207 1951; x_wconf 82' lang='grc' dir='ltr'><strong>δὲ</strong></span> <span class='ocrx_word' id='word_1_437' title='bbox 3235 1894 3334 1949; x_wconf 88' lang='grc' dir='ltr'><strong>τοῦ</strong></span> <span class='ocrx_word' id='word_1_438' title='bbox 3368 1891 3606 1964; x_wconf 78' lang='grc' dir='ltr'>κρείττο-</span> 
     </span>
    </p>
   </div>
   <div class='ocr_carea' id='block_1_61' title="bbox 2011 1984 3607 2068">
    <p class='ocr_par' dir='ltr' id='par_1_61' title="bbox 2011 1984 3607 2068">
     <span class='ocr_line' id='line_1_61' title="bbox 2011 1984 3607 2068; baseline -0.011 -15"><span class='ocrx_word' id='word_1_439' title='bbox 2011 1999 2102 2064; x_wconf 87' lang='grc' dir='ltr'><strong>νός</strong></span> <span class='ocrx_word' id='word_1_440' title='bbox 2133 2001 2279 2051; x_wconf 77' lang='grc' dir='ltr'>ἐστιν</span> <span class='ocrx_word' id='word_1_441' title='bbox 2326 1997 2508 2051; x_wconf 80' lang='grc' dir='ltr'>εἰκών.</span> <span class='ocrx_word' id='word_1_442' title='bbox 2553 1995 2701 2068; x_wconf 74' lang='grc' dir='ltr'><strong>Μηδὲ</strong></span> <span class='ocrx_word' id='word_1_443' title='bbox 2744 2012 2805 2048; x_wconf 79' lang='grc' dir='ltr'><strong>σε</strong></span> <span class='ocrx_word' id='word_1_444' title='bbox 2846 1993 2918 2047; x_wconf 85' lang='grc' dir='ltr'><strong>τά</strong></span> <span class='ocrx_word' id='word_1_445' title='bbox 2962 1991 3057 2045; x_wconf 87' lang='grc' dir='ltr'><strong>νῦν</strong></span> <span class='ocrx_word' id='word_1_446' title='bbox 3094 1989 3253 2044; x_wconf 88' lang='grc' dir='ltr'>τοῦτο</span> <span class='ocrx_word' id='word_1_447' title='bbox 3286 1984 3607 2059; x_wconf 78' lang='grc' dir='ltr'>θορυδείτω,</span> 
     </span>
    </p>
   </div>
   <div class='ocr_carea' id='block_1_62' title="bbox 2012 2074 3607 2161">
    <p class='ocr_par' dir='ltr' id='par_1_62' title="bbox 2012 2074 3607 2161">
     <span class='ocr_line' id='line_1_62' title="bbox 2012 2074 3607 2161; baseline -0.012 -17"><span class='ocrx_word' id='word_1_448' title='bbox 2012 2091 2271 2146; x_wconf 74' lang='grc' dir='ltr'>θέλουσαν</span> <span class='ocrx_word' id='word_1_449' title='bbox 2305 2088 2519 2161; x_wconf 81' lang='grc' dir='ltr'>μαθεῖν,</span> <span class='ocrx_word' id='word_1_450' title='bbox 2548 2088 2667 2151; x_wconf 86' lang='grc' dir='ltr'><strong>πῶς</strong></span> <span class='ocrx_word' id='word_1_451' title='bbox 2699 2085 2808 2140; x_wconf 78' lang='grc' dir='ltr'><strong>ἀπὸ</strong></span> <span class='ocrx_word' id='word_1_452' title='bbox 2840 2085 2971 2157; x_wconf 78' lang='grc' dir='ltr'>μιᾶς</span> <span class='ocrx_word' id='word_1_453' title='bbox 3003 2081 3178 2155; x_wconf 80' lang='grc' dir='ltr'>ἀρχῆς</span> <span class='ocrx_word' id='word_1_454' title='bbox 3206 2078 3319 2133; x_wconf 90' lang='grc' dir='ltr'><strong>τῶν</strong></span> <span class='ocrx_word' id='word_1_455' title='bbox 3355 2076 3497 2131; x_wconf 74' lang='grc' dir='ltr'>ὅλων</span> <span class='ocrx_word' id='word_1_456' title='bbox 3522 2074 3607 2127; x_wconf 70' lang='grc' dir='ltr'>οὖ-</span> 
     </span>
    </p>
   </div>
   <div class='ocr_carea' id='block_1_63' title="bbox 2013 2168 3605 2255">
    <p class='ocr_par' dir='ltr' id='par_1_63' title="bbox 2013 2168 3605 2255">
     <span class='ocr_line' id='line_1_63' title="bbox 2013 2168 3605 2255; baseline -0.006 -17"><span class='ocrx_word' id='word_1_457' title='bbox 2013 2202 2115 2255; x_wconf 86' lang='grc' dir='ltr'><strong>σης</strong></span> <span class='ocrx_word' id='word_1_458' title='bbox 2172 2184 2264 2237; x_wconf 81' lang='grc' dir='ltr'>καὶ</span> <span class='ocrx_word' id='word_1_459' title='bbox 2309 2181 2752 2254; x_wconf 79' lang='grc' dir='ltr'>ὀμολογουμὲνης</span> <span class='ocrx_word' id='word_1_460' title='bbox 2794 2180 2960 2251; x_wconf 79' lang='grc' dir='ltr'>ἡμῖν,</span> <span class='ocrx_word' id='word_1_461' title='bbox 3005 2179 3098 2230; x_wconf 72' lang='grc' dir='ltr'><strong>καὶ</strong></span> <span class='ocrx_word' id='word_1_462' title='bbox 3141 2168 3605 2241; x_wconf 67' lang='grc' dir='ltr'>πεπιστευμένης,</span> 
     </span>
    </p>
   </div>
   <div class='ocr_carea' id='block_1_64' title="bbox 2009 2264 3605 2348">
    <p class='ocr_par' dir='ltr' id='par_1_64' title="bbox 2009 2264 3605 2348">
     <span class='ocr_line' id='line_1_64' title="bbox 2009 2264 3605 2348; baseline -0.013 -16"><span class='ocrx_word' id='word_1_463' title='bbox 2009 2277 2105 2332; x_wconf 87' lang='grc' dir='ltr'><strong>τοῦ</strong></span> <span class='ocrx_word' id='word_1_464' title='bbox 2137 2280 2157 2309; x_wconf 81' lang='grc'>⁸</span> <span class='ocrx_word' id='word_1_465' title='bbox 2187 2278 2524 2348; x_wconf 75' lang='grc' dir='ltr'>ἅγεννήτου,</span> <span class='ocrx_word' id='word_1_466' title='bbox 2567 2275 2663 2328; x_wconf 84' lang='grc' dir='ltr'>καὶ</span> <span class='ocrx_word' id='word_1_467' title='bbox 2708 2272 3011 2343; x_wconf 77' lang='grc' dir='ltr'>ἀφθάρτου,</span> <span class='ocrx_word' id='word_1_468' title='bbox 3058 2267 3155 2322; x_wconf 74' lang='grc' dir='ltr'><strong>καὶ</strong></span> <span class='ocrx_word' id='word_1_469' title='bbox 3198 2264 3441 2335; x_wconf 82' lang='grc' dir='ltr'>ἀγαθῆς,</span> <span class='ocrx_word' id='word_1_470' title='bbox 3490 2278 3605 2315; x_wconf 79' lang='grc' dir='ltr'>συν-</span> 
     </span>
    </p>
   </div>
   <div class='ocr_carea' id='block_1_65' title="bbox 2011 2352 3605 2442">
    <p class='ocr_par' dir='ltr' id='par_1_65' title="bbox 2011 2352 3605 2442">
     <span class='ocr_line' id='line_1_65' title="bbox 2011 2352 3605 2442; baseline -0.008 -19"><span class='ocrx_word' id='word_1_471' title='bbox 2011 2368 2248 2442; x_wconf 84' lang='grc' dir='ltr'>έστησαν</span> <span class='ocrx_word' id='word_1_472' title='bbox 2291 2367 2387 2422; x_wconf 76' lang='grc' dir='ltr'>καὶ</span> <span class='ocrx_word' id='word_1_473' title='bbox 2430 2357 2591 2420; x_wconf 70' lang='grc' dir='ltr'>αὗται</span> <span class='ocrx_word' id='word_1_474' title='bbox 2625 2365 2681 2418; x_wconf 79' lang='grc' dir='ltr'>αἱ</span> <span class='ocrx_word' id='word_1_475' title='bbox 2722 2363 2933 2433; x_wconf 83' lang='grc' dir='ltr'>φύσεις,</span> <span class='ocrx_word' id='word_1_476' title='bbox 2976 2360 3010 2430; x_wconf 85' lang='grc' dir='ltr'>ἦ</span> <span class='ocrx_word' id='word_1_477' title='bbox 3044 2376 3104 2414; x_wconf 90' lang='grc' dir='ltr'><strong>τε</strong></span> <span class='ocrx_word' id='word_1_478' title='bbox 3139 2358 3240 2428; x_wconf 81' lang='grc' dir='ltr'>τῆς</span> <span class='ocrx_word' id='word_1_479' title='bbox 3266 2354 3482 2425; x_wconf 73' lang='grc' dir='ltr'>φθορᾶς</span> <span class='ocrx_word' id='word_1_480' title='bbox 3518 2352 3605 2404; x_wconf 74' lang='grc' dir='ltr'><strong>καὶ</strong></span> 
     </span>
    </p>
   </div>
   <div class='ocr_carea' id='block_1_66' title="bbox 2010 2443 3606 2533">
    <p class='ocr_par' dir='ltr' id='par_1_66' title="bbox 2010 2443 3606 2533">
     <span class='ocr_line' id='line_1_66' title="bbox 2010 2443 3606 2533; baseline -0.012 -17"><span class='ocrx_word' id='word_1_481' title='bbox 2010 2463 2111 2533; x_wconf 84' lang='grc' dir='ltr'><strong>τῆς</strong></span> <span class='ocrx_word' id='word_1_482' title='bbox 2151 2453 2447 2533; x_wconf 80' lang='grc' dir='ltr'>μεσότητος</span> <span class='ocrx_word' id='word_1_483' title='bbox 2484 2456 2838 2530; x_wconf 82' lang='grc' dir='ltr'>ἀνομοούσιαι</span> <span class='ocrx_word' id='word_1_484' title='bbox 2885 2449 3042 2509; x_wconf 75' lang='grc' dir='ltr'>αὗται</span> <span class='ocrx_word' id='word_1_485' title='bbox 3082 2449 3468 2512; x_wconf 77' lang='grc' dir='ltr'>καθεστῶσαι,</span> <span class='ocrx_word' id='word_1_486' title='bbox 3519 2443 3606 2498; x_wconf 78' lang='grc' dir='ltr'><strong>τοῦ</strong></span> 
     </span>
    </p>
   </div>
   <div class='ocr_carea' id='block_1_67' title="bbox 2012 2534 3608 2620">
    <p class='ocr_par' dir='ltr' id='par_1_67' title="bbox 2012 2534 3608 2620">
     <span class='ocr_line' id='line_1_67' title="bbox 2012 2534 3608 2620; baseline -0.011 -15"><span class='ocrx_word' id='word_1_487' title='bbox 2012 2551 2220 2620; x_wconf 79' lang='grc' dir='ltr'>ἀγαθοῦ</span> <span class='ocrx_word' id='word_1_488' title='bbox 2250 2550 2410 2620; x_wconf 78' lang='grc' dir='ltr'>φύσιν</span> <span class='ocrx_word' id='word_1_489' title='bbox 2445 2548 2661 2619; x_wconf 76' lang='grc' dir='ltr'>ἔχοντος</span> <span class='ocrx_word' id='word_1_490' title='bbox 2684 2546 2755 2600; x_wconf 79' lang='grc' dir='ltr'>τὰ</span> <span class='ocrx_word' id='word_1_491' title='bbox 2799 2547 2964 2617; x_wconf 83' lang='grc' dir='ltr'>ὃμοια</span> <span class='ocrx_word' id='word_1_492' title='bbox 2994 2541 3187 2598; x_wconf 76' lang='grc' dir='ltr'>ἑαυτοῦ</span> <span class='ocrx_word' id='word_1_493' title='bbox 3228 2540 3326 2594; x_wconf 77' lang='grc' dir='ltr'><strong>καὶ</strong></span> <span class='ocrx_word' id='word_1_494' title='bbox 3351 2534 3608 2609; x_wconf 74' lang='grc' dir='ltr'>ὁμοοὺσια</span> 
     </span>
    </p>
   </div>
   <div class='ocr_carea' id='block_1_68' title="bbox 2011 2629 3607 2714">
    <p class='ocr_par' dir='ltr' id='par_1_68' title="bbox 2011 2629 3607 2714">
     <span class='ocr_line' id='line_1_68' title="bbox 2011 2629 3607 2714; baseline -0.01 -17"><span class='ocrx_word' id='word_1_495' title='bbox 2011 2644 2209 2714; x_wconf 74' lang='grc' dir='ltr'>γεννᾷν</span> <span class='ocrx_word' id='word_1_496' title='bbox 2240 2659 2300 2697; x_wconf 87' lang='grc' dir='ltr'><strong>τε</strong></span> <span class='ocrx_word' id='word_1_497' title='bbox 2333 2642 2429 2696; x_wconf 76' lang='grc' dir='ltr'><strong>καὶ</strong></span> <span class='ocrx_word' id='word_1_498' title='bbox 2462 2639 2781 2713; x_wconf 82' lang='grc' dir='ltr'>προφέρειν.</span> <span class='ocrx_word' id='word_1_499' title='bbox 2816 2636 3056 2709; x_wconf 77' lang='grc' dir='ltr'>Μαθήσῃ</span> <span class='ocrx_word' id='word_1_500' title='bbox 3096 2635 3227 2707; x_wconf 82' lang='grc' dir='ltr'>γὰρ,</span> <span class='ocrx_word' id='word_1_501' title='bbox 3264 2630 3404 2686; x_wconf 79' lang='grc' dir='ltr'>θεοῦ</span> <span class='ocrx_word' id='word_1_502' title='bbox 3446 2629 3607 2683; x_wconf 82' lang='grc' dir='ltr'>διδόν-</span> 
     </span>
    </p>
   </div>
   <div class='ocr_carea' id='block_1_69' title="bbox 2012 2725 3606 2807">
    <p class='ocr_par' dir='ltr' id='par_1_69' title="bbox 2012 2725 3606 2807">
     <span class='ocr_line' id='line_1_69' title="bbox 2012 2725 3606 2807; baseline -0.005 -17"><span class='ocrx_word' id='word_1_503' title='bbox 2012 2754 2125 2799; x_wconf 85' lang='grc' dir='ltr'>τος,</span> <span class='ocrx_word' id='word_1_504' title='bbox 2167 2736 2297 2807; x_wconf 80' lang='grc' dir='ltr'>ὲξῆς</span> <span class='ocrx_word' id='word_1_505' title='bbox 2339 2736 2433 2789; x_wconf 75' lang='grc' dir='ltr'><strong>καὶ</strong></span> <span class='ocrx_word' id='word_1_506' title='bbox 2476 2734 2577 2806; x_wconf 84' lang='grc' dir='ltr'><strong>τὴν</strong></span> <span class='ocrx_word' id='word_1_507' title='bbox 2619 2732 2812 2786; x_wconf 83' lang='grc' dir='ltr'>τούτου</span> <span class='ocrx_word' id='word_1_508' title='bbox 2854 2732 3029 2802; x_wconf 82' lang='grc' dir='ltr'>ἀρχὴν</span> <span class='ocrx_word' id='word_1_509' title='bbox 3085 2747 3146 2782; x_wconf 88' lang='grc' dir='ltr'><strong>τε</strong></span> <span class='ocrx_word' id='word_1_510' title='bbox 3190 2727 3287 2780; x_wconf 77' lang='grc' dir='ltr'>καὶ</span> <span class='ocrx_word' id='word_1_511' title='bbox 3334 2725 3606 2794; x_wconf 79' lang='grc' dir='ltr'>γέννησιν.</span> 
     </span>
    </p>
   </div>
   <div class='ocr_carea' id='block_1_70' title="bbox 2014 2816 3608 2898">
    <p class='ocr_par' dir='ltr' id='par_1_70' title="bbox 2014 2816 3608 2898">
     <span class='ocr_line' id='line_1_70' title="bbox 2014 2816 3608 2898; baseline -0.008 -18"><span class='ocrx_word' id='word_1_512' title='bbox 2014 2826 2310 2898; x_wconf 80' lang='grc' dir='ltr'>ἀξιουμένη</span> <span class='ocrx_word' id='word_1_513' title='bbox 2334 2826 2436 2897; x_wconf 84' lang='grc' dir='ltr'>τῆς</span> <span class='ocrx_word' id='word_1_514' title='bbox 2468 2823 2831 2895; x_wconf 74' lang='grc' dir='ltr'>ἁποστολικῆς</span> <span class='ocrx_word' id='word_1_515' title='bbox 2877 2820 3250 2894; x_wconf 78' lang='grc' dir='ltr'>παραδόσεως.</span> <span class='ocrx_word' id='word_1_516' title='bbox 3284 2818 3354 2889; x_wconf 76' lang='grc' dir='ltr'>ἠν</span> <span class='ocrx_word' id='word_1_517' title='bbox 3398 2818 3468 2869; x_wconf 83' lang='grc' dir='ltr'><strong>ὲκ</strong></span> <span class='ocrx_word' id='word_1_518' title='bbox 3500 2816 3608 2870; x_wconf 78' lang='grc' dir='ltr'>δια·</span> 
     </span>
    </p>
   </div>
   <div class='ocr_carea' id='block_1_71' title="bbox 2015 2908 3612 2991">
    <p class='ocr_par' dir='ltr' id='par_1_71' title="bbox 2015 2908 3612 2991">
     <span class='ocr_line' id='line_1_71' title="bbox 2015 2908 3612 2991; baseline -0.009 -17"><span class='ocrx_word' id='word_1_519' title='bbox 2015 2919 2177 2991; x_wconf 81' lang='grc' dir='ltr'>δοχῆς</span> <span class='ocrx_word' id='word_1_520' title='bbox 2210 2919 2305 2973; x_wconf 69' lang='grc' dir='ltr'><strong>καὶ</strong></span> <span class='ocrx_word' id='word_1_521' title='bbox 2327 2919 2488 2990; x_wconf 82' lang='grc' dir='ltr'>ἡμεῖς</span> <span class='ocrx_word' id='word_1_522' title='bbox 2519 2916 2964 2989; x_wconf 80' lang='grc' dir='ltr'>παρειλήφαμεν,</span> <span class='ocrx_word' id='word_1_523' title='bbox 3002 2912 3145 2985; x_wconf 77' lang='grc' dir='ltr'>μετὰ</span> <span class='ocrx_word' id='word_1_524' title='bbox 3187 2911 3284 2965; x_wconf 76' lang='grc' dir='ltr'><strong>καὶ</strong></span> <span class='ocrx_word' id='word_1_525' title='bbox 3323 2908 3421 2963; x_wconf 80' lang='grc' dir='ltr'><strong>τοῦ</strong></span> <span class='ocrx_word' id='word_1_526' title='bbox 3460 2924 3612 2961; x_wconf 81' lang='grc' dir='ltr'>κανο-</span> 
     </span>
    </p>
   </div>
   <div class='ocr_carea' id='block_1_72' title="bbox 2020 3001 3613 3079">
    <p class='ocr_par' dir='ltr' id='par_1_72' title="bbox 2020 3001 3613 3079">
     <span class='ocr_line' id='line_1_72' title="bbox 2020 3001 3613 3079; baseline -0.009 -14"><span class='ocrx_word' id='word_1_527' title='bbox 2020 3012 2166 3066; x_wconf 86' lang='grc' dir='ltr'>νίσαι</span> <span class='ocrx_word' id='word_1_528' title='bbox 2206 3012 2415 3073; x_wconf 86' lang='grc' dir='ltr'>πάντας</span> <span class='ocrx_word' id='word_1_529' title='bbox 2442 3011 2570 3073; x_wconf 77' lang='grc' dir='ltr'>τοὺς</span> <span class='ocrx_word' id='word_1_530' title='bbox 2609 3009 2802 3078; x_wconf 80' lang='grc' dir='ltr'>λόγους</span> <span class='ocrx_word' id='word_1_531' title='bbox 2836 3010 2905 3079; x_wconf 77' lang='grc' dir='ltr'>τῇ</span> <span class='ocrx_word' id='word_1_532' title='bbox 2944 3006 3043 3061; x_wconf 81' lang='grc' dir='ltr'><strong>τοῦ</strong></span> <span class='ocrx_word' id='word_1_533' title='bbox 3075 3005 3331 3075; x_wconf 84' lang='grc' dir='ltr'>Σωτῆρος</span> <span class='ocrx_word' id='word_1_534' title='bbox 3362 3001 3613 3054; x_wconf 72' lang='grc' dir='ltr'>διδασκα·</span> 
     </span>
    </p>
   </div>
   <div class='ocr_carea' id='block_1_73' title="bbox 2019 3092 3614 3176">
    <p class='ocr_par' dir='ltr' id='par_1_73' title="bbox 2019 3092 3614 3176">
     <span class='ocr_line' id='line_1_73' title="bbox 2019 3092 3614 3176; baseline -0.009 -18"><span class='ocrx_word' id='word_1_535' title='bbox 2019 3103 2128 3176; x_wconf 79' lang='grc' dir='ltr'><strong>λὶᾳ.</strong></span> <span class='ocrx_word' id='word_1_536' title='bbox 2157 3102 2347 3158; x_wconf 81' lang='grc' dir='ltr'>Ταῦτά</span> <span class='ocrx_word' id='word_1_537' title='bbox 2378 3120 2483 3163; x_wconf 85' lang='grc' dir='ltr'>σοι.</span> <span class='ocrx_word' id='word_1_538' title='bbox 2510 3096 2555 3155; x_wconf 80' lang='grc' dir='ltr'>ὧ</span> <span class='ocrx_word' id='word_1_539' title='bbox 2587 3101 2792 3172; x_wconf 79' lang='grc' dir='ltr'>ἀδελφή</span> <span class='ocrx_word' id='word_1_540' title='bbox 2829 3117 2930 3172; x_wconf 85' lang='grc' dir='ltr'><strong>μου</strong></span> <span class='ocrx_word' id='word_1_541' title='bbox 2974 3097 3189 3170; x_wconf 77' lang='grc' dir='ltr'>Φλώρα,</span> <span class='ocrx_word' id='word_1_542' title='bbox 3213 3096 3282 3149; x_wconf 83' lang='grc' dir='ltr'><strong>δι’</strong></span> <span class='ocrx_word' id='word_1_543' title='bbox 3318 3095 3520 3164; x_wconf 79' lang='grc' dir='ltr'>ὀλίγων</span> <span class='ocrx_word' id='word_1_544' title='bbox 3544 3092 3614 3144; x_wconf 77' lang='grc' dir='ltr'>εἰ·</span> 
     </span>
    </p>
   </div>
   <div class='ocr_carea' id='block_1_74' title="bbox 2022 3186 3615 3269">
    <p class='ocr_par' dir='ltr' id='par_1_74' title="bbox 2022 3186 3615 3269">
     <span class='ocr_line' id='line_1_74' title="bbox 2022 3186 3615 3269; baseline -0.007 -20"><span class='ocrx_word' id='word_1_545' title='bbox 2022 3195 2237 3269; x_wconf 85' lang='grc' dir='ltr'>ρημένα</span> <span class='ocrx_word' id='word_1_546' title='bbox 2263 3196 2363 3248; x_wconf 78' lang='grc' dir='ltr'><strong>οὐκ</strong></span> <span class='ocrx_word' id='word_1_547' title='bbox 2384 3195 2628 3267; x_wconf 80' lang='grc' dir='ltr'>ητόνησα</span> <span class='ocrx_word' id='word_1_548' title='bbox 2654 3194 2752 3267; x_wconf 72' lang='grc'><strong>(4),</strong></span> <span class='ocrx_word' id='word_1_549' title='bbox 2779 3194 2876 3247; x_wconf 74' lang='grc' dir='ltr'>καὶ</span> <span class='ocrx_word' id='word_1_550' title='bbox 2920 3191 2983 3246; x_wconf 79' lang='grc' dir='ltr'><strong>τὸ</strong></span> <span class='ocrx_word' id='word_1_551' title='bbox 3011 3191 3110 3261; x_wconf 78' lang='grc' dir='ltr'><strong>τῆς</strong></span> <span class='ocrx_word' id='word_1_552' title='bbox 3157 3186 3459 3259; x_wconf 78' lang='grc' dir='ltr'>συντομίας</span> <span class='ocrx_word' id='word_1_553' title='bbox 3488 3202 3615 3256; x_wconf 81' lang='grc' dir='ltr'>προ-</span> 
     </span>
    </p>
   </div>
   <div class='ocr_carea' id='block_1_75' title="bbox 2019 3278 3615 3363">
    <p class='ocr_par' dir='ltr' id='par_1_75' title="bbox 2019 3278 3615 3363">
     <span class='ocr_line' id='line_1_75' title="bbox 2019 3278 3615 3363; baseline -0.008 -19"><span class='ocrx_word' id='word_1_554' title='bbox 2019 3289 2267 3363; x_wconf 74' lang='grc' dir='ltr'>έγραψαο</span> <span class='ocrx_word' id='word_1_555' title='bbox 2304 3289 2420 3360; x_wconf 71' lang='grc' dir='ltr'><strong>ἅμα</strong></span> <span class='ocrx_word' id='word_1_556' title='bbox 2470 3289 2569 3360; x_wconf 84' lang='grc' dir='ltr'><strong>μὲν</strong></span> <span class='ocrx_word' id='word_1_557' title='bbox 2600 3289 2662 3341; x_wconf 87' lang='grc' dir='ltr'><strong>τὸ</strong></span> <span class='ocrx_word' id='word_1_558' title='bbox 2704 3288 3067 3360; x_wconf 84' lang='grc' dir='ltr'>προκείμενον</span> <span class='ocrx_word' id='word_1_559' title='bbox 3113 3281 3484 3353; x_wconf 82' lang='grc' dir='ltr'>ἀποχρώντως</span> <span class='ocrx_word' id='word_1_560' title='bbox 3536 3278 3615 3344; x_wconf 77' lang='grc' dir='ltr'><strong>ἑξ-</strong></span> 
     </span>
    </p>
   </div>
   <div class='ocr_carea' id='block_1_76' title="bbox 2026 3371 3615 3453">
    <p class='ocr_par' dir='ltr' id='par_1_76' title="bbox 2026 3371 3615 3453">
     <span class='ocr_line' id='line_1_76' title="bbox 2026 3371 3615 3453; baseline -0.008 -17"><span class='ocrx_word' id='word_1_561' title='bbox 2026 3381 2221 3453; x_wconf 79' lang='grc' dir='ltr'>έφηνα,</span> <span class='ocrx_word' id='word_1_562' title='bbox 2262 3380 2298 3435; x_wconf 79' lang='grc' dir='ltr'><strong>ὃ.</strong></span> <span class='ocrx_word' id='word_1_563' title='bbox 2335 3380 2431 3434; x_wconf 66' lang='grc' dir='ltr'><strong>κα)⁸</strong></span> <span class='ocrx_word' id='word_1_564' title='bbox 2472 3381 2551 3444; x_wconf 72' lang='grc' dir='ltr'>εἰς</span> <span class='ocrx_word' id='word_1_565' title='bbox 2588 3379 2657 3433; x_wconf 72' lang='grc' dir='ltr'>τὰ</span> <span class='ocrx_word' id='word_1_566' title='bbox 2706 3380 2836 3449; x_wconf 77' lang='grc' dir='ltr'>ἑξῆς</span> <span class='ocrx_word' id='word_1_567' title='bbox 2886 3380 2956 3431; x_wconf 78' lang='grc' dir='ltr'>τὰ</span> <span class='ocrx_word' id='word_1_568' title='bbox 2989 3377 3226 3449; x_wconf 83' lang='grc' dir='ltr'>μέγιστά</span> <span class='ocrx_word' id='word_1_569' title='bbox 3280 3391 3366 3428; x_wconf 86' lang='grc' dir='ltr'><strong>σοι</strong></span> <span class='ocrx_word' id='word_1_570' title='bbox 3417 3371 3615 3442; x_wconf 61' lang='lat' dir='ltr'><strong>mp6:-</strong></span> 
     </span>
    </p>
   </div>
   <div class='ocr_carea' id='block_1_77' title="bbox 2025 3466 3619 3545">
    <p class='ocr_par' dir='ltr' id='par_1_77' title="bbox 2025 3466 3619 3545">
     <span class='ocr_line' id='line_1_77' title="bbox 2025 3466 3619 3545; baseline -0.008 -16"><span class='ocrx_word' id='word_1_571' title='bbox 2025 3474 2220 3541; x_wconf 85' lang='grc' dir='ltr'>λεῖται,</span> <span class='ocrx_word' id='word_1_572' title='bbox 2266 3476 2360 3530; x_wconf 84' lang='grc' dir='ltr'><strong>ὲάν</strong></span> <span class='ocrx_word' id='word_1_573' title='bbox 2396 3491 2482 3545; x_wconf 90' lang='grc' dir='ltr'><strong>γε,</strong></span> <span class='ocrx_word' id='word_1_574' title='bbox 2527 3475 2605 3538; x_wconf 85' lang='grc' dir='ltr'>ὡς</span> <span class='ocrx_word' id='word_1_575' title='bbox 2663 3474 2803 3545; x_wconf 84' lang='grc' dir='ltr'>καλὴ</span> <span class='ocrx_word' id='word_1_576' title='bbox 2848 3474 2919 3543; x_wconf 83' lang='grc' dir='ltr'>γῆ</span> <span class='ocrx_word' id='word_1_577' title='bbox 2971 3472 3069 3527; x_wconf 77' lang='grc' dir='ltr'><strong>καὶ</strong></span> <span class='ocrx_word' id='word_1_578' title='bbox 3119 3469 3323 3539; x_wconf 84' lang='grc' dir='ltr'>ἀγαθὴ,</span> <span class='ocrx_word' id='word_1_579' title='bbox 3382 3466 3619 3537; x_wconf 71' lang='grc' dir='ltr'>γονίμων</span> 
     </span>
    </p>
   </div>
   <div class='ocr_carea' id='block_1_78' title="bbox 2026 3560 3614 3642">
    <p class='ocr_par' dir='ltr' id='par_1_78' title="bbox 2026 3560 3614 3642">
     <span class='ocr_line' id='line_1_78' title="bbox 2026 3560 3614 3642; baseline -0.008 -19"><span class='ocrx_word' id='word_1_580' title='bbox 2026 3569 2362 3642; x_wconf 79' lang='grc' dir='ltr'>σπερμάτων</span> <span class='ocrx_word' id='word_1_581' title='bbox 2418 3568 2677 3640; x_wconf 81' lang='grc' dir='ltr'>τυχοῦσα,</span> <span class='ocrx_word' id='word_1_582' title='bbox 2710 3568 2806 3621; x_wconf 82' lang='grc' dir='ltr'>τὸν</span> <span class='ocrx_word' id='word_1_583' title='bbox 2861 3566 2932 3620; x_wconf 84' lang='grc' dir='ltr'><strong>δι’</strong></span> <span class='ocrx_word' id='word_1_584' title='bbox 2986 3563 3169 3620; x_wconf 80' lang='grc' dir='ltr'>αὐτῶν</span> <span class='ocrx_word' id='word_1_585' title='bbox 3218 3561 3436 3634; x_wconf 78' lang='grc' dir='ltr'>καρπον</span> <span class='ocrx_word' id='word_1_586' title='bbox 3492 3560 3614 3612; x_wconf 73' lang='grc' dir='ltr'>ἀνα-</span> 
     </span>
    </p>
   </div>
   <div class='ocr_carea' id='block_1_79' title="bbox 2025 3660 2226 3736">
    <p class='ocr_par' dir='ltr' id='par_1_79' title="bbox 2025 3660 2226 3736">
     <span class='ocr_line' id='line_1_79' title="bbox 2025 3660 2226 3736; baseline 0.005 -22"><span class='ocrx_word' id='word_1_587' title='bbox 2025 3660 2226 3736; x_wconf 76' lang='grc' dir='ltr'>δείξῃς.</span> 
     </span>
    </p>
   </div>
   <div class='ocr_carea' id='block_1_80' title="bbox 329 3741 3613 3827">
    <p class='ocr_par' dir='ltr' id='par_1_80' title="bbox 329 3741 3613 3827">
     <span class='ocr_line' id='line_1_80' title="bbox 329 3741 3613 3827; baseline 0.001 -34"><span class='ocrx_word' id='word_1_588' title='bbox 329 3747 512 3794; x_wconf 89' lang='lat' dir='ltr'><strong>tamen</strong></span> <span class='ocrx_word' id='word_1_589' title='bbox 555 3748 615 3794; x_wconf 91' lang='lat' dir='ltr'><strong>ut</strong></span> <span class='ocrx_word' id='word_1_590' title='bbox 661 3741 809 3812; x_wconf 89' lang='lat' dir='ltr'><strong>quod</strong></span> <span class='ocrx_word' id='word_1_591' title='bbox 851 3751 971 3797; x_wconf 90' lang='lat' dir='ltr'><strong>erat</strong></span> <span class='ocrx_word' id='word_1_592' title='bbox 1013 3744 1400 3815; x_wconf 90' lang='lat' dir='ltr'><strong>propositum,</strong></span> <span class='ocrx_word' id='word_1_593' title='bbox 1452 3754 1721 3819; x_wconf 89' lang='lat' dir='ltr'><strong>quantum</strong></span> <span class='ocrx_word' id='word_1_594' title='bbox 1771 3751 1909 3807; x_wconf 88' lang='lat' dir='ltr'><strong>satis</strong></span> <span class='ocrx_word' id='word_1_595' title='bbox 1946 3763 2115 3818; x_wconf 79' lang='lat' dir='ltr'><strong>esset,</strong></span> <span class='ocrx_word' id='word_1_596' title='bbox 2151 3754 2495 3827; x_wconf 81' lang='lat' dir='ltr'><strong>explicarim.</strong></span> <span class='ocrx_word' id='word_1_597' title='bbox 2562 3754 2736 3823; x_wconf 87' lang='lat' dir='ltr'><strong>Quam</strong></span> <span class='ocrx_word' id='word_1_598' title='bbox 2788 3768 2904 3809; x_wconf 91' lang='lat' dir='ltr'><strong>rem</strong></span> <span class='ocrx_word' id='word_1_599' title='bbox 2950 3751 3212 3821; x_wconf 78' lang='lat' dir='ltr'><strong>deinceps</strong></span> <span class='ocrx_word' id='word_1_600' title='bbox 3274 3762 3481 3819; x_wconf 74' lang='lat' dir='ltr'><strong>magno</strong></span> <span class='ocrx_word' id='word_1_601' title='bbox 3528 3744 3613 3798; x_wconf 85' lang='lat' dir='ltr'><strong>tibi</strong></span> 
     </span>
    </p>
   </div>
   <div class='ocr_carea' id='block_1_81' title="bbox 328 3829 3613 3927">
    <p class='ocr_par' dir='ltr' id='par_1_81' title="bbox 328 3829 3613 3927">
     <span class='ocr_line' id='line_1_81' title="bbox 328 3829 3613 3927; baseline 0.001 -41"><span class='ocrx_word' id='word_1_602' title='bbox 328 3831 452 3886; x_wconf 84' lang='lat' dir='ltr'><strong>usui</strong></span> <span class='ocrx_word' id='word_1_603' title='bbox 488 3829 605 3887; x_wconf 84' lang='lat' dir='ltr'><strong>fore</strong></span> <span class='ocrx_word' id='word_1_604' title='bbox 630 3831 885 3888; x_wconf 81' lang='lat' dir='ltr'><strong>conﬁdo:</strong></span> <span class='ocrx_word' id='word_1_605' title='bbox 916 3832 965 3890; x_wconf 90' lang='lat' dir='ltr'><strong>si</strong></span> <span class='ocrx_word' id='word_1_606' title='bbox 995 3833 1176 3902; x_wconf 87' lang='lat' dir='ltr'><strong>modo,</strong></span> <span class='ocrx_word' id='word_1_607' title='bbox 1243 3836 1473 3927; x_wconf 83' lang='lat' dir='ltr'><strong>perinde</strong></span> <span class='ocrx_word' id='word_1_608' title='bbox 1531 3853 1596 3894; x_wconf 88' lang='lat' dir='ltr'><strong>ac</strong></span> <span class='ocrx_word' id='word_1_609' title='bbox 1659 3840 1839 3898; x_wconf 91' lang='lat' dir='ltr'><strong>bonus</strong></span> <span class='ocrx_word' id='word_1_610' title='bbox 1885 3858 2014 3917; x_wconf 78' lang='lat' dir='ltr'><strong>ager</strong></span> <span class='ocrx_word' id='word_1_611' title='bbox 2052 3855 2106 3903; x_wconf 91' lang='lat' dir='ltr'><strong>et</strong></span> <span class='ocrx_word' id='word_1_612' title='bbox 2146 3846 2450 3912; x_wconf 76' lang='lat' dir='ltr'><strong>fecundus,</strong></span> <span class='ocrx_word' id='word_1_613' title='bbox 2502 3858 2729 3917; x_wconf 82' lang='lat' dir='ltr'><strong>excepta</strong></span> <span class='ocrx_word' id='word_1_614' title='bbox 2786 3844 2999 3902; x_wconf 89' lang='lat' dir='ltr'><strong>semina</strong></span> <span class='ocrx_word' id='word_1_615' title='bbox 3046 3843 3326 3899; x_wconf 77' lang='lat' dir='ltr'><strong>fructuum</strong></span> <span class='ocrx_word' id='word_1_616' title='bbox 3379 3841 3613 3897; x_wconf 80' lang='lat' dir='ltr'><strong>ubertate</strong></span> 
     </span>
    </p>
   </div>
   <div class='ocr_carea' id='block_1_82' title="bbox 328 3939 677 3996">
    <p class='ocr_par' dir='ltr' id='par_1_82' title="bbox 328 3939 677 3996">
     <span class='ocr_line' id='line_1_82' title="bbox 328 3939 677 3996; baseline 0.003 -16"><span class='ocrx_word' id='word_1_617' title='bbox 328 3939 677 3996; x_wconf 82' lang='lat' dir='ltr'><strong>compenses.</strong></span> 
     </span>
    </p>
   </div>
   <div class='ocr_carea' id='block_1_83' title="bbox 532 4043 1741 4122">
    <p class='ocr_par' dir='ltr' id='par_1_83' title="bbox 532 4043 1741 4122">
     <span class='ocr_line' id='line_1_83' title="bbox 532 4043 1741 4122; baseline 0.007 -23"><span class='ocrx_word' id='word_1_618' title='bbox 532 4043 805 4100; x_wconf 73' lang='lat' dir='ltr'><strong>Hactenus</strong></span> <span class='ocrx_word' id='word_1_619' title='bbox 831 4045 1109 4103; x_wconf 67' lang='lat' dir='ltr'><strong>Ptolemaei</strong></span> <span class='ocrx_word' id='word_1_620' title='bbox 1138 4048 1207 4102; x_wconf 84' lang='lat' dir='ltr'><strong>ad</strong></span> <span class='ocrx_word' id='word_1_621' title='bbox 1234 4046 1459 4105; x_wconf 76' lang='lat' dir='ltr'><strong>Florum</strong></span> <span class='ocrx_word' id='word_1_622' title='bbox 1494 4053 1741 4122; x_wconf 79' lang='lat' dir='ltr'><strong>epistola.</strong></span> 
     </span>
    </p>
   </div>
   <div class='ocr_carea' id='block_1_84' title="bbox 401 4174 1921 4258">
    <p class='ocr_par' dir='ltr' id='par_1_84' title="bbox 401 4174 1921 4258">
     <span class='ocr_line' id='line_1_84' title="bbox 401 4174 1921 4258; baseline 0.006 -27"><span class='ocrx_word' id='word_1_623' title='bbox 401 4174 538 4231; x_wconf 78' lang='lat' dir='ltr'>VIII.</span> <span class='ocrx_word' id='word_1_624' title='bbox 573 4176 711 4244; x_wconf 85' lang='lat' dir='ltr'><strong>Quis</strong></span> <span class='ocrx_word' id='word_1_625' title='bbox 742 4177 1013 4248; x_wconf 87' lang='lat' dir='ltr'><strong>ejusmodi</strong></span> <span class='ocrx_word' id='word_1_626' title='bbox 1041 4179 1360 4245; x_wconf 83' lang='lat' dir='ltr'><strong>verborum,</strong></span> <span class='ocrx_word' id='word_1_627' title='bbox 1394 4196 1461 4236; x_wconf 86' lang='lat' dir='ltr'><strong>ac</strong></span> <span class='ocrx_word' id='word_1_628' title='bbox 1492 4182 1921 4258; x_wconf 74' lang='lat' dir='ltr'><strong>circumforanei</strong></span> 
     </span>
    </p>
   </div>
   <div class='ocr_carea' id='block_1_85' title="bbox 2106 4048 3544 4124">
    <p class='ocr_par' dir='ltr' id='par_1_85' title="bbox 2106 4048 3544 4124">
     <span class='ocr_line' id='line_1_85' title="bbox 2106 4048 3544 4124; baseline -0.003 -15"><span class='ocrx_word' id='word_1_629' title='bbox 2106 4054 2535 4124; x_wconf 74' lang='grc' dir='ltr'>Πεπλήρωνται</span> <span class='ocrx_word' id='word_1_630' title='bbox 2567 4054 2639 4108; x_wconf 85' lang='grc' dir='ltr'>τὰ</span> <span class='ocrx_word' id='word_1_631' title='bbox 2672 4051 3049 4122; x_wconf 65' lang='grc' dir='ltr'>Πτολεμαίου</span> <span class='ocrx_word' id='word_1_632' title='bbox 3081 4051 3235 4120; x_wconf 78' lang='grc' dir='ltr'>πρὸς</span> <span class='ocrx_word' id='word_1_633' title='bbox 3271 4048 3544 4118; x_wconf 71' lang='grc' dir='ltr'>Φλώραν.</span> 
     </span>
    </p>
   </div>
   <div class='ocr_carea' id='block_1_86' title="bbox 2092 4183 3611 4261">
    <p class='ocr_par' dir='ltr' id='par_1_86' title="bbox 2092 4183 3611 4261">
     <span class='ocr_line' id='line_1_86' title="bbox 2092 4183 3611 4261; baseline -0.005 -17"><span class='ocrx_word' id='word_1_634' title='bbox 2092 4190 2174 4245; x_wconf 83' lang='lat' dir='ltr'><strong>H&#39;.</strong></span> <span class='ocrx_word' id='word_1_635' title='bbox 2210 4189 2306 4254; x_wconf 80' lang='grc' dir='ltr'><strong>Τίς</strong></span> <span class='ocrx_word' id='word_1_636' title='bbox 2330 4188 2387 4243; x_wconf 82' lang='grc' dir='ltr'><strong>δὲ</strong></span> <span class='ocrx_word' id='word_1_637' title='bbox 2428 4189 2633 4243; x_wconf 81' lang='grc' dir='ltr'>τούτων</span> <span class='ocrx_word' id='word_1_638' title='bbox 2656 4187 2766 4243; x_wconf 89' lang='grc' dir='ltr'><strong>τῶν</strong></span> <span class='ocrx_word' id='word_1_639' title='bbox 2804 4187 3089 4261; x_wconf 77' lang='grc' dir='ltr'>ῥημάτων,</span> <span class='ocrx_word' id='word_1_640' title='bbox 3116 4186 3211 4240; x_wconf 75' lang='grc' dir='ltr'><strong>καὶ</strong></span> <span class='ocrx_word' id='word_1_641' title='bbox 3239 4185 3342 4256; x_wconf 71' lang='grc' dir='ltr'>τῆς</span> <span class='ocrx_word' id='word_1_642' title='bbox 3373 4183 3471 4239; x_wconf 86' lang='grc' dir='ltr'><strong>τοῦ</strong></span> <span class='ocrx_word' id='word_1_643' title='bbox 3500 4183 3611 4254; x_wconf 78' lang='grc' dir='ltr'><strong>γὸηο</strong></span> 
     </span>
    </p>
   </div>
   <div class='ocr_carea' id='block_1_87' title="bbox 330 4267 1921 4369">
    <p class='ocr_par' dir='ltr' id='par_1_87' title="bbox 330 4267 1921 4343">
     <span class='ocr_line' id='line_1_87' title="bbox 330 4267 1921 4343; baseline 0.006 -18"><span class='ocrx_word' id='word_1_644' title='bbox 330 4267 519 4341; x_wconf 85' lang='lat' dir='ltr'><strong>bujus,</strong></span> <span class='ocrx_word' id='word_1_645' title='bbox 556 4269 1011 4343; x_wconf 85' lang='lat' dir='ltr'><strong>asseclarumque</strong></span> <span class='ocrx_word' id='word_1_646' title='bbox 1054 4271 1199 4341; x_wconf 89' lang='lat' dir='ltr'><strong>ejus,</strong></span> <span class='ocrx_word' id='word_1_647' title='bbox 1247 4271 1604 4331; x_wconf 60' lang='lat' dir='ltr'><strong>Ptolemaeum</strong></span> <span class='ocrx_word' id='word_1_648' title='bbox 1642 4291 1707 4332; x_wconf 91' lang='lat' dir='ltr'><strong>ac</strong></span> <span class='ocrx_word' id='word_1_649' title='bbox 1736 4279 1921 4335; x_wconf 90' lang='lat' dir='ltr'><strong>socios</strong></span> 
     </span>
    </p>
   </div>
   <div class='ocr_carea' id='block_1_88' title="bbox 2099 4267 3610 4369">
    <p class='ocr_par' dir='ltr' id='par_1_88' title="bbox 2099 4278 3610 4357">
     <span class='ocr_line' id='line_1_88' title="bbox 2099 4278 3610 4357; baseline -0.003 -22"><span class='ocrx_word' id='word_1_650' title='bbox 2099 4300 2118 4346; x_wconf 90' lang='lat'><strong>;</strong></span> <span class='ocrx_word' id='word_1_651' title='bbox 2148 4281 2361 4345; x_wconf 81' lang='grc' dir='ltr'>τούτου,</span> <span class='ocrx_word' id='word_1_652' title='bbox 2396 4282 2615 4353; x_wconf 75' lang='grc' dir='ltr'>καὶτῆς</span> <span class='ocrx_word' id='word_1_653' title='bbox 2646 4283 2756 4357; x_wconf 64' lang='grc' dir='ltr'><strong>τῶν</strong></span> <span class='ocrx_word' id='word_1_654' title='bbox 2790 4282 2890 4337; x_wconf 79' lang='grc' dir='ltr'><strong>σὺν</strong></span> <span class='ocrx_word' id='word_1_655' title='bbox 2932 4279 3083 4353; x_wconf 75' lang='grc' dir='ltr'>αὐτῷ</span> <span class='ocrx_word' id='word_1_656' title='bbox 3120 4278 3372 4345; x_wconf 78' lang='grc' dir='ltr'>ἀνέξεται</span> <span class='ocrx_word' id='word_1_657' title='bbox 3432 4296 3610 4350; x_wconf 72' lang='grc' dir='ltr'>φρενορ</span> 
     </span>
    </p>
   </div>
   <div class='ocr_carea' id='block_1_89' title="bbox 330 4362 1919 4444">
    <p class='ocr_par' dir='ltr' id='par_1_89' title="bbox 330 4362 1919 4444">
     <span class='ocr_line' id='line_1_89' title="bbox 330 4362 1919 4444; baseline 0.008 -27"><span class='ocrx_word' id='word_1_658' title='bbox 330 4362 601 4435; x_wconf 83' lang='lat' dir='ltr'><strong>intelligo,</strong></span> <span class='ocrx_word' id='word_1_659' title='bbox 638 4364 920 4419; x_wconf 87' lang='lat' dir='ltr'><strong>vesaniam</strong></span> <span class='ocrx_word' id='word_1_660' title='bbox 973 4367 1151 4437; x_wconf 90' lang='lat' dir='ltr'><strong>possit</strong></span> <span class='ocrx_word' id='word_1_661' title='bbox 1179 4368 1479 4437; x_wconf 89' lang='lat' dir='ltr'><strong>sustinere,</strong></span> <span class='ocrx_word' id='word_1_662' title='bbox 1510 4371 1604 4441; x_wconf 90' lang='lat' dir='ltr'><strong>qui</strong></span> <span class='ocrx_word' id='word_1_663' title='bbox 1634 4371 1919 4444; x_wconf 65' lang='lat' dir='ltr'><strong>ineptissi«</strong></span> 
     </span>
    </p>
   </div>
   <div class='ocr_carea' id='block_1_90' title="bbox 2028 4373 3610 4448">
    <p class='ocr_par' dir='ltr' id='par_1_90' title="bbox 2028 4373 3610 4448">
     <span class='ocr_line' id='line_1_90' title="bbox 2028 4373 3610 4448; baseline -0.003 -19"><span class='ocrx_word' id='word_1_664' title='bbox 2028 4376 2306 4444; x_wconf 77' lang='grc' dir='ltr'>ϐλαϐείας,</span> <span class='ocrx_word' id='word_1_665' title='bbox 2337 4376 2674 4448; x_wconf 82' lang='grc' dir='ltr'>Πτολεμαίου</span> <span class='ocrx_word' id='word_1_666' title='bbox 2706 4393 2786 4441; x_wconf 89' lang='grc' dir='ltr'><strong>τε,</strong></span> <span class='ocrx_word' id='word_1_667' title='bbox 2816 4376 2980 4448; x_wconf 68' lang='grc' dir='ltr'>φημὶ,</span> <span class='ocrx_word' id='word_1_668' title='bbox 3014 4374 3109 4429; x_wconf 69' lang='grc' dir='ltr'>καὶ</span> <span class='ocrx_word' id='word_1_669' title='bbox 3139 4373 3248 4427; x_wconf 89' lang='grc' dir='ltr'><strong>τῶν</strong></span> <span class='ocrx_word' id='word_1_670' title='bbox 3287 4376 3428 4444; x_wconf 78' lang='grc' dir='ltr'>ἀμφ’</span> <span class='ocrx_word' id='word_1_671' title='bbox 3465 4373 3610 4426; x_wconf 62' lang='lat' dir='ltr'><strong>alath</strong></span> 
     </span>
    </p>
   </div>
   <div class='ocr_carea' id='block_1_91' title="bbox 331 4454 1921 4535">
    <p class='ocr_par' dir='ltr' id='par_1_91' title="bbox 331 4454 1921 4519">
     <span class='ocr_line' id='line_1_91' title="bbox 331 4454 1921 4519; baseline 0.007 -11"><span class='ocrx_word' id='word_1_672' title='bbox 331 4469 451 4511; x_wconf 86' lang='lat' dir='ltr'><strong>mas</strong></span> <span class='ocrx_word' id='word_1_673' title='bbox 486 4454 700 4512; x_wconf 82' lang='lat' dir='ltr'><strong>fabulas</strong></span> <span class='ocrx_word' id='word_1_674' title='bbox 725 4457 799 4512; x_wconf 86' lang='lat' dir='ltr'><strong>ita</strong></span> <span class='ocrx_word' id='word_1_675' title='bbox 828 4456 1177 4514; x_wconf 83' lang='lat' dir='ltr'><strong>confundunt</strong></span> <span class='ocrx_word' id='word_1_676' title='bbox 1202 4474 1268 4515; x_wconf 92' lang='lat' dir='ltr'><strong>ac</strong></span> <span class='ocrx_word' id='word_1_677' title='bbox 1296 4463 1614 4517; x_wconf 83' lang='lat' dir='ltr'><strong>consuunt?</strong></span> <span class='ocrx_word' id='word_1_678' title='bbox 1630 4460 1750 4519; x_wconf 85' lang='lat' dir='ltr'><strong>Non</strong></span> <span class='ocrx_word' id='word_1_679' title='bbox 1771 4466 1921 4519; x_wconf 90' lang='lat' dir='ltr'><strong>enim</strong></span> 
     </span>
    </p>
   </div>
   <div class='ocr_carea' id='block_1_92' title="bbox 2099 4454 3607 4535">
    <p class='ocr_par' dir='ltr' id='par_1_92' title="bbox 2099 4465 3607 4535">
     <span class='ocr_line' id='line_1_92' title="bbox 2099 4465 3607 4535; baseline -0.007 -10"><span class='ocrx_word' id='word_1_680' title='bbox 2099 4469 2384 4525; x_wconf 74' lang='grc' dir='ltr'>ῖτοσοῦτον</span> <span class='ocrx_word' id='word_1_681' title='bbox 2429 4467 2724 4522; x_wconf 84' lang='grc' dir='ltr'>κυκώντων</span> <span class='ocrx_word' id='word_1_682' title='bbox 2760 4468 2855 4521; x_wconf 70' lang='grc' dir='ltr'><strong>καὶ</strong></span> <span class='ocrx_word' id='word_1_683' title='bbox 2898 4467 3244 4521; x_wconf 85' lang='grc' dir='ltr'>καττυόντων</span> <span class='ocrx_word' id='word_1_684' title='bbox 3288 4465 3607 4535; x_wconf 75' lang='grc' dir='ltr'>πλάσματας</span> 
     </span>
    </p>
   </div>
   <div class='ocr_carea' id='block_1_93' title="bbox 331 4548 1921 4627">
    <p class='ocr_par' dir='ltr' id='par_1_93' title="bbox 331 4548 1921 4627">
     <span class='ocr_line' id='line_1_93' title="bbox 331 4548 1921 4627; baseline 0.006 -26"><span class='ocrx_word' id='word_1_685' title='bbox 331 4548 628 4619; x_wconf 89' lang='lat' dir='ltr'><strong>quisquam</strong></span> <span class='ocrx_word' id='word_1_686' title='bbox 659 4565 726 4605; x_wconf 82' lang='lat' dir='ltr'><strong>ex</strong></span> <span class='ocrx_word' id='word_1_687' title='bbox 754 4550 1003 4622; x_wconf 89' lang='lat' dir='ltr'><strong>antiquis</strong></span> <span class='ocrx_word' id='word_1_688' title='bbox 1029 4551 1138 4609; x_wconf 91' lang='lat' dir='ltr'><strong>illis</strong></span> <span class='ocrx_word' id='word_1_689' title='bbox 1191 4552 1588 4626; x_wconf 62' lang='lat' dir='ltr'><strong>tragoediarum</strong></span> <span class='ocrx_word' id='word_1_690' title='bbox 1630 4556 1921 4627; x_wconf 84' lang='lat' dir='ltr'><strong>scriptori-</strong></span> 
     </span>
    </p>
   </div>
   <div class='ocr_carea' id='block_1_94' title="bbox 331 4641 1915 4719">
    <p class='ocr_par' dir='ltr' id='par_1_94' title="bbox 331 4641 1915 4719">
     <span class='ocr_line' id='line_1_94' title="bbox 331 4641 1915 4719; baseline 0.007 -23"><span class='ocrx_word' id='word_1_691' title='bbox 331 4641 458 4707; x_wconf 85' lang='lat' dir='ltr'><strong>bus,</strong></span> <span class='ocrx_word' id='word_1_692' title='bbox 490 4649 585 4697; x_wconf 88' lang='lat' dir='ltr'><strong>aut</strong></span> <span class='ocrx_word' id='word_1_693' title='bbox 608 4658 676 4699; x_wconf 79' lang='lat' dir='ltr'><strong>ex</strong></span> <span class='ocrx_word' id='word_1_694' title='bbox 701 4643 1105 4715; x_wconf 89' lang='lat' dir='ltr'><strong>posterioribus</strong></span> <span class='ocrx_word' id='word_1_695' title='bbox 1141 4646 1349 4712; x_wconf 90' lang='lat' dir='ltr'><strong>mimis,</strong></span> <span class='ocrx_word' id='word_1_696' title='bbox 1403 4648 1587 4719; x_wconf 91' lang='lat' dir='ltr'><strong>qualis</strong></span> <span class='ocrx_word' id='word_1_697' title='bbox 1636 4647 1915 4719; x_wconf 85' lang='lat' dir='ltr'><strong>Philistio,</strong></span> 
     </span>
    </p>
   </div>
   <div class='ocr_carea' id='block_1_95' title="bbox 331 4733 1921 4812">
    <p class='ocr_par' dir='ltr' id='par_1_95' title="bbox 331 4733 1921 4812">
     <span class='ocr_line' id='line_1_95' title="bbox 331 4733 1921 4812; baseline 0.007 -23"><span class='ocrx_word' id='word_1_698' title='bbox 331 4742 389 4789; x_wconf 89' lang='lat' dir='ltr'><strong>et</strong></span> <span class='ocrx_word' id='word_1_699' title='bbox 434 4733 707 4805; x_wconf 77' lang='lat' dir='ltr'><strong>Diogenes</strong></span> <span class='ocrx_word' id='word_1_700' title='bbox 767 4734 892 4804; x_wconf 85' lang='lat' dir='ltr'><strong>fuit,</strong></span> <span class='ocrx_word' id='word_1_701' title='bbox 950 4735 1044 4808; x_wconf 94' lang='lat' dir='ltr'><strong>qui</strong></span> <span class='ocrx_word' id='word_1_702' title='bbox 1090 4737 1433 4795; x_wconf 86' lang='lat' dir='ltr'><strong>incredibilia</strong></span> <span class='ocrx_word' id='word_1_703' title='bbox 1476 4741 1731 4812; x_wconf 90' lang='lat' dir='ltr'><strong>scripsit:</strong></span> <span class='ocrx_word' id='word_1_704' title='bbox 1762 4756 1857 4799; x_wconf 89' lang='lat' dir='ltr'><strong>aut</strong></span> <span class='ocrx_word' id='word_1_705' title='bbox 1889 4760 1921 4800; x_wconf 92' lang='lat' dir='ltr'><strong>e</strong></span> 
     </span>
    </p>
   </div>
   <div class='ocr_carea' id='block_1_96' title="bbox 334 4827 1917 4910">
    <p class='ocr_par' dir='ltr' id='par_1_96' title="bbox 334 4827 1917 4910">
     <span class='ocr_line' id='line_1_96' title="bbox 334 4827 1917 4910; baseline 0.008 -29"><span class='ocrx_word' id='word_1_706' title='bbox 334 4827 565 4897; x_wconf 89' lang='lat' dir='ltr'><strong>reliquis</strong></span> <span class='ocrx_word' id='word_1_707' title='bbox 647 4830 906 4888; x_wconf 90' lang='lat' dir='ltr'><strong>omnibus</strong></span> <span class='ocrx_word' id='word_1_708' title='bbox 969 4831 1282 4890; x_wconf 82' lang='lat' dir='ltr'><strong>fabularum</strong></span> <span class='ocrx_word' id='word_1_709' title='bbox 1343 4845 1440 4891; x_wconf 90' lang='lat' dir='ltr'><strong>aut</strong></span> <span class='ocrx_word' id='word_1_710' title='bbox 1496 4837 1917 4910; x_wconf 88' lang='lat' dir='ltr'><strong>rhapsodiarum</strong></span> 
     </span>
    </p>
   </div>
   <div class='ocr_carea' id='block_1_97' title="bbox 334 4920 1921 4997">
    <p class='ocr_par' dir='ltr' id='par_1_97' title="bbox 334 4920 1921 4997">
     <span class='ocr_line' id='line_1_97' title="bbox 334 4920 1921 4997; baseline 0.008 -24"><span class='ocrx_word' id='word_1_711' title='bbox 334 4920 677 4987; x_wconf 88' lang='lat' dir='ltr'><strong>auctoribus,</strong></span> <span class='ocrx_word' id='word_1_712' title='bbox 734 4929 847 4979; x_wconf 89' lang='lat' dir='ltr'><strong>tam</strong></span> <span class='ocrx_word' id='word_1_713' title='bbox 912 4924 1175 4997; x_wconf 85' lang='lat' dir='ltr'><strong>immania</strong></span> <span class='ocrx_word' id='word_1_714' title='bbox 1226 4928 1576 4985; x_wconf 89' lang='lat' dir='ltr'><strong>comminisci</strong></span> <span class='ocrx_word' id='word_1_715' title='bbox 1632 4930 1921 4986; x_wconf 89' lang='lat' dir='ltr'><strong>mendacia</strong></span> 
     </span>
    </p>
   </div>
   <div class='ocr_carea' id='block_1_98' title="bbox 336 5014 1920 5095">
    <p class='ocr_par' dir='ltr' id='par_1_98' title="bbox 336 5014 1920 5095">
     <span class='ocr_line' id='line_1_98' title="bbox 336 5014 1920 5095; baseline 0.008 -30"><span class='ocrx_word' id='word_1_716' title='bbox 336 5020 653 5082; x_wconf 90' lang='lat' dir='ltr'><strong>potuerunt,</strong></span> <span class='ocrx_word' id='word_1_717' title='bbox 687 5014 848 5087; x_wconf 73' lang='lat'><strong>223</strong></span> <span class='ocrx_word' id='word_1_718' title='bbox 870 5018 1055 5088; x_wconf 86' lang='lat' dir='ltr'><strong>qualia</strong></span> <span class='ocrx_word' id='word_1_719' title='bbox 1085 5020 1392 5078; x_wconf 88' lang='lat' dir='ltr'><strong>nebulones</strong></span> <span class='ocrx_word' id='word_1_720' title='bbox 1420 5022 1510 5078; x_wconf 89' lang='lat' dir='ltr'><strong>isti</strong></span> <span class='ocrx_word' id='word_1_721' title='bbox 1542 5024 1823 5095; x_wconf 90' lang='lat' dir='ltr'><strong>pr0priam</strong></span> <span class='ocrx_word' id='word_1_722' title='bbox 1861 5023 1920 5078; x_wconf 87' lang='lat' dir='ltr'><strong>in</strong></span> 
     </span>
    </p>
   </div>
   <div class='ocr_carea' id='block_1_99' title="bbox 332 5106 1908 5189">
    <p class='ocr_par' dir='ltr' id='par_1_99' title="bbox 332 5106 1908 5189">
     <span class='ocr_line' id='line_1_99' title="bbox 332 5106 1908 5189; baseline 0.009 -31"><span class='ocrx_word' id='word_1_723' title='bbox 332 5106 631 5175; x_wconf 89' lang='lat' dir='ltr'><strong>perniciem</strong></span> <span class='ocrx_word' id='word_1_724' title='bbox 661 5111 1025 5167; x_wconf 71' lang='lat' dir='ltr'><strong>exsecrabilis</strong></span> <span class='ocrx_word' id='word_1_725' title='bbox 1071 5113 1457 5189; x_wconf 83' lang='lat' dir='ltr'><strong>horrendaque</strong></span> <span class='ocrx_word' id='word_1_726' title='bbox 1518 5115 1908 5173; x_wconf 83' lang='lat' dir='ltr'><strong>fabricarum:</strong></span> 
     </span>
    </p>
   </div>
   <div class='ocr_carea' id='block_1_100' title="bbox 331 5198 1915 5283">
    <p class='ocr_par' dir='ltr' id='par_1_100' title="bbox 331 5198 1915 5283">
     <span class='ocr_line' id='line_1_100' title="bbox 331 5198 1915 5283; baseline 0.01 -31"><span class='ocrx_word' id='word_1_727' title='bbox 331 5198 533 5269; x_wconf 87' lang='lat' dir='ltr'><strong>quibus</strong></span> <span class='ocrx_word' id='word_1_728' title='bbox 549 5206 883 5258; x_wconf 88' lang='lat' dir='ltr'><strong>sectatorum</strong></span> <span class='ocrx_word' id='word_1_729' title='bbox 898 5204 1112 5262; x_wconf 89' lang='lat' dir='ltr'><strong>animos</strong></span> <span class='ocrx_word' id='word_1_730' title='bbox 1130 5207 1476 5266; x_wconf 84' lang='lat' dir='ltr'><strong>stultissimis</strong></span> <span class='ocrx_word' id='word_1_731' title='bbox 1491 5210 1915 5283; x_wconf 79' lang='lat' dir='ltr'><strong>qua-stiouibus,</strong></span> 
     </span>
    </p>
   </div>
   <div class='ocr_carea' id='block_1_101' title="bbox 407 5376 1322 5457">
    <p class='ocr_par' dir='ltr' id='par_1_101' title="bbox 407 5376 1322 5457">
     <span class='ocr_line' id='line_1_101' title="bbox 407 5376 1322 5457; baseline 0.012 -27"><span class='ocrx_word' id='word_1_732' title='bbox 407 5377 422 5409; x_wconf 83' lang='lat'>&#39;</span> <span class='ocrx_word' id='word_1_733' title='bbox 460 5376 653 5433; x_wconf 77' lang='lat' dir='ltr'><strong>Matth.</strong></span> <span class='ocrx_word' id='word_1_734' title='bbox 687 5395 800 5445; x_wconf 76' lang='lat' dir='ltr'><strong>xu,</strong></span> <span class='ocrx_word' id='word_1_735' title='bbox 845 5381 929 5437; x_wconf 89' lang='lat' dir='ltr'><strong>I7.</strong></span> <span class='ocrx_word' id='word_1_736' title='bbox 1003 5382 1174 5440; x_wconf 78' lang='lat' dir='ltr'><strong>&#39;Cor.</strong></span> <span class='ocrx_word' id='word_1_737' title='bbox 1202 5385 1322 5457; x_wconf 82' lang='grc' dir='ltr'>τῆς.</span> 
     </span>
    </p>
   </div>
   <div class='ocr_carea' id='block_1_102' title="bbox 2027 4554 3607 4633">
    <p class='ocr_par' dir='ltr' id='par_1_102' title="bbox 2027 4554 3607 4633">
     <span class='ocr_line' id='line_1_102' title="bbox 2027 4554 3607 4633; baseline -0.004 -19"><span class='ocrx_word' id='word_1_738' title='bbox 2027 4560 2163 4615; x_wconf 79' lang='grc' dir='ltr'>Οὔτε</span> <span class='ocrx_word' id='word_1_739' title='bbox 2196 4560 2307 4633; x_wconf 80' lang='grc' dir='ltr'><strong>γὰρ</strong></span> <span class='ocrx_word' id='word_1_740' title='bbox 2348 4560 2456 4614; x_wconf 88' lang='grc' dir='ltr'><strong>τῶν</strong></span> <span class='ocrx_word' id='word_1_741' title='bbox 2504 4560 2750 4613; x_wconf 84' lang='grc' dir='ltr'>παλαιῶν</span> <span class='ocrx_word' id='word_1_742' title='bbox 2785 4556 3208 4631; x_wconf 79' lang='grc' dir='ltr'>τραγῳδοποιῶν</span> <span class='ocrx_word' id='word_1_743' title='bbox 3250 4575 3359 4623; x_wconf 89' lang='grc' dir='ltr'>τις,</span> <span class='ocrx_word' id='word_1_744' title='bbox 3398 4555 3522 4610; x_wconf 72' lang='grc' dir='ltr'>οὔτε</span> <span class='ocrx_word' id='word_1_745' title='bbox 3566 4554 3607 4607; x_wconf 82' lang='grc' dir='ltr'>οὶ</span> 
     </span>
    </p>
   </div>
   <div class='ocr_carea' id='block_1_103' title="bbox 2025 4651 3600 4727">
    <p class='ocr_par' dir='ltr' id='par_1_103' title="bbox 2025 4651 3600 4727">
     <span class='ocr_line' id='line_1_103' title="bbox 2025 4651 3600 4727; baseline -0.004 -18"><span class='ocrx_word' id='word_1_746' title='bbox 2025 4654 2259 4726; x_wconf 80' lang='grc' dir='ltr'>καθεξῆς</span> <span class='ocrx_word' id='word_1_747' title='bbox 2313 4654 2544 4727; x_wconf 72' lang='grc' dir='ltr'>μιμηλοὶ</span> <span class='ocrx_word' id='word_1_748' title='bbox 2590 4654 2683 4708; x_wconf 76' lang='grc' dir='ltr'><strong>τὸν</strong></span> <span class='ocrx_word' id='word_1_749' title='bbox 2731 4653 2953 4726; x_wconf 87' lang='grc' dir='ltr'>τρόπον,</span> <span class='ocrx_word' id='word_1_750' title='bbox 2994 4655 3044 4707; x_wconf 81' lang='grc' dir='ltr'>οι</span> <span class='ocrx_word' id='word_1_751' title='bbox 3093 4652 3223 4724; x_wconf 65' lang='grc' dir='ltr'><strong>περὶ⁹</strong></span> <span class='ocrx_word' id='word_1_752' title='bbox 3271 4651 3600 4710; x_wconf 73' lang='grc' dir='ltr'>Φιλιστίωνα,</span> 
     </span>
    </p>
   </div>
   <div class='ocr_carea' id='block_1_104' title="bbox 2026 4743 3605 4820">
    <p class='ocr_par' dir='ltr' id='par_1_104' title="bbox 2026 4743 3605 4820">
     <span class='ocr_line' id='line_1_104' title="bbox 2026 4743 3605 4820; baseline -0.005 -18"><span class='ocrx_word' id='word_1_753' title='bbox 2026 4747 2123 4803; x_wconf 72' lang='grc' dir='ltr'><strong>καὶ</strong></span> <span class='ocrx_word' id='word_1_754' title='bbox 2162 4747 2412 4820; x_wconf 78' lang='grc' dir='ltr'>Διογένη,</span> <span class='ocrx_word' id='word_1_755' title='bbox 2456 4747 2550 4801; x_wconf 80' lang='grc' dir='ltr'><strong>τὸν</strong></span> <span class='ocrx_word' id='word_1_756' title='bbox 2595 4746 2663 4800; x_wconf 79' lang='grc' dir='ltr'>τὰ</span> <span class='ocrx_word' id='word_1_757' title='bbox 2704 4746 2913 4802; x_wconf 81' lang='grc' dir='ltr'>ἄπιστα</span> <span class='ocrx_word' id='word_1_758' title='bbox 2956 4744 3269 4817; x_wconf 75' lang='grc' dir='ltr'>γράψαντα,</span> <span class='ocrx_word' id='word_1_759' title='bbox 3306 4745 3341 4816; x_wconf 80' lang='grc' dir='ltr'>ἢ</span> <span class='ocrx_word' id='word_1_760' title='bbox 3384 4745 3435 4798; x_wconf 85' lang='grc' dir='ltr'>οἱ</span> <span class='ocrx_word' id='word_1_761' title='bbox 3475 4743 3605 4798; x_wconf 77' lang='grc' dir='ltr'>ἄλλοι</span> 
     </span>
    </p>
   </div>
   <div class='ocr_carea' id='block_1_105' title="bbox 2027 4836 3601 4912">
    <p class='ocr_par' dir='ltr' id='par_1_105' title="bbox 2027 4836 3601 4912">
     <span class='ocr_line' id='line_1_105' title="bbox 2027 4836 3601 4912; baseline -0.003 -18"><span class='ocrx_word' id='word_1_762' title='bbox 2027 4843 2252 4906; x_wconf 85' lang='grc' dir='ltr'>πάντες,</span> <span class='ocrx_word' id='word_1_763' title='bbox 2300 4843 2351 4895; x_wconf 71' lang='grc' dir='ltr'>οἱ</span> <span class='ocrx_word' id='word_1_764' title='bbox 2392 4842 2519 4906; x_wconf 81' lang='grc' dir='ltr'>τοὺς</span> <span class='ocrx_word' id='word_1_765' title='bbox 2562 4840 2767 4912; x_wconf 81' lang='grc' dir='ltr'>μύθους</span> <span class='ocrx_word' id='word_1_766' title='bbox 2814 4839 3267 4912; x_wconf 80' lang='grc' dir='ltr'>ἀναγεγραφότες</span> <span class='ocrx_word' id='word_1_767' title='bbox 3332 4839 3429 4894; x_wconf 79' lang='grc' dir='ltr'><strong>καὶ</strong></span> <span class='ocrx_word' id='word_1_768' title='bbox 3485 4836 3601 4909; x_wconf 58' lang='grc' dir='ltr'><strong>ῥαψ-</strong></span> 
     </span>
    </p>
   </div>
   <div class='ocr_carea' id='block_1_106' title="bbox 2023 4928 3599 5004">
    <p class='ocr_par' dir='ltr' id='par_1_106' title="bbox 2023 4928 3599 5004">
     <span class='ocr_line' id='line_1_106' title="bbox 2023 4928 3599 5004; baseline -0.005 -18"><span class='ocrx_word' id='word_1_769' title='bbox 2023 4932 2354 5004; x_wconf 82' lang='grc' dir='ltr'>ῳδήσαντες,</span> <span class='ocrx_word' id='word_1_770' title='bbox 2371 4932 2625 4986; x_wconf 89' lang='grc' dir='ltr'>τοσοῦτον</span> <span class='ocrx_word' id='word_1_771' title='bbox 2671 4931 2867 5002; x_wconf 77' lang='grc' dir='ltr'>ψεῦδος</span> <span class='ocrx_word' id='word_1_772' title='bbox 2903 4930 3252 5003; x_wconf 75' lang='grc' dir='ltr'>ἠδυνήθησαν</span> <span class='ocrx_word' id='word_1_773' title='bbox 3284 4928 3599 4988; x_wconf 78' lang='grc' dir='ltr'>ὲκτυπῶσαι,</span> 
     </span>
    </p>
   </div>
   <div class='ocr_carea' id='block_1_107' title="bbox 2024 5016 3599 5099">
    <p class='ocr_par' dir='ltr' id='par_1_107' title="bbox 2024 5016 3599 5099">
     <span class='ocr_line' id='line_1_107' title="bbox 2024 5016 3599 5099; baseline -0.003 -20"><span class='ocrx_word' id='word_1_774' title='bbox 2024 5025 2101 5090; x_wconf 83' lang='grc' dir='ltr'><strong>ὡς</strong></span> <span class='ocrx_word' id='word_1_775' title='bbox 2126 5016 2274 5079; x_wconf 76' lang='grc' dir='ltr'>οὗτοι</span> <span class='ocrx_word' id='word_1_776' title='bbox 2300 5025 2592 5099; x_wconf 87' lang='grc' dir='ltr'>τολμηρῶς</span> <span class='ocrx_word' id='word_1_777' title='bbox 2620 5026 2934 5099; x_wconf 85' lang='grc' dir='ltr'>φερόμενοι,</span> <span class='ocrx_word' id='word_1_778' title='bbox 2944 5025 3082 5096; x_wconf 86' lang='grc' dir='ltr'><strong>μετά</strong></span> <span class='ocrx_word' id='word_1_779' title='bbox 3115 5023 3217 5096; x_wconf 80' lang='grc' dir='ltr'>τῆς</span> <span class='ocrx_word' id='word_1_780' title='bbox 3242 5024 3451 5078; x_wconf 76' lang='grc' dir='ltr'>ἑαυτῶν</span> <span class='ocrx_word' id='word_1_781' title='bbox 3477 5022 3599 5090; x_wconf 75' lang='grc' dir='ltr'>ζωῆς</span> 
     </span>
    </p>
   </div>
   <div class='ocr_carea' id='block_1_108' title="bbox 2022 5115 3598 5186">
    <p class='ocr_par' dir='ltr' id='par_1_108' title="bbox 2022 5115 3598 5186">
     <span class='ocr_line' id='line_1_108' title="bbox 2022 5115 3598 5186; baseline -0.004 -13"><span class='ocrx_word' id='word_1_782' title='bbox 2022 5118 2174 5175; x_wconf 81' lang='grc' dir='ltr'>δεινά</span> <span class='ocrx_word' id='word_1_783' title='bbox 2202 5121 2417 5185; x_wconf 79' lang='grc' dir='ltr'>ἑαυτοῖς</span> <span class='ocrx_word' id='word_1_784' title='bbox 2450 5123 2885 5186; x_wconf 85' lang='grc' dir='ltr'>κατεσκεύασαν,</span> <span class='ocrx_word' id='word_1_785' title='bbox 2922 5121 3131 5175; x_wconf 78' lang='grc' dir='ltr'>καὶτὸν</span> <span class='ocrx_word' id='word_1_786' title='bbox 3154 5119 3279 5175; x_wconf 90' lang='grc' dir='ltr'>νοῦν</span> <span class='ocrx_word' id='word_1_787' title='bbox 3305 5120 3415 5173; x_wconf 88' lang='grc' dir='ltr'><strong>τῶν</strong></span> <span class='ocrx_word' id='word_1_788' title='bbox 3437 5115 3598 5169; x_wconf 80' lang='grc' dir='ltr'>πειθο-</span> 
     </span>
    </p>
   </div>
   <div class='ocr_carea' id='block_1_109' title="bbox 2027 5212 3596 5289">
    <p class='ocr_par' dir='ltr' id='par_1_109' title="bbox 2027 5212 3596 5289">
     <span class='ocr_line' id='line_1_109' title="bbox 2027 5212 3596 5289; baseline 0.01 -23"><span class='ocrx_word' id='word_1_789' title='bbox 2027 5212 2205 5284; x_wconf 80' lang='grc' dir='ltr'>μένων</span> <span class='ocrx_word' id='word_1_790' title='bbox 2246 5214 2432 5279; x_wconf 82' lang='grc' dir='ltr'>αὑτοῖς</span> <span class='ocrx_word' id='word_1_791' title='bbox 2469 5214 2774 5289; x_wconf 84' lang='grc' dir='ltr'>ἀνθρώπων</span> <span class='ocrx_word' id='word_1_792' title='bbox 2812 5216 2892 5280; x_wconf 73' lang='grc' dir='ltr'><strong>εἰς</strong></span> <span class='ocrx_word' id='word_1_793' title='bbox 2933 5213 3124 5289; x_wconf 82' lang='grc' dir='ltr'>μωρὰς</span> <span class='ocrx_word' id='word_1_794' title='bbox 3164 5213 3422 5287; x_wconf 79' lang='grc' dir='ltr'>ζητήσεις</span> <span class='ocrx_word' id='word_1_795' title='bbox 3461 5223 3596 5282; x_wconf 59' lang='grc' dir='ltr'><strong>περν</strong></span> 
     </span>
    </p>
   </div>
   <div class='ocr_carea' id='block_1_110' title="bbox 403 5533 2167 5619">
    <p class='ocr_par' dir='ltr' id='par_1_110' title="bbox 403 5533 2167 5619">
     <span class='ocr_line' id='line_1_110' title="bbox 403 5533 2167 5619; baseline 0.011 -32"><span class='ocrx_word' id='word_1_796' title='bbox 403 5533 481 5605; x_wconf 72' lang='grc' dir='ltr'>μ)</span> <span class='ocrx_word' id='word_1_797' title='bbox 520 5534 600 5590; x_wconf 67' lang='grc' dir='ltr'><strong>Δι’</strong></span> <span class='ocrx_word' id='word_1_798' title='bbox 628 5536 849 5611; x_wconf 66' lang='grc' dir='ltr'><strong>ἁλίνων</strong></span> <span class='ocrx_word' id='word_1_799' title='bbox 882 5538 1165 5612; x_wconf 70' lang='grc' dir='ltr'>εἰρημένα</span> <span class='ocrx_word' id='word_1_800' title='bbox 1190 5543 1303 5599; x_wconf 78' lang='grc' dir='ltr'><strong>οὐκ</strong></span> <span class='ocrx_word' id='word_1_801' title='bbox 1343 5542 1633 5613; x_wconf 72' lang='grc' dir='ltr'>ἠτόνησιι.</span> <span class='ocrx_word' id='word_1_802' title='bbox 1673 5544 1834 5605; x_wconf 77' lang='lat' dir='ltr'><strong>Forte</strong></span> <span class='ocrx_word' id='word_1_803' title='bbox 1874 5547 2167 5619; x_wconf 65' lang='grc' dir='ltr'>ἐφθόνησα.</span> 
     </span>
    </p>
   </div>
  </div>
