3772 6188
104 251 208 308 569

844 240 1215 299 ADVERSUS
1254 235 1599 298 HIERESES
1635 234 1763 293 LIB.
1804 235 1848 293 Ι.
1887 236 2052 294 TOM.
2092 236 2159 295 ll.
2195 268 2264 283 -—
2303 233 2581 293 HERES.
2614 231 2858 293 XXXI“.

3253 232 3357 289 570

104 365 312 427 έόαλον,
351 362 447 417 καὶ
486 360 839 431 γενεαλογίας
882 361 1253 430 ἀπεράντους,
1295 360 1452 415 αὐτοὶ
1487 358 1558 414 τά
1614 359 1673 414 ἐν

1879 355 2192 429 ςεηθαιοείἰε
2230 352 2774 437 interminabilibus‘
2824 350 3200 422 implicarunt,
3230 365 3357 405 cum

102 456 256 527 χερσὶ
285 453 361 526 μὴ
388 452 760 523 ἐπιστάμενοι,
795 451 889 505 xui
916 450 986 505 τὰ
1012 452 1309 524 ἐπουράνια
1343 446 1676 520 ἐπαγγελλό-

108 563 254 617 μενοι
301 544 519 617 μέτροις
549 545 689 597 τισὶν
716 543 1008 615 όροθετεῖν,
1044 541 1137 596 καί
1174 559 1334 597 τινων
1366 538 1676 613 μαιωτικῶν

110 635 348 708 μητρῶν,
379 635 453 699 ὼς
479 634 814 707 ἐπουρανίων
843 633 1085 705 μητρῶν,
1120 632 1196 697 ὡς
1239 630 1597 705 ὑπαρχουσῶν
1632 630 1675 694 ί,

104 727 412 797 ἐπιστήμας
439 726 838 797 άναδεχόμενοι.
891 724 1153 789 Ἀκούσας
1185 724 1241 778 δέ
1269 742 1350 788 τις
1378 722 1525 794 παρὰ
1550 720 1676 774 τού-

103 834 233 885 των,
263 819 310 871 εί
344 818 441 889 μὲν
469 817 577 870 τῶν
602 815 1017 888 ἀφρονεστάτων
1046 815 1151 887 εἴη,
1197 814 1273 886 τῷ
1308 813 1492 884 ψεύδει
1527 812 1680 883 νομίο

104 909 199 971 ζον
241 926 294 962 τι
324 909 344 940 ’
386 909 516 980 παρ’
552 908 735 971 αὑτοῖς
779 907 1068 978 μετάρσιον
1108 905 1439 974 ἐγνωκέναι,
1484 903 1680 976 ῥᾳδίως

103 1000 504 1073 ὑπαχθήσεται·
538 1000 661 1053 Ὅτι
699 997 825 1053 πᾶν
872 999 1083 1066 ὄρνεον
1128 995 1277 1051 κατὰ
1317 995 1490 1067 γένος
1532 1012 1683 1051 συν·

100 1094 326 1163 ἄγεται,
359 1093 458 1147 καὶ
496 1092 578 1158 τῷ
609 1091 788 1161 ὁμοίῳ
822 1088 1269 1157 κολληθήσεται
1311 1088 1486 1158 ἀνὴρ,
1518 1088 1682 1160 φησὶν

100 1187 139 1257 ἡ
177 1185 385 1257 Γραφή.
418 1186 482 1238 Εἰ
518 1183 576 1236 δέ
616 1199 698 1247 τις
750 1182 903 1254 τύχοι
941 1184 1125 1247 αὐτοῖς
1157 1182 1267 1237 τῶν
1304 1181 1559 1247 συνετῶν,
1590 1182 1685 1236 xui

99 1278 197 1332 τὸν
218 1277 437 1346 εὑλογον
472 1277 734 1348 λογισμὸν
776 1275 1153 1347 κεκτημένων,
1194 1274 1552 1345 καταγελάσει
1587 1273 1686 1345 μὲν

96 1369 206 1440 τῆς
231 1369 500 1440 τοσαύτης
526 1367 820 1440 ληρῳδίας,
848 1369 941 1423 ἀπ’
970 1368 1140 1439 αὑτῆς
1167 1367 1224 1422 δέ
1250 1369 1347 1439 τῆς
1379 1368 1687 1431 ὑποθέσεως

96 1460 216 1515 τῶν
243 1461 375 1532 παρ’
404 1459 585 1523 αὑτοῖς
620 1458 926 1529 λεγομένων
968 1457 1068 1529 τὴν
1111 1457 1421 1531 ἀνατροπὴν
1460 1459 1683 1511 εἵσεται.

111 1550 462 1622 Ἑλέγχονται
488 1550 595 1622 γάρ
627 1543 770 1604 οὗτοι
801 1549 1111 1604 παντάπασι
1140 1549 1263 1604 καθ’
1289 1549 1498 1606 ἐαυτῶν
1531 1548 1687 1604 ὁπλι-

98 1642 324 1714 ζὸμενοι
354 1640 423 1696 τά
458 1640 629 1712 ψεύδη
654 1640 759 1712 τῆς
793 1639 971 1695 αὐτῶν
1000 1641 1412 1713 ματαιοπονίας.

1776 466 1845 507 ne
1878 464 1942 506 ea
1962 450 2180 521 quidem
2209 448 2435 513 scirent,
2466 462 2589 518 quae
2611 447 2667 500 in
2698 445 2949 500 manibus
2996 451 3126 500 sunt
3157 444 3358 513 posita,

1776 552 1831 600 et
1861 542 2031 599 certis
2053 540 2271 597 interim
2310 539 2587 597 mensuris
2616 538 2860 593 cmlestia
2887 551 2947 592 se
2986 534 3215 591 delinire
3234 549 3362 607 pro-

1777 635 2083 701 fiterentur,
2120 640 2284 704 atque
2319 629 2809 687 .obstetricantium
2852 627 3216 700 quorumdam
3237 634 3359 681 ute-

1778 743 1966 785 rorum
2019 726 2171 782 velut
2213 725 2521 781 cmlestium
2568 722 2880 785 matricum,
2922 722 3003 777 rei
3032 720 3190 791 plane
3210 732 3359 773 com-

1778 821 2061 885 mentitis),
2096 819 2179 877 sic
2232 827 2496 888 tanquam
2565 831 2709 870 verae
2740 812 3036 883 solidaeque
3080 810 3358 866 scientiam

1778 930 1890 988 prae
1917 928 1977 971 se
2001 911 2224 969 ferrent.
2278 908 2601 981 Cujusmodi
2654 909 2748 979 qui
2798 908 2867 963 ab
2907 907 3016 962 illis
3069 904 3275 967 audiat,
3312 901 3360 955 si

1780 1009 1945 1079 paulo
1971 1005 2322 1078 insipientior
2374 1005 2468 1071 sit,
2506 1003 2743 1060 sublime
2791 999 3050 1071 quiddam
3099 1013 3159 1053 se
3218 994 3358 1065 apud

1781 1100 1905 1156 illos
1942 1099 2203 1155 didicisse
2230 1105 2409 1163 ratus,
2470 1095 2629 1151 facile
2685 1090 3097 1148 mendaciorum
3146 1086 3359 1141 lenoci-

1783 1194 1897 1249 niis
1927 1192 2220 1248 inducetur
2245 1209 2258 1245 :
2291 1189 2555 1256 Quoniam
2580 1187 2690 1242 avia
2717 1181 3186 1255 omnirzsecundum
3202 1194 3362 1250 genus

1784 1301 1938 1340 suum
1972 1290 2343 1354 congregatur,
2372 1288 2420 1334 et
2452 1279 2620 1333 omnis
2671 1279 2825 1331 homo
2858 1273 3023 1329 simili
3057 1271 3141 1325 sui
3191 1269 3364 1324 socia-

1786 1376 1948 1440 bitur,
1980 1375 2057 1430 ait
2084 1373 2368 1444 Scriptura
2390 1372 2434 1427 '.
2463 1369 2561 1425 Sin
2594 1369 2756 1440 paulo
2813 1362 3206 1435 intelligentior
3258 1359 3364 1414 ali-

1785 1464 1933 1535 quis,
1972 1478 2037 1519 ac
2081 1469 2236 1517 recto
2277 1459 2488 1530 judicio
2542 1458 2805 1529 przeditus
2861 1459 3139 1515 occurrat,
3191 1462 3365 1521 nugas

1786 1556 1910 1612 illas
1939 1553 2267 1610 deridendas
2308 1550 2542 1623 putabit,
2594 1557 2760 1620 atque
2789 1564 2857 1604 ex
2896 1547 3008 1603 illis
3059 1544 3192 1615 ipsis
3244 1556 3367 1613 qua:

1722 1630 1733 1639 ’
1787 1649 2071 1720 disputant
2086 1644 2544 1717 quemadmodum
2578 1641 2803 1697 refutari
2836 1640 3048 1709 possint
3081 1634 3365 1708 perspicit.

1716 1728 1760 1784 Β
1790 1738 1848 1796 Si
1877 1737 2097 1810 quidem
2116 1737 2232 1792 suis
2267 1734 2371 1804 ipsi
2395 1732 2715 1788 vanissimis
2754 1729 3054 1787 mendaciis
3074 1736 3270 1783 contra
3305 1739 3367 1781 se

177 1919 354 1975 Πόθεν
376 1918 484 1991 γάρ
514 1919 664 1987 ὑμῖν,
697 1911 742 1972 ὦ
770 1911 915 1973 οὗτοι
940 1916 1263 1989 Πτολεμαῖοί
1289 1932 1349 1971 τε
1379 1916 1474 1971 καὶ
1500 1915 1693 1970 Πτολε-

103 2016 294 2084 μαῖαι,
340 2012 433 2065 τοῦ
476 2010 646 2066 Βυθοῦ
687 2010 758 2066 τὰ
805 2011 998 2084 μέτρα,
1043 2012 1137 2065 καὶ⁵
1182 2012 1239 2064 αἱ
1280 2010 1541 2083 μαιώσεις
1587 2012 1692 2067 τῶν

99 2105 371 2170 τοκετῶν,
410 2106 505 2159 καὶ
535 2105 867 2176 γεννητικῶν
906 2104 1214 2159 ὑποθέσεων
1252 2107 1285 2177 ἡ
1324 2105 1560 2175 γνῶσις;
1603 2107 1693 2172 Ὠς

100 2198 222 2270 γὰρ
256 2198 540 2271 παρόντες,
571 2198 666 2251 καὶ
702 2198 808 2252 τῶν
846 2197 1179 2269 ἐπουρανίων
1210 2198 1309 2262 τὰς
1350 2198 1540 2268 φύσεις
1572 2200 1697 2254 θεα-

104 2291 364 2361 σάμενοι,
402 2291 493 2343 καὶ
527 2290 603 2355 ὡς
629 2290 782 2344 αὑτοὶ
822 2292 1076 2362 προόντες
1111 2290 1206 2344 τοῦ
1250 2291 1381 2364 παρ’
1406 2292 1560 2363 ὑμῶν
1594 2292 1699 2345 Bu-

110 2381 216 2435 θοῦ
252 2381 609 2453 καλουμένου,
641 2382 1040 2451 ἐπαγγέλλεσθε
1058 2383 1157 2455 τὴν
1186 2381 1391 2454 εἴδησιν
1415 2383 1547 2454 ἡμῖν
1576 2383 1699 2437 ὑπο-

99 2474 410 2536 δεικνυναι,
437 2473 650 2538 οὑδενὺς
683 2473 901 2527 πώποτε
931 2473 1041 2527 τῶν
1087 2474 1383 2546 προφητῶν
1424 2474 1583 2528 τοῦτο
1623 2477 1701 2529 εί-

103 2566 371 2637 ρηκότος,
402 2566 500 2619 οὑκ
526 2565 689 2619 αὑτοῦ
719 2567 1016 2631 Μωῦσέως,
1052 2567 1113 2621 οὑ
1137 2566 1249 2621 τῶν
1279 2567 1384 2639 πρὸ
1416 2566 1601 2628 αὑτοῦ.
1639 2568 1699 2621 οὑ

98 2659 224 2712 τῶν
250 2657 369 2729 μετ’
392 2658 584 2723 αὑτὸν,
615 2659 675 2711 οὐ
705 2658 815 2712 τῶν
858 2658 1277 2728 εὑαγγελιστῶν,
1318 2659 1379 2714 οὑ
1424 2659 1529 2714 τῶν
1569 2661 1704 2713 ἀπο-

103 2749 354 2803 στόλων
408 2750 457 2803 εί
503 2748 578 2823 μὴ
623 2749 732 2822 ἄρα
771 2749 839 2804 τὰ
877 2750 1147 2821 ἐθνόμυθα
1199 2752 1481 2823 ποιήματα
1525 2751 1704 2815 εἴποις

99 2841 225 2897 τῶν
278 2840 410 2912 περ)⁸
461 2841 663 2913 Ὀρφέα
714 2859 774 2895 τε
830 2841 925 2895 καὶ
966 2842 1206 2896 Ἡσίοδον
1231 2882 1246 2908 ,
1302 2843 1397 2896 καὶ
1448 2842 1705 2914 Στησίχο-

104 2949 213 3007 ρον
259 2931 375 3005 (5),
427 2934 558 3004 παρ’
588 2931 669 2996 οἷς
708 2934 764 2988 αί
818 2933 928 2987 τῶν
983 2934 1285 3008 ἀνθρώπων
1339 2937 1524 3006 γενεαὶ
1580 2955 1707 3007 μετ-

100 3024 458 3096 εποιήθησαν
489 3026 571 3090 είς
604 3023 741 3078 θεῶν
770 3024 1106 3097 ἐπωνυμίας,
1150 3026 1245 3079 καὶ
1275 3025 1345 3081 τά
1396 3026 1455 3080 ἐν
1496 3025 1706 3099 ἀνθρώ-

102 3132 242 3180 ποις
286 3115 646 3186 τετελεσμένα
686 3114 982 3188 ποιητικῶς
1023 3116 1536 3189 ἐδραματουργήθη.
1585 3120 1692 3173 Κά-

101 3209 291 3261 κεῖνοι
327 3208 435 3279 γὰρ
462 3206 632 3272 οὑτως
670 3206 947 3279 ἐνόμισαν,
985 3209 1367 3275 ἐκθειάσαντες
1401 3210 1527 3275 τοὺς
1577 3211 1706 3284 περὶ

100 3299 242 3365 Δία,
278 3300 377 3354 καὶ
416 3300 595 3364 Ῥέαν,
637 3302 730 3355 καὶ
752 3302 950 3375 Ἥραν,
979 3304 1073 3356 καὶ
1114 3303 1365 3375 Ἀθηνᾶν,
1392 3305 1487 3358 καὶ
1517 3304 1708 3359 Ἀπόλ-

100 3391 290 3458 λωνα,
325 3390 421 3445 καὶ
457 3391 795 3464 Ἀφροδίτην,
824 3394 920 3447 καὶ
946 3392 1044 3458 τὰς
1067 3393 1269 3449 τούτων
1299 3394 1710 3466 κακίαςδγονὰς

99 3486 477 3556 τιμήσαντες,
508 3485 588 3549 είς
626 3485 925 3553 φαντασίαν
970 3486 1258 3553 πολυθεως
1297 3490 1391 3543 καὶ
1427 3489 1712 3543 εἰδωλολα-

98 3576 312 3646 τρείας
344 3574 435 3628 τὸν
460 3575 663 3643 κόσμον
701 3575 972 3631 ἐνέϐαλον.
1015 3577 1173 3632 ’Δλλά
1200 3579 1382 3633 οὑκέτι
1413 3597 1505 3652 μοι
1538 3580 1709 3652 πολλή

96 3683 207 3729 τις
234 3665 397 3737 χρεία
436 3669 725 3739 γενήσεται
752 3668 832 3734 είς
859 3670 965 3742 τήν
996 3686 1111 3735 σου,
1146 3663 1191 3724 ὦ
1231 3670 1556 3741 Πτολεμαῖε,
1585 3673 1715 3726 άνα-

98 3760 339 3831 τροπήν
384 3776 445 3813 τε
494 3761 587 3814 καὶ
628 3760 868 3833 ἔλεγχον,
903 3763 998 3816 καὶ
1041 3762 1151 3817 τῶν
1185 3764 1327 3819 κατά
1359 3766 1437 3829 σέ,
1466 3766 1569 3838 ήδη
1605 3765 1715 3821 τῶν

105 3850 241 3905 σῶν
273 3851 640 3923 προπατόρων
666 3853 758 3907 τὸν
794 3853 1011 3925 ἔλεγχον
1042 3853 1242 3919 ἱκανῶς
1273 3856 1591 3929 εἰληφότων.
1619 3858 1716 3912 Διὰ

98 3940 236 3995 ⁴τῶν
272 3944 694 4015 προειρημένων
727 3944 826 4015 τὴν
854 3946 997 4000 κατὰ
1019 3945 1117 4000 σοῦ
1149 3948 1410 4020 αἰσχύνην
1443 3950 1714 4023 συστησά-

106 4051 319 4105 μενος,
350 4034 577 4106 διέξειμι
604 4035 702 4108 τὴν
732 4037 840 4089 τῶν
871 4036 1076 4109 ἐτέρων
1100 4038 1330 4111 πλάνην,
1364 4040 1496 4095 Θεὸν
1525 4042 1719 4097 ἐπικα-

99 4127 398 4198 λούμενος
445 4127 731 4200 ἐπίκουρον
778 4128 881 4201 τῆς
935 4130 1094 4202 ἡμῶν
1143 4132 1526 4205 μετριότητος,
1570 4135 1719 4200 ὅπως

102 4222 230 4291 τὴν
275 4220 417 4292 παρ’
462 4220 676 4293 ἑκάστῳ
714 4220 853 4275 ἔθνει
890 4222 1076 4288 κακῶς
1117 4226 1538 4300 ἐπινενοημένην
1584 4229 1718 4283 ὑπό-

105 4311 286 4364 θεσιν
320 4310 563 4383 φωράσω
602 4329 661 4365 τε
699 4313 793 4366 καὶ
842 4311 1216 4384 θριαμϐεύσω,
1252 4315 1343 4369 ἐπὶ
1380 4320 1444 4388 τῇ
1484 4319 1721 4388 ἐπαγγε-

100 4402 220 4473 λίᾳ
257 4399 367 4469 τῆς
400 4401 637 4471 σπουδῆς
665 4402 817 4474 παρὰ
841 4402 980 4457 Θεοῦ
1011 4403 1329 4476 αἰτούμενος
1350 4406 1447 4479 τὴν
1473 4407 1655 4479 χάριν.

1791 1826 1989 1884 armati
2017 1839 2143 1881 esse
2167 1823 2386 1895 penitus
2412 1828 2739 1892 arguuntur.

1861 1937 1999 1994 Volo
2019 1937 2166 1992 enim
2195 1935 2330 1991 mihi
2364 1932 2769 2003 respondeatis,
2800 1946 2833 1986 ο
2860 1929 3137 1986 Ptolemaei
3178 1942 3371 1984 omnes

1793 2047 1858 2087 ac
1902 2030 2243 2087 Ptolemaee!
2300 2027 2447 2083 unde
2474 2027 2580 2082 illa:
2615 2027 2772 2082 vobis
2803 2024 2962 2097 Bythi
2994 2036 3285 2088 mensurae,
3310 2034 3374 2075 ac

1795 2131 2054 2196 partuum
2110 2121 2616 2183 obstetricationes,
2649 2127 2705 2175 et
2746 2117 3027 2172 variarum
3062 2104 3374 2185 generatio-

1795 2232 1927 2272 num
1956 2214 2216 2285 cognitio.
2251 2212 2345 2267 Sic
2371 2212 2516 2267 enim
2579 2220 2839 2280 tanquam
2869 2213 3168 2278 praesentes
3194 2204 3373 2259 inter-

1797 2307 2036 2370 fueritis,
2070 2321 2135 2361 ac
2163 2303 2470 2360 caelestium
2537 2309 2789 2356 naturam
2821 2296 3174 2367 contemplati
3224 2294 3373 2359 sitis,

1799 2398 1913 2453 imo
1942 2395 2176 2468 Bythum
2216 2392 2370 2446 illum
2410 2399 2653 2447 vestrum
2697 2386 3129 2447 autecesseritis,
3178 2399 3371 2439 earum

1801 2487 1961 2543 nobis
1993 2499 2177 2541 rerum
2234 2482 2523 2539 scientiam
2567 2479 2879 2536 ostenditis.
2911 2476 3079 2547 Atqui
3114 2475 3299 2531 nullus
3323 2474 3380 2530 id

1803 2594 2043 2650 unquam
2078 2575 2514 2648 eprophetarum
2549 2586 2779 2628 numero
2807 2570 2971 2626 dixit:
3016 2584 3124 2624 non
3163 2567 3381 2639 Moyses

1804 2672 1960 2742 ipse;
1987 2686 2097 2726 non
2152 2668 2338 2740 Moyse
2388 2666 2541 2737 prior
2583 2665 2784 2735 aliquis
2815 2663 2901 2719 vel
2938 2662 3234 2733 posterior,
3272 2675 3382 2714 non

1805 2760 2294 2831 evangelistarum,
2314 2772 2423 2813 non
2442 2755 2813 2826 apostolorum
2828 2753 3068 2822 denique
3085 2750 3381 2822 quispiam.

1803 2853 1921 2910 Nisi
1947 2853 2087 2908 forte
2124 2849 2193 2906 ad
2233 2849 2513 2921 gentilium
2544 2855 2793 2917 poemata
2852 2843 3162 2915 confugias,
3201 2840 3386 2912 qualia

1807 2955 1940 3003 sunt
1969 2944 2196 3016 Orphei,
2233 2942 2475 3004 Hesiodi,
2505 2938 2828 3002 Stesichori,
2856 2936 2999 3007 apud
3035 2950 3176 3007 quos
3202 2934 3385 2990 homi-

1808 3056 1938 3097 num
1973 3033 2352 3111 generationes
2396 3035 2465 3090 ad
2507 3034 2736 3089 deorum
2786 3029 3177 3101 appellationes
3199 3036 3385 3081 trans-

1807 3131 1930 3188 lata:
1990 3137 2139 3195 sunt,
2175 3142 2349 3198 eaque
2376 3140 2498 3198 quae
2524 3126 2669 3179 inter
2693 3121 2952 3177 mortales
2975 3124 3128 3191 gesta
3158 3117 3382 3174 fuerant

1806 3224 2023 3297 poetico
2062 3237 2216 3277 more
2241 3218 2603 3276 conformata.
2628 3215 2753 3272 Fuit
2800 3216 2944 3272 enim
3000 3211 3385 3284 hujuscemodi

1808 3318 2027 3374 illorum
2085 3314 2293 3385 opinio,
2322 3327 2448 3368 cum
2500 3309 2711 3377 Jovem,
2750 3322 2815 3363 ac
2866 3306 3096 3371 Rheam,
3128 3313 3183 3361 et
3212 3302 3390 3359 Juno-

1808 3424 1934 3466 nem
1961 3448 1978 3472 ,
2031 3404 2332 3471 Palladem,
2395 3402 2702 3474 Apollinem
2762 3397 3138 3468 Veneremque
3188 3393 3393 3451 divinis

1811 3499 2112 3556 honoribus
2139 3502 2554 3557 consecrantes,
2576 3505 2877 3561 eorumque
2903 3489 3197 3560 pessimam
3223 3485 3396 3542 sobo-

1812 3593 1917 3649 lem
1957 3590 2224 3655 venerati,
2268 3595 2442 3643 totum
2498 3585 2686 3641 orbem
2720 3584 2995 3638 variorum
3064 3578 3294 3636 deorum
3328 3590 3396 3631 ae

1815 3680 2236 3737 simulacrorum
2266 3676 2516 3733 inanium
2556 3674 2843 3731 erroribus
2881 3671 3217 3733 imbuerant.
3260 3666 3397 3722 Mihi

1812 3787 1942 3828 vero
1972 3772 2042 3827 ad
2068 3754 2239 3837 tuam,
2270 3784 2304 3825 ο
2330 3767 2619 3824 Ptolemaee
2640 3807 2656 3833 ,
2682 3773 3014 3833 tuorumque
3052 3759 3382 3817 confutatio-

1815 3878 1938 3920 nem
1966 3861 2100 3917 nihil
2128 3860 2335 3916 idcirco
2356 3872 2685 3930 magnopere
2702 3852 3093 3926 requirendum
3125 3857 3230 3914 est,
3248 3849 3397 3919 quod

1817 3955 2056 4026 majores
2087 3960 2211 4008 tuos
2238 3949 2455 4005 abunde
2507 3948 2623 4019 jam
2668 3946 2993 4003 relellimus.
3040 3941 3225 4009 Quare
3267 3956 3397 3995 cum

1817 4062 1883 4103 ex
1914 4045 1982 4100 iis
2016 4060 2135 4115 qua:
2161 4041 2309 4097 dicta
2347 4046 2497 4105 sunt,
2532 4053 2696 4111 quam
2750 4034 3007 4109 pudenda
3049 4034 3160 4090 sint
3182 4040 3277 4086 tua
3306 4032 3402 4087 illa

1818 4139 2070 4210 dogmata
2099 4134 2434 4191 declaratum
2472 4131 2660 4195 fuerit,
2687 4129 2977 4201 implorata
3026 4125 3191 4197 224
3237 4124 3394 4195 prius

1819 4246 1923 4302 ope
1945 4227 2216 4294 Numinis,
2249 4229 2329 4281 uti
2354 4240 2487 4280 mea:
2516 4223 2773 4280 tenuitati
2807 4231 3115 4281 succurrat,
3143 4218 3210 4274 ad
3250 4218 3392 4272 aliu-

1820 4336 1942 4377 rum
1971 4316 2345 4375 discutiendos
2392 4330 2609 4371 errores
2652 4328 2738 4369 me
2772 4310 3080 4376 conferam,
3101 4317 3162 4364 ut
3193 4322 3314 4382 qua:
3343 4309 3402 4365 in

1756 4407 1808 4467 1)
1834 4423 2163 4482 unaquaque
2194 4414 2352 4480 gente
2371 4405 2645 4478 pestifera:
2672 4403 2961 4480 opiniones
2983 4402 3219 4466 in.va
3239 4411 3395 4466 sunt,

98 4510 227 4551 eas
274 4495 567 4566 detegam;
640 4510 705 4553 ac
741 4497 808 4553 de
866 4499 1118 4556 omnibus
1152 4501 1559 4571 quodammodo
1598 4504 1948 4579 triumphem.
1982 4505 2151 4573 Quod
2194 4504 2511 4563 institutum
2566 4522 2599 4561 a
2646 4521 2733 4561 me
2780 4503 3236 4575 propositumque
3281 4508 3403 4556 stu-

99 4590 289 4645 dium
327 4600 383 4645 ut
415 4606 719 4662 exsequar,
774 4593 1055 4651 caelestem
1110 4596 1244 4651 mihi
1304 4596 1547 4655 favorem
1592 4603 1936 4673 gratiamque
1965 4599 2281 4672 posmlabo.

198 4710 288 4764 θ’.
332 4709 455 4763 Ἵνα
483 4709 537 4764 δὲ
566 4711 641 4783 μὴ
689 4711 1025 4770 ἀϐασάνιστα
1136 4715 1204 4770 τὰ
1245 4717 1373 4789 τρία
1418 4736 1511 4772 σου
1555 4720 1727 4786 λεξεί-

96 4804 248 4865 δια,
287 4799 328 4855 ἃ
380 4799 448 4871 δὴ
500 4801 636 4874 πρὸς
702 4801 926 4875 Φλώραν
988 4803 1049 4857 τὸ
1103 4803 1326 4875 γύναιον
1395 4810 1728 4867 ἐπιστέλλων

99 4893 469 4964 ἑκομπάσω,
511 4888 557 4947 ὦ
599 4894 899 4967 Πτολεμαῖε
944 4898 1050 4969 (ἀεὶ
1074 4898 1184 4969 γὰρ
1221 4899 1279 4953 αἱ
1310 4898 1558 4970 ὀφιώδεις
1579 4904 1726 4959 διδα-

101 4984 372 5055 σκαλίαι
427 4987 750 5059 γυναικάρια
805 4990 1189 5061 σεσωρευμένα
1238 4990 1531 5063 ἁμαρτίαις
1584 4997 1723 5054 unu-

98 5082 301 5145 τῶσι,
332 5080 475 5134 κατὰ
507 5081 596 5135 τὸν
620 5079 713 5135 τοῦ
746 5082 1069 5136 Ἀποστόλου
1102 5082 1309 5157 λόγον),
1340 5086 1435 5140 καὶ
1464 5087 1635 5153 αὑτὰς
1661 5090 1727 5162 δὴ

94 5176 235 5239 τὰς
278 5172 459 5239 λέξεις
496 5173 701 5239 κυρίως
743 5174 975 5231 ἐνταῦθα
1019 5177 1439 5252 παραθήσομαι,
1488 5182 1582 5236 καὶ
1627 5181 1729 5255 τὴν

194 5381 218 5410 ⁸
264 5375 327 5432 F.
381 5380 486 5434 οὑκ
511 5380 708 5437 οὐσῶν.

282 5379 327 5464 ζ.
381 5380 486 5434 οὑκ
511 5380 708 5437 οὐσῶν.
817 5382 841 5413 ’
876 5379 936 5437 Ρ.
970 5379 1207 5453 νομίζων
1221 5398 1293 5435 τι.

94 5466 217 5517 ιιι,
258 5449 321 5503 6.

1394 5382 1418 5415 ⁸
1447 5383 1578 5456 Reg.
1604 5382 1805 5449 κακίας
1840 5381 2026 5457 μονάς.

1898 4722 1991 4778 1X.
2030 4721 2233 4778 Verum
2265 4726 2324 4775 ut
2354 4732 2528 4790 pauca
2552 4718 2644 4774 illa
2680 4716 2847 4773 verba
2874 4714 3096 4770 interim
3124 4710 3409 4785 expenda-

1832 4833 1977 4880 mus,
2005 4831 2127 4887 qua;
2149 4814 2216 4869 ad
2236 4812 2452 4868 Floram
2484 4810 2689 4882 ingenti
2720 4824 2843 4865 cum
2872 4807 3013 4863 fastu
3062 4806 3408 4877 arrogantia-

1832 4921 1939 4979 que
2004 4906 2275 4977 scripsisti
2355 4903 2558 4976 (solent
2641 4902 2784 4957 enim
2860 4906 3075 4954 onustae
3166 4897 3411 4968 peccatis

1833 5000 2172 5055 muliercula:
2197 5038 2214 5065 ,
2252 5004 2311 5051 ut
2361 4997 2438 5051 ait
2470 4995 2765 5065 Apostolus
2795 4994 2838 5057 ⁸,
2871 4990 3108 5062 vipereis
3138 4988 3411 5058 ejusmodi

1832 5091 2180 5163 dogmatibus
2210 5089 2431 5159 decipi);
2452 5097 2576 5144 tuas
2599 5088 2767 5158 ipsas,
2786 5085 3091 5148 Ptolemaee,
3118 5096 3275 5137 voces
3310 5081 3413 5135 hoc

1801 5165 1955 5238 ‘loco
1983 5196 2307 5254 proponam,
2330 5195 2536 5252 easque
2574 5178 2904 5235 necessitate
2933 5184 3181 5242 coactus,
3215 5188 3285 5230 ne
3306 5188 3414 5244 qua

2136 5381 2158 5413 ⁵
2190 5381 2206 5437 Ι
2234 5381 2375 5439 Tim.
2405 5399 2443 5449 ι,
2477 5380 2534 5437 ι.
2591 5380 2615 5412 ⁸
2643 5378 2821 5437 Eccle.
2848 5392 2973 5446 xm,
2995 5375 3087 5433 20.
3162 5376 3183 5407 ⁶
3217 5372 3416 5430 Il'l'im.

187 5618 312 5699 (5)_
338 5618 452 5673 Καὶ
495 5616 885 5687 Στησίχορον.
943 5612 1296 5672 Stesichorus
1357 5616 1638 5676 fabulosas
1696 5619 1923 5679 deorum
1974 5622 2261 5696 prosapias
2303 5621 2708 5693 descripserat,
2758 5629 2818 5677 ut
2850 5619 2980 5676 alibi
3044 5616 3252 5673 indicat
3290 5609 3407 5682 Epi-

90 5688 410 5773 phartius.
