3772 6188
439 220 538 276 57!

1827 211 1887 272 S.
1927 211 2278 272 EPlPllANll

3634 195 3716 253 57?

439 337 680 394 infelicis
705 335 822 393 lolii
858 337 1015 395 radix
1045 338 1309 412 supersit,
1352 343 1602 413 congruo
1630 338 1826 397 ordine
1853 338 2021 396 refel-

2155 337 2305 391 ὑτῶν
2334 333 2647 408 ἀνατροπὴν
2678 329 2981 402 ἀναγκαίαν
3015 323 3201 392 οὖσαν,
3246 325 3330 388 εἰς
3360 322 3427 376 τὺ
3472 317 3551 390 μὴ
3576 335 3713 370 κατι-

510 617 708 690 Legem
747 621 953 678 asseris
981 619 1254 675 trifariam
1283 616 1406 676 esse
1429 619 1685 683 divisam,
1717 624 1777 674 ut
1824 614 2023 687 partim

440 726 470 764 a
502 709 634 774 Deo,
658 713 855 781 partim
881 727 910 766 a
938 711 1143 783 Moyse,
1174 712 1375 783 partim
1406 727 1434 765 a
1470 710 1785 767 senioribus
1828 720 2025 761 mana-

444 800 533 856 rit.
561 800 634 856 De
672 803 986 858 senioribus
1036 817 1201 873 porro
1233 817 1334 857 cur
1363 804 1438 856 ita
1473 801 1704 865 sentias,
1757 799 1914 864 nihil,
1965 805 2026 853 ut

441 899 687 962 apparet,
733 893 930 949 afferre
984 904 1140 965 potes
1198 894 1256 948 in
1310 893 1613 964 Scripturis
1679 905 2021 962 expressum.

438 979 721 1052 Nusquam
765 983 911 1039 enim
953 984 1013 1038 ln
1074 984 1191 1055 lege
1242 981 1446 1037 tradita
1500 982 1590 1036 illa
1639 995 1670 1034 a
1715 980 2024 1036 senioribus

440 1074 663 1129 decreta
729 1084 1140 1130 memorantur.
1201 1073 1307 1129 Sed
1385 1088 1668 1130 sacrorum
1736 1070 2025 1127 Librorum

441 1177 696 1233 peraeque
752 1179 818 1219 ac
870 1164 1120 1219 veritatis
1181 1163 1405 1233 ignarus
1454 1160 1783 1217 calumniari
1843 1159 2027 1216 sciens

441 1256 709 1322 instituis,
760 1264 1139 1322 accurataeque
1188 1254 1530 1326 singulorum
1577 1254 1786 1309 notitiae
1827 1267 2027 1309 conse-

443 1348 725 1417 quentiam
778 1364 886 1402 non
947 1347 1126 1403 vides.
1177 1347 1313 1402 Nam
1369 1347 1648 1403 seniorum
1705 1345 2028 1400 traditiones

439 1439 798 1512 δευτερὼσεις
854 1455 883 1494 a
933 1439 1138 1496 Judteis
1167 1447 1456 1495 vocantur.
1525 1439 1774 1504 Quatuor
1845 1443 2028 1490 autem

446 1533 663 1588 illarum
691 1541 820 1589 sunt
849 1549 1069 1604 genera.
1102 1532 1349 1588 Primum
1393 1539 1500 1599 est,
1547 1532 1695 1603 quod
1728 1530 1832 1586 sub
1863 1529 2030 1585 Mosis

445 1626 668 1682 nomine
725 1625 1123 1682 circumferuut
1161 1644 1176 1694 ;
1208 1625 1510 1682 secundum
1541 1631 1649 1688 est,
1680 1622 1827 1694 quod
1851 1621 2028 1675 Rabbi

2123 429 2410 498 λειφθῆναι
2441 427 2597 499 ῥίζαν
2641 425 2740 494 τῆς
2782 420 3128 488 ζιζανιώδους
3173 435 3268 473 σου
3319 413 3570 483 σπορᾶς,
3611 410 3710 476 ἑξῆς

2124 519 2435 583 ἀκολούθως
2467 517 2788 589 ποιήσομαι.

2195 614 2430 677 Φάσκεις
2465 612 2592 684 γὰρ,
2621 606 2665 665 ὦ
2702 603 2877 675 οὗτος,
2901 607 2992 662 τὸν
3019 606 3180 678 νόμον
3217 601 3388 678 τριχῆ
3416 599 3707 672 διῃρῆσθαι,

2125 706 2220 759 καὶ
2255 705 2318 758 τὸ
2353 705 2451 777 μὲν
2485 704 2628 776 ἔχειν
2648 723 2701 758 τι
2740 706 2804 756 ἐκ
2830 701 2925 756 τοῦ
2953 699 3111 764 Θεοῦ,
3145 698 3206 751 τὸ
3236 698 3295 750 δὲ
3326 698 3395 749 ὲκ
3427 691 3705 754 Μωῦσέως.

2126 799 2186 852 τὸ
2229 800 2286 856 δὲ
2335 802 2400 853 ὲκ
2439 799 2546 853 τῶν
2603 794 3013 870 πρεσϐυτέρων.
3058 792 3168 848 Καὶ
3213 792 3296 845 ὅτι
3346 790 3456 860 μὲν
3515 788 3580 839 ἐκ

2129 894 2515 972 πρεσϐυτέρων
2557 893 2681 957 οίει,
2715 886 3099 961 γεγραμμένον
3137 884 3238 938 οὐκ
3273 883 3435 953 ἔχεις
3475 880 3574 934 τοῦ
3611 881 3710 933 ἀπο

2127 988 2317 1055 δεῖξαι,
2352 985 2512 1040 τοῦτό
2553 985 2670 1037 ἐστι
2698 981 2877 1052 δῆλον.
2917 976 3168 1049 Οὐδαμοῦ
3207 976 3322 1047 γὰρ
3366 976 3435 1027 ὲν
3467 973 3614 1041 νόμῳ
3637 975 3709 1024 ὲκ-

2128 1085 2384 1156 φέρονται
2435 1081 2491 1134 αἱ
2548 1078 2658 1132 τῶν
2723 1072 3110 1149 πρεσϐυτέρων
3168 1067 3542 1141 παραδόσεις.
3580 1065 3707 1116 Ἀὶὰὰ

2129 1175 2340 1247 ἀγνοῶν
2387 1174 2484 1228 καὶ
2525 1171 2624 1236 τὰς
2677 1170 2929 1242 βίϐλους,
2989 1167 3082 1221 καὶ
3123 1165 3222 1236 τὴν
3269 1159 3553 1233 ἀληθειαν
3601 1176 3708 1225 φαν-

2129 1271 2268 1342 τάξῃ
2295 1267 2666 1337 συκοφαντῶν,
2704 1264 2800 1318 καὶ
2843 1262 2942 1325 τὰς
2987 1258 3311 1320 ἀκολουθίας
3346 1253 3573 1324 ἀγνοῶν
3607 1253 3708 1305 ἑκά-

2132 1379 2264 1435 στης
2323 1358 2585 1433 ἀκριϐοῦς
2632 1357 2911 1428 εἰδήσεως.
2968 1352 3032 1408 Al
3077 1352 3185 1421 γὰρ
3242 1346 3588 1419 παραδόσεις
3624 1346 3710 1397 τῶν

2131 1452 2538 1529 πρεσϐυτέρων,
2580 1447 2936 1520 δευτερὼσεις
2975 1445 3123 1517 παρὰ
3157 1444 3270 1505 τοῖς
3330 1438 3613 1499 Ἰουδαίοις
3643 1437 3712 1488 λέ-

2131 1562 2339 1616 γονται.
2377 1545 2500 1598 Εἰσὶ
2542 1542 2598 1597 δὲ
2639 1534 2800 1596 αὗται
2834 1535 3240 1609 τέσσαρες-(6)·
3280 1534 3388 1607 μία
3437 1533 3563 1602 μὲν,
3591 1533 3623 1601 ή
3651 1533 3711 1592 εἰς

2131 1639 2301 1708 ὄνομα
2317 1635 2596 1698 Μωῦσέως
2628 1632 2905 1707 φερομένη
2925 1646 2936 1659 ·
2967 1628 3196 1700 δευτέρα
3227 1626 3309 1692 δὲ,
3344 1628 3380 1696 ἡ
3410 1623 3515 1677 τοῦ
3548 1622 3713 1675 καλου.

444 1719 632 1774 Akibae
689 1718 960 1783 tribuunt,
999 1718 1224 1773 tertium
1256 1715 1447 1782 Addas,
1492 1715 1610 1771 sive
1643 1711 1818 1776 Iudae,
1859 1725 2028 1780 quar-

2155 1695 2297 1784 ιένου
2339 1695 2737 1782 Ῥαϐϐιακιϐά”
2769 1695 2968 1796 τρίτη,
3008 1695 3196 1783 Ἀδδα,
3231 1695 3602 1790 ἦτοιλιοῦδα⁹
3645 1732 3712 1766 τε-

445 1819 560 1866 tum
619 1809 687 1864 ad
741 1809 1048 1864 Asamonzei
1093 1809 1233 1865 ﬁlios
1293 1807 1552 1863 refertur.
1625 1804 1774 1861 Cedo
1837 1803 2027 1876 igitur,

445 1905 610 1960 homo
664 1903 1169 1961 contentiosissime
1223 1917 1290 1956 ac
1343 1900 1659 1966 levissime,
1699 1914 1938 1970 quonam
1973 1899 2030 1952 in

445 1996 800 2054 Pcntateuchi
839 1995 1149 2065 divinaeque
1187 1995 1324 2066 legis
1355 1993 1634 2050 volumine
1683 1993 1832 2048 illam
1875 2000 2031 2064 potes

443 2091 823 2146 demonstrare
868 2088 1219 2150 sententiam,
1269 2101 1434 2156 quam
1477 2085 1530 2140 in
1558 2084 1853 2155 Evangelio
1878 2085 2035 2140 Chri-

445 2193 566 2241 stus
607 2183 828 2238 attulit:
863 2182 967 2248 Qui
987 2181 1184 2235 dixerit
1216 2179 1360 2246 patri
1389 2193 1486 2232 suo
1519 2175 1755 2241 Corban,
1793 2176 1932 2248 quod
1954 2186 2031 2232 est

443 2278 664 2341 donum,
697 2275 830 2330 nihil
879 2275 982 2345 ipsi
1021 2271 1315 2342 proderit‘,
1355 2271 1502 2342 quod
1558 2269 1692 2325 mihi
1751 2283 2032 2340 nunquam

444 2368 725 2426 ostendes.
760 2367 1128 2435 Quamobrem
1194 2365 1354 2435 friget
1415 2363 1507 2417 illa
1560 2368 1654 2415 tua
1697 2361 2028 2432 disputatio,

445 2478 570 2517 cum
605 2461 656 2516 id
682 2460 833 2515 nullo
861 2455 1220 2513 Pentateucbi
1243 2456 1363 2510 loco
1413 2453 1683 2523 scriptum
1713 2459 1930 2518 exstet;
1968 2466 2034 2506 ac

447 2555 658 2611 misera:
714 2552 792 2607 illi
848 2549 1190 2604 muliercula:
1249 2545 1618 2617 nequidquam
1694 2542 2031 2614 imposuisti.

443 2649 716 2703 Caeterum
746 2659 869 2717 quae
908 2658 938 2696 a
967 2642 1116 2698 Mose
1161 2641 1377 2697 sancita
1410 2646 1560 2699 sunt.
1595 2652 1624 2692 a
1651 2636 1762 2692 Deo
1805 2636 2034 2691 minime

443 2750 574 2797 sunt
607 2739 804 2802 aliena,
836 2753 867 2792 a
903 2752 1036 2807 quo,
1089 2735 1275 2805 Moyse
1333 2741 1621 2799 sequestre
1679 2739 1844 2800 atque
1871 2729 2034 2784 inter-

443 2841 621 2904 prete,
643 2830 843 2886 tradita
882 2838 1041 2885 sunt:
1073 2827 1218 2898 quod
1247 2836 1299 2882 et
1344 2826 1524 2895 ipsum
1553 2822 1859 2879 Salvatoris
1881 2822 2034 2893 judi-

445 2928 594 2981 cium
626 2923 909 2981 evidenter
966 2921 1258 2992 approbat,
1301 2917 1550 2988 adeoque
1607 2917 1807 2987 quibus
1859 2916 2033 2974 uteris

448 3017 802 3079 testimoniis,
847 3030 911 3070 ea
970 3021 1164 3070 eontra
1218 3011 1570 3081 temetipsum
1607 3009 1908 3081 protulisti.
1939 3008 2032 3064 Sic

2135 1822 2334 1894 τάρτη,
2378 1821 2486 1876 τῶν
2514 1819 2644 1873 υἱῶν
2689 1815 3087 1888 ’Δσαμωναίου.
3125 1813 3277 1868 Ἑπεὶ
3305 1810 3417 1864 ποῦ
3460 1809 3714 1879 ἔχεις,ς;.

2131 1916 2338 1970 λόνεικε
2369 1916 2462 1970 καὶ
2490 1913 2834 1968 ἀκατάστατε
2877 1908 2977 1980 τὴν
3017 1905 3265 1978 γνώμην,
3311 1905 3498 1971 δεῖξαι
3535 1904 3588 1956 ἐν
3619 1906 3713 1963 ταῖς

2134 2009 2295 2063 πέντε
2328 2007 2532 2078 βίϐλοις
2552 2007 2652 2078 τῆς
2671 2002 3046 2072 Πεντατεύχου
3077 2001 3172 2053 καὶ
3205 1996 3348 2050 Θεοῦ
3382 1995 3712 2066 νομοθεσίας,

2133 2101 2214 2156 ὅτι
2243 2098 2450 2170 ὲρῤήθη
2493 2097 2522 2149 ὁ
2562 2095 2741 2166 λόγος,
2781 2095 2810 2148 ὁ
2849 2091 2998 2162 παρὰ
3037 2088 3111 2159 τῷ
3149 2087 3367 2157 Σωτῆρι
3411 2084 3712 2155 εἰρειῃιέιινος⁶

2135 2192 2156 2224 ⁸
2183 2191 2337 2260 Ἐρεῖ
2358 2188 2438 2256 τῷ
2463 2189 2639 2257 πατρὶ
2671 2183 2860 2241 αὐτοῦ
2888 2184 3139 2250 Κορϐὰν,
3159 2180 3192 2233 ὅ
3213 2181 3355 2233 ἐστι.
3387 2175 3610 2244 δῶρον,
3628 2177 3712 2226 οὐχ

2134 2282 2591 2354 ὠφεληθήσεται
2621 2298 2674 2334 τι
2709 2277 2777 2344 ἐξ
2805 2276 3031 2338 αὐτοῦς
3065 2274 3204 2328 Ἀλλ’
3233 2274 3338 2326 οὐκ
3366 2273 3521 2341 ἔχεις
3553 2269 3713 2334 δεῖξαι.

2138 2379 2284 2448 Ἀρα
2305 2375 2435 2446 γοῦν
2467 2373 2691 2442 ὲξέπεσέ
2717 2389 2808 2425 σου
2836 2369 3056 2438 ὁλόγος,
3079 2366 3174 2420 τοῦ
3205 2368 3466 2438 ῥήματος
3503 2362 3714 2433 οὐδαμοῦ

2133 2471 2199 2540 τῇ
2225 2464 2581 2536 Πεντατεύχῳ
2607 2461 3010 2535 ὲμφερομένου,
3035 2460 3129 2513 καὶ
3156 2459 3340 2528 μάτην
3374 2457 3486 2528 τὴν
3515 2456 3620 2508 ὑπὸ
3645 2454 3714 2506 7.3

2135 2559 2496 2634 ὴπατημένην
2532 2556 2756 2628 Φλώραν
2801 2553 3134 2624 ὲφάντασας.
3181 2550 3262 2603 Τὰ
3312 2549 3370 2603 δὲ
3422 2549 3535 2602 ὑπὸ
3576 2548 3714 2600 Mui-

2139 2655 2276 2718 σέως
2309 2653 2411 2707 οὐκ
2456 2650 2613 2713 ἐκτὸς
2662 2648 2756 2703 τοῦ
2801 2646 2937 2700 Θεοῦ
2993 2647 3087 2702 καὶ
3145 2643 3289 2698 αὐτὰ
3344 2640 3715 2713 ἐνομοθετήθη,

2135 2746 2272 2800 ἀλλὰ
2302 2747 2366 2799 ὲκ
2394 2743 2487 2799 τοῦ
2520 2740 2656 2796 Θεοῦ
2689 2741 2777 2794 διὰ
2802 2739 3104 2802 Μωῦσέως,
3133 2737 3161 2790 ὃ
3195 2737 3290 2790 καὶ
3337 2735 3400 2800 ἐξ
3442 2734 3614 2804 αὐτῆς
3639 2733 3715 2798 τῆς

2134 2838 2232 2892 τοῦ
2250 2837 2502 2909 Σωτῆρος
2515 2834 2845 2906 ἐπικρίσεως
2870 2833 3162 2887 δείκνυται.
3185 2830 3368 2893 Αὺτὰς
3386 2829 3506 2900 γὰρ
3521 2828 3585 2891 5.;
3604 2844 3716 2894 παρ-

2137 2931 2343 3003 ήγαγες
2386 2925 2717 3000 μαρτυρίας,
2747 2924 2889 2978 κατᾶ
2934 2921 3130 2978 σαυτοῦ
3170 2921 3607 2991 ὲπισυνήγαγες.
3633 2919 3715 2969 tbi-

2141 3040 2258 3077 σκει
2299 3021 2408 3092 γὰρ
2446 3023 2474 3074 ὁ
2511 3019 2714 3089 Κύριος
2763 3007 2824 3071 ἐν
2859 3015 2936 3087 τῷ
2973 3014 3310 3084 Εὑαγγελίῳ,
3347 3014 3439 3066 ὅτι
3485 3008 3716 3076 Mur-ch

447 3114 591 3171 enim
623 3113 674 3166 in
703 3100 1000 3180 Evangelio
1052 3104 1318 3160 Dominus
1366 3103 1641 3174 loquitur:
1676 3105 1886 3174 Moyses
1925 3102 2028 3158 hac

2155 3114 2364 3186 ἔγραψε
2397 3112 2548 3167 κατὰ
2580 3109 2694 3180 τὴν
2719 3107 3212 3178 σκληροκαρδίαν
3236 3104 3434 3176 ὑμῶν.

447 3204 658 3269 scripsit
687 3200 756 3255 ad
786 3199 1037 3253 duritiem
1065 3195 1241 3253 cordis
1265 3195 1425 3250 uestri
1453 3196 1495 3250 '.

517 3293 637 3350 Jam
669 3293 816 3364 quod
846 3290 1060 3361 Moyses
1087 3288 1334 3360 scripsit,
1365 3303 1474 3342 non
1493 3287 1632 3342 citra
1660 3285 1754 3342 Dei
1782 3286 2034 3342 volunta-

451 3395 559 3441 tem
584 3385 842 3456 scripsit;
881 3383 974 3438 sed
1008 3388 1203 3438 sancto
1262 3379 1471 3450 Spiritu
1525 3379 1837 3450 impellente
1871 3377 2034 3450 225

448 3476 756 3532 constituit.
791 3473 912 3530 Mox
929 3473 1076 3529 enim
1111 3471 1362 3527 Salvator
1392 3471 1447 3525 in
1467 3469 1658 3526 eodem
1693 3469 1991 3540 Evangelio
2012 3512 2028 3537 ,

452 3567 607 3636 Quod
639 3567 802 3632 Deus,
831 3566 1031 3637 inquit,
1089 3565 1386 3634 conjunxit,
1449 3563 1605 3620 homo
1658 3581 1764 3620 non
1807 3572 2031 3634 separet.

451 3659 919 3730 Quemadmodum
969 3673 1099 3713 vero
1151 3657 1525 3728 conjunxerit,
1579 3658 1748 3713 verba
1796 3658 1942 3728 ipsa,
1973 3667 2033 3713 ut

450 3755 906 3825 intelligeremus,
945 3751 1148 3822 adjecit
1174 3770 1187 3805 :
1225 3751 1450 3819 Propter
1475 3751 1575 3805 hoc
1595 3750 1853 3822 relinquet
1881 3751 2034 3806 homo

455 3857 663 3919 patrem
689 3863 866 3912 suum,
897 3855 947 3900 et
981 3844 1285 3919 adhterebit
1306 3845 1464 3900 uxori
1497 3861 1630 3910 sate,
1666 3854 1715 3899 et
1745 3854 1898 3900 erunt
1929 3846 2034 3902 duo

451 3945 504 3997 in
529 3959 740 3997 carnem
768 3959 948 3996 unam.
970 3940 1114 3995 Tum
1146 3918 1345 3996 infert:
1378 3939 1532 4008 Quod
1570 3957 1692 4011 ergo
1745 3940 1886 3994 Deus
1910 3956 2037 3992 con-

444 4039 650 4108 junxit,
706 4037 860 4091 homo
918 4052 1021 4090 non
1060 4017 1290 4104 separet.
1337 4032 1504 4105 Atqui
1562 4047 1842 4104 nunquam
1901 4032 2036 4087 illud

455 4130 738 4193 Dominus,
767 4144 890 4184 cum
921 4128 1188 4182 Adamum
1242 4125 1521 4196 Evamque
1555 4124 1837 4191 formarct,
1870 4140 2036 4180 usur-

451 4235 612 4290 passc
641 4218 866 4288 legitur;
895 4216 992 4271 sed
1023 4216 1128 4270 hoc
1171 4216 1381 4270 solum:
1422 4215 1713 4270 Faciamus
1749 4217 1796 4270 ei
1821 4215 2039 4286 adjuto-

449 4313 590 4365 rium
628 4309 799 4364 simile
821 4308 982 4363 sibi':
1017 4307 1164 4363 istud
1196 4322 1325 4362 vero
1352 4307 1422 4364 ab
1454 4305 1662 4360 Adamo
1697 4307 1900 4362 dictum
1927 4314 2034 4372 est,

2213 3298 2277 3352 Ὃ
2300 3296 2354 3350 δὲ
2393 3293 2602 3367 ἔγραψε
2634 3293 2895 3364 Μωῦσῆς,
2925 3291 3025 3345 οὐκ
3057 3289 3216 3353 ἐκτὸς
3255 3286 3579 3359 βουλήσεως
3606 3283 3712 3338 Θεοὶ

2136 3389 2408 3461 ἔγραψενο
2457 3387 2592 3442 ἀλλὰ
2644 3389 2708 3440 ὲκ
2762 3383 3081 3456 Πνεύματος
3134 3381 3291 3451 ἁγίου
3349 3380 3711 3450 ἐνομοθέτησε.

2136 3483 2298 3551 Λέγει
2335 3481 2444 3552 γὰρ
2491 3482 2519 3534 ὁ
2567 3478 2771 3549 Κύριος
2821 3479 2878 3530 ὲν
2918 3475 2998 3547 τῷ
3035 3471 3391 3543 Εὐαγγελίῳο
3431 3475 3503 3524 '0
3534 3473 3568 3525 ό
3601 3470 3710 3533 Θεέ(

2136 3571 2526 3637 συνέζευξεν,
2581 3569 2892 3640 ἅνθρωπος
2943 3566 3031 3638 μὴ
3082 3562 3388 3636 χωριζέτω.
3458 3564 3573 3618 Καὶ
3623 3562 3714 3623 ea};

2139 3661 2447 3730 συνέζευξε,
2491 3660 2735 3733 διεξῆλθε
2767 3660 2828 3713 τὸ
2870 3660 3040 3731 ῥῆμα,
3073 3658 3161 3712 ἵνα
3201 3657 3497 3728 μάθωμεν,

2149 3755 2309 3811 Ἀντὶ
2345 3755 2560 3810 τούτου
2607 3753 2960 3822 καταλείψει
3005 3751 3322 3819 ἄνθρωπος
3364 3750 3485 3802 τὸν
3519 3747 3711 3814 πατέρι

2137 3848 2352 3912 αὑτοῦ,
2389 3847 2487 3901 καὶ
2522 3845 2966 3915 κολληθήσεται
3006 3842 3082 3912 τῇ
3114 3843 3359 3913 γυναικὶ
3394 3842 3608 3907 αὑτοῦ,
3636 3842 3708 3893 xei

2137 3940 2382 3996 ἔσονται
2423 3941 2478 3994 οἱ
2519 3939 2629 3993 δύο
2680 3941 2768 4004 εις
2808 3936 3010 4007 σάρκα
3047 3937 3216 4006 μίαν.
3263 3933 3403 3990 Εϊτα
3451 3937 3710 4006 exn-ipa,

2137 4032 2313 4102 λέγων
2332 4048 2345 4062 ·
2378 4033 2448 4084 '0
2475 4026 2590 4086 οὖν
2611 4033 2643 4084 ό
2667 4028 2810 4096 Θεὸς
2857 4027 3241 4093 συνέζευξεν,
3302 4028 3613 4096 ἄνθρωπος
3642 4024 3709 4092 μὴ

2138 4123 2422 4194 χωριζέτω
2441 4140 2452 4152 ·
2470 4121 2646 4177 καίτοι
2673 4138 2736 4190 γε
2753 4119 2988 4192 οὐδαμοῦ
3012 4120 3107 4175 τοῦ
3145 4121 3359 4192 Κυρίου
3399 4119 3563 4174 τοῦτο
3591 4121 3713 4188 εἰρη-

2139 4217 2316 4281 κότος,
2364 4215 2601 4286 ὁπηνίκα
2643 4215 2733 4268 τὸν
2778 4214 2948 4285 Ἀδὰμ
2993 4213 3086 4267 καὶ
3127 4213 3230 4284 τὴν
3283 4212 3432 4265 Εῦαν
3488 4210 3709 4264 ἔπλασεν.

2140 4310 2172 4382 ἢ
2219 4310 2413 4381 μόνον·
2466 4306 2823 4378 Ποιήσωμεν
2867 4305 3027 4374 αὐτῷ
3074 4305 3205 4360 κατ’
3251 4304 3449 4360 αὑτὸν
3491 4303 3708 4369 βοηθόν.

449 4405 542 4473 qui
573 4418 601 4457 a
647 4415 844 4457 somno
918 4397 1358 4470 expergefactus,
1398 4397 1514 4452 Hoc
1567 4415 1704 4452 nunc
1729 4415 1807 4463 os,
1841 4400 1938 4465 ait,
1973 4415 2028 4454 ea

2158 4401 2318 4456 Ἀλλὰ
2345 4400 2503 4456 τοῦτο
2547 4401 2664 4479 Orto
2685 4400 2780 4454 τοῦ
2821 4400 2993 4470 Ἀδὰμ
3030 4399 3275 4471 είρηται·
3314 4400 3398 4451 ὅτι
3443 4397 3629 4464 ἀνέστη
3663 4395 3710 4444 ἐκ

449 4492 656 4546 ossibus
680 4491 829 4555 meis,
852 4497 900 4543 et
932 4505 1058 4543 cura
1113 4488 1178 4542 de
1225 4505 1386 4542 carne
1428 4505 1580 4543 mea:
1613 4489 1724 4544 hare
1755 4491 2035 4544 vocabitur

451 4585 805 4656 virago,quia
861 4597 925 4636 ex
969 4582 1085 4636 viro
1136 4591 1349 4651 sumpta
1401 4592 1500 4636 est.
1532 4582 1717 4653 Pergit
1782 4582 2030 4638 deinde:

453 4675 678 4745 Propter
710 4674 807 4730 hoc
836 4673 1093 4744 relinquet
1126 4673 1280 4728 homo
1339 4683 1545 4742 patrem
1594 4684 1643 4729 et
1691 4684 1938 4739 matrem,
1986 4684 2038 4730 et
2087 4723 2091 4726 .

454 4766 740 4821 adluerebit
773 4767 929 4822 uxori
968 4783 1105 4829 suw,
1147 4775 1195 4821 et
1223 4775 1381 4820 erunt
1413 4764 1519 4821 duo
1545 4767 1598 4821 in
1624 4783 1836 4822 carnem
1852 4784 2037 4824 unam.

453 4859 591 4913 Cum
618 4858 785 4928 igitur
836 4873 946 4914 non
983 4860 1089 4914 hoc
1120 4857 1284 4926 Deus,
1324 4860 1419 4914 sed
1458 4857 1702 4914 Adamus
1735 4860 1955 4926 dixerit,
1987 4869 2042 4917 et

455 4967 520 5006 ea
550 4950 666 5021 ipsa
682 4959 864 5006 tamen
895 4949 991 5007 Dei
1020 4966 1145 5007 esse
1175 4952 1339 5007 verba
1369 4951 1638 5007 Dominus
1668 4951 1722 5005 in
1745 4951 2040 5024 Evangelio

457 5051 708 5108 testetur,
761 5041 896 5100 satis
945 5057 1034 5100 res
1083 5044 1203 5115 ipsa
1253 5043 1520 5112 declarat,
1551 5051 1665 5099 tum
1704 5044 1820 5100 haec
1845 5045 2037 5100 Adami

2144 4493 2237 4550 τοῦ
2269 4493 2460 4559 ὕπνου,
2489 4494 2582 4549 καὶ
2641 4489 2794 4549 εἴπεέ
2848 4493 3026 4550 Τοῦτο
3070 4492 3188 4547 νῦν
3233 4491 3467 4546 ὀστοῦν
3511 4490 3576 4542 ἐκ
3619 4485 3708 4540 τῶν·

2145 4586 2344 4641 ὀστῶν
2371 4605 2512 4656 μου,
2542 4587 2636 4641 καὶ
2678 4586 2837 4656 σὰρξ
2879 4587 2948 4640 ἐκ
2973 4583 3083 4654 τῆς
3120 4585 3350 4654 σαρκός
3391 4599 3547 4652 μουο
3586 4579 3706 4641 αὕτη

2145 4680 2514 4748 κληθήσεται
2541 4679 2720 4751 γυνὴ,
2753 4678 2842 4732 ὅτι
2880 4679 2949 4732 ἐκ
2981 4676 3105 4749 {toﬁ
3127 4675 3352 4744 ἀνδρὸς
3377 4663 3573 4743 αὐτῆξ
3597 4671 3706 4736 ἐλή-

2145 4777 2265 4844 φθη
2305 4772 2480 4840 αὕτη.
2511 4767 2646 4825 Εἶτά
2691 4787 2888 4842 φησιν’
2930 4768 3091 4824 Ἀντί
3129 4767 3350 4821 τούτου
3391 4763 3706 4828 materiis:

2141 4864 2452 4934 ἄνθρωπος
2489 4864 2597 4920 τὸν
2619 4863 2848 4933 πατέρα
2878 4862 3066 4917 αὑτοῦ
3097 4859 3196 4914 καὶ
3226 4858 3344 4928 τὴν
3365 4859 3594 4929 μητέρα
3621 4857 3706 4909 ai!-

2140 4955 2271 5018 τοῦ,
2321 4954 2422 5010 και
2468 4953 2919 5024 κολληθήσεται
2967 4951 3041 5020 τῇ
3087 4950 3329 5022 γυναικὶ
3379 4947 3587 5012 αὑτοῦ,
3626 4942 3702 4996 καὶ

2142 5049 2388 5104 ἔσονται
2414 5049 2470 5103 οι
2490 5047 2600 5103 δύο
2623 5049 2711 5116 εἷς
2739 5045 2941 5116 σάρκα
2959 5044 3128 5116 μίαν.
3178 5044 3256 5099 Οὐ
3277 5040 3374 5097 τοῦ
3403 5039 3538 5096 Θεοῦ
3559 5037 3702 5092 enim

534 5199 548 5229 '
579 5198 748 5255 Marc.
779 5215 874 5262 vn,
906 5199 996 5256 ll.
1069 5202 1089 5232 ’
1130 5199 1296 5255 Matth
1359 5217 1474 5267 xIx,
1501 5202 1534 5257 8
1561 5193 1682 5274 sqq.
1761 5203 1780 5234 ³
1806 5201 1944 5260 Gen.
1983 5220 2045 5271 ιι,
2076 5205 2110 5261 8
2155 5221 2278 5278 sqq.
2354 5205 2376 5238 "
2409 5205 2569 5263 Deest
2601 5207 2680 5270 ὃς.

527 5314 605 5386 (6)
646 5314 785 5391 Εἰσὶ
808 5314 877 5370 δὲ
904 5309 1083 5391 αὗται
1117 5316 1431 5391 τέσσαρες,
1464 5320 1712 5391 Quatuor
1743 5321 1884 5390 apud
1938 5319 2028 5376 lle-

2155 5338 2271 5379 nem
2303 5321 2602 5391 accepisse,
2635 5335 2866 5390 eamque
2896 5316 3042 5391 LXX,
3069 5317 3446 5391 Senioribus,
3465 5314 3564 5391 bos
3589 5312 3702 5381 [ιιι-ο-

456 5385 635 5443 braads
681 5385 1102 5462 Aeursptbaswv,
1141 5388 1256 5462 sive
1296 5385 1652 5462 traditionum
1685 5385 1901 5462 genera
1923 5405 2048 5462 perf

2150 5394 2331 5474 ριηειίξ
2355 5435 2368 5457 ,
2404 5387 2504 5449 ιιδε
2531 5387 2830 5474 synagogle
2871 5390 3187 5474 tradidisse.
3233 5387 3388 5474 lianc
3432 5388 3573 5456 legis
3597 5396 3702 5474 fet:

457 5466 650 5535 censet
683 5457 749 5535 :_l
771 5455 903 5535 _est
940 5457 1088 5535 quod
1139 5457 1311 5535 Moysi
1361 5455 1722 5535 inscribitur}
1775 5461 1812 5514 ἓ
1871 5455 2048 5517 Rabbi
2148 5455 2420 5535 ruptclam
2476 5455 2709 5535 potius:
2728 5455 3436 5532 qvuaminterpretaticnem
3463 5455 3701 5526 appellant

460 5528 672 5595 Akiba;
702 5529 737 5584 '5
771 5527 839 5582 Β.
873 5519 1053 5590 Adda,
1115 5519 1246 5584 sive'
1273 5527 1414 5583 .Iuda
1437 5546 1452 5594 ;
1479 5530 1514 5585 4
1543 5519 2045 5590 Assamonacorum.

462 5599 711 5670 Fingunt
756 5607 940 5672 autem
984 5599 1206 5671 Moysen
1232 5600 1304 5672 40
1354 5600 1462 5657 illis
1503 5601 1718 5666 diebus,
1753 5603 1954 5672 quibus
1993 5604 2047 5658 in

464 5679 650 5728 monte
688 5671 977 5739 constitit,
1009 5679 1208 5742 praeter
1235 5671 1408 5742 legem
1435 5711 1447 5737 ,
1481 5671 1615 5745 legis
1645 5671 2048 5745 interpretatio-

2151 5562 2229 5618 ΠΒ
2267 5541 2429 5622 5Y3!)
2465 5564 2632 5617 man.
2673 5555 2834 5625 legem
2862 5567 2979 5624 qua:
3016 5567 3106 5606 ore
3135 5551 3340 5625 tradita
3370 5550 3460 5616 sit,
3487 5546 3700 5625 tantique

2152 5629 2360 5684 facumt
2390 5669 2404 5693 ,
2458 5635 2516 5682 ut
2549 5626 2654 5698 ipsi
2692 5622 2783 5681 Dei
2817 5622 2980 5680 verbo
3023 5622 3420 5694 praeferendam
3453 5623 3700 5676 censeant.
