3772 6188
59 304 155 360 573
765 305 1134 364 ADVEIISUS
1174 307 1520 366 HEBESES
1558 309 1684 365 LIB.
1730 311 1768 368 Ι.
1816 309 1981 366 ΤΟΜ.
2024 311 2088 366 Il.
2131 341 2198 352 —-
2240 309 2515 393 IIAZIIES.
2553 310 2794 367 XXXIII.
3239 309 3346 366 5Ἱὸ

61 422 208 475 τοῦτο
238 420 505 484 εἰπόντος,
543 419 635 473 τοῦ
672 421 727 474 δὲ
771 422 944 492 Ἀδὰμ.
984 423 1288 493 εἰρηκότος,
1311 423 1405 478 τοῦ
1437 425 1550 496 Κυρ

1856 427 1972 482 dem
2004 441 2118 491 ore,
2144 423 2240 482 sed
2257 424 2352 481 Dei
2379 441 2503 482 esse
2528 427 2805 482 voluntate
2822 427 3058 498 prolata.
3079 425 3345 483 Similiter

59 515 112 567 δὲ
158 513 658 586 ἐπιμαρτυροῦντος
715 514 774 566 ὲν
819 513 898 584 τῷ
953 514 1269 586 Εὑαγγελίῳ
1316 516 1452 569 Θεοῦ
1506 511 1548 569 εἰ

1855 518 2041 592 loyses
2068 519 2240 590 legem
2273 518 2468 583 edidit,
2497 518 2955 593 quam,_dictante
2983 519 3234 585 Domino,
3267 519 3344 574 di-

60 605 115 658 τὺ
155 605 326 676 ῥῆμα,
374 605 438 658 τὺ
475 605 568 660 διὰ
608 606 704 659 τοῦ
750 605 925 676 Ἀδὰμ
973 605 1284 677 εἰρημένον,
1329 607 1428 660 ἀπ’
1477 608 1544 660 αὖ

1850 590 1982 667 erat.
2017 610 2201 678 Quare
2230 612 2342 668 duo
2399 613 2490 667 illa
2525 590 2727 668 tamen
2763 614 2926 670 verba
2980 629 3087 668 non
3146 613 3339 685 procul

57 699 149 768 τῆς
187 697 498 762 ὑποθέσεως
539 698 764 766 ἔδειξεν,
804 699 888 751 ὅτι
923 699 1040 751 ἐκεῖ
1091 699 1189 768 μὲν
1231 699 1402 769 Ἀδὰμ
1437 699 1546 771 είρτ

1850 701 2038 758 essitis
2095 702 2428 766 rationibus,
2485 702 2580 759 sed
2625 719 2724 757 usu
2758 703 3154 774 propemodum
3196 704 3339 774 ipso.

56 787 186 842 Θεοῦ
214 788 273 842 δὲ
302 787 552 860 βούλησις
583 789 902 859 ἐφθέγγετο.
932 789 1041 842 Καὶ
1068 783 1169 842 ὧδε
1200 791 1228 844 ό
1258 789 1500 860 Μωῦσῆς
1535 790 1545 841 ἐ

1858 795 2149 864 prolatione
2187 793 2570 850 conciderunt.
2610 795 2820 851 Etenim
2849 796 2998 850 illam
3026 811 3057 851 a
3077 794 3188 851 Deo
3212 810 3347 867 pro-

60 879 342 952 μοθέτησε,
381 881 517 935 Θεοῦ
580 881 732 952 αύτῷ
781 881 1244 950 καταγγείλαντος
1291 882 1392 952 τὴν
1426 897 1549 950 νομι

1850 895 1955 942 tam
2015 905 2140 945 esse
2211 889 2385 960 legem
2456 890 2661 944 nemini
2721 890 3018 945 obscurum
3078 889 3339 946 arbitror.

61 971 194 1026 σίαν.
223 973 336 1026 Καὶ
357 968 520 1028 αὗται
549 974 648 1044 μὲν
674 972 777 1044 ἢδη
826 973 885 1027 αί
925 973 1021 1026 δύο
1053 989 1146 1026 σου
1173 971 1348 1036 λέξεις
1376 970 1550 1025 διέπει

1855 996 1905 1036 m
1940 981 2031 1038 ille
2062 998 2192 1038 vero
2233 983 2435 1052 ubique
2463 981 2763 1038 decernere
2793 982 2953 1049 solet,
2986 983 3186 1054 partim
3219 998 3341 1054 qua:

58 1067 144 1119 καὶ
165 1066 228 1118 ού
258 1065 560 1140 πόρρωθεν,
600 1064 739 1119 ἀλλὰ
778 1066 873 1118 ἀπ’
904 1065 1077 1134 αὐτῆς
1105 1063 1206 1135 τῆς
1239 1064 1510 1136 χρήσεως.
1539 1065 1547 1117 l

1855 1075 2099 1144 iporibus
2154 1081 2489 1145 congruunt,
2543 1075 2743 1146 partim
2789 1091 2918 1160 qua:
2968 1076 3137 1133 certis
3179 1077 3344 1134 rebus

57 1159 132 1210 ὅτι
185 1157 288 1228 μὲν
320 1156 614 1228 νομοθεσία
664 1157 801 1212 Θεοῦ
840 1159 978 1220 ἐστι,
1024 1155 1186 1210 τοῦτο
1223 1156 1404 1226 δῆλον.
1437 1157 1546 1211 Παν

1852 1166 2153 1222 imbrandis
2195 1167 2466 1232 serviunt,
2505 1167 2705 1237 partin.
2741 1149 2942 1238 quibus
2979 1167 3166 1224 futura
3198 1171 3341 1226 bona

57 1249 147 1320 χοῦ
175 1249 234 1304 δὲ
265 1249 396 1314 Θεὸς
423 1249 802 1322 νομοθετεῖτά
839 1251 937 1321 μὲν
975 1251 1056 1314 εἰς
1094 1249 1341 1322 χρόνους,
1373 1249 1441 1303 τὰ
1476 1249 1534 1302 δὲ

1854 1260 2146 1326 :larantur;
2181 1276 2302 1331 qua:
2357 1261 2411 1316 in
2467 1260 2763 1332 Evangelio
2820 1262 3043 1317 demum
3105 1264 3343 1322 adventu

57 1345 277 1408 τύπους,
321 1346 393 1399 τὰ
430 1346 489 1399 δὲ
534 1348 614 1410 εἰς
656 1346 1004 1416 ἀποκάλυψιν
1041 1345 1150 1400 τῶν
1193 1345 1498 1417 μελλόντων
1533 1347 1546 1397 ἓ

1634 1377 1644 1387 -
1756 1367 1858 1407 suo
1887 1351 2144 1409 Christus
2170 1350 2330 1409 Jesus
2345 1351 2612 1408 Dominus
2639 1360 2828 1410 noster
2855 1353 3123 1426 implevit.

57 1439 174 1493 σθαι
206 1439 454 1509 ἀγαθῶν,
487 1433 564 1494 ὧν
595 1438 764 1494 ἐλθὼν
789 1440 818 1492 ό
842 1439 1050 1513 Κύριος
1084 1439 1243 1511 ἡμῶν
1283 1437 1490 1511 Ἰησοῦς
1520 1439 1652 1510 Χρι-

57 1535 173 1598 στὸς
206 1534 378 1600 ἔδειξε
398 1536 500 1606 τὴν
526 1533 806 1605 πλήρωσιν
832 1533 891 1588 ὲν
917 1532 996 1605 τῷ
1027 1532 1366 1603 Εὑαγγελίῳ.

122 1631 175 1683 ι’.
220 1628 306 1683 Ti
353 1629 410 1683 δὲ
447 1630 547 1700 τῆς
604 1630 759 1701 παρὰ
800 1629 883 1682 σοὶ
923 1628 1118 1700 ἐτέρας
1165 1627 1302 1680 θεῶν
1331 1627 1611 1700 διαιρέσεις

1862 1618 1893 1676 ζ.
1933 1617 2104 1674 Venio
2137 1619 2250 1690 jam
2297 1619 2362 1674 ad
2400 1619 2628 1675 alteram
2671 1619 2819 1674 illam
2873 1619 3180 1676 institutam
3225 1634 3255 1674 a
3299 1627 3351 1674 te

55 1721 213 1794 τριχῆ
287 1722 449 1776 πάλιν
513 1721 879 1794 διαιρεθείσης
939 1720 1316 1787 ὲπαναλαϐὼν,
1367 1722 1462 1774 καὶ
1510 1739 1544 1774 α

1863 1727 1976 1766 rum
2004 1711 2272 1782 triplicem
2301 1710 2686 1777 differentiam,
2720 1727 2884 1782 quam
2911 1712 3101 1768 eadem
3137 1712 3352 1767 ratione

55 1815 206 1881 δείξω
244 1815 396 1885 παρά
435 1815 519 1868 σοὶ
569 1815 1119 1898 σεσυκοφαντημένακ,
1159 1815 1253 1868 καὶ
1285 1815 1386 1869 οὐκ
1426 1813 1544 1869 ἄλλο

1861 1805 2088 1861 nnniose
2152 1805 2442 1861 conlictam
2494 1821 2651 1870 esse,
2712 1815 2873 1876 teque
2917 1804 2972 1860 id
3015 1805 3163 1876 quod
3200 1806 3350 1878 plani

56 1909 110 1962 ὃν
133 1907 273 1961 ἀλλὰ
300 1908 496 1980 γόητος
528 1907 589 1960 τὸ
615 1906 795 1979 ἔργον.
825 1908 982 1971 Ποῖος
1003 1895 1108 1976 γὰρ
1141 1908 1272 1978 ἡμῖν
1303 1905 1483 1978 τρίτος
1513 1906 1545 1960 Θ

1862 1897 1993 1954 linis
2043 1911 2107 1950 ac
2155 1895 2448 1952 nebulonis
2503 1904 2589 1951 est
2624 1895 2803 1966 egisse
2860 1897 3150 1967 perspicue
3199 1911 3351 1952 com-

58 2000 342 2072 πάρεστιν,
376 2000 442 2052 ὲκ
499 1997 592 2052 δύο
622 1998 910 2064 συσταθεὶς
949 1999 1325 2070 ὁμοιομάτων,
1385 1997 1479 2052 καὶ
1531 2015 1547 2051 ι

1867 1990 2017 2044 babo.
2069 1987 2271 2058 Ecquis
2319 1988 2463 2043 enim
2510 1987 2704 2043 tertius
2751 1988 2844 2043 ille
2893 1988 3054 2044 nobis
3087 1988 3225 2044 deus
3271 2002 3356 2045 est

57 2093 239 2162 ἕτερος
271 2089 346 2144 ὣν
370 2089 475 2143 τῶν
503 2087 617 2154 δύο,
634 2087 758 2143 οὔτε
784 2088 882 2160 τὴν
899 2087 1098 2142 κακίαν
1124 2088 1263 2160 ἔχων
1290 2088 1382 2143 καὶ
1409 2087 1546 2142 ἁδικί

1870 2083 1958 2138 lici
1980 2097 2048 2136 ex
2078 2081 2438 2136 similitudine
2470 2079 2760 2145 conﬂatus,
2803 2081 2896 2151 qui
2925 2095 3028 2136 nec
3060 2081 3198 2136 alter
3229 2081 3300 2136 sit
3327 2097 3359 2137 ο

57 2183 126 2246 ὡς
154 2183 318 2252 ἔφης,
346 2180 472 2236 οῦτε
530 2180 630 2254 τὴν
663 2180 981 2254 ἀγαθότητα
1008 2183 1101 2236 καὶ
1142 2180 1406 2253 φωτεινὴν
1435 2180 1546 2234 ούσί

1868 2176 1990 2240 bus,
2019 2191 2120 2230 nec
2142 2173 2450 2230 inl'uscatus
2480 2174 2707 2239 malitia,
2733 2175 2816 2229 vel
2842 2174 3131 2243 injustitia,
3165 2182 3223 2229 ut
3253 2174 3356 2241 ais,

61 2276 386 2346 μεσαίτατος
409 2275 465 2330 δὲ
495 2275 569 2329 ὢν
598 2275 841 2340 δίκαιος;
867 2276 978 2329 Καὶ
996 2275 1103 2347 γὰρ
1131 2274 1346 2346 ἀληθῶς
1371 2274 1550 2346 ἀλλότε

1881 2310 1894 2332 ,
1927 2283 2108 2339 neque
2150 2267 2431 2332 bonitate,
2477 2266 2767 2338 lucidaque
2818 2277 3018 2324 natura
3059 2269 3355 2339 praeditus,

57 2369 128 2422 ὣν
161 2369 348 2440 πάσης
371 2367 739 2440 δικαιοσύνης,
771 2368 997 2432 εἰκότως
1041 2369 1255 2436 ἀγνοεῖς
1284 2367 1336 2419 τί
1368 2366 1500 2420 ποτέ
1532 2368 1546 2418 ἔ

1901 2359 2067 2414 medii
2097 2358 2388 2428 cujusdam
2436 2359 2509 2415 sit
2542 2359 2756 2416 ordinis
2793 2358 3018 2429 justus?
3045 2360 3125 2416 Ac
3159 2362 3360 2417 merito

56 2461 392 2534 δικαιοσύνη,
417 2461 609 2534 ἑτέραν
633 2462 806 2535 αὐτὴν
840 2462 993 2533 παρὰ
1023 2461 1121 2534 τὴν
1146 2460 1461 2532 ἁγαθότητα
1491 2477 1545 2513 νο

1871 2452 2086 2522 quidem
2142 2454 2211 2508 ab
2243 2452 2394 2506 omni
2443 2460 2690 2508 remotus
2737 2452 2954 2522 justitia
2995 2453 3131 2524 quid
3180 2469 3244 2510 ea
3287 2453 3360 2510 sit

60 2556 182 2620 ζων.
226 2555 376 2609 Πολὺ
425 2555 482 2610 δὲ
510 2554 835 2627 ὲλεγχθήσῃ,
867 2548 912 2609 ὦ
953 2555 1244 2627 ρᾳδιουργὲ
1275 2554 1370 2618 καὶ
1406 2552 1549 2606 me:

1872 2560 2016 2610 iras,
2066 2559 2194 2599 cum
2234 2543 2378 2598 hanc
2412 2546 2587 2614 ipsam
2635 2561 2666 2600 a
2701 2544 2949 2600 bonitate
2994 2545 3262 2615 sejungis.
3300 2544 3361 2598 In

59 2648 152 2719 τῆς
178 2647 463 2719 ἀληθείας.
489 2647 801 2720 Οὑδαμόθεν
830 2647 938 2721 γὰρ
964 2648 1172 2718 γίνεται
1191 2648 1252 2702 τὸ
1278 2647 1507 2711 δίκαιον,
1537 2662 1548 2698 ι

1877 2675 1890 2700 ,
1918 2634 2200 2688 hominum
2248 2633 2603 2704 nequissime,
2641 2649 2704 2688 ac
2737 2635 2984 2689 veritatis
3030 2633 3360 2688 inimicissi-

60 2743 115 2808 ἐξ
135 2743 478 2815 ἀγαθότητος
493 2761 507 2775 ·
544 2744 640 2798 καὶ
657 2745 776 2798 οὐδὲ
807 2745 982 2806 ἄλλως
1003 2761 1086 2808 τις
1108 2745 1392 2814 γενήσεται
1427 2741 1549 2810 ἀγα(

1873 2727 1883 2781 l
1928 2724 2204 2781 manifesti
2256 2725 2464 2780 erroris
2512 2725 2780 2794 argueris.
2811 2723 2930 2779 Non
2959 2724 3108 2779 enim
3140 2723 3362 2778 aliunde

59 2805 110 2886 el
310 2805 538 2899 δίκαιος.
576 2834 742 2889 Ὅθεν
784 2836 880 2889 καὶ
911 2805 1132 2907 Κύριος,
1170 2805 1408 2887 ἐπαινῶν
1444 2805 1542 2904 την

1877 2834 1927 2872 m
1968 2833 2035 2874 ex
2065 2805 2311 2874 bonitate
2353 2817 2501 2887 quod
2526 2816 2738 2885 justum
2773 2815 3116 2886 appellamus
3150 2814 3360 2881 oritur;

65 2906 325 2996 μοθεσίαν
345 2926 442 2980 καὶ
468 2927 595 2990 τοὺς
634 2928 802 3000 αὐτῆς
837 2906 1102 2994 δικαίους,
1145 2927 1300 2994 ἔλεγε
1322 2944 1334 2958 ·
1365 2931 1554 2996 Kac-iu

1876 2929 1941 2968 ue
1979 2912 2270 2982 quisquam
2295 2949 2310 2972 ,
2353 2910 2460 2965 nisi
2493 2909 2636 2964 idem
2690 2910 2868 2963 bonus
2895 2907 3002 2973 sit,
3050 2906 3216 2978 226
3241 2917 3365 2962 esse

60 3019 200 3086 τοὺς
238 3018 471 3089 τάφους
508 3018 628 3074 τῶν
664 2999 1008 3090 προφητῶν,
1053 3021 1150 3075 καὶ
1197 3018 1549 3090 οἰκοδομεῖτε

1880 3021 1945 3060 us
1983 3005 2203 3076 poterit.
2252 3003 2492 3073 Ideoque
2532 3001 2800 3057 Dominus
2831 2999 2999 3056 Mosis
3048 2999 3225 3070 legem
3261 3012 3365 3053 suo

57 3088 326 3182 μνημεῖα
357 3111 476 3168 τῶν
511 3088 914 3179 δικαίων,καί
949 3116 1004 3168 ol
1039 3112 1287 3182 πατέρες
1357 3088 1515 3182 ὑμῶν
1544 3144 1546 3162 ι

1876 3098 2042 3154 :conio
2092 3094 2487 3152 commendans
2549 3092 2731 3148 aiebat
2779 3090 3066 3160 :lOrnatis
3124 3088 3365 3158 sepulcra

61 3173 342 3260 ἔκτειναν
373 3207 618 3274 αὐτούς.
660 3173 832 3261 Πόθεν
861 3206 917 3260 δὲ
951 3173 1209 3276 γεγόνασι
1251 3173 1529 3278 προιρῆται

1876 3191 2130 3244 νΙιειανιιηι
2172 3196 2221 3241 et
2269 3184 2551 3255 redi/isatis
2596 3173 2921 3237 monimenta
2967 3181 3282 3251 justorum,
3313 3185 3365 3232 et

63 3299 260 3352 δίκαιοι
283 3298 400 3353 ἀλλ’
439 3299 473 3368 ἢ
503 3271 611 3352 ἀπὸ
646 3298 748 3369 τῆς
776 3298 872 3353 τοῦ
903 3271 1115 3371 Πατρὺς
1151 3271 1518 3367 ἀγαθότητος;

1874 3299 1934 3338 'es
1961 3283 2117 3338 vestri
2149 3279 2449 3336 occiderunt
2473 3276 2594 3331 illos
2621 3278 2661 3331 ί.
2688 3275 2844 3332 Unde
2876 3273 3043 3347 igitur
3066 3271 3363 3343 prophetae.

63 3391 148 3444 ἵνα
185 3390 364 3464 δείξῃ,
393 3365 476 3443 ac;
507 3391 565 3443 ἐν
586 3389 664 3462 τῷ
697 3365 855 3462 μέρει
892 3390 992 3462 τῆς
1024 3365 1361 3459 ἀγαθότητος
1385 3365 1425 3440 δ
1457 3386 1552 3439 δίκε

1880 3377 2004 3446 ique
2035 3374 2142 3429 nisi
2171 3388 2198 3427 a
2232 3372 2472 3426 Parente
2505 3369 2769 3424 bonitatis
2797 3365 3168 3422 exstiterunt?
3191 3365 3369 3434 Atque

64 3456 557 3553 Emuv,n.§).sysv°
602 3456 825 3551 Ὅμοιοι
861 3456 1108 3551 τέκεα-ϐε
1147 3479 1229 3546 τῷ
1254 3456 1456 3547 illath
1495 3481 1553 3548 iu

1875 3466 2194 3538 ntelligeres
2238 3464 2453 3535 justum
2501 3463 2558 3518 in
2609 3460 2876 3517 bonitatis
2904 3467 3062 3531 parte
3099 3456 3313 3512 versari
3349 3475 3361 3511 :

63 3576 142 3642 τῷ
263 3576 394 3644 τοῖς
422 3549 720 3646 οὐρανοῐξ,
753 3577 843 3632 ὅτι
862 3549 1180 3632 ἀνατέλλει
1209 3576 1316 3630 τὸν
1349 3575 1528 3644 ἥλιον

1878 3559 2001 3624 τίιεε,
2029 3559 2125 3623 ait,
2156 3565 2322 3612 estote
2358 3555 2518 3610 Patri
2559 3565 2731 3608 vestro
2763 3553 2854 3624 qui
2884 3553 2939 3607 in
2969 3551 3113 3606 caelis
3135 3559 3244 3614 est,
3277 3549 3367 3620 qui

65 3641 172 3726 τοῦ
221 3669 326 3724 ἐπὶ
369 3641 629 3740 ἀγαθοὺς
675 3641 775 3724 καὶ
819 3669 1145 3738 πονηροὺς,
1194 3641 1525 3737 καίβρἐχει

1882 3653 1898 3707 i
1925 3651 2058 3722 facit
2085 3650 2247 3706 solem
2272 3665 2426 3704 suum
2462 3663 2618 3717 super
2644 3646 2806 3700 bonos
2839 3655 2887 3699 et
2920 3644 3092 3698 malos
3113 3683 3129 3709 ,
3157 3651 3208 3698 et
3237 3641 3371 3712 pluit

65 3762 346 3829 δικαίους
383 3735 483 3816 θέαι
517 3735 799 3827 ἀδίκουςο
835 3760 922 3814 ἵνα
948 3735 1100 3832 δείξῃ
1128 3758 1188 3812 τὸ
1214 3735 1418 3812 δίκαιον
1434 3735 1554 3827 ἀγα

1884 3763 1925 3800 η·
1967 3746 2146 3816 justas
2172 3752 2223 3799 et
2263 3741 2494 3812 injustas
2523 3741 2544 3771 ’
2571 3758 2584 3795 :
2614 3748 2672 3794 ut
2723 3746 2778 3795 et
2815 3738 3067 3808 justum,
3117 3751 3244 3791 esse
3272 3735 3373 3789 bo-

68 3855 162 3909 καὶ
210 3855 274 3908 τὸ
318 3825 537 3924 ⁷ιῐιγαθδν
567 3825 797 3920 δίκαιον,
827 3853 925 3909 καὶ
957 3853 1018 3906 τὸ
1048 3825 1285 3924 πονηρὸν
1331 3825 1537 3920 ἄδικον,

1885 3854 1932 3904 ι,
1972 3844 2026 3892 et
2047 3836 2253 3891 bonum
2281 3833 2494 3904 justum
2517 3872 2532 3897 ,
2558 3841 2613 3886 et
2647 3829 2958 3900 improbum
2991 3825 3286 3897 injustum,
3318 3834 3374 3896 et

66 3948 125 4002 τὸ
158 3949 348 4004 ἄδικον
381 3947 638 4020 πονηρόν.

1770 3931 2039 4002 injustum
2071 3927 2379 3998 improbum
2407 3940 2530 3980 esse
2555 3928 2911 3978 monstraret.

136 4041 254 4112 Τὴν
307 4041 368 4094 δὲ
423 4007 724 4111 ἐπίπλοκὴν
745 4039 812 4110 ἢν
847 4037 988 4109 ἔφης
1015 4036 1111 4092 τοῦ
1137 4038 1326 4109 νόμου,
1356 4039 1416 4091 ού
1446 4037 1625 4092 δύνασι

1893 4035 1983 4072 am
2024 4018 2170 4089 quod
2214 4016 2552 4087 implicatam
2592 4021 2645 4067 et
2672 4010 2988 4081 perplexam
3034 4007 3206 4078 legem
3251 4021 3376 4062 esse

68 4107 378 4200 ἀποδεῖξαι.
440 4133 644 4195 Ἑάλως
821 4107 1173 4202 συκοφαντῶν
1200 4107 1293 4185 τὸν
1328 4131 1516 4202 νόμον,
1551 4132 1557 4181 i

1888 4111 2094 4175 tendis,
2127 4109 2182 4164 id
2222 4108 2450 4165 omnino
2498 4107 2884 4160 demonstrare
2923 4116 3033 4156 non
3080 4108 3235 4171 potes
3268 4117 3282 4153 :
3312 4113 3377 4153 ac

69 4227 282 4297 πλοκήν
314 4243 440 4278 τινα
488 4223 639 4296 αὐτῷ
681 4223 1031 4296 προσάπτων,
1066 4221 1156 4276 διὰ
1185 4222 1246 4276 τὸ
1279 4223 1555 4293 εἰρηκέναι

1930 4215 2199 4259 summam
2242 4209 2302 4255 ut
2363 4205 2649 4270 appareret
2691 4196 3027 4252 calumniam
3112 4193 3255 4246 hanc
3325 4190 3373 4247 ei

70 4287 272 4388 νόμον·
327 4287 664 4385 Ὁφθαλμόν
717 4287 852 4369 ἀντὶ
905 4313 1254 4384 ὀφθαλμοῦ,
1314 4287 1408 4369 καίν
1462 4311 1559 4366 ὀδό

1884 4312 1954 4353 3m
2014 4295 2262 4366 aspergis
2313 4309 2382 4349 ex
2446 4309 2512 4348 eo
2555 4292 2699 4362 quod
2769 4292 2845 4345 ita
2898 4291 2983 4346 lex
3042 4287 3373 4360 praecipiat:

67 4379 200 4464 ἀνίτί
227 4379 486 4476 ὀδόντος
504 4424 520 4439 ο
543 4379 559 4385 ⁷
578 4408 675 4464 καὶ
738 4379 1184 4478 ἐπειδὴ-φονεύει
1212 4379 1246 4460 ό
1271 4405 1435 4476 νόμος
1465 4403 1554 4457 τὸν

1886 4389 2009 4443 ilum
2039 4404 2134 4457 pro
2158 4387 2333 4452 oculo,
2361 4386 2567 4440 dentem
2599 4401 2694 4455 pro
2731 4386 2884 4438 dente
2917 4383 2974 4450 ³;
3011 4379 3177 4438 simul
3210 4379 3375 4434 etiam

69 4503 288 4573 νευτήν.
333 4471 499 4554 Ἀλλά
525 4498 583 4568 εξ
612 4498 784 4570 αὐτῆς
813 4471 1039 4571 τῆξτῶ
1065 4498 1271 4571 Κυρίου
1303 4471 1460 4570 η’μῶν
1501 4497 1558 4550 Ἰτ

1892 4486 1927 4541 d
1963 4483 2468 4556 parricidamjubet
2499 4479 2755 4535 interﬁci.
2806 4476 3011 4532 Verum
3049 4490 3173 4545 quae
3205 4488 3235 4526 a
3275 4471 3379 4527 Do-

69 4570 314 4667 Χριστοῦ
343 4592 727 4666 πραγματείας
756 4570 1126 4662 δειχθήσεται,
1151 4570 1233 4644 ὅτι
1265 4591 1365 4644 οὐκ
1399 4587 1558 4642 ὲπιπλ

1888 4595 1930 4633 ιο
1957 4577 2087 4634 Jesu
2115 4579 2244 4633 dum
2274 4578 2482 4633 viveret
2502 4584 2678 4647 gesta,
2705 4570 3201 4638 administrataque
3223 4573 3377 4629 sunt,

67 4662 150 4752 τις
177 4683 274 4761 ἦν,
306 4662 424 4742 ἀλλ’
457 4662 667 4758 ἧίαύτὴ
689 4681 759 4763 ἦν
796 4683 1111 4758 νομοθεσία,
1145 4683 1240 4738 καὶ
1277 4683 1339 4736 τὸ
1363 4682 1496 4736 αὐτὸ
1521 4683 1556 4734 ἐπ

1893 4669 2228 4726 iifestissime
2260 4667 2660 4728 demonstrant,
2692 4663 2831 4717 nihil
2863 4662 2919 4715 in
2951 4663 3068 4731 lege
3096 4673 3222 4714 esse
3254 4671 3382 4727 per-

69 4781 156 4847 γεί
180 4754 253 4852 τῇ
298 4778 406 4832 ὑπὸ
441 4754 534 4831 τοῦ
561 4754 812 4849 Σωτῆρος
840 4754 1110 4849 εἰρημένῃ
1147 4773 1356 4846 ἐντολῇ,
1407 4773 1490 4837 τὸ,
1536 4772 1558 4823 Ἷ

1892 4779 1998 4818 :um
2030 4768 2124 4816 aut
2152 4759 2479 4830 implicitum
2531 4756 2586 4811 in
2635 4769 2790 4819 sese,
2823 4754 3077 4823 idemque
3119 4758 3381 4821 praestare

72 4843 161 4940 τίς
188 4843 270 4939 οίε
296 4869 578 4940 τυπτήσῃ
610 4843 844 4938 eici-thr
865 4843 1374 4936 δεξιὰν-οιατόκιι,
1402 4862 1561 4933 στρέῑ

1891 4873 2008 4913 rsus
2057 4855 2203 4926 quod
2250 4854 2344 4908 illa
2385 4851 2686 4907 Salvator-is
2742 4850 2832 4905 lex
2885 4845 3102 4903 eﬂicit':
3156 4843 3215 4898 Si
3263 4843 3380 4914 quis

70 4937 266 5030 αύτῷΔ
307 4963 411 5017 καί
454 4937 574 5030 τὴῦ
631 4937 853 5028 ἄλλην.
899 4960 1008 5014 Καὶ
1039 4959 1068 5012 ό
1095 4956 1260 5028 νόμος
1293 4955 1461 5010 πάλαι
1519 4972 1559 5007 τι

1894 4949 2096 5004 :usserit
2129 4956 2176 5002 te
2211 4948 2265 5002 in
2293 4945 2539 5001 dextram
2573 4938 3066 5010 maxillam,prwbe
3082 4938 3165 4992 illi
3180 4947 3228 4992 et
3248 4937 3383 4991 alte-

71 5055 474 5134 γατεσκεύαζε,
533 5054 741 5124 λέγων’
784 5051 1120 5124 Ὀφθαλμὸν
1161 5050 1294 5106 ἀντί
1342 5051 1560 5119 ὀφθαλι

1893 5063 1899 5097 ι
1935 5042 1974 5096 ⁸.
2006 5041 2162 5108 Quod
2189 5041 2367 5112 ipsum
2407 5039 2488 5094 lex
2523 5038 2652 5093 olim
2680 5035 2931 5090 obtinere
2955 5032 3228 5097 studebat,
3255 5045 3382 5085 eum

72 5131 332 5203 τουτέστι
355 5147 583 5220 στρέψον
639 5145 790 5217 αὐτῷ
842 5145 942 5217 τὴν
999 5143 1242 5213 σιαγόνα.
1276 5143 1394 5196 Ἵνα
1422 5140 1561 5213 γὰρε

1905 5135 2225 5207 praeciperet
2269 5151 2282 5186 :
2334 5130 2561 5186 Oculum
2600 5145 2696 5199 pro
2731 5127 2904 5190 oculo,
2942 5133 3072 5189 etc.,
3119 5125 3224 5178 hoc
3266 5129 3381 5186 est,

76 5242 245 5312 φύγοι
294 5241 336 5296 ἃ
392 5217 556 5295 πάθοι
594 5239 684 5306 ἂν,
715 5239 766 5292 εἰ
796 5237 1011 5309 πλήξει,
1055 5238 1282 5307 παρεῖχε
1317 5235 1416 5304 τὴν
1458 5251 1565 5302 σιαγ

1894 5231 1968 5284 τὺε
2004 5227 2079 5282 illi
2121 5225 2419 5280 maxillam.
2448 5221 2582 5276 Nam
2614 5230 2672 5276 ut
2716 5236 2812 5276 eas
2848 5233 3041 5290 pmnas
3091 5217 3383 5287 eﬂugeret,

73 5304 466 5406 τεῇ-τύπτοντι,
501 5304 793 5398 εἰδὼς,ὃτι,
825 5304 1092 5401 είῠάφέλοι
1117 5304 1416 5400 decimi»,
1451 5326 1518 5380 τὰ
1544 5343 1562 5379 ε

1985 5335 2044 5375 as
2090 5319 2137 5374 si
2181 5323 2491 5389 percuteret
2524 5315 2674 5369 luere
2714 5318 3024 5383 oporteret,
3072 5304 3386 5365 verberanti
3456 5365 3465 5376 η

75 5397 341 5480 mica-cat
373 5423 464 5478 διὰ
490 5423 581 5479 τόν
610 5424 794 5494 νόμον.
952 5397 964 5401 ﬁ
989 5439 1009 5448 ὀ
1162 5397 1172 5400 Ἴ
1299 5397 1306 5400 Ὗ
1779 5414 2072 5495 maxillam
2102 5408 2337 5481 praebuit
2367 5426 2380 5462 :
2413 5406 2556 5462 haud
2593 5406 2819 5478 ignarus
2858 5403 2902 5460 si
2953 5401 3175 5456 oculum
3205 5397 3389 5476 eruis-

1795 5516 1902 5570 set,
1935 5504 2077 5561 idem
2111 5505 2216 5561 sibi
2237 5519 2305 5560 ex
2339 5502 2456 5573 lege
2483 5514 2606 5557 esse
2635 5495 3046 5555 sustinendum.

143 5605 258 5663 IA'.
309 5605 400 5670 Ὦς
422 5604 534 5678 γὰρ
561 5606 590 5664 ὁ
609 5606 802 5680 Πατὴρ
821 5605 1072 5678 βούλεται
1099 5606 1378 5660 παιδεύειν
1403 5621 1470 5658 τα
1497 5601 1632 5658 τέκνς

1899 5599 1957 5655 LI.
1991 5601 2171 5672 Atque
2224 5605 2283 5654 ut
2331 5596 2492 5652 Pater
2544 5593 2746 5651 liberos
2783 5589 2866 5646 sic
2907 5585 3183 5653 instituit,
3220 5588 3279 5638 ut
3318 5578 3388 5636 ad

153 5769 172 5800 ⁸
201 5766 406 5826 Matth.
442 5781 597 5834 χχιιι,
636 5765 724 5826 29.
802 5769 821 5798 ²
851 5764 1038 5821 Matth.
1074 5780 1125 5831 ν,
1156 5763 1245 5820 45.
1323 5763 1341 5794 ³
1373 5760 1546 5818 Exod.
1585 5777 1642 5815 xx

1521 5764 1546 5814 Ι.
1585 5776 1696 5825 xxi,
1736 5759 1836 5826 εἰς
1873 5757 2048 5815 Levii.
2094 5772 2244 5826 xxiv,
2277 5753 2367 5810 20.
2448 5754 2466 5784 ⁵
2497 5749 2683 5806 Matth.
2720 5765 2770 5815 v,
2801 5743 2895 5802 59.
3007 5767 3010 5770 ·
