3814 6282
12 292 111 349 {~77

1085 286 1461 345 ADVERSUS
1498 280 1849 342 HERESES
1890 281 2020 339 UB.
2065 282 2111 339 1.
2155 279 2323 341 τΟΜ.
2366 281 2461 338 111.

3244 288 3357 352 E78

16 413 215 483 ἐφερες
245 412 418 483 ἡμῖν,
456 411 661 467 μᾶλλον
680 409 739 466 δὲ
760 408 951 482 σαυτῷ
977 410 1074 465 καὶ
1103 412 1220 475 τοῖς
1246 410 1354 463 ὑπὸ
1388 408 1483 461 σοῦ
1503 409 1650 478 ἡπα-

1828 411 1916 476 tp,
1948 403 2231 459 ctetcrisve
2271 401 2539 473 disputat.
2575 401 2756 475 Atque
2805 405 3020 461 utinam
3058 416 3352 468 veritatem

14 504 290 575 τημένοις
326 506 341 559 l

84 770 192 822 lB'.
225 768 480 841 Νομίζω
511 768 569 824 δὲ
592 769 685 824 καὶ
716 770 775 823 ὲν
798 768 877 841 τῷ
908 766 1139 839 παρόντι
1174 765 1375 831 ἱκανῶς
1391 765 1532 839 πρὸς
1550 766 1651 833 τάς

24 880 110 917 σου
143 862 368 928 λέξεις,
418 856 465 916 ὧ
513 862 751 934 ἀγύρτα,
809 859 1084 933 εἰρῆσθαι.
1134 853 1235 912 Ὧν
1280 860 1516 931 ποιήσας
1557 860 1651 913 τὸν

24 955 274 1022 ἔλεγχον,
316 953 425 1006 ἐπὶ
461 952 561 1016 τὰς
595 952 723 1021 ἑξῆς
749 952 991 1024 αἱρέσεις
1028 948 1339 1020 βαδιοῦμαι,
1365 949 1457 1003 τὸν
1490 949 1653 1002 αὐτὶν

22 1046 148 1097 θεὸν
202 1044 481 1115 συνήθως
529 1044 961 1115 ἐπικαλούμενος
997 1041 1362 1113 ἐπικουρῆσαι
1386 1044 1454 1112 τῇ
1492 1040 1653 1111 ἡμῶν

28 1138 385 1209 μετριότητι,
420 1139 501 1201 εἰς
537 1136 598 1191 τὸ
636 1138 892 1209 φωρᾶσαι
916 1137 1156 1207 ἑκάστης
1184 1135 1451 1207 αἱρέσεως
1486 1150 1656 1205 παρα-

26 1229 432 1300 πεποιημένης
455 1230 547 1282 τὸν
588 1228 833 1298 ἔλεγχον.
880 1229 1004 1280 Ὀτι
1050 1228 1148 1298 μὲν
1180 1226 1287 1297 γὰρ
1322 1226 1655 1299 συρίγμασιν

28 1321 248 1376 ἑαυτοῦ.
276 1322 367 1386 ὼς
406 1322 516 1375 ἀπὸ
539 1320 819 1393 θαλάσσης
844 1320 1085 1375 ἀνελθὼν
1101 1319 1177 1391 (8)
1208 1319 1534 1391 καρχαρίας,
1561 1320 1655 1372 καὶ

28 1416 244 1485 ἔχιδναν
272 1413 775 1485 προσκαλούμενος
825 1413 921 1484 τὴν
946 1411 1174 1484 Φλώραν
1216 1411 1304 1465 διὰ
1331 1412 1440 1464 τῶν
1468 1428 1656 1482 γραμ-

32 1511 236 1580 μάτων,
268 1509 464 1579 αὐτὴν
493 1524 554 1560 τε
584 1507 680 1560 καὶ
711 1507 905 1571 ἄλλους
955 1506 1054 1559 σὺν
1091 1508 1230 1578 αὐτῇ
1271 1506 1545 1576 ὴπὰτησε,
1570 1504 1656 1557 δέ-

28 1606 238 1657 δεικται
296 1604 367 1655 ἐν
418 1603 533 1666 τοῖς
582 1601 932 1673 εἰρημένοις·
961 1601 1019 1654 ὲν
1057 1600 1115 1654 δὲ
1166 1603 1227 1672 τῇ
1269 1600 1371 1670 τῆς
1397 1596 1657 1670 ἀληθείας

32 1698 277 1769 σαγήνῃ.
330 1689 411 1767 ἧς
447 1695 508 1748 τὸ
549 1694 779 1765 αἴνιγμα
806 1696 837 1747 ὁ
882 1692 1088 1765 Κύριος
1122 1695 1180 1747 ὲν
1227 1691 1308 1765 τῷ
1339 1689 1657 1761 Εὑαγγελίῳ

1752 497 1809 552 in
1833 496 2094 553 omnibus
2137 493 2442 561 retineres,
2476 510 2655 565 neque
2696 497 2919 553 tertium
2952 502 3144 556 nescio
3183 518 3350 573 quem

1750 590 1915 646 deum
1943 604 2008 644 ac
2046 587 2287 645 medium
2308 631 2324 655 ,
2352 588 2443 659 qui
2478 589 2662 645 nullus
2692 597 2778 646 est
2807 590 2988 658 nobis,
3013 593 3098 649 vel
3129 594 3227 649 tibi
3250 609 3351 666 po-

1752 683 1862 738 tius
1896 696 1961 735 ac
1992 682 2104 737 tuis
2139 682 2493 737 obtrudcres!

1824 774 1991 844 228
2022 772 2135 829 ΧΠ.
2171 773 2279 829 Sed
2314 773 2750 845 impurissimam
2785 774 2933 828 illam
2976 784 3125 829 tuam
3160 790 3350 831 vocem

1753 870 1889 923 satis
1923 868 1978 921 in
2020 867 2368 937 praesentiam
2422 882 2798 938 compressam
2835 868 3099 933 arbitror,
3141 869 3357 939 impru-

1754 960 2077 1016 dentissime
2111 960 2350 1016 nebulo!
2403 958 2579 1031 Cujus
2626 961 2882 1015 convicta
2925 961 3171 1017 falsitate
3201 970 3357 1017 ante-

1754 1069 1917 1122 quam
1946 1054 2191 1125 reliquas
2223 1054 2293 1109 ad
2347 1053 2587 1109 haereses
2639 1055 3080 1125 progrediamur,
3112 1055 3355 1109 divinam

1756 1163 1856 1218 pro
1886 1163 1952 1203 eo
1982 1163 2047 1202 ac
2070 1148 2336 1211 solemus,
2375 1162 2533 1217 opem
2568 1147 3011 1217 implorabimus,
3046 1155 3108 1201 ut
3139 1146 3207 1202 ad
3234 1148 3359 1201 illas

1751 1240 2083 1311 jugulandas
2116 1240 2372 1293 tenuitati
2410 1247 2616 1294 nostra:
2657 1238 2801 1295 vires
2838 1239 3175 1309 suppeditet.
3210 1238 3361 1293 Satis

1756 1333 1901 1387 enim
1948 1347 2013 1387 ex
2047 1332 2116 1386 iis
2148 1348 2269 1402 qua:
2306 1332 2550 1387 diximus
2588 1332 2926 1387 intellectum
2957 1333 3159 1402 opinor
3185 1374 3201 1400 ,
3230 1332 3361 1387 Pto-

1756 1425 2042 1488 lemmum,
2080 1425 2277 1479 marini
2312 1424 2469 1479 canis
2526 1425 2723 1489 instar,
2778 1425 2873 1495 qui
2924 1440 2955 1479 e
3000 1425 3196 1495 pelago
3228 1441 3359 1496 pro-
3418 1415 3427 1421 ’

1759 1519 1950 1573 siliens
1992 1518 2237 1588 viperam
2288 1517 2465 1572 sibilis
2514 1517 2632 1572 suis
2682 1531 2910 1580 evocat,
2936 1517 3016 1571 sic
3046 1516 3203 1570 illum
3235 1514 3363 1570 Flo-

1757 1626 1874 1666 ram
1907 1611 2107 1666 litteris
2140 1610 2414 1666 excivisse
2437 1651 2452 1676 ,
2488 1624 2552 1664 ac
2587 1618 2699 1665 tam
2739 1625 2896 1675 eam,
2932 1624 3098 1678 quam
3129 1615 3362 1663 caeteros

1760 1701 1815 1755 in
1846 1701 2094 1756 fraudem
2127 1700 2435 1771 impulisse.
2472 1698 2584 1756 Nos
2609 1707 2791 1755 autem
2820 1709 3177 1770 posteaquam
3215 1698 3363 1753 veri-

34 1789 330 1859 βασιλείαν
394 1787 642 1859 οὐρανῶν
700 1787 1057 1858 ἀπεφήνατο,
1108 1785 1509 1858 ὲνειλήσαντες,
1559 1788 1656 1842 καὶ

1828 1796 1888 1850 Lis
1939 1794 2085 1849 hunc
2114 1809 2369 1865 sagena,
2402 1794 2564 1865 cujus
2625 1793 2987 1848 similitudine
3023 1792 3255 1847 caeleste
3303 1791 3362 1847 in

31 1880 132 1933 τῶν
161 1880 447 1952 πονηρῶν
481 1878 681 1950 ἰχθύων
728 1878 824 1932 ἕνα
850 1878 981 1933 ὂντα
1010 1877 1176 1931 αὐτὸν
1209 1877 1551 1946 ἐλέγξαντες,
1578 1878 1658 1951 τῷ

35 1974 97 2026 τὰ
133 1971 417 2044 μοχθηρὰ
468 1974 693 2043 ῥήματα
721 1970 887 2024 αὐτοῦ
920 1970 1151 2043 φωρατὰ
1192 1971 1437 2042 ποιῆσαι,
1463 1973 1529 2041 τῇ
1561 1972 1659 2043 τῆς

36 2066 275 2137 ἀληθοῦς
310 2064 563 2127 πίστεως
615 2063 937 2135 διδασκαλίᾳ
986 2064 1290 2135 ᾐτήσαμεν.
1335 2062 1425 2117 Ἐν
1447 2066 1515 2134 τῇ
1562 2063 1658 2116 τοῦ

41 2158 169 2211 Θεοῦ
234 2158 439 2211 τοίνυν
482 2155 715 2228 δυνάμει
771 2155 1168 2227 συντρίψαντες
1230 2154 1441 2220 τοῦτον,
1503 2155 1659 2210 αὐτοὶ

48 2250 143 2319 μὲν
166 2249 300 2320 Θεῷ
332 2249 850 2322 εὐχαριστήσωμεν,
906 2247 1001 2300 ἐπὶ
1041 2247 1098 2301 δὲ
1126 2247 1229 2311 τὰς
1271 2247 1399 2319 ἑξῆς
1432 2248 1653 2320 ὁμοίως,

43 2342 113 2407 ὡς
134 2345 443 2413 προεῖπον,
498 2340 866 2413 προέρχεσθαι
890 2338 1301 2411 ἐπιϐαλώμεθα.

1760 1888 2055 1960 Evangelia
2100 1903 2331 1959 regnum
2384 1887 2653 1945 Dominus
2706 1888 3015 1959 expressit,
3083 1888 3361 1943 irretitum

1760 1978 2081 2040 tenuimus,
2127 1988 2293 2050 atque
2340 1994 2370 2035 e
2401 1980 2671 2035 malorum
2707 1978 2941 2050 piscium
2976 1993 3100 2033 esse
3129 1992 3365 2032 numero

1762 2069 2299 2137 demonstravimus,
2350 2069 2483 2125 dum
2521 2070 2753 2126 sincerae
2805 2068 2930 2124 fidei
2979 2068 3232 2124 doctrina
3260 2067 3365 2121 im-

1762 2175 1935 2232 puras
1967 2160 2117 2217 illius
2158 2176 2327 2217 voces
2376 2161 2660 2229 elisimus;
2703 2160 2914 2216 obtrito
2944 2158 3042 2215 Dei
3093 2175 3198 2231 ope
3233 2174 3365 2230 pro-

1764 2251 2059 2323 ﬂigatoque
2099 2261 2381 2319 monstro,
2416 2254 2651 2325 primum
2682 2253 2759 2308 illi
2790 2258 3029 2324 quantas
3068 2263 3367 2323 possumus

1764 2346 1969 2417 gratias
2019 2346 2325 2412 habemus;
2376 2347 2575 2403 deinde
2631 2346 2699 2401 ad
2746 2354 2975 2402 ceteras
3016 2344 3253 2411 eodem,
3303 2348 3367 2399 ut

1762 2437 2035 2504 diximus,
2073 2438 2212 2509 pede
2237 2439 2466 2510 gradum
2500 2437 2788 2495 faciemus.

72 2715 3339 2749 Μ

836 2866 1259 2940 2291⁷ΑΔΕ
1292 2866 1641 2923 ΕΝΕΣΤΙ
1691 2868 1811 2922 ΕΝ
1863 2868 1959 2938 Τῼ
2029 2866 2290 2939 ΤΡΙΤῼ
2358 2868 2581 2939 ΤΟΜῼ

1338 2986 1479 3040 ΤΟΥ
1505 2985 1785 3039 ΠΡΩΤΟΥ
1816 2985 2117 3052 ΒΙΒΛΙΟΥ,

1200 3102 1306 3158 Ἐν
1346 3094 1396 3170 ᾧ
1425 3114 1593 3157 εισιν
1624 3100 1890 3170 αἱρέσεις
1926 3100 2253 3171 δεκατρεῖς.

400 3324 820 3388 INDICULUS
868 3325 1300 3390 HERESEON
1348 3328 1519 3402 QU/E
1577 3329 1658 3391 IN
1708 3330 1793 3392 III
1843 3328 2052 3389 TOMO
2108 3326 2321 3387 LIBRI
2367 3326 2396 3388 Ι
2452 3325 3014 3404 CONTINENTUR,

1386 3475 1630 3523 SUNTQUB
1674 3475 1894 3517 NUIEBO
1930 3475 2056 3517 XIII.

130 3719 507 3793 Μαρκώσιοι.
530 3719 765 3794 Μάρκος
815 3739 902 3788 τις
945 3723 1239 3797 γεγένηται
1307 3726 1660 3800 Κολορόάσου

1836 3728 2117 3786 Harcau'i.
2142 3726 2361 3783 Marcus
2377 3727 2597 3799 quidam
2624 3724 3131 3784 exstititColorbasi
3149 3726 3372 3787 condis-

66 3814 468 3888 συμφοιτητὴς,
502 3813 597 3868 δύο
612 3814 789 3887 ἀρχὰς
814 3818 909 3871 καὶ
923 3818 1087 3882 αὐτὸς
1112 3820 1483 3891 παρεισάγων.
1516 3823 1667 3878 Ἀθε-

67 3913 144 3964 τεῑ
182 3912 240 3966 δὲ
307 3911 529 3983 νεκρῶν
562 3912 880 3968 ἀνάστασιν.
934 3915 1241 3980 Φαντασίας
1293 3917 1351 3971 δέ
1394 3935 1549 3983 τινας
1594 3921 1663 3975 δι’

70 4002 418 4075 ἐκπωμάτων
462 4002 524 4068 ἐξ
545 4002 804 4077 ὲπαοιδῆς
826 4006 907 4069 είς
931 4007 1159 4062 κυάνεον
1188 4009 1384 4081 χρῶμα
1406 4012 1501 4065 καὶ
1534 4030 1668 4086 πορο

72 4095 268 4167 φὺρεον
332 4095 659 4168 μεταϐαλὼν
682 4136 698 4162 ,
742 4096 1128 4168 ὲμυσταγώγει
1157 4100 1257 4165 τὰς
1299 4103 1669 4175 ἁπατωμένας

72 4191 357 4254 γυναῖκας.
401 4188 513 4241 Καὶ
555 4186 721 4252 αὐτὸς
794 4187 854 4241 δὲ
890 4187 999 4242 τῶν
1029 4190 1488 4267 εἰκοσιτεσσάρων
1523 4212 1669 4251 στοι-

76 4283 228 4351 χείων
248 4280 509 4353 βούλεται
523 4279 593 4335 τὰ
604 4278 787 4334 πάντα
801 4279 1054 4353 ἡγεῖσθαι
1084 4282 1286 4353 ὁμοίως
1308 4284 1665 4361 Οὐαλεντίνῳ.

140 4462 564 4533 Κολορϐάσιοι.
587 4462 696 4516 Καὶ
711 4454 867 4527 οὗτος
894 4463 922 4517 ὁ
944 4462 1292 4535 Κολόρὸασος
1316 4464 1580 4532 ὡσαύτως
1602 4470 1671 4525 τὰ

78 4557 207 4611 αὐτὰ
238 4555 631 4628 διηγούμενος,
658 4556 801 4610 κατά
825 4571 878 4609 τι
901 4555 959 4611 δὲ
980 4556 1372 4630 διαφερόμενος
1401 4559 1539 4630 πρὸς
1573 4561 1672 4626 τὰς

77 4648 233 4713 ἄλλας
262 4648 544 4718 αἱρέσεις,
583 4646 729 4718 φημὶ
765 4646 822 4702 δὲ
848 4646 986 4721 πρὸς
1018 4648 1120 4714 τὰς
1155 4649 1285 4721 περὶ
1317 4650 1545 4722 Μάρκον
1578 4654 1672 4707 καὶ

80 4742 455 4809 Οὑαλεντῖνον,
490 4741 592 4806 τὰς
616 4741 890 4815 προϐολὰς
952 4743 1050 4799 καὶ
1091 4746 1381 4815 Ὀγδοάδας
1410 4748 1631 4821 ἑτέρους
1652 4748 1669 4779 ⁸

80 4832 303 4899 ἐδίδαξε.

154 4925 636 4997 Ἠρακλεωνῒται.
666 4928 780 4982 Kal.
808 4926 965 4982 αὐτοὶ
1001 4930 1066 5001 τῇ
1098 4928 1207 4983 τῶν
1250 4931 1550 5001 Ὀγδοάδων
1578 4934 1675 5005 cpe-

1767 3823 2067 3896 cipulus.ls
2095 3824 2205 3878 duo
2232 3822 2488 3879 similiter
2516 3820 2782 3892 principia
2802 3821 3107 3877 constituit.
3123 3822 3370 3878 Mortuo-

1768 3934 1889 3973 rum
1907 3915 2366 3972 resurrectionem
2382 3913 2908 3984 negabatgutebatur
2925 3922 3080 3985 pmsl
3092 3915 3373 3985 igiisejus-

1768 4010 1939 4077 modi,
1972 4018 2032 4065 ut
2065 4010 2232 4065 certis
2266 4008 2606 4064 carminibus
2642 4009 2964 4078 poculorum
3005 4010 3270 4080 liquorem
3313 4012 3368 4065 in

1769 4103 2063 4159 caeruleum
2090 4116 2532 4173 purpureumque
2600 4102 2839 4156 colorem
2872 4108 3141 4157 verteret:
3173 4102 3371 4174 quibus

1771 4197 1949 4252 sacris
1992 4194 2241 4250 infelices
2289 4192 2647 4250 mulierculas
2688 4194 2907 4249 initiare
2958 4194 3187 4250 solebat.
3224 4193 3369 4250 Idem

1771 4289 1837 4344 ad
1888 4303 2018 4343 xxiv
2078 4288 2347 4344 elementa
2386 4287 2611 4358 perinde
2646 4301 2711 4342 ac
2752 4285 3077 4343 Valentinus
3113 4287 3370 4344 universa

1771 4395 2035 4437 revocare
2058 4380 2274 4435 nititur.

1843 4473 2163 4528 Calorbasii.
2187 4471 2752 4528 Colorbasuseasdem
2791 4469 2905 4527 fere
2922 4470 3210 4541 opiniones
3246 4486 3370 4524 am-

1774 4564 2186 4638 plexusest.Sed
2207 4565 2666 4620 nonnullatamen
2689 4572 2840 4624 sunt.
2867 4564 2921 4618 in
2940 4564 3140 4634 quibus
3159 4563 3227 4617 ah
3243 4562 3373 4621 aliis

1774 4660 2080 4717 haeresibus
2102 4660 2402 4730 discrepat,
2429 4657 2598 4713 Marci
2616 4672 2680 4713 ac
2705 4656 2976 4712 Valentini
2998 4657 3367 4729 potissimum.

1775 4750 2065 4823 Siquidem
2110 4752 2536 4825 propagationes
2571 4750 2811 4807 Alienum
2844 4757 2898 4805 et
2935 4748 3224 4820 Ogdoadas
3260 4748 3372 4803 alio

1774 4844 1940 4901 modo
1972 4845 2214 4904 tradidit.

1850 4938 2265 4996 Heracleonilc.
2296 4938 2475 4995 Etiam
2510 4939 2600 4995 isti
2642 4938 3049 4995 commentitias
3081 4936 3373 5010 Ogdoadas

86 5032 261 5085 ρονται
287 5015 625 5090 μυθολογίψ
652 5016 857 5089 ἑτέρως
892 5017 948 5071 δὲ
984 5016 1140 5089 παρὰ
1171 5018 1265 5075 τὸν
1296 5019 1547 5092 Μάρκον,
1580 5021 1671 5076 καὶ

1828 5032 2145 5089 :tinuerunt.
2182 5032 2239 5088 In
2273 5032 2477 5104 quibus
2506 5034 2847 5104 explicandis
2876 5049 2905 5088 a
2938 5033 3127 5098 Marci,
3158 5042 3213 5088 et
3240 5030 3373 5088 Pto-

87 5109 416 5181 Πτολεμαῖον
441 5148 459 5173 ,
515 5109 612 5164 καὶ
662 5108 1015 5164 Οὺαλεντῖνον
1051 5148 1069 5175 ,
1130 5110 1225 5165 καὶ
1277 5111 1406 5176 τοὺς
1458 5111 1671 5177 ἄλλους.

96 5200 249 5257 Ἀλλὰ
278 5204 381 5257 καὶ
425 5202 565 5273 πρὸς
595 5203 664 5273 τῇ
701 5202 928 5274 τελευτῇ
952 5201 1082 5269 τοὺς
1113 5203 1244 5277 παρ’
1275 5203 1459 5270 αὐτοῖς
1485 5204 1673 5260 τελευ-

150 5427 165 5458 ⁸
195 5424 339 5499 Leg.
372 5424 605 5499 ἑτέρως.

146 5589 220 5660 (8)
250 5589 354 5655 Ὧς
381 5600 519 5662 α-ἶτο,
534 5585 858 5662 θαλάσσης
900 5588 1190 5662 emneatu
1226 5590 1550 5662 Καρχαρίας
1580 5589 1689 5648 He-

90 5656 229 5741 tycli’.
290 5668 382 5717 est
435 5656 1385 5741 θαλάττιος-κιὼν.,ασκεω-,νειίό
1409 5656 1683 5717 marinum

92 5731 296 5802 viperas
344 5745 581 5802 evocare
608 5731 840 5802 _sibilis,
890 5736 988 5785 aut
1032 5746 1157 5786 cum
1207 5731 1276 5785 iis
1318 5747 1684 5789 consuescere

94 5800 364 5877 nunquam
415 5801 545 5873 legi.
600 5800 746 5857 Sane
795 5816 1071 5858 murrcnas
1132 5816 1161 5857 a
1215 5804 1565 5873 serpentibus
1611 5804 1679 5859 ad

1782 5124 1981 5191 lemaei,
2013 5140 2079 5181 ac
2116 5123 2390 5181 Valentini
2416 5132 2856 5196 caterorumque
2881 5126 3139 5198 opinione
3162 5124 3375 5181 disces-

1784 5223 1997 5272 serunt.
2032 5212 2178 5271 Suos
2202 5228 2371 5288 porro
2398 5214 2505 5273 sub
2530 5214 2712 5285 ipsum
2750 5215 2873 5272 vita
2903 5216 3110 5273 exitum
3146 5215 3375 5287 perinde

1795 5590 2001 5643 coitum
2034 5588 2255 5645 evocari
2298 5588 2477 5645 sibilis
2521 5589 2714 5644 scribit
2746 5586 2889 5642 Plin.
2925 5602 3098 5649 xxxu,
3137 5599 3259 5653 cap.
3290 5584 3325 5636 9.
3360 5596 3375 5634 :

1796 5660 1874 5716 0b
1928 5661 1980 5715 id
2020 5661 2180 5716 sibilo
2216 5678 2249 5715 α
2290 5660 2684 5731 piscatoribus,
2735 5669 2989 5731 tanquam
3030 5655 3381 5725 serpentibus,

1788 5734 2016 5804 evocari,
2051 5743 2099 5787 et
2127 5733 2264 5799 capi.
2292 5730 2627 5804 Καρχαρίαν
2652 5730 2801 5785 aliud
2831 5745 2954 5787 esse
2991 5743 3153 5800 quam
3183 5740 3383 5781 canem

1788 5803 1895 5859 hoc
1933 5805 2155 5876 quidem
2191 5804 2311 5859 loco
2345 5803 2575 5859 necesse
2599 5810 2702 5858 est.
