3814 6278
469 266 575 324 me
1355 305 1363 308 ν
1888 265 1947 320 s.
1989 260 2334 318 amenann
2834 233 2843 243 ’
3709 263 3805 316 sse

471 408 537 447 ac
568 390 786 443 Marcus
815 386 1076 454 instituit,
1136 385 1278 451 oleo,
1314 384 1692 457 opobalsamo,
1726 391 1783 437 et
1816 398 1957 453 aqua

2292 398 2387 446 τας
2436 381 2641 452 ὁμοίως
2687 382 2766 453 τῷ
2820 381 3036 454 Μάρκῳ
3084 380 3408 454 λυτροῦνται
3468 381 3548 434 δι’
3599 380 3798 441 ἐλαίου,

472 490 679 538 stratos
711 481 765 536 in
797 481 1030 537 salutem
1050 487 1343 545 asserunt;
1374 493 1591 549 unaque
1628 492 1791 533 voces
1808 476 1978 548 quasd

2295 473 2589 545 Βαλσάμου,
2624 474 2725 541 καὶ,
2750 474 2943 537 ὓδατος
2967 516 2983 540 ,
3017 472 3334 543 ἐπικλήσεις
3363 471 3541 535 τινὰς
3588 470 3801 541 Ἐὕραῐ-

472 574 771 630 llebraicas
804 573 863 628 in
894 573 1016 643 ejus
1037 572 1131 643 qui
1162 570 1414 641 expiatur
1441 576 1608 640 caput.
1633 567 1978 623 insusurrant

2294 585 2305 630 ς
2342 566 2549 633 λέξεσιν
2585 566 2936 636 ἐπιλέγοντες
2968 565 3064 618 ἐπὶ
3102 568 3169 637 τῇ
3203 566 3417 638 κεφαλῇ
3482 563 3594 618 τοῦ
3648 564 3800 635 δῆθεν

1340 732 1341 735 η
1776 722 1779 725 _
2179 658 2565 732 λυτρουμένου.

547 756 779 826 Ophitw.
809 753 875 809 lli
916 760 1228 824 serpentem
1266 759 1602 807 venerantur
1638 765 1699 805 ac
1732 748 2039 820 praedicant

2289 749 2501 819 Ἱφῖται.
2544 750 2759 818 ὐῳῖταί
2784 750 2923 802 εἰσιν
2951 750 3001 802 οἱ
3027 747 3118 802 τὸν
3144 747 3266 817 ὅφιν
3288 750 3636 816 δοξάζοντες
3656 790 3670 811 ,
3712 752 3795 802 καὶ

471 864 707 920 eumque
753 862 877 904 esse
914 847 1198 903 Christum
1241 853 1517 901 asserunt.
1558 843 1642 900 0b
1678 844 1735 900 id
1775 857 1965 899 verum

2288 859 2366 895 εον
2403 841 2494 895 τὸν
2526 842 2762 913 Χριστὸν
2793 842 3085 914 ἡγούμενοι
3113 857 3127 869 ·
3169 842 3388 913 ἔχοντες
3430 844 3500 897 δὲ
3540 842 3714 912 φύσει
3744 844 3794 895 τὸ

472 943 613 998 cista
646 946 957 1011 serpentem
988 944 1297 995 asservant.

2177 932 2411 1005 ἑρπετὸν
2441 933 2499 986 έν
2526 932 2688 1007 κίστῃ
2711 937 2834 987 τινί.

542 1033 759 1091 Caiani.
806 1032 1057 1089 Veterem
1105 1032 1313 1103 legem,
1352 1038 1404 1085 et
1443 1044 1565 1084 eum
1606 1028 1699 1099 qui
1744 1027 1893 1083 illius
1938 1026 2041 1097 legi

2286 1024 2512 1079 ἴατανοί.
2546 1024 2657 1077 Καὶ
2686 1025 2912 1078 Καῖανοὶ
2933 1024 3196 1091 ὡσαύτως
3218 1026 3334 1097 ἅμα
3365 1027 3484 1080 τῶν
3515 1028 3792 1099 πρότερον

473 1133 721 1196 tempore
776 1126 994 1181 locutus
1049 1131 1168 1186 est,
1231 1121 1541 1192 repudiant.
1592 1119 1979 1176 Resurreetion

2290 1116 2454 1185 νόμον
2478 1156 2492 1181 ,
2528 1116 2622 1170 καὶ
2654 1116 2744 1169 τὸν
2787 1117 3098 1188 λαλήσαντα
3138 1120 3196 1172 ἐν
3243 1120 3397 1191 νόμῳ
3426 1119 3789 1186 ἀθετοῦντες,

472 1218 661 1273 carnis
730 1217 1049 1288 abnegant,
1113 1216 1345 1272 Cainum
1418 1212 1835 1281 commendant;
1909 1230 1978 1283 qu

2285 1208 2378 1272 κός
2409 1226 2469 1261 τε
2498 1209 2795 1264 ἀνάστασιν
2825 1210 3186 1282 ἀρνούμενοι,
3217 1212 3309 1265 τὸν
3345 1212 3497 1265 Κάῖν
3533 1213 3791 1278 δοκούς

473 1311 869 1379 praestantioris
922 1309 1215 1382 cujusdam
1259 1306 1483 1362 virtutis
1532 1304 1704 1361 fuisse
1728 1306 1979 1377 Lpraedica

2294 1302 2545 1370 λέγοντες
2572 1302 2735 1355 αὑτὸν
2766 1302 2863 1373 τῆς
2901 1304 3254 1376 ἰσχυροτέρας
3282 1290 3423 1358 εἶναι
3468 1306 3786 1377 δυνάμεως.

475 1402 582 1459 Sed
608 1411 669 1473 _et
695 1403 909 1472 ,Judam
942 1402 1144 1459 divinis
1172 1400 1475 1457 honoribus
1522 1398 1801 1467 alliciunt;
1853 1414 1977 1455 neci

2283 1411 2327 1445 ,α
2356 1394 2412 1446 δέ
2441 1395 2535 1447 καὶ
2564 1391 2656 1447 τὸν
2707 1394 2909 1448 Ἰούδαν
2949 1396 3321 1461 ἐκθειάζουσιν
3346 1438 3365 1465 ,
3396 1397 3553 1469 ὁμοῦ
3588 1415 3652 1451 τε
3700 1402 3789 1451 καὶ

469 1504 524 1550 et
550 1494 715 1561 Core,
746 1493 982 1560 Datban,
1016 1501 1070 1550 et
1096 1492 1327 1557 Abiron,
1365 1506 1431 1548 ac
1459 1488 1795 1547 Sodomitas.

2282 1500 2299 1546 ;
2327 1483 2453 1555 περὶ
2481 1482 2623 1555 Κορὲ
2664 1485 2760 1539 καὶ
2803 1484 2983 1540 Δαθάν
3018 1487 3111 1541 καὶ
3155 1486 3427 1560 Ἀϐειρὼμ
3457 1527 3478 1549 ,
3519 1488 3670 1541 ἀλλά
3699 1491 3788 1543 καὶ

2170 1576 2298 1640 τοὺς
2330 1577 2648 1648 Σοδομίτας.

540 1680 705 1752 230
765 1679 1033 1736 Setlu'ani.
1091 1676 1157 1732 Ili
1215 1676 1444 1733 Sethum
1501 1675 1756 1731 laudibus
1813 1673 2046 1731 eﬂerunt

2280 1671 2543 1737 ῖηθιανοί.
2565 1666 2723 1726 Οὗτοι
2743 1671 2905 1727 πάλιν
2933 1673 3023 1725 τὸν
3042 1671 3150 1744 Σὴθ
3179 1670 3494 1740 δοξάζουσι,
3539 1674 3786 1743 φάσκον-

471 1771 645 1839 Quem
675 1788 704 1826 a
733 1785 989 1842 suprema
1015 1768 1247 1824 Parente
1281 1774 1631 1839 procreatum
1674 1773 1902 1837 putant;
1937 1780 1977 1820 cl

2288 1761 2449 1816 αὐτὸν
2494 1757 2635 1817 εἶναι
2667 1766 2732 1818 ὲκ
2759 1765 2858 1836 τῆς
2882 1764 2994 1818 ἄνω
3014 1765 3238 1839 Μητρὸς
3266 1767 3783 1839 μεταμεληθείσης.

469 1876 592 1919 eam
620 1860 931 1932 paeniteret,
961 1860 1107 1930 quod
1139 1859 1370 1913 Cainum
1398 1858 1682 1914 edidisset.
1717 1857 1838 1925 Quo
1868 1858 1975 1929 ejec

2284 1848 2352 1927 ἦς
2374 1857 2390 1886 ί
2433 1856 2561 1920 τοὺς
2608 1857 2737 1930 περὶ
2783 1858 2873 1912 τὸν
2892 1857 3034 1914 Κάῖν
3064 1859 3395 1930 προεϐάλετο
3416 1876 3432 1891 ·
3485 1856 3621 1915 εἶτα
3654 1864 3786 1932 μετὰ

470 1954 750 2023 Abeloque
800 1950 1093 2007 interfecto
1136 1965 1262 2004 cum
1306 1964 1524 2006 summo
1570 1948 1731 2004 Patre
1771 1963 1973 2019 congre

2292 1948 2313 1978 ’
2348 1946 2483 2002 Κάῖν
2522 1948 2896 2023 ἀποϐληθῆναι
2917 1990 2933 2017 ,
2965 1952 3059 2005 καὶ
3094 1953 3186 2006 τὸν
3231 1951 3395 2005 Ἀδελ
3423 1953 3786 2022 ἀποκτανθῆ-

471 2046 747 2102 sinceram
776 2044 1026 2114 stirpem,
1050 2042 1305 2097 videlicet
1331 2038 1583 2105 Sethum,
1616 2039 1842 2110 protulit
1866 2059 1879 2094 :
1906 2056 1935 2093 a
1960 2056 1977 2109 ι

2281 2079 2296 2103 ,
2333 2040 2695 2114 συνελθούσης
2717 2043 2795 2114 τῷ
2822 2044 2935 2098 ἅνω
2962 2044 3138 2115 Πατρὶ
3164 2083 3180 2109 ,
3203 2046 3298 2097 καὶ
3322 2045 3587 2117 καθαρὸν
3620 2048 3785 2114 σπέρ-

472 2139 792 2194 nniversum
852 2153 1027 2209 genus
1092 2136 1379 2191 hominum
1442 2134 1709 2189 manavit.
1776 2131 1975 2188 Postre

2287 2130 2377 2186 τὸν
2401 2131 2508 2203 Σὴθ
2545 2134 2851 2206 ποιησάσης
2871 2152 2885 2167 υ
2917 2135 2977 2202 ἐξ
3005 2130 3176 2207 οὗπερ
3204 2136 3390 2189 λοιπὸν
3425 2138 3705 2209 κατήχθη
3731 2138 3782 2190 τὸ

471 2230 774 2301 principia,
822 2238 879 2286 et
913 2236 1244 2301 potestates,
1289 2232 1598 2297 caeteraque
1644 2234 1706 2281 ut
1753 2225 1846 2280 alii
1885 2241 1973 2281 om

2276 2239 2393 2277 ’των
2425 2224 2727 2298 ἀνθρώπιον
2779 2226 2955 2295 γένος.
2999 2229 3109 2280 Καὶ
3139 2228 3291 2282 αὐτοὶ
3330 2228 3391 2282 δὲ
3427 2230 3660 2301 ἀρχὰς,
3696 2233 3782 2283 καὶ

472 2330 742 2380 statuunt,
2173 2315 2455 2383 ἐξουσίας,
2489 2321 2581 2372 καὶ
2622 2320 2722 2374 ὅσα
2772 2321 2821 2374 οἱ
2862 2320 3011 2375 ἄλλοι
3044 2321 3467 2393 δογματίζουσιν
3490 2363 3508 2388 ,
3546 2323 3779 2393 ἐδογμά-

2171 2427 2349 2464 τισαν.

544 2508 873 2562 Archontici.
914 2506 1110 2564 Plures
1142 2507 1232 2564 isti
1269 2507 1335 2563 ad
1373 2507 1650 2579 principes
1687 2508 1939 2565 universa
1971 2523 2050 2565 re-

2272 2505 2638 2575 Αρχοντικοί.
2674 2498 2834 2561 Οὗτοι
2856 2506 3018 2561 πάλιν
3042 2508 3123 2571 εἰς
3160 2507 3388 2572 πολλοὺς
3404 2509 3697 2580 ἄρχοντας
3727 2510 3778 2562 τὸ

471 2601 732 2664 ferentes,
767 2616 1110 2673 qurecunque
1157 2600 1297 2656 facta
1341 2607 1470 2656 sunt
1505 2601 1573 2655 ab
1611 2601 1716 2656 illis
1770 2610 1889 2655 orta
1938 2603 1977 2657 dt

2274 2598 2677 2670 νὰναφέρουσι,
2706 2600 2800 2654 καὶ
2833 2600 2902 2653 τὰ
2943 2600 3207 2671 γενόμενα
3252 2602 3315 2654 ὲκ
3361 2602 3589 2655 τούτων
3625 2619 3780 2670 γεγε-

469 2696 649 2752 niunt.
698 2694 914 2751 Habent
951 2704 1005 2753 et
1050 2695 1371 2754 fwdissimaa
1404 2694 1678 2766 quoddam
1715 2695 1958 2754 libidinis

2271 2689 2367 2743 »θαι
2398 2689 2666 2759 λέγουσιν,
2710 2691 3047 2746 Ἀλίσκονται
3080 2692 3137 2745 δὲ
3187 2693 3279 2746 καὶ
3316 2692 3410 2745 ἐπὶ
3440 2694 3777 2763 αἰσχρότητὶ

469 2806 597 2846 nus.
633 2787 834 2845 Carnis
861 2790 1325 2845 resurrectionem
1363 2795 1649 2857 respuunt.
1688 2786 1855 2845 Vetus
1887 2789 1975 2846 'l‘c:

2271 2806 2296 2838 ι.
2354 2783 2564 2856 Σαρκὸς
2610 2782 2668 2837 δὲ
2717 2784 3018 2839 ἀνάστασιν
3050 2784 3341 2847 άθετοῦσι,
3387 2786 3486 2838 καὶ
3524 2788 3777 2840 Παλαιὰν

470 2893 717 2939 mentum
743 2883 1087 2938 calunmiose
1114 2882 1392 2952 rejiciunt.
1428 2880 1752 2950 Quanquam
1780 2889 1834 2936 et
1857 2882 1976 2949 hoc,

2268 2876 2453 2948 ,θήκην
2505 2876 2874 2931 διαϐάλλουσι.
2932 2878 3245 2949 Κέχρηνται
3297 2877 3354 2929 δὲ
3405 2878 3506 2930 καὶ
3564 2879 3774 2948 Halani

466 2973 623 3029 Novo
646 2974 873 3044 insuper
901 2989 1295 3044 nonnunquam
1335 2982 1559 3028 utantur
1588 2991 1600 3026 :
1637 2988 1703 3027 ex
1731 2973 1933 3043 quibus
1958 2993 1972 3032 ε

2266 2969 2400 3041 Νέᾳ
2428 2971 2704 3046 Διαθήκῃ,
2734 2971 2971 3043 ἑκάστην
3002 2971 3146 3038 λέξιν
3172 2971 3252 3035 εἰς
3280 2970 3372 3024 τὸν
3398 2970 3627 3025 ἑαυτῶν
3657 2972 3772 3023 νοῦν

470 3067 629 3137 gulas
669 3067 899 3122 voculas
940 3066 1138 3122 callide
1175 3068 1243 3121 ad
1284 3075 1521 3122 mentem
1560 3081 1715 3122 suam
1756 3081 1976 3126 accomu

1071 3066 1138 3122 de
1175 3068 1243 3121 ad
1284 3075 1521 3122 mentem
1560 3081 1715 3122 suam
1756 3081 2069 3128 accommo-
2097 3112 2140 3169 c
2178 3061 2574 3133 μεθοδεύοντεςι

470 3158 628 3216 dant.

539 3251 885 3308 Cerdoniani.
938 3252 984 3306 Δ
1027 3251 1277 3309 Cerdone
1324 3254 1427 3309 orti
1467 3264 1616 3323 sunt,
1659 3259 1752 3331 qui
1798 3274 1958 3330 quem
2000 3259 2045 3313 al

2264 3246 2659 3317 ἴερδωνιαγοὶ.
2714 3246 2777 3299 Οἱ
2816 3245 2924 3300 ἀπὸ
2968 3246 3253 3318 Κέρδωνος
3283 3244 3391 3298 ἀπὸ
3436 3245 3770 3318 Ἡρακλείου

470 3348 725 3404 Heraclio
765 3362 1011 3403 errorem
1054 3348 1317 3403 hauserat
1358 3350 1514 3405 novis
1546 3351 1786 3409 inventis
1821 3354 1976 3407 adau:

2265 3341 2453 3410 άμενοι
2490 3337 2511 3368 ³
2559 3338 2660 3411 τὴν
2715 3337 2950 3409 μετοχὴν
3002 3338 3099 3408 τῆς
3143 3337 3351 3405 πλάνης
3377 3377 3391 3399 ,
3434 3336 3771 3408 προσθέντος

468 3442 547 3493 Ac
597 3454 723 3492 cum
770 3436 1003 3492 Romam
1054 3456 1085 3493 e
1130 3437 1289 3512 Syria
1338 3440 1618 3511 prolectus
1667 3451 1834 3509 esset,
1870 3443 1974 3516 Hyg

2262 3434 2321 3503 τῇ
2355 3431 2560 3503 ἀπάτῃ.
2598 3431 2715 3494 Ὃς,
2752 3429 2861 3483 ἀπὸ
2895 3429 2993 3501 τῆς
3030 3430 3231 3500 Συρίας
3262 3431 3341 3493 είς
3378 3428 3612 3500 Ῥώμην
3649 3448 3768 3501 μετ-

472 3545 625 3601 ρεψω
662 3529 1003 3599 temporibus
1051 3545 1152 3585 sua
1194 3530 1451 3601 dogmata
1497 3534 1899 3590 disseminavit.
1952 3534 1978 3587 [

2260 3524 2436 3590 ιστὰς,
2490 3524 2550 3576 τὸ
2606 3523 2868 3594 κήρυγμα
2922 3522 3087 3575 αύτοῦ
3139 3521 3353 3586 ἐξέθετο
3435 3523 3498 3574 ὲν
3557 3524 3766 3593 χρόνοις

470 3637 637 3693 porro
677 3622 946 3693 principia
986 3624 1263 3678 contraria
1312 3624 1546 3680 invicem
1599 3626 1851 3682 afﬁrmat.
1895 3628 1972 3685 Ne

2260 3617 2401 3687 γίνου
2446 3616 2763 3670 ἐπισκόπου.
2803 3614 2907 3668 Δύο
2962 3615 3018 3668 δὲ
3069 3614 3246 3685 ἀρχὰς
3290 3612 3562 3684 κηρύττει
3618 3610 3766 3676 οὗτος

468 3716 747 3772 Christum
796 3731 920 3772 esse
960 3717 1225 3787 genitum.
1284 3716 1625 3774 Mortuorum
1674 3719 1974 3777 excitation

2258 3712 2420 3775 ιντίας
2460 3710 2737 3781 ἀλλήλαις.
2772 3708 2864 3779 Μὴ
2912 3706 3050 3762 εἶναι
3096 3708 3153 3760 δὲ
3183 3707 3271 3760 τὸν
3298 3706 3543 3777 Χριστὸν
3576 3726 3764 3779 γεννη·

469 3824 594 3865 cum
627 3807 821 3864 Vetere
844 3806 1198 3866 Testamento
1225 3810 1425 3881 rejicit.

2255 3821 2281 3857 ν.
2331 3802 2562 3873 Ὁμοίως
2610 3820 2669 3855 τε
2706 3802 2915 3874 νεκρῶν
2964 3800 3261 3855 ἀνάστασιν
3308 3799 3531 3865 ἀθετεῖ,
3577 3802 3676 3854 καὶ
3704 3803 3761 3853 τὰ

2170 3898 2312 3953 κατὰ
2340 3897 2437 3968 τὴν
2463 3895 2707 3950 Παλαιὰν
2729 3896 3024 3968 Διαθήκην.

540 3992 927 4049 Μανεὲοιιὶειω.
971 3991 1177 4048 Marcio
1211 3994 1485 4051 oriundus
1507 4011 1571 4050 ex
1596 3994 1773 4051 Ponto
1806 3996 2046 4068 episcopi

2254 3987 2707 4057 Mapmwmotal.
2725 3986 2989 4058 Μαρκίων
3015 3986 3043 4039 ό
3075 3984 3183 4039 ἀπὸ
3202 3983 3403 4039 Πόντου
3432 3985 3760 4057 ὁρμώμενος

473 4096 627 4158 patre
655 4094 818 4143 natus
843 4093 930 4141 est
962 4104 975 4140 :
1010 4100 1041 4139 a
1074 4101 1185 4157 quo
1218 4087 1291 4141 ob
1317 4088 1545 4160 virginis
1576 4098 1825 4160 stuprum
1860 4090 1975 4160 ejec

2252 4082 2474 4135 ισκόπου
2512 4080 2611 4151 μὲν
2673 4075 2742 4150 ἦν
2777 4080 2920 4143 υἱόςο
2959 4079 3188 4150 φθείρας
3220 4078 3277 4131 δὲ
3314 4079 3592 4151 παρθένον
3657 4082 3758 4133 ἀπ-

468 4196 536 4235 ex
585 4178 831 4235 Ecclesia
873 4176 1101 4232 [leniam
1143 4178 1375 4250 aufugit.
1419 4178 1522 4235 Ubi
1562 4196 1686 4235 cum
1735 4182 1805 4237 ab
1845 4183 1936 4247 iis,
1972 4209 1974 4227 ι

2253 4194 2299 4229 »α
2318 4216 2331 4240 ,
2372 4175 2461 4229 διὰ
2489 4175 2550 4229 τὸ
2578 4174 2841 4243 ὲξεῶσθαι
2873 4176 2977 4229 ὑπὸ
3008 4175 3101 4230 τοῦ
3133 4177 3262 4231 ίδίου
3284 4176 3494 4248 πατρὸς
3528 4178 3643 4231 ἀπὺ
3666 4180 3759 4246 τῆς

472 4281 588 4327 tum
617 4270 878 4326 Ecclesia:
908 4279 1197 4341 praeerant,
1229 4271 1609 4341 pmnitentiam
1640 4273 1845 4330 frustra
1872 4288 1978 4345 pos:

2250 4266 2528 4339 κκλησίας.
2585 4265 2848 4321 Ἀνελθών
2880 4284 2938 4319 τε
2982 4268 3063 4331 εἰς
3103 4266 3355 4339 Ῥώμην,
3395 4269 3491 4321 καὶ
3525 4270 3756 4339 αἰτήσας

473 4363 1000 4430 lasset,catholicam
1020 4364 1178 4419 ﬁdem
1214 4380 1533 4436 oppugnare
1566 4365 1826 4423 instituit.
1862 4366 1978 4435 Qua

2245 4362 2458 4416 τάνοιαν
2491 4362 2616 4425 τοὺς
2649 4361 2770 4414 κατ’
2813 4362 2989 4415 ἐκεῖνο
3027 4361 3252 4433 καιροῦ,
3297 4360 3388 4415 καὶ
3433 4361 3515 4433 μὴ
3555 4364 3751 4432 τυχὼν,

470 4462 657 4518 obrem
702 4460 807 4514 tria
838 4474 963 4517 esse
1011 4460 1283 4530 principia
1322 4461 1481 4527 dixit,
1518 4460 1742 4527 bonum,
1772 4462 1976 4532 justum

2246 4455 2431 4527 αρθεὶς
2460 4454 2603 4509 κατά
2640 4454 2742 4525 τῆς
2786 4454 3019 4517 πίστεως
3040 4495 3053 4517 ,
3086 4452 3407 4523 ἐδογμάτισε
3429 4492 3443 4515 ,
3475 4455 3633 4524 τρεῖς
3659 4454 3752 4524 ἀρε

472 4552 699 4607 malum.
724 4549 936 4606 Novum
969 4550 1383 4608 Testamentum
1418 4567 1447 4606 a
1484 4551 1676 4608 Vetere
1701 4552 1978 4624 ejusdemq

2223 4565 2267 4611 ις
2295 4546 2762 4619 εἰσηγησάμενος,
2789 4545 2991 4614 ἀγαθόν
3021 4563 3078 4597 τε
3113 4547 3207 4598 καὶ
3235 4545 3440 4597 δίκαιον
3477 4556 3577 4597 και
3627 4545 3729 4613 cui

472 4654 696 4701 auctore
721 4645 961 4701 alienum
991 4661 1114 4702 esse
1138 4645 1343 4703 docuit.
1372 4648 1567 4703 Carnis
1602 4648 1978 4704 resurrectionl

2245 4656 2295 4692 ν·
2331 4636 2469 4693 εἶναί
2502 4657 2561 4692 τε
2614 4638 2819 4711 Καινὴν
2856 4638 3133 4710 Διαθὴκην
3172 4637 3460 4709 ἀλλοτρίαν
3497 4638 3601 4709 τῆς
3648 4640 3751 4691 Πα-

472 4738 716 4793 sustulit.
753 4737 873 4792 Non
912 4753 1081 4793 unum
1124 4740 1395 4809 baptisma
1434 4739 1721 4805 duntaxat,
1764 4740 1857 4795 sed
1896 4739 1978 4793 eti:

2242 4736 2324 4797 ιᾶς
2350 4734 2555 4787 καὶτοῦ
2580 4736 2636 4787 ὲν
2664 4733 2801 4805 αὐτῇ
2830 4734 3183 4805 λαλήσαντος.
3208 4732 3531 4785 ’Λνάστασιν
3554 4734 3748 4801 capaci;

473 4830 578 4885 tria
621 4837 744 4900 post
795 4830 1057 4885 delictum
1110 4830 1373 4902 indulget.
1420 4830 1524 4886 Pro
1572 4834 1802 4887 mortuis
1846 4833 1979 4886 illort

2242 4829 2370 4879 ετεῖ.
2426 4826 2718 4897 Βάπτισμα
2755 4825 2970 4878 δίδωσιν
3023 4824 3085 4878 οὑ
3124 4824 3282 4894 μόνον
3327 4822 3422 4887 ἓν,
3477 4822 3615 4877 ἀλλὰ
3664 4825 3747 4875 καὶ

473 4921 883 4977 catechumenis
940 4922 1271 4991 baptismum
1335 4923 1424 4978 alii
1483 4925 1810 4994 suscipiunt.
1874 4926 1979 4979 Mul

2242 4918 2297 4971 ία
2325 4917 2464 4989 μετά
2510 4917 2569 4970 τὸ
2599 4919 2961 4990 παραπεσεῖν.
3009 4914 3180 4985 ’Υπὲρ
3207 4915 3262 4967 δὲ
3305 4914 3417 4967 τῶν
3442 4914 3744 4968 τεθνεώτων

474 5011 626 5067 ribus
650 5012 903 5068 conferre
924 5012 1258 5083 baptismum
1312 5014 1433 5070 sine
1460 5015 1569 5071 ullo
1590 5016 1911 5073 discrimine
1938 5034 1980 5089 pl

2239 5012 2593 5082 ,mxoupévwv
2616 5011 2764 5065 ἄλλοι
2793 5009 2925 5082 παρ’
2946 5009 3126 5072 αὐτοῖς
3151 5007 3524 5079 βαπτίζονται.
3561 5006 3745 5067 Ἀδεῶς

476 5101 663 5156 mittil.
2168 5104 2226 5157 δὲ
2253 5106 2347 5158 καὶ
2383 5104 2628 5174 γυναιξὶν
2656 5103 2938 5177 ἐπιτρέπει
2966 5101 3126 5174 δῆθεν
3163 5100 3388 5173 λουτρὸν
3424 5100 3645 5154 διδόναι.

544 5191 885 5249 Luctaniuae.
948 5193 1227 5251 Lucianus
1281 5196 1366 5251 bis
1414 5198 1709 5269 antiquior,
1763 5215 1873 5256 non
1920 5201 2050 5257 alter

2242 5199 2691 5255 Λουκιανισταί.
2725 5196 3021 5260 Λουκιανός
3056 5212 3141 5259 τις
3172 5196 3430 5267 ἀρχαῖος,
3462 5194 3561 5265 οὐχ
3594 5196 3623 5247 ὁ
3657 5190 3743 5246 νῦν

473 5283 565 5340 ille
596 5286 687 5355 qui
716 5284 1079 5342 Constantino
1118 5288 1420 5358 imperante
1461 5289 1665 5353 ﬂoruit,
1705 5293 1757 5348 in
1800 5295 1979 5349 omnii:

2286 5292 2498 5364 χρόνοις
2544 5291 2952 5345 Κωνσταντίνου
3005 5287 3334 5360 γενόμενος,
3383 5286 3563 5340 πάντα
3613 5283 3741 5338 κατὰ

473 5376 768 5432 Marcionis
808 5380 1055 5451 vestigiis
1097 5381 1333 5435 inhaesit.
1380 5382 1492 5439 Etsi
1562 5387 1888 5455 quibusdam
1959 5404 1979 5444 a

2232 5386 2473 5457 αρκίωνα
2512 5384 2856 5455 ἐδογμάτισε.
2915 5382 3056 5456 Πρὸς
3089 5381 3146 5435 δὲ
3191 5378 3416 5443 τούτους
3452 5380 3545 5432 καὶ
3590 5377 3738 5450 ἕτερὰ

467 5470 631 5541 jectis
663 5473 993 5530 cumulatius
1022 5474 1227 5545 aliquid
1254 5475 1453 5532 docere
1482 5479 1710 5534 studuit.

2207 5498 2286 5533 ινα
2314 5478 2466 5551 παρὰ
2499 5478 2590 5532 τὸν
2630 5476 2965 5549 Μαρκίωνα,
3009 5475 3103 5529 καὶ
3140 5472 3304 5537 αὐτὸς
3351 5470 3514 5544 δῆθεν
3556 5485 3713 5542 περισ

2170 5572 2289 5627 σοτέ
2298 5589 2406 5643 ρως
2436 5570 2771 5643 δογματίζει.

546 5739 656 5798 δι’.
688 5743 756 5813 ιφ
801 5737 903 5809 οἷς.
983 5747 1003 5777 ²
1033 5744 1093 5801 F.
1128 5743 1322 5801 τὺτόν.
1402 5744 1421 5778 ³
1450 5744 1511 5801 ι’.
1561 5742 1874 5808 δεξααένου.
