3772 6188
91 276 204 338 581

790 283 1162 344 ADVERSUS
1199 283 1549 341 [UERESES’
1580 283 1709 340 LIB.
1748 283 1790 343 I.
1830 282 1997 342 TOM.
2040 282 2128 340 Ill.
2170 316 2238 328 —
2276 283 2553 340 HIERES.
2587 283 2825 338 XXXIV.

3290 282 3401 338 εδει.

189 406 602 473 Ἀπελληανοί,
644 406 757 460 Καὶ
805 401 959 470 οὗτος
1012 408 1041 459 ὁ
1091 405 1359 476 Ἀπελλῆς
1411 405 1480 459 τά
1533 407 1694 477 ὃμοια

1872 404 2315 475 231Apetliaui.
2331 404 2547 475 Apelles
2560 402 2816 458 similiter
2827 409 2992 473 atque
3006 400 3278 457 Mareioet
3289 400 3397 458 Lu-

98 497 398 569 Μαρκίωνι
431 498 527 551 καὶ
553 497 837 567 Λουκιανῷ
865 492 1084 560 κακίζει
1114 497 1213 569 τὴν
1251 496 1434 551 πᾶσαν
1458 496 1700 569 ποίησιν,

99 592 205 643 καὶ
250 592 341 644 τὸν
387 592 745 662 πεποιηκότα.
783 592 896 661 Ούχ
941 590 1140 661 ὁμοίως
1186 590 1243 642 δὲ
1295 589 1505 653 τούτοις
1557 592 1705 660 τρεῖς

99 680 285 751 ἀρχὰς
314 680 647 750 εἰσηγήσατο
672 722 686 743 ,
734 680 872 734 ἀλλά
923 681 1052 751 μίαν
1084 680 1184 750 μὲν
1224 680 1400 751 ἀρχὴν
1429 720 1443 744 ,
1482 680 1577 733 καὶ
1607 680 1706 734 ἕνα

99 772 242 825 Θεὸν
287 772 415 825 ὅντα
457 771 732 825 ἀνώτατον
756 772 869 825 -καὶ
902 772 1347 843 ἀκατονόμαστον
1377 789 1391 805 ⁶
1445 772 1608 827 αὑτὸν
1647 772 1705 826 δὲ

94 862 201 916 τὸν
250 863 346 917 ἕνα
397 864 756 934 πεποιηκέναι
791 864 972 918 ἀλλον.
1032 863 1137 918 Καὶ
1171 860 1327 927 οὗτος
1382 867 1409 919 ὁ
1440 864 1701 934 γεγονὼς,

95 956 347 1027 πονηρὸς
396 957 637 1029 εὑρεθεὶς
660 998 674 1022 ,
716 957 973 1028 ἐποίησεν
1003 957 1061 1010 έν
1104 958 1170 1027 τῇ
1209 954 1376 1009 αὑτοῦ
1406 955 1704 1027 φαυλότητι

94 1048 201 1102 τὸν
233 1049 459 1119 κόσμον.

174 1142 550 1211 Σευηριανοί.
587 1141 825 1212 Σευῆρος
854 1142 1016 1196 πάλιν
1067 1157 1151 1205 τις
1183 1139 1262 1212 τῷ
1296 1141 1529 1213 Ἀπελλῇ
1575 1158 1702 1195 συν-

92 1234 397 1305 επὸμενος,
428 1235 520 1288 τὸν
556 1235 655 1305 μὲν
696 1229 839 1288 οἶνον
878 1234 1243 1290 ἀποϐάλλεται
1272 1236 1364 1289 καὶ
1394 1236 1495 1308 τὴν
1523 1238 1703 1307 ἀμπε-

90 1326 195 1379 λον
223 1368 236 1389 ,
281 1326 345 1380 ἐκ
392 1345 451 1380 τε
496 1325 591 1380 τοῦ
622 1327 1065 1399 δρακοντοειδοῦς
1086 1331 1301 1384 Σατανᾶ
1334 1329 1430 1382 καὶ
1460 1329 1570 1399 Γῆς
1604 1346 1704 1400 μυ-

91 1418 347 1487 θολογῶν
394 1421 729 1489 πεφυκέναι,
788 1421 1152 1475 συνελθόντων
1187 1421 1460 1493 ἀλλήλοις.
1503 1422 1613 1492 Τήν
1641 1438 1701 1474 τε

89 1515 343 1579 γυναῖκα
373 1516 760 1584 παραιτεῖται,
804 1514 1030 1582 φάσκων
1082 1514 1381 1584 ἀριστερᾶς
1417 1512 1702 1583 δυνάμεως

88 1602 276 1675 αὐτὴν
304 1604 590 1675 ὑπάρχειν.
637 1606 966 1676 Ὀνομασίας
998 1607 1057 1659 τέ
1090 1624 1240 1670 τινας
1278 1605 1580 1677 ἀρχόντων,
1608 1606 1701 1658 καὶ

91 1696 325 1766 βίϐλους
353 1698 503 1761 τινὰς
536 1698 889 1768 ἀποκρύφους
929 1699 1277 1770 παρεισάγει.
1310 1698 1395 1751 Τὰ
1439 1700 1597 1769 ὃμοια
1647 1697 1701 1751 δὲ

1803 499 1998 553 cianus
2029 496 2313 567 Tquldquid
2350 495 2631 550 conditum
2662 502 2747 550 est
2783 508 2909 548 cum
2951 493 3071 563 ipso
3102 492 3398 550 Conditore

1802 590 2094 660 vituperat.
2152 588 2272 643 Non
2324 596 2507 643 tamen
2556 587 2659 641 tria
2713 597 2773 641 ut
2818 585 2893 640 illi
2949 586 3241 656 principia,
3298 589 3393 645 sed

1802 698 1973 738 unum
2020 688 2234 737 tantum
2279 682 2534 736 invexit:
2574 680 2874 751 itidemque
2917 679 3085 736 Deum
3128 694 3294 734 unum
3330 693 3396 733 ac

1804 791 2151 847 supremum,
2194 783 2248 832 et
2286 775 2525 830 nominis
2564 782 2874 843 expertem,
2922 775 3013 843 qui
3059 772 3393 842 singularem

1804 870 2033 924 alterum
2094 870 2485 939 procreaverit.
2540 868 2642 936 Qui
2695 882 2818 922 cum
2876 867 3054 921 malus
3102 865 3392 933 evasisset,

1802 961 2067 1016 mundum
2098 976 2198 1017 sua
2228 961 2321 1015 illa
2356 961 2707 1031 improbitate
2735 959 3003 1015 condidit.

1874 1138 2167 1195 Seueriani.
2204 1138 2441 1196 Severus
2472 1139 2561 1195 hic
2589 1138 2833 1210 Appellis
2861 1137 3072 1193 assecla
3110 1136 3296 1191 vinum
3330 1149 3395 1191 ac

1801 1232 1967 1288 vitem
2004 1234 2222 1303 penitus
2249 1235 2492 1287 damnat.
2524 1233 2657 1300 Quir
2690 1249 2759 1288 ex
2796 1231 3013 1287 Satanae
3047 1231 3319 1301 serpentis
3339 1235 3393 1288 et

1803 1325 1987 1381 Terrae
2027 1341 2327 1397 congressu
2359 1334 2659 1397 propagata
2693 1325 2865 1397 ﬁngit.
2904 1323 3224 1379 Muliebrem
3259 1339 3396 1392 quo-

1802 1433 1909 1487 que
1942 1432 2131 1472 sexum
2177 1417 2463 1488 repudiat,
2509 1417 2655 1487 quod
2692 1417 2759 1471 ad
2808 1417 3087 1472 sinistram
3124 1413 3392 1467 Virtutem

1802 1510 2093 1581 pertineat.
2123 1510 2439 1579 Principum
2468 1508 2733 1563 vocabula
2761 1507 3030 1578 quaedam,
3075 1492 3240 1574 atque
3263 1518 3395 1573 apo-

1802 1603 2041 1674 cryphos
2114 1602 2287 1658 libros
2351 1602 2584 1656 inducit.
2662 1601 2719 1655 In
2795 1610 3135 1655 mortuorum
3208 1610 3393 1651 resur-

1801 1697 2067 1762 rectione,
2137 1695 2433 1765 Veterique
2489 1694 2844 1751 Testamento
2908 1690 3206 1748 refellendo
3267 1702 3393 1744 cum

87 1790 223 1851 ταῖς
262 1788 450 1852 άλλαις
486 1789 583 1861 τὴν
620 1790 825 1862 σαρκὸς
867 1790 1164 1845 ἀνάστασιν
1212 1790 1435 1859 ἀθετεῖ,
1467 1790 1563 1844 καὶ
1590 1790 1694 1843 Πα-

1872 1791 1929 1847 iis
1960 1790 2263 1845 haeresibus
2295 1788 2590 1844 consentit.

87 1878 265 1935 λαιὰν
300 1881 598 1953 Διαθὴκην.

178 1976 475 2029 Tartarei.
514 1969 682 2041 Οὗτος
737 1974 1090 2047 συνήκμασεν
1131 1973 1403 2046 ’Ῑουστὶνῳ
1438 1974 1517 2046 τῷ
1553 1974 1696 2048 μάρ-

87 2085 248 2138 τυρι,
261 2067 341 2139 τῷ
354 2068 493 2139 ἁγίῳ
510 2069 604 2121 καὶ
622 2068 917 2139 φιλοσόφῳ.
942 2067 1097 2122 Μετά
1116 2066 1172 2119 δὲ
1186 2068 1283 2138 τὴν
1300 2065 1395 2121 τοῦ
1419 2068 1596 2139 μάρτυ
1605 2084 1696 2138 ρος

104 2159 404 2213 Ἰουστῐνου
429 2159 709 2232 τελευτὴν,
745 2159 840 2214 τοῦ
869 2160 965 2214 καὶ
1000 2159 1311 2229 φιλοσόφου,
1335 2159 1693 2232 προσεφθάρη

84 2252 211 2313 τοῖς
245 2251 345 2304 τοῦ
375 2252 703 2325 Μαρκίωνος
730 2252 989 2323 δόγμασι,
1024 2250 1389 2323 μαθητευθεὶς
1417 2250 1495 2322 τῷ
1524 2250 1692 2322 αὐτῷ,

85 2341 167 2394 τά
193 2359 257 2394 τε
296 2345 384 2396 [σα
409 2344 557 2415 αὐτῷ
590 2344 940 2413 ἐδογμάτισε,
968 2343 1061 2396 καὶ
1086 2343 1251 2414 ἕτερα
1272 2344 1531 2414 προσθεὶς
1566 2344 1699 2415 παρ’

87 2436 334 2490 ἐκεῖνον.
391 2437 638 2507 Ἐλέγετο
664 2436 722 2490 δὲ
757 2436 866 2491 ἀπὸ
898 2435 1328 2507 Μεσοποταμίας
1362 2434 1660 2507 ὁρμᾶσθαι.

1880 1972 2117 2029 Tatiani.
2167 1971 2430 2027 Tatianus
2473 1971 2711 2043 primum
2767 1983 2893 2023 cum
2936 1974 3129 2023 sancto
3174 1963 3394 2019 Justino

1802 2074 2045 2137 martyre
2084 2079 2149 2119 ac
2186 2062 2514 2135 philosopho
2558 2060 2761 2117 ﬂoruit.
2808 2058 2940 2114 Post
2981 2058 3141 2127 cujus
3184 2057 3392 2111 obitum

1802 2158 2128 2229 contagione
2162 2155 2456 2212 Marcionis
2515 2153 2831 2226 dogmatum
2873 2151 3122 2215 atllatus,
3160 2149 3282 2219 ejus
3311 2145 3392 2199 di—

1803 2250 2050 2321 scipulus
2083 2248 2213 2316 fuit;
2264 2247 2333 2302 ad
2382 2261 2554 2317 eaque
2573 2260 2694 2316 qum
2746 2258 2872 2299 cum
2911 2258 2978 2298 eo
3028 2238 3394 2295 communiter

1797 2342 1976 2398 tenuit
2009 2354 2150 2396 nova
2181 2340 2408 2409 insuper
2440 2336 2670 2393 addidit.
2708 2334 2914 2391 Ferunt
2945 2349 2975 2389 e
3004 2329 3393 2403 MeSOpotamia

1799 2430 2087 2491 oriundum
2108 2433 2257 2488 hunc
2282 2432 2474 2488 fuisse.

3220 2581 3361 2601 ﬂ

646 2708 1032 2799 ΤΟΜΟΣ
1084 2706 1475 2794 ΤΡΙΤΟΣ
1532 2708 1760 2796 ΤΟΥ
1827 2704 2287 2795 ΠΡΩΤΟΥ
2394 2701 2869 2790 ΒΙΒΛΙΟΥ.

1174 2914 1500 3003 LIBRI
1584 2911 1617 2997 Ι
1697 2906 2105 3002 TOMUS
2179 2906 2371 2994 III.

501 3170 517 3184 -
580 3143 770 3198 ΚΑΤΑ
787 3144 1229 3211 ΜΑΡΚΩΣΙΩΝ,

84 3256 741 3327 Τεσσαρεσκαιδεκάτη
760 3297 777 3323 ,
817 3260 857 3329 ἡ
892 3260 990 3313 καὶ
1036 3262 1364 3332 τριακοστὴ
1410 3261 1680 3333 τετάρτη.
1711 3272 1754 3329 c

159 3370 247 3423 ΔΕ
263 3368 493 3439 Μάρκος
512 3367 568 3421 δέ
584 3384 688 3431 τις,
711 3367 806 3437 ἀφ’
827 3361 999 3441 οὗπερ
1015 3370 1063 3421 οί
1078 3368 1401 3442 Μαρκώσιοι
1420 3370 1586 3425 καλού
1595 3388 1693 3443 με-

77 3477 175 3513 νοι
198 3500 215 3524 ,
259 3459 371 3511 ἀπὺ
400 3456 603 3510 τούτων
642 3456 999 3529 ὁρμώμενος,
1037 3458 1134 3512 καὶ
1164 3459 1330 3531 ἕτερα
1384 3460 1536 3534 παρὰ
1574 3462 1690 3515 τού-

75 3572 220 3617 τους
252 3554 564 3625 τολμήσας,
609 3554 755 3607 κακά
797 3554 874 3625 τῷ
918 3555 1108 3627 κόσμῳ
1150 3556 1407 3629 ὲξήμεσε.
1457 3560 1693 3625 Τούτους

75 3647 202 3717 γὰρ
227 3646 539 3717 διαδέχεται
572 3646 699 3711 τοὺς
741 3647 871 3719 περὶ
897 3648 1220 3715 Σεκοῦνιῖον⁹
1254 3650 1350 3705 καὶ
1394 3651 1687 3724 Ἐπιφάνη,

77 3740 190 3791 καὶ
224 3738 598 3809 Πτολεμαῖον,
629 3739 723 3792 καὶ
761 3740 1145 3795 Οὑαλεντῖνον·
1172 3742 1253 3806 είς
1288 3744 1691 3817 περισσοτέραν

74 3833 143 3885 δὲ
191 3830 485 3903 ἀγυρτώδη
538 3831 885 3903 συνάθροισιν
920 3832 1156 3905 ἐπήρθη.
1194 3834 1397 3890 Γύναια
1445 3836 1555 3909 γὰρ
1598 3839 1693 3891 καὶ

75 3922 297 3993 ἄνδρας
327 3921 419 3974 ὑπ’
453 3920 616 3975 αὐτοῦ
651 3922 1048 3994 πεπλανημένα
1082 3941 1143 3977 τε
1197 3926 1290 3979 καὶ
1338 3927 1693 3999 πεπλανημέ-

73 4032 215 4078 νους
243 4014 580 4083 ἐπηγάγετο,
612 4014 945 4084 ὑποληφθεὶς
972 4017 1000 4069 ό
1029 4016 1261 4081 ἐλεεινὸς
1290 4018 1585 4092 διορθωτὴς
1612 4015 1693 4073 εἷ-

76 4126 176 4161 ναι
212 4106 329 4160 τῶν
362 4107 781 4179 προειρημένων
814 4109 1149 4163 ἀπατεώνων
1169 4148 1184 4171 ,
1233 4112 1475 4182 μαγικῆς
1517 4112 1695 4183 iamip—

74 4218 198 4270 χων
222 4198 458 4263 κυϐείας
488 4199 901 4270 ἐμπειρότατος.
942 4201 1259 4273 Ἀπατήσας
1286 4202 1342 4254 δὲ
1364 4202 1491 4266 τοὺς
1517 4220 1694 4273 προει-

76 4293 372 4363 ρημένους
402 4291 611 4355 πάντας
646 4292 740 4346 καὶ
776 4292 875 4357 τὰς
929 4293 1336 4365 προειρημένας
1362 4336 1375 4359 ,
1408 4294 1695 4366 προσέχειν

69 4383 239 4454 αὐτῷ
276 4384 291 4414 ¹
324 4383 403 4447 ὡς
433 4384 889 4457 γνωστικωτάτῳ,
923 4386 1018 4439 καί⁵
1045 4385 1274 4457 δύναμιν
1296 4384 1396 4457 τὴν
1429 4385 1695 4457 μεγίστην

72 4475 196 4528 ἀπὸ
217 4474 335 4528 τῶν
367 4476 619 4547 ἀοράτων
652 4476 747 4529 καὶ
776 4477 1240 4550 ἀκατονομάστων
1272 4478 1454 4532 τόπων
1493 4477 1689 4549 ἔχοντι,

70 4568 159 4632 ὡς
194 4568 515 4639 πρόδρομος
551 4567 625 4621 ὣν
677 4568 894 4640 ἀληθῶς
932 4569 1027 4623 τοῦ
1088 4570 1459 4643 Ἀντιχρίστου
1498 4571 1693 4627 ἀποδέ-

2117 3140 2279 3211 232
2319 3134 2599 3194 CONTRA
2638 3135 3055 3208 MARCOSIOS,

2142 3251 2377 3305 llwresis
2406 3248 2489 3302 XI
2508 3249 2570 3315 ν,
2600 3250 2706 3303 sive
2737 3248 3008 3303 XXXIV.

1863 3362 1906 3416 l.
1943 3361 2165 3417 Marcus
2198 3376 2328 3417 vero
2353 3361 2600 3432 quidam,
2622 3377 2651 3414 a
2678 3376 2788 3432 quo
2814 3360 3211 3414 Marrosiorum
3242 3370 3392 3415 secta

1794 3458 2099 3528 pullulavit,
2151 3471 2179 3510 a
2222 3455 2501 3525 prioribus
2547 3455 2656 3511 illis
2704 3454 3006 3525 profectus,
3060 3468 3123 3508 ac
3173 3452 3391 3508 diversa

1793 3553 2040 3624 quaedam
2069 3552 2136 3607 ab
2161 3551 2269 3608 illis
2298 3551 2561 3612 sentiens,
2588 3549 2908 3620 pestiferum
2941 3549 2994 3603 in
3019 3548 3209 3603 orbem
3241 3548 3392 3603 virus

1792 3646 2051 3701 evomuit.
2105 3642 2205 3699 Hic
2256 3643 2398 3699 enim
2464 3642 2738 3708 Secundo,
2784 3651 2950 3713 atque
2992 3641 3295 3711 Epiphanio
3339 3650 3394 3694 et

1792 3737 2118 3805 Ptolemaeo,
2164 3734 2564 3806 Valcntinoque
2607 3736 2929 3798 succedens,
2970 3734 3281 3789 insaniores
3323 3732 3389 3787 ad

1794 3846 1993 3902 nugas,
2044 3844 2108 3885 ac
2152 3830 2298 3885 velut
2346 3830 2737 3885 circulatorum
2797 3828 3010 3884 fabulas
3063 3828 3392 3884 asserendas

1793 3938 2121 3997 progressus
2165 3928 2271 3977 est.
2342 3921 2408 3975 Et
2450 3922 2671 3993 quidem
2724 3920 3077 3977 mulierculas
3129 3921 3392 3992 virosque

1797 4015 2081 4071 fraudibus
2125 4015 2241 4071 suis
2297 4016 2704 4069 circumventos
2750 4014 2987 4077 induxit,
3043 4014 3389 4085 superiorum

1796 4107 2011 4163 illorum
2041 4107 2400 4177 impostorum
2427 4118 2707 4161 corrector
2730 4106 2973 4171 habitus,
3000 4122 3125 4161 cum
3150 4107 3393 4178 magica-

1793 4217 1917 4257 rum
1970 4208 2117 4257 esset
2167 4202 2368 4254 artium
2419 4202 2664 4272 apprime
2711 4202 2941 4272 peritus.
3000 4200 3391 4271 Compluribus

1795 4295 1962 4368 igitur
1999 4294 2288 4364 utriusque
2328 4310 2492 4350 sexus
2538 4310 2598 4350 se
2644 4304 2701 4349 ut
2747 4296 3091 4367 potissimum
3138 4295 3391 4350 audirent

1795 4390 2091 4459 persuasit,
2119 4398 2310 4461 utpote
2342 4389 2795 4452 scientissimum,
2827 4392 3175 4458 maximaque
3203 4402 3268 4443 ex
3297 4402 3392 4441 no-

1794 4481 1941 4536 mine
1976 4483 2294 4537 carcntibus
2367 4483 2655 4552 visumque
2696 4481 3027 4552 fugientibus
3063 4482 3199 4535 locis
3234 4488 3387 4552 pote-

1798 4582 1939 4630 state
1969 4575 2295 4644 praeditum;
2334 4590 2399 4631 ex
2440 4590 2549 4645 quo
2591 4590 2777 4629 revera
2795 4589 2854 4629 se
2889 4573 3208 4628 Antichristi
3247 4589 3389 4642 pras-

68 4662 322 4714 δεικται.
358 4660 443 4713 Τὰ
484 4660 593 4735 γὰρ
637 4661 954 4729 Ἀναξιλάου
990 4662 1065 4733 (9)
1100 4641 1329 4733 παίγνια
1371 4667 1437 4737 τῇ
1470 4664 1579 4719 τῶν
1608 4665 1693 4718 λε-

1872 4681 2079 4722 rsorem
2110 4666 2377 4722 ostendit.
2407 4666 2659 4721 Anaxilai
2695 4665 2903 4720 ludicra
2937 4665 3137 4736 quippe
3172 4664 3387 4719 somnia

64 4754 341 4825 γομένων
400 4753 600 4825 μάγων
655 4754 960 4826 πανουργίᾳ
1010 4755 1290 4827 συμμίξας
1322 4796 1337 4822 ,
1390 4756 1459 4810 δι’
1509 4756 1689 4811 αὐτῶν

65 4845 389 4915 φαντάζων
414 4863 473 4899 τε
505 4846 597 4900 καὶ
634 4845 914 4917 μαγεύων,
952 4847 1033 4911 είς
1066 4846 1329 4919 ἔκπληξιν
1361 4849 1489 4913 τοὺς
1516 4850 1687 4921 ὀρῶν-

60 4940 178 5004 τάς
208 4956 277 4992 τε
302 4939 402 4991 καὶ
432 4939 790 5007 πειθομένους
833 4939 983 5012 αύτῷ
1011 4939 1363 5012 περιέϐαλεν·
1400 4940 1477 5006 ὡς
1506 4942 1598 4996 καὶ
1637 4942 1687 4995 οί

62 5032 171 5083 ὑπ’
197 5028 377 5083 αὑτοῦ
408 5028 487 5083 ἔτι
530 5031 622 5083 καὶ
662 5031 741 5095 εἰς
787 5029 949 5102 δεῦρο
988 5030 1147 5084 τοῦτο
1193 5030 1551 5087 ἐπιτελοῦσιν.
1617 5034 1681 5087 Oi

58 5120 129 5189 δὲ
190 5119 269 5174 τὰ
318 5120 429 5173 ἀπὸ
479 5120 801 5191 περιεργίας
845 5119 1117 5193 ὁρῶντες,
1157 5120 1375 5176 δοκοῦσι
1421 5122 1682 5194 δυνάμεις

147 5238 168 5267 ³
203 5234 379 5289 Deest
404 5232 654 5306 ἐποίησε,
682 5241 777 5289 aut
807 5233 982 5288 ἐπτει.

141 5355 230 5429 (9)
283 5354 377 5429 Td
405 5353 514 5423 γὰρ
563 5354 917 5429 Ἀναξιλάου
960 5354 1224 5429 παίγνια.
1271 5354 1530 5429 Quanam
1581 5356 1685 5412 ista

58 5425 297 5486 .udiCra
333 5426 476 5496 sint,
510 5428 750 5496 sparsim
786 5426 993 5479 indicat
1021 5425 1263 5491 Plinius,
1295 5436 1355 5480 ut
1391 5428 1486 5481 lib.
1523 5444 1686 5493 xxxv,

54 5517 200 5569 cap.
248 5497 319 5551 15
349 5514 365 5569 ς
396 5495 557 5550 Lusii
584 5505 632 5551 et
660 5497 966 5549 Anaxilaus
990 5513 1048 5551 eo
1082 5497 1169 5567 (de
1205 5498 1472 5568 sulphure
1506 5499 1689 5569 loqui-

55 5567 187 5636 tur)
220 5567 461 5622 candens
506 5570 561 5621 in
587 5569 768 5640 calice
804 5584 958 5630 novo,
1005 5583 1280 5639 prunaque
1301 5567 1548 5640 subjecta
1579 5567 1694 5625 eir-

53 5640 385 5708 cumferens
425 5638 825 5693 exardescemis
854 5654 1164 5708 repercussu
1198 5638 1457 5711 pallorem
1489 5642 1689 5701 dirum,

52 5717 217 5769 velut
270 5711 687 5783 defunctorum,
746 5711 1055 5781 o/fuudeute
1109 5714 1384 5769 conviviis.
1455 5714 1694 5785 Scripsit

1797 4773 1922 4814 cum
1961 4773 2176 4823 eorum,
2216 4774 2356 4831 quos
2400 4774 2588 4832 magos
2629 4758 2936 4825 nominant,
2978 4758 3213 4814 versutia
3255 4772 3387 4812 cou-

1790 4849 2028 4921 jungens
2050 4890 2063 4913 ,
2096 4858 2261 4921 atque
2287 4850 2419 4906 iisce
2453 4850 2745 4921 praestigiis
2779 4859 2832 4906 et
2866 4850 3075 4905 artibus
3107 4847 3341 4904 illudens
3366 4888 3382 4914 ,

1794 4953 2135 5017 spectatores
2181 4963 2371 5003 omnes
2416 4961 2479 5000 ac
2535 4944 2777 4999 fautores
2827 4957 2959 4999 suos
3002 4942 3055 4996 in
3104 4950 3385 5013 stuporem

1790 5036 2321 5108 admirationcmque
2354 5037 2625 5094 convertit
2666 5051 2681 5089 :
2718 5036 2879 5108 233
2913 5036 3056 5108 quod
3101 5036 3277 5106 ipsum
3320 5033 3388 5089 ad

1788 5125 2113 5183 hodiernam
2168 5143 2344 5199 usque
2398 5128 2543 5183 diem
2598 5133 2901 5184 sectatores
2954 5126 3102 5182 illius
3153 5125 3383 5180 faciunt.

1790 5357 1914 5422 iste,
1948 5358 2057 5413 nisi
2100 5358 2284 5423 fallor,
2334 5356 2403 5412 de
2446 5357 2666 5412 arcanis
2701 5356 3033 5427 quibusdam
3068 5365 3281 5410 natura:
3320 5368 3388 5409 ac

1768 5430 1947 5493 ,miris
1981 5430 2267 5499 operibus,
2303 5436 2362 5482 ut
2397 5444 2462 5485 cx
2491 5430 2683 5484 eodem
2717 5429 2897 5483 Plinio
2933 5427 3385 5499 licetﬂeolligere,

1790 5500 1887 5555 lib.
1919 5498 2047 5564 χιχ,
2075 5515 2195 5569 cap.
2233 5502 2284 5564 1,
2329 5500 2424 5555 lib.
2460 5516 2670 5561 xum,
2732 5514 2835 5569 cap
2873 5499 2927 5552 Η
2965 5508 3017 5553 et
3059 5498 3154 5553 lib.
3188 5511 3386 5561 xxxiii,

1791 5585 1912 5644 cap.
1948 5572 2034 5626 l0.
2082 5573 2226 5637 Quin
2259 5578 2314 5626 et
2362 5576 2565 5644 saepius
2603 5572 2744 5627 libro
2779 5570 2961 5644 primo
3001 5571 3056 5624 in
3096 5576 3385 5624 auctorum

1792 5643 2038 5700 indiculo
2068 5647 2289 5699 citatur.
2440 5643 2448 5644 “
2789 5643 2794 5644 ⁷
3082 5686 3085 5687 ν
