3772 6188
144 213 245 272 585

815 202 1187 271 ADVERSUS
1230 212 1572 270 [IERESES
1612 214 1701 268 ιιι

1890 214 2031 270 ΓΟΜ.
2076 213 2165 270 ΙΙΙ.
2206 248 2273 257 -
2309 216 2590 275 "AERES.
2624 217 2866 274 XXXIV.

3271 216 3374 278 580

144 325 488 399 παραπλήσια
544 326 711 381 ποιῶν
756 328 1068 401 ἐξηπάτησε
1115 332 1377 396 πολλοὺς,
1426 334 1520 386 καὶ
1592 335 1700 386 ὰπ-

1890 332 2118 397 emdam,
2157 332 2320 402 cujus
2356 348 2526 404 opera
2577 314 2657 390 eti
2688 334 2978 389 vaticinari
3016 316 3286 401 videatur,
3318 340 3376 389 et

142 423 363 492 ηγήοχεν
404 420 580 474 ὀπίσω
594 419 783 477 αὐτοῦ.
815 422 976 485 Εἰκὸς
1022 422 1082 475 δὲ
1123 423 1285 477 αὐτὸν
1325 423 1554 494 δαίμονά
1584 441 1703 477 τινα

142 513 398 583 πάρεδρον
433 512 597 583 ἔχειν.
630 513 698 566 δι’
724 505 786 566 οὗ
825 513 990 577 αὐτός
1026 531 1087 568 τε
1123 516 1486 586 προφητεύειν
1533 515 1700 582 δοκεῖ,

141 607 229 661 καὶ
259 606 387 668 ὅσας
415 604 571 669 ἀξίας
598 607 815 674 ἡγεῖται
841 606 1099 677 μετόχους
1128 606 1228 677 τῆς
1260 608 1478 678 χάριτος
1515 608 1699 672 αὐτοῦ,

141 698 499 772 προφητεύειν
560 702 721 752 ποιεῖ.
778 700 1031 754 Μάλιστα
1089 700 1199 773 γὰρ
1262 702 1390 772 περὶ
1439 703 1702 769 γυναῖκας

141 792 460 864 ἀσχολεῖται,
494 792 589 845 καὶ
627 791 831 845 τούτων
860 794 958 856 τὰς
1004 792 1375 864 εὐπαρύφους,
1420 794 1513 847 καὶ
1550 811 1704 865 περι-

142 882 479 953 πορφύρους,
558 883 650 936 καὶ
706 883 1137 947 πλουσιωτάτας,
1187 883 1255 947 ἃς
1292 884 1553 946 πολλάκις
1601 887 1704 938 ύπ-

140 973 358 1041 άγεσθαι
382 972 715 1045 πειρώμενος
752 974 1061 1027 κολακεύων
1083 974 1244 1045 φησὶν
1266 975 1452 1038 αὑταῖς
1472 992 1485 1004 ·
1515 979 1703 1029 Μετα-

139 1064 346 1118 δοῦναί
389 1079 490 1117 σοι
546 1064 698 1119 θέλω
737 1063 847 1133 τῆς
902 1063 1050 1133 ἐμῆς
1095 1064 1357 1134 χάριτος,
1408 1064 1614 1133 ἐπειδὴ
1671 1069 1705 1119 ό

140 1154 336 1222 Πατὴρ
378 1154 498 1209 τῶν
545 1154 705 1209 ὅλων
749 1156 855 1209 τὸν
894 1155 1156 1225 ἄγγελόν
1203 1171 1319 1210 σου
1376 1156 1705 1222 διαπαντὸς

132 1244 345 1308 ,ϐλέπει
378 1246 494 1314 πρὸ
527 1246 853 1315 προσώπου
896 1247 1104 1301 αὑτοῦ.
1148 1248 1209 1301 '0
1254 1247 1323 1302 δὲ
1371 1249 1553 1315 τόπος
1597 1248 1705 1303 τοῦ

132 1335 417 1405 μεγέθους
445 1337 515 1389 ἐν
549 1337 694 1406 ἡμῖν
719 1339 735 1369 ¹
764 1338 897 1391 ἐστι
936 1338 1009 1391 δι’
1047 1337 1206 1408 ἡμᾶς
1232 1338 1701 1409 ἐγκαταστῆσαι.

137 1427 408 1496 Λάμϐανε
466 1428 699 1496 πρῶτον
749 1429 851 1484 ἀπ’
904 1430 1050 1499 ἐμοῦ
1107 1431 1207 1484 καὶ
1267 1430 1341 1485 δι’
1392 1432 1537 1501 ἐμοῦ
1592 1430 1707 1498 τὴν

136 1520 327 1589 χάριν.
362 1521 739 1589 Εὐτρέπισον
781 1523 1071 1591 σεαυτὴν,
1104 1524 1184 1590 ὡς
1224 1527 1428 1594 νύμφη
1466 1523 1706 1593 ἐκδεχο-

133 1614 278 1685 μένη
325 1616 432 1667 τὸν
464 1616 726 1684 νυμφίον
768 1615 1010 1683 ἑαυτῆς,
1052 1618 1152 1669 ἵνα
1190 1617 1305 1685 ἔσῃ
1354 1617 1385 1669 ὃ
1429 1615 1562 1685 ἐγὼ,
1606 1616 1703 1669 καὶ

1804 441 1943 496 quas
1969 440 2096 482 esse
2126 425 2319 497 dignas
2353 426 2654 492 censuerit,
2680 426 2925 483 eamdem
2954 425 3065 482 illis
3093 425 3375 481 divinandi

1753 514 1914 571 'vim
1982 517 2211 573 tribuat.
2268 516 2405 571 Nam
2462 531 2591 573 cum
2651 517 2978 572 mulieribus
3026 516 3374 587 potissimum

1804 618 2074 675 versatur,
2121 608 2438 680 eisdemque
2480 607 2718 677 eleganti
2760 613 2983 668 ornatu,
3037 620 3101 660 ac
3136 612 3375 676 purpura

1806 701 2169 771 praetextatis,
2203 708 2258 755 et
2297 699 2683 770 locupletibus,
2718 712 2857 769 quas
2892 704 2951 751 ut
2978 696 3047 751 ad
3077 712 3197 753 sese
3225 696 3378 766 pelli-

1805 790 1935 851 ciat,
1963 788 2044 842 sic
2074 803 2167 843 eas
2196 788 2486 843 blandiens
2516 788 2811 858 alloquitur
2844 806 2858 843 :
2884 786 3031 841 Libet
3060 788 3250 857 gratia:
3284 784 3375 840 tibi

1806 898 1935 936 mete
1968 882 2170 954 aliquid
2202 900 2493 954 aspergere,
2525 886 2774 955 quoniam
2796 900 2972 938 rerum
2996 885 3229 937 omnium
3265 881 3377 936 Pa~

1806 991 1926 1029 rens
1962 977 2205 1046 angelum
2238 985 2383 1031 tuum
2422 976 2642 1031 assiduo
2677 994 2855 1031 coram
2886 993 2996 1031 sese
3019 977 3176 1031 videt.
3204 973 3376 1029 Locus

1806 1083 1964 1136 porro
1997 1068 2377 1139 magnitudinis
2431 1078 2536 1122 tua:
2576 1070 2628 1122 in
2674 1068 2821 1122 nobis
2846 1078 2945 1122 est.
2982 1066 3047 1121 In
3076 1083 3237 1120 unum
3253 1082 3379 1119 coa-

1809 1161 2000 1215 (escere
2038 1177 2133 1215 nos
2162 1171 2365 1231 oportet
2398 1179 2416 1216 :
2456 1164 2687 1231 primum
2712 1164 2879 1234 igitur
2917 1178 2949 1215 α
2984 1178 3063 1214 me
3094 1176 3158 1213 ac
3186 1176 3278 1228 per
3300 1173 3380 1214 mc

1806 1256 2037 1324 gratiam
2100 1255 2293 1324 accipe.
2378 1254 2632 1323 Pra'para
2711 1263 2777 1319 te,
2850 1263 3101 1323 tanquam
3185 1266 3379 1320 sponsa

1806 1364 2057 1417 sponsum
2092 1364 2244 1402 suum
2283 1359 2610 1417 exspectans,
2640 1356 2771 1400 utet
2804 1357 2860 1400 tu
2884 1347 3111 1415 idipsum
3136 1346 3210 1400 sis
3240 1342 3378 1415 quod

1807 1456 1899 1510 ego
1928 1456 2067 1504 sum,
2110 1448 2159 1493 et
2197 1457 2289 1510 ego
2313 1440 2415 1493 sint
2446 1438 2584 1510 quod
2622 1448 2675 1492 tu
2708 1456 2782 1493 es.
2818 1438 2945 1508 Age,
3004 1438 3137 1492 lucis
3178 1436 3381 1491 semina

1808 1532 1864 1585 in
1899 1532 2134 1585 thalamo
2175 1540 2264 1585 tuo
2294 1531 2518 1584 colloca.
2552 1530 2740 1598 Accipe
2779 1548 2811 1584 a
2844 1547 2922 1584 me
2944 1544 3384 1598 sponsum,eum-

1807 1636 1904 1690 que
1933 1637 2081 1691 cape,
2099 1630 2149 1676 et
2182 1621 2246 1674 ab
2285 1638 2344 1675 eo
2380 1637 2583 1690 capere.
2618 1620 2752 1675 Ecce
2781 1620 3047 1675 descendit
3075 1622 3129 1674 in
3175 1628 3224 1673 te
3256 1636 3383 1690 gra-

134 1703 245 1772 ἐγὼ
277 1702 309 1755 ὃ
359 1704 460 1757 σύ.
500 1703 878 1771 Καθίδρυσον
926 1705 996 1758 ἐν
1038 1705 1119 1771 τῷ
1147 1703 1426 1774 νυμφῶνι
1479 1720 1596 1759 σου
1643 1704 1701 1758 τέ

1902 1729 1921 1777 ;
1954 1714 2101 1781 aperi
2123 1730 2181 1767 os
2214 1720 2383 1775 tuum,
2413 1721 2463 1766 et
2494 1712 2807 1765 vaticinare.
2857 1712 2937 1765 Ad
2995 1712 3109 1767 bmc
3160 1727 3385 1782 respon-
3413 1734 3421 1745 '

133 1794 368 1864 σπέρμα
396 1795 504 1849 τοῦ
532 1797 745 1864 φωτός.
768 1796 923 1851 Λάϐε
946 1797 1080 1866 παρ’
1112 1798 1259 1866 ἐμοῦ
1289 1796 1395 1850 τὸν
1419 1797 1700 1865 νυμφίον,

137 1888 227 1940 καὶ
257 1886 537 1955 χώρησον
564 1889 771 1953 αὑτὸν,
798 1889 895 1943 καὶ
921 1890 1219 1959 χωρήθητι
1255 1889 1325 1942 ἐν
1348 1887 1529 1955 αὐτῷ.
1553 1888 1701 1943 Ἰδοὺ

136 1977 171 2043 9)
197 1977 368 2047 χάρις
392 1978 691 2046 κατῆλθεν
711 1980 810 2033 ἐπὶ
850 1981 925 2035 σέ
944 1998 957 2012 ο
985 1981 1230 2046 ἄνοιξον
1255 1981 1320 2035 τὸ
1348 1982 1541 2050 στόμα
1562 1997 1700 2047 σου,

136 2070 226 2121 καί
257 2070 704 2138 προφήτευσον.
730 2072 845 2143 Τῆς
870 2074 925 2127 δὲ
947 2074 1205 2143 γυναικὸς
1240 2073 1697 2145 άποκρινομένης,

139 2164 217 2218 Οὐ
246 2166 667 2235 προεφήτευσα
711 2166 966 2229 πώποτε,
1006 2165 1105 2218 καὶ
1155 2167 1265 2219 οὐκ
1305 2162 1439 2219 οῖδα
1472 2180 1701 2234 προφη-

1808 1805 1975 1861 dente
2012 1803 2214 1859 femina
2243 1822 2257 1859 :
2290 1802 2577 1875 Nunquam
2612 1804 2903 1858 vaticinata
2936 1820 3076 1868 sum,
3104 1821 3265 1875 neque
3290 1820 3385 1859 va-

1811 1892 2027 1946 ticinari
2056 1892 2165 1946 scio
2207 1906 2225 1945 :
2272 1892 2362 1948 ille
2414 1902 2594 1948 certas
2652 1894 3027 1949 invocationes
3075 1893 3383 1963 proferens,

1810 2000 2033 2040 rursum
2096 1992 2158 2039 ut
2210 1984 2421 2039 stolidze
2454 1986 2532 2039 illi
2591 1993 2872 2055 stuporem
2918 1985 3165 2053 injiciat:
3203 1984 3384 2054 Aperi.

1809 2074 2014 2145 inquit,
2050 2092 2110 2129 os
2141 2083 2313 2140 tuum,
2335 2084 2386 2129 et
2407 2075 2662 2146 quidquid
2701 2075 2932 2129 uolueris
2966 2075 3199 2146 loquere,
3233 2085 3389 2131 etv:-

1809 2166 2137 2221 ticinaberis.

136 2262 347 2323 τεύειν,
399 2259 715 2329 ἐπικλήσεις
780 2258 933 2321 τινας
985 2257 1341 2328 ποιούμενος,
1388 2259 1453 2310 ἐκ
1512 2259 1765 2331 δευτέρου
1831 2261 1912 2323 είς
1983 2257 2320 2329 κατάπληξιν
2370 2255 2469 2328 τῆς
2535 2257 2941 2330 ἀπατωμένης,
3007 2258 3171 2329 φησὶν
3224 2259 3386 2332 uina“

140 2356 405 2420 Ἀνοιξον
441 2356 507 2409 τὸ
544 2357 739 2424 στόμα
764 2368 902 2417 σου,
935 2352 1214 2422 λάλησον
1245 2354 1279 2407 ὅ
1325 2372 1377 2407 τι
1422 2354 1665 2422 δήποτε,
1694 2355 1794 2409 καὶ
1831 2354 2243 2425 προφητεύεις.

210 2451 275 2502 Ἡ
307 2449 387 2513 δὲ,
420 2448 779 2519 χαυνωθεῖσα,
804 2449 899 2501 καὶ
930 2447 1281 2516 κεπφωθεῖσα
1302 2449 1407 2502 ὑπὸ
1436 2450 1545 2503 τῶν
1577 2466 1703 2523 προ·

137 2558 252 2612 ειρη
263 2540 459 2611 μένων,
490 2539 943 2611 διαθερμανθεῖσα
968 2538 1065 2610 τὴν
1087 2539 1264 2609 ψυχὴν
1288 2540 1393 2593 ὑπὸ
1415 2540 1513 2612 τῆς
1544 2558 1712 2613 προσ-

137 2633 315 2697 δοκίας
344 2632 439 2686 τοῦ
476 2633 687 2703 μέλλειν
720 2632 887 2703 αὐτὴν
924 2632 1314 2703 προφητεύειν,
1348 2632 1450 2703 τῆς
1484 2633 1711 2703 καρδίας

140 2724 295 2776 πλέον
330 2722 425 2777 τοῦ
456 2723 668 2787 δέοντος
715 2721 1024 2793 παλλούσης
1044 2762 1058 2787 ,
1090 2722 1371 2794 ἀποτολμᾷ
1411 2722 1589 2777 λαλεῖν
1616 2723 1714 2796 λη-

142 2816 303 2888 ρώδη,
332 2818 429 2871 καὶ
462 2816 533 2869 τὰ
572 2816 804 2886 τυχόντα
832 2815 1015 2869 πάντα
1044 2814 1219 2879 κενῶς
1260 2816 1355 2868 καὶ
1399 2816 1709 2887 τολμηρῶς,

143 2908 235 2963 ἅτε
280 2910 386 2963 ὑπὸ
438 2909 596 2963 κενοῦ
636 2907 1054 2980 τεθερμασμένη
1086 2907 1431 2978 πνεύματοςο
1471 2909 1653 2973 καθὼς
1683 2911 1712 2963 ὁ

143 3001 406 3073 κρείσσων
444 3001 599 3073 ⁴ἡμῶν
648 2999 751 3071 ἔφη
796 3000 923 3071 περὶ
970 2999 1078 3053 τῶν
1110 2999 1398 3053 τοιούτων·
1434 3002 1555 3053 Ὅτι
1594 3002 1711 3054 τολ-

1890 2449 1985 2504 Illa
2022 2448 2334 2505 istiusmodi
2368 2448 2551 2503 inflata
2603 2447 2809 2513 verbis,
2838 2449 3115 2520 elataque,
3163 2463 3228 2503 ac
3261 2463 3391 2519 pro-

1819 2543 2019 2614 phetici
2077 2541 2229 2596 illius
2287 2540 2501 2595 alllatus
2566 2540 2977 2610 exspectatione
3030 2539 3389 2606 inﬂammata,

1818 2635 2117 2705 palpitante
2149 2634 2274 2704 plus
2316 2633 2481 2688 solito
2514 2640 2755 2703 pectore,
2794 2647 2968 2703 nugas
3014 2632 3280 2702 quasdam
3311 2631 3393 2687 ef-

1818 2726 2004 2790 futire,
2037 2740 2101 2779 ac
2136 2724 2403 2796 quidquid
2452 2725 2509 2779 in
2567 2725 2793 2779 buccam
2846 2724 3058 2779 venerit
3109 2722 3395 2779 eﬂ‘undere

1818 2832 1929 2872 non
1955 2816 2189 2879 dubitat,
2229 2831 2340 2870 non
2371 2816 2553 2870 minus
2587 2830 2728 2870 vane
2755 2830 2919 2885 quam
2956 2823 3179 2879 temere,
3204 2820 3395 2885 utpote

1821 2909 1973 2963 inani
2036 2908 2234 2977 spiritu
2280 2908 2567 2962 calefacta.
2627 2894 2785 2973 Nam,
2843 2913 2904 2960 ut
2957 2906 3180 2976 quidam
3235 2905 3395 2960 nobis

1820 3002 1992 3056 multo
2047 3000 2398 3069 praestantior
2455 3000 2523 3053 de
2569 2998 2888 3054 hominibus
2920 2997 3192 3068 ejusmodi
3232 2998 3393 3065 dixit,

147 3093 314 3164 μηρὸν
346 3094 444 3147 καὶ
475 3093 689 3153 ἀναιδὲς
731 3094 876 3166 ψυχὴ
929 3093 1073 3165 κενῷ
1106 3095 1227 3167 ἀέρι
1271 3094 1701 3167 θερμαινομένη·

1893 3091 1998 3145 dax
2039 3098 2094 3146 et
2144 3090 2434 3160 impudens
2479 3097 2564 3144 est
2615 3091 2832 3144 animus
2863 3089 3011 3142 inani
3040 3102 3165 3145 aere
3188 3088 3395 3144 calefa-

145 3186 235 3239 καὶ
264 3187 372 3240 ἀπὸ
408 3187 599 3240 τούτου
627 3187 811 3241 λοιπὸν
849 3189 1161 3261 προφήτιδα
1204 3189 1401 3260 ἑαυτὴν
1433 3189 1713 3260 μεταλαμ-

146 3274 293 3328 ϐάνει
320 3277 361 3341 ¹,
413 3278 507 3330 καὶ
551 3278 865 3348 εὐχαριστεῖ
912 3279 1125 3349 Μάρκῳ
1156 3279 1234 3349 τῷ
1278 3280 1566 3332 ἐπιδιδόντι
1615 3278 1713 3348 τῆς

146 3370 277 3435 ἰδίας
300 3372 526 3443 χάριτος
556 3370 716 3443 αὐτῇ.
745 3374 856 3427 Καὶ
895 3372 1217 3443 ἀμείῦεσθαι
1258 3372 1419 3425 αὑτὸν
1460 3372 1713 3442 πειρᾶται

144 3465 202 3517 οὐ
232 3464 394 3535 μόνον
431 3464 575 3518 κατὰ
608 3465 708 3537 τὴν
736 3464 847 3518 τῶν
882 3464 1240 3536 ὑπαρχόντων
1268 3464 1433 3528 δόσιν,
1468 3462 1590 3516 ὅθεν
1622 3464 1716 3515 καὶ

145 3556 442 3628 χρημάτων
474 3555 677 3627 πλῆθος
707 3556 841 3610 πολὺ
881 3558 1254 3627 συνενήνοχεν,
1286 3554 1534 3608 ἀλλὰκαὶ
1574 3554 1716 3607 κατὰ

147 3651 241 3720 τὴν
282 3650 380 3703 τοῦ
425 3650 673 3721 σώματος
716 3648 1019 3710 κοινωνίαν,
1060 3647 1203 3701 κατὰ
1243 3647 1422 3699 πάντα
1467 3643 1718 3698 ἐνοῦσθαι

146 3741 291 3813 αὓτῷ
328 3741 778 3813 προθυμουμένη,
814 3741 901 3793 ἵνα
951 3740 1049 3793 σὺν
1089 3739 1238 3808 αύτῷ
1268 3738 1500 3809 κατέλθῃ
1549 3739 1627 3801 εἰς
1660 3736 1720 3789 τὸ

146 3835 223 3889 ἓν.
255 3835 395 3907 Ἤδη
455 3835 512 3888 δέ
560 3834 670 3887 τῶν
722 3834 1003 3905 προτέρων
1033 3832 1052 3864 ⁸
1103 3831 1247 3896 τινὲς
1295 3831 1568 3900 γυναικῶν
1614 3830 1720 3884 τῶν

147 3928 386 3998 ἐχουσῶν
420 3926 513 3980 τὸν
537 3925 699 3995 φόϐον
720 3925 814 3978 τοῦ
838 3922 993 3989 Θεοῦ,
1026 3924 1120 3977 καὶ
1157 3923 1231 3994 μὴ
1254 3922 1718 3994 ἐξαπατηθεισῶν,

147 4019 212 4084 ἃς
263 4020 466 4090 ὁμοίως
517 4022 636 4083 ταῖς
698 4020 913 4081 λοιπαῖς
961 4016 1285 4089 ἐπετήδευσε
1340 4013 1718 4086 παραπείθειν,

148 4112 384 4166 κελεύων
427 4113 618 4175 αὑταῖς
668 4108 1071 4182 προφητεύειν,
1118 4109 1213 4161 καὶ
1268 4092 1723 4176 καταφυσήσασαι

149 4207 241 4260 καὶ
276 4204 787 4275 καταθεματίσασαι
814 4202 998 4266 αὑτὸν,
1024 4199 1401 4273 ἐχωρίσθησαν
1423 4197 1515 4251 τοῦ
1545 4196 1724 4249 τοιού-

148 4314 238 4351 του
278 4298 507 4351 θιάσου·
544 4296 788 4366 ἀκριῦῶς
818 4294 1011 4347 εἰδυῖαι
1035 4334 1052 4357 ,
1096 4294 1179 4347 ὃτι
1223 4290 1591 4364 προφητεύειν
1628 4290 1725 4359 ούχ

151 4390 251 4442 ὑπὸ
290 4390 523 4461 Μάρκου
563 4388 656 4441 τοῦ
706 4389 882 4458 μάγου
925 4387 1198 4455 ἐγγίνεται
1244 4386 1353 4447 τοῖς
1396 4381 1723 4454 ἀνθρώποις,

1819 3190 1966 3237 ctus.
2000 3181 2075 3237 Ex
2130 3182 2227 3236 illo
2277 3182 2536 3251 deinceps
2585 3190 2827 3251 tempore
2867 3188 3043 3235 vatem
3090 3196 3151 3237 se
3199 3181 3398 3235 mulier

1819 3275 2119 3339 existimat,
2150 3286 2205 3329 et
2247 3272 2453 3336 Marco,
2488 3273 2583 3343 qui
2624 3273 2691 3328 de
2722 3287 2821 3327 sua
2871 3273 2927 3326 in
2973 3272 3148 3343 ipsam
3195 3271 3400 3327 virtute

1822 3366 2143 3433 transfudit,
2194 3367 2400 3438 gratias
2440 3366 2571 3437 agit,
2618 3364 2803 3435 itaque
2843 3364 3050 3420 referre
3100 3366 3304 3434 studet,
3338 3376 3400 3421 ut

1822 3476 1933 3516 non
1964 3459 2213 3515 fortunas
2245 3458 2407 3513 modo
2442 3472 2573 3513 suas
2617 3456 2667 3512 ei
2728 3456 3027 3528 largiatur;
3064 3456 3207 3512 unde
3234 3472 3403 3528 pecu-

1824 3552 2041 3606 niarum
2084 3550 2359 3619 ingentem
2406 3548 2499 3604 ille
2542 3547 2654 3601 vim
2701 3547 2955 3619 collegit;
2986 3562 3179 3603 verum
3234 3548 3401 3603 etiam

1827 3642 2079 3712 corporis
2109 3642 2194 3697 sui
2229 3647 2551 3711 potestatem
2586 3638 2772 3704 faciat,
2818 3655 2941 3694 cum
2978 3655 3154 3710 eoque
3181 3641 3401 3711 penitus

1826 3734 2074 3803 capulari
2102 3734 2307 3804 cupiat,
2341 3740 2400 3787 ut
2431 3733 2485 3787 in
2517 3747 2685 3786 unum
2738 3745 2862 3787 cum
2922 3733 3044 3803 ipso
3092 3734 3403 3789 coalescere

1829 3828 2023 3896 possit.
2055 3824 2161 3881 Sed
2189 3825 2391 3880 accidit
2420 3825 2714 3886 interdum,
2741 3824 3018 3879 nonnullae
3050 3831 3110 3879 ut
3132 3824 3403 3881 ﬁdeliores

1828 3914 1989 3985 235
2027 3913 2243 3970 feminae
2265 3928 2329 3968 ac
2352 3914 2549 3968 timore
2576 3911 2669 3968 Dei
2698 3913 2957 3983 praedita),
2985 3928 3087 3968 nec
3111 3915 3178 3968 ab
3196 3915 3289 3970 illo
3306 3914 3407 3971 de-

1830 4014 2021 4075 ceptae,
2052 4004 2269 4060 tametsi
2303 4003 2531 4075 perinde
2573 4019 2668 4058 eas
2704 4011 2762 4056 ut
2792 4004 3035 4073 reliquas
3067 4004 3122 4058 in
3152 4004 3403 4059 fraudem

1833 4104 2071 4153 tentaret
2104 4097 2407 4167 impellere,
2432 4110 2494 4149 ac
2520 4095 2807 4150 vaticinari
2834 4095 3114 4164 jussisset,
3143 4095 3289 4148 hunc
3321 4094 3406 4165 ip-

1834 4204 1956 4244 sum
1984 4186 2345 4242 nihilominus
2376 4196 2722 4257 respuerent,
2754 4200 2818 4241 ac
2844 4185 3268 4249 detestarentur,
3318 4200 3407 4241 se-

1833 4298 1941 4354 que
1972 4283 2039 4336 ab
2072 4282 2167 4337 illo
2200 4288 2345 4336 coetu
2378 4289 2729 4352 segregarem
2777 4298 2790 4334 :
2838 4279 2984 4333 haud
3038 4279 3241 4350 ignarae
3272 4279 3405 4348 quin

1836 4374 2196 4445 prophetandi
2231 4373 2316 4428 vis
2375 4388 2483 4427 non
2516 4387 2545 4425 a
2579 4372 2763 4426 Marco
2795 4372 3069 4425 derivaret
3116 4372 3174 4424 in
3229 4369 3410 4425 homi-

151 4480 259 4533 ἀλλ’
285 4476 367 4545 οἷς
389 4444 458 4534 διν
479 4482 508 4533 ὁ
536 4479 668 4544 Θεὸς
697 4444 901 4533 ἀνωθεν
931 4444 1218 4548 ἐπιπέμψῃ
1239 4444 1516 4545 τὴννχάριν
1541 4444 1701 4526 αὑτοῦ

1890 4444 1957 4530 ιε,
1994 4466 2088 4521 sed
2125 4466 2191 4520 iis
2232 4465 2433 4535 potius,
2481 4465 2683 4534 quibus
2713 4464 2977 4519 divinitus
3022 4477 3223 4517 munus
3274 4462 3407 4516 illud

150 4569 289 4627 οὗτοι
335 4572 618 4626 θεόσδοτον
666 4571 847 4641 ἔχουσι
897 4569 996 4640 τὴν
1041 4566 1410 4639 προφητείαν,
1464 4566 1557 4618 καὶ
1610 4564 1731 4616 τότε

153 4664 405 4720 λαλοῦσιν
428 4664 557 4718 ἔνθα
586 4665 679 4717 καὶ
710 4663 875 4717 ὁπότε
907 4662 1040 4724 Θεὸς
1070 4659 1339 4729 βούλεται,
1373 4656 1487 4712 ἀλλ’
1521 4657 1619 4727 οὐχ
1641 4656 1731 4708 ὅτε

152 4759 376 4830 Μάρκος
425 4755 656 4809 κελεύει,
693 4756 767 4808 Τὸ
802 4754 910 4824 γὰρ
961 4752 1184 4806 κελεῦον
1224 4749 1319 4803 τοῦ
1374 4745 1730 4817 κελευομένου

156 4848 338 4919 μεῖζόν
366 4866 433 4903 τε
469 4849 561 4902 καὶ
587 4846 943 4920 κυριώτερον.
983 4846 1139 4898 Ἐπεὶ
1170 4843 1230 4897 τὸ
1261 4841 1359 4913 μὲν
1384 4841 1728 4911 προηγεῖται,

152 4941 209 4993 τὸ
250 4942 305 4993 δὲ
348 4940 739 4994 ὑποτέτακται.
779 4940 841 4992 Εἰ
890 4934 983 4991 οὖν
1026 4937 1250 5005 Μάρκος
1302 4933 1400 5005 μὲν
1432 4929 1665 4995 κελεύει,
1698 4928 1733 4999 ἢ

154 5032 308 5097 ἄλλος
334 5050 446 5097 τις,
480 5032 555 5095 ὡς
583 5030 838 5084 εἰώθασιν
869 5031 962 5083 ἐπὶ
998 5031 1108 5092 τοῖς
1134 5027 1371 5087 δείπνοις
1408 5022 1504 5076 τοῦ
1533 5022 1733 5093 κλήρου

155 5122 294 5182 οὗτοι
321 5126 557 5180 πάντοτε
585 5124 822 5188 παίζειν,
848 5124 943 5178 καὶ
976 5122 1225 5191 ἀλλήλοις
1255 5114 1639 5188 ἐγκελεύεσθαι
1672 5113 1735 5166 τὸ

158 5218 545 5290 προφητεύειν,
583 5215 844 5287 καὶπρὸς
880 5212 979 5277 τὰς
1015 5212 1147 5275 ἰδίας
1193 5208 1489 5279 ἐπιθυμίας
1521 5206 1735 5266 ἑαυτοῖς

160 5310 556 5383 ιιαντεύεσθαιν
606 5309 756 5362 ἔσται
796 5311 824 5361 ὁ
875 5305 1111 5359 κελεύων
1159 5302 1359 5375 μείζων
1398 5318 1458 5354 τε
1504 5297 1596 5353 καὶ
1637 5313 1736 5349 κυ-

159 5404 421 5481 ριώτερος
451 5403 547 5457 τοῦ
576 5399 917 5475 προφητικοῦ
954 5396 1265 5467 πνεύματος
1285 5435 1297 5459 ,
1336 5392 1623 5464 ἄνθρωπος
1640 5389 1734 5455 ῶν,

1838 4565 1985 4612 esset
2015 4556 2277 4619 oblatum,
2310 4556 2573 4626 singulari
2605 4556 2841 4627 quodam
2879 4554 3145 4609 beneficio
3189 4554 3409 4608 contin-

1839 4657 2022 4720 geret;
2046 4646 2140 4717 qui
2171 4662 2280 4701 non
2311 4647 2473 4703 simul
2499 4655 2662 4717 atque
2691 4645 2911 4699 Marcus
2941 4644 3283 4713 imperasset,
3314 4644 3411 4698 sed

1841 4740 2155 4808 ubicunque
2178 4752 2241 4795 ac
2268 4736 2705 4807 quandocunque
2735 4735 2877 4789 Deus
2906 4734 3088 4796 vellet,
3115 4733 3410 4801 loqueren-

1837 4838 1947 4885 tur.
1973 4830 2108 4883 Nam
2143 4829 2288 4900 quod
2322 4828 2478 4883 alteri
2504 4828 2658 4897 jubet
2697 4825 2922 4895 aliquid,
2960 4824 3015 4879 id
3049 4839 3113 4880 eo
3139 4824 3226 4878 cui
3247 4822 3410 4891 jube-

1841 4929 1931 4975 tur
1953 4920 2131 4989 majus
2158 4926 2243 4974 est
2269 4934 2332 4973 ac
2362 4918 2711 4987 priestantius
2732 4915 3027 4987 {quoniam
3052 4914 3183 4967 illud
3210 4914 3413 4983 prima.

1842 5014 2009 5079 rium,
2038 5012 2143 5067 hoc
2175 5009 2406 5065 inferius
2438 5015 2604 5063 estet
2634 5007 2967 5077 subjectum.
2998 5004 3171 5076 Igitur
3196 5004 3243 5059 si
3266 5003 3411 5058 Mar-

1843 5122 1941 5162 cus
1970 5106 2222 5177 imperat,
2251 5104 2461 5158 aliusve
2493 5102 2638 5172 quis,
2677 5101 2754 5154 uti
2788 5115 2907 5155 mos
2930 5108 3015 5155 est
3049 5099 3105 5152 in
3148 5096 3415 5152 conviviis

1842 5198 2038 5255 sortito
2084 5212 2149 5252 ac
2190 5212 2289 5267 per
2320 5194 2510 5250 ludum
2542 5193 2744 5259 facere,
2773 5207 2941 5263 seque
2970 5191 3203 5247 invicem
3235 5188 3303 5243 ad
3332 5186 3417 5242 di-

1842 5290 2166 5357 vinandum,
2220 5304 2285 5344 ac
2312 5288 2417 5343 sibi
2446 5288 2553 5359 ipsi
2581 5284 3016 5349 vaticinandum,
3052 5290 3112 5338 ut
3144 5293 3417 5352 quemque

1845 5382 2016 5439 libido
2041 5379 2165 5450 fert,
2193 5378 2490 5453 impellere,
2523 5379 2628 5436 erit
2674 5379 2722 5435 is
2773 5378 2869 5450 qui
2913 5377 3070 5450 jubet
3099 5375 3264 5429 homo
3292 5383 3419 5443 pro-

228 5652 245 5687 ⁸
272 5654 421 5709 Iren.
460 5667 553 5705 σου
580 5650 640 5703 ἐν
676 5649 775 5720 ὴμ.
812 5656 867 5703 et
918 5663 1041 5702 mox
1081 5647 1161 5700 δεῖ
1201 5645 1348 5717 ἡμᾶς
1387 5641 1444 5696 ἒν
1474 5657 1667 5695 κατασ.

1890 5652 1925 5690 r.
1962 5634 2353 5705 ὑπολαμϐάνει.
2432 5634 2450 5666 ³
2482 5632 2621 5690 lren.
2652 5629 3010 5701 πιστοτέρων.

531 5745 805 5806 ΡΑτιιοι..
836 5744 955 5804 Gn.
1004 5741 1167 5803 XLI.

2992 5718 3067 5779 19
