3772 6188
403 218 509 276 587

1776 213 1832 266 ε.
1876 211 2217 267 EPIPHANII
3546 214 3635 269 588

402 339 618 410 phetico
653 336 845 407 spiritu
898 335 1095 403 potior,
1131 340 1185 387 et
1235 332 1609 394 excellentior,
1672 332 1817 401 quod
1854 330 1949 385 fier

2076 332 2212 402 ὅπερ
2240 331 2516 385 ἀδύνατον.
2563 332 2721 385 Ἀλλὰ
2745 333 2970 386 τοιαῦτα
3000 334 3333 405 κελευόμενα
3360 332 3455 386 ὑπ’
3476 333 3635 386 αὐτῶν

401 432 626 487 omnino
659 446 767 484 non
807 438 1002 499 potest.
1046 424 1410 491 Quamobrem
1473 423 1699 493 spiritus
1736 422 1849 486 isti,
1879 423 1971 491 qui

399 524 619 583 illorum
644 522 803 591 jussu
832 519 1090 574 concitati
1146 518 1361 586 quoties
1390 515 1584 571 iisdem
1628 515 1762 583 ipsis
1802 515 1973 570 libue—

400 615 493 677 rit,
527 613 841 682 loquuntur,
873 610 1027 665 nihili
1077 616 1205 664 sunt
1252 615 1305 663 et
1344 606 1677 671 imbecilles;
1736 606 1858 659 licet
1891 612 1970 658 tc-

400 706 622 762 merarii
661 703 1117 774 impudentesque
1170 703 1300 764 sint,
1351 710 1531 769 atque,
1581 714 1608 751 a
1670 697 1868 750 Satana
1903 696 1968 749 ad

400 813 497 854 eos
527 797 1038 853 circumveniendos
1071 794 1488 866 perdendosque
1519 790 1696 851 missi,
1735 791 1827 857 qui
1858 804 1969 841 non

401 896 718 945 constanter
746 888 905 943 fidem
932 888 1077 941 illam
1102 885 1448 948 retinuerint,
1486 898 1647 954 quam
1672 881 1826 934 initio
1855 894 1970 934 sus-
2020 928 2021 935 η

401 987 683 1051 ceperunt.

469 1095 557 1149 ΙΙΙ.
595 1092 713 1148 Jam
742 1108 871 1149 vero
900 1091 1061 1148 etiam
1091 1090 1291 1161 philtra
1333 1097 1387 1145 et
1433 1088 1727 1143 amatorias
1781 1086 1961 1141 illece-

398 1190 551 1251 bras,
604 1186 671 1241 ad
717 1184 1107 1241 contumeliam
1151 1196 1440 1252 corporum
1470 1196 1499 1234 a
1528 1180 1709 1234 Marco
1742 1179 1967 1249 quibus-

396 1281 520 1335 dam
554 1279 871 1335 mulieribus
900 1276 1102 1339 oblata,
1135 1288 1245 1328 non
1278 1284 1457 1327 tamen
1486 1272 1761 1337 omnibus,
1800 1272 1965 1340 ipsm-

396 1382 506 1428 met
541 1371 608 1426 ad
643 1370 941 1425 Ecclesiam
973 1382 1205 1423 reversae
1232 1380 1472 1435 persaepe
1521 1364 1679 1418 fassae
1712 1370 1874 1426 sunt;
1906 1376 1964 1415 se

396 1463 466 1517 ab
507 1461 600 1515 illo
643 1464 1027 1528 constupratas
1056 1470 1196 1519 esse,
1228 1464 1281 1509 et
1313 1455 1485 1524 ipsius
1539 1467 1724 1506 amore
1779 1452 1964 1505 illece-

391 1552 614 1621 brisque
643 1556 848 1619 captas.
890 1546 1038 1601 Adeo
1072 1554 1132 1599 ut
1174 1545 1435 1600 diaconus
1490 1543 1713 1613 quidam
1778 1557 1808 1597 c
1861 1558 1961 1596 no-

392 1643 524 1699 stris
557 1642 615 1696 in
655 1640 787 1694 Asia
835 1654 958 1693 cum
1013 1636 1251 1706 hospitio
1292 1636 1443 1689 illum
1510 1634 1834 1704 excepisset,
1902 1634 1957 1687 in

392 1747 511 1787 eam
544 1730 904 1785 calamitatem
930 1727 1201 1789 inciderit,
1229 1726 1459 1795 ejusque
1512 1724 1711 1793 conjux
1742 1724 1958 1795 egregia

395 1823 570 1879 forma
604 1822 800 1876 mulier
834 1829 889 1875 et
914 1819 1098 1872 animo
1121 1824 1175 1871 et
1207 1831 1437 1886 corpore
1468 1830 1498 1868 a
1533 1830 1695 1885 mago
1725 1815 1816 1869 illo
1838 1830 1961 1870 cor-

391 1922 552 1985 rupta
580 1915 742 1984 longo
768 1928 891 1967 eum
926 1921 1168 1980 tempore
1195 1917 1399 1965 sectata
1431 1909 1537 1975 sit;
1566 1908 1739 1963 donec
1763 1923 1959 1978 magno

397 2021 522 2060 cum
574 2004 760 2058 labore
817 2001 1188 2057 adnitentibus
1246 1999 1507 2054 fratribus
1558 1999 1622 2054 ad
1680 1999 1959 2054 meliorem

393 2092 603 2163 frugem
635 2104 898 2145 conversa
930 2088 1203 2157 reliquum
1235 2087 1356 2140 vita:
1412 2096 1627 2156 tempus
1682 2086 1737 2139 in
1787 2086 1962 2156 pinni-

390 2182 559 2237 tentia
600 2178 863 2243 traduxit,
892 2192 1138 2233 maerens
1169 2192 1233 2231 ac
1260 2177 1609 2231 vehementer
1645 2176 1955 2245 deplorans,

392 2270 537 2341 quod
596 2284 627 2323 a
690 2283 849 2338 mago
905 2266 1182 2335 corrumpi
1251 2280 1309 2320 se
1357 2280 1420 2318 ac
1483 2264 1663 2318 vitiari
1722 2265 1955 2320 sivisset.

391 2363 534 2429 Quin
572 2361 733 2416 etiam
786 2357 1040 2428 discipuli
1090 2357 1309 2427 quidam
1359 2356 1503 2410 illius
1556 2356 1704 2409 varia
1764 2355 1960 2425 oppida

389 2457 745 2522 peragrantes
807 2447 1178 2516 compluribus
1235 2445 1569 2501 mulierculis
1622 2444 1814 2501 iisdem
1875 2460 1961 2499 ar-

388 2542 537 2596 tibus
572 2540 858 2607 illuserunt
890 2555 903 2593 :
946 2552 1070 2591 cum
1114 2534 1380 2605 perfectos
1411 2549 1470 2589 se
1512 2548 1634 2589 esse
1668 2534 1957 2602 jactarent,

392 2650 570 2706 neque
624 2646 959 2703 quemquam
1022 2645 1184 2699 posse
1255 2644 1439 2684 secum
1508 2628 1749 2683 scientiae
1804 2629 1957 2699 copia

388 2725 664 2790 conferri,
703 2725 867 2796 236
903 2740 1011 2778 non
1060 2724 1107 2778 si
1149 2722 1377 2777 Paulum
1414 2722 1739 2793 Petrumque
1782 2724 1960 2777 nomi-

387 2832 507 2878 nes.
541 2825 633 2870 aut
661 2831 724 2870 ex
757 2813 1123 2885 apostolorum
1155 2827 1380 2867 numero
1429 2814 1721 2882 quemlibet
1752 2832 1765 2868 :
1802 2814 1959 2883 plura

385 2908 530 2962 enim
562 2922 620 2962 se
654 2906 799 2961 solos
828 2905 1079 2960 omnibus
1121 2903 1443 2973 intelligere,
1476 2904 1621 2958 solos
1667 2903 1959 2973 inexplica~

2075 423 2380 494 πνεύματα,
2412 426 2505 478 καὶ
2550 424 2811 478 λαλοῦντα
2838 426 2997 479 όπότε
3024 426 3301 497 βούλονται
3326 425 3505 489 αὐτοὶ,
3536 427 3636 479 ἐπί-

2074 512 2251 583 σαθρα
2281 514 2375 565 καλ⁵
2398 514 2599 585 ἀδρανῆ
2631 515 2795 565 ’ἐστι’
2830 514 3081 585 τολμηρά
3109 515 3166 567 δὲ
3196 517 3291 568 καὶ
3326 514 3518 583 ἀναιδῆ
3549 516 3634 567 ὑπὸ

2072 604 2166 656 τοῦ
2194 605 2404 658 Σατανᾶ
2424 606 2823 676 ἐκπεμπόμενα
2858 607 2993 677 πρὸς
3024 606 3359 676 ἐξαπάτησιν
3427 607 3522 657 καὶ
3548 608 3634 657 ἀπ-

2071 693 2266 748 ὠλειαν
2297 697 2405 750 τῶν
2441 697 2514 767 μὴ
2546 696 2759 750 εῦτονον
2783 698 2880 769 τὴν
2910 697 3108 761 πίστιν,
3132 698 3198 767 ἣν
3232 700 3329 752 ἀπ’
3359 698 3534 769 ἀρχῆς
3564 697 3635 749 διὰ

2070 788 2167 857 τῆς
2189 787 2516 857 Ἐκκλησίας
2546 787 2876 859 παρέλαϐον,
2910 789 3308 857 φυλασσόντων.

2139 1076 2212 1129 Γ¹.
2245 1076 2366 1129 ’Ὁτι
2406 1076 2461 1127 δὲ
2503 1075 2698 1147 φίλτρα
2729 1076 2823 1129 καὶ
2854 1077 3114 1148 ἀγώγιμα
3145 1080 3279 1149 πρὸς
3316 1080 3381 1131 τὸ
3412 1068 3508 1132 καὶ
3538 1083 3633 1145 τοῖς

2070 1166 2315 1237 σώμασιν
2349 1151 2528 1221 αὐτῶν
2570 1156 2872 1239 ἐνυϐρίζειν
2911 1171 3129 1239 ἐμποιεῖ
3159 1164 3314 1234 οὗτος
3362 1174 3390 1224 ὁ
3420 1172 3631 1243 Μάρκος

2066 1259 2236 1322 ἐνίαις
2269 1260 2375 1313 τῶν
2406 1260 2698 1328 γυναικῶν,
2734 1262 2781 1312 εἰ
2827 1262 2921 1315 καὶ
2954 1261 3028 1332 μὴ
3069 1262 3289 1327 πάσαις,
3327 1258 3489 1317 αὗται
3517 1266 3631 1317 πολ-

2065 1350 2220 1415 λάκις
2263 1350 2656 1422 ἐπιστρέψασαι
2705 1353 2784 1413 εἰς
2829 1352 2927 1422 τήν
2981 1346 3308 1422 Ἐκκλησίαν
3355 1351 3453 1405 τοῦ
3509 1351 3629 1405 Θεοῦ

2065 1440 2561 1511 ἐξωμολογήσαντο,
2593 1439 2854 1493 καὶκατὰ
2890 1441 2952 1493 τὸ
2990 1439 3148 1511 σῶμα
3175 1440 3515 1510 ἠχρειῶσθαι
3547 1442 3625 1493 ὑπ’

2064 1532 2250 1595 αὑτοῦ,
2282 1531 2375 1584 καὶ
2407 1529 2687 1601 ἐρωτικῶς
2714 1529 2856 1583 πάνυ
2886 1530 3047 1584 αὐτὸν
3069 1530 3467 1602 πεφιληκέναι·
3504 1530 3625 1582 ὥστε

2064 1624 2157 1675 καί
2190 1620 2438 1675 διάκονόν
2476 1638 2597 1673 τινα
2648 1620 2755 1674 τῶν
2796 1623 2855 1676 ἐν
2900 1624 2966 1692 τῇ
2996 1621 3152 1693 Ἀσίᾳ
3202 1622 3312 1674 τῶν
3358 1621 3626 1692 ἡμετέρων

2064 1712 2459 1783 ὑποδεξάμενον
2488 1712 2651 1765 αὐτὸν
2678 1714 2758 1775 εἰς
2788 1712 2879 1767 τὸν
2918 1708 3066 1766 οἷκον
3110 1713 3273 1767 αὑτοῦ
3323 1715 3625 1785 περιπεσεῖν

2060 1806 2229 1877 ταύτῃ
2279 1808 2344 1875 τῇ
2400 1806 2675 1875 συμφορᾷ,
2726 1807 2826 1874 τῆς
2872 1804 3126 1872 γυναικὸς
3177 1804 3345 1856 αὑτοῦ
3402 1804 3626 1867 εὐειδοῦς

2062 1896 2434 1968 ὑπαρχούσης,
2472 1896 2566 1948 καὶ
2594 1896 2693 1965 τὴν
2729 1894 2954 1965 γνώμην
2991 1896 3085 1949 καὶ
3117 1897 3178 1948 τὸ
3211 1895 3376 1966 σῶμα
3413 1896 3626 1964 διαφθα-

2063 1989 2250 2059 ρείσης
2281 1986 2386 2039 ὑπὸ
2429 1985 2522 2039 τοῦ
2560 1985 2735 2056 μάγου
2763 1984 2975 2051 τούτου,
3005 1987 3099 2039 καὶ
3132 1986 3626 2059 ἐξακολουθησάσῃς

2060 2077 2208 2147 αύτῷ
2239 2075 2419 2146 πολλῷ
2447 2076 2524 2146 τῷ
2557 2076 2767 2147 χρόνῳ·
2804 2076 2995 2129 ἔπειτα
3046 2078 3184 2146 μετά
3228 2076 3428 2129 πολλοῦ
3472 2078 3628 2131 κόπου

2058 2168 2166 2221 τῶν
2196 2167 2440 2237 ἀδελφῶν
2466 2166 2928 2238 ἐπιστρεψάντων,
2969 2168 3109 2239 αὑτὴ
3134 2168 3225 2221 τὸν
3257 2168 3481 2222 ἅπαντα
3511 2171 3625 2239 χρό-

2060 2277 2148 2314 νον
2192 2258 2655 2331 ἐξομολογουμένη
2701 2259 2811 2329 (Η)
2859 2260 3158 2324 διετέλεσε,
3218 2260 3499 2315 πενθοῦσα
3545 2265 3628 2314 καὶ

2062 2351 2331 2423 θρηνοῦσα
2351 2353 2435 2421 ἐφ’
2528 2352 2727 2407 ἔπαθεν
2757 2353 2861 2406 ὑπὸ
2889 2352 2983 2405 τοῦ
3014 2353 3190 2423 μάγου
3215 2352 3507 2423 διαφθορᾷ.
3530 2356 3629 2408 Καὶ

2064 2443 2303 2513 μαθηταὶ
2323 2443 2379 2495 δὲ
2406 2444 2569 2497 αὐτοῦ
2593 2461 2737 2507 τινες
2764 2443 3203 2516 περιπολίζοντες
3225 2445 3283 2497 ἐν
3311 2447 3428 2508 τοῖς
3459 2446 3629 2509 αὐτοῖς

2060 2532 2440 2597 ἐξαπατῶντες
2475 2536 2804 2604 γυναικάρια
2834 2534 3006 2587 πολλά
3030 2533 3366 2606 διέφθειραν,
3399 2535 3627 2598 τελείους

2060 2626 2283 2688 ἑαυτοὺς
2347 2625 2803 2697 ἀναγορεύοντες,
2875 2625 2951 2689 ὡς
3040 2625 3266 2696 μηδενὸς
3334 2627 3626 2696 δυναμένου

2059 2716 2382 2786 ἐξισωθῆναι
2418 2716 2497 2787 τῷ
2542 2717 2757 2787 μεγέθει
2794 2716 2893 2787 τῆς
2917 2716 3167 2786 γνώσεως
3192 2717 3395 2780 αὐτῶν,
3424 2720 3547 2789 μηδ’
3570 2721 3628 2772 ἂν

2060 2807 2270 2861 Παῦλον
2296 2808 2417 2878 μηδ’
2457 2806 2523 2860 ἂν
2564 2808 2772 2879 Πέτρον
2801 2808 2984 2880 εἴπῃς,
3030 2809 3150 2879 μηδ’
3180 2808 3339 2861 ἄλλον
3368 2811 3493 2862 τινὰ
3527 2810 3629 2861 τῶν

2058 2900 2372 2953 ἀποστόλων
2398 2916 2410 2931 °
2448 2900 2584 2954 ἀλλὰ
2622 2901 2791 2953 πλείω
2829 2900 3046 2953 πάντων
3086 2901 3412 2969 ἐγνωκέναι,
3449 2902 3544 2953 καὶ
3576 2903 3629 2953 τὸ

384 2997 511 3052 bilis
556 2995 705 3051 illius
733 2994 967 3065 ,virtutis
1020 2992 1270 3046 hausisse
1320 2992 1766 3062 magnitudinem.
1806 2992 1949 3059 Quo-

2069 2991 2291 3061 μέγεθος
2309 2994 2405 3063 τῆς
2437 2992 2689 3061 γνώσεως
2713 2994 2813 3063 τῆς
2844 2995 3083 3065 ἀρρήτου
3113 2994 3399 3066 δυνάμεως
3441 2996 3628 3065 μόνους

385 3088 535 3143 circa
578 3101 744 3156 supra
788 3086 1041 3139 virtutem
1090 3097 1306 3137 omnem
1350 3082 1614 3139 sublimes
1659 3084 1832 3137 attolli
1872 3100 1960 3140 se-

385 3196 466 3243 se,
507 3187 673 3248 atque
698 3177 901 3232 idcirco
931 3176 1099 3231 libere
1143 3174 1324 3229 omnia
1357 3174 1536 3231 facere
1578 3184 1754 3231 metus
1780 3177 1959 3232 omnis

381 3279 656 3343 expertes.
710 3269 844 3324 Nam
905 3269 976 3324 ob
1036 3268 1502 3338 redemptionem,
1555 3282 1717 3338 quam
1777 3267 1955 3337 adepti

385 3373 549 3425 sunt,
586 3362 807 3416 minime
856 3376 914 3416 se
956 3376 985 3414 a
1022 3361 1207 3431 judice
1235 3360 1641 3430 comprehendi,
1675 3374 1737 3414 ac
1779 3375 1849 3415 ne
1877 3360 1958 3413 vi-

384 3455 501 3511 deri
537 3453 755 3523 quidem
784 3467 965 3523 posse.
1002 3453 1156 3518 Quod
1201 3453 1246 3507 si
1301 3452 1441 3506 forte
1469 3451 1570 3506 sibi
1604 3466 1797 3506 manus
1834 3451 1959 3520 inji-

383 3549 563 3605 ceret,
595 3551 709 3594 tum
743 3555 873 3594 vero
913 3555 1037 3594 cum
1082 3540 1452 3609 redemptione
1502 3539 1593 3594 illa
1638 3554 1734 3594 sua
1773 3526 1956 3595 coram

382 3646 451 3688 eo
486 3631 615 3685 talia
666 3630 910 3686 dicturos
952 3649 964 3684 :
1000 3629 1043 3685 Ο
1073 3628 1170 3683 Dei
1207 3648 1269 3684 ac
1317 3634 1548 3701 mystica,
1598 3642 1716 3687 ante
1760 3634 1956 3687 sa'cula

386 3721 540 3793 Sigea
566 3739 825 3785 assessor,
860 3739 960 3791 quo
1000 3724 1130 3775 duce
1162 3739 1225 3776 ac
1250 3724 1590 3778 conciliatore
1629 3725 1954 3794 magnitudi-

384 3830 474 3869 nes
499 3831 595 3881 ew,
625 3831 743 3885 qua:
774 3814 957 3868 Patris
990 3814 1179 3884 [aciem
1199 3822 1446 3883 perpetuo
1477 3824 1809 3877 contuentur,
1836 3814 1953 3868 vul-

386 3914 470 3959 tus
511 3921 635 3959 suos
686 3905 740 3958 in
790 3905 981 3959 caelum
1039 3904 1357 3958 subtrahunt
1410 3918 1429 3956 :
1475 3903 1667 3968 vultus,
1715 3905 1950 3973 inquam,

378 4013 491 4061 eos,
523 3996 711 4067 quibus
740 3998 962 4050 nimium
998 3997 1177 4049 audax
1212 3997 1306 4049 illa
1337 3998 1626 4067 conspectis
1672 3996 1733 4049 ob
1763 3996 1955 4049 summi

383 4087 670 4141 bonitatem
717 4087 969 4142 Parentis
1013 4104 1106 4141 nos
1142 4087 1280 4141 velut
1307 4088 1493 4157 eﬁigies
1536 4088 1806 4157 produxit,
1834 4104 1950 4141 cum

382 4180 670 4233 ctelestium
729 4180 1103 4248 cogitationem
1143 4178 1280 4231 velut
1332 4194 1422 4245 per
1471 4180 1733 4233 somnium
1773 4196 1954 4233 conce-

379 4272 541 4340 pisset
579 4285 597 4321 :
628 4286 688 4324 en
727 4268 888 4335 iudex
922 4268 1327 4337 appropinquat,
1350 4285 1412 4321 ac
1443 4285 1522 4322 me
1542 4283 1714 4336 prceco
1735 4285 1953 4323 causam

2059 3085 2520 3138 καταπεπωκέναι
2541 3102 2555 3116 ο
2584 3081 2722 3140 εἷναί
2742 3104 2799 3139 τε
2824 3087 3020 3150 αὐτοὺς
3046 3089 3102 3139 ἐν
3135 3086 3258 3157 ὕψει
3286 3088 3432 3159 ὑπὲρ
3458 3091 3628 3141 πᾶσαν

2057 3176 2302 3247 δύναμιν.
2338 3176 2428 3229 Διὸ
2470 3179 2563 3231 καὶ
2606 3179 2905 3250 ἐλευθέρως
2952 3180 3129 3233 πάντα
3178 3182 3486 3251 πράσσειν,
3531 3200 3629 3252 μη-

2056 3270 2181 3324 δένα
2230 3271 2288 3322 ἐν
2345 3271 2533 3341 μηδενὶ
2568 3270 2731 3339 φόϐον
2770 3271 3009 3341 ἔχοντας.
3051 3272 3149 3324 Διά
3186 3273 3297 3342 γὰρ
3342 3273 3446 3342 τὴν
3497 3274 3628 3325 άπερ

2058 3361 2325 3433 λύτρωσιν
2384 3363 2726 3433 ἁκρατήτους
2776 3364 2871 3416 καὶ
2929 3350 3191 3434 ἀοράτους
3246 3363 3494 3432 γίνεσθαι
3556 3363 3626 3432 τῷ

2058 3454 2239 3524 κριτῇ.
2286 3453 2350 3506 Εἰ
2395 3452 2450 3505 δὲ
2496 3453 2590 3505 καὶ
2648 3453 2953 3507 ἐπιλάϐοιτο
3000 3454 3212 3517 αὐτῶν,
3255 3456 3625 3524 παραστάντες

2056 3543 2205 3614 αύτῷ
2260 3544 2398 3614 μετὰ
2445 3544 2542 3615 τῆς
2594 3544 3019 3616 ἀπολυτρώσεως
3077 3546 3206 3599 τάδε
3264 3546 3503 3599 εἴποιεν⁸
3558 3541 3627 3599 Ὦ

2056 3634 2309 3703 πάρεδρε
2363 3636 2511 3690 Θεοῦ
2550 3636 2648 3689 καὶ
2696 3634 2994 3705 μυστικῆς
3040 3638 3152 3703 πρὸ
3204 3637 3421 3703 αἰῶνος
3471 3640 3486 3669 ¹
3532 3640 3623 3692 Σι-

2054 3728 2189 3798 γῆς,
2214 3727 2292 3796 ἣν
2314 3729 2387 3782 τὰ
2427 3729 2641 3798 μεγέθη
2668 3729 2993 3795 διαπαντὸς
3016 3728 3329 3793 βλέποντα
3352 3727 3421 3782 τὸ
3451 3730 3629 3797 προσ-

2055 3837 2218 3874 ωπον
2268 3821 2375 3875 τοῦ
2432 3819 2661 3888 Πατρός
2704 3818 2897 3890 ὁδηγῷ
2948 3836 3047 3874 σοι
3102 3822 3199 3873 καὶ
3259 3820 3629 3889 προσαγωγεῖ

2054 3912 2323 3982 χρώμεθα
2367 3915 2421 3978 ¹,
2474 3913 2831 3968 ἀνασπῶσιν
2890 3914 3013 3967 ἄνω
3066 3914 3172 3978 τὰς
3224 3913 3427 3967 αὐτῶν
3484 3932 3628 3982 μορ-

2053 4006 2193 4073 φὰς,
2238 4004 2308 4071 ἅς
2358 4007 2397 4073 ὴ
2438 4005 2884 4075 μεγαλότολμος
2917 4006 3136 4071 ἐκείνη,
3170 4004 3627 4073 φαγτασιασήεἷο

2055 4110 2163 4157 σα,
2208 4095 2306 4149 διὰ
2342 4096 2409 4149 τὸ
2434 4089 2671 4165 ⁸ἀπαθὸν
2710 4095 2814 4150 τοῦ
2852 4096 3224 4165 προπάτορος
3268 4096 3624 4164 προεϐάλετο

2054 4186 2211 4255 ἡμᾶς
2240 4189 2347 4252 τὰς
2388 4190 2660 4256 εἰκόνας,
2695 4189 2829 4242 τότε
2871 4190 3156 4258 ἐνθύμιον
3199 4188 3317 4241 τῶν⁸
3370 4188 3493 4241 ἄνω
3550 4189 3625 4253 ὡς

2055 4277 2344 4331 ἐνύπνιον
2392 4278 2655 4347 ἔχουσα·
2701 4278 2829 4333 ιδοὺ
2868 4282 2901 4332 ό
2949 4278 3155 4347 κριτὴς
3204 4277 3415 4347 ἐγγὺς,
3453 4278 3551 4331 καὶ
3594 4280 3624 4329 ὁ

377 4359 521 4427 iubet
543 4375 715 4429 agere.
746 4356 823 4411 Tu
848 4358 1033 4425 igitur,
1072 4366 1247 4423 utpote
1269 4374 1383 4426 qua:
1409 4374 1489 4411 res
1515 4360 1784 4427 utriusque
1796 4359 1949 4427 probe

2069 4365 2251 4433 κῆρύξ
2279 4383 2354 4436 με
2386 4368 2618 4421 κελεύει
2658 4368 3102 4439 ἀπολογεῖσθαι.
3140 4367 3224 4422 Σὺ
3258 4367 3346 4432 δὲ,
3382 4368 3461 4433 ὠς
3506 4367 3625 4419 ἑπτ-

381 4460 580 4516 teneas,
612 4468 943 4505 communem
963 4450 1139 4520 judici
1166 4467 1261 4518 pro
1313 4460 1533 4520 utroque
1563 4462 1800 4505 nostrum
1830 4469 1954 4507 ora-

381 4544 577 4596 tionem
603 4542 923 4611 expromito.
948 4541 1160 4607 Quibus
1202 4545 1385 4596 statim
1422 4542 1628 4596 auditis
1660 4542 1831 4599 Mater
1854 4542 1958 4597 llo-

377 4634 639 4688 mericam
670 4630 920 4686 Plutonis
949 4633 1156 4701 galeam
1193 4632 1303 4687 illis
1335 4632 1586 4701 imptmit,
1628 4632 1707 4686 uti
1756 4648 1815 4687 se
1864 4634 1954 4703 ju-

380 4724 520 4778 dicis
558 4724 802 4793 aspectui
843 4723 1141 4779 subductos
1175 4724 1428 4793 eripiant.
1474 4723 1613 4777 Tum
1654 4727 1769 4779 sine
1801 4740 1953 4779 mora

381 4830 597 4869 sursum
628 4823 866 4879 evectos,
908 4824 962 4869 et
989 4816 1041 4868 in
1076 4816 1375 4869 thalamum
1413 4815 1757 4871 introductos
1788 4832 1955 4886 spon-

380 4907 459 4961 sis
487 4907 603 4962 suis
633 4909 893 4963 restituit.
926 4907 1051 4962 Ilrec
1081 4909 1158 4961 illi
1192 4908 1353 4963 dictis
1394 4907 1664 4977 factisque
1694 4907 1951 4977 profiten-

380 5006 486 5063 tes,
520 5000 605 5054 vel
642 5000 697 5054 in
744 5001 847 5057 hoc
890 5009 1082 5054 nostro
1114 4998 1364 5054 Rhodani
1420 5007 1599 5053 tractu
1653 5000 1944 5069 plerasque

453 5196 472 5227 ί
500 5194 640 5250 lren.
678 5192 907 5251 αἰώνων.
983 5197 1002 5227 ³
1030 5195 1155 5251 For.
1187 5195 1461 5268 χρώμενα.
1538 5194 1558 5226 ³
1589 5194 1713 5250 For.
1745 5194 1944 5250 αὐτῶν.

452 5373 563 5456 (ιε)
604 5375 864 5430 Ἀπαντα
883 5377 1001 5456 τόν
1032 5380 1253 5448 χρόνον
1283 5381 1817 5456 ἐξομολογουμένη.
1854 5379 1951 5435 Ve-

382 5450 471 5499 tus
519 5448 784 5521 interprth
817 5467 829 5501 :
873 5448 1038 5503 Omne
1078 5461 1277 5519 tempus
1312 5448 1792 5521 in—exlioinot'ogesi
1824 5468 1949 5504 con-

379 5518 679 5591 gummavit.
709 5516 830 5591 _Est
879 5527 1057 5573 autem
1098 5516 1532 5591 exhomologesis
1578 5516 1703 5576 hoc'
1725 5522 1943 5589 quidem

382 5585 500 5642 loco
543 5603 650 5643 non
707 5587 822 5659 ipsa
869 5592 1333 5663 tantumipeccati
1380 5585 1673 5655 confessio,
1709 5585 1829 5664 qua:
1857 5598 1942 5647 est

2059 4458 2325 4526 σταμένη
2367 4458 2440 4512 τὰ
2482 4458 2864 4528 ἀμφοτέρων,
2919 4459 3026 4513 τὸν
3078 4458 3227 4526 ὑπὲρ
3284 4457 3625 4527 ἀμφοτέρω

2056 4546 2226 4615 ἡμῶν
2252 4549 2438 4617 λόγον
2461 4549 2541 4615 ὡς
2569 4549 2677 4602 ἕνα
2709 4551 2873 4615 ὄντα,
2897 4535 2979 4614 τῶ
3010 4548 3181 4618 κριτῇ
3204 4548 3622 4617 παράστησον.

2069 4640 2130 4691 Ἢ
2158 4639 2215 4692 δὲ
2258 4641 2463 4713 μήτηρ,
2496 4642 2707 4712 ταχέως
2742 4641 3020 4696 ἀκούσασα
3064 4642 3291 4705 τούτων,
3324 4642 3426 4714 τὴν
3456 4644 3625 4710 Ὀμηο

2059 4729 2219 4801 ρικὴν
2267 4732 2448 4795 Ἄϊδος
2501 4733 2699 4803 κυνέην
2749 4733 2931 4797 αὐτοῖς
2983 4732 3324 4803 περιέθηκε,
3387 4732 3524 4803 πρὸς
3566 4733 3623 4783 τὸ

2056 4819 2302 4889 ἀοράτως
2356 4822 2616 4891 ἐκφυγεῖν
2667 4824 2759 4877 τὸν
2826 4825 3055 4896 κριτήνι.
3110 4824 3222 4877 Καὶ
3286 4824 3623 4895 παραχρῆμα

2058 4910 2417 4965 άνασπάσασα
2450 4913 2666 4980 αὐτοὺς,
2705 4916 2784 4979 είς
2806 4916 2895 4968 τὸν
2926 4916 3189 4986 νυμφῶνα
3216 4918 3500 4987 εἰσήγαγε,
3534 4916 3623 4968 καὶ

2056 5002 2302 5056 ἀπέδωκε
2340 5007 2449 5069 τοῖς
2473 5005 2668 5059 ἐαυτοῦ
2690 5006 2711 5037 ³
2740 5008 3011 5078 νυμφίοις.
3040 5006 3281 5063 Τοιαῦτα
3299 5008 3357 5061 δὲ
3384 5009 3622 5076 λέγοντες

2057 5380 2391 5450 poenitentiae
2420 5395 2567 5449 pars,
2598 5379 2692 5435 sed
2721 5378 3189 5451 paenitentiaipsa
3215 5398 3230 5445 ;
3266 5389 3535 5451 quatenus
3570 5392 3617 5434 et

2055 5451 2479 5512 confessionem,
2506 5460 2559 5505 et
2599 5451 2877 5504 luctuosas
2920 5449 3304 5517 poenitentiuni
3334 5452 3541 5515 sordes,
3570 5462 3618 5503 et

2055 5530 2249 5576 caetera
2284 5522 2538 5575 maeroris
2568 5536 2631 5575 ac
2671 5518 3285 5590 tamiytbgewgindicia
3308 5522 3613 5590 complecti-

2050 5601 2139 5646 tur
2169 5610 2183 5650 :
2217 5592 2284 5647 de
2313 5591 2512 5659 quibus
2541 5592 2753 5646 dicetur
2783 5589 2849 5644 ad
2880 5588 3168 5645 Novatian.
3208 5588 3456 5646 ἥξει-θεία.
