3772 6188
159 254 264 309 589

794 250 1160 307 ADVERSUS
1199 250 1542 307 [LERESES
1578 251 1705 306 LIB.
1750 251 1788 309 Ι.
1831 250 1998 305 ΤΟΜ.
2042 248 2213 305 lll.——
2252 250 2525 305 H/EliES.
2566 249 2800 305 XXXIV.

3298 254 3404 310 5‘90

161 373 252 427 xui
294 371 646 445 πράττοντες,
683 368 776 421 καὶ
810 369 869 419 ἐν
892 371 1009 431 τοῖς
1045 367 1165 420 καθ’
1192 369 1339 438 ἡμᾶς
1379 367 1605 438 κλίμασι
1633 368 1728 437 τῆς

1848 367 2091 421 mlieres
2126 366 2179 419 in
2223 380 2467 420 errorem
2514 368 2820 421 traxerunt}.
2866 372 2998 432 time
3054 376 3404 425 cauteriatam

172 460 550 523 Ῥοδανουσίας
577 459 713 530 (12),
763 458 962 521 πολλὰς
1004 458 1385 529 ἐξηπατήκασι
1428 460 1726 527 γυναῖκας’

161 554 365 616 αἵτινες
417 551 953 621 κεκαυτηριασμέναι
992 551 1091 620 τὴν
1146 551 1481 622 συνείδησιν,
1521 552 1578 604 αἱ
1634 552 1731 621 μὲν

161 647 259 699 καὶ
300 645 379 708 είς
419 644 649 715 φανερὸν
697 641 1180 714 ἐξομολογοῦνται,
1215 644 1271 695 αἱ
1320 643 1404 707 δὲ,
1453 643 1731 697 δυσωπού-

162 754 325 807 μεναι
353 734 531 799 τοῦτο,
560 735 740 805 ήσυχῆ
773 734 829 787 δέ
854 752 969 797 πως
1001 734 1199 797 ἑαυτὰς
1226 733 1589 805 ἀπηλπικυῖαι
1620 736 1730 804 (13)

157 826 263 896 τῆς
286 825 428 897 ζωῆς
462 824 557 879 τοῦ
595 825 749 890 Θεοῦ,
776 825 914 878 ἔνιαι
946 826 1044 896 μὲν
1087 828 1167 889 εἰς
1204 814 1279 878 τδ
1322 828 1583 891 παντελὲς
1625 831 1733 882 ἀπο

156 917 420 988 ἐστησαν,
450 917 588 971 ἔνιαι
609 917 667 970 δὲ
694 917 1211 988 ἐπαμφοτερίζουσι,
1243 919 1333 971 καὶ
1360 919 1420 971 τὸ
1459 920 1560 990 τῆς
1590 938 1731 991 παρ-

155 1008 348 1077 οιμίας
375 1008 703 1071 πεπόνθασι,
738 1009 873 1079 μήτε
898 1008 1003 1073 ἔξω
1032 1010 1164 1080 μήτε
1197 1009 1307 1062 ἔσω
1333 1006 1507 1075 οὖσαι,
1530 1013 1732 1084 ταύτην

155 1097 386 1168 ἔχουσαι
418 1100 516 1171 τὴν
548 1099 881 1171 ἐπικαρπίαν
921 1100 1014 1155 τοῦ
1043 1101 1355 1171 σπέρματος
1384 1102 1493 1156 τῶν
1519 1105 1723 1158 τέκνων

153 1192 262 1261 τῆς
293 1191 567 1261 γνώσεως.

228 1284 307 1338 Δ’.
360 1284 585 1348 Οὖτως¹
630 1284 859 1356 Μάρκος
909 1287 1119 1357 μήτραν
1152 1287 1266 1357 (14)
1320 1289 1417 1343 καὶ
1461 1290 1731 1360 ἐκδοχεῖον

150 1377 263 1447 τῆς
284 1376 631 1447 Κολορϐάσου
663 1377 1016 1448 εἰσηγήσατο,
1047 1378 1209 1431 αὑτὸν
1239 1379 1543 1449 μονώτατον
1576 1399 1731 1451 γεγο-

150 1470 309 1524 νέναι
346 1470 539 1538 λέγων,
572 1469 669 1522 ἆτε
699 1468 990 1540 μονογενὴς
1029 1470 1288 1541 ὑπάρχων
1332 1471 1499 1543 αὐτῷ,
1538 1474 1597 1526 τὸ
1634 1473 1729 1526 τοῦ

153 1562 538 1633 ὑστερήματος
601 1561 898 1615 κατατεθὲν
927 1565 947 1594 ²
994 1564 1077 1626 εἰς
1126 1563 1286 1618 αὐτὸν
1332 1557 1434 1617 ὧδέ
1468 1581 1583 1628 πως
1627 1567 1731 1618 άπ-

147 1652 413 1720 εκύησεν.
431 1651 608 1722 Αὐτὴν
636 1652 734 1722 τὴν
764 1653 1183 1724 πανυπερτάτην
1214 1653 1322 1706 ἀπὸ
1350 1654 1455 1706 τῶν
1488 1654 1730 1729 άοράτων

150 1743 256 1797 καὶ
298 1743 749 1814 ἀκατονομάστων
809 1743 1011 1797 τούτων
1038 1746 1279 1815 Τετράδα
1310 1744 1728 1817 κατεληλυθέναι

151 1836 401 1904 σχήματι
445 1832 742 1904 γυναικείῳ
781 1834 919 1905 πρὸς·
950 1834 1131 1887 αὐτόν.
1176 1834 1428 1905 Ἐπειδὴ,
1474 1834 1628 1906 φησι,
1667 1834 1727 1887 τὸ

149 1926 329 1996 ᾶῤῥεν
377 1925 545 1995 αὐτῆς
588 1927 617 1978 ὁ
666 1926 869 1995 κόσμος
927 1926 1113 1997 φέρειν
1169 1926 1267 1979 οὐκ
1313 1926 1578 1995 ἠδύνατο,
1634 1926 1727 1978 καὶ

151 2015 401 2087 μηνῦσαι
436 2015 572 2087 αὐτὴ
600 2016 621 2047 ³
648 2015 731 2080 τίς
757 2012 847 2087 ἦν,
881 2016 1090 2089 καὶτὴν
1122 2017 1227 2069 τῶν
1251 2017 1465 2071 πάντων
1493 2017 1723 2084 γένεσιν,

146 2109 219 2181 ἢν
255 2108 430 2161 οὐδενὶ
466 2106 686 2161 πώποτε
718 2106 841 2159 οὐδὲ
872 2107 1008 2161 θεῶν
1037 2108 1157 2160 οὐδὲ
1184 2106 1485 2178 ἀνθρώπων
1516 2106 1726 2159 ἀπεκά-

148 2201 317 2271 λυψε,
366 2198 543 2269 τούτῳ
579 2200 870 2270 μονωτάτῳ
905 2198 1265 2270 διηγήσασθαι
1286 2242 1300 2265 ,
1335 2198 1506 2262 οὕτως
1544 2199 1728 2252 είποῦ-

150 2307 287 2343 σαν·
322 2291 452 2343 Ὅτε
483 2289 544 2341 τὸ
575 2287 790 2359 πρῶτον
819 2290 847 2340 ὁ
887 2286 1075 2358 Πατὴρ
1103 2286 1288 2340 ὤδινεν
1308 2285 1331 2317 ⁸
1357 2289 1385 2340 ὁ
1417 2288 1727 2358 ἀνεννόητος

148 2382 254 2436 καὶ
297 2381 565 2445 ἀνοὺσιος,
612 2383 641 2434 ὁ
695 2382 832 2451 μήτε
871 2378 1038 2450 ἄρρεν
1087 2379 1224 2450 μήτε
1276 2378 1428 2449 θῆλυ,
1466 2378 1726 2449 ἠθέλησεν

147 2474 322 2527 αὐτοῦ
338 2473 657 2545 τὸ-ἄρρητον
681 2471 1023 2542 γεννηθῆναι,
1050 2472 1143 2524 καὶ
1167 2470 1233 2523 τὸ
1255 2472 1481 2541 ἀόρατον
1508 2489 1727 2543 μορςρω-

149 2565 345 2636 θῆναι,
380 2565 557 2636 ῆνοιξε
594 2563 653 2618 τὸ
688 2564 882 2634 στόμα,
912 2563 1006 2616 καὶ
1039 2564 1317 2635 προήκατο
1354 2563 1509 2631 λόγον
1545 2564 1727 2635 ὅμοιον

157 2654 339 2725 αὐτῷ.
378 2657 474 2718 Ὃς
514 2652 798 2725 παραστὰς
836 2652 1116 2719 ὑπέδειξεν
1166 2652 1312 2723 αὐτῷ
1352 2652 1380 2705 ὃ
1428 2648 1517 2723 ἦν,
1568 2652 1729 2716 αὐτὸς

146 2748 251 2801 τοῦ
298 2749 532 2820 ἀοράτου
589 2746 770 2818 μορφὴ
816 2745 1021 2815 φανείς.
1071 2745 1133 2798 Ἡ
1169 2745 1224 2799 δὲ
1272 2745 1580 2816 ἐκφώνησις
1631 2745 1725 2799 τοῦ

145 2840 425 2911 ὀνόματος
456 2838 671 2907 ἐγένετο
701 2836 944 2907 τοιαύτη·
981 2836 1242 2905 Ἐλάλησε
1273 2835 1429 2904 λόγον
1456 2836 1547 2888 τὸν
1580 2836 1729 2907 πρῶ-

147 2949 246 2985 τον
285 2930 383 2984 τοῦ
426 2931 687 3001 ὀνόματος
714 2927 902 2994 αὐτοῦ,
951 2928 1075 2998 ἥτις
1110 2922 1179 2997 ἦν
1225 2927 1397 2998 ἀρχή,
1446 2928 1539 2980 καὶ
1587 2922 1654 2997 ἦν
1693 2928 1725 2998 ή

1834 458 2082 514 habentes
2109 458 2489 512 conscientiam
2518 459 2538 488 '
2573 458 2769 528 partim
2820 458 2872 511 id
2924 459 3180 528 perfricta
3228 461 3406 518 fronte

1833 568 1946 623 pra:
1975 568 2033 607 se
2055 550 2258 614 ferunt,
2292 552 2487 620 partim
2520 549 2847 605 verecundia
2877 551 3074 616 ducta),
3109 567 3171 606 ac
3216 554 3404 622 paula-

1826 644 1930 696 tim
1967 650 2147 696 tamen
2181 642 2237 696 in
2266 644 2393 696 vita:
2428 642 2670 698 cmlestis
2712 642 3145 711 desperationem
3204 646 3405 715 impul-

1834 752 1927 798 sae,
1955 736 2170 789 tandem
2197 745 2290 789 aut
2312 737 2379 790 ab
2404 737 2634 790 veritate
2667 751 2725 791 se
2754 736 2970 805 penitus
2992 738 3403 804 abstraxerunt,

1835 834 1929 881 aut
1959 828 2137 881 adhuc
2169 827 2472 881 dubitando
2502 827 2789 893 fluctuant,
2825 836 3007 896 atque,
3062 838 3120 882 ut
3174 829 3404 885 Prover-

1833 918 1923 973 hio
1956 918 2151 981 fertur,
2175 933 2276 971 nec
2305 917 2449 971 intra
2484 933 2585 971 nec
2628 926 2782 972 extra
2825 918 3153 983 consistunt,
3214 920 3406 974 talem-

1832 1029 1941 1083 que
1985 1029 2050 1067 ex
2104 1013 2195 1067 illa
2232 1012 2728 1067 scientissimorum
2774 1014 3054 1067 hominum
3113 1016 3257 1070 velut
3318 1031 3404 1070 se-

1832 1114 2017 1160 mente
2044 1106 2275 1160 fructum
2304 1104 2568 1161 referunt.

1906 1285 1995 1341 IV.
2030 1286 2051 1317 ⁸
2098 1285 2366 1343 Cancrum
2414 1284 2630 1340 Marcus
2678 1286 2781 1341 iste
2838 1286 3201 1342 Colorbasicae
3249 1286 3405 1358 Siges

1834 1386 2047 1434 uterum
2083 1393 2147 1432 ac
2173 1378 2630 1448 conceptaculum
2659 1394 2823 1431 unum
2866 1395 2925 1434 se
2961 1394 3023 1432 ac
3072 1379 3402 1449 singularem

1833 1470 2002 1525 fuisse
2036 1469 2390 1539 praadicabat,
2442 1477 2503 1523 ut
2545 1470 2639 1540 qui
2690 1471 2923 1540 unigena
2961 1471 3137 1525 eidem
3174 1471 3339 1526 fuerit
3384 1490 3399 1523 :

1833 1575 1896 1614 ac
1923 1558 2171 1613 defectus
2198 1574 2407 1622 semen,
2439 1560 2585 1628 quod
2637 1560 2693 1613 in
2728 1575 2787 1615 se
2815 1569 3119 1630 receperat,
3152 1560 3255 1615 hoc
3288 1560 3403 1615 fere

1833 1649 1994 1705 modo
2020 1649 2249 1720 peperit.
2285 1649 2500 1720 Quippe
2538 1666 2806 1704 summam
2840 1652 2988 1705 illam
3021 1650 3310 1707 Tetradem
3334 1668 3402 1707 ex

1760 1719 1802 1772 Β
1832 1742 1901 1796 iis
1923 1741 2060 1796 locis
2091 1757 2211 1812 qua:
2238 1741 2412 1797 videri
2444 1743 2823 1812 nominarique
2846 1751 3147 1813 nequeunt,
3179 1743 3245 1797 ad
3280 1758 3405 1798 sese

1830 1833 2083 1888 muliebri
2137 1833 2319 1904 specie
2377 1833 2803 1890 descendisse:
2858 1836 3137 1904 quoniam,
3198 1836 3399 1905 inquit,

1829 1924 1978 1994 quod
2009 1925 2065 1979 in
2093 1939 2156 1979 ea
2198 1925 2487 1981 masculini
2521 1938 2687 1980 sexus
2715 1936 2832 1980 erat
2860 1928 3134 1981 sustinere
3163 1928 3404 1981 mundus

1828 2032 1937 2072 non
1973 2024 2186 2087 poterat
2234 2036 2248 2071 :
2300 2016 2497 2073 deinde
2541 2034 2599 2073 se
2632 2033 2881 2088 quaenam
2917 2027 3063 2073 esset
3093 2019 3398 2088 aperuisse,

1827 2109 2320 2179 universorumque
2342 2110 2771 2180 generationem,
2799 2110 2959 2180 237
2999 2126 3160 2179 quam
3194 2112 3402 2165 nemini

1827 2200 2053 2255 deorum
2116 2216 2359 2271 unquam
2402 2202 2816 2271 hominumque
2877 2201 3233 2272 patefecerat,
3296 2202 3400 2258 soli

1828 2291 1935 2361 ipsi
1965 2291 2098 2345 iisce
2129 2292 2309 2346 verbis
2332 2293 2675 2362 exposuisse.
2710 2293 2847 2348 Cum
2880 2294 3115 2363 primum
3148 2290 3311 2349 Pater
3355 2294 3401 2350 is

1828 2381 1920 2449 qui
1967 2396 2145 2450 neque
2198 2382 2532 2451 cogitatione
2565 2383 2685 2452 capi
2720 2391 2923 2453 potest,
2963 2392 3018 2437 et
3048 2392 3258 2439 natura:
3282 2401 3402 2439 om-

1829 2472 1917 2527 nis
1946 2478 2031 2527 est
2081 2488 2301 2544 expers,
2361 2489 2538 2543 neque
2567 2489 2733 2543 porro
2764 2490 2883 2530 mas
2909 2483 3013 2538 est,
3051 2484 3144 2529 aut
3175 2475 3399 2541 femina,

1830 2563 2104 2633 parturire
2138 2564 2325 2633 coepit,
2356 2566 2503 2635 quod
2561 2566 2613 2618 in
2661 2581 2720 2620 se
2752 2574 2870 2621 erat
2894 2567 3277 2637 inexplicabile
3319 2569 3402 2639 gi-

1829 2652 1942 2722 gni,
1972 2654 2116 2723 quod
2169 2653 2580 2723 inaspectabile,
2633 2653 2859 2709 formari
2896 2657 3143 2726 cupiens,
3175 2672 3237 2713 os
3272 2671 3399 2726 ape-

1829 2742 1961 2807 ruit,
1988 2742 2332 2813 similemque
2360 2745 2446 2798 sui
2473 2760 2781 2800 sermonem
2827 2747 3018 2801 edidit.
3050 2746 3153 2812 Qui
3180 2747 3397 2817 quidem

1833 2844 2022 2889 astans
2054 2836 2103 2889 ei
2137 2836 2397 2905 quidnam
2430 2844 2577 2892 esset
2634 2837 2900 2903 ostendit,
2934 2853 3058 2892 cum
3089 2838 3400 2908 inaspecta-

1830 2925 1958 2980 bilis
1988 2927 2137 2980 illius
2165 2927 2316 2979 velut
2344 2926 2546 2997 cfiigies
2576 2936 2885 2997 appareret.
2930 2926 3213 2997 Ejusmodi
3237 2944 3399 2998 porro

154 3024 402 3097 συλλαόὴ
438 3022 599 3077 αὐτοῦ
636 3022 913 3093 στοιχείων
935 3020 1236 3092 τεσσάρων.
1267 3018 1598 3090 Ἐπισυνῆψε
1626 3020 1725 3091 τὴν

1848 3017 2072 3071 iominis
2112 3017 2203 3070 illa
2232 3018 2611 3087 pronuntiatio
2657 3018 2890 3073 exstitit.
2942 3017 3185 3071 Primum
3218 3019 3399 3088 appel-

145 3117 445 3190 δευτέραν·
494 3116 586 3171 κει.)¹
630 3110 699 3188 ἦν
748 3114 845 3167 καὶ
897 3114 1035 3183 αὐτὴ
1088 3112 1363 3183 στοιχείων
1422 3111 1721 3183 τεσσάρων.

160 3209 327 3280 Ἑξῆς
364 3208 589 3278 ἐλάλησε
628 3207 727 3278 τὴν
766 3206 983 3277 τρίτηνο
1029 3204 1121 3259 καὶ
1161 3198 1228 3275 ἧν
1259 3202 1353 3258 καί
1400 3202 1537 3273 αὐτὴ
1582 3218 1725 3253 στοι-

147 3301 319 3371 χείων
371 3298 517 3352 δέκα.
569 3300 678 3352 Καὶ
701 3299 797 3371 τὴν
841 3297 977 3368 μετὰ
1011 3296 1183 3350 ταῦτα
1228 3295 1488 3365 ἐλάλησεο
1535 3292 1630 3349 καὶ
1658 3288 1726 3366 ἦν

147 3393 248 3445 καὶ
280 3390 423 3461 αὐτὴ
468 3389 745 3461 στοιχείων
784 3389 1030 3445 δεκαδύο.
1056 3388 1305 3457 Ἐγένετο
1342 3382 1435 3441 οὗν
1469 3388 1504 3459 ἡ
1545 3386 1726 3456 ἐκφώ-

147 3501 310 3556 νησις
356 3481 449 3536 τοῦ
495 3482 618 3535 ὅλου
658 3482 919 3553 ὀνόματος
955 3480 1233 3551 στοιχείων
1263 3480 1363 3552 μὲν
1411 3478 1723 3553 τριάκοντα,

150 3573 442 3627 συλλαϐῶν
473 3573 529 3627 δέ
568 3574 870 3645 τεσσάρων.
900 3574 1167 3627 ’Έκαστον
1202 3573 1260 3627 δὲ
1307 3572 1417 3627 τῶν
1450 3564 1727 3643 στοιχείων

150 3667 263 3719 ἴδια
292 3665 618 3736 γράμματα,
650 3666 742 3718 καὶ
776 3664 906 3718 ἴδιον
935 3664 1283 3735 χαρακτῆρα,
1323 3662 1419 3718 καὶ
1463 3663 1598 3717 ἰδίαν
1631 3666 1726 3718 ἐκ·

147 3758 422 3827 ςώνησιν,
456 3758 550 3811 καὶ
580 3758 855 3827 σχήματα,
882 3758 975 3808 καὶ
1008 3755 1220 3819 εἰκόνας
1244 3755 1405 3826 ἔχειν,
1436 3757 1529 3809 καὶ
1561 3756 1726 3827 μηδὲν

144 3849 335 3902 αὑτῶν
376 3844 533 3909 εἶναι,
578 3847 607 3900 δ
645 3847 741 3918 τὴν
796 3847 1003 3899 ἐκείνου
1045 3846 1253 3918 καθορᾷ
1287 3846 1517 3918 μορφὴν,
1557 3843 1726 3921 οὗπερ

145 3942 319 4003 αὐτὸς
370 3939 625 4008 στοιχεῖόν
674 3940 855 3991 ἐστιν’
904 3937 1036 3991 ἀλλὰ
1068 3938 1187 3991 οὐδὲ
1234 3937 1489 4005 γινώσκει
1541 3940 1721 4005 αὑτὸν,

144 4032 274 4083 οὐδὲ
317 4032 427 4101 μὴν
457 4031 553 4102 τὴν
581 4029 675 4083 τοῦ
705 4030 929 4102 πλησίον
962 4030 1123 4083 αὑτοῦ
1166 4030 1394 4083 ἕκαστον
1419 4030 1727 4100 ἐκφώνησιν

145 4126 439 4195 πολιορκεῖ
458 4126 501 4187 ⁵,
542 4123 677 4177 ἀλλὰ
714 4127 742 4178 ὁ
784 4125 943 4188 αὐτὸς
975 4126 1227 4192 ἐκφωνεῖ,
1264 4125 1339 4186 ὼς
1386 4125 1446 4177 τὸ
1492 4128 1599 4179 πᾶν
1632 4129 1726 4178 ἐκ·

146 4215 461 4286 φωνοῦντα,
492 4215 551 4268 τὸ
573 4215 690 4267 ὅλον
720 4214 968 4287 ἡγεῖσθαι
989 4214 1295 4284 ὀνομάζειν.
1323 4215 1589 4267 ’Έκαστον
1619 4215 1727 4287 γάρ

143 4308 360 4370 αὐτῶν,
400 4305 564 4378 μέρος
586 4306 643 4360 ὃν
670 4306 765 4360 τοῦ
795 4307 938 4371 ὅλου,
972 4306 1061 4359 τὸν
1098 4306 1227 4359 ἴδιον
1255 4302 1387 4377 ἦχον
1420 4306 1495 4369 ὡς
1524 4306 1584 4359 τὸ
1617 4308 1725 4359 πᾶν

1829 3109 2050 3165 lationis
2094 3126 2205 3165 sua:
2248 3110 2570 3164 vocabulum
2624 3112 2872 3166 elocutus
2916 3118 2999 3167 est
3032 3130 3044 3165 :
3082 3112 3185 3166 hoc
3216 3119 3399 3165 autem

1828 3203 1993 3273 ἀρχή,
2028 3203 2143 3257 sive
2168 3203 2497 3272 principium
2546 3211 2685 3269 erat,
2741 3204 2899 3271 cujus
2931 3203 3136 3273 syllaba
3164 3213 3399 3274 quatuor

1826 3294 2113 3351 elementis
2148 3294 2459 3350 constabat.
2504 3293 2625 3347 Mox
2675 3294 2900 3348 alteram
2946 3295 3207 3365 syllabam
3248 3294 3400 3365 adje-

1827 3390 1923 3452 cit,
1955 3405 2076 3459 qua:
2102 3398 2155 3445 et
2185 3390 2303 3460 ipsa
2341 3390 2609 3445 elementa
2639 3389 2955 3444 continebat
2981 3396 3235 3457 quatuor.
3268 3389 3397 3445 inde

1826 3482 2044 3536 tertiam
2098 3481 2284 3535 decem
2346 3494 2412 3535 ex
2473 3481 2762 3536 elementis
2818 3480 3200 3551 compositam.
3273 3479 3398 3536 Mox

1826 3586 2075 3639 quartam
2111 3571 2508 3626 elementorum
2556 3572 2865 3627 duodecim.
2917 3571 2996 3626 lta
3030 3573 3269 3628 nominis
3313 3582 3396 3628 to-

1828 3664 1938 3719 tius
1970 3664 2261 3733 appellatio
2309 3680 2378 3719 ex
2428 3665 2653 3720 tricenis
2702 3673 2787 3720 est
2834 3667 3135 3731 elementis,
3175 3666 3397 3738 syllabis

1826 3773 1955 3811 vero
1979 3765 2352 3827 coagmentata
2375 3767 2632 3827 quatuor.
2667 3759 2741 3812 Ita
2770 3767 2973 3825 tamen,
3002 3768 3061 3813 ut
3089 3768 3143 3814 et
3167 3760 3399 3816 elemen-

1829 3856 1943 3901 tum
1979 3849 2265 3919 quodlibet
2299 3851 2551 3918 proprias
2586 3850 2819 3915 litteras,
2855 3851 3217 3921 propriosque
3263 3852 3397 3906 cha-

1827 3944 2093 4000 racteres,
2125 3942 2178 3989 et
2221 3936 2719 4005 pronuntiationem
2772 3938 3047 4007 propriam
3083 3939 3299 4001 habeat,
3334 3941 3396 3993 fi-

1827 4043 2016 4098 guram
2045 4027 2279 4098 denique
2306 4028 2646 4099 eﬂigiemque
2673 4032 2948 4100 propriam
2971 4048 2985 4095 ;
3027 4047 3204 4101 neque
3232 4033 3395 4101 quid-

1827 4134 1989 4189 quam
2031 4120 2123 4185 sit,
2175 4118 2322 4190 quod
2356 4120 2506 4175 illius
2559 4120 2815 4185 formam,
2868 4121 3027 4188 cujus
3064 4123 3394 4178 elementum

1827 4221 1931 4277 est,
1963 4211 2211 4280 aspiciat,
2271 4211 2381 4266 imo
2430 4228 2499 4268 ne
2558 4224 2855 4284 cognoscat
2911 4215 3154 4284 quidem.
3207 4214 3396 4284 Neque

1827 4315 1994 4369 porro
2020 4299 2185 4354 vicini
2220 4300 2324 4356 sibi
2369 4300 2648 4371 quodlicet
2695 4302 2950 4357 elementi
2988 4305 3395 4373 pronuntiatio-
3434 4294 3447 4309 ⁸

145 4396 468 4469 ὀνομάζειν,
496 4398 590 4450 καὶ
630 4398 704 4469 μὴ
745 4397 1054 4451 παύσασθαι
1087 4397 1344 4469 ἠχοῦντα,
1375 4397 1569 4470 μέχρις
1602 4399 1723 4451 ὅτου

1852 4408 1954 4447 rem
1994 4394 2172 4458 novit;
2205 4393 2300 4448 sed
2327 4393 2406 4449 sic
2433 4394 2521 4448 ille
2546 4395 2883 4464 pronuntiat,
2917 4409 2975 4451 ut
3003 4404 3174 4450 totum
3212 4395 3395 4466 profe-

143 4491 242 4543 ἐπὶ
268 4489 333 4541 τὸ
372 4488 593 4557 ἔσχατον
619 4486 851 4558 γράμμα
882 4487 973 4540 τοῦ
1009 4487 1236 4540 ἑκάστου
1270 4486 1531 4556 στοιχείου
1566 4503 1723 4557 μονο-

142 4582 576 4653 γλωσσήσαντος
601 4580 938 4651 καταστήσαι
998 4579 1039 4633 ⁸.
1083 4578 1215 4633 Τότε
1248 4579 1304 4633 δὲ
1338 4580 1433 4633 καὶ
1464 4578 1561 4650 τὴν
1586 4579 1722 4632 ἀπο-

1832 4499 1981 4549 rens,
2042 4486 2327 4539 nominare
2396 4486 2713 4539 universum
2791 4486 3087 4541 existimet.
3169 4486 3395 4558 Singula

1830 4578 2053 4649 quippe,
2091 4593 2215 4632 cum
2244 4578 2488 4633 universi
2536 4579 2647 4633 sint
2677 4586 2879 4648 partes,
2909 4579 3239 4648 peculiarem
3290 4579 3394 4634 sibi

218 4737 237 4766 ¹
269 4734 419 4791 lren.
459 4730 611 4806 οὗτος
638 4744 702 4806 et,
716 4749 840 4787 mox
877 4733 1179 4806 Κολορϐάσ.
1220 4736 1377 4806 σιγῆς
1399 4734 1610 4806 ἑαυτόν.
1687 4736 1707 4765 ²

1848 4750 1882 4787 ι.
1912 4733 2178 4806 ὑστερήμ.
2212 4732 2372 4806 σπὲρ.
2401 4731 2523 4806 M0;
2552 4748 2651 4802 pro
2672 4732 2898 4806 τούτων,
2919 4733 3146 4806 τόπων..
3199 4733 3219 4764 ³
3252 4730 3394 4806 Iret).

141 4807 379 4883 ἑαυτήν.
452 4805 475 4836 ⁸
501 4805 573 4863 Ir.
604 4804 755 4883 ad_dit
788 4802 1044 4883 ἀπάτωρ..-
1108 4804 1129 4835 ³
1156 4804 1297 4883 lrenﬁ.
1335 4802 1655 4883 ἐπίσταται.
1684 4873 1728 4883 η

1848 4828 1869 4856 ι.
1907 4802 2444 4874 μονογλωσσήσαντα.
2488 4802 2628 4857 lren.
2681 4802 2909 4883 ἐσχάτου
2950 4804 3209 4873 στοιχείου
3256 4804 3394 4857 scri-

140 4878 295 4948 psit,
346 4883 403 4932 et
448 4876 801 4946 καταστῆναι.

216 5034 342 5106 (12)
398 5032 671 5106 ἘΞ-,τοῖς
699 5032 839 5106 Δκαθ’
876 5029 1042 5106 ἡμᾶς
1058 5030 1333 5106 -κνζίμασι
1371 5028 1483 5098 τῆς
1537 5026 1729 5106 Ῥοδα-

140 5096 438 5169 νοὺσίας.
464 5096 715 5159 Rhodani
742 5096 978 5157 tractum
1006 5096 1415 5155 Rhodanusiam
1433 5096 1629 5153 vocat.
1656 5096 1729 5151 Ut

141 5188 201 5233 et
238 5178 300 5231 in
334 5182 446 5230 vet.
480 5174 731 5242 inscript.
764 5172 1055 5242 Rhodanici
1106 5169 1353 5242 Rhodani
1386 5171 1587 5242 accola:
1631 5183 1728 5222 no-

142 5243 466 5302 minantur.
499 5238 820 5312 Quanquam
868 5240 1177 5312 Stephanus
1224 5238 1598 5312 'PoBayouctav
1629 5253 1727 5312 ur-

140 5320 278 5373 bem
319 5328 446 5370 esse
474 5308 619 5369 dicat
648 5308 705 5367 ὲν
738 5310 1047 5381 Μασσαλίᾳ.
1073 5310 1189 5366 Huc
1218 5325 1347 5365 vero
1379 5308 1601 5381 Hiero_n.
1650 5310 1728 5361 lo-

141 5404 252 5459 cus
290 5385 529 5456 pertinet
570 5384 637 5439 ad
684 5381 941 5459 Lx_iv_lsa.
986 5376 1183 5459 caput,
1220 5394 1381 5459 quem
1426 5376 1727 5459 etFronto

142 5449 399 5513 Ducéus
450 5463 636 5528 noster
693 5454 759 5508 ad
790 5453 969 5528 _hunc
1024 5449 1203 5528 locum
1240 5449 1574 5528 observat“:
1631 5449 1721 5502 ubi

141 5529 459 5585 Gnostieos
500 5526 611 5587 ait,
653 5541 742 5594 per
782 5523 1026 5577 Marcum
1070 5520 1392 5594 Egyptiunt
1423 5517 1722 5594 Galliarum

141 5538 459 5585 Gnostteos
500 5538 611 5587 ait,
653 5541 742 5594 per
782 5538 1026 5577 marcum
1070 5538 1137 5574 In
1212 5538 1379 5589 puum
1423 5538 1722 5571 nautarum

140 5602 392 5668 primum
419 5594 923 5668 circathodanum,
954 5538 1724 5668 deindemispaniarum.uobi-

143 5658 225 5728 les
268 5669 502 5727 feminas
548 5666 840 5737 decepisse,
892 5665 1163 5719 miscentes
1220 5660 1414 5730 fabulis
1485 5658 1722 5727 volupta-

889 4872 909 4903 ⁷
943 4872 1125 4929 lTim.
1164 4874 1319 4943 1v,-2.
1391 4873 1573 4929 ’lren.
1595 4888 1647 4929 c.
1677 4873 1763 4928 10.

1824 5038 1925 5081 tem
1955 5035 2004 5079 et
2049 5025 2488 5094 imperititesuaz
2534 5036 2720 5094 nomen
2765 5021 2997 5094 scientiae
3043 5020 3391 5094 venditantes.

1896 5096 2004 5165 (15)
2036 5089 2267 5163 Ἠάινχῆ
2291 5091 2357 5144 δέ
2376 5106 2500 5157 πως
2550 5090 2765 5165 ἑαυτάς
2787 5089 3203 5165 ἀπηλπικυῒᾳι.
3230 5091 3394 5143 Plana

1823 5174 1877 5221 et
1903 5160 2136 5236 integra
2162 5160 2562 5236 lectio,_neque
2608 5160 2905 5236 quidquam
2936 5160 3274 5236 addendum;
3314 5170 3394 5213 ta-

1824 5236 1985 5290 metsi
2010 5228 2231 5305 quidam
2262 5228 2489 5305 verbum
2521 5228 2831 5305 χωρίζουσι
2839 5229 3139 5305 desiderari
3170 5238 3342 5305 putet.

1898 5304 2009 5376 (14)
2030 5298 2218 5376 Ὀὕτω
2246 5301 2484 5376 Μάρκος
2508 5298 2765 5376 μήτραν.
2798 5299 2890 5376 De_
2918 5298 3213 5376 Colgrbaso
3256 5298 3393 5353 Ter-

1830 5369 1952 5429 tul'l.
1991 5369 2248 5429 'meminit
2291 5373 2328 5425 l.
2359 5371 2435 5424 De
2456 5372 2751 5440 prmscript.
2792 5384 2842 5423 c.
2873 5371 2963 5425 50.
3003 5369 3137 5436 Qua:
3160 5385 3392 5440 sequun-

1833 5454 1922 5499 tur
1952 5443 2117 5499 Marci
2146 5444 2377 5505 somnia,
2402 5439 2546 5510 quod
2575 5454 2681 5494 non
2710 5441 2890 5495 minus
2924 5442 3195 5510 perplexa,
3227 5448 3281 5493 et
3309 5439 3392 5492 in-

1830 5517 2043 5577 tricata,
2072 5527 2234 5582 quam
2277 5512 2473 5568 stolida
2493 5551 2508 5573 ,
2555 5510 2845 5579 inaniaque
2880 5512 3010 5575 sint,
3041 5512 3097 5564 in
3130 5510 3197 5564 iis
3225 5523 3390 5563 excu-

1828 5586 2027 5639 tiendis
2069 5592 2283 5651 tempus
2315 5594 2647 5651 operamque
2691 5594 3015 5651 consumere
3064 5592 3390 5651 supervaca-

1830 5669 1990 5710 neum
2024 5644 2371 5724 duxi.'[Vidé
2410 5644 2657 5720 Prolegg.
2698 5648 2764 5703 ad
2793 5646 3079 5707 Irenaeum.
3108 5644 3293 5720 Eam]
