3772 6188
400 241 503 299 £59!

1806 255 1863 313 S.
1905 255 2247 313 ΕΡΙΡΙῙΑΝΙΙ

3574 262 3665 319 599.

404 371 600 411 sonum
656 358 803 413 velut
854 368 1033 416 totum
1087 363 1304 430 elferre,
1338 381 1439 422 nec
1468 368 1622 438 prius
1667 370 1737 425 ab
1775 372 1981 429 edendo

2105 374 2428 428 ιατάστασιν
2462 375 2570 430 τῶν
2601 374 2738 430 ὅλων
2763 376 2867 446 ἔφη
2893 374 3171 444 γενέσθαι,
3201 378 3334 431 ὅταν
3366 377 3437 431 τὰ
3483 380 3663 432 πάντα»

403 447 692 515 desistere,
724 467 888 520 quam
906 453 976 508 ad
1004 462 1307 512 extremam
1338 460 1575 514 extremi
1602 460 1865 519 elementi
1887 465 1978 521 lit-

406 548 579 595 teram
603 544 959 615 singulariter
983 550 1388 617 pronuntiando
1432 552 1619 624 lingua
1648 559 1980 627 pervenerit.

2088 470 2419 524 κατελθόντα
2446 472 2529 535 είς
2569 469 2631 523 τὸ
2660 469 2718 524 ἓν
2755 470 2992 542 γράμμα
3014 510 3029 535 ,
3068 471 3198 542 μίαν
3235 472 3331 526 καὶ
3377 472 3484 543 τὴν
3514 471 3666 542 αὐτὴν

2093 560 2403 634 ὲκφὼνησιν
2429 563 2632 635 ὴχήσῃ.

402 634 484 690 Ac
514 642 628 690 tum
660 638 881 693 demum
912 643 1229 697 restitutum
1279 642 1346 700 iri
1378 646 1564 702 omnia
1610 648 1820 717 definit,
1858 666 1981 707 cum
2018 668 2209 712 omnes
2237 657 2292 711 in
2322 672 2485 712 unam
2520 634 2753 714 redacta:
2782 657 2981 713 littera:
3029 673 3135 712 una
3203 659 3512 729 eademque
3557 674 3663 728 pro-

405 733 754 787 nuntiatione
775 736 1132 791 resonabunt.

477 825 653 898 Hujus
669 844 798 885 vero
832 832 1292 900 pronuntiationis
1322 836 1499 892 simile
1523 837 1777 907 quiddam
1808 840 1987 896 aiebat

406 921 692 988 exsistere,
725 937 848 977 eum
885 940 1076 981 omnes
1096 927 1302 996 pariter
1335 944 1491 983 amen
1521 930 1776 985 dicimus.
1808 929 1986 987 Souos

404 1027 529 1067 esse
562 1026 727 1081 vero,
776 1014 976 1083 quibus
1026 1027 1234 1071 naturae
1284 1032 1347 1071 ac
1378 1021 1747 1089 generationis
1789 1037 1985 1091 expers

406 1101 549 1158 Eon
580 1104 670 1159 ille
692 1104 1036 1172 informetur,
1067 1106 1399 1178 eosdemque
1439 1111 1642 1165 formas
1668 1127 1793 1167 esse
1815 1155 1830 1177 ,
1859 1113 1982 1182 qui-

405 1195 508 1252 bus
533 1198 844 1267 angelorum
874 1214 1071 1254 nomen
1112 1216 1139 1254 a
1165 1200 1397 1256 Domino
1422 1204 1686 1259 tributum
1718 1214 1834 1267 est,
1863 1220 1984 1274 quae

405 1286 585 1344 Patris
633 1288 824 1344 faciem
869 1293 1087 1347 assidue
1136 1302 1469 1349 contuentur
1492 1297 1529 1348 ¹.
1562 1294 1679 1349 Jam
1712 1312 1841 1350 vero
1868 1298 1981 1351 ele-

403 1392 711 1438 mentorum
762 1383 978 1439 nomiua
1000 1425 1015 1449 ,
1051 1401 1170 1455 quae
1218 1386 1437 1456 quidem
1486 1388 1717 1458 exprimi
1753 1387 1833 1443 fas
1866 1395 1983 1453 est,

405 1482 641 1546 suntque
667 1477 976 1531 communia
997 1520 1012 1543 ,
1048 1478 1283 1542 Eones,
1318 1486 1374 1534 et
1405 1494 1709 1546 sermones,
1742 1495 1803 1535 ac
1836 1482 1985 1536 radi-

403 1582 518 1635 ces,
544 1569 772 1633 semina,
798 1570 1119 1639 pleromata,
1162 1588 1225 1627 ac
1250 1573 1463 1629 fructus
1495 1577 1821 1646 appellabat.
1852 1576 1983 1645 Quae

404 1668 585 1717 autem
616 1661 932 1733 singillatim
967 1664 1235 1735 cujusque
1271 1676 1397 1721 sunt
1430 1668 1670 1738 propria,
1700 1684 1762 1724 ea
1798 1669 1985 1724 Eccle-

2156 832 2267 902 Ἦς
2307 841 2667 912 ἐκφωνήσεως
2703 842 2888 897 εἰκόνα
2932 843 2991 897 τὸ
3041 844 3189 917 ἀμὴν
3218 845 3355 913 όμοῦ
3409 845 3664 915 λεγόντων

2089 932 2122 1001 ή
2132 930 2248 1000 μῶν
2274 930 2501 983 ὑπέθετο
2523 926 2679 986 εἶναι.
2709 932 2848 996 Τοὺς
2864 932 2920 985 δὲ
2941 933 3210 1003 φθόγγους
3236 936 3533 1008 ὑπάρχειν,
3557 941 3664 1001 τοὺς

2095 1022 2437 1095 μορφοῦντας
2476 1023 2567 1077 τὸν
2600 1023 2851 1077 ἀνούσιον
2881 1025 2974 1077 καὶ
3010 1026 3305 1099 ἀγέννητον
3347 1028 3560 1093 Αἱῶνα,
3585 1033 3663 1083 καὶ

2090 1112 2227 1169 εἶναι
2255 1115 2479 1180 τούτους
2512 1116 2745 1187 μορφὰς,
2774 1117 2841 1181 ἃς
2863 1120 2890 1170 ὁ
2923 1118 3125 1189 Κύριος
3163 1120 3437 1189 ἀγγέλους
3468 1124 3659 1193 εἴρηκε.

2090 1208 2199 1272 Τὰς
2227 1208 2284 1262 δὲ
2313 1209 2575 1278 διηνεκῶς
2599 1208 2898 1278 βλεπούσας
2922 1210 2978 1263 τὸ
3008 1210 3299 1281 πρόσωπον
3321 1212 3421 1267 τοῦ
3440 1216 3659 1284 Πατρός.

2090 1300 2168 1355 Τά
2187 1300 2244 1354 δὲ
2265 1302 2499 1372 ὀνόματα
2514 1300 2618 1354 τῶν
2641 1302 2916 1373 στοιχείων
2931 1303 2999 1356 τὰ
3019 1303 3159 1376 ρητά
3179 1305 3275 1357 καὶ⁹
3294 1306 3458 1359 κοινά
3468 1305 3660 1370 Δὶὦνας

2089 1396 2182 1448 καὶ⁵
2196 1394 2405 1462 λόγους,
2421 1395 2516 1447 καὶ
2535 1394 2710 1466 ῥίζας,
2738 1395 2830 1448 καὶ
2854 1395 3164 1466 σπέρματα,
3188 1400 3279 1449 καὶ
3303 1397 3657 1468 πληρώματα,

2089 1487 2184 1539 καὶ
2228 1486 2473 1556 καρποὺς
2510 1486 2780 1557 ὠνόμασε.
2836 1485 2917 1539 Τά
2967 1486 3023 1539 δὲ
3065 1487 3189 1540 καθ’
3220 1487 3317 1541 ἕνα
3355 1488 3544 1541 αὐτῶν
3581 1492 3658 1541 καὶ

2090 1579 2321 1634 ἑκάστου
2356 1578 2462 1632 ἴδια
2492 1579 2551 1631 ἐν
2584 1577 2661 1649 τῷ
2688 1578 2913 1650 ὀνόματι
2940 1580 3041 1650 τῆς
3078 1580 3411 1651 Ἐκκλησίας
3440 1584 3655 1651 ἐμπερι-

2089 1672 2345 1744 εχόμενα,
2399 1671 2633 1725 νοεῖσθαι
2679 1670 2807 1741 ἔφη,
2864 1671 2939 1733 ὡς
2985 1672 3249 1741 στοιχείου
3289 1675 3310 1704 ²
3340 1673 3407 1726 τὸ
3449 1671 3657 1744 ὕστερον

404 1761 499 1817 sia:
561 1763 826 1817 vocabulo
870 1767 1267 1835 comprehensa
1327 1768 1557 1837 intelligi
1622 1769 1981 1840 significabat.

2105 1763 2319 1835 πράμμα
2334 1764 2517 1834 φωνὴν
2540 1763 2820 1835 προήκατο
2840 1762 2939 1834 τὴν
2968 1763 3134 1815 αὐτοῦ
3151 1779 3164 1792 '
3196 1759 3256 1817 οὗ
3277 1758 3418 1833 ﬁxo;
3442 1762 3656 1826 ἐξελθὼθ

403 1854 646 1921 Quorum
682 1856 1077 1912 elementorum
1112 1867 1355 1915 extrema
1405 1861 1581 1915 ultimi
1633 1862 1813 1916 littera
1884 1877 1982 1917 vo-

405 1963 522 2004 cem
563 1963 717 2003 suam
753 1950 957 2016 emisit,
985 1949 1143 2019 cujus
1170 1950 1334 2021 238
1363 1966 1532 2007 sonus
1574 1952 1763 2009 exiens
1787 1952 1852 2008 ad
1874 1954 1986 2007 ele-

404 2048 711 2094 mentorum
762 2040 1178 2097 similitudinem
1210 2044 1429 2113 propria
1467 2045 1737 2099 elementa
1777 2045 1983 2115 produ-

402 2131 514 2197 xit;
543 2146 572 2184 a
605 2132 804 2201 quibus
828 2132 1086 2189 inferiora
1115 2134 1232 2189 hare
1256 2133 1829 2207 ordinata,superiora
1854 2151 1984 2192 vero

403 2225 585 2294 genita
612 2238 736 2279 esse
780 2226 1013 2280 censuit.
1056 2226 1221 2280 Addit
1263 2241 1392 2281 vero
1419 2228 1677 2292 litteram,
1705 2228 1864 2297 cujus
1893 2242 1984 2283 so-

400 2328 508 2369 nus
541 2330 736 2371 sonum
771 2314 911 2369 infra
949 2314 1406 2384 consequebatur,
1431 2330 1461 2369 a
1496 2318 1699 2388 syllaba
1731 2332 1828 2372 sua
1860 2333 1983 2373 sur-

401 2418 524 2459 sum
583 2412 824 2459 erectam
878 2404 945 2458 ad
994 2404 1313 2460 univermm
1358 2405 1722 2476 eXplendum;
1783 2421 1983 2462 sonum

402 2504 584 2551 autem
632 2496 811 2567 ipsum
862 2498 1010 2551 velut
1044 2494 1193 2551 foras
1228 2495 1500 2566 abjectum
1534 2498 1589 2551 in
1624 2497 1982 2554 inferioribus

402 2588 643 2643 haesisse.
682 2587 1018 2643 Elementum
1064 2603 1251 2658 porro,
1298 2589 1457 2658 cujus
1506 2589 1597 2642 illa
1647 2589 1826 2645 littera
1864 2598 1978 2656 est,

398 2693 523 2733 cum
559 2680 1001 2749 pronuntiatione
1028 2694 1128 2732 sua
1157 2678 1414 2735 deorsum
1454 2678 1740 2734 descendit
1772 2699 1784 2735 :
1817 2680 1981 2749 idque

398 2768 599 2826 litteris
645 2779 899 2837 constare
948 2770 1174 2826 tricenis
1222 2770 1450 2837 asserit,
1482 2786 1712 2841 quarum
1754 2772 1980 2844 singula!

398 2863 535 2916 alias
587 2862 641 2915 in
691 2877 751 2917 se
798 2862 1008 2916 litteras
1052 2861 1347 2931 complexae
1380 2862 1519 2926 sint,
1556 2863 1757 2933 quibus
1785 2863 1982 2919 litterae

398 2970 599 3009 nomen
628 2955 950 3025 appelletur.
998 2952 1343 3024 Easdemque
1374 2969 1592 3009 rursum
1618 2955 1828 3011 litteras
1858 2956 1979 3014 aliis

399 3048 671 3103 nominari
707 3046 935 3110 litteris,
972 3060 1092 3115 qua:
1139 3045 1334 3099 iterum
1365 3044 1487 3099 aliis
1518 3058 1573 3101 et
1603 3046 1734 3116 ipsa:
1766 3062 1979 3102 nuncu-

397 3146 627 3209 pentur,
664 3138 811 3192 utin
866 3134 1139 3191 infinitum
1188 3134 1280 3190 illa
1330 3134 1637 3190 litterarum
1688 3136 1979 3191 multitudo

397 3228 676 3299 procedat.
734 3227 866 3294 Quae
911 3227 1091 3281 omnia
1151 3224 1367 3281 facilius
1427 3226 1530 3282 hoc
1584 3226 1746 3281 modo
1796 3228 1977 3298 perri-

396 3320 535 3390 pies.

472 3410 540 3467 ν.
568 3410 906 3467 Elementum
956 3408 1108 3465 Delta
1151 3410 1390 3482 quinque
1434 3410 1643 3466 litteras
1699 3411 1976 3481 continet,

398 3504 659 3560 nimirum
690 3518 743 3567 ο,
763 3516 817 3567 ε,
848 3516 900 3568 ι.,
937 3519 991 3567 τ,
1027 3518 1080 3555 Α.
1109 3499 1241 3568 Quae
1266 3503 1457 3557 litterae
1476 3500 1605 3558 aliis
1638 3501 1863 3573 insuper
1887 3505 1978 3558 lit-

398 3596 533 3650 teris
580 3593 896 3649 scribuntur
925 3612 937 3647 :
973 3602 1027 3647 et
1058 3593 1139 3647 hae
1166 3592 1412 3648 vicissim
1442 3591 1585 3649 aliis.
1618 3591 1789 3665 Igitur
1815 3594 1861 3650 si
1886 3595 1973 3659 id,

398 3686 455 3742 in
500 3699 611 3755 quo
653 3685 825 3756 ipsius
871 3684 1014 3740 delta
1064 3692 1260 3739 natura
1298 3684 1574 3751 consistit,
1605 3685 1663 3739 in
1700 3685 1971 3741 inﬁnitum

397 3779 680 3845 excurrit,
711 3786 765 3833 et
796 3778 865 3832 ab
893 3776 1018 3834 aliis
1048 3778 1154 3833 alia
1183 3787 1554 3850 propagantur
1573 3818 1590 3845 ,
1630 3778 1975 3850 invicemque

398 3870 736 3937 succedunt;
766 3878 972 3940 quanto
999 3870 1172 3941 magis
1202 3870 1488 3941 ipsiusmet
1518 3869 1769 3926 elementi
1794 3872 1974 3943 majus

396 3965 501 4019 erit
535 3964 838 4018 litterarum
870 3963 1018 4019 velut
1051 3961 1405 4034 pelagus?Et
1428 3963 1474 4017 si
1502 3961 1635 4019 adeo
1661 3962 1871 4019 infinita
1902 3967 1974 4019 sit

395 4071 503 4111 una
537 4055 802 4110 duntaxat
834 4055 1037 4119 littera,
1072 4054 1195 4110 vide
1224 4054 1391 4110 totius
1421 4056 1658 4111 nominis
1680 4070 1841 4125 quam
1870 4056 1975 4111 im-

394 4163 587 4204 mensa
636 4149 708 4202 sit
753 4145 1133 4218 profundaque
1162 4147 1486 4216 congeries;
1526 4162 1591 4201 ex
1620 4147 1821 4216 quibus
1859 4148 1972 4217 pri-

396 4255 545 4295 mum
595 4239 746 4293 illum
804 4247 1057 4294 constare
1085 4237 1373 4293 Parentem
1407 4237 1570 4292 Marci
1624 4237 1747 4310 Sige
1772 4240 1969 4309 perdo-

393 4332 526 4386 cuit.
573 4328 864 4398 Propterea
901 4344 1027 4384 cum
1075 4327 1281 4385 Parens
1330 4329 1447 4400 ipse
1493 4330 1876 4399 comprehendi
1911 4346 1972 4387 se

2086 1858 2205 1910 κατ’
2237 1854 2423 1909 εἰκόνα
2451 1855 2561 1909 τῶν
2580 1854 2856 1925 στοιχείων
2892 1857 3130 1925 στοιχεῖα
3150 1855 3257 1908 ἴδια
3290 1857 3585 1925 ἐγέννησεν
3608 1857 3656 1920 ἐξ

2082 1942 2158 2001 ὧν
2186 1948 2256 2003 τά
2284 1965 2343 2001 τε
2383 1946 2616 2001 ἐνταῦθα
2657 1946 3174 2018 κατακεκοσμῆσθαί
3224 1964 3380 2017 φησι,
3428 1948 3523 2000 καὶ
3565 1947 3655 1999 τῶν

2085 2037 2193 2108 πρὸ
2214 2037 2234 2068 ³
2278 2036 2482 2091 τούτων
2510 2036 2889 2107 γεγεννῆσθαι,
2941 2037 3014 2089 Τὸ
3055 2037 3238 2107 μέντοι
3268 2037 3511 2109 γράμμα
3540 2040 3656 2091 αὐτὸ

2082 2129 2144 2182 τὸ
2164 2124 2295 2200 ἦχος
2317 2128 2394 2200 τῷ
2421 2130 2565 2200 ἤχει,
2609 2121 2669 2181 οὗ
2700 2131 2728 2182 ὀ
2758 2124 2891 2199 ἦχος
2926 2124 2994 2199 ἦν
3030 2129 3555 2184 συνεπακολουθῶνδ

2083 2221 2226 2291 ἤχει,
2253 2221 2349 2274 καὶ
2378 2222 2438 2275 τὸ
2459 2220 2565 2275 ὑπὸ
2584 2221 2683 2293 τῆς
2710 2220 2974 2292 συλλαϐῆς
3001 2222 3101 2292 τῆς
3130 2221 3324 2275 ἑαυτοῦ
3347 2221 3657 2292 ἀνειλῆφθαι

2083 2312 2195 2367 ἄνω
2239 2314 2420 2383 λέγειν
2455 2316 2534 2379 εἰς
2564 2313 2953 2387 ἀναπλήρωσιν
2991 2314 3086 2367 τοῦ
3120 2314 3265 2379 ὅλου,
3299 2314 3654 2386 μεμενηκέναι

2082 2404 2139 2457 δὲ
2162 2407 2242 2469 είς
2271 2405 2339 2459 τὰ
2378 2405 2528 2460 κάτω
2552 2406 2642 2460 τὸν
2661 2400 2816 2478 ἦχον,
2847 2404 3036 2478 ὥσπερ
3063 2406 3169 2473 ἔξω
3201 2406 3455 2479 ῥιφέντα.
3505 2406 3577 2459 Τὸ
3607 2408 3653 2459 δέ

2086 2500 2347 2568 στοιχεῖον
2376 2498 2505 2551 αὐτὸ
2546 2499 2639 2568 ἀφ’
2675 2495 2736 2553 οὗ
2767 2498 2830 2551 τὸ
2853 2499 3089 2571 γράμμα
3128 2499 3224 2553 σὺν
3258 2500 3326 2569 τῇ
3359 2499 3651 2569 ἑκιρωνήςει

2081 2584 2181 2655 τῆς
2224 2586 2418 2639 ἑαυτοῦ
2471 2586 2809 2658 συγκατῆλθε
2848 2588 3018 2651 κάτω,
3057 2587 3087 2641 ὅ
3128 2586 3481 2658 γραμμάτων
3529 2584 3652 2639 εἷναί

2084 2693 2216 2747 φησι
2242 2677 2554 2748 τριάκοντα,
2583 2678 2677 2733 καὶ
2705 2677 2764 2731 ἒν
2786 2678 3016 2732 ἕκαστον
3037 2679 3146 2732 τῶν
3166 2679 3466 2750 τριάκοντα
3487 2694 3651 2749 γραμ-

2084 2768 2292 2839 μάτων,
2319 2770 2376 2825 ὲν
2408 2770 2584 2842 ἑαυτῷ
2616 2760 2759 2841 ἔχειν
2788 2769 2953 2843 ἕτερα
2982 2772 3308 2843 γράμματα,
3354 2770 3427 2823 δι’
3460 2765 3520 2824 οὗ
3552 2771 3572 2801 ⁵
3600 2770 3651 2821 τὸ

2080 2858 2248 2932 ὄνομα
2275 2860 2369 2914 τοῦ
2401 2863 2728 2934 γράμματος
2755 2862 3100 2935 ὀνομάζεται.
3162 2862 3264 2917 Καὶ
3294 2858 3363 2917 αὖ
3403 2863 3565 2916 πάλιν
3594 2865 3653 2914 τὰ

2081 2947 2244 3021 ἕτερα
2284 2950 2351 3004 δι’
2399 2950 2574 3007 ἄλλων
2616 2951 2977 3024 ὀνομάζεσθαι
3022 2955 3401 3025 γραμμάτων,
3467 2954 3560 3008 καὶ
3591 2954 3650 3005 τὰ

2082 3039 2217 3095 ἄλλα
2244 3041 2310 3094 δι’
2338 3041 2542 3097 ἄλλων·
2588 3042 2665 3107 ὡς
2691 3046 2770 3107 είς
2795 3045 3021 3117 ἄπειρον
3048 3046 3338 3099 ἐκπίπτειν
3368 3046 3432 3098 τὸ
3461 3045 3651 3115 πλῆθος

2080 3130 2190 3187 τῶν
2214 3134 2580 3206 γραμμάτων.
2613 3135 2773 3191 Οὕτω
2812 3137 2858 3191 δ’
2896 3137 2964 3191 ἂν
2999 3138 3330 3208 σαφέστερον
3382 3137 3573 3209 μάθοις
3599 3137 3650 3190 τὸ

2080 3223 2370 3296 λεγόμενον
2381 3238 2396 3255 ⁸

2152 3410 2230 3464 E'.
2268 3408 2342 3463 Τὸ
2373 3408 2543 3463 Δέλτα
2586 3413 2845 3481 στοιχεῖον
2886 3410 3189 3482 γράμματα
3224 3413 3285 3467 ἐν
3336 3413 3519 3485 ἑαυτῷ
3549 3414 3650 3486 ἔχει

2078 3502 2264 3564 πέντε,
2312 3500 2443 3555 αὐτὸ
2479 3501 2537 3555 δὲ
2563 3501 2624 3555 τὸ
2645 3502 2666 3531 ⁸
2705 3502 2887 3567 δέλτα,
2922 3504 3017 3558 καὶ
3043 3503 3104 3557 τὸ
3136 3504 3195 3571 Ε,
3228 3505 3325 3557 καὶ
3350 3504 3415 3559 τὺ
3445 3507 3647 3577 Δάμδα.

2078 3593 2173 3647 καὶ
2202 3593 2261 3646 τὸ
2283 3592 2419 3659 Ταῦ,
2449 3595 2543 3648 καὶ
2567 3593 2628 3648 τὸ
2650 3594 2849 3666 Ἀλφα.
2873 3596 2983 3650 Καὶ
3008 3594 3180 3649 ταῦτα
3209 3596 3377 3651 πάλιν
3401 3598 3467 3653 τά
3481 3601 3650 3670 γράμο

2080 3702 2227 3756 ματα
2264 3686 2332 3739 δι’
2361 3686 2536 3742 ἄλλων
2574 3686 2844 3759 γράφεται
2887 3689 3251 3761 γραμμάτων,
3304 3690 3402 3745 καὶ
3433 3692 3499 3744 τὰ
3525 3692 3646 3746 ἄλλα

2075 3778 2142 3832 δι’
2189 3779 2383 3834 ἀλλων.
2432 3781 2494 3833 Εἰ
2538 3777 2632 3835 οὖν
2678 3783 2711 3853 ἡ
2752 3783 2902 3835 πᾶσα
2941 3781 3239 3845 ὑπόστασις
3260 3782 3357 3835 τοῦ
3396 3783 3548 3837 δέλτα
3573 3785 3646 3845 είς

2075 3871 2303 3943 ἄπειρον
2324 3871 2601 3939 ἐκπίπτει,
2625 3873 2710 3927 ἀεὶ
2738 3872 2912 3927 ἄλλων
2930 3871 3063 3927 ἀλλα
3093 3873 3404 3945 γράμματα
3431 3876 3645 3943 γεννών-

2074 3979 2202 4026 των,
2226 3962 2318 4015 καὶ
2346 3962 2736 4034 διαδεχομένων
2766 3961 2971 4035 ἄλληλα
2989 3981 3004 3995 ·
3040 3964 3193 4035 πόσῳ
3218 3963 3423 4035 μᾶλλον
3449 3964 3641 4018 ἐκείνου

2073 4052 2166 4107 τοῦ
2191 4053 2453 4124 στοιχείου
2474 4057 2656 4125 μεῖζον
2680 4048 2894 4110 εἶναιτὸ
2917 4056 3150 4125 πέλαγος
3162 4056 3273 4110 τῶν
3291 4058 3637 4129 γραμμάτων.

2073 4144 2184 4197 Καὶ
2211 4145 2261 4197 εί
2308 4144 2369 4198 τὸ
2408 4145 2467 4199 ἓν
2508 4145 2744 4218 γράμμα
2784 4146 2957 4212 οὕτως
2997 4148 3244 4221 ἄπειρον,
3274 4149 3381 4221 ὅρα
3418 4149 3530 4202 ὅλου
3552 4147 3637 4200 τοῦ

2072 4238 2334 4310 ὀνόματος
2355 4239 2447 4294 τὸν
2477 4238 2636 4310 βυθὸν
2660 4240 2768 4294 τῶν
2797 4220 3179 4313 γραμμάτωνί
3207 4240 3268 4306 ἐξ
3288 4220 3368 4295 ὧν
3392 4242 3481 4295 τὸν
3508 4241 3639 4311 Προ-

2075 4329 2286 4401 πάτορα
2315 4331 2348 4401 ή
2381 4331 2609 4403 Μάρκου
2648 4332 2782 4405 Σιγὴ
2808 4333 3127 4387 συνεστάναι
3168 4333 3509 4405 ἐδογμάτισε.
3554 4333 3641 4385 Διὸ

392 4439 502 4479 non
529 4437 690 4494 posse
737 4422 905 4477 sciret
924 4458 938 4484 ,
968 4420 1253 4477 elementis
1290 4421 1394 4476 hoc
1423 4421 1714 4487 tribuisse,
1747 4438 1886 4493 quos
1914 4431 1969 4480 et

2105 4423 2169 4478 ιαὶ
2193 4424 2283 4478 τὸν
2302 4425 2525 4496 Πατέρα
2549 4426 2911 4498 ἐπιστάμενον
2940 4428 3003 4481 τὸ
3030 4425 3315 4499 ὰχώρητον
3344 4427 3523 4491 αὐτοῦ,
3553 4427 3635 4479 δε-

391 4513 601 4570 JEonas
647 4520 838 4577 vocat,
879 4518 939 4566 ut
991 4511 1218 4581 quilibet
1264 4512 1765 4581 pronuntiationem
1813 4530 1969 4568 suam

390 4621 588 4679 magno
617 4605 857 4661 clamore
884 4602 1185 4674 proferret,
1216 4604 1363 4675 quod
1405 4612 1580 4660 totum
1614 4621 1755 4662 unus
1778 4605 1969 4662 efferre

391 4700 616 4754 minime
653 4707 857 4769 posset.
898 4696 1025 4751 Haec
1049 4712 1174 4752 cum
1223 4696 1417 4753 'l'etras
1458 4698 1508 4753 ei
1557 4699 1741 4754 omnia
1786 4699 1968 4755 deela-

388 4801 601 4857 rasset,
631 4791 831 4861 adjecit
867 4807 883 4843 :
913 4787 1049 4844 Volo
1077 4797 1131 4842 et
1170 4789 1345 4859 ipsam
1394 4788 1493 4845 tibi
1529 4787 1825 4845 Veritatem
1872 4804 1960 4844 os-

389 4889 645 4948 tendere,
701 4901 867 4957 quam
932 4900 963 4940 e
1012 4884 1331 4942 caelestibus
1380 4884 1671 4939 domiciliis
1724 4883 1963 4948 adduxi,

387 4981 591 5038 nudam
624 4986 683 5032 ut
721 4993 841 5033 eam
873 4977 1200 5047 inspiceres,
1232 4976 1461 5047 ejusque
1502 4974 1964 5046 pulchritudinem

386 5086 736 5143 agnosceres,
767 5070 877 5123 imo
912 5078 966 5124 et
995 5069 1305 5140 loquentem
1341 5066 1594 5136 audires,
1633 5073 1688 5121 et
1719 5065 1964 5137 pruden-

384 5165 516 5217 tiam
572 5161 979 5231 obtupesceres.
1039 5159 1267 5214 Sursum
1317 5161 1503 5229 itaque
1548 5165 1713 5228 caput.
1748 5158 1963 5213 intuere

381 5261 425 5312 Α
454 5264 510 5314 et
541 5258 583 5310 Ω
602 5298 617 5322 ,
652 5255 920 5313 cervicem
948 5270 1077 5311 vero
1106 5257 1147 5308 Β
1175 5264 1230 5311 et
1254 5254 1331 5320 Ψ,
1365 5254 1623 5309 humeros
1655 5266 1961 5325 manusque

2070 4516 2429 4583 δωκέναιτοίς
2456 4520 2762 4591 στοιχείοις,
2790 4520 2825 4575 ἃ
2854 4521 2947 4574 καὶ
2969 4520 3184 4585 Αἰῶνας
3206 4521 3386 4587 καλεῖ,
3422 4522 3496 4575 ἐνὶ
3514 4521 3636 4574 ἑκα-

2072 4627 2183 4682 στῳ
2223 4611 2401 4665 αὐτῶν
2450 4611 2549 4684 τὴν
2593 4612 2728 4668 ίδίαν
2759 4611 3067 4685 ὲκφὼνησιν
3096 4613 3318 4684 ὲκὸοᾷν,
3358 4613 3442 4667 διὰ
3477 4613 3537 4667 τὸ
3564 4614 3636 4683 μὴ

2067 4702 2328 4759 δύνασθαι
2346 4704 2441 4782 ἕνα
2459 4706 2518 4759 τὸ
2536 4706 2655 4761 ὅλον
2676 4709 2959 4776 ἐκφωνείν.
2991 4706 3174 4763 Ταῦτα
3191 4707 3251 4761 δὲ
3275 4708 3635 4779 σαφηνίσασαν

2067 4796 2217 4868 αὐτῷ
2248 4798 2348 4869 τὴν
2378 4800 2420 4851 Τ
2424 4800 2689 4872 ετρακτὺν
2714 4801 2889 4855 εἰπεῖν
2920 4799 3050 4854 θέαν
3080 4800 3099 4831 ⁷
3129 4799 3193 4871 δή
3228 4816 3312 4853 σοι
3345 4802 3438 4854 καὶ
3470 4800 3633 4865 αὐτὴν

2062 4888 2326 4956 ἐπιδεῖξαι
2371 4890 2467 4961 τὴν
2517 4891 2817 4963 Ἀλήθειαν.
2858 4892 3189 4965 Κατήγαγον
3226 4893 3340 4965 γὰρ
3373 4892 3534 4962 αὐτὴν
3568 4891 3630 4942 ἐκ

2060 4980 2170 5035 τῶν
2197 4980 2432 5053 ὕπερθεν
2456 4983 2730 5055 δομάτων,
2775 4985 2841 5040 ἵν’
2871 4985 3052 5057 ἐσίδῃς
3082 4984 3251 5058 αὐτὴν
3288 4985 3513 5057 γυμνὴν.
3542 4985 3631 5036 καὶ

2063 5071 2402 5142 καταμάθοις
2429 5072 2491 5126 τὸ
2514 5073 2707 5139 κάλλος
2738 5074 2907 5147 αὐτῆς
2926 5092 2940 5106 ·
2992 5074 3131 5131 ἀλλά
3155 5075 3251 5131 καὶ
3280 5077 3513 5147 ἀκούσῃς
3538 5076 3629 5128 αὐ-

2063 5160 2166 5231 τῆς
2190 5161 2457 5235 λαλούσης
2496 5165 2589 5218 καὶ
2604 5164 2892 5239 θαυμάσῃς
2917 5166 2979 5221 τὸ
3000 5168 3259 5241 φρόνημα
3276 5168 3456 5239 αὐτῆς.
3493 5168 3631 5237 Ὅρα

2064 5248 2157 5307 οὖν
2184 5254 2427 5327 κεφαλὴν
2450 5256 2564 5311 ἀνω
2585 5258 2647 5313 τὸ
2676 5260 2856 5329 Ἀλφα
2888 5260 2984 5315 καὶ
3009 5262 3071 5315 τὸ
3097 5263 3161 5326 Ω,
3202 5262 3464 5335 τράχηλον
3495 5260 3555 5315 δὲ
3592 5260 3629 5311 Β

451 5529 467 5558 ¹
503 5525 901 5605 Mattlt.-xv11t,
920 5525 1008 5579 l0.
1083 5528 1104 5559 ³
1130 5521 1271 5605 Iren:
1312 5539 1387 5605 ωλι
1409 5522 1712 5605 ,στοιχείων
1742 5522 1805 5575 τὸ
1827 5520 1939 5605 ,τοῦ

2105 5542 2197 5605 rgo
2233 5525 2459 5605 ὕστατον
2482 5546 2575 5600 γρ.
2650 5531 2671 5562 ³
2698 5530 2838 5605 Iren.
2878 5532 3142 5605 καὶνπρό.
3192 5532 3403 5605 {Item
3432 5530 3627 5605 1963;1-

512 5615 573 5653 ου
612 5592 832 5672 1τὸῇχος
869 5591 941 5672 ἦν
970 5591 1580 5672 συνεπακολρυθοῦντῷ
1624 5593 1749 5663 ἤχει
1774 5592 1926 5647 κάτω
1960 5591 2066 5648 ὐπδ
2097 5595 2195 5666 τῆς
2230 5599 2449 5665 συλλαϐ,
2487 5591 2541 5655 et
2571 5616 2668 5672 pro
2709 5602 2914 5672 λέγειν,
2942 5591 3109 5671 λέγέι.
3186 5604 3214 5637 ⁸
3240 5603 3375 5661 Iren.
3425 5591 3619 5655 δι”ὦῖη

381 5616 479 5701 μα,
512 5616 573 5653 ου
612 5616 671 5650 το
698 5616 832 5668 ηχος
869 5616 938 5671 ην
977 5616 1471 5648 συνεπακολουυουν
1502 5616 1580 5661 τῳ

424 5666 551 5726 For.
590 5668 721 5724 αὑτό
763 5683 846 5720 τε.
920 5667 941 5699 ⁸
967 5665 1107 5721 lren.
1146 5677 1244 5735 pro
1272 5661 1420 5727 θέαν,
1447 5660 1606 5715 Θέλω.
