3772 6188
155 287 269 347 695

799 286 1170 344 ADVERSUS
1210 255 1556 343 "ERE-SES
1602 284 1732 344 LIB.
1779 285 1822 344 1.
1863 283 2025 341 ΤΟΜ.
2065 281 2245 338 lll.—
2281 275 2556 338 IIJERES.
2593 278 2836 335 XXXIV.

3327 276 3432 332 594

157 404 256 459 καὶ
289 403 365 466 Ψ,
407 399 591 472 ὤμους
625 399 740 471 ἃμα
769 400 926 472 χερσὶ⁵
971 401 1012 453 Γ
1040 401 1135 455 καὶ
1165 401 1234 466 Χ,
1285 399 1456 472 στήθη
1489 402 1528 453 Δ
1558 401 1654 456 καὶ
1676 402 1738 465 Φ,

1915 399 2071 464 etX,
2105 403 2326 469 pectora
2369 397 2407 449 A
2441 403 2495 452 et
2521 397 2592 460 Φ,
2629 400 2844 465 septum
2888 400 3264 448 transversum
3309 392 3350 444 Ε
3378 406 3434 447 et

155 497 483 568 διάφραγμα
513 494 553 547 Ε
571 494 666 548 καὶ
692 493 757 559 Υ,
789 493 956 547 νῶτον
977 495 1016 549 Ζ
1039 495 1132 548 καὶ
1148 494 1213 558 Τ,
1249 493 1458 548 κοιλίαν
1488 494 1534 546 Il
1564 493 1656 546 καὶ
1687 494 1748 557 Σ,

160 589 374 659 μηροὺς
413 585 456 638 Θ
483 586 578 639 καὶ
611 586 677 649 Ρ,
721 585 926 654 γόνατα
955 587 978 639 Ι
1015 585 1107 639 καὶ
1138 587 1207 651 Π,
1240 586 1457 657 κνήμας
1490 586 1541 638 Κ
1563 585 1658 638 καὶ
1684 585 1746 648 Ο,

155 682 346 754 σφυρά
367 683 412 735 Λ
441 679 537 733 καὶ
564 680 626 746 Ξ,
656 678 823 743 πόδας
846 679 902 732 Μ
930 677 1026 732 καὶ
1050 677 1118 733 N.
1154 676 1324 731 Τοῦτό
1351 679 1468 731 ἐστι
1493 676 1554 730 τὸ
1591 676 1750 746 σῶμα

154 779 256 846 τῆς
299 772 440 827 κατά
477 772 568 825 τὸν
603 773 776 842 μάγον
805 770 1111 842 Ἀληθείας.
1139 770 1312 824 Τοῦτο
1344 769 1406 824 τὸ
1434 771 1620 842 σχῆμα
1653 768 1746 823 τοῦ

156 864 454 934 στοιχείου,
470 858 623 927 οὗτος
635 865 663 916 ὁ
679 862 967 935 χαρακτὴρ
983 862 1075 916 τοῦ
1095 862 1445 934 γράμματος.
1465 863 1578 915 Καὶ
1593 861 1752 915 καλεῖ

153 955 220 1007 τὸ
251 957 516 1034 στοιχεῖον
544 953 701 1008 τοῦτο
732 953 1053 1025 ’Ἄνθρωπον
1072 954 1089 984 ³
1119 949 1258 1007 εἷναί
1287 970 1346 1006 τε
1375 953 1560 1026 πηγήν
1583 971 1749 1025 φησιν

153 1049 295 1102 αὐτὸ
338 1048 541 1111 παντὸς
580 1047 768 1117 λόγου,
832 1047 927 1100 καὶ
965 1047 1143 1119 ἀρχὴν
1179 1047 1360 1118 πάσης
1401 1046 1607 1118 φωνῆς.
1653 1047 1750 1100 καὶ

152 1140 368 1204 παντὸς
409 1140 647 1212 ἀρρήτου
690 1139 868 1210 ῥῆσιν,
909 1138 1006 1192 καὶ
1046 1141 1147 1210 τῆς
1186 1137 1550 1210 σιωπωμένης
1582 1137 1750 1207 Σιγῆς

155 1233 360 1306 στόμα.
397 1231 500 1287 Καὶ
527 1233 684 1287 τοῦτο
707 1232 806 1302 μὲν
826 1231 888 1285 τὸ
915 1231 1075 1303 σῶμα
1097 1231 1289 1302 αὐτῆς.
1320 1232 1393 1285 Σὺ
1426 1229 1505 1295 δὲ,
1541 1231 1748 1301 μετάρ⁴

156 1345 281 1382 σιον
321 1326 539 1397 ἐγείρας
575 1325 810 1386 διανοίας
848 1325 1047 1396 νόημα,
1115 1323 1206 1378 τὸν
1249 1323 1412 1378 αὑτὸν
1448 1325 1750 1395 γεννήτορα

155 1420 261 1474 καὶ
297 1418 670 1492 πατροδότορα
692 1419 707 1448 ⁸
744 1418 936 1487 Λόγον,
984 1416 1092 1471 ἀπὸ
1135 1417 1418 1487 στομάτων
1466 1415 1750 1486 Ἀληθείας

151 1513 354 1567 ἄκουε.

236 1602 331 1670 (Γ.
380 1598 565 1656 Ταῦτα
611 1601 668 1654 δὲ
719 1600 924 1672 ταύτης
969 1599 1265 1673 εἰπούσης,
1325 1601 1748 1673 προσϐλέψασαν

154 1693 319 1765 αὐτῷ
359 1694 458 1765 τὴν
511 1692 816 1764 Ἀλήθειαν,
863 1692 1153 1759 ἀνοίξασαν
1195 1693 1256 1746 τὸ
1297 1693 1471 1762 στόμα
1517 1692 1747 1764 λαλῆσαι

154 1762 368 1854 Λόγον·
410 1762 500 1839 τὸν
536 1784 594 1838 δὲ
620 1762 790 1853 Λόγον
827 1785 997 1855 ὄνομα
1023 1784 1299 1854 γενέσθαι,
1346 1784 1442 1838 καὶ
1487 1784 1550 1838 τὸ
1579 1762 1750 1856 ὄνομα
1782 1762 1821 1816 Β

153 1877 418 1946 γενέσθαι
444 1875 625 1943 τοῦτο,
644 1877 674 1930 δ
699 1875 1040 1948 γινώσκομεν
1071 1875 1165 1929 καὶ
1199 1875 1488 1947 λαλοῦμεν,
1516 1876 1750 1949 Χριστὸν

169 1970 391 2041 Ἰησοῦν
412 1987 426 2001 '
456 1970 485 2024 ὃ
512 1971 606 2024 καὶ
627 1969 973 2041 ὀνομάσασαν
991 1968 1162 2039 αὐτὴν
1189 1970 1320 2039 παρ’
1343 1969 1481 2041 αὐτῇ
1507 1969 1602 2024 καὶ
1627 1986 1752 2023 σιω-

157 2064 276 2132 9:r',v
293 2062 429 2132 (15).
452 2061 865 2133 Προσδοκῶντος
886 2060 943 2115 δὲ
966 2058 1059 2113 τοῦ
1081 2059 1308 2131 Μάρκου
1331 2059 1514 2113 πλεῖόν
1535 2077 1587 2114 τι
1621 2059 1752 2131 μὲλ-

155 2154 277 2205 ).ειν
313 2152 482 2225 αὐτὴν
521 2152 722 2220 λέγειν,
760 2151 984 2224 πάλινὴ
1021 2151 1360 2224 Τετρακτὺς,
1402 2149 1752 2223 παρελθοῦσα

153 2247 244 2308 εἰς
267 2245 332 2297 τὸ
355 2245 538 2316 μέσον,
570 2245 754 2315 φησίν.
814 2245 902 2308 Ὡς
932 2244 1412 2316 εὐκαταφρόνητον
1435 2244 1631 2316 ἡγήσω
1659 2243 1751 2297 τὸν

155 2338 347 2406 λόγον,
373 2337 433 2392 δν
465 2336 574 2390 ἀπὸ
603 2336 886 2408 πομάτων
916 2337 1015 2405 τῆς
1054 2335 1336 2406 Ἀληθείας
1365 2337 1638 2408 ἦκουσαςί
1675 2336 1750 2391 Οὐ

156 2430 314 2485 τοῦθ’
351 2429 488 2499 ὅπερ
524 2424 672 2491 οἶδας
709 2427 804 2481 καὶ
845 2427 1058 2490 δοκοῖς²
1103 2426 1333 2482 παλαιόν
1377 2428 1523 2480 ἐστιν
1557 2427 1748 2498 ὄνομα.

151 2523 356 2593 Φωνὴν
374 2521 484 2593 γάρ
514 2521 673 2592 μόνον
692 2520 837 2591 ἔχεις
860 2519 1048 2584 αὐτοῦ,
1070 2519 1167 2592 τὴν
1191 2519 1246 2572 δὲ
1271 2517 1502 2590 δύναμιν
1515 2519 1749 2588 ἀγνοεῖς.

169 2615 389 2685 Ἰησοῦς
416 2614 515 2687 μὲν
546 2614 655 2685 γάρ
684 2615 833 2667 ἐστιν
861 2613 1131 2684 ἐπίσημον
1158 2612 1349 2685 ὕνομα,
1382 2611 1440 2679 ἒξ
1469 2609 1542 2665 ὢν
1569 2612 1753 2684 γράμ-

158 2724 340 2778 ματα,
370 2707 474 2760 ὑπὸ
511 2706 730 2761 πάντων
763 2707 872 2761 τῶν
902 2707 1003 2777 τῆς
1032 2707 1282 2778 κλήσεως
1317 2706 1750 2778 γινωσκόμενον·

154 2800 225 2851 τὸ
269 2799 330 2852 δὲ
365 2798 519 2872 παρὰ
553 2802 668 2864 τοῖς
701 2799 872 2854 Αίῶσι
910 2799 1005 2854 τοῦ
1042 2797 1418 2872 Πληρώματος
1448 2798 1755 2872 πολυμερὲς

153 2892 436 2962 τυγχάνον
471 2892 639 2964 ἄλλης
676 2892 794 2946 ἐστὶ
830 2891 1047 2964 μορφῆς
1086 2891 1180 2946 καὶ
1211 2891 1400 2964 ἑτέρου
1441 2891 1635 2956 τύπου,
1666 2908 1753 2960 γι-

154 2985 514 3057 νωσκόμενον
547 2987 638 3038 ὑπ’
670 2985 892 3039 ἐκείνων
921 2985 1030 3038 τῶν
1061 2984 1361 3054 συγγενῶν,
1391 2978 1499 3038 ὧν³
1548 2984 1616 3038 τὰ
1657 3001 1754 3055 με-

1854 491 1936 558 Υ,
1983 491 2206 545 dorsum
2238 491 2275 543 Ζ
2320 498 2372 544 et
2397 487 2463 552 T,
2501 497 2748 542 ventrem
2799 485 2848 538 Η
2876 491 2930 538 et
2961 485 3031 552 Σ,
3079 484 3285 539 femora
3313 482 3358 540 Θ
3381 489 3436 538 et

1854 587 1918 649 P,
1949 601 2126 656 genua
2147 586 2168 638 Ι
2193 592 2247 639 et
2275 584 2323 637 Π
2342 622 2357 647 ,
2390 581 2558 638 tibias
2584 582 2634 634 K
2665 586 2719 634 et
2747 580 2788 633 0
2808 621 2822 645 ,
2849 579 2990 633 talos
3017 578 3062 631 Λ
3091 585 3144 632 et
3175 575 3237 641 Ξ,
3265 575 3435 647 pedes

1851 678 1909 732 M
1937 685 1992 733 et
2019 678 2088 731 N.
2143 673 2459 747 Ejusmodi,
2507 682 2567 728 ut
2593 687 2784 741 magus
2815 672 2906 726 ille
2956 670 3143 740 lingit,
3176 667 3435 723 Veritatis

1850 777 1938 826 est
1987 783 2224 838 corpus;
2270 767 2387 821 haec
2413 765 2667 821 elementi
2703 763 2911 835 ﬁgura;
2945 761 3032 817 hic
3068 762 3260 816 litterae
3299 759 3434 815 cha-

1821 863 1835 875 “
1851 872 2052 920 racter.
2069 860 2234 932 239
2264 859 2372 916 Sed
2398 858 2726 914 elementum
2748 857 2925 926 ipsum
2946 852 3224 908 hominem
3249 859 3430 912 vocat,

1851 959 2167 1026 fontemque
2219 951 2494 1010 sermonis
2546 949 2727 1005 omnis
2779 961 2903 1003 esse
2949 945 3116 1008 dicit,
3171 959 3237 999 ac
3279 943 3432 1000 vocis

1851 1050 2031 1104 omnis
2069 1045 2434 1120 principium,
2480 1050 2542 1098 et
2583 1041 2706 1112 ejus
2745 1038 2924 1095 omnis
2973 1036 3120 1108 quod
3169 1034 3432 1106 explicari

1851 1141 2032 1197 verbis
2059 1145 2314 1211 nequeat,
2340 1134 2631 1191 dictionem
2665 1131 2956 1201 tacitaeque
2991 1126 3146 1200 Siges
3176 1141 3240 1183 os
3261 1125 3436 1198 quod-

1850 1235 1997 1291 dam.
2029 1233 2108 1288 Ac
2141 1231 2248 1287 tale
2271 1229 2490 1300 quidem
2520 1227 2669 1282 illius
2702 1239 2904 1294 corpus
2929 1219 3256 1278 exstitit.Tu
3277 1231 3431 1300 vero,

1848 1327 2026 1398 inquit
2058 1325 2180 1389 illa,
2205 1293 2407 1380 mentis
2429 1327 2536 1374 tuae
2569 1293 2956 1388 cogitationem
3007 1326 3226 1367 sursum
3274 1293 3436 1365 attol;

1849 1421 1970 1477 lens
2028 1419 2114 1475 sui
2181 1415 2358 1486 ipsius
2411 1411 2712 1482 genitorem
2788 1406 3079 1476 Patrisque
3145 1402 3434 1465 datorem,

1849 1513 2090 1570 Verbum
2129 1509 2341 1566 scilicet
2367 1547 2381 1570 ,
2413 1520 2480 1558 ex
2507 1518 2602 1558 ore
2639 1499 2903 1556 Veritatis
2933 1497 3148 1552 audias.

1922 1604 2010 1660 Vl.
2043 1605 2175 1671 Quae
2201 1617 2326 1657 cum
2353 1598 2605 1660 dixisset,
2628 1601 2744 1648 tum
2770 1592 2923 1647 illum
2954 1589 3170 1646 Veritas
3193 1589 3433 1653 intuens.

1852 1709 1907 1754 et
1925 1714 1988 1753 os
2009 1695 2259 1766 aperiens
2276 1691 2514 1747 Verbum
2540 1687 2850 1758 eloquitur;
2881 1685 2985 1739 hoc
3010 1683 3208 1739 deinde
3235 1696 3436 1738 nomen

1853 1791 2092 1854 factum;
2121 1800 2342 1847 nomen,
2378 1783 2614 1852 idipsum
2645 1777 2791 1849 quod
2821 1774 3226 1846 cognoscimus,
3263 1770 3438 1842 loqui-

1852 1894 2100 1950 murquc,
2144 1874 2423 1930 Christum
2463 1868 2651 1926 Jesum
2677 1885 2691 1921 :
2718 1879 2881 1936 quem
2923 1876 3047 1917 cum
3074 1860 3436 1922 nominasset,

1854 1974 1944 2028 illa
1982 1975 2204 2042 repente
2233 1965 2519 2023 conticuit.
2552 1959 2739 2014 Marco
2767 1971 2897 2012 vero
2930 1955 3084 2026 plura
3134 1958 3194 2006 ut
3227 1951 3434 2008 diceret

1853 2070 2237 2137 exspectante,
2279 2071 2498 2116 rursum
2530 2051 2818 2122 Tctractys
2867 2049 2922 2102 in
2968 2046 3208 2102 medium
3245 2057 3437 2116 proce-

1852 2133 1989 2217 dens
2026 2176 2041 2214 :
2076 2155 2250 2222 Quam
2285 2149 2477 2223 parvi,
2513 2144 2692 2216 inquit
2715 2183 2728 2207 ,
2760 2153 3070 2198 sermonem
3105 2151 3232 2193 eum
3266 2133 3437 2194 facis,

1852 2265 2014 2324 quem
2053 2247 2122 2301 ab
2169 2259 2266 2300 ore
2297 2238 2560 2297 Veritatis
2600 2231 2823 2290 audisti.
2846 2228 2966 2284 Non
2997 2234 3084 2284 est
3125 2224 3262 2281 illud
3291 2223 3440 2292 quod

1855 2313 2020 2407 nosti,
2075 2344 2170 2392 aut
2211 2333 2411 2390 habere
2445 2339 2498 2384 te
2541 2335 2704 2398 putas
2742 2337 2942 2379 nomen
2977 2319 3284 2390 antiquum.
3329 2313 3442 2368 Vo-

1854 2449 1973 2491 cem
2031 2431 2177 2488 enim
2240 2428 2388 2483 illius
2444 2424 2708 2478 duntaxat
2755 2417 3024 2491 percipis,
3091 2414 3204 2469 vim
3257 2417 3439 2466 autem

1856 2528 2098 2597 ignoras.
2148 2517 2357 2591 Ἰησοῦς
2403 2515 2606 2588 quippe
2645 2511 2908 2568 eximium
2960 2521 3159 2563 nomen
3187 2510 3300 2571 est,
3341 2516 3439 2559 sex

1856 2617 2051 2672 litteris
2076 2611 2533 2685 comprehensum
2556 2648 2573 2675 ,
2621 2603 2768 2676 quod
2807 2601 2984 2657 vocati
3035 2614 3066 2652 a
3098 2597 3210 2654 Deo
3247 2608 3440 2651 omnes

1856 2707 2188 2778 intelligunt.
2234 2701 2372 2758 Illud
2413 2715 2544 2778 vero
2578 2695 2722 2768 quod
2749 2693 2893 2766 apud
2942 2689 3268 2747 Pleromatis
3301 2685 3441 2742 Eo-

1855 2817 1991 2869 nas,
2023 2775 2310 2869 multiplex
2338 2775 2710 2862 estfalterius
2743 2802 2828 2846 est
2858 2789 3068 2850 formai,
3101 2784 3442 2850 diversaeque

1856 2883 2063 2964 figura},
2089 2887 2238 2961 quod
2263 2885 2481 2958 cognati
2505 2883 2651 2938 illius
2682 2880 3030 2951 intelligunt,
3058 2887 3292 2947 quorum
3316 2886 3440 2928 ma-

1857 2963 2169 3057 gnitudines
2203 2977 2345 3049 apud
2391 2977 2570 3047 ipsum
2600 2979 2864 3045 perpetuo
2893 2975 3042 3026 sunt.
3067 2963 3439 3034 Quamobrem
3537 2973 3544 2978 ’

155 3079 305 3149 γέθη
336 3081 468 3151 παρ’
495 3078 674 3132 αὐτῶν
693 3077 716 3111 ⁸
741 3080 853 3132 ἐστι
880 3072 1192 3142 διαπαντός.
1227 3076 1392 3131 Ταῦτ’
1413 3071 1507 3131 οὖν
1532 3075 1602 3130 τά
1623 3077 1751 3146 παρ’

1905 3077 2046 3150 lginti
2088 3082 2326 3146 quatuor
2367 3077 2580 3129 vestras
2625 3068 2837 3122 litteras
2883 3063 3026 3119 scito
3070 3058 3442 3116 derivationes

157 3172 298 3241 ὑμῖν
331 3170 749 3242 εἰκοσιτέσσαρα
792 3168 1100 3241 γράμματα
1144 3168 1446 3241 ἀπορροίας
1483 3167 1751 3238 ὑπάρχειν

153 3261 406 3331 γίνωσκε
439 3261 548 3316 τῶν
592 3261 760 3333 τριῶν
791 3262 1075 3332 δυνάμεων
1118 3262 1416 3326 είκονικάς,
1459 3259 1568 3312 τῶν
1591 3276 1749 3331 περι-

156 3355 412 3424 εχουσῶν
438 3355 526 3410 τὸν
559 3354 678 3410 ὅλον
705 3355 815 3409 τῶν
845 3356 957 3411 ἄνω
979 3353 1258 3425 στοιχείων
1287 3353 1378 3407 τὸν
1408 3351 1656 3425 ἀριθμόν·
1685 3349 1754 3406 τὰ

160 3449 268 3518 μὲν
298 3447 412 3521 γὰρ
443 3448 637 3519 ἄφωνα
665 3449 972 3520 γράμματα
995 3448 1150 3501 ἐννέα
1182 3447 1404 3519 νόμισον
1458 3441 1618 3508 εἶναι,
1657 3443 1752 3498 τοῦ

159 3541 384 3611 Πατρὸς
421 3542 516 3594 καὶ
557 3541 657 3610 τῆς
699 3540 1002 3612 Ἀληθείας,
1045 3539 1132 3594 διὰ
1169 3540 1230 3593 τὸ
1267 3538 1518 3609 ἀφώνους
1559 3538 1754 3602 αὐτοὺς

158 3630 332 3697 εἶναι,
375 3633 654 3687 τουτέστιν
680 3634 952 3710 ἀρρήτους
999 3632 1092 3686 καὶ
1123 3631 1522 3703 ἀνεκλαλήτους
1541 3647 1555 3662 ’
1598 3630 1668 3684 τά
1697 3629 1754 3682 δὲ

157 3727 430 3798 ἡμίφωνα
452 3725 596 3778 ὀκτὼ
619 3725 750 3778 ὄντα
784 3723 878 3777 τοῦ
907 3725 1080 3793 Λόγου
1113 3724 1207 3778 καὶ
1243 3724 1341 3795 τῆς
1371 3723 1547 3794 Ζωῆς,
1578 3721 1667 3776 διὰ
1693 3721 1756 3776 τὸ

164 3821 319 3890 μέσα
343 3817 534 3890 ὥσπερ
563 3817 832 3890 ὑπάρχειν
877 3816 986 3870 τῶν
1029 3833 1087 3870 τε
1113 3813 1344 3885 ἀφώνων
1375 3815 1470 3870 καὶ
1508 3814 1616 3869 τῶν
1641 3830 1754 3884 φω-

160 3911 410 3983 νηέντων
425 3925 438 3938 °
472 3910 566 3963 mi.
586 3908 941 3980 ἀναδέχεσθαι
963 3907 1070 3961 τῶν
1094 3907 1192 3979 μὲν
1211 3905 1445 3979 ὕπερθεν
1464 3905 1563 3978 τὴν
1579 3905 1754 3978 ἀπόρ-

163 4006 349 4074 ροιαν,
386 4001 494 4055 τῶν
525 4001 570 4055 δ’
595 4002 735 4074 ὑπὲρ
757 3999 959 4072 αὐτὴν⁸
991 4000 1090 4071 τὴν
1116 3999 1394 4070 ἀναφοράν
1413 4015 1426 4028 ⁸
1469 3997 1538 4051 τὰ
1561 3996 1618 4050 δὲ
1644 4014 1756 4066 φω-

161 4095 371 4165 νήεντα
410 4092 507 4146 καὶ
546 4090 686 4146 αὐτά
732 4088 873 4143 ἐπτά
907 4088 1037 4143 ὄντα
1055 4086 1148 4140 τοῦ
1189 4083 1503 4157 Ἀνθρώπου
1535 4084 1630 4137 καὶ
1657 4083 1758 4154 τῆς

163 4183 523 4256 Ἐκκλησίας,
539 4184 660 4238 ἐπεὶ
688 4181 774 4236 διά
797 4180 892 4234 τοῦ
910 4179 1222 4252 Ἀνθρώπου
1246 4177 1398 4248 φωνὴ
1418 4173 1757 4248 προελθοῦσα

163 4282 466 4353 ἐμόρφωσε
506 4278 576 4333 τά
606 4278 723 4332 ὅλα.
786 4278 846 4329 '0
876 4275 986 4346 γὰρ
1018 4268 1152 4345 ἦχος
1189 4273 1288 4344 τῆς
1321 4269 1507 4341 φωνῆς
1542 4269 1757 4341 μορφὴν

161 4378 358 4439 αὐτοῖς
391 4373 799 4446 περιεποίησεν.

1854 3187 1976 3230 esse
2007 3169 2304 3242 quasdam,
2351 3180 2416 3220 ac
2454 3164 2622 3218 trium
2665 3156 2930 3229 imagines
2976 3153 3285 3218 Virtutum,
3320 3165 3443 3220 quae

1854 3239 2042 3321 totum
2080 3259 2423 3332 superiorum
2467 3255 2861 3310 elementorum
2920 3257 3211 3301 numerum
3263 3239 3442 3296 conti-

1855 3365 2007 3416 nent.
2066 3353 2244 3410 llutas
2307 3350 2453 3406 enim
2493 3347 2706 3402 litteras
2753 3355 2948 3396 novem
2988 3337 3056 3392 ad
3110 3335 3326 3390 Patrem
3378 3348 3441 3387 ae

1853 3455 2136 3509 veritatem
2184 3445 2458 3518 pertinere
2511 3457 2578 3496 ex
2613 3454 2678 3494 eo
2701 3445 2892 3508 putare
2919 3433 3113 3498 debes,
3143 3428 3286 3499 quod
3320 3442 3442 3482 mu-

1855 3552 1925 3600 tae
1949 3551 2106 3608 sunt,
2144 3540 2251 3594 hoc
2292 3544 2376 3594 est
2428 3533 2606 3589 efferri
2650 3525 3102 3602 pronuntiarique
3144 3527 3439 3592 nequeant.

1859 3632 2224 3692 Semivocales
2256 3636 2381 3683 octo
2413 3624 2623 3687 Verbo,
2651 3620 2895 3690 Vitaeque
2934 3614 3236 3672 tribuenda:
3280 3620 3438 3674 sunt,

1856 3741 1922 3782 eo
1951 3723 2094 3796 quod
2135 3720 2296 3776 medii
2332 3714 2620 3787 cujusdam
2653 3709 2869 3784 generis
2899 3715 3058 3770 sunt,
3091 3713 3274 3760 mutas
3298 3702 3442 3757 inter

1859 3835 1924 3873 ac
1965 3815 2182 3872 vocales
2215 3829 2228 3865 :
2265 3821 2433 3881 atque
2481 3817 2534 3862 et
2569 3803 2914 3876 superiorum
2953 3797 3357 3870 proﬂuentiam,
3387 3802 3443 3848 et

1856 3907 2176 3965 inferiorum
2211 3900 2587 3957 habitudinem
2630 3896 2696 3950 ad
2741 3907 2863 3950 sese
2893 3890 3185 3960 recipiunt.
3211 3885 3443 3942 Vocales

1858 3999 2052 4056 deinde
2081 4004 2286 4067 septem
2311 3991 2484 4046 llomo
2511 3996 2674 4058 atque
2713 3981 2958 4038 Ecclesia
2988 3979 3092 4037 sibi
3136 3975 3441 4041 vindicant,

1859 4091 2118 4162 quoniam
2156 4103 2258 4144 vox
2289 4087 2358 4142 ab
2414 4081 2640 4138 Homine
2673 4076 2931 4149 prodiens
2970 4073 3226 4128 universa
3254 4069 3431 4124 tinxit.

1858 4185 2024 4241 Vocis
2045 4183 2190 4240 enim
2208 4195 2378 4238 sonus
2403 4186 2602 4234 certam
2627 4172 2708 4228 eis
2740 4169 2966 4224 formam
2997 4165 3268 4222 attribuit.

243 4412 439 4520 'E;1tv
461 4412 498 4519 ἕ
516 4464 614 4536 μὲν
635 4412 841 4531 Ιζόγος⁸
871 4459 1010 4531 ἔχων
1027 4459 1120 4514 καὶ
1143 4461 1176 4530 ἡ
1201 4457 1324 4530 Ζωὴ
1355 4456 1422 4511 τὰ
1455 4455 1621 4530 ὀκτῲ,
1647 4455 1675 4507 ὁ
1701 4453 1751 4508 δὲ

1935 4446 2104 4518 Igitur
2134 4450 2258 4498 octo
2289 4439 2472 4496 Verbo
2522 4412 2592 4491 et.
2631 4433 2764 4490 Vitae
2804 4431 3176 4493 conveniunt,
3218 4425 3440 4484 Ποππίηί

168 4557 501 4630 Ἀνθρωπος
527 4554 622 4609 καὶ
645 4557 680 4626 ή
718 4551 1014 4623 Ἐκκλησία
1042 4550 1111 4604 τὸ.
1131 4549 1292 4614 ἑπτά,
1321 4551 1350 4602 ὁ
1374 4547 1430 4601 δὲ
1451 4545 1640 4618 Πατὴρ
1664 4545 1760 4599 καὶ

165 4653 204 4720 ἡ
248 4649 506 4720 Ἀλήθεια
520 4648 590 4702 τὰ
616 4646 789 4700 ἐννέα.
828 4644 1046 4714 Ἐπειδὴ
1077 4642 1199 4698 τοῦ⁷
1231 4637 1757 4713 ὑστερήσαντοςῌϐ)

167 4747 353 4814 Λόγου
375 4746 404 4797 ὁ
427 4740 786 4813 ἀφεδρασθεὶς
807 4741 866 4792 ὲν
885 4737 963 4810 τῷ
991 4737 1168 4807 Πατρὶ
1197 4733 1452 4806 κατῆλθε,
1486 4729 1758 4802 πεμφθεὶς

166 4838 267 4892 ἐπὶ
293 4834 388 4888 τὸν
417 4833 510 4904 ἀφ’
535 4827 596 4887 οὗ
627 4830 897 4903 ἐχωρίσθη
919 4830 1012 4882 ἐπὶ
1041 4825 1323 4900 διορθώσει
1351 4823 1462 4878 τῶν
1487 4821 1760 4895 πραχθέν-

1867 4549 2030 4610 atque
2072 4535 2330 4591 Ecclesiae
2366 4539 2609 4603 septem,
2653 4527 2802 4583 Patri
2838 4541 2903 4580 ac
2941 4521 3173 4578 Veritati
3226 4533 3442 4575 novem.

1866 4631 2023 4701 Quod
2065 4637 2247 4685 autem
2289 4627 2430 4682 ratio
2485 4637 2597 4679 non
2646 4619 2782 4676 satis
2813 4623 3126 4678 constaret,
3171 4614 3232 4668 is'
3270 4611 3443 4682 quiin

1865 4725 2024 4780 Patre
2069 4721 2342 4778 stabilitus
2382 4723 2501 4774 erat
2544 4713 2803 4782 delapsus
2847 4717 2968 4772 est,
3005 4705 3072 4760 ad
3109 4717 3384 4774 eumque,
3414 4713 3446 4754 a

1870 4832 1979 4888 quo
2007 4815 2290 4886 sejunctus
2324 4811 2523 4871 fuerat.
2554 4821 2742 4865 eorum
2767 4801 2893 4876 quae
2925 4802 3068 4857 facta
3088 4805 3275 4856 essent
3306 4811 3439 4852 con-

167 4945 305 4994 των,
348 4923 440 4980 ἵνα
536 4924 644 4978 τῶν
659 4892 1064 4995 ἶῖληρωμάτων
1091 4892 1281 4990 ἑνότης
1315 4892 1546 4989 ἰσότητα⁷
1563 4892 1751 4986 ἔχουσα

1905 4909 2272 4966 tituendorum
2315 4905 2488 4980 gratia
2529 4902 2820 4965 dimissus.
2864 4895 3028 4968 240
3072 4901 3132 4948 ut
3173 4892 3446 4964 pleroma-

250 5089 266 5119 ⁸
304 5085 450 5141 lren.
478 5081 908 5152 αὑτογεννήτορα
942 5087 998 5152 et
1042 5074 1430 5152 πατροδρτορα,
1459 5083 1513 5152 et
1563 5085 1750 5152 mox'o

1905 5083 2007 5152 τος.
2063 5065 2106 5148 ᾗ
2134 5061 2275 5152 Iren.
2303 5061 2491 5142 δοκεῖς
2519 5057 2684 5130 ἔχειν.
2759 5053 2782 5086 ³
2809 5050 2952 5109 lren.
3004 5066 3226 5120 συγγεν.
3259 5045 3446 5103 αὑτοῦ.

171 5163 196 5191 δ
230 5159 375 5213 lrcn.
405 5153 575 5227 αὐτῷ.
623 5136 672 5186 ’⁸
711 5129 863 5208 lr'en.r
884 5149 975 5203 ὑπ’
1007 5129 1173 5204 αὑτάί
1243 5146 1264 5177 ⁸
1288 5129 1433 5200 Ιτὲηξ
1469 5141 1616 5195 ἐστιν
1647 5135 1751 5194 οὖν.

1905 5136 2035 5191 lren.
2061 5136 2127 5188 ἐκ
2155 5134 2212 5188 δὲ
2237 5129 2355 5186 τοῦ.

253 5336 371 5407 (15)
413 5334 555 5407 Παρ’
588 5330 744 5400 αὑτῇ
792 5329 892 5385 καὶ
933 5327 1190 5407 σιωπήν.
1235 5325 1383 5407 Iiego
1424 5337 1550 5379 cum
1596 5320 1756 5377 Billio

173 5397 394 5465 exVet.
429 5397 1076 5474 ἰηίθτρτειέζπαραυτίκα
1112 5397 1404 5474 σιωπῆσαι.

255 5483 273 5548 (
287 5463 373 5548 l6)
399 5463 640 5540 Ἐπειδὴ
670 5471 778 5528 τοῦ
803 5463 1288 5548 ὐὲγτερήᾳαντυςί
1304 5463 1580 5548 Interprcs
1596 5463 1767 5548 ire}:

182 5532 300 5604 Εὲί
327 5532 523 5603 minori
564 5532 741 5599 autem
774 5532 1165 5612 computatione
1193 5532 1283 5612 qui
1320 5545 1435 5612 erat
1456 5532 1614 5602 'apud
1661 5532 1769 5586 Pa-

1333 5607 1507 5676 fuerat
1553 5619 1769 5676 separa-

183 5674 297 5753 tus,
346 5697 454 5744 etc.
493 5685 572 5742 Ex
619 5685 820 5755 quibus
871 5691 1022 5755 recte
1063 5674 1392 5755 conjiciebat
1435 5675 1626 5755 Billius
1663 5674 1764 5742 leg.

182 5631 324 5677 trem
371 5616 640 5671 descendit
684 5608 907 5669 emissus
964 5611 1093 5666 illuc
1134 5608 1273 5663 unde

185 5766 252 5816 ἐκ
278 5748 339 5816 δὲ
375 5757 470 5814 τοῦ
505 5748 920 5829 ὑστερήσαντος.
954 5753 1113 5823 Cum,
1141 5748 1338 5822 inquit,
1371 5748 1510 5805 ratio
1539 5761 1648 5803 non
1675 5759 1736 5799 sa

1863 5319 1934 5374 tis
1965 5321 2278 5381 constaret;
2310 5312 2418 5368 boc
2447 5318 2531 5366 est
2559 5323 2684 5364 cum
2729 5321 2830 5378 par
2858 5305 2912 5359 in
2947 5301 3128 5358 tribus
3141 5313 3264 5381 non
3298 5295 3448 5381 inea:

1872 5368 1956 5444 set
1971 5368 2293 5442 litterarum
2338 5395 2635 5445 numerus;
2683 5368 3160 5449 propterea_qupd
3191 5368 3449 5449 Λόγος-’ω

1884 5435 2190 5529 ῖὲλὶὸῖἧὲίῖὶ
2209 5435 2311 5529 ἧι
2341 5435 2903 5529 —litteris_con'_starent
2922 5461 2937 5510 ;
2956 5435 3320 5529 _'A'yOpmroi

1872 5502 2776 5600 κλησίαῗνῆξἶνξιιξιίῖεῖτλίθτίῑοε
2807 5531 2858 5600 [ξι
2883 5533 2898 5600 ξ
2924 5502 3070 5597 ’.ῑυω
3105 5502 3449 5600 delirum.

1911 5579 2377 5660 ar'iawface'rent,’
2423 5592 2492 5648 de
2549 5605 2745 5646 novem
2767 5579 3019 5660 _Patris,
3079 5590 3135 5639 et
3183 5579 3450 5660 Υθτίςῇιίξ

1911 5616 2022 5653 arta
2083 5616 2366 5660 lacerent,
2423 5616 2492 5648 ue
2549 5616 2745 5646 novem
2808 5616 3019 5649 ruma,
3079 5616 3135 5639 υ.
3204 5616 3449 5634 ηιμ-...-

1872 5616 2068 5724 Biteris
2121 5683 2228 5723 una
2269 5665 2337 5722 ad
2384 5663 2633 5720 Hominis
2683 5667 2738 5716 et
2767 5655 3026 5715 Ecclesiae
3079 5658 3286 5721 septem
3325 5644 3449 5701 illa!

1869 5741 2125 5796 accessit.
