3844 6306
383 304 486 362 εοε

1775 318 1839 374 S.
1884 318 2220 378 EPIPHANII

3562 304 3693 362 596

379 433 497 479 tum
529 425 712 481 unitas
745 428 1108 498 mqualitatem
1162 431 1365 488 habens
1411 448 1568 489 unam
1620 435 1671 487 in
1697 436 1953 492 omnibus

2079 444 2377 511 ιαρποφορῇ
2406 439 2605 510 μίανὲν
2627 440 2757 492 πᾶσι
2782 436 2878 509 τὴν
2896 439 2959 490 ἐκ
2990 434 3206 490 πάντων
3236 433 3478 503 δύναμιν
3511 446 3531 459 ’
3572 426 3692 480 καὶ

381 521 670 584 virtutem,
719 528 882 589 atque
911 537 974 576 ex
1006 525 1257 579 omnibus
1288 526 1436 580 velut
1470 526 1703 581 fructum
1739 528 1951 582 emitte-

383 616 493 669 ret,
536 618 649 663 tum
681 610 898 665 demum
938 614 1029 682 qui
1072 623 1323 684 septenas
1362 617 1595 671 habebat
1630 624 1949 672 octonarum

385 702 487 753 vim
528 701 797 768 obtinuit;
844 720 908 759 ac
956 706 1072 759 loca
1112 706 1228 774 ipsa
1278 708 1381 761 tria
1430 723 1779 763 numerorum
1824 721 1952 763 sunt

386 790 524 845 facta
558 792 785 860 similia,
821 796 923 851 hoc
957 809 1041 852 est
1067 798 1383 869 Ogdoades,
1416 815 1536 870 quae
1573 800 1791 869 quidem
1837 802 1952 856 loca

383 898 505 935 cum
537 883 591 936 in
620 899 679 939 se
705 885 807 938 tria
830 891 1259 952 concurrissent,
1294 906 1576 944 numerum
1606 890 1795 961 viginti
1826 906 1954 960 qua-

334 968 339 972 ’
386 978 509 1023 tuor
530 970 842 1027 effecerunt.
869 975 974 1030 Sed
998 978 1265 1034 elementa
1293 980 1418 1043 tria,
1453 996 1573 1049 quae
1603 981 1827 1035 totidem
1850 982 1956 1034 vir-

387 1062 594 1117 tutibus
615 1065 736 1135 conj
749 1076 907 1137 ugata
934 1084 1054 1124 esse
1074 1071 1227 1137 dicit,
1250 1088 1369 1140 quae
1392 1081 1519 1127 sunt
1548 1088 1776 1127 numero
1806 1088 1899 1127 sex
1936 1092 1949 1125 :

386 1168 416 1205 a
460 1155 656 1222 quibus
707 1157 891 1226 viginti
937 1169 1171 1228 quatuor
1229 1163 1493 1216 elementa
1551 1163 1953 1232 proﬂuxerunt,

386 1247 776 1314 quadrifariam
818 1251 1219 1320 inexplicabilis
1268 1253 1495 1309 tetradis
1551 1254 1765 1307 ratione
1814 1254 1955 1307 mul-

388 1338 648 1408 tiplicata,
676 1340 1035 1410 eumdemque
1062 1357 1184 1395 cum
1217 1342 1350 1411 ipsis
1377 1359 1662 1407 numerum
1696 1342 1953 1408 efﬁciunt,

385 1443 506 1497 quae
543 1429 662 1498 ejus
692 1432 836 1501 quod
869 1433 1137 1485 nominari
1189 1434 1375 1503 nequit
1404 1438 1620 1504 propria
1652 1448 1773 1489 esse
1798 1433 1954 1486 dixit.

388 1520 458 1574 Ea
480 1536 644 1591 porro
688 1538 720 1576 a
752 1523 927 1578 tribus
955 1524 1162 1593 portari
1194 1525 1520 1588 virtutibus,
1554 1525 1620 1579 ad
1652 1526 1957 1595 inaspecta-

388 1612 511 1667 hilis
567 1616 845 1684 exemplar
897 1634 910 1669 :
957 1632 1192 1686 quorum
1242 1618 1631 1673 elementorum
1693 1618 1958 1687 imagines

386 1703 630 1772 duplices
675 1720 798 1761 esse
839 1708 1048 1763 litteras
1089 1716 1335 1776 nostras,
1366 1725 1488 1779 quae
1520 1718 1752 1779 quatuor
1788 1716 1842 1763 et
1878 1710 1960 1762 vi-

384 1794 516 1863 ginti
562 1795 757 1852 litteris
794 1809 1163 1855 annumerata:
1200 1817 1322 1855 eum
1364 1818 1648 1857 numerum
1688 1802 1953 1867 conﬂant,
1990 1779 2030 1834 Β

386 1886 477 1954 qui
508 1886 730 1955 triginta
757 1891 1109 1959 proportione
1135 1892 1451 1960 respondet.

458 1974 569 2031 Vll.
607 1977 778 2047 Cujus
820 1981 1048 2035 rationis
1094 1981 1691 2052 administrationisque
1722 1983 1956 2037 fructum

388 2071 748 2126 similitudine
798 2073 1031 2142 quadam
1060 2076 1335 2131 exstitisse
1379 2083 1565 2131 censet
1616 2077 1767 2130 illum
1798 2118 1811 2140 ,
1864 2076 1958 2146 qui

389 2172 509 2229 post
533 2161 650 2216 dies
679 2178 775 2217 sex
803 2164 863 2217 in
898 2173 1135 2220 montem
1168 2175 1394 2236 quartus
1420 2168 1685 2231 ascendit,
1706 2180 1758 2223 et
1776 2176 1960 2225 sextus

388 2260 469 2303 est
514 2250 691 2307 factus
728 2253 747 2282 ί
782 2272 795 2309 :
828 2255 919 2323 qui
956 2256 1273 2321 descendit,
1305 2266 1361 2312 et
1393 2258 1446 2311 iu
1493 2259 1831 2315 hebdomade
1867 2259 1961 2315 de-

390 2351 574 2397 tentus
622 2354 740 2408 est,
792 2348 884 2425 qui
936 2347 1074 2401 idem
1128 2349 1355 2403 illustris
1404 2351 1721 2405 octonarius
1750 2358 1834 2405 est
1864 2369 1878 2405 ;
1907 2359 1962 2405 et

389 2450 602 2491 omnem
650 2439 704 2490 in
738 2453 858 2492 sese
891 2454 1175 2493 numerum
1204 2445 1592 2495 elementorum
1645 2443 1961 2512 complecti-

390 2536 478 2579 tur
508 2545 520 2580 :
552 2543 710 2597 quem
733 2570 747 2593 ,
774 2544 896 2583 cum
928 2531 1179 2599 baptismi
1228 2546 1392 2587 causa
1427 2533 1661 2588 venisset
1698 2533 1964 2587 columba:

389 2619 627 2689 allapsus
660 2622 895 2675 ostendit
916 2624 957 2687 ',
997 2639 1117 2693 quae
1146 2633 1229 2678 est
1268 2626 1310 2677 Ω
1341 2632 1393 2679 ει
1420 2626 1481 2680 Α.
1508 2624 1777 2680 Numerus
1815 2626 1959 2679 enim

392 2709 536 2765 illius
584 2718 667 2766 est
701 2727 870 2768 DCCCI.
916 2714 1047 2779 Quae
1073 2730 1241 2770 causa
1290 2716 1393 2779 sit,
1422 2731 1520 2770 cur
1548 2716 1769 2788 Moyses
1806 2726 1961 2772 sexto

391 2802 478 2855 die
514 2813 757 2857 creatum
798 2805 1069 2861 hominem
1136 2806 1416 2877 scripserit
1450 2832 1461 2863 ;
1494 2808 1604 2863 imo
1647 2809 1811 2863 etiam
1861 2823 1962 2863 cur

393 2902 566 2957 sexto,
598 2894 701 2948 hoc
726 2904 810 2950 est
857 2894 1216 2959 Parasceves,
1249 2898 1337 2951 die
1369 2907 1675 2967 postremus
1700 2900 1863 2953 homo
1892 2898 1959 2952 ad

395 2987 803 3041 iustam-audam
839 2988 1036 3056 prioris
1070 2989 1304 3044 hominis
1350 2990 1754 3060 generationem
1805 3006 1959 3046 suam

396 3074 542 3127 illam
582 3074 914 3128 iunctionem
969 3076 1162 3129 obierit
1196 3096 1208 3129 :
1246 3080 1404 3145 cujus
1456 3079 1668 3132 initium
1719 3094 1781 3133 ac
1837 3078 1959 3136 ﬁnis

397 3165 527 3219 hora
569 3172 720 3220 sexta
755 3163 956 3227 fuerit,
983 3181 1090 3234 qua
1130 3166 1277 3235 ligno
1316 3167 1386 3221 sit
1410 3166 1621 3221 allixus.
1656 3167 1961 3223 Perfectum

395 3254 595 3324 quippe
625 3263 893 3323 mentem,
923 3269 1046 3308 cum
1083 3254 1139 3308 in
1178 3257 1396 3311 senario
1441 3273 1668 3312 numero
1699 3258 1964 3313 eiliciendi

397 3344 857 3417 instaurandique
878 3346 986 3399 vim
1019 3346 1199 3402 inesse
1240 3364 1345 3403 non
1382 3349 1691 3419 ignoraret,
1728 3350 1854 3406 ﬁliis
1885 3351 1968 3404 lu-

398 3438 477 3492 cis
524 3438 769 3492 iteratam
821 3439 966 3492 illam
987 3439 1297 3496 declarasse
1353 3443 1795 3510 generationem,
1846 3459 1966 3511 quae

399 3544 495 3597 per
522 3528 785 3597 insignem
813 3529 988 3597 ipsum
1024 3537 1394 3599 apparentem,
1425 3531 1479 3583 in
1508 3546 1633 3585 eum
1674 3546 1965 3586 numerum

399 3620 687 3674 exstiterit.
721 3619 873 3675 Unde
913 3628 968 3675 et
1009 3620 1255 3689 duplices
1286 3622 1495 3677 litteras
1527 3623 1795 3693 insignem
1834 3639 1967 3677 con-

401 3712 578 3766 linere
632 3727 915 3766 numerum
968 3713 1173 3766 docuit.
1226 3712 1462 3784 insignis
1514 3716 1659 3770 enim
1705 3731 1967 3771 numerus

1991 3121 2033 3181 ϐ

401 3818 524 3856 cum
580 3809 814 3872 quatuor
858 3811 913 3858 et
946 3803 1136 3873 viginti
1184 3805 1480 3873 permistus
1524 3805 1842 3891 elementis,
1872 3807 1969 3861 tri-

401 3894 552 3964 ginta
591 3895 895 3948 litterarum
944 3911 1142 3950 nomen
1190 3895 1432 3949 coniicit.
1470 3896 1572 3951 Sed
1614 3912 1968 3951 numerorum

405 3994 611 4055 septem
642 3985 1013 4056 magnitudine
1050 3995 1307 4055 tanquam
1343 3987 1661 4043 administra
1690 3989 1884 4053 utitur,
1913 3997 1971 4044 ut

406 4077 570 4132 Marci
631 4078 755 4147 Sige
788 4080 1078 4140 narrabat,
1118 4086 1177 4131 ut
1218 4093 1248 4131 a
1287 4094 1385 4133 sua
1419 4079 1696 4136 voluntate
1740 4080 1970 4151 profecti

403 4169 617 4223 consilii
642 4168 851 4223 fructus
882 4177 1158 4239 appareat.

474 4260 745 4312 Caeterum
764 4258 1483 4328 insignembunenumerum
1505 4275 1651 4320 eum,
1676 4260 1873 4329 inquit,
1897 4262 1973 4314 in-

404 4350 581 4420 tellige
599 4391 612 4414 ,
629 4351 719 4419 qui
741 4351 808 4404 ab
837 4350 1035 4420 insigni
1056 4350 1320 4405 furinatus
1343 4360 1426 4405 est
1444 4392 1457 4413 ,
1474 4352 1674 4420 quique
1691 4352 1846 4423 24],
1873 4354 1978 4407 vei-

2054 535 2223 597 οὗτως
2240 536 2267 587 ὁ
2287 534 2394 587 τῶν
2414 534 2553 586 ἑπτὰ
2583 533 2682 605 τὴν
2709 531 2815 585 τῶν
2860 529 3032 584 Ὀκτὼ
3046 528 3338 599 ἐκομίσατο
3366 524 3647 593 δύναμιν
3664 537 3683 549 ⁸

2054 628 2146 679 καὶ
2170 628 2413 694 ἐγένοντο
2445 626 2492 679 οἱ
2513 625 2664 677 τόποι
2684 625 2856 693 ὅμοιοι
2883 622 2901 652 ³
2924 624 3037 685 τοῖς
3061 620 3313 692 ἀριθμοῖς
3347 615 3687 684 Ὀγδοάδες

2053 716 2221 781 ὄντες,
2270 718 2465 779 οἵτινες
2495 719 2662 786 τρεῖς,
2708 716 2793 783 ἐφ’
2834 714 3056 775 ἑαυτοὺς
3100 712 3362 773 ἐλθόντες,
3397 710 3508 761 τὸν
3546 706 3685 759 τῶν

2054 807 2506 878 εἰκοσιτεσσάρων
2554 804 2829 869 ἀνέδειξαν
2870 802 3118 873 ἀριθμόν.
3165 800 3247 853 Τά
3288 801 3480 870 μέντοι
3518 797 3678 867 τρξα

2056 900 2293 967 στοιχεῖα
2322 898 2546 966 ἀφίησιν
2563 896 2584 927 ⁸
2610 895 2771 956 αὐτὸς
2797 892 2904 945 τῶν
2926 890 3092 961 τριῶν
3118 892 3175 942 ὲν
3209 888 3442 959 συζυγίᾳ
3478 885 3679 940 δυνά-

2059 1006 2203 1058 μεων
2229 989 2513 1059 ὑπάρχειν,
2542 988 2575 1041 ἆ
2597 988 2746 1039 ἐστιν
2768 985 2828 1049 ’ἐξ
2847 1001 2858 1013 ·
2888 986 2982 1051 ἀφ’
3005 977 3078 1036 ὧν
3106 979 3355 1052 ἀπερρύη
3381 978 3451 1031 τά
3491 980 3675 1030 εἰκο-

2057 1080 2349 1150 σιτέσσαρα
2362 1079 2597 1148 στοιχεῖα
2608 1074 3173 1147 τετραπλασιασθέντα
3186 1070 3265 1140 τῷ
3273 1070 3374 1138 τῆς
3387 1068 3679 1139 ἀρρήτου

2056 1170 2320 1240 Τετρὰδος
2341 1169 2502 1239 λόγῳ,
2524 1168 2615 1220 τὸν
2642 1168 2800 1220 αὑτὸν
2821 1168 3001 1228 αὐτοῖς
3032 1163 3260 1235 ἀριθμὸν
3284 1162 3448 1222 ποιεῖ,
3492 1158 3675 1227 ἅπερ

2057 1263 2190 1332 φησὶ
2220 1260 2313 1313 τοῦ
2351 1259 2715 1329 ἀνονομάστου
2754 1258 3037 1328 ὑπάρχειν.
3070 1252 3356 1324 Φορεῖεσθαι
3401 1251 3468 1303 δὲ
3497 1248 3675 1302 αὐτὰ

2058 1353 2161 1405 ὑπὸ
2186 1352 2292 1405 τῶν
2321 1353 2486 1421 τριῶν
2508 1351 2804 1420 δυνάμεων,
2829 1352 2911 1412 εἰς
2928 1347 3217 1419 ὁμοιότητα
3239 1344 3332 1397 τοῦ
3365 1342 3661 1413 ἀοράτουο

2058 1437 2133 1497 ὧν
2164 1442 2439 1513 στοιχείων
2469 1442 2673 1504 εἰκόνες
2715 1440 2981 1512 [εἰκόνων]
3023 1438 3094 1492 τὰ
3134 1438 3263 1513 παρ’
3287 1439 3423 1509 ἡμῖν
3465 1436 3669 1490 διπλᾶ

2058 1535 2360 1605 γράμματα
2406 1532 2688 1603 ὑπάρχειν,
2714 1532 2749 1585 ἃ.
2783 1532 3251 1603 συναριθμούμενα
3282 1529 3397 1588 τοῖς
3425 1528 3629 1579 εἰκοσι
3642 1563 3656 1567 νο

2059 1626 2317 1694 τέσσαρσι
2365 1623 2645 1692 στοιχείοις
2690 1621 2913 1691 δυνάμει
2961 1618 3067 1671 τῶν
3113 1611 3256 1665 κατὰ
3283 1608 3305 1638 ⁵
3334 1608 3667 1674 ἀναλογίακν

2059 1717 2169 1770 τῶν
2205 1717 2496 1788 τριάκοντα
2528 1719 2670 1768 ποιεί
2691 1710 2917 1785 ἀριθμόν

2128 1978 2202 2029 Z'.
2237 1975 2438 2029 Τούτου
2467 1974 2560 2028 τοῦ
2608 1974 2765 2043 λόγου
2805 1975 2898 2028 καὶ
2940 1975 3041 2045 τῆς
3078 1973 3389 2045 οἰκονομίας
3426 1970 3667 2041 ταύτης

2058 2068 2270 2139 καρπόν
2318 2083 2480 2136 φησιν
2537 2067 2594 2118 ὲν
2646 2064 2949 2137 ὁμοιώματι
3006 2065 3208 2129 εἰκόνος
3249 2064 3575 2135 πεφυκέναι
3612 2061 3671 2125 ⁸,,

2059 2160 2263 2212 ἐκεῖνον
2275 2158 2366 2211 τὸν
2384 2156 2523 2229 μετά
2541 2155 2638 2219 τάς
2656 2156 2712 2223 ἒξ
2728 2156 2937 2228 ἡμέρας
2952 2156 3061 2226 (17)
3078 2157 3337 2227 τέταρτον
3353 2155 3662 2209 ἀναϐάντα

2060 2252 2137 2314 εἰς
2162 2251 2223 2303 τὸ
2261 2250 2405 2320 ὅρος,
2459 2248 2554 2301 καὶ
2586 2248 2875 2318 γενόμενον
2899 2248 3076 2311 ἕκτον,
3110 2244 3198 2299 τὸν
3228 2244 3664 2317 κρατηθέν-ταν,

2062 2342 2155 2397 καὶ
2179 2340 2488 2395 καταϐάντα
2518 2341 2577 2393 ἐν
2597 2342 2661 2410 τῇ
2680 2339 2931 2410 έδδομάδι
2950 2338 3082 2409 (18),
3106 2338 3375 2408 ἐπίσημον
3403 2336 3661 2406 ὀγδοάδα

2061 2430 2394 2501 ὑπάρχοντα,
2441 2429 2535 2483 καὶ
2578 2428 2769 2498 ἔχοντα
2817 2429 2874 2481 ὲν
2917 2426 3095 2498 ἐαυτῷ
3139 2429 3230 2481 τὸν
3264 2428 3484 2482 ἅπαντα
3529 2426 3661 2479 τῶν

2065 2523 2339 2594 στοιχείων
2375 2522 2623 2593 ἀριθμὸν,
2658 2521 2996 2591 ἐφανέρωσεν
3046 2520 3289 2585 ἐλθόντος
3332 2520 3501 2575 αὐτοῦ
3552 2521 3658 2575 ἐπὶ

2063 2612 2125 2665 τὸ
2158 2611 2440 2681 βάπτισμα
2484 2611 2517 2681 ἡ
2552 2610 2650 2679 τῆς
2699 2610 3021 2680 περιστερᾶς
3050 2609 3291 2674 κάθοδος,
3327 2612 3467 2681 ἥτιςζ
3489 2612 3660 2665 ἐστὶν

2065 2704 2107 2755 Ω
2140 2706 2231 2756 καὶ
2251 2704 2314 2754 Α.
2357 2702 2415 2755 ’0
2444 2700 2552 2772 γὰρ
2586 2700 2815 2771 ἀριθμὸς
2843 2701 3013 2768 αὐτῆς
3052 2701 3149 2771 μία
3177 2701 3268 2754 καὶ
3292 2702 3651 2757 ὀκτακόσιαι.

2064 2795 2173 2849 Καὶ
2197 2792 2284 2847 διά
2309 2793 2462 2846 τοῦτο
2486 2793 2722 2847 Μωῦσέα
2750 2794 2808 2846 ὲν
2838 2795 2905 2863 τῇ
2931 2791 3071 2864 ἕκτῃ
3090 2792 3196 2845 τῶν
3217 2793 3441 2864 ἡμερῶν
3486 2795 3658 2864 εἰρη-

2066 2888 2218 2941 κέναι
2254 2886 2345 2940 τὸν
2384 2885 2664 2957 ἄνθρωπον
2696 2885 2994 2954 γεγονέναι.
3047 2886 3155 2939 Καὶ
3184 2887 3280 2957 τὴν
3318 2887 3655 2958 οἰκονομίαν

2065 2981 2120 3033 δὲ
2150 2982 2206 3034 ὲν
2234 2982 2299 3051 τῇ
2323 2979 2453 3049 ἕκτῃ
2469 2978 2575 3031 τῶν
2602 2977 2842 3050 ἡμερῶν,
2873 2977 2993 3048 ἥτις
3012 2978 3127 3030 ἐστὶ
3157 2977 3653 3050 Παρασκευὴ(19),

2066 3075 2157 3125 τὸν
2201 3072 2425 3141 ἔσχατον
2451 3072 2734 3143 ἄνθρωπον
2774 3074 2854 3137 εἰς
2887 3071 3241 3142 ἀναγέννησιν
3278 3070 3373 3124 τοῦ
3414 3071 3653 3143 πρώτου

2066 3162 2355 3234 ἀνθρώπου
2392 3163 2683 3232 πεφηνέναι
2709 3180 2720 3229 f
2748 3158 2814 3235 ἧς
2835 3163 3141 3233 οἰκονομίας
3160 3162 3331 3233 ἀρχὴν
3356 3164 3451 3215 καὶ
3484 3163 3650 3225 τέλος

2068 3255 2161 3306 καὶ
2191 3253 2288 3324 τὴν
2326 3253 2489 3323 ἕκτην
2519 3249 2686 3324 ὥραν,
2723 3254 2780 3307 ὲν
2872 3253 3192 3327 προσηλώθη
3218 3253 3297 3323 τῷ
3327 3252 3491 3323 ξύλῳ.
3536 3253 3651 3305 Τὸν

2068 3346 2176 3414 γὰρ
2204 3346 2404 3399 τέλειον
2438 3345 2560 3400 νοῦν
2600 3347 2981 3417 ἐπιστάμενον,
3027 3346 3114 3398 τὸν
3156 3344 3264 3398 τῶν
3300 3344 3361 3409 ἒξ
3399 3345 3649 3425 ἀριθμὸν

2066 3440 2291 3509 δύναμιν
2318 3440 2585 3508 ποιήσεως
2606 3439 2697 3492 καὶ
2726 3439 3130 3509 ἀναγεννήσεως
3156 3436 3363 3507 ἔχοντα,
3391 3436 3653 3507 φανερῶσ-

2072 3548 2160 3584 σαι
2186 3533 2294 3595 τοῖς
2319 3531 2452 3593 υἱοῖς
2476 3529 2569 3582 τοῦ
2603 3530 2778 3599 φωτὸς
2809 3531 2906 3599 τὴν
2936 3530 3001 3583 δι’
3037 3529 3199 3581 αὑτοῦ
3227 3528 3485 3596 φανέντος
3516 3529 3645 3580 ἐπι-

2074 3623 2246 3692 σήμου
2268 3623 2348 3685 εἰς
2369 3622 2529 3674 αὐτὸν
2557 3622 2577 3653 ⁸
2610 3621 2674 3673 δι’
2712 3620 2875 3673 αὑτοῦ
2923 3620 3217 3692 γενομένην
3256 3619 3645 3690 ἀναγέννησιν.

2076 3710 2266 3765 Ἔνθεν
2282 3712 2375 3765 καὶ
2394 3710 2461 3764 τὰ
2485 3710 2647 3764 διπλᾶ
2665 3712 2967 3781 γράμματα
2984 3710 3073 3764 τὸν
3098 3709 3325 3782 ἀριθμὸν
3367 3709 3647 3780 ἐπίσημον

2071 3802 2214 3873 ἐχειν
2247 3802 2429 3874 φησίν.
2488 3804 2546 3855 '0
2577 3802 2686 3874 γὰρ
2728 3802 2993 3874 ἐπίσημος
3029 3801 3279 3874 ἀριθμὸς,
3312 3800 3645 3873 συγκραθεὶς

2070 3899 2183 3959 τοῖς
2223 3896 2661 3966 εἰκοσιτέσσαρσι
2720 3897 3022 3966 στοιχείοις,
3066 3894 3125 3948 τὸ
3163 3894 3641 3966 τριακονταγράμ-

2077 4005 2244 4059 ματον
2268 3988 2439 4058 ὄνομα
2464 3987 2775 4041 ἀπετέλεσε.
2806 3987 3087 4059 Κέχρηται
3103 3986 3160 4039 δὲ
3183 3986 3413 4056 διακόνῳ
3433 3985 3517 4056 τῷ
3534 3985 3647 4037 τῶν

2072 4079 2211 4133 έπτά
2251 4078 2499 4151 ἀριθμῶν
2547 4078 2785 4148 μεγέθει,
2828 4077 2903 4140 ὣς
2933 4095 3094 4147 φησιν
3142 4078 3173 4147 ἡ
3222 4076 3447 4147 Μάρκου
3484 4078 3639 4146 Σιγὴ,

2074 4169 2161 4221 ἵνα
2189 4169 2288 4238 τῆς
2317 4168 2709 4239 αὐτοὸουλήτου
2742 4167 2937 4237 βουλῆς
2967 4167 3250 4239 φανερωθῇ
3280 4169 3308 4220 ὁ
3335 4168 3570 4237 καρπός.

2144 4260 2247 4312 Τὸν
2281 4261 2459 4330 μέντοι
2477 4246 2742 4328 ἐπίσημον
2770 4260 2957 4313 τοῦτον
2982 4260 3210 4330 ἀριθμὸν
3244 4260 3334 4311 ἐπὶ
3374 4258 3469 4311 τοῦ
3506 4276 3643 4329 παρ-

2079 4351 2249 4415 όντος,
2322 4351 2471 4421 φησί,
2519 4350 2608 4403 τὸν
2656 4352 2745 4403 ἐπὶ
2796 4350 2890 4404 τοῦ
2936 4352 3205 4421 ἐπισήμου
3236 4351 3256 4382 ⁹
3290 4351 3641 4420 μορφωθέντα

406 4442 686 4497 utdivisus
704 4450 758 4496 et
776 4441 1069 4509 bipartitus
1086 4449 1189 4500 est.
1206 4440 1448 4511 forisque
1466 4450 1709 4496 reinanrt
1726 4461 1739 4508 ;
1754 4443 1845 4512 qui
1874 4459 1964 4498 sua

2079 4440 2287 4511 νόησον,
2324 4440 2413 4492 τὸν
2444 4439 2631 4510 ὥσπερ
2663 4438 2988 4509 μερισθέντα
3020 4439 3053 4509 ἢ
3081 4437 3525 4508 διχοτομηθέντα,
3550 4438 3642 4491 καὶ

404 4535 607 4587 virtute
631 4548 694 4587 ac
718 4532 1029 4602 prudentia,
1049 4532 1441 4604 ellieientiaque
1465 4534 1683 4602 propria
1712 4534 1970 4589 umndum

406 4625 551 4679 hunc
584 4624 669 4678 ad
720 4625 1007 4695 septenarii
1066 4626 1287 4681 virtutis
1342 4625 1700 4679 imitationem
1764 4635 1970 4696 septem

405 4716 696 4770 virtutibus
721 4716 1169 4785 comprehensam
1200 4717 1488 4784 animavit;
1515 4717 1743 4786 ejusque
1767 4719 1969 4781 omnis,

406 4806 552 4875 quod
575 4807 905 4876 aspectabile
932 4808 1303 4873 est,-aniiuam
1340 4808 1645 4862 constituit.
1668 4807 1783 4863 Hoc
1808 4809 1976 4879 igitur

407 4913 590 4966 opere,
621 4899 767 4953 velut
796 4908 988 4968 sponte
1020 4915 1049 4952 a
1085 4916 1143 4954 se
1173 4900 1338 4961 facto,
1371 4899 1600 4969 ipsemet
1635 4901 1830 4956 utitur.
1854 4901 1974 4953 Alia

407 5001 568 5049 vero,
611 5002 737 5041 cum
775 4997 885 5043 snnt
935 4990 1265 5044 imitationes
1303 4989 1549 5060 quaedam
1592 5005 1703 5043 non
1736 4990 1973 5043 imitabi-

481 5142 497 5171 ²
529 5139 712 5212 Μειιιι.
743 5157 874 5212 xv”,
908 5145 929 5196 1
969 5159 1070 5212 sqq

2081 4532 2185 4597 ἔξω
2222 4532 2479 4601 μείναντα
2498 4547 2509 4559 ·
2540 4531 2597 4591 ὃς
2621 4534 2686 4601 τῇ
2710 4531 2898 4585 ἑαυτοῦ
2923 4530 3146 4601 δυνάμει
3172 4547 3231 4582 τε
3261 4530 3354 4583 καὶ
3384 4531 3642 4599 φρονήσει

2077 4623 2165 4676 διὰ
2180 4623 2277 4692 τῆς
2296 4624 2388 4676 ἀπ’
2407 4622 2571 4676 αὑτοῦ
2594 4623 2864 4693 προϐολῆς
2883 4622 3069 4675 τοῦτον
3088 4623 3179 4677 τὸν
3202 4608 3309 4674 τῶν
3331 4621 3469 4675 ἑπτὰ
3483 4621 3641 4675 δυνά-

2082 4733 2247 4786 μεων,
2266 4716 2361 4768 καὶ
2380 4715 2609 4788 μίμησιν
2642 4717 2739 4785 τῆς
2759 4716 3048 4785 ἑϐδομάδος
3076 4715 3374 4785 δυνάμεως,
3396 4715 3636 4785 ὲψύχωσε

2080 4807 2303 4877 κόσμον,
2332 4808 2425 4861 καὶ
2449 4806 2625 4878 ψυχὴν
2647 4807 2795 4860 ἔθετο
2828 4803 2967 4860 εἶναι
2998 4806 3088 4859 τοῦ
3121 4807 3395 4878 ὁρωμένου
3424 4807 3638 4869 παντός.

2080 4899 2359 4969 Κέχρηται
2387 4899 2482 4969 μὲν
2506 4895 2597 4952 οὖν
2622 4899 2718 4952 καὶ
2747 4898 2908 4961 αὐτὸς
2935 4892 3084 4961 οὗτος
3110 4897 3247 4967 τῷδε
3275 4898 3350 4968 τῷ
3381 4897 3548 4969 ἔργῳ,
3570 4898 3637 4960 ὡς

2081 4988 2416 5059 αὐθαιρέτως
2443 4991 2532 5043 ὑπ’
2571 4989 2732 5042 αὐτοῦ
2762 4991 3036 5058 γενομένῳ
3054 5007 3068 5021 ο
3096 4988 3215 5042 τάδε
3233 4987 3275 5018 ¹⁰
3302 4989 3536 5041 διακονεί
3560 5004 3640 5057 μι-

1168 5145 1189 5173 ²
1217 5143 1404 5198 Matth.
1443 5159 1526 5203 ιιι.
1553 5143 1639 5197 16.
1716 5144 1736 5175 ³
1764 5143 1911 5215 Iren._
1934 5162 1963 5195 τ

2079 5146 2275 5200 τόποι.
2352 5145 2373 5175 ⁸
2405 5145 2546 5199 lren.
2574 5145 2609 5197 ἆ
2632 5162 2813 5213 ιεησιν..
2870 5144 2891 5173 ⁸
2920 5141 3060 5215 lrcn.
3095 5141 3189 5215 τοῦ
3221 5141 3380 5215 κατά.
3456 5142 3477 5173 ⁶
3504 5139 3633 5215 Ιιξεῃτ

409 5211 725 5295 πεφηνέναι.
800 5212 817 5241 ⁷
846 5209 985 5267 lreu.
1018 5209 1105 5265 τὸν
1132 5215 1462 5281 καταϐάντα,
1487 5215 1581 5267 καὶ
1604 5231 1760 5286 κρατ.
1839 5215 1861 5245 ⁸
1892 5213 1964 5269 Ire

2079 5216 2225 5269 ιὺτὸν
2254 5215 2503 5287 ἀριθμόν.
2541 5284 2549 5294 δ
2580 5215 2601 5243 ⁸
2633 5209 2773 5269 neu.
2806 5214 2913 5267 ἀπὸ
2943 5212 3038 5266 τοῦ
3066 5213 3174 5267 ὲπί.
3254 5213 3297 5243 ⁸⁸
3328 5212 3466 5266 lren.
3496 5212 3565 5264 τά
3587 5210 3640 5261 δὲ

408 5282 562 5337 ἄλλα.

482 5397 593 5467 (l7)
646 5396 911 5467 Ἐκεῖνον
950 5394 1066 5462 τὴν
1106 5394 1256 5464 μετὰ
1288 5396 1391 5462 τὰς
1429 5396 1496 5460 ἐξ
1544 5396 1786 5465 ἡμέρας.
1821 5395 1982 5451 Chri-

411 5466 552 5523 stum
588 5466 912 5529 Dominum,
944 5467 1035 5535 qui
1084 5472 1209 5534 post
1236 5482 1288 5518 vl
1329 5468 1445 5521 dies
1474 5468 1527 5519 in
1562 5482 1684 5519 eum
1717 5477 1980 5528 montem,

412 5540 502 5593 ubi
535 5537 957 5605 transﬁguratus
991 5544 1074 5589 est
1096 5576 1110 5597 ,
1141 5550 1264 5588 cum
1298 5537 1472 5605 tribus
1502 5536 1788 5604 discipulis
1817 5551 1981 5604 quar‘

412 5619 501 5663 tus
532 5604 796 5668 ascendit,
830 5608 1011 5676 ibique
1036 5605 1310 5674 adjuuetis
1336 5604 1473 5672 Elia,
1496 5622 1559 5659 ac
1587 5605 1766 5677 Moyse
1793 5614 1983 5662 sextus

412 5688 496 5736 est
527 5678 719 5732 factus.
754 5678 941 5732 Matth.
980 5692 1113 5731 xvlt.

484 5749 598 5819 (18)
662 5747 770 5804 Τὸν
815 5746 1215 5819 κρατηθέντα,
1272 5745 1376 5801 καὶ
1421 5744 1753 5801 καταϐάντα
1795 5746 1862 5799 ἐν
1910 5744 1984 5814 τῇ

2080 5395 2378 5465 ἑϐδομάδι.
2416 5393 2639 5465 Videtur
2676 5392 2753 5465 ad
2780 5407 2854 5445 vn
2883 5388 3024 5445 diem
3049 5389 3330 5465 alludere,
3355 5402 3464 5457 quo
3489 5386 3634 5465 ﬁbri.

2081 5458 2284 5524 stus'in
2317 5465 2570 5535 sepulcro
2610 5462 2802 5535 iacuit,
2834 5470 2888 5535 et
2924 5461 3066 5535 apud
3099 5458 3550 5535 in[eros_ma_ns_i_t.

2156 5538 2270 5608 (i9);
2300 5529 2397 5608 Ἐᾖ
2424 5533 2498 5601 τῇ
2526 5529 2670 5601 ἕκτῃ
2702 5532 2820 5585 τῶν
2840 5529 3091 5608 ἡμερῶν,
3148 5530 3280 5597 ἣτις
3307 5529 3438 5608 ἐστὶ
3465 5530 3636 5608 Παρεις

2082 5595 2298 5673 diem}.
2349 5595 2563 5660 Cwn'um
2614 5595 2803 5673 puram
2853 5595 3017 5655 vertit
3066 5595 3333 5668 interpres
3377 5596 3531 5670 .lren.
3583 5595 3639 5651 ιιι

2084 5679 2227 5750 quod
2259 5672 2460 5734 eruditi
2489 5675 2587 5732 viri
2618 5672 2828 5745 pridem
2858 5672 3236 5728 observarunt.
