3772 6188
166 269 277 326 597

778 271 1148 332 ADVERSUS
1184 273 1531 331 HERESES
1570 274 1697 332 LIB.
1740 272 1776 331 1.

1950 273 1990 329 ι.
2034 273 2124 329 ιιι.
2163 305 2233 315 -
2273 273 2542 331 omnes.
2588 274 2846 349 xxxw.

3357 269 3460 329 598

172 388 410 458 μὴματα
430 386 559 441 δντα
588 387 699 443 τῶν
728 389 1019 460 ἀμιμήτων
1040 388 1140 461 τὴν
1165 388 1493 462 Ἑνθύμησιν
1519 389 1619 461 τῆς
1647 390 1769 460 Μη-

1953 404 2037 455 in,
2078 388 2408 460 Cogitationi
2454 388 2645 445 Matris
2695 390 2964 445 serviunt.
2996 387 3188 459 ltaque
3221 389 3458 459 primum

164 480 324 549 τρός.
367 479 477 531 Καὶ
498 482 527 533 ὁ
560 480 662 550 μὲν
699 478 913 550 πρῶτος
949 480 1178 550 οὐρανὸς
1222 479 1519 549 φθέγγεται
1550 478 1611 533 τὸ
1646 480 1712 540 Α,
1737 481 1766 532 ὁ

166 571 229 624 δὲ
264 570 404 639 μετὰ
426 570 618 624 τοῦτον
654 570 716 624 τὸ
744 572 806 635 Ε,
831 570 859 622 ό
884 570 940 623 δὲ
966 571 1150 643 τρίτος
1179 572 1225 623 Η
1246 588 1258 601 ·
1296 571 1559 643 τέταρτος
1587 571 1645 625 δὲ
1674 571 1768 624 καὶ

170 664 346 733 μέσος
383 664 490 718 τῶν
535 664 675 718 ἑπτὰ
716 664 816 738 τὴν
853 663 947 719 τοῦ
984 666 1003 717 l
1047 663 1277 733 δύναμιν
1328 666 1582 735 ὲκφωνεῖ,
1635 666 1664 718 ό
1710 664 1767 718 δὲ

168 758 427 827 πέμπτος
455 756 515 810 τὸ
558 758 621 820 0,
651 757 809 822 ἒκτος
836 758 893 812 δὲ
922 760 985 812 τὸ
1019 760 1065 813 Υ
1087 776 1101 790 ·
1128 759 1357 828 ἕϐδομος
1384 759 1479 812 καὶ
1510 757 1768 830 τέταρτος

166 850 286 901 ἀπὸ
328 849 556 921 μέρους¹
587 849 647 903 τὸ
672 852 713 903 Ω
747 854 1009 921 στοιχεῖον
1036 850 1223 921 ἐκϐοᾷ,
1264 849 1447 913 καθὼς
1479 852 1511 919 ὴ
1537 849 1765 921 Μάρκου

168 939 335 1011 Σιγὴ,
374 942 409 1011 ἡ
448 940 620 994 πολλὰ
656 942 753 1013 μὲν
783 942 1118 1015 φλυαροῦσα,
1164 942 1330 1015 μηδὲν
1359 942 1415 995 δὲ
1454 941 1654 1013 ἀληθὲς
1682 939 1768 993 λέ-

165 1049 371 1101 γουσα,
408 1033 835 1089 διαϐεϐαιοῦται.
880 1036 1091 1100 Αἴτινες
1113 1036 1391 1105 δυνάμεις,
1415 1034 1573 1105 ὁμοῦ,
1607 1034 1762 1105 φησὶ,

166 1128 351 1180 πᾶσαι
386 1129 467 1190 εἰς
500 1127 737 1199 ἀλλήλας
777 1127 1208 1199 συμπλακείσαι,
1245 1127 1437 1199 ἠχοῦσι
1478 1126 1573 1180 καὶ
1607 1124 1766 1189 δοξά-

165 1220 361 1283 ζουσιν
390 1222 619 1286 ἐκεῖνον,
652 1221 741 1289 ὑφ’
765 1213 825 1274 οὗ
857 1220 1299 1291 προεϐλήθησαν.
1343 1220 1406 1272 Ἦ
1430 1218 1487 1273 δὲ
1516 1218 1642 1285 δόξα
1665 1218 1764 1289 τῆς

165 1312 321 1381 ἠχῆς
340 1311 720 1382 ἀναπέμπεται
746 1313 825 1375 εἰς
839 1294 930 1364 τόν
958 1310 1309 1383 Προπάτορα.
1343 1308 1558 1381 Ταύτης
1583 1308 1766 1380 μέντοι

167 1402 281 1472 τῆς
309 1403 613 1473 δοξολογίας
644 1404 736 1457 τὸν
770 1399 901 1475 ἦχον
930 1406 1009 1467 εἰς
1040 1403 1137 1475 τὴν
1168 1403 1272 1473 γῆν
1290 1402 1588 1473 φερόμενόν
1633 1418 1765 1473 φησι

169 1495 428 1565 πλάστην
456 1495 731 1564 γενέσθαι,
760 1497 851 1549 καὶ
874 1499 1173 1568 γεννήτορα
1215 1495 1324 1549 τῶν
1370 1495 1465 1548 ἐπὶ
1499 1495 1601 1565 τῆς
1639 1495 1761 1565 γῆς.

169 1587 294 1658 Τὴν
313 1587 369 1640 δὲ
385 1586 658 1652 ἀπόδειξιν
681 1588 836 1658 φέρει
853 1587 961 1640 ἀπὸ
980 1587 1087 1640 τῶν
1109 1587 1235 1657 ἄρτι
1262 1585 1619 1655 γεννωμένων
1642 1584 1767 1655 βρε-

166 1680 322 1748 φῶν,
363 1672 437 1733 ὧν
478 1678 585 1751 ἠχὴ
614 1679 728 1749 ἅμα
759 1678 838 1750 τῷ
884 1680 949 1733 ὲκ
998 1678 1213 1749 μήτρας
1258 1675 1541 1749 προελθεῖν
1572 1674 1765 1745 ὲπιϐοᾷ

164 1773 301 1837 ἑνὸς
337 1774 565 1827 ἑκάστου
598 1772 703 1825 τῶν
734 1772 1010 1843 στοιχείων
1031 1773 1237 1825 τούτων
1260 1770 1352 1824 τὸν
1376 1766 1529 1841 ἦχον.
1568 1768 1764 1833 Καθὼς

163 1862 271 1919 οὖν
310 1867 367 1920 αἱ
416 1865 574 1929 ἑπτά,
620 1867 774 1936 φησι,
816 1846 1075 1936 δυνάμεις
1126 1862 1405 1928 δοξάζουσι
1446 1862 1538 1915 τὸν
1568 1862 1762 1929 Λόγον,

164 1954 324 2009 οὕτω
350 1958 443 2009 καὶ
473 1958 507 2029 ἡ
541 1957 684 2027 ψυχὴ
708 1958 766 2008 ὲν
794 1959 904 2019 τοῖς
934 1953 1183 2026 βρέφεσι,
1212 1952 1473 2006 κλαίουσα
1496 1951 1597 2005 καὶ
1636 1950 1767 2024 θρη-

166 2049 346 2101 νοῦσα
371 2050 617 2120 Μάρκον,
648 2049 856 2113 δοξάζει
886 2047 1070 2102 αὐτόν.
1119 2045 1217 2100 Διὰ
1257 2043 1415 2099 τοῦτο
1464 2044 1519 2098 δὲ
1552 2044 1644 2097 καὶ
1676 2043 1766 2096 τὸν

168 2142 348 2195 Δαϐὶδ
370 2142 683 2215 εἰρηκέναι·
752 2143 851 2197 Ἐκ
874 2141 1165 2210 στόματος
1198 2140 1434 2207 νηπίων
1453 2137 1551 2191 καὶ
1584 2140 1767 2205 θηλα-

165 2233 401 2293 ζᾍντων
426 2234 761 2303 κατηρτίσω
787 2229 960 2287 αἶνον
980 2250 993 2263 ⁸
1046 2233 1141 2286 καὶ
1187 2232 1352 2286 πάλιν
1373 2250 1384 2261 ·
1420 2234 1483 2285 Οἱ
1523 2228 1767 2299 οὐρανοὶ

166 2322 323 2393 (τῶν
348 2324 639 2395 οὐρανῶν)
660 2326 680 2355 ¹
729 2323 1075 2394 διηγοῦνται
1107 2322 1296 2387 δόξαν
1323 2322 1492 2376 Θεοῦ.
1533 2322 1643 2374 Καὶ
1680 2320 1767 2373 διὰ

163 2416 340 2469 τοῦτο
370 2417 428 2472 ἐν
457 2434 514 2470 τε
540 2416 722 2481 πόνοις
759 2417 854 2469 καὶ
888 2414 1287 2486 ταλαιπωρίαις
1318 2413 1464 2485 ψυχὴ
1498 2412 1765 2483 γενομένη

164 2512 260 2575 εἰς
292 2510 571 2582 διυλισμὸν
600 2510 771 2579 αὐτῆς
804 2509 1068 2578 ὲπιφωνεϊ
1096 2509 1157 2562 τὸ
1188 2511 1229 2561 Ω
1254 2509 1335 2572 εἰς
1361 2508 1585 2578 σημεῖον
1622 2506 1769 2559 αἰνέ-

168 2600 473 2673 σεωςβο),
516 2602 623 2665 ἵνα,
659 2600 976 2671 γνωρίσασα
1010 2603 1043 2671 ἡ
1078 2600 1191 2655 ἄνω
1222 2599 1369 2671 ψυχὴ
1414 2599 1474 2652 τὺ
1504 2597 1767 2667 συγγενὲς

165 2695 353 2765 αὐτῆς
382 2693 574 2766 βοηθὸν
598 2693 736 2762 αὑτὴ
767 2692 1125 2766 καταπέμψῃ.

251 2785 336 2841 Η’.
379 2787 488 2840 Καὶ
520 2786 648 2857 περὶ
682 2785 779 2857 μὲν
806 2785 900 2840 τοῦ
952 2785 1149 2848 παντὸς
1180 2783 1442 2856 ὀνόματος
1475 2783 1770 2854 τριάκοντα

168 2878 701 2950 ὖντος.γραμμάτων
722 2877 935 2943 τούτου,
959 2878 1053 2931 καὶ
1078 2875 1171 2931 τοῦ
1204 2874 1366 2947 βυθοῦ
1392 2875 1487 2929 τοῦ
1514 2874 1769 2940 αΰξοντος

170 2972 247 3024 ἐκ
275 2970 386 3022 τῶν
416 2970 602 3023 τούτου
629 2971 992 3043 γραμμάτων,
1016 2970 1095 3023 ἔτι
1128 2987 1187 3023 τε
1220 2969 1323 3039 τῆς
1358 2967 1640 3039 Ἀληθείας
1665 2966 1768 3021 σώ-

173 3078 357 3132 ματος
374 3061 784 3133 δωδεκαμελοῦς
806 3064 870 3115 ἐκ
890 3060 983 3116 δύο
1004 3061 1345 3133 γραμμάτων
1370 3059 1701 3123 συνεστῶτος
1724 3060 1767 3123 ³,

174 3155 278 3207 καὶ
309 3155 409 3224 τῆς
437 3156 622 3225 φωνῆς
650 3155 841 3226 αὐτῆς,
872 3156 937 3225 ἣν
967 3154 1418 3226 προσομιλήσασα
1450 3154 1494 3220 ’⁵,
1529 3153 1775 3223 καὶπερὶ

173 3245 283 3313 τῆς
316 3244 615 3311 ἐπιλύσεως
644 3246 739 3300 τοῦ
770 3246 845 3319 μὴ
870 3246 1193 3316 λαληθέντος
1222 3246 1504 3317 ὀνόματος,
1532 3246 1776 3317 καὶπερὶ

173 3341 282 3409 τῆς
312 3338 409 3391 τοῦ
455 3339 662 3410 κόσμου
691 3340 869 3412 ψυχῆς
906 3340 1001 3394 καὶ
1049 3339 1359 3412 ἀνθρώπου,
1407 3339 1548 3394 καθὰ
1593 3339 1776 3410 έχουσι

174 3432 287 3501 τὴν
332 3432 452 3485 κατ’
482 3432 669 3487 εἰκόνα
720 3435 1052 3505 οἰκονομίαν,
1100 3434 1275 3499 οὕτως
1318 3435 1613 3506 ἐλήρησενο
1652 3429 1777 3503 ἑξῆς

175 3523 238 3576 δὲ
264 3523 347 3587 ὡς
380 3524 488 3577 ἀπὸ
518 3525 627 3580 τῶν
656 3526 935 3598 ὀνομάτων
988 3527 1274 3599 ἰσάριθμον
1306 3527 1543 3597 Δύναμιν
1573 3525 1779 3578 ἐπέδει-

178 3618 277 3683 ξεν
317 3619 349 3689 ἡ
406 3619 719 3689 Τετρακτὺς
769 3620 917 3691 αὐτῷ
972 3620 1425 3691 ἀπαγγελοῦμεν·
1476 3620 1562 3673 ἵνα
1614 3618 1779 3689 μηδὲν

177 3709 328 3780 λάθῃ
371 3726 432 3762 σε
462 3710 570 3764 τῶν
599 3713 677 3774 εἰς
705 3713 852 3783 ἡμᾶς
890 3714 982 3765 ὑπ’
1028 3712 1190 3766 αὑτοῦ
1239 3712 1550 3782 λεγομένων
1584 3710 1778 3782 ἐληλυ-

179 3804 396 3869 ¹τιὸτων,
443 3805 714 3877 ἁγαπητὲ,
771 3804 954 3869 καθὼς
1005 3804 1262 3866 πολλάκις
1315 3804 1604 3875 ἁπῄτησας
1648 3805 1778 3876 παρ’

178 3895 372 3966 ἡμῶν·

262 4163 455 4227 Οῦτως
491 4181 587 4217 ουν
615 4165 947 4233 ἀπαγγεΛΛει
974 4167 1006 4237 ἡ
1040 4166 1313 4235 πάνσοφος
1340 4166 1487 4236 αύτῷ
1523 4165 1656 4237 Σιγὴ
1686 4166 1783 4237 τὴν

179 4255 412 4325 γένεσιν
444 4253 553 4307 τῶν
591 4256 1046 4328 εἰκοσιτεσσάρων
1094 4257 1393 4327 στοιχείων,
1432 4259 1496 4327 τῇ
1533 4256 1784 4326 μονότητι

182 4347 569 4419 συνυπάρχειν
609 4348 817 4419 ὲνότητι
860 4351 902 4404 ⁸.
944 4348 1030 4416 Ἐξ
1058 4340 1132 4402 ὧν
1185 4348 1278 4401 δύο
1321 4348 1601 4419 προϐολαὶ,
1644 4349 1785 4403 καθὰ

1871 480 2131 536 οωΙιιιιιΛ
2150 479 2504 550 pronuntiat;
2530 480 2832 537 secundum
2854 481 2917 547 E;
2948 482 3169 537 tertium
3199 483 3269 548 H;
3300 498 3465 552 quar-

1870 580 1983 628 tum
2025 580 2079 628 et
2113 572 2351 629 medium
2380 573 2587 628 vocalis
2620 576 2641 627 Ι
2671 574 2780 628 vim
2832 573 3021 639 ell‘ert;
3068 574 3322 644 quintum
3366 574 3447 641 0;

1871 673 2088 722 sextum
2137 666 2211 732 Υ;
2250 666 2545 735 septimum
2588 672 2643 721 et
2681 674 2939 737 quartum
2980 666 3311 723 elementum
3361 667 3403 719 Ω
3429 682 3461 722 e

1870 758 2051 813 medio
2083 759 2418 828 proclamat,
2446 759 2523 812 ait
2560 757 2838 813 Marciana
2876 757 3037 829 Sige,
3079 774 3202 829 quae
3232 774 3460 830 magnas

1869 866 2047 922 nugas
2096 850 2351 908 effutiens
2399 850 2511 906 veri
2547 850 2684 905 nihil
2718 851 3016 922 eloquitur.
3065 849 3307 905 Virtutes
3354 850 3462 904 illa:

1869 958 2036 1014 porro
2070 944 2236 999 simul
2269 958 2461 999 omnes
2496 944 2729 1000 invicem
2762 950 3030 1000 conserta:
3064 949 3349 1005 resonant,
3376 941 3461 995 in-

1869 1037 2009 1108 quit,
2040 1051 2105 1092 ac
2128 1037 2427 1108 praedicant
2453 1052 2600 1103 eum,
2624 1052 2655 1091 a
2677 1053 2786 1108 quo
2808 1036 3086 1107 productae
3115 1043 3264 1092 sunt.
3286 1034 3459 1105 Cujus

1870 1130 2085 1185 sonitus
2109 1128 2438 1185 collaudatio
2472 1130 2708 1200 primum
2734 1130 2786 1185 in
2807 1128 3098 1186 Parentem
3125 1127 3410 1184 confertur
3440 1144 3457 1183 :

1871 1223 2126 1293 idemque
2174 1238 2343 1279 sonus
2391 1223 2605 1279 delatus
2658 1223 2713 1276 in
2769 1231 3010 1287 terram,
3044 1222 3289 1277 omnium
3338 1234 3459 1291 quae

1870 1320 1999 1366 sunt
2032 1310 2085 1364 in
2111 1326 2177 1364 ea
2206 1310 2362 1365 fictor
2388 1326 2453 1366 ac
2488 1318 2803 1381 procreator
2837 1321 2921 1367 est
2964 1311 3165 1367 factus.
3206 1310 3362 1377 Quod
3390 1324 3458 1365 ex

1868 1402 2245 1458 recensedilis
2294 1402 2603 1459 infantibus
2652 1402 3038 1460 demonstrare
3087 1404 3310 1469 nititur,
3364 1402 3460 1473 qui

1869 1495 2034 1550 simul
2059 1503 2221 1564 atque
2252 1495 2445 1550 matris
2474 1511 2540 1550 ex
2567 1504 2721 1551 utero
2753 1497 3110 1566 prodierunt,
3138 1496 3325 1567 vagitu
3356 1510 3459 1551 suo

1872 1588 2309 1658 uniuscujusque
2338 1589 2733 1643 elementorum
2773 1590 3004 1643 istorum
3038 1606 3236 1644 sonum
3271 1588 3459 1659 expri-

1872 1689 2047 1737 munt.
2082 1680 2152 1736 Ut
2175 1682 2340 1752 igitur
2372 1688 2610 1750 septena?
2638 1679 2920 1745 Virtutes,
2944 1681 3039 1747 ait,
3074 1680 3310 1737 Verbum
3342 1682 3459 1735 lau-

1872 1774 2033 1830 dibus
2070 1773 2346 1830 efferunt:
2384 1773 2459 1827 ita
2503 1782 2556 1828 et
2612 1770 2857 1827 Marcum
2908 1772 3087 1842 ipsum
3131 1773 3355 1844 plorans
3401 1769 3460 1826 in

1874 1866 2175 1921 infantibus
2206 1880 2270 1920 ac
2295 1879 2533 1920 moerens
2564 1864 2745 1918 anima
2770 1863 3052 1933 praedicat.
3078 1865 3206 1920 ideo
3235 1882 3457 1939 quoque

1873 1957 2044 2013 David
2072 1956 2272 2013 cecinit
2297 1974 2312 2011 :
2342 1954 2426 2009 Ex
2453 1972 2541 2011 ore
2577 1954 2865 2025 infantium
2892 1965 2941 2010 et
2987 1956 3294 2011 faetentium
3340 1975 3456 2028 per-

1872 2051 2043 2120 fecisti
2085 2050 2295 2104 laudem
2326 2050 2381 2115 ⁶;
2420 2062 2484 2103 ac
2526 2063 2744 2102 rursum
2786 2066 2797 2101 :
2842 2047 2975 2101 Coeli
3010 2048 3263 2103 caelorum
3297 2067 3457 2105 enar-

1871 2154 1992 2198 rant
2022 2144 2249 2213 gloriam
2284 2140 2381 2195 Dei
2408 2141 2451 2195 ⁷.
2484 2138 2623 2194 Hinc
2656 2147 2741 2194 est
2788 2138 2933 2209 quod
2971 2139 3112 2193 inter
3140 2138 3361 2198 labores
3396 2149 3453 2196 et

1870 2252 2143 2293 aarumnas
2166 2276 2181 2301 ,
2211 2242 2272 2289 ut
2309 2234 2380 2290 sit
2426 2231 2831 2304 quodammodo
2873 2230 3192 2287 defzecatior
3230 2234 3452 2301 anima,

1871 2330 2108 2383 litteram
2145 2345 2190 2381 ω
2231 2326 2576 2397 pronuntiat,
2625 2322 2770 2395 quod
2810 2332 2896 2378 est
2936 2322 3269 2381 laudationis
3309 2325 3455 2380 indil-

1871 2419 2048 2484 eium,
2089 2426 2147 2471 ut
2193 2416 2436 2472 ctelestis
2485 2415 2668 2469 anima
2711 2412 2859 2483 quod
2892 2413 2997 2469 sibi
3040 2420 3333 2484 cognatum
3368 2420 3457 2470 est

1873 2526 2178 2583 agnoscens
2209 2508 2596 2572 opitulatorem
2637 2504 2945 2561 submittat.

1944 2775 2079 2831 Vlll.
2133 2775 2209 2831 De
2250 2782 2365 2830 toto
2415 2774 2579 2845 igitur
2622 2773 2711 2829 ille
2753 2772 3007 2837 nomine,
3049 2772 3194 2843 quod
3239 2788 3349 2827 xxx
3384 2786 3455 2829 ex

1875 2869 2071 2925 litteris
2103 2867 2479 2940 componitur;
2515 2866 2687 2938 Bytbo
2719 2866 2813 2936 qui
2854 2866 2988 2922 iisce
3022 2881 3085 2921 ex
3127 2865 3324 2921 litteris
3364 2866 3455 2921 in-

1874 2972 2211 3017 crementum
2262 2958 2441 3028 capit;
2491 2974 2594 3013 nec
2649 2973 2757 3012 non
2809 2966 2863 3013 et
2918 2956 3179 3013 Veritatis
3226 2972 3457 3029 corpore

1878 3050 2139 3107 membris
2163 3057 2450 3105 constante
2472 3048 2783 3113 duodecim,
2818 3062 3050 3118 quorum
3078 3049 3292 3120 singula
3318 3050 3457 3105 dua-

1880 3146 1982 3200 bus
2016 3160 2047 3200 e
2081 3142 2278 3198 litteris
2315 3140 2550 3197 conﬂata
2596 3149 2759 3207 sunt;
2794 3141 3077 3212 ipsiusque
3110 3156 3245 3197 voce
3292 3156 3459 3212 quam

1880 3235 2102 3290 minime
2130 3234 2394 3304 eloquens
2424 3240 2504 3289 est
2542 3234 2757 3288 elocuta
2789 3251 2802 3288 :
2832 3241 2946 3288 tum
2977 3233 3045 3289 de
3076 3234 3299 3290 minime
3329 3249 3461 3305 pro-

1881 3327 1975 3381 lati
2008 3326 2346 3383 resolutione
2384 3326 2657 3393 nominis;
2693 3340 2757 3380 ac
2788 3325 2855 3381 de
2892 3325 3085 3381 mundi
3129 3334 3184 3382 et
3224 3325 3463 3381 hominis

1882 3416 2085 3481 anima,
2121 3423 2392 3486 quatenus
2432 3413 2500 3469 ad
2535 3402 2945 3471 similitudinem
2981 3430 3243 3487 expressa
3277 3416 3463 3487 provi-

1880 3508 2080 3564 dentiae
2141 3508 2713 3579 administrationique
2768 3509 3146 3579 respondent;
3204 3509 3309 3565 hoc
3374 3508 3467 3564 ille

1880 3598 2045 3654 modo
2090 3607 2324 3670 nugatus
2350 3610 2455 3655 est.
2507 3599 2667 3671 242
2716 3598 3183 3666 Quemadmodum
3228 3614 3358 3655 vero
3398 3614 3465 3654 ex

1882 3692 2197 3747 nominibus
2224 3692 2489 3761 mqualem
2519 3706 2749 3765 numero
2779 3690 3049 3748 Virtutem
3088 3691 3139 3747 ei
3179 3691 3467 3763 Tetractys

1882 3786 2209 3850 ostenderit,
2243 3786 2504 3855 deinceps
2534 3784 2932 3854 explicabimus
2966 3804 2977 3838 :
3012 3798 3080 3839 ne
3112 3783 3244 3855 quid
3273 3796 3467 3839 eorum

1884 3887 1958 3943 te,
1986 3878 2331 3942 charissime,
2353 3878 2541 3944 lateat,
2576 3891 2698 3947 qua:
2728 3876 2796 3931 ab
2828 3876 2922 3931 illo
2948 3875 3093 3930 dicta
3123 3875 3191 3929 ad
3224 3884 3468 3931 nostram

1886 3971 2204 4026 memoriam
2258 3974 2665 4040 pervenerunt,
2723 3966 2779 4021 id
2834 3966 2983 4037 quod
3035 3982 3067 4021 a
3116 3967 3277 4023 uobis
3328 3981 3473 4037 saepe

1887 4062 2195 4135 postulasti.

1956 4158 1977 4189 ⁸
2014 4155 2127 4210 lloc
2171 4156 2354 4226 itaque
2401 4154 2563 4210 modo
2608 4153 3013 4224 sapientissima
3044 4150 3171 4224 Sige
3198 4167 3327 4207 xxw
3358 4150 3471 4207 eie-

1890 4255 2197 4303 mentorum
2262 4246 2337 4301 illi
2395 4246 2801 4317 generationem
2866 4244 3136 4316 exposuit.
3202 4241 3469 4297 Nimirum

1889 4354 2013 4394 cum
2052 4338 2433 4409 singularitate
2474 4337 2735 4393 unitatem
2785 4337 3074 4392 exsistere.
3116 4335 3198 4390 Ab
3240 4333 3308 4390 iis
3349 4348 3474 4404 pro-

184 4439 544 4511 προείρηται,
580 4442 749 4510 μονάς
778 4460 838 4495 τε
875 4442 968 4495 καὶ
1002 4442 1063 4495 τὸ
1105 4441 1162 4495 ἓν
1204 4441 1295 4495 ἐπὶ
1329 4442 1421 4494 δύο
1464 4437 1619 4493 οὖσαι
1656 4441 1776 4494 τέσ-

1950 4440 2083 4501 igata
2128 4431 2258 4496 duo,
2312 4429 2601 4485 monadem
2647 4438 2808 4499 atque
2862 4438 3029 4482 unum
3081 4433 3317 4497 quatuor
3370 4425 3474 4479 im-

181 4547 340 4601 σαρα
370 4530 641 4598 ἐγένοντο.
679 4533 770 4596 Δὶς
799 4533 908 4604 γὰρ
941 4532 1034 4587 δύο
1063 4534 1347 4603 τέσσαρες.
1390 4533 1499 4585 Καὶ
1533 4530 1694 4585 πάλιν
1727 4534 1785 4584 αἱ

179 4621 288 4675 δύο
323 4622 420 4674 καὶ
450 4622 714 4695 τέσσαρες
754 4626 833 4688 εἰς
858 4625 919 4678 τὸ
946 4626 1077 4678 αὐτὸ
1113 4624 1448 4678 συντεθεῖσαι
1483 4624 1573 4677 τὸν
1596 4623 1703 4678 τῶν
1728 4623 1785 4690 ἓξ

182 4714 554 4785 ἐφανέρωσαν
597 4716 848 4788 ἀριθμόν.
898 4711 1056 4771 Οὗτοι
1102 4717 1158 4770 δὲ
1207 4718 1254 4770 οἰ
1286 4714 1367 4781 ἒξ
1387 4714 1781 4789 τετραπλάσια-

184 4806 423 4866 σθέντες
449 4807 547 4869 τὰς
581 4810 757 4862 εἴκοσι
772 4809 1041 4880 τέσσαρας
1063 4808 1381 4879 ἁπεκύησαν
1414 4809 1647 4879 μορφάς.
1673 4808 1783 4861 Καὶ

177 4898 259 4949 τὰ
299 4896 405 4967 μὲν
434 4896 535 4967 τῆς
588 4898 809 4970 πρώτης
850 4900 1117 4970 Τετράδος
1159 4902 1401 4972 ὀνόματα
1434 4903 1566 4971 ἆγια
1614 4901 1786 4969 ἁγίων

177 4988 487 5056 νοούμενα,
517 4988 610 5041 καὶ
662 4990 737 5061 μὴ
785 4989 1058 5061 δυνάμενα
1104 4990 1381 5063 λεχθῆναι,
1422 4990 1787 5061 γινώσκεσθαι

1892 4526 2092 4595 plesse.
2121 4523 2213 4578 Bis
2245 4523 2391 4578 enim
2424 4522 2534 4577 duo
2562 4530 2801 4592 quatuor
2832 4520 3088 4576 elliciunt.
3127 4517 3477 4589 Rursumque

1895 4617 2005 4671 duo
2028 4616 2323 4687 conjuncta
2358 4630 2482 4669 cum
2513 4621 2752 4683 quatuor
2780 4614 3058 4669 senarium
3099 4612 3474 4667 ostenderunt.

1896 4708 1995 4763 llic
2029 4715 2223 4779 quater
2267 4707 2323 4761 in
2364 4721 2485 4762 sese
2517 4705 2716 4760 ductus
2762 4720 2889 4758 xxiv
2926 4703 3130 4759 formas
3169 4702 3365 4759 eﬂecit.
3399 4702 3478 4758 Ae

1899 4801 2085 4870 prima:
2113 4800 2329 4870 quidem
2371 4796 2623 4852 Tetradis
2666 4796 2888 4849 nomina
2926 4796 3273 4852 sanctissima
3301 4835 3316 4861 ,
3358 4809 3480 4865 qua)

1896 4894 2254 4965 intelligentia
2295 4893 2411 4949 sola
2446 4890 2653 4962 percipi
2693 4896 2955 4959 possunt,
2999 4889 3179 4945 verbis
3218 4886 3481 4959 explicari

1904 5005 2012 5043 non
2048 4994 2311 5058 possunt;
2348 4985 2450 5041 soli
2486 4993 2641 5054 putat
2674 4982 2812 5038 Filio
2854 4982 3103 5053 cognita,
3139 4996 3261 5053 quae
3290 4980 3481 5051 cujus-

1902 5078 2049 5133 modi
2100 5078 2211 5133 sint
2254 5076 2417 5132 Pater
2456 5074 2727 5145 intelligit.
2768 5074 2900 5140 Quae
2946 5088 3075 5128 vero
3120 5074 3201 5129 sic
3251 5082 3483 5145 augusta

1904 5179 2055 5238 sunt,
2082 5177 2140 5225 ut
2162 5185 2284 5224 cum
2313 5169 2414 5223 fide
2442 5166 2787 5238 pronuntiari
2836 5166 3083 5235 possint,
3116 5164 3263 5220 hunc
3287 5166 3342 5219 in
3367 5178 3487 5219 mo—

1903 5266 2031 5319 dum
2070 5270 2339 5330 recenset.
2377 5262 2665 5325 Arrhetus,
2693 5268 2748 5316 et
2795 5257 3156 5331 Seige,Pater
3175 5266 3230 5313 et
3247 5255 3483 5314 Veritas.

178 5078 305 5130 ὑπὸ
342 5077 509 5148 μόνου
558 5079 652 5132 τοῦ
688 5080 851 5134 Υἱοῦ·
886 5081 921 5137 ά
952 5084 980 5135 ὁ
1014 5084 1200 5155 Πατὴρ
1238 5080 1345 5137 οἶδε
1379 5083 1500 5139 τίνα
1545 5083 1693 5137 ἐστί’
1723 5083 1792 5136 τὰ

179 5172 247 5224 δὲ
292 5170 471 5241 σεμνά
507 5171 599 5224 καί¹
631 5172 769 5242 μετὰ
807 5174 1042 5239 πίστεως
1085 5177 1460 5248 ὀνομαζόμενα
1488 5178 1615 5248 παρ’
1642 5174 1792 5247 αύτῷ

180 5266 319 5315 ἐστι
347 5262 527 5316 ταῦτα
546 5281 559 5293 ·
590 5266 860 5336 Ἀρῤητος
894 5268 987 5321 καὶ
1016 5268 1169 5339 Σιγὴ.
1205 5269 1396 5338 Πατήρ
1424 5285 1485 5321 τε
1508 5268 1599 5321 καὶ
1635 5267 1793 5338 ’Δλή-

274 5420 291 5450 ¹
328 5416 474 5473 lren.
508 5418 617 5494 ἀπὸ
650 5420 836 5490 μέσου.
885 5423 938 5494 ,³
970 5421 1112 5494 Iren.
1149 5423 1259 5475 τῶν
1292 5422 1540 5494 οὐρανῶν
1557 5438 1677 5494 non
1712 5422 1776 5476 ha

1976 5422 1995 5452 ³
2034 5420 2174 5475 lren.
2211 5417 2591 5494 éza'ta‘coucgv._
2646 5420 2665 5447 ⁸
2688 5415 2933 5494 lrenL-ljv

179 5486 713 5615 ἓιῖΐτέριοσὲυμξλὲησε,
771 5501 826 5546 et
872 5492 1215 5557 ἀναλύσεως,
1260 5486 1371 5547 non
1412 5492 1735 5556 ἐπιλύσεως.

1950 5508 2034 5545 rn.
2075 5492 2317 5560 ἑνότητα.
2419 5490 2439 5519 ⁶
2470 5486 2615 5543 Psal.
2673 5502 2792 5551 vm,
2823 5486 2877 5540 3.

2988 5414 3486 5541 τπῦἒὲῗμξὶῖλιῖασέ

279 5677 410 5805 (2οζ
440 5679 545 5743 Εἰς
594 5675 849 5746 σημεῖον
890 5672 1194 5741 αἰνέσεως.
1248 5671 1509 5745 cheram
1560 5672 1776 5737 ἁνὲσεωε

281 5767 333 5805 ιη
403 5749 499 5805 ’οι.
533 5750 846 5805 intcrmetc.

1964 5678 2241 5748 αἰνέσεως,
2289 5677 2384 5734 sed
2418 5675 2741 5733 laudationis
2806 5689 2908 5747 pro
2936 5672 3285 5731 relaxationis
3340 5671 3492 5728 malo

187 5767 333 5810 cum
378 5749 499 5805 Vct.
533 5750 846 5817 interprete.
