3844 6360
306 315 410 376 599

1709 311 1765 367 ε.
1807 307 2149 366 ΕΡΙΡΗΑΝΠ

3460 300 3595 359 600

306 436 481 505 Hujus
527 434 779 491 Tetradis
848 449 1111 489 numerus
1178 434 1358 489 omnis
1428 450 1555 489 xxrv
1615 434 1882 491 elementa

2006 432 2126 484 leta.
2183 427 2399 499 Ταύτης
2438 428 2495 481 δὲ
2542 429 2643 498 τῆς
2686 426 2953 493 Τετράδος
3001 427 3030 479 ὁ
3065 424 3285 496 σύμπας
3332 421 3591 494 ἀριθμός

308 528 534 597 colligit.
577 525 712 581 Nam
756 528 986 583 Arretus
1041 536 1248 599 septem
1294 529 1350 583 in
1393 542 1453 583 se
1483 527 1691 581 litteras
1731 540 1885 579 com-

308 622 601 690 plectitur;
634 618 792 689 Seige
820 637 873 683 ν,
906 620 1070 677 Pater
1096 638 1148 685 v,
1178 630 1232 677 et
1269 620 1486 677 Veritas
1520 636 1630 685 vn;
1672 635 1794 690 qua:
1832 618 1888 674 in

309 725 479 764 unum
520 710 821 779 composita
864 712 948 767 bis
985 712 1261 781 quinque,
1293 712 1487 781 bisque
1516 719 1723 779 septem
1761 725 1890 764 xxiv

310 799 568 855 (alliciunt.
599 799 673 853 Ita
697 808 751 855 et
770 801 1009 857 secunda
1036 801 1251 866 Tetras,
1276 800 1476 869 Logus,
1498 801 1628 866 Zoe,
1648 800 1889 856 Anthro-

308 909 434 964 pus,
488 899 543 947 et
595 890 840 949 Ecclesia
892 893 1140 948 eumdem
1188 892 1445 948 exhibent
1495 892 1888 949 elementorum

312 1000 620 1040 numerum.
652 984 769 1039 Jam
806 982 1107 1039 Salvatoris
1144 998 1368 1047 nomen,
1406 982 1553 1053 quod
1591 982 1769 1038 ellerri
1808 981 1890 1036 fas

312 1084 416 1140 cst,
462 1078 564 1131 hoc
599 1088 704 1141 est,
747 1076 978 1147 Ἰησοῦς,
1031 1076 1336 1131 lltterarum
1394 1091 1517 1131 esse
1567 1091 1683 1131 sex.
1732 1073 1889 1140 Quod

314 1183 444 1224 vero
476 1169 819 1240 pronuntiari
870 1169 1095 1238 nequit,
1138 1164 1347 1225 litteras
1392 1168 1592 1223 habere
1628 1182 1774 1222 xxrv.
1811 1164 1891 1219 lta

314 1261 593 1316 Christum
634 1258 830 1314 Filium
858 1260 1160 1315 litterarum
1193 1274 1315 1315 esse
1347 1275 1423 1315 vn
1455 1274 1467 1311 :
1499 1258 1643 1329 quod
1685 1272 1815 1313 vero
1835 1259 1890 1312 in

312 1353 533 1408 Christo
581 1368 681 1407 nec
725 1352 940 1407 eﬂabile
979 1362 1092 1415 est,
1138 1352 1443 1407 litterarum
1482 1367 1612 1406 xxx.
1659 1350 1894 1419 ideoque

317 1443 363 1495 Δ
400 1450 452 1498 et
490 1444 531 1496 Ω
569 1443 813 1513 seipsum
854 1442 1119 1503 nominat,
1162 1449 1223 1496 ut
1260 1440 1567 1495 columbam
1596 1438 1889 1511 signiﬁcet.

315 1533 454 1589 Huic
484 1534 627 1589 enim
661 1535 746 1588 avi
779 1549 1041 1589 numerus
1070 1534 1172 1589 iste
1205 1532 1482 1588 convenit.

386 1819 478 1876 ιχ.
514 1819 671 1887 Quod
700 1820 769 1875 ad
802 1818 988 1877 Jesum
1024 1819 1289 1891 pertinet;
1332 1818 1494 1884 Lanc,
1532 1820 1628 1884 ait,
1658 1834 1895 1892 genera-

317 1914 521 1970 tionem
561 1928 684 1984 quae
719 1912 981 1983 explicari
1027 1912 1213 1968 verbis
1251 1913 1472 1983 nequit,
1518 1913 1747 1968 sortitus
1786 1919 1892 1968 est.

315 2004 530 2063 Etenim
579 2006 648 2060 ab
691 2006 1072 2061 universorum
1114 2003 1284 2060 Matre
1309 2005 1486 2075 prima
1520 2005 1613 2059 illa
1664 2003 1895 2060 Tetrade

317 2099 442 2155 tiliae
481 2099 653 2156 instar
684 2099 925 2154 secunda
950 2097 1144 2155 Tetras
1192 2106 1404 2162 exorta,
1452 2104 1508 2153 et
1551 2096 1769 2169 Ogdoas
1813 2106 1897 2154 est

320 2192 495 2258 tacta;
522 2207 551 2245 a
573 2206 681 2263 qua
710 2190 882 2247 Decas
895 2191 1182 2262 processit.
1206 2189 1391 2260 Itaque
1414 2189 1589 2247 Decas
1611 2198 1665 2246 et
1680 2189 1898 2261 Ogdoas

317 2299 624 2356 progressae
651 2291 797 2339 sunt.
822 2282 961 2339 Tum
993 2282 1167 2338 Decas
1184 2280 1594 2353 cum‘Ogdoade
1621 2282 1896 2353 copulata,

319 2391 385 2432 ac
422 2377 607 2434 decies
649 2376 796 2430 illam
847 2375 1217 2446 multiplicans
1249 2375 1667 2446 Octogenarium
1704 2389 1899 2430 nume-

273 2480 445 2524 rarum
488 2466 686 2523 ell‘ecit.
715 2465 886 2532 Quem
915 2466 1098 2522 decies
1150 2468 1377 2536 insuper
1420 2465 1789 2535 multiplicans
1830 2466 1901 2522 ad

320 2564 635 2632 octingenta
679 2560 955 2631 perduxit.
986 2558 1056 2615 Ut
1089 2559 1266 2614 omnis
1296 2558 1386 2613 ille
1406 2557 1567 2630 243
1596 2558 1900 2613 litterarum

320 2670 582 2710 numerus
624 2654 693 2708 ab
733 2653 987 2724 Ogdoade
1031 2667 1357 2723 progressus
1404 2651 1472 2705 ad
1521 2650 1786 2706 Decadem
1830 2650 1904 2707 sit

322 2748 371 2799 Η
427 2753 482 2801 et
539 2746 584 2798 Π
637 2753 690 2800 et
727 2746 769 2798 Ω
824 2758 946 2813 qua:
999 2750 1127 2797 sunt
1164 2756 1561 2796 ncccuxxvm.
1620 2740 1899 2811 Siquidem

320 2836 449 2895 Jesu
490 2853 686 2894 nomen
719 2838 791 2893 ob
827 2853 952 2893 eum
989 2849 1300 2899 numerum,
1342 2849 1503 2904 quem
1544 2834 1738 2888 littera:
1776 2833 1901 2888 red-

323 2930 492 2996 dunt,
528 2940 903 2983 DCCCLXXXVIII
948 2924 1173 2979 conficit
1221 2943 1235 2979 :
1282 2938 1346 2977 ac
1391 2925 1682 2994 perspicue
1725 2924 1899 2987 cmlo,

325 3030 389 3077 uti
434 3029 665 3092 putant,
726 3019 848 3090 ipso
908 3015 1252 3073 sublimioris
1308 3014 1439 3071 Jesu
1496 3017 1901 3087 generationem

1989 522 2107 575 ἐστι
2160 520 2435 590 στοιχείων
2488 518 2963 589 εἰκοσιτεσσάρων.
3027 518 3086 571 '0
3142 515 3252 587 γάρ
3293 515 3591 586 ’Δρῥεητος

1989 613 2159 684 ὄνομα
2216 612 2518 683 γράμματα
2565 610 2678 681 ἔχει
2729 612 2787 663 ὲν
2831 598 3011 680 ἑαυτῷ
3060 608 3289 677 ἑπτάοή
3336 606 3396 659 δὲ
3437 605 3583 674 Σιγὴ

1990 706 2150 760 πέντε
2177 704 2312 772 (21),
2352 705 2447 759 καὶ
2477 704 2507 757 ὁ
2535 703 2728 775 Πατὴρ
2763 703 2779 733 ⁸
2820 702 2915 755 καὶ
2946 704 2980 773 ἡ
3022 701 3273 772 Ἀλήθεια
3313 700 3478 761 ἑπτὰ,
3509 698 3579 764 ἃ,

1992 796 2313 852 συντεθέντα
2336 795 2646 859 ὲπιτοαυτδ,
2677 792 2747 848 τὰ
2766 793 2847 857 δὶς
2868 793 3030 847 πέντε
3060 793 3155 846 καὶ
3182 793 3264 855 δὶς
3290 789 3456 852 ἑπτά,
3481 790 3581 844 τὸν

1987 891 2097 944 τῶν
2122 889 2575 960 εἰκοσιτεσσάρων
2602 888 2833 960 ἀριθμὸν
2857 886 3259 956 ἀνεπλήρωσεν.
3296 882 3577 945 Ὡσαύτως

1989 983 2046 1037 δὲ
2074 984 2167 1037 καὶ
2192 984 2226 1053 ή
2250 981 2479 1053 δευτέρα
2506 982 2734 1053 Τετράς.
2759 982 2929 1051 Λόγος
2951 979 3044 1033 καὶ
3072 977 3215 1049 Ζωὴ,
3249 975 3578 1046 Ἀνθρωπος

1992 1076 2086 1129 καὶ
2140 1074 2455 1145 Ἐκκλησία,
2513 1075 2606 1129 τὸν
2654 1073 2816 1127 αὑτὸν
2865 1072 3093 1145 ἀριθμὸν
3139 1069 3249 1123 τῶν
3292 1066 3580 1137 στοιχείων

1990 1166 2284 1232 ἀνέδειξαν.
2318 1166 2429 1219 Kal
2452 1167 2512 1219 τὸ
2544 1166 2636 1220 τοῦ
2670 1166 2923 1236 Σωτῆρος
2940 1164 2997 1217 δὲ
3025 1162 3184 1235 ῥητὸν
3213 1160 3384 1231 δνομα
3410 1156 3580 1217 (ὀκτὼ

1991 1262 2086 1315 καὶ
2129 1259 2262 1314 δέκα
2293 1259 2334 1330 ²)
2376 1258 2722 1329 γραμμάτων
2761 1257 2873 1326 (22)
2918 1256 3187 1327 ὑπάρχειν
3214 1252 3306 1319 ἓξο
3339 1251 3437 1304 τὸν
3480 1249 3523 1302 δ’
3553 1249 3577 1280 ⁸

1992 1352 2230 1423 ἄρρητον
2279 1350 2447 1406 αὐτοῦ
2509 1349 2856 1422 γραμμάτων
2913 1345 3398 1415 εἰκοσιτεσσάρων·
3450 1340 3578 1404 Υἱὸς

1992 1444 2229 1515 Χριστὸς
2256 1442 2600 1516 γραμμάτων
2634 1441 2871 1495 δώδεκα·
2902 1440 2965 1494 τὺ
2990 1439 3047 1492 δὲ
3079 1440 3137 1491 ὲν
3161 1434 3385 1508 Χριστῷ
3412 1434 3583 1505 ἀρρη-

1991 1552 2085 1589 τον
2122 1535 2468 1607 γραμμάτων
2493 1535 2806 1606 τριάκοντα.
2835 1532 2946 1586 Καὶ
2987 1530 3073 1585 διὰ
3103 1528 3265 1583 τοῦτό
3296 1543 3465 1598 φησιν
3488 1526 3586 1580 αὐ-

1992 1628 2085 1683 τὸν
2116 1628 2161 1680 Α
2208 1628 2301 1682 καὶ
2328 1628 2403 1689 Ω,
2438 1627 2527 1681 ἴνα
2572 1626 2672 1697 τὴν
2718 1625 3050 1697 περιστερὰν
3103 1623 3341 1696 μηνύσῃ,
3392 1621 3586 1676 τοῦτον

1996 1716 2211 1788 ἔχοντος
2243 1717 2335 1771 τὸν
2366 1717 2599 1788 ἀριθμὸν
2626 1717 2817 1771 τούτου
2844 1716 2938 1770 τοῦ
2980 1718 3184 1791 ὀρνέου.

2064 1830 2142 1886 8'.
2186 1832 2243 1886 '0
2264 1832 2321 1885 δὲ
2363 1830 2570 1903 Ἰησοῦς
2601 1832 2807 1902 ταύτην
2854 1831 2985 1901 ἔχει,
3022 1829 3173 1902 φησὶ,
3209 1828 3307 1901 τὴν
3342 1828 3591 1900 ἄρρητον

1995 1924 2228 1994 γένεσιν.
2278 1924 2410 1977 Ἀπὸ
2446 1923 2557 1995 γὰρ
2596 1925 2692 1994 τῆς
2723 1923 2944 1995 Μητρὸς
2973 1922 3081 1976 τῶν
3124 1921 3260 1975 ὅλων
3302 1920 3403 1989 τῆς
3435 1919 3594 1990 πρώ-

1994 2032 2096 2087 της
2119 2015 2387 2089 Τετράδος
2418 2017 2474 2068 ὲν
2505 2014 2773 2086 θυγατρὸς
2794 2016 2980 2085 τρόπῳ
3004 2013 3265 2086 προῆλθεν
3298 2013 3333 2083 ἡ
3352 2011 3594 2082 δευτέρα

1997 2106 2230 2179 Τετρὰς.
2268 2108 2360 2161 καὶ
2393 2107 2610 2175 ἐγένετο
2646 2106 2893 2176 Ὀγδοὰς,
2924 2105 2985 2172 ἐξ
3010 2102 3078 2179 ἦς
3103 2104 3341 2179 προῆλθε
3372 2104 3555 2167 Δεκάς
3575 2120 3593 2136 ⁸

1996 2195 2171 2259 οὕτως
2222 2196 2438 2264 ἐγένετο
2486 2195 2658 2258 Δεκὰς
2706 2195 2801 2248 καὶ
2849 2194 3088 2263 Ὀγδοάς.
3135 2194 3197 2247 Ἦ
3241 2189 3336 2248 οὖν
3386 2193 3593 2259 Δεκὰς,

1998 2286 2425 2342 ὲπισυνελθοῦσα
2464 2289 2527 2358 τῇ
2569 2285 2830 2355 Ὀγδοάδι,
2861 2286 2954 2340 καὶ
2981 2285 3377 2340 δεκαπλασίονα
3414 2285 3599 2354 αὐτὴν

2002 2382 2297 2451 ποιήσασα,
2332 2379 2425 2433 τὸν
2450 2378 2556 2431 τῶν
2582 2377 2908 2449 ὀγδοήκοντα
2936 2375 3294 2448 προεϐίϐασεν
3327 2374 3595 2447 ἀριθμόν.

2000 2468 2111 2522 Καὶ
2143 2466 2213 2519 τὰ
2249 2466 2580 2537 ὀγδοήκοντα
2612 2464 2776 2519 πάλιν
2815 2464 3321 2529 δεκαπλασιάσασα,
3353 2465 3450 2519 τὸν
3479 2465 3599 2519 τῶν

2000 2559 2330 2613 ὀκτακοσίων
2347 2556 2574 2629 ἀριθμὸν
2596 2558 2900 2629 ἐγέννησεν.
2925 2557 3083 2613 Ὥστε
3105 2552 3241 2611 εἶναι
3255 2556 3347 2612 τὸν
3371 2558 3600 2612 ἅπαντα

2002 2652 2110 2705 τῶν
2141 2652 2483 2722 γραμμάτων
2516 2651 2769 2723 ἀριθμὸν,
2805 2652 2915 2705 ἀπὸ
2949 2652 3226 2722 Ὀγδοάδος
3262 2654 3343 2715 είς
3376 2651 3599 2705 Δεκάδα

2003 2742 2347 2813 προελθόντα,
2378 2742 2425 2795 Η
2457 2743 2549 2797 καὶ
2592 2744 2638 2796 Π
2680 2744 2772 2796 καὶ
2801 2744 2861 2807 Ω,
2894 2744 2922 2797 ὃ
2945 2745 3061 2798 ἐστι
3095 2744 3118 2775 ⁸
3147 2743 3422 2797 δεκαοκτώ
3455 2742 3598 2812 (2'5).

2003 2833 2077 2887 Τὸ
2139 2833 2250 2905 γὰρ
2303 2832 2477 2904 Ἰησοῦ
2518 2834 2689 2905 ὄνομα
2742 2837 2837 2889 καὶ
2882 2835 2973 2890 τὸν
3011 2838 3068 2889 ὲν
3104 2839 3215 2900 τοῖς
3263 2837 3599 2907 γράμμασιν

2003 2926 2235 3000 ἀριθμὸν
2274 2928 2316 2979 Ω
2371 2928 2519 2981 ἐστὶν
2566 2928 3077 2999 ὀγδοηκονταοκτὼ·
3116 2930 3225 3000 ἔχει
3274 2928 3467 2998 σαφῶς
3494 2928 3601 2981 καὶ

2007 3021 2105 3093 τὴν
2132 3020 2521 3093 ὑπερουράνιον
2549 3021 2643 3074 τοῦ
2667 3023 2712 3074 Η
2738 3023 2833 3075 καὶ
2868 3022 2967 3075 τοῦ
2993 3023 3031 3075 Σ
3062 3023 3084 3055 ⁸
3116 3023 3235 3077 κατ’
3266 3022 3466 3085 αὐτοὺς
3499 3021 3601 3090 γέ-

325 3116 588 3170 continet.
616 3110 770 3167 Unde
806 3118 860 3166 et
899 3112 956 3173 in
987 3107 1301 3163 Grmcorum
1330 3107 1617 3178 alpltabeto
1647 3106 1904 3164 monades

2010 3130 2177 3170 νεσιν.
2205 3114 2297 3167 Διὸ
2324 3114 2531 3170 καὶτὸν
2553 3114 2862 3187 ἀλφάὸητον
2884 3115 2996 3189 (24)
3022 3116 3129 3171 τῶν
3155 3115 3422 3187 Ἑλλήνων
3443 3114 3531 3185 ἔχε
3542 3133 3598 3168 ιν

327 3214 473 3269 octo,
508 3204 733 3260 totidem
768 3202 1021 3267 decades,
1060 3209 1225 3272 atque
1257 3201 1647 3256 hecatoutades
1678 3202 1907 3271 reperiri

327 3299 550 3362 dicunt;
602 3304 662 3350 ut
709 3309 1086 3349 occcuxxvm
1138 3307 1425 3348 numerum
1483 3292 1753 3363 praebeat,
1804 3293 1908 3349 hoc

328 3398 413 3446 est
464 3387 674 3453 Iesum,
734 3404 799 3443 ex
843 3387 1099 3442 omnibus
1146 3386 1390 3440 numeris
1436 3396 1790 3454 contextum;
1836 3387 1906 3442 ob

330 3482 493 3551 idque
518 3494 639 3535 sese
662 3482 706 3532 A
730 3487 783 3534 et
804 3479 846 3531 Ω
868 3478 1219 3546 nominasse;
1247 3494 1356 3548 quo
1387 3480 1534 3533 illam
1556 3494 1623 3533 ex
1647 3479 1908 3535 omnibus

331 3574 416 3629 sui
470 3572 882 3642 productionem
934 3573 1281 3642 exprimeret.
1333 3569 1487 3637 Quod
1534 3572 1639 3627 hoc
1689 3587 1907 3628 rursum

333 3665 497 3721 modo
532 3664 828 3735 perfectum
861 3671 965 3719 est.
1006 3664 1220 3719 Primus
1258 3665 1640 3733 quaternarius
1675 3679 1771 3734 per
1802 3680 1907 3717 nu-

333 3757 468 3812 meri
526 3756 958 3828 progressionem
1008 3757 1063 3810 in
1122 3770 1244 3811 sese
1300 3754 1574 3818 redactus.
1625 3755 1908 3810 denarium

2008 3203 2241 3276 μονάδας
2263 3203 2425 3268 ὀκτὼ,
2476 3204 2572 3259 καὶ
2603 3205 2835 3271 δεκάδας
2880 3206 3043 3273 ὀκτὼ,
3088 3209 3182 3262 καὶ
3224 3208 3595 3270 ἑκατοντάδας

2004 3297 2167 3361 ὀκτὼ,
2191 3297 2288 3369 τὴν
2317 3298 2423 3351 τῶν
2448 3299 2783 3354 ὀκτακοσίων
2804 3300 3278 3371 δγδοηκονταοκτὼ
3304 3299 3519 3371 (ἔπειτα
3542 3300 3595 3367 ⁸)

2004 3390 2337 3454 δεικνύοντα,
2370 3391 2617 3445 τουτέστι
2661 3393 2720 3445 τὸ
2750 3394 2789 3445 Ε
2811 3395 2832 3446 1
2852 3394 2920 3456 Η,
2978 3394 3068 3447 τὸν
3102 3395 3165 3446 ἐκ
3207 3392 3426 3447 πάντων
3468 3408 3599 3444 συν·-

2004 3482 2214 3536 εστῶτα
2238 3481 2346 3535 τῶν
2376 3481 2646 3556 ἀριθμῶν·
2677 3484 2772 3536 καὶ
2801 3482 2889 3537 διὰ
2912 3482 3006 3536 τοῦ
3037 3484 3055 3514 ⁷
3090 3486 3265 3554 Ἀλφα
3289 3485 3384 3539 καὶ
3408 3485 3451 3538 Ω
3472 3485 3597 3537 ὀνο-

2020 3573 2285 3646 μάζεσθαι
2317 3575 2501 3637 αὑτὸν,
2528 3575 2625 3646 τὴν
2653 3576 2718 3629 ὲκ
2753 3576 2969 3631 πάντων
2989 3578 3207 3647 γένεσιν
3236 3579 3595 3649 σημαίνοντα.

2016 3666 2126 3719 Καὶ
2159 3667 2320 3721 πάλιν
2347 3666 2537 3725 οὕτως’
2567 3668 2674 3737 Τῆς
2706 3668 2928 3740 πρώτης
2958 3670 3211 3740 τετράδος
3235 3670 3376 3724 κατὰ
3422 3673 3598 3743 πρόσ-

2017 3759 2175 3813 ϐασιν
2220 3759 2455 3832 ἀριθμοῦ
2511 3762 2592 3824 είς
2643 3760 2811 3832 αὐτὴν
2853 3762 3235 3833 συντιθεμένης
3261 3766 3289 3817 ὁ
3318 3765 3428 3816 τῶν
3460 3764 3599 3819 δέκα

304 3838 614 3920 ἰ’νοιιωιὶι.
683 3847 815 3902 Nam
874 3863 1065 3912 unum,
1116 3856 1170 3903 et
1220 3846 1349 3912 duo,
1397 3848 1522 3914 tria,
1575 3859 1630 3903 et
1675 3860 1904 3918 quatuor

2016 3851 2260 3922 ἀνεφάνη
2289 3852 2537 3923 ἀριθμός.
2567 3851 2678 3905 Μία
2706 3853 2815 3925 γὰρ
2844 3853 3051 3908 καὶδύο
3075 3855 3167 3907 καὶ
3190 3858 3335 3925 τρεῖς
3354 3856 3450 3908 καὶ
3476 3856 3597 3910 τέσο

336 3941 501 3997 simul
538 3941 841 4010 composita
878 3940 1067 3996 decem
1109 3940 1350 4009 faciunt;
1389 3941 1535 4012 quod
1575 3943 1751 4011 ipsum
1791 3957 1911 3997 esse

334 4033 522 4091 Iesum
555 4033 889 4089 existimant.
933 4032 1039 4089 Sed
1078 4042 1131 4089 ct
1165 4034 1438 4099 Christus,
1479 4036 1749 4105 inquiunt,
1784 4043 1909 4089 octo

335 4146 401 4187 ex
426 4128 626 4184 litteris
646 4133 935 4182 contextus
963 4128 1190 4186 primum
1212 4128 1507 4198 ngdoadem
1545 4128 1907 4191 demonstrat,

409 4331 431 4364 ⁸
457 4330 599 4386 Iren.
634 4329 825 4454 Πατὴρ
864 4329 1045 4383 πέντε.

420 4418 541 4454 mox
593 4416 690 4454 ι)νο
723 4402 787 4454 Υί
823 4419 849 4454 c
889 4401 1045 4454 Xom

337 4411 392 4459 et
420 4418 541 4457 mox
593 4416 690 4471 pro
723 4402 849 4464 Υίὸς

342 4476 363 4508 ⁸
390 4473 563 4530 Abest
587 4489 691 4530 vox
719 4473 909 4526 ἔπειτα
942 4472 1010 4526 ab
1042 4472 1178 4525 Iren.
1208 4472 1303 4541 qui
1326 4473 1490 4528 etiam
1522 4472 1682 4527 habet

411 4696 523 4769 (2|)
576 4697 639 4757 Ἡ
663 4696 730 4749 δὲ
762 4696 907 4767 Σιγὴ
949 4696 1145 4751 πέντε,
1200 4696 1421 4753 Falsum
1457 4705 1540 4754 est
1564 4738 1579 4762 ,
1612 4698 1719 4753 nisi
1761 4700 1915 4772 σειγή
1951 4703 1995 4758 D

339 4769 506 4825 lenas.

393 4786 527 4909 g(1289.)
557 4836 1030 4909 Ὁκτόικαὶ-δέκα
1048 4839 1420 4909 γραμμάτων.
1441 4836 1749 4909 Scripserat
1774 4840 1915 4897 Iren.

346 4907 429 4980 ιή.
450 4923 549 4976 pro
583 4908 811 4980 Ἰησοῦςζ
855 4907 1086 4980 Librarii
1126 4907 1412 4980 numerum
1445 4907 1583 4965 esse
1603 4912 1704 4965 rati
1738 4912 1916 4966 locum

344 4977 744 5050 (lepravaruut.
780 4977 970 5033 Scribe
1014 4980 1189 5050 igitur
1235 4978 1470 5050 Ἰησοῦς·
1521 4979 1667 5049 quod
1717 4996 1917 5037 nomen

345 5047 706 5120 senashabet
737 5048 963 5103 litteras.
1002 5047 1094 5103 Sic
1139 5058 1194 5105 et
1223 5047 1311 5105 ea'
1337 5065 1458 5119 quae
1488 5047 1815 5120 sequuntur,
1849 5068 1916 5107 ex

344 5118 533 5194 lrenqni
562 5119 920 5194 _interprete,_
976 5134 1075 5194 pro
1129 5136 1197 5174 eo
1263 5118 1427 5192 atque
1479 5118 1583 5175 ad'
1614 5122 1914 5194 marginem

345 5187 702 5259 ascripsimus
730 5187 1067 5259 emendanda
1098 5198 1246 5247 sunt.

419 5256 532 5332 (Ξὸ)
573 5262 652 5334 l1,
688 5256 786 5334 καὶ
810 5261 898 5334 Il,
926 5259 1021 5311 καὶ
1061 5262 1108 5313 Ω
1136 5301 1150 5324 ,
1204 5260 1239 5313 ὅ
1277 5261 1407 5334 ἐστι
1438 5260 1752 5316 δεκαοκτώ.
1789 5260 1919 5334 Leg.

345 5332 375 5385 ὃ
404 5326 813 5403 ἔστινῇἰησοῦς.
837 5329 973 5382 Nam
999 5345 1262 5387 numerus
1285 5331 1402 5403 ipse
1424 5348 1797 5388 occcuxxvm
1827 5326 1919 5387 1ἰῖ-

1124 4331 1146 4361 ⁸
1169 4329 1381 4384 Absunt
1419 4330 1533 4385 hazc
1559 4330 1716 4386 uncis
1748 4332 1959 4389 inclusa
1994 4332 2063 4387 ab
2100 4333 2170 4388 ιτ.
2211 4350 2246 4437 ξ)

1079 4400 1122 4437 ιμ-
1196 4401 1278 4437 ιρσ
1326 4402 1415 4437 wn
1458 4402 1694 4437 arm...»
1731 4420 1878 4437 νη...
1952 4404 2089 4437 ,ιη-,ι

889 4401 1142 4472 Χριστός,
1195 4401 1301 4483 Ιιξεζ
1326 4402 1421 4482 καὶ
1457 4402 1694 4473 Χριστὸς
1731 4420 1905 4526 {papa
1950 4404 2110 4484 ἑπτά.
2212 4401 2233 4437 ί
2266 4401 2407 4461 Iren.
2448 4408 2476 4460 ὅ
2515 4410 2661 4462 ἐστιν
2704 4408 2930 4481 Ἰησοῦς.

889 4489 909 4525 ι
942 4472 1010 4526 ab
1042 4472 1178 4525 Iren.
1208 4479 1490 4541 quietiam
1522 4472 1682 4527 habet
1710 4490 1739 4526 τ
1774 4492 1802 4527 ν
1842 4476 2049 4545 Ἰησουν
2081 4490 2183 4547 pro
2207 4477 2267 4530 τὸ
2290 4484 2353 4542 ε’,
2381 4484 2412 4530 ι’
2441 4485 2514 4549 η’.
2591 4480 2609 4509 ⁷
2644 4481 2779 4537 Iren.
2811 4481 2930 4535 habt

2218 4516 2397 4542 νων).
2449 4516 2514 4542 Ιι.

2020 3960 2206 4013 σαρες,
2253 3944 2540 3999 ὲπιτοαυτδ
2586 3945 2940 4009 συντεθεῖσαι,
2996 3946 3126 4000 δέκα
3180 3946 3452 4015 γίνονται·
3502 3948 3597 4002 καὶ

2014 4035 2160 4088 τοῦτ’
2201 4031 2338 4089 εἶναι
2388 4036 2600 4090 θέλουσι
2633 4038 2725 4091 τὸν
2768 4038 2995 4110 Ἰησοῦν.
3039 4039 3200 4093 Ἀλλὰ
3247 4041 3336 4093 καὶ
3385 4043 3414 4093 ὁ
3462 4043 3596 4111 Χρι-

2018 4128 2165 4194 στὸς,
2215 4131 2369 4201 φησὶ,
2404 4130 2745 4200 γραμμάτων
2778 4131 2923 4185 ὀκτὼ
2959 4130 3054 4197 ὢν,
3085 4132 3183 4204 τὴν
3227 4132 3449 4205 πρώτην
3497 4148 3593 4202 ογ-

2250 4351 2311 4389 ro
2353 4335 2554 4406 quibus
2581 4353 2776 4393 nomen
2802 4337 2960 4396 Jesus
2989 4340 3172 4396 habet.
3249 4341 3270 4372 ³
3291 4338 3430 4396 lren.
3456 4340 3515 4393 τὸ
3537 4340 3595 4394 δέ

3009 4411 3032 4442 ⁸
3062 4410 3201 4465 Iren.
3244 4411 3337 4482 τοῦ
3390 4409 3591 4482 Ἰησοῦ.

2591 4480 2609 4509 ⁷
2644 4480 2779 4537 Iren.
2811 4481 2973 4535 habet
2998 4482 3092 4536 καὶ
3122 4482 3212 4535 διὰ
3235 4481 3412 4536 τοῦτο.

2187 4700 2465 4758 Mouades.
2664 4702 2928 4760 Decadcs.
3039 4702 3462 4761 llecatontades.

2300 4819 2346 4869 Α
2770 4821 2793 4873 ι
3238 4822 3279 4873 Ρ

2302 4888 2343 4939 Β
2768 4891 2817 4943 K
3240 4890 3279 4942 Σ

2309 4959 2350 5012 Γ
2767 4962 2812 5013 Λ
3238 4961 3282 5015 Τ

2300 5032 2338 5082 Δ
2756 5030 2812 5084 Μ
3238 5031 3284 5084 Υ

2302 5103 2345 5156 Ε
2763 5102 2813 5154 Ν
3238 5103 3281 5153 Φ

2307 5176 2347 5228 Ζ
2770 5171 2813 5225 Ξ
3238 5174 3283 5224 Χ

2309 5248 2357 5299 Η
2769 5245 2811 5296 0
3225 5243 3281 5296 Ψ

2313 5317 2357 5369 Θ
2764 5314 2813 5366 Π
3238 5317 3278 5366 Ω

348 5400 1473 5497 [εἶξεξίξξδ,ξῗέξξηῖθιξὲξῗῗῗυξηῗῗξρβηΡν
1512 5406 1580 5458 Ηο
1625 5403 1725 5470 Qui
1759 5411 1815 5459 θι
1865 5404 1923 5458 in
2024 5430 2156 5497 Qua:
2192 5428 2257 5483 Β.
2286 5429 2350 5485 P.
2384 5427 2591 5486 Fronto
2622 5427 2851 5485 Ducazus
2888 5427 3017 5483 olim
3047 5426 3394 5494 observabat,
3454 5436 3517 5484 ut
3549 5439 3597 5487 et

349 5472 591 5529 nominis
628 5468 834 5538 Ἰησοῦς
865 5468 1059 5525 litteris
1094 5468 1428 5527 continetur.

420 5542 530 5613 (‘24)
571 5539 669 5613 Διὸ
698 5539 794 5592 καὶ
829 5539 936 5592 τὸν
967 5540 1337 5613 ὐλφάόητον.
1384 5542 1460 5613 lta
1491 5558 1557 5597 ex
1588 5542 1706 5598 Vet.
1755 5543 1916 5598 resti-

351 5610 571 5669 tuimus.
597 5610 867 5682 Caterum
901 5610 1064 5670 auod‘
1092 5613 1365 5682 aipltabcti
1396 5612 1593 5682 litteris
1628 5615 1701 5667 ita
1735 5614 1922 5668 distri-

350 5686 498 5746 buit,
531 5682 609 5737 uti
639 5696 736 5735 vni
768 5680 879 5735 sint
912 5680 1210 5752 n‘onades;
1243 5681 1478 5741 dccades
1508 5698 1605 5739 vni
1629 5724 1643 5751 ,
1675 5691 1729 5739 et
1764 5684 1924 5743 heca-

349 5752 599 5813 tontadcs
622 5767 744 5821 vui,
772 5752 851 5809 sic
891 5753 1098 5826 accipe.

2024 5501 2160 5556 illud
2194 5501 2263 5558 de
2294 5500 2422 5559 Jesu
2463 5501 2686 5557 nomine
2712 5515 2743 5555 e
2771 5498 3281 5570 Pseudosibyllinis.

2034 5595 2218 5650 Ὤκτὼ
2243 5596 2353 5666 γὰρ
2382 5594 2672 5666 μονάδας,
2697 5597 2928 5659 τόσσας
2952 5592 3206 5658 δεκάδας
3227 5592 3324 5666 ἐπὶ
3349 5594 3599 5666 τοέττοις,

2036 5667 2149 5721 Ὴδ’
2182 5661 2586 5731 ἐκαὲοτῖτάδας
2615 5666 2788 5733 ὀκτὼ,
2826 5666 3248 5731 ἀπιστοκόροις
3273 5661 3597 5730 ἀνθρώποις

2030 5738 2270 5807 Οὗνσμα
2303 5736 2585 5802 δηλώσει.

2928 5942 2943 5971 I
