3772 6188
116 258 218 317 601

727 261 1097 351 ᾼιΝΕΒΞΙΙΒ
1141 263 1484 323 ΠᾸΞΒΕΒΕΞ
1516 267 1645 326 LIB.
1685 295 1686 298 η

1843 272 1937 328 )Μ.
1976 272 2062 329 Ill.
2106 305 2174 315 —
2206 272 2480 328 HERES.
2508 273 2749 331 XXXIV.

3283 275 3393 336 σω

115 376 279 432 δοάδα
300 374 575 446 σημαίνει,
607 375 748 445 ἣτις,
775 374 855 445 τῷ
882 376 1013 431 δέκα
1038 380 1420 449 συμπλακεῖσα
1452 384 1587 456 (ἓὸ),
1610 387 1686 439 τὸι

1845 407 1928 446 ua:
1956 407 2081 447 cum
2120 392 2308 447 decem
2343 392 2641 462 conjuncta
2673 392 2861 449 Jesum
2900 394 3131 464 peperit.
3178 394 3391 454 Dicitur
3420 407 3438 424 ⁸

128 465 336 553 Ἰησοῦν
366 466 666 537 άπεκύησε.
699 467 932 535 Λέγεται
976 469 1054 534 δὲ,
1087 472 1242 541 φησι,
1275 474 1371 525 καὶ
1408 476 1528 539 Υἱὸς
1572 477 1700 546 Χρι-

117 558 261 623 στὸς,
295 557 573 610 τουτέστιν
603 559 636 628 ἡ
687 558 925 621 δωδεκάς
950 560 1080 630 (‘26).
1111 561 1183 614 Τὸ
1227 562 1337 635 γὰρ
1370 565 1487 629 υίὸς
1531 566 1700 639 ὄνομα

113 649 459 721 γραμμάτων
480 648 596 702 sort
625 649 905 721 τεσσάρων
925 667 940 682 ⁸
970 652 1033 704 τὸ
1057 652 1115 705 δέ
1136 654 1371 724 Χριστὸς
1394 658 1536 711 ὀκτὼ
1564 659 1696 731 (27),

114 741 271 794 ᾰτινα
311 739 635 794 συντεθέντα
670 740 732 794 τὸ
761 741 859 811 τῆς
890 741 1189 807 δωδεκάδος
1218 746 1496 814 ἐπέδειξαν
1533 751 1697 821 μέγε-

112 830 224 892 θος.
256 831 396 901 Πρὶν
424 830 521 900 μὲν
550 826 663 891 οὖν,
694 831 847 900 φησι,
876 830 1068 884 τούτου
1092 832 1184 886 τοῦ
1214 835 1477 905 ὀνόματος
1498 838 1558 891 τὸ
1587 840 1701 892 ἐπί-

114 935 289 988 σημον
323 919 576 989 φανῆναι,
622 918 867 973 τουτέστι
905 919 998 972 τὸν
1038 922 1264 993 Ἰησοῦν,
1299 927 1413 989 τοῖς
1444 928 1598 990 υἱοῖς,
1640 930 1698 983 ἐν

112 1010 311 1081 ἀγνοίᾳ
359 1010 527 1082 πολλῇ
563 1012 807 1081 ὑπῆρχον
830 1014 881 1064 οἱ
919 1012 1197 1084 ἄνθρωποι
1235 1017 1329 1069 καὶ
1368 1018 1545 1091 πλάνῃ
1567 1037 1581 1050 ·
1608 1021 1698 1073 ὅτε

111 1100 165 1153 δὲ
195 1100 517 1173 ἐφανερώθη
548 1103 607 1156 τὸ
634 1104 1058 1176 ἐξαγράμματον
1086 1106 1278 1176 ὄνομα,
1309 1108 1368 1173 ὃς
1397 1111 1575 1182 σάρκα
1601 1130 1700 1165 πε-

114 1191 449 1261 ριεϐάλλετο,
482 1193 568 1246 ἵνα
600 1196 680 1257 είς
710 1194 807 1265 τὴν
842 1194 1092 1265 αἴσθησιν
1122 1198 1218 1252 τοῦ
1241 1200 1529 1273 ἀνθρώπου
1568 1222 1700 1258 κατ-

110 1282 260 1356 έλθῃ,
298 1284 437 1355 ἔχων
466 1287 523 1338 ἐν
562 1286 737 1355 ἐαυτῷ
772 1286 911 1339 αὐτὰ
941 1286 1010 1339 τά
1063 1288 1121 1354 ἒξ
1155 1291 1249 1343 καὶ
1293 1292 1362 1345 τὰ
1395 1295 1697 1348 είκοσιτέσ-

111 1388 290 1445 σαρα’
326 1377 447 1430 τότε
493 1378 710 1445 γνόντες
753 1379 916 1433 αὑτὸν
960 1381 1270 1437 ἐπαύσαντο
1313 1385 1412 1456 τῆς
1451 1386 1694 1455 ἀγνοίας.

120 1468 215 1520 Ἐκ
245 1466 477 1521 θανάτου
516 1469 573 1521 δέ
603 1471 682 1533 εἰς
714 1469 858 1541 ζωὴν
890 1471 1141 1542 ἀνῆλθον,
1176 1472 1272 1526 τοῦ
1312 1475 1575 1546 ὀνόματος
1600 1478 1697 1531 αὖ·

108 1563 220 1622 τοῖς
265 1559 390 1613 ὁδοῦ
432 1561 449 1592 ¹
476 1561 829 1631 γεννηθέντος
879 1564 1015 1635 πρὸς
1055 1565 1147 1620 τὸν
1180 1568 1401 1639 Πατέρα
1436 1568 1538 1639 τῆς
1562 1570 1696 1641 άλη-

110 1648 279 1713 θείας.
314 1651 675 1722 Τεθεληκέναι
717 1655 826 1725 γὰρ
854 1655 945 1708 τὸν
983 1657 1204 1728 Πατέρα
1236 1658 1345 1712 τῶν
1380 1659 1517 1713 ὅλων
1538 1660 1697 1715 λῦσαι

106 1742 203 1813 τὴν
235 1744 482 1813 ἄγνοιαν,
518 1748 611 1799 καὶ
643 1747 891 1801 καθελεῖν
934 1749 1026 1803 τὸν
1066 1749 1315 1831 θάνατον.
1365 1754 1609 1821 Ἀγνοίας
1638 1755 1696 1807 δὲ
1730 1742 1768 1797 Β

107 1836 261 1898 λύσις
322 1838 687 1907 ήέπίγνωσις
742 1838 907 1893 αὐτοῦ
963 1841 1191 1910 ἐγίνετο.
1244 1844 1351 1896 Ka't
1395 1843 1484 1897 διὰ
1540 1845 1696 1899 τοῦτο

107 1926 432 2005 ἐκλεχθῆναι
480 1929 570 1982 τὸν
606 1928 748 1983 κατὰ
792 1929 852 1983 τὸ
891 1929 1107 2002 θέλημα
1146 1931 1312 1986 αὑτοῦ
1360 1934 1480 1987 κατ’
1510 1935 1695 1988 εἰκόνα

106 2019 202 2089 τῆς
232 2020 352 2073 ἄνω
384 2020 668 2092 δυνάμεως
701 2022 1126 2093 οίκονομηθέντα
1162 2024 1469 2096 ἄνθρωπον.

178 2110 235 2165 l'.
294 2112 426 2165 Ἀπὸ
449 2114 491 2164 Τ
495 2113 715 2184 ετράδος
743 2113 850 2183 γὰρ
878 2106 1147 2185 προῆλθον
1166 2117 1215 2169 οἱ
1238 2117 1463 2180 Αἰῶνες.
1496 2114 1603 2172 Ἦν
1636 2119 1694 2173 δὲ

105 2206 163 2257 ὲν
193 2207 260 2274 τῇ
289 2204 522 2274 Τετράδι
558 2205 877 2274 ’Ἄνθρωπος
916 2207 1011 2260 καὶ
1056 2208 1371 2280 Ἐκκλησία,
1403 2211 1574 2279 Λόγος
1601 2213 1693 2265 καὶ

105 2296 250 2366 Ζωή.
300 2297 433 2349 Ἀπὸ
475 2296 677 2351 τούτων
716 2296 808 2352 οὖν
859 2299 1136 2371 δυνάμεις,
1181 2302 1367 2371 φησιν,
1402 2304 1693 2375 ἀπορρυεῖ-

105 2405 219 2451 σαι,
250 2387 748 2459 ἐγενεσιούργησαν
794 2390 886 2443 τὸν
921 2392 1014 2444 ἐπί
1049 2392 1153 2461 γῆς
1190 2394 1425 2462 φανέντα
1463 2395 1689 2465 Ἰησοῦν.

107 2481 213 2531 Καὶ
238 2480 339 2532 τοῦ
364 2481 461 2551 μὲν
484 2481 655 2550 Λόγου
684 2482 898 2552 άναπλη
910 2483 1138 2552 ρωκέναι
1160 2484 1251 2537 τὸν
1282 2486 1441 2538 τόπον
1464 2485 1693 2555 ἄγγελον

104 2572 368 2643 Γαϐριὴλ,
403 2574 500 2643 τῆς
526 2573 581 2625 δὲ
615 2574 768 2643 Ζωῆς
792 2574 851 2626 τὸ
882 2576 1033 2642 ἆγιον
1065 2576 1288 2646 Πνεῦμα
1312 2594 1327 2609 ο
1355 2576 1445 2629 τοῦ
1476 2578 1532 2630 δὲ
1571 2578 1691 2630 Ἀν-

104 2664 327 2735 θρώπου
353 2664 451 2736 τὴν
483 2665 711 2735 δύναμιν
744 2664 837 2718 τοῦ
863 2665 993 2719 Υἱοῦ
1026 2669 1069 2731 ²,
1110 2667 1200 2721 τὸν
1230 2669 1285 2721 δὲ
1316 2669 1416 2739 τῆς
1467 2669 1692 2740 Ἐκκλη-

104 2756 224 2818 aia;
272 2756 440 2808 τόπον
486 2757 520 2826 ἡ
567 2755 841 2826 Παρθένος
885 2756 1175 2823 ἐπέδειξεν.
1225 2758 1379 2812 Οὕτω
1409 2777 1466 2811 τε
1502 2762 1529 2812 ὁ
1570 2761 1690 2813 κατ’

100 2846 418 2915 οἰκονομίαν
464 2845 553 2899 διὰ
611 2847 713 2916 τῆς
765 2848 981 2918 Μαρίας
1044 2854 1504 2922 γενεσιουργεῖται
1558 2851 1691 2922 παρ’

100 2939 248 3010 αὐτῷ
281 2938 589 3011 ἄνθρωπος,
616 2940 674 2993 ὃν
706 2944 733 2993 ὁ
764 2942 953 3011 Πατὴρ
988 2941 1095 2996 τῶν
1119 2942 1255 2996 ὅλων
1292 2943 1567 2999 διελθόντα
1601 2945 1689 2998 διὰ

1800 502 2018 557 quoque
2054 487 2183 549 Υἱὸς
2205 485 2458 556 Χριστός,
2492 486 2664 550 aiunt,
2699 486 2805 540 hoc
2844 495 2930 543 est
2959 486 3217 545 dodecas.
3251 489 3387 545 Nam

1803 574 1932 637 Υἱὸς
1964 574 2176 629 litteras
2226 574 2389 629 habet
2420 590 2494 637 IV,
2524 574 2781 630 Christus
2803 582 2929 629 octo
2958 594 2972 629 :
3005 592 3127 646 qua:
3157 579 3388 632 collecta

1804 665 2098 721 dodecadis
2146 665 2374 721 eﬂecere
2432 665 2881 736 magnitudinem.
2925 666 3034 721 Sed
3086 677 3383 735 antequam

1801 757 2046 813 nominis
2082 756 2248 826 hujus
2278 758 2610 828 episemum,
2646 758 2750 813 hoc
2786 767 2871 814 est
2909 756 3100 825 Jesus,
3135 759 3261 815 [iliis
3300 774 3390 830 ap-

1800 860 2040 922 pareret,
2080 851 2135 906 in
2175 866 2391 905 summa
2432 851 2682 906 homines
2733 852 3069 922 ignorantia,
3111 862 3165 907 et
3197 867 3387 908 errore

1798 943 1999 998 versati
2033 949 2182 997 sunt.
2225 940 2588 1012 Posteaquam
2624 957 2756 997 vero
2797 958 2893 998 sex
2939 944 3244 999 litterarum
3284 958 3387 997 no-

1799 1048 1925 1088 men
1955 1040 2040 1088 est
2071 1032 2426 1103 patefactum,
2470 1032 2615 1103 quod
2658 1033 2781 1088 ideo
2816 1049 3039 1089 carnem
3086 1034 3285 1100 induit,
3323 1042 3385 1088 ut

1799 1141 1896 1182 sex
1934 1126 2084 1195 ipsas
2121 1134 2175 1181 et
2211 1142 2340 1181 xxiv
2364 1126 2573 1182 litteras
2598 1127 3068 1196 comprehendens
3091 1127 3160 1181 ad
3191 1142 3386 1183 sensus

1798 1214 2079 1269 hominum
2117 1230 2241 1270 sese
2270 1215 2606 1281 demitteret;
2649 1223 2762 1269 tum
2813 1217 3031 1271 demum
3066 1232 3133 1273 eo
3164 1217 3387 1288 cognito

1799 1306 1869 1360 ab
1918 1320 2108 1361 errore
2157 1306 2505 1368 destiterunt,
2554 1314 2609 1362 et
2655 1306 2722 1360 ad
2762 1307 2928 1361 vitam
2972 1314 3317 1363 emerserunt
3352 1321 3384 1360 a

1796 1402 1975 1451 morte
2015 1415 2029 1451 :
2073 1413 2196 1451 cum
2244 1397 2311 1450 ad
2360 1397 2611 1454 veritatis
2656 1406 2863 1468 patrem
2909 1399 3155 1456 ductoris
3212 1398 3388 1455 instar

1797 1487 1933 1558 ipsis
1988 1505 2184 1543 nomen
2238 1490 2367 1544 illud
2415 1491 2737 1550 exstitisset.
2788 1491 3071 1547 Placuisse
3111 1490 3385 1562 siquidem

1796 1584 2040 1638 omnium
2094 1584 2315 1641 Parenti
2362 1598 2421 1641 ut
2468 1588 2835 1658 ignorantiam
2874 1588 3196 1653 discuteret,
3236 1602 3387 1642 mor-

1798 1685 2017 1747 temque
2055 1680 2290 1733 tollerct.
2336 1680 2662 1751 Ignorantia:
2699 1696 2864 1752 porro
2892 1680 3170 1738 discussio
3210 1680 3385 1751 ipsius

1797 1767 2037 1839 cognitio
2068 1768 2192 1821 fuit.
2221 1768 2572 1840 Proindeque
2596 1772 2843 1851 delectus
2874 1773 2919 1827 is
2952 1780 3038 1827 est
3071 1771 3257 1836 homo,
3288 1770 3386 1841 qui

1796 1856 1866 1911 de
1914 1857 2063 1914 illius
2100 1860 2383 1915 voluntate
2420 1861 2489 1915 ad
2536 1856 2777 1918 caelestis
2826 1862 3062 1919 Virtutis
3105 1863 3387 1933 exemplar

1796 1950 2063 2020 singulari
2085 1958 2171 2005 est
2200 1952 2545 2021 providentia
2568 1955 2927 2011 constitutus.

1864 2135 1933 2193 Χ.
1965 2134 2100 2189 Nam
2139 2133 2349 2189 Eones
2386 2150 2414 2188 a
2456 2134 2693 2191 Tetrade
2724 2134 2951 2203 profecti
2988 2143 3138 2190 sunt.
3182 2134 3241 2190 In
3276 2150 3386 2206 qua

1797 2230 1889 2286 isti
1940 2229 2326 2285 censebantur.
2384 2226 2557 2282 Homo
2615 2236 2670 2283 et
2726 2227 2992 2290 Ecclesia.
3045 2225 3286 2282 Verbum
3324 2237 3384 2285 et

1796 2323 1941 2377 Vita.
1994 2323 2075 2376 Ab
2123 2322 2194 2377 iis
2241 2319 2577 2392 proﬂuentes
2616 2320 2866 2387 quadam
2914 2321 3147 2376 virtutes
3193 2318 3382 2376 Jesum

1795 2417 1946 2470 illum
1980 2422 2362 2485 procrearunt,
2398 2414 2492 2483 qui
2523 2414 2581 2467 in
2613 2413 2775 2469 terris
2814 2414 3088 2483 apparuit.
3111 2412 3383 2468 Czeterum

1794 2510 1850 2563 in
1889 2506 2055 2560 Verbi
2105 2506 2312 2571 locum,
2358 2504 2610 2575 angelum
2655 2502 2964 2558 Gabrielem
3000 2520 3014 2569 ;
3044 2502 3182 2558 Vita?
3227 2517 3382 2567 vero,

1796 2600 2061 2669 Spiritum
2098 2604 2349 2651 sanctum
2379 2612 2503 2651 esse
2533 2596 2884 2651 substitutum
2916 2604 3205 2660 asserunt;
3237 2595 3385 2652 sicut

1794 2690 2041 2745 ilominis
2087 2687 2251 2760 2M
2300 2695 2483 2757 partes
2537 2686 2793 2742 altissimi
2851 2685 3063 2750 Virtus,
3125 2686 3386 2743 Ecclesiae

1792 2796 1920 2836 vero
1947 2779 2114 2849 Virgo
2153 2778 2438 2834 sustinuit.
2483 2777 2574 2832 Sic
2613 2778 2704 2832 ille
2740 2778 3005 2849 peculiari
3042 2777 3386 2848 providentia

1790 2873 1972 2927 editus
1997 2872 2065 2926 de
2097 2871 2265 2925 Maria
2300 2878 2461 2926 natus
2488 2877 2575 2925 est
2598 2869 2772 2925 llomo
2800 2891 2811 2925 :
2845 2885 3007 2940 quem
3039 2886 3135 2940 per
3160 2878 3379 2925 uterum

1790 2977 2074 3032 egressum
2108 2962 2193 3017 sui
2227 2962 2297 3015 ad
2329 2963 2701 3032 cognitionem
2734 2979 2831 3032 per
2867 2961 3105 3017 Verbum
3137 2964 3382 3019 omnium

104 3036 318 3105 μήτρας
356 3034 636 3101 ἐξελέξατο
678 3034 766 3089 διὰ
808 3036 984 3105 Λόγου
1021 3040 1103 3100 εἰς
1155 3039 1450 3108 ἐπίγνωσιν
1500 3042 1686 3097 αὐτοῦ.

1843 3070 2002 3110 arens
2028 3055 2209 3125 elegit.
2242 3053 2489 3124 Cumque
2522 3056 2588 3107 ad
2620 3069 2817 3123 aquam
2857 3054 3164 3110 abluendus
3195 3057 3381 3111 venis-

113 3127 392 3190 Ἐλθόντος
418 3127 474 3180 δὲ
509 3126 674 3181 αὑτοῦ
716 3130 795 3191 είς
825 3130 884 3182 τὸ
916 3129 1078 3201 ὕδωρ,
1104 3132 1385 3186 κατελθεῖν
1418 3135 1498 3197 είς
1529 3135 1690 3188 αὐτὸν

99 3220 171 3283 ὡς
215 3220 549 3291 περιστερὰν
593 3220 683 3273 τὸν
736 3220 1118 3292 ἀναδραμόντα
1152 3224 1284 3287 ἄνω,
1339 3226 1430 3278 καὶ
1477 3225 1692 3297 πληρώ-

100 3328 269 3364 σαντα
319 3311 414 3364 τδν
468 3311 768 3364 δωδέκατον
827 3313 1092 3384 ἀριθμόν·
1142 3316 1198 3367 ἐν
1250 3310 1295 3383 ᾧ
1338 3317 1571 3388 ὑπάρχει
1626 3318 1690 3372 τὸ

99 3405 321 3476 σπέρμα
349 3405 553 3457 τούτων
586 3406 691 3458 τῶν
725 3408 1113 3477 συσπαρέντων
1142 3408 1310 3479 αὐτῷ,
1341 3411 1435 3463 καὶ
1482 3428 1690 3480 συγκα-

96 3498 402 3563 ταϐάντων,
437 3501 532 3553 καὶ
557 3500 995 3557 συναναῆάντων,
1025 3500 1205 3571 Αὐτὴν
1240 3501 1297 3554 δέ
1333 3501 1431 3573 τὴν
1459 3502 1688 3575 δύναμιν

98 3591 470 3645 κατελθοῦσαν
499 3592 724 3663 σπέρμα
745 3592 909 3663 φησιν
931 3587 1070 3645 εἶναι
1092 3593 1185 3645 τοῦ
1225 3594 1456 3664 Πατρὸς,
1486 3594 1606 3664 ἔχον
1631 3598 1687 3649 ἐν

97 3682 277 3754 ἐαυτῷ
304 3685 399 3737 καὶ
430 3684 520 3737 τὸν
556 3686 787 3756 Πατέρα
816 3685 910 3738 καὶ
936 3685 1028 3737 τὸν
1058 3685 1207 3747 Υἱὸν,
1240 3688 1337 3757 τήν
1366 3704 1423 3739 τε
1452 3686 1538 3741 διὰ
1563 3689 1687 3742 τού-

94 3795 201 3831 των
243 3777 656 3848 γινωσκομένην
704 3778 1071 3848 άνονόμαστον
1117 3778 1346 3849 δύναμιν
1373 3780 1474 3849 τῆς
1518 3781 1686 3851 Σιγῆς

96 3869 189 3921 καὶ
215 3869 343 3931 τοὺς
374 3869 618 3932 ἅπαντας
657 3868 886 3932 Αίῶνας.
910 3870 1020 3922 Kai.
1038 3868 1181 3922 τοῦτ’
1216 3866 1352 3923 εἶναι
1374 3871 1437 3923 τὸ
1463 3871 1685 3942 Πνεῦμα

94 3962 151 4013 τὸ
182 3960 428 4029 λαλῆσαν
458 3960 544 4013 διὰ
593 3960 687 4014 τοῦ
734 3960 908 4030 Ἰησοῦ
941 3961 981 4023 ³,
1017 3960 1077 4013 τὸ
1107 3961 1450 4032 ὁμολογῆσαν
1493 3963 1685 4017 ἑαυτὸν

96 4052 221 4103 Υἱὸν
254 4050 567 4123 ἀνθρώπου,
607 4051 701 4105 καὶ
733 4051 1122 4123 φανερώσαντα
1155 4052 1245 4105 τὸν
1269 4053 1509 4122 Πατέρα,
1550 4070 1683 4106 κατ-

93 4148 246 4200 ελθὸν
305 4149 406 4217 μὲν
449 4148 528 4210 εἰς
566 4146 657 4199 τὸν
733 4145 960 4216 Ἰησοῦν,
993 4145 1233 4218 ἡνῶσθαι
1276 4146 1321 4199 δ’
1352 4145 1520 4216 αὐτῷ.
1575 4146 1684 4199 Καὶ

92 4241 313 4294 καθεῖλε
351 4241 451 4311 μὲν
472 4240 564 4292 τὸν
599 4240 847 4302 θάνατον,
883 4239 1070 4309 φησιν,
1097 4239 1126 4290 ό
1156 4240 1219 4292 ἐκ
1246 4238 1346 4308 τῆς
1373 4237 1684 4307 οἰκονομίας

91 4334 309 4405 Σωτὴρ,
348 4332 613 4403 ἐγνώρισε
647 4332 704 4385 δὲ
736 4331 828 4385 τὸν
861 4330 1080 4401 Πατέρα
1120 4330 1376 4400 Χριστόν.
1411 4327 1563 4383 Εἶναι
1589 4326 1683 4383 οῦν

1798 3156 1902 3215 εει,
1925 3149 1979 3202 in
2002 3164 2127 3202 eum
2156 3146 2426 3201 columbae
2452 3146 2805 3202 descendisse
2822 3148 3005 3217 specie
3027 3147 3177 3202 illum
3202 3146 3382 3218 ipsum

1797 3248 2060 3304 narrant,
2109 3239 2199 3308 qui
2245 3254 2464 3294 sursum
2512 3254 2802 3294 recurrens
2844 3239 3379 3307 duodenariumnu-

1796 3347 2005 3387 merum
2052 3330 2325 3400 implevit;
2377 3330 2430 3384 in
2476 3346 2587 3400 quo
2624 3346 2808 3386 semen
2848 3330 2989 3385 inest
3015 3346 3229 3393 eorum»,
3259 3346 3383 3401 qua:

1794 3436 1918 3476 cum
1960 3421 2054 3476 illo
2085 3429 2201 3474 sata
2237 3420 2441 3489 pariter
2468 3427 2522 3473 et
2560 3417 2967 3474 descenderunt
3013 3426 3067 3473 et
3112 3416 3379 3473 ascende-

1794 3521 1940 3565 runt.
1970 3509 2147 3581 Ipsam
2181 3526 2312 3564 vero
2344 3510 2622 3579 delapsam
2653 3525 2683 3564 e
2713 3510 2853 3563 caelo
2880 3507 3145 3564 Virtutem
3191 3523 3380 3564 semen

1792 3602 1975 3657 Patris
2005 3600 2194 3656 deﬁnit
2229 3615 2373 3663 csse,
2407 3600 2552 3670 quod
2589 3600 2645 3653 in
2685 3614 2744 3654 se
2772 3598 2989 3653 Patrem
3041 3613 3106 3651 ac
3150 3596 3378 3661 Filium,

1792 3710 2023 3764 eamque
2078 3693 2233 3765 Siges
2290 3693 2602 3752 Virtutem.
2658 3708 2781 3762 qua:
2834 3707 2933 3761 per
2985 3691 3108 3746 illos
3162 3690 3378 3761 cognita

1792 3786 2017 3841 nomine
2051 3794 2201 3840 caret
2234 3785 2405 3847 omni,
2443 3799 2505 3838 ac
2545 3783 2786 3853 reliquos
2822 3781 3028 3837 Ailones
3056 3782 3379 3852 complecti-

1792 3884 1900 3929 tur.
1924 3873 2191 3944 Huncque
2216 3873 2481 3943 Spiritum
2506 3888 2629 3928 esse
2660 3880 2936 3936 sanctum,
2955 3860 3046 3942 qui
3069 3860 3165 3940 per
3191 3870 3378 3926 Jesum

1792 3967 2030 4031 locutus,
2063 3980 2186 4020 cum
2212 3981 2387 4035 eoque
2413 3965 2745 4035 coniunctus
2777 3972 2882 4019 est.
2919 3961 3039 4017 Jam
3072 3978 3203 4018 vero
3231 3977 3383 4017 mor-

1790 4066 1921 4123 tem,
1950 4059 2147 4128 inquit,
2178 4059 2428 4113 Salvator
2452 4072 2518 4112 ex
2556 4056 2646 4110 illa
2681 4056 3025 4126 providentia
3057 4064 3221 4111 natus
3254 4070 3379 4111 sus-

1790 4152 1950 4217 tulit,
1999 4150 2390 4221 Christumque
2441 4147 2658 4204 Patrem
2720 4148 3034 4203 hominibus
3098 4145 3381 4218 patefecit.

1789 4244 1972 4300 Jesum
2022 4244 2208 4314 itaque
2256 4259 2457 4299 nomen
2506 4241 2627 4312 ejus
2652 4257 2776 4298 esse
2816 4242 3096 4312 proprium
3138 4238 3387 4294 hominis

1790 4335 2005 4399 statuit,
2045 4350 2207 4405 quem
2245 4333 2677 4404 singulariS'illa
2726 4333 3065 4403 providentia
3099 4330 3379 4396 submisit,

91 4425 179 4479 τὸν
218 4425 431 4496 Ἰησοῦν
457 4424 629 4495 ὄνομα
660 4424 758 4494 μὲν
788 4423 880 4477 τοῦ
909 4425 972 4476 ἐκ
1002 4424 1102 4493 τῆς
1124 4423 1436 4493 οἰκονομίας
1469 4421 1681 4493 ἀνθρώ-

1843 4423 1885 4478 :d
1915 4426 1982 4478 ad
2012 4424 2237 4479 alterius
2259 4423 2667 4478 similitudinem
2685 4437 2748 4476 ac
2765 4421 3253 4491 contigurationcm
3278 4420 3378 4472 im-

91 4536 190 4572 που
214 4518 390 4587 λέγει,
419 4516 688 4570 τεθεῖσθαι
716 4515 771 4569 δὲ
806 4517 885 4579 εἰς
912 4515 1251 4586 ἐξομοίωσιν,
1277 4516 1369 4567 καὶ
1404 4514 1683 4587 μόρφωσιν

89 4610 181 4664 τοῦ
209 4610 503 4681 μέλλοντος
530 4610 609 4671 είς
635 4608 795 4662 αὐτὸν
824 4607 1187 4678 κατέρχεσθαι
1232 4607 1568 4678 Ἀνθρώπου,
1590 4608 1683 4662 τὸν

89 4704 421 4773 χωρήσαντα
450 4701 633 4755 αὐτόν.
680 4701 1003 4772 Ἐσχηκέναι
1040 4701 1097 4753 δὲ
1132 4700 1297 4753 αὐτόν
1329 4701 1349 4731 ⁸⁵
1372 4717 1431 4753 τε
1469 4700 1560 4753 τὸν
1589 4699 1678 4755 ἄν-

156 4861 173 4891 ¹
209 4857 355 4912 lren.
390 4855 606 4927 ὁδηγοῦ.
685 4857 705 4887 ³
732 4854 875 4912 Ircn.
918 4855 1197 4925 Tum-ou.
1274 4855 1294 4886 ³
1328 4873 1417 4924 γρ.
1449 4854 1542 4908 τοῦ
1583 4856 1850 4927 στόματος
1877 4855 1972 4909 τοῦ
2009 4854 2204 4928 Ἰησοῦ.

88 4948 173 4983 ναι
203 4928 372 4983 αὐτόν
404 4944 465 4979 τε
496 4944 548 4980 τ.

156 5047 275 5118 (25)
312 5039 603 5118 raucum";
632 5039 799 5118 ’δέκα
872 5038 1319 5118 (ξυμπλςεζιεῖσα.
1378 5038 1678 5118 Perperam

84 5109 174 5173 hic
216 5116 327 5186 legi
359 5113 450 5166 τὸν
491 5110 695 5186 Ἰησοῦν
729 5110 1051 5186 άπεκύησε,
1090 5109 1278 5186 Billius
1312 5109 1595 5186 _adnotat_:
1623 5120 1678 5186 et

88 5205 183 5259 pro
232 5180 485 5259 Lixrvm
506 5222 521 5245 ,
552 5180 698 5252 quod
729 5180 900 5237 Vetus
931 5182 1201 5246 interpres
1238 5180 1469 5259 habebat
1495 5221 1510 5243 ,
1550 5182 1679 5251 legit

86 5252 253 5318 ivut,
286 5256 418 5325 quia
463 5270 495 5307 ι
534 5263 589 5309 ει
622 5269 715 5306 vul
762 5269 870 5307 non
901 5266 1187 5325 txxxvut,
1235 5252 1332 5325 sed
1372 5266 1507 5325 xvtn
1551 5268 1679 5319 pro-

87 5321 320 5382 creant;
350 5324 458 5379 Sed
504 5325 855 5392 castigatiora
901 5321 1085 5375 lreuwi
1117 5321 1485 5392 exemplaria,
1536 5330 1595 5376 et
1646 5337 1675 5374 a

86 5396 462 5454 Feuardentio
488 5391 740 5449 restituta
769 5407 1142 5448 ucccuxxvnt
1178 5392 1396 5445 habent.
1447 5391 1548 5457 Qui
1579 5409 1680 5445 nu-

87 5483 277 5523 merus
309 5466 381 5520 ab
412 5482 507 5519 \‘lll
554 5465 797 5535 gignitur
846 5466 930 5519 bis
962 5477 1057 5535 per
1104 5462 1340 5515 dccadas
1388 5460 1573 5524 ducto,
1618 5478 1681 5517 ac

88 5540 255 5593 tertio
299 5537 532 5605 repetito
550 5534 573 5600 ;“
597 5536 741 5588 hunc
769 5536 825 5589 in
854 5534 1091 5605 modum
1127 5550 1140 5582 ε
1177 5548 1272 5585 VIII
1308 5546 1401 5605 per
1428 5548 1459 5584 κ
1492 5535 1689 5596 ιιιιιιιὶο,

90 5612 331 5681 plicatus
363 5601 507 5659 Lux
544 5606 815 5681 producit.
849 5604 962 5658 Duc
996 5622 1043 5681 x__
1072 5606 1122 5655 in
1144 5618 1321 5681 txxx,
1345 5601 1492 5681 tiunt
1518 5618 1680 5681 nccc_;

94 5672 232 5736 adde
274 5672 561 5747 postremo
588 5676 767 5746 ipsqu
792 5692 909 5739 νιιι,
940 5672 1487 5747 collectistnnnibus,
1515 5674 1683 5747 nasci-

94 5761 181 5805 tur
218 5743 647 5815 nc'ccunvur,
682 5747 775 5817 qui
821 5759 1083 5802 numerus
1112 5744 1167 5798 in
1199 5743 1393 5799 litteris
1444 5745 1682 5799 nominis

1790 4520 2026 4590 positum
2058 4534 2199 4581 esse,
2224 4518 2317 4588 qui
2344 4517 2398 4572 in
2429 4518 2609 4588 ipsum
2634 4524 2754 4572 erat
2775 4514 3069 4585 aliquando
3095 4515 3373 4584 lapsurus.

1789 4604 1961 4677 Quem
1993 4627 2118 4665 cum
2149 4611 2488 4680 excepisset,
2531 4624 2638 4664 una
2671 4618 2727 4664 et
2762 4607 3038 4661 hominem
3072 4606 3252 4676 ipsum
3274 4643 3289 4668 ,
3322 4610 3380 4658 et

1793 4698 2055 4771 Verbum,
2084 4715 2149 4754 ac
2176 4698 2416 4765 Patrem,
2447 4707 2500 4753 et
2524 4697 2839 4761 Arrhetum,
2868 4711 2933 4750 ac
2963 4696 3146 4766 Sigen,
3171 4694 3359 4750 Verita

2292 4857 2314 4887 ⁵
2344 4855 2486 4910 lrcn.
2518 4856 2577 4908 ὃν
2598 4855 2924 4925 χωρήσαντα
2950 4853 3112 4909 αὑτὸν
3146 4850 3368 4925 ἐσχηκέ-

1798 5038 2008 5110 Ἰησοῦς
2035 5038 2556 5111 (εριιιρι-εὶλεηᾶἱιυν.Δ
2592 5038 2772 5111 Quare
2808 5037 2949 5111 idem
2978 5045 3061 5111 est
3092 5039 3373 5111 ᾁπεκύησε

1782 5108 1873 5162 τὸν
1910 5110 2141 5181 Ἰησοῦν,
2194 5118 2354 5181 atque
2385 5108 2664 5181 άπεκύησε
2709 5108 2802 5162 τὸν
2837 5110 2894 5181 ii
2918 5147 2932 5171 ,
2976 5109 3053 5172 Π,
3086 5109 3160 5173 Ω,
3199 5108 3377 5181 neque

1783 5179 2105 5235 mutandum
2139 5181 2192 5234 in
2220 5180 2408 5235 Graeco
2440 5180 2739 5249 quidquam
2768 5179 3091 5243 arbitrarer,
3128 5181 3235 5235 nisi
3266 5179 3373 5238 Ve-

1787 5261 1874 5306 tus
1907 5251 2177 5319 interpres
2208 5251 2367 5305 aliter
2395 5252 2636 5320 legisset.

1858 5321 1968 5392 (26)
2008 5318 2117 5375 Kal.
2155 5322 2287 5385 υἱὸς
2326 5318 2582 5389 Χριὸντὸς
2606 5364 2618 5383 ,
2654 5322 2969 5374 τουτέστιν
3013 5320 3051 5386 ἡ
3082 5318 3368 5392 δγωδεκάς.

1789 5391 1942 5458 Quod
1979 5393 2104 5455 Υἱός
2133 5396 2418 5461 quaternis
2446 5394 2644 5447 litteris
2670 5399 2921 5452 constet,
2955 5391 3203 5459 expedita
3228 5393 3371 5445 ratio

1787 5474 1891 5517 est.
1924 5463 2157 5533 Χριστός
2190 5472 2369 5516 autem
2397 5505 2411 5526 ,
2454 5464 2556 5517 nisi
2598 5461 2832 5533 Χριστός
2866 5461 3104 5523 scribas,
3140 5476 3371 5533 V|i__0lll-

1791 5534 1923 5586 nino
1950 5530 2210 5587 continet.
2244 5532 2387 5586 Sane
2418 5530 2697 5588 Christum
2733 5532 2976 5600 plerique
3008 5547 3037 5586 e
3068 5530 3367 5599 gentilibus

1790 5605 2127 5673 appellavere
2159 5603 2466 5659 Chrestum.

1862 5667 1971 5744 (‘27)
2018 5675 2090 5727 Τὸ
2126 5674 2193 5725 δὲ
2221 5674 2472 5741 Χριστὸς
2510 5671 2675 5744 ὀκτώ.
2718 5667 2952 5744 Proinde
2979 5667 3211 5744 Χριστός
3255 5669 3365 5740 leg.

1791 5739 1924 5799 Nam
1956 5755 2007 5799 ct
2039 5739 2325 5800 Chrcsunu
2362 5746 2583 5815 quidam
2615 5741 2892 5796 (Sht'isttttu
2926 5739 3285 5809 appellarunt.
