3772 6188
462 268 569 329 605

1892 281 1948 341 S.
1990 279 2328 340 EPIPIIANII

3651 279 3725 340 ϐω

404 395 418 407 ·
460 391 570 445 tem
622 389 784 460 item,
832 403 888 449 et
941 392 1296 466 Ecclesiam,’
1346 397 1638 472 Vitamque
1693 401 1968 474 comprebt

2167 403 2400 476 Βρωπυν,
2450 402 2611 457 αὐτόν
2645 419 2705 456 τε
2747 402 2840 456 τὸν
2870 402 3064 472 Λόγον,
3111 399 3205 456 καὶ
3251 396 3342 456 τὸν
3379 395 3637 465 Πατέρα,
3659 401 3723 451 καὶ

385 1859 400 1948 ζ

384 1949 388 1996 ξ

401 5735 684 5805 explicata
750 5735 1021 5800 sententia
1047 5735 1061 5742 ’
1100 5755 1182 5805 est

461 483 629 537 disse.

531 659 623 718 XI.
667 662 798 731 Quae
839 681 1031 724 omnes
1080 670 1298 724 illorum
1348 670 1545 726 fabula:
1585 671 1857 742 ejusmodi
1898 682 2046 738 sunt,

461 761 524 808 ut
557 754 624 811 iis
654 756 1008 829 deplorandis
1042 763 1250 815 nullum
1282 762 1384 816 heu
1415 765 1428 818 !
1463 763 1602 818 heu!
1639 765 1721 819 vel
1753 766 1919 835 proli!
1954 782 2050 822 ne-

460 861 567 918 que
607 849 719 904 ulla
765 867 992 920 prorsus
1035 854 1240 923 tragica
1275 854 1391 909 "vox
1429 870 1493 910 ac
1525 856 1842 912 lamentatio
1876 863 2050 928 possit

459 941 728 998 suﬁicere.
755 944 890 1011 Quis
913 945 1058 1001 enim
1101 963 1208 1000 non
1243 947 1432 1002 talium
1464 948 1876 1005 mendaciorum
1907 951 2046 1006 infe-

460 1034 616 1092 licem
663 1037 928 1092 artiﬁcem
980 1039 1180 1103 oderit,
1227 1055 1351 1094 cum
1417 1039 1712 1097 Veritatem
1763 1042 1939 1112 ipsam
1991 1046 2047 1099 in

455 1127 622 1184 inane
657 1129 1016 1185 simulacrum
1057 1147 1089 1185 a
1125 1130 1309 1186 Marco
1342 1132 1700 1189 deformatam
1739 1135 1952 1204 videat;
1995 1146 2048 1193 et

457 1219 604 1288 quod
687 1222 907 1290 gravius
971 1229 1093 1286 est,
1169 1223 1441 1293 alphabeti
1514 1225 1708 1281 litteris
1783 1234 2043 1298 tanquam

1213 1319 1272 1366 ut
1324 1314 1469 1382 quod
1531 1331 1706 1386 nuper
1750 1317 2042 1372 admodum

454 1409 620 1470 atque
652 1401 790 1465 heri,
824 1409 884 1456 ut
913 1402 1088 1466 aiunt,
1114 1413 1168 1459 et
1200 1405 1602 1463 nudiustertius
1631 1408 1852 1474 accidit,
1885 1410 2041 1479 quasi

447 1492 561 1561 jam
589 1500 704 1548 tum
738 1495 866 1551 olim
893 1497 1216 1562 exstitisset,
1247 1499 1530 1556 venditare
1555 1501 1846 1557 studuerit:
1867 1504 2041 1560 Graeci

448 1585 671 1655 quidem
705 1602 798 1642 xvi
842 1603 872 1641 a
916 1588 1122 1644 Cadmo
1155 1590 1365 1646 litteras
1400 1591 1638 1661 primum
1671 1596 1952 1666 accepisse
1981 1613 2040 1652 se

456 1309 804 1380 stigmatibus
861 1311 1099 1366 inustam
1144 1330 1159 1367 :

451 1685 794 1745 memorant;
838 1686 952 1733 tum
993 1695 1023 1734 a
1065 1697 1123 1737 se
1172 1684 1652 1754 progredientibus
1701 1688 2038 1756 temporibus

2153 495 2248 548 τὸν
2280 495 2573 566 Ἀῤῥητον,
2610 494 2703 549 καὶ
2725 492 2824 566 τὴν
2853 493 3039 566 Σιγὴν,
3057 492 3151 548 καὶ
3179 491 3279 564 τὴν
3324 489 3639 560 Ἀλήθειαν.
3659 491 3722 541 ni

2169 585 2518 657 Ἐκκλησίαν,
2559 587 2656 640 καὶ
2684 588 2856 658 Ζωήν.

2230 674 2330 729 IA'.
2367 675 2551 728 Ταῦτα
2579 675 2643 748 δὴ
2675 677 2815 747 ὑπὲρ
2843 676 2904 729 τὸ
2935 675 3044 730 leti!
3077 677 3172 729 καὶ
3211 674 3275 727 τὸ
3308 673 3460 744 φεῦῑ
3491 671 3590 724 καὶ⁵
3619 672 3720 742 ὑπὲρ

2155 765 2215 818 τὸ
2238 767 2420 819 πᾶσαν
2455 765 2722 837 τραγικὴν
2771 765 3014 836 φώνησιν
3033 767 3050 797 ¹
3079 765 3172 819 καὶ
3203 762 3587 834 σχετλιασμόν
3617 763 3715 815 ἐπι.

2155 859 2251 921 Τίς
2276 857 2384 930 γὰρ
2410 859 2510 912 ούκ
2533 858 2600 912 ἂν
2640 859 2890 930 μισήσειε
2915 857 3024 912 τῶν
3051 857 3393 928 τηλικούτων
3419 856 3716 925 ψευσμάτων

2151 949 2549 1003 κακοσύνθετον
2573 950 2825 1022 ποιητὴν,
2855 949 2952 1022 τὴν
2977 951 3074 1022 μὲν
3120 948 3413 1022 Ἀλήθειαν
3436 947 3586 1018 ὁρῶν
3611 949 3714 1000 εἰδω-

2151 1039 2241 1092 λον
2275 1039 2380 1092 ὑπὸ
2409 1041 2636 1111 Μάρκου
2658 1042 2974 1110 γεγονυῖαν,
3005 1041 3101 1095 καὶ
3127 1041 3284 1094 τοῦτο
3312 1041 3438 1104 τοῖς
3459 1037 3560 1092 τοῦ
3587 1039 3713 1106 ἀλεξα-

2151 1130 2316 1200 6ήτου
2354 1131 2646 1202 γράμμασι
2683 1126 3340 1202 κατεστιγμένηννεωστὶ
3372 1126 3522 1196 πρὸς
3563 1127 3617 1178 τὸ
3646 1127 3710 1178 ἀπ’

2149 1223 2326 1294 ἀρχῆς
2357 1223 2491 1293 (28),
2517 1223 2580 1276 τὸ
2605 1223 2668 1295 δὴ
2691 1222 2982 1293 λεγόμενον
3011 1222 3137 1292 χθὲς
3167 1221 3261 1274 καὶ
3286 1218 3526 1292 πρώην;
3560 1218 3712 1287 Ἕλλης

2147 1331 2235 1378 νες
2256 1313 2606 1385 ὁμολογοῦσιν
2633 1315 2740 1368 ἀπὸ
2757 1313 2977 1384 Κάδμου
2999 1311 3212 1385 πρῶτον
3234 1308 3296 1375 ἓξ
3322 1310 3428 1363 καὶ
3444 1309 3581 1362 δέκα
3606 1325 3712 1378 παρ-

2144 1409 2462 1481 ειληφέναιο
2520 1404 2641 1463 εἶτα
2681 1407 2976 1480 μετέπειτα
3025 1404 3442 1478 προϐαινόντων
3476 1403 3586 1454 τῶν
3615 1402 3711 1470 χρό-

2144 1520 2252 1559 νων
2282 1503 2436 1557 αύτοὶ
2459 1502 2816 1575 ἐξευρηκέναι
2843 1500 2974 1556 ποτὲ
3005 1501 3104 1571 μὲν
3123 1498 3192 1552 τὰ
3217 1497 3419 1558 δασέα,
3448 1495 3580 1548 ποτε
3662 1498 3710 1548 τὰ

2143 1595 2328 1650 διπλᾶ.
2357 1597 2626 1666 Ἔσχατον
2656 1594 2713 1647 δὲ
2744 1594 2962 1647 πάντων
2996 1590 3332 1662 Παλαμήδην
3373 1588 3518 1656 φασὶ
3540 1585 3602 1638 τὰ
3632 1604 3709 1655 μαι

2144 1688 2252 1759 κρά
2279 1698 2299 1727 ι
2325 1687 2533 1751 τούτοις
2578 1684 3045 1759 προστεθεικέναι.
3081 1681 3195 1754 Πρὸ
3232 1679 3330 1734 τοῦ
3382 1674 3484 1732 οὖν
3519 1677 3709 1744 Ἕλλησι

451 1769 587 1826 alias
621 1771 917 1841 aspiratas,
946 1773 1084 1830 alias
1114 1775 1360 1846 duplices
1398 1778 1664 1833 inventas.
1699 1779 1968 1837 Postremc

2167 1779 2309 1832 ἀὔτα
2341 1777 2615 1847 γενέσθαι,
2657 1779 2756 1831 οὐκ
2784 1773 2852 1847 ἦν
2889 1776 3160 1847 Ἀλήθεια.
3197 1774 3272 1828 Τὸ
3297 1773 3418 1844 γάρ
3451 1773 3610 1841 σῶμα
3635 1772 3707 1829 αὖ·

446 1861 736 1918 Palamede
800 1865 1037 1936 majores
1097 1868 1405 1938 adjunctas.
1479 1870 1658 1936 Quare
1713 1874 2033 1944 priusquam

445 1952 652 2010 Grmcis
675 1955 765 2010 illa
810 1959 1178 2025 traderentur,
1224 1977 1492 2032 nusquam
1535 1962 1750 2020 Veritas
1778 1981 1900 2022 esse
1938 1985 2035 2038 po-

446 2047 571 2100 tuit.
603 2046 818 2119 Corpus
852 2050 995 2104 enim
1033 2051 1230 2121 ipsius,
1260 2061 1318 2106 ut
1345 2053 1446 2118 ais,
1472 2053 1670 2124 Marce,
1696 2056 1901 2112 Cadmo
1926 2066 2031 2125 est,

444 2141 622 2212 iisque
643 2143 736 2211 qui
769 2143 920 2197 illum
953 2152 1369 2201 antecesserunt
1397 2150 1692 2214 recentius,
1713 2152 2034 2222 ueterisque

443 2236 578 2288 adeo
594 2235 683 2304 qui
703 2235 968 2292 elementa
982 2239 1192 2308 reliqua
1208 2251 1551 2309 repererunt,
1567 2256 1631 2297 ac
1645 2249 1697 2298 te
1708 2245 1872 2298 etiam
1889 2245 2027 2314 ipso.

441 2325 603 2397 245
633 2325 713 2382 Tu
741 2330 884 2383 enim
910 2330 1060 2386 solus
1084 2347 1225 2396 eam,
1246 2347 1409 2402 quam
1439 2331 1736 2390 Veritatem
1767 2336 2026 2406 appellas,

444 2416 629 2470 nescio
680 2418 826 2487 quod
887 2420 942 2473 in
1004 2420 1364 2476 siu'iulacrum
1420 2421 1728 2478 detraxisti.
1789 2423 2026 2495 Ecquem

439 2522 571 2563 vero
614 2517 776 2580 putas
822 2519 972 2566 tuam
1022 2514 1172 2569 illam
1216 2531 1394 2586 usque
1436 2532 1502 2571 eo
1537 2517 1822 2588 loquacem
1866 2517 2028 2590 Sigen

438 2615 601 2668 posse
645 2605 940 2670 sustinere,
988 2622 1109 2677 qua:
1153 2623 1277 2662 eum
1323 2609 1591 2675 nominet,
1624 2609 1718 2680 qui
1752 2611 2028 2665 nominari

439 2703 692 2762 nequeat,
722 2702 775 2750 et
805 2695 1242 2767 inexplicabilem
1299 2700 1554 2768 explicet,
1611 2709 1665 2756 et
1717 2701 1809 2772 qui
1863 2704 2028 2759 nullis

439 2785 685 2855 vestigiis
733 2787 1067 2857 deprehendi
1110 2798 1309 2860 potest,
1361 2792 1683 2864 investiget?
1709 2793 1848 2860 Quid
1882 2795 2025 2866 quod

435 2881 715 2950 aperuisse
749 2881 884 2936 dicit
914 2897 977 2936 os
1006 2882 1176 2949 illum,
1205 2900 1364 2954 quem
1395 2895 1452 2939 tu
1487 2887 1669 2942 omnis
1694 2895 1748 2942 et
1779 2889 2026 2960 corporis

432 2981 733 3042 expertem,
784 2982 839 3028 et
891 2972 1074 3045 ﬁgura:
1127 2977 1420 3044 praedicas;
1462 2993 1888 3051 sermonemque
1944 2983 2025 3037 sic

431 3071 694 3134 tanquam
745 3067 1106 3135 compositum
1157 3068 1449 3138 quodpiam
1501 3071 1703 3152 apimal
1743 3073 2023 3129 edidisse?

2137 1870 2238 1940 τῆς
2284 1870 2426 1924 κατά
2477 1870 2556 1935 σὲ,
2597 1869 2815 1940 Μάρκε,
2862 1866 3318 1940 μεταγενέστερον
3371 1863 3479 1934 μὲν
3515 1863 3709 1931 Κάδμου

2137 1960 2232 2014 καὶ⁴
2264 1960 2371 2014 τῶν
2402 1961 2508 2032 πρὸ
2535 1959 2722 2025 αὐτοῦ,
2752 1957 3210 2031 μεταγενέστερον
3242 1956 3298 2009 δὲ
3328 1955 3443 2008 τῶν
3477 1957 3550 2008 τὰ
3578 1954 3709 2006 λοιπὰ

2137 2053 2599 2126 προστεθεικότων
2624 2055 2880 2124 στοιχεῖα,
2909 2051 3374 2124 μεταγενέστερον
3407 2048 3470 2101 δὲ
3498 2050 3591 2100 καὶ
3614 2065 3710 2108 agtu-

2134 2145 2249 2199 τοῦ.
2291 2147 2363 2201 Σὺ
2415 2147 2525 2219 γὰρ
2580 2147 2740 2218 μόνον
2793 2143 3012 2198 εἴδωλον
3047 2144 3068 2175 ³
3105 2145 3427 2215 κατήγαγες
3485 2141 3586 2212 τὴν
3630 2141 3708 2192 ὑπὸ

2135 2236 2229 2292 σοῦ
2283 2237 2584 2309 λεγομένην
2637 2237 2941 2310 Ἀλήθειαν.
2975 2236 3073 2310 Τίς
3110 2236 3156 2289 δ’
3185 2235 3443 2303 ἀνέξεταί
3501 2251 3595 2287 σου
3633 2234 3710 2301 τὴν

2132 2331 2368 2386 τοσαῦτα
2405 2332 2751 2404 φλυαροῦσαν
2799 2331 2984 2401 Σιγὴν,
3015 2331 3051 2400 ἦ
3091 2330 3182 2383 τὸν
3212 2328 3591 2400 ἀνονόμαστον
3618 2327 3708 2378 ὀνο-

2136 2423 2318 2492 μάζει,
2346 2425 2441 2478 καὶ
2477 2425 2567 2478 τὸν
2605 2423 2844 2495 ἄρρητον
2873 2422 3169 2492 ἐξηγεῖται,
3193 2420 3398 2474 καὶτὸν
3429 2420 3708 2490 ἀνεξιχνία-

2133 2534 2257 2570 στον
2317 2517 2616 2590 ἑξιστορεῖς
2676 2518 2786 2570 Καὶ
2848 2516 3126 2588 ὴνοιχέναι
3189 2515 3250 2568 τὸ
3311 2514 3500 2585 στόμα
3570 2514 3708 2582 φησὶν

2131 2611 2261 2664 αὐτὸ
2285 2611 2329 2676 ⁸,
2374 2612 2433 2666 ὃν
2470 2611 2762 2682 ἀσώματον
2803 2612 2897 2665 καί
2936 2611 3173 2664 ἀνείδεον
3209 2610 3426 2678 λέγεις’
3465 2610 3565 2662 καὶ
3599 2625 3712 2678 προ-

2130 2705 2454 2772 ενέγκασθαι
2483 2705 2657 2774 λόγον,
2686 2704 2762 2769 ὡς
2798 2704 2858 2757 ἓν
2888 2721 2936 2756 τι
2967 2705 3075 2758 τῶν
3104 2704 3379 2758 συνθέτων
3416 2703 3607 2770 ζώων·
3639 2704 3709 2754 τόν

2128 2814 2187 2849 τε
2218 2796 2374 2865 λόγον
2413 2795 2575 2849 αὑτοῦ
2611 2797 2795 2867 ὅμοιον
2821 2796 2950 2850 ὄντα
2982 2795 3060 2867 τῷ
3088 2795 3441 2868 προϐαλόντι,
3479 2795 3711 2862 3:21:40;-

2130 2891 2237 2960 φὴν
2274 2890 2368 2943 τοῦ
2399 2891 2629 2962 ἀοράτου
2657 2891 2939 2960 γεγονότα,
2971 2891 3248 2963 στοιχείων
3277 2889 3378 2962 μὲν
3410 2886 3558 2942 εἶναι
3580 2889 3709 2958 τρια-

2129 3001 2315 3048 κοντα,
2351 2983 2632 3037 συλλαϐῶν
2665 2984 2722 3038 δὲ
2752 2985 3070 3056 τεσσάρων;
3105 2985 3302 3037 Ἔσται
3330 2979 3425 3036 οὖν
3462 2983 3606 3036 κατά
3629 2980 3708 3048 τὴν

2126 3078 2418 3148 ὁμοιότητα
2466 3077 2563 3130 τοῦ
2598 3078 2772 3147 Λόγου
2803 3080 2830 3131 ό
2861 3079 3052 3150 Πατὴρ
3096 3077 3206 3131 τῶν
3247 3077 3500 3140 πάντων,
3535 3075 3610 3137 ὡς
3656 3075 3707 3125 σὺ

429 3157 602 3223 Quem
631 3158 794 3213 etiam
832 3157 1150 3214 Sermonem
1189 3161 1330 3230 ejus,
1370 3177 1399 3215 a
1432 3149 1879 3234 quo—productus
1908 3183 1968 3223 es

2167 3170 2255 3242 ᾖς’
2294 3169 2574 3240 στοιχείων
2635 3171 2736 3242 μὲν
2788 3149 3104 3242 τριάκοντα,
3164 3169 3452 3224 συλλαδὼν
3507 3168 3566 3221 δὲ
3611 3183 3711 3220 τεε-

429 3252 684 3316 similcm,
720 3251 1058 3324 efﬁgiemque
1096 3269 1196 3309 nec
1227 3257 1578 3325 aspectabilis
1619 3257 1871 3314 Parentis
1908 3261 2018 3315 ele-

2127 3265 2329 3335 σάρων.

431 3353 733 3399 mentorum
762 3346 1004 3416 triginta,
1033 3347 1624 3419 syllabarunrquatuor
1645 3365 1770 3406 esse
1794 3351 2003 3407 docuit.
2045 3351 2412 3419 Quamobrem
2443 3353 2826 3412 universorum
2863 3369 3062 3425 parens
3090 3354 3200 3418 ille,
3229 3349 3467 3424 perinde
3500 3365 3566 3406 ac
3599 3348 3707 3403 Scr-

429 3450 539 3499 mo,
574 3444 633 3489 ut
678 3439 902 3502 asseris,
953 3438 1180 3494 tricenis
1227 3440 1511 3496 elementis
1563 3455 1628 3495 ac
1667 3441 1891 3510 syllabis
1923 3453 2157 3512 quatuor
2181 3445 2478 3500 constabit.

499 3528 636 3595 Quis
686 3529 818 3583 illud
870 3546 998 3586 vero
1050 3531 1320 3602 patienter
1379 3532 1550 3601 ferat,
1601 3536 1660 3589 in
1704 3535 1908 3606 ﬁguras
1956 3552 2021 3591 ac

430 3634 710 3685 numeros,
756 3621 889 3678 alias
931 3623 1177 3695 triginta,
1228 3623 1367 3680 alias
1414 3641 1578 3690 xxuv,
1624 3641 2021 3697 nonnunquam

429 3725 519 3777 vr,
564 3712 901 3768 conditorem
947 3715 1226 3780 omnium,
1276 3723 1330 3771 et
1371 3716 1634 3773 artiﬁcem
1727 3718 2022 3774 fabricato-

429 3818 653 3873 remque
686 3803 778 3859 Dei
835 3805 1152 3863 Sermonem
1190 3823 1220 3862 a
1267 3818 1319 3864 te
1348 3809 1649 3875 redactum,
1689 3819 1853 3881 atque
1874 3828 2024 3869 con-

425 3894 710 3960 strictum;
751 3896 880 3951 dum
924 3897 1068 3951 hunc
1117 3899 1168 3951 in
1211 3897 1448 3970 syllabas
1493 3916 1581 3965 tv,
1628 3902 1849 3970 triginta
1887 3919 2018 3959 vero

422 3987 687 4044 elementa
726 3990 1006 4046 concidis?
1034 3990 1138 4057 Qui
1178 3991 1468 4046 Dominum
1519 3995 1802 4060 omnium,
1839 4012 1870 4051 a
1905 4013 2015 4068 quo

421 4082 672 4138 caelestes
719 4083 797 4137 illi
844 4084 1004 4139 orbes
1047 4083 1257 4139 fundati
1313 4094 1478 4151 sunt,
1529 4089 1601 4158 in,
1632 4104 2012 4146 ncccuxxxvm

421 4190 708 4230 numerum
750 4175 1007 4242 includis,
1041 4177 1199 4246 quasi
1244 4178 1479 4234 similem
1525 4181 1798 4251 alphabeti
1844 4193 2007 4239 natu-

420 4281 535 4319 ram
566 4267 830 4322 obtineat.
863 4266 967 4334 Qui
999 4283 1272 4325 summum
1305 4271 1614 4343 Parcntcm,
1647 4291 1676 4329 a
1710 4293 1819 4347 quo
1853 4295 2004 4333 com-

420 4360 836 4429 prehenduntur
881 4361 1063 4415 omnia
1108 4377 1234 4416 cum
1283 4378 1311 4416 a
1347 4366 1564 4422 nemine
1606 4367 1723 4438 ipse
1755 4385 2003 4440 compre-

2195 3539 2268 3592 Ἦ
2302 3539 2463 3592 πάλιν
2493 3541 2576 3605 τίς
2603 3539 2853 3607 ἀνέξεταί
2915 3557 3008 3594 σου
3040 3540 3122 3603 εἰς
3162 3539 3426 3611 σχήματα
3461 3555 3558 3592 και
3595 3539 3699 3607 ἀριο

2126 3630 2154 3684 0
2167 3633 2324 3702 μους,
2359 3634 2492 3686 ποτὲ
2539 3634 2638 3705 μὲν
2669 3634 2983 3706 τριάκοντα,
3026 3633 3156 3687 ποτε
3176 3633 3235 3686 δὲ
3274 3634 3704 3700 εἰκοσιτέσσαρα,

2122 3723 2253 3776 ποτὲ
2281 3724 2336 3778 δὲ
2375 3724 2433 3792 ἓξ
2470 3725 2629 3796 μόνον
2682 3727 3056 3796 συγκλείοντος
3090 3726 3182 3780 τὸν
3207 3725 3321 3780 τῶν
3363 3725 3584 3779 πάντων
3615 3723 3705 3777 κτίρ

2124 3831 2275 3886 στην,
2311 3816 2407 3870 καὶ
2444 3815 2800 3889 δημιουργὸν,
2841 3820 2935 3873 καὶ
2965 3818 3194 3890 ποιητὴν
3233 3819 3414 3888 Λόγον
3440 3818 3540 3872 τοῦ
3564 3816 3702 3880 Θεοῦ,

2121 3909 2690 3979 κατακερματίζοντος
2712 3911 2876 3965 αὐτὸν
2897 3913 2977 3976 εἰς
3004 3910 3275 3976 συλλαϐὰς
3297 3911 3401 3982 μὲν
3423 3912 3701 3982 τέσσαρας,

2121 4002 2364 4070 στοιχεῖα
2400 4000 2456 4055 δὲ
2493 4003 2810 4074 τριάκοντα,
2853 4005 2948 4058 καὶ
2991 4004 3083 4058 τὸν
3123 4005 3345 4059 πάντων
3388 4006 3600 4075 Κύριον
3628 4005 3704 4056 τὶν

2117 4089 2487 4163 ἐστερεωκότα
2528 4095 2659 4160 τοὺς
2713 4097 2978 4168 οὐρανοὺς
3031 4099 3112 4162 εἰς
3142 4099 3183 4151 Ω
3217 4099 3264 4151 II
3298 4098 3700 4166 Ε’κατὰγοντος

2114 4183 2368 4255 ἀριθμὸν,
2413 4186 2616 4256 ὁμοίως
2666 4187 2743 4257 τῷ
2810 4187 3107 4261 ἁλφαὸήτῳ
3157 4190 3324 4244 αὑτὸν
3385 4193 3642 4260 γεγονότα
3663 4192 3697 4252 ³,

2119 4276 2299 4329 πάντα
2323 4279 2605 4349 χωροῦντα
2635 4281 2874 4352 Πατέρα,
2906 4281 3191 4355 axem—.0»;
3212 4283 3270 4336 se
3293 4285 3613 4356 ὑπάρχοντα
3633 4285 3700 4346 εἰς

2111 4370 2369 4441 τετράδα,
2403 4373 2497 4425 καὶ
2517 4372 2766 4442 ὀγδοάδα,
2794 4375 2886 4428 καὶ
2915 4375 3135 4439 δεκάδα,
3159 4378 3254 4430 καὶ
3280 4376 3562 4432 δωδεκάδα
3582 4379 3701 4430 ὑπο·

417 4453 708 4518 hendatur,
756 4453 811 4507 in
846 4454 1134 4518 tetradem,
1168 4457 1491 4527 ogdoadem,
1538 4437 1796 4516 decadem
1835 4437 1968 4519 dede

2167 4463 2468 4535 ερίζοντος;
2501 4467 2612 4521 Καὶ
2646 4467 2736 4522 διὰ
2767 4469 2874 4523 τῶν
2913 4470 3170 4525 τοιούτων
3204 4472 3698 4543 πολυπλασιασμὲιν

412 4543 712 4614 eademque
745 4545 1060 4617 distinguis.
1095 4547 1311 4618 Quique
1349 4549 1450 4604 hac
1494 4551 1893 4622 multiplicandi
1936 4546 2002 4608 li-

413 4634 590 4688 centia
626 4635 730 4690 hoc
760 4635 961 4706 ipsum,
998 4639 1146 4708 quod
1184 4640 1240 4694 in
1268 4639 1430 4697 Patre
1457 4657 1559 4697 nec
1590 4645 1854 4715 explicari
1880 4665 2001 4703 ver-

413 4724 516 4792 bis,
553 4742 655 4782 nec
698 4729 882 4783 animo
930 4731 1142 4802 concipi
1199 4748 1362 4802 posse
1412 4736 1696 4806 praedicas,
1751 4729 2013 4796 oratione.

413 4817 695 4886 declaras;
728 4829 784 4876 et
819 4838 980 4893 quem
1013 4827 1263 4894 corporis
1290 4837 1609 4899 natumque
1643 4829 1782 4887 facis
1809 4849 2002 4902 exper-

414 4917 558 4974 tem,
597 4911 716 4980 ejus
754 4922 808 4968 et
851 4923 1104 4970 naturam
1140 4925 1194 4972 et
1239 4919 1604 4976 substantiam
1639 4924 1889 4994 pluribus
1931 4944 1997 4981 ex

411 4999 591 5063 lineis,
626 5019 856 5072 quarum
905 5008 1024 5062 alia;
1060 5024 1126 5063 ex
1181 5011 1304 5066 aliis
1343 5014 1659 5084 gignantur.
1712 5032 2000 5089 coagmen-

413 5094 517 5146 tari
562 5093 809 5164 disputas
845 5118 857 5153 :
892 5100 947 5154 in
979 5116 1088 5171 quo
1137 5119 1407 5174 suprema:
1452 5109 1671 5164 virtutis
1717 5111 1864 5166 illius
1895 5113 1996 5168 fal-

408 5186 690 5242 sissimum
733 5196 787 5244 te
832 5189 1104 5248 Daedalum
1159 5212 1224 5250 ac
1271 5200 1568 5268 pessimum
1608 5202 1994 5261 fabricatorcm

406 5295 532 5336 esse
557 5292 978 5341 commonstras.
1003 5286 1102 5353 Qui
1118 5291 1362 5348 eamdem
1382 5295 1654 5363 virtutem,
1675 5313 1838 5370 quam
1855 5300 1996 5355 indi-

479 5436 656 5529 lFot-
681 5441 1014 5529 ἐκφεῦνησεν·
1090 5447 1229 5519 ’τρο
1267 5453 1457 5529 μικρά.
1530 5455 1721 5529 ε
1751 5459 1912 5529 μόνος

2167 5466 2316 5520 ωλον.
2384 5471 2406 5498 δ
2435 5467 2575 5524 lrcn.
2609 5469 2792 5524 αὐτόν.

407 5507 522 5563 Καὶ
573 5511 736 5566 αὑτὸν
764 5507 856 5569 τὸν
894 5507 1072 5572 nivea
1102 5507 1238 5593 χίιῖρ.
1267 5507 1278 5522 ’
1317 5525 1336 5554 ⁸
1370 5507 1510 5581 lt'en.

2111 4556 2172 4608 τὸ
2200 4557 2441 4629 ἄρῤητον
2474 4559 2568 4614 καὶ
2612 4562 2953 4633 ἀνεννόητον,
2979 4562 3054 4628 ὡς
3085 4566 3150 4619 σὺ
3181 4565 3311 4635 φῂς,
3356 4564 3448 4618 τοῦ
3495 4566 3698 4636 Πατρὶς

2111 4651 2556 4725 ὲκδιηγουμένου,
2590 4655 2685 4709 καὶ
2714 4656 2772 4710 ὃν
2797 4657 3086 4728 ἀσώματον
3116 4659 3212 4713 καὶ
3237 4658 3489 4712 ἀνούσιον
3513 4660 3696 4728 ὀνομά-

2111 4745 2244 4810 ζεις,
2271 4747 2372 4817 τὴν
2397 4747 2589 4802 τούτου
2617 4749 2804 4803 ούσίαν
2836 4751 2929 4804 καὶ
2957 4751 3057 4824 τὴν
3081 4751 3388 4806 ὑπόστασιν
3408 4754 3470 4805 ἐκ

2110 4840 2458 4911 γραμμάτων
2498 4841 2700 4914 ἑτέρων
2751 4843 2812 4908 ἐξ
2868 4832 3487 4918 ἐτέρων’γεννωμὲνων
3539 4864 3689 4899 κατα-

2110 4931 2416 4998 σκευάζεις,
2449 4933 2613 4998 αὐτὸς
2643 4935 2901 5000 Δαίδαλος
2920 4936 3143 5010 ψευδὴς,
3177 4940 3273 4992 καὶ
3300 4938 3512 4992 τέκτων
3540 4940 3691 5000 κατὰ

2107 5024 2397 5093 γενόμενος
2443 5027 2542 5098 τῆς
2578 5031 3107 5102 προπανυπερτάτου
3154 5030 3456 5101 δυνάμεως,
3501 5032 3598 5083 καὶ
3632 5033 3686 5098 ἣν

2106 5117 2401 5189 ἀμέριστον
2447 5120 2554 5191 φῂς
2587 5117 2727 5175 εἶναι
2779 5125 2859 5187 εἰς
2893 5124 3163 5192 ἀφώνους,
3214 5125 3308 5178 καὶ
3363 5127 3687 5194 φωνήεντας,

2105 5210 2201 5262 καὶ
2234 5211 2546 5282 ήμιφὼνους
2585 5213 2859 5284 φθόγγους
2893 5216 3246 5288 ὑπομερεζων
3274 5219 3337 5270 τὸ
3360 5219 3575 5285 ἄφωνον
3601 5220 3687 5270 αἰν-

2104 5302 2214 5357 τῶν
2242 5303 2321 5375 τῷ
2353 5303 2461 5358 τῶν
2498 5307 2714 5362 πάντων
2749 5309 2946 5381 Πατρὶ,
2974 5309 3067 5363 καὶ
3091 5312 3158 5380 τῇ
3189 5311 3285 5364 τοῦ
3320 5310 3438 5364 1⁸ἱοῦ
3469 5312 3492 5340 ⁶
3521 5309 3686 5379 ἐννοίᾳ

2871 5469 2891 5501 ⁸
2923 5469 3062 5525 lren.
3087 5471 3381 5543 ἀλφαὸἠτῳ
3406 5471 3682 5540 γεγονότα.

479 5663 1072 5769 εῗὲ)ηὲῐεαίῖῖέηῖῑεέδς
1105 5675 1206 5769 ,ξδ
1255 5677 1576 5769 difﬂetis:
1604 5680 1723 5737 Vet-
1773 5685 1968 5755 ίιιιθνρι

2173 5687 2280 5745 isse
2323 5690 2555 5748 videtur.
2593 5691 2670 5757 ὡς
2700 5693 2762 5748 τὸ
2794 5694 2915 5766 ἀπ,
2964 5696 3072 5766 sed
3100 5712 3171 5753 ne
3199 5698 3277 5755 sic
3304 5696 3522 5769 quidem
3557 5701 3681 5754 satis

1209 5788 1224 5816 ,
1277 5766 1439 5819 quam
1493 5759 1769 5827 utcunque
1813 5758 2224 5829 perpolivituus.
