3844 6310
427 301 533 355 607

1866 304 1922 362 S.
1967 301 2307 360 ΕΡΙΡΗΑΝΠ

3649 293 3767 351 ωε

501 421 609 478 Sed
655 428 710 477 et
756 421 914 479 aliter
961 423 1069 480 ista
1120 424 1426 500 declarant,
1471 427 1621 499 quod
1669 444 1778 483 non
1815 427 2019 501 pigebit

2193 427 2307 481 Οὐκ
2335 426 2553 498 ὀκνήσω
2580 425 2639 479 δέ
2667 442 2749 478 σοι
2775 424 2870 479 καὶ
2907 422 3082 486 ἄλλως
3120 417 3516 490 ἐξηγουμένων
3558 415 3764 469 αὐτῶν

428 529 706 583 exponere
727 557 742 580 ,
767 525 826 571 ut
848 517 1158 586 cuiusmodi
1185 519 1257 574 sit
1285 520 1504 576 illorum
1538 521 1751 579 fructus
1779 536 1847 576 ex
1869 521 2018 576 omni

430 616 589 676 parte
637 622 960 677 cognoscas.
1017 611 1235 667 Etenim
1266 611 1328 666 H'
1357 615 1690 670 elementum
1732 629 1856 670 cum
1900 615 2018 686 epi-

432 712 608 766 semo,
664 701 1009 755 octonarium
1060 719 1185 759 esse
1220 708 1450 770 volunt.
1493 707 1638 777 quod
1690 715 1944 762 octavum
1988 723 2020 762 a

434 790 613 860 prima
664 791 844 846 littera
896 795 1078 849 locum
1143 796 1327 852 habet.
1381 797 1512 854 lude
1568 799 1776 854 omisso
1826 813 2020 855 rursus

433 882 700 952 episemo,
731 885 794 955 [et
842 886 1084 958 ipsorum
1128 890 1524 946 elementorum
1558 890 1719 962 247
1750 890 2020 947 subducto

437 991 668 1032 numero
708 986 872 1048 atque
911 981 1218 1050 composito
1259 999 1432 1054 usque
1477 985 1546 1039 ad
1591 993 1735 1049 octo,
1784 984 2022 1040 tricena-

437 1070 578 1124 rium
605 1071 912 1141 perﬁciunt.
944 1071 1081 1126 Nam
1112 1075 1206 1144 qui
1228 1076 1298 1130 ab
1321 1078 1379 1128 A’
1411 1076 1662 1145 cmperit,
1683 1083 1739 1130 et.
1767 1075 1821 1130 in
1853 1077 1901 1129 Η
1925 1076 2022 1132 de-

439 1163 616 1228 sierit,
646 1164 916 1220 elementa
953 1169 1318 1232 numerando,
1352 1169 1570 1238 dempta
1600 1175 1780 1225 tamen
1817 1169 2018 1224 senarii

438 1261 593 1316 nota,
628 1268 692 1308 ac
724 1242 1031 1311 littera/rum
1063 1258 1117 1311 in
1146 1275 1314 1313 unum
1353 1260 1742 1330 progressione
1763 1260 2017 1328 conﬂata,

439 1345 664 1416 triginta
708 1349 964 1418 reperiet.
996 1347 1271 1416 Quoniam
1305 1351 1373 1406 ad
1403 1353 1455 1404 E'
1494 1368 1672 1422 usque
1698 1369 1768 1408 xv
1798 1369 2023 1409 οοιιευτι

440 1444 596 1504 gunt.
620 1437 718 1493 His
748 1439 1009 1510 adjuncta
1033 1457 1129 1501 vn.
1161 1459 1272 1498 χχιι
1305 1441 1535 1499 faciunt.
1568 1442 1777 1510 Quibus
1802 1445 1884 1510 Ην,
1917 1445 2022 1500 hoc

439 1531 526 1580 est
550 1535 696 1591 octo,
719 1528 763 1584 si
797 1533 1153 1598 accesserint,
1184 1532 1559 1589 admirabilem
1592 1534 1743 1588 illum
1783 1536 2022 1590 tricena-

441 1620 580 1673 riem
635 1621 957 1693 implebunt.
1018 1624 1157 1681 Hinc
1207 1626 1446 1682 Eonum
1509 1627 1732 1698 triginta
1793 1636 2020 1684 matrem

438 1707 753 1780 Ogdoadem
787 1718 1151 1772 constituunt.
1182 1718 1250 1773 Et
1282 1721 1538 1790 quoniam
1589 1719 1765 1776 tribus
1793 1719 2019 1775 Virtuti—

438 1801 543 1857 bus
595 1805 926 1862 tricenarius
974 1811 1346 1878 componitur,
1412 1820 1496 1865 ter
1536 1811 1591 1865 in
1651 1827 1774 1867 sese
1821 1812 2020 1869 ductus

441 1895 738 1966 nonaginta
763 1899 1036 1968 producit.
1058 1900 1168 1954 Ter
1196 1901 1342 1956 enim
1370 1902 1593 1972 triginta
1625 1904 1691 1958 ad
1725 1905 2020 1976 nonaginta

437 1986 784 2054 perveniunt.
828 1987 932 2043 Sed
961 1997 1016 2043 et
1053 1990 1327 2046 ternarius
1374 2007 1593 2062 quoque
1621 1993 1821 2049 ductus
1861 1996 1915 2050 in
1963 2009 2024 2052 se

436 2091 633 2131 novem
677 2077 857 2134 cilicii.
903 2079 995 2136 Sic
1023 2081 1240 2152 Ogdoas
1287 2099 1410 2138 xcrx
1453 2101 1742 2140 numerum
1789 2087 1932 2157 apud
1965 2088 2026 2143 il-

437 2164 522 2219 los
576 2167 806 2235 peperit.
853 2169 1100 2240 Cumque
1155 2171 1516 2231 duodecimus
1556 2174 1701 2231 rEon
1763 2177 2023 2234 deﬁciens

438 2273 662 2314 sursum
706 2275 759 2314 xu
795 2261 1100 2332 reliquerit,
1149 2266 1204 2320 in
1236 2265 1435 2335 Λόγου,
1487 2268 1592 2324 hoc
1624 2278 1709 2326 est
1737 2270 1920 2336 Verbi,
1958 2273 2024 2327 ii-

437 2364 574 2420 gura
621 2360 1050 2409 consentaneam
1092 2356 1396 2413 litterarum
1448 2357 1683 2415 formam
1721 2346 2023 2418 adhibitam

438 2449 654 2511 putant.
693 2441 904 2498 Etenim
942 2447 1233 2505 undecima
1267 2452 1462 2509 ordine
1487 2454 1793 2509 litterarum
1838 2464 1922 2512 est
1954 2459 2020 2524 A,

437 2535 532 2604 qui
580 2535 908 2594 tricenarius
953 2547 1037 2595 est
1067 2557 1350 2610 numerus,
1386 2555 1441 2600 et
1485 2547 1552 2602 ad
1590 2549 1869 2620 exemplar
1911 2566 2026 2607 cce-

436 2625 595 2681 }estis
631 2628 989 2698 providentia:
1035 2634 1233 2702 posita.
1272 2634 1730 2709 Quandoquidem
1771 2642 1816 2696 si
1866 2648 1936 2697 ab
1966 2643 2024 2695 Αι

436 2719 502 2774 ad
529 2717 588 2772 A'
622 2736 816 2792 usque,
850 2722 1074 2794 dempto
1111 2733 1290 2782 tamen
1336 2730 1602 2799 episemo,
1634 2734 1899 2790 continua
1939 2736 2026 2790 lit-

437 2821 675 2868 terarum
711 2817 989 2872 additione
1023 2834 1311 2875 numerum
1347 2837 1538 2878 carum
1583 2825 1832 2897 colligas,
1876 2842 2028 2883 com-

438 2901 712 2969 prehenso
743 2904 906 2960 simul
934 2908 981 2959 A
1013 2910 1310 2982 nonaginta
1350 2927 1542 2968 novem
1584 2916 1876 2984 prodeunt.
1907 2919 2025 2974 Ca:-

437 3001 614 3049 terum
652 2997 699 3050 A
757 2997 936 3068 ipsum
977 3001 1124 3070 quod
1173 3003 1367 3059 ordine
1408 3015 1492 3062 est
1535 3007 1908 3077 undecimum,
1958 3013 2024 3066 ad

2121 519 2474 588 ἀπαγγεῖλαι,
2511 518 2598 572 ἵνα
2627 516 2969 588 πανταχόθεν
3001 514 3347 584 κατανοήσῃς
3368 511 3463 564 τὸν
3510 506 3762 578 καρπὸν

2119 611 2322 666 αὐτῶν.
2363 609 2436 664 Τὸ
2466 610 2574 683 γὰρ
2605 612 2868 681 στοιχεῖον
2896 608 2957 662 τὸ
2985 608 3033 660 Η
3064 606 3172 676 (⁸50)
3208 606 3305 657 σὺν
3348 604 3444 675 μὲν
3481 601 3587 672 τῷ
3629 601 3762 653 ἐπι-

2121 704 2282 774 σήμῳ
2305 701 2532 771 ὀγδοάδα
2564 697 2701 755 εἶναι
2731 699 2975 753 θέλουσιν
3007 697 3116 751 ἀπὸ
3146 696 3239 750 τοῦ
3270 693 3498 768 πρώτου
3540 689 3759 759 ὀγδόου

2123 795 2373 865 κείμενον
2400 792 2566 847 τόπου
2591 794 2630 847 ¹.
2664 787 2800 845 Εἶτα
2828 789 2988 844 πάλιν
3022 788 3153 842 ἄνευ
3187 786 3280 840 τοῦ
3306 786 3616 856 ἐπισήμου
3651 780 3764 849 ψη*

2122 886 2370 958 φίζοντες
2401 887 2494 942 τὸν
2528 885 2762 958 ἀριθμὸν
2789 881 2973 937 αὐτῶν
2997 882 3105 936 τῶν
3134 879 3436 950 στοιχείων,
3475 875 3599 928 καὶ
3630 875 3758 924 ἐπιο

2123 977 2406 1038 συνθέντες
2427 979 2587 1049 μέχρι
2608 976 2702 1030 τοῦ
2728 977 2812 1038 Η’,
2836 974 2933 1046 τὴν
2953 972 3317 1044 τριακοντάδα
3339 966 3754 1023 ἐπιδεικνύου-

2123 1087 2227 1126 σιν.
2260 1070 2592 1142 Ἀρξάμενος
2607 1070 2716 1142 γὰρ
2741 1068 2849 1122 ἀπὸ
2868 1066 2964 1120 τοῦ
2991 1065 3192 1134 Ἀλφα,
3220 1062 3317 1116 καὶ
3334 1056 3754 1123 celsa-ulmei;

2121 1163 2182 1216 τὸ
2209 1163 2276 1226 Η,
2315 1161 2396 1233 τῷ
2436 1159 2656 1233 ἀριθμῴ
2686 1159 2796 1214 τῶν
2826 1157 3124 1229 στοιχείων,
3157 1149 3662 1223 ὑπεξαιρούμενος
3690 1148 3756 1200 δὲ

2121 1255 2184 1307 τὸ
2221 1253 2515 1324 ἐπίσημον,
2561 1254 2655 1308 καὶ
2705 1250 3075 1312 ἐπισυντιθεὶς
3116 1246 3216 1318 τὴν
3259 1243 3581 1313 ἐπαύξησιν
3629 1237 3753 1292 τῶν

2123 1345 2487 1417 γραμμάτων,
2545 1345 2766 1416 εὑρήσει
2817 1341 2908 1396 τὸν
2954 1340 3064 1394 τῶν
3106 1338 3406 1412 τριάκοντα
3451 1330 3747 1406 ἀριθμόν.

2122 1437 2301 1509 Μέχρι
2329 1436 2439 1508 γὰρ
2467 1437 2558 1489 τοῦ
2585 1435 2639 1488 Θ¹
2664 1438 2684 1467 ³
2712 1433 2977 1504 στοιχείου
3009 1429 3402 1485 πεντεκαίδεκα
3440 1427 3747 1496 γίνονται.

2127 1530 2360 1582 Ἔπειτα
2397 1527 2718 1600 προστεθεὶς
2750 1527 2934 1590 αὐτοῖς
2967 1526 2996 1579 6
3027 1523 3137 1578 τῶν
3166 1522 3308 1576 ἑπτὰ
3357 1517 3642 1590 ἀριθμὸς,
3689 1514 3747 1566 θ’

2123 1623 2222 1676 καὶ
2242 1623 2306 1675 Κ¹
2341 1620 2655 1675 ἀπετέλεσε.
2699 1615 3020 1700 Προσελθὼν
3050 1614 3259 1678 τούτοις
3288 1611 3349 1666 τὸ
3379 1613 3462 1674 H’,
3496 1611 3534 1664 ὃ
3578 1611 3746 1661 ἐστιν

2123 1712 2290 1773 ὀκτὼ.
2321 1714 2419 1785 τὴν
2453 1712 2911 1784 θαυμασιωτάτην
2936 1707 3298 1783 τριακοντάδα
3325 1703 3742 1775 ἀνεπλήρωσε.

2054 1776 2094 1832 Β
2123 1806 2233 1859 Καὶ
2263 1776 2517 1859 ἐντεῦθεν
2544 1776 3087 1873 άποδεικνύουσιτὴν
3111 1798 3341 1868 ὀγδοάδα
3366 1795 3598 1869 μητέρα
3622 1792 3745 1846 τῶν

2121 1898 2416 1969 τριάκοντα
2440 1893 2672 1951 αἰώνων.
2706 1894 2858 1947 Ἐπεὶ
2880 1886 2973 1947 οὖν
3000 1893 3058 1944 ἐν
3077 1887 3404 1963 τριάκοντα³
3424 1885 3746 1955 δυνάμεων

2123 1985 2330 2055 ἥνωται
2351 1986 2380 2037 6
2400 1984 2509 2037 τῶν
2537 1982 2594 2037 Λ¹
2623 1983 2872 2055 ἀριθμὸς,
2902 1983 3055 2054 τρεῖς
3072 1981 3092 2012 ⁸
3119 1979 3284 2042 αὐτὸς
3307 1975 3647 2047 γενόμενος,
3669 1972 3746 2024 τὰ

2126 2077 2443 2147 ἐνενήκοντα
2469 2077 2712 2147 ἐποίησε.
2737 2077 2897 2146 Τρεῖς
2918 2076 3028 2146 γὰρ
3051 2072 3341 2146 τριάκοντα
3362 2070 3738 2140 ἐνενήκοντα.

2125 2168 2235 2221 Καὶ
2264 2169 2402 2242 αὐτὴ
2429 2169 2486 2222 δὲ
2518 2171 2550 2239 ὴ
2581 2169 2760 2240 τριὰς,
2794 2170 2878 2236 ἐφ’
2921 2166 3126 2242 ἑαυτῆς
3173 2163 3516 2225 συντεθεῖσα,
3565 2158 3738 2213 ἐννέα

2126 2260 2436 2332 ἐγέννησεν.
2469 2260 2626 2314 Οῢτω
2651 2260 2708 2313 δέ
2745 2263 2778 2331 ἡ
2826 2259 3019 2328 ὀγδοὰς
3045 2259 3143 2328 τῆς
3186 2257 3295 2309 τῶν
3333 2253 3539 2309 ἐννέα³
3593 2249 3737 2321 παρ’

2125 2355 2309 2417 αὐτοῖς
2356 2353 2668 2424 ἀπεκύησεν
2711 2351 2966 2425 ἀριθμόν.
3014 2351 3124 2404 Καὶ
3169 2348 3292 2402 ἐπεὶ
3334 2349 3362 2400 6
3407 2346 3736 2410 δωδέκατος

2126 2444 2271 2499 Αίὼν
2304 2445 2550 2508 ἀποστὰς
2577 2442 2863 2513 κατέλειψε
2892 2443 3017 2506 τοὺς
3046 2441 3160 2495 ἄνω
3193 2440 3213 2472 ⁶
3249 2436 3465 2501 ἕνδεκα,
3508 2437 3735 2491 κατάλ-

2126 2538 2287 2610 ληλον
2315 2538 2532 2607 λέγουσι
2557 2537 2646 2590 τὸν
2667 2536 2837 2590 τύπον
2864 2535 2974 2589 τῶν
2999 2534 3344 2605 γραμμάτων
3363 2531 3444 2603 τῷ
3467 2532 3734 2603 σχήματι

2128 2630 2221 2684 τοῦ
2254 2627 2428 2700 Ᾱὸγου
2468 2630 2701 2685 κεῖσθαι.
2749 2629 3063 2683 Ἐνδέκατον
3093 2626 3202 2700 γὰρ
3234 2625 3344 2679 τῶν
3368 2623 3737 2696 γραμμάτων

2128 2727 2305 2777 κεῖται
2338 2722 2400 2774 τὸ
2426 2723 2506 2788 Λ’,
2531 2723 2560 2775 ὅ
2583 2723 2726 2775 ἐστιν
2754 2720 2987 2792 ἀριθμὸς
3017 2717 3126 2771 τῶν
3151 2716 3230 2780 A',
3260 2717 3353 2770 καὶ
3382 2716 3506 2769 κατ’
3533 2714 3733 2768 εἰκόνα

2128 2815 2361 2874 κεῖσθαι,
2395 2817 2492 2886 τῆς
2511 2814 2622 2868 άνω
2645 2813 2978 2883 οἰκονομίας.
3026 2809 3242 2881 Ἐπειδὴ
3277 2809 3385 2864 ἀπὸ
3410 2807 3506 2861 τοῦ
3541 2807 3736 2875 Ἄλφα

2128 2906 2298 2977 χωρὶς
2319 2904 2412 2958 τοῦ
2433 2905 2706 2976 ἐπισήμου
2733 2903 2910 2958 αὐτῶν
2933 2901 3040 2956 τῶν
3065 2901 3408 2973 γραμμάτων
3427 2902 3456 2952 6
3479 2897 3733 2970 ἀριθμὸς

2129 3001 2233 3061 ἕως
2262 2997 2354 3052 τοῦ
2399 2996 2456 3051 Λ¹
2491 2996 2871 3066 συντιθέμενος
2909 2993 3051 3048 κατὰ
3088 2993 3185 3066 τὴν
3219 2991 3578 3063 παραύξησιν
3618 2987 3733 3043 τῶν

439 3088 797 3156 ιιιιωτοηύυῐι]
826 3091 910 3144 sui
942 3092 1122 3148 simile
1143 3093 1516 3163 descendisse,
1548 3109 1607 3154 ut
1638 3101 2022 3158 duodecimum

2141 3090 2475 3162 γραμμάτων
2507 3091 2602 3143 σὺν
2629 3087 2780 3158 αὐτῷ
2801 3088 2878 3157 τῷ
2899 3089 2956 3141 A'
2977 3088 3068 3140 τὸν
3096 3086 3205 3140 τῶν
3233 3082 3728 3156 ἐνενηκονταεννέα

439 3177 689 3247 impleret
717 3199 730 3234 :
763 3179 927 3251 idque
966 3197 1031 3238 eo
1063 3193 1282 3256 reperto
1318 3199 1676 3245 consecutum
1712 3209 1854 3258 esse,
1885 3196 2022 3250 satis

437 3269 610 3339 ipsam
658 3272 912 3329 elementi
939 3274 1167 3346 ﬁguram
1204 3293 1456 3350 arguere.
1496 3280 1708 3355 Quippe
1740 3287 1785 3339 A
1822 3287 1890 3341 ad
1936 3290 2024 3344 sui

438 3361 637 3417 similis
670 3363 1080 3434 inquisitionem
1111 3371 1428 3438 adveniens,
1461 3393 1582 3430 cum
1616 3378 1748 3432 illud
1783 3380 2024 3438 invenis-

437 3461 542 3516 set,
574 3465 627 3508 et
654 3454 721 3509 ad
754 3472 874 3512 sese
916 3460 1213 3530 rapuisset,
1244 3464 1556 3521 duodecimi
1602 3469 1782 3524 locum
1830 3472 2024 3544 imple-

439 3545 537 3599 vit.
572 3545 728 3602 Unde
767 3557 820 3604 et
854 3549 902 3603 M
951 3562 1206 3608 asserunt
1245 3571 1310 3610 ex
1342 3557 1547 3629 duplici
1582 3563 1673 3616 ΛΛ
1721 3579 1844 3620 esse
1891 3581 2024 3621 con-

437 3643 668 3692 textum.
714 3637 1119 3711 Proptercaque
1167 3646 1466 3716 nonaginta
1517 3664 1712 3704 novem
1745 3653 2021 3724 regionem

441 3728 589 3798 ipsos
616 3725 925 3798 cognitione
965 3733 1170 3806 fugere,
1207 3736 1480 3793 defectum
1523 3740 1755 3808 scilicet,
1788 3758 1852 3798 ac
1883 3744 2022 3799 sini-

437 3827 568 3875 strae
598 3838 793 3879 manus
829 3825 1092 3895 ﬁguram:
1127 3845 1297 3884 unum
1341 3846 1470 3886 vero
1509 3836 1841 3899 consectari,
1875 3837 2022 3906 quod

440 3914 508 3967 ad
536 3929 676 3971 xcrx'
697 3917 941 3974 additum
983 3922 1231 3978 dextram
1265 3923 1414 3995 ipsos
1441 3925 1506 3980 ad
1531 3942 1751 3982 manum
1781 3937 2026 3985 transtu-

441 4009 586 4065 lerit.

513 4276 652 4331 Xlll.
694 4279 828 4333 Cum
884 4291 942 4336 tu
979 4283 1104 4349 ista,
1161 4284 1520 4343 cbarissime!
1559 4306 1868 4359 percurrcs,
1913 4311 2020 4350 non

2129 3187 2364 3237 ποιεῖται
2399 3181 2652 3254 ἀριθμόν.
2685 3182 2808 3234 ’Ὁτι
2835 3181 2891 3234 δὲ
2912 3181 2973 3234 τὸ
2995 3182 3060 3235 Λ⁹
3082 3179 3366 3234 ἑνδέκατον
3393 3178 3455 3232 ὃν
3475 3180 3546 3250 τῇ
3571 3176 3728 3243 τάξει

2128 3278 2222 3330 ἐπὶ
2249 3275 2346 3347 τὴν
2377 3275 2689 3345 τοῦομοίου
2727 3273 2891 3328 αὐτοῦ
2923 3273 3159 3343 κατῆλθε
3189 3271 3440 3344 ζήτησιν,
3470 3272 3564 3324 ἵνα
3599 3273 3730 3325 ἀνα·

2129 3367 2393 3439 πληρώσῃ
2428 3367 2519 3421 τὸν
2552 3367 2854 3421 δωδέκατον
2895 3366 3147 3437 ἀρε-Ἰμδν,
3191 3365 3286 3419 καὶ
3324 3363 3482 3435 εὐρὺν
3534 3363 3723 3422 αὑτὸν.

2129 3461 2444 3533 ἐπληρώθη,
2477 3462 2708 3533 φανερὸν
2738 3457 2878 3514 εἶναι
2909 3461 2966 3526 ἐξ
2994 3459 3160 3512 αὑτοῦ
3184 3459 3279 3514 τοῦ
3315 3461 3607 3530 σχήματος
3630 3455 3724 3510 τοῦ

2133 3556 2416 3626 στοιχείου.
2450 3555 2522 3607 Τὸ
2545 3554 2653 3625 γὰρ
2681 3557 2736 3608 A'
2761 3553 2948 3625 ὥσπερ
2977 3554 3070 3606 ἐπὶ
3097 3553 3196 3623 τὴν
3224 3551 3316 3606 τοῦ
3349 3551 3540 3622 ὁμοίου
3574 3549 3724 3620 αύτῷ

2112 3650 2362 3720 ,ζήτησιν
2409 3642 2876 3720 παραγενόμενον,
2923 3647 3017 3698 καὶ
3058 3644 3239 3716 εὐρὺν,
3287 3644 3380 3696 καὶ
3413 3645 3494 3706 εἰς
3523 3642 3723 3696 ἑαυτὸν

2131 3741 2386 3812 ἁρπάσαν
2410 3740 2592 3802 αὑτὸν,
2625 3738 2725 3810 τὴν
2761 3736 2854 3790 τοῦ
2893 3736 3196 3790 δωδεκάτου
3231 3735 3594 3805 ἀνεπλήρωσε
3619 3731 3722 3802 χώ-

2134 3851 2254 3906 ραν,
2281 3833 2374 3886 τοῦ
2399 3833 2465 3885 Μ’
2508 3821 2770 3902 στοιχείου
2797 3832 2860 3883 ἐκ
2883 3830 2975 3882 δύο
2999 3826 3055 3882 Λ⁹
3091 3827 3472 3898 συγκειμένου.
3506 3827 3610 3880 Διὸ
3633 3824 3722 3879 καὶ

2131 3926 2352 3995 φεύγειν
2383 3923 2548 3978 αὐτοῦ
2570 3925 2589 3955 ⁷
2613 3923 2702 3976 διὰ
2731 3923 2828 3994 τῆς
2849 3920 3104 3990 γνώσεως
3125 3919 3222 3991 τὴν
3245 3918 3354 3973 τῶν
3399 3918 3485 3987 ιιθι
3508 3918 3715 3992 χώραν,

2128 4017 2374 4070 τουτέστι
2409 4016 2470 4068 τὸ
2503 4015 2786 4086 ὑστέρημα
2816 4014 2926 4082 (51)
2957 4012 3128 4066 τύπον
3171 4012 3466 4084 ἀριστερᾶς
3509 4011 3716 4084 χειρόςο

2135 4107 2488 4181 μεταδιώκειν
2512 4107 2568 4161 δὲ
2591 4108 2652 4160 τὸ
2678 4107 2755 4167 ἓν,
2781 4107 2808 4160 ὃ
2839 4105 3136 4177 προστεθὲν
3155 4108 3267 4168 τοῖς
3296 4106 3716 4174 ἐνενηκονταεν-

2129 4203 2244 4267 νέα,
2278 4205 2358 4265 εἰς
2390 4203 2486 4274 τὴν
2517 4200 2696 4268 δεξιάν
2723 4200 2888 4254 αὑτοῦ
2910 4200 2930 4231 ⁸
2961 4203 3118 4271 χεῖρα
3145 4201 3466 4269 μετέστησε.

2205 4293 2304 4348 Il".
2348 4296 2420 4348 Σὺ
2461 4294 2559 4365 μὲν
2585 4293 2756 4347 ταῦτα
2787 4292 3154 4364 διερχόμενος,
3181 4291 3449 4362 άγαπητὲ,
3482 4285 3542 4343 εὖ
3580 4286 3712 4348 οἶδα.

441 4372 636 4426 dubito
677 4373 809 4443 quin
856 4374 1021 4432 hasce
1067 4378 1396 4436 vanissimas
1427 4382 1659 4454 ineptias
1697 4402 2025 4459 magnopere

2141 4388 2216 4442 ὅτι
2251 4387 2501 4456 γελάσεις
2551 4386 2718 4440 πολλὰ
2753 4386 2850 4456 τὴν
2891 4383 3148 4454 τοιαύτην
3187 4381 3366 4436 αὐτῶν
3401 4381 3714 4454 οἰησίσοφον

517 4534 533 4565 ⁸
569 4533 705 4608 Iren.
740 4535 908 4608 ὀγδόῳ
933 4537 1100 4608 τόπῳ.
1187 4537 1209 4568 ²
1237 4537 1375 4593 lren.
1415 4539 1508 4593 τοῦ
1547 4542 1622 4595 Ε¹.

1703 4543 1723 4573 ³
1763 4543 1902 4599 lren.
1940 4543 2126 4614 τριῶν.
2200 4547 2222 4575 ⁸
2253 4543 2390 4614 lien.
2427 4541 2566 4614 τρίς.

2662 4543 2683 4573 ⁵
2715 4539 2855 4595 lrcn.
2900 4541 3221 4609 ἐνενήκοντα
3276 4539 3450 4593 ἐννέα.
3528 4539 3550 4569 ⁸
3578 4537 3709 4592 lrcn.

444 4605 557 4658 ἄνω
587 4606 734 4671 τούς.
765 4607 827 4660 Ει
856 4605 980 4663 mox
1041 4605 1395 4682 καταλλήλως
1418 4619 1472 4666 et
1501 4614 1559 4665 ἐν
1596 4612 1673 4684 τῷ
1709 4617 1808 4687 σχή
1820 4633 1880 4686 μ.
1959 4605 2025 4668 τί

2141 4658 2149 4670 .
2185 4612 2401 4677 αὐτούς,
2465 4605 2492 4645 δ
2534 4612 2678 4670 Iren.
2709 4611 2925 4675 αὐτούς.

519 4785 632 4907 $50)
678 4787 748 4842 Τὸ
788 4789 900 4859 γὰρ
945 4790 1247 4861 στοιχεῖον
1286 4790 1353 4844 τὸ
1378 4793 1455 4860 ιη.
1495 4791 1764 4860 insignis,
1797 4793 1902 4849 hoc
1941 4803 2028 4850 est

519 4873 722 4907 :O'nuoc
759 4875 1038 4907 numerus-
1068 4870 1152 4907 uel
1183 4877 1258 4907 VI-
1297 4863 1412 4907 sive
1453 4865 1545 4907 (τ’-
1585 4865 1674 4907 Sin
1710 4865 1850 4907 nnml
1876 4863 2020 4907 Hier-

447 4856 722 4927 ἐπίσημος
757 4856 1040 4934 numerus,
1068 4856 1152 4916 est
1183 4877 1259 4926 vI,
1297 4856 1412 4918 sive
1453 4865 1545 4930 ς’.
1585 4856 1852 4934 εἰοᾼιιρυιι
1874 4863 2022 4920 Hier.

446 4931 839 5002 comment._ad
859 4933 999 5000 psal.
1040 4947 1247 4999 Lxxvu,
1282 4948 1441 5002 quem
1470 4934 1648 4988 locum
1678 4931 1884 4989 Fronto
1933 4936 2033 4989 Du-

449 5010 599 5074 caeus
630 5000 697 5051 ad
733 4999 878 5074 Iren.
911 5005 1108 5058 attulit.
1143 4999 1409 5071 Scripium
1434 5015 1533 5068 est,
1577 5006 1773 5074 inquit,
1803 5006 1859 5058 in
1883 5003 2022 5060 Mat-

451 5065 642 5145 tha’o,
665 5080 714 5122 et
753 5071 989 5145 Joanne,
1033 5074 1170 5145 quod
1212 5065 1470 5128 Dominus
1517 5065 1694 5129 noster
1719 5065 1852 5130 hora
1879 5087 2031 5131 sexta

449 5137 746 5217 cruciﬁxus
783 5143 872 5197 sit.
923 5137 1153 5217 Rursum
1184 5147 1434 5217 scriptum
1457 5156 1541 5217 est
1583 5146 1639 5199 in
1667 5145 1876 5209 Marco,
1905 5149 2031 5217 quia

451 5208 590 5284 hora
622 5213 778 5265 tertia
803 5216 1092 5284 cruciﬁxus
1119 5217 1208 5271 sit.
1245 5208 1356 5270 Ηόο
1379 5216 1585 5270 videlur
1613 5233 1724 5272 esse
1747 5208 2032 5282 diversum,

454 5281 546 5357 s_e_d
581 5296 693 5357 non_
729 5291 806 5337 es:
841 5281 1125 5341 diversum.
1166 5285 1342 5357 Error
1363 5288 1678 5357 scriptorum
1719 5289 1842 5357 fuit.
1885 5287 1952 5340 Et
1983 5281 2036 5342 iu

455 5348 646 5426 M_arco
671 5351 804 5408 lwra
826 5366 975 5412 sexta
1002 5357 1124 5425 fuit.
1151 5355 1255 5410 Sed
1278 5359 1430 5410 multi
1468 5348 1754 5426 episemuni
1795 5358 2039 5413 ercum

455 5423 517 5488 c;
547 5432 859 5488 putaverunt
878 5423 1086 5497 essel‘,
1121 5428 1256 5481 sicut
1294 5437 1344 5481 et
1369 5427 1439 5481 ibi
1472 5423 1620 5483 error
1666 5429 1767 5496 fuit
1809 5431 2041 5497 scripto-

457 5508 599 5557 rum,
625 5505 681 5547 ut
730 5511 824 5564 pro
851 5496 1059 5566 Asaph,
1099 5497 1304 5551 Isaiam
1336 5499 1640 5555 scriberent.
1668 5499 1788 5554 Jam
1822 5501 1866 5555 si
1900 5496 2044 5557 litte-

459 5576 553 5617 ras
575 5579 772 5641 omnes
809 5568 1002 5624 ordine
1045 5583 1392 5641 percenseas,
1443 5584 1518 5624 eae
1553 5569 1620 5624 ad
1655 5573 1701 5624 Η
1724 5587 1898 5641 usque
1932 5587 2039 5625 xxx

455 5635 792 5711 coniiciunt,
839 5635 1062 5696 excluso
1108 5639 1358 5695 videlicet
1409 5657 1484 5704 ς,
1532 5656 1653 5711 qua:
1697 5649 1781 5695 est
1812 5635 2040 5696 "senarii

459 5713 593 5779 nota
625 5723 638 5759 :
672 5709 718 5762 li
746 5724 907 5779 porro
939 5712 993 5766 in
1045 5711 1346 5766 litterarum
1389 5712 1530 5767 serie
1554 5709 1821 5765 octavum
1859 5712 2038 5766 locum

457 5772 693 5846 obtinet,
730 5772 778 5837 si
826 5799 862 5847 ς
899 5782 1198 5854 adieceris,
1229 5781 1450 5853 dempto
1481 5797 1546 5836 eo
1577 5782 1888 5851 septimum.
1932 5781 2036 5838 Sed

2137 4803 2195 4850 ut
2223 4795 2290 4851 ad
2317 4795 2622 4871 episemum
2657 4790 2908 4871 redeam;
2940 4791 3162 4871 proprie
3195 4789 3464 4871 ἐπίσημον
3501 4786 3710 4871 insigne

2131 4875 2216 4921 est
2243 4905 2260 4929 ,
2306 4858 2420 4921 si've
2461 4874 2587 4918 nota
2619 4862 2823 4920 senarii
2855 4858 3070 4916 nuineri
3091 4901 3107 4924 ,
3142 4860 3244 4914 hoc
3273 4858 3359 4914 est
3389 4858 3560 4929 ﬁgura
3605 4862 3709 4929 ipsa

2132 4953 2204 5002 ςτ
2250 4928 2322 4991 de
2371 4952 2480 5006 quo
2513 4934 2636 5006 vide
2669 4950 2791 5003 quae
2826 4931 3069 5006 Scaliger
3124 4932 3378 4986 observat
3424 4932 3479 4983 in
3523 4928 3707 5006 Euge.

2130 5024 2185 5090 ρ.
2237 5007 2354 5062 105.
2390 5003 2474 5060 “Αι
2523 5005 2762 5090 l'renacus
2814 5005 3087 5090 ἐπίσημον
3134 5016 3427 5090 numerum
3458 5003 3710 5090 appellat

2130 5072 2351 5146 ipsum,
2404 5075 2552 5147 quod
2599 5076 2864 5152 episemon
2911 5072 3080 5128 Vetus
3133 5073 3402 5141 interpres
3458 5072 3705 5152 reddidit.

2127 5148 2240 5204 Nos
2290 5150 2548 5219 insignem
2597 5147 3278 5223 nominare_possutuus§
3334 5157 3459 5222 nam
3517 5147 3708 5212 insigne

2137 5228 2322 5274 notam
2364 5213 2428 5273 ac
2475 5213 3017 5292 liguram‘signiﬁcat
3045 5233 3063 5292 :_
3088 5213 3231 5269 unde
3262 5213 3495 5292 insignis
3528 5228 3708 5266 nume-

2138 5307 2264 5355 rus,
2313 5291 2404 5360 qui
2441 5287 2674 5360 insigni,
2714 5287 2817 5342 hoc
2847 5295 2933 5342 est
2978 5287 3248 5357 episemo,
3305 5287 3420 5338 sive
3455 5292 3585 5337 nota
3619 5299 3706 5338 ex-

2141 5379 2192 5431 pt
2210 5363 2300 5414 imi
2329 5363 2491 5415 solet.

2211 5433 2322 5501 (3|)
2367 5429 2650 5484 Τουτέστι
2697 5427 2770 5501 τὸ,
2807 5427 3149 5501 ὑστέρημα-.-
3178 5423 3310 5501 ΔΠιῐξο
3356 5439 3424 5478 ex
3466 5420 3610 5501 Beda
3647 5420 3707 5501 υς

2143 5489 2349 5572 loquela
2379 5517 2470 5572 per
2511 5509 2715 5575 gestuin
2762 5489 3050 5568 intelliges:
3089 5496 3189 5575 Ubi
3217 5509 3428 5575 veteres
3456 5493 3615 5546 docet
3651 5489 3704 5543 ad

2144 5568 2267 5628 κείς
2342 5568 2526 5641 usque
2575 5571 2814 5624 sinistra:
2881 5584 3078 5624 manus
3129 5568 3316 5629 digitis
3369 5575 3704 5641 numerasse;

2147 5653 2366 5699 centum
2392 5633 2520 5698 vero
2546 5642 2897 5712 reliquosque
2921 5641 3173 5709 deinceps
3209 5635 3558 5693 centenarios
3598 5633 3706 5688 dex-

2145 5723 2229 5769 tra
2262 5721 2628 5785 computasse.
