3772 6188
104 251 205 306 609

696 243 1065 299 ADVERSUS
1090 242 1447 298 ‘llA‘ZRESES
1485 244 1613 300 LIB.
1655 244 1698 300 1.
1737 242 1902 301 ΤΟΜ.
1943 240 2035 301 lll.
2074 276 2144 287 —-—
2182 240 2456 301 IUERES.
2499 241 2737 303 XXXIV.

3255 243 3365 302 6l0

106 364 338 439 μωρίαν.
376 360 549 426 ’Λξιοι
576 358 631 412 δὲ
659 358 884 422 πένθους
913 360 962 413 οἱ
989 360 1324 433 τηλικαύτην
1351 360 1685 427 θεοσέϐειαν,

1865 362 2059 416 rideas.
2108 358 2214 416 Sed
2281 360 2602 431 deplorandi
2650 360 3008 418 nihilominus
3059 372 3219 429 sunt,
3270 365 3365 434 qui

102 458 196 510 καὶ
224 456 284 507 τὸ
316 451 543 525 μέγεθος
574 452 675 523 τῆς
701 453 944 525 ἀρρήτου
971 452 1274 523 δυνάμεως,
1308 453 1404 506 καὶ
1434 454 1533 517 τὰς
1560 472 1685 507 τοσ-

101 548 273 612 αύτας
320 544 629 615 οἰκονομίας
661 543 754 597 τοῦ
794 543 952 606 Θεοῦ,
990 543 1079 597 διὰ
1109 544 1204 597 τοῦ
1233 543 1431 613 Ἀλφα,
1468 544 1562 598 καὶ
1590 545 1684 600 τοῦ

104 641 284 711 Βῆτα,
327 638 418 691 καὶ
450 637 517 690 δι’
544 635 794 709 ἀριθμῶν
825 634 968 689 οὑτω
1007 633 1230 705 ψυχρῶς
1267 634 1361 687 καὶ
1394 633 1687 705 βεϐιασμέ-

103 745 212 793 νως
250 726 619 796 διασύροντες.
665 727 821 780 Ὅσοι
866 725 925 779 δὲ
956 726 1283 795 ἀφίστανται
1318 725 1419 795 τῆς
1461 725 1688 797 Ἐκκλη-

105 822 249 885 σίας,
293 821 390 875 καὶ
418 819 631 883 τούτοις
679 821 794 882 τοῖς
832 817 1106 890 γραώδεσι
1150 816 1341 887 μύθοις
1385 817 1683 885 πείθονται,

103 912 323 983 ἀληθῶς
366 911 838 981 αὑτοκατάκριτοι*
888 909 982 973 οὒς
1022 910 1051 962 ὁ
1093 909 1302 973 Παῦλος
1335 907 1688 979 ὲγκελεὺεται

104 1006 239 1075 ἡμῖν
265 1003 405 1075 μετὰ
428 1004 556 1075 μίαν
580 1005 670 1057 καὶ
695 1002 952 1075 δευτέραν
977 1004 1258 1057 νουθεσίαν
1281 1002 1683 1075 παραιτεῖσθαι.

117 1094 371 1165 Ἰωάννης
396 1094 452 1147 δὲ
482 1094 510 1146 ὁ
539 1094 629 1147 τοῦ
659 1094 865 1164 Κυρίου
902 1093 1149 1165 μαθητὴς
1189 1094 1429 1146 ἐπέτεινε
1458 1094 1556 1164 τὴν
1589 1110 1689 1146 κα-

104 1186 333 1257 ταδίκην
365 1186 565 1251 αὑτῶν,
600 1187 736 1257 μηδὲ
775 1185 985 1258 χαίρειν
1013 1188 1198 1249 αὑτοῖς
1230 1186 1319 1255 ὑφ’
1351 1185 1502 1256 ὑμῶν
1537 1185 1691 1253 λέγε-

109 1281 232 1333 σθαι
261 1277 566 1350 βουληθείς.
600 1280 652 1331 Ὀ
678 1279 785 1349 γὰρ
805 1279 1001 1348 λέγων
1027 1277 1251 1342 αὐτοῖς,
1276 1278 1430 1349 φησι,
1460 1279 1690 1347 χαίρειν

105 1370 388 1425 κοινωνεῖ
420 1370 547 1436 τοῖς
586 1371 784 1440 ἔργοις
824 1369 1022 1424 αὐτῶν
1059 1369 1185 1435 τοῖς
1227 1369 1530 1436 πονηροῖς.
1581 1368 1690 1421 Καὶ

104 1463 354 1526 εἰκότως.
390 1464 510 1515 Οὐκ
536 1463 668 1516 ἔστι
701 1462 811 1532 γὰρ
836 1462 1065 1530 χαίρειν
1094 1460 1217 1527 τοῖς
1244 1459 1510 1523 ἀσεϐέσι,
1542 1460 1690 1530 λέγει

102 1554 336 1626 Κύριος.
381 1553 625 1618 Ἀσεόεῖς
662 1554 719 1607 δὲ
761 1554 899 1625 ὑπὲρ
947 1554 1126 1606 πᾶσαν
1166 1552 1416 1606 ἀσέϐειαν
1446 1544 1611 1617 οὑτοι,
1642 1555 1690 1605 οἱ

102 1649 196 1702 τὸν
233 1647 468 1719 ποιητὴν
498 1645 728 1718 ούρανοῦ
758 1646 853 1700 καὶ
887 1646 990 1716 γῆς
1032 1646 1190 1717 μόνον
1219 1645 1350 1698 Θεὸν
1380 1645 1687 1717 παντοκρά-

1788 461 1895 508 tam
1932 460 2343 508 sacrosanctam
2368 453 2711 524 religionem,
2744 469 2980 524 vereque
3004 453 3366 524 inexplicabi-

1785 543 1855 599 lis
1887 543 2143 614 potentize
2176 541 2627 613 magnitudinem,
2668 549 2871 596 tantam
2917 540 3151 610 denique
3195 541 3366 596 divini

1787 630 2038 687 Numinis
2071 631 2469 703 providentiam
2513 648 2609 703 per
2638 631 2769 687 illud
2811 648 2969 687 suum
3006 631 3187 701 alpha,
3216 631 3363 697 beta,

1789 735 2126 795 caaterosque
2165 739 2426 780 numeros
2466 730 2575 778 tam
2619 724 2814 794 frigide
2847 723 3224 793 violenterque
3260 730 3369 777 tra.

1790 817 2012 871 ducant.
2044 817 2123 871 Ae
2163 818 2479 888 quicunque
2513 834 2572 873 se
2597 817 2762 888 248
2792 817 2861 871 ab
2898 815 3145 870 Ecclesia
3182 829 3367 884 segre-

1791 916 1941 979 gant,
1971 916 2029 963 ut
2068 910 2134 963 ad
2166 911 2339 965 aniles
2366 909 2531 965 hasce
2562 909 2775 965 fabulas
2811 910 3204 972 adluerescant,
3235 922 3367 961 sane

1792 1000 2111 1070 suometipsi
2144 1000 2352 1069 judicio
2391 1001 2633 1055 damnati
2673 1007 2842 1055 sunt:
2872 1013 3011 1069 quos
3063 997 3365 1053 secundum

1788 1108 1953 1148 unam
2004 1094 2344 1164 alteramque
2396 1094 2797 1164 correptionem
2868 1092 3108 1147 devitarc
3163 1090 3367 1146 Paulus

1791 1180 2044 1234 hortatus
2084 1179 2472 1237 esttloaunes
2504 1197 2635 1237 vero
2667 1180 2873 1236 Christi
2914 1181 3215 1251 discipulus
3259 1193 3369 1233 ma-

1785 1272 1906 1343 jore
1953 1273 2076 1328 illos
2138 1288 2300 1342 poena
2355 1272 2759 1336 condemnavit,
2816 1288 2939 1327 cum
3008 1288 3077 1328 ne
3133 1272 3365 1328 salutari

1791 1364 2008 1435 quidem
2049 1380 2076 1418 a
2105 1366 2267 1421 nobis
2302 1366 2560 1435 patiatur.
2592 1364 2693 1430 Qui
2717 1366 2876 1429 enim,
2900 1365 3099 1436 inquit,
3132 1381 3223 1419 ave
3254 1363 3365 1417 illis

1791 1457 2023 1521 dixerit,
2073 1457 2425 1511 communicat
2487 1455 2732 1526 operibus
2789 1456 3004 1510 illorum
3054 1455 3299 1525 malignis
3321 1454 3364 1508 ³.

1748 1602 1751 1603 ν
1792 1547 1986 1603 Merito
2023 1562 2175 1603 sane.
2220 1548 2401 1619 Neque
2427 1548 2567 1602 enim
2592 1563 2701 1617 pax
2734 1557 2813 1602 est
2854 1548 3053 1617 impiis,
3086 1545 3219 1600 dicit
3262 1544 3369 1599 Do-
3463 1613 3467 1618 .

1792 1639 1976 1694 minus
1999 1639 2041 1692 ⁸.
2088 1637 2157 1692 At
2199 1638 2431 1693 istorum
2474 1638 2729 1708 impietas
2770 1638 3103 1708 impietatem
3149 1651 3365 1692 omnem

100 1756 266 1811 τορα,
296 1739 436 1810 ὑπὲρ
459 1737 517 1791 ὂν
543 1737 702 1802 ἄλλος
731 1738 863 1801 Θεὸς
887 1739 987 1791 οὑκ
1015 1738 1182 1801 ἔστιν,
1216 1737 1274 1803 ἐξ
1296 1739 1691 1809 ὑστερήματος,

1866 1737 2018 1800 perat
2049 1748 2062 1784 :
2089 1731 2180 1800 qui
2210 1730 2333 1783 cteli
2366 1737 2633 1799 termque
2662 1728 3068 1792 fabricatorem,
3101 1743 3163 1782 ac
3190 1729 3365 1783 solum

104 1831 207 1884 καὶ
248 1830 416 1885 αὑτοῦ
455 1830 514 1895 ἐξ
542 1828 702 1884 ἄλλου
734 1830 1113 1901 ὑστερήματος
1144 1830 1447 1898 γεγονότος,
1492 1830 1692 1901 προδε-

102 1919 346 1991 6λῆσοαι
367 1920 636 1991 λέγοντες
667 1920 809 1973 ὥστε
839 1921 960 1974 κατ’
988 1920 1188 1984 αὑτοὺς
1210 1917 1346 1974 εἶναι
1372 1921 1536 1975 αὑτὸν
1562 1940 1694 1993 προ-

103 2012 273 2084 ϐολὴν
301 2012 485 2084 τρίτου
510 2013 909 2085 ὑστερήματος.
952 2013 1052 2066 Ἦν
1083 2011 1307 2083 γνώμην
1338 2011 1505 2076 ὅντως
1533 2030 1696 2066 κατα·

102 2105 482 2174 φυσήσαντας,
509 2104 602 2157 καὶ
637 2101 1204 2173 καταθεματίσαντας,
1228 2102 1344 2155 δέον
1371 2103 1560 2174 πόρρω
1590 2120 1691 2156 που

104 2194 336 2266 μακράν
385 2197 575 2264 φυγεῖν
622 2195 718 2247 ἀπ’
752 2194 966 2260 αὑτῶν,
1014 2193 1108 2247 καὶ
1232 2192 1393 2246 πλέον
1426 2192 1693 2265 διισχυρί-

103 2285 319 2349 ζονται.
349 2287 444 2341 καὶ
475 2285 760 2357 χαίρουσιν
790 2286 882 2339 ἐπὶ
914 2288 1025 2350 τοῖς
1052 2286 1293 2357 παρευρέ
1303 2302 1466 2356 μασιν
1493 2284 1691 2350 αὑτῶν,

100 2377 284 2451 ταύτῃ
314 2378 513 2449 μᾶλλον
545 2378 744 2433 είδέναι
775 2378 938 2431 πλέον
972 2378 1169 2441 αὑτοὺς
1207 2377 1549 2449 ἐνεργεῖσθαι
1589 2377 1696 2431 ὑπὸ

99 2469 212 2540 τῆς
242 2470 493 2538 ὀγδοάδος
523 2470 632 2524 τῶν
677 2470 929 2543 πονηρῶν
970 2470 1318 2541 πνευμάτωνο
1356 2469 1608 2541 καθάπερ
1645 2471 1695 2524 οἱ

101 2561 187 2624 είς
222 2560 501 2632 φρενίτιδα
531 2562 773 2616 διάθεσιν
806 2560 1160 2633 ἐμπεσόντες,
1273 2559 1435 2613 πλέον
1471 2559 1693 2628 γελῶσι,

103 2654 206 2707 καὶ
230 2652 437 2724 ἰσχύειν
457 2653 728 2720 δοκοῦσιν,
751 2655 847 2709 καὶ
869 2654 945 2718 ὡς
969 2652 1305 2722 ὑγιαίνοντες
1329 2652 1506 2705 πάντα
1530 2651 1697 2724 πράτ-

103 2761 289 2813 τουσι,
328 2745 445 2799 ἔνια
476 2746 532 2800 δὲ
569 2747 667 2800 καὶ
697 2747 838 2819 ὑπὲρ
871 2746 933 2799 τὸ
964 2745 1251 2814 ὑγιαίνειν,
1291 2743 1465 2817 ταύτῃ
1498 2744 1697 2815 μᾶλλον

103 2837 301 2901 κακῶς
322 2836 556 2909 ἔχουσιν.
595 2839 828 2910 Ὁμοίως
848 2838 905 2892 δὲ
925 2839 1023 2893 καὶ
1052 2830 1221 2897 οὗτοι.
1306 2836 1503 2907 μᾶλλον
1529 2837 1699 2908 ὑπερ-

102 2928 332 2995 φρονεῖν
364 2926 602 2993 δοκοῦσι,
652 2928 745 2981 καὶ
786 2926 1192 2999 ὲκνευρίζουσιν
1231 2925 1482 2994 ἑαυτοὺς,
1526 2928 1696 2999 ὑπέρ-

100 3033 237 3070 τονα
289 3018 631 3084 τοξεύοντες,
693 3018 867 3091 ταύτῃ
925 3018 1125 3091 μᾶλλον
1180 3021 1242 3074 οὑ
1303 3018 1693 3092 σωφρονοῦσιν.

114 3107 371 3207 ΪΕξελθὸν
417 3109 525 3181 γὰρ
567 3111 629 3164 τὸ
668 3110 985 3183 ἀκάθαρτον
1028 3112 1248 3183 πνεῦμα
1298 3113 1400 3184 τῆς
1449 3112 1693 3181 ἀγνοίας,
1722 3143 1768 3207 C

100 3200 303 3257 ἔπειτα
333 3205 692 3277 σχολάζοντας
733 3207 934 3271 αὐτοὺς
965 3207 1025 3261 οὑ
1059 3207 1198 3279 Θεῷ,
1244 3208 1381 3264 ἀλλά
1404 3212 1695 3280 κοσμικαῖς

100 3296 405 3366 ζητήσεσιν
448 3297 628 3369 εὑρὸν,
679 3298 1143 3370 προσπαραλαϐὸν
1194 3300 1358 3372 ἕτερα
1410 3299 1696 3370 πνεύματα

97 3388 249 3442 ἑπτὰ
282 3390 623 3463 πονηρότερα
658 3391 878 3455 ἑαυτοῦ,
925 3392 1019 3445 καὶ
1056 3392 1343 3464 χαυνῶσαν
1380 3392 1561 3446 αὑτῶν
1596 3392 1696 3464 τὴν

98 3481 358 3552 γνώμην,
386 3482 461 3547 ὡς
488 3482 802 3554 δυναμένων
822 3482 891 3537 τὰ
919 3483 1060 3557 ὑπὲρ
1080 3483 1172 3537 τὸν
1198 3483 1331 3538 Θεὸν
1356 3486 1577 3550 ἐννοεῖν,
1601 3484 1696 3538 καὶ

98 3572 419 3645 επιτήδειον
462 3575 544 3639 είς
585 3574 1019 3647 ὑπερέκκρουσιν
1045 3578 1062 3608 ¹
1106 3576 1551 3640 κατασκευάσαν,
1594 3577 1694 3647 τὴν

98 3661 338 3730 όγδοάδα
382 3662 485 3734 τῆς
526 3665 713 3730 ἀνοίας
735 3669 757 3700 ⁸
781 3665 891 3721 τῶν
944 3664 1199 3738 πονηρῶν
1248 3667 1575 3739 πνευμάτων
1616 3666 1696 3730 είς

98 3753 309 3820 αὑτοὺς
340 3756 669 3828 ὲνεθήκωσε.

178 4036 279 4091 IA'.
321 4035 590 4109 Βούλομαι
623 4036 681 4091 δέ
738 4054 823 4092 σοι
887 4038 983 4092 καί⁹
1033 4038 1106 4103 ὡς
1167 4038 1335 4111 αὐτὴν
1386 4037 1486 4110 τὴν
1517 4036 1695 4093 κτίσιν

102 4129 230 4183 κατ’
259 4128 445 4182 εἰκόνα
493 4127 603 4182 τῶν
651 4129 898 4201 ἀοράτων
935 4129 1041 4184 ὑπὸ
1068 4129 1163 4184 τοῦ
1202 4128 1543 4203 Δημιουργοῦ
1570 4170 1584 4195 ,
1620 4129 1695 4194 ὡς

101 4217 434 4287 ἀγνοοῦντος
471 4218 671 4283 αὑτοῦ,
714 4219 1149 4275 κατεσκευάσθαι
1195 4220 1283 4275 διὰ
1326 4221 1428 4292 τῆς
1474 4220 1696 4293 Μητρὸς

100 4310 361 4380 λέγουσι,
427 4309 807 4380 διηγήσασθαι.
862 4311 1091 4384 ’Πρῶτον
1152 4312 1252 4384 μὲν
1312 4312 1381 4365 τά
1455 4311 1695 4383 τέσσαρα

102 4402 357 4473 στοιχεῖά
407 4418 561 4472 φασι,
602 4401 735 4473 πῦρ,
781 4401 943 4475 ὕδωρ,
983 4404 1110 4475 γῆν,
1145 4404 1303 4476 ἀέρα,
1335 4404 1517 4458 εἰκόνα
1558 4420 1694 4475 προ-

1795 1824 2219 1893 omnipotentem
2258 1821 2448 1885 Deum,
2492 1836 2655 1891 supra
2692 1836 2852 1891 quem
2889 1822 3070 1876 nullus
3104 1820 3245 1875 alius
3283 1827 3369 1874 est

1795 1912 1961 1978 Deus,
2001 1929 2067 1968 ex
2108 1911 2346 1980 defectu,
2391 1912 2484 1982 qui
2524 1920 2579 1967 et
2618 1913 2732 1980 ipse
2760 1928 2826 1966 ex
2864 1912 2970 1966 alio
3001 1912 3069 1966 sit
3097 1919 3252 1966 ortus
3276 1910 3371 1965 des

1795 2005 1970 2069 fectu,
2017 2003 2323 2059 derivatum
2377 2004 2721 2068 existimant,
2771 2011 2831 2057 ut
2878 2019 2945 2058 ex
2993 2003 3211 2057 illorum
3255 2003 3373 2071 opi-

1796 2097 1961 2152 nione
1990 2096 2155 2151 tertio
2178 2096 2414 2166 quodam
2445 2111 2512 2151 ex
2542 2096 2755 2151 defectu
2787 2095 3070 2166 prodierit.
3102 2093 3221 2159 Qua
3250 2093 3373 2163 qui-

1793 2185 1917 2242 dem
1946 2186 2169 2255 explosa
2202 2186 2566 2255 damnataque
2599 2186 2869 2242 sententia
2890 2222 2905 2248 ,
2943 2184 3132 2254 procul
3167 2183 3234 2237 ab
3265 2182 3374 2237 illis

1795 2278 2112 2349 fugiendum
2143 2286 2228 2333 est
2261 2297 2275 2333 :
2308 2292 2372 2332 ac
2412 2285 2618 2348 quanto
2658 2284 2785 2332 sunt
2819 2278 2872 2331 in
2913 2291 3101 2331 errore
3133 2275 3375 2345 pertina-

1795 2369 1994 2433 ciores,
2027 2368 2376 2437 iuventisque
2406 2367 2659 2437 pessimis
2688 2368 2991 2438 impensius
3011 2368 3370 2431 delectantur,

1794 2466 1947 2513 tanto
1977 2474 2072 2515 eos
2104 2459 2278 2529 magis
2312 2458 2609 2528 putandum
2642 2467 2725 2514 est
2755 2459 2822 2511 ab
2853 2459 3371 2513 scelestissimorum

1794 2548 2101 2604 daemonum
2140 2547 2395 2619 Ogdoade
2420 2548 2708 2602 concitari.
2739 2546 2827 2602 Uti
2861 2548 3195 2617 phreneticis
3224 2548 3374 2603 acci-

1796 2640 1895 2704 dit,
1922 2640 2013 2711 qui
2042 2655 2151 2711 quo
2176 2640 2410 2709 amplius
2440 2638 2639 2704 rident,
2675 2654 2739 2693 ac
2771 2648 2961 2710 vegeto
2988 2654 3110 2695 esse
3146 2653 3377 2709 corpore

1794 2731 2070 2797 videntur,
2113 2730 2405 2799 omniaque
2439 2744 2538 2784 ceu
2575 2729 2816 2785 valentes
2854 2745 2919 2783 ac
2956 2731 3098 2797 sani,
3140 2744 3204 2784 ac
3239 2744 3376 2783 non-

1795 2823 1943 2879 nulla
1973 2822 2476 2893 etiamaliquanto,
2508 2837 2670 2893 quam
2706 2822 2754 2877 si
2817 2824 2935 2877 sani
2969 2830 3174 2886 essent,
3213 2823 3377 2877 robu-

1797 2915 1936 2971 stius
1975 2922 2194 2986 gerunt,
2236 2929 2302 2970 eo
2319 2929 2441 2971 sese
2468 2915 2709 2971 deterius
2744 2915 2963 2971 habent.
2997 2915 3257 2971 Similiter
3284 2917 3377 2973 isti

1797 3023 1906 3079 quo
1934 3008 2312 3064 vehementius
2340 3023 2533 3079 sapere
2558 3009 2829 3075 videntur,
2856 3024 3024 3080 seque
3050 3009 3198 3079 ipsos
3225 3025 3377 3073 ener-

1796 3106 1948 3165 vant,
1981 3099 2113 3155 dum
2142 3100 2352 3156 intento
2383 3100 2527 3155 velut
2566 3100 2744 3157 acrius
2784 3114 2917 3155 arcu
2957 3102 3186 3171 sagittas
3218 3103 3378 3157 emit-

1799 3198 1939 3256 tunt,
1972 3206 2038 3247 eo
2068 3191 2276 3261 majore
2312 3191 2536 3248 vesania
2574 3199 2851 3247 tenentur.
2892 3191 3146 3264 lmpurus
3179 3193 3379 3265 quippe

1795 3282 2120 3354 ignorantim
2148 3283 2377 3353 spiritus
2396 3283 2688 3355 egrediens
2708 3324 2723 3349 ,
2755 3298 2959 3354 eosque
2986 3299 3094 3339 non
3123 3283 3254 3352 Deo,
3281 3284 3379 3341 sed

1796 3375 2042 3446 profanis
2087 3376 2482 3446 quzestionibus
2525 3374 2835 3447 implicatos
2901 3377 3182 3447 reperiens
3216 3416 3232 3442 ,
3282 3377 3380 3432 ad-

1794 3465 1984 3522 hibitis
2024 3473 2230 3537 septem
2257 3466 2381 3523 aliis
2401 3467 2581 3537 seipso
2613 3466 2972 3537 nequioribus
2992 3468 3033 3532 ",
3074 3466 3380 3538 inflatisque

1795 3568 1935 3609 vana
1982 3555 2341 3625 persuasione
2381 3554 2599 3610 illorum
2643 3555 2863 3619 animis,
2896 3555 3054 3627 quasi
3092 3557 3175 3613 vel
3214 3571 3380 3627 supra

1798 3644 1965 3701 lleum
2010 3647 2189 3718 ipsum
2240 3646 2488 3702 attollere
2536 3661 2596 3701 se
2638 3647 2950 3717 cognitione
2994 3649 3236 3718 possint;
3287 3648 3379 3703 ubi

1797 3736 2024 3793 idoneos
2061 3746 2513 3809 opportunosque
2550 3738 2840 3795 fraudibus
2890 3740 3006 3796 suis
3058 3739 3382 3810 reddiderit,

1796 3829 2087 3900 quamdam
2118 3830 2439 3886 stoliditatis
2466 3830 2837 3902 improborum
2859 3831 3147 3901 spirituum
3165 3830 3383 3905 Ogdoao

1794 3921 1918 3977 dem
1953 3921 2008 3975 in
2045 3921 2168 3977 illos
2202 3921 2470 3976 immittit.

1865 4036 2006 4096 XIV.
2046 4038 2159 4109 Age
2188 4054 2315 4094 vero
2350 4038 2481 4094 illud
2519 4039 2746 4107 insuper
2781 4053 3145 4110 exponamus,
3188 4053 3388 4109 quem-

1795 4128 2082 4184 admodum
2111 4139 2322 4185 creatas
2352 4144 2439 4185 res
2468 4144 2659 4185 omnes
2698 4128 2766 4185 ad
2805 4143 3017 4193 eorum,
3051 4143 3174 4198 quae
3204 4128 3385 4183 videri

1795 4228 2095 4292 nequeunt,
2131 4220 2542 4275 similitudinem
2581 4235 2611 4275 a
2648 4220 2935 4275 conditore
2966 4220 3046 4276 sic
3079 4219 3386 4290 productas

1795 4319 2067 4377 asserant,
2114 4320 2176 4367 ut
2224 4327 2289 4368 eo
2335 4311 2469 4383 quid
2516 4319 2701 4383 ageret
2745 4311 3047 4374 nesciente,
3108 4307 3385 4365 beneﬁcio

1796 4402 1984 4460 Matris
2014 4403 2345 4465 exstiterint.
2386 4402 2665 4473 Principio
2691 4404 2961 4458 elementa
2992 4402 3083 4456 illa
3120 4407 3382 4470 quatuor,

100 4495 407 4567 ϐεϐλῆσθαι
438 4495 538 4567 τῆς
570 4494 683 4549 ἀνω
718 4494 943 4567 πρώτης
986 4497 1273 4567 Τετράδος.
1305 4497 1417 4560 Τάς
1447 4514 1506 4550 τε
1544 4497 1695 4569 ἐνερ-

1865 4512 1998 4559 nem,
2031 4510 2250 4566 aquam,
2292 4502 2516 4559 terram,
2558 4509 2762 4559 aerem,
2798 4493 2865 4548 ad
2900 4508 3128 4548 summae
3160 4490 3380 4563 primae-

99 4588 266 4657 γείας
304 4585 484 4640 αὑτῶν
540 4585 1075 4658 συναριθμουμένας,
1116 4581 1226 4639 οἷον
1266 4585 1466 4658 θερμόν
1500 4603 1560 4639 τε
1599 4587 1694 4640 καὶ

97 4680 341 4751 ψυχρὸν,
374 4678 539 4750 ξηρόν
584 4696 645 4731 τε
696 4679 791 4733 καὶ
827 4678 1011 4751 ὑγρὸν,
1057 4678 1301 4750 ἀκριόῶς
1348 4677 1694 4745 ὲξεικονίζειν

95 4773 212 4843 τὴν
262 4770 542 4839 mm.
598 4769 755 4843 Ἑξῆς
794 4770 925 4824 δέκα
968 4770 1227 4841 δυνάμεις
1276 4769 1419 4823 οὑτω
1466 4786 1684 4841 καταρι-

98 4863 362 4935 θμοῦσιν,
400 4862 541 4916 ἐτττά
572 4863 670 4933 μὲν
708 4861 997 4933 σωματικά
1020 4862 1040 4893 ³
1067 4861 1376 4932 κυκλοειδῆ,
1417 4861 1454 4917 ἀ
1490 4863 1584 4915 καὶ
1609 4861 1699 4914 οὑ-

100 4957 310 5026 ρανοὺς
337 4954 616 5010 καλοῦσιν’
652 4954 846 5008 ἔπειτα
871 4955 964 5007 τὸν
998 4954 1344 5029 περιεκτικὸν
1379 4952 1555 5008 αὑτῶν
1594 4952 1696 5006 κύ-

97 5050 261 5114 κλον,
289 5047 349 5103 ὃν
375 5048 471 5103 καὶ
492 5047 677 5117 ὃγδοον
698 5045 925 5118 οὐρανὸν
948 5044 1296 5115 ὀνομάζουσι’
1322 5044 1458 5114 πρὸς
1480 5044 1538 5097 δὲ
1562 5043 1689 5097 τού-

92 5158 224 5204 τοις
272 5140 425 5211 ἥλιόν
466 5157 528 5194 τε
574 5139 670 5193 καὶ
713 5138 962 5211 σελήνην.
1006 5136 1212 5200 Ταῦτα,
1256 5136 1390 5190 δέκα
1428 5135 1558 5189 ὄντα
1598 5134 1692 5190 τὸν

92 5234 366 5307 ἀριθμὸν,
411 5233 625 5297 εἰκόνας
652 5232 902 5300 λέγουσιν
934 5225 1072 5284 εἶναι
1105 5229 1206 5300 τῆς
1241 5230 1472 5301 ἀοράτου
1518 5227 1693 5281 Δεκά-

88 5328 193 5391 δος
230 5326 333 5397 τῆς
368 5324 479 5380 ἀπὸ
518 5325 692 5393 Λόγου
728 5324 822 5379 καὶ
856 5323 1009 5395 Ζωῆς
1058 5321 1446 5394 προελθούσης·
1491 5319 1591 5393 τὴν
1632 5319 1692 5374 δὲ

90 5417 387 5477 δωδεκάδα
428 5418 728 5490 μηνύεσθαι
756 5416 847 5471 διὰ
876 5414 970 5471 τοῦ
998 5413 1263 5481 ζωδιακοῦ
1293 5412 1389 5468 τοῦ
1416 5411 1689 5484 καλουμέ-

178 5597 356 5681 ‘_Fo_r.
392 5596 777 5681 ὑπέκκρουσιν.
854 5599 874 5630 ²
900 5595 1043 5654 lren.
1084 5595 1322 5666 ἀγνοίας.
1387 5596 1421 5664 ,³
1448 5594 1588 5652 lrcn.
1620 5592 1866 5667 σώματα.

58 5648 117 5701 ’τ
152 5648 355 5726 nauli.
389 5648 602 5728 me:

1794 4601 1902 4656 que
1927 4584 2182 4640 Tetradis
2211 4584 2439 4663 elligiem
2484 4599 2607 4640 esse
2630 4586 2925 4640 constituta
2954 4592 3197 4637 narrant.
3227 4581 3381 4648 Quo-

1794 4692 1915 4731 rum
1952 4677 2018 4730 ad
2058 4676 2328 4746 agendum
2367 4675 2750 4740 elﬁcacitates,
2796 4684 2925 4746 puta
2967 4674 3240 4738 calorem,
3283 4673 3385 4727 l‘ri-

1796 4785 1921 4841 gus,
1968 4768 2291 4833 siccitatem,
2337 4777 2392 4823 et
2447 4769 2755 4833 humorem,
2811 4776 3058 4823 exactam
3107 4766 3382 4836 Ogdoadis

1796 4863 2091 4933 imaginem
2136 4861 2362 4917 referre.
2402 4860 2549 4916 Tum
2580 4862 2766 4917 decem
2807 4861 2911 4916 hoc
2949 4861 3113 4917 modo
3152 4862 3384 4919 virtutes

1800 4960 2146 5009 enumerant.
2176 4954 2422 5008 Primum
2450 4960 2659 5023 septem
2687 4966 2984 5023 corporeus
3003 4954 3184 5016 orbes,
3218 4953 3385 5026 249

1796 5059 1936 5115 quos
1974 5043 2147 5100 cmlos
2186 5043 2483 5114 appellant.
2524 5041 2732 5099 Deinde
2771 5042 3035 5113 majorem
3068 5044 3221 5098 illum
3250 5045 3381 5098 reli-

1797 5150 1939 5208 quos
1968 5134 2321 5202 ambientem,
2352 5134 2497 5205 quod
2537 5142 2788 5190 octavum
2829 5136 3028 5190 coelum
3070 5136 3382 5191 nominant.

1796 5226 2065 5283 Praeterea
2096 5227 2271 5283 solem
2299 5235 2353 5281 et
2381 5226 2588 5281 lunam.
2621 5225 2753 5293 Quae
2779 5226 2961 5282 omnia
2989 5226 3216 5281 denario
3242 5241 3384 5281 comv

1795 5318 2067 5390 prehensa
2094 5333 2325 5375 numero
2352 5317 2585 5374 Decadis
2616 5317 2784 5384 illius,
2813 5332 2936 5387 quae
2962 5332 2993 5372 a
3024 5315 3207 5372 Verbo
3230 5315 3386 5370 Vita-

1794 5426 1902 5485 que
1938 5425 2043 5468 nec
2080 5409 2435 5483 aspectabilis
2464 5408 2743 5483 proﬂuxit,
2785 5407 3016 5479 ﬁguram
3055 5422 3179 5465 esse
3219 5406 3385 5461 dicti-

1968 5597 1990 5630 ⁸
2028 5596 2135 5654 Tit.
2166 5611 2256 5666 ιιι,
2289 5596 2375 5654 10.
2452 5596 2474 5629 ⁵
2507 5594 2552 5651 ll
2580 5592 2737 5653 loan.
2780 5592 2864 5648 ll.
2944 5591 2965 5622 ⁸
2991 5590 3096 5645 lsa.
3134 5604 3263 5654 LVII,
3290 5589 3380 5645 2i.
