3844 6314
432 269 529 325 6H

1837 270 1895 324 s.
1925 235 2267 327 spiram"

3595 260 3705 321 Eli

362 428 367 434 .
432 394 572 439 tant.
633 382 769 439 Nam
837 383 1179 440 Dodccadem
1240 385 1374 440 orbe
1437 384 1529 438 illo
1594 382 1857 455 signifero
1916 383 2013 437 de-

2120 401 2205 437 vou
2245 382 2465 437 κύκλου.
2501 383 2581 437 Τὰ
2610 384 2719 455 γὰρ
2747 383 2956 436 δώδεκα
2998 381 3163 447 ζὼδια
3198 398 3569 453 φανερωτατα
3600 380 3707 448 τὴν

431 478 729 532 monstrari
755 494 768 530 :
798 478 944 547 quod
983 476 1272 533 duodecim
1301 477 1358 532 in
1385 491 1451 531 eo
1482 477 1635 544 signa
1671 474 2011 530 manifestis—

432 566 573 622 sime
604 567 750 621 illam
782 566 1032 623 Hominis
1066 566 1431 637 Ecclesiaeque
1463 566 1628 619 filiam
1670 564 2009 619 Dodecadem

431 659 759 727 exprimant.
807 656 1077 723 Quoniam
1136 668 1313 713 autem
1355 656 1421 710 ad
1476 655 2010 710 vehementissimum

434 750 591 803 illum
634 749 1008 804 universitatis
1057 749 1315 818 impetum
1366 744 1758 801 moderandum
1800 761 1865 800 ex
1913 746 2011 799 ad-

433 854 594 893 verso
635 836 910 893 Saturnus
950 839 1244 915 adjunctus
1282 846 1399 901 est,
1435 836 1527 908 qui
1569 838 1846 892 immensae
1884 837 2011 891 moli

435 930 718 999 proximus
746 930 1090 999 rapiditatem
1113 930 1259 983 illam
1290 928 1519 989 inhibet,
1542 942 1608 981 ac
1632 943 1731 981 sua
1758 929 2013 984 tarditate

434 1027 770 1087 compensat,
794 1020 874 1073 sic
906 1027 963 1072 ut
995 1034 1263 1074 annorum
1296 1018 1517 1088 triginta
1552 1018 1729 1087 spatio
1752 1034 1778 1071 a
1811 1026 2012 1088 puncto

435 1111 503 1165 ad
533 1118 791 1180 punctum
822 1112 1038 1175 rediens
1061 1112 1323 1165 circuitus
1347 1125 1477 1165 suos
1510 1108 1776 1174 absolvat,
1809 1110 1862 1163 id
1890 1110 2011 1181 qui-

436 1200 557 1255 dem
589 1201 734 1255 Horo
766 1200 994 1256 mirifice
1034 1217 1353 1272 congruere,
1380 1202 1471 1271 qui
1504 1202 1748 1271 ipsorum
1784 1214 2012 1258 matrem

434 1294 660 1364 triginta
694 1293 977 1349 vocabulis
1012 1293 1329 1363 insignitam
1365 1293 1768 1363 complectitur.

502 1404 585 1458 Ad
616 1404 728 1459 haec
761 1404 966 1470 lunam,
995 1420 1116 1474 qua:
1145 1404 1367 1475 triginta
1410 1404 1601 1460 diebus
1633 1407 1822 1461 orbem
1846 1422 2009 1461 suum

433 1496 672 1558 conficit,
704 1496 809 1551 hoc
852 1497 970 1566 ipso
1020 1513 1248 1552 numero
1290 1497 1497 1553 IEones
1533 1499 1859 1554 adumbrare
1888 1501 2013 1554 toti-

433 1586 579 1642 dem.
624 1586 806 1643 Solem
838 1604 967 1644 vero
999 1588 1267 1644 duodenis
1306 1592 1765 1645 circumvolutum
1815 1594 2043 1653 mensi-.

2112 476 2207 530 τοῦ
2248 475 2561 547 Ἀνθρώπου
2593 477 2687 529 καὶ
2717 476 2816 544 τῆς
2867 474 3192 545 Ἐκκλησίας
3224 474 3504 544 θυγατέρα
3531 472 3708 524 δωδε-

2112 565 2252 618 κάδα
2309 566 2669 635 σκιαγραφεῖν
2723 556 2965 633 λέγουσι.
3024 564 3128 618 Καὶ
3182 567 3305 619 ἐπεὶ
3359 566 3704 631 ἁντεπεζεύ-

2112 654 2215 723 χθη
2237 654 2369 722 (59),
2402 655 2555 721 φασὶ,
2580 654 2678 726 τὴν
2710 655 2816 707 τῶν
2845 655 2980 709 ὅλων
3004 655 3172 726 φορὰν
3200 657 3490 728 ὠκυτάτην
3515 659 3705 729 ὑπάρ-

2113 762 2332 815 χουσαν,
2360 740 2528 816 οὗπερ
2549 748 2576 798 ὁ
2605 746 2794 817 χρόνος
2821 746 2848 797 ὁ
2877 746 3011 816 πρὸς
3029 748 3048 776 ³
3074 746 3219 817 αὐτῷ
3239 748 3317 818 τῷ
3344 749 3499 801 κύτει
3523 749 3705 819 βαρύ-

2113 853 2240 900 νων,
2284 838 2378 889 κα¹ι
2422 838 2886 891 ἀντιταλαντεύων
2930 838 3027 909 τὴν
3068 840 3294 893 ἐκείνων
3335 841 3603 910 ὠκύτητα
3634 844 3705 911 τῇ

2114 925 2304 979 ἑαυτοῦ
2330 926 2642 998 βραδυτῆτι,
2666 927 2807 980 ὥστε
2837 927 2995 980 αὐτὸν
3025 930 3082 980 ἐν
3108 929 3402 999 τριάκοντα
3426 930 3571 983 ἔτεσι
3597 931 3705 1001 τὴν

2114 1013 2358 1083 περίοδον
2390 1014 2497 1067 ἀπὸ
2531 1014 2756 1086 σημείου
2797 1016 2889 1068 ἐπὶ
2928 1018 3152 1086 σημεῖον
3180 1018 3472 1083 ποιεῖσθαι,
3504 1020 3703 1072 εἰκόνα

2113 1104 2326 1173 λέγουσι
2348 1107 2505 1159 αὐτὸν
2531 1106 2623 1159 τοῦ
2649 1108 2817 1177 Ὃρου
2835 1106 2926 1159 τοῦ
2959 1108 3055 1160 τὶπν
3082 1110 3549 1181 τριακοντώνυμον
3572 1113 3704 1181 Mr;

2113 1198 2248 1271 τέρα
2280 1198 2463 1265 αὐτῶν
2492 1199 2851 1270 περιέχοντος.

2183 1400 2294 1472 Τὴν
2316 1401 2543 1473 σελήνην
2569 1415 2628 1453 τε
2668 1400 2831 1455 πάλιν
2862 1402 3062 1473 ἑαυτῆς
3102 1401 3327 1473 οὐρανὸν
3357 1406 3702 1477 ἐμπεριεχοο

2116 1489 2284 1562 μένην
2316 1492 2337 1523 ⁸
2359 1492 2652 1563 τριάκοντα
2677 1492 2911 1563 ἡμέραις
2938 1493 3025 1547 διὰ
3060 1494 3168 1549 τῶν
3197 1495 3420 1566 ἡμερῶν
3457 1498 3549 1551 τὸν
3572 1500 3702 1570 ἀρι-

2114 1582 2250 1658 θμὸν
2272 1584 2381 1638 τῶν
2408 1584 2704 1655 τριάκοντα
2735 1583 2952 1637 Αίώνων
2976 1586 3265 1640 ὲκτυποῦν.
3294 1588 3406 1640 Καὶ
3429 1588 3520 1641 τὸν
3536 1590 3699 1657 ἥλιον

430 1679 558 1746 bus,
585 1680 1087 1749 conversionesque
1127 1696 1256 1736 suas
1298 1694 1365 1735 eo
1393 1680 1682 1735 intervallo
1709 1682 2013 1736 terminan-

2120 1675 2170 1728 δὲ
2204 1677 2261 1729 ὲν
2283 1675 2508 1729 δεκαδύο
2550 1677 2682 1747 μησὶ
2720 1677 3138 1748 περιεχόμενον,
3166 1679 3259 1732 καὶ
3290 1681 3699 1750 τερματίζοντα

434 1777 568 1834 tem,
604 1772 799 1826 horum
844 1787 1072 1827 numero
1103 1770 1372 1825 mensium
1415 1769 1756 1826 Dodecadem
1784 1770 2006 1826 referre.

2120 1767 2212 1839 τὴν
2248 1768 2512 1839 κυκλικὴν
2536 1768 2700 1821 αὑτοῦ
2744 1768 3211 1835 ἀποκατάστασιν,
3241 1770 3329 1823 διὰ
3352 1773 3459 1824 τῶν
3482 1772 3699 1824 δώδεκα

433 1860 560 1917 Dies
603 1877 769 1931 porro
807 1860 1094 1915 duodecim
1131 1860 1389 1914 horarum
1433 1860 1609 1929 spatio
1643 1860 1898 1915 definitos
1937 1860 2010 1914 si-

431 1952 737 2006 mulacrum
772 1952 1041 2021 quoddam
1096 1950 1290 2004 lucida:
1343 1950 1492 2004 illius
1520 1965 1643 2005 esse
1690 1950 2010 2005 Dolecadis.

440 2042 597 2099 Velut
634 2045 789 2107 hora,
823 2057 944 2111 qua:
976 2040 1298 2096 duodecima
1321 2042 1425 2095 diei
1456 2056 1582 2110 pars
1630 2050 1714 2097 est
1737 2084 1751 2106 ,
1788 2043 2014 2097 tricenis

432 2144 517 2192 est
544 2135 811 2189 instructa
840 2132 1108 2202 partibus,
1138 2146 1258 2200 qua:
1282 2130 1582 2185 Tricenarii
1605 2131 2012 2186 similitudinem

431 2234 654 2299 gerunt.
706 2224 851 2291 Quin
899 2223 1066 2278 etiam
1114 2222 1357 2292 signiferi
1388 2222 1532 2276 illius
1566 2223 1715 2277 orbis
1750 2224 2013 2278 ambitum

434 2318 685 2389 partibus
738 2322 994 2370 constare
1043 2326 1230 2366 ccccx.
1276 2310 1411 2365 Nam
1453 2313 1881 2383 unumquodque
1933 2315 2012 2368 si-

432 2425 599 2482 gnum
646 2424 755 2462 xxx
809 2406 1213 2475 complectitur.
1265 2406 1342 2460 Ita
1376 2406 1431 2460 in
1465 2407 1567 2461 hoc
1599 2408 1762 2459 etiam
1801 2407 2013 2460 circulo

434 2509 705 2557 servatam
738 2514 860 2555 esse
887 2499 1076 2553 dicunt
1112 2499 1233 2568 ejus
1285 2498 1710 2553 necessitudinis
1749 2498 2013 2553 imitatio-

433 2608 581 2656 nem,
617 2606 738 2661 quaa
770 2591 1167 2646 duodenarium
1197 2591 1339 2644 inter
1365 2604 1428 2644 ac
1451 2590 1809 2644 tricenarium
1845 2590 2007 2645 inter-

433 2684 597 2740 cedit.
634 2682 837 2739 Deinde
872 2692 1017 2738 terra
1055 2682 1342 2738 duodecim
1391 2683 1447 2736 in
1478 2681 1697 2735 climata
1732 2684 2013 2749 regiones-

431 2790 542 2845 que
570 2773 763 2839 divisa,
797 2783 853 2828 et
872 2774 924 2827 in
950 2773 1178 2842 singulis
1196 2773 1492 2827 demissam
1524 2789 1554 2827 e
1576 2774 1717 2827 cmlo
1743 2771 2013 2828 Virtutem

431 2873 531 2922 aut
575 2863 1026 2937 perpendiculum
1060 2865 1363 2934 excipiens,
1402 2863 1564 2933 eique
1592 2862 1834 2929 Virtuti,
1868 2865 2014 2921 unde

433 2957 679 3014 derivata
710 2956 797 3011 illa
833 2965 938 3023 est,
967 2956 1274 3012 simillimos
1308 2956 1451 3011 fctus
1487 2956 1726 3025 pariens,
1769 2956 2015 3012 Dodeca-

434 3050 581 3117 dem,
614 3059 676 3104 ut
723 3051 898 3116 aiunt,
950 3049 1150 3119 ipsam,
1183 3048 1413 3117 ejusque
1461 3048 1694 3112 liberos,
1724 3048 2013 3105 manifeste

434 3148 814 3213 repraesentat.
846 3140 1051 3195 Praeter
1085 3140 1200 3195 haec
1227 3140 1578 3196 Conditorem
1608 3150 1858 3207 narrant,
1884 3157 2009 3197 cum

437 3250 704 3307 supremae
754 3233 1030 3305 Ogdoadis
1084 3232 1441 3299 infinitatem,
1499 3236 1900 3300 aeternitatem,
1950 3250 2015 3290 ac

438 3326 698 3397 temporis
726 3326 945 3397 locique
971 3324 1481 3395 circumscriptione
1523 3332 1800 3380 carentem
1830 3326 2016 3381 condi-

436 3418 641 3473 tionem
693 3416 895 3472 imitari
924 3422 1168 3486 cuperet,
1199 3428 1375 3484 neque
1416 3415 1562 3484 quod
1608 3415 1664 3468 in
1699 3414 1790 3467 illa
1822 3414 2017 3469 stabile

435 3518 521 3565 est
574 3522 637 3563 ac
694 3508 1084 3575 sempiternum
1131 3514 1314 3577 posset
1362 3506 1704 3576 exprimere,
1758 3522 1824 3561 eo
1870 3504 2016 3576 quod

438 3598 653 3654 fructus
683 3608 830 3654 esset
874 3598 1114 3669 penuriae
1142 3612 1199 3653 ac
1245 3596 1492 3653 defectus
1522 3597 1743 3667 aliquis,
1780 3598 1837 3652 in
1871 3605 2013 3652 tem-

440 3698 683 3762 pestates
723 3703 789 3745 ac
820 3696 1089 3760 tempora,
1142 3698 1197 3744 et
1231 3689 1558 3758 multiplices
1604 3705 1874 3745 annorum
1915 3705 2018 3743 nu-

438 3796 623 3837 meros
666 3782 1025 3837 aeternitatem
1074 3781 1218 3835 illam
1272 3781 1660 3847 distribuisse,
1703 3783 2016 3837 existimas-

440 3889 610 3945 seque
662 3864 831 3945 posse
868 3890 927 3931 se
964 3882 1267 3944 temporum
1306 3882 1629 3929 coacervata
1669 3875 2019 3930 multitudine

440 3967 591 4025 illius
624 3966 944 4023 inﬁnitatem
977 3968 1139 4038 250
1168 3966 1417 4038 adipisci.
1461 3966 1537 4022 Ex
1573 3983 1681 4039 quo
1715 3967 1920 4022 factum
1949 3968 2017 4021 il-

442 4060 535 4115 lud
568 4061 923 4127 arbitrantur,
948 4068 1007 4113 ut
1038 4076 1162 4114 cum
1202 4060 1251 4115 ei
1291 4075 1348 4114 se
1380 4058 1593 4115 Veritas
1632 4061 2014 4124 subtraxisset,

444 4158 665 4221 repente
717 4150 788 4204 sit
834 4150 1045 4205 falsitas
1088 4158 1403 4205 consecuta.
1451 4152 1683 4220 Ideoque
1733 4152 2017 4221 completis

445 4232 779 4311 temporibus
811 4240 958 4294 illius
982 4254 1121 4309 opus
1149 4255 1268 4295 esse
1293 4238 1633 4295 solvendum.

472 4396 479 4401 .
514 4352 630 4409 XV.
673 4356 689 4386 ι
714 4352 849 4408 Cum
890 4353 1007 4408 lucc
1062 4351 1226 4423 igitur
1256 4352 1345 4408 'sit
1384 4352 1604 4408 illorum
1637 4351 1705 4407 de
1743 4353 2018 4409 creatione

2116 1856 2301 1927 μηνῶν
2334 1856 2430 1928 τὴν
2452 1857 2757 1930 δωδεκάτην
2782 1858 3020 1929 φανερὰν
3038 1863 3229 1913 ποιεῖν.
3252 1859 3363 1921 Τὰς
3394 1861 3449 1914 δὲ
3474 1862 3702 1932 ἡμέρας

2113 1947 2339 2002 δεκαδύο
2380 1947 2538 2019 ὡρῶν
2596 1949 2708 2019 (55)
2757 1948 2818 2001 τὸ
2870 1948 3067 2020 μέτρον
3110 1948 3337 2020 ἐχούσας
3380 1949 3553 2004 τύπον
3596 1950 3700 2018 τῆς

2092 2044 2343 2115 ,φαεινῆς
2384 2042 2693 2105 Δωδεκάδος
2736 2036 2894 2097 εἶναι.
2944 2040 3106 2093 Ἀλλὰ
3138 2041 3242 2111 μὴν
3288 2042 3381 2094 καὶ
3410 2042 3510 2112 τὴν
3544 2040 3701 2112 ὤραν

2114 2139 2246 2208 φασὶ
2266 2137 2327 2191 τὸ
2357 2136 2654 2190 δωδέκατον
2688 2135 2788 2201 τῆς
2821 2134 3031 2205 ἡμέρας
3064 2135 3128 2186 ὲκ
3164 2134 3457 2204 τριάκοντα
3486 2135 3697 2205 μοιρῶν

2112 2230 2491 2301 κεκοσμῆσθαι
2536 2229 2623 2282 διὰ
2656 2228 2752 2298 τὴν
2781 2230 2964 2281 εἰκόνα
3002 2228 3101 2298 τῆς
3132 2229 3552 2299 Τριακοντάδος.
3592 2232 3697 2283 Καὶ

2113 2322 2278 2376 αὐτοῦ
2312 2322 2369 2374 δὲ
2398 2321 2492 2374 τοῦ
2538 2319 2803 2384 ζωδιακοῦ
2837 2319 3038 2372 κύκλου
3069 2321 3165 2390 τὴν
3198 2321 3533 2391 περίμετρον
3556 2318 3698 2375 εἶναι

2116 2413 2320 2485 μοιρῶν
2358 2411 2682 2483 τριακοσίων
2727 2412 3009 2481 ἑξήκοντα.
3046 2412 3312 2464 ’Ἑκαστον
3352 2412 3461 2483 γὰρ
3504 2412 3697 2475 coam

2116 2507 2311 2578 μοίρας
2350 2505 2461 2576 ἔχει
2493 2504 2811 2575 τριάκοντα.
2846 2504 3000 2557 Οὕτω
3029 2504 3085 2557 δὲ
3114 2505 3207 2557 καί⁵
3243 2504 3329 2557 διὰ
3359 2503 3455 2556 τοῦ
3486 2503 3697 2557 κύκλου

2111 2597 2209 2668 τὴν
2233 2597 2416 2650 εἰκόνα
2447 2597 2545 2667 τῆς
2574 2595 2868 2663 συναφείας
2892 2595 2997 2648 τῶν
3025 2593 3227 2648 δώδεκα
3262 2594 3397 2665 πρὸς
3433 2594 3503 2647 τὰ
3537 2596 3700 2665 τριά-

2113 2707 2276 2744 κοντα
2299 2686 2628 2759 τετηρῆσθαι
2658 2686 2925 2754 λέγουσιν.
2949 2687 3068 2739 Ἔτι
3105 2686 3209 2757 μὴν
3237 2687 3329 2739 καὶ
3360 2685 3460 2756 τὴν
3482 2689 3570 2750 εἰς
3592 2686 3699 2739 δώ·

2111 2779 2243 2833 δεκα
2274 2779 2514 2849 κλίματα
2543 2777 2655 2850 (54)
2715 2778 3004 2850 διῃρῆσθαι
3051 2777 3379 2846 φάσκοντες,
3430 2779 3531 2831 καὶ
3575 2780 3698 2831 καθ’

2114 2870 2343 2923 ἕκαστον
2372 2868 2541 2938 κλίμα
2566 2866 2791 2937 δύναμιν
2818 2869 2881 2921 ὲκ
2902 2867 3010 2920 τῶν
3032 2868 3275 2941 οὐρανῶν
3298 2868 3440 2921 κατὰ
3461 2868 3698 2922 κάθετον

2116 2960 2536 3030 ὑποδεχομένην,
2591 2959 2804 3012 ἐοικότα
2861 2960 3149 3013 τίκτουσαν
3208 2960 3373 3013 τέκνα
3411 2964 3476 3030 τῇ
3527 2979 3698 3014 κατα⁹

2120 3050 2408 3122 πεμπούσῃ
2441 3050 2538 3121 τὴν
2574 3051 2866 3122 ύπόῤῥοιαν
2888 3050 3112 3122 δύναμιν
3142 3051 3186 3118 ⁸,
3220 3050 3389 3104 τύπον
3425 3047 3574 3106 εἶναι
3602 3052 3698 3122 τῆς

2113 3142 2418 3203 Δωδεκάδος
2455 3142 2550 3196 καὶ
2596 3142 2705 3196 τῶν
2751 3142 2955 3197 τέκνων
2997 3143 3165 3212 αὐτῆς
3204 3144 3547 3211 σαφέστατον
3586 3145 3695 3199 δια-

2115 3233 2474 3289 ϐεϐαιοῦνται.
2500 3234 2644 3303 Πρὸς
2669 3234 2727 3288 δὲ
2760 3234 2967 3296 τούτοις
2992 3234 3290 3305 θελήσαντα
3320 3253 3453 3305 φασι
3476 3236 3574 3289 τὸν
3599 3240 3691 3305 A1;-

2118 3324 2374 3397 μιουργὸν
2401 3326 2497 3395 τῆς
2533 3325 2644 3378 ἄνω
2685 3325 2967 3393 Ὀγδοάδος
2997 3325 3058 3377 τὸ
3088 3326 3391 3397 ἀπέραντον
3423 3326 3519 3379 καὶ
3566 3326 3694 3380 αἰώ-

2115 3433 2246 3477 νιον,
2276 3416 2370 3467 καὶ
2392 3415 2663 3485 ἀόριστον,
2692 3415 2787 3467 καὶ
2816 3416 3040 3487 ἄχρονον
3092 3417 3460 3487 μιμήσασθαι,
3489 3420 3592 3472 καὶ
3626 3420 3696 3490 μὴ

2115 3507 2411 3577 δυνηθέντα
2442 3508 2501 3560 τὸ
2538 3508 2761 3578 μόνιμον
2801 3509 2969 3579 αὐτῆς
3016 3509 3110 3563 καὶ
3147 3510 3313 3563 ἀῖδιον
3349 3511 3692 3573 ὲκτυπῶσαι,

2115 3597 2201 3650 διὰ
2248 3598 2308 3650 τὸ
2360 3598 2570 3669 καρπὸν
2619 3594 2755 3652 εἶναι
2798 3599 3191 3670 ὑστερήματος,
3233 3602 3313 3663 εἰς
3348 3602 3579 3673 χρόνους
3609 3603 3695 3656 καὶ

2118 3691 2364 3762 καιροὺς,
2417 3690 2683 3762 ἀριθμούς
2715 3708 2775 3743 τε
2832 3690 3108 3755 πολυετεῖς
3171 3692 3231 3743 τὸ
3260 3690 3477 3745 αἰώνιον
3528 3694 3692 3764 αὐτῆς

2118 3782 2554 3846 κατατεθεῖσθαι,
2603 3782 2846 3853 οἰόμενον
2894 3784 2953 3836 ἐν
2998 3782 3075 3853 τῷ
3114 3782 3307 3854 πλήθει
3331 3784 3443 3836 τῶν
3486 3786 3693 3855 χρόνων

2123 3875 2461 3945 μιμήσασθαι
2493 3874 2664 3944 αὐτῆς
2687 3875 2747 3927 τὸ
2768 3874 3089 3946 ἀπέραντον.
3138 3875 3399 3929 Ἐνταῦθα
3426 3893 3484 3929 τε
3507 3876 3697 3944 λέγουο

2120 3982 2204 4016 σιν
2244 3965 2590 4035 ὲκερυγούσης
2642 3966 2802 4017 αὐτὸν
2849 3966 2946 4035 τῆς
2991 3965 3271 4036 Ἀληθείας
3323 3968 3695 4037 ἐπηκολουθη-

2119 4058 2271 4111 κέναι
2318 4057 2377 4109 τὸ
2434 4057 2647 4126 ψεῦδος.
2697 4058 2804 4110 Καὶ
2834 4058 2920 4110 διὰ
2948 4057 3104 4110 τοῦτο
3140 4058 3430 4112 κατάλυσιν
3473 4060 3692 4132 πληρω-

2120 4148 2319 4203 θέντων
2348 4149 2456 4203 τῶν
2493 4149 2698 4221 χρόνων
2731 4132 2912 4204 λαϐεῖν
2941 4150 3105 4203 αὑτοῦ
3127 4152 3187 4205 τὸ
3219 4152 3399 4223 ἔργον.

2192 4353 2292 4407 IE'.
2327 4353 2438 4405 Kal.
2474 4352 2603 4425 περὶ
2644 4352 2743 4423 μὲν
2775 4352 2873 4423 τῆς
2913 4352 3143 4416 κτίσεως
3169 4350 3390 4406 τοιαῦτα
3421 4352 3691 4421 λέγοντες,

443 4443 737 4506 sententia,
767 4441 1013 4513 quotidie
1042 4452 1221 4496 tamen
1255 4442 1456 4513 singuli
1480 4450 1643 4513 prout
1670 4442 1902 4512 quisque
1927 4458 2013 4513 po-

2126 4443 2248 4496 καθ’
2271 4440 2640 4512 ὲκάστην’ήμέ
2650 4457 2747 4511 ραν
2764 4441 3020 4513 ὲπιγεννᾷ
3042 4441 3268 4505 ἕκαστος
3296 4442 3479 4496 αὐτῶν
3516 4443 3695 4505 καθὼς

442 4542 568 4601 test,
598 4535 724 4590 novi
753 4534 958 4605 aliquid
993 4533 1323 4603 excogitant,
1355 4542 1414 4587 ut
1453 4550 1612 4590 nemo
1645 4536 1716 4590 sit
1754 4536 1896 4591 inter
1921 4550 2015 4591 eos

440 4627 677 4697 denique
715 4625 1013 4695 perfectus,
1058 4626 1152 4696 qui
1186 4642 1293 4680 non
1332 4625 1548 4696 insigne
1598 4627 1819 4697 aliquod
1864 4644 2016 4682 men-

440 4719 655 4774 dacium
690 4718 839 4774 velut
874 4717 1113 4773 fructum
1142 4718 1403 4787 proferat.
1436 4718 1593 4774 Nunc
1635 4737 1755 4790 quae
1785 4737 1851 4775 ex
1886 4737 2014 4791 pro-

441 4810 730 4881 phetarum
773 4810 1013 4865 oraculis
1070 4810 1140 4863 ad
1197 4825 1327 4865 suos
1373 4826 1569 4866 sensus
1602 4812 2015 4867 accommodare

514 4995 529 5026 ¹
563 4993 706 5048 lren.
737 5007 788 5047 c.
822 4992 910 5047 l5.
984 4994 1004 5024 ³
1038 4990 1165 5047 For.
1192 4991 1407 5064 ὑπερὼν
1442 4993 1654 5063 κρόνος.

442 5063 553 5147 ρόν.
571 5080 646 5123 τι.

516 5245 629 5313 (3?)
668 5242 776 5298 Καὶ
819 5242 948 5297 ἐπεὶ
993 5241 1445 5311 ἁντεπεζεύχθη.
1479 5241 1596 5308 Quo
1626 5241 1892 5298 sincerior
1927 5242 2020 5298 hic

445 5316 600 5371 locus
628 5318 877 5383 exsistat,
913 5315 1095 5384 scribo
1127 5314 1261 5384 πρός
1290 5314 1386 5384 τὴν
1419 5315 1523 5367 τῶν
1549 5314 1705 5384 ὅλων.

514 5387 629 5453 (55)
670 5382 884 5450 Ταςδὲ
916 5382 1139 5451 ἡμέρας
1168 5382 1309 5436 δέκα
1344 5382 1451 5439 δύο
1479 5383 1663 5452 ὡρῶν.
1694 5384 1839 5437 Hora
1878 5383 2017 5451 apud

447 5452 810 5525 Epiphanium
841 5454 979 5509 duas
1008 5452 1416 5525 aequinoctiales
1444 5456 1709 5516 continet,
1737 5462 1799 5508 ut
1834 5461 1887 5509 et
1913 5454 2020 5505 alio

450 5523 571 5580 loco
600 5526 905 5580 evidentius
942 5525 1167 5578 indicat.
1194 5523 1311 5577 Jam
1343 5525 1484 5593 quod
1513 5527 1657 5579 liora:
1688 5541 1793 5578 xxx
1827 5525 2021 5594 μοίρας

451 5598 673 5662 tribuit;
716 5597 795 5650 sic
830 5597 1055 5665 intelligi
1092 5603 1291 5665 potest.
1321 5594 1414 5649 Sol
1439 5596 1632 5650 diebus
1660 5596 1889 5665 singulis
1918 5597 2020 5647 hoc

452 5676 536 5726 est
566 5684 641 5723 xu
676 5667 848 5729 horis.
896 5670 981 5723 vel
1014 5685 1137 5722 xxiv
1162 5711 1175 5726 .
1206 5668 1471 5722 circulum
1504 5666 1791 5731 describit,
1826 5665 1917 5735 qui
1959 5665 2013 5718 in

1731 4992 1751 5023 ³
1785 4992 1923 5047 lrcn.
1957 4991 2475 5064 ὲκπεριερχομένην.

2121 4534 2345 4587 δύναται
2366 4533 2678 4603 καινότερον
2702 4533 2744 4586 ⁸.
2770 4532 2985 4596 Τέλειος
3003 4533 3111 4604 γὰρ
3130 4534 3299 4597 οὐδεὶς
3327 4536 3355 4587 ὁ
3387 4534 3463 4605 μὴ
3488 4536 3695 4605 μεγάλα

2120 4622 2411 4694 ψεύσματα
2455 4623 2584 4694 παρ’
2617 4624 2800 4688 αὐτοῖς
2858 4626 3304 4696 καρποφορήσας.
3348 4624 3442 4677 Ἐκ
3491 4625 3552 4678 δὲ
3595 4624 3693 4679 τῶν

2121 4713 2473 4787 προφητικῶν
2505 4714 2605 4767 ὅσα
2634 4715 3165 4786 μεταμορφάζουσιν,
3182 4716 3497 4781 ἀναγκαῖον,
3534 4714 3695 4785 μηνύ-

2123 4825 2312 4875 σαντα,
2343 4808 2434 4862 τὸν
2483 4807 2702 4879 ἔλεγχον
2724 4806 2904 4869 αὐτοῖς
2932 4806 3177 4873 ἐπάγειν.
3223 4805 3279 4858 Ὀ
3307 4804 3415 4875 γὰρ
3436 4805 3691 4875 Μωῦσῆς,

2584 4990 2605 5021 ⁸
2639 4992 2781 5046 Iren.
2820 4988 3065 5058 δυνάμει.
3213 4988 3236 5018 ⁵
3275 4983 3421 5041 lren.
3453 4989 3691 5043 καινότε-

2115 5258 2193 5296 xu
2250 5250 2435 5312 partes
2496 5240 2822 5312 tricenarias
2873 5239 3144 5312 divisus,
3177 5238 3437 5309 gradibus
3488 5248 3692 5295 constat

2116 5310 2303 5367 cccnx.
2333 5312 2698 5378 Quamobrem
2750 5311 2981 5381 singulis
3016 5310 3182 5381 horis
3223 5312 3689 5381 aequinoctialibus

2118 5399 2186 5436 xv
2218 5382 2706 5454 gradus;gduabus
2752 5380 2906 5436 horis
2930 5421 2944 5447 ,
2981 5380 3095 5435 sive
3128 5396 3202 5435 xu
3247 5380 3354 5435 diei
3398 5392 3557 5450 parte
3596 5391 3687 5433 xxx

2118 5452 2319 5523 gradus
2349 5452 2587 5508 conficit.

2193 5526 2301 5596 (54)
2343 5528 2445 5590 Εὶς
2474 5523 2701 5596 δώδεκα
2749 5523 3027 5596 κλίματα,
3070 5519 3205 5574 Nam
3241 5520 3477 5596 totidem
3516 5528 3687 5577 vento-

2121 5591 2242 5650 rum
2275 5591 2548 5668 regiones.
2588 5592 2723 5652 Vide
2753 5591 2891 5651 Gell.
2922 5595 3014 5650 lib.
3051 5607 3111 5659 ιι,
3140 5606 3261 5662 cap.
3286 5591 3378 5645 22.
