3772 6188
89 212 183 270 615

690 210 1062 269 ADVERSUS
1099 204 1440 268 HIERESES
1489 211 1618 269 LIB.
1658 213 1697 269 1.
1741 212 1907 270 ΤΟΜ.
1952 214 2039 274 lll.
2076 244 2146 255 —
2180 213 2455 273 IUERES.
2497 214 2739 271 XXXIV.

3249 214 3356 275 614

87 326 255 399 φασὶν,
276 324 573 395 ἀρχόμενος
618 326 714 395 τῆς
748 327 887 379 κατὰ
920 326 1019 397 τὴν
1061 325 1238 379 κτίσιν
1274 326 1656 398 πραγματείας

1836 330 2074 383 ειίιηοηίτι
2117 330 2316 395 solent,
2346 329 2826 387 commemoranda
2864 331 3125 401 primum,
3150 333 3352 391 deinde

85 419 232 480 εύθὺς
260 419 317 469 ὲν
351 419 492 489 ἀρχῇ
521 417 618 488 τὴν
651 418 881 489 Μητέρα
918 418 1027 471 τῶν
1069 418 1205 471 ὅλων
1243 419 1537 484 ἐπέδειξεν,
1581 421 1659 473 εἰ-

86 509 189 561 πών
211 524 224 537 ·
272 509 376 561 Ἐν
401 507 560 577 ἀρχῇ
587 507 881 574 ἐποίησεν
901 512 934 562 ὀ
961 509 1109 575 Θεὸς
1132 511 1238 564 τὸν
1267 509 1529 578 οὐρανὸν
1558 510 1656 563 καὶ

85 596 188 663 τὴν
215 595 349 666 γῆν.
404 596 657 668 Τέσσαρα
696 592 789 649 οὖν
831 596 1006 650 ταῦτα
1039 599 1335 669 ὀνομάσας,
1380 599 1536 663 Θεὸν,
1563 599 1659 652 καὶ

82 687 265 759 ἀρχὴν,
302 686 549 758 οὐρανὸν,
586 687 681 740 καὶ
720 688 845 759 γῆν,
872 688 972 759 τὴν
994 689 1312 759 Τετρακτὺν
1342 688 1541 753 αὐτῶν,
1582 688 1658 751 ὡς

82 780 223 834 αὐτοὶ
240 780 477 848 λέγουσι,
519 779 843 833 διετύπωσε.
884 781 995 834 Καὶ
1031 779 1123 835 τὸν
1158 780 1391 853 ἀόρατον
1425 781 1439 810 ¹
1479 779 1536 833 δὲ
1564 779 1660 833 καὶ

81 872 165 926 τὸν
190 872 502 943 ἀπόκρυφον
532 870 704 941 αὐτῆς
737 870 1014 941 μηνύοντα
1033 873 1209 926 εἰπεῖν
1228 889 1240 901 ·
1283 873 1345 927 Ἠ
1378 871 1447 925 δὲ
1476 870 1551 940 γῆ
1579 866 1660 941 ἦν·

81 964 323 1031 ἀόρατος
346 962 443 1015 καὶ
500 962 1060 1029 ἁκατασκεύαστος.
1121 963 1232 1033 Τὴν
1278 961 1536 1032 δευτέραν
1559 963 1659 1015 Τε-

81 1054 262 1127 τράδα,
309 1054 556 1124 γέννημα
592 1052 818 1125 πρώτης
868 1054 1160 1125 Τετράδος,
1198 1053 1563 1118 οὓτως-ἀύτὸν
1590 1055 1660 1107 εἰ·

85 1145 300 1218 ρηκέναι
342 1145 608 1211 θέλουσιν,
640 1144 909 1198 Ἀϐυσσον
940 1145 1276 1215 ὀνομάζοντα
1314 1146 1409 1199 καὶ
1462 1146 1661 1210 Σκότος

80 1242 131 1292 ὲν
159 1237 345 1306 σφίσιν
377 1238 398 1267 ¹
432 1238 615 1300 αὐτοῖς
661 1238 755 1291 καὶ
792 1236 997 1307 ⁸’Υδωρ,
1038 1239 1131 1290 καὶ
1171 1237 1232 1290 τὸ
1265 1239 1661 1311 ἐπιφερόμενον

79 1332 147 1403 τῷ
174 1330 328 1385 ὕδατι
354 1330 598 1402 Πνεῦμα·
627 1331 745 1402 μεθ’
772 1331 841 1402 ῆν
875 1330 973 1401 τῆς
1004 1330 1225 1397 δεκάδος
1258 1332 1663 1404 μνημονεύοντα

80 1424 184 1493 φῶς
241 1424 424 1493 λέγειν
474 1423 568 1475 καὶ
602 1422 818 1495 ἡμέραν
860 1425 955 1476 καὶ
1005 1424 1197 1489 νύκτα,
1268 1424 1559 1496 στερέωμά
1603 1443 1661 1479 τε

80 1517 164 1570 καὶ
209 1516 474 1588 ἑσπέραν,
512 1517 607 1571 καὶ
655 1516 683 1569 ὃ
724 1516 973 1569 καλεῖται
1013 1515 1194 1588 πρωῒ,
1248 1514 1418 1587 ξηράν
1455 1534 1515 1570 τε
1569 1518 1663 1571 καὶ

79 1610 381 1673 θάλασσαν,
436 1608 516 1662 ἔτι
559 1626 619 1661 τε
662 1606 927 1678 βοτάνην,
972 1608 1067 1660 καὶ
1116 1607 1328 1678 δεκάτῳ
1376 1609 1528 1679 τόπῳ
1571 1608 1661 1675 ξύ-

78 1704 177 1756 λον.
228 1701 392 1755 Οὕτω
446 1701 503 1755 δὲ
546 1701 636 1755 διὰ
692 1700 800 1753 τῶν
854 1700 985 1753 δέκα
1040 1700 1320 1771 ὀνομάτων
1359 1702 1485 1766 τοὺς
1524 1701 1658 1756 δέκα
1689 1682 1733 1737 Β

78 1794 285 1857 Δίὦνας
326 1792 717 1865 μεμηνυκέναι.
758 1793 869 1864 Τῆς
899 1792 956 1846 δὲ
983 1792 1297 1857 δυοδεκὰδος
1317 1793 1491 1858 οὕτως
1518 1793 1658 1859 ἐξει-

78 1886 317 1940 κονίσθαι
350 1886 481 1958 παρ’
510 1885 661 1955 αύτῷ
695 1885 793 1957 τὴν
834 1884 1084 1956 δύναμιν.
1116 1886 1303 1940 Ἥλιον
1335 1887 1443 1958 γὰρ
1478 1887 1657 1956 λέγειν

78 1982 160 2036 καὶ
200 1980 450 2052 σελήνην,
488 1978 722 2049 ἀστέρας
774 1995 832 2031 τε
870 1978 963 2031 καὶ
989 1979 1237 2049 καιροὺς,
1295 1979 1574 2043 ἐνιαυτούς
1596 1997 1656 2033 τε

77 2073 160 2126 καὶ
188 2071 355 2142 κήτη,
398 2068 586 2140 ἰχθύας
620 2068 715 2122 καὶ
748 2069 975 2138 ἑρπετά,
1027 2069 1249 2122 πετεινὰ
1307 2069 1399 2121 καὶ
1463 2068 1659 2141 τετρά-

78 2160 220 2223 ποδα,
248 2159 421 2231 θηρία
465 2175 523 2213 τε
570 2158 664 2212 καὶ
709 2157 956 2229 (πετεινά
988 2175 1090 2211 που
1126 2159 1239 2223 τοῖς
1262 2158 1305 2228 ³)
1341 2158 1660 2213 δυοδέκατον

75 2252 156 2305 τὸν
196 2250 507 2324 ἄνθρωπον.
570 2249 755 2314 Οὕτως
819 2250 926 2304 ὑπὸ
996 2247 1090 2303 τοῦ
1152 2248 1476 2321 Πνεύματος
1559 2252 1660 2323 τὴν

76 2344 357 2415 τριάκοντα
400 2343 420 2375 ⁸
442 2342 528 2397 διὰ
552 2342 833 2406 Μωῦσέως
870 2341 1124 2414 εἰρῆσθαι
1156 2342 1519 2399 διδάσκουσιν.
1550 2344 1661 2399 Ἀλ-

76 2437 136 2492 λὰ
169 2437 275 2509 μὴν
319 2435 416 2490 καὶ
456 2436 545 2489 τὸν
579 2434 815 2490 πλαστὸν
864 2434 1152 2507 ἄνθρωπον
1185 2435 1305 2489 κατ’
1345 2437 1529 2490 εἰκόνα
1560 2438 1660 2510 τῆς

78 2538 179 2593 ἀνω
210 2538 500 2610 δυνάμεως
534 2536 678 2608 ἔχειν
708 2538 766 2591 ἐν
809 2536 959 2608 αὑτῷ
990 2537 1088 2607 τὴν
1118 2537 1226 2590 ἀπὸ
1252 2536 1352 2608 τῆς
1395 2540 1524 2609 μιᾶς
1556 2559 1663 2612 πη-

77 2632 172 2701 τήν
203 2631 244 2685 ⁸.
294 2629 565 2702 Ἰδρῦσθαι
585 2629 641 2682 δὲ
678 2627 853 2683 ταῦτα
889 2630 947 2682 έν
974 2628 1053 2700 τῷ
1072 2629 1214 2683 κατὰ
1244 2630 1334 2683 τὸν
1360 2631 1661 2703 ἐγκέφαλον

78 2724 246 2793 τόπῳ·
320 2723 414 2791 ἀφ’
466 2716 535 2794 ἦς
582 2722 849 2794 ἀπορρεῖν
898 2721 1159 2792 δυνάμεις
1201 2722 1496 2794 τέσσαρας,
1541 2743 1644 2779 κατ

78 2815 249 2869 εἰκόνα
273 2814 378 2885 τῆς
398 2813 510 2869 ἄνω
544 2814 816 2885 Τετράδος
848 2813 1190 2885 καλουμένας
1211 2831 1224 2844 '
1256 2816 1356 2887 τὴν
1405 2816 1503 2887 μὲν
1526 2817 1649 2889 ὅρα-

1759 416 2059 472 rel‘ellenda
2086 428 2235 474 sunt.
2278 418 2492 489 Moyses
2517 419 2686 481 enim,
2714 418 2971 491 inquiunt
3000 420 3053 472 in
3086 419 3209 489 ipso
3239 429 3353 475 sta-

1759 509 1856 562 tim
1884 509 2067 578 operis
2098 508 2270 573 aditu,
2300 525 2410 580 quo
2441 509 2508 563 de
2540 524 2725 565 rerum
2768 510 3051 565 creatione
3081 510 3349 580 disputat,

1759 601 2004 655 omnium
2042 600 2269 656 Matrem
2302 608 2718 669 commemorat,
2750 601 2838 657 his
2863 602 3045 656 verbis
3072 601 3170 657 :In
3204 604 3353 672 prin-

1760 692 1897 759 cipio
1936 692 2131 745 creavit
2160 691 2299 745 Deus
2328 691 2517 745 caelum
2548 700 2598 743 et
2632 701 2833 747 terram
2860 690 2903 743 ⁹.
2933 690 3035 746 Ubi
3064 705 3188 744 cum
3215 703 3354 760 qua-

1762 792 1889 839 tuor
1924 784 2027 839 ista
2068 783 2390 851 nominarit,
2424 782 2618 849 Deum,
2649 783 3012 859 principium,
3044 783 3247 838 caelum
3284 796 3350 834 ac

1763 884 1988 941 terram,
2026 892 2181 932 suam
2214 884 2469 933 asserunt
2518 877 2972 949 comprehensam
3002 890 3126 931 esse
3165 873 3353 929 Tetra-

1762 968 1905 1023 dem.
1938 967 2095 1035 Quod
2129 977 2307 1023 autem
2355 967 2568 1022 occulta
2596 966 2787 1025 eadem
2830 967 2922 1020 illa
2964 980 3065 1020 nec
3112 971 3353 1035 aspecta-

1761 1061 1888 1117 bilis
1915 1061 2009 1125 sit,
2043 1059 2097 1115 id
2128 1059 2485 1130 sequentibus
2524 1059 2704 1117 verbis
2733 1058 2979 1129 attigisse
3005 1074 3018 1111 :
3044 1056 3211 1112 Terra
3248 1072 3351 1110 au-
3400 1079 3411 1087 -

1765 1165 1865 1209 tem
1888 1164 2003 1209 erat
2034 1153 2315 1208 invisibilis
2342 1162 2390 1206 et
2419 1151 2688 1219 informis.
2727 1150 3036 1205 Secundam
3074 1164 3216 1210 .vero
3246 1147 3352 1204 Te-

1764 1248 1994 1313 tradem,
2028 1246 2120 1315 qui
2152 1244 2358 1316 prioris
2402 1251 2485 1298 est
2520 1242 2699 1307 fetus,
2755 1242 2836 1296 sic
2866 1241 3091 1313 Moysen
3129 1256 3348 1311 expres-

1765 1336 1905 1393 sisse
1932 1335 2212 1391 declarant
2266 1348 2390 1389 cum
2418 1334 2701 1403 abyssum,
2725 1338 2780 1388 et
2813 1332 3101 1394 tenebras;
3125 1346 3348 1402 aquam,

1765 1438 1929 1499 alque
1957 1428 2303 1484 incubantem
2327 1428 2486 1498 aquis
2516 1418 2783 1496 spiritum
2802 1425 3135 1480 nominavit:
3159 1432 3350 1495 postea

1767 1522 1996 1578 Decadis
2020 1536 2236 1592 quoque
2264 1520 2623 1575 mentionem“
2641 1517 2840 1573 ibidem
2885 1516 3037 1581 ﬁeri,
3066 1532 3191 1572 cum
3232 1516 3347 1582 lux,

1766 1614 1885 1670 dies
1930 1620 1985 1669 et
2024 1628 2153 1677 nox,
2196 1612 2625 1673 ﬁrmamentum,
2660 1623 2909 1679 vespera,
2945 1622 3128 1673 mane,
3168 1606 3346 1671 arida,

1765 1720 1949 1769 mare,
1982 1704 2183 1765 herba,
2220 1717 2285 1757 ac
2326 1700 2542 1757 decimo
2570 1699 2784 1755 tandem
2820 1699 2942 1753 loco
2976 1699 3181 1769 lignum
3220 1713 3349 1768 pro-

1764 1798 2006 1868 ponitur.
2040 1795 2137 1851 llis
2173 1794 2318 1849 enim
2355 1791 2639 1848 vocabulis
2667 1790 2856 1846 decem
2890 1791 3114 1846 totidem
3138 1788 3347 1846 Eones

1763 1888 2014 1959 intelligi.
2047 1886 2177 1941 Nam
2204 1885 2509 1943 Dodecadis
2530 1886 2642 1942 vim
2676 1888 2778 1942 hoc
2808 1886 2959 1941 illum
2992 1885 3351 1941 adumbrasse

1764 1980 1928 2037 modo
1979 1982 2244 2037 sentiunt.
2268 2008 2271 2011 ν
2299 1980 2512 2051 Quippe
2550 1978 2722 2035 solem
2768 1988 2823 2034 et
2870 1979 3054 2033 lunam
3077 2017 3092 2043 ,
3128 1977 3308 2033 sidera
3331 2016 3348 2042 ,

1766 2081 2142 2144 tempestates,
2175 2088 2371 2137 annos,
2407 2081 2547 2139 cete,
2578 2072 2780 2143 pisces,
2815 2070 3052 2141 reptilia,
3074 2069 3347 2131 volucres,

1766 2165 2171 2238 quadrupedes,
2195 2165 2338 2221 feras
2369 2179 2383 2216 :
2419 2180 2482 2218 ac
2504 2171 2785 2235 postremo
2812 2162 2935 2217 loco
2963 2161 3347 2216 duodecimum

1768 2258 2042 2315 hominem
2076 2257 2468 2329 proposuisse;
2506 2272 2681 2326 eoque
2729 2255 2893 2311 modo
2920 2254 3274 2310 trieenarium
3310 2268 3343 2308 a

1768 2351 1952 2423 Moyse
1980 2356 2469 2406 commemoratum
2500 2349 2839 2404 existimant.
2868 2346 3154 2403 Hominem
3184 2361 3351 2417 porro

1766 2446 1832 2501 ad
1861 2458 2128 2515 supremae
2172 2443 2401 2498 Virtutis
2442 2442 2720 2512 exemplar
2749 2440 3005 2505 edictum,
3030 2451 3344 2494 manantem

1767 2539 1838 2595 ab
1863 2555 1975 2594 uno
2006 2536 2156 2591 fonte
2177 2536 2286 2591 vim
2326 2537 2381 2589 in
2410 2549 2533 2590 sese
2561 2534 2864 2589 continere.
2901 2533 3147 2605 Eamque
3174 2533 3230 2587 in
3259 2546 3349 2587 ce-

1762 2630 1925 2685 rebro
1976 2627 2302 2683 collocatam
2338 2640 2495 2689 esse,
2535 2640 2565 2679 a
2614 2641 2722 2695 quo
2772 2625 3059 2681 facultates
3113 2633 3350 2696 quatuor

1765 2721 2026 2796 profectae
2080 2720 2361 2775 caelestem
2432 2719 2581 2774 illam
2642 2719 2932 2774 Tetradem
3000 2719 3348 2773 adumbrant.

1770 2816 1910 2873 Sunt
1935 2823 2117 2871 autem
2140 2814 2260 2869 haec
2283 2832 2296 2868 :
2325 2811 2513 2879 Visus,
2536 2812 2778 2880 auditus,
2805 2812 3038 2868 olfactus
3056 2820 3111 2868 et
3132 2821 3346 2884 gustus.

80 2928 174 2977 σιν,
196 2910 297 2983 τὴν
334 2910 389 2964 δὲ
416 2910 604 2980 ἀκοὴν,
656 2909 754 2982 τὴν
796 2911 855 2964 δὲ
891 2910 1089 2983 τρίτην
1120 2911 1410 2983 ὄσφρησιν,
1437 2913 1533 2966 καὶ
1560 2913 1659 2985 τὴν
1696 2914 1962 2985 τετάρτην
1985 2911 2191 2981 γεῦσιν.

142 3003 249 3074 Τὴν
271 3002 338 3056 δὲ
377 3002 635 3071 Ὀγδοάδα
663 3001 798 3072 φασὶ
839 3001 1142 3073 μηνύεσθαι
1177 3002 1265 3056 διά
1302 3004 1396 3056 τοῦ
1452 3002 1661 3073 ἀνθρώ-

1838 3003 2152 3074 Ogdoadem
2186 3016 2316 3056 vero
2362 3000 2441 3055 sic
2468 2999 2752 3055 hominem
2804 2995 3009 3052 referre
3053 3002 3346 3052 statuunt:

82 3113 173 3149 που
225 3094 405 3159 οὕτως
426 3112 442 3127 ο
493 3096 662 3160 ἀκοάς
696 3095 796 3166 μὲν
816 3094 912 3148 δύο
950 3094 1173 3167 ἔχοντας
1205 3096 1247 3159 ⁸,
1273 3098 1369 3150 καὶ
1391 3096 1661 3161 τοσαύτας

76 3188 311 3258 ὁράσεις,
361 3187 443 3241 ἔτι
484 3205 543 3241 τε
579 3189 881 3259 ὀσφρήσεις
914 3187 1028 3251 δύο,
1079 3189 1174 3241 καὶ
1217 3187 1412 3257 διπλῆν
1450 3187 1660 3257 γεῦσιν,

78 3280 265 3353 πικροῦ
311 3299 374 3335 τε
435 3281 530 3335 καὶ
576 3281 849 3351 γλυκέως.
901 3281 1059 3335 Ὅλον
1130 3280 1187 3334 δὲ
1236 3280 1328 3334 τὸν
1377 3280 1662 3353 ἄνθρωπον

78 3378 247 3429 πᾶσαν
267 3374 375 3447 τὴν
403 3373 586 3428 εἰκόνα
619 3374 717 3445 τῆς
751 3373 1152 3444 Τριακοντάδος
1193 3371 1368 3436 οὕτως
1399 3372 1543 3443 ἔχειν
1580 3374 1659 3427 δι-

76 3464 382 3519 δάσκουσιν.
414 3466 502 3518 Ἐν
535 3465 632 3535 μὲν
655 3468 786 3528 ταῖς
816 3465 974 3537 χερσὶ
1001 3465 1087 3518 διὰ
1114 3463 1225 3517 τῶν
1256 3464 1535 3518 δακτύλων
1562 3465 1663 3536 τὴν

76 3558 275 3613 Δεχάδα
317 3558 605 3628 βαστάζειν
626 3576 638 3589 ·
677 3559 736 3611 ἐν
765 3558 871 3629 ὅλῳ
901 3558 958 3610 δὲ
980 3557 1058 3629 τῷ
1083 3557 1295 3629 σώματι
1324 3560 1404 3622 εἰς
1436 3558 1664 3613 δεκαδύο

82 3653 207 3723 μέλη
235 3652 609 3723 διαιρουμένῳ
646 3652 745 3723 τὴν
777 3652 1088 3705 Δωδεκάδα.
1121 3650 1399 3722 Διαιροῢσι
1431 3651 1488 3705 δὲ
1530 3652 1664 3705 αὐτὸ

78 3746 329 3818 καθάπερ
357 3746 418 3799 τὸ
443 3747 541 3816 τῆς
574 3745 833 3817 ἀληθείας
858 3745 1112 3817 διῄρηται
1136 3745 1267 3817 παρ’
1293 3746 1476 3809 αὐτοῖς
1508 3746 1662 3819 (τοῖς)

80 3839 338 3907 σώμασι,
396 3838 527 3905 περὶ
557 3838 577 3867 ⁷
645 3831 707 3891 οὗ
774 3839 1209 3910 προειρήκαμεν.
1273 3837 1386 3908 Τήν
1459 3854 1518 3890 τε
1570 3833 1663 3892 οὖν

91 3928 363 3997 ’ογδοάδα,
423 3930 661 4001 ἆρῤητόν
689 3947 749 3983 τε
805 3931 901 3984 καὶ
942 3931 1175 4002 ἀόρατον
1208 3926 1406 3997 οὖσαν,
1456 3932 1515 3987 ἐν
1552 3934 1664 3995 τοῖς

81 4023 408 4094 σπλάγχνοις
443 4022 792 4094 κρυΰομένην
818 4022 1078 4077 νοεῖσθαι.

141 4116 257 4182 ις’.
299 4113 492 4167 Ἥλιον
546 4114 605 4167 δὲ
658 4113 822 4169 πάλιν
862 4114 956 4168 τὸν
995 4114 1168 4185 μέγαν
1204 4110 1468 4187 φωστῆρα
1502 4116 1559 4168 ὲν
1594 4118 1661 4187 τῇ

76 4208 307 4279 τετάρτῃ
346 4203 456 4259 τῶν
480 4204 704 4276 ἡμερῶν
736 4204 1021 4274 γεγονέναι
1050 4204 1139 4258 διὰ
1167 4204 1258 4257 τὸν
1281 4205 1381 4274 τῆς
1394 4205 1663 4276 Τετράδος

76 4296 303 4368 ἀριθμὸν
332 4297 626 4366 φάσκουσι.
654 4297 767 4368 Τῆς
798 4315 857 4351 τε
886 4296 1091 4368 σκηνῆς
1127 4296 1227 4367 τῆς
1250 4298 1354 4350 ὑπὸ
1384 4297 1663 4361 Μωῦσέως

1765 3094 1909 3165 quod
1963 3101 2019 3149 et
2062 3106 2224 3148 aures
2264 3091 2404 3146 duas
2460 3090 2693 3148 habeat.
2750 3088 3051 3159 oculosque
3083 3086 3347 3153 totidem,

1764 3201 1927 3242 nares
1970 3186 2098 3240 item
2133 3184 2201 3239 ad
2230 3183 2602 3239 olfaciendum
2637 3180 2796 3247 duas,
2839 3195 2903 3236 ac
2938 3180 3214 3251 duplicem
3249 3195 3350 3251 gu-

1766 3288 1933 3340 stum,
1958 3276 2133 3331 amari
2162 3276 2417 3331 videlicet
2447 3289 2511 3330 ac
2541 3274 2719 3330 dulcis
2738 3317 2752 3341 ,
2800 3288 2929 3329 nam
2977 3273 3136 3344 251
3170 3280 3345 3329 totum

1764 3371 1942 3441 ipsum
1969 3368 2246 3425 hominem
2270 3368 2585 3424 universam
2600 3366 2905 3423 Tricenarii
2932 3365 3347 3422 similitudinem

1766 3459 1914 3514 hunc
1958 3457 2015 3513 in
2046 3456 2270 3513 modum
2302 3458 2628 3528 exprimere.
2666 3455 2914 3512 Primum
2942 3457 2999 3511 in
3028 3456 3213 3527 digitis
3249 3454 3350 3513 De-

1765 3549 1958 3606 cadem
1999 3548 2380 3605 circumferre.
2422 3548 2561 3603 Tum
2602 3548 2657 3603 in
2688 3564 2920 3620 corpore
2952 3556 3067 3604 toto
3100 3547 3348 3605 Dodeca-

1764 3640 1911 3705 dem,
1949 3641 2095 3712 quod
2149 3656 2226 3695 χιι
2271 3641 2327 3695 in
2372 3636 2617 3697 membra
2647 3641 2931 3696 dividitur.
2961 3638 3041 3695 lta
3071 3640 3217 3695 enim
3246 3640 3353 3695 hoc

1765 3734 2149 3800 distribuunt,
2194 3741 2255 3788 ut
2304 3741 2360 3789 et
2400 3733 2660 3789 Veritatis
2692 3748 2915 3803 corpus,
2950 3732 3019 3789 de
3050 3748 3159 3804 quo
3190 3742 3349 3788 antea

1765 3825 2029 3884 diximus.
2078 3826 2391 3899 Ogdoadem
2443 3827 2711 3898 denique,
2765 3842 2887 3898 quae
2936 3842 3039 3882 nec
3087 3827 3351 3896 explicari

1766 3935 2055 3985 sermone,
2102 3935 2205 3975 nec
2240 3921 2416 3976 oculis
2447 3927 2627 3991 potest
2674 3920 2918 3991 percipi,
2952 3919 3008 3973 in
3038 3920 3349 3976 visceribus

1770 4010 2033 4065 latentem
2076 4009 2327 4079 intelligi.

1836 4099 1980 4157 XVI.
2008 4100 2211 4157 Praeter
2236 4101 2354 4156 haec
2380 4100 2573 4167 solem,
2602 4100 2873 4157 luminare
2904 4100 3037 4157 illud
3068 4118 3348 4175 magnum,

1768 4194 1837 4249 ad
1872 4193 2227 4248 indicandum
2264 4192 2519 4250 Tetradis
2554 4209 2846 4249 numerum
2879 4203 3077 4265 quarto
3104 4195 3193 4251 die
3221 4211 3351 4267 pro-

1767 4295 2013 4342 creatum
2066 4294 2279 4355 putant.
2315 4284 2472 4352 Quod
2518 4288 2699 4357 ipsum
2746 4286 2972 4343 Mosaici
3008 4288 3349 4343 tabernaculi

77 4388 613 4461 κατασκευασθείσης
642 4390 699 4443 αἰ
722 4390 903 4455 αὐλαὶ,
926 4390 988 4442 ὲκ
1006 4389 1230 4461 βύσσου,
1258 4390 1352 4445 καὶ
1380 4390 1657 4457 ὑακίνθου,

1840 4381 1937 4435 laea
1962 4388 2411 4451 reprtesentasse,
2444 4394 2510 4434 ex
2533 4380 2722 4450 bysso,
2749 4378 3072 4450 hyacintho,
3105 4396 3349 4452 purpura

79 4479 167 4532 καὶ
202 4478 520 4551 πορφύρας,
577 4480 673 4533 καί⁸
715 4480 971 4533 κοκκίνου
1022 4483 1325 4549 γεγονυῖαι,
1360 4481 1460 4551 τὴν
1492 4481 1661 4552 αὐτὴν

77 4571 196 4641 παρ’
229 4571 418 4634 αὐτοῖς
444 4569 727 4637 ἐπέδειξαν
752 4570 955 4625 εἰκόνα.
982 4570 1085 4623 Τόν
1115 4588 1175 4623 τε
1210 4569 1306 4624 τοῦ
1347 4570 1538 4643 ἱερέως
1567 4588 1664 4624 πο-

74 4662 228 4734 δήρη,
274 4663 545 4736 τέσσαρσι
584 4662 871 4732 στοιχείοις
911 4662 933 4693 ⁸
972 4661 1133 4715 λίθων
1163 4661 1472 4716 πολυτελῶν
1502 4678 1663 4715 κεκο-

74 4754 376 4825 σμημένον,
417 4754 518 4827 τὴν
563 4753 810 4825 Τετράδα
853 4752 1139 4824 σημαίνειν
1174 4751 1538 4824 διορίζονται*
1568 4751 1661 4805 καὶ

74 4846 123 4897 εί
153 4863 278 4901 τινα
323 4847 555 4901 τοιαῦτα
596 4849 774 4900 κεῖται
801 4846 859 4899 ὲν
880 4849 1001 4910 ταῖς
1030 4846 1295 4919 Γραφαῖς,
1324 4846 1403 4908 εἰς
1435 4844 1526 4898 τὸν
1550 4843 1660 4897 τῶν

74 4940 356 5011 τεσσάρων
408 4938 684 5011 δυνάμενα
738 4937 967 5007 ἄγεσθαι
1025 4937 1258 5010 ἀριθμὸν
1296 4937 1383 4991 διὰ
1418 4937 1515 5009 τὴν
1553 4937 1658 4989 Τε-

74 5032 308 5099 τρακτὺν
351 5029 536 5083 αὐτῶν
586 5045 721 5099 φασι
773 5028 1078 5098 γεγονέναι.
1125 5028 1237 5101 Τὴν
1282 5029 1340 5082 δὲ
1398 5027 1659 5098 Ὀγδοάδα

72 5121 226 5175 πάλιν
253 5120 571 5175 δείκνυσθαι
619 5119 812 5185 οὕτως·
868 5122 956 5175 Ἐν
990 5123 1057 5193 τῇ
1097 5121 1259 5193 ὀγδόῃ
1290 5119 1401 5173 τῶν
1433 5118 1659 5190 ἡμερῶν

74 5214 384 5268 πεπλάσθαι
411 5214 734 5284 λέγουσιτὸν
758 5214 1067 5286 ἄνθρωπον.
1095 5214 1233 5268 Ποτὲ
1254 5215 1352 5285 μὲν
1373 5213 1482 5285 γὰρ
1498 5212 1662 5266 αὑτὸν

68 5310 130 5377 τῇ
159 5308 300 5379 ’ἐκτῃ
345 5307 627 5377 βούλονται
683 5308 989 5377 γεγονέναι,
1036 5309 1165 5362 ποτὲ
1210 5309 1267 5362 δὲ
1306 5310 1370 5379 τῇ
1408 5306 1662 5378 ὀγδόῃ,εἰ

75 5397 143 5469 μὴ
176 5400 271 5454 τὸν
304 5400 410 5473 μὲν
434 5401 617 5473 χοῖκὺν
633 5402 691 5455 ὲν
716 5402 782 5472 τῇ
806 5399 942 5472 ἕκτῃ
973 5399 1082 5455 τῶν
1107 5399 1332 5473 ἡμερῶν
1354 5397 1541 5471 ὲροῦσι
1562 5414 1661 5450 πε-

135 5560 149 5589 ¹
181 5560 331 5614 Iren.
361 5558 520 5641 1b_&6

564 5602 577 5614 .
609 5567 691 5628 et,
720 5559 781 5613 τὸ
815 5559 941 5615 ἀπό.
1012 5561 1033 5591 ¹
1065 5559 1203 5616 Iren.
1241 5560 1299 5617 ἐν
1326 5555 1408 5625 οἷς
1440 5560 1546 5613 εἰσι
1582 5558 1661 5613 κα¹

1867 5557 1887 5590 ³
1914 5559 2053 5615 Iren.
2090 5558 2183 5613 ἐπὶ
2220 5561 2355 5615 πᾶσι
2400 5559 2629 5625 τούτοις.

1769 4463 2049 4544 coccoque
2094 4480 2355 4527 contexta
2375 4473 2441 4525 ὀ.
2458 4470 2766 4542 Itidemque
2791 4473 3096 4528 sacerdotis
3118 4474 3348 4529 talarem

1770 4561 2012 4616 tunicam
2041 4568 2281 4631 quatuor
2304 4560 2614 4631 lapillorum
2628 4562 2915 4618 ordinibus
2940 4563 3256 4619 distinctam
3283 4565 3349 4620 ¹¹.

1768 4654 1849 4709 Ac
1882 4655 1929 4710 si
1965 4668 2073 4725 qua
2100 4662 2231 4710 sunt
2252 4653 2672 4725 eiusdemmodi,
2711 4671 2833 4725 qua)
2872 4656 2930 4710 in
2966 4658 3143 4714 sacris
3174 4656 3349 4714 Litte-

1768 4747 1847 4801 ris
1889 4745 1957 4801 ad
1986 4746 2403 4818 quaternarium
2432 4762 2725 4803 numerum
2761 4749 3172 4805 accommodari
3215 4766 3350 4823 pos-

1769 4845 1943 4905 sunt,
2002 4853 2158 4894 suam
2207 4838 2275 4894 ad
2330 4838 2622 4895 Tetradem
2673 4841 2950 4911 pertinere
2999 4842 3347 4900 confirmant.

1767 4930 2082 5003 Ogdoadem
2110 4947 2308 4988 rursus
2352 4933 2459 4988 hoc
2506 4932 2618 4988 fere
2646 4933 2811 4989 modo
2836 4934 3229 4994 demonstrari.
3268 4937 3355 4994 Et-

1767 5024 1913 5078 enim
1973 5030 2169 5079 octavo
2222 5024 2311 5079 die
2359 5023 2653 5080 formatum
2717 5026 2993 5085 hominem
3052 5039 3350 5099 asserunt,

1767 5132 1929 5187 quem
1986 5116 2123 5172 alias
2174 5124 2329 5173 sexto
2369 5117 2554 5188 potius
2591 5119 2922 5189 productum
2971 5122 3195 5192 volunt;
3244 5124 3351 5179 nisi

1770 5212 1910 5266 forte
1954 5219 2271 5266 terrestrem
2311 5212 2586 5268 hominem
2621 5221 2806 5282 sexto,
2838 5215 3117 5271 carnalem
3158 5224 3355 5273 octavo

1770 5304 1859 5359 die
1914 5303 2241 5359 fabricatum
2300 5306 2633 5379 intelligunt.
2681 5305 2809 5363 llmc
2848 5308 3193 5379 enim‘apud
3231 5311 3353 5365 illos

1773 5397 2033 5455 distincta
2087 5404 2238 5455 sunt.
2296 5396 2401 5455 Sed
2448 5399 2699 5456 nonnulli
2754 5398 3033 5459 diversum
3083 5402 3237 5457 illum
3268 5401 3352 5455 fa-

2710 5560 2733 5593 ⁸
2761 5561 2901 5620 lren.
2914 5604 2931 5635 .
2978 5562 3349 5635 Τριάκοντάδα

136 5576 149 5589 ·
186 5576 331 5614 Iren.
361 5576 424 5612 το
456 5576 520 5613 ao
564 5602 577 5614 .
609 5576 691 5628 et,
720 5576 781 5613 το
815 5576 941 5615 απο.
1014 5576 1033 5591 '
1065 5576 1203 5616 Iren.
1241 5577 1299 5617 εν
1326 5576 1408 5625 οις
1440 5576 1546 5613 εισι
1582 5576 1661 5613 κα

70 5627 251 5705 flren.
297 5631 489 5705 πηγῆς
511 5576 775 5705 δύναμιν.
823 5633 945 5685 Mox
976 5632 1335 5705 probsgfnot,
1395 5630 1633 5705 ταύτην.

1867 5576 1887 5590 ·
1914 5576 2053 5615 tren.
2090 5576 2183 5613 επι
2220 5576 2355 5615 πασι
2400 5576 2629 5625 τούτοις.
2710 5576 2733 5593 ’
2761 5576 2927 5620 Iren..
2978 5576 3349 5635 ἰ’ριακοντάοα

1836 5645 1879 5685 r.
1905 5630 2143 5703 ἔχοντος.
2221 5633 2241 5665 ⁷
2277 5634 2421 5688 Iren.
2459 5633 2621 5705 σῶμα
2658 5636 2807 5705 περί.
2862 5635 2883 5667 ⁸
2912 5634 3054 5691 Iren.
3097 5632 3349 5705 στοίχοις.

69 5698 89 5729 δ
112 5699 245 5757 Gen.
282 5716 328 5769 ι,
363 5698 419 5757 ἰ.

493 5702 551 5777 ,ιο
578 5700 747 5760 Exod.
780 5718 931 5772 χιιι,
968 5700 1018 5761 1)
1070 5703 1142 5783 ﬂ“
1173 5702 1345 5762 Exod.
1378 5700 1574 5768 xxvtu,
1606 5700 1642 5758 4
1678 5716 1800 5774 sqq-
