3844 6272
471 230 577 288 615

1898 232 1956 288 5.
2001 229 2341 287 ΕΡΙΡΠΑΝΠ

3639 225 3737 283 θΙθ

470 354 645 415 clunt,
677 348 772 431 qui
817 346 886 405 ad
915 347 1228 420 imaginem,
1264 349 1792 421 similitudinemque
1830 361 2048 406 creatus

2155 350 2414 413 πλάσθαι,
2467 351 2558 403 τὸν
2610 349 2668 405 δὲ
2717 346 2979 420 σαρκικὺν
3013 344 3072 401 ἐν
3098 344 3164 418 τῇ
3198 342 3381 417 ὀγδόῃ.
3421 343 3735 402 Διέσταλται

471 451 557 497 est
586 439 719 505 Dei,
765 454 929 509 quem
965 438 1349 511 androgyuum
1394 442 1761 507 constituunt,
1801 442 1872 497 ab
1912 442 2052 507 alio,

472 532 567 605 qui
600 548 665 588 ex
704 532 872 586 humo
919 531 1186 587 formatus
1224 542 1330 587 est.
1376 531 1521 599 Quin
1550 542 1603 588 et
1632 548 1761 588 arca
1789 534 1939 588 illius
1967 533 2055 588 di-

474 624 604 679 luvii
631 632 896 693 tempore,
925 622 1342 693 dispositionem
1364 666 1377 687 ,
1421 625 1477 678 in
1519 640 1626 695 qua
1656 626 1905 681 homines
1931 635 2056 682 octo

476 716 687 771 liberati
727 724 853 770 sunt
888 716 929 778 ‘,
979 716 1267 771 manifeste
1312 718 1608 772 salutarem
1642 717 1709 770 ad
1738 717 2053 787 Ogdoadem

476 817 725 881 spectare
761 810 1137 879 pronuntiant,
1198 817 1257 862 ut
1300 818 1349 864 et
1404 809 1658 864 Davidem
1712 810 1931 880 ipsum,
1959 811 2053 881 qui

475 911 671 957 octavo
696 909 821 972 post
864 901 1063 957 fratres
1095 903 1216 957 loco
1249 902 1303 956 in
1335 902 1508 958 lucem
1537 910 1623 958 est
1653 902 1835 959 editus
1868 907 1909 959 ⁸.
1941 904 2055 958 Ad-

477 996 617 1050 dunt
644 1002 698 1049 et
726 994 1203 1049 circumcisionem
1238 1003 1432 1049 octavo
1465 994 1553 1050 die
1584 1003 1900 1065 susceptam
1934 1012 2053 1053 cte—

479 1088 633 1143 lestis
657 1085 932 1157 Ogdoadis
958 1086 1435 1143 circumcisionem
1464 1088 1757 1142 ostendere
1786 1088 1827 1141 ³.
1856 1090 2052 1157 Atque,

386 1214 389 1217 ‹
478 1188 539 1234 ιιι
567 1195 673 1234 uno
720 1178 893 1233 verbo
943 1178 1160 1241 dicam,
1200 1194 1541 1249 quaecunque
1579 1180 1755 1235 sacris
1796 1178 1850 1233 in
1897 1180 2054 1236 libris

478 1271 864 1341 reperiuntur,
918 1285 1039 1341 quae
1087 1272 1155 1325 ad
1202 1273 1548 1327 octonarium
1583 1288 1871 1327 numerum
1911 1273 2052 1328 trahi

478 1370 757 1433 utrunque
802 1372 1052 1433 possunt,
1094 1364 1160 1418 ad
1195 1364 1597 1419 conﬁciendum
1623 1365 1897 1435 Ogdoadis
1936 1381 2055 1435 my-

479 1457 703 1510 sterium
754 1463 1044 1524 usurpant.
1107 1455 1398 1511 Enimvero
1448 1456 1712 1511 Decadcm
1746 1472 1840 1526 per
1867 1457 2053 1511 decem

476 1546 599 1599 illas
629 1547 877 1601 nationes
916 1547 1144 1600 indicari
1187 1563 1297 1600 non
1328 1547 1627 1612 dubitant,
1658 1564 1889 1618 quarum
1925 1564 2055 1617 pos-

477 1638 777 1694 sessionem
803 1638 944 1694 Deus
974 1639 1281 1694 Abrahamo
1315 1643 1708 1709 promiserat‘.
1741 1640 2054 1711 Eodemque

479 1726 629 1784 Sara:
665 1731 956 1786 consilium
1008 1732 1305 1801 applicant,
1348 1747 1473 1785 cum
1507 1739 1627 1803 post
1655 1748 1831 1787 annos
1865 1733 2051 1788 decem

478 1821 730 1877 ancillam
763 1823 840 1877 illi
879 1838 1035 1878 suam
1063 1824 1294 1893 Agarem
1318 1824 1617 1885 concessit,
1652 1825 1859 1879 liberos
1897 1833 1956 1878 ut
1984 1840 2051 1880 ex

476 1925 559 1967 ea,
595 1912 924 1983 susciperet.
972 1912 1117 1978 Quin
1170 1923 1223 1968 et
1277 1912 1575 1967 Abrahami
1622 1930 1817 1969 servus
1847 1915 1912 1968 ad
1955 1917 2056 1970 lte-

479 2001 705 2057 bcccam
759 2003 994 2067 missus,
1024 2003 1115 2072 qui
1154 2004 1399 2058 armillas
1430 2006 1477 2057 ei
1526 2004 1715 2058 decem
1748 2020 1945 2061 aureas
1988 2006 2055 2059 ad

480 2090 643 2164 252
676 2102 900 2165 puteum
953 2096 1151 2149 obtulit
1174 2097 1216 2162 ⁸,
1247 2112 1459 2151 necnon
1514 2097 1714 2152 fratres
1758 2099 1925 2161 illius,
1962 2099 2055 2167 qui

479 2186 666 2241 decem
693 2186 813 2242 dies
840 2201 958 2242 eam
1002 2187 1366 2243 retinuerunt.
1402 2186 1643 2259 itemque
1669 2188 2054 2259 Jeroboamus,

480 2278 568 2333 cui
600 2279 786 2333 decem
834 2280 1009 2335 tribus
1039 2280 1331 2352 assignatae
1363 2283 1405 2336 ⁸.
1440 2282 1805 2339 Tabernaculi
1839 2302 2057 2356 quoque

478 2371 707 2425 cortina:
732 2371 953 2438 decem;
988 2374 1366 2443 columnaque
1396 2376 1709 2429 cubitorum
1743 2378 1963 2443 decem;
1993 2392 2058 2432 ac

476 2462 668 2519 Jacobi
708 2466 932 2520 totidem
984 2465 1079 2519 ﬁlii
1126 2468 1413 2522 coemendi
1469 2468 1730 2525 frumenti
1784 2486 1950 2526 causa
2001 2473 2056 2527 in

480 2552 776 2625 Egyptum
812 2554 1045 2625 profecti
1081 2572 1094 2607 :
1137 2556 1330 2612 decem
1382 2558 1613 2629 insuper
1640 2562 1897 2629 apostoli,
1930 2562 2057 2630 qui-

480 2648 582 2703 bus
620 2646 843 2702 absente
872 2645 1083 2703 Thoma
1122 2648 1390 2707 Dominus
1427 2658 1553 2720 post
1589 2653 2054 2707 resurrectionem

479 2739 732 2811 apparuit
757 2740 798 2805 ⁷,
838 2738 914 2805 hi,
949 2742 1194 2810 inquam,
1217 2758 1410 2798 oumes
1436 2742 1705 2799 Decadcm
1732 2746 1900 2810 illam,
1933 2762 2056 2817 qua:

477 2828 650 2885 videri
683 2830 894 2900 nequit,
919 2845 987 2885 ex
1019 2832 1239 2887 illorum
1267 2834 1526 2904 opinione
1556 2835 1932 2892 declararunt.

2155 443 2264 515 γὰρ
2291 442 2465 497 ταῦτα
2515 439 2648 511 παρ’
2673 440 2879 504 αὐτοῖς.
2906 442 3083 493 Ἔνιοι
3119 438 3180 492 δὲ
3209 437 3369 492 ἀλλον
3396 436 3615 491 θέλουσι
3653 439 3736 493 τὸν

2155 536 2277 589 κατ’
2298 534 2484 587 εἰκόνα
2524 534 2620 587 καὶ
2642 533 2902 603 ὁμοίωσιν
2924 530 3059 584 Θεοῦ
3084 530 3348 600 γεγονότα
3378 529 3736 601 ἀρσενόθηλυν

2155 625 2462 696 ἄνθρωπον,
2498 625 2593 678 καὶ
2618 624 2809 677 τοῦτον
2841 619 2981 676 εἶναι
3021 622 3113 676 τὸν
3151 620 3525 692 πνευματικόν
3544 636 3559 649 ·
3584 620 3736 673 ἄλλον

2154 717 2212 771 δὲ
2239 719 2330 772 τὸν
2358 720 2422 771 ἐκ
2463 717 2565 787 τῆς
2610 718 2714 788 γῆς
2744 716 3069 770 πλασθέντα.
3105 716 3215 769 Καὶ
3242 715 3343 786 τὴν
3370 715 3473 783 τῆς
3508 712 3735 767 κιϐωτοῦ

2153 812 2210 865 δὲ
2240 811 2550 881 οἰκονομίαν
2581 812 2637 863 ἐν
2670 809 2750 881 τῷ
2786 807 3177 878 κατακλυσμῷ,
3212 802 3327 880 ἐνῇ
3354 806 3499 860 ὀκτὼ
3528 806 3734 877 ἄνθρω-

2156 923 2247 959 ποι
2304 904 2677 975 διεσώθησαν,
2733 901 3087 975 φανερώτατά
3147 918 3279 969 φασι
3332 901 3433 971 τὴν
3479 900 3736 971 σωτήριον

2168 997 2427 1065 Ὀγδοάδα
2473 996 2714 1068 μηνύειν.
2758 996 2833 1048 Τὸ
2864 994 2996 1048 αὐτὸ
3019 993 3076 1047 δὲ
3116 993 3212 1046 καὶ
3243 992 3335 1044 τὸν
3367 990 3533 1043 Δαϐὶδ
3558 990 3735 1059 ὄγδοον

2154 1089 2283 1144 ὄντα
2303 1092 2371 1159 τῇ
2398 1088 2609 1157 γενέσει
2642 1086 2750 1139 τῶν
2798 1084 3045 1154 ἀδελφῶν
3084 1082 3250 1137 αὑτοῦ
3289 1082 3598 1154 σημαίνειν.
3624 1082 3737 1134 Ἔτι

2160 1180 2266 1251 μὴν
2294 1181 2389 1233 καὶ
2459 1179 2557 1249 τὴν
2592 1179 2899 1249 περιτομὴν
2950 1179 3296 1248 όκταήμερον
3342 1175 3638 1244 γινομένην
3682 1174 3737 1226 τὸ

2156 1271 2480 1343 περίτμημα
2532 1269 2635 1339 τῆς
2690 1268 2803 1322 ἄνω
2846 1268 3127 1336 Ὀγδοάδος
3166 1265 3380 1338 δηλοῦν.
3415 1266 3526 1319 Kal.
3554 1264 3734 1326 ἁπλῶς

2154 1364 2254 1416 ὅσα
2297 1362 2610 1433 εὑρίσκεται
2671 1364 2727 1414 ὲν
2762 1363 2882 1423 ταῖς
2934 1360 3199 1431 Γραφαίς,
3244 1357 3553 1426 ὑπάγεσθαι
3585 1357 3737 1410 δυνά·

2159 1468 2292 1521 μενα
2345 1453 2425 1510 είς
2456 1450 2546 1504 τὸν
2586 1449 2817 1520 ἀριθμὸν
2856 1449 2962 1501 τῶν
2994 1447 3160 1513 ὀκτὼ,
3202 1449 3263 1501 τὸ
3299 1449 3599 1518 μυστήριον
3639 1446 3737 1515 τῆς

2168 1543 2447 1611 Ὀγδοάδος
2467 1542 2774 1615 ἐκπληροῦν
2795 1542 3066 1610 λέγουσιν.
3103 1540 3263 1594 Ἀλλά
3293 1540 3386 1593 καὶ
3420 1540 3518 1611 τὴν
3542 1540 3736 1593 δεκάδα

2158 1636 2518 1707 σημαίνεσθαι
2567 1635 2654 1687 διὰ
2684 1634 2792 1687 τῶν
2824 1634 2955 1687 δέκα
2987 1632 3154 1685 ἐθνῶν
3186 1626 3263 1684 ὧν
3304 1631 3673 1701 ἐπηγγείλατο
3708 1631 3736 1681 ό

2156 1728 2288 1791 Θεὸς
2308 1727 2388 1798 τῷ
2423 1726 2695 1799 Ἀϐραὰμ,
2726 1729 2805 1790 εἰς
2826 1726 3154 1795 κατάσχεσιν
3174 1723 3354 1777 δοῦναι
3370 1723 3611 1791 λέγουσι.
3636 1724 3738 1776 Καὶ

2155 1822 2255 1891 τὴν
2294 1821 2421 1891 περὶ
2454 1821 2671 1891 Σάῤῥαν
2718 1820 2775 1872 δὲ
2817 1817 3149 1888 οἰκονομίαν,
3193 1817 3269 1881 ὼς
3307 1816 3445 1888 μετά
3474 1816 3574 1885 ἔτη
3611 1815 3739 1869 δέκα

2156 1914 2370 1968 δίδωσιν
2400 1912 2549 1984 αὐτῷ
2580 1914 2679 1985 τὴν
2698 1912 2895 1982 ἑαυτῆς
2922 1911 3115 1981 δούλην
3136 1912 3335 1983 Ἀγαρ,
3367 1911 3453 1963 ἴνα
3475 1912 3535 1975 ἐξ
3571 1909 3737 1977 αὐτῆς

2155 2006 2633 2077 τεκνοποιήσηται,
2683 2004 2742 2057 τὸ
2797 2003 2930 2057 αὐτὸ
2984 2002 3197 2072 δηλοῦν.
3233 2003 3342 2056 Καὶ
3386 2004 3416 2055 ὁ
3474 2001 3740 2063 δοῦλοςῶ

2170 2096 2420 2168 Ἀϐραὰμ
2448 2096 2719 2167 πεμφθεὶς
2746 2095 2841 2147 ἐπὶ
2867 2093 3181 2158 Ῥεϐέκκαν,
3212 2094 3305 2146 καὶ
3327 2093 3418 2145 ἐπὶ
3442 2092 3523 2162 τῷ
3550 2091 3739 2162 φρέατι

2156 2188 2331 2253 διδοὺς
2365 2189 2501 2261 αὐτῇ
2522 2189 2683 2259 ψέλια
2713 2186 2930 2259 χρυσῶν
2952 2187 3107 2253 δέκα,
3135 2188 3230 2240 καὶ
3256 2188 3303 2239 οἱ
3334 2186 3559 2255 ἀδελφοὶ
3578 2186 3739 2254 αὐτῆς

2158 2280 2479 2350 κατέχοντες
2510 2278 2679 2351 αὐτὴν
2713 2280 2806 2331 ἐπὶ
2831 2278 2963 2333 δέκα
3006 2278 3247 2349 ἡμέρας·
3292 2278 3373 2330 ἐτι
3411 2276 3469 2329 δὲ
3504 2275 3740 2345 Ῥοϐοάμ

2157 2374 2186 2426 ὁ
2218 2372 2288 2425 τὰ
2333 2372 2466 2425 δέκα
2525 2372 2780 2442 σκῆπτρα
2820 2370 3136 2441 λαμϐάνων,
3185 2369 3409 2438 καὶτῆς
3449 2368 3661 2439 σκηνῆς
3690 2369 3740 2419 αἱ

2158 2465 2290 2518 δέκα
2306 2464 2660 2527 αὐλαῖαι,καί
2692 2464 2741 2516 οἰ
2770 2462 2951 2517 στύλοι
2969 2464 3017 2516 οἰ
3034 2464 3381 2533 δεκαπήχεις,
3409 2461 3504 2515 καὶ
3538 2462 3592 2515 οἱ
3618 2461 3742 2514 δέκα

2158 2558 2264 2610 υἰοὶ
2309 2555 2525 2616 Ἰακὼϐ,
2565 2556 2658 2609 ἐπὶ
2690 2554 2786 2626 τὴν
2826 2554 2973 2626 ώνὴν
3017 2554 3110 2608 τοῦ
3144 2554 3289 2607 σίτου
3315 2553 3375 2607 τὸ
3398 2553 3623 2625 πρῶτον
3668 2555 3743 2616 εἰς

2158 2648 2434 2717 Αἴγυπτον
2479 2647 2845 2720 πεμφθέντες,
2894 2648 2987 2701 καὶ⁵
3031 2649 3082 2701 οἱ
3127 2648 3259 2701 δέκα
3297 2648 3614 2711 ἀπόστολοι,
3668 2643 3744 2712 οἷς

2160 2739 2489 2812 φανεροῦται
2544 2739 2681 2810 μετά
2727 2740 2825 2811 τὴν
2878 2739 3097 2812 ἔγερσιν
3124 2741 3152 2792 ὁ
3184 2740 3405 2811 Κύριος,
3434 2739 3533 2793 τοῦ
3578 2739 3744 2809 Θωμᾶ

2161 2830 2238 2900 μὴ
2267 2829 2553 2902 παρόντος,
2580 2827 2678 2901 τὴν
2711 2830 2942 2900 ἀόρατον
2968 2829 3251 2883 διετύπουν
3271 2831 3389 2883 κατ’
3425 2830 3631 2893 αὐτοὺς
3655 2834 3743 2881 Δε-

2160 2924 2319 2980 κάδα.

546 3003 711 3060 XVII.
762 3005 833 3059 At
860 3022 991 3062 vero
1031 3006 1372 3074 Dodecadis,
1421 3012 1475 3065 in
1524 3030 1633 3083 qua
1664 3013 1915 3071 defectus
1966 3017 2048 3071 illa

2231 3018 2330 3070 IZ'.
2363 3015 2474 3087 Τὴν
2516 3014 2810 3070 δυοδεκάδα
2836 3016 2913 3081 όὲ,
2955 3014 3083 3089 περὶ
3115 3015 3181 3085 ἦν
3216 3014 3312 3068 καὶ
3348 3015 3411 3068 τὸ
3445 3017 3743 3087 μυστήριον

473 3098 759 3154 calamitas
807 3114 873 3154 ac
904 3101 1229 3170 mysterium
1271 3103 1545 3174 contigit,
1578 3122 1691 3175 qua
1727 3123 1794 3163 ex
1826 3110 2055 3166 calami-

474 3198 585 3245 tate
614 3189 860 3245 omnium
905 3206 1028 3261 quae
1058 3191 1315 3248 videntur
1364 3195 1632 3266 originem
1670 3214 1925 3257 manasse
1956 3203 2053 3257 de-

378 3274 383 3277 Α
471 3283 707 3349 ﬁniunt,
741 3285 948 3354 ubique
985 3286 1135 3340 clara
1176 3302 1239 3343 ac
1276 3290 1569 3346 manifesta
1622 3294 1852 3361 vestigia
1896 3310 2055 3364 repe-

473 3377 572 3431 riri
602 3376 929 3448 pradicant.
966 3376 1288 3447 Cuiusmodi
1344 3391 1476 3437 sunt
1527 3383 1819 3440 duodecim
1863 3385 2053 3443 Jacobi

472 3469 604 3537 ﬁlii,
642 3485 672 3524 a
709 3471 909 3541 quibus
942 3470 1232 3526 duodecim
1268 3481 1579 3545 propagatae
1602 3485 1733 3530 sunt
1761 3477 1973 3545 tribus;
2002 3485 2057 3533 ct

472 3560 743 3617 rationale
770 3576 935 3632 opere
968 3562 1121 3617 vario
1142 3570 1458 3618 contextum
1476 3565 1518 3629 ⁸,
1547 3567 1638 3621 cui
1662 3566 1949 3623 duodecim
1984 3569 2057 3623 la-

386 3653 390 3657 “
472 3651 627 3721 pides
664 3653 859 3720 assuti,
895 3669 958 3708 ac
990 3653 1359 3709 tintinnabula
1409 3657 1658 3713 totidem.
1708 3659 1864 3715 Adde
1903 3662 2050 3733 lapi-

470 3743 568 3801 des
604 3744 893 3801 duodecim
926 3762 956 3801 a
988 3746 1172 3817 Moyse
1218 3748 1322 3802 sub
1353 3757 1539 3805 monte
1579 3752 1908 3819 collocatos,
1953 3771 2052 3825 pa-

471 3836 630 3907 rique
668 3853 899 3894 numero
929 3841 1126 3909 partim
1156 3840 1337 3898 medio
1383 3843 1436 3897 in
1486 3843 1733 3909 llumine,
1765 3849 1964 3917 partim
1996 3849 2053 3904 in

472 3929 731 3985 ulteriore
777 3929 895 4001 ripa
936 3932 1007 3986 ab
1057 3930 1225 3989 Josue
1256 3935 1469 4005 positos
1500 3938 1520 3969 ’
1556 3955 1568 3991 :
1606 3939 1811 4009 quique
1855 3938 2052 3996 Testa--

470 4021 642 4077 menti
686 4037 871 4077 arcam
920 4023 1353 4080 sustinuerunt:
1390 4034 1554 4096 atque
1603 4029 1729 4085 illos
1790 4030 2050 4101 insuper,

468 4131 609 4185 quos
657 4114 711 4169 in
762 4115 919 4169 vituli
970 4116 1297 4172 holocausto
1333 4119 1479 4175 Elias
1509 4124 1867 4192 supposuisse
1916 4126 2051 4196 legi-

468 4216 561 4263 tur
591 4207 658 4261 ".
691 4205 902 4273 Quibus
926 4214 978 4261 et
1009 4210 1384 4277 apostolorum
1410 4226 1671 4269 numerus
1694 4215 1923 4269 accedit.
1947 4214 2051 4271 De-

467 4300 631 4370 nique
664 4299 979 4371 ubicunque
1015 4302 1338 4358 duodenarii
1374 4305 1587 4358 numeri
1625 4321 1851 4375 aspersa
1893 4322 2049 4361 men-

2158 3106 2251 3161 τοῦ
2281 3106 2485 3170 πάθους
2508 3105 2602 3159 τοῦ
2632 3106 3011 3178 ὑστερήματος
3038 3107 3338 3175 γεγονέναι,
3361 3105 3422 3173 ἐξ
3444 3100 3504 3162 οὗ
3539 3109 3743 3172 πάθους

2156 3199 2225 3253 τά
2277 3197 2582 3268 βλεπόμενα
2626 3198 3064 3252 κατεσκευάσθαι
3110 3197 3386 3264 θέλουσιν,
3451 3201 3743 3272 ἐπισήμως

2157 3291 2253 3346 καὶ
2306 3290 2556 3364 φανερῶς
2612 3296 2857 3365 πανταχῆ
2910 3293 3123 3347 κεῖσθαι
3170 3293 3437 3362 λέγουσιν.
3485 3297 3584 3361 Ὠς
3624 3297 3741 3360 τοὺς

2156 3382 2364 3437 δώδεκα
2392 3384 2542 3449 υἱοὺς
2574 3384 2668 3439 τοῦ
2704 3384 2919 3450 Ἰακὼϐ,
2962 3385 3021 3453 ἐξ
3050 3378 3124 3439 ὧν
3156 3387 3251 3439 καὶ
3294 3386 3525 3441 δεκαδύο
3558 3389 3738 3458 φυλαὶ,

2156 3476 2250 3528 καὶ
2280 3475 2340 3529 τὸ
2369 3475 2546 3543 λόγιον
2584 3475 2646 3528 τὸ
2686 3475 2962 3529 ποικιλτὸν
3007 3475 3214 3530 δώδεκα
3255 3477 3435 3541 λίθους
3471 3478 3625 3549 ἔχον,
3656 3482 3740 3533 καὶ

2154 3565 2281 3628 τοὺς
2334 3563 2545 3618 δώδεκα
2587 3562 2845 3628 κώδωνας
2869 3582 2882 3595 ο
2913 3566 3159 3630 καὶτοὺς
3188 3567 3291 3620 ὑπὸ
3331 3568 3622 3634 Μωῦσέως
3660 3587 3739 3623 τε·

2155 3656 2346 3720 θέντας
2399 3656 2503 3709 ὑπὸ
2530 3655 2589 3709 τὸ
2624 3654 2748 3728 ὅρος
2784 3656 2991 3711 δώδεκα
3025 3657 3205 3723 λίθους
3227 3674 3241 3690 °
3268 3659 3533 3724 ὡσαύτως
3563 3661 3624 3715 δὲ
3654 3662 3737 3715 καὶ

2154 3748 2281 3814 τοὺς
2346 3748 2453 3802 ὑπὸ
2497 3748 2672 3819 Ἰησοῦ
2723 3750 2782 3802 ἐν
2945 3750 3198 3821 ποταμῷ,
3228 3753 3321 3805 καὶ
3352 3753 3551 3817 ἄλλους
3576 3758 3656 3819 εἰς
3684 3756 3738 3807 τὸ

2154 3840 2349 3913 πέραν,
2381 3841 2475 3895 καί⁵
2507 3843 2633 3905 τοὺς
2670 3840 3038 3912 βαστάζοντας
3072 3844 3171 3915 τὴν
3208 3842 3439 3898 κιϐωτὸν
3468 3849 3577 3917 τῆς
3613 3850 3736 3900 Δια-

2155 3931 2348 4005 θήκης,
2395 3933 2488 3987 καὶ
2520 3933 2645 3996 τοὺς
2690 3932 2793 3985 ὑπὸ
2832 3933 2990 3986 Ἠλία
3030 3935 3373 4006 τεθειμένους
3410 3939 3469 3989 ἐν
3505 3942 3580 4010 τῇ
3629 3939 3739 3993 όλο-

2154 4024 2423 4079 καυτώσει
2460 4025 2554 4078 τοῦ
2587 4024 2816 4096 μόσχου·
2848 4024 2943 4078 καὶ
2970 4030 3062 4079 τὸν
3090 4027 3320 4098 ἀριθμὸν
3359 4029 3414 4082 δέ
3444 4030 3558 4084 τῶν
3608 4033 3736 4085 ἀπο-

2154 4115 2355 4168 στόλων
2379 4132 2392 4144 ·
2429 4116 2522 4168 καὶ
2539 4116 2717 4169 πάντα
2743 4115 2927 4180 ἁπλῶς
2946 4117 3047 4169 ὅσα
3067 4116 3157 4170 τὸν
3182 4118 3479 4172 δωδέκατον
3504 4122 3734 4193 ἀριθμὸν

2148 4205 2427 4271 διασώζει,
2475 4206 2574 4278 τὴν
2625 4207 2909 4261 Δωδεκάδα
2954 4208 3133 4261 αὐτῶν
3180 4213 3615 4284 χαρακτηρίζειν
3652 4214 3734 4266 λέ-

2151 4315 2330 4368 γουσι.
2357 4297 2468 4370 Τὴν
2504 4299 2561 4352 δὲ
2590 4299 2795 4354 τούτων
2830 4299 3047 4355 πάντων
3099 4300 3293 4355 ἕνωσιν
3325 4302 3733 4376 ὀνομαζομένην

468 4392 547 4446 tio
584 4399 688 4457 est,
727 4392 780 4447 id
823 4401 1084 4464 tanquam
1123 4393 1430 4450 Dodecadis
1469 4411 1582 4450 suae
1636 4398 1866 4468 ﬁguram
1904 4400 2048 4453 arri-

2155 4393 2528 4467 Τριακοντάδα
2566 4392 2655 4447 διὰ
2694 4392 3124 4465 τῆς-τριάκοντα
3156 4395 3346 4467 πηχῶν
3380 4396 3441 4448 τὸ
3473 4396 3611 4465 ὕψος
3646 4398 3733 4451 ἐπὶ

466 4487 643 4558 piunt.
679 4484 800 4542 Jatn
860 4487 1219 4543 tricenarium
1246 4527 1261 4552 ,
1311 4488 1405 4557 qui
1437 4502 1504 4543 ex
1538 4489 1760 4545 illorum
1796 4492 2044 4547 omnium

463 4579 855 4650 conjunctione
911 4580 1159 4634 nascitur
1182 4616 1197 4642 ,
1233 4578 1357 4649 ejus
1396 4594 1559 4641 arcte,
1595 4596 1758 4650 quam
1806 4581 2046 4640 Noemus

463 4670 771 4734 exstruxit,
826 4669 1099 4725 tricenum
1158 4670 1471 4724 cubitorum
1531 4670 1762 4726 altitudo
1815 4673 2044 4727 demon-

464 4769 604 4815 strat
636 4760 702 4814 “.
733 4760 933 4815 Deinde
967 4759 1186 4813 Samuel
1219 4760 1311 4828 qui
1340 4758 1559 4815 Saulem
1588 4776 1752 4831 supra
1779 4762 2002 4832 triginta
2023 4802 2039 4827 ,

462 4866 602 4921 quos
632 4850 697 4903 ad
712 4850 931 4918 epulum
962 4848 1430 4917 invitarat,jussit
1452 4854 1782 4907 accumbere
1807 4854 1872 4907 ¹².
1902 4852 2039 4907 Tum

463 4943 691 5010 insuper
724 4938 1209 5009 David,quatenus
1240 4940 1461 5010 triginta
1486 4951 1633 4999 totos
1668 4945 1787 5000 dies
1821 4945 1876 4999 in
1908 4962 2040 5017 agro

460 5033 677 5088 delituit
707 5032 749 5064 ¹³
777 5052 793 5101 ;
825 5042 885 5087 ut
919 5040 972 5087 et
1004 5035 1081 5090 illi
1107 5035 1199 5106 qui
1235 5034 1304 5089 ad
1335 5025 1510 5105 ipsum
1536 5051 1595 5092 se
1630 5036 1684 5091 in
1724 5039 2039 5107 speluncam

529 5193 546 5223 ¹
579 5190 715 5265 Gen.
742 5208 829 5265 vr,‘
852 5194 913 5248 l4
940 5211 1061 5265 sqq.

460 5277 554 5340 ξι),-
591 5264 679 5340 Sil.
757 5263 1238 5340 71099.net}.
1315 5263 1534 5340 (Exod.
1580 5282 1771 5331 xxvm,
1828 5268 1863 5322 4
1925 5283 2047 5340 sqq.

461 5332 507 5365 “
538 5332 556 5387 1
590 5332 721 5403 Reg.
761 5344 836 5397 εἰ,
867 5335 958 5390 22.
1040 5334 1132 5389 ³³1
1170 5334 1303 5407 Reg.
1338 5338 1542 5400 xx,15.

533 5474 645 5545 (55)
698 5475 801 5529 Ἔν
846 5475 968 5542 τοῖς
1003 5478 1319 5544 τριάκοντα
1359 5478 1624 5544 κλητοῖς.
1667 5477 1930 5535 Tricenos
1971 5479 2039 5533 ad

457 5546 769 5627 gonviuvium
797 5548 1073 5604 adhibitos
1100 5549 1265 5605 Hebr.
1294 5550 1521 5620 acV’ulg.
1551 5549 1772 5605 codices
1801 5550 2037 5619 habent;

457 5614 641 5758 argi?)
662 5632 787 5741 ι’ιέἔί
812 5688 911 5743 διὰ
941 5690 1135 5758 Δαΰὶδ,
1160 5690 1256 5745 ὅτε
1281 5690 1375 5743 ἐπὶ
1414 5688 1729 5758 τριάκοντα
1765 5689 2028 5759 ἡμέραις.

2156 4484 2278 4539 Νῶε
2333 4484 2590 4549 κιϐωτοῦ,
2638 4486 2731 4539 καὶ
2767 4485 2854 4541 διὰ
2897 4488 3150 4559 Σαμουὴλ
3190 4488 3614 4555 κατακλίναντος
3646 4492 3731 4544 τὸν

2154 4579 2327 4633 Σαοὺλ
2348 4581 2405 4632 ἐν
2432 4582 2543 4643 τοῖς
2570 4578 2865 4651 τριάκοντα
2891 4580 3109 4651 κλητοῖς
3129 4582 3242 4653 (55)
3273 4582 3509 4653 πρῶτον,
3540 4585 3637 4637 καί
3649 4584 3731 4637 διὰ

2150 4671 2334 4736 Δαϐὶδ,
2367 4672 2455 4723 ὅτε
2509 4672 2601 4725 ἐπὶ
2624 4672 2917 4744 τριάκοντα
2963 4673 3197 4745 ⁴ἡμέραις
3229 4673 3345 4745 (56)
3385 4675 3652 4748 ἐκρύϐετο
3677 4680 3728 4729 ἐν

2150 4762 2227 4833 τῷ
2269 4762 2446 4834 ἀγρῷ,
2481 4764 2578 4817 καὶ
2619 4763 2706 4817 διὰ
2743 4763 2852 4817 τῶν
2896 4764 3346 4821 συνεισελθόντων
3381 4767 3532 4839 αὺτῷ
3562 4772 3643 4834 εἰς
3674 4769 3727 4822 τὸ

2151 4855 2411 4926 σπήλαιον
2440 4855 2711 4928 (Ἰσραήλ)
2728 4871 2742 4886 ⁸
2765 4856 2860 4910 καὶ
2885 4855 2975 4909 διὰ
3004 4856 3182 4923 τοῦτο,
3199 4858 3260 4911 τὺ
3290 4860 3463 4929 μῆκος
3488 4862 3725 4929 γίνεσθαι

2148 4947 2247 5017 τῆς
2304 4948 2465 5017 ἀγίας
2516 4948 2729 5020 Σκηνῆς
2764 4949 3057 5019 τριάκοντα
3105 4948 3314 5021 πηχῶν.
3361 4951 3471 5005 Kal.
3520 4952 3581 5005 εἴ
3614 4971 3725 5006 τινα

2148 5039 2284 5094 ἄλλα
2310 5041 2574 5114 ἰσάριθμα
2612 5040 2820 5104 τούτοις
2855 5041 3189 5112 εὑρίσκουσι,
3224 5043 3323 5115 τὴν
3356 5044 3724 5114 Τριακοντάδα

1142 5195 1221 5271 ’.Ῐ
1247 5193 1518 5271 “(ig-3‘";
1552 5196 1637 5251 Η.
1715 5197 1736 5228 ³
1760 5194 1897 5271 Gen.
1930 5214 2041 5253 xvn

2155 5198 2197 5271 )._
2265 5200 2286 5231 ⁸
2316 5199 2453 5255 Gen.
2490 5218 2602 5267 xw,
2627 5202 2679 5256 5.
2756 5203 2776 5235 ⁸
2808 5203 2943 5259 Gen.
2979 5220 3129 5265 xxw.
3155 5205 3244 5271 55,
3280 5205 3370 5259 55.
3450 5208 3470 5239 ⁸
3501 5202 3566 5258 ΙΙΙ
3596 5203 3719 5271 Reg.

2125 5271 2145 5302 °
2173 5268 2289 5327 Jos.
2342 5288 2417 5337 tv,
2460 5273 2513 5327 5.
2595 5273 2637 5305 ¹⁰
2668 5272 2733 5328 lll
2761 5273 2895 5346 Ileg.
2924 5290 3079 5344 xvm,
3119 5268 3239 5331 51(
3285 5277 3325 5308 ¹¹
3360 5272 3498 5332 Gen.
3529 5292 3606 5342 v1,
3639 5270 3720 5329 t5.

2152 5481 2708 5555 Ubiscriplumjllud
2741 5492 2916 5541 exstet
2948 5482 3080 5540 mihi
3111 5497 3229 5555 non
3249 5484 3509 5539 occurrit.
3541 5482 3643 5539 Sed
3669 5483 3717 5536 in

2150 5554 2312 5634 nugis
2340 5569 2403 5611 ac
2432 5554 2660 5613 somniis
2707 5554 2914 5612 frustra
2961 5554 3327 5613 constantiam
3366 5570 3432 5611 ac
3465 5556 3715 5611 rationem

2150 5639 2355 5697 exngas.
