3772 6188
65 268 163 324 6H

63 389 234 444 αὐτῶν
266 387 354 444 διὰ
392 389 502 444 τῶν
533 392 792 448 τοιούτων
821 394 1185 451 ἐπιδεικνύναι
1218 396 1641 470 φιλεριστοῢσιν.

691 271 1068 333 emensus
1106 259 1450 334 ambesas
1490 277 1585 334 ιιι

1799 281 1912 339 0M.
1953 280 2042 340 III.
2082 312 2153 323 —
2192 279 2463 339 HERES.
2505 280 2747 340 XXXIV.

1756 410 2142 475 aggregarunt.
2193 400 2367 470 Quam
2399 403 2562 458 etiam
2610 402 2682 458 ob
2720 415 2944 457 causam
2978 401 3200 474 triginta
3233 419 3337 459 cu»

63 483 204 538 hitos
235 485 575 541 tabernaculi
610 487 890 560 longitudo
919 491 1113 563 patuit.
1144 493 1224 548 Ac
1273 495 1322 550 si
1365 509 1472 566 qua
1529 503 1661 552 sunt
1701 498 1806 552 alia
1854 500 1973 570 pari
2029 498 2428 572 comprehensa
2464 513 2732 568 numero,
2801 512 2962 554 suum
2991 499 3060 554 ad
3097 500 3335 556 tricena-

62 579 199 634 rium
235 582 700 638 accommodanda
731 599 855 642 esse
884 586 1153 645 acerrime
1183 591 1545 646 contendunt.

126 675 236 729 IH'.
292 676 612 746 Ἀναγκαῖον
670 680 685 711 ⁸
739 681 1033 754 ἡγησάμην
1085 684 1402 756 προσθεῖναι
1437 687 1585 742 τούτο

1821 677 2011 735 XVIII.
2051 677 2264 747 Quibus
2318 679 2576 738 omnibus
2634 677 2980 751 adiungenda
3033 680 3334 756 Scriptura

42 767 148 838 ’καὶ
177 769 280 824 ὅσα
315 771 444 841 περὶ
488 769 581 826 τοῦ
617 774 981 847 Προπάτοροςι
1020 777 1220 845 αὐτῶν,
1261 779 1320 842 ὃς
1363 781 1641 850 ἄγνωστος

56 855 119 931 ἦν
142 863 256 924 τοῖς
287 864 417 915 πᾶσι
454 863 561 935 πρὸ
599 865 697 937 τῆς
725 867 818 920 τοῦ
854 868 1091 940 Χριστοῦ
1123 873 1444 944 παρουσίας,
1483 873 1639 928 ἐκλέ-

56 969 240 1020 γοντες
272 956 336 1007 ὲκ
359 956 466 1008 τῶν
503 957 739 1028 Γραφῶν
768 959 976 1014 πείθειν
1001 963 1390 1034 ἐπιχειροῦσιν,
1421 965 1487 1019 ἵν’
1521 967 1636 1020 ἐπι-

53 1043 266 1111 δείξωσι
300 1047 388 1100 τὸν
424 1046 622 1120 Κύριον
663 1049 821 1122 ἡμῶν
856 1052 1014 1107 ἄλλον
1042 1056 1479 1124 καταγγέλλοντα
1529 1059 1642 1113 Πα-

54 1136 180 1206 τέρα
216 1137 373 1207 παρὰ
399 1138 490 1191 τὸν
522 1141 751 1212 ποιητὴν
785 1141 936 1195 τοῦδε
965 1143 1058 1198 τοῦ
1095 1149 1296 1212 παντός
1315 1163 1328 1177 ⁶
1353 1149 1431 1217 ὃν,
1457 1149 1640 1214 καθὼς

53 1229 391 1301 προέφαμεν,
443 1233 766 1298 ἀσεϐοῦντες
789 1276 803 1299 ,
856 1236 1229 1309 ὑστερήματος
1260 1241 1468 1313 καρπὸν
1499 1239 1638 1297 εἶναι

70 1321 290 1388 έγουσι.
349 1323 452 1378 Τὸν
515 1326 646 1395 γοῦν
711 1329 997 1401 προφήτην
1080 1332 1309 1386 Ἡσαΐαν
1374 1335 1635 1398 εἰπόντα,

63 1414 310 1482 Ἰσραὴλ
340 1415 406 1469 δέ
424 1433 502 1485 με
539 1418 650 1472 οὐκ
684 1417 859 1487 ἔγνω,
892 1420 991 1473 καὶ
1023 1424 1057 1475 ὁ
1091 1425 1240 1489 λαός
1261 1443 1337 1495 με
1380 1430 1452 1483 οὐ
1484 1443 1636 1483 συν-

49 1505 177 1573 ῆκε,
231 1508 335 1578 τὴν
379 1507 474 1561 τοῦ
520 1510 753 1582 ἀοράτου
802 1512 975 1567 Βυθοῦ
1028 1516 1304 1584 ἀγνωσίαν
1356 1521 1637 1592 εἰρηκέναι

52 1597 478 1670 μεθαρμόζουσι.
531 1603 644 1655 Καὶ
685 1603 772 1658 διὰ
835 1605 994 1676 Ὠσηὲ
1043 1609 1103 1662 τὸ
1155 1610 1465 1682 εἰρημένον,
1514 1615 1637 1670 Οὐκ

47 1689 306 1744 ἐστινέν
332 1692 534 1759 αὐτοῖς
567 1694 820 1763 ἀλήθεια
847 1697 988 1751 οὐδὲ
1009 1699 1335 1770 ἐπίγνωσις
1364 1704 1532 1769 Θεοῦ,
1556 1705 1638 1769 εις

47 1782 104 1835 τὸ
152 1783 293 1835 αὐτὸ
347 1785 641 1838 συντείνειν
688 1785 985 1857 βιάζονται.
1032 1791 1164 1854 Καὶ,
1219 1795 1340 1848 οὐκ
1388 1795 1562 1849 ἔστιν
1601 1799 1635 1850 ὀ

47 1873 298 1939 συνιὼν,
340 1875 379 1943 ἢ
409 1874 672 1944 ἐκζητῶν⁴
700 1878 811 1932 τὸν
835 1882 1002 1935 Geor.
1023 1882 1254 1949 Πάντες
1285 1884 1630 1954 ἐξέκλιναν,

47 1966 162 2034 ἅμα
222 1967 664 2036 ὴχρειώθησαν,
713 1971 806 2024 ἐπὶ
846 1973 949 2043 τῆς
993 1974 1088 2028 τοῦ
1140 1976 1312 2030 Βυθοῦ
1356 1979 1633 2047 ἀγνωσίας

44 2060 318 2113 τάττουσι.
346 2059 456 2114 Καὶ
487 2060 548 2114 τὸ
580 2061 668 2114 διὰ
693 2064 974 2129 Μωῦσέως
1002 2065 1058 2119 δὲ
1080 2068 1392 2139 εἰρημένον,
1422 2071 1632 2137 Οὐδεὶς

44 2153 249 2221 ὄψεται
287 2152 396 2208 τὸν
423 2155 591 2218 Θεὸν,
615 2155 715 2210 καὶ
734 2155 996 2225 ζήσεται,
1015 2160 1095 2224 εἰς
1116 2161 1320 2214 ἐκεῖνον
1343 2161 1487 2232 ἔχειν
1517 2164 1632 2217 πεί-

44 2243 189 2298 θουσι
213 2245 319 2316 τὴν
355 2246 657 2320 ἀναφοράν.
686 2248 790 2302 Τὸν
825 2250 924 2320 μὲν
949 2250 1059 2322 γὰρ
1081 2252 1322 2323 Ποιητὴν
1353 2253 1633 2324 ἐπιψευδὸ-

47 2353 191 2405 μενοι
248 2337 358 2390 ὑπὸ
395 2338 506 2391 τῶν
537 2340 834 2410 προφητῶν
877 2341 1153 2411 ἑωρᾶσθαι
1181 2342 1399 2411 λέγουσι
1421 2361 1432 2372 ·
1457 2344 1520 2398 τὸ
1551 2345 1628 2409 δὲ,

45 2428 254 2495 Οὐδεὶς
309 2431 518 2499 ὄψεται
559 2432 668 2487 τὸν
699 2433 876 2498 Θεὸν,
917 2432 1017 2486 καὶ
1061 2432 1320 2500 ζήσεται,
1365 2437 1493 2507 περὶ
1534 2435 1628 2490 τοῦ

42 2521 276 2591 ἀοράτου
315 2523 577 2594 μεγέθους
613 2524 706 2578 καὶ
732 2522 1014 2593 ἀγνώστου
1049 2527 1161 2590 τοῖς
1185 2527 1350 2580 πᾶσιν
1376 2527 1630 2600 εἰρῆσθαι

42 2613 270 2667 θέλουσι.
306 2616 415 2669 Καὶ
462 2616 544 2669 ὅτι
594 2616 690 2687 μὲν
718 2615 970 2687 περὶτοῦ
1001 2617 1243 2688 ἀοράτου
1287 2618 1496 2691 Πατρὸς
1539 2620 1631 2673 καὶ

40 2702 266 2775 ποιητοῦ
320 2705 428 2758 τῶν
479 2705 616 2760 ὅλων
673 2707 887 2778 εἴρηται
918 2705 1000 2769 τὸ,
1036 2706 1245 2773 Οὐδεὶς
1285 2707 1496 2776 ὄψεται
1523 2710 1631 2763 τὸν

41 2798 206 2862 Θεὸν,
250 2799 423 2853 πᾶσιν
456 2801 589 2870 ἡμῖν
643 2799 874 2870 φανερόν
914 2800 1095 2852 ἐστιν·
1125 2801 1206 2854 ὅτι
1250 2800 1309 2853 δὲ
1357 2800 1476 2854 οὐδὲ
1500 2802 1630 2870 περὶ

39 2889 126 2942 τοῦ
168 2891 265 2945 ἐπὶ
290 2892 311 2923 ⁸
343 2891 547 2945 τούτων
576 2891 1080 2964 παρεπινοουμένου
1110 2891 1304 2958 Βυθοῦ,
1333 2893 1470 2947 ἀλλά
1501 2911 1566 2946 πε
1577 2895 1628 2966 pl

37 2982 126 3038 τοῦ
183 2983 556 3058 Δημιουργοῦ,
609 2985 701 3038 καὶ
740 2984 901 3048 αὐτός
948 2986 1095 3037 ἐστιν
1131 2987 1160 3037 ὁ
1194 2984 1446 3057 ἀόρατος,
1473 2986 1625 3051 Θεὸς.

38 3073 382 3146 δειχθήσεται
407 3076 499 3130 τοῦ
549 3075 709 3145 λόγου
743 3077 1046 3148 προίόντος.
1089 3076 1200 3129 Καὶ
1229 3075 1320 3130 τὸν
1353 3077 1627 3149 Δανιὴλδὲ

35 3165 94 3219 τὸ
113 3165 246 3219 αὐτὸ
267 3167 428 3220 τοῦτο
457 3167 742 3238 σημαίνειν
780 3170 838 3220 ἐν
871 3167 949 3239 τῷ
973 3168 1251 3240 ἐπερωτᾷν
1283 3167 1374 3222 τὸν
1403 3167 1628 3238 ἄγγελον

36 3259 131 3323 τὰς
164 3257 451 3323 ὲπιλύσεις
479 3261 586 3313 τῶν
613 3258 960 3330 παραϐολῶν,
995 3259 1072 3324 ὡς
1111 3259 1187 3330 μὴ
1236 3260 1432 3316 εἰδότα.
1469 3261 1630 3317 Ἀλλά

1748 772 2064 830 testimonia
2136 773 2360 844 putavi,
2412 773 2616 843 quibus
2661 786 2762 828 sua
2813 773 2907 828 illa
2968 773 3037 830 de
3068 790 3332 847 supremo

1744 861 1978 918 Parente
2011 863 2223 917 somnia
2280 858 2527 918 stabilire
2560 871 2832 918 conantur
2853 903 2867 928 ,
2895 865 2988 935 qui
3031 876 3332 939 antequam

1743 954 2000 1010 Christus
2031 954 2331 1019 adveniret,
2354 955 2609 1010 omnibus
2632 965 2750 1011 erat
2775 958 3014 1027 ignotus.
3048 957 3162 1014 Hoc
3184 962 3331 1017 enim

1743 1045 2122 1101 demonstrare
2147 1044 2368 1101 student
2397 1061 2410 1098 :
2443 1043 2658 1102 Patrem
2684 1047 2872 1114 alium,
2902 1065 3063 1121 quam
3089 1055 3331 1111 universi

1742 1137 2113 1203 conditorem,
2145 1152 2176 1190 a
2203 1137 2429 1192 Christo
2463 1136 2692 1194 Domino
2721 1139 2895 1196 fuisse
2921 1144 3275 1213 przrdicatum
3311 1163 3331 1214 ;

1741 1245 1902 1298 quem
1934 1229 2122 1296 etiam,
2158 1238 2216 1282 ut
2253 1238 2380 1284 ante
2414 1229 2686 1295 diximus,
2719 1247 2785 1287 ex
2817 1233 3029 1290 delectu
3069 1247 3330 1310 tanquam

1743 1321 1980 1378 fructum
2019 1322 2326 1379 effloruisse
2377 1325 2738 1381 contendunt.
2783 1325 2943 1398 253
2996 1328 3154 1396 Quod
3182 1332 3328 1388 enim

1740 1413 1911 1472 Isaias
1945 1418 2210 1488 propheta
2242 1416 2379 1472 dixit
2411 1434 2424 1469 :
2460 1415 2636 1472 Israel
2666 1436 2785 1474 vero
2816 1439 2895 1475 me
2927 1440 3029 1477 non
3057 1427 3324 1496 cognovit,

1738 1516 1787 1561 et
1808 1507 2033 1576 populus
2065 1523 2145 1560 me
2177 1522 2281 1560 non
2316 1505 2575 1560 intellexit
2601 1507 2641 1570 δ,
2670 1506 2723 1560 id
2748 1509 2816 1562 ad
2844 1508 2992 1564 illius
3021 1510 3201 1582 Bythi,
3231 1512 3328 1583 qui

1738 1597 1979 1652 discerni
2010 1597 2188 1652 oculis
2219 1597 2428 1666 nequit,
2456 1595 2854 1666 ignorationem
2883 1602 3323 1659 accommodant.

1740 1689 1878 1744 Tum
1915 1689 2071 1754 illud,
2105 1689 2251 1759 quod
2280 1696 2364 1744 est
2394 1689 2535 1760 apud
2564 1687 2763 1745 Oscam
2797 1707 2810 1744 :
2848 1691 2972 1747 Non
3000 1703 3079 1748 est
3103 1695 3158 1748 in
3190 1695 3326 1765 ipsis

1739 1781 1968 1846 veritas,
2012 1795 2173 1850 neque
2217 1779 2444 1850 cognitio
2489 1779 2589 1835 Dei
2633 1782 2690 1844 ³,
2733 1780 2927 1837 eodem
2974 1783 3326 1840 referendum

1736 1869 2072 1926 existimant.
2109 1869 2243 1924 Item
2277 1886 2290 1921 :
2326 1869 2451 1924 Non
2484 1879 2564 1925 est
2591 1872 2682 1941 qui
2715 1872 2997 1943 intelligat,
3027 1883 3120 1927 aut
3144 1876 3326 1944 requi-

1737 1972 1824 2017 rat
1856 1961 2042 2017 Deum.
2075 1960 2268 2018 Omnes
2301 1961 2716 2027 declinaverunt,
2752 1964 2910 2017 simul
2948 1965 3162 2020 inutiles
3191 1967 3324 2036 [acti

1735 2066 1856 2108 sunt
1880 2055 1931 2121 ⁶;
1964 2053 2031 2109 ad
2055 2054 2303 2109 eamdem
2335 2053 2494 2125 Bythi
2528 2053 2929 2124 ignorationem
2958 2054 3322 2111 transferunt.

1735 2144 1871 2200 Illud
1901 2145 2128 2214 insuper
2151 2160 2216 2200 eo
2247 2143 2521 2214 pertinere
2544 2153 2791 2210 censent,
2824 2142 2969 2213 quod
2993 2143 3138 2216 apud
3169 2144 3324 2218 Moy-

1736 2252 1830 2292 sen
1857 2236 2055 2306 legitur
2085 2252 2098 2288 :
2137 2233 2306 2290 Nemo
2337 2234 2528 2290 videbit
2558 2234 2746 2300 Deum,
2775 2243 2824 2288 et
2864 2235 2996 2290 vivet
3026 2235 3069 2292 '.
3108 2236 3323 2294 Etenim

1733 2329 2088 2384 Conditorem
2129 2329 2207 2383 illi
2244 2327 2513 2384 duntaxat
2559 2341 2588 2380 a
2628 2328 2910 2397 prophetis
2957 2337 3320 2400 conspectum

1735 2417 1909 2475 fuisse
1948 2433 2237 2490 perperam
2273 2417 2484 2472 volunt.
2516 2416 2664 2473 Istud
2699 2433 2830 2473 vero
2865 2433 2878 2470 :
2916 2417 3084 2474 Nemo
3125 2420 3323 2476 videbit

1735 2513 1901 2569 Deum
1925 2554 1940 2580 ,
1995 2523 2043 2569 et
2075 2515 2242 2579 vivet,
2295 2513 2363 2570 de
2405 2513 2695 2584 majestate
2732 2512 2822 2567 illa
2853 2530 2974 2586 quae
3007 2530 3111 2571 nec
3144 2517 3322 2586 aspici

1733 2606 1931 2676 possit,
1967 2613 2022 2662 et
2067 2607 2253 2678 ignota
2301 2607 2375 2664 sit
2418 2606 2680 2663 omnibus
2725 2609 3140 2675 pronuntiatum
3173 2608 3319 2668 abire

1735 2704 1906 2750 ruant.
1944 2698 2147 2753 Verum
2186 2697 2255 2754 de
2304 2714 2523 2755 summo
2560 2699 2675 2762 illo,
2708 2698 2803 2768 qui
2851 2699 3025 2755 videri
3061 2715 3170 2754 non
3217 2717 3318 2772 po-

1734 2795 1861 2853 test,
1892 2787 2054 2845 Patre
2083 2804 2148 2843 ac
2179 2789 2475 2846 Conditore
2501 2790 2742 2847 omnium
2773 2791 2906 2847 illud
2949 2793 3129 2864 ipsum
3159 2809 3299 2849 usur

1733 2882 1850 2950 pari
1880 2897 1892 2933 :
1927 2879 2099 2936 Nemo
2129 2883 2319 2936 videbit
2345 2882 2536 2948 Deum,
2562 2882 2724 2940 facile
2747 2900 2942 2941 omnes
2980 2885 3316 2957 intelligunt.

1731 2973 1878 3030 Idem
1908 2991 2036 3031 vero
2070 2991 2180 3032 non
2213 2974 2281 3029 ad
2315 2976 2613 3032 conlictum
2638 2978 2788 3032 illum
2809 2979 2878 3033 ab
2903 2977 3028 3034 istis
3052 2978 3315 3050 Bythum,

1733 3066 1826 3122 sed
1874 3065 1942 3120 ad
1999 3083 2182 3122 rerum
2217 3068 2464 3121 omnium
2495 3067 2748 3138 opiﬁcem
2789 3070 3122 3134 convenire,
3159 3085 3318 3126 eum-

1732 3171 1838 3227 que
1887 3172 1987 3210 nec
2033 3156 2420 3226 aspectabilem
2448 3171 2571 3213 esse
2619 3156 2790 3213 Deum
2812 3199 2828 3225 ,
2857 3172 2888 3212 ιι
2917 3157 3078 3215 nobis
3125 3168 3319 3231 postea

1731 3249 2225 3305 demonstrabitur.
2257 3247 2484 3303 Addunt
2529 3248 2582 3304 id
2623 3249 2788 3304 etiam
2836 3251 3178 3322 signiﬁcasse
3209 3252 3318 3306 Da-

34 3351 126 3405 καὶ
158 3351 254 3405 τὸν
293 3351 522 3420 ἄγγελον
551 3353 1037 3425 ἀποκρυπτόμενον
1065 3353 1158 3406 ἀπ’
1188 3352 1352 3407 αὑτοῦ
1386 3352 1448 3406 τὸ
1479 3354 1584 3425 μέγ

1799 3340 1954 3407 clem,
1985 3355 2110 3395 cum
2143 3340 2210 3395 ab
2241 3341 2440 3411 angelo
2477 3340 2864 3412 parabolarum
2904 3343 3318 3413 interpretatio-

38 3444 341 3516 μυστήριον
368 3443 461 3498 τοῦ
502 3445 676 3499 Βυθοῦ
719 3448 894 3500 εἰπεῖν
923 3444 1072 3516 αύτῷ
1092 3460 1106 3473 ’
1163 3445 1492 3523 Ἂπότρεχε,
1517 3449 1585 3501 Aa

1799 3448 1861 3486 an
1914 3432 2062 3487 velut
2104 3429 2330 3502 ignarus
2381 3432 2641 3504 postulat.
2693 3432 2960 3505 Angelum
3009 3450 3141 3491 vero
3195 3453 3318 3491 nia-

35 3535 206 3602 mil“
246 3532 421 3593 οὗτοι
453 3537 565 3608 γὰρ
621 3541 676 3594 ol
719 3540 891 3609 λόγοι
928 3537 1408 3608 ἐμπεφραγμένοι
1445 3538 1624 3604 εἰσὶν,

31 3627 135 3694 ἕως
163 3631 220 3683 οἱ
242 3629 564 3697 συνιέντες
609 3630 888 3695 συνιῶσι,
911 3630 1008 3684 καὶ
1033 3632 1088 3684 ol
1120 3630 1327 3685 λευκοὶ
1364 3633 1625 3685 λευκαν-

35 3719 178 3775 θῶσι
204 3722 330 3792 (57)
355 3739 369 3753 ο
406 3723 501 3776 καὶ
544 3724 740 3789 αὐτοὺς
787 3718 928 3778 εἶναι
955 3723 1083 3787 τοὺς
1118 3722 1379 3791 λευκοὺς,
1422 3725 1516 3780 καὶ
1563 3721 1624 3780 εὖ

35 3813 318 3878 συνιέντας
348 3814 598 3886 αὐχοῦσι.

99 3996 249 4068 Πρὸς
297 3995 355 4050 δὲ
408 3996 631 4062 τούτους
692 3998 972 4070 ἀμύθητον
1025 3999 1232 4071 πλῆθος
1290 3999 1626 4073 ἄποκρύφων

35 4089 124 4142 καὶ
148 4089 324 4144 νόθων
353 4089 598 4162 γραφῶν,
616 4088 683 4154 ἃς
700 4091 854 4145 αὐτοὶ
883 4091 1142 4158 ἔπλασαν,
1170 4092 1627 4164 παρεισφέρουσιν

33 4184 108 4246 εἰς
137 4182 491 4254 κατάπληξιν
528 4181 638 4236 τῶν
673 4183 941 4254 ἀνοήτων,
994 4185 1091 4238 καὶ
1137 4183 1208 4238 τὰ
1231 4184 1332 4255 τῆς
1368 4183 1627 4256 ἀληθείας

37 4277 107 4346 μὴ
163 4275 553 4347 ἐπισταμένων
606 4275 932 4348 γράμματα.
983 4274 1626 4349 Προσπαραλαμϐἀνουσι

30 4367 86 4422 δὲ
117 4371 198 4433 είς
243 4369 410 4423 τοῦτο
438 4371 660 4424 κάκεῖνο
710 4369 772 4424 τὸ
823 4368 1224 4442 ῥᾳδιούργημα,
1269 4368 1345 4432 ὼς
1383 4366 1477 4420 τοῦ
1517 4369 1625 4421 Κυ-

35 4461 145 4530 ρίου
178 4460 252 4514 τὰ
287 4461 379 4515 διὰ
408 4461 503 4515 τοῦ
532 4461 853 4520 διδασκάλου
884 4463 906 4493 ³
931 4461 1081 4532 αὐτῷ
1119 4461 1412 4532 φήσαντος,
1444 4459 1626 4524 καθὼς

33 4553 146 4615 ἔθος
171 4553 350 4616 ἐστὶν,
382 4553 516 4607 Εἰπὲ
544 4553 708 4623 ἄλφα,
739 4553 1139 4626 ἀποκρίνασθαι
1169 4553 1230 4606 τὸ
1261 4552 1427 4622 ἄλφα.
1459 4553 1629 4606 Πάλιν

33 4661 86 4696 τε
119 4645 180 4698 τὺ
212 4645 361 4716 βῆτα
390 4646 488 4699 τοῦ
518 4646 839 4702 διδασκάλου
871 4645 1226 4710 κελεύσαντος
1261 4648 1458 4708 εἰπεῖν,
1495 4647 1628 4700 ἀπο-

1729 3541 1896 3590 επιιιιῐι
1936 3525 2094 3597 Bythi
2130 3527 2450 3599 mysterium
2498 3527 2678 3583 celare
2727 3527 3037 3598 cupientem
3086 3529 3162 3583 ita
3228 3545 3317 3586 re-

1730 3619 2020 3689 spondisse
2043 3637 2056 3674 :
2091 3619 2256 3687 Vade,
2278 3619 2501 3684 Daniel;
2521 3622 2645 3690 quia
2675 3620 2844 3674 clausi
2866 3621 3316 3693 sunt,signatique

1729 3728 1996 3766 sermones
2018 3753 2033 3778 ,
2061 3729 2328 3784 quousque
2367 3712 2718 3784 intelligentes
2753 3712 3091 3784 intelligant,
3119 3723 3169 3769 et
3202 3713 3316 3769 albi

1733 3804 2046 3860 dealbentur
2076 3805 2117 3858 ⁸.
2159 3803 2230 3862 Se
2287 3804 2433 3863 enim
2469 3805 2626 3861 albos
2674 3804 2797 3862 illos
2841 3812 2896 3861 et
2946 3805 3315 3879 intelligentes

1728 3912 1853 3954 esse
1882 3895 2210 3966 gloriantur.

1799 3989 2248 4062 Apocrypharum
2276 3996 2563 4058 praeterea,
2598 3995 2653 4044 et
2686 3987 3114 4044 adulterinarum
3162 3988 3317 4044 scri—

1729 4092 2050 4155 pturarum,
2099 4097 2236 4153 quas
2285 4081 2506 4152 ipsimet
2556 4081 2853 4137 commenti
2912 4092 3061 4148 sunt,
3125 4082 3317 4138 inlini-

1731 4183 1841 4230 tam
1894 4174 2296 4231 multitudinem
2339 4173 2660 4241 obtrudunt,
2703 4174 2904 4243 quibus
2958 4175 3227 4247 imperitis
3250 4190 3316 4231 ac

1730 4281 2116 4340 germanarum
2158 4264 2567 4336 Scripturarum
2612 4265 2818 4336 ignaris
2855 4273 3135 4338 stuporem
3168 4267 3315 4340 obji-

1731 4360 1901 4416 ciant.
1941 4358 2084 4425 Quin
2125 4357 2256 4413 illud
2298 4358 2563 4414 scelerate
2595 4359 2887 4414 conlictum
2929 4358 3217 4428 proferunt
3259 4361 3315 4414 in

1730 4451 1970 4508 medium
2015 4449 2362 4516 :Christum,
2415 4465 2549 4521 puer
2612 4465 2737 4505 cum
2776 4459 2961 4515 esset,
2995 4451 3316 4522 litterasque

1731 4544 1990 4608 disceret,
2023 4542 2261 4614 iubenti,
2293 4551 2352 4598 ut
2381 4543 2605 4607 assolet,
2632 4543 2978 4614 prmeeptori,
2999 4544 3096 4598 Dic
3126 4544 3312 4616 alpha,

1731 4638 1934 4708 Alpha,
1959 4636 2332 4707 respondisse.
2370 4633 2614 4690 Rursum
2640 4641 2698 4689 ut
2726 4635 2852 4691 beta
2878 4635 3084 4691 diceret
3119 4637 3316 4704 praeci-

30 4736 323 4806 κρίνασθαι
344 4737 437 4790 τὸν
468 4737 672 4808 Κύριον
699 4753 712 4769 ⁶
746 4737 820 4791 Σύ
863 4756 953 4809 μοι
978 4738 1245 4810 πρότερον
1278 4738 1398 4791 εἰπὲ
1433 4736 1485 4790 τί
1511 4740 1585 4791 ὲσσ

1799 4732 1941 4798 sati,
1993 4729 2351 4800 respondisse
2411 4727 2740 4782 Dominum:
2777 4725 2856 4781 Tu
2899 4728 3032 4782 mihi
3075 4729 3313 4799 primum

29 4830 85 4879 το
103 4829 278 4898 ἄλφα,
315 4829 411 4883 καὶ
432 4829 554 4882 τότε
582 4847 666 4884 σοι
693 4829 800 4902 spe}.
829 4831 880 4884 τί
911 4831 1028 4884 ἐστι
1054 4830 1115 4883 τὸ
1143 4829 1298 4900 βῆτα.
1331 4829 1442 4884 Καὶ
1465 4827 1585 4882 τοῦτ

1799 4825 1865 4880 ιιι]
1905 4827 1978 4879 sit
2016 4823 2178 4894 alpha
2235 4822 2428 4886 dicito,
2460 4829 2576 4876 tum
2616 4837 2716 4892 ego
2763 4822 2892 4892 quid
2937 4820 3010 4878 sit
3055 4822 3180 4878 beta
3224 4839 3314 4879 re-

29 4919 378 4991 ἐξηγοῦνται,
414 4921 490 4985 ὡς
523 4920 688 4975 αὐτοῦ
725 4921 888 4992 μόνου
913 4921 973 4974 τὸ
1006 4921 1283 4990 ἄγνωστον
1320 4921 1585 4992 ἐπισταμέ

1799 4918 2039 4975 ondebo.
2072 4917 2229 4984 Quod
2265 4916 2340 4971 illi
2366 4915 2447 4971 sic
2488 4915 2944 4986 interpretantur,
2971 4916 3131 4986 quasi
3163 4915 3314 4973 solus

28 5030 136 5077 νου,
165 5015 196 5068 ὃ
241 5015 597 5085 ἐφανέρωσεν
640 5016 697 5069 ὲν
735 5015 812 5086 τῷ
845 5013 1001 5085 τύπῳ
1046 5013 1139 5067 τοῦ
1187 5014 1353 5083 ἄλφα.
1388 5013 1585 5067 Ἔνιαὲ

1799 5010 1887 5065 ιοᾱ
1941 5017 2062 5064 erat
2117 5009 2363 5079 ignotum
2397 5006 2750 5076 intelligeret;
2780 5004 2946 5075 idque
2991 5005 3094 5060 sub
3122 5004 3319 5061 littera).

29 5109 116 5160 καὶ
157 5107 276 5160 τῶν
318 5109 376 5160 ὲν
416 5107 492 5178 τῷ
525 5107 840 5179 Εὑαγγελίῳ
885 5107 1156 5178 κειμένων
1198 5108 1280 5170 είς
1311 5105 1500 5159 τοῦτον
1535 5105 1585 5159 τὲ

1799 5104 1896 5172 pha
1958 5100 2141 5171 specie
2196 5099 2481 5154 declarare
2526 5097 2709 5153 vellet.
2771 5095 3044 5152 Nonnulla
3093 5113 3320 5168 quoque

28 5199 363 5270 χαρακτῆρα
408 5200 879 5270 μεθαρμόζουσιν·
939 5199 1016 5263 ὡς
1064 5199 1162 5271 τὴν
1202 5199 1341 5271 πρὸς
1377 5199 1476 5270 τὴν
1523 5217 1585 5271 μτ

1799 5211 1858 5249 ne
1903 5195 1957 5249 in
2009 5193 2300 5266 Evangelio
2354 5194 2640 5263 leguntur,
2683 5191 2750 5246 ad
2791 5189 3037 5247 eamdem
3086 5189 3317 5246 formam

27 5291 154 5362 τέρα
191 5290 370 5347 αὑτοῦ
416 5290 778 5356 δώεκαετοῦς
822 5292 974 5356 ὄντος
1025 5291 1318 5366 ἀπόκρισιν
1344 5287 1377 5322 ⁸
1397 5294 1519 5346 Οὐκ
1542 5295 1585 5344 oi

1799 5289 2038 5359 iplicant.
2085 5287 2244 5345 Velut
2275 5286 2420 5359 quod
2475 5286 2637 5341 matri
2683 5300 2795 5341 sua:
2827 5284 3116 5341 duodecim
3154 5291 3319 5339 natus

1433 5470 1454 5502 ³
1484 5468 1585 5539 Su;

1799 5484 1858 5521 ιιι
1884 5539 1887 5540 ν
1917 5483 1981 5523 ex
2049 5467 2192 5523 Iren.
2234 5469 2422 5540 παιδὸς
2460 5467 2633 5534 ὄντος,
2687 5467 2780 5540 καλ
2831 5466 3138 5540 γράμματα
3181 5477 3318 5540 μαν-

100 5470 304 5527 ‘Adde
329 5471 407 5527 δέ.
523 5475 544 5505 ¹
582 5473 721 5528 Iren.
769 5472 829 5526 ού
877 5474 1003 5543 περὶ
1049 5470 1144 5524 τοῦ
1193 5470 1320 5525 ὑπό.
1433 5470 1454 5502 ³
1484 5470 1585 5539 Su;

100 5559 311 5605 νοντος,
343 5545 438 5597 καὶ
487 5542 598 5600 τοῦ.
620 5544 790 5600 διδασ.
871 5543 892 5576 ⁸
927 5545 1030 5599 Isa.
1069 5558 1107 5605 ι,
1142 5542 1196 5598 ὃ.
1271 5543 1292 5575 ⁵
1320 5540 1447 5598 Ose.
1482 5557 1553 5605 Iv,

1799 5484 1858 5521 tm
1917 5483 1981 5523 ex
2049 5470 2192 5523 Iren.
2234 5470 2422 5533 παιδὸς
2460 5470 2633 5534 ὄντος,
2687 5470 2780 5522 καὶ
2831 5470 3138 5540 γράμματα
3181 5477 3312 5535 μαν·

1799 5539 1917 5596 'sal.
1955 5555 2076 5605 XIII,
2109 5540 2160 5594 5.
2238 5545 2255 5574 τ
2302 5539 2470 5596 Exod.
2511 5555 2704 5605 χχχιιι,
2741 5539 2830 5594 20.
2911 5540 2932 5571 ⁸
2963 5537 3102 5592 Dan.
3132 5536 3312 5600 xu,9.

29 5539 311 5608 θάνοντος,
343 5545 438 5597 καὶ
487 5542 598 5600 τοῦ.
620 5544 790 5600 διδασ.
871 5543 892 5576 ⁸
927 5539 1030 5599 Isa.
1069 5558 1107 5607 ι,
1142 5542 1196 5598 ὃ.
1271 5543 1292 5575 ⁵
1320 5540 1447 5598 Ose.
1482 5557 1553 5606 tv,
1589 5547 1638 5592 1.

92 5752 209 5822 ('57)
262 5749 377 5806 Καὶ
423 5753 477 5805 οἱ
523 5753 730 5806 ,λευκοὶ
785 5750 1186 5806 levarat-06m.
1225 5749 1284 5810 In
1325 5750 1514 5808 Graeco
1553 5764 1580 5803 c

1810 5744 2232 5802 ὲκλευκανθῶσι.

232 5847 520 5908 ΡΑτιιοι.
557 5847 671 5908 Gn.
709 5850 847 5909 XLI

2873 5832 2951 5891 20
