3844 6270
492 248 599 307 619

1901 246 1959 302 S.
2002 244 2341 303 EPlPHANll

3643 246 3744 303 630

492 388 669 431 annos
700 370 980 441 respondit
1018 389 1031 426 :
1068 369 1399 426 Nesciebatis
1428 369 1567 439 quod
1610 369 1663 423 in
1694 370 1761 423 iis
1793 385 1909 438 qua:
1942 367 2047 421 Pa-

2159 369 2317 431 δατε,
2358 370 2443 424 ὅτι
2484 372 2554 424 ἐν
2596 370 2719 438 τοῖς
2758 372 2861 426 τοῦ
2892 373 3122 440 Πατρός
3156 390 3276 442 μου
3321 372 3412 425 δεῖ
3438 387 3518 441 με
3555 368 3743 430 sirm;

494 468 589 519 tris
625 467 721 519 mei
751 474 894 527 sunt,
940 472 1141 533 oportet
1171 480 1251 517 me
1278 479 1391 517 esse
1422 463 1473 515 ⁸⁴ἰ
1512 460 1676 532 254
1704 460 1873 526 Quem
1913 460 2057 513 enim

492 556 831 619 nesciebant,
860 555 1137 624 inquiunt,
1160 552 1373 607 Patrem
1404 552 1510 607 illis
1534 552 1842 605 nuntiabat.
1866 551 2064 615 Quam-

491 648 677 702 obrem
710 659 769 701 ut
801 648 1043 717 ignotum
1077 646 1341 700 hactenus
1398 644 1614 699 Patrem
1665 642 2058 713 prredicarent,

492 738 777 794 duodecim
813 739 879 793 ad
915 739 1089 794 tribus
1132 737 1350 791 misisse
1384 736 1533 789 illum
1569 734 1865 804 discipulos
1909 748 2061 788 asse-

492 839 640 884 runt.
679 830 882 885 Deiude
907 845 1032 884 cum
1084 828 1243 892 alius,
1282 827 1582 895 Prwceptor
1608 825 1771 880 bone!
1808 824 2059 887 dixisset,

491 939 616 979 eum
651 924 741 992 qui
794 938 919 978 vere
976 923 1154 977 bonus
1184 927 1267 976 est
1307 920 1472 974 Deum
1518 919 1719 974 diserte
1747 917 2059 972 confessum

493 1012 681 1070 fuisse.
716 1014 854 1079 Quid
895 1030 994 1076 me,
1024 1011 1220 1081 inquit,
1254 1011 1387 1064 dicis
1420 1009 1653 1065 bonum?
1686 1008 1829 1064 Unus
1860 1019 1937 1062 est
1970 1008 2056 1062 bo-

492 1105 802 1168 nus,Puter
850 1105 939 1174 qui
984 1105 1036 1157 in
1086 1104 1227 1157 cadis
1256 1111 1331 1156 est
1377 1103 1419 1155 '.
1468 1100 1743 1155 leorum
1776 1114 1939 1170 porro
1970 1115 2063 1154 no-

490 1198 638 1251 mine
680 1196 887 1251 Eonas
926 1194 1090 1249 modo
1138 1193 1484 1265 accipiendos
1520 1208 1662 1248 esse.
1695 1190 1850 1258 Quod
1880 1200 2058 1245 autem

490 1290 942 1363 percontantibus
975 1308 988 1344 :
1019 1288 1083 1343 In
1126 1305 1228 1359 qua
1285 1296 1539 1357 potestate
1598 1288 1694 1340 hoc
1723 1286 1855 1355 facis
1888 1286 1942 1339 ³2
1970 1302 2053 1341 re-

489 1382 704 1453 spondit
733 1382 898 1448 nihil,
923 1380 1017 1437 sed
1032 1381 1190 1434 aliam
1213 1379 1333 1449 ejus
1355 1379 1708 1449 quaestionem
1740 1377 2057 1448 proposuit;

486 1477 826 1532 declaratum
860 1472 995 1527 illud
1036 1488 1101 1527 eo
1132 1471 1347 1527 silentio
1383 1478 1596 1541 putant,
1648 1484 1917 1525 summum
1953 1468 2059 1521 Pa-

486 1578 623 1623 trem
662 1566 829 1621 nullis
871 1579 1033 1635 posse
1078 1563 1258 1619 verbis
1288 1563 1573 1631 explicari.
1604 1562 1761 1618 Velut
1792 1564 1953 1617 etiam
1984 1564 2056 1616 ita

483 1674 607 1716 cum
631 1659 850 1713 locutus
881 1663 964 1711 est
997 1672 1009 1707 :
1041 1654 1190 1723 Sa’pe
1214 1670 1305 1724 ego
1346 1654 1644 1709 desideravi
1667 1671 1825 1707 unum
1850 1670 1915 1707 cx
1946 1655 2053 1707 illis

2167 463 2261 515 ’ον
2287 463 2385 515 οὐκ
2410 463 2651 533 ᾔδεισαν,
2678 464 2830 531 φασὶ,
2864 464 3083 535 Πατέρα
3126 464 3492 534 κατήγγελλεν
3525 464 3712 523 αὐτοῖς
3730 479 3742 491 ’

2161 553 2253 606 καί
2290 553 2376 606 διὰ
2406 553 2562 607 τοῦτο
2614 555 2894 625 ἐκπέμψαι
2936 556 3063 618 τοὺς
3098 555 3345 625 μαθητὰς
3378 554 3458 617 εἰς
3508 553 3609 616 τὰς
3642 552 3745 605 δώ-

2160 643 2290 696 δεκα
2320 644 2511 713 φυλὰς,
2542 646 2917 717 κηρύσσοντας
2948 645 3039 697 τὸν
3063 646 3338 712 ἄγνωστον
3374 644 3559 706 αὐτοῖς
3588 642 3740 695 Θεόν.

2160 736 2267 788 Kal
2291 735 2366 805 τῷ
2398 736 2602 789 εἰπόντι
2626 737 2793 807 αὐτῷ,
2823 737 3159 793 Διδάσκαλε
3181 737 3385 805 ἀγαθὲ,
3409 735 3502 788 τὸν
3528 734 3743 805 ἀληθῶς

2160 827 2362 895 ἀγαθὸν
2413 826 2545 880 Θεὸν
2596 826 3042 899 ὡμολογηκέναι,
3095 828 3335 881 εἰπόντα·
3369 828 3430 879 Τί
3444 842 3524 893 με
3548 824 3743 894 λέγεις

2158 916 2416 984 drawn
2442 911 2724 982 Εἷςέστιν
2756 916 3001 985 ἀγαθὸς,
3036 919 3070 969 ὀ
3094 915 3296 983 Πατὴρ
3317 916 3387 969 ἐν
3416 915 3543 979 τοῖς
3564 916 3740 982 obpa-

2158 1007 2305 1072 νοῖς,
2336 1007 2610 1078 Οὐρανοὺς
2636 1008 2690 1060 δὲ
2719 1008 2813 1061 νῦν
2834 1010 2960 1072 τοὺς
2985 1008 3196 1069 Αἰῶνας
3226 1008 3475 1079 εἰρῆσθαι
3499 1008 3738 1075 λέγουσι.

2160 1098 2269 1150 Καὶ
2293 1096 2382 1150 διὰ
2409 1098 2470 1151 τὸ
2499 1098 2571 1169 μὴ
2612 1098 2978 1169 ἀποκριθῆναι
3006 1101 3119 1162 τοῖς
3156 1100 3399 1151 εἰποῦσιν
3429 1097 3599 1168 αὐτῷ,
3645 1099 3741 1149 Ἐν

2160 1189 2302 1255 ποίᾳ
2339 1188 2587 1257 δυνάμει
2619 1190 2795 1243 τοῦτο
2828 1190 3057 1255 ποιεῖς;
3086 1189 3218 1242 ἀλλά
3254 1192 3320 1260 τῇ
3360 1190 3739 1259 ἀντεπερωτή-

2162 1298 2241 1333 σει
2272 1282 2542 1353 ἀπορῆσαι
2575 1283 2772 1346 αὐτοὺς
2814 1285 2856 1346 ⁸,
2904 1283 2965 1335 τὸ
3012 1284 3252 1356 ἄρρητον
3295 1283 3390 1336 τοῦ
3418 1282 3652 1353 Πατρὸς,
3682 1282 3738 1332 ἐν

2158 1372 2235 1444 τῷ
2260 1376 2431 1427 εἰπεῖν
2462 1376 2525 1439 ⁸⁰,
2565 1375 2857 1445 δεδειχέναι
2890 1376 3049 1429 αὑτὸν
3083 1374 3423 1445 ἐξηγοῦνται.
3462 1374 3623 1428 ’Λλλά
3645 1373 3738 1425 καὶ

2159 1463 2215 1515 ὲν
2258 1462 2334 1532 τῷ
2361 1463 2658 1534 εἰρηκέναι,
2690 1464 2993 1530 Πολλάκις
3034 1465 3383 1532 ἐπεθύμησα
3414 1462 3527 1533 (38)
3554 1462 3736 1517 ἀκοῦ-

2159 1570 2258 1607 σαι
2290 1555 2397 1609 ἕνα
2449 1554 2565 1608 τῶν
2596 1560 2793 1626 λόγων
2832 1558 3075 1621 τούτων,
3119 1557 3216 1610 καὶ
3255 1558 3365 1610 οὐκ
3402 1556 3597 1624 ἔσχον
3632 1556 3738 1608 τὸν

2158 1646 2429 1711 ἐροῦντα,
2491 1647 2845 1717 ὲμφαίνοντός
2888 1665 3019 1716 φασι
3076 1648 3184 1700 δεῖν
3234 1646 3320 1699 διὰ
3357 1643 3452 1700 τού
3494 1647 3614 1709 ἑνὸς
3646 1647 3735 1699 τὸν

483 1748 809 1805 sermonibus
834 1745 1041 1809 audire,
1067 1760 1159 1797 nec
1183 1746 1271 1814 qui
1293 1743 1486 1797 diceret
1517 1743 1698 1806 habui,
1734 1752 1939 1811 aperte,
1964 1742 2047 1794 iu-

2154 1736 2363 1805 ἀληθῶς
2411 1738 2505 1790 ἕνα
2544 1739 2697 1801 Θεὸν,
2744 1738 2801 1791 ὃν
2850 1739 2950 1790 οὐκ
3000 1738 3353 1805 ἐγνώκεισαν.
3390 1738 3512 1789 Ἔτι
3558 1738 3619 1788 ὲν
3662 1737 3737 1805 τῷ

484 1842 703 1909 quiunt,
738 1853 907 1892 unum
947 1836 1186 1892 ostendit
1218 1851 1341 1890 esse
1382 1834 1551 1889 Deum
1574 1874 1587 1898 ,
1624 1850 1783 1903 quem
1833 1834 2053 1889 minimc

484 1930 561 1985 illi
593 1936 948 1997 cognoscent.
991 1926 1071 1981 Ad
1108 1927 1221 1980 haec
1250 1940 1375 1979 cum
1407 1924 1744 1980 Hierusalem
1788 1925 2053 1978 accedens

485 2020 624 2089 ﬂevit
650 2035 802 2086 super
855 2034 991 2081 eam,
1022 2026 1070 2071 et
1104 2016 1239 2069 dixit
1278 2031 1295 2070 :
1342 2015 1402 2070 Si
1432 2018 1759 2087 cognovisses
1809 2025 1856 2069 ot
1888 2029 1942 2069 tu
1965 2058 1977 2080 ,
2018 2028 2051 2067 :t

480 2112 693 2184 quidem
737 2116 795 2166 in
840 2112 937 2165 hac
966 2110 1067 2173 die,
1116 2126 1231 2181 qua:
1262 2107 1328 2162 ad
1361 2122 1542 2176 pacem
1576 2118 1697 2161 sunt
1734 2108 1823 2161 tibi
1858 2125 1876 2161 :
1912 2125 2049 2163 nunc

483 2218 660 2259 autent
717 2202 1028 2258 abscondita
1062 2210 1184 2255 sunt
1237 2200 1331 2253 tibi
1358 2200 1378 2231 ⁸
1408 2216 1421 2251 :
1452 2200 1716 2254 vocabul)
1753 2200 1890 2263 isto,
1936 2201 2037 2253 1b:-

482 2294 694 2348 nndita
727 2302 869 2359 sunt,
910 2292 1175 2347 occultam
1220 2289 1377 2359 Bythi
1420 2298 1670 2343 naturam
1712 2290 2051 2343 abstrusam-

482 2402 588 2456 que
614 2384 1031 2441 demonstravit.
1062 2380 1528 2447 Quemadmodum
1555 2389 1607 2435 et
1647 2382 1795 2435 hisce
1830 2381 2005 2435 verbis
2032 2397 2044 2432 :

490 2479 670 2534 Venite
697 2479 765 2532 ad
794 2492 872 2532 me
914 2493 1091 2531 omnes
1160 2476 1249 2546 qui
1278 2473 1554 2537 laboratis,
1588 2484 1635 2529 et
1661 2476 1867 2528 onerati
1899 2476 2047 2537 estis,

477 2582 527 2626 et
550 2588 639 2643 ego
658 2571 891 2641 reﬁciam
922 2585 1008 2623 vos
1037 2569 1095 2635 ⁸;
1136 2576 1190 2623 et
1218 2587 1229 2621 :
1256 2566 1452 2622 Discite
1472 2586 1501 2621 α
1520 2585 1598 2622 me
1621 2569 1660 2629 °,
1684 2583 1814 2632 e.c.,
1838 2566 2051 2623 Verita-

476 2666 547 2720 tis
571 2663 856 2719 Parentem
882 2661 1153 2717 indicasse
1168 2657 1514 2715 conﬁrmant.
1539 2658 1693 2725 Quod
1718 2675 1861 2714 enim
1894 2660 2050 2730 igno-

475 2756 693 2820 rabant,
724 2755 999 2826 inquiunt,
1032 2754 1135 2807 hoc
1186 2768 1245 2807 se
1290 2754 1414 2808 illos
1460 2752 1782 2807 edocturum
1816 2753 2044 2823 recepit.

474 2848 761 2906 Postremo
808 2849 949 2903 hanc
1002 2847 1150 2902 velut
1201 2862 1380 2901 arcem
1428 2846 1767 2916 probationis
1826 2862 1939 2901 suae
1984 2862 2047 2901 ac

476 2936 756 3006 fastigium
814 2935 1130 3006 proferunt,
1167 2936 1313 3004 quod
1372 2935 1513 2989 idem
1567 2935 1827 2989 Dominus
1862 2936 2044 2992 dixit:

476 3028 740 3096 Conﬁteor
772 3027 885 3092 tibi,
925 3026 1083 3079 Pater
1108 3026 1328 3080 Domine
1344 3026 1457 3079 coeli
1476 3042 1538 3078 ac
1568 3034 1743 3087 teme,
1771 3027 1895 3095 quia
1924 3026 2047 3080 abs-
2073 3058 2114 3115 C

483 3120 710 3175 condisti
762 3136 794 3172 a
860 3117 1181 3187 sapientibus
1221 3128 1269 3171 et
1313 3116 1680 3185 prudentibus,
1712 3127 1760 3171 et
1798 3118 2040 3171 revelasti

450 3229 544 3266 -ει
577 3210 829 3279 parvulis.
859 3208 968 3274 Ita,
998 3207 1178 3271 Pater,
1197 3210 1444 3277 quoniam
1475 3224 1652 3261 coram
1682 3217 1729 3261 te
1759 3207 2044 3277 beneptaci-

475 3314 587 3357 tum
610 3311 686 3357 est
714 3301 860 3354 mihi.
896 3301 1087 3355 Omnia
1106 3300 1233 3354 mihi
1257 3299 1456 3353 tradita
1478 3309 1599 3352 sunt
1630 3316 1663 3351 a
1694 3298 1858 3354 Patre
1888 3317 1999 3354 meo
2028 3316 2046 3355 :

476 3404 528 3450 et
572 3409 721 3447 nemo
752 3394 892 3446 novit
932 3390 1146 3445 Patrem
1202 3392 1306 3445 nisi
1338 3388 1535 3453 Filius,
1585 3398 1633 3444 et
1666 3388 1864 3443 Filium
1898 3406 2047 3443 nemo

472 3486 613 3539 novit
633 3485 734 3539 nisi
755 3482 914 3536 Pater
934 3491 985 3537 et
1016 3483 1099 3536 cui
1130 3484 1347 3537 voluerit
1386 3482 1560 3536 Filius
1596 3483 1882 3536 revelare‘.
1921 3480 2049 3546 Qui-

477 3578 580 3631 bus
610 3578 786 3631 verbis
828 3575 1109 3631 evidenter
1147 3575 1247 3628 lioc
1281 3576 1348 3629 ab
1378 3574 1473 3628 illo
1501 3574 1837 3629 declaratum
1866 3572 2051 3629 existi-

472 3678 648 3732 mant,
682 3683 840 3738 quem
891 3666 997 3737 ipsi
1037 3665 1296 3721 Veritatis
1334 3664 1623 3721 Parentem
1656 3676 1864 3722 temere
1892 3680 2046 3721 com-

477 3760 649 3814 menti
685 3770 845 3825 sunt,
879 3759 1026 3813 hunc
1060 3765 1350 3827 antequam
1377 3756 1633 3813 Christus
1670 3758 1909 3813 venisset
1947 3772 2045 3812 ne-

474 3850 611 3905 mini
671 3850 838 3906 luisse
872 3849 1185 3921 cognitum;
1225 3857 1417 3903 contra
1465 3862 1595 3903 vero
1644 3848 1790 3903 istud
1822 3849 2041 3919 colligi,

468 3940 822 3997 Conditorem
879 3954 943 3994 ac
999 3938 1314 3994 Creatorem
1369 3946 1638 4009 perpetuo
1688 3938 2039 3995 manifestum

2153 1832 2455 1898 πᾳσγὸντα
2484 1829 2644 1882 αὐτὸν
2672 1832 2739 1901 τῇ
2782 1830 3153 1901 Ἰερουσαλὴμ,
3186 1830 3480 1899 δακρῦσαι
3508 1831 3601 1882 ἐπ’
3636 1832 3739 1882 αὺ-

2154 1920 2273 1981 τὸν,
2313 1920 2408 1973 καὶ
2459 1921 2677 1974 εἰπεῖν·
2727 1923 2794 1974 Εἰ
2847 1922 3036 1991 ἔγνως
3078 1923 3175 1975 καί
3224 1922 3305 1976 σὺ
3344 1921 3619 1991 σήμερον
3668 1919 3738 1972 τὰ

2150 2011 2295 2078 πρὸς
2350 2011 2626 2079 εἰρήνην·
2668 2013 2884 2080 ἐκρύϐη
2914 2012 2981 2066 δέ
3024 2030 3141 2066 σου
3168 2014 3231 2077 ⁸⁸,
3263 2013 3349 2066 διὰ
3391 2012 3487 2065 τοῦ
3514 2012 3735 2079 ἐκρύϐη

2152 2103 2392 2172 ρήιιατος
2426 2104 2485 2156 τὸ
2519 2104 2839 2176 ἀπόκρυφον
2874 2104 2965 2158 τοῦ
3007 2104 3178 2157 Βυθοῦ
3211 2104 3601 2175 δεδηλωκέναι.
3630 2104 3736 2155 Καὶ

2151 2193 2310 2246 πάλιν
2343 2194 2584 2248 εἰπόντα·
2616 2196 2792 2249 Δεῦτε
2819 2198 2967 2263 πρός
2991 2213 3086 2265 με,
3114 2196 3395 2260 πάντεςοί
3407 2193 3736 2259 κοπιῶντες

2150 2286 2249 2339 καί
2274 2286 2742 2356 πεφορτισμένοι,
2765 2286 2926 2356 κάγὼ
2945 2287 3271 2340 ἀναπαύσω
3288 2284 3462 2354 ὑμᾶς’
3478 2285 3601 2349 καὶ,
3616 2284 3737 2337 Md-

2150 2378 2280 2429 θετε
2300 2377 2398 2429 ἀπ’
2430 2377 2598 2445 ἐμοῦ,
2621 2378 2715 2432 καὶ
2747 2377 2815 2429 τά
2839 2376 2986 2446 ἑξῆς
3005 2376 3096 2429 τὸν
3116 2377 3211 2446 τῆς
3236 2375 3491 2446 ἀληθείας
3516 2376 3737 2444 Πατέρα

2150 2470 2605 2541 κατηγγελκέναι.
2645 2472 2709 2523 Ὀ
2734 2471 2843 2541 γὰρ
2871 2472 2970 2523 οὐκ
2998 2472 3235 2542 ᾔδεισαν,
3267 2469 3420 2539 φησὶ,
3448 2468 3619 2521 τοῦτο
3639 2470 3735 2520 αύ-

2148 2568 2258 2626 τοῖς
2289 2561 2571 2633 ὑπέσχετο,
2603 2561 2832 2627 διδάξειν
2863 2564 2904 2595 ⁸⁸
2930 2562 3096 2633 δὲτὴν
3125 2563 3404 2615 ἀνωτάτω.
3429 2562 3540 2613 Καὶ
3571 2559 3737 2613 οἱονεὶ

2154 2655 2418 2725 κορωνίδα
2471 2656 2572 2726 τῆς
2631 2657 2941 2722 ὑποθέσεως
3004 2658 3183 2712 αὐτῶν
3235 2656 3461 2728 φέρουσι
3516 2655 3733 2709 ταῦτα’

2163 2750 2705 2818 Ἐξομολογηὶσομαί
2730 2767 2852 2815 σοι,
2884 2752 3075 2819 Πάτερ
3109 2752 3286 2819 Κύριε
3320 2748 3436 2803 τῶν
3458 2747 3736 2817 οὐρανῶν

2150 2840 2247 2893 καί
2276 2839 2379 2908 τῆς
2410 2841 2542 2910 γῆς,
2567 2840 2655 2895 ὅτι
2681 2842 3035 2911 ἀπέκρυψας
3067 2842 3185 2896 ἀπὸ
3213 2839 3422 2909 σοφῶν
3446 2841 3543 2895 καί
3581 2856 3733 2894 C'vr-

2148 2932 2317 2994 ετῶν,
2366 2932 2461 2986 καὶ
2513 2934 2913 3002 ἀπεκάλυψας
2952 2933 3105 2987 αὐτὰ
3146 2934 3401 3000 νηπίοις.
3449 2932 3494 2963 ⁸³
3527 2933 3659 2986 Οὐὰ
3703 2934 3734 2984 ό

2148 3020 2356 3091 Πατήρ
2376 3040 2514 3092 μου,
2547 3024 2635 3077 ὅτι
2668 3024 3009 3094 ἔμπροσθέν
3048 3041 3163 3079 σου
3201 3024 3449 3079 εὐδοκία
3476 3041 3587 3093 μοι
3613 3022 3735 3093 ἐγέ-

2146 3132 2299 3170 νετο.
2335 3115 2534 3171 Πάντα
2558 3135 2657 3187 μοι
2678 3118 2973 3187 παρεδόθη
3012 3119 3131 3173 ὑπὸ
3175 3118 3279 3172 τοῦ
3317 3118 3549 3184 Πατρός
3592 3134 3727 3186 μου·

2147 3209 2241 3261 καί
2263 3210 2461 3276 οὐδεὶς
2489 3211 2640 3280 ἔγνω
2683 3212 2792 3265 τὸν
2818 3212 3049 3280 Πατέρα
3074 3212 3227 3281 εἰμὴ
3259 3214 3291 3265 ό
3321 3210 3472 3275 Υἱὸς,
3498 3211 3603 3263 καί
3633 3210 3732 3262 τὸν

2150 3302 2288 3355 Υἰόν
2312 3304 2365 3355 εἰ
2392 3303 2478 3371 μὴ
2504 3307 2536 3358 ὀ
2561 3303 2786 3373 Πατὴρ,
2826 3305 2925 3358 καί
2950 3298 2998 3371 ᾧ
3020 3304 3095 3358 ἂν
3122 3307 3155 3359 ό
3185 3305 3315 3369 Υἱὸς
3334 3304 3727 3371 ἀποκαλύψῃ.

2156 3393 2244 3447 Ἐν
2290 3393 2502 3458 τούτοις
2552 3395 2851 3469 διαρρήδην
2908 3397 3041 3465 φασὶ
3089 3396 3381 3467 δεδειχέναι
3428 3395 3623 3459 αὑτὸν,
3658 3395 3729 3457 ὡς

2144 3484 2234 3537 τὸν
2262 3484 2352 3538 ὑπ’
2392 3486 2553 3539 αὐτὸν
2581 3487 2626 3527 ιδ
2658 3486 3131 3558 παρεξευρημένον
3180 3486 3401 3557 Πατέρα
3442 3486 3728 3556 ’Δληθείας

2150 3578 2256 3649 πρὸ
2280 3578 2381 3648 τῆς
2417 3578 2721 3650 παρουσίας
2766 3579 2930 3632 αὑτοῦ
2971 3579 3195 3650 μηδενὸς
3227 3578 3445 3631 πώποτε
3482 3579 3724 3645 ἐγνωκό-

2144 3687 2263 3734 τος’
2300 3671 2393 3723 καὶ
2426 3672 2855 3736 κατασκευάζειν
2908 3671 3172 3733 θέλουσιν,
3217 3672 3293 3734 ὡς
3348 3669 3443 3722 τοῦ
3489 3671 3722 3739 Ποιητοῦ

2144 3760 2239 3813 καί¹
2285 3760 2512 3813 Κτίστου
2543 3761 2629 3814 ἀεὶ
2658 3762 2762 3814 ὑπὸ
2791 3762 3005 3816 πάντων
3038 3761 3398 3832 ἐγνωσμένου.
3418 3761 3528 3813 Καὶ
3557 3760 3724 3814 ταῦτα

2142 3852 2231 3904 τὸν
2262 3851 2458 3925 Κύριον
2496 3854 2775 3926 εἰρηκέναι
2826 3857 2953 3928 περὶ
2983 3854 3074 3908 τοῦ
3120 3854 3399 3923 ἀγνώστου
3443 3856 3562 3919 τοῖς
3595 3856 3722 3907 πᾶσι

2142 3943 2374 4015 Πατρὸς,
2410 3944 2467 3997 ὃν
2492 3947 2645 3999 αὐτοὶ
2676 3947 3120 4016 καταγγέλλουσι.

471 4033 728 4087 omnibus
752 4030 943 4086 fuisse.
973 4029 1097 4085 Haec
1121 4030 1265 4086 enim
1297 4031 1482 4087 omnia
1529 4030 1597 4085 de
1628 4030 1816 4102 ignoto
1849 4030 1943 4088 illo
1991 4028 2248 4102 Parente,
2279 4051 2440 4105 quem
2506 4037 2607 4107 ipsi
2647 4039 2965 4109 pradicant,
3010 4056 3040 4093 a
3095 4038 3313 4096 Christo
3363 4037 3719 4110 pronuntiata

470 4137 579 4177 non
618 4122 891 4178 dubitant.

546 4216 693 4274 XIX.
725 4218 745 4249 ⁸
780 4215 934 4283 Quod
976 4224 1159 4271 autem
1192 4215 1259 4270 ad
1287 4214 1740 4286 Redemptionem
1771 4215 2037 4285 pertinet,

2210 4215 2310 4272 16’.
2341 4215 2452 4285 Τὴν
2490 4216 2546 4270 δὲ
2574 4217 2675 4288 τῆς
2714 4216 3164 4289 Ἀπολυτρὼσεως
3197 4218 3378 4283 αὐτοῖς
3421 4221 3717 4293 παράδοσιν

468 4322 589 4364 eam
617 4324 793 4379 neque
816 4308 1008 4378 aspici,
1036 4322 1213 4377 neque
1237 4307 1625 4377 comprehendi
1649 4308 1831 4362 animo
1880 4322 2041 4377 posse

2152 4308 2491 4380 συμϐέϐηκεν
2542 4309 2771 4381 ἀόρατον
2824 4305 2962 4362 εἶναι
3017 4310 3111 4362 καὶ
3149 4309 3572 4380 ἀκατάληπτον,
3627 4314 3715 4367 az;

468 4399 778 4466 deﬁniunt;
810 4407 1018 4470 utpote,
1057 4414 1178 4469 quae
1211 4412 1400 4453 eorum
1437 4406 1611 4453 mater
1636 4398 1727 4461 sit,
1764 4414 1883 4468 qua:
1912 4414 2037 4469 per-

466 4508 620 4563 aeque
656 4492 923 4547 contineri
970 4505 1035 4544 ac
1062 4490 1231 4545 videri
1263 4497 1555 4560 nequeant.
1588 4491 1769 4555 Quare
1795 4506 1917 4545 cum
1949 4492 2038 4545 in-

468 4590 728 4637 constans
753 4591 915 4651 atque
942 4579 1221 4634 instabilis
1248 4578 1340 4641 sit,
1371 4594 1477 4633 non
1508 4594 1615 4631 una
1635 4579 1780 4632 illam
1813 4596 1876 4634 ac
1903 4581 2037 4636 sim-

468 4671 590 4741 plex
620 4670 796 4724 oratio
823 4670 1108 4739 complecti
1143 4677 1356 4738 potest;
1386 4668 1645 4737 quoniam
1679 4669 1747 4723 ab
1786 4685 2035 4740 unoquo-

466 4777 573 4832 que
629 4762 845 4815 illorum
883 4775 982 4831 pro
1028 4775 1127 4815 suo
1174 4768 1309 4813 nutu
1352 4773 1416 4812 ac
1457 4759 1738 4815 voluntate
1781 4761 2035 4818 traditur.

466 4851 627 4922 255
644 4850 785 4917 Quot
805 4851 947 4905 enim
972 4859 1096 4905 sunt
1121 4850 1265 4903 illius
1284 4849 1551 4918 dogmatis
1572 4864 1634 4903 ac
1656 4852 2036 4920 mysteriorum

467 4942 761 5005 antistites,
781 4942 1004 4995 totidem
1018 4950 1071 4995 et
1087 4939 1619 5010 redemptioncsess:
1637 4940 1845 4995 dicunt.
1863 4941 2040 4995 Enim-

470 5048 596 5087 vero
636 5041 803 5087 totam
838 5033 983 5087 illam
1023 5033 1256 5103 speciem
1308 5039 1471 5101 atque
1501 5046 1752 5102 pompam
1789 5032 2039 5102 ejurandi

465 5124 811 5193 baptismatis
859 5123 1169 5194 iterattequc
1219 5123 1365 5177 illius
1419 5137 1450 5176 a
1511 5124 1622 5178 Deo
1675 5127 2039 5195 generationis

464 5218 661 5287 gratia,
694 5227 748 5271 et
773 5216 1089 5287 abjicieudze
1122 5214 1243 5271 lidei
1278 5230 1307 5269 a
1343 5214 1546 5269 Satana
1572 5216 1861 5270 conlictam
1893 5233 2035 5283 esse,

548 5358 563 5386 ⁸
600 5355 727 5408 Luc.
761 5371 821 5419 ιι,
856 5355 943 5409 42.
1019 5358 1039 5387 ⁸
1070 5355 1256 5408 Matth.
1288 5372 1402 5413 XIX.
1438 5356 1519 5409 17.
1598 5357 1617 5387 ³
1650 5356 1781 5412 Luc.
1818 5375 1907 5419 xx,
1937 5358 1993 5413 2.

551 5426 642 5477 21.
674 5426 762 5477 22.
830 5427 852 5457 ⁸
888 5427 1025 5477 lren.
1061 5442 1108 5477 ς.
1141 5426 1222 5477 15.
1299 5427 1319 5457 ³
1351 5425 1475 5477 For.
1516 5426 1648 5477 πρὸς
1683 5431 1769 5477 αὐ-
1850 5430 1891 5459 ¹⁰
1920 5429 2047 5477 Iren.

2156 5372 2240 5411 uc.
2269 5374 2378 5419 XIX,
2412 5356 2501 5410 62.
2577 5358 2597 5388 ⁵
2625 5356 2809 5410 Matth.
2854 5373 2928 5419 XI,
2957 5357 3045 5410 28.

2152 5445 2165 5477 π
2197 5430 2386 5477 εἰπεῖν.
2475 5428 2513 5457 ⁸⁸
2544 5426 2678 5477 lren.
2709 5427 2815 5477 ἀπὸ
2846 5426 2959 5477 σοῦ.
3031 5429 3042 5456 ⁸

1141 5429 1222 5480 15.
1299 5429 1319 5457 ⁹
1351 5429 1475 5479 For.
1516 5429 1648 5497 πρὸς
1683 5431 1769 5483 αὐ.
1850 5430 1891 5459 ¹⁰
1920 5429 2047 5493 Iren1

1113 5497 1152 5526 ⁸³
1190 5495 1365 5549 Lucas
1398 5498 1483 5548 ναί
1535 5498 1712 5552 habet.
1791 5500 1835 5530 “
1865 5498 1922 5554 F.
1983 5500 2047 5551 αὑ

2152 5445 2167 5497 ι
2197 5430 2386 5480 εἰπεῖν.
2475 5429 2513 5457 ⁸⁸
2544 5429 2678 5481 lren.
2709 5429 2815 5480 ἀπὸ
2846 5429 2959 5480 σοῦ.
3031 5429 3071 5457 ⁸²

2152 5516 2179 5550 ν.
2257 5498 2300 5528 ⁸⁸
2347 5497 2407 5551 F.
2472 5498 2586 5551 Eva.
2668 5499 2712 5528 ⁸⁵
2754 5498 3080 5567 ιοε.τοῦτο.

466 5442 520 5487 x,
551 5426 642 5487 21,
674 5426 762 5479 22.
830 5427 852 5457 ⁸
888 5427 1025 5479 lren.
1061 5442 1108 5479 c.
1141 5426 1222 5480 l5.

466 5497 599 5561 ξειν.
688 5496 1000 5562 Ἀπόδειξιν.

2138 4398 2245 4452 τῶν
2286 4400 2608 4469 ἀκρατήτων
2650 4398 2743 4452 καὶ
2786 4399 3032 4469 ἀοράτων
3077 4398 3285 4469 μητέρα
3339 4399 3711 4470 ὑπάρχουσαν.

2139 4491 2247 4545 Καὶ
2271 4491 2359 4544 διὰ
2384 4491 2541 4544 τοῦτο
2567 4492 2797 4545 ἄστατον
2826 4486 3011 4554 οὖσαν,
3043 4492 3141 4560 οὐχ
3170 4490 3374 4553 ἁπλῶς,
3404 4492 3531 4544 οὐδὲ
3562 4494 3644 4545 ἑνὶ
3674 4492 3712 4522 ⁸⁸

2138 4582 2278 4653 λόγῳ
2312 4584 2637 4652 ἀπαγγεῖλαι
2669 4584 2781 4636 ἔστι
2814 4584 2899 4637 διὰ
2928 4584 2988 4636 τὸ
3020 4584 3077 4636 ἒν
3094 4584 3319 4636 ἕκαστον
3346 4584 3551 4646 αὐτῶν,
3588 4584 3714 4637 καθο

2136 4675 2210 4739 ὼς
2242 4676 2395 4729 αὐτοὶ
2435 4674 2745 4744 βούλονται,
2793 4674 3145 4745 παραδιδόναι
3181 4674 3371 4745 αὑτήν.
3418 4674 3581 4727 Ὅσοι
3610 4675 3710 4743 γάρ

2141 4766 2246 4817 εἰσι
2271 4763 2474 4833 ταύτης
2519 4763 2619 4833 τῆς
2662 4763 2887 4834 γνώμης
2928 4763 3291 4832 μυπαγωγοί.
3334 4763 3597 4816 τοσαῦται
3626 4764 3711 4815 καὶ

2142 4854 2560 4924 ἀπολυτρώσεις.
2591 4854 2700 4906 Καὶ
2732 4854 2811 4905 ὅτι
2842 4852 2939 4922 μὲν
2968 4854 3047 4916 εἰς
3077 4852 3361 4921 ἐξάρνησιν
3388 4852 3485 4905 τοῦ
3528 4853 3711 4923 βαπτί-

2147 4961 2347 5016 σματος
2378 4944 2479 5015 τῆς
2528 4946 2608 5007 εἰς
2650 4942 2781 4995 Θεὸν
2809 4943 3239 5012 ἀναγεννήσεως,
3280 4942 3376 4994 καὶ
3415 4944 3600 5013 πάσης
3620 4942 3710 5009 τῆς

2145 5034 2378 5097 πίστεως
2424 5032 2707 5095 ἀπόθεσιν,
2759 5031 3121 5101 ὑποϐέϐληται
3149 5030 3208 5083 τὸ
3236 5026 3375 5093 εἶδος
3416 5030 3513 5083 τοῦ
3547 5032 3588 5060 ⁸⁸
3615 5029 3709 5081 ὑπὸ

2145 5127 2239 5177 τοῦ
2266 5124 2500 5185 Σατανᾶ,
2520 5121 2842 5192 ἐλέγχοντες
2882 5122 3077 5182 αὐτοὺς
3096 5118 3518 5189 ἀπαγγελοῦμεν
3555 5120 3611 5170 ἑν
3639 5115 3708 5183 τῷ

2148 5216 2474 5287 προσήκοντι
2501 5214 2668 5285 τόπῳ.
2702 5214 2932 5283 Λέγουσι
2961 5212 3016 5266 δὲ
3054 5212 3221 5283 αὐτὴν
3254 5211 3553 5279 ἀναγκαίαν
3579 5205 3706 5261 εἰναι

3152 5358 3172 5387 ⁸
3202 5356 3330 5410 ibid.
3362 5356 3452 5411 29.
3528 5356 3547 5385 ⁷
3580 5354 3699 5407 Luc.

2475 5428 2513 5457 “
2544 5426 2678 5481 lren.
2709 5427 2815 5480 ἀπὸ
2846 5426 2959 5480 σοῦ.
3031 5428 3071 5457 ¹²
3096 5426 3230 5480 Ινρη.
3266 5428 3530 5497 ὑπέσχετο
3568 5424 3701 5478 6:61-

535 5663 646 5735 (38)
688 5660 985 5727 Πολλάκις
1014 5662 1381 5732 ἐπεθύμησα.
1432 5661 1709 5733 Nusquam
1760 5663 1871 5717 hate
1914 5668 2047 5717 sentt

2153 5675 2181 5714 a
2212 5660 2266 5714 in
2298 5661 2471 5717 sacris
2505 5659 2721 5718 lJitteris
2752 5661 3039 5731 reperitur.
