3772 6188
120 233 219 290 εει

720 229 1090 290 ADVERSUS
1150 224 1492 290 HERESES
1547 225 1675 291 ΗΒ.

1826 227 1965 295 ΓΟΜ.
2007 237 2093 294 ιιι.
2133 270 2202 282 --
2239 237 2518 300 ῙῙᾹΞΗΕΞ.
2560 235 2800 300 XXXIV.

3258 241 3368 306 (ἱεῇ

118 349 232 408 τοῖς
267 345 364 416 τὴν
387 343 598 401 τελείαν
628 349 830 416 γνῶσιν
873 338 1169 419 εἰληφόσιν,
1205 349 1293 402 ἵνα
1322 350 1402 412 εἰς
1426 349 1525 420 τὴν
1553 349 1694 422 ὑπὲρ

1830 369 1899 408 uo
1942 354 2083 419 loco,
2131 371 2256 411 cum
2297 357 2421 414 illos
2468 358 2850 426 refutabimus,
2883 360 3221 418 ostendetur.
3266 360 3373 419 Sed

122 436 302 490 πάντα
351 436 577 507 δύναμιν
619 431 755 491 ὦσιν
792 436 1306 509 ἀναγεγεννημένοι.
1345 439 1552 503 ’Λλλως
1589 443 1695 513 γὰρ

120 525 382 580 ἀδύνατον
419 527 570 592 ἐντὸς
596 527 967 599 Πληρώματος
1011 530 1271 584 εἰσελθεῖν
1292 546 1306 561 '
1346 529 1532 602 ἐπειδὴ
1557 530 1696 603 αὕτη

119 618 269 672 ἐστὶν
292 622 324 689 ἡ
349 621 428 682 είς
459 619 518 673 τὸ
544 620 702 690 βάθος
731 622 748 652 ⁸
777 621 1087 690 κατάγουσα
1118 622 1332 686 αὐτούς.
1362 623 1434 676 Τὸ
1469 623 1564 694 μὲν
1591 624 1699 698 γὰρ

121 711 406 782 βάπτισμα
433 711 528 766 τοῦ
561 713 883 785 φαινομένου
918 714 1094 786 Ἰησοῦ
1123 715 1368 783 ἀφέσεως
1393 716 1698 787 ἁμαρτιῶν,

118 799 220 870 τὴν
258 801 317 853 δὲ
344 799 718 874 ἀπολύτρωσιν
741 802 834 855 τοῦ
878 803 936 856 ὲν
971 801 1121 873 αὐτῷ
1149 802 1382 873 Χριστοῦ
1418 801 1703 856 κατελθόν-

110 911 214 959 τος
242 897 320 960 είς
351 896 658 950 τελείωσινο
701 897 798 952 καὶ
824 897 884 952 τὺ
917 898 1014 969 μὲν
1051 898 1299 969 ψυχικὸν,
1331 898 1429 970 τὴν
1451 899 1508 952 δὲ
1537 916 1702 952 πνευ-

122 986 366 1056 ματικὴν
399 981 536 1040 εἶναι
565 986 904 1055 ὑφίστανται.
936 987 1045 1042 Καὶ
1073 987 1133 1040 τὸ
1166 987 1264 1058 μὲν
1297 987 1576 1059 βάπτισμα
1598 989 1704 1042 ὑπὸ

133 1077 382 1131 Ἰωάννου
414 1080 781 1150 κατηγγέλθαι
825 1081 905 1142 είς
941 1079 1248 1150 μετάνοιαν,
1289 1082 1386 1152 τὴν
1417 1081 1476 1135 δὲ
1504 1080 1705 1135 ἀπολύο

120 1186 328 1240 τρωσιν
376 1171 479 1224 ὑπὸ
521 1171 696 1241 Ἰησοῦ
745 1170 1068 1242 κεκομίσθαι
1125 1172 1203 1234 είς
1246 1170 1543 1226 τελείωσιν.
1595 1170 1704 1224 Καὶ

119 1260 272 1313 τοῦτ’
324 1258 464 1315 εἶναι
509 1254 636 1334 περὶ
680 1253 740 1315 οὗ
795 1262 982 1331 λέγει·
1027 1262 1136 1317 Καὶ
1191 1261 1346 1317 ἄλλο
1390 1263 1706 1332 βάπτισμα

122 1352 248 1421 ἔχω
271 1353 703 1422 βαπτισθῆναι,
747 1353 844 1406 καί
874 1353 1036 1408 πάνυ
1069 1353 1375 1423 ἐπείγομαι
1419 1357 1508 1420 εις
1535 1356 1701 1409 αὑτό.

137 1445 303 1497 Ἀλλά
342 1446 435 1497 καὶ
471 1448 582 1508 τοῖς
615 1446 748 1508 uteie;
787 1444 1094 1506 Ζεϐεδαίου,
1139 1445 1238 1514 τῆς
1281 1445 1485 1516 μητρὸς
1527 1445 1705 1498 αὐτῶν

122 1535 456 1605 αἰτουμένης
485 1533 544 1586 τὸ
581 1533 799 1588 καθίσαι
830 1535 1029 1598 αὐτοὺς
1057 1536 1123 1587 ὲκ
1148 1534 1338 1599 δεξιῶν
1372 1537 1467 1588 καὶ
1493 1519 1708 1608 ἀριστε-

1801 443 1945 496 illam
1995 447 2362 500 necessariam
2398 449 2620 501 omnino
2669 449 3096 519 redemptionem
3131 449 3199 505 iis
3251 465 3373 506 esse

1802 539 2071 599 statuunt,
2110 534 2202 604 qui
2235 533 2531 604 perfectam
2571 535 2858 590 scientiam
2901 535 3080 608 adepti
3123 547 3269 602 sunt,
3316 546 3378 592 ut

1803 622 1868 676 ad
1904 637 2214 692 supremam
2257 624 2497 679 omnium
2542 625 2798 680 virtutem
2844 626 3024 680 denuo
3063 628 3374 697 gignantur.

1800 713 1970 767 Aliter
1995 701 2138 768 enim
2180 730 2395 771 omnem
2440 715 2507 769 ad
2548 715 2796 771 Pleroma
2824 716 3027 771 aditum
3055 717 3375 785 intercludi;

1802 819 1924 858 cum
1956 805 2068 860 haec
2099 807 2187 861 illa
2219 808 2313 872 sit,
2343 823 2462 878 quae
2491 823 2584 864 eos
2607 807 2675 863 ad
2698 807 2852 880 Bythi
2879 807 3145 878 profunda
3176 808 3379 880 perdu-

1803 905 1910 950 cat.
1951 896 2084 951 Nam
2130 899 2456 968 baptismum
2511 901 2823 970 apparentis
2868 900 3014 956 illius
3038 899 3216 966 Jesu',
3243 916 3375 955 con-

1803 986 2200 1043 demnationem
2228 989 2488 1044 duntaxat
2504 1005 2614 1060 prae
2635 1005 2695 1045 se
2729 990 2872 1047 ferre
2903 992 3216 1059 criminum;
3249 992 3380 1048 red-

1803 1079 2130 1150 emptionem
2179 1097 2306 1138 vero
2348 1082 2571 1148 Christi,
2605 1084 2698 1154 qui
2743 1099 2802 1140 se
2835 1084 2890 1139 in
2919 1083 3103 1141 Jesum
3133 1086 3382 1141 insinua-

1803 1180 1991 1240 verat,
2054 1173 2353 1241 perfectum
2413 1174 2481 1228 ad
2535 1183 2739 1232 statum
2781 1177 3222 1256 absolutumque
3257 1193 3384 1248 ενοι

1806 1270 1957 1317 ctare
1982 1302 1996 1316 .
2053 1262 2207 1316 Illum
2243 1265 2529 1319 animalem
2565 1282 2708 1332 esse,
2739 1269 2880 1323 hanc
2904 1284 3030 1324 vero
3058 1269 3380 1338 spiritalem.

1804 1350 2074 1409 Prreterea
2108 1354 2436 1423 baptismum
2485 1371 2514 1409 a
2559 1355 2767 1413 Joanne
2811 1359 3162 1428 capessendae
3203 1358 3384 1428 pomi-

1807 1442 1990 1496 tentia:
2030 1456 2194 1497 causa
2249 1443 2651 1512 denuntiatum,
2701 1448 3127 1518 redemptionem
3177 1464 3208 1503 a
3251 1447 3383 1503 Jesu

1808 1531 2116 1586 obtinendae
2147 1534 2320 1603 gratia
2364 1535 2714 1604 perfectionis
2752 1538 3042 1593 invectam.
3073 1541 3248 1608 Atque
3281 1539 3386 1594 hoc

126 1624 242 1694 ρῶν
261 1626 384 1695 μετ’
417 1624 581 1678 αὐτοῦ
611 1626 691 1687 είς
717 1625 814 1694 τὴν
843 1623 1139 1695 βασιλείαν,
1164 1624 1366 1695 ταύτην
1394 1626 1708 1696 προσθεῖναι

1826 1637 1950 1686 isse,
1978 1624 2121 1692 quod
2157 1625 2240 1680 bis
2273 1628 2452 1682 verbis
2485 1635 2736 1682 testatum
2774 1630 3087 1699 reliquerit:
3110 1631 3384 1701 Baptismo

122 1715 228 1786 τὴν
257 1714 629 1788 ἀπολύτρωσιν
667 1715 756 1768 τὸν
785 1715 989 1786 Κύριον
1021 1715 1290 1783 λέγουσιν,
1317 1715 1564 1769 εἰπόντα·
1597 1718 1708 1769 Ai}—

1826 1715 1920 1768 zlio
1951 1715 2113 1769 habeo
2144 1715 2427 1782 baptizari,
2476 1726 2522 1769 et
2565 1718 2633 1770 ad
2682 1719 2833 1772 illum
2876 1701 3088 1775 omnino
3136 1723 3382 1791 [ταίην.

122 1809 321 1860 νασθε
366 1805 430 1857 τὸ
471 1803 785 1874 βάπτισμα
835 1802 1266 1871 βαπτισθῆναι,
1297 1802 1328 1856 ὃ
1359 1802 1472 1872 ἐγὼ
1509 1803 1712 1873 μέλλω

119 1895 554 1963 βαπτίζεσθαις
583 1897 692 1950 Καὶ
719 1897 810 1951 τὸν
859 1895 1068 1949 Παῦλον
1109 1894 1287 1967 ῥητῶς
1314 1896 1583 1964 φάσκουσι
1611 1897 1710 1968 τὴν

122 1989 187 2042 ὲν
220 1987 441 2059 Χριστῷ
491 1987 661 2059 Ἰησοῦ
693 1986 1068 2056 ἀπολύτρωσιν
1099 1985 1359 2049 πολλάκις
1399 1987 1711 2056 μεμηνυκὲ-

122 2098 250 2135 var
297 2081 390 2135 καὶ
427 2076 565 2134 εἶναι
607 2080 811 2152 ταύτην
851 2080 950 2150 τὴν
996 2079 1088 2132 ὑπ’
1117 2077 1296 2133 αὐτῶν
1327 2078 1584 2144 ποικίλως
1613 2080 1707 2134 καὶ

123 2172 474 2245 ἀσυμφώνως
502 2171 954 2244 παραδιδομένην.

1811 1804 1925 1858 lmo
1961 1806 2124 1861 etiam
2159 1806 2400 1862 Zebedaei
2435 1809 2580 1871 (iliis,
2630 1825 2754 1864 cum
2787 1827 2976 1866 eorum
3027 1821 3201 1869 mater
3247 1831 3277 1868 a
3325 1829 3388 1870 se

1809 1897 2161 1965 postulasset,
2191 1907 2250 1952 ut
2275 1913 2372 1954 eos
2402 1915 2588 1954 secum
2620 1900 2689 1955 ad
2725 1901 2970 1956 dextram
2999 1903 3390 1975 sinistramque

1809 2003 1962 2043 suam
2015 1990 2068 2043 in
2119 2005 2287 2060 regno
2327 1991 2617 2047 considere
2656 1993 2896 2063 iuberet,
2937 1995 3189 2049 eamdem
3241 1998 3387 2051 illam

1811 2081 2240 2151 redemptionem
2290 2084 2642 2154 proposuisse
2697 2083 2984 2140 Dominum
3037 2094 3251 2156 putant,
3302 2088 3390 2144 his

1810 2173 2032 2229 verbis:
2069 2173 2301 2229 Potestis
2343 2176 2657 2245 baptismate
2693 2175 2979 2244 baptizari,
3005 2194 3107 2249 quo
3153 2196 3246 2250 ego
3293 2180 3390 2234 ba-

123 2268 415 2339 ptizandus
457 2266 656 2322 sum"?
701 2266 930 2320 Paulum
979 2265 1204 2337 insuper
1237 2265 1662 2337 redemptionem
1719 2267 1776 2321 in
1820 2267 2040 2324 Christo
2089 2267 2218 2324 Jesu
2267 2285 2508 2341 persaepe
2552 2285 3008 2328 commemorasse
3055 2271 3391 2342 praedicanti

124 2381 299 2437 quam
325 2364 569 2420 eamdem
605 2365 777 2434 ipsam
808 2379 930 2419 esse
959 2364 1171 2428 volunt,
1204 2364 1272 2420 de
1295 2379 1404 2435 qua
1433 2364 1582 2419 varia
1623 2379 1920 2436 secumque
1943 2367 2168 2424 minime
2197 2369 2527 2423 cohaerentia
2550 2368 2835 2438 disputant

201 2461 289 2513 K'.
315 2461 377 2513 Οί
399 2459 494 2530 μὲν
511 2459 618 2530 γὰρ
635 2459 814 2513 αὐτῶν
831 2477 890 2512 νυ
899 2459 1094 2530 μφῶνα
1111 2459 1598 2526 κατασκευάζουσι,
1617 2461 1712 2514 καὶ

128 2550 522 2623 μυσταγωγίαν
551 2551 853 2606 ἐπιτελοῦσι
882 2553 996 2623 μετ’
1025 2552 1370 2624 ὲπιρῤήσεών
1403 2570 1564 2606 τινων
1600 2555 1713 2616 τοῖς

121 2642 558 2715 τελειουμένοιςο
610 2643 706 2697 καὶ
764 2642 1130 2714 πνευματικὸν
1185 2644 1362 2714 γάμον
1415 2645 1712 2713 φάσκουσιν

125 2731 276 2791 εἶναι
313 2736 372 2789 τὸ
415 2736 506 2790 ὑπ’
544 2735 724 2791 αὐτῶν
765 2737 1051 2807 γινόμενον
1092 2735 1233 2790 κατά
1284 2735 1380 2806 τὴν
1422 2734 1711 2806 ὁμοιότητα

123 2826 242 2880 τῶν
270 2825 383 2879 ἄνω
410 2825 676 2893 συζυγιῶν
695 2840 710 2854 ·
750 2827 800 2878 οἱ
842 2825 898 2879 δὲ
943 2826 1164 2896 ἄγουσιν
1194 2824 1277 2894 ἐφ’
1306 2824 1468 2895 ὕδωρ,
1494 2824 1586 2877 καὶ
1612 2823 1710 2893 βα-

126 2919 416 2982 πτίζοντες
441 2917 612 2980 οὓτως
637 2917 974 2987 ἐπιλέγουσιν
993 2935 1007 2951 ·
1033 2920 1135 2984 Εἰς
1177 2917 1365 2985 ὄνομα
1400 2913 1710 2984 ἀγνώστου

1880 2461 1999 2516 XX.
2041 2462 2173 2517 Nam
2203 2465 2295 2518 alii
2321 2465 2616 2519 thaiamum
2646 2464 2834 2520 nescio
2856 2479 3018 2535 quem
3039 2473 3389 2534 construunt,

1811 2567 2013 2622 eosque
2037 2569 2175 2622 quos
2217 2569 2344 2609 suas
2390 2554 2455 2608 ad
2496 2553 2852 2610 caeremonias
2891 2554 3187 2610 admittunt
3224 2557 3390 2620 certis

1811 2645 2012 2700 ritibus
2043 2660 2107 2699 ac
2130 2645 2466 2701 carminibus
2490 2645 2743 2713 initiant;
2776 2661 2840 2702 ac
2873 2648 3019 2717 quod
3048 2649 3148 2719 ipsi
3170 2657 3387 2720 gerunt,

1816 2734 2090 2804 spiritales
2113 2736 2330 2805 nuptias
2354 2735 2642 2804 appellant,
2671 2736 2739 2790 ad
2767 2736 3073 2792 cmlestium
3105 2738 3391 2810 coniugio-

1815 2834 1937 2873 rum
1983 2820 2340 2876 imitationem
2386 2837 2692 2892 expressas.
2729 2824 2834 2878 Alii
2864 2826 2930 2880 ad
2955 2841 3151 2897 aquam
3187 2828 3391 2898 perdu-

1818 2920 1937 2966 ctos
1982 2913 2198 2982 tingunt
2246 2913 2348 2967 hac
2399 2914 2688 2970 verborum
2744 2915 3026 2971 formula:
3063 2917 3128 2972 In
3177 2919 3391 2974 nomine

126 3007 367 3077 Πατρὸς
388 3006 504 3062 τῶν
532 3008 707 3074 ὅλων,
734 3011 820 3074 είς
860 3009 1150 3075 ἀλήθειαν
1188 3006 1415 3077 μητέρα
1446 3003 1707 3070 πάντων,

1826 3003 1976 3072 ignoti
2005 3003 2190 3056 Patris
2227 3005 2479 3067 omnium,
2512 3005 2566 3058 in
2610 3007 2827 3060 veritate
2857 3009 3087 3061 omnium
3108 3019 3295 3073 matre,
3334 3012 3390 3065 in

123 3105 222 3168 εις
257 3102 365 3154 τὸν
399 3100 763 3155 κατελθόντα
813 3102 900 3166 είς
940 3099 1203 3169 Ἰησοῦν,
1244 3100 1331 3162 εἰς
1375 3095 1596 3150 ἕνωσιν
1615 3094 1713 3148 καὶ

124 3195 554 3262 ἀπολύτρωσιν
574 3194 670 3248 καὶ
698 3194 1016 3247 κοινωνίαν
1044 3190 1161 3246 τῶν
1184 3189 1512 3259 δυνάμεων.
1529 3186 1713 3240 Ἀλλοι

125 3287 190 3340 δὲ
230 3285 497 3356 Ἐὅραῖκά
532 3303 651 3339 τινα
678 3285 916 3355 ὀνόματα
946 3283 1276 3351 ἐπιλέγουσι,
1310 3280 1447 3354 πρὸς
1474 3277 1536 3333 τὸ
1577 3279 1714 3351 μᾶλ-

126 3382 226 3435 λον
264 3378 710 3450 καταπλήξασθαι
745 3379 871 3441 τοὺς
909 3374 1337 3446 τελειουμένους,
1365 3372 1537 3435 οὕτως
1557 3389 1571 3403 ο
1599 3374 1716 3426 Ba.

123 3468 298 3541 σεμὰ
326 3469 606 3538 χαμοσσὴ
642 3469 753 3540 (59)
781 3465 1114 3536 ,ϐααιανορὰ
1160 3464 1447 3536 μισταὸία
1482 3461 1715 3532 ρουαδὰ

124 3561 367 3618 κουστὰ
393 3561 662 3629 βαόοςρὸρ
700 3558 1007 3629 καλαχθεῖ.
1039 3556 1254 3612 Τούτων
1284 3556 1329 3610 δ’
1372 3558 1405 3626 ἡ
1447 3554 1713 3626 ἑρμηνεία

123 3653 251 3708 ἐστὶ
280 3651 533 3721 τοιαύτη·
580 3649 758 3719 Ὑπὲρ
795 3649 1004 3706 πᾶσαν
1039 3648 1296 3720 δύναμιν
1330 3648 1437 3703 τοῦ
1482 3647 1712 3716 Πατριίς

202 3811 221 3843 ¹
249 3807 397 3864 lren.
429 3806 591 3880 βάθος
622 3807 714 3862 τοῦ
740 3800 934 3862 Βυθοῦ.
1008 3807 1030 3839 ³
1060 3803 1250 3860 Matth.
1282 3801 1459 3872 m,15.
1535 3801 1558 3837 ⁸
1585 3801 1718 3858 Luc.

201 3963 322 4087 (⁸59.)
363 3963 604 4034 Βασεμὰ
633 3956 936 4042 χαμοσστξ.
956 3955 1156 4042 ,Ροιιιο
1183 3957 1340 4013 aliter
1368 3956 1486 4012 haec
1513 3956 1714 4012 verbo-

203 4053 258 4087 m
320 4035 529 4087 ormula
561 4031 702 4087 anud
740 4031 923 4086 lrenaat
955 4036 1306 4087 interpretem
1345 4036 1608 4087 concepta
1635 4027 1714 4081 le-

118 4027 258 4092 tum
300 4027 536 4088 formula
561 4027 923 4100 apud'lrenaai
955 4029 1306 4100 interpretem
1345 4036 1608 4100 concepta
1635 4027 1715 4081 le-

121 4107 287 4174 gitur
309 4105 405 4159 lib.
435 4120 476 4166 ι,
506 4118 564 4174 c.
590 4099 656 4155 18
690 4117 704 4154 :
738 4101 982 4174 Basyma
1004 4099 1266 4174 eocabasa
1304 4114 1497 4174 contra,
1527 4099 1711 4174 irrauf

123 4167 273 4230 rista
326 4173 600 4244 dyarbada
638 4167 906 4244 _cacotaba
956 4168 1111 4238 {odor
1162 4167 1498 4244 camelanthi.
1551 4167 1707 4244 Apud

121 4236 385 4300 Nicetani
409 4259 536 4298 vero
573 4261 587 4295 :
624 4240 858 4303 Camosi,
893 4236 1007 4302 bae,
1033 4255 1232 4293 anoora
1264 4237 1508 4306 mystada
1547 4236 1718 4306 rhudﬁa

1816 3109 1874 3148 eo
1906 3095 1996 3164 qui
2035 3096 2089 3148 in
2115 3092 2295 3148 Iesum
2328 3095 2574 3166 delapsus
2614 3107 2728 3162 est;
2756 3099 2809 3152 in
2848 3100 3058 3166 unione,
3107 3111 3156 3156 et
3187 3102 3390 3156 redem-

1817 3187 2012 3255 ptione,
2058 3189 2521 3260 communioneque
2573 3191 2845 3245 virtutum.
2892 3189 3029 3246 Sunt
3071 3204 3123 3247 et
3152 3195 3243 3263 qui
3285 3192 3392 3249 Ile-

1818 3283 2035 3338 braicas
2066 3299 2227 3339 voces
2257 3285 2557 3355 proferant,
2582 3302 2691 3356 quo
2719 3287 2980 3358 majorem
3014 3289 3239 3346 initiatis
3261 3292 3392 3346 hor-

1817 3389 1997 3430 rorem
2021 3374 2285 3444 injiciant,
2306 3377 2409 3432 hoc
2424 3378 2607 3433 modo:
2628 3379 2873 3443 Basema,
2898 3382 3184 3450 dmmosse,
3211 3384 3391 3441 ὁοωαο-

1820 3482 1973 3534 noro,
2003 3467 2718 3538 mistadia,rhuada,.custa,
2751 3473 3035 3539 babo;hor,
3070 3477 3388 3534 kaloclttliei.

1817 3553 2060 3621 Quorum
2102 3556 2216 3611 haec
2244 3564 2328 3612 est
2355 3559 2626 3614 sententia
2654 3577 2666 3614 :
2709 3560 2885 3632 Supra
2912 3581 3114 3619 omnem
3142 3569 3390 3624 virtutem

1818 3645 2024 3714 Patris,
2070 3645 2270 3703 Lumen
2321 3651 2460 3720 quod
2516 3663 2731 3706 vocatur
2779 3655 3048 3725 imploro:
3095 3675 3292 3715 necnon
3337 3670 3391 3717 et

1747 3817 1846 3869 xu,
1877 3802 1966 3858 50.
2038 3805 2062 3835 δ
2087 3801 2275 3859 Matth.
2308 3819 2403 3870 xx,
2424 3803 2514 3859 22.

1817 3971 1984 4028 sensu
2013 3957 2173 4028 longe
2195 3957 2269 4011 illi
2298 3956 2490 4015 Patres
2519 3959 2836 4018 abhorrent.
2868 3963 3066 4020 Verum
3099 3975 3159 4021 ut
3186 3969 3389 4023 carmi-

1816 4027 1904 4097 nis
1935 4027 2287 4097 hujus’initio
2325 4030 2586 4084 solemnis
2629 4032 2722 4086 illa
2762 4032 3032 4096 formula,
3082 4037 3138 4091 in
3165 4041 3388 4096 nomine

1815 4095 2019 4178 Patris,
2047 4105 2119 4178 _et
2159 4095 2392 4178 Filii,_et
2424 4097 2660 4170 Spiritus
2690 4105 2887 4178 sancti,
2924 4095 3240 4178 przescripta
3275 4095 3384 4173 sit;

1818 4175 2011 4222 eretera
2044 4174 2221 4244 tamen
2262 4169 2327 4222 ad
2376 4169 2494 4244 eam
2538 4173 2895 4238 sententiam,
2924 4169 3104 4244 'quam
3148 4169 3386 4234 irenaeus

1824 4238 2112 4306 expressit,
2165 4239 2410 4292 revocari
2451 4247 2726 4308 poterunt,
2775 4244 2819 4298 si
2865 4238 3054 4300 leviter
3095 4248 3386 4302 emendeno

122 4315 382 4373 custaba,
410 4313 606 4383 phogor
647 4312 864 4365 calathi.
913 4309 1149 4383 Ωιιωέἰο
1187 4305 1624 4383 interpretatur:
1659 4305 1703 4361 0
1739 4308 1781 4363 υ
1819 4305 1927 4360 tur.
1981 4309 2057 4360 Ac
2108 4307 2358 4364 fortassis
2411 4305 2558 4365 hunc
2609 4305 2719 4366 aut
2759 4314 2988 4369 similem
3041 4317 3109 4370 ad
3163 4319 3384 4372 modum

121 4389 217 4455 qui
245 4403 304 4439 es
338 4377 494 4450 super
515 4377 732 4455 omnem
768 4383 1007 4455 virtutem
1043 4377 1246 4455 Patris,
1290 4378 1699 4455 te_invocamus,

124 4447 220 4525 qui
257 4447 457 4525 tamen,
496 4464 544 4506 et
567 4452 794 4520 Spiritus
825 4451 1061 4525 bonus_et_
1093 4451 1198 4525 vita
1220 4447 1544 4525 nominaris,
1579 4461 1707 4516 quo-

126 4518 184 4578 ni
206 4543 282 4578 tm
327 4524 383 4576 in
419 4518 631 4591 corpore
679 4522 928 4590 regnasti.
971 4519 1234 4573 Hebraica
1268 4533 1430 4591 porro
1466 4518 1556 4570 illa
1589 4530 1710 4591 esse

124 4598 302 4650 verba
354 4587 592 4648 trenaéus
637 4587 842 4653 narrat,
878 4592 992 4644 sive
1036 4589 1314 4658 ejusmodi,
1342 4602 1531 4658 revera
1566 4587 1704 4658 sint,

122 4667 248 4721 sive
317 4677 417 4733 pro
480 4663 761 4733 Hebraicis
815 4675 842 4714 a
903 4655 1370 4733 circumforaneis
1401 4656 1522 4733 istis
1566 4655 1709 4723 apud

121 4727 425 4805 imperitos
466 4734 692 4805 jactata.
731 4732 874 4786 Sane
906 4729 1125 4805 quidem
1159 4729 1374 4805 tametsi
1416 4727 1708 4805 depravata

121 4794 402 4869 ea'sint,
463 4794 816 4876 Hebraismus
869 4794 1168 4876 tamenin
1228 4794 1709 4876 plerisque—enhaud

119 4867 672 4942 obscure’pellucet,
705 4879 764 4925 ut
810 4871 1009 4924 mirum
1042 4870 1114 4922 sit
1141 4868 1341 4942 Irenaei
1379 4867 1710 4942 scholiasten

123 4948 284 5016 pium
316 4953 372 4998 et
407 4935 681 5016 eruditum
713 4942 986 5016 hominem
1011 4946 1130 5016 tam
1166 4937 1509 5016 confidenter
1533 4935 1586 5016 id
1622 4951 1711 4988 as-

120 5004 416 5073 severare,
439 5028 502 5067 ea
535 5012 792 5066 vocabula
825 5027 914 5062 nec
941 5027 971 5061 a
1002 5007 1187 5062 Grtrca
1209 5049 1222 5070 ,
1252 5023 1342 5060 nec
1370 5007 1433 5059 ab
1462 5004 1709 5065 Hebrma,

120 5083 454 5145 Chaldaica,
476 5083 634 5151 Syra,
667 5090 756 5134 aut
786 5080 1015 5132 Arabica
1047 5077 1228 5146 lingua
1249 5077 1408 5146 petita
1423 5093 1554 5130 esse.
1579 5074 1714 5129 Pro—

121 5157 378 5222 indeque
401 5154 606 5222 magica
627 5151 934 5222 etubarbora
954 5151 1119 5218 magis
1151 5155 1388 5222 portenta
1423 5162 1533 5200 esse
1554 5161 1712 5214 quam

119 5217 377 5279 nomina.
420 5217 633 5276 Atenim
668 5217 1068 5290 Epiphanium,
1121 5227 1174 5272 et
1211 5217 1470 5290 Irenaeum
1515 5229 1715 5290 nuper-

119 5298 269 5349 rime
322 5296 592 5348 sectarius
641 5285 862 5361 quidam
909 5289 1204 5361 redarguit,
1245 5287 1390 5361 quod
1444 5285 1559 5361 haec
1601 5289 1714 5361 ipsa

119 5366 301 5419 verba
351 5354 1039 5432 perperam-acceperint;
1073 5354 1221 5432 'eum
1263 5354 1357 5432 ita
1421 5354 1710 5411 scribenda

121 5436 241 5489 sint
266 5451 280 5485 :
303 5427 503 5487 Basein
519 5431 806 5494 haccados,
826 5427 928 5495 Ab,
942 5427 1073 5494 Ben,
1089 5427 1354 5490 Arruach,
1376 5436 1562 5512 ωτι-φη
1583 5433 1718 5483 aut:

116 5538 272 5586 m‘n
338 5533 405 5612 γε,
465 5533 564 5583 εκ.
605 5521 719 5576 Hoc
763 5529 846 5576 est
909 5539 924 5575 :
977 5518 1035 5573 In
1094 5519 1314 5574 nomine
1380 5523 1569 5573 sancto
1613 5515 1716 5568 Pa-

122 5620 257 5683 tris,
294 5608 355 5671 et
410 5613 572 5680 Filii,
615 5621 668 5670 et
723 5612 961 5686 Spiritus
1008 5611 1207 5668 sancti.
1249 5609 1293 5664 A
1345 5625 1453 5680 quo
1499 5608 1716 5680 quidem

1818 4399 2147 4456 conformari
2177 4409 2407 4471 possunt
2437 4420 2451 4457 :
2485 4415 2590 4468 my
2617 4417 2736 4463 NIN
2763 4417 2908 4472 mw
2934 4393 3022 4474 5v,
3048 4417 3176 4477 etc.,
3204 4420 3385 4470 nam

1806 4477 1962 4569 τώγε
2030 4498 2196 4569 nam
2250 4501 2332 4569 in"
2364 4502 2484 4569 im
2531 4506 2661 4554 nam
2729 4509 2892 4557 armi
2968 4512 3148 4560 num:
3215 4511 3379 4560 mra.

1809 4564 1941 4627 Qua:
2002 4561 2221 4629 quidem
2290 4561 2588 4627 liebraice,
2667 4574 2719 4620 et
2783 4570 3024 4622 Ararrnea
3090 4570 3383 4627 inflexione

1808 4630 2059 4707 eumdem
2116 4633 2273 4707 plane
2339 4647 2558 4707 serisum
2615 4635 2886 4702 reddunt,
2966 4653 3125 4707 quem
3194 4638 3382 4694 lrenazi

1809 4699 1996 4776 Graeca
2042 4701 2352 4776 praeierunt.
2391 4703 2531 4776 Sunt
2571 4718 2633 4756 ea
2676 4720 2817 4776 vero
2866 4699 3060 4776 partim
3107 4723 3136 4762 e
3169 4709 3380 4774 Crteeo,

1811 4772 2007 4842 partim
2056 4786 2086 4824 e
2137 4772 2337 4826 veteris
2404 4773 2720 4842 interpretis
2771 4772 2964 4830 Latino
3029 4772 3376 4833 concinnata.

1811 4841 1966 4916 Quod
2005 4851 2277 4910 utcunque
2311 4851 2519 4897 tentare
2543 4841 2564 4905 ,ί
2592 4845 2764 4896 multo
2812 4847 3134 4916 prudentius
3163 4864 3223 4902 ac
3260 4865 3379 4903 mo-

1812 4912 2022 4966 destius
2048 4921 2151 4972 est,
2201 4925 2361 4979 quam
2410 4919 2610 4965 temere
2642 4912 2854 4970 veteres
2903 4916 3088 4972 Patres
3149 4919 3381 4972 inStriliiB

1816 4980 2216 5050 atqueprroris
2244 4995 2494 5050 arguere.
2532 4981 2667 5048 Quis
2705 4985 2881 5040 nescit
2916 4984 3182 5041 Hebraica
3220 5003 3380 5041 voca.

1815 5049 1942 5125 bula
1978 5049 2174 5125 gratae
2204 5049 2333 5102 olim
2379 5051 2620 5125 scripta,
2653 5067 2774 5120 quae
2805 5070 2873 5110 ex
2913 5053 3167 5125 Origenis
3200 5057 3382 5110 Hem.

1814 5121 1936 5189 plis,
1966 5119 2203 5196 _0ctaptis
2228 5133 2332 5196 que
2362 5121 2507 5196 apud
2530 5119 2982 5196 Chrysostomum
3007 5119 3250 5196 aliosque
3278 5125 3385 5180 Pa-

1818 5188 1927 5244 tres
1966 5191 2248 5259 leguntur,
2281 5195 2404 5259 tam
2459 5190 2528 5243 ab
2580 5188 2819 5248 Hebraeis
2866 5195 3071 5250 absona
3126 5188 3278 5258 esse,
3321 5205 3381 5250 ut

1817 5261 1906 5314 illa
1928 5300 1942 5323 ,
1979 5257 2082 5314 nisi
2134 5260 2247 5330 haec
2281 5257 2639 5330 haberemus,
2673 5262 2820 5317 nulla
2869 5266 3086 5330 assequi
3119 5257 3382 5323 divinatio

1818 5330 2091 5399 potuerit,
2119 5329 2296 5382 Causa
2336 5328 2498 5394 hujus
2535 5331 2816 5388 varietatis
2849 5341 2932 5388 est
2987 5328 3380 5389 liebraicarum

1818 5398 2011 5473 vocum
2061 5398 2298 5473 diversa,
2346 5413 2445 5473 nec
2479 5399 2544 5473 ad
2591 5400 2817 5473 aliarum
2863 5404 3169 5473 linguarum
3220 5420 3382 5459 usum

1821 5468 1954 5524 satis
2000 5467 2277 5521 modulata
2312 5469 2566 5536 prolatio.
2601 5467 2721 5535 Quo
2752 5467 3218 5528 minus'admirari
3249 5491 3381 5528 eon—

1819 5538 1967 5592 venit
2009 5538 2062 5591 in
2098 5541 2284 5606 paucis
2328 5538 2438 5592 illis
2472 5539 2819 5596 Marcosianze
2873 5544 3118 5598 formula:
3155 5544 3382 5597 vocibus

1824 5623 1960 5678 pene
1985 5622 2200 5664 omnem
2223 5607 2437 5662 illarum
2467 5609 2693 5680 originis
2709 5611 2999 5684 vestigium
3028 5614 3378 5670 exstinctum.

3508 5704 3530 5739 ε
