3772 6188
310 222 330 305 ’ῖ
412 234 528 290 s23

1845 237 1902 294 S.
1941 239 2289 301 EPIPHANII

3603 256 3683 310 6‘25

315 360 319 365 ‘
417 350 678 419 Spiritum
721 347 939 414 borium,
973 358 1021 405 et
1064 349 1244 406 Vitam
1287 362 1538 422 quoniam
1580 355 1637 410 in
1678 372 1896 428 corpore

2078 389 2090 426 ι
2119 362 2517 433 ἐπικαλοῦμαι
2546 364 2676 432 Φῶς
2699 366 3155 439 ὀνομαζόμενον,
3183 368 3282 424 καὶ
3300 370 3553 441 Πνεῦμα
3574 374 3685 443 ἀγο-

411 442 615 515 gnasti.
648 440 882 507 Quidam
907 443 1072 514 256
1093 445 1167 499 ita
1200 447 1634 517 redemptionem
1666 450 2001 522 concipiunt.

2115 454 2242 519 θὸν,
2267 456 2365 510 λαὶ
2396 456 2569 524 Ζωήν
2591 471 2607 487 '
2643 458 2733 512 ὅτι
2762 459 2833 513 ἐν
2861 459 3089 531 σώματι
3111 462 3549 532 ἐϐασίλευσας.
3583 467 3684 519 ’Δὶ-

410 534 689 589 Arcanum
734 540 789 589 et
827 536 1107 591 occultum
1149 536 1219 592 ab
1247 537 1397 591 omni
1424 536 1712 595 divinitate
1756 541 1923 596 domin

2112 544 2193 598 λοι
2238 546 2295 600 δὲ
2348 547 2512 603 πάλιν
2550 548 2649 621 τὴν
2686 550 2954 622 λύτρωσιν
2998 552 3349 623 ἐπιλέγουσιν
3391 555 3570 620 οὕτως
3594 574 3607 587 ·
3640 560 3682 611 τὲ

410 642 581 701 tuque
631 641 696 683 ac
726 627 957 683 veritate
1000 642 1223 692 nomen,
1277 629 1423 699 quod
1467 627 1630 688 Jesus
1682 630 2005 690 Nazarenus

412 723 619 787 induit,
654 721 711 776 in
758 720 888 776 vitis
934 719 1161 776 luminis
1205 718 1435 789 Christi,
1487 722 1716 789 Christi,
1756 726 2002 796 inquam,

410 812 649 869 viventis
688 826 787 881 per
827 809 1093 881 Spiritum
1141 818 1417 877 sanctum,
1466 812 1521 866 in
1571 814 2002 885 redemptionem

410 904 736 977 angelicam,
780 916 983 956 nomen
1031 900 1435 957 restitutionis:
1466 901 1718 971 Messias,
1748 905 1999 978 upltareg,

408 1011 877 1065 namempswman,
921 992 1224 1058 chaldazan,
1268 996 1659 1062 mosomedaca,
1700 999 2000 1067 acphranaz,

405 1106 597 1160 psaua,
626 1087 756 1142 Jesu
802 1087 1047 1142 nazaria.
1089 1086 1221 1152 Qua:
1267 1086 1371 1142 hoc
1434 1090 1602 1143 modo
1648 1090 2000 1161 interpretari

404 1196 702 1252 possumus
728 1198 740 1233 :
770 1178 894 1233 Non
942 1178 1119 1232 divido
1150 1176 1428 1246 Spiritum,
1470 1178 1597 1247 Cor,
1643 1181 2000 1253 Virtutemque

404 1277 532 1329 uelo
573 1273 956 1339 sublimiorem,
993 1270 1387 1326 misericordem
1410 1288 1428 1325 :
1450 1283 1620 1327 macte
1651 1274 1753 1328 sim
1789 1277 1999 1330 nomine

402 1380 514 1435 tuo,
541 1366 789 1423 Salvator
808 1366 1064 1420 veritatis.
1094 1364 1219 1419 Haec
1249 1368 1376 1420 dum
1405 1366 1473 1420 ab
1498 1366 1843 1423 antistitibus
1867 1383 1997 1439 pro-

400 1461 511 1514 lata
547 1467 698 1523 sunt,
732 1469 849 1513 tum
896 1459 991 1528 qui
1039 1458 1215 1514 sacris
1253 1458 1501 1514 initiatur
1536 1461 1611 1513 ita
1656 1461 1994 1532 respondet:

398 1552 760 1622 Conﬁrmatus
808 1568 947 1617 sum,
991 1569 1055 1606 ac
1089 1551 1386 1623 redemptus
1416 1568 1434 1606 :
1463 1564 1514 1607 et
1542 1554 1722 1608 anima
1768 1571 1884 1609 mea
1928 1554 1993 1608 ab

395 1646 493 1709 hoc,
524 1647 720 1701 sa’culo
754 1645 1097 1716 omnibusque
1132 1663 1249 1717 qua:
1275 1646 1339 1700 ab
1362 1664 1423 1702 eo
1450 1658 1593 1712 sunt,
1632 1648 1913 1703 redimitur
1939 1649 1991 1703 in

2109 638 2279 710 ὄνομα
2314 639 2377 693 τὸ
2413 641 2907 715 ἀποκεκρυμμένον
2935 645 3042 699 ἀπὸ
3081 646 3266 720 πάσης
3302 646 3581 720 θεότητος,
3610 655 3681 705 καὶ

2110 732 2451 803 κυριότητος,
2482 735 2578 788 καὶ
2606 734 2888 806 ἀληθείας,
2924 736 2954 790 ὃ
2978 738 3268 796 ἐνεδύσατο
3303 741 3524 811 Ἰησοῦς
3544 744 3570 796 ό
3593 744 3676 797 Να-

2108 820 2341 893 ζαρηνὸς
2368 824 2425 877 ὲν
2458 827 2578 889 ταῖς
2605 825 2772 891 ζωαῖς
2795 827 2890 881 τοῦ
2926 830 3111 895 Φωτὸς
3138 832 3231 886 τοῦ
3267 834 3539 906 Χριστοῦ,
3572 835 3675 905 Χρι-

2108 914 2234 968 στοῦ
2268 914 2470 980 ζῶντος
2493 917 2583 973 διὰ
2625 919 2943 993 Πνεύματος
2982 923 3138 993 ἁγίου
3174 927 3258 989 εἰς
3298 926 3577 999 λύτρωσιν
3598 930 3674 998 ἀγα

2104 1005 2347 1078 γελικὴν,
2394 1007 2567 1081 ὄνομα
2614 1011 2675 1063 τὸ
2719 1012 2822 1083 τῆς
2868 1014 3393 1084 ἀποκαταστάσεως.
3440 1023 3671 1088 Μεσσία,

2105 1098 2374 1169 οὑφαρὲγ
2399 1100 2532 1171 (40),
2557 1107 3014 1175 ναμεμψαιμὰν,
3068 1109 3399 1177 χαλδαίαν,
3436 1130 3671 1184 pacem-

2102 1188 2286 1256 δαέιι,
2338 1191 2667 1261 ἀκφραναὶ,
2723 1199 2961 1266 paeda,
3019 1200 3223 1270 Ἰησοῦ
3272 1204 3543 1276 ναζαρία.
3583 1211 3669 1265 Καὶ

2099 1281 2306 1336 τούτων
2342 1286 2399 1338 δὲ
2438 1288 2470 1356 ἡ
2513 1288 2778 1360 ἑρμηνεία
2808 1293 2925 1346 ἐστὶ
2950 1294 3204 1368 τοιαύτη·
3250 1301 3336 1354 Οὐ
3387 1298 3586 1370 διαιρῶ
3618 1304 3669 1356 τὸ

2070 1374 2376 1453 ~Ursulus,
2417 1379 2535 1445 τὴν
2590 1383 2883 1451 Καρδίαν,
2933 1386 3035 1440 καὶ
3085 1388 3199 1456 τὴν
3253 1393 3670 1461 ὑπερουράνιον

2099 1468 2380 1536 Δύναμιν,
2412 1469 2530 1537 τὴν
2557 1475 2930 1544 οἰκτίρμονα·
2963 1479 3223 1550 ὀναίμην
3262 1484 3374 1537 τοῦ
3408 1486 3669 1553 ὀνόματός

2097 1572 2234 1622 σου,
2267 1561 2470 1631 Σωτὴρ
2498 1565 2804 1635 ἀληθείας.
2854 1571 2965 1624 Καὶ
3005 1572 3177 1628 ταῦτα
3217 1575 3320 1646 μὲν
3353 1578 3668 1648 ἐπιλέγουσιν

2097 1656 2146 1707 οἱ
2174 1658 2326 1713 αὐτοὶ
2360 1662 2669 1730 τελοῦντες’
2707 1671 2737 1721 ό
2774 1670 2831 1723 δὲ
2871 1672 3253 1745 τετελεσμένος
3293 1676 3667 1749 ἀποκρίνεται·

396 1738 607 1793 nomine
633 1737 757 1804 Jao,
779 1738 868 1807 qui
893 1737 1060 1806 ipsius
1084 1736 1303 1791 redemit
1335 1737 1570 1791 animam
1598 1738 1651 1791 in
1678 1737 1923 1808 redempti

2106 1747 2508 1823 Ἐστήριγμαι,
2538 1758 2635 1811 καὶ
2669 1762 3062 1832 λελύτρωμαι,
3094 1732 3195 1818 οιαὶ
3221 1732 3553 1839 ..ἱυτροῦραι
3577 1771 3668 1838 τὴν

395 1846 515 1884 nem
555 1830 610 1884 in
647 1828 859 1884 Christo
894 1830 1109 1883 vivente.
1158 1830 1239 1885 Ad
1292 1829 1408 1884 haec
1451 1839 1747 1901 praesentes
1797 1848 1987 1891 omnes

396 1922 723 1993 subjiciunt:
750 1922 866 1976 Pax
882 1922 1123 1976 omnibus
1138 1923 1191 1976 in
1205 1922 1391 1993 quibus
1410 1941 1595 1978 nomen
1620 1925 1762 1979 istud
1781 1928 1986 1997 requie—

394 2015 517 2069 scit.
552 2013 757 2069 Deinde
786 2014 1143 2084 Opobalsamo
1172 2016 1446 2071 initiatum
1474 2028 1806 2088 perungunt,
1839 2020 1987 2089 quod

392 2106 659 2178 unguenti
688 2121 859 2177 genus
883 2106 1308 2178 fragrantissimi
1345 2108 1491 2163 illius
1527 2109 1736 2176 odoris,
1762 2112 1856 2180 qui
1894 2128 1987 2168 su-

392 2213 493 2270 pra
518 2198 702 2254 omnia
727 2207 832 2261 est,
867 2199 1159 2271 imaginem
1191 2214 1313 2255 esse
1348 2208 1593 2256 censent.

389 2294 663 2348 παύεται.
718 2295 946 2347 Ἔπειτα
998 2294 1283 2365 μυρίζουσι
1340 2293 1431 2349 τὸν
1484 2296 1868 2367 τετελεσμένον
1920 2297 1996 2370 τῷ
2056 2301 2175 2376 όπῷ
2246 2306 2324 2378 τῷ
2367 2309 2473 2363 ἀπὸ
2514 2311 2790 2387 βαλσάμου
2842 2318 2975 2392 (Η).

386 2390 559 2443 τύπον
598 2390 697 2459 τῆς
729 2390 867 2461 ὑπὲρ
898 2389 964 2443 τὰ
990 2389 1086 2444 ὅλα
1118 2390 1347 2454 εὐωδίας
1378 2386 1515 2444 εἷναι
1546 2392 1817 2461 λέγουσιν.

461 2483 581 2540 Non
620 2486 819 2542 desunt
852 2486 997 2541 inter
1021 2486 1165 2552 illos,
1207 2486 1297 2557 qui
1352 2486 1421 2541 ad
1452 2504 1650 2558 aquam
1683 2488 1983 2560 perducere

393 2591 868 2647 supervacaneum
911 2577 1282 2642 arbitrantur;
1308 2578 1403 2633 sed
1438 2580 1619 2647 oleum
1654 2595 1797 2651 aqua
1839 2590 1983 2637 tem-

386 2675 639 2736 peratum
696 2682 821 2723 cum
886 2668 1225 2725 solemnibus
1272 2669 1547 2740 ejusmodi
1600 2672 1978 2739 carminibus,

386 2759 571 2832 qualia
611 2775 711 2816 nos
746 2762 910 2831 paulo
950 2768 1076 2817 ante
1106 2761 1413 2827 retulimus,
1448 2762 1790 2819 initiatorum
1830 2766 1982 2836 capi-

386 2853 536 2909 tibus
563 2852 882 2924 inspergant
913 2871 926 2907 :
956 2852 1119 2923 idque
1150 2853 1373 2909 demum
1406 2854 1840 2927 redemptionem
1881 2872 1980 2912 no-

2090 1843 2303 1912 ψυχήν
2322 1864 2442 1914 μου
2474 1848 2726 1904 ἀπὸτοῦ
2774 1852 2992 1920 αἰῶνος
3035 1858 3253 1913 τούτου
3296 1859 3402 1913 καὶ
3453 1863 3671 1915 πάντων

2089 1934 2209 1987 τῶν
2234 1937 2372 2006 παρ’
2404 1940 2591 1995 αὐτοῦ
2620 1941 2689 1995 ἐν
2722 1943 2803 2009 τῷ
2847 1946 3092 2016 ὀνόματι
3124 1950 3243 2004 οτοῦ
3280 1951 3437 2017 Ἰαὼ,
3466 1950 3533 2018 ὃς
3553 1953 3671 2007 ἐλυ-

2089 2026 2358 2093 τρώσατο
2403 2033 2519 2103 τὴν
2558 2037 2774 2107 ψυχὴν
2814 2040 3002 2095 αὐτοῦ
3042 2043 3129 2107 εις
3161 2044 3589 2112 ἀπολύτρωσιν
3613 2047 3672 2100 ἐν

2087 2117 2169 2183 τῷ
2192 2119 2426 2188 Χριστῷ
2456 2125 2538 2191 τῷ
2572 2126 2758 2188 ζῶντι.
2789 2127 2904 2185 Εἶτ’
2938 2132 3281 2206 ἐπιλέγουσιν
3302 2139 3354 2190 οξ
3384 2137 3667 2209 παρόντες·

2082 2209 2305 2279 Εἰρήνη
2335 2213 2545 2283 πᾶσιν,
2577 2218 2670 2288 ἐφ’
2716 2221 2825 2287 οὒς
2875 2223 2943 2276 τὸ
2993 2224 3181 2295 ὄνομα
3235 2227 3416 2281 τοῦτο
3466 2229 3671 2282 ἐπανα-

3032 2321 3105 2375 Τὺ
3153 2322 3261 2395 γὰρ
3312 2324 3489 2397 μύρον
3532 2325 3671 2381 τοῦτο

2167 2495 2336 2588 Ἔνιοι
2363 2498 2410 2552 δ’
2436 2500 2616 2555 αὐτῶν
2646 2503 2708 2557 τὸ
2749 2504 2850 2576 μὲν
2886 2506 3041 2575 ἄγειν
3096 2510 3190 2562 ἐπὶ
3220 2511 3282 2564 τὸ
3315 2512 3465 2586 ὕδωρ
3496 2534 3668 2588 περισ-

2091 2585 2183 2639 σὸν
2213 2583 2349 2642 εἷναι
2398 2592 2704 2661 φάσκουσιο
2759 2595 3012 2668 μίξαντες
3063 2598 3120 2653 δὲ
3159 2600 3342 2656 ἔλαιον
3392 2583 3494 2659 καὶ
3544 2583 3669 2682 ὕδωρ

2088 2681 2378 2737 ὲπιτοαυτὸ
2410 2686 2528 2754 μετ’
2555 2687 2900 2760 ἐπιρῤήσεων
2938 2690 3333 2765 ὁμοιοτρόπων,
3370 2693 3466 2763 αἷς
3502 2681 3667 2775 apost-

2091 2773 2358 2865 ρήκαμεν,
2390 2778 2743 2865 ἐπιϐάλλουσι
2771 2786 2840 2855 τῇ
2881 2786 3091 2857 κεφαλῇ
3123 2788 3233 2841 τῶν
3261 2773 3664 2865 τελειουμέννων.

2088 2863 2197 2916 Καὶ
2222 2866 2368 2918 τοῦτ’
2394 2862 2533 2922 εἶναι
2563 2869 2661 2941 τὴν
2687 2870 3065 2942 ἀπολύτρωσιν
3099 2873 3337 2931 θέλουσι.
3375 2862 3668 2953 Μυρὶζονσι

384 2946 632 3012 minent;
681 2959 997 3015 quanquam
1040 2944 1289 3000 balsamo
1331 2945 1439 3017 ipsi
1477 2946 1644 3001 etiam
1684 2948 1923 3020 inungun

2083 2952 2142 3007 δὲ
2176 2955 2272 3009 καὶ
2309 2957 2462 3012 αὐτοὶ
2498 2960 2575 3031 τῷ
2623 2961 2911 3035 βαλσάμῳ.
2941 2965 3121 3023 Ἄλλοι
3166 2968 3245 3035 δὲ,
3287 2944 3667 3029 ταῦτα.

381 3037 489 3092 Alii
522 3044 717 3091 contra
748 3035 1052 3106 repudiatis
1084 3034 1155 3089 iis
1186 3036 1443 3092 omnibus
1481 3044 1683 3108 negant
1711 3040 1837 3109 ejus
1864 3040 1978 3094 vir-

383 3128 539 3193 tutis,
577 3142 699 3199 qum
741 3142 844 3183 nec
880 3126 1058 3181 oculis
1084 3126 1259 3194 cerni,
1289 3142 1391 3183 nec
1418 3143 1672 3185 sermone
1708 3130 1977 3187 declarari

383 3221 585 3292 possit,
605 3220 932 3292 mysterium
956 3235 1056 3291 per
1085 3221 1453 3291 aspectabiles
1475 3223 1980 3294 corruptibilesque

382 3322 667 3369 creaturas
687 3328 845 3384 posse
866 3312 1053 3383 perﬁci
1077 3327 1321 3377 ;eorum,
1348 3313 1593 3386 inquam,
1618 3331 1740 3387 quae
1767 3316 1978 3389 cogita-

381 3405 588 3461 tionem
618 3420 834 3460 omnem
863 3404 1101 3475 fugiunt,
1148 3405 1507 3477 corporisque
1547 3416 1676 3464 sunt
1706 3407 1972 3480 expertia,

380 3492 449 3546 ad
478 3507 540 3547 ea
570 3509 693 3563 quae
714 3492 968 3548 sensibus
991 3492 1391 3562 percipiuntur,
1419 3511 1797 3569 corporeaque
1819 3506 1973 3565 sunt,

378 3592 637 3655 oportere
684 3584 918 3641 demitti.
956 3582 1266 3640 Periectam
1308 3586 1491 3659 itaque
1542 3590 1972 3661 redemptionem

379 3678 556 3746 ipsam
609 3692 733 3733 esse
790 3678 1187 3750 magnitudinis
1238 3679 1641 3751 inexplicabilis
1698 3683 1969 3739 notitiam.

375 3771 516 3826 Cum
553 3773 700 3827 enim
731 3771 979 3829 defectus
1007 3774 1189 3829 omnis
1233 3782 1287 3829 et
1329 3775 1670 3845 perturbatio
1713 3776 1782 3831 ab
1810 3776 1971 3849 ignoo

378 3862 561 3915 rantia
590 3860 997 3931 proﬁciscatur,
1032 3862 1298 3935 quidquid
1333 3879 1399 3919 ex
1432 3880 1497 3920 ea
1527 3865 1819 3921 conﬂatum
1863 3877 1968 3936 est,

375 3955 469 4010 illa
500 3957 714 4011 ratione
744 3955 977 4022 destrui,
1017 3958 1155 4015 adeo
1183 3968 1245 4015 ut
1289 3959 1530 4031 cognitio
1576 3960 1858 4018 interioris
1896 3964 1971 4019 sit

371 4048 617 4104 hominis
664 4049 974 4121 redemptio
1010 4069 1024 4106 :
1060 4068 1126 4107 ac
1185 4068 1366 4123 neque
1404 4068 1670 4124 corporea
1717 4056 1809 4120 sit,
1851 4071 1967 4110 cor-

371 4154 478 4209 pus
521 4141 668 4195 enim
723 4142 1095 4212 corruptionis
1137 4158 1307 4215 capax
1355 4151 1441 4200 est
1481 4162 1493 4199 :
1529 4159 1630 4199 nec
1679 4146 1961 4212 animalis,

372 4232 519 4302 quod
558 4236 741 4288 anima
775 4249 844 4289 ex
884 4235 1100 4291 defectu
1146 4236 1433 4306 prodierit,
1467 4237 1650 4307 sitque
1677 4239 1823 4294 velut
1852 4241 1960 4293 Pa-

2084 3050 2578 3123 παραιτησάμενοι,
2625 3056 2893 3125 φάσκουσι
2937 3062 3010 3134 μὴ
3049 3063 3157 3117 δεῖν
3196 3063 3259 3117 τὸ
3302 3065 3404 3137 τῆς
3439 3067 3665 3139 ἀρρήτου

2082 3141 2179 3195 καὶ
2230 3143 2461 3214 ἀοράτου
2503 3146 2789 3220 δυνάμεως
2842 3157 3140 3226 μυστήριον
3200 3158 3273 3211 δι’
3325 3160 3544 3230 ὁρατῶν
3582 3164 3665 3216 καὶ

2080 3232 2339 3304 φθαρτῶν
2394 3235 2758 3295 ἐπιτελεῖσθαι
2818 3246 3166 3315 κτισμάτων,
3215 3249 3314 3302 καὶ
3363 3250 3479 3304 τῶν
3524 3252 3666 3305 ἀνεν-

2079 3327 2285 3413 νοήτων
2329 3329 2424 3383 καὶ
2463 3332 2773 3403 ἀσωμάτων
2800 3334 2867 3388 δι’
2893 3338 3165 3410 αἰσθητῶν
3194 3341 3289 3395 καὶ
3315 3344 3659 3413 σωματικῶν.

2077 3412 2233 3473 Εἶναι
2261 3420 2318 3474 δὲ
2352 3418 2566 3479 τελείαν
2599 3425 2978 3499 ἀπολύτρωσιν
3016 3430 3187 3503 αὐτὴν
3224 3432 3328 3505 τὴν
3374 3412 3662 3504 ἐπίγνωσιν

2076 3510 2168 3563 τοῦ
2207 3512 2446 3584 ἀρρήτου
2476 3515 2760 3586 μεγέθους.
2800 3517 2924 3571 Tn’
2961 3520 3183 3589 ἀγνοίας
3208 3525 3320 3593 γὰρ
3355 3523 3660 3595 ὑστερήμαο

2074 3620 2166 3668 τος
2202 3606 2295 3659 καὶ
2324 3607 2529 3672 πάθους
2554 3611 2857 3679 γεγονότων
2880 3611 2968 3667 διὰ
2994 3613 3271 3683 γνώσεως,
3301 3615 3659 3669 καταλύεσθαι

2076 3699 2256 3753 πᾶσαν
2295 3700 2392 3771 τὴν
2425 3703 2491 3755 ὲκ
2515 3703 2615 3774 τῆς
2648 3704 2872 3773 ἀγνοίας
2901 3704 3189 3759 σύστασινο
3229 3705 3377 3760 ὥστε
3405 3702 3546 3762 εἶναι
3569 3710 3658 3777 τὴν

2072 3790 2273 3859 γνῶσιν
2303 3794 2681 3867 ἀπολύτρωσιν
2724 3796 2819 3849 τοῦ
2859 3796 3006 3851 ἔνδον
3036 3795 3355 3869 ἀνθρώπσψ
3394 3800 3495 3852 καὶ
3532 3801 3653 3870 μήτε

2073 3886 2392 3957 σωματικὴν
2417 3888 2683 3960 ὑπάρχειν
2721 3890 2892 3960 αὐτήν
2911 3906 2925 3922 ·
2960 3888 3201 3961 φθαρτὸν
3229 3890 3343 3963 γὰρ
3369 3892 3432 3945 τὸ
3472 3891 3620 3963 σῶμα
3638 3909 3650 3922 ³

2073 3975 2211 4045 μήτε
2256 3976 2527 4050 ψυχικήν·
2558 3980 2680 4033 ἐπεὶ
2725 3981 2819 4034 καὶ
2868 3981 2902 4052 ἠ
2954 3980 3099 4051 ψυχὴ
3140 3979 3201 4044 ἐξ
3247 3980 3649 4052 ὑστερήματος·

2069 4068 2163 4121 καὶ
2191 4067 2305 4123 ἔστι
2336 4070 2427 4123 τοῦ
2451 4072 2665 4144 Πατρὸς
2691 4071 2878 4145 ὥσπερ
2902 4073 3237 4144 οἰκητήριον.
3272 4074 3649 4145 Πνευματικὴν

2066 4155 2160 4215 οὖν
2197 4162 2387 4218 δεῖκαὶ
2416 4164 2512 4237 τὴν
2550 4165 2817 4237 λύτρωσιν
2851 4167 3140 4238 ὑπάρχειν.
3170 4166 3521 4238 Λυτροῦσθαι
3552 4167 3647 4238 γὰρ

2065 4254 2155 4310 διὰ
2198 4256 2478 4323 Μωῦσέως
2519 4259 2613 4313 τὸν
2648 4258 2757 4313 ἔσω
2803 4259 3091 4332 ἄνθρωπον
3123 4261 3216 4315 τὸν
3270 4261 3643 4332 πνευματικόν.

370 4324 546 4379 rentis
597 4324 961 4381 domicilium.
1004 4328 1187 4394 Quare
1246 4338 1301 4385 et
1351 4330 1617 4401 spiritalis
1655 4332 1922 4403 redempti

2078 4346 2177 4399 Καὶ
2216 4348 2506 4418 ἀρκεῖσθαι
2539 4349 2738 4415 αὐτοὺς
2768 4352 2836 4423 τῇ
2879 4324 2988 4405 των
3019 4352 3156 4406 ὅλων
3195 4324 3527 4422 ἐπιγνώσει⁸
3563 4353 3647 4405 καὶ

366 4416 443 4473 sit
488 4425 727 4487 oportet.
765 4418 978 4475 Etenim
1024 4437 1122 4491 per
1150 4421 1642 4493 Moyseninterior
1687 4422 1853 4479 homo
1898 4438 1923 4477 a

2078 4416 2269 4511 ταύτην
2316 4436 2457 4496 εἶναι
2507 4442 2778 4516 λύτρωσιν
2807 4416 3016 4517 ’ἀὶηθῇ
3067 4446 3216 4511 Ἐυς
3260 4416 3363 4501 ὦδε
3427 4448 3496 4500 τὰ
3552 4445 3644 4498 ὑπὸ

369 4503 638 4573 spiritalis
678 4505 990 4563 redimitur.
1023 4508 1261 4565 Proinde
1308 4510 1692 4566 universorum
1738 4526 1798 4567 se
1839 4527 1962 4569 esse
2063 4503 2376 4603 Εερηᾴαίου,

366 4595 561 4651 dicunt
611 4597 921 4669 cognitione
973 4608 1303 4669 contentos;
1355 4616 1586 4673 eamque
1642 4615 1957 4674 germanam

366 4687 800 4758 redemptionem
829 4691 1126 4761 appellant.
1150 4690 1426 4749 Hactenus
1457 4693 1718 4751 ltenaeus.

439 4776 601 4848 25⁸1
638 4778 779 4832 XXI.
824 4779 977 4836 Hanc
1008 4782 1362 4839 beatissimus
1395 4785 1487 4840 ille
1521 4801 1683 4841 senex
1715 4787 1952 4844 [remeas

364 4869 574 4922 erroris
627 4868 790 4924 istius
841 4881 1159 4927 accuratam
1209 4875 1626 4945 inquisitionem
1683 4878 1947 4942 instituit,

364 4973 696 5027 omnemque
741 4963 1103 5018 commentitii
1131 4963 1403 5036 dogmatis
1432 4968 1629 5022 seriem
1666 4971 1945 5027 ordinem-

363 5067 469 5123 que
544 5054 849 5123 proposuit.
926 5054 1340 5126 Quamobrem,
1398 5072 1457 5114 ut
1512 5063 1671 5118 initio
1729 5064 1939 5133 prml'ati

2132 4794 2261 4848 KA'.
2304 4794 2521 4869 Ταύτην
2556 4798 2654 4871 τὴν
2688 4800 2864 4854 πᾶσαν
2898 4801 3104 4873 ἀκριϐῆ
3137 4800 3365 4876 ἔρευναν
3405 4805 3434 4858 ό
3466 4802 3631 4874 pario

2058 4903 2172 4957 ριος
2214 4888 2525 4959 πρεσϐύτης
2563 4892 2852 4963 Εἰρηναῖος
2906 4895 3203 4966 ἐποιήσατο
3229 4937 3245 4960 ,
3281 4896 3404 4949 καθ’
3452 4895 3627 4965 εἱρμὸν

2058 4976 2156 5046 μὲν
2207 4979 2384 5033 πάντα
2425 4981 2443 5011 ί
2481 4981 2769 5048 ἐνθέμενος
2800 4985 2897 5055 τῆς
2936 4986 3118 5040 αὐτῶν
3164 4988 3345 5059 πάσης
3390 5001 3622 5057 παραπε-

2052 5071 2356 5145 ποιημένης
2382 5072 2749 5141 διδασκαλίας.
2780 5079 2978 5150 Διόπερ
3018 5078 3084 5151 δὴ
3108 5120 3122 5143 ,
3158 5080 3235 5145 ὡς
3273 5082 3365 5135 καὶ
3396 5080 3488 5150 ἤδη
3535 5092 3618 5147 μα

433 5209 451 5240 ¹
484 5208 548 5266 ν.
580 5210 639 5263 C.
674 5210 865 5264 ταῦτα.

431 5368 545 5447 (ῥο)
583 5371 826 5447 Μεσοζζα
855 5370 1138 5447 οῠςραρέγ.
1183 5369 1332 5447 Nova
1363 5375 1557 5429 iterum
1587 5390 1783 5431 vocum
1816 5392 1942 5447 pro-

356 5438 531 5512 digia,
581 5442 635 5495 in
674 5442 875 5518 quibus
919 5438 1243 5518 eonlliCta_ri_
1276 5460 1451 5515 neque
1500 5447 1711 5515 otium,
1765 5438 1941 5518 neque

356 5527 538 5587 opera:
588 5515 828 5587 pretium
870 5521 974 5566 est.
1006 5513 1180 5587 _Apud
1228 5512 1774 5587 lrenfiinterpretem
1829 5512 1937 5573 non

356 5583 743 5659 eodetn_at_que
778 5582 865 5659 hic
896 5584 1057 5636 modo
1085 5586 1355 5659 leguntur.
1386 5586 1461 5659 E5
1498 5582 1605 5657 quo
1637 5590 1938 5659 supplenda

355 5653 497 5723 apud
552 5653 914 5723 Epiphanium
963 5656 1158 5709 vocula
1203 5665 1289 5710 est
1323 5657 1376 5710 in
1420 5653 1604 5712 (ἴγδει-ιι
1651 5653 1937 5714 verborum

354 5720 821 5795 interpretatione.
851 5724 1044 5782 Scribe
1087 5727 1271 5798 igitur,
1303 5729 1375 5783 Οὐ
1406 5728 1597 5801 διαιρῶ
1623 5730 1681 5782 τὸ
1714 5731 1939 5803 Πνεῦμα

2036 5383 2299 5454 Χριστοῦ.
3123 5459 3149 5471 ⁸,

2038 5522 2079 5535 _
2111 5452 2586 5535 (ῌλΜυρίζουονι
2618 5454 2687 5509 δὲ
2718 5456 2817 5535 καὶ
2862 5458 3032 5512 αὐτοὶ
3072 5477 3156 5535 τῳ
3188 5453 3599 5535 ,βαᾼσςὶμῳηετ

2037 5522 2296 5599 Ecclesia:
2352 5522 2638 5582 catholica:
2694 5530 2828 5593 ritu,
2878 5544 3041 5599 quem
3091 5522 3238 5585 simii
3290 5522 3601 5585 isti'retinc»

2039 5596 2204 5672 bant,
2254 5613 2380 5653 nam
2427 5607 2550 5670 past
2599 5596 2931 5670 baptismum
2988 5600 3181 5672 inungi
3215 5603 3441 5659 solebant
3481 5612 3598 5651 nes»

2039 5668 2211 5737 phyti.
