3772 6188
89 300 215 364 Ὲὲὅ

707 306 1069 362 ADVERSUS
1109 303 1449 361 IL-ERESES
1485 303 1613 359 LIB.
1656 303 1694 357 I.
1736 301 1899 359 TOM.
1942 302 2027 357 III.
2068 332 2134 340 —-
2176 299 2447 355 HERES.
2490 299 2724 354 XXXIV.

3258 294 3364 353 626

105 425 536 497 προδεδήλωται,
570 426 686 490 ὅτι,
742 428 851 487 τοῖς
892 426 981 477 ὑπ’
1011 421 1174 477 αὑτοῦ
1230 422 1678 493 ἐσπουδασμένοις

1819 434 2000 483 umus,
2034 419 2100 473 iis
2134 417 2402 479 contenti,
2429 431 2549 486 qua:
2578 415 2647 471 ab
2680 415 2772 468 illo
2801 429 2994 483 magno
3019 416 3199 470 studio
3229 423 3356 469 sunt

104 514 469 585 ἀρκεσθέντες
493 553 507 578 ,
549 514 730 567 πάντα
759 514 894 584 πρὸς
928 513 1056 576 ἔπος
1112 512 1187 575 ὡς
1230 512 1357 582 παρ’
1388 511 1537 581 αὑτῷ
1579 511 1679 580 έμ-

104 606 374 676 φέρεται,
437 605 847 676 παρεθήκαμεν.
915 603 1412 675 Ἀνατραπήσονται
1467 601 1573 672 γὰρ
1623 600 1683 665 ἐξ

101 694 291 749 αὐτῶν
315 695 422 750 τῶν
454 695 605 766 παρά
635 695 728 748 τοῦ
766 695 921 763 ἁγίου
949 693 1141 762 ἀνδρὸς
1178 694 1256 756 εἰς
1285 691 1557 746 ἀντίθεσιν
1585 691 1683 763 τῆς

100 787 291 841 αὑτῶν
323 788 623 858 μοχθηρίας
659 787 981 859 εἰρημένων.
1045 784 1234 855 Ἡμεῖς
1284 785 1390 856 γὰρ
1433 784 1683 838 πιστεύο-

103 894 246 946 μεν,
278 878 353 943 ὡς
393 879 568 949 πάντη
598 880 632 949 ἡ
665 878 891 950 ἀλήθεια
924 879 1243 947 ὑποφαίνει,
1284 878 1377 931 καὶ
1405 879 1433 931 ὁ
1466 875 1685 945 εὑλογος

99 969 367 1040 λογισμὸς
400 971 747 1034 ὑποτίθεται,
791 972 883 1025 καὶ
929 970 1007 1041 τῷ
1046 972 1144 1042 τῆς
1190 970 1468 1034 εὐσεϐείας
1502 969 1685 1023 κανόνι

102 1062 564 1133 συμπεφώνηται,
591 1062 667 1133 τῷ
696 1081 755 1115 τε
782 1063 929 1133 νόμῳ
960 1064 1053 1117 καὶ
1080 1066 1191 1127 τοῖς
1223 1065 1560 1135 προφήταις,
1591 1062 1686 1116 καὶ

96 1154 219 1217 τοῖς
251 1154 361 1208 ἀπὸ
408 1154 515 1207 τῶν
561 1155 821 1207 ἀνέκαθεν
873 1155 1237 1225 πατριάρχαις
1287 1155 1427 1209 κατὰ
1460 1154 1686 1208 ἀκολου⁴

98 1244 250 1306 θίαν,
284 1247 349 1316 τῇ
384 1263 443 1299 τε
467 1245 631 1299 αὑτοῦ
660 1246 753 1299 τοῦ
784 1247 1032 1318 Σωτῆρος
1068 1248 1255 1318 διδαχῇ
1282 1288 1296 1313 ,
1333 1247 1427 1301 καὶ
1454 1247 1560 1301 τῶν
1586 1248 1684 1300 αὑ-

95 1332 201 1387 τοῦ
232 1336 546 1389 ἀποστόλων
582 1336 767 1404 σαφῶς
794 1338 938 1406 ἡμᾶς
975 1335 1331 1389 διδασκόντων
1375 1338 1469 1390 ἕνα
1496 1337 1686 1408 ὁμολο-

93 1428 223 1493 γεῖν
253 1425 385 1479 Θεὸν
411 1426 630 1497 Πατέρα
649 1465 664 1490 ,
697 1428 1110 1499 παντοκράτορα
1141 1426 1250 1479 τῶν
1284 1427 1440 1492 ὅλων,
1472 1428 1567 1481 καὶ
1593 1428 1684 1481 τὸν

93 1517 314 1586 Κύριον
351 1515 508 1587 ἡμῶν
549 1516 755 1587 Ἰησοῦν
784 1518 1017 1588 Χριστὸν
1041 1560 1055 1583 ,
1108 1518 1202 1571 καὶ
1240 1518 1299 1571 τὸ
1333 1518 1486 1586 ἅγιον
1518 1517 1683 1571 αὑτοῦ

93 1607 333 1677 Πνεῦμα
356 1648 372 1674 ,
424 1607 551 1678 μίαν
591 1606 752 1676 ἀγίαν
787 1607 992 1678 Τριάδα
1024 1609 1278 1662 ἄκτιστον
1301 1648 1316 1673 ,
1369 1606 1478 1660 τῶν
1510 1607 1685 1663 ἄλλων

94 1697 363 1751 ἁπάντων
411 1697 471 1763 ἐξ
500 1698 599 1751 οὐκ
627 1698 795 1752 ὄντων
818 1698 1124 1769 γενομένων
1168 1698 1308 1769 μετά
1340 1698 1558 1770 Πατέρα
1590 1699 1684 1752 καὶ

94 1790 235 1843 Υίὸν
259 1791 354 1843 καὶ
382 1790 536 1859 ἆγιον
559 1788 804 1861 Πνεῦμα.
845 1789 1032 1853 Οὕτως
1061 1808 1119 1843 τε
1149 1790 1298 1865 παρὰ
1332 1791 1548 1845 πάντων
1576 1790 1683 1844 τῶν

94 1881 521 1952 προειρημένων
547 1880 713 1950 άγίων
748 1880 1041 1951 προφητῶν
1069 1899 1127 1935 τε
1160 1884 1253 1935 καὶ
1284 1881 1683 1951 εὑαγγελιστῶν

92 1974 197 2025 καὶ
229 1971 542 2026 ἀποστόλων
586 1972 772 2041 σαφῶς
801 1973 1236 2044 ὡμολογημένων
1261 1975 1355 2027 καὶ
1388 1991 1682 2028 πεπιστευ-

97 2064 288 2133 μένων
311 2105 326 2129 ,
381 2063 481 2116 οὑκ
511 2062 577 2118 ἂν
605 2061 857 2134 δυνηθείη
893 2063 1186 2135 κυϐευτική
1224 2082 1310 2130 τις
1353 2064 1563 2119 ἐπίνοια
1591 2067 1685 2119 ἀν-

91 2157 310 2226 τισχεῖν
346 2156 484 2228 πρὸς
509 2156 607 2226 τὴν
647 2156 840 2209 ἀκτῖνα
871 2155 973 2226 τῆς
1001 2157 1257 2229 ἀληθείας
1282 2172 1295 2186 ·
1325 2156 1399 2221 ὥς
1444 2174 1506 2226 γε
1552 2158 1682 2228 ἡμῖν

92 2248 365 2313 πολλάκις
417 2247 559 2301 κατὰ
599 2247 797 2309 πλάτος
834 2248 1048 2319 εἴρηται
1080 2251 1136 2303 ὲν
1168 2252 1236 2321 τῇ
1276 2250 1412 2321 πρὸς
1445 2250 1683 2321 ἑκάστην

92 2340 318 2412 αἵρεσιν
355 2340 628 2395 ὑποθέσει.
668 2341 755 2404 Ὡς
782 2340 1080 2408 ὲξάπαντος
1114 2341 1403 2414 φωρᾶσθαι
1432 2342 1529 2395 καὶ
1555 2340 1682 2394 τοῦ-

90 2449 195 2485 τον
223 2432 468 2505 ἀγύρτην
497 2432 589 2487 καὶ
622 2431 970 2486 θανατοποιδν
1000 2433 1264 2498 ίσοτύπως
1292 2436 1411 2497 ταῖς
1433 2449 1686 2503 προειρη-

96 2520 301 2591 μέναις
322 2563 337 2587 ,
374 2520 685 2588 ἐπιδείξεως
729 2520 890 2593 χάριν
923 2523 1018 2576 καὶ
1054 2523 1373 2595 περιεργίας
1404 2522 1473 2576 τά
1514 2522 1685 2593 μεγάο

91 2610 167 2665 λα
196 2610 375 2666 ταῦτα
399 2611 742 2667 καττύσαντά
767 2629 827 2665 τε
864 2612 957 2667 καὶ
987 2614 1461 2685 μηχανησάμενον.

164 2877 306 2930 ΚΒ¹.
340 2875 708 2948 Παρελθόντες
742 2876 797 2931 δὲ
851 2878 947 2932 καὶ
987 2877 1086 2949 τὴν
1122 2875 1311 2931 τούτου
1355 2873 1678 2947 μοχθηρίαν,

92 2971 194 3024 καὶ
236 2970 351 3024 τῶν
384 2972 477 3025 ἀπ’
503 2970 665 3025 αὑτοῦ
712 2970 1056 3044 Μαρκωσίων
1082 2969 1389 3040 λεγομένων
1413 3010 1427 3035 ,
1466 2970 1558 3022 ἐπὶ
1584 2968 1684 3033 τὰς

94 3060 230 3130 ἑξῆς
274 3061 640 3132 σπεύσωμεν,
688 3054 733 3115 ὧ
774 3060 1127 3132 ἐπιπόθητοι,
1174 3060 1273 3123 τὰς
1311 3059 1488 3113 αὐτῶν
1529 3060 1685 3131 ῥίζας

93 3153 271 3206 πάλιν
304 3153 697 3224 ἀνερευνῶντες
723 3192 741 3218 ,
799 3153 893 3207 καὶ
940 3153 1051 3205 τῶν
1095 3151 1325 3224 καρπῶν
1363 3151 1539 3204 αὐτῶν
1584 3151 1683 3222 τὴν

92 3242 332 3315 πικρίαν
362 3243 741 3312 ἀφανίζοντες,
772 3244 873 3314 τήν
907 3259 966 3295 τε
999 3241 1307 3315 ἀνατροπὴν
1340 3242 1435 3295 καὶ
1468 3241 1539 3294 τὰ
1566 3243 1684 3295 κατ’

93 3336 307 3398 αὑτοὺς
352 3336 529 3389 πάντα
573 3335 971 3399 ἐπιδεικνύντες
996 3375 1011 3401 ,
1046 3336 1147 3389 οὑκ
1199 3336 1279 3398 είς
1329 3333 1533 3406 βλάϐην
1576 3333 1686 3388 τῶν

92 3426 577 3496 ἐντυγχανόντων,
610 3427 746 3481 ἀλλά
792 3429 872 3491 είς
920 3427 1236 3499 ἀποτροπὴν
1261 3467 1275 3492 ,
1322 3427 1459 3498 πρὸς
1504 3427 1566 3481 τὸ
1609 3427 1684 3498 μὴ

92 3520 405 3592 πλησιάσαι
436 3522 533 3591 μιᾷ
577 3519 688 3573 τῶν
727 3520 1139 3592 προειρημένων
1168 3520 1431 3592 αἱρέσεων
1451 3561 1467 3587 ,
1498 3520 1531 3592 ἢ
1577 3520 1686 3574 τῶν

96 3608 438 3677 μετέπειτα·
481 3607 615 3662 ἀλλά
660 3609 992 3677 ἀναγνόντας
1042 3609 1110 3663 τά
1160 3612 1521 3681 γεγραμμένα
1556 3612 1685 3681 παρ’

93 3698 294 3759 αὑτοῖς
315 3736 329 3759 ,
375 3697 469 3750 καὶ
517 3692 743 3766 γνόντας
780 3698 850 3752 τὰ
878 3698 1143 3771 ᾀδόμενα,
1177 3701 1269 3754 καὶ
1319 3701 1687 3770 καταγνόντας

90 3792 194 3859 τῆς
222 3788 467 3859 ἑκάστης
492 3788 671 3841 αὑτῶν
692 3788 898 3860 πλάνης
924 3807 982 3843 τε
1005 3791 1097 3844 καὶ
1122 3790 1460 3862 ἐρπετὼδους
1485 3791 1686 3863 μοχθη-

94 3882 226 3952 ρίας
247 3922 265 3947 ,
300 3880 634 3950 ἀποφεύγειν
677 3899 736 3934 τε
761 3881 881 3947 καὶ,
910 3881 986 3946 ὼς
1019 3877 1169 3936 εἷπον
1195 3923 1208 3946 ,
1238 3883 1312 3955 μὴ
1346 3882 1683 3952 πλησιάζειν.

93 3973 318 4043 Διψάδα
362 3973 471 4045 γάρ
502 3991 624 4027 τινα
654 3972 861 4044 έχιδνάν
891 3990 1054 4043 φασιν
1090 3976 1141 4026 οι
1174 3975 1554 4045 ἱστορήσαντες
1606 3972 1684 4025 to?)

91 4066 289 4137 λύμην
333 4067 544 4121 τοιάνδε
582 4067 847 4136 ἐμποιεῖν.
898 4067 987 4119 Ἐν
1019 4066 1204 4130 τόποις
1238 4067 1345 4137 γάρ
1380 4083 1520 4119 τισιν
1552 4066 1685 4118 ὅπου

93 4157 298 4210 πύελοι
326 4159 386 4212 ὲν
423 4159 543 4222 ταῖς
592 4158 884 4229 πέτραιςῆ
927 4157 1140 4223 λιϐάδες
1188 4159 1293 4212 sict
1346 4159 1537 4230 μικραὶ
1579 4158 1687 4212 ἀπὸ

94 4251 327 4319 πετρῶν
369 4252 624 4323 χεόμεναι
669 4254 748 4316 εἰς
780 4253 1044 4325 ὑποδοχήν
1082 4271 1219 4317 τινα,
1262 4254 1295 4324 ἡ
1336 4253 1474 4323 αὑτὴ
1509 4254 1686 4324 διψάς,

93 4344 249 4417 ὕδωρ
283 4344 636 4415 εὑρίσκουσα,
668 4345 760 4398 καὶ
791 4343 1008 4411 πιοῦσα,
1038 4344 1127 4397 τὸν
1158 4344 1233 4398 ίὸν
1265 4344 1523 4415 ἐμϐάλλει
1551 4344 1689 4416 μετά

92 4437 155 4492 τὸ
188 4439 347 4490 πιεῖν
380 4439 461 4499 είς
487 4436 587 4500 τὰς
626 4435 1027 4509 προειρημένας
1063 4437 1278 4499 στάσεις
1314 4436 1422 4489 τῶν
1454 4437 1682 4500 ὑδάτων,
1718 4469 1763 4526 D

92 4529 245 4583 ὥστε
282 4530 394 4582 πᾶν
425 4527 563 4591 ζῶον
598 4529 930 4600 πλησιάσειν,
962 4530 1055 4582 καὶ
1085 4526 1249 4581 ποτοῦ
1286 4528 1540 4600 κορεσθὲν
1564 4569 1578 4593 ,
1604 4529 1689 4583 δο-

92 4626 219 4677 κεῖν
280 4622 383 4693 μὲν
431 4621 757 4690 ὠφελεῖσθαι
790 4622 854 4675 ὲκ
889 4621 983 4674 τοῦ
1027 4620 1376 4692 μεταλαϐεῖν,
1429 4620 1589 4684 εὐθὺς
1634 4621 1691 4673 δὲ

95 4715 263 4787 παρά
286 4716 350 4767 τὸ
385 4713 643 4784 ὑποδόχον
664 4711 772 4766 τῶν
805 4712 1032 4777 ὑδάτων,
1072 4713 1138 4765 ἐκ
1172 4712 1264 4765 τοῦ
1295 4711 1374 4765 ίοῦ
1404 4712 1499 4783 τῆς
1532 4711 1690 4781 διψά-

96 4810 189 4873 δος
232 4806 663 4877 ὑποδεξάμενον,
697 4806 1057 4859 καταπίπτειν
1096 4804 1190 4858 καὶ
1222 4804 1492 4875 θνήσκειν.
1534 4803 1694 4857 Ἀλλά

95 4903 193 4957 καὶ
228 4901 288 4955 ετ
321 4917 448 4953 τινα
486 4896 731 4968 πλήξειεν
767 4900 801 4968 ἡ
838 4898 973 4966 αὑτὴ
1000 4896 1185 4966 διψάς,
1224 4896 1331 4951 ἀπὸ
1357 4895 1449 4949 τοῦ
1503 4912 1691 4967 περισ-
1732 4942 1749 4953 ,

92 4990 347 5059 σοτέρως
378 4988 433 5039 ὲν
456 4987 590 5057 αὑτῇ
630 4986 924 5040 καυστικοῦ
966 4985 1046 5038 ίοῦ
1077 4986 1169 5039 ἐπὶ
1211 4985 1387 5056 ὄρεξιν
1410 4985 1568 5056 δίψης
1598 4985 1693 5038 καὶ

93 5081 358 5152 πόματος
406 5078 762 5150 προτρέποιτο
798 5080 962 5143 πάθος
989 5079 1086 5149 τῆς
1120 5079 1426 5149 ἀλγηδόνος,
1456 5077 1694 5149 προσφέ-

96 5173 299 5245 ρεσθαί
334 5189 401 5224 τε
450 5171 537 5225 ἀεὶ
576 5170 669 5226 καὶ
709 5171 885 5225 πίνειν
928 5172 1212 5243 ἐρεθίζειν.
1253 5170 1482 5243 Νομίζει
1530 5169 1588 5223 δέ
1638 5157 1692 5221 τι

90 5264 440 5337 ὠφελεῖσθαι
472 5264 608 5336 πρὸς
643 5265 741 5335 τὴν
770 5263 947 5335 λύμην
990 5266 1019 5317 ὁ
1065 5263 1292 5334 πληγεὶς
1316 5303 1330 5328 ,
1378 5263 1567 5326 ὁσάκις
1592 5261 1694 5331 τῆς

91 5359 370 5429 τοιαύτης
407 5356 782 5429 θανατηφόρου
816 5356 1106 5429 ἀλγηδόνος
1135 5355 1421 5426 λαμϐάνει.
1455 5353 1613 5407 Ἀλλά
1636 5355 1694 5407 ἐν

93 5450 252 5522 αὐτῷ
291 5448 377 5519 τῷ
405 5448 555 5518 τόπῳ
584 5447 965 5519 πληρωθείσης
1007 5448 1104 5519 τῆς
1146 5444 1415 5517 γαστρὸς,
1458 5444 1549 5499 καὶ
1586 5461 1692 5513 μη-

95 5543 219 5595 κέτι
252 5539 694 5611 ὑποδεχομένης,
732 5538 956 5610 ὕστερον
984 5538 1079 5592 σὺν
1103 5537 1179 5609 τῷ
1212 5536 1413 5607 πόματι
1440 5535 1501 5588 τὸ
1532 5533 1695 5588 πνεῦ-

1784 511 2089 575 elaborata,
2132 516 2329 563 cuncta
2361 516 2522 578 prout
2545 507 2599 560 in
2643 506 2765 575 ejus
2803 521 2968 574 opere
3006 508 3356 562 continentur

1792 601 1860 655 ad
1891 599 2114 654 verbum
2150 596 2567 667 exscripsimus.
2616 595 2797 649 Facile
2844 594 2990 647 enim
3024 610 3090 648 ex
3122 596 3208 658 iis,
3242 611 3363 664 qua:

1792 703 1823 742 a
1859 687 2216 743 sanctissimo
2256 686 2372 740 viro
2415 685 2482 739 ad
2530 684 2677 739 illius
2714 683 3065 738 refellendam
3104 685 3365 753 improbi-

1783 789 1948 836 tatem
1976 780 2191 852 prodita
2218 786 2367 842 sunt,
2419 778 2588 834 everti
2639 776 3023 848 proﬂigarique
3083 784 3361 844 poterunt.

1782 872 1894 928 Nos
1925 874 2070 928 enim
2111 871 2163 926 id
2199 871 2345 941 quod
2382 871 2587 926 veritas
2618 870 2735 940 ipsa
2760 884 2869 940 prae
2899 884 2956 924 se
2987 869 3211 923 omnino
3238 867 3360 932 fert,

1784 964 2040 1035 quodque
2089 972 2145 1018 et
2188 965 2431 1034 prudens
2486 964 2627 1017 ratio
2674 961 2986 1032 persuadet,
3016 970 3078 1017 et
3116 961 3362 1015 veritatis

1781 1058 1985 1127 regula:
2042 1066 2471 1112 consentaneum
2516 1064 2620 1120 est,
2673 1056 2796 1127 legi,
2852 1071 2917 1109 ac
2970 1054 3271 1125 prophetis,
3306 1064 3363 1108 et

1782 1145 2149 1214 patriarchis,
2202 1146 2295 1216 qui
2345 1145 2450 1200 sibi
2499 1145 2738 1200 invicem
2784 1152 3207 1208 successerunt,
3259 1160 3362 1200 nec

1784 1251 1897 1291 non
1959 1245 2069 1291 tam
2134 1236 2437 1293 Salvatoris
2492 1236 2707 1307 ipsius,
2772 1253 2932 1307 quam
2991 1238 3360 1306 apostolorum

1784 1328 2051 1384 doctrinae
2081 1329 2360 1385 credimus
2387 1350 2402 1384 ;
2440 1342 2470 1381 a
2498 1328 2696 1398 quibus
2726 1328 3013 1384 manifeste
3047 1328 3357 1392 didicnmus,

1788 1435 1958 1473 unum
2009 1419 2259 1474 confiteri
2312 1419 2480 1473 Deum
2535 1420 2917 1475 universorum
2946 1420 3159 1476 Patrem
3184 1422 3362 1491 omni-

1786 1519 2085 1582 potentem,
2126 1526 2187 1565 ac
2217 1510 2506 1565 Dominum
2543 1518 2792 1566 nostrum
2823 1511 3007 1568 Jcsum
3037 1512 3317 1577 Christum
3340 1552 3358 1573 .

1786 1612 1841 1659 et
1874 1604 2141 1674 Spiritum
2176 1610 2450 1668 sanctum,
2484 1618 2648 1658 unam
2681 1611 2925 1659 sanctam
2958 1605 3361 1674 increatamque

1787 1695 2107 1750 Trinitatem
2141 1734 2156 1758 ,
2206 1710 2332 1749 cum
2385 1703 2582 1750 caetera
2617 1702 2741 1765 post
2781 1694 3019 1759 Patrem,
3055 1704 3109 1749 et
3137 1693 3357 1759 Filium,

1785 1793 1839 1840 et
1874 1785 2138 1857 Spiritum
2173 1798 2421 1842 sanctum
2451 1802 2515 1842 ex
2549 1787 2722 1842 nihilo
2746 1785 3013 1856 producta
3056 1786 3187 1842 sint.
3228 1785 3360 1851 Qum

1783 1877 2001 1946 quidem
2048 1879 2233 1933 omnia
2258 1893 2385 1934 cum
2426 1878 2516 1942 iis,
2571 1893 2711 1947 quos
2752 1878 3197 1941 commemoravi,
3231 1893 3360 1932 san-

1783 1967 2047 2023 ctissimis
2095 1970 2250 2037 viris,
2297 1968 2595 2039 prophetis,
2628 1968 2981 2039 evangelistis
3015 1976 3067 2022 et
3097 1967 3361 2037 apostolis

1784 2061 1904 2118 sine
1962 2062 2069 2116 ulla
2111 2062 2463 2132 ambiguitate
2503 2059 2711 2116 credita
2754 2059 3114 2129 confessaque
3135 2057 3357 2121 fuerint,

1782 2157 1943 2213 nullae
1969 2155 2241 2227 ejusmodi
2276 2160 2438 2209 erunt
2468 2161 2612 2208 artes
2651 2166 2715 2207 ac
2751 2152 3056 2222 praestigiae,
3107 2165 3227 2221 quae
3264 2166 3362 2206 ve-

1783 2251 1964 2306 ritatis
1999 2249 2109 2307 luci
2149 2264 2213 2303 ac
2242 2246 2527 2318 splendori
2570 2246 2785 2316 possint
2833 2246 3137 2312 obsistere;
3169 2260 3359 2316 quem-

1784 2340 2073 2396 admodum
2124 2339 2178 2393 in
2219 2339 2462 2408 singulis
2515 2336 2818 2392 refutandis
2862 2336 3162 2391 hmresibus
3217 2350 3365 2405 saepe

1784 2449 1848 2488 ac
1903 2434 2125 2504 copiose
2168 2431 2619 2486 monstravimus.
2656 2428 2806 2484 Adeo
2838 2437 2895 2483 ut
2920 2429 3111 2484 eadem
3154 2443 3260 2499 qua
3294 2428 3351 2482 in

1784 2525 1998 2579 caeteris
2043 2525 2253 2577 ratione
2295 2521 2567 2576 detectum
2615 2521 2708 2585 sit,
2748 2521 3077 2575 nebulonem
3108 2520 3259 2573 illum
3293 2534 3359 2574 ac

1783 2615 2109 2686 pestiferum
2158 2614 2438 2667 hominem
2486 2612 2604 2667 sola
2643 2611 3014 2667 ostentatione
3053 2609 3139 2663 sui
3169 2623 3234 2663 ac
3262 2623 3359 2662 cu-

1784 2707 2035 2763 riositate
2076 2704 2300 2760 ductum
2355 2703 2423 2757 ad
2479 2711 2590 2756 tam
2645 2701 2905 2756 immania
2953 2710 3207 2770 portenta
3254 2697 3371 2753 ﬁn~

1785 2796 1961 2868 genda
1996 2796 2426 2864 fabricandaque
2456 2794 2690 2851 venisse.

1858 2886 2023 2941 XXII.
2092 2884 2248 2941 Nunc
2294 2887 2442 2943 illius
2475 2900 2540 2941 ac
2620 2882 3014 2938 Marcosiorum
3078 2882 3375 2953 impietate

1783 2979 2081 3049 praterita,
2115 2977 2183 3033 ad
2213 2978 2351 3033 alias
2378 2985 2759 3041 transeamus;
2799 2989 3098 3044 earumque
3129 2981 3184 3029 et
3214 2974 3360 3030 evel-

1784 3073 1961 3127 lamus
2004 3070 2237 3133 radices,
2285 3076 2339 3124 et
2383 3068 2758 3123 amarissimos
2804 3064 3016 3120 fructus
3045 3065 3301 3119 tollamus
3329 3079 3379 3120 e-

1788 3162 1989 3227 medio,
2044 3176 2109 3215 ac
2140 3159 2597 3231 quemadmodum
2632 3156 2806 3212 refelli
2854 3156 3085 3227 possint,
3132 3170 3362 3226 quasque

1789 3250 1858 3304 ad
1909 3250 2061 3318 ipsos
2110 3250 2384 3319 pertinent
2442 3247 2699 3301 universa
2746 3243 3089 3311 referamus;
3149 3260 3258 3298 non
3301 3252 3373 3299 ut.

1784 3340 2091 3412 legentibus
2138 3338 2317 3393 fraudi
2362 3342 2467 3393 ista
2521 3338 2654 3401 sint,
2703 3337 2796 3393 sed
2830 3344 2889 3390 ut
2914 3337 2983 3392 ab
3017 3336 3127 3392 illis
3165 3336 3363 3390 abhor-

1786 3439 1986 3497 reant;
2019 3447 2199 3502 neque
2241 3431 2308 3485 ad
2351 3446 2517 3485 unam
2563 3430 2800 3500 aliquam
2838 3430 3056 3493 'earum,
3096 3442 3237 3499 quas
3267 3443 3360 3483 ex-

1785 3523 2110 3593 posuimus,
2175 3530 2269 3576 aut
2321 3520 2728 3591 insequentium
2788 3520 3079 3586 accedant;
3126 3518 3222 3573 sed
3266 3518 3359 3572 ubi

1785 3629 1907 3685 qua:
1956 3615 2025 3670 ab
2077 3614 2186 3668 illis
2228 3614 2436 3684 scripta
2479 3620 2608 3668 sunt
2650 3612 2903 3684 legerint.
2928 3612 3239 3682 saepiusque
3266 3610 3360 3665 de-

1796 3714 2004 3760 .antata
2041 3705 2421 3777 cognoverint,
2469 3703 2689 3758 illorum
2735 3702 3037 3765 erroribus,
3089 3717 3153 3756 ac
3191 3717 3359 3757 vene-

1786 3808 1911 3851 nata
1939 3796 2294 3867 improbitate
2328 3796 2587 3850 damnata
2627 3794 2838 3863 fugiant
2869 3794 3077 3864 procul,
3112 3793 3276 3863 258
3297 3808 3361 3847 ac

1785 3889 2011 3958 propius
2032 3904 2090 3943 se
2111 3886 2361 3944 conferre
2392 3893 2712 3941 vereantur.
2748 3884 3036 3955 Dipsadcm
3068 3884 3361 3954 quamdam

1785 3996 1817 4034 e
1864 3979 2174 4048 viperarum
2219 3992 2419 4049 genere
2450 3990 2575 4032 esse
2611 3975 2890 4029 memoria:
2932 3974 3204 4044 proditum
3255 3983 3359 4038 est,

1786 4087 1906 4141 quze
1937 4070 2248 4127 istiusmodi
2284 4071 2434 4125 virus
2470 4068 2746 4123 immittat.
2787 4066 2923 4121 Cum
2957 4065 3099 4121 enim
3132 4080 3355 4120 excava-

1789 4164 1857 4218 tis
1897 4163 1951 4216 in
1984 4163 2236 4232 rupibus,
2262 4177 2384 4231 quae
2413 4162 2707 4217 stillantem
2734 4175 2765 4214 e
2796 4158 2945 4215 saxis
2972 4158 3234 4226 liquorem
3264 4172 3368 4211 ero~

1784 4254 2014 4323 cipiunt,
2055 4268 2251 4323 aquam
2302 4259 2461 4307 nacta
2524 4250 2741 4313 biberit,
2786 4265 2904 4305 eam
2937 4259 3122 4318 postea
3154 4263 3360 4302 veneno

1789 4360 1890 4401 suo
1929 4346 2011 4400 sic
2061 4345 2257 4407 inlicit,
2291 4352 2351 4399 ut
2397 4344 2443 4400 si
2482 4343 2627 4413 quod
2660 4343 2863 4397 animal
2897 4341 3154 4408 deinceps
3196 4354 3259 4393 ex
3296 4353 3379 4391 ea».

1790 4437 2081 4507 potaverit,
2106 4452 2231 4491 cum
2266 4435 2446 4505 juvari
2469 4449 2532 4488 ac
2560 4433 2708 4489 sitim
2741 4434 2985 4488 relevare
3023 4432 3198 4484 visum
3245 4428 3359 4483 fne-
3426 4445 3430 4449 ·

1791 4528 1886 4592 rit,
1933 4528 1999 4582 ad
2051 4536 2377 4583 venenatum
2428 4526 2606 4595 ipsum
2649 4540 2803 4594 aquae
2838 4522 3241 4593 receptaculum
3268 4536 3359 4576 su-

1793 4620 1909 4675 bito
1935 4618 2203 4675 moriatur
2227 4632 2291 4673 ac
2318 4618 2590 4672 concidat.
2638 4615 2793 4682 Quod
2843 4614 2889 4670 si
2930 4627 3092 4683 quem
3130 4613 3222 4667 illa
3250 4626 3360 4667 mo-

1793 4711 2083 4776 morderit,
2128 4711 2289 4781 ignea
2326 4708 2520 4764 veneni
2563 4708 2643 4763 vis
2684 4705 3062 4762 vehementius
3103 4717 3361 4775 grassans

1794 4805 2071 4873 ingentem
2134 4803 2284 4858 sitim
2348 4799 2538 4867 affert,
2598 4808 2653 4855 et
2696 4799 2760 4852 ad
2802 4796 3021 4853 assidue
3066 4796 3361 4866 potandum

1793 4894 2125 4950 intolerabili
2151 4908 2275 4948 cum
2304 4893 2490 4947 dolore
2519 4890 2812 4969 compellit.
2851 4890 2951 4948 Cui
2989 4888 3207 4957 quidem
3239 4887 3362 4942 leti-

1793 4985 1911 5041 fero
1940 4984 2117 5040 dolori
2149 4984 2277 5039 dum
2304 4983 2376 5037 ita
2427 4999 2486 5038 se
2533 4981 2759 5037 remedii
2788 4979 2982 5034 afferre
3009 4978 3212 5049 aliquid
3243 4980 3357 5034 exi-

1794 5079 2001 5141 stimat,
2034 5076 2087 5131 in
2113 5076 2303 5131 eodem
2333 5075 2455 5129 loco
2486 5081 2675 5128 ventre
2706 5070 2962 5128 distento.
2994 5085 3095 5125 nec
3120 5071 3364 5125 humoris

1793 5168 2089 5238 quidquam
2135 5167 2371 5236 amplius
2411 5165 2680 5234 capiente,
2730 5178 2853 5218 cum
2896 5172 3025 5232 potu
3073 5176 3199 5215 mox
3239 5163 3364 5215 ani-

1795 5277 1940 5316 mam
1968 5259 2263 5331 profundit.
2299 5256 2389 5312 Sic
2419 5258 2508 5311 ille
2534 5272 2656 5309 cum
2688 5256 3013 5310 inexhausta
3052 5262 3216 5323 potus
3246 5255 3365 5308 avi-

1790 5352 1962 5407 ditate
2028 5351 2143 5407 suis
2201 5350 2427 5406 exitium
2490 5347 2805 5403 consciseit.
2858 5345 2966 5401 Sed
3018 5360 3122 5400 nos
3186 5345 3258 5399 ab
3300 5361 3366 5399 eo

1792 5458 2000 5499 veneno
2049 5442 2233 5497 divina
2285 5457 2388 5513 ope
2441 5442 2673 5506 liberati,
2708 5439 2953 5509 reliquas
3004 5436 3072 5492 ad
3131 5437 3368 5493 [hereses

1790 5540 2154 5591 transeamus.

99 5657 177 5709 μα
213 5636 476 5707 ἀφίησιν.
508 5636 663 5690 Οὕτω
697 5636 790 5689 καὶ
821 5625 975 5698 οὗτος
1006 5634 1110 5687 ὑπὸ
1157 5634 1397 5704 πόματος
1458 5632 1549 5685 τὸν
1601 5630 1829 5685 θάνατον
1870 5634 1981 5691 τοῖς
2040 5634 2168 5705 παρ’
2217 5630 2381 5685 αὑτοῦ
2444 5627 2817 5702 ἡπατημένοις
2855 5623 3224 5695 ἐξεργάζεται.
3270 5615 3367 5674 (lin

99 5748 207 5802 περ
249 5729 339 5783 ίοῦ
389 5730 448 5782 ὲν
490 5726 714 5799 δυνάμει
746 5724 883 5780 Θεοῦ
922 5723 1247 5796 ρυσθέντες,
1299 5722 1391 5777 ἐπὶ
1435 5721 1533 5787 τὰς
1568 5720 1691 5790 ἑξῆς
1722 5718 1906 5791 ἴωμεν.
