3844 6332
391 323 496 384 (ιἓῖ

769 429 1049 487 CONTRA
1087 428 1402 488 COLORBA
1413 426 1590 492 SIOS,

637 539 767 606 Qua:
801 550 878 595 est
907 541 1120 596 hwresis
1165 541 1290 608 XV,
1331 543 1437 596 sive
1483 537 1716 593 XXXV.

468 650 508 707 Ι.
548 650 807 722 Sequitur
831 651 1181 718 Colorbasns,
1211 653 1303 722 qui
1335 653 1402 706 ab
1429 650 1616 706 iisdem
1642 648 1808 702 Marci
1840 661 1970 715 prm-

1800 315 1856 370 S.
1901 311 2240 370 EPIPHANH

2488 423 2676 476 ΚΑΤΑ
2711 419 3189 477 ΚΟΑΟΡΒΑΣῘΩΝ
3209 461 3224 482 ,

2137 535 2644 604 Πεντεκαιδεκάτη
2669 578 2682 602 ,
2729 538 2766 605 ἠ
2812 537 2908 590 καὶ
2950 531 3271 603 τριακοστὴ
3311 529 3593 598 πέμπτη.

2139 647 2216 703 Α’.
2251 648 2596 719 Κολόρϐασος
2625 648 2834 711 τούτοις
2852 650 3058 710 ἕπεται,
3086 647 3193 699 ἀπὸ
3220 646 3320 713 τῆς
3347 642 3445 696 τοῦ
3481 657 3678 711 xposi-

398 743 580 812 stigiis
612 758 741 798 suas
789 744 1025 814 ineptias
1070 741 1400 813 corrogavit.
1430 740 1570 806 Quin
1602 747 1656 793 et
1679 754 1746 793 ex
1786 735 1970 791 Ptolev

2094 741 2308 811 ιημένου
2336 741 2564 813 Μάρκου
2607 741 2860 812 γοητείας
2901 741 2992 794 τὸν
3029 739 3217 811 ἔρανον
3260 735 3672 806 ποιησάμενος.

401 837 521 890 ιιιωὶ
566 835 843 892 radicibus
892 837 1125 890 sentium
1167 849 1231 889 ac
1272 834 1551 904 spinarum
1586 833 1758 887 instar
1786 845 1972 886 crum-

404 945 536 997 pens
565 945 734 984 novas
759 928 1022 999 quasdam
1045 927 1328 998 opiniones
1354 931 1692 980 commentus
1723 931 1826 985 est,
1857 921 1974 992 qui-

2083 831 2242 885 Ἀλλὰ
2269 833 2360 885 καὶ
2394 833 2503 886 ἀπὸ
2534 833 2635 902 τῆς
2663 832 2758 884 τοῦ
2791 832 3125 902 Πτολεμαίου
3176 831 3333 901 ῥίζης
3371 826 3676 881 σκολόπων

2069 923 2224 995 δίκην
2256 923 2535 994 ἀναφύσας
2557 964 2572 988 ,
2607 923 2770 997 ἔτερα
2798 924 2960 978 πάλιν
2988 922 3142 994 παρὰ
3172 921 3385 984 τούτοις
3418 918 3675 988 ἐνοχλεῖν

399 1017 504 1071 bns
534 1018 678 1072 velut
710 1017 915 1073 aculeis
948 1017 1198 1072 homines
1231 1015 1537 1077 infestaret,
1576 1013 1706 1068 dum
1738 1012 1972 1081 majores

2094 1015 2148 1086 ἰῷ
2199 1016 2386 1086 κόσμῳ
2436 1015 2675 1088 κέντρων
2726 1015 2882 1086 δίκην
2920 1015 3204 1084 ἐπενόησε,
3244 1013 3408 1083 δῆθεν
3434 1009 3673 1082 μείζονα

399 1125 575 1179 nugas
631 1125 695 1165 ac
745 1110 957 1165 somnia
1015 1110 1161 1164 velut
1193 1124 1222 1164 e
1263 1109 1401 1163 cmlo
1446 1107 1702 1176 delapsus
1753 1104 1968 1160 eﬂutiit.

397 1199 526 1255 Fuit
569 1199 618 1255 ei
659 1199 893 1270 primum
941 1213 1067 1253 cum
1110 1197 1295 1253 Marco
1344 1196 1579 1251 societas
1627 1195 1974 1264 dogmatum-

400 1307 508 1362 que
554 1291 867 1356 consensio,
921 1297 981 1346 ut
1030 1305 1219 1346 eorum
1269 1297 1456 1352 secta,
1493 1295 1750 1358 tanquam
1787 1286 1976 1355 biceps

401 1383 618 1456 anguis,
662 1382 916 1453 bipartita
961 1383 1255 1437 videretur.
1307 1379 1502 1437 Postea
1546 1380 1690 1434 velut
1737 1383 1900 1448 caput
1945 1391 1976 1431 a

402 1474 672 1544 serpentis
704 1488 932 1540 corpore
961 1472 1255 1539 divulsum,
1291 1487 1354 1526 ac
1384 1471 1598 1541 spirans
1627 1469 1826 1533 adhuc,
1858 1468 1979 1538 plu-.-

401 1565 558 1620 rimis
607 1564 776 1619 exitio
818 1563 955 1630 fuit;
994 1579 1117 1618 cum
1165 1562 1343 1632 majus
1373 1561 1630 1633 quiddam
1673 1577 1782 1614 non
1815 1558 1978 1612 modo

403 1656 704 1725 aequalibus
750 1654 887 1720 suis,
930 1655 1024 1710 sed
1067 1665 1119 1708 et
1162 1654 1488 1724 majoribus,
1542 1667 1606 1706 ac
1646 1651 1861 1707 doctius
1893 1648 1976 1703 ai-

2072 1107 2370 1176 φαντασίαν
2390 1148 2405 1172 ,
2435 1109 2510 1170 ώς
2537 1097 2740 1162 ἄνωθεν
2767 1108 2919 1178 ἥκων
2941 1147 2956 1171 ,
2989 1105 3384 1178 μηχανώμενος
3407 1121 3421 1132 ·
3448 1103 3556 1156 καὶ
3602 1101 3676 1156 τὰ

2077 1200 2175 1270 μὲν
2219 1199 2411 1271 πρῶτα
2460 1199 2558 1252 σὺν
2602 1198 2680 1269 τῷ
2726 1199 2937 1269 Μάρκῳ
2972 1197 3230 1268 ὑπάρχων
3257 1194 3673 1268 ὁμοιογνώμονι

2075 1286 2225 1358 αὺτῷ
2245 1325 2259 1351 ,
2292 1287 2446 1358 δίκην
2476 1287 2765 1356 δικεφὰλου
2795 1286 3144 1358 ὑπαρχούσης
3164 1286 3266 1356 τῆς
3299 1285 3482 1339 αὐτῶν
3512 1283 3675 1355 αἱρέ-

2078 1396 2213 1444 σεως
2241 1395 2255 1408 ⁸
2289 1380 2517 1452 ὕστερον
2546 1379 2599 1433 δὲ
2632 1380 2708 1442 ώς
2739 1378 2946 1449 κεφαλὴ
2993 1378 3103 1431 ἀπὸ
3140 1377 3395 1448 σώματος
3425 1375 3672 1446 ἑρπετοῦ

2075 1471 2344 1542 τμηθεῖσα
2373 1510 2388 1533 ,
2441 1471 2535 1524 καὶ⁵
2586 1470 2665 1523 ἔτι
2705 1470 3018 1537 ἐμπνέουσα
3047 1507 3061 1532 ,
3106 1468 3334 1532 πολλοὺς
3386 1468 3675 1537 ἀφανίσας

2075 1563 2351 1633 ἠδίκησεν,
2377 1563 2451 1624 ώς
2477 1561 2636 1632 δῆθεν
2672 1561 2853 1631 μεῖζόν
2885 1577 2937 1612 τι
2967 1560 3060 1612 καὶ
3084 1560 3480 1631 ἐμπειρότερον
3512 1559 3674 1630 παρὰ

2078 1652 2185 1706 τῶν
2217 1654 2232 1684 ί
2269 1654 2364 1705 σὺν
2412 1651 2559 1723 αὑτῷ
2609 1653 2702 1706 καὶ
2753 1654 2879 1716 τοὺς
2928 1652 3180 1724 πρώτους
3228 1651 3463 1714 δεικνύς.
3497 1650 3674 1716 Λέγει

403 1748 548 1804 ferre
584 1748 918 1802 crederetur.
953 1745 1263 1817 Ogdoadem
1313 1746 1458 1800 enim
1503 1752 1688 1800 censet
1716 1759 1824 1798 non
1855 1758 1979 1814 gra-

2094 1745 2189 1818 γὰρ
2219 1745 2318 1833 τὴν
2347 1745 2570 1817 πρώτην
2619 1746 2877 1813 Ὀγδοάδα
2918 1747 2980 1798 οὐ
3021 1744 3142 1799 καθ’
3177 1745 3444 1796 ὑπόϐασιν
3485 1743 3676 1797 ἄλλων

403 1839 574 1894 datim
621 1839 786 1893 unius
819 1837 1015 1893 Aionis
1051 1838 1119 1892 ab
1153 1838 1326 1891 altero
1355 1837 1734 1907 procreatione
1777 1850 1978 1906 propa-

405 1939 584 2002 gatam
646 1929 851 1998 fuisse;
901 1930 995 1986 sed
1048 1946 1143 1985 sex
1195 1930 1437 1999 reliquos
1494 1927 1705 1983 Eonas
1750 1927 1976 1998 pariter,

405 2025 707 2093 eodemque
756 2032 1028 2078 momento
1083 2037 1114 2076 a
1175 2037 1431 2091 supremo
1471 2020 1720 2086 Parente,
1776 2029 1829 2074 et
1859 2019 1979 2089 ejus

406 2115 573 2186 259
603 2115 833 2177 Ennma,
859 2114 961 2170 hoc
995 2122 1078 2169 est
1127 2113 1475 2183 cegitatione,
1522 2126 1796 2177 manasse,
1833 2109 1979 2181 quod

407 2207 514 2262 iste
545 2207 626 2262 sic
656 2213 915 2277 tanquam
943 2205 1250 2261 obstetricis
1279 2213 1460 2274 partes
1479 2205 1702 2275 egisset,
1727 2201 1975 2256 afﬁrmat.

406 2295 591 2368 Quare
644 2312 754 2353 non
800 2307 859 2350 ut
901 2295 988 2350 alii
1019 2312 1048 2350 e
1085 2295 1257 2351 Verbo
1297 2295 1547 2366 Vitaque,
1606 2294 1892 2349 Hominem
1927 2301 1981 2348 et

407 2371 746 2455 Ecclesiam;
787 2398 880 2444 aut
917 2405 984 2444 ex
1023 2388 1272 2452 Homine,
1312 2397 1370 2442 ut
1403 2386 1730 2457 quibusdam
1780 2385 1979 2457 placet,

407 2486 464 2535 et
487 2478 731 2535 Ecclesia
775 2477 1014 2534 Verbum
1057 2493 1120 2532 ac
1167 2475 1342 2530 Vitam
1388 2478 1658 2547 prodiisse
1686 2491 1810 2530 cum
1862 2476 1982 2532 suis

407 2571 500 2626 ille
557 2573 767 2626 statuit.
815 2568 920 2625 Sed
967 2570 1018 2625 id
1068 2569 1172 2623 alia
1214 2569 1425 2624 ratione
1481 2569 1744 2624 deﬁniunt
1776 2587 1788 2622 :
1824 2567 1983 2622 nimi-

409 2675 532 2716 rum
562 2661 719 2731 ,quod
761 2675 1051 2732 supremus
1091 2661 1181 2716 ille
1211 2674 1410 2731 parens
1450 2659 1748 2728 producere
1775 2658 1983 2727 cogita-

408 2755 511 2818 vit,
551 2754 657 2810 hoc
707 2753 975 2808 vocabulo
1017 2751 1196 2808 Patris
1238 2753 1589 2823 appellatum.
1637 2749 1778 2806 Idem
1822 2763 1984 2820 porro

408 2844 627 2900 Veritas
670 2859 796 2899 cum
845 2852 1014 2908 esset,
1067 2842 1329 2898 Veritatis
1372 2842 1693 2913 insignitum
1742 2840 1982 2894 nomine.

410 2935 774 3002 Quamobrem
808 2949 931 2988 cum
971 2941 1250 2988 ostentare
1285 2947 1344 2987 se
1386 2932 1566 2998 vellet,
1608 2931 1844 3000 idipsum
1876 2929 1986 2984 Ho-

409 3026 615 3081 minem
673 3025 1036 3082 nominatum.
1075 3022 1223 3090 Quos
1268 3032 1448 3076 autem
1494 3036 1619 3076 cum
1660 3021 1986 3091 produceret

2081 1836 2186 1888 ὑπὸ
2218 1837 2380 1891 ἄλλου
2419 1836 2600 1890 Αίῶνα
2649 1835 3088 1908 προϐεϐλῆσθαι,
3129 1834 3242 1888 ἀλλ’
3273 1833 3411 1904 ὁμοῦ
3447 1834 3549 1886 καὶ
3590 1834 3677 1896 εἰς

2079 1925 2223 1994 ἅπαξ
2251 1927 2349 1998 τὴν
2377 1929 2485 1982 τῶν
2526 1928 2586 1993 ἐξ
2616 1927 2834 1982 Αίώνων
2860 1931 2880 1959 ⁸
2920 1927 3190 1999 προϐολὴν
3229 1927 3334 1979 ὑπὸ
3381 1925 3479 1978 τοῦ
3525 1927 3676 1995 Προσ

2080 2019 2314 2091 πάτορος
2339 2022 2434 2074 καὶ
2465 2021 2564 2093 τῆς
2601 2020 2838 2084 Ἐννοίας
2876 2020 3039 2073 αὐτοῦ
3064 2019 3354 2089 τετέχθαι,
3388 2019 3466 2082 ώς
3498 2019 3677 2080 αὐτὸς

2083 2113 2488 2182 μαιωσάμενος,
2539 2112 2959 2167 διαϐεϐαιοῦται.
2999 2113 3107 2166 Καὶ
3149 2111 3328 2164 οὐκέτι
3380 2111 3445 2163 ἐκ
3486 2109 3674 2177 Λόγου

2081 2206 2176 2257 καὶ
2191 2205 2343 2276 Ζωῆς
2371 2205 2690 2277 Ἀνθρωπον
2712 2206 2805 2258 καὶ
2838 2204 3183 2274 Ἐκκλησίαν,
3215 2205 3306 2258 καὶ
3333 2202 3392 2270 ἐξ
3429 2201 3676 2274 Ἀνθ

2082 2318 2185 2355 που
2206 2340 2221 2364 ,
2252 2299 2328 2362 ώς
2355 2300 2403 2352 οἱ
2433 2298 2617 2361 ἄλλοι,
2644 2299 2736 2352 καὶ
2781 2297 3106 2369 Ἐκκλησίας
3125 2338 3140 2362 ,
3176 2296 3345 2365 Λόγον
3381 2297 3480 2350 καὶ
3510 2297 3674 2366 Ζωήν

2083 2409 2215 2464 φασι
2243 2392 2489 2463 τετέχθαι
2520 2392 2680 2454 αὐτὸς
2725 2391 2819 2444 καὶ
2845 2391 2891 2442 oi
2925 2389 3088 2444 αὐτοῦ
3113 2407 3128 2423 ο
3163 2389 3295 2444 ἀλλὰ
3335 2387 3514 2460 ἑτέρῳ
3541 2387 3673 2457 τρό-

2083 2503 2170 2556 πῳ
2199 2484 2356 2538 τοῦτο
2387 2484 2636 2553 λέγουσιν
2658 2501 2671 2514 ·
2719 2485 2800 2538 ὄτι
2838 2486 2974 2556 ὅπερ
3008 2482 3259 2554 ὲνενοήθη
3305 2481 3612 2552 προϐαλεῖν
3645 2482 3674 2532 ὁ

2082 2577 2423 2648 Προπάτωρ,
2454 2576 2610 2629 τοῦτο
2647 2575 2835 2648 Πατὴρ
2875 2575 3099 2645 ἐκλήθη.
3143 2574 3293 2628 Ἐπεὶ
3326 2574 3381 2626 δὲ
3419 2572 3670 2643 προεϐά-

2083 2667 2206 2720 λετο
2245 2666 2496 2738 Ἀλήθεια
2540 2667 2640 2738 ἦν,
2687 2667 2844 2720 τοῦτο
2899 2667 3148 2737 Ἀλήθεια
3179 2663 3494 2735 ὠνομάσθη.
3536 2663 3673 2715 Ὅτε

2083 2755 2175 2813 οὖν
2212 2758 2474 2829 ἠθέλησεν
2519 2758 2784 2823 ἐπιδεῖξαι
2837 2758 2999 2812 αὑτὸν
3023 2800 3038 2825 ,
3076 2757 3233 2811 τοῦτο
3285 2756 3618 2828 Ἀνθρωπος
3652 2756 3673 2788 ³

2085 2849 2298 2920 ἐλέχθη.
2329 2848 2436 2914 Οὓς
2484 2850 2541 2904 δὲ
2587 2851 2976 2922 προελογίσατο
3009 2851 3097 2904 ὅτε
3147 2849 3452 2921 προέϐαλε,
3507 2847 3675 2901 τοῦτο

2099 2939 2392 3009 Ἐκκλησία
2418 2939 2708 3012 ὠνομάσθη
2733 2956 2748 2970 ο
2783 2941 2875 2994 καὶ
2913 2940 2942 2992 ὁ
2975 2939 3290 3010 Ἀνθρωπος
3327 2938 3418 2992 τὸν
3448 2939 3632 3006 Λόγον
3654 2955 3669 2967 ·

2086 3023 2238 3092 οὗτός
2265 3031 2410 3085 ἐστιν
2443 3030 2472 3082 ὀ
2504 3031 2846 3101 πρωτότοκος
2889 3030 3035 3094 Υἱός.
3083 3028 3469 3083 Ἐπακολουθεί
3507 3028 3565 3081 δὲ
3594 3027 3675 3097 τῷ

413 3118 571 3188 prius
615 3117 800 3172 animo
835 3123 1134 3186 reputaret,
1179 3114 1265 3169 his
1305 3113 1564 3168 Ecclesiae
1597 3127 1791 3166 nomen
1824 3111 1981 3164 attri-

2094 3119 2246 3189 Λόγῳ
2284 3121 2380 3174 καὶ
2417 3123 2450 3193 ή
2487 3123 2630 3194 Ζωή.
2671 3122 2783 3177 Καὶ
2823 3120 2994 3186 οὕτως
3043 3119 3235 3193 πρώτη
3277 3118 3505 3188 Ὀγδοὰς
3546 3137 3674 3173 συν-

413 3210 628 3266 butnm.
679 3207 852 3263 Homo
905 3223 1033 3263 vero
1079 3205 1315 3261 Verbum
1369 3206 1659 3275 produxit;
1702 3211 1864 3274 atque
1893 3203 1983 3256 hic

411 3297 812 3371 primogenitus
861 3305 948 3352 est
982 3295 1174 3350 Filius.
1228 3294 1334 3350 Sed
1367 3294 1604 3350 Verbum
1636 3283 1757 3347 Vita
1787 3306 1987 3348 conch

413 3390 629 3462 quitur.
658 3388 837 3459 A'tque
866 3387 942 3441 ita
973 3387 1191 3458 Ogdoas
1223 3388 1398 3458 prima
1429 3386 1734 3442 coniicitur.

484 3478 658 3535 Porro
694 3495 889 3550 magna
920 3487 1005 3535 est
1035 3480 1178 3535 inter
1209 3479 1332 3534 illos
1361 3479 1428 3534 de
1460 3479 1742 3534 Salvatore
1771 3476 1987 3532 dissen-

413 3570 521 3628 sio.
571 3570 804 3637 Quidam
849 3571 998 3626 enim
1044 3586 1111 3626 ex
1153 3571 1410 3627 omnibus
1453 3569 1746 3624 conﬂatum
1797 3569 1986 3623 existi-

411 3669 608 3717 mant:
641 3671 806 3732 atque
862 3661 984 3718 ideo
1031 3659 1393 3726 Eudocetum,
1447 3663 1550 3717 hoc
1593 3669 1678 3716 est
1729 3660 1987 3729 benepla-

407 3759 628 3807 centem
667 3760 943 3816 vocatum,
981 3752 1126 3824 quod
1174 3768 1297 3807 eum
1346 3751 1597 3807 Pleroma
1639 3766 1800 3807 omne
1835 3763 1988 3804 com-

413 3841 570 3896 muni
616 3842 688 3897 sit
727 3841 923 3897 affectu
955 3844 1031 3896 ac'
1049 3841 1425 3897 benevolentia
1474 3849 1846 3912 prosecutum.
1881 3842 1987 3897 Alii

419 3931 555 3989 solis
575 3947 640 3988 ex
667 3931 936 3987 IEonibus
953 3933 1162 3999 decem,
1182 3933 1274 4002 qui
1306 3947 1335 3984 a
1362 3929 1542 3986 Verbo
1568 3930 1798 4002 Vitaque
1842 3932 1990 3988 deri-

417 4025 531 4080 vati
561 4033 709 4085 sunt,
763 4024 1067 4095 profectum
1115 4026 1267 4080 illum
1318 4033 1594 4091 asserunt,
1634 4035 1923 4091 eteorum,
1956 4042 1988 4081 a

415 4115 616 4184 quibus
639 4123 818 4169 ortum
852 4117 1085 4185 accepit,
1125 4115 1421 4172 retinuisse
1451 4119 1692 4170 nomina.
1726 4116 1864 4171 Sunt
1894 4118 1988 4188 qui

413 4204 702 4260 duodecim
729 4220 794 4259 ex
823 4203 1094 4261 [Eonibns
1115 4246 1129 4270 ,
1161 4221 1301 4274 quos
1335 4204 1509 4261 Homo
1539 4222 1602 4260 ac
1635 4205 1759 4261 Vita
1784 4223 1991 4279 genue-

412 4298 546 4360 rint,
588 4295 909 4366 proﬂuxisse
948 4298 1186 4351 sentiant
1218 4316 1231 4351 :
1268 4297 1337 4350 ob
1385 4299 1546 4368 idque
1585 4299 1753 4355 lilium
1805 4298 1989 4355 Homi-

413 4391 504 4446 nis
535 4389 740 4453 vocari,
778 4390 935 4462 quasi
965 4387 1214 4443 Hominis
1248 4397 1518 4459 nepotem.
1555 4389 1844 4446 Nonnullis
1874 4391 1989 4461 pla-

2085 3211 2358 3290 ετελέσθη.

2157 3490 2333 3565 Πολλὴ
2364 3491 2421 3548 δὲ
2452 3491 2600 3564 μάχη
2629 3493 2760 3565 παρ’
2790 3493 2970 3558 αὐτοῖς
3000 3493 3094 3548 καὶ
3124 3493 3367 3564 περὶτοῦ
3391 3494 3671 3566 Σωτῆρος.

2087 3587 2150 3640 Ui
2180 3586 2280 3657 μὲν
2318 3586 2426 3658 γὰρ
2455 3587 2616 3640 αὑτὸν
2645 3589 2709 3640 ὲκ
2731 3587 2947 3641 πάντων
2975 3587 3255 3656 γεγονέναι
3287 3587 3507 3656 λέγουσι
3530 3629 3545 3652 ,
3595 3588 3674 3640 διὸ

2087 3679 2180 3732 καὶ
2202 3678 2504 3750 Εὐδοκητὸν
2533 3679 2835 3745 καλεῖσθαι,
2865 3680 2945 3732 ὅτι
2975 3681 3082 3733 πᾶν
3111 3680 3170 3732 τὸ
3197 3680 3482 3751 Πλήρωμα
3516 3679 3673 3751 ηὐδό-

2087 3785 2288 3840 κησεν’
2329 3770 2379 3822 οἱ
2429 3769 2484 3822 δὲ
2525 3771 2589 3822 ἐκ
2641 3769 2816 3842 μόνων
2865 3769 2970 3822 τῶν
3003 3769 3134 3823 δέκα
3167 3769 3386 3822 Αίώνων
3418 3770 3532 3824 τῶν
3565 3770 3673 3823 ἀπὸ

2085 3860 2261 3930 Λόγου
2302 3860 2398 3914 καὶ
2450 3860 2604 3932 Ζωῆς
2651 3859 3052 3932 προϐεϐλῆσθαι
3103 3863 3266 3915 αὐτὸν
3303 3862 3566 3931 λέγουσι,
3605 3862 3673 3915 τὰ

2089 3952 2386 4023 προγονικὰ
2420 3952 2659 4022 ὀνόματα
2696 3951 2806 4027 [τὰ]
2838 3953 3167 4018 διασώζοντα
3191 3970 3205 3985 °
3237 3956 3283 4007 οἱ
3336 3954 3394 4010 δὲ
3451 3957 3520 4008 ἐκ
3564 3955 3670 4007 τῶν

2087 4046 2312 4100 δεκαδύο
2359 4046 2580 4100 Αἱώνων
2633 4047 2740 4104 τῶν
2792 4049 2856 4103 ἐκ
2887 4049 2995 4102 τῶν
3048 4049 3142 4104 τοῦ
3203 4049 3522 4122 Ἀνθρώπου
3578 4050 3669 4103 καὶ

2087 4137 2242 4208 Ζωῆς
2295 4136 2600 4208 γενομένων
2636 4154 2650 4168 ο
2705 4138 2796 4190 καὶ
2841 4137 2929 4191 διὰ
2982 4139 3143 4192 τοῦτο
3191 4139 3304 4193 υἱὸν
3354 4139 3668 4211 Ἀνθρώπου

2087 4227 2372 4299 ὁμολογεῖ,
2415 4228 2615 4281 ὡσανεὶ
2652 4229 2917 4296 ἀπόγονον
2969 4230 3301 4302 Ἀνθρώπου.
3350 4233 3414 4284 Oi
3458 4231 3518 4283 δὲ
3567 4230 3668 4284 ὑπὸ

2088 4319 2182 4373 τοῦ
2206 4319 2465 4392 Χριστοῦ,
2506 4322 2600 4374 καὶ
2631 4322 2722 4375 τοῦ
2757 4322 2912 4390 ἁγίου
2943 4323 3258 4394 Πνεύματος
3291 4326 3368 4387 εἰς
3392 4325 3669 4396 στήριγμα

2088 4409 2181 4464 τοῦ
2216 4409 2589 4481 Πληρώματος
2617 4413 2895 4479 γεγονέναι
2934 4412 3182 4481 λέγουσιν
3215 4414 3374 4466 αὐτόν
3404 4429 3417 4442 ·
3451 4415 3548 4467 καὶ
3584 4414 3670 4467 διὰ

411 4489 500 4536 cet
526 4481 774 4536 eumdem
809 4497 837 4533 a
865 4479 1084 4535 Christo
1113 4491 1166 4535 et
1193 4481 1396 4549 Spiritu
1439 4490 1630 4538 sancto
1659 4482 1728 4536 ad
1766 4490 1981 4537 susten-

2094 4501 2251 4557 τοῦτο
2288 4503 2521 4572 Χριστὸν
2567 4502 2819 4571 λέγεσθαι
2849 4504 3008 4558 αὑτὸν
3044 4506 3143 4575 τὴν
3172 4505 3263 4558 τοῦ
3299 4505 3544 4574 Πατρὺς,
3579 4507 3668 4575 ἀφ’

411 4574 634 4634 tandum
684 4572 934 4628 Pleroma
983 4574 1266 4644 genitum:
1302 4574 1532 4645 ideoque
1577 4575 1853 4630 Christum
1886 4589 1981 4645 ap-

2094 4587 2152 4649 οὗ
2181 4592 2494 4664 προεϐλήθη
2520 4633 2534 4656 ,
2565 4593 2901 4657 διασώζοντα
2948 4572 3336 4666 προσηγορίαν.
3375 4572 3562 4649 ’Ἄλλοι
3593 4572 3668 4660 δὲ,

409 4665 692 4734 pellatum,
728 4671 788 4719 ut
820 4663 962 4734 ejus,
994 4680 1024 4718 a
1053 4681 1162 4735 quo
1213 4674 1392 4718 ortum
1433 4672 1740 4735 acceperat,
1785 4680 1981 4720 nomen

2094 4683 2166 4748 ὡς
2197 4663 2371 4739 είπεῖν
2395 4663 2587 4748 ,τινὲς
2629 4683 2688 4750 ἐξ
2734 4683 2912 4736 αὐτῶν
2943 4663 3178 4755 ῥαψῳδοὶ
3199 4663 3297 4736 *τὸν
3341 4684 3668 4756 Προπάτορα

409 4757 703 4816 obtineret.
744 4756 848 4810 Alii
895 4771 959 4810 ex
1018 4755 1234 4810 illorum
1288 4771 1538 4819 numero,
1579 4764 1638 4810 ut
1666 4757 1738 4810 ita
1775 4757 1977 4822 dicam,

2094 4773 2196 4826 τῶν
2231 4774 2368 4827 ὅλων
2391 4813 2406 4836 ,
2439 4777 2531 4826 καὶ
2571 4774 2854 4850 προάρχην
2876 4816 2890 4841 ,
2937 4776 3030 4828 καὶ
3082 4776 3507 4847 προανεννὸητον
3552 4779 3670 4828 Ἀν-

408 4847 671 4918 rhapsodi
725 4863 1001 4903 summum
1077 4848 1455 4902 universorum
1529 4847 1849 4916 Parentem,
1917 4864 1981 4904 ac

2094 4865 2308 4937 θρωπον
2351 4865 2570 4935 λέγουσι
2599 4847 2882 4920 καλεῖσθαι
2908 4884 2922 4898 ο
2957 4868 3051 4920 καὶ
3076 4868 3221 4920 τοῦτ’
3253 4864 3395 4921 εἶναι
3440 4868 3501 4920 τὸ
3534 4868 3668 4938 μέγα

409 4940 647 5012 primum
683 4938 1042 5010 Principium,
1079 4940 1424 5011 primumque
1451 4941 1779 5012 cogitatione
1809 4941 1981 5011 majus

2094 4957 2183 5011 καὶ
2209 4959 2527 5031 ἀπόκρυφον
2559 4961 2884 5034 μυστήριον·
2917 4961 2998 5014 ὅτι
3039 4963 3074 5036 ἡ
3123 4963 3261 5033 ὑπὲρ
3296 4961 3364 5015 τὰ
3395 4962 3493 5016 ὅλα
3519 4962 3668 5016 δύνα-

409 5029 700 5086 Hominem
739 5033 921 5086 vocari
951 5030 1252 5099 deﬁniunt;
1298 5031 1461 5102 idque
1489 5048 1740 5103 magnum
1772 5033 1904 5089 illud
1931 5043 1981 5090 et

2094 5067 2184 5121 μις
2207 5051 2298 5104 καὶ
2323 5029 2862 5126 ἐμπεριεκτικὴψτῶν
2891 5029 3111 5111 πάντων
3146 5029 3466 5126 Ἀνθρωπος
3496 5055 3665 5109 καλεῖ-

409 5138 672 5178 arcannm
711 5138 835 5178 esse
864 5125 1204 5194 mysterium,
1240 5122 1387 5195 quod
1420 5125 1508 5178 illa
1537 5126 1753 5180 caeteris
1802 5127 1981 5180 omni-

2094 5158 2176 5196 ται
2201 5160 2217 5173 '
2249 5145 2342 5197 καὶ
2362 5145 2448 5200 διὰ
2477 5143 2636 5200 τοῦτο
2659 5146 2772 5201 υἱὸν
2808 5145 3120 5219 Ἀνθρώπου
3155 5148 3344 5200 ἑαυτὸν
3382 5147 3562 5217 λέγειν
3587 5147 3666 5200 τὸν

407 5213 515 5272 bus
571 5214 908 5269 antecellens
979 5216 1273 5286 omniaque
1327 5218 1616 5272 continens
1647 5216 1825 5272 virtus
1873 5216 1981 5270 llo-

409 5304 574 5361 minis
617 5305 977 5375 appellatione
1026 5316 1366 5373 censeatur;
1422 5317 1474 5362 et
1533 5307 1740 5362 idcirco
1792 5306 1978 5362 Salva-

407 5407 582 5456 torem
613 5396 964 5468 semetipsum
1002 5396 1250 5453 Hominis
1288 5399 1574 5454 nominare
1609 5399 1798 5455 illium.

364 5485 373 5498 '
476 5487 543 5544 κ.
583 5488 864 5558 Ejusmodi
895 5498 979 5544 est
1015 5489 1193 5560 inepta
1243 5489 1333 5543 illa
1374 5505 1436 5542 ac
1481 5491 1827 5546 commentita
1867 5491 1974 5546 Co-

403 5582 609 5641 lorbasi
659 5583 932 5648 doctrina,
985 5597 1148 5655 quam
1184 5597 1380 5655 magno
1417 5583 1704 5638 verborum
1738 5583 1968 5655 strepitu

2089 5234 2343 5308 Σωτῆρα.

2155 5495 2228 5547 B'.
2278 5493 2424 5568 Αὕτη
2473 5499 2628 5570 καὶὴ
2673 5502 2765 5554 τοῦ
2814 5497 3162 5569 Κολορϐἀσου
3203 5499 3435 5572 μάταιος
3470 5501 3546 5570 τῷ
3577 5500 3664 5569 βίῳ

2086 5586 2178 5640 καὶ
2207 5587 2580 5662 φαντασιώδης
2608 5591 2694 5646 διὰ
2723 5589 3068 5665 ψοφημάτων
3103 5592 3408 5662 κενοφωνία
3429 5609 3444 5624 ο
3476 5594 3542 5666 ἢν
3579 5591 3663 5646 ἐὰν

482 5739 499 5779 ι
529 5737 588 5802 ιε’,
620 5737 764 5808 τούς.
802 5741 822 5772 ²
849 5739 974 5798 Cor.
1004 5740 1064 5816 ἓξ
1087 5738 1218 5800 Aid).
1291 5739 1311 5771 ³
1334 5737 1394 5800 F.
1433 5742 1719 5815 ’ΛνἿρτοττο
1738 5761 1764 5799 ν
