3772 6188
65 251 172 307 6’39

676 253 1048 311 ADVERSUS
1093 254 1438 313 HAZRESES
1477 255 1607 312 LIB.
1660 255 1701 312 l.
1744 254 1909 313 TOM.
1952 255 2040 313 Ill.
2081 284 2154 299 —
2192 254 2470 315 HERES.
2496 257 2712 317 XXXV.

3244 263 3347 319 0'50

62 374 374 445 καταμαθοι
411 393 530 439 τις,
565 376 771 432 εἵσεται
799 380 863 431 ὲκ
894 377 1003 432 τῶν
1035 378 1141 451 πρὸ
1174 378 1338 432 αὑτοῦ
1362 419 1375 443 ,
1410 378 1486 442 ὡς
1510 397 1545 448 φ

1860 393 1926 433 ue
1959 392 2156 447 pompa
2187 379 2239 432 in
2267 377 2518 433 homines
2554 377 2781 432 invexit.
2823 376 2995 443 Quam
3028 376 3072 432 si
3105 378 3231 448 quis
3262 378 3347 433 di-

60 465 219 534 τιμία
251 468 370 520 ἐστὶ
397 467 497 539 τῆς
528 469 760 523 ἑκάστου
795 470 999 524 τούτων
1030 472 1306 535 ὑπονοίας.
1341 470 1651 537 Κενοδοξῶν

56 558 170 629 γὰρ
199 559 427 625 ἕκαστος
449 601 464 624 ,
502 562 596 615 καὶ
624 562 944 633 βουλόμενος
976 562 1156 636 ἑαυτῷ
1192 564 1443 633 συνάγειν
1467 564 1652 636 ἄθροι-

59 664 209 719 σμα,
243 649 385 704 ὥστε
433 651 582 723 αὑτῷ
618 652 882 717 ἕπεσθαι,
916 653 951 707 ἃ
996 655 1290 727 ὑπεισῆλθε
1340 660 1406 727 τῇ
1455 655 1650 711 ἑαυτοῦ

58 741 243 813 ἐννοίᾳ
281 743 705 817 ἐψευδολόγησεν
732 784 747 807 ,
781 743 905 798 οὔτε
938 746 1081 801 κατὰ
1113 749 1451 820 προφητείαν
1480 748 1651 819 φθεγ-

55 834 293 905 γόμενος
317 835 395 906 (οὑ
430 835 538 908 γὰρ
568 837 792 907 Πνεῦμα
827 837 980 906 ἅγιον
1013 837 1273 909 ἐλάλησεν
1313 841 1370 893 ἐν
1405 840 1647 910 αὑτοῖς),

56 925 182 979 οὗτε
215 928 330 981 ἀπὸ
376 928 473 1000 τῆς
516 928 627 982 τῶν
668 929 963 1002 προφητῶν
1016 930 1112 984 καὶ
1142 931 1492 1000 Εὑαγγελίων
1516 932 1651 1004 ἁλη-

56 1018 207 1084 θείας
268 1021 376 1075 κᾶν
421 1022 554 1093 μίαν
591 1020 857 1095 πρόφασιν
911 1023 1179 1095 ἐσχηκώς.
1237 1024 1541 1097 Ἀνατροπὴ
1594 1024 1653 1079 δὲ

55 1110 271 1165 τούτων
298 1112 516 1165 πάντων
559 1112 671 1166 τῶν
703 1114 800 1184 τῆς
826 1112 1181 1186 ψευδωνύμου
1212 1114 1466 1185 γνώσεως
1495 1116 1523 1169 ὁ
1555 1114 1653 1169 αὑ-

54 1201 144 1263 τὸς
177 1201 442 1273 ἀληθείας
481 1202 621 1257 κατά
654 1204 761 1256 τῶν
813 1202 1046 1275 πρώτων
1097 1206 1283 1277 ῥηθεὶς
1328 1205 1505 1275 λόγος.
1540 1206 1651 1277 Τῆς

55 1288 165 1359 γὰρ
196 1290 557 1345 Οὐαλεντίνου
602 1292 797 1363 σχολῆς
848 1294 942 1346 καὶ
992 1293 1101 1347 τῶν
1135 1295 1241 1363 πρὸ
1292 1296 1457 1349 αὑτοῦ
1509 1291 1653 1351 οὗτοι

57 1380 265 1446 πάντες
320 1383 687 1455 ὑπάρχοντες,
753 1388 846 1440 καὶ
896 1387 986 1441 τὸν
1035 1386 1158 1441 νοῦν
1196 1389 1403 1442 ἐκεῖνον
1444 1390 1460 1420 ¹
1495 1389 1652 1455 ἄλλος

55 1474 237 1538 ἄλλως
288 1475 687 1548 ἐξηγησάμενοι
716 1520 731 1545 ,
774 1478 871 1550 τὴν
912 1478 1034 1550 ἴσην
1089 1481 1272 1545 αὑτοῖς
1327 1481 1654 1553 ὀφλήσουσιν

54 1567 347 1639 αἰσχύνην.
377 1570 634 1642 Μεγάλην
657 1571 767 1643 γάρ
799 1573 930 1643 ἡμῖν
957 1572 1174 1645 ἀπάτην
1199 1575 1532 1644 κενοφωνίας
1560 1576 1654 1628 καὶ

55 1650 213 1722 οὗτος
248 1661 279 1713 ὁ
332 1659 673 1732 Κολόρϐασος
713 1658 816 1734 ἧκε
852 1663 1053 1735 φέρων.
1090 1666 1335 1733 Ἐξὲθετο
1382 1666 1490 1738 γὰρ
1522 1669 1654 1739 ἡμῖν

1767 470 1998 541 ligenter
2053 469 2474 533 animadvertat,
2526 468 2687 525 facile
2717 484 2782 524 ex
2818 469 3198 539 superioribus
3234 471 3347 526 Ιιωο

1756 562 1941 616 reticis
1959 560 2242 630 intelliget,
2268 558 2483 615 Omnem
2514 559 2661 613 illam
2685 559 3002 630 opinionum
3030 561 3345 616 varietatem

1756 654 1825 708 ab
1903 652 2205 707 ambitione
2269 652 2694 723 arrogantisque
2753 650 3078 723 profectam.
3130 650 3346 707 Etenim

1754 746 2135 817 unusquisque
2183 747 2369 819 gloriae
2404 747 2585 803 studio
2607 762 2930 812 succensus,
2967 761 3029 800 ac
3050 754 3348 801 sectatores

1756 841 1884 903 sibi,
1919 840 2068 894 velut
2100 839 2433 910 peculiarem
2464 841 2755 911 quemdam
2780 856 3021 912 gregem,
3051 839 3347 894 conciliare

1755 933 2008 1004 cupiens,
2038 932 2307 1004 quidquid
2334 933 2747 989 mendaciorum
2772 935 2826 988 in
2855 933 3099 989 animum
3133 932 3345 999 incidit,

1755 1032 1963 1081 temere
2014 1027 2171 1095 quasi
2230 1024 2549 1080 vaticinium
2600 1024 2877 1096 quoddam
2946 1033 3000 1081 et
3060 1025 3347 1079 oraculum

1757 1116 1921 1188 260
1969 1114 2235 1186 profudit.
2280 1113 2469 1185 Neque
2518 1118 2664 1171 enim
2703 1114 2943 1187 Spiritus
2985 1123 3211 1171 sanctus
3253 1129 3350 1185 per

1755 1224 1851 1264 eos
1882 1209 2104 1263 locutus
2133 1215 2255 1275 est;
2302 1223 2483 1279 neque
2518 1224 2585 1263 ex
2617 1208 2920 1280 pr0phetis,
2965 1214 3058 1261 aut
3099 1206 3355 1262 veritatis

1757 1300 2068 1371 Evangeliis
2120 1305 2204 1356 vel
2258 1301 2595 1357 levissimam
2644 1317 2837 1357 ansam
2890 1309 2945 1357 et
2996 1299 3346 1355 occasionem

1756 1394 1901 1448 nacti
1931 1402 2083 1449 sunt.
2132 1391 2213 1447 Ad
2265 1393 2496 1448 istorum
2546 1409 2676 1449 vero
2725 1393 2917 1449 falsam
2950 1392 3234 1447 scientiam
3265 1407 3357 1447 τοι

1758 1481 2051 1537 fellendam
2102 1482 2342 1553 pertinet
2377 1483 2468 1537 illa
2514 1498 2544 1537 a
2578 1498 2664 1538 me
2698 1490 2891 1538 contra
2930 1482 3146 1553 priores
3185 1481 3348 1537 insti-

1760 1584 1875 1628 tuta
1897 1576 2180 1631 verissima
2211 1577 2546 1649 disputatio.
2600 1574 2736 1630 Nam
2766 1592 2797 1631 e
2828 1574 3103 1630 Valentini
3156 1573 3350 1630 Valens

1758 1666 1987 1735 tinoque
2033 1667 2382 1737 superiorum
2419 1666 2802 1721 haereticorum
2835 1665 3019 1722 schola
3048 1681 3238 1723 omnes
3270 1667 3349 1721 illi

55 1753 529 1824 ποιητευσάμενος
579 1755 657 1826 τῷ
689 1756 1057 1829 ἁκαταλήπτῳ
1078 1799 1092 1823 ,
1127 1760 1221 1813 καὶ
1265 1760 1482 1833 ἀοράτῳ
1506 1803 1519 1828 ,

1859 1758 2015 1825 πίθοιὶ,
2065 1759 2145 1813 sic
2188 1769 2247 1813 ut
2282 1760 2430 1814 illius
2476 1766 2711 1813 mentem
2761 1758 2853 1811 alii
2903 1759 3061 1812 aliter
3091 1760 3348 1829 interpre-

54 1843 197 1914 ἁγίῳ
223 1844 348 1917 Θεῷ
376 1845 453 1915 τῷ
476 1848 654 1919 Πατρὶ
680 1847 787 1902 τῶν
809 1849 947 1904 ὅλων
976 1850 1148 1923 ὄνομα
1175 1853 1496 1925 Ἀνθρωπος
1522 1871 1537 1887 ⁸
1566 1856 1655 1909 ἵνα

57 1936 301 2010 cisang
336 1942 400 2010 τῇ
445 1940 638 1994 ἑαυτοῦ
694 1941 868 2015 πλάνῃ
909 1944 1000 1998 τὸν
1043 1944 1137 1997 τοῦ
1180 1946 1431 2018 Σωτῆρος
1474 1948 1651 2018 λόγον,

56 2029 367 2094 φάσκοντος
420 2031 611 2084 ἑαυτὸν
647 2033 775 2087 Υἱὸν
822 2034 1136 2106 ’Λνθρώπου
1165 2078 1179 2101 ,
1212 2038 1306 2090 καὶ
1366 2040 1653 2111 μεταγάγῃ

58 2120 150 2191 τὴν
181 2121 429 2176 διάνοιαν
459 2122 567 2177 τῶν
596 2123 746 2195 αὑτῷ
778 2127 1140 2197 χρησαμένων
1187 2129 1293 2181 ἀπὸ
1321 2129 1417 2201 τῆς
1462 2130 1655 2201 ἀληθι-

59 2212 150 2284 νῆς
179 2214 284 2269 καὶ
319 2215 721 2287 ἐναργεστάτης
747 2217 841 2272 τοῦ
873 2218 1107 2290 Χριστοῦ
1155 2221 1285 2292 περὶ
1322 2220 1484 2274 αὑτοῦ
1524 2224 1654 2293 ὁμο-

59 2306 249 2375 λογίας
271 2349 288 2374 ,
318 2308 399 2372 είς
445 2309 758 2380 ἀμηχανίαν
807 2309 901 2363 καὶ
952 2313 1288 2382 κενοφωνίαν
1323 2311 1415 2366 τοῦ
1449 2313 1652 2385 ζητεῖν,

58 2400 553 2473 ὑπολαμϐάνοντας
587 2404 645 2457 ὲν
667 2405 781 2467 τοῖς
806 2405 1151 2476 ἐπουρανίοις
1179 2404 1317 2461 εἶναι
1346 2406 1374 2459 ὂ
1407 2406 1481 2478 μὴ
1514 2406 1649 2463 ἔστι.

58 2494 253 2565 Δῶμεν
294 2494 401 2567 γὰρ
439 2495 622 2559 αὑτὸν,
654 2496 742 2551 διὰ
761 2497 822 2550 τὸ
848 2496 941 2551 τὸν
962 2498 1126 2552 αὑτοῦ
1154 2499 1375 2570 Πατέρα
1412 2500 1657 2572 Ἀνθρω-

58 2606 155 2642 πον
186 2588 513 2655 καλεῖσθαι,
542 2590 670 2644 Υἱὸν
733 2589 1045 2662 Ἀνθρώπου
1103 2592 1293 2646 ἑαυτὸν
1334 2592 1652 2663 ὀνομάζειν,

60 2681 150 2733 καὶ
188 2682 299 2734 οὑκ
336 2681 442 2734 ἀπὸ
489 2683 584 2752 τῆς
622 2683 858 2754 σαρκὸς,
892 2678 960 2755 ἦς
1011 2684 1203 2739 ἐλαϐεν
1251 2684 1361 2738 ἀπὸ
1400 2688 1656 2757 παρθενι-

60 2775 159 2843 κῆς
194 2773 448 2844 μήτρας,
480 2774 758 2829 τουτέστιν
796 2776 903 2828 ἀπὸ
946 2776 1168 2846 Μαρίας
1204 2776 1304 2847 τῆς
1342 2778 1503 2845 ἁγίας
1535 2796 1657 2847 γεν-

61 2862 247 2932 νηθεὶς
293 2862 383 2917 διὰ
412 2863 727 2935 Πνεύματος
763 2866 920 2935 ἁγίου
948 2906 963 2930 ,
994 2866 1138 2920 κατὰ
1180 2868 1271 2921 τὸν
1297 2868 1390 2921 τοῦ
1419 2869 1654 2923 ἐλεεινοῦ

61 2953 411 3027 Κολορὸἁσου
438 2954 625 3008 τούτου
651 2956 807 3024 λόγον
832 2973 845 2987 ο
876 2956 928 3009 τί
969 2955 1034 3011 ἂν
1064 2958 1206 3010 εῐποι
1240 2958 1369 3030 περὶ
1405 2953 1466 3013 οὗ
1494 2961 1523 3013 ό
1556 2960 1654 3012 αὑ-

62 3048 151 3112 τὸς
202 3047 411 3119 Κύριος
457 3047 613 3119 ἡμῶν
657 3048 864 3119 Ἰησοῦς
896 3048 1131 3121 Χριστός
1183 3068 1387 3123 φησιν,
1436 3052 1511 3116 ώς
1540 3055 1653 3116 τοῖς

66 3137 351 3200 Ἰουδαίοις
392 3138 580 3206 ἔλεγε·
633 3138 767 3192 Νῦν
814 3137 883 3192 δέ
918 3156 995 3208 με
1042 3139 1260 3207 ζητεῖτε
1302 3141 1650 3196 ἀποκτεῖναι

60 3230 381 3299 ἄνθρωπον
404 3269 420 3294 ,
455 3230 523 3298 ὃς
553 3228 668 3298 τὴν
694 3230 987 3301 ἀλήθειαν
1018 3232 1160 3303 ὑμῖν
1181 3232 1497 3301 λελάληκα
1524 3275 1538 3301 ,
1568 3233 1651 3302 ἣν

63 3317 307 3387 ἥκουσα
327 3318 486 3388 παρά
513 3319 619 3374 τοῦ
641 3322 869 3389 Πατρός
887 3337 1044 3390 μου;
1076 3322 1186 3377 Καὶ
1208 3322 1393 3377 οὑκέτι
1418 3322 1652 3378 ἐνταῦθα

63 3406 181 3464 εἷπε
210 3452 227 3476 ,
284 3410 377 3465 τοῦ
419 3410 734 3483 Ἀνθρώπου
784 3413 996 3487 Πατρός
1046 3428 1180 3485 μου·
1216 3414 1352 3468 ἀλλὰ
1384 3416 1513 3487 περὶ
1551 3416 1651 3486 μὲν

64 3502 282 3575 [ἰατρὸς
312 3502 627 3573 ὁμολογῶν,
678 3502 809 3556 Θεὸν
856 3504 949 3557 τὸν
1004 3503 1115 3558 τῶν
1168 3504 1304 3559 ὅλων
1363 3506 1610 3577 ὲσήμανε
1635 3523 1649 3537 ·

64 3596 192 3667 περὶ
221 3595 282 3648 δὲ
315 3595 507 3649 ἑαυτοῦ
533 3639 547 3663 ,
576 3598 657 3651 ὅτι
684 3596 1103 3670 ὲνηνθρώπησεν
1128 3637 1143 3663 ,
1186 3600 1244 3652 ὲν
1296 3598 1523 3672 ἀληθείᾳ
1551 3600 1649 3655 ἆν-

64 3687 289 3759 θρωπον
313 3689 511 3742 ἑαυτὸν
541 3689 799 3759 ἔφασκεν,
834 3691 910 3754 ώς
941 3691 1036 3745 καὶ
1066 3692 1115 3744 οἱ
1142 3692 1430 3746 ἀπόστολοί
1466 3711 1650 3764 φασιν,

65 3779 149 3832 ἶνα
202 3781 238 3850 ἡ
283 3779 513 3850 ἀλήθεια
567 3782 905 3853 πανταχόθεν
945 3781 1221 3853 συσταθῇ,
1257 3783 1352 3836 καὶ
1401 3783 1652 3856 γνωσθῇ,

65 3870 233 3924 πόθεν
264 3871 383 3924 ἐστὶ
413 3872 482 3924 τὰ
516 3871 593 3942 τῷ
630 3873 819 3944 Κυρίῳ
853 3873 1092 3944 ὀνόματα
1124 3873 1463 3944 συναφθέντα
1489 3893 1502 3905 ·
1552 3877 1657 3944 ’1η-

64 3961 226 4022 coiis-
279 3960 469 4031 ἄνδρα
503 3963 1007 4034 ἀποδεδειγμένον
1050 3968 1138 4033 εἰς
1180 3964 1340 4037 ἡμᾶς
1381 3968 1654 4038 σημείοις

66 4053 163 4108 καὶ
196 4054 440 4125 τέρασι,
477 4056 575 4109 καὶ
597 4056 665 4111 τὰ
689 4056 835 4127 ἑξῆς.

1759 1858 2028 1915 tarentur,
2074 1852 2191 1920 pari
2239 1866 2430 1907 omnes
2462 1849 2763 1920 ignominia
2800 1850 3026 1905 notandi
3057 1859 3207 1907 sunt.
3239 1849 3347 1906 Sed

1759 1939 1905 1993 haud
1952 1940 2259 1995 mediocres
2306 1956 2438 1995 sane
2468 1940 2535 1994 ad
2564 1939 2928 1994 cavillandum
2960 1956 3132 2011 nugas
3155 1940 3347 1995 Color-

1757 2029 1924 2085 basus
1977 2030 2082 2085 iste
2137 2032 2298 2085 nobis
2355 2030 2561 2086 attulit.
2619 2028 2902 2100 Siquidem
2946 2032 3161 2100 poetico
3196 2047 3348 2086 more

1756 2122 1952 2177 ludens
1982 2121 2207 2178 Parenti
2236 2123 2481 2177 omnium
2516 2137 2581 2177 ac
2610 2121 2722 2178 Deo
2769 2125 3146 2189 sanctissimo,
3183 2140 3344 2195 quem

1756 2228 1917 2267 nemo
1955 2214 2421 2285 comprehendere
2459 2224 2555 2270 aut
2595 2231 2866 2286 usurpare
2915 2218 3105 2272 oculis
3144 2225 3353 2287 potest,

1762 2305 2013 2363 Hominis
2054 2324 2251 2363 nomen
2285 2309 2513 2375 aﬂinxit,
2557 2324 2615 2364 ut
2652 2310 2721 2364 ad
2759 2325 3001 2365 errorem
3035 2325 3193 2365 suum
3233 2310 3347 2364 Sal-

1755 2397 1962 2453 vatoris
2002 2414 2315 2454 sermonem
2354 2400 2695 2472 adjungeret,
2732 2400 2823 2471 qui
2858 2416 2916 2455 se
2957 2401 3124 2454 lilium
3158 2400 3348 2457 Homi-

1756 2488 1843 2542 nis
1899 2503 2023 2543 esse
2072 2488 2245 2555 dixit;
2289 2504 2353 2544 ac
2404 2490 2757 2544 familiarium
2809 2505 3035 2544 suorum
3064 2492 3278 2546 aninms
3314 2506 3347 2544 a

1756 2580 1974 2636 sincera
2007 2588 2059 2637 et
2089 2582 2381 2652 perspicua
2420 2581 2628 2639 Christi
2669 2584 2736 2637 de
2776 2583 2959 2652 seipso
2998 2582 3347 2639 confessione

1756 2674 1823 2729 ad
1847 2674 2133 2745 perplexas
2162 2683 2214 2729 et
2242 2675 2550 2746 implicatas
2588 2675 2825 2747 ineptias
2856 2675 3134 2731 conferret
3166 2694 3180 2731 :
3214 2677 3345 2730 dum

1754 2768 1807 2823 in
1866 2769 2184 2824 emiestibts
2243 2770 2348 2824 illis
2402 2770 2537 2823 locis
2594 2786 2658 2825 ea
2706 2785 2827 2840 qua:
2882 2786 3154 2840 nusquam
3206 2779 3361 2826 sunt.

1756 2861 1859 2917 sibi
1900 2876 2023 2916 esse
2069 2861 2423 2932 persuadent.
2466 2859 2534 2917 Ut
2576 2861 2722 2915 enim
2769 2863 2963 2918 demus
2992 2862 3147 2930 illud,
3181 2881 3247 2918 ex
3279 2880 3345 2919 eo

1755 2952 1905 3022 quod
1938 2951 2104 3021 hujus
2136 2960 2292 3021 pater
2320 2950 2496 3007 Homo
2529 2953 2601 3008 sit
2630 2953 2836 3016 dictus,
2875 2953 3129 3009 Hominis
3173 2965 3353 3010 semet

1755 3043 2060 3114 appellasse
2106 3042 2295 3109 lilium,
2337 3058 2447 3098 non
2494 3044 2565 3100 ob
2608 3059 2729 3099 eam
2782 3061 3030 3111 carnem,
3075 3062 3235 3116 quam
3278 3063 3347 3103 ex

1765 3142 1920 3189 mero
1973 3133 2213 3203 Virginis
2266 3135 2498 3205 accepit,
2544 3137 2649 3191 hoc
2695 3144 2781 3192 est
2834 3138 3007 3193 beata:
3034 3137 3240 3203 Maria,
3281 3156 3347 3194 ex

1762 3243 1869 3299 qua
1898 3243 1993 3298 per
2024 3227 2288 3299 Spiritum
2342 3238 2595 3285 sanetum
2652 3239 2816 3286 natus
2861 3240 2966 3297 est,
3029 3241 3083 3286 ut
3144 3233 3348 3288 infelici

1765 3321 2068 3377 Colorbaso
2095 3324 2335 3393 placuit;
2382 3324 2511 3395 quid
2560 3323 2624 3379 de
2670 3326 2841 3379 altero
2894 3326 2985 3379 illo
3037 3325 3181 3379 diret
3231 3343 3350 3381 ser-

1768 3430 1931 3470 mone
1969 3413 2207 3480 Domini,
2243 3430 2368 3469 cum
2416 3416 2497 3473 sic
2538 3415 2758 3471 Judacos
2815 3418 3009 3471 allatus
3035 3417 3156 3471 est?
3191 3415 3350 3471 Nunc

1769 3524 1851 3561 me
1874 3509 2114 3578 quwritis
2144 3508 2461 3579 interﬁcere,
2494 3508 2757 3564 hominem
2784 3509 2874 3581 qui
2902 3510 3171 3564 veritatem
3206 3510 3375 3565 vobis.

1762 3602 1967 3654 locutus
1996 3617 2140 3668 sum,
2173 3617 2331 3671 quam
2366 3602 2547 3656 audivi
2573 3618 2604 3655 a
2640 3600 2804 3656 Patre
2835 3618 2947 3656 meo
2975 3601 3016 3656 ⁸.
3055 3601 3173 3655 Non
3202 3603 3351 3657 enim

1761 3695 1830 3749 ab
1884 3693 2115 3752 Homine
2168 3696 2329 3754 Patre
2385 3712 2508 3753 meo
2561 3696 2719 3761 dixit,
2770 3696 2866 3753 sed
2911 3698 3130 3752 Patrem
3187 3714 3350 3753 suum

1764 3788 2089 3859 praedicans,
2144 3792 2528 3848 universorum
2578 3791 2749 3846 Deum
2814 3792 3042 3847 indicat.
3100 3790 3349 3857 Severo,

1763 3880 1858 3949 qui
1905 3890 2162 3936 naturam
2208 3884 2449 3939 hominis
2498 3884 2856 3954 suscepisset,
2908 3900 3032 3937 vere
3073 3884 3351 3939 hominem

1762 3974 2033 4043 appellat,
2088 3983 2151 4030 ut
2202 3984 2256 4031 et
2306 3976 2553 4047 apostoli
2576 3983 2889 4044 testantur;
2937 3991 3050 4046 quo
3105 3976 3354 4046 undique

1760 4065 1963 4123 veritas
2025 4069 2458 4134 corroboretur,
2534 4069 2983 4139 intelligaturqne
3051 4069 3197 4125 unde
3251 4069 3346 4122 illa

1765 4160 1995 4219 Domino
2030 4173 2159 4221 sunt
2195 4165 2457 4220 attributa
2488 4165 2811 4235 cognomina
2848 4184 2860 4221 :
2892 4165 3098 4230 Jesum,
3152 4165 3379 4237 inquit...

1762 4261 1931 4313 virum
1986 4258 2337 4328 approbatum
2367 4259 2420 4311 in
2466 4274 2553 4313 vos
2591 4259 2755 4329 signis
2787 4276 2848 4313 ac
2892 4260 3144 4330 prodigiis
3170 4260 3212 4328 ⁸,
3243 4268 3349 4316 etc.

134 4362 204 4415 Τί
232 4360 418 4416 τοίνυν
452 4360 589 4433 πρὸς
619 4361 791 4415 ταῦτα
817 4362 985 4433 φαίης
1007 4361 1095 4427 ἂν,
1123 4356 1169 4416 ὧ
1200 4361 1418 4416 πάντων
1446 4361 1623 4431 ἀνθρώ

1888 4354 1977 4409 uid
2008 4353 2075 4408 ad
2117 4354 2233 4407 hmo
2271 4353 2483 4409 hiscere
2513 4353 2765 4418 audebis,
2796 4354 3173 4409 infelicissime
3212 4370 3374 4408 mor-.

68 4469 187 4507 πων
218 4452 589 4506 ὲλεεινότατεί
628 4452 815 4524 ἐπειδὴ
848 4452 1052 4506 ἄνωθεν
1103 4453 1259 4523 ἥκεις
1305 4451 1487 4522 φέρων
1526 4453 1662 4521 ἡμῖν

68 4544 267 4607 καινὰς
296 4543 592 4613 ὀνομασίας
612 4582 628 4608 ,
660 4542 752 4595 καὶ
789 4542 1025 4613 σεμνύνῃ
1051 4580 1065 4606 ,
1097 4542 1182 4611 ἐφ’
1215 4535 1295 4604 οἷς
1322 4542 1382 4594 τὸ
1404 4540 1497 4593 τοῦ
1542 4542 1665 4594 Ἀν-

68 4636 295 4709 θρώπου
327 4635 500 4705 ὄνομα
524 4634 674 4707 αὑτῷ
702 4634 812 4687 τῶν
840 4636 1058 4688 πάντων
1085 4633 1331 4704 Δεσπότη
1361 4632 1453 4685 καὶ
1488 4632 1665 4703 Πατρὶ

65 4730 177 4784 τῶν
202 4731 345 4783 ὅλων
387 4729 665 4801 προσάψαι
694 4729 1001 4800 ἐτόλμησαν
1030 4730 1084 4795 ²;
1125 4729 1211 4791 Ὠς
1248 4729 1312 4780 ὲκ
1338 4726 1529 4780 τούτου
1563 4742 1665 4778 κα·-

64 4822 284 4877 λεῖσθαι
312 4823 407 4876 τὸν
440 4822 646 4894 Κύριον
678 4822 805 4875 Υἰὸν
844 4820 1181 4892 Ἀνθρώπου,
1226 4818 1313 4873 διὰ
1340 4819 1401 4871 τὺ
1425 4819 1516 4872 τὸν
1556 4819 1668 4870 Πα-

65 4913 204 4984 τέρα
239 4911 564 4982 Ἄνθρωπον
584 4911 886 4968 καλεῖσθαι.
904 4911 1045 4982 Εὑρὲ
1074 4913 1206 4982 ἡμῖν
1236 4908 1328 4963 καί
1357 4927 1478 4963 τινα
1503 4908 1668 4979 ἀλλην

69 5004 451 5075 προσηγορίαν
483 5003 561 5075 τῷ
592 5005 768 5076 Πατρὶ
802 5003 1167 5076 ἁρμόζουσαν,
1189 5002 1271 5067 τὸ,
1302 5001 1492 5069 ἄνδρα
1518 5001 1666 5055 ἀπο-

67 5094 481 5166 δεδειγμένον.
526 5096 664 5150 Ἀλλ’
694 5097 793 5150 οὑκ
825 5098 890 5151 ἂν
929 5096 1109 5167 εὕροις
1141 5095 1290 5150 ποτέ.
1327 5097 1391 5149 Εἰ
1420 5095 1529 5167 γὰρ
1574 5094 1669 5148 καὶ

68 5190 214 5261 ἀνὴρ
250 5190 539 5260 ἄνθρωπός
592 5192 748 5255 ἐστι,
791 5191 885 5245 καὶ
938 5190 1078 5261 πρὸς
1110 5189 1517 5260 ἁντιδιαστολὴν
1567 5189 1668 5259 τῆς

68 5284 333 5350 γυναικὸς
375 5283 467 5336 τὸν
497 5282 784 5355 ἄνθρωπον
817 5283 985 5355 ἄνδρα
1024 5282 1298 5352 καλοῦμεν
1324 5323 1339 5347 ,
1387 5282 1538 5353 ὅμως
1570 5282 1671 5334 οὑκ

73 5373 139 5425 ἂν
170 5373 276 5427 καὶ
321 5375 379 5427 ὲν
412 5374 589 5447 τούτῳ
625 5375 1043 5447 μηχανήσασθαί
1074 5393 1126 5428 τι
1154 5374 1459 5446 δυνηθείης.
1509 5376 1669 5427 ’Λνευ

70 5466 183 5537 γὰρ
237 5467 539 5538 σχημάτων
590 5467 684 5521 καὶ
732 5467 909 5538 μελῶν
930 5508 944 5532 ,
974 5469 1222 5540 κρυφίων
1250 5484 1309 5519 τε
1339 5467 1433 5521 καὶ
1462 5467 1673 5540 ὁρατῶν

1762 4446 1995 4501 taliuml
2039 4444 2131 4515 qui
2164 4459 2305 4499 nova
2353 4444 2602 4513 quaedam
2655 4444 2903 4498 inaudita
2949 4444 3170 4498 nomina
3205 4445 3356 4497 velut

1762 4552 1793 4591 e
1845 4535 1988 4590 cmlo
2043 4533 2199 4587 nobis
2253 4532 2416 4585 allata
2480 4529 2775 4597 venditas,
2831 4541 2994 4603 teque
3052 4532 3356 4586 insolenter

1763 4626 2049 4685 ostentas?
2106 4626 2349 4693 Quorum
2413 4624 2810 4679 vocabulorum
2868 4626 3041 4695 gratia
3104 4622 3355 4679 Hominis

1764 4737 1965 4777 nomen
2013 4719 2245 4775 Domino
2296 4718 2542 4773 omnium
2590 4731 2655 4772 ac
2709 4716 2926 4772 Parenti
2959 4718 3203 4773 tribuere
3241 4733 3353 4772 non

1766 4815 1986 4871 dubitas
2011 4831 2024 4868 :
2054 4812 2215 4884 quasi
2261 4810 2528 4866 Dominus
2572 4810 2782 4866 idcirco
2810 4808 2981 4866 Filius
3013 4810 3253 4864 hominis
3282 4811 3351 4864 sit

1768 4908 1975 4972 dictus,
2031 4906 2178 4977 quod
2220 4906 2341 4975 ejus
2389 4904 2556 4960 Pater
2585 4904 2761 4959 Homo
2800 4911 3168 4973 nuncupetur.
3213 4902 3358 4957 Doce

1766 5010 1822 5057 et
1852 5001 2082 5055 alteram
2120 4997 2568 5069 appellationem,
2621 4996 2801 5051 Virum
2833 4997 3115 5065 probatum
3154 5035 3168 5059 ,
3209 4995 3360 5049 Patri

1766 5108 2093 5165 congruere.
2127 5092 2285 5163 26],
2324 5091 2493 5161 Atqui
2546 5105 2829 5161 nunquam
2886 5090 3016 5143 illud
3075 5088 3358 5143 ostendes.

1768 5186 2009 5241 Tametsi
2052 5187 2198 5241 enim
2248 5185 2331 5240 vir
2370 5185 2550 5240 omnis
2596 5185 2761 5239 homo
2799 5184 2892 5251 sit,
2943 5183 3358 5252 hominemque,

1771 5292 1829 5335 ut
1858 5296 1887 5333 a
1918 5279 2146 5334 muliere
2170 5278 2537 5341 discernatur,
2565 5280 2899 5349 appellemus
2921 5276 3122 5338 virum,
3155 5276 3361 5329 nullam

1771 5372 1898 5427 inde
1953 5386 2132 5427 tamen
2178 5372 2551 5427 calumniandi
2607 5388 2798 5427 ansam
2850 5379 3031 5441 potest
3092 5370 3357 5439 arripere.

1772 5465 1990 5519 Etenim
2039 5465 2160 5519 sine
2207 5473 2357 5518 certa
2411 5465 2596 5534 specie
2649 5465 2950 5535 habituque
2995 5466 3246 5532 corporis
3295 5476 3359 5514 ac

72 5557 217 5630 ἀνὴρ
248 5558 308 5611 οὑ
354 5557 645 5630 δυνήσεται
674 5558 975 5612 καλεῖσθαι.
1019 5558 1270 5630 Λέγομεν
1299 5558 1407 5628 γὰρ
1446 5558 1539 5610 καί

1873 5558 1975 5611 tim
2022 5558 2280 5623 occultis,
2314 5558 2513 5629 partim
2552 5558 2867 5629 patentibus
2912 5556 3176 5611 membris
3218 5569 3362 5609 nun-

147 5718 164 5751 ⁸
192 5715 264 5775 F.
293 5716 524 5775 ἐκείνου.
604 5720 625 5750 ¹
664 5716 725 5775 F.
768 5716 1095 5790 ἐτόλμησας.
1161 5717 1181 5749 ³
1208 5715 1364 5772 Joan.
1398 5730 1516 5785 vm,
1551 5714 1636 5771 40.

613 5720 625 5750 ³
664 5716 725 5775 F.
768 5716 1095 5790 ἐτόλμησας.
1161 5717 1181 5749 ³
1208 5715 1364 5772 Joan.
1398 5730 1516 5785 vm,
1551 5714 1639 5771 40.
1718 5713 1885 5769 “Act.
1923 5730 1980 5781 ιι,
2015 5713 2102 5767 ‘32.
