3772 6188
395 163 492 220 631

1816 169 1870 227 s.
1903 141 2248 227 Eptrnaun

3596 168 3701 222 632

394 295 559 352 quam
607 281 784 338 virum
834 287 1203 343 nominamus.
1245 287 1455 344 Mulieri
1501 304 1666 360 porro
1709 304 1816 345 non
1854 291 1974 358 viri,

2152 300 2315 353 ναῖκα
2345 298 2654 372 ἄνθρωπον,
2675 294 2790 350 ἀλλ’
2818 293 2921 349 οὒκ
2952 293 3139 364 ἄνδρα.
3167 291 3262 346 Διδ
3290 289 3391 344 καὶ
3417 290 3450 343 6
3479 287 3588 342 ἄνθ
3599 305 3698 358 ρω-

396 373 494 430 sed
526 374 766 433 hominis
812 393 1000 436 vocem
1049 381 1364 437 tribuimus.
1400 381 1581 450 Quare
1623 391 1856 454 utroque
1887 399 1981 454 ge-

394 481 528 522 nere
573 467 663 524 hic
701 477 757 525 et
796 469 913 526 haec
961 472 1124 527 homo
1164 475 1411 544 proferre
1447 475 1709 532 solemus.
1746 475 1853 532 Sed
1888 479 1980 532 ubi

395 575 659 630 generum
717 571 804 619 est
860 564 1250 636 distinguenda
1316 568 1659 637 proprietas,
1721 569 1979 625 feminam

392 651 665 718 mulieris,
696 668 900 710 marem
930 656 1033 711 viri
1057 658 1279 712 nomine
1315 659 1680 714 declaramus.
1714 660 1810 716 llis
1834 662 1980 716 enim

394 745 613 802 duobus
661 747 979 813 vocabulis,
1030 765 1290 820 generum
1342 752 1673 838 habitudine
1704 763 1976 829 separata,

395 853 565 896 sexus
613 840 903 911 utriusque
945 841 1236 900 diversitas
1263 845 1610 915 exprimitur.
1643 846 1713 902 At
1739 848 1979 904 hominis

391 945 496 985 vox
528 932 748 989 nonnisi
790 933 1100 1007 ὁμωνύμως
1149 944 1202 991 et
1238 937 1492 1009 ambigue
1547 939 1728 994 virum
1763 955 1828 994 ac
1855 957 1980 996 mu-

392 1021 582 1079 lierem
615 1027 999 1097 complectitur
1431 1034 1438 1038 ’

466 1113 706 1182 lll.Qu:e
736 1132 858 1173 cum
897 1118 970 1172 ita
993 1134 1053 1175 se
1081 1119 1340 1187 haneant,
1368 1121 1574 1187 adeste.
1606 1139 1813 1194 quaeso,
1833 1126 1979 1182 servi

391 1204 488 1262 Dei
527 1221 723 1264 omnes
767 1216 821 1263 et
857 1209 1100 1265 veritatis
1133 1219 1444 1276 amatores;
1477 1212 1699 1283 planum
1753 1215 1903 1270 illum
1925 1222 1979 1271 et

390 1297 724 1354 nebulonem
759 1296 1122 1356 Colorbasum
1154 1301 1536 1360 vehementius
1598 1304 1865 1371 deridete,
1892 1308 1979 1364 vel

389 1391 572 1460 lugete
606 1390 790 1461 potius
837 1407 932 1448 eos
983 1392 1074 1462 qui
1128 1393 1340 1464 decepti
1397 1405 1545 1464 sunt,
1582 1413 1705 1451 cum
1745 1401 1976 1470 seipsos,

389 1486 508 1533 tum
537 1479 674 1535 alios
704 1495 868 1552 quam
905 1481 1171 1552 plurimos
1211 1485 1586 1554 perdiderunt.
1643 1486 1757 1544 Nos
1792 1497 1976 1545 autem

386 1569 502 1628 Deo
540 1572 748 1643 gratias
785 1588 1035 1644 agamus,
1094 1576 1242 1646 quod
1283 1577 1655 1636 mediocribus
1709 1581 1976 1652 simplici-

386 1664 601 1734 busque
637 1666 822 1723 verbis
864 1668 1007 1725 filios
1059 1685 1192 1726 suos
1246 1672 1446 1728 veritas
1480 1682 1688 1729 rectam
1735 1676 1791 1730 in
1830 1677 1976 1733 viam

390 1758 568 1813 soleat
596 1759 909 1828 deducere;
935 1770 1130 1817 contra
1160 1779 1294 1819 vero
1333 1767 1536 1822 misera
1579 1768 1672 1834 illa
1708 1785 1976 1842 arrogan-

387 1847 588 1920 titeque
619 1851 779 1921 plena
801 1850 1077 1922 dogmata,
1106 1862 1160 1910 et
1187 1858 1464 1926 exquisito
1491 1859 1674 1915 fucata
1702 1863 1976 1921 lenocinio

389 1940 642 2012 dissipet,
682 1958 748 1999 ac
778 1954 971 2017 pacate
1021 1948 1331 2020 leniterque
1362 1953 1726 2024 progrediens
1761 1965 1975 2012 evertat

388 2031 638 2090 funditus
676 2043 730 2091 et
759 2039 1106 2110 exstinguat;
1150 2049 1208 2098 ut
1247 2058 1314 2099 ex
1349 2045 1631 2115 propheta:
1657 2048 1976 2106 testimonio

387 2115 684 2185 manifeste
708 2129 1010 2210 colligitur.
1053 2132 1159 2201 Qui
1209 2137 1696 2210 nonnullosimpia
1722 2140 1973 2211 qumdam

387 2220 666 2277 curiosius
720 2222 1138 2292 adsciscentes,
1189 2241 1253 2283 ac
1301 2230 1566 2287 scelerata
1621 2232 1811 2288 nescio
1851 2249 1976 2303 quae

388 2327 547 2367 suam
588 2313 656 2368 ad
681 2314 931 2372 fraudem
963 2319 1342 2390 excogitantes
1398 2323 1480 2379 sic
1515 2325 1836 2396 alloquitur:
1865 2327 1974 2384 Pro

386 2421 447 2459 eo
477 2406 617 2476 quod
641 2407 909 2476 abjecistis
939 2427 1134 2480 aquam
1175 2411 1340 2476 Siloe,
1374 2415 1492 2485 qua:
1525 2416 1668 2472 vadit
1685 2421 1978 2476 cumaileu-

393 2494 490 2560 tio,
523 2494 753 2551 adducet
786 2514 942 2567 super
979 2517 1068 2556 vos
1094 2502 1355 2560 Dominus
1381 2523 1574 2578 aquam
1597 2510 1768 2579 ﬂuvii,
1803 2529 1976 2584 regem

385 2587 787 2656 Assyriorum‘.
813 2588 948 2646 Nam
977 2607 1176 2665 aquam
1242 2595 1390 2655 Siloe
1446 2599 1599 2657 Missi
1665 2603 1974 2661 doctrinam

387 2679 738 2752 interpretari
773 2684 920 2740 licet.
964 2685 1100 2752 Quis
1150 2689 1240 2745 ille
1282 2706 1413 2747 vero
1443 2694 1585 2750 alius
1633 2705 1717 2753 est
1776 2707 1976 2770 praeter

383 2767 576 2824 Jesum
608 2768 901 2829 Dominum
937 2785 1193 2832 nostrum
1217 2796 1248 2835 a
1279 2779 1390 2837 Deo
1425 2781 1588 2841 Patre
1632 2767 1888 2855 missum,
1921 2802 1977 2848 et

387 2862 609 2931 quidem
662 2856 1054 2938 quietezqitod
1101 2871 1237 2926 nihil
1270 2873 1519 2933 insolens
1577 2887 1672 2934 aut
1725 2880 1972 2940 fucatum

384 2962 732 3027 perstrepat;
795 2960 893 3014 sed
948 2977 1077 3016 vere
1145 2978 1209 3019 ac
1277 2967 1496 3025 sincere
1559 2975 1972 3032 sanctissimam

389 3049 659 3118 Sponsam
689 3051 936 3119 edoceat,
967 3070 1132 3125 quam
1153 3056 1206 3112 in
1239 3056 1552 3118 Salomonis
1581 3062 1826 3125 Canticis
1881 3088 1980 3128 co-

384 3141 630 3198 lumbam
653 3144 723 3199 ob
754 3145 1010 3203 animalis
1049 3148 1466 3219 simplicitatem
1503 3161 1561 3209 et
1594 3165 1980 3222 mansuetudi-

384 3249 512 3290 nem
562 3236 972 3309 puritatemque
1033 3243 1388 3312 cognominat
1424 3245 1487 3300 ’ἓ
1543 3246 1630 3314 Ει,
1697 3257 1842 3323 quod
1897 3269 1982 3316 est

388 3327 750 3386 admiratione
770 3331 1008 3404 dignius,
1025 3335 1197 3406 .262
1222 3337 1461 3408 reliquas
1477 3357 1690 3412 omnes,
1711 3363 1832 3418 quae
1853 3367 1982 3409 cum

387 3421 584 3478 aliena;
621 3423 753 3487 sint,
791 3439 989 3481 nomen
1017 3427 1192 3498 ipsius
1227 3442 1514 3501 usurpant,
1548 3440 1888 3500 concubinas
1917 3460 1983 3501 ac

384 3516 608 3584 reginas
671 3517 941 3586 appellat,
971 3519 1043 3576 ob
1087 3521 1298 3592 regium
1322 3523 1529 3582 Christi
1558 3545 1781 3600 nomen,
1834 3538 1980 3607 quod

388 3620 734 3678 unaquaeque
763 3609 869 3664 sibi
902 3610 1206 3668 insolenter
1229 3629 1489 3689 arrogare
1523 3626 1829 3682 contendit.
1867 3628 1980 3686 Sed

387 3700 492 3755 etsi
533 3702 856 3760 concubinae
912 3705 1022 3759 sint
1077 3707 1360 3777 octoginta
1385 3752 1401 3777 ,
1445 3711 1552 3768 hoc
1589 3723 1675 3770 est
1705 3717 1978 3790 haereses;

390 3803 529 3860 tum,
557 3793 748 3863 puella:
776 3813 1024 3865 quarum,
1067 3799 1266 3870 inquit,
1302 3819 1407 3858 non
1455 3814 1535 3860 est
1573 3824 1846 3881 numerus,
1873 3830 1981 3868 una

388 3897 570 3942 tamen
595 3896 674 3944 est
710 3889 959 3946 columba
1002 3909 1141 3958 mea,
1202 3895 1436 3966 perfecta
1491 3903 1676 3958 mea”:
1719 3905 1979 3962 nimirum

389 3988 586 4034 sancta
611 3988 666 4035 et
696 3981 976 4038 catholica
1017 3983 1282 4042 Ecclesia.
1309 3989 1442 4055 Quae
1474 3993 1730 4050 columba
1753 3999 1976 4067 quidem

387 4080 497 4137 est,
532 4080 593 4127 ut
623 4073 888 4143 diximus,
927 4077 998 4131 ob
1051 4077 1219 4147 hujus
1253 4080 1372 4135 avis
1414 4087 1892 4144 mansuetudinem
1927 4099 1982 4146 et

387 4163 761 4219 innocentiam
807 4180 872 4220 ac
921 4167 1330 4238 sinceritatem;
1360 4173 1602 4242 perfecta
1629 4193 1780 4242 vero,
1822 4180 1976 4251 quod

386 4253 688 4324 perfectam
723 4271 752 4310 a
784 4255 892 4312 Deo
923 4257 1235 4327 scientiam,
1265 4263 1690 4338 absolutamque
1740 4271 1810 4326 ab
1857 4272 1978 4342 ipso

2080 409 2182 456 πος
2211 392 2481 462 λέγομεν,
2538 390 2631 444 καὶ
2677 389 2711 461 ή
2757 387 3066 460 ἄνθρωπος.
3118 383 3494 456 Διαιροῦντες
3537 380 3599 433 δὲ

2079 484 2235 554 γένος
2269 483 2612 550 ἰδιαζόντως,
2657 481 2753 553 τὴν
2796 481 2894 552 μὲν
2933 480 3155 551 θήλειαν
3187 478 3435 548 γυναῖκα
3493 473 3694 526 καλσῦ-

2083 595 2183 648 μεν
2203 616 2218 642 ,
2259 577 2350 631 τὸν
2377 575 2433 629 δὲ
2459 577 2663 648 ἄρῤενα
2693 574 2884 646 ἄνδρα.
2913 572 3062 644 Αὕτη
3106 571 3215 642 γὰρ
3240 567 3541 640 διάκρισίς
3580 569 3690 620 ἐστι

2078 669 2174 724 τοῦ
2205 669 2396 738 γένους
2424 668 2655 740 ἄρρενος
2700 668 2794 722 καὶ
2826 666 3066 738 θηλείας,
3109 665 3171 717 τὸ
3204 663 3351 732 ἀνὴρ
3389 660 3496 714 καὶ
3528 661 3687 729 γ’ἀή.

2079 760 2463 833 διαιρουμένης
2499 761 2598 831 τῆς
2623 759 2732 813 τῶν
2763 758 2937 828 γενῶν
2967 756 3225 828 σχέσεως.
3273 750 3690 823 Ὁμωνυμιχὲις

2079 852 2138 908 δὲ
2167 851 2452 925 ἄνθρωπος
2476 853 2571 906 καὶ
2599 855 2629 906 6
2665 851 2804 923 ἀνὴρ
2831 850 2926 905 καὶ
2956 851 2990 922 ἡ
3020 846 3158 918 γυνὴ
3187 845 3471 902 καλεῖται.

2149 1113 2224 1171 Γ’.
2265 1113 2483 1170 Τούτων
2535 1113 2714 1168 τοίνυν
2773 1111 2949 1177 οὕτως
3004 1111 3268 1183 ἐχόντων,
3334 1106 3517 1180 ἧκε-τέ
3560 1123 3686 1176 μοι,

2080 1210 2281 1272 πάντες
2323 1209 2461 1263 Θεοῦ
2496 1207 2712 1274 δοῦλοι,
2761 1209 2810 1260 οἱ
2857 1207 2956 1278 τῆς
2987 1205 3247 1276 ἀληθείας
3280 1201 3528 1276 ἐρασταί
3552 1218 3570 1232 ο
3598 1203 3686 1254 καὶ

2079 1303 2346 1372 γελάσατε
2383 1300 2474 1356 τὸν
2517 1297 2810 1355 ἀπατεῶνα
2857 1298 2951 1353 καὶ
2994 1299 3241 1369 ἀγύρτην
3291 1293 3681 1368 Κολόρόαπν·

2083 1396 2282 1468 μᾶλλον
2303 1395 2360 1448 δὲ
2385 1392 2690 1464 πενθήσατε
2717 1391 2844 1454 τοὺς
2867 1388 3269 1461 ἀπατηθέντας,
3298 1386 3400 1440 καὶ
3429 1385 3684 1447 ἑαυτοὺς,

2080 1489 2176 1544 καὶ
2206 1487 2432 1550 πολλοὺς
2466 1484 2860 1546 ἀπολέσαντας.
2900 1481 3065 1535 Αὐτοὶ
3095 1480 3153 1535 δὲ
3186 1478 3311 1550 Θεῷ
3341 1479 3685 1548 εὐχαριστή-

2086 1597 2290 1651 σωμεν,
2319 1579 2395 1643 ὡς
2422 1577 2512 1631 διὰ
2561 1575 2773 1649 μικρῶν
2808 1574 2904 1628 καλ⁸
2953 1572 3142 1628 ἁπλῶν
3173 1572 3353 1641 λόγων
3385 1571 3421 1641 ὴ
3450 1568 3684 1651 ἀληθεια

2005 1661 2049 1716 Β
2075 1644 2202 1737 τοὺς
2235 1671 2438 1742 ἑαυτῆς
2469 1644 2705 1734 είςνὸδδν
2739 1666 2954 1722 εὐθεῖαν
3000 1667 3216 1737 ὁδηγεῖν
3249 1661 3417 1716 εἴωθε
3437 1677 3453 1690 ·
3496 1644 3682 1713 xit-.1

2081 1763 2300 1836 σχέτλια
2326 1763 2423 1818 καὶ
2449 1761 2799 1833 πολύκομπα,
2826 1759 2916 1814 διά
2949 1757 3151 1828 πολλῆς
3175 1756 3436 1828 μηχανῆς
3464 1753 3679 1807 11331::-

2079 1855 2343 1910 πισθέντα
2366 1895 2382 1919 ,
2419 1853 2864 1908 διασκεδάννυσιν
2889 1891 2904 1916 ,
2939 1848 3238 1922 ἀνατρέπει
3274 1847 3374 1901 καὶ
3419 1845 3681 1914 ἀφανίζει

2078 1949 2254 2020 ἡσυχῆ
2290 1945 2577 2016 βαίνουσα·
2610 1944 2685 2008 ὼς
2721 1941 2908 2012 σαφῶς
2935 1941 3082 1994 ἔστιν
3113 1939 3244 1993 ίδεῖν
3275 1937 3391 1992 ἀπὸ
3417 1935 3522 1988 τοῦ
3553 1953 3681 2005 προ-

2078 2039 2308 2113 φητικοῦ
2362 2039 2542 2108 λόγου.
2580 2034 2863 2104 Ἐγκαλῶν
2900 2033 3009 2105 γὰρ
3057 2034 3084 2086 6
3117 2030 3414 2104 προφήτης
3463 2029 3584 2088 τοῖς
3616 2025 3683 2078 τά

2076 2131 2225 2189 δεινά
2256 2128 2798 2204 περιεργαζομένοις,
2832 2127 2927 2180 καὶ
2953 2125 2975 2157 ⁸
3007 2123 3305 2194 πολύςρημα
3337 2120 3678 2184 ἐπινοοῦσιν,

2077 2227 2158 2290 είς
2192 2223 2398 2279 ἑαυτῶν
2426 2222 2642 2290 ἀπάτην
2668 2262 2683 2287 ,
2717 2219 2902 2288 ἕλεγε”
2932 2217 3036 2270 Διὰ
3061 2216 3128 2269 τὸ
3155 2215 3240 2285 μὴ
3274 2213 3486 2270 θέλειν
3528 2211 3679 2282 ὑμᾶς

2077 2317 2141 2372 τὸ
2175 2315 2331 2384 ὕδωρ
2364 2314 2470 2368 τοῦ
2501 2313 2736 2381 Σιλωὰμ
2763 2310 2830 2365 τὸ
2856 2308 3267 2379 πορευόμενον
3298 2304 3546 2376 ἡσυχῆ,
3577 2305 3677 2360 ἁν-

2076 2410 2204 2478 άγει
2241 2407 2332 2478 ἐφ’
2367 2404 2524 2476 ὑμᾶς
2553 2405 2768 2473 Κύριος
2793 2402 2859 2456 τὸ
2899 2401 3057 2469 ὕδωρ
3089 2399 3196 2455 τοῦ
3232 2396 3542 2467 ποταμοῦ,
3577 2397 3680 2449 τέν

2070 2499 2340 2568 βασιλέα
2379 2498 2502 2553 τῶν
2530 2496 2890 2565 Ἀσσυρίων.
2921 2493 3106 2563 ’Υδωρ
3137 2493 3247 2566 γὰρ
3272 2491 3529 2562 Σιλωὰμ,
3565 2490 3678 2542 ἐστὶ

2075 2593 2394 2648 διδασκαλία
2423 2590 2520 2644 τοῦ
2554 2589 2992 2662 ἀπεσταλμένου.
3045 2590 3142 2652 Τίς
3188 2588 3234 2642 δ’
3279 2588 3346 2642 ἂν
3397 2588 3491 2657 εἴη
3526 2579 3676 2648 95:9;

2077 2686 2193 2741 ἀλλ’
2227 2685 2260 2756 ἢ
2293 2685 2322 2737 6
2355 2683 2559 2756 Κύριος
2585 2681 2744 2753 ἡμῶν
2775 2679 3017 2752 Ἰησοῦς,
3053 2681 3081 2732 6
3124 2680 3233 2734 ἀπὸ
3257 2679 3354 2732 τοῦ
3392 2678 3535 2731 Θεοῦ
3567 2680 3674 2730 Πα-

2075 2777 2203 2850 τρὸς
2241 2774 2407 2831 αὑτοῦ
2455 2771 2906 2844 ἀπεσταλμένος,
2951 2770 3128 2842 ἡσυχῆ
3173 2771 3230 2824 δὲ
3278 2770 3368 2823 διὰ
3400 2772 3460 2824 τὸ
3515 2769 3678 2840 μηδὲν

2077 2869 2435 2940 καινὸφωνον,
2483 2868 2619 2938 μήτε
2667 2864 3022 2930 ἐπίπλαστον,
3073 2864 3189 2919 ἀλλ’
3221 2865 3281 2918 ὲν
3309 2861 3553 2935 ἀληθείᾳ
3581 2863 3675 2931 τὴν

2081 2964 2240 3034 ἁγίαν
2273 2961 2436 3018 αὑτοῦ
2470 2960 2690 3033 νύμφην
2724 2959 2823 3032 τὴν
2849 2961 2979 3032 παρ’
3005 2958 3171 3014 αὑτοῦ
3209 2958 3554 3030 περιστερὰν
3585 2975 3676 3010 κα-

2081 3057 2370 3127 λουμένην,
2406 3053 2496 3109 διὰ
2534 3053 2596 3108 τὸ
2628 3054 2834 3110 ἄκακον
2865 3053 2957 3108 καὶ
2984 3053 3193 3124 ἥμερον
3228 3052 3322 3105 καὶ
3348 3052 3676 3122 καθαρώτα·

2081 3167 2171 3203 τον
2205 3148 2300 3202 τοῦ
2329 3146 2487 3214 ζὼου,
2539 3146 2596 3202 ὲν
2621 3149 2734 3211 τοῖς
2766 3145 3010 3218 ’ᾼσμασι
3035 3144 3131 3198 τοῦ
3165 3144 3525 3215 Σολομῶνος;
3567 3144 3674 3197 Καὶ

2081 3241 2196 3295 ἔστι
2220 3240 2499 3312 θαυμάσαι
2531 3241 2574 3307 ⁵,
2606 3237 2706 3304 τὰς
2743 3239 2840 3310 μὲν
2875 3238 3043 3302 ἄλλας
3085 3239 3160 3310 μὴ
3176 3238 3344 3300 οὔσας
3363 3235 3560 3301 αὐτοῦ,
3586 3236 3676 3289 ἐπὶ

2080 3334 2136 3388 δὲ
2171 3333 2248 3404 τῷ
2268 3333 2496 3405 ὀνόματι
2523 3331 2688 3388 αὐτοῦ
2718 3331 2916 3396 ἑαυτὰς
2950 3330 3285 3402 κεκληκυίας
3310 3331 3670 3392 παλλακίδας,

2080 3427 2333 3499 ὠνόμασε
2377 3428 2473 3482 καὶ
2509 3425 2828 3497 βασιλίσσας
2860 3425 2952 3479 διὰ
2991 3424 3054 3478 τὸ
3093 3423 3380 3494 βασιλεῦον
3413 3424 3608 3495 ὄνομα,
3645 3424 3672 3476 6

2081 3518 2286 3590 ἑκάστη
2336 3520 2573 3591 Χριστὸν
2619 3517 3037 3589 ἐπιγραφομένη
3099 3517 3268 3588 ἑαυτῇ
3319 3517 3665 3588 σεμνύνεται.

2091 3613 2231 3668 Ἀλλ’
2269 3613 2318 3667 εί
2349 3613 2444 3667 καὶ
2465 3611 2800 3684 ὀγδοήκοντά
2828 3613 2933 3665 εἰσι
2961 3610 3262 3675 παλλακαὶ,
3291 3611 3502 3682 αἵτινές
3539 3614 3668 3664 εἰσιν

2079 3707 2137 3762 αἱ
2181 3707 2458 3779 αἱρέσεις·
2507 3705 2700 3760 ἔπειτα
2750 3702 3134 3770 δὲ,νεάνιδες
3160 3744 3176 3769 ,
3209 3697 3300 3758 ὧν
3346 3705 3460 3758 οὐκ
3502 3703 3668 3758 ἔστιν

2078 3798 2341 3869 ἀριθμὸς,
2361 3797 2494 3869 φησὶ
2509 3840 2524 3866 ,
2537 3797 2646 3868 μία
2665 3795 2797 3851 ἐστὶ
2819 3795 3137 3866 περιστερά
3155 3813 3298 3866 μου,
3315 3797 3521 3850 τελεία
3531 3814 3660 3865 μιν

2079 3892 2357 3947 τουτέστιν
2377 3891 2516 3963 αὑτὴ
2541 3891 2672 3960 ἁγία
2694 3889 2904 3962 νύμφη,
2937 3893 3032 3945 καὶ
3057 3889 3317 3962 καθολικὴ
3344 3889 3662 3960 Ἐκκλησία.

2080 3985 2386 4056 Περιστερὰ
2422 3983 2545 4055 μὲν,
2568 3983 2644 4048 ὡς
2671 3983 2826 4054 ἔφην,
2853 3983 2940 4036 διὰ
2969 3984 3030 4037 τὸ
3057 3984 3290 4055 ἥμερον,
3309 3983 3406 4036 καὶ
3440 3984 3660 4045 ἄκακον,

2078 4076 2174 4129 καὶ
2204 4073 2444 4145 καθαρὸν
2466 4072 2560 4126 τοῦ
2599 4071 2740 4138 ζώου
2761 4090 2773 4102 ·
2804 4071 2988 4126 τελεία
3016 4071 3096 4135 δὲ,
3121 4071 3212 4126 διὰ
3232 4071 3294 4126 τὺ
3324 4073 3424 4142 τὴν
3456 4073 3660 4124 τελείαν

2079 4169 2143 4221 ὲκ
2193 4165 2328 4220 Θεοῦ
2379 4165 2564 4220 λαϐεῖν
2599 4165 2782 4236 χάριν,
2803 4163 2898 4219 καὶ
2935 4163 3139 4233 γνῶσιν
3178 4166 3313 4234 παρ’
3361 4164 3526 4216 αὑτοῦ
3573 4162 3658 4215 τοῦ

2080 4260 2334 4332 Σωτῆρος
2366 4258 2452 4312 διὰ
2476 4256 2795 4328 Πνεύματος
2815 4254 2995 4325 ἀγίου.
3029 4255 3202 4319 Αὐτὸς
3232 4250 3326 4309 οὗν
3360 4258 3390 4308 6
3415 4255 3656 4325 νυμφίος,

389 4347 675 4404 Salvatore
743 4366 840 4420 per
917 4348 1181 4422 Spiritum
1257 4365 1511 4412 sanctum
1605 4363 1975 4432 cognitionem

2154 4349 2638 4420 Ἀπεσταλμένος
2670 4349 3128 4421 ἑρμηνευόμενος,
3157 4347 3659 4414 τουτέστιΣιλωὰμ,

387 4443 583 4513 adepta
614 4443 705 4500 sit.
727 4443 896 4514 Igitur
919 4461 1155 4516 sponsus
1213 4447 1350 4520 ipse,
1373 4466 1534 4522 quem
1552 4451 1781 4510 Missum
1810 4457 1983 4513 inter-

386 4535 592 4605 pretari
624 4536 772 4603 licet,
803 4537 908 4594 hoc.
941 4547 1029 4596 est
1079 4539 1306 4609 Siloam,
1341 4558 1538 4614 aquam
1588 4547 1752 4604 habet
1782 4549 1980 4606 leniter

384 4629 803 4701 scaturientem,
840 4631 1152 4688 doctrinam
1186 4635 1399 4692 scilicet
1445 4654 1556 4694 non
1606 4638 1816 4712 ingenti
1850 4658 1977 4698 cum

385 4723 617 4793 strepitu
685 4739 749 4779 ac
823 4725 1043 4798 fragore
1119 4728 1483 4800 praecipitem,
1545 4747 1648 4787 nec
1699 4733 1851 4788 inani
1915 4751 1977 4792 se

383 4829 588 4884 pompa
614 4823 669 4870 et
701 4816 1000 4874 ambitione
1032 4817 1357 4889 jactantem.
1389 4821 1564 4893 Cujus
1587 4839 1793 4896 sponsa
1821 4829 1974 4884 mitis

385 4905 565 4962 instar
602 4907 869 4965 columba:
896 4927 1106 4968 veneno
1139 4921 1330 4980 caret;
1367 4929 1545 4985 neque
1575 4917 1812 4974 molares
1838 4919 1976 4974 den-

385 5007 472 5057 tes
493 5010 588 5056 aut
619 5005 840 5061 aculeos
871 5006 1033 5077 gerit,
1094 5006 1406 5077 cujusmodi
1449 5018 1735 5080 serpentes
1769 5011 1976 5068 habent

384 5092 480 5148 isti
513 5093 605 5164 qui
632 5110 841 5151 veneno
873 5106 1102 5162 scatent,
1142 5114 1376 5169 quorum
1409 5101 1606 5173 singuli
1636 5102 1974 5174 praecipuum

385 5184 612 5256 aliquod
648 5189 963 5243 mortalium
1010 5192 1196 5261 generi
1234 5191 1386 5248 virus
1419 5201 1698 5249 conantur
1762 5194 1974 5249 immit-

385 5283 540 5340 tere,
599 5291 663 5333 ac
692 5289 998 5337 sectatores
1046 5298 1180 5339 suos
1218 5299 1598 5356 corrumpere.
1647 5285 1891 5352 Quorum
1945 5301 1976 5342 e

384 5382 619 5424 numero
649 5369 738 5425 ille
759 5381 843 5427 est
869 5371 1005 5442 ipse,
1028 5389 1188 5443 quem
1222 5373 1408 5430 divino
1433 5375 1603 5430 verbo
1653 5376 1976 5446 caelestique

384 5463 645 5534 praasidio
681 5463 852 5522 fretus
879 5467 1132 5539 detegere
1163 5467 1370 5531 studui,
1392 5484 1455 5524 ac
1483 5469 1764 5541 phalangii
1797 5469 1975 5525 instar

2083 4444 2226 4516 ὕδωρ
2253 4444 2366 4516 ἔχει
2394 4443 2760 4515 πορευόμενον
2789 4441 2966 4513 ησυχῆ
2993 4480 3008 4505 ,
3043 4440 3293 4506 τουτέστι
3322 4439 3660 4494 διδασκαλίαν

2078 4537 2343 4599 ἀδουπον,
2385 4535 2478 4590 καὶ
2529 4532 2896 4605 ἀψοφοποιόν,
2933 4533 3026 4587 καὶ
3071 4533 3530 4598 ἀφαντασίαστον,
3567 4531 3658 4583 καὶ

2077 4629 2450 4701 ἀκόμπαστον.
2506 4627 2570 4681 Ἥ
2619 4627 2676 4680 δὲ
2711 4625 2876 4680 αὐτοῦ
2914 4626 3101 4698 νύμφη
3156 4626 3251 4679 καὶ
3297 4625 3434 4696 αὕτη
3465 4627 3657 4695 ἥσυχος

2076 4721 2405 4796 περιστερὰ,
2462 4723 2600 4795 μήτε
2637 4720 2714 4775 ίὸν
2759 4719 2996 4791 ἔχουσα,
3050 4721 3189 4791 μήτε
3237 4718 3651 4791 μυλοστομίδας,

2078 4818 2216 4890 μήτε
2247 4817 2470 4888 κέντρα,
2505 4815 2580 4879 ῶς
2613 4809 2760 4870 οὗτοι
2795 4814 2998 4878 πάντες
3029 4816 3077 4868 οἱ
3110 4814 3532 4886 έρπετόμορςοι,
3564 4813 3652 4866 καὶ

2078 4911 2156 4965 ἰὸν
2203 4908 2729 4976 ἀναϐλυστάνοντες,
2764 4906 2997 4972 ἕκαστος
3036 4907 3530 4978 φιλοτιμησάμενος
3561 4907 3650 4976 δη-

2074 5000 2330 5073 λητήριον
2349 5017 2402 5054 τι
2431 4999 2508 5071 τῷ
2532 4998 2723 5071 κόσμῳ
2749 4999 3180 5064 κατασκευάσαι,
3207 5001 3303 5052 καὶ
3324 4998 3649 5069 λυμήνασθαι

2074 5095 2201 5158 τοὺς
2232 5091 2384 5165 αὑτῷ
2416 5090 2770 5156 πεισθέντας·
2802 5084 2877 5146 ὧν
2914 5091 3010 5146 καὶ
3039 5085 3196 5154 οὗτος
3229 5087 3313 5156 εἷς
3357 5091 3432 5144 ῶν
3461 5091 3648 5161 aani-

2076 5205 2180 5253 νει,
2211 5189 2239 5241 6
2270 5185 2507 5242 ἐνταῦθά
2542 5204 2632 5258 μοι
2659 5185 3018 5249 σπουδασθεὶς
3054 5186 3378 5258 φωραθῆναι
3399 5185 3487 5239 διὰ
3518 5185 3644 5238 θείου

2074 5281 2233 5350 λόγου
2263 5281 2356 5334 καὶ
2393 5279 2646 5352 βοηθείας
2679 5279 2779 5351 τῆς
2822 5279 3047 5344 ἄνωθεν,
3079 5280 3176 5333 καὶ⁵
3207 5280 3550 5352 ωντριεῆναι

2073 5392 2177 5447 κην
2213 5374 2515 5444 φαλαγγίου
2548 5371 2916 5446 τετραγνάθου
2958 5371 3190 5444 έρπετοῦ
3236 5373 3582 5444 καλουμένου,
3612 5371 3638 5443 ἦ

2073 5465 2150 5531 ὡς
2179 5467 2288 5521 ἀπὸ
2314 5465 2688 5539 ἀμφισὸαίνης
2714 5465 2814 5537 τῆς
2846 5463 3136 5535 δικεφάλου
3159 5464 3374 5536 ἐχίδνης
3395 5464 3640 5535 τμηθεῖσα

463 5623 479 5656 ⁸
510 5621 614 5681 lsa.
651 5637 771 5694 vnt,
802 5623 856 5682 6.
926 5629 946 5659 ²
980 5623 1139 5684 Cant.
1166 5642 1226 5695 ιι,
1269 5625 1357 5693 10,
1399 5625 1497 5695 14;
1535 5643 1587 5695 v,
1621 5627 1694 5696 2;
1733 5642 1807 5697 γι,
1833 5625 1886 5684 8.
1963 5627 1979 5661 ³

2149 5647 2172 5688 ‘..
2198 5645 2275 5696 γι,
2309 5627 2363 5700 7,
2389 5625 2455 5714 8.⁸
2521 5627 2542 5659 ⁸
2573 5625 2633 5685 ι’.
2658 5626 3014 5700 παλίμφημα.
3094 5628 3114 5659 ⁵
3143 5625 3301 5682 Deest
3351 5626 3433 5692 ὡς
