3844 6270
833 228 1206 287 ADVERSUS
1243 230 1582 287 llAZRESES
1617 231 1744 288 LIB.
1779 228 1820 285 1.
1856 229 2022 286 TOM.
2062 228 2150 285 111.
2174 262 2241 271 -
2272 228 2543 285 ηιλεῐιεε.
2587 226 2829 284 XXXVI.
3360 222 3467 281 634

208 344 433 416 κεφαλὴ
476 345 535 400 ὲν
594 347 857 419 συντομία
907 348 1370 420 κατακλασθῆναι.
1417 350 1707 421 Παρελθὼν
1739 350 1786 403 δὲ

1897 347 2180 410 obterere,
2258 345 2404 414 quod
2464 343 2892 415 tetragnathum,
2945 340 3051 397 hoc
3096 345 3182 395 est
3240 348 3467 408 quatuor
3538 324 3541 333 “

204 433 405 487 τοῦτον
457 435 642 499 πάλιν,
694 434 793 499 τὰς
849 435 977 506 ἐξῆς
1028 437 1405 509 διασκοπήσω·
1452 439 1547 492 καὶ
1593 438 1786 501 ταύτας

1896 438 2053 491 malis
2094 436 2375 505 pra'ditum
2433 444 2664 490 vocant:
2727 442 2819 489 aut
2878 434 3024 489 velut
3084 432 3467 502 amphisbaaute

204 524 446 591 διεξιὼν,
492 527 558 581 δι’
591 528 757 599 εὐχῆς
785 529 1015 597 αἰτήσω,
1050 528 1118 581 τὰ
1165 530 1263 599 μὲν
1293 531 1413 583 κατ’
1446 528 1615 593 αὑτὰς
1652 529 1786 582 κατά

1893 528 2134 598 bicipitis
2160 530 2360 599 viperae
2414 527 2690 583 desectum
2744 532 2908 597 caput
2965 524 3328 595 confringere.
3358 519 3465 575 Sed

208 616 474 687 ἀλήθειαν
503 620 738 686 ἐξειπεῖν
761 659 776 684 ,
810 618 1013 690 μηδένα
1039 619 1097 673 δὲ
1124 618 1322 689 eadem
1344 658 1358 685 ,
1392 618 1425 690 ἦ
1460 619 1622 685 αὐτὸς
1660 618 1786 690 βλα-

1891 620 1995 674 hoc
2017 619 2224 675 omisso
2248 619 2490 689 reliquas
2521 633 2935 689 persequamur.
2955 618 3108 685 Quod
3132 616 3258 671 dum
3286 630 3468 685 aggre-

206 711 393 781 θῆναι·
1890 711 2031 776 dior,
2052 713 2275 782 supplex
2306 726 2336 764 a
2367 711 2478 766 Deo
2514 713 2750 781 postulo,
2785 719 2846 765 ut
2872 725 2993 781 qua:
3019 708 3087 763 ad
3121 709 3241 763 illas
3296 706 3465 777 perti-

210 810 369 867 nent,
401 803 476 857 ita
528 818 596 859 ex
648 804 730 859 rei
778 803 1009 859 veritate
1065 804 1360 875 proferam,
1425 804 1569 859 nulla
1630 807 1690 857 ut
1732 800 1788 855 in
1818 814 2142 872 quemquam
2166 808 2327 871 atque
2348 800 2483 855 adeo
2509 800 2773 871 meipsum
2799 813 2867 855 ex
2893 814 2958 854 eo
3013 796 3163 853 fraus
3220 810 3285 850 ac
3342 808 3465 865 per-

215 895 391 951 nicies
423 894 716 952 redundet.

604 1011 793 1064 KATA
838 1009 1373 1064 ΗΡΑΚΑΕΩΝΙΤΩΝ
1387 1049 1403 1074 ,

420 1123 856 1192 Εξκαιόεκάτη,
896 1123 936 1191 ἡ
974 1122 1073 1177 καὶ
1111 1121 1432 1191 τριακοστὴ
1448 1122 1612 1190 ἕκτη.

213 228 318 285 6'55

2217 1004 2354 1064 CON
2374 1005 2499 1060 [ΒΑ
2543 1003 3138 1070 HERACLEONITAS,

2101 1116 2234 1184 Quae
2279 1128 2359 1173 est
2398 1118 2612 1174 haeresis
2642 1114 2802 1185 XVI,
2843 1117 2920 1172 vel
2960 1112 3233 1171 XXXVI.

278 1252 355 1307 A'.
372 1252 687 1325 Ἡρακλέων
701 1271 786 1317 τις
799 1253 985 1307 τοῦτον
1002 1253 1090 1307 τὸν
1106 1254 1451 1325 Κολόρῦασον
1467 1254 1785 1325 διαδέχεται,

1957 1254 1998 1311 I.
2027 1256 2327 1313 Colorbaso
2352 1257 2595 1313 succedit
2621 1255 2941 1319 lleracleon,
2965 1272 2994 1309 a
3033 1269 3142 1325 quo
3185 1252 3467 1309 Heraclio-

206 1345 306 1413 ἀφ’
338 1337 515 1415 οὗπερ
540 1346 588 1397 οἱ
618 1344 1041 1415 Ἠρακλεωνῖται
1070 1346 1415 1416 καλούμενοι,
1444 1346 1595 1399 οὐδὲν
1624 1342 1786 1418 ἦττον

1891 1345 2121 1400 nitarum
2162 1354 2310 1403 secta
2364 1348 2695 1410 nominatur,
2756 1344 3113 1400 nihilominus
3164 1359 3327 1413 quam
3355 1357 3462 1397 cae-

206 1436 312 1505 τῆς
370 1435 525 1507 παρὰ
563 1435 751 1491 τοῦτον
796 1437 1124 1505 κενοφωνίας
1157 1438 1487 1508 ἠσκημένος.
1540 1439 1649 1492 Καὶ
1687 1440 1786 1492 ὅσα

1893 1432 1996 1486 teri
2026 1433 2188 1503 nugis
2215 1448 2280 1488 ac
2306 1433 2606 1489 mendaciis
2636 1432 2956 1489 instructus.
2977 1441 2980 1444 ’
3002 1432 3276 1502 Quidquid
3316 1432 3463 1487 enim

210 1531 313 1601 μὲν
352 1529 551 1582 ἐκεῖνοι
585 1527 824 1598 λέγουσι,
854 1530 947 1582 καὶ
988 1524 1140 1593 οὗτος
1172 1528 1411 1599 ὁρίζεται
1441 1529 1581 1583 κατὰ
1609 1530 1784 1585 πάντα

1891 1524 1961 1580 ab
1990 1524 2097 1580 illis
2144 1526 2433 1593 asseritur,
2494 1526 2581 1580 hic
2636 1534 2819 1581 tuetur
2857 1540 2919 1579 ac
2954 1523 3195 1579 defendit
3240 1525 3461 1580 omnia:

206 1621 436 1691 τρόπον,
464 1615 553 1673 οἷα
574 1620 639 1691 δὴ
671 1620 730 1685 ἐξ
762 1619 942 1673 αὐτῶν
965 1619 1301 1692 ὁρμώμενος,
1330 1623 1424 1675 καὶ
1448 1623 1577 1693 παρ’
1606 1622 1785 1677 αὐτῶν

1891 1622 2074 1685 utpote
2100 1615 2193 1685 qui
2227 1616 2295 1670 ab
2320 1615 2428 1670 illis
2448 1627 2625 1670 ortum
2658 1616 2860 1685 pariter
2894 1628 2957 1669 ac
2975 1621 3296 1670 venenatam
3311 1615 3462 1670 luem

205 1710 302 1763 τὸν
341 1708 419 1762 ἰὸν
451 1708 891 1780 ἁπομαξάμενος,
924 1710 1307 1782 περισσότερον
1353 1711 1410 1764 δὲ
1456 1711 1615 1782 δῆθεν
1656 1714 1786 1785 ὑπὲρ

1898 1707 2149 1762 traxerit.
2191 1706 2301 1761 Sed
2344 1707 2605 1761 nonnulla
2656 1714 2835 1761 tamen
2876 1721 2905 1759 a
2956 1722 3015 1762 se
3068 1705 3376 1776 excogitata
3411 1712 3465 1761 et

209 1800 457 1865 ἐκείνους
496 1802 554 1855 ὲν
599 1801 778 1872 ἐαυτῷ
811 1802 1308 1874 ἀνατυπωσάμενός
1354 1821 1496 1869 τινα,
1546 1804 1786 1874 βούλεται

1895 1802 2127 1857 conficta
2164 1801 2232 1857 ad
2276 1816 2464 1858 eorum
2518 1799 2803 1870 opiniones
2856 1797 3141 1867 adjiciens,
3202 1812 3466 1866 superare

207 1890 864 1963 Exeivoug-bmpaipew,
924 1894 1013 1947 ἵνα
1069 1894 1165 1948 καὶ
1228 1894 1407 1965 ἑαυτῷ
1475 1895 1786 1966 συναγωγὴν

1895 1898 2037 1960 illos,
2069 1910 2133 1950 ac
2162 1895 2439 1965 propriam
2495 1894 2599 1949 sibi
2628 1893 2872 1949 scholam
2905 1890 3186 1947 vindicare
3230 1891 3461 1947 studuit.

207 1984 509 2054 ποιήσηται
540 1982 649 2036 τῶν
677 1984 1060 2056 ἠπατημένων.
1102 1980 1258 2040 Οὗτοι
1301 1986 1409 2059 γὰρ
1456 1987 1674 2052 πάντες,
1714 1989 1794 2050 είς

204 2074 712 2143 ἑκατοντακέφαλον
746 2076 970 2139 ἑαυτοὺς
1021 2075 1473 2142 ἀνατυπὼσαντες
1523 2077 1714 2148 σῶμα,
1757 2078 1790 2149 ἢ

206 2164 693 2235 ἑκατοντάχειρον,
736 2166 826 2218 τόν
878 2183 1009 2219 ποτε
1064 2166 1434 2237 μυθευόμενον
1488 2168 1639 2239 παρὰ
1678 2171 1791 2233 τοῖς

203 2254 313 2309 τῶν
351 2255 623 2326 Ἐλλήνων
656 2259 910 2327 ποιηταῖς
951 2258 1292 2329 ἐμιμήσαντο
1326 2259 1591 2330 Κόττονῆ
1628 2261 1791 2331 Βριά-

205 2364 371 2418 ρεων,
402 2346 464 2399 ὂν
507 2348 603 2401 καὶ
633 2348 909 2417 Αἰγαίωνα
936 2348 1211 2415 καλοῦσιν,
1235 2352 1269 2422 ἢ
1290 2351 1488 2423 Γύγην,
1513 2352 1547 2423 ἢ
1576 2352 1667 2405 τὸν
1691 2371 1791 2407 καο

203 2438 467 2507 λούμενον
497 2440 698 2509 Ἀργον
736 2439 825 2493 τὸν
860 2440 1296 2511 πολυόφθαλμον,
1328 2441 1472 2506 οἴους
1502 2444 1699 2495 ἐκεῖνοι
1732 2443 1791 2495 ἐν

201 2532 325 2592 ταῖς
350 2528 563 2583 ἑαυτῶν
592 2529 891 2600 ῥαψῳδίαις
915 2530 1320 2602 τερατεύονται,
1353 2532 1786 2603 ποιητευόμενοι.

202 2621 301 2673 καὶ
332 2620 585 2689 λέγοντες
617 2620 761 2691 ἔχειν
793 2621 884 2675 τὸν
929 2622 1030 2691 μὲν
1074 2621 1266 2675 ἑκατὸν
1297 2625 1501 2694 χεῖρας,
1532 2624 1628 2676 καὶ
1658 2624 1791 2676 ποτὲ

206 2712 343 2782 μὲνί
392 2714 735 2783 πεντήκοντα
775 2714 1034 2785 κεφαλὰς,
1068 2715 1197 2768 ποτὲ
1246 2714 1303 2767 δὲ
1349 2716 1539 2768 ἑκατόν
1561 2731 1574 2743 ·
1608 2715 1699 2769 τὸν
1731 2715 1788 2768 δὲ

203 2804 400 2857 ἑκατὸν
442 2804 770 2875 ὀφθαλμούς.
802 2808 913 2860 Καὶ
934 2805 1124 2859 τούτου
1160 2807 1321 2860 ἕνεκα
1357 2808 1492 2876 φασὶ
1535 2807 1623 2861 τὸν
1668 2807 1789 2878 Ἐρ-

206 2895 315 2965 μῆν
357 2895 644 2949 καλεῖσθαι
672 2897 1082 2969 Ἀργειφόντην,
1110 2898 1184 2963 ὡς
1212 2899 1302 2953 τὸν
1334 2900 1534 2971 Ἄργον
1559 2899 1649 2951 τὸν
1690 2915 1788 2952 πο-

203 2984 552 3058 λυόφθαλμον
584 2991 973 3058 πεφονευκότα.
1000 2991 1155 3046 Οὓτω
1179 2992 1273 3045 καὶ
1303 2992 1508 3046 τούτων
1532 2993 1783 3055 ἕκαστος,

206 3079 537 3150 βουλόμενος
584 3082 762 3153 ἐαυτῷ
807 3084 983 3155 ἀρχὴν
1036 3085 1486 3156 προστήσασθαι,
1541 3084 1781 3154 κεφαλὴν

203 3172 489 3241 ὠνόμασεν
526 3173 735 3237 ἑαυτὸν,
769 3174 931 3246 ἕτερα
964 3176 1312 3247 ὑπεισφέρων
1352 3176 1505 3249 παρὰ
1546 3177 1646 3248 τὴν
1674 3177 1781 3230 τῶν

203 3263 540 3318 διδασκάλων
584 3264 749 3319 αὐτοῦ
797 3267 1184 3337 ματαιοπονίαν
1214 3269 1307 3321 καὶ
1357 3267 1599 3339 μανιώδη
1639 3270 1784 3323 διδα-

1894 1991 2107 2045 Etenim
2146 2004 2339 2046 omnes
2365 1988 2455 2044 isti
2481 1988 2758 2057 centiceps
2784 2001 2844 2042 se
2880 1985 2932 2039 in
2972 1999 3173 2054 corpus
3195 1998 3259 2039 ac
3288 1982 3466 2037 centi-

1893 2098 2113 2136 manum
2171 2078 2653 2143 transformantes,
2727 2077 2997 2148 gigantem
3064 2076 3217 2129 illum
3279 2075 3467 2129 nescio

1892 2189 2053 2244 quem
2104 2188 2135 2228 e
2190 2171 2505 2226 Grmcorum
2555 2169 2755 2224 fabulis
2798 2168 3111 2238 exprimere
3152 2166 3465 2232 voluerunt,

1892 2266 2110 2319 Cottum
2145 2265 2362 2333 opinor,
2406 2270 2499 2317 aut
2560 2261 2871 2319 Briareum:
2926 2276 3091 2332 quem
3133 2268 3186 2315 et
3222 2258 3466 2331 Egeona

1890 2356 2182 2419 dixerunt,
2227 2363 2319 2409 aut
2375 2354 2582 2426 Gygen,
2635 2362 2729 2407 aut
2769 2353 2973 2423 Argum
3024 2352 3251 2407 infinitis
3304 2351 3464 2422 263

1890 2446 2063 2500 oculis
2092 2444 2409 2514 praeditum,
2450 2443 2760 2513 cuiusmodi
2803 2451 3075 2512 portenta
3099 2442 3216 2498 suis
3245 2442 3323 2496 illi
3350 2456 3469 2495 car-

1890 2537 2130 2592 minibus
2158 2536 2334 2591 soleut
2361 2535 2693 2600 describere,
2719 2542 2779 2589 ut
2817 2542 3037 2589 centum
3070 2535 3463 2597 alterimanus,

1890 2644 2013 2684 cum
2044 2628 2462 2699 quinquaginta,
2497 2629 2579 2683 vel
2615 2628 2779 2682 etiam
2828 2628 3081 2684 centenis
3145 2628 3465 2699 capitibus;

1890 2726 2106 2773 centum
2150 2718 2341 2773 oculos
2389 2717 2545 2771 alteri
2600 2716 2867 2773 tribuant.
2927 2717 3102 2784 Quam
3133 2717 3203 2773 ob
3243 2733 3468 2772 causam

1890 2809 2217 2864 Mercurium
2247 2809 2430 2865 ferunt
2465 2809 2851 2879 Argipliontem
2891 2825 3015 2866 esse
3062 2810 3289 2873 dictum,
3324 2811 3469 2879 quod

1893 2902 2081 2956 multis
2106 2901 2409 2956 luminibus
2448 2899 2733 2970 prmditum
2790 2901 2993 2971 Argum
3044 2900 3326 2956 occiderit.
3376 2898 3470 2956 Sic

1893 2996 2107 3051 illorum
2162 2995 2391 3064 quilibet
2441 2994 2807 3064 principatum
2866 2992 3165 3058 affectans,
3224 2992 3467 3062 seipsum

1891 3095 2054 3157 caput
2073 3087 2329 3156 appellat,
2367 3094 2422 3142 et
2442 3100 2473 3138 a
2492 3092 2888 3155 praeceptorum
2911 3084 3123 3139 insanis
3150 3099 3212 3139 ac
3248 3084 3471 3139 furiosis

1885 3177 2230 3247 dogmatibus
2264 3175 2477 3230 diversa
2513 3173 2760 3245 quaedam
2816 3174 3109 3247 excogitat.
3151 3173 3353 3230 Verum
3401 3191 3472 3231 ne

1886 3271 1941 3323 in
1984 3267 2259 3338 praefando
2294 3269 2396 3323 sim
2438 3269 2675 3339 longior,
2698 3267 2765 3321 ad
2793 3283 2906 3322 rem
2934 3267 3108 3338 ipsam
3154 3268 3466 3338 aggrediar.

209 3363 457 3416 σκαλίαν.
490 3364 608 3418 Ἵνα
640 3362 697 3417 δὲ
750 3363 825 3435 μὴ
865 3365 945 3428 είς
972 3364 1104 3419 πολὺ
1152 3368 1325 3436 μῆκος
1364 3366 1542 3419 ὲλάσω
1587 3367 1683 3422 τοῦ
1732 3367 2019 3440 προοιμίου
2059 3366 2155 3436 τὴν
2192 3364 2479 3432 σύνταξιν,
2527 3365 2818 3437 ἐλεύσομαι
2860 3367 2938 3430 εἰς
2976 3366 3036 3419 τὸ
3091 3367 3468 3440 προκείμενον.

274 3480 349 3535 B’.
381 3478 703 3548 ’Πρακλέων
720 3480 897 3533 τοίνυν
920 3474 1094 3544 οὗτος,
1119 3480 1213 3533 καὶ
1238 3483 1285 3533 οἱ
1313 3480 1408 3533 ἀπ’
1433 3481 1595 3534 αὐτοῦ
1624 3483 1785 3552 ’Πρα-

206 3572 517 3632 κλεωνῖται.
546 3571 619 3635 ὡς
646 3575 924 3643 προεῖπον,
946 3573 1149 3642 ὁμοίως
1178 3572 1384 3643 Μάρκῳ
1417 3573 1509 3626 καί
1532 3591 1640 3626 τισι
1675 3573 1780 3627 τῶν

208 3664 310 3734 πρὸ
357 3663 528 3717 αὐτοῦ
568 3664 697 3735 περὶ
737 3663 847 3716 τῶν
901 3664 1197 3733 Ὀγδοάδων
1247 3665 1483 3735 φάσκει,
1526 3666 1626 3734 τῆς
1669 3666 1781 3719 ἀνω

207 3759 346 3827 φημὶ
371 3757 468 3809 καὶ
496 3756 596 3825 τῆς
615 3755 785 3808 κάτω.
817 3755 1047 3807 Ἔπειτα
1070 3756 1125 3808 δὲ
1152 3756 1245 3809 καὶ
1272 3754 1370 3818 τὰς
1392 3755 1652 3823 συζυγίας
1673 3754 1781 3808 τῶν

206 3852 501 3920 τριάκοντα
544 3846 765 3900 Αἰώνων
808 3846 938 3911 ἴσως
977 3846 1205 3911 δοξάζει.
1241 3848 1560 3919 Ἄνθρωπον
1594 3848 1649 3902 δὲ
1686 3850 1780 3901 καὶ

206 3942 365 4005 αὐτὸς
397 3942 597 4010 φάσκει
624 3934 762 3992 εἶναι
786 3939 876 3991 τὸν
905 3939 1015 3993 ἄνω
1043 3938 1148 3992 τῶν
1172 3939 1307 3992 ὅλων
1331 3939 1569 4010 Πατέρα,
1597 3940 1654 3992 ὃν
1688 3940 1781 3993 καὶ

206 4032 375 4085 Βυθδν
422 4029 853 4102 προσηγόρευσε.
904 4030 1163 4085 Βούλεται
1206 4031 1263 4083 δὲ
1305 4031 1467 4085 αὐτὸν
1500 4032 1594 4083 καὶ
1622 4032 1783 4095 αὐτὸς

206 4124 385 4192 λέγειν
416 4126 553 4194 μήτε
582 4122 748 4193 ἄρρεν
781 4122 916 4193 μήτε
943 4121 1077 4192 θῆλυ
1098 4138 1111 4152 ·
1162 4121 1218 4189 ἐξ
1244 4123 1407 4176 αὐτοῦ
1431 4123 1486 4175 δὲ
1521 4118 1658 4176 εἶναι
1686 4122 1785 4193 τὴν

205 4217 312 4270 τῶν
350 4216 491 4270 ὅλων
529 4216 743 4288 μητέρα
764 4253 778 4278 ,
806 4215 873 4285 ἢν
904 4214 999 4267 καὶ
1035 4214 1199 4286 Σιγὴν
1230 4215 1482 4285 ὀνομάζει
1512 4215 1605 4268 καὶ
1631 4216 1783 4285 Ἀλή-

210 4308 377 4362 θειαν.
410 4309 538 4361 Ἀπ’
567 4308 736 4378 αὐτῆς
768 4306 823 4359 δὲ
853 4302 992 4359 εἶναι
1024 4305 1122 4376 τὴν
1151 4306 1409 4376 δευτέραν
1455 4306 1664 4376 μητέρα
1691 4307 1789 4376 τὴν

208 4407 262 4457 ὲν
292 4401 434 4474 λήθῃ
470 4401 801 4472 γενομένην,
846 4400 914 4470 ἣν
958 4401 1052 4453 καὶ
1086 4397 1341 4469 Ἀχαμὼθ
1374 4400 1468 4451 καὶ
1502 4398 1662 4461 αὐτὸς
1692 4417 1789 4452 κα-

207 4494 317 4548 λεῖ·
353 4494 414 4559 ἐξ
442 4494 511 4563 ἧς
540 4492 723 4545 λοιπὸν
768 4492 835 4545 τὰ
869 4491 1045 4545 πάντα
1072 4493 1129 4543 ἐν
1160 4490 1496 4561 ὑστερήματι
1528 4489 1785 4560 κατέστη.

210 4585 465 4638 Βούλεται
499 4584 557 4637 δὲ
586 4583 804 4637 πλείονα
832 4582 941 4636 τῶν
964 4582 1070 4653 πρὸ
1092 4581 1255 4636 αὐτοῦ
1280 4582 1375 4635 καὶ
1400 4572 1555 4643 οὗτος
1584 4580 1785 4649 λέγειν,

208 4677 368 4731 ἆτινά
400 4677 519 4729 ἐστι
554 4674 711 4729 τάδε·
760 4674 899 4739 Τοὺς
925 4672 1292 4737 τελευτῶντας
1331 4674 1425 4725 ἀπ’
1456 4671 1653 4738 αὐτῶν,
1694 4673 1789 4725 καὶ

208 4772 298 4839 ἐπὶ
328 4770 505 4840 αὐτὴν
530 4768 629 4839 τὴν
674 4768 849 4833 ἔξοδον
879 4767 1213 4837 φθάνοντας,
1257 4766 1366 4821 ἀπὸ
1396 4766 1489 4819 τοῦ
1531 4782 1789 4837 προειρη-

211 4862 373 4932 μένου
412 4861 645 4932 Μάρκου
674 4860 775 4925 τὰς
802 4861 1101 4932 προφάσεις
1134 4860 1367 4931 εἰληφὼς
1395 4900 1409 4925 ,
1446 4860 1628 4914 οὐκέτι
1667 4859 1788 4913 κατ’

208 4955 414 5008 ἐκεῖνον
460 4950 751 5022 λυτροῦται
779 4992 792 5015 ,
829 4952 965 5005 ἀλλὰ
1020 4952 1192 5015 ἄλλως
1222 4944 1376 5015 οὗτος
1412 4951 1787 5022 μεταχειρίζε-

206 5064 332 5112 ται,
367 5046 737 5117 λυτρούμενος
768 5045 926 5115 δῆθεν
961 5046 1070 5117 (42)
1108 5046 1243 5117 πρὸς
1288 5047 1353 5116 τῇ
1400 5045 1622 5115 τελευτῇ
1662 5046 1787 5108 τοὺς

209 5140 297 5192 ὑπ’
349 5137 520 5191 αὑτοῦ
570 5137 966 5207 ἀπατηθέντας.
1014 5137 1149 5190 ῐΙοτὲ
1180 5136 1287 5207 γάρ
1317 5152 1459 5201 τινες
1490 5135 1548 5200 ἐξ
1582 5135 1783 5202 αὐτῶν,

209 5230 386 5285 ἔλαιον
420 5229 575 5283 ὔδατι
622 5229 906 5300 μίξαντες,
950 5229 1300 5283 ἐπιϐάλλουσι
1341 5230 1406 5289 τῇ
1443 5228 1650 5299 κεφαλῇ
1687 5228 1782 5281 τοῦ

1955 3479 2017 3535 ιι.
2047 3479 2341 3535 Heracleon
2382 3478 2547 3549 igitur
2570 3494 2691 3535 cum
2724 3480 2861 3543 suis,
2894 3486 2953 3533 ut
2977 3478 3236 3544 diximus,
3261 3481 3451 3536 eadem

1883 3589 2006 3629 cum
2049 3573 2253 3637 Marco,
2305 3572 2536 3643 aliisque
2592 3573 2685 3642 qui
2736 3571 2979 3627 Marcum
3020 3581 3459 3637 antecesserunt,

1882 3665 1949 3720 de
1988 3663 2359 3734 Ogdoadibus,
2394 3664 2679 3735 superiore
2739 3666 2998 3719 nimirum
3055 3674 3110 3720 et
3168 3664 3454 3730 inferiore,

1881 3757 2068 3812 sentit.
2100 3756 2303 3811 Deinde
2322 3757 2542 3827 triginta
2566 3755 2805 3810 Aﬁonum
2846 3757 2998 3827 paria
3046 3757 3186 3812 haud
3227 3757 3467 3812 absimili

1882 3850 2096 3902 ratione
2153 3849 2456 3903 constituit.
2510 3846 2797 3902 Hominem
2865 3863 3085 3918 quoque
3142 3864 3463 3917 supremum

1887 3940 2132 3995 omnium
2204 3938 2491 3995 Parentem
2553 3939 2890 4010 pronuntiat,
2939 3955 3099 4010 quem
3142 3948 3195 3993 et
3238 3939 3471 4009 Bytbum

1888 4032 2151 4084 nominat.
2206 4028 2466 4084 Eumdem
2498 4046 2598 4084 nec
2630 4045 2838 4084 marem
2885 4045 3009 4085 esse
3061 4045 3159 4084 nec
3210 4030 3471 4086 feminam

1891 4129 2065 4192 putat,
2106 4138 2135 4176 a
2165 4138 2274 4192 quo
2321 4122 2701 4177 universorum
2726 4131 2899 4177 mater
2926 4122 3177 4188 exsistat,
3218 4136 3381 4192 quam
3416 4130 3473 4177 et

1820 4194 1864 4251 D
1896 4214 2082 4286 Sigea,
2124 4224 2178 4271 et
2222 4213 2522 4271 Veritatem
2581 4217 2836 4287 appellat.
2894 4217 2975 4271 Ab
3016 4216 3119 4270 hac
3170 4216 3469 4271 secundam

1891 4316 2158 4373 matrem,
2207 4324 2328 4379 qua:
2386 4309 2440 4362 in
2478 4309 2753 4364 oblivione
2798 4310 2973 4379 posita
3028 4319 3146 4373 est,
3202 4309 3470 4380 originem

1893 4401 2146 4464 traxisse,
2172 4416 2333 4471 quam
2363 4402 2667 4456 Acbamoth
2697 4402 2920 4473 perinde
2956 4408 3013 4455 ut
3042 4402 3131 4454 alii
3167 4407 3469 4470 nuncupat,

1889 4506 1919 4545 a
1951 4507 2056 4559 qua
2097 4492 2353 4562 deinceps
2410 4494 2463 4546 in
2514 4493 2723 4547 defectu
2762 4492 3061 4548 constituta
3092 4500 3218 4546 sunt
3262 4491 3467 4545 omnia.
3514 4562 3521 4567 Δ

1895 4580 1996 4635 Sed
2031 4583 2265 4652 amplius
2301 4582 2559 4653 quiddam
2617 4600 2777 4653 quam
2824 4582 3135 4652 superiores
3172 4597 3363 4636 omnes
3413 4580 3468 4634 in

1894 4674 2149 4743 Opinione
2187 4689 2285 4730 sua
2324 4674 2526 4745 posuit.
2588 4673 2801 4730 Etenim
2839 4675 2931 4744 qui
2960 4690 3025 4728 ex
3078 4688 3267 4728 eormn
3308 4687 3471 4742 grege

1892 4767 2143 4822 morituri
2197 4776 2345 4833 sunt,
2388 4768 2736 4823 occasionem
2788 4775 2984 4822 nactus
3029 4782 3059 4820 a
3104 4764 3315 4831 Marco,
3358 4781 3469 4820 non

1892 4860 2081 4915 eodem
2118 4871 2300 4915 tamen
2352 4876 2461 4932 quo
2521 4860 2625 4916 iste
2682 4860 2843 4914 modo
2897 4860 3143 4928 redimit;
3181 4859 3275 4914 sed
3307 4859 3466 4914 aliam

1892 4952 2183 5023 quamdam
2223 4952 2496 5022 ejusmodi
2540 4953 2594 5005 in
2633 4950 2867 5007 salutem
2924 4949 3239 5004 vindicandi
3294 4949 3469 5004 ratio-

1892 5058 2018 5098 nem
2082 5043 2357 5098 observat.
2415 5042 2555 5097 Sunt
2620 5041 2764 5097 enim
2810 5057 2877 5095 ex
2934 5041 3068 5110 ipsis
3122 5040 3313 5111 aliqui,
3372 5040 3467 5110 qui

1891 5136 2070 5190 oleum
2100 5150 2240 5206 aqua
2270 5143 2627 5205 temperatum
2652 5134 2817 5205 capiti
2838 5134 3119 5190 morientis
3134 5142 3463 5204 aspergunt;

1892 5238 2228 5300 unguentum
2294 5229 2405 5296 alii,
2469 5228 2615 5301 quod
2673 5228 3083 5301 opobalsamum
3142 5236 3356 5295 vocant,
3412 5231 3464 5282 et

284 5433 301 5465 ⁸
322 5432 680 5504 Transposita
710 5432 813 5489 ista
836 5443 982 5492 sunt.
1020 5431 1160 5506 Lege
1186 5436 1392 5507 χεῖρας.
1420 5434 1511 5489 τὸν
1535 5435 1593 5489 δὲ
1614 5433 1786 5490 ὲκατδι

1891 5435 1978 5505 φο.
2005 5436 2097 5489 καὶ
2121 5436 2250 5490 ποτὲ
2280 5437 2407 5508 μέν.

284 5652 396 5722 (43)
436 5650 851 5722 Λυτρούμενος
891 5651 1091 5723 δῆθεν.
1121 5639 1404 5727 Λύτρωσις
1440 5656 1528 5711 illa
1563 5654 1786 5726 baptisn‘.

1901 5663 2020 5712 erat
2052 5657 2131 5721 εἰς
2164 5655 2429 5729 λυτρωσιν
2460 5657 2763 5731 ἁμαρτιῶν.
