3772 6188
340 230 446 286 διδ

1764 227 1821 282 S.
1861 219 2206 276 EPIPHANII

3540 213 3644 269 636

337 361 564 417 aquam,
597 347 941 403 invocatione
971 347 1194 418 quidem
1249 347 1438 403 eadem
1471 354 1723 409 utuntur,
1763 356 1928 416 quam

2052 337 2348 402 ἐξελθόντος
2367 352 2379 367 ’
2407 338 2456 390 οἱ
2491 334 2547 389 δέ
2583 353 2655 406 μυ
2666 351 2754 406 ρον
2773 376 2786 400 ,
2810 335 2871 387 τὸ
2897 333 3188 404 λεγόμενον
3221 332 3638 402 οποϐάλσαμον,

338 451 392 492 ct
426 437 667 492 Marcum
686 440 1005 496 adhibuisse
1037 439 1350 504 docuimus,
1393 439 1741 508 paucissimis
1765 452 1930 492 voca-

340 529 483 584 bulis
517 528 816 595 adjunctis.
875 531 949 584 Ea
999 547 1164 602 porro
1199 542 1282 586 est
1327 531 1684 601 hujusniodi:
1736 528 1929 596 Mesia,

338 621 530 689 upliar,
579 638 962 692 egnamempsae
1016 622 1383 690 nienclialdia,
1458 640 1721 687 nossome,
1778 621 1928 684 doce,

339 713 654 782 acpliaram,
688 730 930 783 epseuva,
970 713 1100 768 Jesu
1140 715 1391 768 nazaria.
1438 717 1570 781 Quae
1616 713 1839 784 quidem
1866 727 1933 769 eo

337 806 576 860 consilio
634 805 864 871 faciunt,
903 815 962 862 ut
1014 808 1108 879 qui
1161 808 1267 863 sub
1315 808 1522 862 exitum
1556 808 1682 862 vita:
1727 807 1932 862 talibus

337 898 878 969 comprecationibus
919 901 1184 956 instructi
1234 901 1438 954 fuerint
1487 914 1612 955 cum
1671 914 1813 969 aqua
1879 907 1933 954 et

338 991 482 1054 oleo,
547 991 664 1046 sive
712 999 992 1063 unguento
1051 992 1403 1059 commistis,
1461 1007 1491 1045 a
1553 990 1934 1061 superioribus

339 1078 737 1150 principatibus
799 1095 864 1137 ac
909 1081 1276 1151 potestatibus
1340 1081 1586 1136 coerceri
1653 1079 1934 1150 viderique

337 1183 642 1246 nequeant;
695 1184 858 1248 atque
915 1187 974 1232 ut
1025 1177 1254 1234 interior
1295 1177 1544 1248 ipsorum
1602 1177 1766 1232 homo
1800 1192 1931 1231 sur-

337 1282 463 1322 sum
530 1267 705 1339 possit
741 1283 771 1323 a
820 1269 1042 1325 nemine
1105 1277 1437 1340 conspectus
1481 1270 1732 1326 evadere.
1769 1268 1934 1342 265

337 1360 550 1432 Quippe
616 1361 944 1432 corporibus
1005 1362 1127 1418 istis
1227 1369 1456 1418 censent
1531 1377 1657 1418 cum
1723 1363 1932 1431 reliqua

339 1454 492 1509 omni
543 1460 799 1509 creatura
859 1452 1102 1521 relictis,
1149 1453 1431 1508 evolantes
1493 1453 1621 1508 hinc
1682 1453 1930 1524 ipsorum

339 1544 554 1600 animas
583 1543 869 1599 Conditori
889 1544 982 1615 qui
1006 1544 1059 1598 in
1085 1543 1302 1600 defectu
1345 1554 1620 1607 versatur,
1645 1547 1927 1610 assistere,

340 1635 655 1706 ibidemque
705 1635 849 1706 apud
901 1637 1054 1691 illum
1082 1637 1432 1692 Commorari.
1473 1635 1580 1692 Sed
1607 1637 1924 1693 interiorem

340 1727 642 1794 hominem,
679 1728 772 1798 qui
805 1728 987 1783 anima
1019 1729 1136 1799 ipsa
1191 1744 1532 1801 corporeque
1571 1730 1749 1801 magis
1794 1731 1926 1784 inti-

341 1833 466 1874 mus
503 1826 611 1883 est,
634 1818 802 1874 altius
848 1819 1260 1890 eli‘erri;quem
1307 1836 1374 1876 ex
1416 1821 1688 1890 superiori
1749 1819 1932 1876 Plero-

341 1916 491 1965 mate
531 1909 840 1965 derivatum
866 1911 1212 1967 existimant.

410 1999 499 2055 Ill.
539 1998 811 2056 Caeterum
838 2018 978 2074 quos
1001 2002 1068 2057 ad
1103 2017 1229 2058 eum
1260 2002 1482 2059 modum
1515 2004 1813 2070 illuserint,
1847 2004 1924 2058 ita

339 2093 618 2150 cohortari
670 2096 868 2151 solent.
920 2095 1044 2161 Ubi,
1084 2096 1364 2167 inquiunt,
1393 2098 1460 2152 ad
1507 2098 1848 2168 principatus
1877 2107 1932 2152 et

339 2193 643 2256 potestates
675 2198 798 2257 post
839 2187 1050 2242 obitum
1096 2188 1354 2252 evolaris,
1397 2197 1671 2244 memento
1710 2189 1826 2242 haec
1852 2189 1928 2241 uti

338 2277 505 2332 verba
535 2277 782 2348 proferas
815 2296 828 2333 :
857 2277 968 2351 Ego
1009 2279 1153 2349 ﬁlius
1183 2296 1217 2332 a
1247 2278 1433 2344 Patre,
1476 2289 1525 2334 et
1550 2296 1610 2334 eo
1642 2279 1821 2343 Patre,
1843 2280 1933 2350 qui

340 2381 464 2425 ante
495 2386 672 2425 omnes
710 2373 939 2438 exsistit,
977 2389 1039 2426 ac
1075 2373 1324 2440 praesenti
1359 2383 1587 2442 tempore
1617 2372 1762 2441 filius
1792 2371 1928 2435 veni,

341 2471 401 2516 ut
429 2462 608 2516 omnia
664 2471 772 2516 tam
815 2463 1012 2526 aliena,
1043 2479 1202 2533 quam
1249 2464 1459 2533 privata
1503 2479 1788 2525 cernerent,
1840 2477 1932 2515 nec

340 2553 552 2606 omnino
583 2562 760 2608 tamen
791 2553 1006 2618 aliena;
1045 2553 1136 2608 sed
1169 2552 1239 2608 ad
1267 2553 1560 2610 Achamoth
1590 2553 1928 2624 pertinentia,

339 2661 458 2716 qua:
473 2662 589 2700 cum
621 2646 818 2715 femina
845 2647 935 2709 sit,
966 2645 1068 2700 sibi
1094 2646 1199 2700 ista
1228 2645 1536 2715 fabricavit.
1579 2644 1740 2714 Origo
1771 2658 1932 2713 porro

339 2753 458 2792 mea
480 2746 557 2792 est
591 2737 655 2792 ab
683 2753 744 2792 eo
776 2737 958 2804 ducta,
989 2740 1079 2809 qui
1124 2747 1246 2792 ante
1277 2754 1456 2793 omnes
1487 2737 1723 2801 exsistit,
1770 2749 1934 2804 eoque

339 2845 578 2897 rursum,
618 2829 756 2884 unde
777 2839 924 2884 ortus
966 2846 1106 2897 sum,
1126 2830 1413 2902 regredior.
1458 2829 1590 2896 Quae
1619 2843 1743 2883 cum
1778 2827 1933 2882 dixe-

339 2920 434 2986 rit,
453 2919 685 2976 subinde
726 2935 756 2975 e
787 2921 1149 2990 potestatibus
1175 2930 1443 2992 ereptum,
1473 2920 1538 2974 ad
1555 2920 1930 2985 Conditorem,

2038 432 2132 484 καὶ
2175 429 2341 500 ὕδωρ
2385 428 2496 501 τὴν
2518 429 2700 500 μέντοι
2731 427 3018 499 ἐπίκλησιν
3061 429 3244 498 κοινὴν
3274 428 3530 497 ἔχοντες,
3567 427 3639 487 ὡς

2033 524 2098 596 δὴ
2125 524 2219 577 καὶ
2243 526 2270 577 ὁ
2293 523 2398 592 πρὸ
2425 522 2590 577 αὐτοῦ
2608 522 2835 593 Μάρκος
2864 523 3117 584 ἐποιεῖτο,
3148 521 3286 592 μετὰ
3313 520 3637 590 προσθήκης

2033 618 2197 671 τινῶν
2231 616 2538 688 ὀνομάτων.
2580 617 2644 669 Ἠ
2678 614 2735 669 δὲ
2771 614 3060 686 ἐπίκλησίς
3107 616 3252 667 ἐστιν
3300 615 3484 684 αῧττγ
3525 615 3637 666 Με-

2033 709 2140 763 σία
2165 748 2179 770 ,
2211 708 2406 777 οὐφὰρ
2431 748 2445 774 ,
2493 707 2844 778 ἐγναμεμψίι
2865 748 2878 771 ,
2901 707 3269 778 μενχαλδία,
3310 705 3633 774 νοσσομὴ,

2034 800 2179 853 ὃαὲκ
2198 839 2213 862 ,
2243 799 2522 870 ἁκφαρὰν
2543 842 2558 867 ,
2591 799 2888 868 ἐψευούα,
2928 800 3124 866 Ἰησοῦ
3152 799 3424 869 ναζὶιρία.
3466 797 3634 854 Τοῦτο

2033 890 2089 944 δὲ
2122 891 2388 959 ποιοῦσιν,
2432 893 2519 946 ἵνα
2557 891 2717 963 δῆθεν
2745 892 2793 948 οἱ
2825 892 3194 964 λαμϐάνοντες
3225 892 3320 945 ἐπὶ
3362 895 3434 963 τῇ
3471 892 3632 962 ἐξόδῳ

2033 983 2240 1048 ταύτας
2295 985 2396 1049 τὰς
2444 985 2801 1058 ἐπικλήσεις,
2846 984 2946 1051 τάς
2983 985 3120 1057 μετὰ
3163 984 3257 1039 τοῦ
3300 985 3504 1049 ὓδατος
3542 988 3632 1038 καὶ

2035 1073 2216 1127 ἐλαίου
2238 1114 2253 1138 ,
2285 1075 2406 1146 ἦτοι
2439 1073 2634 1146 μύρου,
2672 1076 3157 1147 ἀναμεμιγμένων,
3192 1077 3506 1147 ἀκράτητοι
3544 1078 3633 1144 γέ-

2034 1183 2253 1232 νωνται,
2289 1167 2382 1219 καὶ
2416 1167 2636 1238 ἀόρατοι
2665 1170 2786 1231 ταῖς
2823 1168 2935 1222 ἄνω
2962 1168 3158 1239 ἀρχαῖς
3201 1170 3297 1222 καὶ
3321 1169 3631 1235 ἐξουσίαις,

2034 1260 2114 1324 εἰς
2139 1258 2200 1312 τὸ
2224 1259 2530 1332 ὑπερϐῆναι
2561 1260 2811 1334 ἀοράτως
2854 1262 2945 1315 τὸν
2971 1262 3079 1316 ἔσω
3106 1262 3287 1316 αὐτῶν
3316 1263 3628 1334 ἄνθρωπον,

2036 1352 2220 1421 φασὶν,
2252 1352 2328 1416 ὡς
2354 1353 2462 1406 τῶν
2487 1354 2757 1424 σωμάτων
2786 1354 2990 1408 τούτων
3037 1356 3096 1409 ἐν
3237 1355 3421 1409 κτίσει
3463 1373 3628 1408 κατα-

2033 1441 2484 1513 λιμπανομένων·
2518 1445 2618 1516 τῆς
2670 1445 2726 1499 δὲ
2755 1445 2937 1516 ψυχῆς
2986 1445 3166 1500 αὐτῶν
3210 1447 3625 1517 παρισταμένης

2033 1535 2112 1606 τῷ
2168 1537 2500 1608 Δημιουργῷ
2551 1538 2660 1591 ἄνω
2715 1539 2794 1609 τῷ
2845 1539 2904 1593 ὲν
2953 1539 3300 1610 ὑστερήματι
3353 1539 3623 1608 γεγονότι,

2035 1625 2176 1680 ὥστε
2208 1629 2305 1682 καὶ
2340 1631 2516 1683 ἐκεῖσε
2566 1631 2892 1702 καταμένειν
2934 1633 3064 1703 παρ’
3110 1632 3284 1703 αὐτῷ.
3327 1633 3629 1702 ’Υπεραναο

2035 1717 2241 1773 ϐαίνειν
2274 1718 2365 1782 δὲ,
2400 1719 2476 1783 ὡς
2513 1719 2651 1792 ἔφην
2676 1760 2690 1785 ,
2726 1720 2817 1774 τὸν
2869 1720 2978 1776 έσω
3023 1721 3312 1791 ἄνθρωπον
3360 1719 3626 1788 ἐσώτερον

2032 1808 2211 1880 ψυχῆς
2249 1811 2344 1864 καὶ¹
2385 1810 2672 1883 σώματος·
2713 1812 2772 1867 ὃν
2819 1813 2884 1885 δὴ
2940 1812 3152 1868 θέλουσι
3195 1814 3380 1882 λέγειν
3429 1815 3495 1866 ἐκ
3539 1811 3626 1865 τοῦ

2033 1901 2239 1955 ἄνωθεν
2270 1901 2646 1974 Πληρὼματος
2678 1903 3124 1973 κατεληλυθέναι.

2104 1994 2177 2046 Γ’.
2231 1995 2643 2063 Ἐγκελεύονται
2688 1996 2746 2048 δὲ
2797 1997 2911 2059 τοῖς
2947 1995 3090 2050 οὕτω
3128 1997 3262 2066 παρ’
3297 1996 3488 2059 αὐτοῖς
3539 1997 3626 2065 ἐμ-

2035 2087 2457 2157 πεπαιγμένοις,
2500 2088 2583 2140 ὅτι
2611 2087 2776 2159 φησίν
2796 2106 2808 2118 ο
2839 2087 2966 2140 Ἐὰν
2993 2088 3155 2159 ἔλθῃς
3186 2090 3281 2141 ἐπὶ
3316 2088 3420 2151 τὰς
3459 2091 3626 2158 ἀρχὰς

2035 2179 2129 2232 καὶ
2178 2179 2460 2245 ἐξουσίας,
2495 2179 2584 2251 ἔχε
2630 2181 2688 2232 ἐν
2725 2181 2918 2254 μνήμῃ
2959 2181 3084 2234 τάδε
3135 2184 3312 2234 εἰπεῖν
3358 2181 3504 2252 μετὰ
3536 2180 3628 2251 τὴν

2035 2271 2284 2326 ἐντεῦθεν
2308 2272 2596 2345 τελευτήν·
2639 2272 2788 2343 Ἐγὼ
2809 2275 2940 2340 υἱός
2969 2274 3086 2327 ἀπὸ
3115 2273 3368 2341 Πατρύς.
3404 2273 3628 2341 Πατρὸς

2034 2367 2327 2433 προόντος
2350 2405 2365 2430 ,
2391 2365 2522 2432 υἱὸς
2551 2365 2620 2418 δὲ
2658 2366 2729 2419 ἐν
2771 2363 2852 2431 τῷ
2880 2366 3131 2434 παρόντι
3151 2407 3166 2429 ,
3202 2363 3400 2436 ἦλθον
3435 2366 3628 2420 πάντα

2039 2457 2186 2511 ἰδεῖν
2219 2456 2292 2510 τὰ
2325 2456 2616 2526 ἀλλότρια
2649 2458 2745 2510 καὶ
2781 2459 2853 2511 τὰ
2881 2457 3001 2512 ἴδια
3021 2473 3034 2488 ⁸
3060 2459 3157 2511 καὶ
3182 2461 3297 2513 οὐκ
3334 2460 3625 2525 ἀλλότρια

2035 2549 2103 2602 δὲ
2131 2547 2441 2616 παντελῶς
2460 2591 2474 2616 ,
2513 2549 2675 2604 ἀλλὰ
2699 2549 2810 2619 τῆς
2853 2551 3122 2622 Ἀχαμὼθ
3142 2592 3157 2618 ,
3190 2552 3326 2619 ἣτις
3351 2552 3486 2606 ἐστὶ
3514 2552 3627 2617 θή-

2034 2645 2204 2708 λεια,
2259 2641 2358 2696 καὶ
2405 2641 2594 2696 ταῦτα
2621 2643 2807 2712 ἑαυτῇ
2845 2645 3118 2713 ἐποίησε.
3157 2644 3408 2713 Κατὰγω
3457 2643 3526 2697 δὲ
3564 2645 3624 2698 τὸ

2035 2733 2212 2805 γένος
2237 2735 2306 2791 ἐκ
2331 2734 2438 2789 τοῦ
2466 2737 2759 2806 προόντος
2784 2777 2800 2805 ,
2830 2736 2930 2790 καὶ
2962 2738 3291 2807 πορεύομαι
3318 2737 3510 2790 πάλιν
3543 2741 3624 2803 εις

2036 2827 2110 2881 τὰ
2148 2826 2304 2892 ἴδια,
2336 2827 2476 2881 ὅθεν
2506 2828 2800 2896 ἐλήλυθα.
2849 2829 2960 2882 Καὶ⁹
3009 2829 3184 2883 ταῦτα
3219 2829 3477 2894 εἰπόντα,
3516 2829 3627 2882 δια-

2038 2920 2265 2996 φεύγειν
2292 2921 2393 2986 τὰς
2428 2921 2699 2989 ἐξουσίας,
2724 2922 2980 2994 ἔρχεσθαι
3015 2922 3072 2976 δὲ
3097 2924 3191 2977 ἐπὶ
3217 2925 3346 2988 τοὺς
3381 2925 3511 2990 περὶ
3538 2924 3625 2975 τὸν

339 3011 573 3083 ejusque
631 3012 929 3081 stipatores
994 3010 1244 3081 adusque
1304 3012 1538 3082 primam
1613 3009 1927 3081 Ogdoadem

2052 3011 2382 3084 ⁵ημιουργδν
2418 3011 2531 3067 ἀνω
2569 3013 2701 3085 περὶ
2745 3013 2844 3085 τὴν
2891 3013 3114 3086 πρώτην
3168 3016 3452 3082 Ὄγδοάδα.
3499 3015 3626 3068 Βού-

340 3101 550 3160 efferri.
582 3099 868 3171 Siquidem
922 3107 1049 3171 post
1106 3099 1424 3156 Creatorem
1459 3099 1623 3154 etiam
1663 3099 1753 3154 isti
1786 3099 1929 3154 infe-

341 3194 548 3252 riorem
598 3208 724 3248 esse
788 3191 984 3248 volunt
1051 3191 1484 3257 hebdomadem,
1536 3191 1826 3262 ipsumque
1875 3193 1932 3247 in

343 3282 662 3356 septenario
717 3291 969 3343 octavum
999 3296 1143 3347 esse,
1194 3281 1290 3337 sed
1327 3280 1384 3335 in
1418 3279 1636 3338 defectu
1669 3288 1725 3336 et
1771 3282 1931 3353 igno-

341 3374 525 3432 rantia
583 3375 966 3430 constitutum.
991 3371 1198 3428 Jubent
1227 3372 1394 3443 igitur
1423 3389 1571 3437 eum,
1599 3373 1692 3444 qui
1723 3389 1787 3428 ex
1831 3375 1935 3431 hac

343 3463 457 3520 vita
486 3462 824 3529 discesserit,
856 3463 1174 3519 Creatorem
1233 3463 1463 3534 ejusque
1518 3465 1750 3521 comites
1785 3465 1930 3520 hunc

345 3555 405 3612 in
423 3557 644 3612 modum
678 3557 920 3628 alloqui:
961 3553 1070 3612 Vas
1103 3571 1205 3626 ego
1251 3570 1373 3611 sum
1405 3556 1705 3626 pretiosum
1737 3559 1932 3630 magis,

347 3662 514 3720 quam
569 3647 772 3703 femina
820 3649 912 3703 illa
947 3663 1069 3719 qua:
1110 3662 1208 3702 vos
1263 3647 1528 3702 condidit.
1563 3647 1620 3702 Si
1686 3652 1929 3706 radicem

347 3755 506 3798 suam
541 3750 724 3796 vestra
753 3749 926 3798 mater
985 3742 1222 3812 ignorat,
1243 3756 1344 3811 ego
1383 3742 1508 3796 novi
1536 3756 1622 3796 me
1650 3743 1850 3813 ipsum,
1881 3752 1936 3798 et

347 3831 497 3887 unde
527 3831 630 3886 sim
662 3831 815 3898 scio;
843 3839 1010 3902 atque
1067 3831 1442 3900 incorruptam
1475 3833 1805 3905 sapientiam
1843 3835 1931 3889 in-

345 3932 507 3983 voco,
549 3933 671 3990 qua:
701 3920 844 3975 inest
875 3921 928 3975 in
959 3920 1139 3982 Patre,
1181 3922 1487 3992 matrisque
1532 3931 1731 3978 vestrae
1760 3933 1936 3981 mater

346 4020 452 4076 est,
477 4012 600 4083 ejus
638 4030 760 4084 quae
799 4022 1029 4069 matrem
1067 4031 1177 4070 non
1208 4015 1393 4078 habet,
1427 4031 1492 4070 ac
1523 4033 1592 4072 ne
1638 4017 1932 4088 conjugem

347 4103 575 4176 quidem
639 4121 882 4173 marem;
925 4107 1018 4162 sed
1065 4122 1096 4162 ο
1143 4108 1346 4163 femina
1405 4115 1532 4163 nata
1577 4109 1778 4165 femina
1837 4127 1935 4168 vos

345 4198 641 4269 produxit,
683 4200 878 4255 matris
920 4201 1108 4272 ignara
1162 4216 1310 4266 suae,
1360 4218 1528 4272 seque
1587 4219 1710 4259 esse
1757 4205 1932 4260 solam

345 4289 694 4345 existimans.
722 4292 792 4344 At
833 4307 932 4364 ego
978 4299 1209 4348 matrem
1265 4293 1386 4364 ejus
1443 4295 1674 4366 appello.
1723 4296 1934 4363 Quibus

2037 3104 2219 3158 λονται
2244 3106 2354 3178 γὰρ
2380 3109 2474 3161 καὶ
2499 3107 2654 3160 αὐτοὶ
2689 3108 2827 3178 μετὰ
2852 3109 2944 3162 τὸν
2982 3109 3328 3180 Δημιουργὸν
3361 3110 3516 3164 κάτω
3549 3107 3623 3163 εἷο

2035 3214 2123 3251 ναι
2149 3197 2419 3268 ἑϐδομάδα
2443 3215 2457 3228 ·
2503 3198 2667 3253 αὑτὸν
2693 3198 2748 3252 δὲ
2781 3194 2921 3253 εἶναι
2960 3200 3019 3253 ἐν
3051 3200 3128 3271 τῷ
3157 3201 3374 3273 ἑϐδόμῳ
3419 3202 3621 3272 εγδων,

2039 3291 2098 3343 ἐν
2148 3291 2485 3362 ὑστερήματι
2531 3292 2588 3345 δὲ
2622 3293 2716 3346 καὶ
2749 3293 3028 3365 ἀγνωσέᾳο
3064 3296 3159 3349 καὶ
3192 3295 3375 3364 λέγειν
3421 3299 3485 3349 ἐκ
3521 3295 3624 3350 τῶν

2036 3382 2132 3436 τοῦ
2165 3383 2282 3454 βίου
2313 3382 2596 3448 ἐξελθόντα
2620 3387 2734 3451 τοῖς
2758 3403 2824 3439 πε
2835 3387 2888 3458 ρὶ
2912 3389 3000 3439 τὸν
3023 3389 3368 3460 Δημιουργόν
3393 3405 3407 3419 ·
3430 3389 3624 3452 215%.;

2037 3474 2154 3545 εἰμι
2172 3473 2407 3546 ἔντιμον,
2433 3476 2632 3547 μᾶλλον
2661 3477 2812 3550 παρὰ
2837 3484 2936 3549 τὴν
2957 3478 3178 3550 θήλειαν
3198 3480 3298 3551 τὴν
3324 3482 3622 3554 ποιήσασαν

2038 3567 2202 3637 ὑμᾶς.
2240 3567 2302 3620 Ei
2340 3569 2374 3638 ἡ
2410 3569 2593 3640 μήτηρ
2623 3569 2775 3640 ὑμῶν
2821 3571 3009 3640 ἀγνοεί
3049 3572 3149 3643 τὴν
3193 3573 3401 3643 ἑαυτῆς
3450 3572 3618 3645 ῥίζαν,

2040 3657 2150 3726 ἐγὼ
2177 3653 2292 3711 οἶδα
2321 3659 2577 3728 ἐμαυτὸν,
2608 3661 2703 3714 καὶ
2730 3661 2986 3730 γινώσκω
3014 3662 3136 3717 ὅθεν
3168 3665 3287 3734 εἰμί
3309 3683 3322 3696 ·
3373 3666 3472 3718 καὶ⁵
3510 3669 3618 3719 ἐπι-

2039 3749 2313 3824 καλοῦμαι
2351 3752 2451 3826 τὴν
2489 3753 2763 3826 ἄφθαρτον
2796 3755 3033 3825 Σοφίαν,
3089 3757 3213 3828 ἥτις
3254 3759 3406 3812 ἐστὶν
3443 3761 3502 3813 ἐν
3544 3759 3616 3829 τῷ

2037 3845 2234 3916 Πατρὶ,
2269 3846 2453 3918 μήτηρ
2495 3847 2552 3901 δὲ
2590 3847 2689 3919 τῆς
2730 3847 2937 3920 μητρὸς
2963 3847 3116 3920 ὑμῶν
3145 3853 3247 3921 τῆς
3280 3852 3355 3922 μὴ
3395 3853 3615 3923 ἐχούσης

2040 3939 2280 4010 μητέρα,
2336 3938 2451 3994 ἀλλ’
2497 3937 2620 3993 οὔτε
2651 3938 2882 4009 σύζυγον
2929 3940 3168 4012 ἄρῤενα·
3210 3941 3402 4013 θήλεια
3427 3943 3484 3996 δὲ
3521 3945 3615 3997 ὑπὸ

2039 4031 2258 4104 θηλείας
2283 4031 2552 4102 γενομένη
2590 4032 2847 4103 ἐποίησεν
2874 4032 3053 4102 ὑμᾶς,
3095 4032 3368 4102 ἀγνοοῦσα
3400 4035 3492 4088 καὶ
3524 4035 3612 4105 τὴν

2041 4124 2254 4196 μητέρα
2281 4125 2476 4196 αὐτῆς,
2504 4126 2598 4178 καὶ
2624 4124 2859 4179 δοκοῦσα
2883 4124 3080 4196 ἑαυτὴν
3102 4121 3244 4181 εἷναι
3273 4126 3464 4197 μόνην.
3483 4126 3613 4196 Ἐγὼ

2035 4217 2093 4271 δὲ
2125 4217 2491 4288 ἐπικαλοῦμαι
2530 4217 2700 4286 αὐτῆς
2731 4217 2831 4274 τὴν
2869 4218 3098 4290 μητέρα.
3131 4219 3399 4284 Τούτους¹
3424 4221 3478 4274 δὲ
3498 4223 3611 4284 coit;

2037 4311 2170 4383 περὶ
2201 4311 2294 4364 τὸν
2323 4310 2665 4382 Δημιουργὸν
2710 4309 3049 4375 ἀκούσαντας
3095 4313 3301 4383 σφόδρα
3356 4315 3612 4384 ταραχθῆ·

345 4381 555 4439 auditis
583 4385 864 4442 Creatoris
895 4387 1189 4441 factionem
1218 4402 1546 4458 magnopere
1597 4389 1928 4460 perturbari,

2052 4421 2150 4467 ναι,
2183 4404 2276 4458 καὶ
2300 4402 2644 4473 καταγνῶναι
2675 4403 2854 4457 αὐτῶν
2875 4403 2974 4475 τῆς
2999 4403 3172 4475 ῥίζης,
3199 4407 3294 4460 καὶ
3316 4407 3410 4461 τοῦ
3432 4409 3609 4476 γένους

344 4483 512 4548 atque
540 4478 808 4550 originem
840 4495 1022 4546 suam,
1050 4481 1354 4552 matrisque
1405 4483 1669 4538 damnare
1721 4499 1930 4554 genus;

345 4568 526 4640 ipsum
553 4586 685 4625 vero
718 4571 812 4642 qui
846 4573 951 4627 ista
982 4571 1206 4638 dixerit,
1236 4573 1468 4642 abjectis
1499 4576 1738 4632 vinculis
1791 4578 1929 4645 suis,

343 4671 400 4718 et
430 4665 644 4736 angelo,
691 4666 810 4721 sive
861 4667 1065 4734 anima,
1101 4669 1380 4738 propriam
1432 4669 1487 4724 in
1512 4671 1698 4726 sedem
1748 4678 1931 4726 trans-

346 4754 496 4810 ferri.
562 4755 896 4812 Existimant
924 4759 1071 4812 enim
1137 4763 1443 4815 secundum
1489 4777 1693 4833 corpus
1724 4770 1778 4818 et
1809 4763 1926 4818 ani-

344 4861 491 4900 mam
519 4849 740 4904 tertium
783 4850 1046 4921 quiddam
1101 4851 1156 4907 in
1194 4853 1419 4908 homine
1449 4855 1700 4924 reperiri.
1752 4856 1933 4927 Atque

345 4940 462 4992 haec
501 4949 649 5006 sunt,
668 4957 790 5011 qua:
825 4942 893 4997 de
930 4944 1152 4999 illorum
1203 4946 1585 5017 redemptione
1621 4948 1934 5018 comperire

346 5034 647 5105 potuimus.

423 5126 510 5180 IV.
541 5125 714 5181 Porro
743 5127 999 5199 quisquis
1028 5130 1242 5201 judicio
1259 5133 1424 5200 valet,
1457 5133 1551 5188 ubi
1576 5134 1932 5192 inanissimas

349 5218 514 5274 hasce
542 5235 717 5291 nugas
749 5222 1008 5288 audierit,
1051 5223 1130 5278 sic
1162 5233 1422 5296 tanquam
1460 5227 1659 5285 mimos
1690 5227 1935 5286 fabulas-

349 5328 457 5380 qnc
498 5312 721 5368 ridebit.
752 5313 868 5369 Hoc
906 5316 1052 5371 enim
1084 5317 1302 5373 illorum
1335 5321 1572 5391 quisque
1597 5323 1851 5393 suscipit,
1873 5322 1962 5378 ut'

352 5405 422 5458 ab
448 5405 678 5461 aliorum
712 5405 969 5478 dogmate
1006 5407 1286 5468 diversum
1329 5415 1587 5484 quiddam
1623 5431 1722 5486 pro
1745 5416 1935 5473 volun-

351 5500 481 5554 tatis
506 5516 618 5557 suae
645 5501 874 5560 libidine
897 5504 1139 5571 sentiat;
1169 5521 1271 5563 nec
1301 5509 1412 5565 ulla
1440 5525 1528 5568 res
1553 5510 1715 5583 265
1752 5511 1930 5584 ipsum

432 5657 543 5732 ‘,F.
569 5661 779 5720 τούτου.
855 5665 878 5698 ⁸
909 5662 1068 5721 Corr.
1099 5665 1340 5740 ἐλήλυθε.

2038 4497 2139 4568 τῆς
2193 4496 2426 4568 μητρός’
2465 4496 2627 4552 αὐτὸν
2676 4497 2733 4550 δέ
2782 4495 3112 4569 πορευθῆναι
3146 4499 3229 4562 εἰς
3273 4500 3340 4552 τὰ
3371 4501 3494 4568 ἴδια,
3533 4501 3606 4572 pi-

2038 4589 2218 4658 ψαντα
2253 4588 2346 4642 τὸν
2373 4587 2570 4659 δεσμὸν
2599 4588 2789 4653 αὐτοῦ,
2829 4590 2924 4643 καὶ
2956 4591 3048 4643 τὸν
3082 4589 3337 4660 ἄγγελον,
3376 4593 3603 4646 τουτέστι

2039 4679 2139 4750 τὴν
2179 4677 2380 4751 ψυχήν.
2409 4679 2627 4734 Οἴονται
2668 4679 2768 4752 μὲν
2807 4681 2916 4751 γὰρ
2958 4682 3097 4752 μετὰ
3128 4683 3288 4754 σῶμα
3325 4687 3418 4739 καὶ
3443 4685 3601 4755 ψυχὴν

2038 4765 2179 4824 εἷναί
2206 4789 2259 4826 τι
2293 4771 2387 4826 καὶ
2421 4771 2607 4846 ἕτερον
2655 4774 2712 4825 ἐν
2744 4772 3036 4846 ἀνθρώπῳ.
3072 4776 3184 4829 Καὶ
3228 4779 3358 4848 περὶ
3391 4779 3483 4849 μὲν
3511 4778 3598 4848 τῆς

2038 4859 2472 4952 ἀπολυτρώσεως
2510 4862 2685 4918 ταῦτά
2717 4864 2867 4920 ἐστιν
2899 4866 2999 4922 ὅσα
3032 4869 3110 4932 εἰς
3143 4869 3294 4938 ἡμᾶς
3337 4869 3596 4942 συνεληλύ-

2037 4953 2207 5027 θαμεν
2224 4956 2263 5008 ³.

2108 5137 2184 5193 Δ¹.
2220 5138 2281 5191 Οἱ
2308 5136 2364 5190 δὲ
2395 5136 2642 5205 συνετοὶ,
2676 5139 3120 5205 κατακούσαντες
3161 5143 3262 5214 τῆς
3311 5142 3588 5213 περισσοτέο

2040 5249 2143 5305 ρας
2182 5232 2362 5286 αὐτῶν
2406 5231 2633 5306 χλεύης,
2667 5234 3090 5304 καταγελάσειεν
3123 5235 3224 5307 τῆς
3261 5235 3582 5307 μιμολογίας,

2035 5323 2112 5388 ὡς
2146 5324 2377 5388 ἕκαστος
2405 5325 2584 5378 αὐτῶν
2609 5325 2772 5398 ἕτερα
2800 5327 2952 5400 παρὰ
2981 5328 3074 5380 τὸν
3104 5328 3292 5398 ἕτερον
3320 5325 3579 5398 νομοθετεῖ,

2037 5418 2114 5484 ὡς
2158 5417 2406 5488 βούλεται
2431 5460 2446 5485 ,
2485 5421 2578 5475 καὶ
2609 5420 2710 5492 τῆς
2738 5421 2944 5494 τόλμης
2972 5422 3166 5477 ἑαυτοῦ
3193 5423 3294 5476 οὐκ
3318 5423 3581 5476 avum:-

2037 5526 2129 5564 ται
2149 5526 2163 5541 ·
2196 5509 2334 5567 ἀλλὰ
2357 5511 2568 5582 ὅσαπερ
2598 5510 2824 5568 δύναται
2853 5511 3084 5578 ἕκαστος
3116 5514 3339 5568 ἐπινοεῖ.
3368 5509 3465 5565 Καὶ
3488 5505 3579 5560 τῶν
