3772 6188
126 214 242 270 657

808 223 1175 282 ADVERSUS
1201 228 1541 286 HERESES
1579 231 1706 287 LIB.

1835 232 1983 293 [ΟΜ.
2021 236 2184 293 ΙΙΙ.-
2211 237 2479 297 ΠᾹΞΒΕὸ.
2525 241 2758 299 XXXVI.

3275 249 3378 306 6:8

125 325 212 382 ἔτι
241 329 320 392 είς
347 327 504 400 δεῦρο
531 335 884 406 γεννωμένων
922 340 1048 410 παρ’
1081 341 1263 406 αὐτοῖς
1295 343 1390 397 καὶ
1415 346 1713 416 ἐπιφυομέ·

1835 363 1848 400 ι
1880 356 2029 404 tanta
2055 352 2360 408 temeritate
2380 352 2682 420 deterreat;
2719 354 2812 410 sed
2835 371 3173 426 quacunque
3204 369 3380 429 potest

124 435 238 472 νων
259 420 309 473 οί
339 421 460 474 καθ’
495 425 706 497 ἡμέραν
739 428 1050 499 εὑρίσκουσί
1083 449 1135 485 τι
1169 434 1355 490 καινὸν
1387 439 1580 502 εἰπεῖν,
1615 439 1710 492 καὶ

127 515 402 582 φαντάσαι
431 518 558 581 τοὺς
592 521 986 592 ἐπαγομένους,
1017 525 1254 595 χαλεπόν
1281 528 1395 581 ἐστι
1424 530 1602 584 πάντα
1639 530 1712 584 τὰ

125 606 337 661 τούτων
370 606 660 682 ζητῆσαιῆ
691 611 945 676 ἐξειπεῖν.
975 616 1138 670 Ὅθεν
1168 620 1576 691 ἀρκεσθήσομαι
1609 622 1714 675 πά-

127 694 216 750 λιν
250 700 363 762 τοῖς
395 701 488 753 καὶ
533 702 662 773 περὶ
699 703 903 776 ταύτης
930 706 1030 775 τῆς
1069 709 1334 779 αἱρέσεως
1367 711 1710 782 εἰρημένοις,

130 786 296 840 ἅτινα
337 789 430 842 καὶ
467 790 546 853 είς
588 791 734 860 ἡμᾶς
763 789 926 863 ἦλθεν
962 795 1255 862 ὑποδεῖξαι.
1302 799 1363 850 Ἦ
1395 798 1450 850 δὲ
1488 799 1710 872 τοιαύτη

125 875 447 932 διδασκαλία
472 879 576 933 τίνι
598 882 698 935 ούκ
731 882 796 936 ἂν
824 884 1002 957 σαφὴς
1026 886 1134 958 εἴη,
1163 889 1239 952 ῶς
1274 887 1444 959 μῦθός
1471 893 1587 944 ἐστι
1617 893 1711 946 καὶ

125 966 301 1040 χλεύη
342 969 403 1022 τὸ
439 973 580 1036 πᾶν;
612 972 782 1028 Πόθεν
813 975 958 1047 γὰρ,
1008 971 1053 1032 ὦ
1105 973 1264 1043 οὗτος
1307 981 1472 1052 σὺ,ἢ
1514 984 1566 1036 οί
1608 983 1714 1054 πρὸ

129 1057 256 1122 σοῦ,
285 1059 346 1113 τὸ
373 1060 534 1132 σῶμα
572 1063 866 1135 είλὴφατε;
895 1065 994 1139 τὴν
1019 1069 1076 1122 δέ
1107 1068 1284 1143 ψυχὴν
1315 1070 1506 1140 πόθεν;
1538 1072 1630 1127 τὸν
1655 1074 1713 1128 δὲ

128 1149 404 1204 ὲσῶτατόν
435 1169 528 1205 σου
560 1153 843 1226 ἄνθρωπον
889 1157 1088 1226 πόθεν;
1126 1163 1237 1218 Καὶ
1266 1166 1314 1218 εί
1362 1165 1461 1236 μὲν
1508 1167 1713 1223 ἀνωθεν

127 1242 246 1296 ἀπὸ
276 1243 369 1296 τοῦ
397 1243 509 1298 ἀνω
541 1247 930 1318 πνευματικοῦ,
951 1250 1027 1314 ὡς
1052 1251 1230 1322 λέγεις
1255 1256 1709 1330 δραματουργῶν,

126 1333 229 1385 καὶ
260 1334 559 1406 ἐπαγγελίᾳ
588 1335 801 1401 ἐλπίδος
825 1340 1124 1409 κεπφώσας
1155 1345 1282 1410 τοὺς
1310 1347 1414 1400 ὑπὸ
1448 1348 1542 1402 σοῦ
1577 1351 1715 1419 ἡπα-

124 1424 423 1495 τημένους,
455 1425 541 1479 ἵνα
566 1425 751 1498 σκοπῷ
780 1444 885 1482 τινι
915 1432 1244 1504 ἐπαρθέντες
1272 1437 1585 1510 ὑποσύρωσι
1604 1440 1622 1470 ¹
1644 1441 1712 1511 τῇ

128 1517 201 1586 σῇ
238 1516 643 1589 γεγοητευμένῃ
675 1517 1088 1594 δραματουργία
1110 1539 1124 1555 ·
1159 1523 1307 1593 λέγε,
1345 1527 1431 1591 τίς
1461 1529 1494 1600 ἡ
1524 1546 1714 1583 κοινω-

125 1606 221 1660 νία
263 1607 356 1660 τοῦ
388 1607 500 1662 ἀνω
538 1609 907 1678 πνευματικοῦ
943 1613 1079 1683 πρὸς
1111 1613 1172 1666 τὸ
1200 1614 1424 1682 ὑλικόν;
1462 1619 1544 1683 τίς
1575 1619 1632 1672 δὲ
1675 1620 1710 1690 ἡ

121 1695 227 1748 τοῦ
272 1695 457 1751 ὑλικοῦ
502 1697 638 1770 πρὸς
676 1699 739 1752 τὸ
765 1698 1028 1770 ψυχικόν;
1072 1703 1188 1767 πῶς
1215 1704 1274 1757 δὲ
1301 1705 1330 1757 6
1373 1708 1712 1780 Δημιουργὸς
1743 1691 1784 1748 Β

123 1787 202 1839 τὰ
234 1787 310 1858 μὴ
343 1788 535 1842 ἑαυτοῦ
568 1789 953 1862 ἐδημιούργει;
986 1791 1104 1857 πῶς
1143 1794 1199 1848 δὲ
1231 1797 1260 1848 ό
1304 1795 1416 1851 ἄνω
1448 1798 1543 1870 τὴν
1580 1802 1711 1872 παρ’

125 1877 301 1930 αὑτοῦ
346 1879 573 1950 δύναμιν
623 1883 1000 1954 πνευματικὴν
1051 1885 1292 1956 παρέσχε
1323 1888 1402 1959 τῷ
1434 1890 1508 1959 μὴ
1537 1891 1716 1956 καλῶς

127 1970 494 2042 ἐργασαμένῳ
539 1971 898 2043 Δημιουργῷ;
943 1973 1113 2027 Πόθεν
1159 1975 1216 2028 δὲ
1281 1979 1309 2030 6
1354 1980 1713 2050 Δημιουργὸς,

126 2062 402 2132 ἀναμίξας
431 2062 492 2114 τὸ
541 2062 734 2115 ἑαυτοῦ
772 2064 1002 2134 ψυχικὸν
1048 2066 1184 2136 μετά
1233 2067 1327 2123 τοῦ
1379 2069 1601 2134 ύλικοῦ,
1647 2074 1712 2142 τῇ

126 2151 235 2222 ὕλῃ
270 2152 468 2222 μᾶλλον
495 2152 757 2222 ἠθέλησεν
787 2154 1156 2226 ὲγκαταδῆσαι
1190 2155 1290 2229 τὴν
1318 2159 1510 2212 ἑαυτοῦ
1555 2160 1716 2215 δύνα-

131 2260 268 2314 μιν;
293 2245 354 2296 Εἰ
373 2244 430 2298 δὲ
454 2244 552 2315 τὴν
579 2243 771 2298 ἐαυτοῦ
795 2244 1024 2316 δύναμιν
1049 2246 1295 2316 βούλεται
1326 2250 1710 2322 ἐγκαταμίξαι,

127 2335 235 2388 οὐκ
296 2336 405 2406 ἄρα
455 2335 707 2406 ἀλλοτρία
739 2337 773 2405 ἡ
817 2334 938 2408 ὕλη.
976 2337 1039 2390 Εἰ
1096 2337 1154 2390 δὲ
1214 2339 1309 2392 καὶ
1365 2339 1511 2393 ἐστιν
1560 2339 1716 2394 ἀλλο-

126 2426 285 2498 τρία,
312 2426 396 2492 τίς
423 2426 569 2499 αύτῷ
596 2428 696 2498 τῆς
726 2428 858 2499 ὕλης
891 2430 1131 2502 παρέσχε
1162 2432 1259 2503 τὴν
1293 2433 1572 2500 ἐξουσίαν;
1608 2433 1719 2487 Καὶ

127 2519 356 2588 πρῶτον
397 2518 520 2587 λέγε
565 2536 692 2590 μοι,
727 2513 772 2573 ὧ
817 2521 1070 2575 ἀπατεὼν
1095 2564 1109 2589 ,
1143 2524 1372 2595 πότερον
1409 2525 1582 2596 μισῶν
1619 2526 1718 2596 τὴν

127 2609 318 2682 ψυχὴν
349 2611 644 2684 κατέδησεν
677 2613 843 2685 αὐτὴν
877 2616 941 2684 τῇ
976 2612 1099 2685 ὒλῃ,
1128 2613 1160 2684 ἢ
1196 2614 1404 2683 ἀγνοῶν
1437 2615 1497 2668 τὸ
1535 2615 1720 2686 ἐσόμε-

129 2720 248 2756 νον.
289 2703 424 2756 Ἀλλ’
460 2700 598 2772 οἶδα,
644 2706 726 2758 ὃτι
777 2705 1056 2777 οὐδέτερον
1103 2705 1308 2759 τούτων
1350 2707 1514 2777 ἐρεῖς.
1548 2705 1719 2778 ’Ὑλην

129 2796 251 2866 γὰρ
282 2796 342 2848 οὐ
377 2795 604 2867 λέγομεν
630 2796 690 2850 τὸ
721 2796 912 2869 σῶμα,
947 2797 1023 2870 μὴ
1055 2797 1271 2865 γένοιτο
1297 2799 1309 2852 ι
1345 2798 1466 2850 οὐδὲ
1499 2797 1597 2861 τὰς
1625 2797 1718 2849 τοῦ

129 2885 277 2939 Θεοῦ
309 2887 536 2952 κτίσεις.
588 2889 751 2943 Ἀλλά
793 2889 924 2961 ὕλην
953 2889 1078 2943 τινὰ
1114 2885 1254 2944 οἶδεν
1285 2891 1318 2960 ἡ
1363 2889 1551 2962 Γραφὴ
1583 2890 1722 2960 μετά

125 2979 343 3050 ταύτην
373 2979 470 3050 τὴν
500 2980 730 3052 φαύλην,
760 2982 840 3044 είς
866 2981 922 3034 δὲ
951 2980 1297 3044 κατασκευὰς
1323 2982 1529 3056 ἑκάστῃ
1555 2983 1718 3056 τέχνῃ

130 3071 235 3126 καὶ
269 3071 535 3143 ἐργασίας
565 3073 901 3145 προκειμένη
921 3075 967 3138 ²,
1001 3073 1168 3146 ἀλλην
1192 3073 1332 3142 τινὰ,
1364 3073 1506 3144 λέγω
1526 3074 1590 3146 δὴ
1619 3074 1718 3147 τὴν

126 3165 202 3219 ἐκ
232 3164 473 3228 διανοίας
507 3165 783 3237 φυομένην
836 3167 1090 3237 ῥυπαρὰν
1119 3166 1436 3238 ἐνθύμησιν,
1468 3169 1564 3220 καὶ
1591 3167 1719 3238 βορ-

127 3253 397 3329 δορώδεις
435 3256 727 3328 λογισμοὺς
771 3257 872 3325 τῆς
913 3259 1205 3330 ἁμαρτίας.
1237 3259 1464 3314 Φύονται
1508 3261 1614 3333 γὰρ
1643 3261 1720 3326 ῶς

125 3352 244 3408 ἀπὸ
279 3351 455 3423 πηλοῦ
493 3352 822 3423 δυσοδμίας³
862 3369 921 3406 τε
966 3355 1059 3407 καὶ
1099 3354 1403 3426 ἀκάθαρτος
1445 3355 1717 3426 ἀποφορὰ,

125 3443 410 3515 λοιμώδης
451 3461 511 3498 τε
548 3443 641 3497 καὶ
664 3443 1033 3517 βορϐορώδης·
1064 3446 1138 3509 ὡς
1167 3448 1195 3498 6
1226 3447 1495 3518 μακάριος
1526 3447 1714 3513 Δαϐὶδ,

127 3534 470 3606 διωκόμενος
508 3534 602 3588 καὶ
644 3533 1062 3606 διαϐαλλόμενος
1106 3534 1250 3607 [ὡς]
1305 3536 1408 3589 ὑπὸ
1465 3536 1716 3608 πονηρῶν

128 3629 234 3683 ἀνθ
245 3628 470 3700 ρώπων,
484 3627 668 3698 ἔλεγεν
687 3646 697 3660 ·
717 3628 1046 3699 Ἑνεπὰγην
1059 3630 1145 3693 εὶς
1159 3628 1180 3658 ⁸
1199 3627 1358 3695 ὕλην
1378 3627 1716 3698 (εἰωβνυθοῦ,

130 3722 234 3773 καὶ
261 3719 333 3774 τὰ
364 3719 514 3790 ἑξῆς.

1815 440 2035 510 impune
2065 443 2601 499 comtniniscitm'.Ac
2630 461 2751 499 cum
2784 447 2837 499 in
2862 446 3181 503 hodiernum
3211 466 3383 520 usque

1813 532 1958 585 diem
1987 534 2054 587 ab
2090 533 2200 588 illis
2218 535 2385 588 multa
2417 536 2780 605 proferantur,
2818 547 3224 609 nascanturque
3253 558 3381 612 por-

1814 631 1985 688 tenta,
2017 625 2108 693 qui
2155 626 2399 694 quotidie
2427 628 2548 680 novi
2567 628 2768 697 aliquid
2794 629 2859 682 ad
2880 629 3186 686 illudendos
3205 633 3381 686 homi-

1813 730 1912 770 nes
1947 714 2289 786 conﬁngunt,
2333 714 2550 772 dillicile
2607 726 2690 774 est
2751 720 3016 774 extricare
3067 723 3269 787 omnia,
3294 723 3380 777 vel

1813 807 2064 862 oratione
2136 808 2446 874 complecti.
2516 795 2694 875 Quare
2739 827 2862 880 qua:
2916 813 2982 866 de
3035 815 3137 868 hac
3187 814 3380 871 haeresi

1814 895 2093 967 disputata
2123 906 2273 966 sunt,
2317 900 2388 956 iis
2416 902 2658 956 contenti
2699 916 2822 957 esse
2849 901 3131 968 debemus,
3169 920 3288 975 quae
3313 905 3382 960 ad

1813 995 2059 1042 nostram
2125 990 2445 1045 memoriam
2530 1000 2917 1062 pervenerunt.
2990 993 3168 1066 Atque
3239 996 3382 1052 hanc

1813 1091 2028 1132 omnem
2068 1077 2283 1132 illorum
2335 1078 2640 1134 doctrinam
2699 1081 2824 1150 quis
2867 1096 2978 1136 non
3035 1097 3214 1139 meras
3256 1097 3380 1138 esse

1813 1167 2025 1224 fabulas
2063 1184 2126 1226 ac
2149 1170 2382 1226 ludibria
2415 1172 2741 1243 perspiciat?
2761 1171 2906 1228 Cedo
2926 1174 3094 1238 enim,
3117 1174 3252 1229 heus
3283 1181 3338 1228 tu
3362 1175 3377 1228 l

1813 1261 2156 1330 majoresque
2212 1262 2329 1327 tui,
2392 1261 2538 1317 unde
2607 1277 2809 1332 corpus
2857 1264 3187 1334 accepistis?
3239 1265 3383 1320 unde

1813 1348 2083 1402 animam?
2122 1349 2266 1404 unde
2318 1350 2634 1406 interiorem
2689 1353 2841 1407 illum
2898 1352 3212 1407 hominem?
3249 1352 3306 1407 Si
3351 1369 3382 1409 a

1815 1440 2095 1509 superiore
2153 1441 2245 1496 illo
2305 1442 2494 1498 nescio
2547 1458 2656 1512 quo
2706 1458 2770 1498 ac
2821 1445 3052 1514 spiritali
3091 1445 3290 1501 habere
3332 1453 3386 1500 te

1815 1529 2040 1595 dixeris,
2073 1546 2168 1602 pro
2194 1546 2258 1587 eo
2299 1548 2362 1587 ac
2400 1535 2618 1589 mentiri
2650 1534 2816 1597 soles,
2849 1542 2902 1589 et
2933 1535 3047 1605 spei
3094 1535 3383 1604 cujusdam

1815 1622 2130 1678 ostensione
2169 1623 2362 1679 illusos
2388 1638 2418 1676 a
2445 1631 2497 1678 te
2520 1624 2774 1679 homines
2821 1622 3012 1678 inﬂare
3033 1663 3048 1690 ,
3099 1640 3207 1695 quo
3233 1625 3385 1695 ejus-

1814 1712 1960 1767 modi
2007 1713 2288 1783 proposito
2309 1713 2412 1769 sibi
2441 1729 2608 1784 scopo
2661 1725 2786 1769 tuas
2826 1715 2892 1769 ad
2923 1715 3230 1786 praestigias
3253 1733 3385 1786 pro-

1812 1804 2118 1873 lectentur;
2145 1805 2527 1869 dic,obsecro,
2559 1820 2680 1876 quae
2728 1806 2799 1860 sit
2842 1807 3082 1862 caelestis
3130 1808 3278 1862 illius
3322 1823 3387 1864 ac

1813 1894 2078 1964 spiritalis
2112 1910 2237 1949 cum
2269 1896 2509 1951 materiae
2533 1905 2790 1951 concreto
2821 1898 3077 1959 societas,
3104 1905 3196 1951 aut
3222 1898 3386 1967 hujus

1815 1999 1942 2039 cum
1985 1987 2242 2054 animali;
2271 1995 2364 2041 aut
2408 2003 2516 2057 quo
2557 1987 2772 2042 tandem
2821 1998 2980 2058 pacto
3003 1988 3229 2044 (lreator
3269 2004 3388 2060 qua:

1815 2076 1883 2131 ad
1914 2091 1975 2132 se
2000 2078 2344 2147 pertinebant
2393 2079 2529 2134 nihil
2567 2078 2894 2134 condiderit.
2927 2079 3039 2136 Cur
3091 2095 3384 2150 supremus

1816 2169 1910 2224 ille
1950 2170 2248 2240 spiritalem
2305 2186 2460 2225 suam
2509 2172 2617 2225 vim
2678 2170 2997 2235 Conditori,
3052 2173 3146 2241 qui
3206 2173 3390 2227 minus

1816 2269 1966 2317 recte
1991 2262 2216 2316 molitus
2237 2269 2375 2325 erat,
2405 2261 2738 2324 attribuerit.
2791 2261 2904 2316 Cur
2942 2262 3085 2318 idem
3117 2263 3205 2317 ille
3229 2261 3379 2317 Con-

1818 2354 1966 2409 ditor
2010 2355 2244 2410 animale
2295 2371 2454 2411 suum
2505 2371 2629 2410 cum
2695 2355 2961 2409 materiali
3021 2353 3389 2409 commiscens

1820 2445 2063 2500 materia?
2089 2457 2252 2515 quam
2285 2445 2517 2500 habebat
2547 2446 2655 2499 vim
2685 2445 2894 2516 illigare
2928 2446 3200 2501 maluerit.
3227 2443 3384 2511 Quod

1822 2534 1869 2590 si
1889 2535 1994 2589 vim
2035 2536 2125 2590 ille
2154 2550 2309 2590 suam
2357 2537 2668 2591 immiscere
2712 2537 2888 2606 cupit,
2917 2551 3024 2591 non
3055 2537 3160 2592 erit
3210 2537 3390 2592 aliena

1821 2627 2070 2680 materia.
2109 2625 2205 2680 Sin
2242 2638 2325 2683 est
2355 2627 2568 2693 aliena,
2626 2629 2752 2698 quis
2794 2627 2841 2683 ei
2869 2628 2962 2698 jus
3009 2628 3063 2681 in
3105 2629 3387 2683 materiam

1821 2725 2255 2787 potestatemque
2288 2719 2603 2774 concessit?
2652 2718 2732 2772 Ac
2776 2719 3012 2788 primum
3072 2717 3205 2772 illud
3259 2719 3391 2772 volo

1823 2810 1957 2863 mihi
1989 2809 2162 2873 dicas,
2184 2810 2469 2879 impostor,
2523 2817 2706 2864 utrum
2738 2811 2934 2864 animm
2964 2808 3218 2864 inductus
3244 2809 3390 2870 odio,

1824 2915 1893 2955 an
1955 2901 2100 2971 quod
2170 2901 2412 2955 futurum
2460 2909 2578 2956 erat
2623 2901 2902 2976 ignorans,
2971 2899 3198 2953 materia
3246 2898 3393 2952 illam

1824 2993 2161 3047 astrinxerit.
2194 2991 2311 3046 Non
2345 2992 2536 3047 dubito
2583 2992 2716 3062 quin
2747 2991 2942 3045 horum
2976 3006 3225 3046 asserere
3259 3006 3394 3045 neu-

1823 3088 1964 3135 trum
1989 3080 2208 3138 audeas.
2237 3079 2432 3135 Procul
2484 3079 2628 3136 enim
2660 3080 2818 3146 absit,
2854 3080 3135 3135 materiam
3168 3087 3220 3134 ut
3257 3095 3385 3136 eor-

1820 3187 1922 3242 pus
1954 3172 2306 3241 appellemus,
2333 3178 2426 3225 aut
2456 3186 2543 3226 res
2582 3185 2610 3224 a
2649 3171 2758 3227 Deo
2808 3171 3078 3226 conditas.
3115 3169 3223 3225 Sed
3254 3169 3394 3225 alte-

1821 3262 1938 3317 rius
1983 3261 2271 3330 cujusdam
2323 3262 2568 3318 materize
2627 3262 2912 3332 Scriptura
2971 3261 3219 3316 meminit
3271 3269 3396 3331 post

1820 3353 1981 3406 vilem
2011 3351 2151 3404 hanc
2172 3358 2225 3405 et
2266 3350 2558 3420 abjectam,
2588 3368 2710 3423 qua:
2741 3352 2966 3408 cuilibet
2997 3351 3103 3405 arti
3131 3352 3396 3421 operique

1820 3446 2167 3515 proponitur.
2191 3441 2517 3513 Cujusmodi
2544 3455 2628 3500 est
2649 3446 2759 3509 ille,
2781 3445 2874 3516 qui
2900 3461 2964 3500 ex
2988 3445 3172 3500 animo
3212 3445 3394 3516 pullus

1822 3539 1922 3602 lat,
1962 3537 2280 3606 inquinatus
2321 3536 2488 3590 animi
2537 3544 2740 3599 motus,
2778 3552 2843 3591 ac
2873 3537 3155 3593 lutulentae
3183 3536 3398 3608 peccati

1821 3628 2210 3699 COgitationes:
2288 3643 2410 3698 quae
2457 3643 2524 3682 ex
2580 3627 2905 3683 fetidissimo
2987 3642 3184 3696 ceno,
3248 3627 3399 3683 velut

1820 3720 2134 3776 teterrimus
2205 3733 2371 3788 vapor
2430 3734 2494 3773 ac
2534 3720 2804 3790 pestilens
2846 3719 3097 3790 spiritus,
3157 3719 3396 3775 exhalat.

130 3813 314 3881 Quam
341 3811 415 3868 ob
447 3827 670 3868 causam
727 3811 921 3867 beatus
983 3810 1074 3865 ille
1121 3807 1311 3874 David,
1356 3822 1480 3864 cum
1519 3823 1644 3864 eum
1702 3812 2066 3868 conscelerati
2127 3811 2379 3867 homines
2443 3817 2909 3882 persequerentur
2981 3825 3047 3866 ac
3109 3809 3399 3866 calumniis

129 3907 514 3970 incesserent,
571 3904 780 3974 Inﬁxus
808 3920 945 3968 sum,
994 3903 1192 3974 inquit,
1221 3904 1274 3956 in
1299 3907 1520 3957 materia
1546 3905 1798 3974 profundi
1819 3907 1863 3973 ⁸,
1886 3915 1992 3962 ctc.
3308 3904 3317 3920 ‘

204 4001 286 4052 E'.
345 3996 562 4068 Ἐπειδὴ
601 3997 659 4050 δέ
707 4014 789 4049 σοι
834 3996 996 4060 δοκεῖ,
1013 3995 1342 4067 Ἡρακλέων,
1377 3995 1535 4049 τοῦτο
1560 3997 1715 4065 λέγε-

132 4091 264 4144 σθαι
316 4088 471 4160 ὓλην,
501 4087 606 4141 τῶν
655 4085 955 4159 ἀνθρώπων
987 4085 1053 4139 τὰ
1090 4086 1335 4158 σώματα,
1366 4089 1458 4140 καὶ
1488 4089 1580 4141 τὸν
1625 4090 1713 4141 ἐν-

129 4183 266 4238 θάδε
321 4181 526 4251 κόσμον
580 4181 821 4235 ἅπανταο
857 4180 950 4232 ἐπὶ
992 4180 1128 4250 ποίῳ
1158 4179 1342 4250 σκοπῷ
1373 4181 1472 4251 τὴν
1520 4179 1714 4234 ἑαυτοῦ

127 4275 320 4346 ψυχὴν
353 4276 384 4327 6
411 4271 747 4346 Δημιουργὺς
779 4275 844 4342 τῇ
893 4271 993 4344 ὕλῃ
1019 4272 1403 4343 ἐγκατέμιξεν;
1435 4273 1496 4324 Εί
1539 4273 1634 4344 μὲν
1657 4271 1717 4324 τὸ
1753 4323 1794 4377 D

127 4366 385 4438 πονηρὸν
417 4366 646 4433 ἀγνοῶν,
677 4365 738 4418 οὐ
767 4364 990 4417 δύναται
1017 4363 1366 4435 δημιουργεῖν
1402 4366 1430 4417 6
1461 4362 1534 4434 μὴ
1559 4361 1721 4432 γινώ-

131 4475 289 4512 σκων
329 4457 359 4510 6
397 4455 641 4527 βούλεται
685 4455 1110 4527 δημιουργῆσαι.
1144 4454 1279 4509 Οὔτε
1313 4455 1421 4526 γὰρ
1468 4457 1628 4526 ἡμεῖς
1666 4472 1720 4508 τι

127 4552 462 4622 πράττομεν
511 4549 631 4603 καθ’
665 4549 900 4619 ἑκάστην
954 4547 1149 4618 τέχνην
1178 4545 1553 4618 ἐργαζόμενοι,
1583 4547 1718 4618 ὅπερ

127 4643 194 4694 οὐ
246 4639 506 4709 νοοῦμεν.
557 4638 668 4693 Καὶ
714 4635 1200 4709 προενθυμούμεθα
1227 4625 1333 4708 γὰρ
1380 4635 1408 4689 6
1457 4637 1722 4690 ἐπιτελεῖν

129 4732 476 4806 βουλόμεθα,
507 4733 604 4787 καὶ
648 4733 869 4802 οἴδαμεν
902 4731 1030 4802 πρὶν
1073 4729 1293 4800 ποιῆσαι
1340 4729 1369 4782 6
1412 4728 1722 4783 ἐπιτελέσαι

129 4825 534 4900 προῃρήμεθα.
564 4824 757 4879 Καίτοι
801 4841 866 4893 γε
910 4825 1069 4895 ἡμεῖς
1118 4821 1363 4885 ἀσθενεῖς
1411 4821 1584 4884 ὄντες,
1628 4820 1722 4873 καὶ

128 4919 320 4975 πολλὰ
344 4917 664 4981 ἀποδέοντες
700 4917 799 4987 τῆς
817 4913 909 4969 τοῦ
937 4913 1071 4968 Θεοῦ
1096 4913 1375 4985 δυνάμεως
1396 4930 1410 4944 °
1439 4913 1526 4966 διὰ
1544 4912 1600 4966 δὲ
1621 4913 1720 4984 τῆς

126 5013 230 5066 ὑπ’
271 5007 444 5064 αὐτοῦ
480 5007 878 5079 κεχαρισμένης
921 5004 1185 5068 συνέσεως
1235 5006 1346 5068 τοῖς
1388 5003 1714 5075 ἀνθρώποις,

125 5106 371 5174 οἴδαμεν
412 5103 507 5156 καὶ
555 5100 803 5172 νοοῦμεν.
854 5098 1176 5170 Συμῦέὸηκε
1223 5097 1282 5151 δέ
1320 5099 1425 5162 σοι,
1477 5091 1524 5150 ὦ
1561 5097 1726 5167 Ἦρα-

125 5197 342 5258 κλέων,
375 5196 410 5265 ἡ
448 5197 513 5247 ἐκ
544 5191 679 5246 Θεοῦ
728 5191 941 5254 σύνεσις
984 5192 1065 5254 εἰς
1097 5190 1299 5261 βλάϐην
1320 5206 1336 5223 °
1363 5189 1444 5242 ὅτι
1480 5188 1556 5260 μὴ
1587 5189 1728 5242 κατά

126 5289 277 5344 Θεὸν
304 5285 478 5356 αὐτὴν
509 5283 894 5358 πραγματεύῃ,
919 5281 1055 5337 ἀλλά
1094 5282 1234 5337 κατά
1277 5280 1519 5353 πονηρὰν
1543 5281 1730 5351 ἐπιτή-

1903 3997 1968 4052 ν.
2005 3996 2207 4052 Verum
2259 3996 2728 4068 quandoquidem,
2782 4011 2816 4051 o
2869 3993 3176 4062 Heracleo,
3221 3995 3398 4067 placet

1821 4091 1921 4146 tibi
1976 4089 2259 4144 materiam
2299 4089 2584 4144 hominum
2633 4104 2758 4146 esse
2804 4103 3067 4158 corpora,
3120 4097 3400 4158 totumque

1823 4183 1967 4237 istud
2017 4183 2331 4237 universum
2368 4201 2381 4237 :
2417 4197 2601 4253 quaero
2639 4183 2736 4236 abs
2776 4189 2830 4237 te
2883 4181 3082 4252 quibus
3119 4181 3186 4236 de
3217 4181 3399 4236 causis

1823 4275 1987 4346 266
2029 4277 2273 4332 animam.
2308 4290 2461 4329 suam
2520 4274 2760 4330 materia;
2812 4273 3040 4329 Creator
3087 4272 3396 4328 inseruerit.

1825 4364 1884 4421 Si
1922 4367 2121 4420 malum
2148 4367 2457 4437 ignoravit,
2483 4368 2574 4436 qui
2605 4366 2750 4436 quod
2783 4366 2962 4420 moliri
3005 4365 3120 4420 vult
3152 4366 3398 4434 ignorat,

1824 4456 2033 4513 allicere
2080 4459 2304 4511 omnino
2353 4457 2490 4511 nihil
2541 4465 2739 4527 potest.
2780 4456 2966 4527 Neque
3013 4457 3156 4511 enim
3193 4470 3294 4510 nos
3344 4455 3401 4508 in

1824 4549 2054 4619 singulis
2094 4549 2301 4604 artibus
2342 4551 2598 4603 molimur
2645 4549 2956 4620 quidpiam,
2991 4546 3137 4618 quod
3172 4563 3278 4600 non
3312 4545 3401 4600 ἰιι·

1825 4640 2140 4712 telligimus.
2188 4640 2464 4711 Quidquid
2503 4648 2685 4696 autem
2724 4639 2985 4711 perlicere
3025 4639 3309 4704 volumus,
3346 4635 3399 4691 id

1826 4732 1919 4787 diu
1962 4741 2087 4786 ante
2142 4732 2476 4787 meditamur
2519 4741 2574 4787 et
2618 4734 2763 4803 quod
2812 4731 3117 4786 faciendum
3153 4730 3402 4799 suscepi-

1828 4840 1972 4891 mus,
1999 4825 2182 4878 animo
2211 4833 2334 4881 ante
2355 4833 2408 4880 et
2439 4825 2750 4896 cognitione
2777 4823 3207 4895 complectimur.
3233 4821 3399 4892 Atqui

1824 4915 2122 4970 imbecilles
2157 4915 2260 4985 ipsi
2301 4931 2521 4982 sumus,
2549 4923 2603 4970 et
2634 4916 2792 4985 longe
2826 4929 2856 4968 a
2890 4914 3072 4969 divina
3134 4919 3402 4984 potestate

1822 5006 2131 5072 vincimur;
2185 5012 2239 5060 et
2291 5014 2472 5060 tamen
2512 5021 2612 5076 pro
2646 5006 2810 5061 insita
2858 5005 2926 5059 ab
2963 5005 3056 5059 illo
3091 5003 3274 5074 generi
3305 5003 3402 5057 hu-

1824 5109 1989 5151 mano
2011 5095 2230 5153 solertia
2264 5097 2517 5152 novimus
2554 5096 2700 5151 istud
2737 5102 2790 5151 et
2823 5101 3001 5150 mente
3044 5093 3399 5164 percipimus.

1827 5187 1949 5243 Tibi
1981 5195 2161 5244 autem
2186 5187 2469 5252 nimirum,
2507 5187 2802 5253 Heracleo,
2837 5202 3101 5242 concessa
3136 5185 3225 5240 illa
3258 5184 3400 5240 divi-

1830 5280 1979 5336 nitus
2001 5280 2356 5352 intelligentia
2384 5279 2560 5334 fraudi
2592 5279 2714 5346 fuit,
2739 5278 2884 5351 quod
2915 5295 3023 5334 non
3051 5294 3117 5335 ex
3140 5277 3231 5333 Dei
3261 5292 3403 5348 pra:-

206 5448 227 5478 ¹
266 5443 429 5498 Corr.
455 5439 786 5514 ύποσυρῶσι.
863 5441 882 5472 ¹
901 5437 1055 5496 Corr.
1085 5436 1468 5510 προκειμένην.
1546 5435 1564 5465 ³
1584 5432 1644 5489 F.
1670 5433 1715 5486 δι

1835 5432 1948 5504 μία.
2028 5433 2049 5464 ⁸
2075 5432 2214 5487 LXX
2249 5432 2362 5489 ίλύν
2391 5434 2750 5505 scripserunt.
2819 5435 2843 5469 '
2875 5433 3020 5492 Psal.
3053 5450 3243 5499 ιινιιι,
3271 5435 3320 5490 5.

235 5629 336 5696 45)
394 5623 730 5695 Ἐνεπάτην
773 5625 859 5691 εις
903 5623 1080 5692 ὕλην.
1116 5621 1323 5677 Vitio'o
1364 5617 1552 5676 codice
1594 5632 1715 5676 usus

1835 5617 2147 5690 tEpiphan.
2188 5616 2322 5674 Nam
2369 5618 2501 5696 ῦΑην
2537 5620 2683 5689 inuti
2725 5617 2888 5677 dubie
2939 5628 3198 5688 corrupm
3297 5623 3400 5678 pro

137 5700 286 5757 ἰλύν.
