3844 6344
376 310 481 369 659
1809 311 1869 366 S.
1902 310 2240 368 EPIPHANII
3534 308 3668 363 640

376 423 620 493 scripto,
655 421 749 479 sed
786 436 853 477 ex
889 422 1128 493 pessimo
1159 422 1326 478 animi
1362 423 1441 478 tui
1481 420 1665 480 studio
1696 438 1949 479 exercere

2069 426 2378 481 ῑευσιν.Ἐτι
2420 425 2476 478 δὲ
2518 425 2678 478 πάλιν
2712 422 2840 495 ἐρῶ,
2878 423 3038 477 πόθεν
3071 422 3221 494 ήτοῦ
3248 423 3665 493 πνευματικοῦ

377 514 526 568 illam
570 514 909 571 institueris!
957 514 1072 570 Hoc
1115 532 1283 571 unum
1331 516 1557 587 insuper
1604 516 1762 571 velim
1817 517 1950 570 mihi

2069 517 2199 581 ιίξις
2246 515 2323 587 τῷ
2370 514 2585 587 ψυχικῷ
2610 534 2669 570 τε
2707 517 2799 569 καὶ
2827 514 3015 585 ὑλικῷ,
3048 515 3076 569 ὃ
3107 514 3321 584 λέγεται
3353 515 3525 586 παρὰ
3562 517 3665 570 σοὶ

375 605 734 674 respondeas,
758 606 1030 662 undenam
1070 607 1339 677 spiritalis
1374 607 1524 662 illius
1545 648 1560 673 ,
1583 622 1743 676 quem
1774 613 1830 662 tu
1866 608 1952 661 in-

2069 608 2159 662 Ξσω
2201 607 2503 680 ἄνθρωπος,
2534 607 2613 679 τῷ
2644 608 2876 679 δευτέρῳ
2904 608 2998 661 καὶ
3019 606 3185 677 τρίτῳ
3217 606 3320 671 ἔξω
3344 604 3665 677 ἀνθρώπῳ

375 697 633 752 teriorem
670 698 942 753 hominem
981 713 1168 765 vocas,
1204 713 1329 753 cum
1361 699 1585 753 animali
1610 713 1675 753 ac
1703 699 1953 754 materia-

2069 702 2385 772 ςυνημμένῳ
2408 701 2449 766 ί,
2468 702 2609 771 φημὶ
2638 701 2702 771 δὴ
2735 700 2878 770 ψυχῇ
2909 699 3003 753 καὶ
3028 697 3269 769 σώματι;
3301 696 3417 751 Καὶ
3443 699 3497 751 εἰ
3542 698 3661 765 μὲν

378 786 414 842 li
436 830 452 855 ,
488 792 605 844 sive
639 790 882 845 secundo
931 803 995 843 ac
1038 791 1236 853 tertio,
1273 788 1639 858 exteriorique
1670 788 1808 843 adeo
1850 789 1951 842 ho-

2069 810 2116 846 LX
2147 792 2482 864 βουλήματος
2515 792 2614 863 τῆς
2640 793 2751 847 ἀνω
2778 792 3059 861 δυνάμεως
3090 790 3184 843 τοῦ
3214 790 3322 842 τῶν
3348 788 3498 842 ὅλων
3526 789 3661 840 Πα-

376 879 527 935 inine
558 881 857 949 conjuncti,
891 881 965 935 sit
997 880 1139 935 facta
1168 880 1469 934 concretio.
1503 880 1558 933 Si
1590 879 1656 934 de
1684 894 1952 949 suprema:

2069 886 2200 956 πρὸς,
2222 886 2365 955 φημὶ
2392 884 2448 937 δὲ
2480 883 2574 938 τοῦ
2610 885 2751 938 κατὰ
2786 884 2844 936 σὲ
2874 881 3066 945 Βυθοῦ,
3101 883 3207 953 ἄρα
3243 898 3308 949 γε
3340 880 3452 933 οῦκ
3480 882 3657 933 ἀκοι-

376 969 625 1033 virtutis,
659 970 763 1025 hoc
804 980 889 1025 est
927 970 1177 1027 Parentis
1211 972 1483 1035 omnium,
1524 986 1684 1041 quem
1716 971 1951 1043 Bythum

2069 974 2287 1046 νώνητος
2334 978 2445 1039 τοῖς
2490 976 2621 1038 ἀνω,
2651 975 2726 1038 ὡς
2774 974 2929 1045 ἔφην,
2962 976 2995 1043 ἡ
3030 972 3261 1025 ἐνταῦθα
3310 972 3444 1042 περὶ
3483 971 3652 1041 ἡμᾶς

377 1060 545 1115 etiam
575 1075 779 1123 vocas,
809 1061 1092 1116 voluntate
1120 1071 1334 1132 gestum
1371 1060 1611 1125 dixeris,
1646 1076 1756 1116 non
1792 1069 1953 1118 erunt

2069 1063 2230 1127 (τίσις
2270 1064 2824 1133 συγκαταμιγνυμένη
2869 1062 2958 1115 διὰ
2991 1063 3088 1131 τῆς
3128 1061 3223 1113 τοῦ
3262 1061 3487 1130 Πατρὸς
3524 1060 3647 1114 ἄνω

377 1152 575 1220 igitur,
622 1159 682 1205 ut
718 1151 926 1206 dictum
944 1162 1060 1215 est,
1101 1161 1299 1208 creatae
1341 1153 1460 1209 ista:
1499 1153 1832 1224 inﬁrmaaque
1866 1169 1953 1209 res

2069 1152 2299 1217 εὐδοκίας
2325 1153 2419 1208 καὶ
2440 1153 2533 1207 τοῦ
2558 1154 2760 1208 ἄνωθεν
2786 1154 2916 1225 παρ’
2946 1153 3107 1205 αὑτοῦ
3136 1152 3645 1223 ωταπεμφθέντος

376 1243 559 1297 omnis
611 1257 735 1297 cum
789 1244 1168 1313 superioribus
1214 1246 1619 1300 communionis
1665 1255 1950 1316 expertes;

2069 1244 2348 1316 τπινοῆρος
2368 1261 2381 1275 ⁴
2411 1246 2439 1297 ὅ
2466 1247 2612 1298 ἐστιν
2631 1248 2658 1299 ὁ
2687 1245 3053 1315 πνευματικὸς
3078 1245 3219 1298 κατὰ
3265 1245 3325 1297 σὲ
3358 1244 3463 1298 καὶ
3497 1243 3644 1297 ὲσώ-

376 1334 724 1403 idipsumque
773 1334 841 1389 de
874 1337 1112 1405 supremi
1147 1334 1398 1391 Parentis
1430 1337 1694 1401 consilio,
1747 1352 1811 1391 ae
1842 1352 1956 1392 em-

2069 1352 2211 1398 τατος
2275 1335 2591 1407 ἀνθρωποςο
2626 1339 2672 1390 εί
2716 1334 2772 1389 δὲ
2820 1335 3000 1404 λέγεις
3038 1335 3128 1389 τὸν
3162 1333 3513 1405 Δημιουργὸν
3544 1333 3640 1386 τὸν

377 1424 511 1480 litus
557 1425 778 1496 delapsa
828 1427 921 1480 illa
979 1427 1216 1482 scintilla
1269 1437 1713 1497 consequentur;
1749 1428 1840 1498 qui
1871 1438 1955 1485 est

2069 1443 2111 1478 εν
2142 1423 2495 1501 ξὲλαττώματι
2545 1425 2639 1477 καὶ
2686 1425 3101 1497 ὑστερήματι,ἣ
3145 1425 3245 1494 τὴν
3294 1423 3537 1495 μητέρα,
3569 1423 3639 1493 ἣν

376 1513 605 1571 intimus
655 1517 746 1572 ille
782 1517 1042 1587 opinione
1077 1526 1170 1571 tua
1221 1533 1287 1572 ac
1334 1519 1597 1588 spiritalis
1636 1520 1817 1574 homo.
1856 1520 1953 1575 Sin

2069 1515 2228 1585 ιέγεις
2264 1512 2516 1585 ἄχαμὼθ,
2540 1514 2820 1586 εἰληφέναι
2852 1515 3057 1571 ἄνωθεν
3091 1515 3340 1585 δύναμιν,
3376 1513 3638 1567 τουτέστι

377 1604 731 1663 Conditorem
773 1609 944 1663 mavis
994 1610 1051 1663 in
1086 1609 1303 1663 defectu
1342 1620 1507 1679 atque
1549 1616 1789 1678 egestate
1819 1624 1952 1664 con-

2069 1605 2112 1660 ςδ
2154 1606 2549 1676 πνευματικόν·
2599 1607 2785 1661 οὐκέτι
2836 1609 2892 1661 ὲν
2938 1610 3275 1680 ὑστερήματι
3306 1609 3401 1661 καὶ
3438 1606 3640 1678 ἀγνοίᾳ

377 1695 665 1763 stitutum,
714 1706 809 1752 aut
847 1699 969 1768 ejus
1008 1706 1238 1753 matrem
1263 1739 1278 1763 ,
1322 1714 1485 1769 quam
1513 1699 1813 1754 Achamoth
1855 1716 1955 1755 no-

2069 1699 2199 1752 :mlv
2224 1700 2251 1751 ὁ
2276 1700 2635 1770 Δημιουργὸς,
2663 1697 2785 1752 οὔτε
2814 1701 2847 1769 ή
2884 1700 3024 1753 κατά
3053 1700 3111 1752 σὲ
3147 1700 3327 1769 μήτηρ
3353 1697 3639 1767 καλουμέ-

377 1787 596 1853 minas,
649 1788 760 1841 vim
817 1788 966 1842 illam
1004 1789 1258 1845 hausisse
1302 1791 1370 1844 de
1404 1789 1572 1854 coelo,
1625 1790 1727 1844 hoe
1772 1789 1949 1859 ipsum

2069 1806 2138 1860 ιη.
2164 1789 2289 1853 Πῶς
2314 1788 2421 1860 γὰρ
2446 1788 2510 1842 ἄν
2541 1806 2625 1852 τις
2651 1790 2708 1840 ὲν
2742 1788 2933 1859 ἀγνοίᾳ.
2966 1789 3050 1860 εἴη
3089 1788 3297 1853 τούτου,
3328 1782 3390 1842 οῦ
3435 1787 3636 1841 ἐπιθυ-

377 1876 632 1933 videlicet
681 1878 829 1948 quod
884 1880 1130 1950 spiritale
1158 1889 1270 1944 est,
1305 1881 1553 1950 sequitur
1594 1895 1770 1950 neque
1805 1879 1950 1935 Con-

2069 1882 2162 1933 ιεῖ.
2195 1880 2256 1932 Εἰ
2283 1880 2392 1950 γὰρ
2432 1880 2568 1941 ὅλως
2617 1878 2709 1932 τοῦ
2752 1880 3056 1951 κρείττονος
3106 1878 3379 1949 ὀρέγεται,
3408 1873 3520 1931 οἶδε
3573 1877 3638 1931 τὸ

378 1968 648 2032 ditorem,
682 1985 860 2039 neque
886 1987 1049 2043 quam
1091 1980 1150 2026 tu
1194 1980 1423 2027 matrem
1454 1972 1600 2027 illius
1632 1987 1948 2040 nuncupas,

2069 1971 2217 2025 ιαλὺν
2268 1970 2359 2024 καὶ
2399 1970 2621 2039 ἀγαθόν.
2657 1970 2767 2024 Καὶ
2815 1973 2844 2023 ὁ
2887 1970 2949 2023 τὸ
2994 1969 3199 2038 ἀγαθὸν
3241 1969 3631 2039 ἐπιστάμενος,

378 2060 437 2115 in
464 2060 678 2115 defectu
711 2062 945 2131 amplius
976 2064 1393 2133 ignorantiaque
1416 2063 1643 2117 versari.
1678 2062 1781 2128 Qui
1807 2062 1951 2117 enim

2069 2065 2149 2117 mi.
2197 2063 2270 2135 μὴ
2313 2064 2524 2133 στυγῶν
2572 2064 2750 2127 τοῦτο,
2782 2063 2917 2120 ἀλλά
2955 2064 3301 2135 ὀρεγόμενος,
3334 2064 3439 2116 οὐκ
3479 2061 3635 2117 ἔστιν

376 2151 636 2222 ignorare
688 2152 886 2222 aliquis
929 2162 1107 2222 potest
1138 2154 1297 2223 cujus
1349 2154 1652 2224 cupiditate
1697 2154 1956 2208 ducitur?

2069 2155 2332 2226 ὶλλὸτριος
2352 2156 2446 2208 τοῦ
2479 2153 2723 2225 ἀγαθοῦῦ

379 2239 516 2294 Nam
568 2242 614 2296 si
662 2243 922 2308 omnino,
984 2243 1130 2312 quod
1166 2244 1515 2312 praestantius
1555 2252 1637 2298 est
1686 2243 1995 2309 desiderat,
2038 2246 2182 2314 quod
2218 2246 2508 2300 honestum
2551 2253 2636 2300 est
2680 2245 2993 2314 bonumque
3030 2243 3333 2314 cognoscit.
3372 2240 3481 2308 Qui
3524 2256 3633 2297 au-

377 2340 489 2389 tem
540 2340 594 2387 et
626 2332 830 2388 bonum
876 2335 1187 2404 cognitione
1220 2336 1399 2404 capit,
1434 2349 1609 2405 neque
1642 2335 1757 2390 odit
1784 2335 1915 2389 illud
1936 2376 1950 2401 ,
1994 2336 2088 2391 sed
2126 2338 2347 2406 appetit,
2378 2351 2407 2389 a
2436 2336 2581 2391 bono
2617 2349 2960 2405 nequaquam
2994 2334 3205 2390 alienus
3237 2341 3341 2389 est.

449 2425 539 2483 Vl.
573 2427 683 2483 Sed
715 2443 783 2484 ne
822 2428 876 2483 in
911 2431 1307 2500 persequendis
1341 2432 1636 2502 importuni
1685 2432 1835 2486 illius
1866 2446 1963 2486 ne-

2125 2431 2197 2485 Σ’.
2238 2432 2349 2485 Καὶ
2391 2432 2478 2485 ἵνα
2525 2431 2598 2503 μὴ
2636 2430 3049 2502 κατατρίϐωμαι
3088 2430 3217 2501 περὶ
3246 2431 3346 2493 τάς
3376 2427 3633 2500 μηχανὰς

379 2518 602 2574 bulonis
640 2518 927 2576 fraudibus
973 2520 1180 2575 diutius
1211 2522 1478 2586 haeream,
1513 2524 1582 2577 iis
1608 2535 1729 2593 qua:
1758 2537 1961 2593 propo-

2069 2522 2148 2574 τοῦ
2202 2522 2436 2594 ἀγύρτου
2484 2521 2899 2592 ἀσχολούμενος,
2944 2521 3152 2583 τούτοις
3193 2518 3632 2590 ἀρκεσθήσομαι.

382 2609 487 2665 sita
516 2616 646 2663 sunt
678 2624 776 2663 ero
807 2616 1118 2666 contentus.
1148 2611 1285 2666 Cum
1312 2613 1608 2681 pnesertim
1643 2612 1727 2667 vel
1752 2628 1817 2667 ex
1852 2612 1957 2666 hoc

2069 2615 2213 2667 Πᾶσα
2238 2614 2345 2683 γὰρ
2367 2612 2531 2667 αὑτοῦ
2558 2612 2753 2666 ἔπεσεν
2780 2614 2812 2683 ή
2843 2610 3082 2682 ληρῳδὶα
3106 2610 3213 2663 ἀπὸ
3241 2609 3334 2662 τοῦ
3361 2609 3470 2662 τῶν
3492 2610 3633 2662 πάν-

382 2716 493 2755 υηο
530 2700 679 2756 illius
716 2711 1048 2757 evanescant
1078 2702 1317 2767 somnia,
1354 2702 1500 2773 quod
1532 2718 1689 2759 nemo
1717 2711 1803 2758 est
1829 2704 1962 2774 quin

2069 2724 2165 2759 των
2188 2707 2463 2775 Δεσπότην
2489 2706 2623 2758 πᾶσι
2652 2704 2833 2772 σαφῶς
2860 2701 3252 2773 ὁμολογηθῆναι
3272 2701 3472 2770 ἀγαθὸν
3498 2701 3633 2753 ὄντα

382 2796 767 2847 universorum
812 2791 1102 2849 Dominum
1156 2795 1356 2849 bonum
1409 2810 1531 2851 esse
1575 2797 1866 2874 omniaque
1902 2804 1957 2851 et

2069 2801 2152 2854 καὶ
2182 2798 2641 2871 προγινώσκοντα,
2679 2799 2771 2852 καὶ
2798 2798 3089 2869 δυνάμενον
3122 2796 3189 2849 τὰ
3215 2796 3390 2849 πάντα
3418 2797 3627 2847 ποιεῖν’

382 2885 702 2955 praevidere,
724 2895 779 2941 et
810 2886 990 2941 moliri
1024 2902 1188 2956 posse
1222 2888 1443 2950 sentiat,
1469 2896 1745 2958 totamque
1772 2904 1955 2942 rerum

382 2985 635 3032 naturam
674 2977 744 3033 ab
791 2978 885 3033 illo
913 2978 1189 3033 conditam
1244 2979 1762 3048 prmclarekomnino
1786 2979 1955 3033 fabri-

2060 2892 2154 2944 καὶ
2190 2890 2264 2953 ὡς
2292 2890 2380 2943 ὑπ’
2409 2888 2572 2943 αὐτοῦ
2603 2892 2755 2943 πᾶσα
2778 2888 2936 2959 φύσις
2966 2887 3282 2959 ὑπάρχουσα
3315 2886 3503 2953 κτιστὴ
3525 2902 3629 2937 κα-

2060 2981 2169 3045 λῶς
2210 2982 2521 3051 γεγένηται.
2550 2979 2687 3034 Οὔτε
2718 2980 2827 3051 γὰρ
2850 2978 3070 3032 δυνατὸν
3110 2978 3237 3032 ἄνευ
3277 2976 3370 3029 τοῦ
3411 2974 3545 3029 Θεοῦ
3575 2993 3631 3028 τι

386 3076 565 3123 catam
587 3070 882 3124 existimet.
909 3068 1051 3123 Nihil
1079 3071 1223 3123 enim
1248 3070 1454 3139 absque
1480 3068 1589 3125 Deo
1619 3076 1795 3139 potest
1815 3070 1963 3126 exsi-

2069 3069 2225 3137 εἶναι,
2253 3072 2367 3126 ἀλλ’
2391 3073 2424 3143 ἢ
2454 3072 2612 3143 μόνον
2637 3074 2671 3143 ἡ
2699 3071 2941 3143 ἁμαρτία
2984 3071 3083 3123 οὐκ
3122 3069 3319 3139 ἔχουσα
3342 3067 3512 3138 ἀρχὴν
3544 3067 3631 3138 ῥί-

386 3169 552 3225 stcre,
598 3168 960 3230 praeterquam
996 3169 1280 3229 peccatum
1303 3200 1317 3223 ,
1347 3161 1505 3230 cujus
1534 3160 1688 3214 radix
1716 3168 1769 3216 et
1806 3162 1961 3231 origo

388 3254 659 3326 principio
708 3260 900 3318 caret;
961 3268 1141 3322 neque
1190 3261 1453 3321 perpetuo
1504 3260 1720 3316 manet,
1762 3252 1859 3308 sed
1905 3253 1962 3307 in

389 3344 546 3398 nobis
559 3345 695 3414 ipsis
712 3343 1067 3399 adventitium
1088 3344 1293 3399 inestet
1311 3344 1651 3399 extrinsecus
1667 3343 1960 3408 adscitum,

388 3437 553 3507 267
602 3444 657 3491 et
684 3451 713 3490 a
756 3436 913 3490 nobis
968 3450 1187 3490 rursum
1231 3436 1393 3490 habet
1438 3443 1495 3489 ut
1544 3450 1668 3491 esse
1713 3433 1961 3500 desinat,

391 3529 852 3598 quemadmodum
890 3542 1016 3582 cum
1060 3528 1379 3599 singillatim
1418 3528 1681 3583 adversus
1728 3527 1965 3583 haereses

393 3621 733 3690 disputarem
798 3620 999 3690 ubique
1059 3621 1356 3675 monstravi
1412 3639 1424 3675 :
1476 3617 1655 3674 Unum
1714 3619 1966 3674 videlicet

393 3725 520 3766 esse
568 3710 772 3775 Deum,
815 3726 845 3765 a
892 3725 1000 3781 quo
1056 3708 1197 3764 facta
1246 3708 1573 3780 conditaque
1611 3708 1720 3763 sint
1755 3708 1963 3774 omnia,

398 3802 615 3857 Patrem
666 3801 881 3857 Domini
932 3802 1105 3858 nostri
1140 3801 1269 3856 Jesu
1314 3801 1747 3867 Christi;unum
1780 3800 1966 3853 itidem

396 3912 520 3952 esse
563 3894 759 3949 Filium
805 3896 926 3965 ejus
966 3895 1317 3965 Unigenitum
1344 3893 1633 3949 Dominum
1680 3900 1964 3957 nostrum,

400 3985 744 4041 Salvatorem
775 4000 839 4039 ac
870 3984 1069 4051 Deum;
1095 4000 1261 4039 unum
1292 4000 1510 4054 quoque
1542 3982 1803 4054 Spiritum
1843 3999 1969 4040 san-

397 4086 547 4132 ctum
565 4094 582 4144 ;
602 4092 763 4130 unam
786 4084 1054 4140 sanctam,
1074 4076 1708 4145 consubstantialemque
1730 4075 1938 4131 Trinita
1955 4104 1970 4116 -

397 4176 545 4231 tem,
601 4184 631 4222 a
679 4183 787 4238 qua
836 4176 987 4222 recte
1026 4175 1155 4222 sunt
1195 4167 1449 4222 universa
1494 4175 1825 4237 procreata:
1859 4182 1968 4223 non

399 4262 580 4332 aliqua
605 4263 769 4327 mala,
792 4261 886 4317 sed
912 4262 1132 4315 omnino
1156 4262 1320 4323 bona,
1344 4268 1505 4330 prout
1530 4261 1791 4316 bonitatis
1824 4261 1970 4317 illius

396 4354 654 4408 voluntas
683 4354 828 4407 tulit.
860 4352 1060 4408 Eadem
1083 4366 1244 4421 porro
1286 4367 1316 4406 e
1355 4352 1529 4406 nihilo
1562 4361 1621 4405 ut
1650 4359 1833 4406 essent
1869 4352 1972 4404 ali-

2064 3164 2184 3237 ζης,
2216 3165 2336 3218 οὐδὲ
2384 3166 2464 3228 εἰς
2490 3165 2640 3229 τέλος
2675 3164 2928 3235 μένουσα,
2958 3165 3013 3215 ὲν
3038 3164 3166 3233 ἡμῖν
3203 3160 3259 3213 δὲ
3292 3161 3631 3224 ὲπεισάκτως

2063 3257 2344 3327 γινομένη,
2394 3259 2489 3309 καὶ
2536 3258 2629 3326 ἀφ’
2664 3257 2820 3327 ἡμῶν
2870 3254 3031 3309 πάλιν
3077 3252 3379 3323 παυομένη,
3419 3251 3491 3315 ὡς
3532 3252 3628 3304 καὶ

2063 3348 2335 3420 πανταχοῦ
2364 3349 2503 3403 κατὰ
2546 3350 2732 3403 πασῶν
2760 3349 2866 3402 τῶν
2899 3345 3161 3418 αἱρέσεων
3193 3344 3505 3415 ποιούμενος
3537 3343 3627 3395 ὡν

2063 3440 2217 3508 λόγον
2265 3438 2548 3503 ἀπέδειξα·
2597 3441 2678 3493 ὅτι
2725 3436 2804 3503 εἷς
2853 3440 2998 3491 ἐστιν
3040 3438 3069 3489 ὁ
3112 3435 3245 3498 Θεὸς
3290 3435 3318 3487 ὁ
3363 3435 3431 3487 τὰ
3457 3434 3630 3487 πάντα

2064 3534 2296 3603 ποιήσας
2340 3533 2433 3585 καὶ
2478 3531 2909 3602 δημιουργήσας,
2969 3532 2996 3582 ὁ
3044 3526 3234 3599 Πατὴρ
3281 3526 3375 3579 τοῦ
3426 3524 3627 3596 Κυρίου

2066 3625 2220 3697 ἡμῶν
2258 3624 2432 3693 Ἰησοῦ
2483 3622 2753 3694 Χριστοῦο
2801 3622 2896 3676 καὶ
2945 3615 3023 3684 εἷς
3058 3622 3086 3673 ὁ
3132 3619 3425 3692 μονογενὴς
3466 3614 3625 3669 αὐτοῦ

2068 3717 2224 3781 Παῖς,
2256 3718 2283 3768 ὁ
2308 3714 2511 3784 Κύριος
2540 3712 2697 3783 ἡμῶν
2721 3713 2814 3766 καὶ
2841 3711 3031 3782 Σωτὴρ
3058 3711 3152 3763 καὶ
3179 3709 3308 3772 Θεός
3328 3725 3342 3738 ·
3375 3708 3467 3762 καὶ
3481 3707 3532 3759 ἓν
3568 3705 3626 3759 τὸ

2068 3806 2222 3873 ἆγιον
2253 3803 2415 3857 αὐτοῦ
2441 3801 2661 3872 Πνεῦμα
2682 3818 2695 3833 ⁸
2732 3802 2831 3872 μία
2860 3800 3026 3873 Τριὰς
3053 3800 3184 3869 ἀγία
3214 3800 3305 3853 καὶ
3331 3796 3625 3868 ὁμοούσιος,

2050 3889 2128 3961 ’ἐξ
2156 3892 2221 3967 ἧς
2252 3896 2320 3949 τὰ
2350 3896 2529 3949 πάντα
2571 3893 2751 3957 καλῶς
2784 3892 3097 3964 ἐκτισμένα,
3133 3891 3192 3945 οὑ
3240 3888 3452 3959 πονηρά
3487 3905 3624 3952 τινα,

2070 3982 2204 4037 ἀλλὰ
2238 3982 2437 4050 ἀγαθὰ,
2469 3982 2607 4035 κατὰ
2640 3981 2735 4051 τὴν
2769 3981 2939 4045 οὕτως
2975 3980 3341 4047 εὐδοκήσασαν
3372 3977 3627 4047 ἀγαθότη-

2067 4092 2158 4138 τα,
2186 4073 2242 4139 ὲξ
2271 4075 2370 4126 οὐκ
2396 4072 2563 4126 ὄντων
2595 4072 2906 4143 κεκλημένα
2939 4074 3018 4134 εἰς
3051 4072 3110 4124 τὸ
3140 4064 3375 4140 sive.th
3408 4067 3515 4138 θεῷ
3542 4068 3626 4122 δό-

2072 4166 2155 4232 ξα,
2192 4166 2285 4219 καὶ
2316 4165 2471 4236 τιμὴ,
2502 4164 2596 4216 καὶ
2627 4164 2825 4234 κράτος
2858 4164 3031 4234 Πατρὶ
3056 4165 3111 4217 ὲν
3148 4162 3280 4231 Υίῷ,
3312 4160 3425 4230 Υἱῴ
3450 4163 3500 4213 ὲν
3520 4160 3627 4213 Πα-

2070 4258 2179 4328 τρὶ,
2210 4259 2303 4309 σὺν
2323 4255 2460 4327 ἀγίῳ
2488 4254 2763 4326 Πνεῦματι
2796 4256 2875 4318 εἰς
2904 4255 3026 4318 τοὺς
3057 4252 3253 4317 αἰῶνας
3276 4253 3383 4306 τῶν
3405 4250 3621 4305 αἰώνων.

2084 4349 2277 4420 Ἀμήν.

400 4444 533 4517 quid
573 4452 796 4500 evocata
856 4451 1005 4499 sunt.
1051 4442 1151 4497 Cui
1172 4441 1393 4513 quidem
1429 4442 1538 4496 Deo
1575 4442 1770 4512 gloria,
1829 4444 2003 4497 honor
2041 4450 2095 4497 et
2146 4439 2431 4511 imperium
2490 4437 2597 4504 sit,
2635 4435 2786 4491 Patri
2833 4437 2892 4492 in
2928 4435 3102 4502 Fiuo,
3144 4432 3283 4492 Filio
3355 4434 3408 4489 in
3446 4430 3621 4500 Patre,

402 4555 526 4597 cum
586 4538 790 4610 Spiritu
849 4545 1071 4603 sancto,
1126 4537 1182 4591 in
1235 4537 1435 4592 sarcula
1486 4538 1831 4607 seculorum.
1892 4537 2084 4591 Amen.

472 4633 584 4688 ilac
613 4634 777 4704 igitur
798 4633 992 4687 haeresi
1012 4630 1213 4701 .paucis
1248 4630 1301 4685 in
1327 4630 1472 4685 hunc
1502 4631 1721 4685 modum
1752 4646 1965 4697 eversa,

2140 4627 2355 4699 Ταύτης
2381 4626 2438 4680 δὲ
2480 4626 2638 4680 πάλιν
2677 4624 3042 4695 ποιησάμενος
3083 4622 3180 4695 τὴν
3211 4621 3512 4693 ἀνατροπὴν
3539 4620 3624 4674 διὰ

404 4724 472 4779 ad
502 4724 741 4794 reliquas
770 4722 1105 4794 pergendum
1146 4740 1161 4777 :
1190 4737 1327 4791 quas
1361 4722 1682 4792 singillatim
1717 4734 1877 4792 prout
1919 4724 1975 4777 in

404 4815 561 4869 nobis
591 4814 753 4869 situm
779 4814 902 4875 erit,
926 4811 1254 4875 refellemus.
1281 4828 1344 4866 ac
1364 4811 1974 4881 perniciosissinimilla-

405 4924 526 4964 rum
582 4907 835 4977 nequitiae
884 4907 1106 4961 modum
1169 4903 1575 4958 adhibebimus.
1634 4902 1769 4972 Seps
1828 4902 1974 4957 enim

405 4998 599 5053 merito
647 4997 736 5051 ille
789 4996 1064 5051 nominari
1119 5003 1314 5065 potest.
1368 4992 1523 5060 Quod
1570 4993 1760 5048 bestize
1806 5007 1977 5062 genus

406 5106 514 5147 non
545 5098 654 5143 tam
680 5102 1114 5158 serpens,quam
1137 5088 1331 5159 reptile
1359 5085 1672 5157 quadrupes
1699 5093 1810 5148 est,
1840 5086 1973 5140 stel-

522 5258 583 5301 ιε.
611 5244 976 5315 συνημμένου.
1049 5245 1073 5277 ⁸
1104 5241 1169 5299 F.
1197 5243 1338 5312 ὄφις,
1373 5249 1427 5299 et
1454 5259 1581 5298 mox
1610 5242 1934 5314 τετράπουν.

480 5361 594 5433 (44)
635 5360 775 5433 ﬁnit
796 5362 905 5430 γὰρ
927 5356 1105 5433 οὗτος
1130 5359 1206 5415 ἂν
1232 5358 1485 5433 λέγοιτο.
1524 5358 1669 5433 Seps
1697 5359 1835 5433 alius
1863 5372 1982 5433 ser-

410 5429 583 5503 pens,
610 5429 749 5503 alius
782 5429 1004 5503 lacerta.
1024 5502 1027 5503 ν
1049 5431 1325 5503 Posterior
1351 5429 1719 5503 Chalcis,’vel
1749 5429 1985 5484 Chalci-

413 5501 573 5568 dies;
604 5502 752 5569 quod
799 5502 1125 5571 quibusdam
1164 5501 1325 5555 lineis
1362 5501 1488 5555 aeris
1520 5501 1986 5571 speciem_geren-

413 5573 560 5627 tibus
596 5569 985 5643 distinguatur.
1014 5572 1086 5627 De
1116 5572 1217 5626 hoc
1246 5586 1444 5643 genere
1472 5569 1715 5643 loquitur
1746 5569 1984 5643 Ερὶρίιιιτ

417 5645 559 5697 nius.
598 5640 753 5697 Unde
772 5637 998 5713 Ϋχαλκέα
1043 5658 1148 5698 vox
1181 5637 1273 5696 aut
1304 5641 1371 5695 ab
1402 5637 1615 5713 erudito
1646 5637 1895 5713 (ιιιοιιξιιὶιΔ
1920 5637 1989 5692 ad

419 5727 571 5769 oram
610 5708 827 5772 codicis
856 5712 1115 5770 adnotata
1136 5753 1149 5770 .
1183 5720 1279 5768 aut
1302 5726 1403 5768 suo
1431 5712 1552 5769 loco
1580 5708 1747 5767 mota.
1779 5708 1989 5785 seriem

2074 4721 2338 4794 βραχέων,
2366 4719 2459 4773 ἐπὶ
2486 4718 2584 4782 τὰς
2614 4718 2737 4789 ἑξῆς
2766 4715 3072 4788 βαδιοῦμαι,
3100 4716 3190 4770 τὸν
3227 4716 3363 4787 πρὸς
3404 4714 3624 4783 ἑκάστην

2072 4809 2214 4865 κατά
2237 4808 2467 4879 δύναμιν
2503 4808 2824 4879 ποιούμενος
2853 4807 3093 4877 ἔλεγχον,
3133 4804 3228 4859 καὶ
3256 4804 3425 4868 οὕτως
3456 4806 3623 4856 ἐπιτε-

2072 4903 2178 4957 λῶν
2225 4901 2322 4973 τὴν
2367 4900 2678 4972 ἀνατροπὴν
2718 4900 2819 4970 τῆς
2862 4897 3041 4953 αὐτῶν
3072 4899 3406 4969 λυμαντικῆς
3436 4896 3623 4968 μοχθη-

2075 4994 2216 5067 ρίας.
2248 4992 2365 5065 Σὴψ
2397 4991 2505 5064 γὰρ
2533 4988 2686 5055 οὗτος
2720 4993 2785 5047 ἂν
2819 4990 3030 5060 λέγοιτο
3065 4991 3174 5058 (44)
3205 4990 3446 5053 δικαίως,
3478 4992 3504 5043 ὁ
3530 4990 3624 5044 οὐκ

2071 5086 2311 5157 ὀφθεὶςῇ
2337 5085 2448 5139 ἀλλ’
2474 5083 2549 5150 ὣς
2576 5102 2728 5155 φασι,
2762 5082 3013 5156 [χαλκὲα,
3040 5082 3137 5156 ὃς]
3164 5084 3279 5135 ἐστι
3309 5079 3623 5153 τετραπλοῦν

2080 5357 2298 5427 quidem
2333 5354 2530 5427 ipsam
2580 5349 2843 5427 orationis
2893 5344 3264 5427 interrumpit.
3318 5341 3620 5427 Jamhquod

2081 5413 2417 5497 Epiphanius
2452 5422 2648 5478 asserit
2674 5462 2717 5497 ,Α
2738 5434 2979 5474 morsum
3028 5413 3175 5497 haud
3202 5416 3336 5468 adeo
3370 5413 3620 5497 exitialem

2082 5484 2223 5561 esse,
2252 5496 2344 5550 sed
2385 5501 2547 5562 sputo
2581 5490 2867 5564 coniicere,
2899 5504 3021 5543 cum
3054 5488 3121 5541 iis
3151 5500 3390 5564 pugnare
3413 5484 3619 5547 videtur,

2083 5557 2218 5638 quae
2246 5557 2476 5638 Aristot.
2513 5562 2724 5638 scribit,
2760 5574 2945 5638 morsu
2976 5574 3077 5638 suo
3102 5558 3185 5638 vel
3222 5557 3522 5638 interimere
3545 5569 3622 5638 se?

2084 5623 2213 5707 pas,
2244 5635 2329 5690 vel
2374 5634 2717 5707 acerrimum
2754 5629 2998 5687 dolorem
3053 5625 3315 5699 inﬂigere.
3363 5623 3439 5681 De
3481 5630 3629 5695 sputo

2086 5701 2222 5763 nihil
2252 5703 2392 5776 apud
2423 5704 2587 5759 alium
2617 5701 2741 5772 legi.
