3844 6330
184 264 278 319 αι
823 262 1196 323 ADVERSUS
1233 263 1573 321 HERESES
1612 264 1738 321 LIB.
1774 266 1817 323 l.
1861 263 2023 322 TOM.
2057 266 2143 324 lli.
2175 267 2518 327 -—ll1ERES.
2561 268 2820 330 XXXVII.
3348 279 3455 336 662

183 382 445 457 ἑρπετὸν,
480 380 848 457 άσκαλαϐώτῃ
888 383 1117 449 ἐοικώς⁶
1140 378 1202 440 οὗ
1230 387 1262 457 ή
1300 392 1399 457 μὲν
1436 385 1528 440 τοῦ
1563 385 1760 457 δήγμα·

1876 384 2041 441 lionis
2068 386 2276 457 specie;
2322 388 2414 457 qui
2447 402 2571 443 cum
2617 405 2805 445 morsu
2838 389 2974 447 nihil
3010 390 3304 447 admodum
3352 408 3453 448 no-

182 492 268 538 ιος
321 474 496 546 βλάϐη
547 477 627 537 εἰς
674 475 825 529 οὐδὲν
870 476 1166 545 λογίζεται,
1195 476 1258 531 τὸ
1285 478 1339 531 δὲ
1374 478 1618 548 πτύσμα,
1649 479 1683 548 ἢ
1715 478 1760 533 ὲκ

1874 484 2015 541 ceat,
2050 487 2271 548 sputum
2298 479 2475 549 ipsum
2507 480 2553 535 si
2585 481 2638 534 in
2663 481 2846 536 cibum
2876 491 2969 537 aut
2998 492 3186 553 potum
3216 485 3447 550 eliserit,

178 565 460 638 βρώματι,
497 565 530 635 ἦ
571 567 630 618 ὲν
662 564 809 635 ποτῷ
850 566 1187 633 ἁκοντισθὲν,
1223 567 1452 621 θάνατον
1476 567 1638 631 εὐθὺς
1662 570 1760 632 τοῖς

1872 582 2116 637 praesens
2162 569 2229 622 iis
2269 569 2364 639 qui
2404 569 2757 625 adhibuerint
2803 571 3032 627 exitium
3080 573 3273 630 aﬂ'erre
3317 575 3451 630 dici-

178 656 589 728 μεταλαϐοῦσιν
617 656 909 729 ἐργάζεται
929 673 943 688 °
972 658 1059 712 οἶα
1089 659 1181 712 καὶ
1224 660 1256 729 ὴ
1303 660 1491 713 τούτου
1516 660 1774 714 διδασκα-

1875 668 1983 714 tur.
2014 661 2292 730 Ejusmodi
2321 670 2406 717 est
2447 663 2599 717 illius
2625 664 2898 719 doctrina.
2931 664 3041 722 Nos
3075 676 3257 722 autem
3286 670 3449 739 hujus

176 747 292 804 λξα.
312 748 478 803 Ἀλλά
505 750 599 804 καὶ
626 749 815 803 τούτου
845 750 936 804 τὸν
960 751 1037 803 ἰὸν
1066 751 1438 822 φωράσαντες,
1463 752 1558 805 καὶ
1586 755 1651 824 τῇ
1677 751 1760 805 τοῦ

1872 765 2091 822 quoque
2125 768 2332 807 veneno
2358 754 2630 823 patefacto
2651 794 2665 819 ,
2687 771 2749 808 ac
2778 755 2963 845 divipa
2986 773 3089 828 ope
3115 775 3180 812 ex
3207 760 3446 824 illorum,

180 844 394 915 Κυρίου
430 843 658 917 δυνάμει
691 846 800 899 ἀπὸ
832 845 1132 916 φαρύγγων
1165 845 1197 916 ἢ
1229 845 1452 916 χειλέων
1500 845 1610 901 τῶν
1643 845 1772 917 μελ-

181 943 386 998 λόντων
431 944 762 1014 βλάπτεσθαι
801 945 1205 1016 ἀπομάξαντες,
1239 947 1338 1010 τὰς
1383 946 1509 1017 ἑξῆς
1551 946 1770 1000 διέλθω-

1870 844 2072 913 quibus
2100 844 2327 914 jamjam
2353 847 2662 901 nociturum
2693 855 2832 913 erat,
2868 848 3121 905 faucibus
3149 862 3243 905 aut
3276 852 3448 909 labris

1870 940 2140 1002 absterso,
2177 940 2242 992 ad
2275 946 2503 993 exteras
2536 948 2905 1005 transeamus,
2925 950 2978 997 et
3002 957 3118 1009 eas,
3151 950 3211 998 ut
3241 944 3446 999 dictum

183 1053 311 1105 μεν,
346 1035 426 1098 ὼς
450 1037 735 1105 προεῖπον,
779 1036 878 1107 τῆς
915 1036 1097 1090 αὐτῶν
1133 1036 1335 1108 βλάϐης
1365 1036 1645 1102 ποιοῦντες
1676 1038 1760 1093 τὸν

1867 1040 1976 1098 est,
2005 1033 2252 1088 oratione
2280 1040 2464 1088 nostra
2493 1030 2859 1087 eonlutemus.

182 1127 269 1177 ἕλε
277 1142 432 1196 γχον.

715 1238 903 1293 ΚΑΤΑ
954 1238 1203 1295 ΟΦΙΤΩΝ
1219 1282 1233 1305 ,

303 1329 834 1399 Ἑπτακαιδεκάτη,
863 1334 901 1400 ἠ
925 1332 1025 1387 καὶ
1049 1331 1370 1402 τριακοστὴ
1408 1332 1648 1403 ἑϐδόμη.

250 1444 335 1497 A'.
387 1444 477 1508 Ὧς
510 1438 604 1497 οὖν
636 1447 702 1516 τῇ
732 1445 825 1498 τοῦ
852 1446 985 1499 Θεοῦ
1023 1446 1250 1518 δυνάμει
1287 1447 1764 1519 ἐπαγγειλάμενοι,

179 1531 321 1586 Θεοῦ
369 1532 711 1604 βοηθοῦντος,
740 1536 833 1588 καὶ
860 1539 926 1607 τῇ
972 1536 1101 1607 ἑξῆς
1141 1537 1343 1609 ταύτης
1373 1540 1766 1611 ύφηγησόμεθα

178 1628 304 1689 ταῖς
332 1626 599 1697 πρότερον
626 1627 1067 1699 άκολουθήσασαν
1099 1632 1590 1702 ματαιοφροσύναις
1615 1635 1765 1702 Ὀφι-

2266 1231 2637 1287 ADVERSUS
2705 1232 3020 1297 OPHl'l‘AS,

2049 1326 2181 1391 Quae
2221 1335 2299 1379 est
2343 1326 2555 1379 haeresis
2612 1324 2803 1391 XVII,
2853 1326 3237 1381 tvchXXVIl

1938 1441 1977 1494 Ι.
2009 1439 2163 1506 Quod
2191 1440 2358 1509 igitur
2387 1438 2573 1493 divino
2609 1437 2728 1491 l‘reti
2774 1441 3030 1508 praesidio
3063 1443 3406 1513 suscepimus
3428 1485 3442 1507 ,

1868 1532 2187 1603 Ophitarum
2218 1531 2449 1585 hazresin
2470 1569 2484 1593 ,
2514 1546 2635 1601 qua:
2689 1530 3063 1600 superioribus
3095 1533 3204 1589 illis
3236 1536 3445 1590 insanis

1868 1624 2188 1694 stolidisque
2246 1624 2411 1677 sectis
2463 1623 2705 1691 proxima
2776 1632 2881 1688 est,
2913 1606 3275 1695 aggredimur.
3315 1627 3446 1693 Quae

176 1717 311 1783 τῶν,
346 1718 416 1771 τὰ
464 1719 563 1789 μὲν
607 1720 748 1773 κατὰ
797 1720 865 1773 τὰ
896 1722 1033 1774 αὐτὰ
1066 1724 1392 1795 φερομένην,
1423 1724 1493 1778 τὰ
1525 1725 1581 1778 δὲ
1617 1725 1760 1795 διηλ-

1869 1718 2086 1787 quidem
2120 1716 2319 1786 partim
2364 1732 2485 1769 enm
2529 1716 2635 1771 illis
2669 1718 2961 1782 convenit,
2994 1720 3189 1788 partim
3238 1720 3447 1775 discre-

178 1808 483 1879 λαγμένην.
508 1810 731 1879 Λεγέτω
767 1810 861 1881 se}
897 1814 1008 1875 τοῖς
1040 1811 1194 1883 ἤθεσι
1223 1813 1317 1866 καὶ
1365 1815 1606 1885 σχήμασι
1652 1817 1758 1870 τῶν

177 1900 486 1969 χρωμένων
514 1900 648 1971 αὐτῇ
672 1918 684 1929 ·
716 1900 801 1953 ἵνα
838 1901 948 1954 ἀπὸ
986 1905 1085 1973 τῆς
1116 1904 1389 1976 μετεώρου
1425 1906 1631 1977 πλάνης
1662 1907 1762 1976 τῆς

176 1991 389 2044 τούτων
417 1990 717 2060 διαφωνῖας
749 1993 911 2045 παντί
935 2011 1013 2064 τῳ
1037 1994 1195 2065 δῆλον
1217 1994 1427 2066 ἔσηται,
1462 1997 1544 2050 ὅτι
1585 1997 1761 2070 πλάνῃ

175 2081 435 2149 ἄγονται,
464 2082 561 2135 καὶ
584 2083 682 2135 οῦκ
700 2082 946 2155 ἀληθεία.
965 2085 1351 2157 Φωραθήσεται
1381 2087 1436 2141 δὲ
1462 2087 1557 2142 νῦν
1582 2089 1660 2160 τῷ
1683 2088 1763 2141 λό-

176 2190 264 2244 γῳ
298 2173 396 2227 καὶ
441 2173 827 2247 ἐλεγχθήσεται
861 2178 894 2248 ἡ
921 2177 1040 2231 κατ’
1064 2177 1230 2232 αὐτοῦ
1249 2179 1269 2208 ¹
1296 2179 1471 2236 ἄνοια.

248 2355 313 2407 Οἱ
342 2356 562 2423 Ὀφῖται
609 2354 710 2427 μὲν
741 2355 868 2427 7&9,
894 2356 969 2419 ὡς
1012 2358 1294 2428 προεῖπον,
1326 2356 1424 2420 τὰς
1461 2356 1761 2428 προφάσεις

175 2446 467 2518 εἰλήφασιν
517 2447 625 2500 άπὸ
672 2448 771 2518 τῆς
815 2447 907 2501 τοῦ
953 2447 1240 2512 Νικολάου,
1283 2448 1378 2500 καὶ
1419 2448 1758 2513 Γνωστικῶν,

179 2543 275 2596 καὶ
302 2540 416 2593 τῶν
451 2539 558 2610 πρὸ
582 2538 785 2593 τούτων
815 2539 1077 2610 αἱρέσεων
1097 2555 1111 2569 '
1139 2541 1353 2609 Ὀφῖται
1385 2539 1441 2593 δὲ
1474 2541 1758 2596 καλοῦνται

176 2633 245 2686 δι’
275 2633 337 2685 ὃν
386 2631 704 2696 δοξάζουσιν
753 2631 1117 2700 {immuto-ira
1159 2632 1268 2704 7&9
1300 2633 1395 2686 καὶ
1430 2628 1575 2687 οὗτοι
1606 2633 1761 2706 ἐρεύο

177 2742 389 2794 γονται,
418 2724 495 2788 ὡς
527 2724 636 2777 ἀπὸ
658 2724 756 2795 τῆς
787 2723 1191 2795 προειρημένης
1221 2722 1476 2796 βρώσεως
1506 2724 1606 2795 τῆς
1631 2725 1759 2778 δυσ-

176 2815 371 2885 οδμίας
416 2813 863 2885 ἐμπεπλησμένοι
885 2829 899 2844 ο
948 2814 1041 2866 καὶ
1076 2814 1150 2878 ὡς
1180 2813 1313 2868 κενά
1340 2814 1593 2885 δαιμόνια
1615 2816 1759 2868 άπα-

177 2909 441 2979 τηθέντες
490 2902 639 2959 οὗτοι
691 2905 782 2958 τὸν
834 2906 976 2975 ὅφιν,
1008 2904 1083 2969 ὡς
1130 2908 1411 2976 προεῖπον,
1456 2905 1755 2971 δοξάζουσι.

178 3003 288 3055 Καὶ
333 3002 440 3072 ὅρα
474 3001 556 3064 εἰς
587 3000 718 3070 ὅσην
764 2997 971 3069 προέϐη
1004 2994 1415 3068 κακομηχανίαν
1464 3000 1493 3051 6
1536 2998 1759 3062 τούτους

1860 1820 1977 1888 pat,
2027 1826 2124 1879 pro
2175 1823 2364 1863 eorum
2405 1809 2499 1875 qui
2551 1809 2699 1861 illam
2759 1810 2927 1865 secuti
2983 1820 3144 1876 sunt,
3197 1814 3445 1868 moribus

1865 1904 2163 1971 habituque
2196 1899 2474 1963 dissimili,
2505 1907 2563 1953 ut
2594 1901 2675 1954 vel
2710 1901 2887 1956 inanis
2928 1903 3018 1955 illa
3065 1912 3118 1958 et
3160 1906 3445 1961 erroribus

1862 1994 2137 2064 implicata
2193 1990 2471 2046 discordia
2544 2006 2743 2062 magno
2801 1995 3056 2050 omnibus
3117 2006 3444 2066 argumento

1863 2085 1957 2147 sit,
1987 2084 2227 2139 falsitate
2262 2083 2387 2137 illos
2425 2098 2547 2138 esse
2580 2098 2689 2137 non
2716 2084 2944 2140 veritate
2972 2086 3260 2142 subnixos.
3286 2086 3445 2143 Nunc

1862 2174 2045 2245 itaque
2098 2191 2288 2228 eorum
2337 2174 2586 2229 oratione
2619 2184 2810 2230 nostra
2862 2176 3164 2248 detegenda
3195 2192 3260 2234 ac
3308 2194 3443 2234 con~

1862 2266 2131 2320 vincenda
2160 2265 2385 2321 vesania
2409 2275 2514 2321 est.

1932 2358 2097 2429 268
2123 2356 2255 2411 Nam
2290 2355 2551 2427 ,Ophitze,
2598 2357 3062 2428 quemadmodum
3096 2359 3375 2428 diximus,
3411 2378 3443 2419 a

1862 2450 2106 2514 Nicolao,
2137 2459 2190 2503 et
2217 2449 2519 2514 Gnosticis,
2549 2464 2613 2504 ac
2646 2450 2926 2519 prioribus
2947 2451 3072 2507 aliis
3112 2454 3278 2509 sectis
3297 2456 3445 2511 cillo-

1862 2548 2108 2595 ruerunt.
2140 2538 2288 2606 Quos
2322 2537 2573 2610 Ophitas,
2609 2540 2712 2593 hoc
2750 2548 2834 2594 est
2881 2543 3166 2610 anguinea:
3187 2582 3204 2608 ,
3240 2543 3309 2598 ab
3341 2558 3444 2598 an-

1861 2646 1965 2702 gue
2016 2631 2110 2685 illo
2166 2645 2327 2701 quem
2382 2629 2693 2694 celebrant,
2765 2630 3038 2699 appellare
3084 2631 3283 2687 solent.
3335 2634 3445 2690 Sed

1860 2723 2132 2778 horrenda
2163 2738 2295 2779 sane
2325 2730 2453 2777 sunt
2481 2737 2601 2793 qua:
2630 2722 2881 2778 homines
2908 2721 3020 2787 isti,
3044 2731 3105 2777 ut
3134 2724 3210 2779 ita
3239 2724 3442 2794 dicam,

1860 2823 2131 2882 eructant,
2170 2831 2234 2870 ex
2264 2816 2357 2869 illo
2392 2830 2489 2871 esu
2521 2816 2666 2871 velut
2701 2825 2844 2870 tetro
2879 2817 3116 2885 quodam
3153 2815 3323 2873 odore
3356 2834 3446 2874 re-

1863 2904 2005 2959 ferti.
2052 2902 2372 2973 Serpentem
2406 2892 2607 2975 quippe
2656 2904 2780 2958 novi
2810 2904 3097 2972 cujusdam
3125 2905 3301 2959 instar
3335 2922 3443 2960 nu-

1861 2995 2024 3049 minis
2063 3003 2412 3049 venerantur.
2458 2995 2535 3049 Ac
2583 2994 2704 3049 vide
2751 2995 2971 3064 quantis
3024 3010 3119 3050 eos
3156 2994 3444 3055 fraudibus

178 3096 471 3166 ἀπατήσας
512 3092 657 3162 ὄφις.
686 3091 949 3163 Καθάπερ
975 3092 1084 3162 7&9
1108 3088 1167 3155 ὲξ
1193 3091 1442 3162 ὑπαρχῆς
1473 3092 1600 3155 τοὺς
1632 3092 1758 3163 περὶ

1865 3084 1982 3151 ille,
2025 3101 2056 3139 a
2087 3101 2197 3156 quo
2227 3085 2586 3140 circumventi
2626 3094 2783 3166 sunt,
2817 3100 3041 3155 serpens
3087 3085 3331 3142 irretitos
3365 3096 3446 3143 te-

181 3188 327 3241 Εῦαν
378 3187 479 3240 καὶ
526 3186 618 3239 τὸν
651 3184 824 3255 Ἀδάμ
853 3184 1155 3254 ἠπάτησεν,
1185 3182 1327 3236 οὕτω
1365 3182 1459 3236 καὶ
1491 3182 1588 3237 νῦν
1628 3183 1761 3255 κρύ-

182 3295 332 3331 πτων
367 3275 561 3330 ἑαυτὸν
589 3274 648 3328 ἕν
687 3291 744 3327 τε
770 3272 847 3344 τῷ
881 3272 1222 3345 παρόντικαὶ
1255 3275 1312 3325 ὲν
1336 3272 1414 3343 τῷ
1454 3271 1630 3344 χρόνῳ
1654 3272 1762 3326 τῶν

189 3368 487 3431 Ἰουδαίων,
511 3367 640 3439 ἄχρι
664 3369 763 3437 τῆς
786 3364 881 3419 τοῦ
907 3363 1142 3437 Χριστοῦ
1165 3364 1487 3435 παρουσίας.
1512 3359 1645 3418 Εἶτα
1669 3363 1762 3418 καὶ

178 3460 585 3533 προϐαινόντων
611 3457 720 3511 τῶν
740 3457 946 3529 χρόνων
973 3456 1184 3527 λίχνους
1206 3455 1365 3520 ὂντας
1394 3457 1520 3520 τοὺς
1550 3456 1759 3528 ἀνθρώ-

178 3570 315 3616 πους
348 3555 420 3623 τῇ
452 3549 520 3603 δι’
558 3547 722 3602 αὑτοῦ
761 3548 827 3601 ὲκ
868 3547 968 3619 τῆς
1012 3545 1297 3620 παρακοῆς
1324 3545 1592 3618 ληφθείσῃ
1622 3544 1763 3618 βρώ-

180 3662 286 3707 σει,
317 3643 402 3697 ἔτι
442 3639 784 3696 ὑπονοθεύων
819 3639 913 3692 καὶ
944 3636 1225 3711 ἐρεθίζων,
1257 3637 1337 3700 εἰς
1370 3637 1762 3709 περισσοτέραν

178 3739 399 3809 ἀπάτην
444 3735 555 3789 άπὸ
602 3733 696 3788 τοῦ
742 3732 894 3796 ὄντος
937 3730 1072 3785 Θεοῦ
1120 3731 1402 3801 ἀφίστησι,
1453 3729 1622 3784 πολλὰ
1664 3731 1761 3801 μὲν

180 3826 617 3899 ὑπισχνούμενος
654 3826 762 3886 ἀεὶ,
794 3823 869 3887 ὡς
914 3822 1008 3875 καὶ
1053 3822 1110 3890 ἐξ
1160 3822 1334 3893 ἀρχῆς
1354 3835 1370 3851 ο
1402 3822 1496 3876 καὶ
1529 3822 1636 3894 7&9
1669 3822 1762 3875 καὶ

180 3923 302 3975 τότε
323 3920 599 3991 ἡπάτησε,
619 3917 794 3985 λέγων
812 3935 826 3948 ’
852 3917 1109 3969 Ἔσεσθε
1131 3915 1211 3981 ὡς
1232 3916 1355 3970 θεοί
1376 3933 1389 3946 ο
1414 3911 1532 3969 εἶτα
1554 3915 1765 3987 προῖόν-

178 4030 288 4066 των
315 4010 426 4066 τῶν
448 4010 673 4081 χρόνων,
702 4008 800 4079 τὴν
830 4006 1178 4077 πολύμορφον
1201 4005 1295 4059 καὶ
1322 4006 1600 4078 τερατώδη
1626 4024 1761 4075 φαν-

179 4106 376 4162 τασίαν
411 4106 593 4167 αὐτοῖς
635 4100 1010 4173 ἐξειργάσατο.
1030 4098 1162 4152 Ἀπὸ
1209 4099 1317 4172 7&9
1364 4100 1458 4153 τοῦ
1513 4100 1630 4164 ἑνὸς
1668 4100 1762 4154 καὶ

179 4198 273 4253 τοῦ
327 4193 585 4267 ἀληθινοῦ
638 4191 773 4246 Θεοῦ
819 4192 1132 4263 ἀποστήσας
1181 4191 1401 4256 αὐτοὺς,
1445 4191 1758 4263 ὲνεκίσσησε

180 4291 349 4344 πάλαι
401 4289 501 4359 τὴν
544 4287 643 4357 τῆς
694 4282 1136 4356 εἰδωλολατρείας
1184 4284 1277 4337 καὶ
1309 4283 1597 4347 πολυθεῖας
1628 4284 1759 4354 βλά-

182 4399 399 4453 σφημον
424 4377 775 4447 κενοφωνίαν.
809 4375 1073 4431 Οὐδέποτε
1101 4375 1211 4447 7&9
1242 4371 1382 4447 ἦσαν
1408 4374 1541 4440 θεοὶ,
1568 4374 1757 4447 ὥσπερ

180 4472 297 4525 οὐδὲ
324 4468 628 4533 εἰσὶν,ἀλλὰ
648 4469 676 4521 6
701 4466 853 4530 Θεός.

1860 3186 2004 3231 neat.
2047 3175 2183 3229 Nam
2216 3186 2275 3230 ut
2304 3176 2471 3228 Evam
2530 3159 2743 3228 oliufet
2789 3173 3059 3227 Adamum
3090 3173 3281 3229 fefellit
3311 3191 3325 3241 ;
3368 3174 3444 3229 ita

1859 3268 2020 3323 modo
2051 3268 2291 3338 seipsum
2323 3275 2509 3338 tegens
2531 3282 2595 3322 ac
2618 3266 2996 3329 dissimulans,
3014 3265 3259 3337 adeoque
3280 3276 3445 3323 antea

1858 3355 2171 3413 Iudaeorum
2218 3358 2560 3427 temporibus
2583 3394 2598 3418 ,
2638 3358 2704 3410 ad
2732 3356 3024 3411 adventqu
3061 3373 3233 3427 usque
3279 3357 3444 3412 Chri-

1860 3450 1952 3514 sti,
1983 3449 2309 3505 mortalibus
2335 3448 2615 3519 imposuit.
2644 3447 2782 3502 Tnm
2809 3448 3287 3518 progredientibus
3313 3458 3447 3503 :Pta-

1861 3542 2006 3598 tibus
2036 3557 2165 3597 esca
2192 3542 2308 3607 illa,
2340 3556 2504 3611 quam
2532 3549 2726 3596 contra
2759 3540 2853 3596 Dei
2886 3541 3237 3597 interdictum
3276 3557 3443 3597 usur-

1860 3649 1993 3705 pare
2042 3633 2160 3689 ausi
2200 3633 2438 3700 fuerant,
2488 3635 2820 3705 prolectatos
2854 3633 3136 3700 homines,
3170 3643 3225 3690 et
3267 3635 3444 3691 avidi-

1859 3734 1971 3783 tate
2014 3738 2296 3797 correptos
2347 3728 2415 3781 ab
2464 3728 2736 3798 obsequio
2786 3727 2882 3783 Dei
2917 3730 3291 3787 callidioribus
3323 3746 3443 3785 ma-

1860 3820 2039 3875 chinis
2059 3820 2346 3885 abstraxit,
2381 3819 2759 3877 vehementius
2802 3820 3098 3876 itdenidem
3122 3822 3443 3879 adulterans

1859 3921 1913 3967 et
1944 3912 2213 3981 instigans
2235 3951 2249 3976 ,
2292 3927 2356 3966 ac
2393 3913 2689 3967 multarum
2736 3928 2919 3968 rerum
2954 3929 3108 3983 spem
3133 3953 3148 3979 ,
3193 3925 3253 3969 ut
3283 3915 3442 3971 initio

1860 4001 2096 4066 fecerat,
2140 4001 2459 4057 ostendens.
2500 4001 2635 4055 Nam
2682 4010 2735 4056 et
2770 4010 2901 4057 tunc
2947 4003 3021 4056 ita
3056 4002 3179 4057 illos
3227 4003 3444 4073 decepit

1860 4110 1986 4149 cum
2014 4093 2218 4149 diceret
2250 4111 2263 4148 :
2304 4091 2473 4146 Erilis
2517 4093 2654 4146 sicut
2694 4093 2770 4147 dii
2801 4094 2840 4148 '.
2868 4093 3006 4149 Tum
3037 4094 3300 4164 paulatim
3344 4111 3442 4149 va-

1860 4188 1973 4242 rias
2000 4201 2064 4241 ac
2095 4186 2327 4256 portenti
2363 4186 2672 4243 simillimas
2699 4188 2779 4243 eis
2808 4187 3019 4258 species
3047 4187 3269 4267 objecit.
3301 4188 3439 4242 Cum

1859 4282 2003 4338 enim
2037 4282 2106 4338 ab
2155 4298 2265 4337 uno
2300 4297 2541 4353 veroque
2592 4281 2704 4339 Deo
2750 4283 2873 4338 illos
2909 4284 3233 4349 avertisset,
3269 4283 3444 4338 idolo-

1862 4375 2020 4429 latria
2071 4374 2573 4446 multipliciumque
2620 4375 2852 4431 deorum
2889 4376 3253 4446 ineptissimis
3311 4375 3442 4441 reli-

1866 4467 2119 4538 gionibus
2176 4467 2327 4521 velut
2374 4466 2487 4523 fetu
2534 4468 2775 4539 quodam
2835 4469 3100 4539 implevit.
3158 4468 3439 4536 Siquidem

181 4566 251 4620 dii
284 4578 574 4633 nunquam
635 4562 999 4629 exstiterunt,
1045 4561 1126 4615 uti
1174 4575 1276 4615 nec
1318 4558 1595 4616 exsistunt
1627 4561 1826 4627 modo,
1860 4561 1954 4617 sed
1987 4561 2129 4618 Deus
2160 4561 2447 4619 duntaxat.

245 4680 560 4753 “(maxiem
582 4678 638 4731 δὲ
691 4676 789 4749 τὴν
825 4676 1231 4747 ειδωλομανίαν,
1286 4676 1381 4730 καὶ
1439 4676 1751 4743 πολυθεῖαν,

1928 4676 2129 4732 Verum
2156 4676 2408 4732 insanum
2435 4677 2857 4733 simulacrorum
2879 4677 3109 4744 cultum,
3135 4692 3199 4732 ac
3214 4678 3440 4734 deorum

181 4778 271 4831 xei
316 4772 608 4844 ἀπατηλὴν
652 4770 910 4823 διάνοιαν.
974 4768 1088 4822 Οὐκ
1143 4764 1212 4839 ἦν
1265 4768 1323 4821 δὲ
1378 4769 1550 4833 αἴτιος
1594 4769 1759 4839 μόνος

178 4872 205 4923 6
243 4867 571 4940 φαινόμενος
609 4863 729 4915 τότε
778 4861 922 4931 ὄφις,
966 4860 1102 4914 ἀλλὰ
1133 4862 1162 4913 6
1212 4861 1269 4914 ὲν
1315 4859 1393 4931 τῷ
1444 4860 1565 4931 ὄφει
1635 4863 1759 4932 ὄφις

179 4962 454 5034 λαλήσας,
502 4956 646 5027 φημὶ
693 4955 749 5008 δὲ
795 4954 1075 5018 διάϐολος,
1138 4954 1232 5008 καὶ
1295 4954 1392 5025 τὴν
1440 4955 1611 5027 ἀκοὴν
1661 4956 1755 5011 τοῦ

184 5052 467 5124 ὶνθρώπου
517 5047 759 5119 ταράξας
823 5046 911 5100 διὰ
966 5046 1067 5115 τῆς
1123 5045 1407 5114 γυναικός.
1472 5048 1583 5101 Καὶ
1634 5049 1756 5103 οὐδὲ

180 5146 236 5200 τὸ
270 5145 433 5211 ξύλον
464 5138 532 5212 ἦν
572 5139 836 5211 ἁμαρτία.
865 5137 998 5201 Θεὸς
1034 5136 1144 5208 7&9
1183 5137 1338 5191 οὐδὲν
1380 5139 1613 5210 πονηρὸι
1655 5158 1757 5209 φυ-

182 5238 345 5291 τεύει.
383 5233 587 5287 Γνῶσιν
614 5231 670 5284 δὲ
693 5228 975 5297 ἐνεποίησε
996 5225 1057 5279 τὸ
1081 5226 1236 5293 ξύλον
1261 5225 1355 5279 τοῦ
1385 5226 1581 5280 εἰδέναι
1614 5228 1757 5297 ἀγα-

182 5327 264 5380 Θόν
299 5344 363 5379 τε
411 5324 504 5376 καὶ
540 5320 763 5391 φαῦλον.
797 5319 907 5372 Καὶ
951 5318 1074 5388 ούχὶ
1104 5318 1191 5372 διὰ
1216 5318 1278 5370 τὸ
1306 5318 1504 5371 εἰδέναι
1533 5320 1561 5371 6
1592 5317 1758 5373 θάνα-

180 5435 283 5482 τος,
318 5417 457 5471 ἀλλὰ
508 5415 597 5469 διὰ
641 5414 740 5483 τὴν
784 5412 1089 5482 παρακοήν.
1123 5410 1235 5464 Καὶ
1267 5409 1377 5482 7&9
1408 5412 1443 5481 ἡ
1478 5412 1627 5465 πᾶσα
1660 5410 1756 5465 τοῦ

184 5511 371 5584 ἐχθροῦ
406 5510 526 5564 τότε
562 5506 802 5579 συσκευὴ
831 5507 930 5576 οὐχ
963 5505 1147 5559 ἕνεκεν
1168 5506 1264 5560 τοῦ
1293 5504 1579 5576 βρώματος
1607 5507 1758 5577 γέγο-

250 5694 265 5724 ¹
297 5692 339 5747 F
371 5710 454 5762 γω
490 5691 568 5747 δέ.
649 5695 668 5723 ³
700 5689 760 5745 F.
794 5691 1008 5756 αύτούς.
1087 5689 1106 5720 ³
1141 5690 1277 5749 Gen.
1300 5707 1384 5757 tu,
1412 5691 1463 5745 5.

1839 4766 2262 4827 ’multitudinem
2289 4812 2304 4836 ,
2346 4780 2400 4827 et
2436 4770 2782 4827 fraudulenta
2813 4772 3264 4827 consiliadudum
3295 4774 3442 4844 apud

1859 4877 1918 4918 se.
1946 4871 2299 4932 conceperat.
2334 4862 2522 4934 Neque
2554 4880 2683 4919 vero
2709 4865 2857 4920 solus
2884 4864 2973 4918 ille
2996 4904 3013 4930 ,
3047 4865 3140 4935 qui
3165 4865 3442 4921 extrinse-

1856 4971 1956 5011 cus
1987 4957 2316 5026 apparebat,
2353 4973 2579 5026 serpens
2614 4958 2752 5011 tanti
2788 4957 2913 5010 mali
2963 4971 3189 5012 causam
3221 4959 3441 5026 attulit;

1855 5048 1948 5103 sed
1980 5048 2069 5117 qui
2104 5063 2200 5117 per
2231 5063 2354 5103 eum
2390 5047 2716 5118 loquebatur
2740 5048 2882 5102 alius
2913 5063 3142 5118 serpens
3166 5088 3184 5114 ,
3219 5048 3327 5104 hoc
3358 5060 3445 5104 est

1860 5140 2145 5203 diabolus,
2188 5140 2283 5210 qui
2334 5140 2581 5194 auditum
2628 5141 2731 5194 viri
2785 5140 3034 5195 mulieris
3086 5156 3223 5197 usus
3277 5156 3441 5210 opera

1862 5234 2221 5303 perturbavit.
2269 5232 2455 5304 Neque
2506 5234 2715 5304 lignum
2744 5234 2922 5305 ipsum
2972 5242 3256 5305 peccatum
3294 5234 3439 5300 fuit;

1862 5324 1999 5379 nihil
2028 5325 2172 5380 enim
2208 5341 2236 5378 a
2284 5326 2391 5380 Deo
2441 5328 2568 5381 mali
2605 5327 2845 5391 seritur,
2899 5326 2995 5383 sed
3039 5328 3165 5382 boni
3202 5327 3441 5396 malique

1862 5417 2231 5486 cognitionem
2286 5418 2493 5489 lignum
2552 5418 2686 5473 illud
2737 5420 2938 5473 attulit.
2992 5418 3061 5472 At
3110 5434 3218 5473 non
3259 5434 3325 5473 ex
3373 5431 3437 5472 ea

1863 5507 2094 5564 scientia
2128 5524 2277 5565 mors
2296 5517 2399 5575 est,
2426 5509 2523 5569 scd
2546 5526 2609 5566 ex
2636 5511 2984 5567 contumacia
3014 5509 3277 5581 profecta.
3301 5507 3437 5563 Nam
