3844 6350
401 285 512 344 6&5

1791 281 1853 338 S.
1891 273 2234 335 EPIPIIANII

3559 279 3686 337 644

404 412 520 460 tota
553 400 728 457 hostis
760 399 852 456 illa
881 398 1154 456 calliditas
1180 413 1292 455 non
1328 398 1397 454 ad
1425 411 1609 455 escam
1635 397 1980 468 pertinebat;

2098 415 2196 463 θεν,
2223 397 2337 452 ἀλλ’
2367 396 2554 450 ἕνεκεν
2604 396 2698 451 τοῦ
2743 397 3081 469 ἐργάσασθαι
3123 401 3311 469 αὐτοῖς
3356 421 3456 477 την
3485 422 3684 477 παραυ

406 495 502 551 sed
529 509 594 549 eo
621 493 967 564 potissimum
997 491 1302 562 spectabat,
1333 499 1392 544 ut
1421 490 1542 544 illos
1575 494 1643 544 ad
1667 489 1986 544 violandum

405 585 498 640 Dei
529 585 842 640 mandatum
876 584 1197 654 impelleret.
1235 581 1313 635 Ex
1343 595 1454 651 quo
1488 589 1622 635 tunc
1660 580 1896 645 accidit,
1929 588 1988 634 ut

405 677 523 746 lege
566 682 878 746 contempta
929 689 959 730 e
999 673 1255 744 paradiso
1292 673 1647 743 pellerentur,
1681 671 1988 740 meritoque

404 766 827 837 castigarentur,
879 779 988 819 non
1035 764 1162 819 odio
1207 763 1348 827 ullo,
1398 762 1500 818 Sed
1547 762 1640 817 Dei
1687 776 1818 831 erga
1865 761 1987 816 illos

406 872 538 912 cura
582 855 1031 926 providentiaque
1079 853 1360 924 singulari.
1388 852 1480 906 Sic
1530 851 1676 906 enim
1724 850 1988 906 Dominus

407 948 557 1017 ipsos
586 947 882 1016 alloquitur
907 964 920 999 :
952 945 1116 999 Terra
1145 960 1199 998 es
1219 983 1232 1007 ,
1261 953 1309 998 et
1338 944 1392 997 in
1417 952 1614 998 terram
1645 943 1914 997 reverteris
1944 942 1984 998 ³.

411 1039 690 1111 Siquidem
731 1038 928 1094 rationi
968 1045 1396 1093 consentaneum
1449 1037 1574 1099 fuit,
1605 1046 1662 1090 ut
1702 1037 1792 1090 ille
1824 1049 1987 1090 verus

409 1134 640 1198 artifex,
688 1133 832 1203 ﬁguli
884 1131 1080 1196 instar,
1125 1130 1308 1199 operis
1343 1128 1463 1198 ejus
1503 1143 1566 1182 ac
1615 1127 1804 1194 vasis,
1841 1125 1987 1196 quod

409 1225 663 1279 manibus
715 1223 965 1286 ﬁnxerat,
1010 1235 1200 1276 curam
1235 1235 1451 1291 gerens,
1489 1219 1726 1290 idipsnm
1757 1235 1822 1274 ex
1850 1234 1989 1288 pra:-

410 1313 552 1383 cepti
585 1312 878 1368 violatione
909 1309 1279 1368 immunitum,
1305 1307 1548 1378 quandiu
1577 1307 1736 1361 tnolle
1771 1305 1949 1359 adhuc
1969 1345 1986 1370 ,

411 1407 575 1480 269
602 1415 660 1461 ut
697 1408 771 1460 ita
801 1404 1062 1468 dixerim,
1109 1404 1283 1457 lutum
1306 1413 1457 1467 erat,
1501 1413 1662 1472 atque
1692 1417 1755 1456 ex
1794 1400 1988 1455 ﬁssura

411 1497 643 1570 quadam
674 1511 738 1551 ac
779 1496 917 1550 rima
950 1493 1215 1565 perﬂuere
1263 1502 1528 1563 coeperat,
1563 1508 1670 1546 non
1715 1491 1787 1544 ita
1816 1490 1988 1545 desti-

413 1596 626 1653 tueret,
658 1587 752 1643 sed
801 1587 855 1641 in
899 1585 1186 1656 pristinam
1228 1599 1463 1639 massam
1501 1583 1799 1652 redigeret,
1846 1582 1987 1635 utin

413 1679 714 1734 instaurata
766 1677 858 1730 illa
904 1675 1290 1746 generatione,
1353 1674 1457 1728 hoc
1509 1681 1593 1726 est
1648 1677 1986 1724 mortuorum

410 1771 777 1834 excitatione,
819 1784 917 1824 vas
971 1767 1104 1822 illud
1152 1766 1389 1838 priorem
1434 1764 1500 1818 ad
1532 1763 1988 1832 pulchritudinem
2021 1755 2062 1810 Β

412 1865 758 1931 nitoremque
796 1869 1110 1923 revocaret;
1159 1858 1269 1912 imo
1306 1855 1508 1925 aliquid
1545 1856 1594 1909 ei
1643 1855 1866 1924 insuper
1899 1853 1993 1906 ad-

411 1948 626 2024 jiceret.
677 1951 834 2018 Quod
879 1951 947 2006 de
991 1965 1180 2004 eorum
1240 1948 1565 2019 corporibus
1614 1945 1990 2026 accipiendum

413 2052 520 2106 est,
550 2043 642 2113 qui
677 2051 798 2113 post
823 2039 1095 2097 horrenda
1128 2041 1338 2096 scelera
1375 2039 1692 2109 prenitentia
1730 2038 1900 2102 ducti,
1940 2045 1994 2090 et

415 2149 447 2188 a
477 2134 694 2189 delictis
733 2134 1008 2197 revocati,
1036 2134 1090 2186 in
1129 2132 1262 2188 Jesu
1303 2132 1510 2187 Christi
1562 2130 1776 2185 Domini
1820 2130 1992 2184 nostri

415 2225 729 2297 cognitione
764 2224 991 2296 perfecti
1026 2232 1184 2291 sunt,
1218 2233 1276 2278 ut
1304 2225 1394 2278 illa
1421 2225 1488 2280 de
1515 2232 1659 2279 terra
1685 2237 1865 2278 massa
1889 2222 1986 2276 de-

415 2328 529 2367 nuo
573 2321 851 2384 resurgat,
900 2313 1106 2384 argilla!
1145 2313 1349 2378 instar,
1394 2328 1514 2383 qua:
1559 2311 1786 2366 artiﬁcis
1827 2327 1987 2365 manu

2086 487 2406 558 κοήν.⁶Ὀθεν
2434 487 2879 562 παρακούσαντες
2901 491 3047 555 τότε,
3075 492 3169 546 τοῦ
3207 492 3307 565 μὲν
3324 495 3680 568 Παραδείσου

2086 579 2285 646 ἔξωθεν
2322 579 2581 650 γίνονται,
2612 581 3029 653 ὲπιτιμηθέντες
3059 583 3392 650 δικαιότατα,
3428 587 3490 639 ού
3521 586 3680 641 κατά

2091 674 2269 742 μῖσος,
2317 671 2454 726 ἀλλά
2497 672 2639 726 κατά
2674 673 2991 744 ἐπιμέλειαν
3039 675 3134 728 τοῦ
3184 676 3340 730 Θεοῦ.
3381 679 3522 748 Φησὶ
3553 678 3678 749 γὰρ

2089 764 2227 836 πρὸς
2277 763 2475 828 αὐτοὺς
2525 766 2553 818 ὁ
2597 763 2832 836 Κύριοςο
2870 764 2960 834 Γῆ
2999 762 3073 832 εἴ,
3129 768 3228 822 καὶ
3273 771 3362 834 είς
3387 769 3507 839 γῆν
3547 770 3676 824 dx-

2088 856 2491 924 ελεύσῃ.Ἔδει
2506 855 2614 928 γὰρ
2640 855 2729 910 τὸν
2756 857 2924 922 ὅντως
2945 857 3072 913 ὄντα
3092 859 3358 931 τεχνίτην,
3376 862 3676 932 κεραμέως

2087 947 2241 1018 δίκην
2270 946 2662 1018 ἐπιμελόμενον
2689 949 2782 1002 τοῦ
2810 949 2939 1002 ἰδίου
2972 950 3059 1004 διὰ
3112 951 3309 1023 χειρῶν
3345 952 3676 1023 πεπλασμέ⁸

2087 1055 2178 1091 νου
2208 1037 2371 1092 αὐτοῦ
2407 1039 2721 1111 πλάσματός
2754 1057 2814 1093 τε
2857 1039 2954 1093 καὶ
2993 1040 3216 1109 ἀγγους,
3251 1041 3408 1095 τοῦτο
3437 1041 3674 1114 ὕστερον

2088 1130 2146 1184 ἐν
2189 1129 2530 1202 ὲλαττώματι
2571 1131 2793 1200 γεγονὸς
2841 1129 2931 1185 διὰ
2978 1133 3078 1202 τῆς
3107 1133 3412 1204 παρακοῆς,
3443 1134 3555 1194 καὶ,
3590 1133 3674 1198 ὡς

2089 1224 2282 1286 εἰπεῖν,
2317 1222 2398 1276 ἔτι
2427 1223 2602 1294 πηλοῦ
2636 1224 2807 1290 ὄντος,
2842 1223 2937 1278 καὶ
2962 1224 3037 1288 ὡς
3063 1225 3166 1278 ὑπὸ
3191 1226 3400 1295 ραγάδα
3422 1225 3674 1296 ἀπόῤῥυ-

2092 1315 2210 1384 μα’
2243 1313 2524 1382 γεγονότος
2575 1313 2669 1368 τοῦ
2718 1316 2940 1384 ἀγγους,
2977 1315 3051 1386 μὴ
3097 1316 3251 1370 ἐάσαι
3300 1315 3494 1380 οὕτως,
3527 1316 3671 1370 ἀλλά

2093 1405 2414 1476 μεταϐαλεῖν
2444 1407 2523 1470 είς
2552 1407 2611 1460 τὸ
2641 1407 2864 1480 ἀρχαῖον
2896 1407 3150 1479 φύραμα·
3182 1408 3269 1461 ἵνα
3301 1403 3458 1471 αὖθις
3505 1409 3560 1460 ὲν
3597 1409 3667 1476 τῇ

2090 1496 2478 1569 παλιγγενεσία
2504 1500 2852 1574 ἀνασκευάσῃ
2881 1501 2940 1553 τὸ
2971 1501 3137 1569 ἄγγος
3167 1503 3224 1554 ὲν
3253 1503 3317 1571 τῇ
3369 1500 3671 1553 ἀναστάσει

2089 1589 2168 1650 είς
2201 1588 2299 1659 τὴν
2330 1588 2561 1660 ἀρχαίαν
2605 1591 2952 1663 φαιδρότητα,
2987 1593 3081 1646 καὶ
3133 1591 3211 1644 ἔτι
3261 1591 3668 1663 περιττότερον·

2091 1681 2336 1735 τουτέστι
2363 1683 2432 1736 τὰ
2460 1683 2685 1755 σώματα
2723 1686 2832 1739 τῶν
2869 1687 2938 1741 τά
2981 1685 3288 1740 ἀδικώτατα
3316 1685 3670 1756 πραξάντων,

2091 1772 2184 1825 καὶ
2217 1777 2682 1847 μετανοησάντων,
2699 1779 2792 1832 καὶ
2814 1780 3162 1832 ἀποστάντων
3192 1779 3300 1832 τῶν
3329 1779 3474 1831 ἰδίων
3499 1777 3673 1848 σφαλ-

2093 1863 2298 1934 μάτων,
2335 1869 2428 1921 καὶ
2476 1869 2532 1922 ὲν
2575 1871 2639 1940 τῇ
2686 1869 2884 1938 γνώσει
2927 1870 3020 1923 τοῦ
3066 1870 3275 1942 Κυρίου
3305 1869 3462 1942 ἡμῶν
3488 1867 3670 1939 Ἰησοῦ

2089 1954 2324 2026 Χριστοῦ
2373 1958 2764 2013 τελειωθέντων
2785 1977 2798 1990 ·
2830 1961 2917 2016 ἵνα
2945 1961 3168 2032 γένηται
3207 1961 3300 2015 τοῦ
3343 1961 3670 2033 φυράματος

2090 2043 2124 2113 ἧ
2154 2045 2448 2110 ἀνάστασις
2477 2048 2542 2101 ὲκ
2570 2049 2668 2120 τῆς
2701 2049 2824 2126 γῆς,
2856 2051 2930 2114 ὼς
2955 2051 3182 2122 φύραμα
3213 2051 3488 2122 μαλαχθὲν
3515 2049 3671 2120 παρὰ

2091 2134 2184 2187 τοῦ
2211 2137 2473 2207 τεχνίτου,
2510 2141 2603 2193 καὶ
2636 2136 2790 2204 αὖθις
2815 2143 2894 2205 εἰς
2919 2142 3016 2214 τὴν
3045 2143 3296 2215 ἀρχαίαν,
3325 2143 3422 2196 καὶ
3449 2141 3532 2195 ἔτι
3558 2141 3672 2212 βελ-

2093 2227 2192 2281 τίω
2233 2229 2578 2287 ἀνατύπωσιν
2625 2233 3071 2304 κατασκευασθῇ.
3102 2231 3336 2304 Τοιαύτη
3383 2232 3485 2303 μὲν
3537 2226 3607 2301 ἦν
3633 2230 3669 2300 ἡ

2095 2319 2352 2395 ἐπιϐουλὴ
2386 2323 2480 2378 τοῦ
2514 2324 2689 2396 ὄφεως
2721 2326 2860 2397 πρὸς
2887 2325 2982 2397 τὴν
3013 2323 3178 2381 Εὕαν.

416 2407 657 2462 mollitur
736 2419 801 2461 ac
883 2406 1194 2476 subigitur;
1253 2422 1427 2477 eoque
1492 2405 1653 2462 modo
1713 2407 1768 2461 in
1841 2407 2120 2476 antiquam
2191 2417 2274 2473 vel
2349 2420 2513 2474 etiam
2581 2420 3017 2490 prastamiorem
3089 2417 3328 2489 speciem
3402 2414 3672 2484 ναῖοι-ωε..

416 2528 526 2576 tur.
573 2519 731 2575 Tales
769 2519 1032 2575 adversus
1055 2519 1220 2574 Evam
1260 2519 1411 2576 fuere
1445 2519 1717 2590 serpentis
1755 2518 1991 2574 insidiae.

489 2679 556 2735 ll.
601 2678 813 2736 Etenim
852 2681 966 2752 jam
1004 2693 1117 2740 tum
1162 2679 1230 2734 ab
1276 2677 1432 2732 initio
1479 2683 1677 2730 natura
1720 2674 2000 2729 hominum

415 2771 678 2828 novitatis
734 2772 928 2842 cupida
953 2812 970 2839 ,
1014 2771 1170 2828 vanis
1195 2768 1508 2838 dogmatum
1551 2765 1780 2822 somniis
1805 2773 1859 2820 et
1887 2765 2004 2817 ina-

418 2864 581 2919 nibus
635 2864 925 2934 promissis
973 2864 1110 2919 solet
1169 2859 1362 2929 abripi.
1407 2856 1472 2910 Ει
1495 2859 1710 2926 quidem
1735 2855 2001 2926 principio

421 2954 596 3011 latens
631 2956 718 3012 ille
763 2971 827 3010 ac
873 2956 1078 3011 sensim
1117 2952 1407 3013 obrepcns,
1448 2949 1590 3003 ictus
1623 2946 1868 3002 venenati
1891 2945 2004 2999 exi-

419 3053 534 3101 tum
561 3045 962 3102 dissimulabat.
1011 3044 1208 3098 Postea
1257 3055 1381 3093 cum
1432 3036 1682 3091 Salvator
1716 3049 1995 3106 assumpto

419 3151 650 3207 corpore
680 3137 938 3200 venisset,
966 3135 1114 3189 virus
1141 3148 1302 3186 omne
1349 3145 1506 3185 suum
1555 3145 1617 3182 ac
1656 3129 1846 3182 nefarii
1879 3143 1989 3183 sce-

420 3227 551 3284 leris
576 3229 978 3299 improbitatem
1004 3240 1252 3280 evomere
1271 3238 1335 3276 ae
1364 3223 1631 3290 chpuere
1655 3225 1838 3290 C(I'pil.
1858 3221 1993 3271 Nam

423 3321 776 3391 semetipsum
810 3317 1111 3374 infelicium
1147 3317 1362 3370 illorum
1395 3315 1669 3369 mentibus
1698 3313 1790 3366 Dei
1825 3314 1998 3366 instar

425 3411 735 3466 habendum
791 3409 1288 3478 celebraudumque
1337 3405 1642 3476 preposuit.
1697 3403 1803 3458 Sed
1853 3404 1994 3457 idem

425 3516 673 3572 serpens,
722 3501 816 3570 qui
869 3513 964 3570 per
1012 3499 1264 3552 alumnus
1305 3495 1610 3566 disciplinae
1641 3510 1754 3548 suae
1791 3503 1995 3561 postea,

422 3595 554 3649 olim
608 3609 704 3664 per
751 3591 1135 3662 aSpectahilcm
1187 3589 1338 3644 illum
1382 3597 1714 3658 serpentem,
1750 3585 1998 3640 homines

425 3685 814 3750 circumvenit;
861 3682 1138 3737 diabolum
1184 3681 1328 3735 enim
1379 3679 1660 3750 Scriptura
1696 3689 1996 3748 serpentem

424 3775 706 3842 nominat;
740 3790 849 3830 non
878 3773 1020 3845 quod
1053 3788 1112 3828 ca
1141 3775 1214 3826 sit
1237 3771 1357 3842 ejus
1387 3771 1559 3841 ligura
1578 3811 1592 3837 ,
1635 3771 1728 3825 sed
1760 3769 1903 3840 quod
1933 3785 2000 3823 ex

425 3869 684 3925 omnibus
731 3866 921 3922 bestiis
973 3865 1043 3920 sit
1097 3864 1189 3920 ille
1241 3864 1701 3930 tortuosissimus,
1747 3862 2000 3932 quodque

426 3961 659 4033 primam
699 3958 942 4014 omnium
981 3954 1226 4011 fraudem
1265 3955 1369 4010 sub
1409 3955 1677 4025 serpentis
1719 3955 1999 4008 involucro

429 4053 651 4110 molitus
683 4051 866 4107 fuerit.
903 4049 1268 4118 Quamobrem
1299 4048 1442 4119 apud
1473 4063 1589 4113 eos,
1618 4047 1712 4118 qui
1753 4047 2000 4102 veritatis

429 4144 577 4202 haud
612 4144 785 4216 ignari
821 4153 969 4207 sunt,
1011 4141 1304 4196 ridiculum
1341 4150 1425 4196 est
1459 4140 1606 4196 illius
1637 4140 1854 4211 dogma,
1889 4155 1999 4194 non

430 4237 616 4291 minus
673 4249 835 4304 quam
892 4233 987 4303 qui
1043 4231 1219 4287 eidem
1287 4231 1698 4300 acquiesccntes
1758 4229 2000 4284 numinis

431 4325 607 4381 instar
632 4331 937 4394 serpentem
969 4323 1174 4377 colunt.
1211 4320 1471 4376 Diabolus
1499 4321 1730 4390 quippe,
1761 4335 1884 4376 cum
1918 4321 1998 4375 vi-

2169 2671 2246 2724 B'.
2290 2669 2381 2735 Ἐξ
2408 2670 2584 2740 ἀρχῆς
2606 2669 2714 2740 γὰρ
2743 2668 2978 2740 λίχνοςή
3014 2663 3324 2739 ἀνθρωπεία
3355 2665 3542 2736 φύσις,
3576 2664 3672 2717 καὶ

2099 2761 2417 2833 ὑπαγομένη
2446 2761 2531 2814 ἀεὶ
2552 2763 2664 2825 τοῖς
2688 2762 2783 2833 τῆς
2820 2759 3149 2828 κενοφωνίας
3185 2758 3416 2830 δόγμασι
3452 2759 3550 2811 καὶ⁵
3577 2774 3671 2810 κε-

2097 2855 2215 2917 ναῖς
2265 2851 2607 2921 ὑποσχέσεσι.
2653 2851 2763 2905 Καὶ
2817 2850 2982 2904 πάλαι
3015 2849 3113 2920 μὲν
3155 2847 3608 2920 κρυπταξόμενος
3645 2847 3673 2900 ὁ

2097 2944 2259 3008 αὐτὸς
2312 2944 2411 2996 οὐκ
2463 2943 2649 3014 ἐδήλου
2689 2942 2788 3014 τῆς
2837 2941 3000 2996 αὑτοῦ
3068 2940 3299 3003 ίοϐολίας
3343 2939 3407 2992 τὸ
3459 2939 3670 3010 πέρας·

2098 3035 2322 3107 ὕστερον
2354 3036 2408 3088 δὲ
2436 3034 2593 3108 ,μετά
2641 3034 2738 3106 τὴν
2775 3034 3036 3106 ἓνσαρκον
3081 3031 3316 3104 Χριστοῦ
3366 3030 3672 3101 παρουσίαν

2098 3125 2330 3197 ὲξήμεσέ
2357 3143 2415 3178 τε
2456 3127 2546 3178 καὶ
2584 3125 2863 3179 ἀπέπτυσε
2891 3125 2987 3196 τὴν
3018 3126 3194 3177 πᾶσαν
3216 3121 3380 3176 αὐτοῦ
3425 3123 3556 3194 ίώδη
3583 3123 3672 3175 καὶ

2100 3218 2378 3291 μοχθηρὰν
2426 3218 2665 3271 ἐπίνοιαν
2708 3219 2810 3288 τῆς
2839 3217 3143 3280 κακονοίας.
3178 3211 3344 3279 Οὗτος
3393 3216 3505 3287 γὰρ
3543 3231 3672 3285 προ-

2097 3311 2320 3365 εϐάλετο
2347 3310 2537 3365 ἑαυτὸν
2566 3313 2622 3364 ὲν
2651 3312 2716 3381 τῇ
2747 3309 2853 3364 τῶν
2877 3310 3243 3381 ὴπατημένων
3277 3307 3491 3379 διανοίᾳ
3530 3307 3671 3373 δοξά-

2099 3401 2285 3468 ζεσθαι
2327 3401 2402 3466 ὼς
2450 3400 2582 3465 Θεὸς
2611 3402 2706 3454 και⁷
2749 3401 3091 3473 προνοεῖσθαι
3121 3401 3152 3452 ⁸.
3196 3400 3528 3453 Γινώσκεται
3565 3399 3619 3452 δὲ
3646 3400 3672 3451 ὁ

2097 3495 2258 3558 αὐτὸς
2287 3496 2407 3566 ὄφις
2469 3495 2558 3549 διά
2607 3513 2666 3548 τε
2708 3495 2807 3566 τῆς
2853 3493 3020 3548 αὑτοῦ
3057 3493 3254 3564 σχολῆς
3307 3491 3536 3563 ταύτης,
3584 3489 3670 3544 καὶ

2098 3585 2166 3639 δι’
2195 3587 2370 3655 ὄφεως
2401 3586 2496 3640 τοῦ
2521 3586 2776 3659 αἰσθητοῦ
2823 3585 2921 3656 τὴν
2960 3584 3173 3654 ἀπάτην
3213 3583 3481 3655 ἐμποιῶν.
3519 3583 3670 3652 Ὄφιν

2098 3677 2156 3732 δὲ
2187 3679 2347 3750 δῆθεν
2381 3682 2412 3751 ὴ
2440 3679 2559 3732 θεία
2600 3677 2790 3751 Γραφὴ
2818 3678 2974 3732 καλεῖ
3009 3678 3100 3731 τὸν
3132 3676 3398 3742 διάϐολον,
3440 3675 3506 3728 ού
3543 3674 3670 3728 πάν-

2098 3789 2206 3835 τως
2252 3772 2382 3825 ὄντα
2410 3770 2646 3825 τοιοῦτον
2683 3773 2748 3842 τῇ
2795 3771 2997 3841 μορφῇ,
3049 3768 3186 3823 ἀλλά
3229 3768 3317 3823 διά
3366 3767 3460 3823 τὸν
3493 3767 3670 3838 φαινό-

2103 3881 2262 3936 μενον
2281 3866 2392 3928 τοῖς
2419 3861 2725 3935 ἀνθρώποις
2751 3860 3124 3927 σκολιώτατον,
3153 3860 3249 3914 καὶ
3274 3859 3335 3914 τὺ
3356 3862 3414 3913 ἐν
3437 3859 3670 3933 πρώτοις

2099 3957 2157 4010 ὲν
2177 3957 2298 4027 ὕφει
2323 3956 2614 4030 ὲνεργηθὲν
2641 3959 2740 4028 τῆς
2764 3956 2978 4027 ἀπάτης
3001 3939 3347 4026 σκευώρημα.
3376 3955 3542 4027 Παρά
3568 3956 3668 4018 τοῖς

2097 4049 2277 4104 τοίνυν
2319 4049 2419 4122 τὴν
2456 4049 2734 4121 ῖάλήθειαν
2788 4048 3207 4117 ἐπιγινώσκουσι
3268 4049 3667 4118 καταγέλαστον

2099 4139 2290 4195 τούτου
2335 4141 2397 4195 τὸ
2425 4141 2622 4212 δόγμα,
2664 4142 2758 4194 καὶ
2803 4141 2852 4194 οἱ
2898 4140 3046 4212 αύτῷ
3086 4140 3540 4213 προσανέχοντες,
3585 4140 3665 4193 τὸν

2099 4232 2221 4302 ὅφιν
2259 4233 2334 4297 ὡς
2372 4233 2503 4304 Θεὸν
2546 4231 2878 4297 δοξάζοντες.
2913 4231 3128 4303 Μηκέτι
3173 4231 3280 4303 γὰρ
3319 4232 3616 4302 δυνάμενος
3640 4228 3666 4282 ό

2100 4325 2346 4388 διάϐολος
2369 4324 2468 4395 τὴν
2508 4324 2759 4396 ἀνδρείαν
2793 4323 3030 4378 διάνοιαν
3064 4323 3160 4395 τὴν
3187 4322 3294 4376 ἀπὸ
3331 4322 3425 4376 τοῦ
3467 4324 3662 4395 Κυρῖου

428 4416 583 4471 rilem
611 4414 849 4468 animum
879 4412 1126 4467 veritatis
1152 4426 1181 4465 a
1213 4410 1321 4466 Deo
1343 4411 1651 4482 cognitione
1683 4411 1996 4466 roboratum

2101 4416 2369 4472 λαϐοῦσαν
2404 4416 2501 4487 τὴν
2528 4415 2753 4486 δύναμιν
2794 4416 2893 4488 τῆς
2921 4414 3175 4486 ἀληθείας
3206 4415 3442 4485 ἀπατᾷν,
3474 4415 3662 4484 τρέπε-

427 4507 677 4577 decipere
722 4521 828 4560 non
876 4512 1082 4574 posset,
1129 4503 1197 4558 ad
1241 4505 1521 4559 mulierem
1565 4518 1685 4558 sese
1717 4504 2005 4569 convertit,

428 4597 710 4654 hominum
753 4596 998 4650 videlicet
1041 4595 1438 4666 ignorantiam;
1479 4595 1820 4663 etquoniam
1856 4594 2008 4649 forti-

431 4691 535 4745 bus
564 4689 797 4759 ingeniis
829 4688 1018 4757 nequit
1048 4687 1298 4750 illudere,
1330 4702 1425 4740 eos
1454 4686 1654 4755 quibus
1691 4687 2007 4759 ignorantia:

431 4781 650 4835 Caecitas
684 4777 917 4833 obducta
946 4787 1052 4842 est,
1089 4777 1156 4832 ad
1187 4793 1306 4834 sese
1339 4786 1570 4831 conatur
1599 4779 1837 4834 allicere.
1870 4779 2006 4833 Nam

433 4872 794 4927 muliebribus
845 4879 1106 4939 perpetuo
1159 4869 1583 4938 cogitationibus
1637 4871 2001 4933 adhaerescit,

432 4960 697 5029 voluptati
727 4961 985 5013 nimirum
1011 4968 1064 5014 ct
1093 4958 1414 5028 cupiditati,
1446 4959 1549 5012 hoc
1579 4966 1662 5012 est
1688 4959 2007 5015 effeminata:

433 5053 488 5109 in
525 5051 832 5106 hominibus
867 5052 1218 5121 ignorantia;
1255 5051 1408 5104 ﬁrma
1443 5066 1572 5104 vero
1604 5067 1666 5104 ac
1697 5055 2006 5109 constantia

432 5145 651 5216 ingenia
697 5143 1046 5208 reformidat,
1078 5158 1198 5212 quae
1230 5158 1410 5196 rerum
1444 5143 1687 5196 omnium
1719 5153 2010 5200 consenta-

433 5251 591 5292 neam
641 5250 705 5290 ac
746 5249 1045 5303 congruam
1093 5234 1339 5288 notitiam
1384 5232 1705 5294 informant,
1739 5251 1802 5290 ac
1836 5235 2004 5291 Deum

435 5329 612 5396 ipsum
661 5341 728 5377 ex
777 5333 987 5378 natura:
1016 5323 1130 5392 lege
1173 5322 1514 5376 discernunt.
1552 5324 1829 5378 Christum
1861 5327 2004 5379 enim

435 5435 493 5474 se
526 5417 738 5472 illorum
763 5431 884 5471 esse
910 5430 1136 5485 serpens
1160 5415 1450 5483 prmdicat;
1478 5416 1642 5484 270
1673 5416 1753 5470 vel
1785 5417 2007 5472 minime

435 5509 550 5580 ipse
573 5507 814 5580 quidem,
849 5522 1024 5578 neque
1055 5506 1201 5561 enim
1237 5506 1384 5576 loqui
1422 5514 1636 5575 potest;
1671 5508 1763 5562 sed
1796 5510 1888 5578 qui
1925 5519 2003 5563 ta-

507 5663 526 5698 ¹
553 5663 690 5719 Gen.
723 5677 803 5732 tu,
834 5662 918 5716 19.
993 5663 1014 5695 ⁸
1051 5658 1113 5717 F.
1140 5659 1234 5714 ml.
1258 5661 1420 5732 άπορ.
1497 5661 1518 5692 ³
1539 5658 1602 5716 ιτ.
1641 5661 2070 5732 προσκυνεῖσθαι.

2099 4525 2188 4564 ται
2219 4508 2310 4560 ἐπὶ
2326 4508 2386 4560 τὸ
2413 4506 2566 4577 θῆλυ,
2588 4496 2831 4559 τουτέστι
2860 4505 2956 4577 τὴν
2984 4505 3089 4558 τῶν
3111 4505 3410 4578 ἀνθρώπων
3431 4506 3662 4574 ἄγνοιαν,

2102 4600 2196 4654 καὶ
2229 4597 2404 4652 πείθει
2440 4599 2565 4662 τοὺς
2601 4598 2658 4651 έν
2685 4601 2752 4669 τῇ
2779 4597 2990 4669 ἀγνοίᾳ,
3029 4598 3214 4668 ἐπειδὴ
3243 4599 3305 4650 ού
3339 4598 3565 4651 δύναται
3588 4598 3662 4650 τὸν

2104 4690 2321 4763 στερεὸν
2363 4689 2619 4762 λογισμὸν
2650 4691 2949 4761 ἀπατῆσαι.
2979 4689 3243 4761 Θηλυκοῖς
3284 4689 3392 4761 γὰρ
3432 4690 3524 4742 ἀεὶ
3559 4690 3661 4742 δια-

2101 4784 2337 4852 νοήμασι
2365 4781 2748 4854 προσπελάζει,
2777 4781 2936 4852 ήδονῇ
2975 4798 3032 4834 τε
3062 4782 3154 4834 καὶ
3195 4779 3484 4852 ἐπιθυμία,
3520 4797 3662 4834 τουτο

2108 4872 2222 4925 ἐστι
2251 4875 2316 4944 τῇ
2347 4874 2403 4925 ὲν
2446 4872 2751 4944 ἀνθρώποις
2791 4871 3153 4944 θηλυνομένῃ,
3184 4873 3276 4925 καὶ
3301 4874 3423 4944 οὐχὶ
3454 4874 3534 4944 τῷ
3562 4891 3662 4927 στε-

2110 4963 2216 5036 ρεῷ
2243 4963 2506 5035 λογισμῷ,
2529 4964 2606 5034 τῷ
2623 4964 2858 5032 εὐλόγως
2885 4963 2955 5016 τὰ
2979 4964 3156 5016 πάντα
3189 4964 3418 5026 νοοῦντι,
3433 4966 3530 5019 καὶ
3547 4966 3660 5019 θεὸν

2107 5051 2213 5105 ἀπὸ
2239 5051 2332 5105 τοῦ
2363 5053 2500 5106 κατά
2534 5053 2693 5121 φύσιν
2723 5053 2885 5123 νόμου
2917 5052 3348 5121 ὲπιγινώσκοντι.
3379 5055 3545 5122 Λέγει
3572 5055 3660 5124 γὰρ

2107 5141 2300 5196 ἑαυτὸν
2327 5137 2466 5196 εἶναι
2500 5142 2737 5212 Χριστὸν
2767 5144 2794 5195 ὁ
2822 5143 2952 5211 παρ’
2970 5143 3153 5205 αὐτοῖς
3193 5142 3314 5212 δφις
3337 5159 3350 5170 ·
3393 5145 3591 5214 μᾶλλον
3615 5142 3660 5195 δὲ

2105 5233 2204 5287 οὐκ
2227 5233 2388 5296 αὐτὸς
2462 5235 2543 5302 (οὐ
2571 5233 2680 5305 γάρ
2713 5233 2935 5288 δύναται
2974 5233 3506 5303 φθέγξασθαι),άλλά
3525 5239 3553 5288 ὀ
3583 5234 3660 5302 τὴν

2105 5327 2284 5380 αὐτῶν
2318 5326 2522 5381 ἔννοιαν
2548 5327 2690 5380 οὓτω
2723 5329 2938 5399 φρονεῖν
2965 5327 3391 5397 παρασκευάσας
3415 5328 3656 5387 διάϐολος.

2107 5417 2200 5482 Τίς
2222 5419 2416 5487 τοίνυν,
2437 5419 2557 5472 ἰδὼν
2580 5419 2672 5473 τὸν
2692 5419 2836 5489 ὅφιν,
2860 5421 2959 5472 ούκ
2982 5418 3342 5487 ἐπιγνώσεται
3358 5419 3451 5472 τὸν
3468 5418 3656 5490 ἐχθρὸν.

2108 5510 2200 5564 καὶ
2225 5510 2476 5581 φεύξεται
2497 5528 2510 5579 ;
2535 5509 2739 5564 Τούτου
2769 5511 2877 5582 γάρ
2899 5511 3083 5567 ἕνεκεν
3109 5510 3201 5564 καὶ
3232 5512 3260 5564 ὁ
3290 5511 3496 5583 Κύριος
3522 5508 3656 5563 αύτὺν
