3768 6182
148 196 250 254 645

735 185 1105 245 ADVERSUS
1133 183 1477 243 HERESES
1510 181 1638 239 LIB.
1671 181 1712 238 Ι.

1864 179 1912 236 il.
1956 178 2119 236 lll.—
2147 177 2422 236 ΗΑΕΒΕΒ.
2461 176 2723 236 XXXVII.

3292 179 3397 240 σω

142 307 323 362 τοῦτον
359 303 446 358 τὸν
484 302 606 372 ὅφιν
636 303 716 366 εἰς
747 302 970 373 ἐχθρίαν
1014 301 1315 372 κατέστησε
1353 298 1446 353 τοῦ
1484 299 1592 354 τῶν
1623 299 1708 353 ἀν.

1864 313 1920 350 :m
1952 297 2182 353 istorum
2206 295 2484 352 mentibus
2507 293 2894 365 cogitationem
2911 291 3104 364 injecit
3117 293 3393 356 diabolus.

144 396 370 469 θρώπων
398 394 618 463 γένους·
647 392 832 463 ἐπειδὴ
853 393 985 456 ὅλως
1015 390 1205 454 σκεῦος
1224 391 1468 445 διαϐόλου
1490 390 1708 459 γέγονε,

142 490 332 558 κτῆνος
371 486 464 550 ὢν,
498 485 592 538 καὶ
620 484 687 537 δι’
731 483 894 536 αὐτοῦ
925 483 1174 552 ἧπάτησε
1209 482 1452 544 διάϐολος
1497 481 1589 534 τὸν
1620 481 1714 534 ἄν·

143 579 352 651 θρωπον
391 580 448 632 ὲν
473 576 551 646 τῷ
585 575 896 646 παραδείσῳ
924 592 937 605 ⁸
973 574 1076 639 ἵνα,
1132 573 1329 636 ἰδόντες
1375 572 1472 642 τὴν
1519 569 1711 623 τούτου

139 671 355 742 ἐχθρίαν
378 669 472 723 τοῦ
499 667 756 738 αἰσθητοῦ
779 668 973 737 ὄφεως,
999 665 1434 736 ἀποδιδράσκωσι
1461 665 1559 735 τῆς
1581 665 1715 719 ἀπά-

140 780 237 832 της
266 762 362 832 τὴν
401 760 712 831 ἐπιϐουλὴν,
749 761 842 812 καὶ
884 759 1207 830 μισήσωσιν,
1235 757 1308 820 ώς
1355 758 1549 820 εἰπεῖν,
1581 754 1706 808 θεάο

140 853 332 906 σασθαι
367 854 459 906 καὶ
492 851 551 904 τὸ
579 847 736 914 εἶδος.

1821 384 2021 456 Ecquis
2059 400 2189 440 vero
2235 384 2420 439 statim
2454 400 2518 438 ac
2549 391 2856 453 serpentem
2902 383 3129 449 viderit,
3155 401 3266 441 non
3296 386 3398 442 ho-

1817 484 1954 533 stem
1986 475 2382 531 animadvertat
2412 490 2476 530 ac
2508 474 2714 545 fugiat?
2743 473 2892 529 Hanc
2920 475 3063 529 enim
3083 475 3153 530 ob
3173 487 3396 535 causam

1816 570 2079 626 Dominus
2103 577 2408 640 serpentem
2435 567 2575 622 inter
2599 565 2991 636 hominumque
3015 582 3189 639 genus
3219 569 3396 625 hosti-

1815 663 1896 719 les
1949 661 2264 717 inimicitias
2334 659 2596 725 immisit;
2654 657 2802 729 quod
2863 659 3090 714 omnino
3143 660 3396 718 diabolus

1817 755 2006 810 bestiae
2031 769 2205 824 genus
2231 752 2370 807 istud
2398 751 2547 806 velut
2571 751 2998 804 instrumentum
3030 750 3394 816 adhibuisset.

1813 843 2196 914 hominemque
2229 843 2372 896 intra
2395 839 2634 912 paradisi
2665 851 2818 911 septa
2850 841 3179 911 decepisset,
3209 853 3266 898 ut
3296 842 3390 914 qui

137 946 344 1001 externi
376 944 644 1014 serpentis
677 942 926 997 hostilem
959 941 1194 1011 speciem
1239 940 1541 1010 conspicati
1588 937 1814 1006 fuerint,
1857 938 1926 993 ab
1972 937 2092 1008 ejus
2136 934 2352 990 insidiis
2379 944 2626 1002 caveant,
2693 949 2758 989 ac
2823 933 2910 989 vel
2964 933 3167 1005 ipsum,
3196 941 3258 990 ut
3315 935 3393 991 ita

138 1039 334 1103 dicam,
360 1043 712 1106 conspectum
747 1035 892 1088 illius
918 1034 1332 1088 exhorrescant.

206 1129 242 1178 Γ
244 1134 278 1180 ⁸.
321 1125 654 1179 Ἀποδιδόασι
679 1123 733 1175 δὲ
758 1124 850 1176 καὶ
875 1115 1019 1176 οὗτοι
1063 1123 1110 1174 οἱ
1145 1124 1355 1190 Ὀφῖται
1388 1120 1707 1192 καλούμενοι

137 1221 307 1290 τούτῳ
339 1219 415 1290 τῷ
439 1217 548 1270 ἕθει
585 1219 600 1248 ¹
634 1215 730 1287 τὴν
761 1217 938 1268 πᾶσαν
967 1215 1185 1285 γνῶσιν,
1217 1214 1482 1282 λέγοντες,
1512 1215 1592 1268 ὅτι
1621 1209 1710 1269 οὗ·

136 1329 224 1374 τος
255 1309 397 1382 ἀρχὴ
427 1309 617 1377 γέγονε
643 1306 896 1376 γνώσεως
937 1308 1049 1368 τοῖς
1075 1303 1409 1377 ἀνθρώποις·
1449 1304 1708 1377 μυθωδῶς

137 1402 589 1472 παρεισφέροντες
625 1398 693 1451 τὰ
734 1399 861 1468 παρ’
903 1397 1083 1460 αὐτοῖς
1131 1397 1459 1467 νομιζόμενα
1497 1397 1705 1467 μυστή-

140 1512 250 1564 ρια,
285 1493 703 1565 μιμολογηματα
738 1489 794 1541 δὲ
831 1488 979 1550 ὄντα,
1017 1487 1111 1541 καὶ
1146 1486 1341 1559 χλεύης
1369 1487 1579 1558 ἔμπλεα
1613 1486 1705 1541 καὶ

141 1582 640 1655 ματαιοφροσύνηςο
688 1580 844 1652 μῦθοι
887 1579 996 1651 γὰρ
1033 1579 1107 1643 ώς
1152 1578 1367 1649 ἀληθῶς
1406 1570 1571 1631 οὗτοι.
1597 1579 1705 1632 Φά-

141 1693 324 1728 σκουσι
343 1673 566 1745 γὰράπὸ
581 1672 674 1725 τοῦ
702 1671 812 1726 ἄνω
835 1671 1036 1734 Ᾱῐῶνος
1056 1670 1454 1742 προϐεϐλῆσθαι
1471 1671 1704 1738 Αἰῶνας,

139 1768 231 1822 καὶ
283 1765 590 1835 κατώτερον
633 1763 961 1833 γεγενῆσθαι
998 1764 1027 1816 ὁ
1072 1761 1393 1816 Ἰαλδαϐαώθ
1424 1765 1478 1794 ⁸⁸
1519 1763 1707 1817 τοῦτον

139 1860 192 1914 δὲ
237 1855 638 1929 προϐεϐλῆσθαι
685 1855 822 1908 κατὰ
871 1854 1176 1925 ἀδράνειαν,
1211 1856 1302 1908 καὶ
1348 1854 1569 1923 ἄγνοιαν
1610 1855 1709 1926 τῆς

143 1948 273 2012 ἰδίας
306 1947 534 2019 μητρὸς,
555 1945 796 1998 τουτέστι
822 1944 918 2014 τῆς
940 1943 1052 1997 ἄνω
1075 1944 1400 2015 Προυνείκου
1424 1945 1464 2001 ³.
1493 1943 1709 2016 Ταύτην

139 2040 243 2112 γάρ
265 2057 395 2110 φασι
419 2039 516 2110 τὴν
532 2036 857 2108 Προύνεικον
875 2036 1291 2108 κατεληλυθέναι
1322 2038 1401 2100 εἰς
1423 2037 1491 2090 τὰ
1517 2037 1706 2102 ὕδατα,

140 2132 230 2185 καὶ
264 2130 521 2202 μιχθῆναι
553 2131 752 2192 αὐτοῖς,
793 2129 886 2181 κα)⁸
921 2129 994 2199 μὴ
1023 2128 1334 2199 δεδυνῆσθαι
1373 2131 1452 2192 εἰς
1497 2130 1565 2183 τὰ
1598 2130 1709 2184 ἄνω

141 2225 356 2293 χωρεῖν,
391 2221 477 2274 διὰ
504 2221 564 2274 τὸ
610 2218 870 2291 μεμίχθαι
903 2218 980 2290 τῷ
1015 2219 1166 2292 βάρει
1206 2220 1305 2291 τῆς
1334 2219 1488 2291 ὕλης,
1518 2222 1710 2292 έπιμε-

145 2313 332 2385 μίχθαι
355 2313 410 2365 δὲ
441 2312 608 2383 αὐτὴν
639 2315 751 2375 τοῖς
796 2311 950 2364 ὕδασι
997 2312 1091 2365 καὶ
1125 2315 1189 2382 τῇ
1227 2311 1348 2384 ὕλῃ,
1378 2313 1473 2365 καὶ
1511 2313 1708 2383 μηκέτι

141 2405 430 2476 δυνηθῆναι
474 2405 796 2475 ἀναχωρεῖν.
838 2403 1040 2473 Ἐπῆρε
1083 2402 1141 2456 δὲ
1186 2404 1384 2474 ἑαυτὴν
1416 2405 1554 2457 κατὰ
1589 2404 1709 2473 βίαν

141 2497 217 2558 εἰς
257 2495 329 2546 τὰ
368 2491 635 2564 ἀνώτερα,
681 2493 775 2546 καὶ
826 2491 1088 2556 ἐξέτεινεν
1139 2493 1360 2563 ἑαυτήν·
1397 2493 1492 2547 καὶ
1538 2493 1710 2557 οὕτως

142 2584 358 2654 γέγονεν
388 2581 655 2654 ἀνώτερος
684 2580 929 2653 οὐρανός.
957 2581 1064 2634 Καὶ
1095 2581 1170 2644 ώς
1191 2584 1424 2649 παγεῖσα
1459 2580 1706 2652 εὓρηται,

147 2675 341 2747 μηκέτι
366 2673 634 2744 δυναμένη
656 2674 790 2744 μήτε
818 2673 930 2727 ἄνω
945 2673 1230 2743 ἀναϐῆναι,
1252 2674 1388 2743 μήτε
1412 2674 1562 2729 κάτω
1588 2690 1712 2727 κατ-

143 2765 342 2819 ελθεῖν
389 2762 524 2817 ἀλλὰ
562 2763 727 2826 είςτὸ
755 2763 1076 2834 μεσαίτατον
1103 2764 1340 2832 παγεῖσά
1360 2780 1416 2817 τε
1445 2765 1537 2817 καὶ
1559 2766 1711 2818 ἐκτε-

143 2854 351 2926 ταμένη
398 2853 604 2924 ἔμεινε.
656 2853 819 2907 Κάτω
875 2852 972 2924 μὲν
1012 2854 1121 2925 γὰρ
1176 2853 1568 2925 κατενεχθῆναι
1613 2855 1712 2909 οὐκ

1886 1115 1974 1172 lll.
2037 1113 2248 1186 Ophitae
2300 1129 2429 1170 vero
2485 1114 2614 1170 huic
2681 1115 2964 1171 scientiam
3023 1131 3238 1171 omnem
3295 1119 3395 1174 tri-

1815 1207 2011 1272 buunt,
2058 1207 2240 1276 itaque
2286 1205 2612 1275 proﬁtentur
2659 1223 2672 1260 :
2723 1215 3029 1275 serpentem
3077 1207 3392 1267 hominibus

1814 1296 2056 1351 scientiae
2072 1298 2250 1349 omnis
2269 1302 2546 1348 auctorem
2577 1295 2889 1360 exstitisse;
2914 1295 3144 1366 indeque
3176 1295 3393 1355 fabulas

1813 1405 1992 1444 meras
2019 1405 2156 1460 quas
2184 1403 2283 1458 pro
2311 1387 2585 1458 mysteriis
2629 1387 2830 1442 habent
2873 1389 3164 1443 commenti
3211 1397 3341 1445 sunt
3371 1408 3386 1446 :

1810 1496 1933 1535 cum
1987 1481 2121 1534 nihil
2167 1479 2315 1534 aliud
2360 1487 2555 1549 praeter
2583 1478 2875 1534 mimorum
2909 1479 3118 1534 ludicra
3150 1482 3391 1538 ridicula

1812 1588 2039 1642 prorsus
2085 1579 2140 1627 et
2187 1570 2369 1624 inania
2415 1570 2545 1624 sint.
2602 1567 2815 1624 Etenim
2853 1571 2922 1625 ab
2959 1571 3137 1627 AEone
3175 1589 3392 1629 summo

1811 1672 2137 1734 propagatos
2162 1661 2370 1716 Eonas
2393 1660 2710 1715 existimant
2737 1680 2750 1714 :
2781 1677 2811 1716 e
2840 1663 3040 1733 quibus
3063 1663 3283 1720 infimus
3305 1671 3394 1722 est

1807 1754 2151 1819 Jaldabaoth,
2207 1768 2367 1824 quem
2417 1768 2484 1808 ex
2540 1752 2916 1809 imbecillitate
2976 1755 3394 1827 ignorantiaque

1809 1863 1922 1902 sua:
1972 1848 2162 1902 matris
2201 1856 2451 1902 exortum
2499 1843 2776 1912 referunt;
2834 1846 2938 1900 hoc
2986 1855 3072 1903 est
3109 1849 3258 1904 illius
3299 1865 3393 1906 su-

1808 1953 2028 2008 premae,
2053 1954 2218 2008 quam
2252 1938 2547 1993 Prunicum
2578 1937 2874 2007 appellant.
2907 1937 3060 1995 Hanc
3084 1942 3227 1995 enim
3258 1955 3391 1996 nar-

1810 2037 1932 2082 rant
1965 2030 2017 2082 in
2051 2045 2222 2100 aquas
2261 2030 2562 2099 delapsam,
2592 2027 2772 2098 iisque
2803 2031 3145 2086 commistam
3176 2033 3393 2088 evolare

1809 2121 2034 2176 minime
2095 2121 2376 2192 potuisse,
2431 2123 2576 2194 quod
2630 2124 2870 2178 materiae
2921 2124 3186 2193 gravitate
3235 2134 3382 2182 esset

1811 2212 2104 2283 implicita;
2151 2213 2241 2267 cui
2291 2214 2510 2283 quidem
2548 2215 2773 2285 perinde
2804 2222 2863 2268 ut
2889 2215 3047 2286 aquis
3072 2215 3276 2271 inserta
3306 2232 3394 2272 re-

1810 2303 2000 2357 cedere
2049 2304 2191 2358 ultra
2238 2305 2563 2375 nequiverit.
2606 2305 2683 2359 Ac
2727 2320 2852 2359 cum
2901 2321 2961 2361 se
3003 2305 3268 2362 violenter
3311 2305 3394 2363 ef-

1812 2395 1996 2459 ferret,
2026 2405 2188 2467 atque
2215 2399 2560 2454 extendendo
2592 2402 2884 2464 niteretur,
2912 2401 3111 2455 cmlum
3143 2401 3274 2457 illud
3305 2417 3395 2457 su-

1811 2488 1996 2562 perius
2025 2487 2280 2544 effectum
2316 2506 2421 2546 est.
2459 2489 2579 2563 ipsa
2608 2508 2739 2548 vero
2769 2493 2862 2546 ubi
2895 2492 3072 2548 defixa
3103 2493 3268 2549 semel
3297 2500 3387 2549 est

1811 2577 1967 2632 haesit
1998 2577 2052 2631 in
2082 2577 2272 2633 eodem
2304 2587 2471 2642 statu,
2496 2597 2676 2650 neque
2704 2590 2795 2635 aut
2822 2581 2993 2635 attolli
3025 2573 3266 2646 sursum,
3299 2589 3396 2637 aut

1814 2669 2071 2724 deorsum
2103 2670 2433 2727 descendere
2464 2673 2637 2742 potuit
2657 2690 2671 2736 ;
2695 2671 2792 2728 sed
2814 2673 2868 2727 in
2893 2673 3070 2728 medio
3099 2674 3394 2730 immobilis

1813 2769 2135 2832 extentaque
2181 2763 2498 2832 permansit.
2535 2763 2651 2818 Non
2699 2764 2843 2818 enim
2875 2763 3190 2819 inferiorem
3223 2765 3277 2819 in
3309 2766 3394 2821 lo-

1813 2866 1936 2905 cum
1969 2863 2231 2923 vergeret,
2257 2869 2364 2922 quo
2397 2867 2519 2906 cum
2543 2853 2590 2908 ei
2619 2854 2774 2910 affine
2807 2853 2941 2908 nihil
2965 2863 3145 2923 esset;
3173 2869 3394 2911 sursum

143 2948 388 3019 ἠδύνατο,
411 2946 493 2998 ὅτι
520 2946 621 2998 οὐκ
663 2939 730 3015 ἦν
771 2945 1071 3016 συγγενής·
1101 2945 1212 2999 ἅνω
1251 2946 1308 2999 δὲ
1351 2947 1450 3000 οὐκ
1485 2947 1712 3018 ἠδύνατο

1864 2953 1994 2998 atem
2020 2959 2298 3014 emergere
2329 2961 2436 2999 non
2464 2955 2706 3016 poterat;
2742 2961 2865 3000 cum
2898 2962 3017 3002 eam
3047 2948 3272 3003 materia
3303 2949 3395 3004 illa

147 3042 361 3111 χωρεῖν,
389 3038 476 3091 διὰ
502 3037 564 3089 τὸ
597 3036 879 3108 βαρεῖσθαι
905 3038 968 3088 ἐκ
1003 3036 1100 3104 τῆς
1130 3035 1259 3107 ὕλης
1285 3035 1354 3109 ἦς
1392 3039 1711 3110 προσέλαϐε.

148 3131 298 3186 Κατὰ
323 3130 382 3183 δὲ
402 3129 500 3200 τὴν
523 3128 692 3198 αὐτῆς
719 3129 943 3198 ἄγνοιαν
965 3129 1289 3201 προϐληθεὶς
1311 3131 1338 3182 6
1368 3130 1714 3197 ’1αλθαϐαὼθ,

146 3219 302 3296 ἦλθεν
350 3223 430 3284 εἰς
459 3219 530 3272 τὰ
569 3218 888 3273 κατώτατα·
926 3219 1020 3273 καὶ
1067 3209 1324 3291 ἐποίησεν
1371 3221 1548 3293 ἐαυτῷ
1580 3223 1719 3276 ἑπτὰ

150 3314 312 3377 υἱοὺς,
354 3314 548 3376 οἵτινες
573 3310 799 3373 ἑαυτοὺς
831 3310 1093 3382 οὐρανοὺς
1125 3311 1264 3365 ἑπτὰ
1297 3313 1571 3384 ἐποίησαν.
1607 3315 1718 3366 Αὐ-

148 3404 234 3468 τὸς
257 3404 314 3457 δὲ
352 3401 676 3464 ἀποκλείσας
702 3401 771 3456 τὰ
799 3401 940 3472 ὑπὲρ
964 3401 1127 3455 αὑτὸν
1151 3401 1519 3474 ἀπέκρυπτεν,
1554 3404 1640 3458 ἴνα
1669 3407 1718 3459 οἱ

151 3495 238 3566 ὑπ’
269 3492 434 3546 αὑτοῦ
462 3491 568 3544 υἱοὶ
595 3488 990 3562 προϐληθέντες
1025 3489 1165 3542 ἑπτὰ
1207 3488 1280 3560 μὴ
1319 3488 1624 3559 γινώσκωσι
1651 3491 1718 3545 τὰ

152 3587 285 3658 ὑπὲρ
319 3585 502 3649 αὑτὸν,
536 3582 835 3654 κατώτεροι
863 3582 1016 3646 ὄντες
1047 3581 1232 3647 αὑτοῦ,
1267 3582 1381 3635 ἀλλ’
1419 3584 1580 3637 αὑτὸν
1625 3601 1720 3655 μο-

153 3679 399 3741 νωτάτως
423 3694 437 3707 ο
492 3676 585 3727 καὶ
613 3666 767 3736 οὗτός
812 3675 948 3737 ἐστι,
987 3671 1170 3740 φασὶν,
1203 3674 1231 3724 6
1269 3672 1400 3736 Θεὸς
1443 3673 1550 3726 τῶν
1593 3675 1720 3727 Ἰου-

152 3769 310 3824 δαίων
361 3769 390 3821 6
446 3763 790 3820 Ἰαλδαϐαώθ.
852 3763 990 3816 Ἀλλ’
1027 3764 1127 3816 οὐκ
1180 3763 1324 3816 ἐστιν
1383 3763 1582 3828 οὕτως.
1643 3765 1718 3838 μὴ

152 3860 400 3929 γένοιτοί,
431 3857 592 3911 Ἀλλὰ
632 3855 814 3927 μέλλει
843 3855 1047 3926 κρίνειν
1087 3855 1281 3919 αὐτοὺς
1307 3858 1336 3909 6
1373 3856 1503 3921 Θεὸς
1527 3860 1556 3910 6
1583 3876 1720 3910 παν-

152 3952 455 4024 τοκράτωρ,
487 3947 618 4012 Θεὸς
661 3947 736 4001 ὢν
759 3949 853 4002 καὶ
898 3947 1184 4014 Ἰουδαίων,
1215 3949 1309 4002 καὶ
1357 3948 1718 4020 Χριστιανῶν,

155 4046 245 4098 καὶ
282 4044 500 4098 πάντων
529 4056 544 4070 °
572 4039 666 4094 καὶ
695 4042 722 4093 6
746 4037 1103 4093 δΊαλδαϐαώθ
1136 4056 1220 4104 τις
1241 4038 1315 4094 ὢν
1339 4039 1479 4094 κατὰ
1508 4039 1606 4112 τὴν
1630 4041 1724 4094 αὐ-

153 4135 256 4190 τῶν
285 4133 503 4206 ληρώδη
540 4131 882 4204 μυθολογίαν.

1816 3036 1901 3089 cui
1934 3050 1992 3090 se
2033 3035 2374 3105 adjunxerat,
2409 3046 2602 3108 su0pte
2641 3037 2879 3108 pondere
2926 3046 3192 3109 gravaret.
3227 3038 3396 3109 Igitur
3432 3051 3445 3061 ‘

1815 3138 1881 3178 ex
1923 3124 2083 3192 hujus
2128 3125 2432 3193 ignorantia
2486 3127 2667 3181 editus
2715 3125 3036 3181 Jaldabaoth
3092 3128 3157 3182 ad
3209 3129 3397 3185 inﬁma

1817 3213 2085 3277 subsidit;
2137 3221 2455 3284 septemque
2500 3215 2603 3270 sibi
2653 3216 2857 3272 liberos
2900 3220 3103 3288 genuit,
3139 3220 3229 3288 qui
3266 3220 3396 3275 loti-

1816 3305 1937 3362 dem
1970 3307 2219 3362 caelestes
2249 3308 2409 3363 orbes
2439 3308 2821 3364 condiderunt.
2856 3312 2924 3364 At
2959 3312 3048 3366 ille
3079 3327 3200 3382 quae
3227 3328 3398 3383 supra

1818 3413 1876 3454 se
1901 3405 2056 3454 erant
2087 3398 2412 3462 interclusit,
2449 3415 2784 3471 suorumque
2807 3401 3076 3456 subtraxit
3106 3403 3300 3472 oculis,
3329 3419 3399 3460 ne

1817 3499 2022 3560 septem
2070 3490 2146 3544 illi
2193 3505 2330 3560 quos
2381 3498 2719 3560 susceperat,
2780 3492 3097 3562 quidquam,
3147 3497 3291 3564 quod
3338 3509 3402 3552 se

1823 3580 1942 3650 ipso
1988 3579 2243 3649 superius
2287 3587 2452 3644 esset,
2499 3587 2695 3649 praeter
2725 3594 2784 3634 se
2816 3595 2983 3634 unum
3018 3592 3398 3651 agnoscerent.

1819 3670 1976 3725 Hunc
2002 3667 2327 3724 Jaldabaoth
2373 3667 2686 3723 Judazorum
2731 3684 2855 3724 esse
2903 3668 3071 3724 Deum
3123 3683 3398 3727 asserunt.

1779 3763 1974 3830 .Quod
2007 3762 2149 3816 absit
2177 3775 2235 3816 ut
2263 3777 2386 3817 esse
2417 3777 2603 3816 verum
2656 3772 2926 3832 putemus.
2976 3761 3088 3815 lmo
3142 3763 3232 3818 ille
3284 3762 3403 3834 ipse

1818 3860 1923 3913 est.
1950 3867 1980 3906 a
2016 3867 2125 3922 quo
2159 3851 2440 3921 judicandi
2482 3859 2632 3916 sunt,
2661 3854 3008 3922 omnipotens
3037 3854 3194 3923 271
3233 3853 3398 3921 Deus,

1817 3939 2151 4006 Iudaeorum,
2196 3941 2438 4011 inquam,
2483 3951 2544 3996 ut
2581 3949 2637 3997 et
2673 3940 3126 4007 Christianorum,
3157 3945 3402 4014 adeoque

1820 4035 2127 4090 communis
2179 4034 2422 4088 omnium
2471 4033 2613 4089 Deus
2635 4075 2649 4100 ,
2695 4049 2804 4088 non
2840 4035 2930 4090 ille
2963 4036 3148 4091 nescio
3177 4037 3303 4106 quis
3331 4052 3402 4091 ex

1819 4125 2208 4180 commentitiis
2235 4125 2463 4180 istorum
2492 4126 2652 4195 nugis
2676 4124 3034 4195 depromptus
3054 4123 3400 4182 .laldabaoth.

1822 4216 1896 4272 De
1926 4233 2035 4287 quo
2063 4217 2136 4271 ita
2167 4232 2393 4272 narrare
2427 4225 2677 4288 pergunt.

219 4311 291 4362 Δ¹.
322 4303 458 4360 Εἷτά
505 4317 698 4375 φασιν·
758 4303 1294 4373 ’.ἀποκεκλεισμένων
1337 4302 1445 4356 τῶν
1476 4304 1585 4358 ἄνω
1631 4303 1712 4359 διὰ

1894 4307 1981 4364 IV.
2041 4309 2197 4376 Cum,
2246 4319 2304 4364 ut
2329 4308 2534 4363 dictum
2574 4316 2678 4376 est,
2705 4307 3078 4363 Jaldahaothis
3105 4309 3403 4365 calliditate

155 4399 246 4470 τῆς
274 4399 370 4452 τοῦ
411 4396 738 4452 ἰαλδαδαὼθ
775 4397 1037 4460 ἐπινοίας,
1074 4391 1216 4450 οὗτοι
1241 4397 1290 4450 οἱ
1322 4397 1416 4450 ἀπ’
1448 4396 1728 4466 αὐτοῦ-γε-

155 4487 472 4560 τεννημένοι
505 4489 644 4542 ἑπτὰ
682 4488 806 4552 υίοὶ,
848 4489 966 4559 ἦτοι
996 4488 1218 4552 Αἰῶνες,
1259 4491 1377 4560 ἤτοι
1428 4489 1560 4554 θεοὶ,
1609 4491 1727 4560 ἦτοι

157 4582 369 4652 ἄγγελοι
415 4581 725 4652 (καλοῦνται
756 4579 862 4650 γὰρ
904 4583 1034 4650 παρ’
1064 4581 1246 4644 αὐτοῖς
1275 4581 1502 4652 ὀνόμασι
1540 4581 1726 4651 διαφό-

159 4676 308 4744 ροις),
341 4673 482 4727 κατὰ
514 4673 612 4743 τὴν
639 4672 813 4725 εἰδέαν
840 4671 935 4724 τοῦ
954 4671 1131 4725 αὐτῶν
1156 4673 1359 4743 πατρὸς
1403 4671 1727 4726 Ἰαλδαϐαὼθ

157 4765 392 4820 ἔπλασαν
420 4765 508 4818 τὸν
530 4764 831 4835 ἄνθρωπον,
856 4766 916 4816 οὐ
947 4764 1160 4836 ῥαδίως,
1191 4766 1311 4820 οὐδὲ
1338 4767 1566 4837 ταχέως,
1595 4766 1729 4820 ἀλλὰ

156 4859 229 4929 τῷ
259 4857 408 4928 αὑτῷ
443 4856 648 4928 τρόπῳ,
676 4848 720 4923 ᾧ
755 4856 848 4909 καὶ
873 4858 928 4908 αἱ
964 4856 1224 4928 πρότεραι
1255 4859 1495 4929 αἱρέσεις
1523 4861 1730 4930 ἐμηχα-

158 4955 382 5022 νήσαντο
412 4953 468 5003 ὲν
499 4952 564 5020 τῇ
587 4949 765 5001 αὐτῶν
796 4951 1117 5020 κενοφωνίᾳ..
1145 4951 1281 5003 Φασὶ
1310 4951 1418 5021 γὰρ
1443 4953 1537 5005 καὶ
1563 4947 1725 5006 οὗτοι·

160 5038 262 5096 Ἤν
288 5040 517 5114 ἑρπετὸν
547 5043 574 5092 6
612 5039 894 5111 ἄνθρωπος
921 5038 1032 5112 (45)
1063 5042 1139 5104 ώς
1173 5041 1408 5114 σκώληξ,
1454 5042 1527 5115 μὴ
1569 5043 1728 5097 δυνά-

162 5158 315 5211 μενος
357 5143 494 5213 μήτε
541 5139 858 5208 ἀνακύψειν,
892 5140 1031 5212 μήτε
1072 5139 1382 5212 ὀρθοῦσθαι.
1415 5136 1559 5206 Πρὸς
1608 5139 1730 5189 επι-

274 5303 574 5368 llaavoces
601 5299 676 5370 τῷ
728 5302 840 5355 ἔθει
890 5311 1242 5370 supervacua:
1289 5301 1418 5351 sunt
1462 5293 1570 5350 nisi
1625 5291 1704 5364 τῷ

1865 5309 1881 5344 ι
1939 5290 2261 5347 substituas.

161 5371 182 5404 ⁸
214 5372 268 5428 F.
312 5374 406 5428 καὶ
430 5373 550 5426 οὐκ.

229 5533 340 5600 (45)
361 5527 471 5587 Ἦν
501 5529 751 5600 ἑρπετὸν
779 5531 811 5582 ὁ
844 5526 1170 5600 ἅνθρωπος.
1199 5523 1334 5600 Quae
1359 5522 1426 5600 de
1451 5520 1732 5600 hominum

163 5593 370 5674 origine
397 5593 692 5657 continenti
740 5605 869 5656 sunt
894 5593 958 5653 et
985 5597 1037 5651 hi
1063 5635 1078 5663 ,
1107 5604 1162 5650 et
1191 5594 1578 5651 Gnosticorum
1618 5593 1730 5663 plc-

1825 4403 2005 4458 aditus
2034 4412 2178 4457 esset
2213 4400 2278 4455 ad
2315 4401 2596 4470 superiora
2630 4402 2950 4471 praeclusus,
2983 4408 3188 4469 septem
3227 4401 3300 4454 illi
3333 4402 3402 4456 ab

1823 4511 1890 4552 eo
1917 4475 2088 4565 geniti
2111 4495 2290 4557 liberi,
2341 4493 2455 4547 sive
2494 4491 2722 4558 mones,
2763 4493 2876 4547 sive
2905 4493 3001 4555 dii,
3033 4491 3147 4546 sive
3181 4491 3400 4546 demum

1825 4587 2032 4657 angeli;
2075 4585 2286 4642 diversa
2335 4585 2478 4639 enim
2520 4586 2588 4638 ab
2621 4584 2728 4639 illis
2768 4584 2990 4638 nomina
3029 4583 3350 4636 tribuuntur
3385 4602 3399 4638 :

1826 4681 1893 4735 ad
1945 4678 2186 4749 parentis
2245 4678 2328 4732 sui
2376 4675 2748 4730 Jaldabaothis
2795 4675 3083 4745 imaginem
3127 4675 3402 4728 hominem

1827 4771 2171 4842 producunt,
2225 4785 2292 4823 ne
2329 4769 2380 4823 id
2429 4768 2648 4838 quidem
2686 4768 2844 4822 facile
2880 4768 2962 4820 vel
2996 4767 3272 4827 celeriter;
3307 4765 3402 4821 sc—l

1827 4864 1895 4918 ad
1943 4861 2196 4918 eumdem
2241 4861 2484 4922 modum,
2542 4875 2651 4928 quo
2702 4859 2935 4914 haereses
2983 4858 3202 4926 reliqua:
3255 4858 3405 4911 stoli-

1827 4954 2053 5009 dissime
2077 4952 2370 5006 finxerunt.
2397 4950 2488 5004 Sic
2517 4951 2662 5004 enim
2694 4949 3047 5019 pronuntiant
3074 4965 3088 5000 :
3118 4945 3402 5001 Hominem

1826 5046 2096 5118 principio
2141 5045 2344 5129 vermis
2394 5044 2568 5097 instar
2623 5041 2774 5096 humi
2828 5049 3130 5110 reptantem
3183 5053 3403 5094 sursum

1827 5135 1962 5207 erigi
1985 5143 2078 5190 aut
2099 5133 2275 5188 attolli
2303 5132 2597 5202 nequisse;
2629 5132 2904 5186 caelestem
2927 5130 3124 5185 deinde
3152 5140 3403 5193 matrem,

2349 5291 2370 5321 ¹
2397 5287 2458 5343 F.
2483 5289 2575 5341 τὸν
2616 5287 2743 5342 Ἰαλ.
2854 5288 2875 5320 ³
2903 5286 3031 5360 Leg.
3079 5289 3405 5360 Προυνίκου.

1842 5519 2032 5600 rique,
2051 5533 2122 5600 ex.
2143 5527 2386 5600 veterum
2416 5517 2867 5600 philosophorum
2906 5517 3258 5600 opinionibus
3287 5531 3404 5569 ma-

1839 5587 2058 5657 narunt,
2092 5588 2159 5644 de
2189 5589 2388 5659 quibus
2420 5587 2692 5644 Diodorus
2716 5625 2730 5652 ,
2765 5587 3034 5645 Eusebius
3073 5605 3090 5645 l
3121 5587 3200 5642 De
3237 5601 3404 5657 praep.
