  <div class='ocr_page' id='page_1' title='image "/cluster/home/n/w/nwhite01/storage/ocr_20150623/41/hvd.32044011753001/353.png"; bbox 0 0 3768 6182; ppageno 0'>
   <div class='ocr_carea' id='block_1_1' title="bbox 365 215 470 273">
    <p class='ocr_par' dir='ltr' id='par_1_1' title="bbox 365 215 470 273">
     <span class='ocr_line' id='line_1_1' title="bbox 365 215 470 273; baseline -0.01 0"><span class='ocrx_word' id='word_1_1' title='bbox 365 215 470 273; x_wconf 63' lang='grc'><strong>647</strong></span> 
     </span>
    </p>
   </div>
   <div class='ocr_carea' id='block_1_2' title="bbox 1781 214 2231 275">
    <p class='ocr_par' dir='ltr' id='par_1_2' title="bbox 1781 214 2231 275">
     <span class='ocr_line' id='line_1_2' title="bbox 1781 214 2231 275; baseline -0.009 -2"><span class='ocrx_word' id='word_1_2' title='bbox 1781 215 1839 275; x_wconf 88' lang='lat' dir='ltr'><strong>S.</strong></span> <span class='ocrx_word' id='word_1_3' title='bbox 1881 214 2231 273; x_wconf 81' lang='lat' dir='ltr'><strong>EPIPHANII</strong></span> 
     </span>
    </p>
   </div>
   <div class='ocr_carea' id='block_1_3' title="bbox 3553 217 3645 271">
    <p class='ocr_par' dir='ltr' id='par_1_3' title="bbox 3553 217 3645 271">
     <span class='ocr_line' id='line_1_3' title="bbox 3553 217 3645 271; baseline 0 0"><span class='ocrx_word' id='word_1_4' title='bbox 3553 217 3645 271; x_wconf 55' lang='lat'><strong>6&amp;8</strong></span> 
     </span>
    </p>
   </div>
   <div class='ocr_carea' id='block_1_4' title="bbox 364 327 1916 408">
    <p class='ocr_par' dir='ltr' id='par_1_4' title="bbox 364 329 1916 406">
     <span class='ocr_line' id='line_1_4' title="bbox 364 329 1916 406; baseline -0.001 -18"><span class='ocrx_word' id='word_1_5' title='bbox 364 348 488 406; x_wconf 71' lang='lat' dir='ltr'><strong>quae</strong></span> <span class='ocrx_word' id='word_1_6' title='bbox 518 340 572 389; x_wconf 85' lang='lat' dir='ltr'><strong>et</strong></span> <span class='ocrx_word' id='word_1_7' title='bbox 603 329 879 388; x_wconf 88' lang='lat' dir='ltr'><strong>Prunicus</strong></span> <span class='ocrx_word' id='word_1_8' title='bbox 930 331 1260 403; x_wconf 80' lang='lat' dir='ltr'><strong>appellatur,</strong></span> <span class='ocrx_word' id='word_1_9' title='bbox 1315 329 1583 389; x_wconf 81' lang='lat' dir='ltr'><strong>adversus</strong></span> <span class='ocrx_word' id='word_1_10' title='bbox 1629 329 1916 388; x_wconf 82' lang='lat' dir='ltr'><strong>Jaldabant</strong></span> 
     </span>
    </p>
   </div>
   <div class='ocr_carea' id='block_1_5' title="bbox 2084 327 3645 408">
    <p class='ocr_par' dir='ltr' id='par_1_5' title="bbox 2084 327 3645 406">
     <span class='ocr_line' id='line_1_5' title="bbox 2084 327 3645 406; baseline 0.003 -24"><span class='ocrx_word' id='word_1_11' title='bbox 2084 329 2256 403; x_wconf 80' lang='grc' dir='ltr'>ῑουλὴν</span> <span class='ocrx_word' id='word_1_12' title='bbox 2285 329 2342 384; x_wconf 82' lang='grc' dir='ltr'>δὲ</span> <span class='ocrx_word' id='word_1_13' title='bbox 2373 327 2465 384; x_wconf 89' lang='grc' dir='ltr'><strong>τοῦ</strong></span> <span class='ocrx_word' id='word_1_14' title='bbox 2505 329 2831 384; x_wconf 81' lang='grc' dir='ltr'>Ἰαλδαϐαὼθ</span> <span class='ocrx_word' id='word_1_15' title='bbox 2865 330 3033 403; x_wconf 78' lang='grc' dir='ltr'>ήᾶνω</span> <span class='ocrx_word' id='word_1_16' title='bbox 3066 332 3248 404; x_wconf 75' lang='grc' dir='ltr'>μήτηρ</span> <span class='ocrx_word' id='word_1_17' title='bbox 3277 333 3313 402; x_wconf 85' lang='grc' dir='ltr'>ἠ</span> <span class='ocrx_word' id='word_1_18' title='bbox 3344 332 3645 406; x_wconf 75' lang='grc' dir='ltr'>καλουμένη</span> 
     </span>
    </p>
   </div>
   <div class='ocr_carea' id='block_1_6' title="bbox 365 424 1951 496">
    <p class='ocr_par' dir='ltr' id='par_1_6' title="bbox 365 424 1951 496">
     <span class='ocr_line' id='line_1_6' title="bbox 365 424 1951 496; baseline -0.003 -13"><span class='ocrx_word' id='word_1_19' title='bbox 365 426 475 483; x_wconf 89' lang='lat' dir='ltr'><strong>tale</strong></span> <span class='ocrx_word' id='word_1_20' title='bbox 516 424 647 496; x_wconf 86' lang='lat' dir='ltr'><strong>quid</strong></span> <span class='ocrx_word' id='word_1_21' title='bbox 692 439 816 481; x_wconf 89' lang='lat' dir='ltr'><strong>esse</strong></span> <span class='ocrx_word' id='word_1_22' title='bbox 868 425 1260 488; x_wconf 86' lang='lat' dir='ltr'><strong>machinatam,</strong></span> <span class='ocrx_word' id='word_1_23' title='bbox 1291 431 1347 478; x_wconf 91' lang='lat' dir='ltr'><strong>nt</strong></span> <span class='ocrx_word' id='word_1_24' title='bbox 1379 425 1429 480; x_wconf 92' lang='lat' dir='ltr'><strong>ei</strong></span> <span class='ocrx_word' id='word_1_25' title='bbox 1464 426 1570 480; x_wconf 92' lang='lat' dir='ltr'><strong>vim</strong></span> <span class='ocrx_word' id='word_1_26' title='bbox 1606 425 1752 479; x_wconf 82' lang='lat' dir='ltr'><strong>illam</strong></span> <span class='ocrx_word' id='word_1_27' title='bbox 1788 440 1951 496; x_wconf 93' lang='lat' dir='ltr'><strong>quam</strong></span> 
     </span>
    </p>
   </div>
   <div class='ocr_carea' id='block_1_7' title="bbox 363 515 1950 588">
    <p class='ocr_par' dir='ltr' id='par_1_7' title="bbox 363 515 1950 588">
     <span class='ocr_line' id='line_1_7' title="bbox 363 515 1950 588; baseline -0.002 -15"><span class='ocrx_word' id='word_1_28' title='bbox 363 518 540 574; x_wconf 88' lang='lat' dir='ltr'><strong>eidem</strong></span> <span class='ocrx_word' id='word_1_29' title='bbox 565 516 926 588; x_wconf 91' lang='lat' dir='ltr'><strong>impertierat,</strong></span> <span class='ocrx_word' id='word_1_30' title='bbox 967 515 1250 572; x_wconf 89' lang='lat' dir='ltr'><strong>auferret:</strong></span> <span class='ocrx_word' id='word_1_31' title='bbox 1291 516 1524 587; x_wconf 85' lang='lat' dir='ltr'><strong>ideoque</strong></span> <span class='ocrx_word' id='word_1_32' title='bbox 1553 517 1606 570; x_wconf 92' lang='lat' dir='ltr'><strong>in</strong></span> <span class='ocrx_word' id='word_1_33' title='bbox 1640 515 1950 580; x_wconf 85' lang='lat' dir='ltr'><strong>Hominem,</strong></span> 
     </span>
    </p>
   </div>
   <div class='ocr_carea' id='block_1_8' title="bbox 365 606 1952 683">
    <p class='ocr_par' dir='ltr' id='par_1_8' title="bbox 365 606 1952 683">
     <span class='ocr_line' id='line_1_8' title="bbox 365 606 1952 683; baseline -0.002 -18"><span class='ocrx_word' id='word_1_34' title='bbox 365 627 528 683; x_wconf 88' lang='lat' dir='ltr'><strong>quem</strong></span> <span class='ocrx_word' id='word_1_35' title='bbox 574 611 724 665; x_wconf 89' lang='lat' dir='ltr'><strong>illius</strong></span> <span class='ocrx_word' id='word_1_36' title='bbox 780 610 936 665; x_wconf 88' lang='lat' dir='ltr'><strong>liberi</strong></span> <span class='ocrx_word' id='word_1_37' title='bbox 987 609 1278 676; x_wconf 70' lang='lat' dir='ltr'><strong>tinxerant,</strong></span> <span class='ocrx_word' id='word_1_38' title='bbox 1319 610 1427 664; x_wconf 90' lang='lat' dir='ltr'><strong>vim</strong></span> <span class='ocrx_word' id='word_1_39' title='bbox 1460 609 1632 680; x_wconf 84' lang='lat' dir='ltr'><strong>ipsius</strong></span> <span class='ocrx_word' id='word_1_40' title='bbox 1669 606 1952 664; x_wconf 85' lang='lat' dir='ltr'><strong>transfun-</strong></span> 
     </span>
    </p>
   </div>
   <div class='ocr_carea' id='block_1_9' title="bbox 366 701 1952 772">
    <p class='ocr_par' dir='ltr' id='par_1_9' title="bbox 366 701 1952 772">
     <span class='ocr_line' id='line_1_9' title="bbox 366 701 1952 772; baseline -0.004 -13"><span class='ocrx_word' id='word_1_41' title='bbox 366 705 518 769; x_wconf 88' lang='lat' dir='ltr'><strong>dere,</strong></span> <span class='ocrx_word' id='word_1_42' title='bbox 565 718 630 758; x_wconf 89' lang='lat' dir='ltr'><strong>ac</strong></span> <span class='ocrx_word' id='word_1_43' title='bbox 671 703 964 760; x_wconf 77' lang='lat' dir='ltr'><strong>scintillam</strong></span> <span class='ocrx_word' id='word_1_44' title='bbox 996 702 1314 772; x_wconf 82' lang='lat' dir='ltr'><strong>quamdam,</strong></span> <span class='ocrx_word' id='word_1_45' title='bbox 1343 701 1448 756; x_wconf 90' lang='lat' dir='ltr'><strong>hoc</strong></span> <span class='ocrx_word' id='word_1_46' title='bbox 1482 710 1566 758; x_wconf 89' lang='lat' dir='ltr'><strong>est</strong></span> <span class='ocrx_word' id='word_1_47' title='bbox 1601 701 1838 756; x_wconf 89' lang='lat' dir='ltr'><strong>animam</strong></span> <span class='ocrx_word' id='word_1_48' title='bbox 1869 701 1952 754; x_wconf 89' lang='lat' dir='ltr'><strong>in-</strong></span> 
     </span>
    </p>
   </div>
   <div class='ocr_carea' id='block_1_10' title="bbox 369 793 1951 864">
    <p class='ocr_par' dir='ltr' id='par_1_10' title="bbox 369 793 1951 864">
     <span class='ocr_line' id='line_1_10' title="bbox 369 793 1951 864; baseline -0.004 -10"><span class='ocrx_word' id='word_1_49' title='bbox 369 799 595 855; x_wconf 87' lang='lat' dir='ltr'><strong>fundere</strong></span> <span class='ocrx_word' id='word_1_50' title='bbox 641 797 905 854; x_wconf 84' lang='lat' dir='ltr'><strong>voluisse.</strong></span> <span class='ocrx_word' id='word_1_51' title='bbox 960 795 1146 858; x_wconf 86' lang='lat' dir='ltr'><strong>Tunc,</strong></span> <span class='ocrx_word' id='word_1_52' title='bbox 1200 795 1487 864; x_wconf 83' lang='lat' dir='ltr'><strong>inquiunt,</strong></span> <span class='ocrx_word' id='word_1_53' title='bbox 1547 793 1776 864; x_wconf 88' lang='lat' dir='ltr'><strong>pedibus</strong></span> <span class='ocrx_word' id='word_1_54' title='bbox 1835 797 1951 848; x_wconf 89' lang='lat' dir='ltr'><strong>suis</strong></span> 
     </span>
    </p>
   </div>
   <div class='ocr_carea' id='block_1_11' title="bbox 367 883 1953 955">
    <p class='ocr_par' dir='ltr' id='par_1_11' title="bbox 367 883 1953 955">
     <span class='ocr_line' id='line_1_11' title="bbox 367 883 1953 955; baseline -0.006 -10"><span class='ocrx_word' id='word_1_55' title='bbox 367 889 542 945; x_wconf 81' lang='lat' dir='ltr'><strong>Homo</strong></span> <span class='ocrx_word' id='word_1_56' title='bbox 577 889 844 951; x_wconf 86' lang='lat' dir='ltr'><strong>constitit,</strong></span> <span class='ocrx_word' id='word_1_57' title='bbox 890 897 1052 955; x_wconf 88' lang='lat' dir='ltr'><strong>atque</strong></span> <span class='ocrx_word' id='word_1_58' title='bbox 1095 894 1221 938; x_wconf 89' lang='lat' dir='ltr'><strong>octo</strong></span> <span class='ocrx_word' id='word_1_59' title='bbox 1259 886 1514 939; x_wconf 64' lang='lat' dir='ltr'><strong>caelestes</strong></span> <span class='ocrx_word' id='word_1_60' title='bbox 1549 884 1710 938; x_wconf 86' lang='lat' dir='ltr'><strong>orbes</strong></span> <span class='ocrx_word' id='word_1_61' title='bbox 1745 883 1953 954; x_wconf 82' lang='lat' dir='ltr'><strong>cogita-</strong></span> 
     </span>
    </p>
   </div>
   <div class='ocr_carea' id='block_1_12' title="bbox 367 975 1952 1042">
    <p class='ocr_par' dir='ltr' id='par_1_12' title="bbox 367 975 1952 1042">
     <span class='ocr_line' id='line_1_12' title="bbox 367 975 1952 1042; baseline -0.006 -5"><span class='ocrx_word' id='word_1_62' title='bbox 367 985 516 1039; x_wconf 86' lang='lat' dir='ltr'><strong>tione</strong></span> <span class='ocrx_word' id='word_1_63' title='bbox 548 979 968 1042; x_wconf 88' lang='lat' dir='ltr'><strong>transcendens,</strong></span> <span class='ocrx_word' id='word_1_64' title='bbox 1014 977 1227 1031; x_wconf 83' lang='lat' dir='ltr'><strong>Patrem</strong></span> <span class='ocrx_word' id='word_1_65' title='bbox 1271 977 1420 1030; x_wconf 89' lang='lat' dir='ltr'><strong>illum</strong></span> <span class='ocrx_word' id='word_1_66' title='bbox 1465 975 1824 1030; x_wconf 79' lang='lat' dir='ltr'><strong>Jaldabaotlie</strong></span> <span class='ocrx_word' id='word_1_67' title='bbox 1860 993 1952 1031; x_wconf 90' lang='lat' dir='ltr'><strong>su-</strong></span> 
     </span>
    </p>
   </div>
   <div class='ocr_carea' id='block_1_13' title="bbox 366 1067 1951 1148">
    <p class='ocr_par' dir='ltr' id='par_1_13' title="bbox 366 1067 1951 1148">
     <span class='ocr_line' id='line_1_13' title="bbox 366 1067 1951 1148; baseline -0.008 -16"><span class='ocrx_word' id='word_1_68' title='bbox 366 1078 636 1148; x_wconf 86' lang='lat' dir='ltr'><strong>periorem</strong></span> <span class='ocrx_word' id='word_1_69' title='bbox 687 1074 928 1145; x_wconf 77' lang='lat' dir='ltr'><strong>agnovit,</strong></span> <span class='ocrx_word' id='word_1_70' title='bbox 975 1088 1040 1125; x_wconf 86' lang='lat' dir='ltr'><strong>ac</strong></span> <span class='ocrx_word' id='word_1_71' title='bbox 1087 1071 1340 1125; x_wconf 83' lang='lat' dir='ltr'><strong>laudibus</strong></span> <span class='ocrx_word' id='word_1_72' title='bbox 1390 1069 1603 1125; x_wconf 81' lang='lat' dir='ltr'><strong>extulit.</strong></span> <span class='ocrx_word' id='word_1_73' title='bbox 1649 1069 1719 1122; x_wconf 83' lang='lat' dir='ltr'><strong>At</strong></span> <span class='ocrx_word' id='word_1_74' title='bbox 1765 1067 1951 1121; x_wconf 79' lang='lat' dir='ltr'><strong>Jalda-</strong></span> 
     </span>
    </p>
   </div>
   <div class='ocr_carea' id='block_1_14' title="bbox 365 1162 1954 1238">
    <p class='ocr_par' dir='ltr' id='par_1_14' title="bbox 365 1162 1954 1238">
     <span class='ocr_line' id='line_1_14' title="bbox 365 1162 1954 1238; baseline -0.008 -10"><span class='ocrx_word' id='word_1_75' title='bbox 365 1171 529 1228; x_wconf 81' lang='lat' dir='ltr'><strong>haotb</strong></span> <span class='ocrx_word' id='word_1_76' title='bbox 577 1185 719 1238; x_wconf 67' lang='lat' dir='ltr'><strong>aegre</strong></span> <span class='ocrx_word' id='word_1_77' title='bbox 773 1169 955 1222; x_wconf 85' lang='lat' dir='ltr'><strong>ferens</strong></span> <span class='ocrx_word' id='word_1_78' title='bbox 999 1179 1061 1220; x_wconf 89' lang='lat' dir='ltr'><strong>ea</strong></span> <span class='ocrx_word' id='word_1_79' title='bbox 1110 1180 1230 1234; x_wconf 70' lang='lat' dir='ltr'><strong>quae</strong></span> <span class='ocrx_word' id='word_1_80' title='bbox 1280 1179 1446 1234; x_wconf 86' lang='lat' dir='ltr'><strong>supra</strong></span> <span class='ocrx_word' id='word_1_81' title='bbox 1482 1179 1540 1218; x_wconf 88' lang='lat' dir='ltr'><strong>se</strong></span> <span class='ocrx_word' id='word_1_82' title='bbox 1578 1170 1735 1217; x_wconf 85' lang='lat' dir='ltr'><strong>erant</strong></span> <span class='ocrx_word' id='word_1_83' title='bbox 1766 1162 1954 1230; x_wconf 85' lang='lat' dir='ltr'><strong>cujus-</strong></span> 
     </span>
    </p>
   </div>
   <div class='ocr_carea' id='block_1_15' title="bbox 364 1251 2042 1333">
    <p class='ocr_par' dir='ltr' id='par_1_15' title="bbox 364 1251 2042 1333">
     <span class='ocr_line' id='line_1_15' title="bbox 364 1251 2042 1333; baseline -0.008 -19"><span class='ocrx_word' id='word_1_84' title='bbox 364 1278 528 1333; x_wconf 82' lang='lat' dir='ltr'><strong>quam</strong></span> <span class='ocrx_word' id='word_1_85' title='bbox 562 1263 630 1314; x_wconf 88' lang='lat' dir='ltr'><strong>ad</strong></span> <span class='ocrx_word' id='word_1_86' title='bbox 661 1259 910 1313; x_wconf 82' lang='lat' dir='ltr'><strong>notitiam</strong></span> <span class='ocrx_word' id='word_1_87' title='bbox 956 1254 1292 1326; x_wconf 81' lang='lat' dir='ltr'><strong>pervenisse,</strong></span> <span class='ocrx_word' id='word_1_88' title='bbox 1343 1253 1606 1308; x_wconf 79' lang='lat' dir='ltr'><strong>stomachi</strong></span> <span class='ocrx_word' id='word_1_89' title='bbox 1649 1253 1842 1321; x_wconf 83' lang='lat' dir='ltr'><strong>plenus</strong></span> <span class='ocrx_word' id='word_1_90' title='bbox 1885 1251 1989 1302; x_wconf 56' lang='lat' dir='ltr'><strong>ad-</strong></span> <span class='ocrx_word' id='word_1_91' title='bbox 2017 1281 2042 1324; x_wconf 28' lang='grc' dir='ltr'>-ς</span> 
     </span>
    </p>
   </div>
   <div class='ocr_carea' id='block_1_16' title="bbox 365 1346 1951 1412">
    <p class='ocr_par' dir='ltr' id='par_1_16' title="bbox 365 1346 1951 1412">
     <span class='ocr_line' id='line_1_16' title="bbox 365 1346 1951 1412; baseline -0.009 -5"><span class='ocrx_word' id='word_1_92' title='bbox 365 1355 607 1409; x_wconf 79' lang='lat' dir='ltr'><strong>materia:</strong></span> <span class='ocrx_word' id='word_1_93' title='bbox 654 1353 838 1406; x_wconf 60' lang='lat' dir='ltr'><strong>faecem</strong></span> <span class='ocrx_word' id='word_1_94' title='bbox 888 1349 1106 1404; x_wconf 88' lang='lat' dir='ltr'><strong>demisit</strong></span> <span class='ocrx_word' id='word_1_95' title='bbox 1137 1347 1346 1409; x_wconf 87' lang='lat' dir='ltr'><strong>oculos,</strong></span> <span class='ocrx_word' id='word_1_96' title='bbox 1380 1355 1434 1399; x_wconf 91' lang='lat' dir='ltr'><strong>et</strong></span> <span class='ocrx_word' id='word_1_97' title='bbox 1469 1346 1721 1398; x_wconf 81' lang='lat' dir='ltr'><strong>virtutem</strong></span> <span class='ocrx_word' id='word_1_98' title='bbox 1760 1359 1951 1412; x_wconf 84' lang='lat' dir='ltr'><strong>quam-</strong></span> 
     </span>
    </p>
   </div>
   <div class='ocr_carea' id='block_1_17' title="bbox 363 1437 1950 1516">
    <p class='ocr_par' dir='ltr' id='par_1_17' title="bbox 363 1437 1950 1516">
     <span class='ocr_line' id='line_1_17' title="bbox 363 1437 1950 1516; baseline -0.009 -14"><span class='ocrx_word' id='word_1_99' title='bbox 363 1449 486 1502; x_wconf 90' lang='lat' dir='ltr'><strong>dam</strong></span> <span class='ocrx_word' id='word_1_100' title='bbox 521 1448 794 1516; x_wconf 80' lang='lat' dir='ltr'><strong>serpentis</strong></span> <span class='ocrx_word' id='word_1_101' title='bbox 831 1443 1013 1514; x_wconf 84' lang='lat' dir='ltr'><strong>specie</strong></span> <span class='ocrx_word' id='word_1_102' title='bbox 1042 1441 1251 1512; x_wconf 81' lang='lat' dir='ltr'><strong>genuit,</strong></span> <span class='ocrx_word' id='word_1_103' title='bbox 1288 1455 1448 1509; x_wconf 89' lang='lat' dir='ltr'><strong>quem</strong></span> <span class='ocrx_word' id='word_1_104' title='bbox 1489 1437 1612 1507; x_wconf 82' lang='lat' dir='ltr'><strong>ejus</strong></span> <span class='ocrx_word' id='word_1_105' title='bbox 1649 1437 1817 1489; x_wconf 85' lang='lat' dir='ltr'><strong>[ilium</strong></span> <span class='ocrx_word' id='word_1_106' title='bbox 1855 1452 1950 1488; x_wconf 77' lang='lat' dir='ltr'><strong>vo-</strong></span> 
     </span>
    </p>
   </div>
   <div class='ocr_carea' id='block_1_18' title="bbox 363 1527 1951 1606">
    <p class='ocr_par' dir='ltr' id='par_1_18' title="bbox 363 1527 1951 1606">
     <span class='ocr_line' id='line_1_18' title="bbox 363 1527 1951 1606; baseline -0.006 -14"><span class='ocrx_word' id='word_1_107' title='bbox 363 1547 516 1604; x_wconf 84' lang='lat' dir='ltr'><strong>eaut;</strong></span> <span class='ocrx_word' id='word_1_108' title='bbox 572 1538 823 1606; x_wconf 83' lang='lat' dir='ltr'><strong>idemque</strong></span> <span class='ocrx_word' id='word_1_109' title='bbox 878 1537 959 1590; x_wconf 90' lang='lat' dir='ltr'><strong>sic</strong></span> <span class='ocrx_word' id='word_1_110' title='bbox 1002 1535 1286 1588; x_wconf 90' lang='lat' dir='ltr'><strong>immissus</strong></span> <span class='ocrx_word' id='word_1_111' title='bbox 1336 1530 1503 1584; x_wconf 86' lang='lat' dir='ltr'><strong>Evam</strong></span> <span class='ocrx_word' id='word_1_112' title='bbox 1551 1529 1759 1583; x_wconf 89' lang='lat' dir='ltr'><strong>fefellit.</strong></span> <span class='ocrx_word' id='word_1_113' title='bbox 1814 1527 1951 1583; x_wconf 88' lang='lat' dir='ltr'><strong>lluic</strong></span> 
     </span>
    </p>
   </div>
   <div class='ocr_carea' id='block_1_19' title="bbox 361 1619 1950 1692">
    <p class='ocr_par' dir='ltr' id='par_1_19' title="bbox 361 1619 1950 1692">
     <span class='ocr_line' id='line_1_19' title="bbox 361 1619 1950 1692; baseline -0.005 -12"><span class='ocrx_word' id='word_1_114' title='bbox 361 1625 509 1680; x_wconf 77' lang='lat' dir='ltr'><strong>enim</strong></span> <span class='ocrx_word' id='word_1_115' title='bbox 551 1627 873 1680; x_wconf 84' lang='lat' dir='ltr'><strong>auscultans</strong></span> <span class='ocrx_word' id='word_1_116' title='bbox 917 1625 1006 1676; x_wconf 89' lang='lat' dir='ltr'><strong>illa</strong></span> <span class='ocrx_word' id='word_1_117' title='bbox 1057 1632 1320 1692; x_wconf 82' lang='lat' dir='ltr'><strong>tanquam</strong></span> <span class='ocrx_word' id='word_1_118' title='bbox 1370 1620 1462 1674; x_wconf 89' lang='lat' dir='ltr'><strong>Dei</strong></span> <span class='ocrx_word' id='word_1_119' title='bbox 1511 1619 1641 1683; x_wconf 82' lang='lat' dir='ltr'><strong>filio,</strong></span> <span class='ocrx_word' id='word_1_120' title='bbox 1687 1621 1844 1675; x_wconf 79' lang='lat' dir='ltr'><strong>facile</strong></span> <span class='ocrx_word' id='word_1_121' title='bbox 1893 1626 1950 1674; x_wconf 84' lang='lat' dir='ltr'><strong>ut</strong></span> 
     </span>
    </p>
   </div>
   <div class='ocr_carea' id='block_1_20' title="bbox 362 1713 1877 1774">
    <p class='ocr_par' dir='ltr' id='par_1_20' title="bbox 362 1713 1877 1774">
     <span class='ocr_line' id='line_1_20' title="bbox 362 1713 1877 1774; baseline -0.005 0"><span class='ocrx_word' id='word_1_122' title='bbox 362 1717 432 1774; x_wconf 86' lang='lat' dir='ltr'><strong>de</strong></span> <span class='ocrx_word' id='word_1_123' title='bbox 460 1719 653 1774; x_wconf 87' lang='lat' dir='ltr'><strong>arbore</strong></span> <span class='ocrx_word' id='word_1_124' title='bbox 677 1717 921 1772; x_wconf 71' lang='lat' dir='ltr'><strong>scientiae</strong></span> <span class='ocrx_word' id='word_1_125' title='bbox 947 1726 1261 1771; x_wconf 83' lang='lat' dir='ltr'><strong>vesceretur</strong></span> <span class='ocrx_word' id='word_1_126' title='bbox 1289 1715 1343 1768; x_wconf 88' lang='lat' dir='ltr'><strong>in</strong></span> <span class='ocrx_word' id='word_1_127' title='bbox 1375 1715 1616 1768; x_wconf 88' lang='lat' dir='ltr'><strong>animum</strong></span> <span class='ocrx_word' id='word_1_128' title='bbox 1644 1713 1877 1767; x_wconf 79' lang='lat' dir='ltr'><strong>induxit.</strong></span> 
     </span>
    </p>
   </div>
   <div class='ocr_carea' id='block_1_21' title="bbox 437 1890 1956 1964">
    <p class='ocr_par' dir='ltr' id='par_1_21' title="bbox 437 1890 1956 1964">
     <span class='ocr_line' id='line_1_21' title="bbox 437 1890 1956 1964; baseline -0.002 -14"><span class='ocrx_word' id='word_1_129' title='bbox 437 1894 503 1950; x_wconf 83' lang='lat' dir='ltr'><strong>V.</strong></span> <span class='ocrx_word' id='word_1_130' title='bbox 530 1895 735 1951; x_wconf 86' lang='lat' dir='ltr'><strong>Deinde</strong></span> <span class='ocrx_word' id='word_1_131' title='bbox 765 1904 1053 1964; x_wconf 87' lang='lat' dir='ltr'><strong>postquam</strong></span> <span class='ocrx_word' id='word_1_132' title='bbox 1082 1893 1252 1949; x_wconf 85' lang='lat' dir='ltr'><strong>aniles</strong></span> <span class='ocrx_word' id='word_1_133' title='bbox 1281 1894 1415 1949; x_wconf 88' lang='lat' dir='ltr'><strong>istas</strong></span> <span class='ocrx_word' id='word_1_134' title='bbox 1439 1907 1611 1962; x_wconf 82' lang='lat' dir='ltr'><strong>nugas</strong></span> <span class='ocrx_word' id='word_1_135' title='bbox 1634 1907 1695 1945; x_wconf 90' lang='lat' dir='ltr'><strong>ac</strong></span> <span class='ocrx_word' id='word_1_136' title='bbox 1726 1890 1956 1947; x_wconf 82' lang='lat' dir='ltr'><strong>ridicule</strong></span> 
     </span>
    </p>
   </div>
   <div class='ocr_carea' id='block_1_22' title="bbox 363 1985 1952 2056">
    <p class='ocr_par' dir='ltr' id='par_1_22' title="bbox 363 1985 1952 2056">
     <span class='ocr_line' id='line_1_22' title="bbox 363 1985 1952 2056; baseline -0.006 -8"><span class='ocrx_word' id='word_1_137' title='bbox 363 1991 645 2048; x_wconf 76' lang='lat' dir='ltr'><strong>all&#39;ectatas</strong></span> <span class='ocrx_word' id='word_1_138' title='bbox 675 1988 886 2042; x_wconf 85' lang='lat' dir='ltr'><strong>fabulas</strong></span> <span class='ocrx_word' id='word_1_139' title='bbox 919 1988 1020 2040; x_wconf 86' lang='lat' dir='ltr'><strong>hoc</strong></span> <span class='ocrx_word' id='word_1_140' title='bbox 1053 1988 1214 2040; x_wconf 89' lang='lat' dir='ltr'><strong>modo</strong></span> <span class='ocrx_word' id='word_1_141' title='bbox 1239 1994 1658 2056; x_wconf 89' lang='lat' dir='ltr'><strong>proposuerunt,</strong></span> <span class='ocrx_word' id='word_1_142' title='bbox 1685 1985 1952 2052; x_wconf 82' lang='lat' dir='ltr'><strong>tragicum</strong></span> 
     </span>
    </p>
   </div>
   <div class='ocr_carea' id='block_1_23' title="bbox 363 2077 1953 2156">
    <p class='ocr_par' dir='ltr' id='par_1_23' title="bbox 363 2077 1953 2156">
     <span class='ocr_line' id='line_1_23' title="bbox 363 2077 1953 2156; baseline -0.004 -18"><span class='ocrx_word' id='word_1_143' title='bbox 363 2083 656 2156; x_wconf 83' lang='lat' dir='ltr'><strong>quemdam</strong></span> <span class='ocrx_word' id='word_1_144' title='bbox 695 2077 1006 2136; x_wconf 87' lang='lat' dir='ltr'><strong>istiusmodi</strong></span> <span class='ocrx_word' id='word_1_145' title='bbox 1039 2091 1248 2144; x_wconf 86' lang='lat' dir='ltr'><strong>actum,</strong></span> <span class='ocrx_word' id='word_1_146' title='bbox 1289 2078 1407 2134; x_wconf 87' lang='lat' dir='ltr'><strong>sive</strong></span> <span class='ocrx_word' id='word_1_147' title='bbox 1445 2077 1717 2132; x_wconf 87' lang='lat' dir='ltr'><strong>comicum</strong></span> <span class='ocrx_word' id='word_1_148' title='bbox 1768 2077 1953 2147; x_wconf 91' lang='lat' dir='ltr'><strong>potius</strong></span> 
     </span>
    </p>
   </div>
   <div class='ocr_carea' id='block_1_24' title="bbox 365 2167 1952 2237">
    <p class='ocr_par' dir='ltr' id='par_1_24' title="bbox 365 2167 1952 2237">
     <span class='ocr_line' id='line_1_24' title="bbox 365 2167 1952 2237; baseline -0.005 -9"><span class='ocrx_word' id='word_1_149' title='bbox 365 2175 718 2230; x_wconf 88' lang='lat' dir='ltr'><strong>instituenles</strong></span> <span class='ocrx_word' id='word_1_150' title='bbox 738 2214 752 2235; x_wconf 84' lang='lat'><strong>,</strong></span> <span class='ocrx_word' id='word_1_151' title='bbox 790 2171 1052 2225; x_wconf 87' lang='lat' dir='ltr'><strong>nonnulla</strong></span> <span class='ocrx_word' id='word_1_152' title='bbox 1093 2169 1161 2223; x_wconf 89' lang='lat' dir='ltr'><strong>ad</strong></span> <span class='ocrx_word' id='word_1_153' title='bbox 1191 2170 1348 2223; x_wconf 79' lang='lat' dir='ltr'><strong>fictos</strong></span> <span class='ocrx_word' id='word_1_154' title='bbox 1381 2170 1505 2222; x_wconf 90' lang='lat' dir='ltr'><strong>illos</strong></span> <span class='ocrx_word' id='word_1_155' title='bbox 1534 2167 1667 2223; x_wconf 85' lang='lat' dir='ltr'><strong>deos</strong></span> <span class='ocrx_word' id='word_1_156' title='bbox 1696 2183 1952 2237; x_wconf 90' lang='lat' dir='ltr'><strong>compro-</strong></span> 
     </span>
    </p>
   </div>
   <div class='ocr_carea' id='block_1_25' title="bbox 364 2259 1952 2331">
    <p class='ocr_par' dir='ltr' id='par_1_25' title="bbox 364 2259 1952 2331">
     <span class='ocr_line' id='line_1_25' title="bbox 364 2259 1952 2331; baseline -0.004 -11"><span class='ocrx_word' id='word_1_157' title='bbox 364 2264 576 2322; x_wconf 84' lang='lat' dir='ltr'><strong>bandos</strong></span> <span class='ocrx_word' id='word_1_158' title='bbox 600 2265 653 2319; x_wconf 91' lang='lat' dir='ltr'><strong>in</strong></span> <span class='ocrx_word' id='word_1_159' title='bbox 690 2263 928 2318; x_wconf 87' lang='lat' dir='ltr'><strong>medium</strong></span> <span class='ocrx_word' id='word_1_160' title='bbox 969 2262 1221 2316; x_wconf 75' lang='lat' dir='ltr'><strong>afferunt.</strong></span> <span class='ocrx_word' id='word_1_161' title='bbox 1247 2259 1462 2325; x_wconf 81' lang='lat' dir='ltr'><strong>Nonne,</strong></span> <span class='ocrx_word' id='word_1_162' title='bbox 1487 2261 1836 2331; x_wconf 88' lang='lat' dir='ltr'><strong>inquiunt,et</strong></span> <span class='ocrx_word' id='word_1_163' title='bbox 1868 2260 1952 2314; x_wconf 90' lang='lat' dir='ltr'><strong>in-</strong></span> 
     </span>
    </p>
   </div>
   <div class='ocr_carea' id='block_1_26' title="bbox 361 2353 1952 2426">
    <p class='ocr_par' dir='ltr' id='par_1_26' title="bbox 361 2353 1952 2426">
     <span class='ocr_line' id='line_1_26' title="bbox 361 2353 1952 2426; baseline -0.002 -14"><span class='ocrx_word' id='word_1_164' title='bbox 361 2359 565 2413; x_wconf 72' lang='lat' dir='ltr'><strong>testina</strong></span> <span class='ocrx_word' id='word_1_165' title='bbox 599 2365 808 2420; x_wconf 90' lang='lat' dir='ltr'><strong>nostra,</strong></span> <span class='ocrx_word' id='word_1_166' title='bbox 841 2356 1042 2426; x_wconf 84' lang='lat' dir='ltr'><strong>quibus</strong></span> <span class='ocrx_word' id='word_1_167' title='bbox 1071 2355 1304 2411; x_wconf 89' lang='lat' dir='ltr'><strong>vivimus</strong></span> <span class='ocrx_word' id='word_1_168' title='bbox 1333 2365 1388 2411; x_wconf 91' lang='lat' dir='ltr'><strong>et</strong></span> <span class='ocrx_word' id='word_1_169' title='bbox 1425 2355 1644 2419; x_wconf 89' lang='lat' dir='ltr'><strong>alimur,</strong></span> <span class='ocrx_word' id='word_1_170' title='bbox 1677 2353 1952 2424; x_wconf 88' lang='lat' dir='ltr'><strong>serpentis</strong></span> 
     </span>
    </p>
   </div>
   <div class='ocr_carea' id='block_1_27' title="bbox 360 2446 1952 2520">
    <p class='ocr_par' dir='ltr' id='par_1_27' title="bbox 360 2446 1952 2520">
     <span class='ocr_line' id='line_1_27' title="bbox 360 2446 1952 2520; baseline -0.001 -17"><span class='ocrx_word' id='word_1_171' title='bbox 360 2450 589 2520; x_wconf 79' lang='lat' dir='ltr'><strong>etligiem</strong></span> <span class='ocrx_word' id='word_1_172' title='bbox 623 2448 907 2504; x_wconf 82' lang='lat' dir='ltr'><strong>referunt?</strong></span> <span class='ocrx_word' id='word_1_173' title='bbox 939 2449 1162 2503; x_wconf 81' lang='lat' dir='ltr'><strong>Addunt</strong></span> <span class='ocrx_word' id='word_1_174' title='bbox 1192 2458 1246 2503; x_wconf 88' lang='lat' dir='ltr'><strong>et</strong></span> <span class='ocrx_word' id='word_1_175' title='bbox 1287 2449 1391 2502; x_wconf 90' lang='lat' dir='ltr'><strong>alia</strong></span> <span class='ocrx_word' id='word_1_176' title='bbox 1424 2449 1701 2519; x_wconf 89' lang='lat' dir='ltr'><strong>pleraque,</strong></span> <span class='ocrx_word' id='word_1_177' title='bbox 1734 2463 1856 2518; x_wconf 63' lang='lat' dir='ltr'><strong>qure</strong></span> <span class='ocrx_word' id='word_1_178' title='bbox 1884 2446 1952 2501; x_wconf 88' lang='lat' dir='ltr'><strong>ad</strong></span> 
     </span>
    </p>
   </div>
   <div class='ocr_carea' id='block_1_28' title="bbox 358 2540 1949 2620">
    <p class='ocr_par' dir='ltr' id='par_1_28' title="bbox 358 2540 1949 2620">
     <span class='ocr_line' id='line_1_28' title="bbox 358 2540 1949 2620; baseline -0.003 -21"><span class='ocrx_word' id='word_1_179' title='bbox 358 2558 610 2599; x_wconf 88' lang='lat' dir='ltr'><strong>errorum</strong></span> <span class='ocrx_word' id='word_1_180' title='bbox 663 2557 728 2597; x_wconf 91' lang='lat' dir='ltr'><strong>ac</strong></span> <span class='ocrx_word' id='word_1_181' title='bbox 775 2543 1095 2620; x_wconf 87' lang='lat' dir='ltr'><strong>deliriorum</strong></span> <span class='ocrx_word' id='word_1_182' title='bbox 1148 2555 1373 2596; x_wconf 89' lang='lat' dir='ltr'><strong>suorum</strong></span> <span class='ocrx_word' id='word_1_183' title='bbox 1431 2540 1733 2595; x_wconf 87' lang='lat' dir='ltr'><strong>faciendam</strong></span> <span class='ocrx_word' id='word_1_184' title='bbox 1789 2540 1949 2596; x_wconf 82' lang='lat' dir='ltr'><strong>fidem</strong></span> 
     </span>
    </p>
   </div>
   <div class='ocr_carea' id='block_1_29' title="bbox 360 2632 1952 2703">
    <p class='ocr_par' dir='ltr' id='par_1_29' title="bbox 360 2632 1952 2703">
     <span class='ocr_line' id='line_1_29' title="bbox 360 2632 1952 2703; baseline -0.001 -13"><span class='ocrx_word' id='word_1_185' title='bbox 360 2635 732 2690; x_wconf 86' lang='lat' dir='ltr'><strong>sectatoribus</strong></span> <span class='ocrx_word' id='word_1_186' title='bbox 787 2633 903 2690; x_wconf 88' lang='lat' dir='ltr'><strong>suis</strong></span> <span class='ocrx_word' id='word_1_187' title='bbox 958 2633 1246 2703; x_wconf 85' lang='lat' dir='ltr'><strong>objiciunt.</strong></span> <span class='ocrx_word' id='word_1_188' title='bbox 1297 2632 1594 2702; x_wconf 82' lang='lat' dir='ltr'><strong>Propterea</strong></span> <span class='ocrx_word' id='word_1_189' title='bbox 1643 2634 1812 2699; x_wconf 87' lang='lat' dir='ltr'><strong>enim,</strong></span> <span class='ocrx_word' id='word_1_190' title='bbox 1869 2634 1952 2688; x_wconf 90' lang='lat' dir='ltr'><strong>in-</strong></span> 
     </span>
    </p>
   </div>
   <div class='ocr_carea' id='block_1_30' title="bbox 359 2725 1952 2798">
    <p class='ocr_par' dir='ltr' id='par_1_30' title="bbox 359 2725 1952 2798">
     <span class='ocr_line' id='line_1_30' title="bbox 359 2725 1952 2798; baseline 0.001 -19"><span class='ocrx_word' id='word_1_191' title='bbox 359 2727 594 2796; x_wconf 87' lang='lat' dir='ltr'><strong>quiunt,</strong></span> <span class='ocrx_word' id='word_1_192' title='bbox 625 2735 934 2798; x_wconf 49' lang='lat' dir='ltr'><strong>serpentem</strong></span> <span class='ocrx_word' id='word_1_193' title='bbox 969 2726 1204 2782; x_wconf 91' lang='lat' dir='ltr'><strong>colimus</strong></span> <span class='ocrx_word' id='word_1_194' title='bbox 1226 2767 1240 2788; x_wconf 82' lang='lat'><strong>.</strong></span> <span class='ocrx_word' id='word_1_195' title='bbox 1274 2727 1420 2798; x_wconf 85' lang='lat' dir='ltr'><strong>quod</strong></span> <span class='ocrx_word' id='word_1_196' title='bbox 1457 2727 1600 2783; x_wconf 86' lang='lat' dir='ltr'><strong>Deus</strong></span> <span class='ocrx_word' id='word_1_197' title='bbox 1631 2728 1736 2783; x_wconf 87' lang='lat' dir='ltr'><strong>iste</strong></span> <span class='ocrx_word' id='word_1_198' title='bbox 1768 2725 1952 2781; x_wconf 90' lang='lat' dir='ltr'><strong>multi-</strong></span> 
     </span>
    </p>
   </div>
   <div class='ocr_carea' id='block_1_31' title="bbox 358 2821 1950 2892">
    <p class='ocr_par' dir='ltr' id='par_1_31' title="bbox 358 2821 1950 2892">
     <span class='ocr_line' id='line_1_31' title="bbox 358 2821 1950 2892; baseline -0.001 -17"><span class='ocrx_word' id='word_1_199' title='bbox 358 2821 537 2876; x_wconf 87' lang='lat' dir='ltr'><strong>tudini</strong></span> <span class='ocrx_word' id='word_1_200' title='bbox 589 2821 872 2877; x_wconf 87' lang='lat' dir='ltr'><strong>hominum</strong></span> <span class='ocrx_word' id='word_1_201' title='bbox 912 2821 1158 2876; x_wconf 74' lang='lat' dir='ltr'><strong>scientize</strong></span> <span class='ocrx_word' id='word_1_202' title='bbox 1187 2835 1251 2874; x_wconf 91' lang='lat' dir='ltr'><strong>ac</strong></span> <span class='ocrx_word' id='word_1_203' title='bbox 1281 2822 1579 2892; x_wconf 84' lang='lat' dir='ltr'><strong>cognitioni</strong></span> <span class='ocrx_word' id='word_1_204' title='bbox 1609 2837 1835 2876; x_wconf 85' lang='lat' dir='ltr'><strong>causam</strong></span> <span class='ocrx_word' id='word_1_205' title='bbox 1865 2828 1950 2874; x_wconf 89' lang='lat' dir='ltr'><strong>at-</strong></span> 
     </span>
    </p>
   </div>
   <div class='ocr_carea' id='block_1_32' title="bbox 358 2912 1950 2983">
    <p class='ocr_par' dir='ltr' id='par_1_32' title="bbox 358 2912 1950 2983">
     <span class='ocr_line' id='line_1_32' title="bbox 358 2912 1950 2983; baseline 0.001 -14"><span class='ocrx_word' id='word_1_206' title='bbox 358 2915 505 2970; x_wconf 86' lang='lat' dir='ltr'><strong>tulit.</strong></span> <span class='ocrx_word' id='word_1_207' title='bbox 557 2912 1189 2983; x_wconf 69' lang='lat' dir='ltr'><strong>Jaldabaotlrsnpremae</strong></span> <span class='ocrx_word' id='word_1_208' title='bbox 1224 2913 1419 2970; x_wconf 80' lang='lat' dir='ltr'><strong>Matris</strong></span> <span class='ocrx_word' id='word_1_209' title='bbox 1445 2929 1510 2969; x_wconf 88' lang='lat' dir='ltr'><strong>ac</strong></span> <span class='ocrx_word' id='word_1_210' title='bbox 1546 2913 1798 2970; x_wconf 84' lang='lat' dir='ltr'><strong>Parentis</strong></span> <span class='ocrx_word' id='word_1_211' title='bbox 1830 2929 1950 2970; x_wconf 83' lang='lat' dir='ltr'><strong>me-</strong></span> 
     </span>
    </p>
   </div>
   <div class='ocr_carea' id='block_1_33' title="bbox 358 3006 1948 3076">
    <p class='ocr_par' dir='ltr' id='par_1_33' title="bbox 358 3006 1948 3076">
     <span class='ocr_line' id='line_1_33' title="bbox 358 3006 1948 3076; baseline -0.001 -14"><span class='ocrx_word' id='word_1_212' title='bbox 358 3008 596 3062; x_wconf 83' lang='lat' dir='ltr'><strong>moriam</strong></span> <span class='ocrx_word' id='word_1_213' title='bbox 648 3006 814 3076; x_wconf 75' lang='grc'><strong>272</strong></span> <span class='ocrx_word' id='word_1_214' title='bbox 871 3007 1200 3062; x_wconf 85' lang='lat' dir='ltr'><strong>exstinctam</strong></span> <span class='ocrx_word' id='word_1_215' title='bbox 1235 3007 1376 3061; x_wconf 90' lang='lat' dir='ltr'><strong>inter</strong></span> <span class='ocrx_word' id='word_1_216' title='bbox 1410 3007 1662 3062; x_wconf 85' lang='lat' dir='ltr'><strong>homines</strong></span> <span class='ocrx_word' id='word_1_217' title='bbox 1697 3022 1818 3063; x_wconf 84' lang='lat' dir='ltr'><strong>esse</strong></span> <span class='ocrx_word' id='word_1_218' title='bbox 1847 3022 1948 3062; x_wconf 88' lang='lat' dir='ltr'><strong>cn-</strong></span> 
     </span>
    </p>
   </div>
   <div class='ocr_carea' id='block_1_34' title="bbox 2061 422 3647 496">
    <p class='ocr_par' dir='ltr' id='par_1_34' title="bbox 2061 422 3647 496">
     <span class='ocr_line' id='line_1_34' title="bbox 2061 422 3647 496; baseline 0.003 -21"><span class='ocrx_word' id='word_1_219' title='bbox 2061 422 2713 496; x_wconf 82' lang='grc' dir='ltr'>Προὺνεικος,βουλομένη</span> <span class='ocrx_word' id='word_1_220' title='bbox 2727 424 2962 478; x_wconf 84' lang='grc' dir='ltr'>κενῶσαι</span> <span class='ocrx_word' id='word_1_221' title='bbox 2979 425 3069 477; x_wconf 79' lang='grc' dir='ltr'><strong>τὸν</strong></span> <span class='ocrx_word' id='word_1_222' title='bbox 3086 425 3420 480; x_wconf 77' lang='grc' dir='ltr'>ἰαλδαὸαὼθ</span> <span class='ocrx_word' id='word_1_223' title='bbox 3435 428 3546 481; x_wconf 69' lang='grc' dir='ltr'><strong>ἀπὸ</strong></span> <span class='ocrx_word' id='word_1_224' title='bbox 3563 429 3647 496; x_wconf 61' lang='grc' dir='ltr'>τῆς</span> 
     </span>
    </p>
   </div>
   <div class='ocr_carea' id='block_1_35' title="bbox 2059 512 3648 588">
    <p class='ocr_par' dir='ltr' id='par_1_35' title="bbox 2059 512 3648 588">
     <span class='ocr_line' id='line_1_35' title="bbox 2059 512 3648 588; baseline 0.004 -23"><span class='ocrx_word' id='word_1_225' title='bbox 2059 512 2231 582; x_wconf 82' lang='grc' dir='ltr'>αὐτῆς</span> <span class='ocrx_word' id='word_1_226' title='bbox 2259 513 2540 585; x_wconf 77' lang='grc' dir='ltr'><strong>μετέσχεν,</strong></span> <span class='ocrx_word' id='word_1_227' title='bbox 2567 515 2870 584; x_wconf 75' lang='grc' dir='ltr'>ἐνήργησεν</span> <span class='ocrx_word' id='word_1_228' title='bbox 2887 515 2941 566; x_wconf 59' lang='grc' dir='ltr'>ὲν</span> <span class='ocrx_word' id='word_1_229' title='bbox 2965 513 3114 584; x_wconf 83' lang='grc' dir='ltr'>αὑτῷ</span> <span class='ocrx_word' id='word_1_230' title='bbox 3133 517 3209 579; x_wconf 62' lang='grc' dir='ltr'><strong>είς</strong></span> <span class='ocrx_word' id='word_1_231' title='bbox 3226 516 3317 569; x_wconf 72' lang='grc' dir='ltr'><strong>τὸν</strong></span> <span class='ocrx_word' id='word_1_232' title='bbox 3337 515 3648 588; x_wconf 75' lang='grc' dir='ltr'>Ἄνθρωπον</span> 
     </span>
    </p>
   </div>
   <div class='ocr_carea' id='block_1_36' title="bbox 2058 605 3647 680">
    <p class='ocr_par' dir='ltr' id='par_1_36' title="bbox 2058 605 3647 680">
     <span class='ocr_line' id='line_1_36' title="bbox 2058 605 3647 680; baseline -0.001 -20"><span class='ocrx_word' id='word_1_233' title='bbox 2058 607 2150 661; x_wconf 83' lang='grc' dir='ltr'><strong>τὸν</strong></span> <span class='ocrx_word' id='word_1_234' title='bbox 2171 607 2278 660; x_wconf 76' lang='grc' dir='ltr'>ἀπὸ</span> <span class='ocrx_word' id='word_1_235' title='bbox 2305 606 2413 660; x_wconf 83' lang='grc' dir='ltr'><strong>τῶν</strong></span> <span class='ocrx_word' id='word_1_236' title='bbox 2439 607 2644 660; x_wconf 85' lang='grc' dir='ltr'>τέκνων</span> <span class='ocrx_word' id='word_1_237' title='bbox 2669 605 2836 660; x_wconf 88' lang='grc' dir='ltr'>αὑτοῦ</span> <span class='ocrx_word' id='word_1_238' title='bbox 2876 607 3260 679; x_wconf 83' lang='grc' dir='ltr'><strong>πεπλασμένον</strong></span> <span class='ocrx_word' id='word_1_239' title='bbox 3291 608 3541 662; x_wconf 77' lang='grc' dir='ltr'>κενῶσαι</span> 
     </span>
    </p>
   </div>
   <div class='ocr_carea' id='block_1_37' title="bbox 2059 699 3647 772">
    <p class='ocr_par' dir='ltr' id='par_1_37' title="bbox 2059 699 3647 772">
     <span class='ocr_line' id='line_1_37' title="bbox 2059 699 3647 772; baseline 0.001 -19"><span class='ocrx_word' id='word_1_240' title='bbox 2059 699 2226 753; x_wconf 89' lang='grc' dir='ltr'>αὑτοῦ</span> <span class='ocrx_word' id='word_1_241' title='bbox 2258 700 2507 771; x_wconf 81' lang='grc' dir='ltr'>δύναμιν,</span> <span class='ocrx_word' id='word_1_242' title='bbox 2552 701 2647 753; x_wconf 73' lang='grc' dir='ltr'><strong>καὶ</strong></span> <span class='ocrx_word' id='word_1_243' title='bbox 2693 699 3014 754; x_wconf 80' lang='grc' dir='ltr'>ἀποστεῖλαι</span> <span class='ocrx_word' id='word_1_244' title='bbox 3044 702 3137 754; x_wconf 83' lang='grc' dir='ltr'><strong>ἀπ’</strong></span> <span class='ocrx_word' id='word_1_245' title='bbox 3168 701 3338 755; x_wconf 83' lang='grc' dir='ltr'>αὑτοῦ</span> <span class='ocrx_word' id='word_1_246' title='bbox 3386 700 3647 772; x_wconf 59' lang='grc' dir='ltr'>σπινθῆρα</span> 
     </span>
    </p>
   </div>
   <div class='ocr_carea' id='block_1_38' title="bbox 2060 791 3643 865">
    <p class='ocr_par' dir='ltr' id='par_1_38' title="bbox 2060 791 3643 865">
     <span class='ocr_line' id='line_1_38' title="bbox 2060 791 3643 865; baseline 0.002 -19"><span class='ocrx_word' id='word_1_247' title='bbox 2060 792 2154 846; x_wconf 74' lang='grc' dir='ltr'>ἐπὶ</span> <span class='ocrx_word' id='word_1_248' title='bbox 2198 791 2290 845; x_wconf 76' lang='grc' dir='ltr'><strong>τὸν</strong></span> <span class='ocrx_word' id='word_1_249' title='bbox 2320 793 2629 864; x_wconf 74' lang='grc' dir='ltr'>ἄνθρωπον,</span> <span class='ocrx_word' id='word_1_250' title='bbox 2672 793 2771 865; x_wconf 80' lang='grc' dir='ltr'>τὴν</span> <span class='ocrx_word' id='word_1_251' title='bbox 2811 793 2990 865; x_wconf 71' lang='grc' dir='ltr'>ψυχὴν</span> <span class='ocrx_word' id='word_1_252' title='bbox 3024 793 3186 864; x_wconf 79' lang='grc' dir='ltr'>δῆθεν</span> <span class='ocrx_word' id='word_1_253' title='bbox 3211 793 3643 864; x_wconf 69' lang='grc' dir='ltr'>διανοούμενοιι.</span> 
     </span>
    </p>
   </div>
   <div class='ocr_carea' id='block_1_39' title="bbox 2059 883 3646 957">
    <p class='ocr_par' dir='ltr' id='par_1_39' title="bbox 2059 883 3646 957">
     <span class='ocr_line' id='line_1_39' title="bbox 2059 883 3646 957; baseline 0.002 -18"><span class='ocrx_word' id='word_1_254' title='bbox 2059 885 2172 940; x_wconf 69' lang='grc' dir='ltr'>Καὶ</span> <span class='ocrx_word' id='word_1_255' title='bbox 2200 884 2346 948; x_wconf 88' lang='grc' dir='ltr'>τότε,</span> <span class='ocrx_word' id='word_1_256' title='bbox 2374 885 2562 956; x_wconf 76' lang='grc' dir='ltr'>φησὶν,</span> <span class='ocrx_word' id='word_1_257' title='bbox 2597 883 2728 956; x_wconf 76' lang='grc' dir='ltr'>ἔστη</span> <span class='ocrx_word' id='word_1_258' title='bbox 2761 886 2789 938; x_wconf 93' lang='lat'><strong>6</strong></span> <span class='ocrx_word' id='word_1_259' title='bbox 2828 885 3117 957; x_wconf 79' lang='grc' dir='ltr'>ἄνθρωπος</span> <span class='ocrx_word' id='word_1_260' title='bbox 3155 886 3250 939; x_wconf 71' lang='grc' dir='ltr'><strong>ἐπὶ</strong></span> <span class='ocrx_word' id='word_1_261' title='bbox 3292 887 3428 949; x_wconf 80' lang='grc' dir='ltr'>τοὺς</span> <span class='ocrx_word' id='word_1_262' title='bbox 3473 885 3646 951; x_wconf 74' lang='grc' dir='ltr'>πόδας,</span> 
     </span>
    </p>
   </div>
   <div class='ocr_carea' id='block_1_40' title="bbox 2060 977 3648 1050">
    <p class='ocr_par' dir='ltr' id='par_1_40' title="bbox 2060 977 3648 1050">
     <span class='ocr_line' id='line_1_40' title="bbox 2060 977 3648 1050; baseline 0 -17"><span class='ocrx_word' id='word_1_263' title='bbox 2060 980 2156 1033; x_wconf 76' lang='grc' dir='ltr'><strong>καὶ</strong></span> <span class='ocrx_word' id='word_1_264' title='bbox 2197 977 2544 1049; x_wconf 79' lang='grc' dir='ltr'>ὑπερϐέϐηκε</span> <span class='ocrx_word' id='word_1_265' title='bbox 2567 981 2632 1048; x_wconf 85' lang='grc' dir='ltr'>τῇ</span> <span class='ocrx_word' id='word_1_266' title='bbox 2663 978 2869 1050; x_wconf 79' lang='grc' dir='ltr'>διανοίᾳ</span> <span class='ocrx_word' id='word_1_267' title='bbox 2906 978 3034 1042; x_wconf 81' lang='grc' dir='ltr'>τοὺς</span> <span class='ocrx_word' id='word_1_268' title='bbox 3061 978 3212 1032; x_wconf 81' lang='grc' dir='ltr'>ὀκτὼ</span> <span class='ocrx_word' id='word_1_269' title='bbox 3240 979 3543 1050; x_wconf 73' lang='grc' dir='ltr'>οὐρανοὺς,</span> <span class='ocrx_word' id='word_1_270' title='bbox 3568 983 3648 1033; x_wconf 74' lang='grc' dir='ltr'><strong>καὶ</strong></span> 
     </span>
    </p>
   </div>
   <div class='ocr_carea' id='block_1_41' title="bbox 2059 1069 3647 1142">
    <p class='ocr_par' dir='ltr' id='par_1_41' title="bbox 2059 1069 3647 1142">
     <span class='ocr_line' id='line_1_41' title="bbox 2059 1069 3647 1142; baseline 0.003 -20"><span class='ocrx_word' id='word_1_271' title='bbox 2059 1071 2293 1138; x_wconf 77' lang='grc' dir='ltr'>ἐπέγνω,</span> <span class='ocrx_word' id='word_1_272' title='bbox 2323 1071 2416 1123; x_wconf 75' lang='grc' dir='ltr'><strong>καὶ</strong></span> <span class='ocrx_word' id='word_1_273' title='bbox 2462 1070 2622 1141; x_wconf 83' lang='grc' dir='ltr'>ᾔνεσε</span> <span class='ocrx_word' id='word_1_274' title='bbox 2657 1069 2746 1123; x_wconf 86' lang='grc' dir='ltr'><strong>τὸν</strong></span> <span class='ocrx_word' id='word_1_275' title='bbox 2787 1071 2899 1126; x_wconf 79' lang='grc' dir='ltr'>ἄνω</span> <span class='ocrx_word' id='word_1_276' title='bbox 2939 1071 3158 1142; x_wconf 80' lang='grc' dir='ltr'><strong>Πατέρα</strong></span> <span class='ocrx_word' id='word_1_277' title='bbox 3207 1072 3302 1126; x_wconf 78' lang='grc' dir='ltr'><strong>τὸν</strong></span> <span class='ocrx_word' id='word_1_278' title='bbox 3333 1073 3530 1126; x_wconf 81' lang='grc' dir='ltr'>ἐπάνω</span> <span class='ocrx_word' id='word_1_279' title='bbox 3567 1072 3647 1126; x_wconf 71' lang='grc' dir='ltr'><strong>τοῦ</strong></span> 
     </span>
    </p>
   </div>
   <div class='ocr_carea' id='block_1_42' title="bbox 2073 1161 3646 1235">
    <p class='ocr_par' dir='ltr' id='par_1_42' title="bbox 2073 1161 3646 1235">
     <span class='ocr_line' id='line_1_42' title="bbox 2073 1161 3646 1235; baseline 0.001 -21"><span class='ocrx_word' id='word_1_280' title='bbox 2073 1161 2419 1217; x_wconf 77' lang='grc' dir='ltr'>Ἰαλόαϐαώθ.</span> <span class='ocrx_word' id='word_1_281' title='bbox 2448 1162 2559 1216; x_wconf 72' lang='grc' dir='ltr'>Καὶ</span> <span class='ocrx_word' id='word_1_282' title='bbox 2580 1163 2700 1215; x_wconf 87' lang='grc' dir='ltr'>τότε</span> <span class='ocrx_word' id='word_1_283' title='bbox 2728 1163 2756 1214; x_wconf 96' lang='lat'><strong>6</strong></span> <span class='ocrx_word' id='word_1_284' title='bbox 2790 1162 3138 1227; x_wconf 76' lang='grc' dir='ltr'>Ἰαλδαϐαὼθ,</span> <span class='ocrx_word' id='word_1_285' title='bbox 3158 1164 3309 1234; x_wconf 83' lang='grc' dir='ltr'>πόνῳ</span> <span class='ocrx_word' id='word_1_286' title='bbox 3331 1166 3646 1235; x_wconf 56' lang='grc' dir='ltr'>φεῴμενος,</span> 
     </span>
    </p>
   </div>
   <div class='ocr_carea' id='block_1_43' title="bbox 2058 1253 3646 1328">
    <p class='ocr_par' dir='ltr' id='par_1_43' title="bbox 2058 1253 3646 1328">
     <span class='ocr_line' id='line_1_43' title="bbox 2058 1253 3646 1328; baseline 0.003 -21"><span class='ocrx_word' id='word_1_287' title='bbox 2058 1255 2145 1308; x_wconf 75' lang='grc' dir='ltr'><strong>διὰ</strong></span> <span class='ocrx_word' id='word_1_288' title='bbox 2187 1254 2248 1307; x_wconf 75' lang='grc' dir='ltr'><strong>τὸ</strong></span> <span class='ocrx_word' id='word_1_289' title='bbox 2291 1253 2698 1325; x_wconf 75' lang='grc' dir='ltr'>ἐπιγνωσθῆναι</span> <span class='ocrx_word' id='word_1_290' title='bbox 2727 1255 2795 1309; x_wconf 76' lang='grc' dir='ltr'>τὰ</span> <span class='ocrx_word' id='word_1_291' title='bbox 2845 1254 3095 1309; x_wconf 79' lang='grc' dir='ltr'>ἀνώτατα</span> <span class='ocrx_word' id='word_1_292' title='bbox 3146 1257 3337 1319; x_wconf 83' lang='grc' dir='ltr'>αὑτοῦ,</span> <span class='ocrx_word' id='word_1_293' title='bbox 3388 1258 3646 1328; x_wconf 62' lang='grc' dir='ltr'><strong>ἐπέελενςνε</strong></span> 
     </span>
    </p>
   </div>
   <div class='ocr_carea' id='block_1_44' title="bbox 2059 1345 3643 1421">
    <p class='ocr_par' dir='ltr' id='par_1_44' title="bbox 2059 1345 3643 1421">
     <span class='ocr_line' id='line_1_44' title="bbox 2059 1345 3643 1421; baseline 0.003 -21"><span class='ocrx_word' id='word_1_294' title='bbox 2059 1348 2210 1400; x_wconf 82' lang='grc' dir='ltr'>κάτω</span> <span class='ocrx_word' id='word_1_295' title='bbox 2239 1349 2295 1400; x_wconf 83' lang='grc' dir='ltr'><strong>ἐν</strong></span> <span class='ocrx_word' id='word_1_296' title='bbox 2330 1346 2524 1420; x_wconf 79' lang='grc' dir='ltr'>πικρίᾳ</span> <span class='ocrx_word' id='word_1_297' title='bbox 2559 1345 2697 1418; x_wconf 80' lang='grc' dir='ltr'>πρὸς</span> <span class='ocrx_word' id='word_1_298' title='bbox 2727 1345 2827 1418; x_wconf 79' lang='grc' dir='ltr'><strong>τὴν</strong></span> <span class='ocrx_word' id='word_1_299' title='bbox 2855 1348 3211 1420; x_wconf 76' lang='grc' dir='ltr'><strong>ὑποστάθμην</strong></span> <span class='ocrx_word' id='word_1_300' title='bbox 3236 1351 3340 1421; x_wconf 79' lang='grc' dir='ltr'>τῆς</span> <span class='ocrx_word' id='word_1_301' title='bbox 3376 1349 3536 1420; x_wconf 51' lang='lat' dir='ltr'><strong>&quot;toﬁs,</strong></span> <span class='ocrx_word' id='word_1_302' title='bbox 3565 1352 3643 1405; x_wconf 72' lang='grc' dir='ltr'><strong>καὶ</strong></span> 
     </span>
    </p>
   </div>
   <div class='ocr_carea' id='block_1_45' title="bbox 2058 1438 3641 1511">
    <p class='ocr_par' dir='ltr' id='par_1_45' title="bbox 2058 1438 3641 1511">
     <span class='ocr_line' id='line_1_45' title="bbox 2058 1438 3641 1511; baseline 0.003 -19"><span class='ocrx_word' id='word_1_303' title='bbox 2058 1438 2354 1510; x_wconf 71' lang='grc' dir='ltr'>γεγέννηκε</span> <span class='ocrx_word' id='word_1_304' title='bbox 2381 1438 2611 1509; x_wconf 78' lang='grc' dir='ltr'>δύναμιν</span> <span class='ocrx_word' id='word_1_305' title='bbox 2632 1439 2966 1511; x_wconf 79' lang='grc' dir='ltr'>ὀφιόμορφον</span> <span class='ocrx_word' id='word_1_306' title='bbox 2995 1440 3169 1495; x_wconf 87' lang='grc' dir='ltr'>είδέαν</span> <span class='ocrx_word' id='word_1_307' title='bbox 3194 1441 3452 1511; x_wconf 77' lang='grc' dir='ltr'>ἔχουσαν,</span> <span class='ocrx_word' id='word_1_308' title='bbox 3489 1443 3546 1494; x_wconf 78' lang='grc' dir='ltr'>ὃν</span> <span class='ocrx_word' id='word_1_309' title='bbox 3564 1444 3641 1496; x_wconf 70' lang='grc' dir='ltr'>καὶ</span> 
     </span>
    </p>
   </div>
   <div class='ocr_carea' id='block_1_46' title="bbox 2059 1525 3638 1605">
    <p class='ocr_par' dir='ltr' id='par_1_46' title="bbox 2059 1525 3638 1605">
     <span class='ocr_line' id='line_1_46' title="bbox 2059 1525 3638 1605; baseline 0.004 -27"><span class='ocrx_word' id='word_1_310' title='bbox 2059 1527 2173 1580; x_wconf 73' lang='grc' dir='ltr'>υἱὸν</span> <span class='ocrx_word' id='word_1_311' title='bbox 2194 1525 2358 1579; x_wconf 86' lang='grc' dir='ltr'>αὑτοῦ</span> <span class='ocrx_word' id='word_1_312' title='bbox 2378 1526 2634 1581; x_wconf 83' lang='grc' dir='ltr'>καλοῦσι·</span> <span class='ocrx_word' id='word_1_313' title='bbox 2653 1528 2745 1581; x_wconf 74' lang='grc' dir='ltr'>καὶ</span> <span class='ocrx_word' id='word_1_314' title='bbox 2775 1527 2947 1592; x_wconf 89' lang='grc' dir='ltr'>οῦτως</span> <span class='ocrx_word' id='word_1_315' title='bbox 2968 1525 3142 1596; x_wconf 76' lang='grc' dir='ltr'>οὗτος,</span> <span class='ocrx_word' id='word_1_316' title='bbox 3165 1532 3354 1602; x_wconf 78' lang='grc' dir='ltr'>φησὶν,</span> <span class='ocrx_word' id='word_1_317' title='bbox 3373 1533 3638 1605; x_wconf 71' lang='grc' dir='ltr'>ἀπεστάλη</span> 
     </span>
    </p>
   </div>
   <div class='ocr_carea' id='block_1_47' title="bbox 2058 1619 3639 1695">
    <p class='ocr_par' dir='ltr' id='par_1_47' title="bbox 2058 1619 3639 1695">
     <span class='ocr_line' id='line_1_47' title="bbox 2058 1619 3639 1695; baseline 0.004 -23"><span class='ocrx_word' id='word_1_318' title='bbox 2058 1619 2151 1672; x_wconf 56' lang='grc' dir='ltr'><strong>καὶ⁵</strong></span> <span class='ocrx_word' id='word_1_319' title='bbox 2191 1619 2443 1690; x_wconf 81' lang='grc' dir='ltr'>ἠπάτησε</span> <span class='ocrx_word' id='word_1_320' title='bbox 2495 1619 2594 1692; x_wconf 83' lang='grc' dir='ltr'><strong>τὴν</strong></span> <span class='ocrx_word' id='word_1_321' title='bbox 2635 1621 2801 1677; x_wconf 74' lang='grc' dir='ltr'>Εὕαν.</span> <span class='ocrx_word' id='word_1_322' title='bbox 2839 1624 2904 1676; x_wconf 83' lang='grc' dir='ltr'><strong>Ἦ</strong></span> <span class='ocrx_word' id='word_1_323' title='bbox 2945 1624 3003 1676; x_wconf 65' lang='grc' dir='ltr'>δὲ</span> <span class='ocrx_word' id='word_1_324' title='bbox 3047 1625 3283 1695; x_wconf 75' lang='grc' dir='ltr'>ἤκουσεν</span> <span class='ocrx_word' id='word_1_325' title='bbox 3334 1625 3533 1688; x_wconf 80' lang='grc' dir='ltr'>αὑτοῦ,</span> <span class='ocrx_word' id='word_1_326' title='bbox 3560 1627 3639 1681; x_wconf 75' lang='grc' dir='ltr'>καὶ</span> 
     </span>
    </p>
   </div>
   <div class='ocr_carea' id='block_1_48' title="bbox 1982 1708 3638 1786">
    <p class='ocr_par' dir='ltr' id='par_1_48' title="bbox 1982 1708 3638 1786">
     <span class='ocr_line' id='line_1_48' title="bbox 1982 1708 3638 1786; baseline 0.007 -24"><span class='ocrx_word' id='word_1_327' title='bbox 1982 1723 2025 1777; x_wconf 79' lang='grc' dir='ltr'><strong>Β</strong></span> <span class='ocrx_word' id='word_1_328' title='bbox 2053 1708 2280 1780; x_wconf 79' lang='grc' dir='ltr'>ἐπείσθη</span> <span class='ocrx_word' id='word_1_329' title='bbox 2319 1709 2395 1772; x_wconf 87' lang='grc' dir='ltr'>ὡς</span> <span class='ocrx_word' id='word_1_330' title='bbox 2423 1709 2528 1782; x_wconf 85' lang='grc' dir='ltr'>υίῷ</span> <span class='ocrx_word' id='word_1_331' title='bbox 2558 1712 2718 1779; x_wconf 86' lang='grc' dir='ltr'>Θεοῦ,</span> <span class='ocrx_word' id='word_1_332' title='bbox 2747 1715 2843 1768; x_wconf 78' lang='grc' dir='ltr'><strong>καὶ</strong></span> <span class='ocrx_word' id='word_1_333' title='bbox 2867 1713 3152 1769; x_wconf 85' lang='grc' dir='ltr'>πεισθεῖσα</span> <span class='ocrx_word' id='word_1_334' title='bbox 3184 1716 3394 1786; x_wconf 81' lang='grc' dir='ltr'>ἔφαγεν</span> <span class='ocrx_word' id='word_1_335' title='bbox 3426 1717 3534 1771; x_wconf 69' lang='grc' dir='ltr'><strong>ἀπὸ</strong></span> <span class='ocrx_word' id='word_1_336' title='bbox 3560 1718 3638 1773; x_wconf 70' lang='grc' dir='ltr'><strong>τσῦ</strong></span> 
     </span>
    </p>
   </div>
   <div class='ocr_carea' id='block_1_49' title="bbox 2056 1801 2646 1874">
    <p class='ocr_par' dir='ltr' id='par_1_49' title="bbox 2056 1801 2646 1874">
     <span class='ocr_line' id='line_1_49' title="bbox 2056 1801 2646 1874; baseline 0.008 -20"><span class='ocrx_word' id='word_1_337' title='bbox 2056 1802 2212 1868; x_wconf 75' lang='grc' dir='ltr'>ξύλου</span> <span class='ocrx_word' id='word_1_338' title='bbox 2244 1804 2344 1874; x_wconf 76' lang='grc' dir='ltr'><strong>της</strong></span> <span class='ocrx_word' id='word_1_339' title='bbox 2372 1801 2646 1873; x_wconf 83' lang='grc' dir='ltr'>γνώσεως.</span> 
     </span>
    </p>
   </div>
   <div class='ocr_carea' id='block_1_50' title="bbox 2125 1892 3639 1974">
    <p class='ocr_par' dir='ltr' id='par_1_50' title="bbox 2125 1892 3639 1974">
     <span class='ocr_line' id='line_1_50' title="bbox 2125 1892 3639 1974; baseline 0.006 -26"><span class='ocrx_word' id='word_1_340' title='bbox 2125 1897 2202 1949; x_wconf 89' lang='lat' dir='ltr'><strong>E&#39;.</strong></span> <span class='ocrx_word' id='word_1_341' title='bbox 2231 1892 2365 1949; x_wconf 76' lang='grc' dir='ltr'>Εἶτα</span> <span class='ocrx_word' id='word_1_342' title='bbox 2386 1897 2514 1950; x_wconf 86' lang='grc' dir='ltr'>ὅταν</span> <span class='ocrx_word' id='word_1_343' title='bbox 2537 1897 2741 1967; x_wconf 77' lang='grc' dir='ltr'>ταύτην</span> <span class='ocrx_word' id='word_1_344' title='bbox 2771 1897 2871 1968; x_wconf 86' lang='grc' dir='ltr'>τὴν</span> <span class='ocrx_word' id='word_1_345' title='bbox 2897 1900 3110 1972; x_wconf 78' lang='grc' dir='ltr'>μωρίαν</span> <span class='ocrx_word' id='word_1_346' title='bbox 3137 1901 3538 1974; x_wconf 77' lang='grc' dir='ltr'>διηγήσωνται,</span> <span class='ocrx_word' id='word_1_347' title='bbox 3559 1905 3639 1959; x_wconf 74' lang='grc' dir='ltr'>καὶ</span> 
     </span>
    </p>
   </div>
   <div class='ocr_carea' id='block_1_51' title="bbox 2053 1985 3637 2064">
    <p class='ocr_par' dir='ltr' id='par_1_51' title="bbox 2053 1985 3637 2064">
     <span class='ocr_line' id='line_1_51' title="bbox 2053 1985 3637 2064; baseline 0.006 -24"><span class='ocrx_word' id='word_1_348' title='bbox 2053 1985 2116 2040; x_wconf 80' lang='grc' dir='ltr'><strong>τὸ</strong></span> <span class='ocrx_word' id='word_1_349' title='bbox 2147 1986 2356 2054; x_wconf 89' lang='grc' dir='ltr'>γελοῖον</span> <span class='ocrx_word' id='word_1_350' title='bbox 2389 1988 2487 2059; x_wconf 83' lang='grc' dir='ltr'><strong>τῆς</strong></span> <span class='ocrx_word' id='word_1_351' title='bbox 2521 1988 2942 2060; x_wconf 74' lang='grc' dir='ltr'>ἐπιτηδεύσεως,</span> <span class='ocrx_word' id='word_1_352' title='bbox 2986 1990 3194 2061; x_wconf 83' lang='grc' dir='ltr'>ταύτην</span> <span class='ocrx_word' id='word_1_353' title='bbox 3233 1992 3335 2064; x_wconf 75' lang='grc' dir='ltr'><strong>τὴν</strong></span> <span class='ocrx_word' id='word_1_354' title='bbox 3359 1994 3637 2064; x_wconf 72' lang='grc' dir='ltr'>τραγικὴν,</span> 
     </span>
    </p>
   </div>
   <div class='ocr_carea' id='block_1_52' title="bbox 2055 2078 3639 2157">
    <p class='ocr_par' dir='ltr' id='par_1_52' title="bbox 2055 2078 3639 2157">
     <span class='ocr_line' id='line_1_52' title="bbox 2055 2078 3639 2157; baseline 0.004 -26"><span class='ocrx_word' id='word_1_355' title='bbox 2055 2078 2131 2141; x_wconf 80' lang='grc' dir='ltr'>ὡς</span> <span class='ocrx_word' id='word_1_356' title='bbox 2159 2080 2357 2140; x_wconf 83' lang='grc' dir='ltr'>εἰπεῖν,</span> <span class='ocrx_word' id='word_1_357' title='bbox 2385 2079 2746 2150; x_wconf 83' lang='grc' dir='ltr'>ποιησάμενοι</span> <span class='ocrx_word' id='word_1_358' title='bbox 2771 2083 3088 2152; x_wconf 75' lang='grc' dir='ltr'>συμφωνίαν</span> <span class='ocrx_word' id='word_1_359' title='bbox 3117 2085 3158 2149; x_wconf 84' lang='grc'><strong>²,</strong></span> <span class='ocrx_word' id='word_1_360' title='bbox 3193 2086 3287 2138; x_wconf 85' lang='grc' dir='ltr'>καὶ</span> <span class='ocrx_word' id='word_1_361' title='bbox 3317 2084 3382 2138; x_wconf 80' lang='grc' dir='ltr'>τὸ</span> <span class='ocrx_word' id='word_1_362' title='bbox 3411 2088 3639 2157; x_wconf 68' lang='grc' dir='ltr'>κωμικὸν</span> 
     </span>
    </p>
   </div>
   <div class='ocr_carea' id='block_1_53' title="bbox 2053 2169 3638 2246">
    <p class='ocr_par' dir='ltr' id='par_1_53' title="bbox 2053 2169 3638 2246">
     <span class='ocr_line' id='line_1_53' title="bbox 2053 2169 3638 2246; baseline 0.005 -23"><span class='ocrx_word' id='word_1_363' title='bbox 2053 2169 2211 2224; x_wconf 89' lang='grc' dir='ltr'>τοῦτο</span> <span class='ocrx_word' id='word_1_364' title='bbox 2241 2170 2446 2242; x_wconf 81' lang='grc' dir='ltr'>δρᾶμα,</span> <span class='ocrx_word' id='word_1_365' title='bbox 2482 2171 2742 2243; x_wconf 77' lang='grc' dir='ltr'>ἄρχονται</span> <span class='ocrx_word' id='word_1_366' title='bbox 2767 2189 2889 2226; x_wconf 86' lang='grc' dir='ltr'>τινα</span> <span class='ocrx_word' id='word_1_367' title='bbox 2921 2177 3056 2244; x_wconf 78' lang='grc' dir='ltr'>ἡμῖν</span> <span class='ocrx_word' id='word_1_368' title='bbox 3082 2175 3408 2246; x_wconf 74' lang='grc' dir='ltr'>ὑποφαίνειν</span> <span class='ocrx_word' id='word_1_369' title='bbox 3444 2180 3524 2240; x_wconf 80' lang='grc' dir='ltr'>εἰς</span> <span class='ocrx_word' id='word_1_370' title='bbox 3548 2196 3638 2232; x_wconf 78' lang='grc' dir='ltr'>πα-</span> 
     </span>
    </p>
   </div>
   <div class='ocr_carea' id='block_1_54' title="bbox 2058 2261 3638 2340">
    <p class='ocr_par' dir='ltr' id='par_1_54' title="bbox 2058 2261 3638 2340">
     <span class='ocr_line' id='line_1_54' title="bbox 2058 2261 3638 2340; baseline 0.006 -26"><span class='ocrx_word' id='word_1_371' title='bbox 2058 2261 2320 2340; x_wconf 85' lang='grc' dir='ltr'>ράστασιν</span> <span class='ocrx_word' id='word_1_372' title='bbox 2349 2262 2458 2318; x_wconf 86' lang='grc' dir='ltr'><strong>τῶν</strong></span> <span class='ocrx_word' id='word_1_373' title='bbox 2503 2265 2632 2336; x_wconf 87' lang='grc' dir='ltr'>παρ’</span> <span class='ocrx_word' id='word_1_374' title='bbox 2659 2265 2843 2330; x_wconf 87' lang='grc' dir='ltr'>αὑτοῖς</span> <span class='ocrx_word' id='word_1_375' title='bbox 2886 2266 3194 2338; x_wconf 86' lang='grc' dir='ltr'>λεγομένων</span> <span class='ocrx_word' id='word_1_376' title='bbox 3225 2269 3446 2338; x_wconf 76' lang='grc' dir='ltr'>ψευδῶν</span> <span class='ocrx_word' id='word_1_377' title='bbox 3493 2271 3638 2324; x_wconf 76' lang='grc' dir='ltr'>θεῶν.</span> 
     </span>
    </p>
   </div>
   <div class='ocr_carea' id='block_1_55' title="bbox 2057 2354 3641 2433">
    <p class='ocr_par' dir='ltr' id='par_1_55' title="bbox 2057 2354 3641 2433">
     <span class='ocr_line' id='line_1_55' title="bbox 2057 2354 3641 2433; baseline 0.004 -23"><span class='ocrx_word' id='word_1_378' title='bbox 2057 2356 2177 2410; x_wconf 85' lang='grc' dir='ltr'>Ὅτι</span> <span class='ocrx_word' id='word_1_379' title='bbox 2206 2356 2326 2426; x_wconf 76' lang='grc' dir='ltr'>οὑχὶ</span> <span class='ocrx_word' id='word_1_380' title='bbox 2378 2357 2470 2410; x_wconf 79' lang='grc' dir='ltr'>καὶ</span> <span class='ocrx_word' id='word_1_381' title='bbox 2515 2357 2583 2411; x_wconf 71' lang='grc' dir='ltr'>τὰ</span> <span class='ocrx_word' id='word_1_382' title='bbox 2633 2357 2839 2426; x_wconf 76' lang='grc' dir='ltr'>ἔγκατα</span> <span class='ocrx_word' id='word_1_383' title='bbox 2878 2359 3056 2431; x_wconf 78' lang='grc' dir='ltr'>ἡμῶν,</span> <span class='ocrx_word' id='word_1_384' title='bbox 3091 2362 3158 2414; x_wconf 81' lang='grc' dir='ltr'>δι’</span> <span class='ocrx_word' id='word_1_385' title='bbox 3193 2354 3269 2415; x_wconf 82' lang='grc' dir='ltr'>ὧν</span> <span class='ocrx_word' id='word_1_386' title='bbox 3307 2363 3519 2433; x_wconf 80' lang='grc' dir='ltr'>ζῶμεν,</span> <span class='ocrx_word' id='word_1_387' title='bbox 3559 2367 3641 2416; x_wconf 79' lang='grc' dir='ltr'>καὶ</span> 
     </span>
    </p>
   </div>
   <div class='ocr_carea' id='block_1_56' title="bbox 2053 2447 3640 2524">
    <p class='ocr_par' dir='ltr' id='par_1_56' title="bbox 2053 2447 3640 2524">
     <span class='ocr_line' id='line_1_56' title="bbox 2053 2447 3640 2524; baseline 0.004 -24"><span class='ocrx_word' id='word_1_388' title='bbox 2053 2447 2406 2519; x_wconf 83' lang='grc' dir='ltr'>τρεφόμεθα,</span> <span class='ocrx_word' id='word_1_389' title='bbox 2461 2449 2701 2521; x_wconf 83' lang='grc' dir='ltr'>όφιοειδῆ</span> <span class='ocrx_word' id='word_1_390' title='bbox 2753 2451 3022 2524; x_wconf 79' lang='grc' dir='ltr'>ὑπάρχει;</span> <span class='ocrx_word' id='word_1_391' title='bbox 3072 2453 3244 2508; x_wconf 79' lang='grc' dir='ltr'>Ἀλλα</span> <span class='ocrx_word' id='word_1_392' title='bbox 3286 2454 3347 2508; x_wconf 86' lang='grc' dir='ltr'>δὲ</span> <span class='ocrx_word' id='word_1_393' title='bbox 3393 2457 3503 2508; x_wconf 73' lang='grc' dir='ltr'><strong>ὅσα</strong></span> <span class='ocrx_word' id='word_1_394' title='bbox 3543 2459 3640 2520; x_wconf 74' lang='grc' dir='ltr'>τοῖς</span> 
     </span>
    </p>
   </div>
   <div class='ocr_carea' id='block_1_57' title="bbox 2055 2541 3639 2621">
    <p class='ocr_par' dir='ltr' id='par_1_57' title="bbox 2055 2541 3639 2621">
     <span class='ocr_line' id='line_1_57' title="bbox 2055 2541 3639 2621; baseline 0.009 -30"><span class='ocrx_word' id='word_1_395' title='bbox 2055 2541 2428 2612; x_wconf 75' lang='grc' dir='ltr'>ἠπατημένοις</span> <span class='ocrx_word' id='word_1_396' title='bbox 2456 2544 2916 2616; x_wconf 84' lang='grc' dir='ltr'>παρεισφέρουσιν</span> <span class='ocrx_word' id='word_1_397' title='bbox 2951 2547 3034 2610; x_wconf 83' lang='grc' dir='ltr'><strong>είς</strong></span> <span class='ocrx_word' id='word_1_398' title='bbox 3058 2547 3159 2620; x_wconf 79' lang='grc' dir='ltr'>τὴν</span> <span class='ocrx_word' id='word_1_399' title='bbox 3185 2550 3401 2603; x_wconf 78' lang='grc' dir='ltr'>ἑαυτῶν</span> <span class='ocrx_word' id='word_1_400' title='bbox 3445 2551 3639 2621; x_wconf 68' lang='grc' dir='ltr'>πλάνην</span> 
     </span>
    </p>
   </div>
   <div class='ocr_carea' id='block_1_58' title="bbox 2055 2631 3637 2712">
    <p class='ocr_par' dir='ltr' id='par_1_58' title="bbox 2055 2631 3637 2712">
     <span class='ocr_line' id='line_1_58' title="bbox 2055 2631 3637 2712; baseline 0.009 -28"><span class='ocrx_word' id='word_1_401' title='bbox 2055 2631 2150 2685; x_wconf 78' lang='grc' dir='ltr'><strong>καὶ</strong></span> <span class='ocrx_word' id='word_1_402' title='bbox 2177 2631 2396 2704; x_wconf 82' lang='grc' dir='ltr'>ληρώδη</span> <span class='ocrx_word' id='word_1_403' title='bbox 2438 2633 2714 2690; x_wconf 76' lang='grc' dir='ltr'>ὑπόνοιαν.</span> <span class='ocrx_word' id='word_1_404' title='bbox 2745 2635 2848 2690; x_wconf 79' lang='grc' dir='ltr'><strong>Διὰ</strong></span> <span class='ocrx_word' id='word_1_405' title='bbox 2882 2637 3140 2710; x_wconf 84' lang='grc' dir='ltr'>τοιαύτην</span> <span class='ocrx_word' id='word_1_406' title='bbox 3166 2639 3226 2693; x_wconf 85' lang='grc' dir='ltr'>δὲ</span> <span class='ocrx_word' id='word_1_407' title='bbox 3258 2641 3471 2705; x_wconf 71' lang='grc' dir='ltr'>αἰτίαν,</span> <span class='ocrx_word' id='word_1_408' title='bbox 3499 2644 3637 2712; x_wconf 76' lang='grc' dir='ltr'>φασὶ,</span> 
     </span>
    </p>
   </div>
   <div class='ocr_carea' id='block_1_59' title="bbox 2053 2722 3641 2804">
    <p class='ocr_par' dir='ltr' id='par_1_59' title="bbox 2053 2722 3641 2804">
     <span class='ocr_line' id='line_1_59' title="bbox 2053 2722 3641 2804; baseline 0.008 -28"><span class='ocrx_word' id='word_1_409' title='bbox 2053 2722 2143 2777; x_wconf 84' lang='grc' dir='ltr'><strong>τὸν</strong></span> <span class='ocrx_word' id='word_1_410' title='bbox 2173 2723 2299 2793; x_wconf 76' lang='grc' dir='ltr'>ὅφιν</span> <span class='ocrx_word' id='word_1_411' title='bbox 2346 2725 2664 2798; x_wconf 78' lang='grc' dir='ltr'>δοξάζομεν,</span> <span class='ocrx_word' id='word_1_412' title='bbox 2689 2729 2771 2783; x_wconf 85' lang='grc' dir='ltr'>ὅτι</span> <span class='ocrx_word' id='word_1_413' title='bbox 2805 2732 2834 2782; x_wconf 89' lang='lat'><strong>6</strong></span> <span class='ocrx_word' id='word_1_414' title='bbox 2878 2729 3012 2794; x_wconf 82' lang='grc' dir='ltr'>Θεὸς</span> <span class='ocrx_word' id='word_1_415' title='bbox 3040 2733 3213 2796; x_wconf 84' lang='grc' dir='ltr'>αττιος</span> <span class='ocrx_word' id='word_1_416' title='bbox 3255 2735 3361 2804; x_wconf 82' lang='grc' dir='ltr'>τῆς</span> 
     </span>
    </p>
   </div>
   <div class='ocr_carea' id='block_1_60' title="bbox 2053 2817 3642 2895">
    <p class='ocr_par' dir='ltr' id='par_1_60' title="bbox 2053 2817 3642 2895">
     <span class='ocr_line' id='line_1_60' title="bbox 2053 2817 3642 2895; baseline 0.008 -26"><span class='ocrx_word' id='word_1_417' title='bbox 2053 2817 2346 2889; x_wconf 87' lang='grc' dir='ltr'>γεγένηται</span> <span class='ocrx_word' id='word_1_418' title='bbox 2368 2818 2446 2890; x_wconf 86' lang='grc' dir='ltr'>τῷ</span> <span class='ocrx_word' id='word_1_419' title='bbox 2483 2820 2698 2892; x_wconf 81' lang='grc' dir='ltr'>πλήθει.</span> <span class='ocrx_word' id='word_1_420' title='bbox 2752 2821 2810 2876; x_wconf 84' lang='lat'><strong>&#39;0</strong></span> <span class='ocrx_word' id='word_1_421' title='bbox 2838 2822 2896 2877; x_wconf 82' lang='grc' dir='ltr'>δὲ</span> <span class='ocrx_word' id='word_1_422' title='bbox 2931 2823 3280 2888; x_wconf 81' lang='grc' dir='ltr'>Ἰαλδαϐαὼθ,</span> <span class='ocrx_word' id='word_1_423' title='bbox 3327 2828 3523 2895; x_wconf 72' lang='grc' dir='ltr'>φασὶν,</span> <span class='ocrx_word' id='word_1_424' title='bbox 3555 2829 3642 2882; x_wconf 68' lang='grc' dir='ltr'><strong>οὐκ</strong></span> 
     </span>
    </p>
   </div>
   <div class='ocr_carea' id='block_1_61' title="bbox 2053 2901 3640 2992">
    <p class='ocr_par' dir='ltr' id='par_1_61' title="bbox 2053 2901 3640 2992">
     <span class='ocr_line' id='line_1_61' title="bbox 2053 2901 3640 2992; baseline 0.008 -30"><span class='ocrx_word' id='word_1_425' title='bbox 2053 2909 2214 2982; x_wconf 70' lang='grc' dir='ltr'>ἤθελε</span> <span class='ocrx_word' id='word_1_426' title='bbox 2247 2911 2554 2984; x_wconf 82' lang='grc' dir='ltr'>μνησθῆναι</span> <span class='ocrx_word' id='word_1_427' title='bbox 2582 2913 2682 2985; x_wconf 80' lang='grc' dir='ltr'>τὴν</span> <span class='ocrx_word' id='word_1_428' title='bbox 2715 2901 2828 2968; x_wconf 74' lang='grc' dir='ltr'>ἄνω</span> <span class='ocrx_word' id='word_1_429' title='bbox 2860 2917 3106 2988; x_wconf 82' lang='grc' dir='ltr'>Μητέρα,</span> <span class='ocrx_word' id='word_1_430' title='bbox 3137 2917 3261 2972; x_wconf 77' lang='grc' dir='ltr'>οὔτε</span> <span class='ocrx_word' id='word_1_431' title='bbox 3296 2919 3392 2972; x_wconf 72' lang='grc' dir='ltr'><strong>τὸν</strong></span> <span class='ocrx_word' id='word_1_432' title='bbox 3436 2922 3640 2992; x_wconf 68' lang='grc' dir='ltr'>Πατέρα</span> 
     </span>
    </p>
   </div>
   <div class='ocr_carea' id='block_1_62' title="bbox 2053 3003 3639 3086">
    <p class='ocr_par' dir='ltr' id='par_1_62' title="bbox 2053 3003 3639 3086">
     <span class='ocr_line' id='line_1_62' title="bbox 2053 3003 3639 3086; baseline 0.008 -30"><span class='ocrx_word' id='word_1_433' title='bbox 2053 3006 2166 3068; x_wconf 87' lang='grc' dir='ltr'>τοῖς</span> <span class='ocrx_word' id='word_1_434' title='bbox 2187 3003 2516 3076; x_wconf 75' lang='grc' dir='ltr'>ἀνθρώποις.</span> <span class='ocrx_word' id='word_1_435' title='bbox 2548 3007 2774 3061; x_wconf 86' lang='grc' dir='ltr'>Ἐπεισε</span> <span class='ocrx_word' id='word_1_436' title='bbox 2799 3008 2856 3062; x_wconf 84' lang='grc' dir='ltr'>δὲ</span> <span class='ocrx_word' id='word_1_437' title='bbox 2885 3009 2914 3061; x_wconf 88' lang='lat'><strong>6</strong></span> <span class='ocrx_word' id='word_1_438' title='bbox 2939 3009 3082 3079; x_wconf 75' lang='grc' dir='ltr'>ὄφις,</span> <span class='ocrx_word' id='word_1_439' title='bbox 3107 3012 3208 3065; x_wconf 77' lang='grc' dir='ltr'>καὶ</span> <span class='ocrx_word' id='word_1_440' title='bbox 3245 3014 3460 3081; x_wconf 83' lang='grc' dir='ltr'>γνῶσιν</span> <span class='ocrx_word' id='word_1_441' title='bbox 3489 3016 3639 3086; x_wconf 68' lang='grc' dir='ltr'>ἤνετο</span> 
     </span>
    </p>
   </div>
   <div class='ocr_carea' id='block_1_63' title="bbox 360 3076 1916 3176">
    <p class='ocr_par' dir='ltr' id='par_1_63' title="bbox 360 3097 1916 3171">
     <span class='ocr_line' id='line_1_63' title="bbox 360 3097 1916 3171; baseline 0 -17"><span class='ocrx_word' id='word_1_442' title='bbox 360 3099 565 3171; x_wconf 88' lang='lat' dir='ltr'><strong>piebat.</strong></span> <span class='ocrx_word' id='word_1_443' title='bbox 601 3097 709 3154; x_wconf 89' lang='lat' dir='ltr'><strong>Sed</strong></span> <span class='ocrx_word' id='word_1_444' title='bbox 738 3099 806 3155; x_wconf 90' lang='lat' dir='ltr'><strong>iis</strong></span> <span class='ocrx_word' id='word_1_445' title='bbox 839 3099 1116 3169; x_wconf 81' lang='lat' dir='ltr'><strong>persuasit</strong></span> <span class='ocrx_word' id='word_1_446' title='bbox 1148 3114 1396 3170; x_wconf 88' lang='lat' dir='ltr'><strong>serpens,</strong></span> <span class='ocrx_word' id='word_1_447' title='bbox 1431 3114 1495 3153; x_wconf 90' lang='lat' dir='ltr'><strong>ac</strong></span> <span class='ocrx_word' id='word_1_448' title='bbox 1523 3099 1808 3154; x_wconf 84' lang='lat' dir='ltr'><strong>scientiam</strong></span> <span class='ocrx_word' id='word_1_449' title='bbox 1849 3099 1916 3154; x_wconf 91' lang='lat' dir='ltr'><strong>im</strong></span> 
     </span>
    </p>
   </div>
   <div class='ocr_carea' id='block_1_64' title="bbox 2084 3076 3639 3176">
    <p class='ocr_par' dir='ltr' id='par_1_64' title="bbox 2084 3076 3639 3176">
     <span class='ocr_line' id='line_1_64' title="bbox 2084 3076 3639 3176; baseline 0.01 -28"><span class='ocrx_word' id='word_1_450' title='bbox 2084 3113 2172 3161; x_wconf 78' lang='lat' dir='ltr'><strong>:sv,</strong></span> <span class='ocrx_word' id='word_1_451' title='bbox 2208 3095 2416 3162; x_wconf 81' lang='grc' dir='ltr'>ὲδίδαξέ</span> <span class='ocrx_word' id='word_1_452' title='bbox 2457 3115 2517 3150; x_wconf 89' lang='grc' dir='ltr'><strong>τε</strong></span> <span class='ocrx_word' id='word_1_453' title='bbox 2559 3099 2652 3152; x_wconf 85' lang='grc' dir='ltr'><strong>τὸν</strong></span> <span class='ocrx_word' id='word_1_454' title='bbox 2689 3076 2993 3172; x_wconf 29' lang='grc' dir='ltr'>ἄνθρωπον-</span> <span class='ocrx_word' id='word_1_455' title='bbox 3025 3103 3120 3156; x_wconf 77' lang='grc' dir='ltr'><strong>καὶ</strong></span> <span class='ocrx_word' id='word_1_456' title='bbox 3149 3076 3526 3176; x_wconf 29' lang='grc' dir='ltr'>τὴννγυναῖκα</span> <span class='ocrx_word' id='word_1_457' title='bbox 3545 3076 3639 3163; x_wconf 54' lang='grc' dir='ltr'>τείν</span> 
     </span>
    </p>
   </div>
   <div class='ocr_carea' id='block_1_65' title="bbox 359 3191 1952 3263">
    <p class='ocr_par' dir='ltr' id='par_1_65' title="bbox 359 3191 1952 3263">
     <span class='ocr_line' id='line_1_65' title="bbox 359 3191 1952 3263; baseline -0.002 -15"><span class='ocrx_word' id='word_1_458' title='bbox 359 3192 619 3263; x_wconf 85' lang='lat' dir='ltr'><strong>portavit,</strong></span> <span class='ocrx_word' id='word_1_459' title='bbox 675 3198 958 3262; x_wconf 82' lang='lat' dir='ltr'><strong>totamque</strong></span> <span class='ocrx_word' id='word_1_460' title='bbox 997 3192 1134 3245; x_wconf 88' lang='lat' dir='ltr'><strong>adeo</strong></span> <span class='ocrx_word' id='word_1_461' title='bbox 1194 3191 1504 3246; x_wconf 85' lang='lat' dir='ltr'><strong>divinorum</strong></span> <span class='ocrx_word' id='word_1_462' title='bbox 1563 3191 1952 3260; x_wconf 84' lang='lat' dir='ltr'><strong>mysteriorum</strong></span> 
     </span>
    </p>
   </div>
   <div class='ocr_carea' id='block_1_66' title="bbox 359 3279 1953 3357">
    <p class='ocr_par' dir='ltr' id='par_1_66' title="bbox 359 3279 1953 3357">
     <span class='ocr_line' id='line_1_66' title="bbox 359 3279 1953 3357; baseline -0.003 -18"><span class='ocrx_word' id='word_1_463' title='bbox 359 3284 730 3357; x_wconf 77' lang='lat' dir='ltr'><strong>cognitionem</strong></span> <span class='ocrx_word' id='word_1_464' title='bbox 760 3299 884 3338; x_wconf 88' lang='lat' dir='ltr'><strong>cum</strong></span> <span class='ocrx_word' id='word_1_465' title='bbox 913 3284 1031 3337; x_wconf 87' lang='lat' dir='ltr'><strong>viro</strong></span> <span class='ocrx_word' id='word_1_466' title='bbox 1054 3298 1118 3337; x_wconf 90' lang='lat' dir='ltr'><strong>ac</strong></span> <span class='ocrx_word' id='word_1_467' title='bbox 1145 3283 1371 3338; x_wconf 87' lang='lat' dir='ltr'><strong>muliere</strong></span> <span class='ocrx_word' id='word_1_468' title='bbox 1389 3281 1834 3337; x_wconf 87' lang='lat' dir='ltr'><strong>communicavit.</strong></span> <span class='ocrx_word' id='word_1_469' title='bbox 1870 3279 1953 3335; x_wconf 82' lang='lat' dir='ltr'><strong>Ob</strong></span> 
     </span>
    </p>
   </div>
   <div class='ocr_carea' id='block_1_67' title="bbox 359 3374 1952 3442">
    <p class='ocr_par' dir='ltr' id='par_1_67' title="bbox 359 3374 1952 3442">
     <span class='ocr_line' id='line_1_67' title="bbox 359 3374 1952 3442; baseline -0.002 -10"><span class='ocrx_word' id='word_1_470' title='bbox 359 3377 416 3432; x_wconf 88' lang='lat' dir='ltr'><strong>id</strong></span> <span class='ocrx_word' id='word_1_471' title='bbox 460 3379 635 3434; x_wconf 83' lang='lat' dir='ltr'><strong>iratus</strong></span> <span class='ocrx_word' id='word_1_472' title='bbox 667 3375 831 3432; x_wconf 89' lang='lat' dir='ltr'><strong>Pater</strong></span> <span class='ocrx_word' id='word_1_473' title='bbox 862 3374 1210 3442; x_wconf 81' lang='lat' dir='ltr'><strong>Jaldabaoth,</strong></span> <span class='ocrx_word' id='word_1_474' title='bbox 1255 3390 1319 3431; x_wconf 87' lang='lat' dir='ltr'><strong>ac</strong></span> <span class='ocrx_word' id='word_1_475' title='bbox 1366 3375 1668 3434; x_wconf 86' lang='lat' dir='ltr'><strong>derivatam</strong></span> <span class='ocrx_word' id='word_1_476' title='bbox 1721 3375 1780 3430; x_wconf 88' lang='lat' dir='ltr'><strong>in</strong></span> <span class='ocrx_word' id='word_1_477' title='bbox 1829 3374 1952 3429; x_wconf 81' lang='lat' dir='ltr'><strong>illos</strong></span> 
     </span>
    </p>
   </div>
   <div class='ocr_carea' id='block_1_68' title="bbox 358 3466 1951 3540">
    <p class='ocr_par' dir='ltr' id='par_1_68' title="bbox 358 3466 1951 3540">
     <span class='ocr_line' id='line_1_68' title="bbox 358 3466 1951 3540; baseline -0.004 -14"><span class='ocrx_word' id='word_1_478' title='bbox 358 3468 632 3540; x_wconf 79' lang='lat' dir='ltr'><strong>ejusmodi</strong></span> <span class='ocrx_word' id='word_1_479' title='bbox 683 3468 973 3525; x_wconf 83' lang='lat' dir='ltr'><strong>scientiam</strong></span> <span class='ocrx_word' id='word_1_480' title='bbox 1026 3469 1219 3539; x_wconf 87' lang='lat' dir='ltr'><strong>iniquo</strong></span> <span class='ocrx_word' id='word_1_481' title='bbox 1274 3467 1456 3522; x_wconf 88' lang='lat' dir='ltr'><strong>animo</strong></span> <span class='ocrx_word' id='word_1_482' title='bbox 1507 3468 1707 3530; x_wconf 85' lang='lat' dir='ltr'><strong>ferens.</strong></span> <span class='ocrx_word' id='word_1_483' title='bbox 1741 3481 1773 3523; x_wconf 88' lang='lat' dir='ltr'><strong>e</strong></span> <span class='ocrx_word' id='word_1_484' title='bbox 1810 3466 1951 3522; x_wconf 73' lang='lat' dir='ltr'><strong>ccelo</strong></span> 
     </span>
    </p>
   </div>
   <div class='ocr_carea' id='block_1_69' title="bbox 360 3559 1950 3632">
    <p class='ocr_par' dir='ltr' id='par_1_69' title="bbox 360 3559 1950 3632">
     <span class='ocr_line' id='line_1_69' title="bbox 360 3559 1950 3632; baseline -0.003 -16"><span class='ocrx_word' id='word_1_485' title='bbox 360 3561 514 3616; x_wconf 81' lang='lat' dir='ltr'><strong>illum</strong></span> <span class='ocrx_word' id='word_1_486' title='bbox 545 3559 821 3616; x_wconf 88' lang='lat' dir='ltr'><strong>deturbat.</strong></span> <span class='ocrx_word' id='word_1_487' title='bbox 857 3560 987 3615; x_wconf 88' lang='lat' dir='ltr'><strong>Inde</strong></span> <span class='ocrx_word' id='word_1_488' title='bbox 1042 3575 1224 3632; x_wconf 78' lang='lat' dir='ltr'><strong>regem</strong></span> <span class='ocrx_word' id='word_1_489' title='bbox 1274 3575 1306 3615; x_wconf 90' lang='lat' dir='ltr'><strong>e</strong></span> <span class='ocrx_word' id='word_1_490' title='bbox 1351 3559 1492 3615; x_wconf 75' lang='lat' dir='ltr'><strong>coelo</strong></span> <span class='ocrx_word' id='word_1_491' title='bbox 1523 3559 1804 3629; x_wconf 88' lang='lat' dir='ltr'><strong>delapsum</strong></span> <span class='ocrx_word' id='word_1_492' title='bbox 1833 3573 1950 3614; x_wconf 90' lang='lat' dir='ltr'><strong>ser-</strong></span> 
     </span>
    </p>
   </div>
   <div class='ocr_carea' id='block_1_70' title="bbox 361 3650 1948 3724">
    <p class='ocr_par' dir='ltr' id='par_1_70' title="bbox 361 3650 1948 3724">
     <span class='ocr_line' id='line_1_70' title="bbox 361 3650 1948 3724; baseline -0.003 -17"><span class='ocrx_word' id='word_1_493' title='bbox 361 3660 578 3724; x_wconf 82' lang='lat' dir='ltr'><strong>pentem</strong></span> <span class='ocrx_word' id='word_1_494' title='bbox 623 3666 750 3708; x_wconf 84' lang='lat' dir='ltr'><strong>esse</strong></span> <span class='ocrx_word' id='word_1_495' title='bbox 795 3651 1050 3707; x_wconf 84' lang='lat' dir='ltr'><strong>dietitant</strong></span> <span class='ocrx_word' id='word_1_496' title='bbox 1089 3652 1148 3716; x_wconf 92' lang='lat' dir='ltr'><strong>ii,</strong></span> <span class='ocrx_word' id='word_1_497' title='bbox 1181 3650 1276 3722; x_wconf 89' lang='lat' dir='ltr'><strong>qui</strong></span> <span class='ocrx_word' id='word_1_498' title='bbox 1301 3663 1411 3705; x_wconf 85' lang='lat' dir='ltr'><strong>non</strong></span> <span class='ocrx_word' id='word_1_499' title='bbox 1449 3651 1677 3705; x_wconf 88' lang='lat' dir='ltr'><strong>alterius</strong></span> <span class='ocrx_word' id='word_1_500' title='bbox 1699 3665 1757 3706; x_wconf 90' lang='lat' dir='ltr'><strong>se</strong></span> <span class='ocrx_word' id='word_1_501' title='bbox 1783 3664 1948 3720; x_wconf 90' lang='lat' dir='ltr'><strong>quam</strong></span> 
     </span>
    </p>
   </div>
   <div class='ocr_carea' id='block_1_71' title="bbox 360 3743 1950 3817">
    <p class='ocr_par' dir='ltr' id='par_1_71' title="bbox 360 3743 1950 3817">
     <span class='ocr_line' id='line_1_71' title="bbox 360 3743 1950 3817; baseline -0.002 -14"><span class='ocrx_word' id='word_1_502' title='bbox 360 3746 636 3817; x_wconf 86' lang='lat' dir='ltr'><strong>serpentis</strong></span> <span class='ocrx_word' id='word_1_503' title='bbox 669 3745 916 3816; x_wconf 86' lang='lat' dir='ltr'><strong>partibus</strong></span> <span class='ocrx_word' id='word_1_504' title='bbox 947 3744 1296 3800; x_wconf 62' lang='lat' dir='ltr'><strong>addixerunt.</strong></span> <span class='ocrx_word' id='word_1_505' title='bbox 1355 3743 1527 3814; x_wconf 85' lang='lat' dir='ltr'><strong>Igitur</strong></span> <span class='ocrx_word' id='word_1_506' title='bbox 1557 3752 1778 3815; x_wconf 85' lang='lat' dir='ltr'><strong>propter</strong></span> <span class='ocrx_word' id='word_1_507' title='bbox 1809 3744 1950 3800; x_wconf 86' lang='lat' dir='ltr'><strong>hanc</strong></span> 
     </span>
    </p>
   </div>
   <div class='ocr_carea' id='block_1_72' title="bbox 359 3838 1945 3908">
    <p class='ocr_par' dir='ltr' id='par_1_72' title="bbox 359 3838 1945 3908">
     <span class='ocr_line' id='line_1_72' title="bbox 359 3838 1945 3908; baseline -0.003 -13"><span class='ocrx_word' id='word_1_508' title='bbox 359 3841 431 3895; x_wconf 89' lang='lat' dir='ltr'><strong>ab</strong></span> <span class='ocrx_word' id='word_1_509' title='bbox 462 3839 555 3894; x_wconf 83' lang='lat' dir='ltr'><strong>illo</strong></span> <span class='ocrx_word' id='word_1_510' title='bbox 590 3853 914 3894; x_wconf 87' lang='lat' dir='ltr'><strong>concessam</strong></span> <span class='ocrx_word' id='word_1_511' title='bbox 946 3838 1231 3894; x_wconf 86' lang='lat' dir='ltr'><strong>scientiam</strong></span> <span class='ocrx_word' id='word_1_512' title='bbox 1267 3841 1516 3893; x_wconf 84' lang='lat' dir='ltr'><strong>venerari</strong></span> <span class='ocrx_word' id='word_1_513' title='bbox 1540 3853 1600 3893; x_wconf 91' lang='lat' dir='ltr'><strong>se</strong></span> <span class='ocrx_word' id='word_1_514' title='bbox 1634 3844 1945 3908; x_wconf 87' lang='lat' dir='ltr'><strong>serpentem</strong></span> 
     </span>
    </p>
   </div>
   <div class='ocr_carea' id='block_1_73' title="bbox 359 3927 1946 4002">
    <p class='ocr_par' dir='ltr' id='par_1_73' title="bbox 359 3927 1946 4002">
     <span class='ocr_line' id='line_1_73' title="bbox 359 3927 1946 4002; baseline -0.001 -16"><span class='ocrx_word' id='word_1_515' title='bbox 359 3930 618 3994; x_wconf 84' lang='lat' dir='ltr'><strong>fatentur,</strong></span> <span class='ocrx_word' id='word_1_516' title='bbox 663 3931 826 4001; x_wconf 86' lang='lat' dir='ltr'><strong>eique</strong></span> <span class='ocrx_word' id='word_1_517' title='bbox 867 3944 1064 4002; x_wconf 78' lang='lat' dir='ltr'><strong>panem</strong></span> <span class='ocrx_word' id='word_1_518' title='bbox 1113 3931 1340 4000; x_wconf 87' lang='lat' dir='ltr'><strong>insuper</strong></span> <span class='ocrx_word' id='word_1_519' title='bbox 1388 3930 1673 3998; x_wconf 77' lang='lat' dir='ltr'><strong>objiciunt.</strong></span> <span class='ocrx_word' id='word_1_520' title='bbox 1745 3927 1946 3984; x_wconf 85' lang='lat' dir='ltr'><strong>Verum</strong></span> 
     </span>
    </p>
   </div>
   <div class='ocr_carea' id='block_1_74' title="bbox 357 4022 1946 4094">
    <p class='ocr_par' dir='ltr' id='par_1_74' title="bbox 357 4022 1946 4094">
     <span class='ocr_line' id='line_1_74' title="bbox 357 4022 1946 4094; baseline -0.003 -16"><span class='ocrx_word' id='word_1_521' title='bbox 357 4025 560 4094; x_wconf 82' lang='lat' dir='ltr'><strong>quippe</strong></span> <span class='ocrx_word' id='word_1_522' title='bbox 595 4030 904 4094; x_wconf 85' lang='lat' dir='ltr'><strong>serpentem</strong></span> <span class='ocrx_word' id='word_1_523' title='bbox 947 4022 1002 4077; x_wconf 90' lang='lat' dir='ltr'><strong>in</strong></span> <span class='ocrx_word' id='word_1_524' title='bbox 1040 4022 1180 4078; x_wconf 85' lang='lat' dir='ltr'><strong>cista</strong></span> <span class='ocrx_word' id='word_1_525' title='bbox 1203 4022 1495 4088; x_wconf 84' lang='lat' dir='ltr'><strong>nutriunt;</strong></span> <span class='ocrx_word' id='word_1_526' title='bbox 1542 4035 1705 4090; x_wconf 86' lang='lat' dir='ltr'><strong>quem</strong></span> <span class='ocrx_word' id='word_1_527' title='bbox 1739 4027 1946 4090; x_wconf 86' lang='lat' dir='ltr'><strong>myste-</strong></span> 
     </span>
    </p>
   </div>
   <div class='ocr_carea' id='block_1_75' title="bbox 357 4112 1945 4184">
    <p class='ocr_par' dir='ltr' id='par_1_75' title="bbox 357 4112 1945 4184">
     <span class='ocr_line' id='line_1_75' title="bbox 357 4112 1945 4184; baseline -0.001 -16"><span class='ocrx_word' id='word_1_528' title='bbox 357 4115 564 4169; x_wconf 84' lang='lat' dir='ltr'><strong>riorum</strong></span> <span class='ocrx_word' id='word_1_529' title='bbox 599 4121 845 4183; x_wconf 87' lang='lat' dir='ltr'><strong>tempore</strong></span> <span class='ocrx_word' id='word_1_530' title='bbox 871 4113 1088 4184; x_wconf 86' lang='lat' dir='ltr'><strong>stipatis</strong></span> <span class='ocrx_word' id='word_1_531' title='bbox 1122 4113 1191 4167; x_wconf 89' lang='lat' dir='ltr'><strong>ad</strong></span> <span class='ocrx_word' id='word_1_532' title='bbox 1213 4113 1334 4182; x_wconf 86' lang='lat' dir='ltr'><strong>ejus</strong></span> <span class='ocrx_word' id='word_1_533' title='bbox 1361 4127 1654 4166; x_wconf 84' lang='lat' dir='ltr'><strong>cavernam</strong></span> <span class='ocrx_word' id='word_1_534' title='bbox 1677 4112 1732 4166; x_wconf 86' lang='lat' dir='ltr'><strong>in</strong></span> <span class='ocrx_word' id='word_1_535' title='bbox 1757 4126 1945 4166; x_wconf 89' lang='lat' dir='ltr'><strong>mensa</strong></span> 
     </span>
    </p>
   </div>
   <div class='ocr_carea' id='block_1_76' title="bbox 357 4204 1946 4278">
    <p class='ocr_par' dir='ltr' id='par_1_76' title="bbox 357 4204 1946 4278">
     <span class='ocr_line' id='line_1_76' title="bbox 357 4204 1946 4278; baseline 0 -19"><span class='ocrx_word' id='word_1_536' title='bbox 357 4206 595 4278; x_wconf 89' lang='lat' dir='ltr'><strong>panibus</strong></span> <span class='ocrx_word' id='word_1_537' title='bbox 623 4204 874 4260; x_wconf 87' lang='lat' dir='ltr'><strong>invitant.</strong></span> <span class='ocrx_word' id='word_1_538' title='bbox 928 4206 1085 4275; x_wconf 90' lang='lat' dir='ltr'><strong>Isque</strong></span> <span class='ocrx_word' id='word_1_539' title='bbox 1124 4213 1316 4274; x_wconf 87' lang='lat' dir='ltr'><strong>aperto</strong></span> <span class='ocrx_word' id='word_1_540' title='bbox 1365 4204 1634 4260; x_wconf 86' lang='lat' dir='ltr'><strong>foramine</strong></span> <span class='ocrx_word' id='word_1_541' title='bbox 1661 4219 1692 4258; x_wconf 90' lang='lat' dir='ltr'><strong>e</strong></span> <span class='ocrx_word' id='word_1_542' title='bbox 1723 4204 1946 4259; x_wconf 86' lang='lat' dir='ltr'><strong>latebris</strong></span> 
     </span>
    </p>
   </div>
   <div class='ocr_carea' id='block_1_77' title="bbox 355 4293 1942 4365">
    <p class='ocr_par' dir='ltr' id='par_1_77' title="bbox 355 4293 1942 4365">
     <span class='ocr_line' id='line_1_77' title="bbox 355 4293 1942 4365; baseline -0.002 -14"><span class='ocrx_word' id='word_1_543' title='bbox 355 4295 616 4365; x_wconf 86' lang='lat' dir='ltr'><strong>erumpit.</strong></span> <span class='ocrx_word' id='word_1_544' title='bbox 668 4294 844 4364; x_wconf 87' lang='lat' dir='ltr'><strong>Atque</strong></span> <span class='ocrx_word' id='word_1_545' title='bbox 875 4293 968 4349; x_wconf 88' lang='lat' dir='ltr'><strong>ubi</strong></span> <span class='ocrx_word' id='word_1_546' title='bbox 998 4308 1098 4364; x_wconf 93' lang='lat' dir='ltr'><strong>pro</strong></span> <span class='ocrx_word' id='word_1_547' title='bbox 1127 4309 1226 4349; x_wconf 90' lang='lat' dir='ltr'><strong>sua</strong></span> <span class='ocrx_word' id='word_1_548' title='bbox 1258 4293 1554 4348; x_wconf 87' lang='lat' dir='ltr'><strong>calliditate</strong></span> <span class='ocrx_word' id='word_1_549' title='bbox 1586 4295 1942 4350; x_wconf 79' lang='lat' dir='ltr'><strong>stoliditatem</strong></span> 
     </span>
    </p>
   </div>
   <div class='ocr_carea' id='block_1_78' title="bbox 355 4388 1942 4458">
    <p class='ocr_par' dir='ltr' id='par_1_78' title="bbox 355 4388 1942 4458">
     <span class='ocr_line' id='line_1_78' title="bbox 355 4388 1942 4458; baseline 0 -16"><span class='ocrx_word' id='word_1_550' title='bbox 355 4388 576 4442; x_wconf 87' lang='lat' dir='ltr'><strong>illorum</strong></span> <span class='ocrx_word' id='word_1_551' title='bbox 604 4388 848 4458; x_wconf 71' lang='lat' dir='ltr'><strong>agnovit.</strong></span> <span class='ocrx_word' id='word_1_552' title='bbox 892 4403 1137 4444; x_wconf 84' lang='lat' dir='ltr'><strong>mensam</strong></span> <span class='ocrx_word' id='word_1_553' title='bbox 1164 4388 1564 4456; x_wconf 81' lang='lat' dir='ltr'><strong>conscendens,</strong></span> <span class='ocrx_word' id='word_1_554' title='bbox 1603 4389 1811 4444; x_wconf 89' lang='lat' dir='ltr'><strong>circum</strong></span> <span class='ocrx_word' id='word_1_555' title='bbox 1842 4403 1942 4458; x_wconf 90' lang='lat' dir='ltr'><strong>pa-</strong></span> 
     </span>
    </p>
   </div>
   <div class='ocr_carea' id='block_1_79' title="bbox 354 4480 1942 4550">
    <p class='ocr_par' dir='ltr' id='par_1_79' title="bbox 354 4480 1942 4550">
     <span class='ocr_line' id='line_1_79' title="bbox 354 4480 1942 4550; baseline 0 -15"><span class='ocrx_word' id='word_1_556' title='bbox 354 4494 452 4536; x_wconf 83' lang='lat' dir='ltr'><strong>nes</strong></span> <span class='ocrx_word' id='word_1_557' title='bbox 493 4480 826 4550; x_wconf 79' lang='lat' dir='ltr'><strong>implicatur.</strong></span> <span class='ocrx_word' id='word_1_558' title='bbox 880 4480 1032 4536; x_wconf 85' lang='lat' dir='ltr'><strong>llanc</strong></span> <span class='ocrx_word' id='word_1_559' title='bbox 1082 4481 1556 4537; x_wconf 87' lang='lat' dir='ltr'><strong>absolutissimum</strong></span> <span class='ocrx_word' id='word_1_560' title='bbox 1601 4498 1726 4539; x_wconf 85' lang='lat' dir='ltr'><strong>esse</strong></span> <span class='ocrx_word' id='word_1_561' title='bbox 1765 4482 1942 4538; x_wconf 85' lang='lat' dir='ltr'><strong>sacri-</strong></span> 
     </span>
    </p>
   </div>
   <div class='ocr_carea' id='block_1_80' title="bbox 353 4571 1938 4646">
    <p class='ocr_par' dir='ltr' id='par_1_80' title="bbox 353 4571 1938 4646">
     <span class='ocr_line' id='line_1_80' title="bbox 353 4571 1938 4646; baseline 0.002 -19"><span class='ocrx_word' id='word_1_562' title='bbox 353 4572 539 4627; x_wconf 77' lang='lat' dir='ltr'><strong>ficium</strong></span> <span class='ocrx_word' id='word_1_563' title='bbox 587 4582 835 4628; x_wconf 85' lang='lat' dir='ltr'><strong>censent.</strong></span> <span class='ocrx_word' id='word_1_564' title='bbox 890 4571 1046 4628; x_wconf 90' lang='lat' dir='ltr'><strong>Unde</strong></span> <span class='ocrx_word' id='word_1_565' title='bbox 1089 4582 1147 4628; x_wconf 92' lang='lat' dir='ltr'><strong>ut</strong></span> <span class='ocrx_word' id='word_1_566' title='bbox 1186 4589 1217 4628; x_wconf 90' lang='lat' dir='ltr'><strong>a</strong></span> <span class='ocrx_word' id='word_1_567' title='bbox 1266 4574 1502 4644; x_wconf 86' lang='lat' dir='ltr'><strong>quodam</strong></span> <span class='ocrx_word' id='word_1_568' title='bbox 1559 4576 1768 4646; x_wconf 86' lang='lat' dir='ltr'><strong>accepi,</strong></span> <span class='ocrx_word' id='word_1_569' title='bbox 1828 4590 1938 4630; x_wconf 92' lang='lat' dir='ltr'><strong>non</strong></span> 
     </span>
    </p>
   </div>
   <div class='ocr_carea' id='block_1_81' title="bbox 353 4666 1937 4738">
    <p class='ocr_par' dir='ltr' id='par_1_81' title="bbox 353 4666 1937 4738">
     <span class='ocr_line' id='line_1_81' title="bbox 353 4666 1937 4738; baseline 0.002 -19"><span class='ocrx_word' id='word_1_570' title='bbox 353 4666 517 4720; x_wconf 90' lang='lat' dir='ltr'><strong>modo</strong></span> <span class='ocrx_word' id='word_1_571' title='bbox 537 4680 705 4735; x_wconf 86' lang='lat' dir='ltr'><strong>panes</strong></span> <span class='ocrx_word' id='word_1_572' title='bbox 728 4666 885 4729; x_wconf 87' lang='lat' dir='ltr'><strong>istos,</strong></span> <span class='ocrx_word' id='word_1_573' title='bbox 904 4666 1102 4736; x_wconf 80' lang='lat' dir='ltr'><strong>quibus</strong></span> <span class='ocrx_word' id='word_1_574' title='bbox 1125 4667 1558 4724; x_wconf 83' lang='lat' dir='ltr'><strong>circumvolutus</strong></span> <span class='ocrx_word' id='word_1_575' title='bbox 1579 4675 1664 4723; x_wconf 89' lang='lat' dir='ltr'><strong>est</strong></span> <span class='ocrx_word' id='word_1_576' title='bbox 1691 4683 1937 4738; x_wconf 89' lang='lat' dir='ltr'><strong>serpens,</strong></span> 
     </span>
    </p>
   </div>
   <div class='ocr_carea' id='block_1_82' title="bbox 353 4757 1939 4831">
    <p class='ocr_par' dir='ltr' id='par_1_82' title="bbox 353 4757 1939 4831">
     <span class='ocr_line' id='line_1_82' title="bbox 353 4757 1939 4831; baseline 0.003 -20"><span class='ocrx_word' id='word_1_577' title='bbox 353 4757 615 4827; x_wconf 77' lang='lat' dir='ltr'><strong>frangunt</strong></span> <span class='ocrx_word' id='word_1_578' title='bbox 657 4773 720 4812; x_wconf 90' lang='lat' dir='ltr'><strong>ac</strong></span> <span class='ocrx_word' id='word_1_579' title='bbox 745 4758 1113 4825; x_wconf 86' lang='lat' dir='ltr'><strong>distribuunt;</strong></span> <span class='ocrx_word' id='word_1_580' title='bbox 1137 4759 1243 4830; x_wconf 75' lang='lat' dir='ltr'><strong>sed</strong></span> <span class='ocrx_word' id='word_1_581' title='bbox 1268 4760 1433 4815; x_wconf 89' lang='lat' dir='ltr'><strong>etiam</strong></span> <span class='ocrx_word' id='word_1_582' title='bbox 1459 4760 1689 4831; x_wconf 84' lang='lat' dir='ltr'><strong>quilibet</strong></span> <span class='ocrx_word' id='word_1_583' title='bbox 1719 4761 1939 4816; x_wconf 87' lang='lat' dir='ltr'><strong>admoto</strong></span> 
     </span>
    </p>
   </div>
   <div class='ocr_carea' id='block_1_83' title="bbox 353 4851 1940 4924">
    <p class='ocr_par' dir='ltr' id='par_1_83' title="bbox 353 4851 1940 4924">
     <span class='ocr_line' id='line_1_83' title="bbox 353 4851 1940 4924; baseline 0.005 -21"><span class='ocrx_word' id='word_1_584' title='bbox 353 4864 450 4904; x_wconf 90' lang='lat' dir='ltr'><strong>ore</strong></span> <span class='ocrx_word' id='word_1_585' title='bbox 472 4859 778 4920; x_wconf 89' lang='lat' dir='ltr'><strong>serpentem</strong></span> <span class='ocrx_word' id='word_1_586' title='bbox 804 4851 1172 4917; x_wconf 79' lang='lat' dir='ltr'><strong>exosculatur,</strong></span> <span class='ocrx_word' id='word_1_587' title='bbox 1201 4855 1316 4908; x_wconf 89' lang='lat' dir='ltr'><strong>sive</strong></span> <span class='ocrx_word' id='word_1_588' title='bbox 1338 4853 1685 4909; x_wconf 88' lang='lat' dir='ltr'><strong>cantionibus</strong></span> <span class='ocrx_word' id='word_1_589' title='bbox 1707 4853 1940 4924; x_wconf 87' lang='lat' dir='ltr'><strong>quibus-</strong></span> 
     </span>
    </p>
   </div>
   <div class='ocr_carea' id='block_1_84' title="bbox 350 4943 1937 5012">
    <p class='ocr_par' dir='ltr' id='par_1_84' title="bbox 350 4943 1937 5012">
     <span class='ocr_line' id='line_1_84' title="bbox 350 4943 1937 5012; baseline 0.003 -14"><span class='ocrx_word' id='word_1_590' title='bbox 350 4943 477 4998; x_wconf 89' lang='lat' dir='ltr'><strong>dam</strong></span> <span class='ocrx_word' id='word_1_591' title='bbox 525 4945 594 4997; x_wconf 87' lang='lat' dir='ltr'><strong>ad</strong></span> <span class='ocrx_word' id='word_1_592' title='bbox 624 4946 1102 5002; x_wconf 88' lang='lat' dir='ltr'><strong>mansuetudinem</strong></span> <span class='ocrx_word' id='word_1_593' title='bbox 1144 4947 1317 5004; x_wconf 86' lang='lat' dir='ltr'><strong>bestia</strong></span> <span class='ocrx_word' id='word_1_594' title='bbox 1360 4948 1626 5012; x_wconf 89' lang='lat' dir='ltr'><strong>mollitur,</strong></span> <span class='ocrx_word' id='word_1_595' title='bbox 1669 4948 1784 5003; x_wconf 88' lang='lat' dir='ltr'><strong>sive</strong></span> <span class='ocrx_word' id='word_1_596' title='bbox 1829 4949 1937 5002; x_wconf 91' lang='lat' dir='ltr'><strong>alio</strong></span> 
     </span>
    </p>
   </div>
   <div class='ocr_carea' id='block_1_85' title="bbox 350 5035 1936 5116">
    <p class='ocr_par' dir='ltr' id='par_1_85' title="bbox 350 5035 1936 5116">
     <span class='ocr_line' id='line_1_85' title="bbox 350 5035 1936 5116; baseline 0.004 -26"><span class='ocrx_word' id='word_1_597' title='bbox 350 5035 617 5092; x_wconf 80' lang='lat' dir='ltr'><strong>daemonis</strong></span> <span class='ocrx_word' id='word_1_598' title='bbox 651 5039 884 5094; x_wconf 76' lang='lat' dir='ltr'><strong>artificio</strong></span> <span class='ocrx_word' id='word_1_599' title='bbox 919 5040 1153 5116; x_wconf 79' lang='lat' dir='ltr'><strong>innocua</strong></span> <span class='ocrx_word' id='word_1_600' title='bbox 1203 5041 1472 5112; x_wconf 64' lang='lat' dir='ltr'><strong>redditur,</strong></span> <span class='ocrx_word' id='word_1_601' title='bbox 1531 5041 1685 5096; x_wconf 88' lang='lat' dir='ltr'><strong>llanc</strong></span> <span class='ocrx_word' id='word_1_602' title='bbox 1715 5042 1936 5113; x_wconf 87' lang='lat' dir='ltr'><strong>quidem</strong></span> 
     </span>
    </p>
   </div>
   <div class='ocr_carea' id='block_1_86' title="bbox 254 5119 1934 5209">
    <p class='ocr_par' dir='ltr' id='par_1_86' title="bbox 254 5119 1934 5209">
     <span class='ocr_line' id='line_1_86' title="bbox 254 5119 1934 5209; baseline 0.007 -27"><span class='ocrx_word' id='word_1_603' title='bbox 254 5119 271 5132; x_wconf 74' lang='grc'><strong>’</strong></span> <span class='ocrx_word' id='word_1_604' title='bbox 351 5129 586 5183; x_wconf 85' lang='lat' dir='ltr'><strong>adorant</strong></span> <span class='ocrx_word' id='word_1_605' title='bbox 610 5131 820 5197; x_wconf 90' lang='lat' dir='ltr'><strong>miseri,</strong></span> <span class='ocrx_word' id='word_1_606' title='bbox 854 5141 908 5188; x_wconf 91' lang='lat' dir='ltr'><strong>et</strong></span> <span class='ocrx_word' id='word_1_607' title='bbox 934 5133 1334 5191; x_wconf 88' lang='lat' dir='ltr'><strong>Eucharistiam</strong></span> <span class='ocrx_word' id='word_1_608' title='bbox 1363 5145 1584 5202; x_wconf 83' lang='lat' dir='ltr'><strong>vocant,</strong></span> <span class='ocrx_word' id='word_1_609' title='bbox 1611 5153 1736 5193; x_wconf 87' lang='lat' dir='ltr'><strong>cum</strong></span> <span class='ocrx_word' id='word_1_610' title='bbox 1764 5153 1934 5209; x_wconf 86' lang='lat' dir='ltr'><strong>appo-</strong></span> 
     </span>
    </p>
   </div>
   <div class='ocr_carea' id='block_1_87' title="bbox 352 5224 1932 5293">
    <p class='ocr_par' dir='ltr' id='par_1_87' title="bbox 352 5224 1932 5293">
     <span class='ocr_line' id='line_1_87' title="bbox 352 5224 1932 5293; baseline 0.006 -14"><span class='ocrx_word' id='word_1_611' title='bbox 352 5224 490 5279; x_wconf 85' lang='lat' dir='ltr'><strong>sitos</strong></span> <span class='ocrx_word' id='word_1_612' title='bbox 527 5239 697 5293; x_wconf 89' lang='lat' dir='ltr'><strong>panes</strong></span> <span class='ocrx_word' id='word_1_613' title='bbox 727 5227 992 5282; x_wconf 90' lang='lat' dir='ltr'><strong>tortuosis</strong></span> <span class='ocrx_word' id='word_1_614' title='bbox 1035 5227 1288 5292; x_wconf 73' lang='lat' dir='ltr'><strong>flexibus,</strong></span> <span class='ocrx_word' id='word_1_615' title='bbox 1329 5245 1392 5285; x_wconf 92' lang='lat' dir='ltr'><strong>ac</strong></span> <span class='ocrx_word' id='word_1_616' title='bbox 1423 5232 1932 5288; x_wconf 87' lang='lat' dir='ltr'><strong>circumvolutioni-</strong></span> 
     </span>
    </p>
   </div>
   <div class='ocr_carea' id='block_1_88' title="bbox 352 5317 1932 5399">
    <p class='ocr_par' dir='ltr' id='par_1_88' title="bbox 352 5317 1932 5399">
     <span class='ocr_line' id='line_1_88' title="bbox 352 5317 1932 5399; baseline 0.008 -27"><span class='ocrx_word' id='word_1_617' title='bbox 352 5317 456 5373; x_wconf 91' lang='lat' dir='ltr'><strong>bus</strong></span> <span class='ocrx_word' id='word_1_618' title='bbox 489 5319 760 5376; x_wconf 87' lang='lat' dir='ltr'><strong>ambicrit.</strong></span> <span class='ocrx_word' id='word_1_619' title='bbox 796 5321 872 5375; x_wconf 80' lang='lat' dir='ltr'><strong>Ac</strong></span> <span class='ocrx_word' id='word_1_620' title='bbox 906 5322 1125 5378; x_wconf 91' lang='lat' dir='ltr'><strong>demum</strong></span> <span class='ocrx_word' id='word_1_621' title='bbox 1175 5339 1490 5394; x_wconf 88' lang='lat' dir='ltr'><strong>supremum</strong></span> <span class='ocrx_word' id='word_1_622' title='bbox 1522 5326 1808 5384; x_wconf 75' lang='lat' dir='ltr'><strong>Parentem</strong></span> <span class='ocrx_word' id='word_1_623' title='bbox 1836 5345 1932 5399; x_wconf 87' lang='lat' dir='ltr'><strong>per</strong></span> 
     </span>
    </p>
   </div>
   <div class='ocr_carea' id='block_1_89' title="bbox 425 5497 1504 5573">
    <p class='ocr_par' dir='ltr' id='par_1_89' title="bbox 425 5497 1504 5573">
     <span class='ocr_line' id='line_1_89' title="bbox 425 5497 1504 5573; baseline 0.007 -21"><span class='ocrx_word' id='word_1_624' title='bbox 425 5501 438 5531; x_wconf 83' lang='lat'>&#39;</span> <span class='ocrx_word' id='word_1_625' title='bbox 466 5497 529 5554; x_wconf 87' lang='lat' dir='ltr'><strong>F.</strong></span> <span class='ocrx_word' id='word_1_626' title='bbox 562 5497 944 5573; x_wconf 84' lang='grc' dir='ltr'>διανοουμένη.</span> <span class='ocrx_word' id='word_1_627' title='bbox 1022 5504 1042 5533; x_wconf 86' lang='grc'><strong>²</strong></span> <span class='ocrx_word' id='word_1_628' title='bbox 1072 5501 1190 5558; x_wconf 75' lang='lat' dir='ltr'><strong>Vel.</strong></span> <span class='ocrx_word' id='word_1_629' title='bbox 1227 5502 1504 5560; x_wconf 67' lang='grc' dir='ltr'>ὑπόθεσιν.</span> 
     </span>
    </p>
   </div>
   <div class='ocr_carea' id='block_1_90' title="bbox 2052 3188 3640 3274">
    <p class='ocr_par' dir='ltr' id='par_1_90' title="bbox 2052 3188 3640 3274">
     <span class='ocr_line' id='line_1_90' title="bbox 2052 3188 3640 3274; baseline 0.009 -31"><span class='ocrx_word' id='word_1_630' title='bbox 2052 3188 2167 3243; x_wconf 81' lang='grc' dir='ltr'>ἄνω</span> <span class='ocrx_word' id='word_1_631' title='bbox 2211 3188 2526 3260; x_wconf 65' lang='grc' dir='ltr'>μυστηρίων</span> <span class='ocrx_word' id='word_1_632' title='bbox 2568 3191 2629 3244; x_wconf 77' lang='grc' dir='ltr'><strong>τὸ</strong></span> <span class='ocrx_word' id='word_1_633' title='bbox 2665 3194 2774 3247; x_wconf 84' lang='grc' dir='ltr'>πᾶν</span> <span class='ocrx_word' id='word_1_634' title='bbox 2807 3194 2907 3265; x_wconf 83' lang='grc' dir='ltr'>τῆς</span> <span class='ocrx_word' id='word_1_635' title='bbox 2959 3196 3234 3266; x_wconf 84' lang='grc' dir='ltr'>γνώσεως.</span> <span class='ocrx_word' id='word_1_636' title='bbox 3271 3201 3368 3254; x_wconf 80' lang='grc' dir='ltr'><strong>Διὸ</strong></span> <span class='ocrx_word' id='word_1_637' title='bbox 3393 3203 3425 3254; x_wconf 88' lang='lat'><strong>6</strong></span> <span class='ocrx_word' id='word_1_638' title='bbox 3463 3203 3640 3274; x_wconf 71' lang='grc' dir='ltr'>Πατὴρ</span> 
     </span>
    </p>
   </div>
   <div class='ocr_carea' id='block_1_91' title="bbox 2053 3279 3640 3366">
    <p class='ocr_par' dir='ltr' id='par_1_91' title="bbox 2053 3279 3640 3366">
     <span class='ocr_line' id='line_1_91' title="bbox 2053 3279 3640 3366; baseline 0.012 -35"><span class='ocrx_word' id='word_1_639' title='bbox 2053 3279 2352 3349; x_wconf 81' lang='grc' dir='ltr'>ὀργισθεὶς,</span> <span class='ocrx_word' id='word_1_640' title='bbox 2398 3282 2680 3337; x_wconf 87' lang='grc' dir='ltr'>τουτέστιν</span> <span class='ocrx_word' id='word_1_641' title='bbox 2711 3287 2740 3339; x_wconf 84' lang='grc' dir='ltr'><strong>ό</strong></span> <span class='ocrx_word' id='word_1_642' title='bbox 2784 3286 3130 3356; x_wconf 81' lang='grc' dir='ltr'>Ἰαλδαὸαὼθ,</span> <span class='ocrx_word' id='word_1_643' title='bbox 3171 3292 3241 3346; x_wconf 79' lang='grc' dir='ltr'>δι’</span> <span class='ocrx_word' id='word_1_644' title='bbox 3291 3297 3356 3366; x_wconf 71' lang='grc' dir='ltr'>ἢν</span> <span class='ocrx_word' id='word_1_645' title='bbox 3403 3295 3640 3363; x_wconf 77' lang='grc' dir='ltr'>ὑπέδειξε</span> 
     </span>
    </p>
   </div>
   <div class='ocr_carea' id='block_1_92' title="bbox 2049 3371 3640 3457">
    <p class='ocr_par' dir='ltr' id='par_1_92' title="bbox 2049 3371 3640 3457">
     <span class='ocr_line' id='line_1_92' title="bbox 2049 3371 3640 3457; baseline 0.011 -33"><span class='ocrx_word' id='word_1_646' title='bbox 2049 3373 2164 3434; x_wconf 80' lang='grc' dir='ltr'>τοῖς</span> <span class='ocrx_word' id='word_1_647' title='bbox 2203 3371 2514 3444; x_wconf 84' lang='grc' dir='ltr'>ἀνθρώποις</span> <span class='ocrx_word' id='word_1_648' title='bbox 2552 3375 2778 3444; x_wconf 85' lang='grc' dir='ltr'>γνῶσιν,</span> <span class='ocrx_word' id='word_1_649' title='bbox 2822 3379 3123 3434; x_wconf 82' lang='grc' dir='ltr'>κατέϐαλεν</span> <span class='ocrx_word' id='word_1_650' title='bbox 3151 3383 3317 3436; x_wconf 79' lang='grc' dir='ltr'>αὑτὸν</span> <span class='ocrx_word' id='word_1_651' title='bbox 3364 3386 3464 3440; x_wconf 82' lang='grc' dir='ltr'><strong>ἀπ’</strong></span> <span class='ocrx_word' id='word_1_652' title='bbox 3493 3388 3640 3457; x_wconf 74' lang='grc' dir='ltr'>οὐρα-</span> 
     </span>
    </p>
   </div>
   <div class='ocr_carea' id='block_1_93' title="bbox 2053 3461 3639 3548">
    <p class='ocr_par' dir='ltr' id='par_1_93' title="bbox 2053 3461 3639 3548">
     <span class='ocr_line' id='line_1_93' title="bbox 2053 3461 3639 3548; baseline 0.011 -33"><span class='ocrx_word' id='word_1_653' title='bbox 2053 3461 2168 3516; x_wconf 91' lang='grc' dir='ltr'>νοῦ.</span> <span class='ocrx_word' id='word_1_654' title='bbox 2202 3465 2314 3518; x_wconf 83' lang='grc' dir='ltr'><strong>Καὶ</strong></span> <span class='ocrx_word' id='word_1_655' title='bbox 2347 3463 2500 3519; x_wconf 77' lang='grc' dir='ltr'>ἔνθεν</span> <span class='ocrx_word' id='word_1_656' title='bbox 2535 3466 2760 3538; x_wconf 81' lang='grc' dir='ltr'>βασιλέα</span> <span class='ocrx_word' id='word_1_657' title='bbox 2796 3470 2887 3525; x_wconf 74' lang='grc' dir='ltr'>τὸν</span> <span class='ocrx_word' id='word_1_658' title='bbox 2915 3471 3039 3542; x_wconf 79' lang='grc' dir='ltr'>ὅφιν</span> <span class='ocrx_word' id='word_1_659' title='bbox 3073 3475 3168 3528; x_wconf 84' lang='grc' dir='ltr'><strong>ἀπ’</strong></span> <span class='ocrx_word' id='word_1_660' title='bbox 3196 3476 3438 3547; x_wconf 78' lang='grc' dir='ltr'>οὐρανοῦ</span> <span class='ocrx_word' id='word_1_661' title='bbox 3466 3478 3639 3548; x_wconf 76' lang='grc' dir='ltr'>λέγου-</span> 
     </span>
    </p>
   </div>
   <div class='ocr_carea' id='block_1_94' title="bbox 2052 3556 3637 3644">
    <p class='ocr_par' dir='ltr' id='par_1_94' title="bbox 2052 3556 3637 3644">
     <span class='ocr_line' id='line_1_94' title="bbox 2052 3556 3637 3644; baseline 0.013 -37"><span class='ocrx_word' id='word_1_662' title='bbox 2052 3571 2136 3608; x_wconf 90' lang='grc' dir='ltr'><strong>σιν</strong></span> <span class='ocrx_word' id='word_1_663' title='bbox 2159 3557 2207 3609; x_wconf 83' lang='grc' dir='ltr'>οἱ</span> <span class='ocrx_word' id='word_1_664' title='bbox 2239 3556 2339 3628; x_wconf 78' lang='grc' dir='ltr'><strong>τὴν</strong></span> <span class='ocrx_word' id='word_1_665' title='bbox 2373 3558 2566 3630; x_wconf 85' lang='grc' dir='ltr'>μερίδα</span> <span class='ocrx_word' id='word_1_666' title='bbox 2590 3559 2685 3614; x_wconf 81' lang='grc' dir='ltr'><strong>τοῦ</strong></span> <span class='ocrx_word' id='word_1_667' title='bbox 2721 3561 2897 3632; x_wconf 74' lang='grc' dir='ltr'>ὄφεως</span> <span class='ocrx_word' id='word_1_668' title='bbox 2928 3566 3022 3620; x_wconf 79' lang='grc' dir='ltr'><strong>καὶ</strong></span> <span class='ocrx_word' id='word_1_669' title='bbox 3049 3567 3205 3621; x_wconf 81' lang='grc' dir='ltr'>οὐδὲν</span> <span class='ocrx_word' id='word_1_670' title='bbox 3228 3569 3426 3642; x_wconf 77' lang='grc' dir='ltr'>ἕτερον</span> <span class='ocrx_word' id='word_1_671' title='bbox 3453 3590 3637 3644; x_wconf 57' lang='lat'><strong>1:271;-</strong></span> 
     </span>
    </p>
   </div>
   <div class='ocr_carea' id='block_1_95' title="bbox 2053 3646 3635 3734">
    <p class='ocr_par' dir='ltr' id='par_1_95' title="bbox 2053 3646 3635 3734">
     <span class='ocr_line' id='line_1_95' title="bbox 2053 3646 3635 3734; baseline 0.011 -35"><span class='ocrx_word' id='word_1_672' title='bbox 2053 3646 2226 3734; x_wconf 77' lang='grc' dir='ltr'>μένοι.</span> <span class='ocrx_word' id='word_1_673' title='bbox 2255 3647 2580 3714; x_wconf 77' lang='grc' dir='ltr'>Δοξάξουσιν</span> <span class='ocrx_word' id='word_1_674' title='bbox 2611 3646 2704 3705; x_wconf 79' lang='grc' dir='ltr'><strong>οὖν</strong></span> <span class='ocrx_word' id='word_1_675' title='bbox 2734 3653 2896 3708; x_wconf 78' lang='grc' dir='ltr'>αὑτὸν</span> <span class='ocrx_word' id='word_1_676' title='bbox 2929 3655 3019 3709; x_wconf 81' lang='grc' dir='ltr'>διὰ</span> <span class='ocrx_word' id='word_1_677' title='bbox 3047 3657 3147 3730; x_wconf 82' lang='grc' dir='ltr'><strong>τὴν</strong></span> <span class='ocrx_word' id='word_1_678' title='bbox 3172 3660 3462 3734; x_wconf 80' lang='grc' dir='ltr'>τοιαύτην,</span> <span class='ocrx_word' id='word_1_679' title='bbox 3495 3665 3635 3734; x_wconf 67' lang='grc' dir='ltr'>φησι,</span> 
     </span>
    </p>
   </div>
   <div class='ocr_carea' id='block_1_96' title="bbox 2051 3733 3634 3826">
    <p class='ocr_par' dir='ltr' id='par_1_96' title="bbox 2051 3733 3634 3826">
     <span class='ocr_line' id='line_1_96' title="bbox 2051 3733 3634 3826; baseline 0.012 -36"><span class='ocrx_word' id='word_1_680' title='bbox 2051 3733 2271 3806; x_wconf 81' lang='grc' dir='ltr'>γνῶσιν,</span> <span class='ocrx_word' id='word_1_681' title='bbox 2303 3741 2397 3794; x_wconf 77' lang='grc' dir='ltr'>καὶ</span> <span class='ocrx_word' id='word_1_682' title='bbox 2436 3741 2601 3813; x_wconf 79' lang='grc' dir='ltr'>ἄρτον</span> <span class='ocrx_word' id='word_1_683' title='bbox 2635 3743 2784 3815; x_wconf 84' lang='grc' dir='ltr'>αὑτῷ</span> <span class='ocrx_word' id='word_1_684' title='bbox 2815 3747 3240 3820; x_wconf 70' lang='grc' dir='ltr'>προσφέρουσιν.</span> <span class='ocrx_word' id='word_1_685' title='bbox 3272 3733 3508 3823; x_wconf 78' lang='grc' dir='ltr'>Ἔχουσι</span> <span class='ocrx_word' id='word_1_686' title='bbox 3543 3733 3634 3826; x_wconf 70' lang='grc' dir='ltr'>γὰρ</span> 
     </span>
    </p>
   </div>
   <div class='ocr_carea' id='block_1_97' title="bbox 2051 3829 3633 3920">
    <p class='ocr_par' dir='ltr' id='par_1_97' title="bbox 2051 3829 3633 3920">
     <span class='ocr_line' id='line_1_97' title="bbox 2051 3829 3633 3920; baseline 0.013 -39"><span class='ocrx_word' id='word_1_687' title='bbox 2051 3829 2211 3900; x_wconf 82' lang='grc' dir='ltr'>φύσει</span> <span class='ocrx_word' id='word_1_688' title='bbox 2245 3831 2369 3901; x_wconf 75' lang='grc' dir='ltr'>ὅφιν</span> <span class='ocrx_word' id='word_1_689' title='bbox 2387 3834 2684 3904; x_wconf 75' lang='grc' dir='ltr'>τρέφοντες</span> <span class='ocrx_word' id='word_1_690' title='bbox 2711 3838 2768 3890; x_wconf 80' lang='grc' dir='ltr'><strong>ὲν</strong></span> <span class='ocrx_word' id='word_1_691' title='bbox 2792 3839 2954 3912; x_wconf 80' lang='grc' dir='ltr'>κίστῃ</span> <span class='ocrx_word' id='word_1_692' title='bbox 2985 3841 3111 3905; x_wconf 80' lang='grc' dir='ltr'>τινὶ,</span> <span class='ocrx_word' id='word_1_693' title='bbox 3141 3841 3201 3896; x_wconf 79' lang='grc' dir='ltr'>ὃν</span> <span class='ocrx_word' id='word_1_694' title='bbox 3218 3844 3359 3917; x_wconf 80' lang='grc' dir='ltr'>πρὸς</span> <span class='ocrx_word' id='word_1_695' title='bbox 3373 3846 3478 3918; x_wconf 71' lang='grc' dir='ltr'><strong>τὴν</strong></span> <span class='ocrx_word' id='word_1_696' title='bbox 3502 3847 3633 3920; x_wconf 76' lang='grc' dir='ltr'>ὥραν</span> 
     </span>
    </p>
   </div>
   <div class='ocr_carea' id='block_1_98' title="bbox 2048 3920 3632 4009">
    <p class='ocr_par' dir='ltr' id='par_1_98' title="bbox 2048 3920 3632 4009">
     <span class='ocr_line' id='line_1_98' title="bbox 2048 3920 3632 4009; baseline 0.011 -35"><span class='ocrx_word' id='word_1_697' title='bbox 2048 3920 2158 3976; x_wconf 84' lang='grc' dir='ltr'>τῶν</span> <span class='ocrx_word' id='word_1_698' title='bbox 2175 3923 2354 3978; x_wconf 80' lang='grc' dir='ltr'>αὑτῶν</span> <span class='ocrx_word' id='word_1_699' title='bbox 2379 3927 2714 3998; x_wconf 77' lang='grc' dir='ltr'>Μυστηρίων</span> <span class='ocrx_word' id='word_1_700' title='bbox 2732 3929 2826 3983; x_wconf 90' lang='grc' dir='ltr'><strong>τοῦ</strong></span> <span class='ocrx_word' id='word_1_701' title='bbox 2849 3931 3059 4000; x_wconf 89' lang='grc' dir='ltr'>φωλεοῦ</span> <span class='ocrx_word' id='word_1_702' title='bbox 3092 3937 3533 4009; x_wconf 78' lang='grc' dir='ltr'>προσφέροντες,</span> <span class='ocrx_word' id='word_1_703' title='bbox 3553 3940 3632 3994; x_wconf 70' lang='grc' dir='ltr'>καὶ</span> 
     </span>
    </p>
   </div>
   <div class='ocr_carea' id='block_1_99' title="bbox 2049 4012 3629 4096">
    <p class='ocr_par' dir='ltr' id='par_1_99' title="bbox 2049 4012 3629 4096">
     <span class='ocr_line' id='line_1_99' title="bbox 2049 4012 3629 4096; baseline 0.014 -33"><span class='ocrx_word' id='word_1_704' title='bbox 2049 4012 2397 4078; x_wconf 78' lang='grc' dir='ltr'>στιϐάζοντες</span> <span class='ocrx_word' id='word_1_705' title='bbox 2418 4015 2511 4068; x_wconf 78' lang='grc' dir='ltr'><strong>ἐπὶ</strong></span> <span class='ocrx_word' id='word_1_706' title='bbox 2540 4016 2823 4091; x_wconf 80' lang='grc' dir='ltr'>τραπέζης</span> <span class='ocrx_word' id='word_1_707' title='bbox 2845 4021 3062 4094; x_wconf 82' lang='grc' dir='ltr'>ἄρτους,</span> <span class='ocrx_word' id='word_1_708' title='bbox 3088 4027 3532 4096; x_wconf 67' lang='grc' dir='ltr'>προσκαλοῦνται</span> <span class='ocrx_word' id='word_1_709' title='bbox 3552 4033 3629 4084; x_wconf 73' lang='grc' dir='ltr'>τὲν</span> 
     </span>
    </p>
   </div>
   <div class='ocr_carea' id='block_1_100' title="bbox 2047 4100 3628 4186">
    <p class='ocr_par' dir='ltr' id='par_1_100' title="bbox 2047 4100 3628 4186">
     <span class='ocr_line' id='line_1_100' title="bbox 2047 4100 3628 4186; baseline 0.015 -32"><span class='ocrx_word' id='word_1_710' title='bbox 2047 4100 2192 4171; x_wconf 79' lang='grc' dir='ltr'>ὄφιν.</span> <span class='ocrx_word' id='word_1_711' title='bbox 2233 4103 2601 4176; x_wconf 85' lang='grc' dir='ltr'>Ἀνοιχθέντος</span> <span class='ocrx_word' id='word_1_712' title='bbox 2622 4110 2679 4163; x_wconf 84' lang='grc' dir='ltr'>δὲ</span> <span class='ocrx_word' id='word_1_713' title='bbox 2699 4110 2794 4163; x_wconf 86' lang='grc' dir='ltr'><strong>τοῦ</strong></span> <span class='ocrx_word' id='word_1_714' title='bbox 2819 4111 3048 4180; x_wconf 86' lang='grc' dir='ltr'>φωλεοῦ,</span> <span class='ocrx_word' id='word_1_715' title='bbox 3074 4117 3314 4186; x_wconf 84' lang='grc' dir='ltr'>πρόεισι.</span> <span class='ocrx_word' id='word_1_716' title='bbox 3339 4121 3460 4175; x_wconf 82' lang='grc' dir='ltr'>Καὶ</span> <span class='ocrx_word' id='word_1_717' title='bbox 3475 4123 3628 4186; x_wconf 58' lang='lat' dir='ltr'><strong>0km;</strong></span> 
     </span>
    </p>
   </div>
   <div class='ocr_carea' id='block_1_101' title="bbox 2048 4193 3629 4279">
    <p class='ocr_par' dir='ltr' id='par_1_101' title="bbox 2048 4193 3629 4279">
     <span class='ocr_line' id='line_1_101' title="bbox 2048 4193 3629 4279; baseline 0.013 -32"><span class='ocrx_word' id='word_1_718' title='bbox 2048 4193 2288 4248; x_wconf 84' lang='grc' dir='ltr'>ἀνελθὼν</span> <span class='ocrx_word' id='word_1_719' title='bbox 2335 4197 2477 4250; x_wconf 86' lang='grc' dir='ltr'>κατὰ</span> <span class='ocrx_word' id='word_1_720' title='bbox 2510 4199 2610 4270; x_wconf 85' lang='grc' dir='ltr'>τὴν</span> <span class='ocrx_word' id='word_1_721' title='bbox 2656 4201 2822 4255; x_wconf 89' lang='grc' dir='ltr'>αὑτοῦ</span> <span class='ocrx_word' id='word_1_722' title='bbox 2868 4205 3132 4276; x_wconf 85' lang='grc' dir='ltr'>φρόνησιν</span> <span class='ocrx_word' id='word_1_723' title='bbox 3167 4210 3198 4262; x_wconf 92' lang='lat'><strong>6</strong></span> <span class='ocrx_word' id='word_1_724' title='bbox 3245 4209 3373 4279; x_wconf 74' lang='grc' dir='ltr'>ὄφις</span> <span class='ocrx_word' id='word_1_725' title='bbox 3414 4214 3512 4266; x_wconf 77' lang='grc' dir='ltr'>καὶ</span> <span class='ocrx_word' id='word_1_726' title='bbox 3541 4231 3629 4266; x_wconf 70' lang='grc' dir='ltr'>πσ-</span> 
     </span>
    </p>
   </div>
   <div class='ocr_carea' id='block_1_102' title="bbox 2046 4287 3631 4374">
    <p class='ocr_par' dir='ltr' id='par_1_102' title="bbox 2046 4287 3631 4374">
     <span class='ocr_line' id='line_1_102' title="bbox 2046 4287 3631 4374; baseline 0.014 -36"><span class='ocrx_word' id='word_1_727' title='bbox 2046 4287 2305 4358; x_wconf 84' lang='grc' dir='ltr'>νουργίαν</span> <span class='ocrx_word' id='word_1_728' title='bbox 2332 4289 2432 4362; x_wconf 72' lang='grc' dir='ltr'>ἤδη</span> <span class='ocrx_word' id='word_1_729' title='bbox 2463 4291 2748 4361; x_wconf 84' lang='grc' dir='ltr'>γινώσκων</span> <span class='ocrx_word' id='word_1_730' title='bbox 2773 4295 2884 4366; x_wconf 70' lang='grc'><strong>(46)</strong></span> <span class='ocrx_word' id='word_1_731' title='bbox 2910 4297 3010 4370; x_wconf 78' lang='grc' dir='ltr'>τὴν</span> <span class='ocrx_word' id='word_1_732' title='bbox 3035 4300 3216 4354; x_wconf 82' lang='grc' dir='ltr'>αὑτῶν</span> <span class='ocrx_word' id='word_1_733' title='bbox 3240 4305 3480 4374; x_wconf 83' lang='grc' dir='ltr'>μωρίαν,</span> <span class='ocrx_word' id='word_1_734' title='bbox 3507 4308 3631 4362; x_wconf 74' lang='grc' dir='ltr'>ἄνει-</span> 
     </span>
    </p>
   </div>
   <div class='ocr_carea' id='block_1_103' title="bbox 2047 4381 3622 4472">
    <p class='ocr_par' dir='ltr' id='par_1_103' title="bbox 2047 4381 3622 4472">
     <span class='ocr_line' id='line_1_103' title="bbox 2047 4381 3622 4472; baseline 0.015 -41"><span class='ocrx_word' id='word_1_735' title='bbox 2047 4395 2132 4432; x_wconf 91' lang='grc' dir='ltr'><strong>σιν</strong></span> <span class='ocrx_word' id='word_1_736' title='bbox 2181 4381 2274 4434; x_wconf 71' lang='grc' dir='ltr'>ὲπὶ</span> <span class='ocrx_word' id='word_1_737' title='bbox 2307 4381 2407 4454; x_wconf 79' lang='grc' dir='ltr'>τὴν</span> <span class='ocrx_word' id='word_1_738' title='bbox 2458 4383 2759 4456; x_wconf 83' lang='grc' dir='ltr'>τράπεζαν,</span> <span class='ocrx_word' id='word_1_739' title='bbox 2793 4391 2886 4444; x_wconf 77' lang='grc' dir='ltr'><strong>καὶ</strong></span> <span class='ocrx_word' id='word_1_740' title='bbox 2931 4392 3218 4449; x_wconf 82' lang='grc' dir='ltr'>ὲνειλείται</span> <span class='ocrx_word' id='word_1_741' title='bbox 3268 4399 3386 4461; x_wconf 81' lang='grc' dir='ltr'>τοῖς</span> <span class='ocrx_word' id='word_1_742' title='bbox 3435 4399 3622 4472; x_wconf 82' lang='grc' dir='ltr'>ἄρτοις.</span> 
     </span>
    </p>
   </div>
   <div class='ocr_carea' id='block_1_104' title="bbox 2046 4472 3621 4556">
    <p class='ocr_par' dir='ltr' id='par_1_104' title="bbox 2046 4472 3621 4556">
     <span class='ocr_line' id='line_1_104' title="bbox 2046 4472 3621 4556; baseline 0.012 -32"><span class='ocrx_word' id='word_1_743' title='bbox 2046 4472 2156 4526; x_wconf 78' lang='grc' dir='ltr'>Καὶ</span> <span class='ocrx_word' id='word_1_744' title='bbox 2187 4473 2394 4546; x_wconf 81' lang='grc' dir='ltr'>ταύτην</span> <span class='ocrx_word' id='word_1_745' title='bbox 2427 4477 2592 4546; x_wconf 79' lang='grc' dir='ltr'>φασὶν</span> <span class='ocrx_word' id='word_1_746' title='bbox 2639 4476 2779 4535; x_wconf 76' lang='grc' dir='ltr'>εἶναι</span> <span class='ocrx_word' id='word_1_747' title='bbox 2818 4484 3029 4540; x_wconf 76' lang='grc' dir='ltr'>τελείαν</span> <span class='ocrx_word' id='word_1_748' title='bbox 3062 4486 3272 4544; x_wconf 86' lang='grc' dir='ltr'>θυσίαν.</span> <span class='ocrx_word' id='word_1_749' title='bbox 3315 4490 3480 4544; x_wconf 80' lang='grc' dir='ltr'>Ὅθεν</span> <span class='ocrx_word' id='word_1_750' title='bbox 3524 4495 3621 4556; x_wconf 75' lang='grc' dir='ltr'>καὶ,</span> 
     </span>
    </p>
   </div>
   <div class='ocr_carea' id='block_1_105' title="bbox 2045 4563 3620 4656">
    <p class='ocr_par' dir='ltr' id='par_1_105' title="bbox 2045 4563 3620 4656">
     <span class='ocr_line' id='line_1_105' title="bbox 2045 4563 3620 4656; baseline 0.014 -39"><span class='ocrx_word' id='word_1_751' title='bbox 2045 4563 2123 4628; x_wconf 84' lang='grc' dir='ltr'>ὡς</span> <span class='ocrx_word' id='word_1_752' title='bbox 2153 4566 2262 4620; x_wconf 84' lang='grc' dir='ltr'>ἀπό</span> <span class='ocrx_word' id='word_1_753' title='bbox 2292 4585 2438 4634; x_wconf 87' lang='grc' dir='ltr'>τινος</span> <span class='ocrx_word' id='word_1_754' title='bbox 2463 4571 2696 4642; x_wconf 77' lang='grc' dir='ltr'>ἀκήκοα,</span> <span class='ocrx_word' id='word_1_755' title='bbox 2737 4584 2792 4629; x_wconf 67' lang='grc' dir='ltr'><strong>νυ</strong></span> <span class='ocrx_word' id='word_1_756' title='bbox 2842 4577 3002 4648; x_wconf 86' lang='grc' dir='ltr'>μόνον</span> <span class='ocrx_word' id='word_1_757' title='bbox 3044 4579 3215 4634; x_wconf 82' lang='grc' dir='ltr'>κλῶσι</span> <span class='ocrx_word' id='word_1_758' title='bbox 3253 4581 3384 4646; x_wconf 79' lang='grc' dir='ltr'>τοὺς</span> <span class='ocrx_word' id='word_1_759' title='bbox 3418 4585 3620 4656; x_wconf 72' lang='grc' dir='ltr'>ἄρτους,</span> 
     </span>
    </p>
   </div>
   <div class='ocr_carea' id='block_1_106' title="bbox 2047 4653 3622 4746">
    <p class='ocr_par' dir='ltr' id='par_1_106' title="bbox 2047 4653 3622 4746">
     <span class='ocr_line' id='line_1_106' title="bbox 2047 4653 3622 4746; baseline 0.01 -36"><span class='ocrx_word' id='word_1_760' title='bbox 2047 4657 2107 4710; x_wconf 80' lang='grc' dir='ltr'>ὲν</span> <span class='ocrx_word' id='word_1_761' title='bbox 2137 4653 2218 4722; x_wconf 76' lang='grc' dir='ltr'><strong>οἷς</strong></span> <span class='ocrx_word' id='word_1_762' title='bbox 2239 4660 2268 4711; x_wconf 91' lang='grc' dir='ltr'>ὁ</span> <span class='ocrx_word' id='word_1_763' title='bbox 2299 4661 2462 4725; x_wconf 83' lang='grc' dir='ltr'>αὑτὸς</span> <span class='ocrx_word' id='word_1_764' title='bbox 2486 4663 2610 4732; x_wconf 80' lang='grc' dir='ltr'>ὄφις</span> <span class='ocrx_word' id='word_1_765' title='bbox 2644 4664 2858 4739; x_wconf 78' lang='grc' dir='ltr'>είλήθη,</span> <span class='ocrx_word' id='word_1_766' title='bbox 2890 4657 2984 4722; x_wconf 73' lang='grc' dir='ltr'>καὶ</span> <span class='ocrx_word' id='word_1_767' title='bbox 3015 4670 3318 4725; x_wconf 76' lang='grc' dir='ltr'>ἐπιδιδόασι</span> <span class='ocrx_word' id='word_1_768' title='bbox 3356 4653 3473 4738; x_wconf 73' lang='grc' dir='ltr'>τοῖς</span> <span class='ocrx_word' id='word_1_769' title='bbox 3498 4675 3622 4746; x_wconf 60' lang='grc' dir='ltr'>λαμ.</span> 
     </span>
    </p>
   </div>
   <div class='ocr_carea' id='block_1_107' title="bbox 2045 4748 3619 4834">
    <p class='ocr_par' dir='ltr' id='par_1_107' title="bbox 2045 4748 3619 4834">
     <span class='ocr_line' id='line_1_107' title="bbox 2045 4748 3619 4834; baseline 0.01 -34"><span class='ocrx_word' id='word_1_770' title='bbox 2045 4748 2302 4803; x_wconf 78' lang='grc' dir='ltr'>ὅάνουσιν</span> <span class='ocrx_word' id='word_1_771' title='bbox 2322 4768 2336 4783; x_wconf 75' lang='grc' dir='ltr'><strong>ο</strong></span> <span class='ocrx_word' id='word_1_772' title='bbox 2369 4753 2506 4807; x_wconf 84' lang='grc' dir='ltr'>ἀλλὰ</span> <span class='ocrx_word' id='word_1_773' title='bbox 2549 4756 2642 4808; x_wconf 78' lang='grc' dir='ltr'><strong>καὶ</strong></span> <span class='ocrx_word' id='word_1_774' title='bbox 2674 4757 2905 4822; x_wconf 72' lang='grc' dir='ltr'>ἕκαστος</span> <span class='ocrx_word' id='word_1_775' title='bbox 2947 4761 3257 4826; x_wconf 74' lang='grc' dir='ltr'>ἀσπάζεται</span> <span class='ocrx_word' id='word_1_776' title='bbox 3297 4763 3388 4817; x_wconf 72' lang='grc' dir='ltr'>τὸν</span> <span class='ocrx_word' id='word_1_777' title='bbox 3420 4765 3542 4834; x_wconf 75' lang='grc' dir='ltr'>ὅφιν</span> <span class='ocrx_word' id='word_1_778' title='bbox 3569 4769 3619 4818; x_wconf 76' lang='grc' dir='ltr'>ἐκ</span> 
     </span>
    </p>
   </div>
   <div class='ocr_carea' id='block_1_108' title="bbox 2047 4842 3618 4928">
    <p class='ocr_par' dir='ltr' id='par_1_108' title="bbox 2047 4842 3618 4928">
     <span class='ocr_line' id='line_1_108' title="bbox 2047 4842 3618 4928; baseline 0.012 -34"><span class='ocrx_word' id='word_1_779' title='bbox 2047 4842 2338 4914; x_wconf 87' lang='grc' dir='ltr'>στόματος,</span> <span class='ocrx_word' id='word_1_780' title='bbox 2368 4846 2486 4918; x_wconf 74' lang='grc' dir='ltr'>ἤτοι</span> <span class='ocrx_word' id='word_1_781' title='bbox 2519 4851 2747 4922; x_wconf 73' lang='grc' dir='ltr'>γοητεία</span> <span class='ocrx_word' id='word_1_782' title='bbox 2790 4853 2899 4906; x_wconf 80' lang='grc' dir='ltr'>τινὶ</span> <span class='ocrx_word' id='word_1_783' title='bbox 2935 4853 3269 4925; x_wconf 72' lang='grc' dir='ltr'>ὲπᾳσθέντος</span> <span class='ocrx_word' id='word_1_784' title='bbox 3320 4858 3414 4911; x_wconf 84' lang='grc' dir='ltr'><strong>τοῦ</strong></span> 
     </span>
    </p>
   </div>
   <div class='ocr_carea' id='block_1_109' title="bbox 2042 4932 3617 5018">
    <p class='ocr_par' dir='ltr' id='par_1_109' title="bbox 2042 4932 3617 5018">
     <span class='ocr_line' id='line_1_109' title="bbox 2042 4932 3617 5018; baseline 0.011 -35"><span class='ocrx_word' id='word_1_785' title='bbox 2042 4932 2122 4995; x_wconf 85' lang='grc' dir='ltr'>εἰς</span> <span class='ocrx_word' id='word_1_786' title='bbox 2150 4934 2484 5006; x_wconf 82' lang='grc' dir='ltr'>ἡμερότητα,</span> <span class='ocrx_word' id='word_1_787' title='bbox 2518 4938 2550 5010; x_wconf 77' lang='grc' dir='ltr'><strong>ἢ</strong></span> <span class='ocrx_word' id='word_1_788' title='bbox 2579 4939 2638 5004; x_wconf 79' lang='grc' dir='ltr'>ἐξ</span> <span class='ocrx_word' id='word_1_789' title='bbox 2681 4940 2874 5013; x_wconf 78' lang='grc' dir='ltr'>ἐτέρας</span> <span class='ocrx_word' id='word_1_790' title='bbox 2911 4943 3197 5016; x_wconf 83' lang='grc' dir='ltr'>ἐνεργείας</span> <span class='ocrx_word' id='word_1_791' title='bbox 3221 4947 3470 5001; x_wconf 74' lang='grc' dir='ltr'>διαὸόλου</span> <span class='ocrx_word' id='word_1_792' title='bbox 3502 4951 3617 5018; x_wconf 73' lang='grc' dir='ltr'>πρ“ς</span> 
     </span>
    </p>
   </div>
   <div class='ocr_carea' id='block_1_110' title="bbox 2043 5025 3593 5110">
    <p class='ocr_par' dir='ltr' id='par_1_110' title="bbox 2043 5025 3593 5110">
     <span class='ocr_line' id='line_1_110' title="bbox 2043 5025 3593 5110; baseline 0.009 -32"><span class='ocrx_word' id='word_1_793' title='bbox 2043 5025 2260 5098; x_wconf 81' lang='grc' dir='ltr'>ἀπάτην</span> <span class='ocrx_word' id='word_1_794' title='bbox 2301 5028 2507 5085; x_wconf 81' lang='grc' dir='ltr'>τούτων</span> <span class='ocrx_word' id='word_1_795' title='bbox 2553 5033 3014 5107; x_wconf 73' lang='grc' dir='ltr'>ὑποκοριζομένου</span> <span class='ocrx_word' id='word_1_796' title='bbox 3047 5037 3143 5091; x_wconf 87' lang='grc' dir='ltr'><strong>τοῦ</strong></span> <span class='ocrx_word' id='word_1_797' title='bbox 3187 5036 3348 5102; x_wconf 80' lang='grc' dir='ltr'>ζώου.</span> <span class='ocrx_word' id='word_1_798' title='bbox 3384 5043 3593 5110; x_wconf 53' lang='lat' dir='ltr'><strong>Upon-4</strong></span> 
     </span>
    </p>
   </div>
   <div class='ocr_carea' id='block_1_111' title="bbox 2043 5117 3616 5203">
    <p class='ocr_par' dir='ltr' id='par_1_111' title="bbox 2043 5117 3616 5203">
     <span class='ocr_line' id='line_1_111' title="bbox 2043 5117 3616 5203; baseline 0.007 -31"><span class='ocrx_word' id='word_1_799' title='bbox 2043 5117 2195 5172; x_wconf 86' lang='grc' dir='ltr'>νοῦσι</span> <span class='ocrx_word' id='word_1_800' title='bbox 2220 5119 2277 5174; x_wconf 83' lang='grc' dir='ltr'><strong>δὲ</strong></span> <span class='ocrx_word' id='word_1_801' title='bbox 2304 5120 2398 5175; x_wconf 86' lang='grc' dir='ltr'><strong>τὸν</strong></span> <span class='ocrx_word' id='word_1_802' title='bbox 2436 5124 2699 5193; x_wconf 88' lang='grc' dir='ltr'>τοιοῦτον,</span> <span class='ocrx_word' id='word_1_803' title='bbox 2727 5129 2820 5181; x_wconf 80' lang='grc' dir='ltr'>καὶ</span> <span class='ocrx_word' id='word_1_804' title='bbox 2869 5130 3225 5202; x_wconf 81' lang='grc' dir='ltr'>εὐχαριστίαν</span> <span class='ocrx_word' id='word_1_805' title='bbox 3268 5132 3474 5203; x_wconf 69' lang='grc' dir='ltr'>ταύτην</span> <span class='ocrx_word' id='word_1_806' title='bbox 3511 5136 3616 5186; x_wconf 80' lang='grc' dir='ltr'>ἐπι-</span> 
     </span>
    </p>
   </div>
   <div class='ocr_carea' id='block_1_112' title="bbox 2041 5227 3613 5313">
    <p class='ocr_par' dir='ltr' id='par_1_112' title="bbox 2041 5227 3613 5313">
     <span class='ocr_line' id='line_1_112' title="bbox 2041 5227 3613 5313; baseline 0.004 -31"><span class='ocrx_word' id='word_1_807' title='bbox 2041 5227 2364 5303; x_wconf 74' lang='grc' dir='ltr'>φημίζουσι,</span> <span class='ocrx_word' id='word_1_808' title='bbox 2397 5231 2497 5305; x_wconf 82' lang='grc' dir='ltr'><strong>τὴν</strong></span> <span class='ocrx_word' id='word_1_809' title='bbox 2523 5233 2591 5288; x_wconf 88' lang='grc' dir='ltr'>δι’</span> <span class='ocrx_word' id='word_1_810' title='bbox 2630 5236 2796 5291; x_wconf 89' lang='grc' dir='ltr'>αὑτοῦ</span> <span class='ocrx_word' id='word_1_811' title='bbox 2837 5238 3208 5311; x_wconf 83' lang='grc' dir='ltr'>ὲνειληθέντος</span> <span class='ocrx_word' id='word_1_812' title='bbox 3235 5241 3613 5313; x_wconf 69' lang='grc' dir='ltr'>γεγενημένην.</span> 
     </span>
    </p>
   </div>
   <div class='ocr_carea' id='block_1_113' title="bbox 2037 5335 3606 5418">
    <p class='ocr_par' dir='ltr' id='par_1_113' title="bbox 2037 5335 3606 5418">
     <span class='ocr_line' id='line_1_113' title="bbox 2037 5335 3606 5418; baseline 0.003 -28"><span class='ocrx_word' id='word_1_813' title='bbox 2037 5335 2150 5392; x_wconf 71' lang='grc' dir='ltr'>Καὶ</span> <span class='ocrx_word' id='word_1_814' title='bbox 2177 5337 2334 5404; x_wconf 84' lang='grc' dir='ltr'>αυθις</span> <span class='ocrx_word' id='word_1_815' title='bbox 2363 5338 2430 5394; x_wconf 69' lang='grc' dir='ltr'>δι’</span> <span class='ocrx_word' id='word_1_816' title='bbox 2464 5340 2652 5408; x_wconf 88' lang='grc' dir='ltr'>αὑτοῦ,</span> <span class='ocrx_word' id='word_1_817' title='bbox 2688 5341 2765 5408; x_wconf 85' lang='grc' dir='ltr'>ὥς</span> <span class='ocrx_word' id='word_1_818' title='bbox 2807 5360 2962 5413; x_wconf 79' lang='grc' dir='ltr'>φασι,</span> <span class='ocrx_word' id='word_1_819' title='bbox 2993 5343 3073 5416; x_wconf 83' lang='grc' dir='ltr'>τῷ</span> <span class='ocrx_word' id='word_1_820' title='bbox 3103 5344 3219 5401; x_wconf 83' lang='grc' dir='ltr'>ἄνω</span> <span class='ocrx_word' id='word_1_821' title='bbox 3260 5346 3439 5418; x_wconf 75' lang='grc' dir='ltr'>Πατρὶ</span> <span class='ocrx_word' id='word_1_822' title='bbox 3467 5345 3606 5414; x_wconf 63' lang='grc' dir='ltr'>ὕμνει</span> 
     </span>
    </p>
   </div>
   <div class='ocr_carea' id='block_1_114' title="bbox 419 5684 2052 5762">
    <p class='ocr_par' dir='ltr' id='par_1_114' title="bbox 419 5684 2052 5762">
     <span class='ocr_line' id='line_1_114' title="bbox 419 5684 2052 5762; baseline 0.007 -22"><span class='ocrx_word' id='word_1_823' title='bbox 419 5684 529 5755; x_wconf 64' lang='grc'><strong>(46)</strong></span> <span class='ocrx_word' id='word_1_824' title='bbox 569 5685 675 5739; x_wconf 75' lang='grc' dir='ltr'><strong>Καὶ</strong></span> <span class='ocrx_word' id='word_1_825' title='bbox 722 5690 1091 5759; x_wconf 73' lang='grc' dir='ltr'>πανουργίαν</span> <span class='ocrx_word' id='word_1_826' title='bbox 1150 5689 1474 5762; x_wconf 79' lang='grc' dir='ltr'>γινώσκων.</span> <span class='ocrx_word' id='word_1_827' title='bbox 1528 5691 1682 5748; x_wconf 88' lang='lat' dir='ltr'><strong>Corr.</strong></span> <span class='ocrx_word' id='word_1_828' title='bbox 1748 5695 1888 5748; x_wconf 69' lang='grc' dir='ltr'>κατὰ</span> <span class='ocrx_word' id='word_1_829' title='bbox 1921 5700 2052 5752; x_wconf 73' lang='grc' dir='ltr'>πᾶν.</span> 
     </span>
    </p>
   </div>
  </div>
