3768 6182
64 358 171 414 649

674 354 1045 412 ADVERSUS
1082 351 1426 410 IUERESES
1464 352 1591 409 LIB.
1636 350 1677 408 Ι.
1719 349 1885 406 TOM.
1926 349 2015 405 Ill.
2056 379 2126 392 --
2165 349 2438 405 HAﬂRl-ZS.
2480 349 2744 407 XXXVII.

3230 355 3338 413 650

70 466 502 539 ἀναπέμποντες,
559 465 733 531 οὕτως
788 468 855 522 τά
911 469 1188 538 μυστήρια
1239 466 1418 522 αὐτῶν
1472 468 1647 519 ἐπιτε-

1830 478 1947 528 um,
2000 469 2058 518 ut
2104 463 2276 529 aiunt,
2323 462 2685 527 celebrantes,
2729 464 2991 534 mysteria
3043 478 3142 519 sua
3177 466 3337 537 perﬁ-

67 558 159 612 λοῦ
168 577 241 612 σι.

138 649 229 717 ς’.
258 650 486 722 Μωρίαν
509 650 567 704 δέ
610 652 754 705 εῐποι
793 669 876 716 τις
903 652 971 705 ἃν
1014 653 1107 706 καὶ
1136 652 1331 725 χλεύης
1358 652 1610 724 ἔμπλεων
1634 670 1647 683 ε

64 743 162 795 καὶ
187 742 310 797 οὔτε
351 744 665 815 ἀνατροπῆς
698 745 807 799 ἀπὸ
845 745 995 809 θείας
1034 746 1257 818 Γραφῆς
1290 745 1652 817 ἐπιζητουμέ⁹

62 852 163 904 νης
196 836 275 898 είς
327 833 504 899 τοῦτο,
555 834 672 889 ἀλλ’
720 836 852 890 αὐτὸ
883 836 1006 891 καθ’
1068 838 1230 891 ἑαυτὸ
1262 836 1341 907 τῷ
1382 837 1473 890 τὸν
1528 836 1652 914 νοῦν

60 925 244 995 ἔχοντι
276 926 586 999 ἐρρωμένον
619 928 762 981 κατὰ
791 927 923 982 Θεὸν
958 929 1244 998 γελοιῶδες
1286 927 1651 999 δειχθήσεται.

59 1017 246 1081 Εὐθὺς
273 1018 381 1090 γὰρ
410 1020 559 1072 πᾶσα
586 1019 819 1091 ήαύτῶν
852 1022 1161 1092 κενοφωνία
1186 1018 1435 1093 ληρώδης
1462 1038 1546 1084 τις
1574 1021 1657 1073 εὑ-

60 1109 377 1181 ρεθήσεται.
419 1112 482 1164 El
507 1112 617 1184 γὰρ
666 1112 995 1184 Προύνεικόν
1020 1131 1185 1184 φασιν
1222 1109 1383 1178 εἶναι,
1417 1113 1535 1178 πῶς
1560 1114 1654 1168 ἀπ’

58 1203 233 1257 αὑτοῦ
265 1203 356 1258 τοῦ
387 1204 649 1276 ὀνόματος
670 1206 730 1259 οὑ
763 1206 824 1260 τὸ
862 1206 1060 1279 σαθρὸν
1083 1207 1181 1279 τῆς
1211 1207 1448 1271 διανοίας
1476 1206 1655 1263 αὐτῶν

60 1297 475 1369 φωραθήσεται,
504 1297 579 1359 ὡς
620 1298 720 1371 ἤδη
753 1301 1053 1371 προεῖπον;
1102 1301 1217 1354 Πᾶν
1253 1300 1362 1371 γὰρ
1392 1299 1451 1353 τὸ
1490 1316 1657 1371 πρου-

58 1390 471 1460 νεικευόμενον,
507 1388 799 1461 ἄχρηστον.
829 1391 960 1445 Είδὲ
987 1392 1281 1464 ἄχρηστον,
1313 1392 1406 1446 καὶ
1450 1392 1507 1445 ἐν
1546 1394 1655 1456 τοῖς

57 1481 416 1552 προκριτέοις
470 1482 717 1537 τακτέον.
772 1482 882 1536 Καὶ
941 1483 1057 1547 πῶς
1116 1486 1397 1539 ἐπαινετὸν
1456 1486 1541 1557 εἴη
1597 1487 1658 1539 τὸ

55 1574 378 1643 ἄχρηστονς
412 1572 537 1637 Πῶς
584 1573 641 1626 δὲ
689 1574 827 1651 οὐχὶ.
864 1574 1110 1647 μυθῶδες
1149 1577 1210 1631 τὸ
1259 1576 1459 1647 λέγειν,
1499 1578 1581 1631 ὅτι
1622 1579 1655 1649 ἡ

60 1665 401 1735 Προύνεικος
447 1667 539 1721 τὸν
574 1666 898 1721 Ἰαλδαὸαὼθ
932 1668 1188 1738 ἐκένωσε,
1232 1671 1326 1726 καὶ
1355 1674 1383 1726 6
1422 1671 1656 1744 σπινθὴρ

56 1762 147 1821 εἰς
174 1757 249 1811 τά
280 1759 431 1812 κάτω
478 1758 747 1830 κατῆλθεν
778 1760 889 1814 ἀπὸ
916 1760 1012 1814 τοῦ
1058 1760 1427 1828 κενωθέντος;
1473 1764 1561 1817 Ἐν
1599 1764 1657 1818 δὲ

1760 559 1933 613 ciunt.

1830 648 1918 703 Vl.
1961 647 2109 716 Quas
2140 649 2360 720 quidem
2392 648 2628 720 ineptias
2656 650 2988 708 vanissimas
3018 667 3163 719 esse,
3196 654 3340 709 ludi-

1762 739 1991 810 brioque
2015 740 2369 812 dignissimas
2398 755 2562 795 nemo
2591 756 2703 796 non
2734 742 2973 797 dixerit:
3007 759 3183 814 neque
3211 760 3340 799 vero

1761 833 1964 889 divinis
2004 849 2071 889 ex
2099 832 2380 905 Scriptura
2416 835 2753 906 depromptis
2792 837 3126 892 testimoniis
3159 837 3345 891 acrius
3415 902 3421 909 κ

1762 926 2120 995 refellendas;
2153 943 2276 982 cum
2300 943 2397 1000 per
2422 943 2542 985 sese
2565 928 2809 996 cuilibet,
2863 929 2955 998 qui
2984 931 3055 984 sit
3080 931 3346 985 nonnullo

1762 1017 1982 1087 ingenio
2013 1020 2296 1089 praeditus,
2342 1034 2507 1090 quam
2552 1018 2851 1074 ridiculum
2882 1020 2955 1075 sit
2988 1028 3161 1074 totum
3213 1020 3345 1075 illud
3394 1078 3403 1094 .

1764 1109 2064 1178 negotium,
2111 1109 2477 1167 demonstrari
2521 1111 2715 1181 possit.
2780 1110 2928 1166 Nihil
2963 1112 3109 1167 enim
3151 1124 3347 1183 praeter
3408 1096 3411 1099 ’

1764 1203 2261 1272 contemptissimas
2301 1203 2512 1260 fabulas
2542 1220 2605 1259 ac
2645 1204 2837 1260 deliria
2870 1204 3155 1260 continere
3185 1206 3345 1261 facile

1764 1292 2212 1362 deprehenditur.
2247 1294 2381 1349 Nam
2409 1296 2454 1351 si
2489 1295 2790 1352 Prunicum
2819 1312 2942 1373 esse
2967 1298 3202 1370 aliquam
3228 1300 3347 1353 exi-

1764 1384 2010 1450 stimant,
2046 1386 2169 1456 quis
2192 1402 2257 1442 ex
2290 1386 2407 1457 ipso
2439 1388 2626 1443 statim
2655 1390 2923 1445 vocabulo
2953 1405 3062 1445 non
3099 1391 3348 1445 animad-

1767 1484 1960 1539 vertat,
1996 1492 2159 1547 quam
2194 1477 2525 1533 imbecillum
2551 1493 2615 1534 ac
2652 1480 2770 1536 leve
2794 1481 2886 1547 sit,
2921 1482 3067 1553 quod
3093 1482 3180 1537 isti
3216 1498 3350 1552 pro-

1767 1566 2008 1633 ﬁtentur,
2050 1578 2111 1624 ut
2144 1570 2257 1640 jam
2295 1571 2657 1629 ostendimus.
2697 1572 2977 1644 Quidquid
3027 1576 3171 1630 enim
3201 1574 3343 1630 Pru-

1764 1660 1949 1714 nicum
1986 1660 2103 1715 ﬁeri
2135 1661 2359 1726 dicitur,
2392 1663 2447 1718 id
2472 1664 2670 1719 inutile
2700 1674 2821 1731 est;
2853 1666 3098 1737 adeoque
3124 1668 3351 1724 minime

1765 1752 1907 1807 inter
1937 1753 2137 1808 eximia
2172 1756 2593 1810 numerandum.
2625 1755 2727 1822 Qui
2752 1756 2898 1812 enim
2926 1758 3140 1814 laudari
3174 1768 3351 1829 potes:

52 1851 143 1919 τῷ
178 1851 295 1905 ἀνω
338 1846 577 1921 γεγονὼς
608 1851 823 1921 ἐπέγνω
853 1852 946 1907 τδν
989 1854 1260 1927 ἀνώτερον
1290 1854 1383 1909 τοῦ
1424 1872 1647 1909 κεκενω-

1830 1845 1913 1898 ιοᾱ
1961 1845 2154 1900 inutile
2192 1846 2301 1900 sit?
2345 1845 2519 1913 Quam
2560 1858 2642 1903 est
2688 1858 2947 1919 praeterea
2985 1851 3266 1915 stolidum,
3319 1867 3347 1903 θ

40 1943 258 2014 μένου.
296 1944 406 1997 Καὶ
439 1934 639 2015 θαῦμα
668 1943 945 2015 μέγιστον,
978 1945 1053 2010 ώς
1079 1947 1107 1999 6
1148 1945 1454 2018 ἄνθρωπος,
1484 1948 1541 1999 ἐν
1565 1940 1607 2014 ᾧ
1632 1948 1660 2000 6

52 2036 352 2104 ἐλάχιστος
377 2032 633 2105 σπινθὴρ,
667 2033 1021 2102 ἐπιγινώσκει
1055 2035 1195 2107 ὑπὲρ
1230 2037 1356 2099 τοὺς
1384 2034 1660 2089 πεπλακό-

51 2144 162 2189 τας
185 2125 454 2195 ἀγγέλους
476 2127 490 2179 l
523 2127 586 2178 Οί
616 2125 725 2197 γὰρ
750 2126 1110 2197 πεποιηκότες
1136 2127 1226 2180 τὸν
1249 2126 1536 2200 ἄνθρωπον
1563 2127 1661 2197 ἀγ-

54 2218 238 2285 γελοι,
271 2217 450 2271 εῖτουν
483 2217 587 2271 υἱοὶ
610 2217 703 2271 τοῦ
747 2216 1098 2282 Ἰαλδαϐαὼθ,
1125 2219 1224 2271 οὐκ
1248 2218 1564 2287 ἐπέγνωσαν
1591 2216 1661 2272 τὰ

53 2308 256 2363 ἐπάνω
286 2306 381 2360 τοῦ
420 2307 791 2364 Ἰαλδαῦαώθ.,
812 2308 871 2362 ’0
896 2308 951 2361 δὲ
980 2308 1071 2361 ὑπ’
1102 2306 1268 2362 αὑτοῦ
1297 2308 1661 2379 γεγενημένος
1702 2344 1703 2347 η

52 2399 149 2453 διὰ
174 2400 274 2454 τοῦ
308 2400 604 2471 σπινθῆρος
628 2400 861 2470 ἐπέγνω.
886 2401 1052 2454 Αὐτοὶ
1082 2399 1261 2453 τοβνυν
1287 2401 1511 2464 ἑαυτοὺς
1536 2402 1661 2453 ἀνα-

54 2490 327 2561 τρέπουσι
357 2491 444 2545 διὰ
494 2490 603 2545 τῶν
639 2492 785 2547 ἰδίων
814 2480 1121 2563 δογμάτων,
1170 2492 1250 2563 πῆ
1284 2492 1382 2563 μὲν
1417 2492 1511 2546 τὸν
1538 2492 1660 2562 ὅφιν

53 2583 402 2649 δοξάζοντες,
450 2585 526 2655 πῆ
571 2586 627 2638 δὲ
668 2585 946 2657 ἀπατηλὸν
992 2585 1154 2640 αὑτὸν
1186 2585 1321 2657 πρὸς
1370 2586 1469 2658 τὴν
1516 2572 1661 2641 Εὔάν

54 2676 435 2748 γεγενημένον
462 2678 785 2747 φάσκοντες,
815 2680 873 2731 ἐν
903 2676 980 2748 τῷ
1005 2679 1177 2731 εἰπεῖν
1199 2692 1213 2705 ο
1260 2675 1538 2747 ’Ππάτησε
1561 2678 1662 2751 τὴν

56 2768 243 2820 Εὔαν
283 2766 377 2822 καὶ
416 2767 493 2839 πῆ
526 2769 623 2838 μὲν
650 2766 882 2839 Χριστὸν
907 2766 1071 2820 αὐτὸν
1100 2764 1552 2836 καταγγέλλουσι,
1581 2769 1658 2839 πῆ

52 2858 111 2911 δὲ
142 2859 242 2912 τὸν
276 2859 390 2912 υἱὸν
414 2859 506 2913 τοῦ
543 2860 818 2933 ἀνωτέρου
855 2855 1325 2923 ’1αλδα6αὼθ,τοῦ
1358 2860 1488 2924 τοὺς
1510 2860 1661 2922 υἱοὺς

54 2950 449 3021 ἀδικήσαντος,
494 2951 551 3003 ἐν
578 2950 656 3023 τῷ
691 2949 1012 3004 ἀποκλεῖσαι
1053 2950 1147 3003 ἀπ’
1181 2949 1359 3004 αὐτῶν
1406 2949 1505 3023 τὴν
1548 2950 1661 3005 ἀνω

54 3045 293 3112 γνῶσιν,
326 3047 421 3099 καὶ
467 3046 569 3117 τὴν
611 3046 825 3118 μητέρα
862 3044 1247 3116 ἀθετήσαντος,
1283 3046 1377 3098 καὶ
1415 3044 1507 3097 τὸν
1549 3044 1661 3099 ἄνω

57 3136 313 3208 Πατέρα,
343 3138 424 3201 είς
444 3137 503 3190 τὸ
529 3135 603 3208 μὴ
629 3137 723 3208 ἐᾷν
744 3134 988 3203 δοξάζειν
1017 3136 1142 3198 τοὺς
1172 3135 1263 3187 ὑπ’
1285 3133 1450 3189 αὑτοῦ
1478 3150 1662 3202 γεγεν⁹

1767 1933 2005 1990 Prunico
2045 1936 2373 1992 exhaustum
2404 1953 2527 1995 esse
2568 1937 2981 1996 Jaldahaothem
3011 1982 3027 2009 ,
3079 1942 3148 1997 ab
3178 1958 3344 2015 eoque

1767 2026 2063 2081 scintillam
2093 2027 2161 2080 ad
2192 2027 2375 2081 inﬁma
2414 2030 2505 2083 illa
2536 2046 2825 2087 excussam
2861 2032 3153 2089 arbitrari!
3187 2033 3301 2090 [ten
3346 2066 3350 2070 -

1767 2134 1895 2190 que,
1926 2121 2019 2189 qui
2043 2118 2096 2173 in
2132 2121 2355 2176 sublimi
2383 2123 2682 2179 collocatus
2711 2133 2878 2191 esset,
2915 2142 3039 2181 eum
3064 2130 3352 2197 agnovism:

1767 2214 1862 2284 qui
1906 2214 2176 2269 exhausto
2219 2225 2367 2271 esset
2418 2217 2510 2271 illo
2540 2218 2701 2289 273
2725 2219 2997 2289 superior.
3062 2218 3352 2277 Enimvero

1766 2307 1927 2375 quale
1955 2307 2087 2363 illud
2113 2309 2439 2363 miraculum
2474 2319 2580 2375 est,
2614 2319 2672 2364 ut
2700 2311 2864 2365 homo
2902 2313 2991 2367 cui
3015 2314 3346 2371 tenuissima

1768 2400 2015 2470 quaedam
2057 2401 2129 2455 sit
2168 2415 2392 2471 aspersa
2430 2402 2698 2467 scintilla,
2739 2402 3000 2472 majorem
3044 2404 3154 2461 illis
3192 2406 3350 2476 ipsa.

1769 2505 1798 2544 a
1821 2491 2022 2560 quibus
2045 2491 2349 2561 productus
2372 2502 2476 2558 est,
2501 2493 2710 2563 angelis
2731 2494 3098 2564 cognitionem
3126 2495 3351 2566 adeptus

1769 2581 1960 2639 fuerit!
1997 2583 2054 2637 Si
2083 2584 2303 2654 quidem
2338 2594 2594 2641 auctores
2623 2586 2711 2641 isti
2743 2586 2985 2641 hominis
3014 2602 3078 2642 ac
3111 2586 3345 2643 fabrica-

1758 2685 1917 2732 tores
1945 2677 2145 2748 angeli,
2176 2678 2291 2733 sive
2313 2676 2688 2734 Jaldabaothis
2719 2679 2815 2734 filii
2851 2694 2971 2751 quae
2991 2679 3352 2737 Jaldabaothe

1769 2770 2052 2841 superiora
2079 2779 2237 2826 erant
2268 2772 2611 2842 ignorarunt.
2649 2770 2751 2838 Qui
2787 2781 2971 2827 autem
2999 2773 3068 2827 ab
3100 2773 3208 2829 illis
3239 2772 3348 2827 for.

1768 2871 1949 2919 matus
1974 2871 2081 2930 est,
2113 2863 2366 2938 scintilla:
2388 2861 2653 2918 beneficio
2678 2864 2953 2933 cognovit.
2987 2862 3350 2930 Quamobrem

1769 2953 1887 3010 suis
1931 2952 2007 3006 illi
2050 2967 2109 3008 se
2147 2951 2498 3023 dogmatibus
2539 2951 2773 3006 induunt
2820 2959 2871 3008 et
2910 2962 3184 3020 evertunt,
3227 2970 3351 3009 cum

1768 3047 1964 3117 partim
1984 3056 2290 3118 serpentem
2317 3046 2567 3118 venerari
2594 3045 2917 3113 instituant;
2959 3047 3156 3116 partim
3184 3045 3350 3101 Evam

1767 3138 1915 3194 illius
1968 3137 2335 3194 fraudulentia
2388 3137 2674 3209 deceptam
2726 3137 3068 3205 existiment;
3150 3138 3350 3211 partim

56 3250 124 3301 νη
136 3229 341 3300 μένους
364 3230 513 3293 υἱοὺς
540 3229 631 3283 τὸν
664 3227 934 3300 ἀνώτερον
961 3227 1127 3281 αὐτοῦ
1152 3226 1390 3298 Πατέρα.
1424 3225 1549 3289 Πῶς
1572 3222 1647 3280 οὗη

1830 3231 2046 3287 iristum
2087 3230 2339 3286 eumdem
2389 3245 2512 3286 esse
2550 3228 2755 3298 velint;
2804 3230 3005 3299 partim
3046 3230 3351 3301 superioris

56 3322 329 3391 βασιλεὺς
369 3322 689 3391 ἐπουράνιος
717 3321 746 3373 6
778 3320 920 3391 ὄφις,
951 3320 1109 3392 εἰπερ
1152 3320 1295 3374 κατὰ
1314 3318 1406 3373 τοῦ
1447 3318 1662 3391 Πατρὺς

53 3416 367 3485 ἐγήγερται
388 3430 403 3479 ;
461 3415 585 3477 Πῶς
606 3414 684 3479 δὲ,
724 3415 773 3467 εί
795 3415 893 3485 τὴν
917 3413 1118 3483 γνῶσιν
1141 3412 1377 3474 δίδωσιν,
1405 3412 1462 3465 ἐν
1483 3412 1668 3483 ἀπάτῃ

52 3506 497 3574 καταγγέλλεται
530 3506 872 3579 ὴπατηκέναι
894 3505 991 3577 τὴν
1010 3504 1154 3559 Εὕαν
1175 3522 1190 3571 ;
1214 3505 1273 3558 '0
1287 3504 1343 3558 δὲ
1362 3504 1429 3557 δι’
1452 3504 1668 3574 ἀπάτης

50 3599 275 3667 γνῶσιν
310 3599 485 3663 ἐνθεὶς
515 3600 699 3654 οὐκέτι
727 3599 932 3668 γνῶσιν
957 3599 1193 3663 δίδωσιν,
1216 3596 1355 3651 ἀλλά
1384 3597 1504 3651 ἀντὶ
1528 3594 1666 3666 γνώ-

52 3707 205 3753 σεως
235 3691 534 3758 ἀγνωσίαν.
579 3692 667 3755 Ὠς
690 3691 784 3744 καὶ
816 3690 1015 3761 ἀληθές
1038 3690 1186 3744 ἐστιν
1226 3689 1375 3754 ἰδεῖν,
1406 3688 1487 3741 ὅτι
1510 3687 1667 3741 τοῦτο

51 3784 115 3835 ἐν
147 3784 346 3848 αὐτοῖς
368 3783 691 3839 τελειοῦται.
736 3784 1038 3853 Ἀγνωσίαν
1064 3782 1174 3854 γὰρ
1203 3781 1439 3852 ἔχοντες,
1464 3780 1665 3850 γνῶσιν

56 3876 281 3946 ταύτην
306 3875 640 3946 νομίζουσιν,
674 3876 733 3930 ἐν
769 3874 942 3946 τούτῳ
965 3873 1341 3946 ἀληθεύοντες,
1375 3873 1433 3926 ἐν
1453 3870 1532 3943 τῷ
1566 3871 1665 3943 τὴν

54 3966 290 4020 ἑαυτῶν
324 3967 542 4039 ἀπάτην
572 3968 667 4022 καὶ
699 3966 977 4037 ἀγνωσίαν
1003 3966 1205 4037 γνῶσιν
1229 3966 1429 4037 λέγειν.

1768 3321 1915 3378 illius
1940 3319 2319 3376 Jaldabaothis
2344 3320 2538 3385 ﬁlium,
2570 3321 2665 3391 qui
2703 3320 3003 3376 interclusa
3044 3322 3350 3378 caelestium

1770 3414 2233 3485 contemplatione
2280 3428 2551 3470 summam
2582 3414 2770 3470 liberis
2806 3414 2923 3470 suis
2954 3414 3210 3485 iniuriam
3248 3418 3339 3470 im-

1769 3507 1974 3577 posuit,
1999 3514 2227 3563 matrem
2254 3506 2560 3576 repudiavit
2579 3520 2644 3562 ac
2667 3508 3021 3576 contempsit,
3038 3522 3145 3562 non
3171 3510 3350 3566 minus

1765 3614 1930 3669 quam
1967 3613 2281 3669 supremum
2311 3597 2623 3667 Parentem,
2655 3614 2819 3671 quem
2864 3600 2933 3655 ab
2972 3600 3040 3655 iis
3082 3615 3222 3670 quos
3257 3616 3335 3670 ge-

1763 3701 1961 3749 nuerat
2011 3695 2118 3749 coli
2160 3706 2224 3748 ac
2264 3693 2553 3764 prmdicari
2603 3693 2830 3750 minime
2864 3694 2938 3750 sit
2970 3709 3190 3764 passus.
3246 3695 3349 3762 Qui

1762 3799 1892 3840 vero
1921 3794 2231 3855 serpentem
2260 3786 2518 3843 convenit
2543 3785 2823 3841 ccelestem
2843 3799 2968 3841 esse
2988 3773 3194 3856 regem,
3226 3802 3351 3841 cum

1763 3875 2031 3931 adversus
2070 3882 2355 3945 parentem
2397 3874 2795 3931 insurrexerit?
2843 3874 2953 3928 Aut
2978 3875 3275 3945 quomodo,
3304 3878 3349 3931 si

1760 3967 2130 4037 cognitionem
2186 3966 2498 4037 impertiat,
2559 3964 2686 4022 Evaa
2730 3966 3061 4037 imposuisse
3113 3967 3350 4022 dicitur?

53 4055 204 4112 Nam
260 4058 356 4128 qui
410 4058 602 4115 fraude
649 4061 833 4132 aliqua
888 4060 1174 4116 scientiam
1224 4058 1401 4125 atl‘ert,
1451 4074 1562 4115 non
1616 4059 1663 4114 is
1701 4060 2009 4124 scientiam,
2061 4057 2158 4115 sed
2202 4074 2301 4130 pro
2365 4057 2879 4130 ea'ignorationem
2954 4058 3346 4114 communicat.

52 4150 223 4217 Quod
274 4150 383 4206 illis
427 4150 679 4209 accidere
722 4152 1033 4209 certissima
1075 4152 1291 4207 ratione
1341 4151 1651 4207 conﬁcitur.
1698 4151 1835 4206 Cum
1865 4152 2011 4208 enim
2041 4167 2257 4209 summa
2286 4152 2339 4206 in
2367 4152 2582 4207 inscitia
2606 4158 2918 4214 versentur,
2961 4166 3082 4205 eam
3145 4151 3347 4207 nihilo-

50 4249 253 4301 minus
286 4247 573 4303 scientiam
595 4263 718 4304 esse
741 4255 956 4319 putant.
984 4246 1103 4315 Qua
1128 4248 1183 4304 in
1220 4262 1280 4305 re
1308 4249 1661 4306 vehementer
1692 4248 2123 4314 hallucinantur,
2178 4247 2309 4303 dum
2344 4261 2588 4304 errorem
2625 4260 2787 4303 suum
2851 4258 2917 4301 ac
2979 4246 3348 4317 ignorantiam

49 4344 321 4401 scientia:
358 4344 734 4415 appellatione
762 4344 1139 4401 dissimulant.

124 4442 210 4493 Z'.
244 4438 479 4509 Φέρουσι
505 4439 563 4493 δὲ
592 4440 689 4494 καὶ
723 4438 889 4504 ἄλλας
930 4441 1236 4512 μαρτυρίας
1276 4439 1547 4507 λέγοντες,
1578 4439 1647 4492 ὅτ

1845 4437 1952 4493 Vll.
1992 4436 2101 4493 Sed
2130 4435 2236 4491 alia
2270 4433 2519 4505 quadam
2558 4432 2787 4503 insuper
2824 4430 3140 4486 testimonia
3168 4429 3347 4500 profe-

48 4532 154 4586 καὶ
214 4531 465 4601 Μωῦσῆς
523 4533 581 4585 ἐν
634 4534 700 4604 τῇ
751 4533 946 4605 ἐρήμῳ
1003 4534 1094 4586 τὸν
1140 4533 1266 4601 ὅφιν
1311 4532 1400 4585 τὸν
1429 4532 1647 4603 χαλκοῖη

1830 4539 1938 4598 ιηι;
1973 4529 2141 4585 veluti
2192 4526 2413 4597 Moysen
2459 4540 2669 4580 aeneum
2707 4531 3015 4594 serpentem
3048 4524 3102 4577 in
3133 4520 3377 4603 desertolE

50 4625 279 4694 ῖψωσε,
327 4625 813 4697 προστησάμενος,
861 4627 947 4679 ἵνα
1000 4627 1137 4698 ίαμα
1194 4628 1307 4690 τοῖς
1346 4626 1451 4679 ὑπὸ
1488 4625 1647 4696 δφεως

1837 4623 2079 4688 stulisse,
2125 4621 2413 4692 palamque
2450 4616 2824 4689 proposuisse,
2857 4623 2919 4670 ut
2959 4615 3066 4670 illis
3104 4610 3381 4671 remedio‘

39 4716 425 4788 δεικνυμένοις
457 4718 703 4790 γένηται.
753 4714 907 4773 Εἶναι
934 4718 1043 4791 γὰρ
1083 4717 1239 4773 τοῦτο
1260 4718 1323 4773 τὸ
1356 4715 1493 4783 εἶδος
1529 4720 1647 4772 ίατιι

1832 4725 1933 4781 set,
1961 4732 2099 4788 quos
2131 4731 2358 4788 serpens
2374 4716 2739 4774 momorderat
2774 4717 2813 4770 ‘.
2846 4714 2962 4770 Hoc
2991 4716 3136 4769 enim
3170 4715 3347 4784 ipsum

52 4807 152 4861 τὸν
198 4806 301 4860 τοῦ
356 4808 638 4880 δήγματος
690 4808 929 4879 λέγουσι.
980 4810 1152 4864 Πάλιν
1198 4810 1256 4864 δὲ
1301 4810 1423 4865 καθ’
1455 4809 1647 4863 ἐαυτῶε

1830 4819 2090 4867 ‘aesenlem
2148 4811 2255 4866 vim
2304 4819 2496 4867 contra
2547 4819 2848 4866 venenatos
2881 4822 3099 4863 morsus
3148 4806 3346 4861 habere

53 4900 238 4953 ταῦτα
266 4899 565 4971 ὁρίζονται.
606 4902 668 4954 Εἰ
702 4901 810 4974 γὰρ
837 4901 1013 4971 ὄφεων
1039 4898 1105 4974 ἦν
1129 4901 1199 4955 τά
1220 4903 1496 4973 δήγματα,
1540 4902 1647 4972 βλα·

1830 4903 2041 4959 ctitant.
2078 4903 2183 4959 Sed
2212 4904 2294 4960 vel
2318 4904 2450 4958 illud
2481 4910 2671 4958 contra
2697 4916 2755 4956 se
2785 4898 3076 4955 manifeste
3099 4914 3345 4969 pronun-

42 4993 197 5065 ϐερά
226 4992 288 5045 δὲ
327 4992 503 5047 ταῦτα
526 5010 539 5022 ·
565 4992 673 5066 ἀρα
706 4996 735 5047 ὁ
774 4994 896 5064 ὄφις
933 4995 1032 5048 οὐκ
1079 4994 1302 5063 ἀγαθόν.
1336 4994 1409 5047 T6
1435 4993 1490 5047 δὲ
1521 4993 1647 5063 ὑψω

1830 5005 1927 5052 mt.
1968 4997 2023 5052 Si
2048 4998 2194 5053 enim
2226 5011 2444 5053 morsus
2469 4995 2547 5051 illi
2583 4994 2917 5066 serpentium
2946 4999 3124 5057 erant,
3157 4990 3345 5045 iidem-

46 5085 146 5137 θέν
177 5084 296 5136 ὑπὸ
327 5085 607 5149 Μωῦσέως
649 5086 795 5154 τότε,
844 5086 935 5142 διὰ
986 5088 1086 5159 τῆς
1122 5086 1353 5160 θεωρίας
1385 5087 1483 5159 τὴν
1520 5087 1647 5139 ίασιι

1830 5102 1877 5142 Ie
1936 5088 2250 5158 perniciosi,
2304 5086 2660 5157 consequitur
2716 5083 2943 5138 minime
2990 5082 3191 5137 bonum
3225 5096 3346 5137 esse

44 5180 328 5241 ἐποιεῖτο,
361 5177 420 5229 οὐ
457 5177 547 5230 διά
574 5177 672 5249 τὴν
707 5175 800 5232 τοῦ
842 5178 1019 5248 ὄφεως
1049 5178 1232 5248 φύσιν,
1281 5178 1419 5233 ἀλλά
1443 5178 1539 5249 τὴν
1569 5178 1647 5231 τοῐ

1836 5190 2100 5250 rpcntem.
2151 5179 2307 5247 Quod
2357 5194 2487 5235 vero
2537 5188 2648 5234 tum
2685 5193 2717 5233 a
2748 5176 2932 5249 Moyse
2963 5182 3047 5231 est
3079 5182 3344 5239 erectum,

42 5269 194 5322 θεοῦ
238 5268 517 5335 εὐδοκίαν,
545 5269 613 5323 δι’
642 5269 820 5339 δφεως
863 5268 1054 5340 ῶσπερ
1098 5272 1369 5325 ἀντίδοτον
1399 5273 1511 5334 τοῖς
1540 5270 1647 5324 τότε

1833 5272 1883 5326 la
1931 5271 2016 5326 sui
2078 5270 2539 5341 contemplatione
2602 5267 2920 5323 medebatur
2957 5282 2970 5319 :
3002 5281 3113 5321 non
3158 5266 3345 5333 utique

41 5362 422 5435 δεδηγμένοις
476 5363 867 5434 ἐργαζομένου.
921 5363 1086 5417 Οὐδὲν
1137 5364 1195 5418 δὲ
1245 5363 1556 5436 θαυμαστὸν

1830 5367 1912 5421 rod
1941 5366 2014 5420 ita
2045 5364 2315 5435 serpentis
2345 5370 2540 5418 natura
2588 5360 2790 5429 ferret;
2819 5360 2913 5418 sed
2954 5359 3099 5431 quod
3129 5359 3205 5413 ita
3238 5357 3344 5412 Deo

43 5460 110 5511 ἐπ’
146 5452 237 5510 ὧν
270 5473 357 5519 τις
396 5455 621 5526 ἐελάὸη,
657 5456 743 5510 διὰ
780 5455 983 5510 τούτων
1017 5456 1310 5528 θεραπείας
1340 5458 1517 5528 ἔτυχε.
1552 5456 1647 5511 Kal

1830 5473 1943 5514 sum
1994 5467 2161 5522 esset,
2221 5456 2314 5527 qui
2362 5472 2501 5525 quos
2555 5464 2837 5526 serpentes
2873 5459 3235 5523 pupugerant,
3280 5448 3343 5503 iis

43 5554 120 5623 μή
167 5567 268 5613 τις
298 5548 574 5611 κακιζέτω
604 5550 702 5621 τὴν
732 5548 825 5602 τοῦ
851 5548 985 5602 Θεοῦ
1016 5551 1211 5605 κτίσιν.
1242 5551 1315 5614 ὡς
1347 5550 1495 5604 ἄλλοι
1524 5550 1647 5603 πλα-

1830 5564 1864 5603 :r
1925 5557 2235 5619 serpentem
2277 5550 2404 5603 mali
2452 5548 2751 5603 remedium
2802 5556 3110 5617 paraverat.
3156 5535 3342 5613 Neque

42 5645 299 5717 ,ρώμενοι
329 5642 494 5695 πάλιν
519 5642 753 5711 λέγουσι.
787 5643 1167 5712 Προετυποῦτο
1191 5643 1246 5698 δὲ
1274 5643 1433 5698 τοῦτο
1457 5646 1571 5708 τοῖς
1600 5645 1647 5697 ἐν

1831 5652 1894 5695 ro
1926 5639 2126 5697 mirum
2149 5654 2271 5697 esse
2297 5640 2550 5712 cuiquam
2572 5648 2805 5713 oportet,
2830 5640 2877 5696 si
2902 5638 3046 5695 unde
3071 5638 3341 5706 quispiam

116 5801 134 5833 ¹
169 5795 355 5853 Num.
406 5812 516 5860 xxi,
551 5795 584 5850 8
614 5814 737 5868 sqq.

350 5891 629 5952 Ρηιιοι..
669 5894 788 5954 Gn.
830 5892 883 5953 X
898 5892 991 5952 LI.

2928 5885 2993 5942 Eli
