3768 6182
414 230 516 289 εει
1854 237 1908 295 S.
1956 238 1978 293 Ι

2092 238 2301 297 ’ΠΑΝΠ
3623 248 3718 301 652

421 348 585 406 laesus
622 347 821 416 fuerat,
882 348 1010 407 inde
1059 351 1390 408 medicinam
1425 354 1718 425 acceperit.
1769 355 1880 413 Nec
1930 374 1978 413 es

2120 364 2185 432 τῇ
2222 362 2415 433 ἐρήμῳ
2448 361 2535 414 διὰ
2578 362 2674 433 τὴν
2713 364 2913 424 αἰτίαν.
2945 366 3013 438 ἣν
3054 363 3223 421 ἐλθὼν
3257 364 3286 419 6
3320 364 3531 435 Κύριος
3575 363 3715 429 λέγει

414 441 562 514 quod
586 442 795 499 idcirco
829 444 1066 501 conditae
1093 461 1182 502 res
1221 461 1250 501 a
1292 446 1401 502 Deo
1426 448 1825 519 vituperentur,
1864 466 1973 521 quo

2113 455 2169 506 ἑν
2213 453 2290 525 τῷ
2332 442 2659 526 Ἐὐαγγελίῳ
2685 498 2699 521 ,
2777 457 2858 509 ὅτι
2904 458 3001 523 Ὠς
3058 459 3268 527 ὕψωσε
3312 453 3584 523 Μωῑοσῆς
3620 460 3713 507 τίν

417 534 667 589 nonnulli
725 552 922 592 rursus
976 537 1289 594 incredibili
1350 555 1538 595 errore
1588 540 1818 596 iaciunt.
1875 542 1972 597 lllu

2113 549 2253 619 ὄφιν
2280 550 2349 603 ἐν
2378 550 2451 619 τῇ
2481 550 2702 621 ἐρήμῳ,
2736 553 2924 617 οὕτως
2963 553 3278 622 ὑψωθῆναι
3304 550 3401 605 δεῖ
3424 550 3541 605 τὸν
3586 554 3713 603 ηίν

415 625 559 679 enim
587 626 773 698 ﬁgura:
806 628 982 683 instar
1013 627 1219 685 Iudaeis
1255 631 1308 684 in
1349 631 1647 688 solitudine
1681 632 2014 704 degentibus

414 724 697 772 ostensum
754 726 875 786 est;
943 720 1013 775 ob
1046 736 1167 776 eam
1216 720 1389 791 ipsam
1429 723 1720 790 rationem,
1752 739 1914 794 quam
1955 724 2008 778 in

414 805 707 878 Evangelio
728 810 891 882 274
919 810 1181 869 Dominus
1199 814 1485 883 expressit.
1510 811 1778 870 Nimirum
1816 838 1826 873 :
1857 814 2009 871 Sicut

412 899 667 954 exultavit
706 900 916 972 Moyses
964 914 1253 973 serpentem
1297 906 1353 958 in
1383 906 1611 975 deserto,
1645 909 1723 961 ita
1778 908 2011 963 exaltari

414 1002 613 1062 aportet
650 993 851 1048 Filium
885 996 1109 1051 hominis
1132 998 1170 1062 ί,
1198 998 1343 1068 quod
1374 1010 1563 1070 postea
1586 1000 1835 1071 contigit.
1872 1000 2007 1055 Nam

412 1084 583 1140 Judaei
622 1085 899 1143 Christum
929 1087 1220 1143 Dominum
1261 1090 1408 1145 velut
1433 1099 1738 1161 serpentem
1768 1093 1997 1162 ignomi-

412 1177 568 1234 niose
594 1186 913 1243 tractantes,
946 1180 1164 1250 ipsimet
1192 1183 1466 1253 serpentis
1495 1183 1730 1245 insidiis,
1783 1184 1887 1239 hoc
1924 1192 2008 1239 est

412 1270 638 1335 diaboli,
677 1272 1024 1328 vehementer
1053 1272 1245 1329 oll‘eusi
1280 1285 1427 1330 sunt.
1454 1274 1561 1330 Sed
1585 1284 1643 1330 ut
1671 1283 1855 1331 erecto
1883 1291 2005 1331 ser—

411 1370 594 1433 petite,
644 1364 679 1417 ii
706 1364 796 1434 qui
850 1380 1037 1421 morsu
1070 1376 1226 1421 erant
1254 1368 1501 1439 appetiti,
1543 1376 1764 1439 repente
1796 1368 2003 1423 liberati

410 1464 539 1511 sunt
563 1475 575 1511 :
597 1455 691 1522 ita,
726 1456 947 1513 Christo
977 1457 1031 1512 in
1060 1474 1281 1515 crucem
1312 1462 1549 1524 sublato,
1582 1460 1778 1514 animas
1807 1470 2005 1515 nostrae

409 1565 439 1603 a
468 1552 673 1621 peccati
702 1551 978 1607 morsibus
997 1560 1125 1607 sunt
1146 1562 1429 1624 exemptae.
1451 1555 1628 1625 Atque
1649 1554 1790 1609 hanc
1824 1554 2000 1625 ipsam

409 1643 624 1699 Domini
654 1646 985 1700 sententiam
1026 1646 1092 1699 ad
1119 1648 1326 1703 erroris
1355 1649 1438 1704 sui
1465 1648 1831 1718 patrocinium
1869 1646 2001 1702 alle-

2112 642 2217 696 τοῦ
2254 642 2595 711 ἀνθρώπου,
2624 644 2652 697 ὂ
2675 646 2766 699 καὶ
2801 647 3011 715 γέγονε.
3060 647 3228 717 Δίκην
3258 646 3371 715 γὰρ
3396 645 3585 714 ὄφεως
3611 645 3711 696 ἀτι-

2114 736 2386 806 μάσαντες
2412 735 2503 789 τὸν
2532 737 2759 809 Σωτῆρα
2782 779 2795 802 ,
2820 738 2927 791 ἀπὸ
2963 738 3253 809 ἐπιϐουλῆς
3280 738 3381 807 τῆς
3406 736 3511 789 τοῦ
3546 737 3709 804 ὄφεως

2110 826 2408 895 ἠδικοῦντο,
2448 828 2590 898 φημὶ
2618 827 2672 880 δὲ
2699 828 2792 881 τοῦ
2816 828 3083 881 διαῦόλου.
3126 829 3235 881 Καὶ
3254 828 3522 899 καθάπερ
3558 828 3615 878 ἐν
3640 826 3705 892 τῷ

2110 917 2364 989 ὑψώματι
2399 918 2492 971 τοῦ
2520 918 2697 989 ὄφεως
2734 922 2879 983 ἴασις
2917 921 3163 989 ἐγίγνετο
3195 922 3309 983 τοῖς
3331 918 3705 989 δεδηγμένοις,

2108 1009 2280 1075 οὕτως
2311 1010 2403 1063 ἐπὶ
2443 1014 2509 1082 τῇ
2570 1011 2663 1063 τοῦ
2696 1012 2933 1083 Χριστοῦ
2969 1010 3273 1084 σταυρώσει
3306 1010 3489 1080 λύτρα
3527 1011 3702 1078 γέγονε

2107 1105 2225 1166 ταῖς
2270 1104 2426 1173 ἡμῶν
2493 1102 2695 1173 ψυχαῖς
2748 1106 2857 1159 ἀπὸ
2910 1105 3021 1157 τῶν
3089 1105 3147 1157 ὲν
3202 1106 3337 1174 ἡμῖν
3395 1102 3703 1171 γενομένω.-

2106 1191 2398 1262 δηγμάτων
2442 1193 2540 1263 τῆς
2576 1194 2869 1265 ἁμαρτίας.
2902 1195 3133 1265 Φέρουσι
3174 1194 3230 1247 δὲ
3266 1194 3367 1247 καὶ
3398 1190 3538 1246 αὐτὸ
3564 1191 3704 1243 τοῦτο

2104 1283 2167 1337 τὸ
2194 1283 2353 1355 ῥητὸν
2392 1285 2530 1357 πρὸς
2568 1286 2877 1359 μαρτύρίαν
2909 1289 2956 1339 οἱ
2986 1286 3139 1339 αὐτοὶ
3170 1286 3453 1355 λέγοντες,
3489 1286 3572 1336 ὅτι
3602 1286 3695 1351 Οἱ(

2104 1379 2256 1448 ὁρᾷς,
2323 1379 2399 1443 ὡς
2455 1375 2606 1432 εἶπεν
2669 1382 2697 1433 6
2761 1380 2975 1451 Σωτὴρ,
3037 1383 3140 1433 Ὃν
3199 1381 3435 1447 τρόπον
3508 1378 3689 1445 {rgum

2106 1468 2373 1539 Μωῢσῆς
2410 1471 2517 1524 τὸν
2544 1471 2683 1541 ὄφιν
2720 1472 2789 1525 ἐν
2818 1472 2888 1540 τῇ
2908 1472 3124 1541 ἐρήμῳ,
3152 1472 3353 1536 οὕτως
3389 1470 3685 1539 ὑψωθῆναι

2104 1556 2200 1609 δεῖ
2230 1558 2339 1611 τὸν
2379 1558 2517 1613 Υἱὸν
2554 1560 2660 1614 τοῦ
2710 1561 3061 1629 ἀνθρώττυω
3088 1561 3197 1614 Καὶ
3230 1560 3320 1613 διὰ
3341 1559 3509 1612 τοῦτο
3538 1562 3621 1611 καὶ
3642 1563 3685 1611 ἐν

2105 1649 2247 1721 ἄλλῳ
2267 1651 2436 1722 τόπῳ,
2478 1651 2633 1721 φασὶ,
2667 1653 2813 1722 λέγει
2843 1654 2861 1684 ⁵
2886 1695 2901 1717 ,
2935 1655 3014 1706 ὅτι
3051 1654 3307 1707 Γίνεσθε
3334 1653 3685 1721 φρόνιμοίῶς

408 1746 555 1792 runt.
588 1736 777 1794 Nonne
802 1739 974 1811 vides,
1008 1742 1283 1811 inquiunt,
1310 1742 1381 1794 ita
1427 1741 1810 1811 pronuntiasse
1839 1739 1978 1795 Chri

2094 1743 2136 1830 .6
2176 1740 2331 1810 ὄφις,
2404 1743 2503 1799 καὶ
2555 1743 2819 1812 ἀκέραιοι
2856 1744 2936 1811 ὠς
2975 1746 3343 1813 περιστεραί.
3378 1743 3495 1796 Καὶ
3534 1744 3596 1795 τὸ.
3623 1746 3681 1803 εξ

408 1840 553 1886 stum
595 1835 744 1898 τρυο
782 1832 937 1887 modo
970 1836 1220 1889 exultavit
1255 1834 1464 1904 Moyses
1510 1841 1799 1904 serpentem
1829 1834 1882 1887 in
1906 1832 2000 1886 de-

406 1937 570 1990 serto,
630 1924 707 1977 ita
749 1925 981 1978 exaltari
1028 1936 1229 1995 oportet
1292 1926 1493 1981 Filium
1540 1928 1766 1981 hominis
1798 1927 2004 1996 ?§.Pro-

407 2026 592 2086 pterea
620 2026 673 2072 et
723 2017 831 2072 alio
878 2019 999 2073 loco
1037 2019 1118 2074 sic
1150 2019 1393 2089 praecipit
1432 2039 1443 2073 :
1478 2018 1661 2073 Estote
1714 2018 1997 2087 prudentes

2104 1829 2347 1901 σύμϐολα
2391 1832 2739 1897 διδασκαλίας
2796 1836 2861 1885 ὲκ
2922 1833 3056 1886 θεοῦ
3123 1834 3307 1896 καλῶς
3368 1834 3680 1902 τεταγμένα.

2108 1915 2257 1976 οῦτοι
2332 1925 2411 1987 εἰς
2466 1924 2564 1997 τὴν
2626 1924 2833 1979 ἑαυτῶν
2891 1927 3132 1979 ἐπίνοιαν
3195 1927 3297 1999 τὴν
3340 1927 3683 1997 ἠπατημέιην

2109 2032 2387 2087 φερουσιν.

408 2119 462 2162 ut
492 2117 774 2179 serpentes,
807 2110 1134 2179 etsimplices
1165 2112 1300 2164 sicut
1335 2110 1590 2165 columba:
1625 2113 1667 2163 ³.
1704 2108 1794 2165 Sic
1830 2110 1998 2181 igitur
2035 2110 2123 2166 isti
2156 2126 2295 2181 quas
2325 2110 2593 2181 imagines
2623 2125 2687 2165 ac
2713 2112 2869 2183 signa
2902 2112 3181 2167 caelestem
3253 2112 3327 2166 ad
3391 2112 3676 2167 doctrinam

408 2203 666 2271 praeclare
696 2201 837 2258 Deus
870 2202 1171 2269 transtulit,
1193 2219 1256 2257 ea
1296 2203 1363 2257 ad
1399 2204 1713 2274 dogmatum
1757 2218 1984 2259 suorum
2026 2202 2319 2260 falsitatem
2385 2203 2738 2257 assercndam
2775 2204 3118 2275 impudenter
3146 2205 3590 2259 accommodant.

479 2296 612 2350 \’lll.
646 2296 926 2367 Siquidem
976 2296 1137 2353 Jesus
1187 2297 1441 2353 Christus
1487 2298 1747 2355 Dominus
1782 2306 1991 2362 noster,

405 2386 658 2457 idemque
691 2387 830 2443 Deus
868 2386 1130 2452 Verbum,
1164 2404 1194 2443 a
1224 2388 1383 2446 Patre
1411 2401 1536 2446 ante
1570 2392 1769 2447 scecula
1809 2394 1993 2448 omnia

404 2480 522 2533 sine
558 2478 829 2549 principio
869 2494 933 2533 ac
955 2487 1198 2549 tempore
1232 2481 1344 2535 ullo
1372 2482 1610 2553 genitus,
1645 2498 1989 2554 nequaquam

406 2578 491 2625 est
518 2587 768 2641 serpens,
805 2571 994 2643 procul
1018 2572 1161 2627 absit
1191 2573 1337 2627 utita
1362 2575 1686 2641 sentiamus,
1731 2576 1825 2631 sed
1859 2591 1992 2631 cun-

404 2677 484 2719 tra
529 2674 838 2736 serpentem
894 2663 1134 2720 advenit.
1174 2665 1277 2732 Qui
1314 2667 1360 2721 si
1388 2667 1716 2738 quandoque
1742 2668 1943 2724 dixerit
1976 2684 1987 2719 :

403 2758 585 2813 Estote
608 2757 889 2827 prudentes
925 2769 981 2811 ut
1023 2770 1307 2827 serpentes,
1339 2769 1387 2813 et
1422 2760 1686 2829 simplices
1728 2761 1865 2814 sicut
1898 2777 1987 2814 co-

402 2850 613 2914 lumba’,
647 2850 776 2904 illud
798 2851 1138 2920 interrogare
1164 2836 1286 2915 nos,
1311 2866 1374 2907 ac
1392 2868 1721 2923 cognoscere
1748 2868 1846 2924 par
1879 2860 1983 2917 est,

401 2960 501 2997 cur
520 2944 610 2996 illa
637 2942 768 3008 duo,
791 2943 1101 2997 columbam
1134 2943 1344 2999 scilicet
1373 2960 1437 2999 ac
1469 2954 1797 3017 serpentem,
1826 2946 1986 3002 nobis

401 3034 719 3089 erudiendis
754 3034 1117 3104 proposuerit.
1169 3033 1389 3089 Nullum
1421 3037 1565 3091 enim
1607 3037 1662 3091 in
1707 3043 1982 3106 serpente,

402 3135 600 3197 praeter
626 3126 825 3197 duplex
874 3125 1029 3193 illud,
1064 3126 1368 3196 prudentia:
1395 3129 1672 3198 specimen
1712 3138 1937 3201 apparet
1972 3146 1983 3181 :

400 3220 636 3289 primum
688 3218 834 3289 quod
887 3220 1160 3289 appetitus
1187 3221 1255 3273 ab
1306 3220 1511 3291 aliquo,
1547 3235 1673 3275 cum
1717 3221 1772 3275 in
1812 3220 1991 3291 capite

398 3311 565 3364 vitam
615 3325 834 3365 onmem
906 3325 1064 3365 suam
1110 3309 1351 3365 residere
1396 3312 1617 3375 sentiat,
1647 3312 1797 3367 velut
1820 3312 1991 3368 inter-

398 3400 606 3455 dictum
644 3400 777 3454 illud
830 3400 1059 3467 veritus,
1096 3400 1241 3470 quod
1291 3408 1514 3471 propter
1540 3401 1815 3458 hominem
1845 3401 1990 3458 Deus

400 3493 529 3547 olim
558 3492 615 3547 in
649 3507 770 3548 sese
795 3492 1170 3563 pronuntiavit
1196 3511 1209 3547 :
1235 3492 1409 3565 Caput
1437 3493 1502 3549 ab
1537 3493 1655 3564 ipso
1690 3494 1987 3560 custodies,

400 3586 490 3640 ille
520 3601 551 3639 a
576 3592 629 3640 te
647 3585 963 3639 calcaneum
993 3585 1013 3615 ³
1042 3603 1055 3639 :
1088 3592 1202 3639 toto
1230 3584 1284 3638 in
1313 3592 1478 3655 caput
1512 3584 1839 3656 complicato
1873 3599 1989 3639 coro

401 3692 554 3748 pore,
597 3675 839 3747 illudque
884 3685 1172 3748 protegens
1210 3685 1265 3733 et
1302 3677 1607 3745 occultans,
1636 3692 1849 3732 summa
1879 3678 1990 3731 cal-

404 3768 613 3824 liditate
646 3769 917 3839 reliquum
952 3783 1154 3839 corpus
1196 3768 1441 3839 opponit.
1481 3769 1573 3824 Sic
1619 3785 1719 3827 nos
1752 3771 1988 3841 unigena

401 3860 494 3916 Dei
544 3859 716 3917 Filius
764 3875 794 3915 a
838 3859 1001 3917 Patre
1057 3876 1408 3933 progressus,
1461 3860 1577 3917 sive
1623 3861 1779 3917 hoste
1802 3876 1987 3931 perst.k

396 3963 621 4026 quente,
675 3956 813 4021 sive,
864 3954 1060 4025 quavis
1116 3954 1408 4027 ingruente
1462 3953 1795 4018 calamitate,
1830 3951 1986 4022 jubet

397 4059 583 4103 nostra
611 4048 796 4103 omnia
828 4046 973 4104 ferro
1026 4062 1091 4103 ac
1123 4046 1357 4103 ﬂammis
1387 4048 1987 4118 exponere,solumque

400 4143 567 4196 tutari
612 4148 797 4212 caput,
856 4140 960 4196 hoc
990 4148 1074 4197 est
1121 4141 1347 4196 minime
1384 4141 1656 4211 abnegare
1678 4139 1981 4196 Christum.

292 4223 299 4230 ’
398 4234 668 4301 Quoniam
700 4242 865 4305 caput
908 4233 1090 4289 omnis
1120 4231 1222 4287 viri
1270 4242 1352 4288 est
1382 4233 1657 4299 Christus,
1690 4233 1775 4287 vir
1800 4241 1982 4287 autem

396 4325 642 4382 mulieris
703 4333 867 4396 caput
920 4333 1027 4389 est,
1081 4331 1246 4395 caput
1293 4337 1423 4378 vero
1469 4323 1676 4379 Christi
1718 4323 1884 4389 Deus,
1922 4329 1981 4377 ut

395 4418 690 4489 Apostolus
743 4418 985 4487 loquitur
1016 4417 1058 4472 ⁸.
1090 4415 1238 4472 Inest
1282 4430 1409 4471 vere
1442 4426 1494 4470 et
1521 4415 1755 4470 alterum
1785 4416 1841 4470 in
1870 4430 1981 4471 ser-

394 4521 554 4583 pente
586 4511 891 4583 prudentiae
925 4526 1119 4582 genus,
1153 4517 1214 4565 ut
1245 4510 1312 4565 de
1334 4524 1401 4565 eo
1434 4508 1738 4580 physi010gi
1779 4514 1978 4563 testan-

395 4617 505 4663 tur.
538 4605 675 4663 Cum
712 4607 859 4662 enim
906 4621 938 4661 e
983 4619 1148 4661 cavea
1183 4603 1378 4659 sitiens
1417 4604 1483 4657 ad
1515 4618 1712 4673 aquam
1756 4601 1979 4658 bibendi

393 4699 567 4767 gratia
621 4698 885 4770 prorepit,
928 4698 1080 4753 virus
1128 4712 1313 4752 secum
1352 4710 1458 4749 non
1488 4694 1651 4765 275
1681 4691 1856 4760 eﬂ‘ert,
1884 4693 1977 4749 sed

393 4789 620 4845 latibulo
647 4788 902 4860 relinquit
926 4806 942 4851 ς
974 4789 1159 4859 itaque
1184 4787 1250 4842 ad
1282 4794 1469 4857 potum
1498 4785 1797 4856 egreditur.

465 4882 623 4948 Quod
654 4882 871 4953 quidem
925 4882 1084 4937 nobis
1128 4879 1455 4935 imitandum
1500 4878 1825 4949 proponitur
1868 4895 1882 4931 :
1926 4884 1984 4931 ut

394 4991 518 5031 cum
557 4974 625 5028 ad
679 4983 925 5031 sanctam
962 4974 1057 5048 Dei
1095 4973 1400 5030 Ecclesiam
1442 4970 1637 5027 orandi
1670 4970 1866 5041 gratia,
1897 4970 1982 5025 vel

396 5068 463 5123 ad
495 5065 815 5136 hsurpanda
897 5065 993 5121 Dei
1048 5068 1309 5137 mysteria
1356 5064 1737 5126 convenimus,
1769 5062 1979 5117 nullum

397 5159 685 5215 nobiscum
728 5158 932 5225 scelus,
975 5159 1307 5228 voluptatem
1356 5157 1584 5221 nullam,
1637 5155 1816 5211 nullas
1850 5169 1973 5209 cum

393 5266 666 5325 quoquam
700 5251 1025 5312 simultates.
1060 5250 1271 5305 nullum
1300 5250 1536 5321 denique
1570 5249 1624 5303 in
1650 5248 1849 5303 animis
1877 5262 1976 5302 no-

2066 2934 2067 2937 6
2096 2947 2292 3018 ήγαγε,
2344 2948 2443 3017 τῆς
2482 2962 2541 2999 τε
2579 2947 2910 3017 περιστερᾶς
2940 2945 3034 2997 καὶ
3063 2942 3157 2995 τοῦ
3186 2943 3382 3010 ὅψεως.
3428 2942 3589 2993 Οὖξέν

2175 2300 2257 2353 H’.
2297 2296 2355 2353 Ὀ
2382 2299 2491 2371 γὰρ
2526 2298 2724 2370 Κύριος
2742 2300 2900 2370 ἡμῶν
2935 2301 3138 2371 Ἰησοῦς
3169 2302 3409 2371 Χριστὸς
3444 2302 3538 2354 καὶ
3566 2300 3676 2361 Θεὸς

2102 2390 2294 2459 Λόγος,
2327 2392 2354 2443 6
2380 2392 2445 2443 ὲκ
2477 2390 2691 2462 Πατρὺς
2733 2392 2839 2464 πρὸ
2884 2392 3102 2445 πάντων
3127 2392 3236 2444 τῶν
3275 2393 3497 2445 αίὼνων
3532 2394 3674 2461 ἀνάρ-

2100 2490 2209 2555 χωζ
2246 2484 2341 2539 καὶ
2388 2484 2635 2557 ἁχρὸνως
2659 2483 2964 2555 γεννηθεὶς,
3014 2484 3114 2535 οὐκ
3145 2484 3291 2551 ὄφις,
3344 2484 3421 2554 μὴ
3454 2484 3667 2550 γένοιτιῖ

2099 2576 2234 2629 ἀλλὰ
2277 2576 2421 2630 κατὰ
2449 2576 2541 2630 τοῦ
2608 2578 2785 2647 ὄφεως
2842 2576 3005 2639 αὐτὸς
3037 2570 3221 2645 ἦλθεν.
3270 2575 3399 2626 Ἐὰν
3442 2575 3499 2627 δὲ
3544 2575 3667 2645 εἴπῃ.

2100 2668 2356 2721 Γίνεσθε
2393 2668 2669 2737 φρόνιμοι
2718 2668 2799 2732 ὠς
2835 2671 2868 2721 ό
2913 2666 3067 2736 ὄφις,
3100 2665 3198 2718 καὶ
3226 2664 3496 2733 ἀκέραιοι
3527 2666 3599 2728 ὡς
3623 2668 3669 2715 at

2094 2760 2437 2827 περιστεραί
2456 2776 2469 2789 ο
2516 2758 2596 2811 δεῖ
2634 2761 2783 2830 ἡμᾶς
2813 2760 3024 2832 ἐρωτᾷν
3058 2759 3151 2812 καὶ
3187 2757 3507 2826 γινώσκειν,
3529 2756 3609 2808 διὰ
3628 2758 3667 2806 τί

2094 2853 2161 2907 τὰ
2191 2854 2284 2907 δύο
2312 2852 2483 2908 ταῦτα
2513 2852 2783 2924 πρόσωπα
2812 2854 2941 2923 ἡμῖν
2967 2852 3047 2915 εἰς
3085 2850 3445 2904 διδασκαλίαν
3468 2866 3665 2919 παρειςο

3625 2941 3661 2967 Ἀ

2094 3041 2151 3093 ὲν
2190 3039 2266 3110 τῷ
2295 3040 2417 3108 ὄφει
2448 3039 2709 3109 φρόνιμον
2754 3038 2894 3109 πλὴν
2928 3035 3021 3089 δύο
3056 3035 3263 3089 τούτων
3285 3051 3300 3065 ⁸
3361 3036 3449 3086 ὅτι
3498 3036 3553 3087 ἐν
3607 3032 3655 3101 ts;

2092 3129 2381 3183 διώκεσθαι
2410 3127 2716 3198 γινώσκων,
2752 3128 2833 3181 ὃτι
2864 3128 2920 3179 ἐν
2943 3129 3009 3197 τῇ
3031 3124 3240 3195 κεφαλῇ
3276 3122 3448 3177 αὐτοῦ
3480 3126 3513 3193 ἡ
3541 3125 3659 3174 πίςι

2093 3223 2208 3293 ζωὴ
2241 3221 2409 3275 αὐτοῦ
2440 3221 2718 3291 τυγχάνει.
2749 3219 2844 3273 καὶ
2887 3217 3073 3281 δεδιὼς
3103 3218 3202 3287 τὴν
3236 3216 3522 3286 ἁνωτέραν
3554 3216 3658 3284 ty);

2093 3314 2254 3371 αὑτὸν
2319 3314 2619 3385 εἰρημένην
2670 3313 2777 3366 ἀπὸ
2831 3311 2925 3365 τοῦ
2957 3309 3093 3364 Θεοῦ
3138 3310 3227 3362 διὰ
3261 3308 3647 3375 τὸν.ᾰνθρωτ”ι

2092 3404 2431 3478 προσταγὴν,
2466 3405 2548 3458 ὅτι
2588 3402 2848 3469 Φυλάξεις
2881 3400 3047 3455 αὑτοῦ
3101 3400 3365 3471 κεφαλὴν,
3424 3400 3578 3460 αὐτὸς
3611 3398 3651 3449 δέ
3714 3418 3715 3425 η

2093 3476 2185 3551 σου
2217 3498 2481 3569 πτέρνανο
2513 3496 2634 3550 ὅλον
2662 3496 2720 3548 τὸ
2747 3494 2905 3565 σῶμα
2935 3493 3223 3563 ἐνειλήςας
3254 3493 3348 3544 ἐπὶ
3366 3490 3487 3571 ,τὴν
3512 3506 3650 3556 uasa.
3710 3476 3713 3559 ξ

2091 3588 2186 3661 λὴν
2211 3589 2398 3651 αὐτοῦ,
2424 3586 2658 3660 κρύπτει
2714 3586 2813 3658 μὲν
2842 3586 2901 3640 τὸ
2939 3586 3167 3657 κρανίον
3193 3582 3416 3645 ἑαυτοῦ,
3459 3580 3649 3651 παραεί-

2089 3682 2219 3735 δωσι
2251 3682 2383 3735 δὲτὸ
2413 3681 2540 3737 ἄλλο
2564 3680 2725 3751 σῶμα
2756 3680 2813 3732 ὲν
2836 3678 3111 3751 ὑπερϐολῇ
3136 3677 3501 3747 πανουργίας.
3526 3674 3643 3726 Οὖτιπ.

2090 3774 2233 3828 Οὲλει
2272 3776 2419 3846 ἡμᾶς
2450 3776 2479 3828 6
2511 3772 2803 3845 μονογενὴς
2832 3772 2961 3836 Θεὸς
2995 3774 3022 3825 6
3051 3774 3116 3825 ἐκ
3146 3770 3363 3839 Harpe;
3407 3766 3641 3840 προελϐὼ

2088 3869 2145 3920 ἐν
2170 3866 2347 3938 καιρῷ
2378 3866 2621 3937 διωγμοῦ
2657 3865 2751 3918 καὶ
2783 3866 2839 3917 ὲν
2861 3863 3039 3936 καιρῷ
3062 3859 3376 3932 πειρασμοῦ
3404 3861 3471 3912 τὰ
3503 3862 3640 3910 πάνυ

2088 3958 2245 4031 ἡμῶν
2275 3954 2627 4030 παραδιδόναι
2664 3956 2912 4028 μαχαίρᾳ
2964 3972 3023 4007 τε
3056 3954 3151 4007 καὶ
3198 3952 3357 4020 πυρὶ,
3393 3950 3637 4020 φυλάττειν

2086 4052 2143 4105 δὲ
2177 4049 2385 4104 ἑαυτῶν
2417 4050 2516 4121 τὴν
2546 4047 2811 4119 κεφαλὴν,
2846 4047 3093 4100 τουτέστι
3122 4046 3359 4117 Χριστὸν
3404 4044 3479 4115 μὴ
3504 4042 3635 4111 ἀρνεῖ-

2088 4142 2231 4199 σθαι.
2279 4140 2607 4213 Ἐπειδὴπερ
2638 4141 2847 4210 κεφαλὴ
2872 4138 3071 4202 παντὸς
3099 4138 3393 4209 ανθρώπου
3424 4133 3632 4206 Χριστὸς.

2087 4230 2299 4302 κεφαλὴ
2322 4231 2377 4284 δὲ
2392 4229 2647 4297 γυναικὸς
2678 4232 2705 4283 6
2730 4230 2888 4300 ἀνὴρ,
2913 4227 3123 4298 κεφαλὴ
3138 4228 3194 4279 δὲ
3212 4224 3448 4297 Χριστοῦ
3476 4222 3630 4281 6836;.

2088 4324 2227 4378 κατὰ
2260 4323 2348 4376 τὸν
2378 4324 2715 4376 Ἀπόστολον.
2749 4322 2977 4391 Ἕτερον
3006 4320 3166 4373 πάλιν
3192 4320 3303 4389 ἔχει
3336 4316 3631 4389 φρονιμω-

3708 3596 3709 3625 ι

3706 3656 3707 3691 ι

3701 3712 3705 3825 ll

3697 3910 3699 3959 Α

3694 3968 3697 4025 l

2085 4436 2177 4472 τον
2208 4418 2319 4488 (47)
2361 4419 2389 4470 6
2428 4417 2568 4485 ὄφις,
2604 4416 2678 4480 ῶς
2710 4434 2871 4486 φασιν
2909 4417 2957 4468 οἱ
2993 4413 3300 4484 φυσιολόγοι
3335 4412 3461 4482 περὶ
3478 4408 3623 4461 τοᾷ-ες.

2084 4509 2177 4563 τοῦ
2221 4508 2381 4574 ζῶον.
2420 4508 2591 4563 ’Όταν
2617 4508 2727 4579 γὰρ
2758 4506 2988 4578 διψήσας
3022 4504 3131 4559 ἀπὸ
3167 4503 3263 4555 τοῦ
3298 4500 3497 4571 (ξωλεοῦ
3527 4512 3625 4566 πρε-

2086 4602 2229 4656 ἐλοοι
2263 4602 2354 4655 ὲπί
2376 4619 2427 4654 τι
2464 4600 2609 4672 ὕδωρ
2644 4601 2731 4652 ἵνα
2770 4599 2890 4669 πίῃ.
2916 4597 2976 4650 οὐ
3004 4592 3526 4667 συμπαραλαμῦἁνει
3561 4586 3623 4638 τὶν

2090 4693 2167 4746 ἰὸν
2203 4691 2322 4762 μεθ’
2359 4688 2573 4753 ἑαυτοῦ,
2603 4688 2738 4741 ἀλλὰ
2791 4689 2848 4740 ἐν
2887 4685 2965 4756 τῷ
3012 4684 3205 4755 φωλεῷ
3244 4678 3618 4751 καταλιμπέιεγ

2090 4782 2185 4835 καὶ
2218 4781 2391 4845 οὕτως
2419 4779 2588 4833 ἐλθὼν
2617 4778 2886 4850 λαμϐάνει
2917 4776 3157 4845 τὸπὸμα
3191 4775 3296 4827 τῶν
3318 4773 3527 4826 ὑδάτων.

2155 4876 2265 4929 Καὶ
2286 4874 2439 4929 αὐτοὶ
2464 4868 2556 4927 οῦν
2586 4871 2745 4925 τοῦτο
2782 4867 3177 4942 μιμησώμεθα,
3217 4867 3321 4927 ἵνα.
3350 4867 3471 4918 ὅταν
3493 4862 3616 4931 ἔργον

2089 4967 2228 5040 μεθα
2254 4968 2346 5020 ἐπὶ
2383 4967 2481 5039 τὴν
2529 4965 2688 5034 ἁγίαν
2718 4964 2810 5017 τοῦ
2846 4961 2983 5016 Θεοῦ
3034 4960 3379 5031 Ἐκκλησίαν,
3406 4958 3436 5027 ᾖ
3465 4958 3529 5016 εἰς
3554 4950 3613 5001 εὖ·

2080 5060 2201 5132 χὴν,
2238 5060 2271 5130 ἢ
2304 5062 2380 5124 είς
2405 5060 2474 5112 τὰ
2514 5058 2609 5112 τοῦ
2650 5057 2786 5111 Θεοῦ
2816 5056 3112 5127 μυστήρια,
3149 5053 3223 5124 μὴ
3270 5051 3507 5121 φέρωμεν
3528 5040 3611 5115 μέθ’

2077 5152 2288 5207 ἑαυτῶν
2321 5152 2540 5219 κακίαν,
2572 5151 2604 5222 ἢ
2655 5150 2868 5221 ἡδονὴν,
2916 5148 2949 5218 ἢ
2995 5146 3216 5219 ἔχθραν,
3250 5146 3363 5215 ﬁt:
3395 5144 3549 5209 {rapat
3572 5142 3607 5185 ι.

2074 5250 2194 5310 ταῖς
2224 5245 2484 5309 διανοίαις
2514 5243 2715 5299 αὐτῶν.
2756 5242 2909 5296 Ἐπεὶ
2939 5242 3055 5304 πῶς
3083 5239 3149 5293 ἂν
3184 5238 3392 5309 ἔχωμεν
3426 5227 3605 5287 Earini»;

512 5412 672 5469 Joan.
703 5428 785 5479 ιιι,
817 5412 904 5467 14.
983 5414 1003 5443 ⁸
1034 5410 1226 5466 Matth.
1260 5410 1432 5477 x,16.
1509 5412 1529 5441 ³
1557 5409 1693 5465 Gen.
1726 5424 1814 5474 ιιι,
1856 5408 1943 5463 16.

2118 5410 2245 5463 Cor.
2273 5423 2352 5473 χι,
2382 5409 2463 5464 15.
2546 5408 2568 5439 ⁵
2606 5425 2695 5478 γρ.
2732 5406 2879 5476 λέγει
2912 5403 3093 5473 φασίν.

466 5574 576 5643 (47)
618 5574 862 5641 ’Ἕτερον
896 5572 1082 5627 πάλιν
1104 5571 1245 5643 γέχει
1281 5568 1745 5643 φρονιμὼτητος.
1772 5565 1961 5621 Ambr.

393 5639 568 5699 serm.
611 5646 665 5699 in
705 5639 803 5714 fer.
849 5660 886 5698 ιι
933 5650 1055 5714 post
1100 5642 1256 5696 Dom.
1290 5659 1305 5694 ι
1336 5639 1514 5714 Quod.
1549 5640 1805 5714 :Serpens
1846 5655 1963 5690 cum

393 5717 585 5771 venerit
610 5717 678 5771 ad
705 5709 983 5784 bibent/um
1020 5730 1233 5784 aquam,
1260 5712 1570 5782 priusquam
1606 5709 1770 5777 bibat,
1811 5719 1963 5765 extra

2074 5566 2277 5635 fontem
2315 5566 2510 5621 evomit
2535 5583 2785 5621 venenum
2812 5582 2989 5630 suum,
3020 5577 3069 5620 et
3093 5577 3272 5635 postea
3306 5562 3449 5615 bibit.
3468 5554 3545 5637 ita
3568 5560 3601 5602 at

2074 5629 2167 5691 nos
2200 5638 2412 5707 quando
2436 5636 2503 5690 ad
2536 5638 2706 5693 altare
2733 5638 2826 5691 Dei
2860 5629 3302 5691 communicatum
3336 5629 3595 5684 accedimus.

2072 5708 2394 5776 deponamus
2432 5724 2679 5764 venenum
2720 5725 3028 5777 pessimum.
3057 5719 3166 5766 etc.
