3768 6182
139 297 243 356 653

732 290 1112 350 'ADVERSUS
1151 287 1497 347 HERESES
1535 286 1665 344 LIB.
1707 287 1744 344 I.
1788 285 1954 344 TOM.
1989 284 2081 341 lll.
2121 317 2194 329 —
2231 283 2510 343 HERES.
2551 277 2837 345 XXXVIII.

3318 286 3427 342 ΟΜ

140 413 232 469 καὶ
259 413 360 485 τὴν
398 409 730 484 περιστερὰν
763 410 1132 481 μιμήσασθαι,
1165 410 1240 481 μὴ
1267 409 1426 472 ὲκτὺς
1449 406 1730 477 γενόμενοι

1901 404 1969 459 ris
2042 403 2410 474 improbitatis
2463 402 2758 474 vestigium
2834 401 3146 458 efferamus.
3209 402 3430 472 Alioqui

139 505 331 569 κακίας
352 525 365 569 ;
399 505 574 559 καίτοι
597 521 660 574 γε
697 503 791 556 τοῦ
818 502 1009 570 γένους
1033 501 1134 571 τῆς
1156 501 1484 572 περιστερᾶς
1507 502 1564 552 έν
1595 497 1733 550 πολ“

138 600 247 663 λοίς
271 598 592 672 πράγμασιν
644 598 744 650 οὐκ
788 595 1204 665 ἐπαινουμένου.
1267 592 1589 646 Ἀκόλαστον
1625 589 1734 662 γὰρ

138 689 296 757 γένος
339 689 692 760 περιστερᾶς,
739 687 833 740 καὶ
877 683 1204 754 πολυμιξίας
1245 683 1321 754 μὴ
1357 680 1734 752 ἀνακοπτόμε-

144 797 253 841 νον,
283 780 477 847 λάγνον
519 796 578 830 τε
628 777 724 830 καλ.
754 776 874 830 καθ’
910 774 1060 847 ὥραν
1098 774 1259 845 ἡδτινῇ
1299 773 1736 844 προσανακείμε-

149 889 254 925 δον.
302 871 443 943 Πρὸς
470 871 526 923 δὲ
562 869 770 934 τούτοις
804 869 991 923 ἄτονον
1023 869 1117 921 καὶ
1161 865 1412 938 βληχρόν.
1447 863 1544 918 Διά
1589 864 1646 918 δὲ
1674 866 1734 918 τὸ

148 963 468 1019 ἱκακονκαὶ
505 961 864 1034 μακροθυμον
909 962 1002 1014 καὶ
1037 958 1417 1030 άμνησίκακον
1441 956 1535 1010 τοῦ
1569 955 1729 1022 ζὼου,

137 1057 224 1110 ἔτι
260 1053 365 1127 μὴν
394 1057 487 1108 καὶ
512 1055 598 1109 διὰ
631 1054 693 1107 τὸ
743 1055 800 1106 ὲν
831 1053 961 1106 εἴδει
1007 1050 1337 1123 περιστερᾶς
1375 1048 1645 1119 πεφάνθαι
1675 1047 1734 1102 τὸ

139 1148 300 1215 ἆγιον
353 1144 599 1217 Πνεῦμα,
638 1145 999 1221 μιμήσασθαι.
1025 1145 1173 1216 ἡμᾶς
1217 1141 1464 1214 βούλεται
1509 1144 1538 1195 ὁ
1591 1141 1734 1206 θεῖος

137 1239 302 1307 λόγος
339 1239 433 1294 τοῦ
487 1238 643 1308 ἁγίου
679 1239 996 1309 Πνεύματος
1039 1237 1138 1310 τὴν
1189 1236 1463 1308 βούλησιν,
1507 1236 1602 1290 καὶ
1633 1235 1733 1306 τῆς

140 1332 358 1386 ἀκάκου
413 1332 743 1402 περιστερᾶς
788 1329 886 1400 τὴν
926 1328 1182 1392 ἀκακίαν,
1231 1327 1392 1392 ὄντας
1439 1325 1538 1398 μὲν
1582 1329 1732 1399 ἡμᾶς

141 1423 446 1495 φρονίμους
484 1424 564 1485 είς
594 1422 655 1474 τὸ
686 1418 910 1489 ἀγαθὸν,
935 1418 1227 1488 ἀκεραίους
1259 1415 1315 1470 δὲ
1341 1417 1421 1480 εἰς
1450 1416 1510 1470 τὺ
1538 1416 1729 1471 κακόν.

139 1521 260 1574 Καὶ
297 1519 515 1573 λέλυται
559 1519 593 1589 ἡ
633 1517 837 1570 τούτων
884 1515 1033 1568 πᾶσα
1073 1511 1508 1586 δραματουργία.
1554 1511 1732 1577 Εὐθὺς

139 1614 258 1684 γὰρ
295 1614 322 1666 ὁ
348 1612 500 1680 ἀγιος
541 1609 862 1672 Ἀπὸστολος
887 1607 949 1661 τὸ
978 1606 1284 1678 πανοῦργον
1314 1606 1408 1658 καὶ
1447 1601 1732 1658 ἐπίϐουλον

138 1705 247 1774 οὐχ
270 1703 510 1776 ὁρίζεται
541 1699 968 1772 περισσοτέρως,
1011 1696 1150 1750 ἀλλὰ
1189 1696 1328 1750 κατά
1361 1695 1454 1750 τοῦ
1484 1696 1730 1750 διαϐόλου

1843 495 2117 567 quomodo
2137 495 2446 550 columbam
2474 495 2837 561 imitabimur,
2866 496 2972 552 nisi
3006 495 3226 551 malitia:
3254 495 3429 550 simus

1841 594 2132 666 expertes?
2161 591 2484 663 Quanquam
2516 607 2689 664 genus
2725 591 2857 646 illud
2905 592 3086 646 avium
3135 606 3246 646 non
3279 591 3427 646 omni

1840 702 1907 741 ex
1956 695 2110 757 parte
2155 685 2432 739 laudabile
2463 684 2553 740 sit.
2588 684 2684 739 Est
2730 684 2876 738 enim
2916 685 3244 754 propensius
3272 682 3331 738 in
3364 681 3426 736 li-

1839 778 2102 844 bidinet‘n,
2127 793 2190 832 ac
2221 777 2368 832 coitu
2397 776 2739 847 frequentius
2759 776 2951 839 utitur,
2988 782 3175 845 utpote
3201 773 3426 829 salacis-

1841 872 2042 927 simum
2101 879 2152 925 et
2190 870 2579 940 voluptuosum
2629 870 2853 926 animal.
2904 869 3057 924 Adde
3091 868 3426 923 imbecillum

1839 970 1894 1017 et
1945 964 2223 1033 ignavum.
2278 961 2384 1018 Sed
2413 961 2557 1032 quod
2606 962 2745 1018 idem
2798 963 3022 1036 minime
3059 963 3301 1024 malum,
3328 975 3421 1030 pa-

1839 1055 2092 1136 tiensque
2123 1055 2216 1120 sit,
2248 1070 2347 1110 nec
2373 1055 2589 1125 injuria:
2615 1056 2941 1117 meminerit,
2972 1064 3085 1110 tum
3126 1069 3254 1109 vero
3281 1052 3425 1124 quod

1840 1144 2105 1200 columba:
2120 1146 2304 1215 specie
2318 1144 2554 1215 Spiritus
2576 1153 2803 1202 sanctus
2827 1144 3170 1217 apparuerit;
3191 1145 3426 1215 idipsum

1840 1236 1985 1306 quod
2023 1235 2250 1307 Spiritui
2281 1247 2474 1293 saneto
2505 1245 2718 1307 gratum
2752 1253 2816 1292 ac
2863 1236 3166 1306 jucundum
3205 1243 3309 1300 est,
3344 1235 3420 1289 in-

1839 1328 2090 1385 nocentis
2142 1329 2410 1384 columba:
2468 1330 2874 1401 simplicitatem
2929 1330 3131 1383 imitari
3181 1345 3282 1385 nos
3333 1327 3424 1384 Dei

1839 1418 2079 1477 Verbum
2119 1421 2425 1486 admonuit,
2463 1432 2522 1478 ut
2555 1423 2698 1495 quod
2726 1422 2794 1477 ad
2826 1423 3029 1478 bonum
3057 1423 3270 1488 attinet,
3297 1437 3426 1494 pru-

1838 1515 2029 1572 dentes
2055 1523 2108 1572 et
2131 1516 2338 1581 callidi,
2371 1517 2438 1571 ad
2480 1519 2684 1572 malum
2718 1533 2849 1573 vero
2882 1517 3158 1588 simplices
3189 1534 3310 1574 esse
3347 1516 3422 1571 vi-

1838 1607 2086 1664 deamur.
2115 1608 2232 1676 Qua
2255 1611 2468 1664 ratione
2502 1611 2682 1664 omnis
2705 1609 2922 1664 illorum
2951 1608 3285 1664 machinatio
3316 1609 3427 1664 dis-

1839 1701 2092 1756 solvitur.
2153 1699 2289 1754 Nam
2313 1711 2367 1756 et
2414 1701 2712 1771 Apostolus
2737 1703 3122 1757 veteratoriam
3161 1702 3427 1757 callidita-

142 1798 246 1850 καὶ
268 1795 361 1850 τοῦ
395 1797 591 1865 ὄφεως,
616 1794 790 1863 λέγων
814 1810 827 1823 ·
860 1792 1155 1862 Φοϐοῦμαι
1188 1790 1257 1844 δὲ
1297 1789 1382 1860 μή
1424 1805 1568 1857 πως,
1596 1791 1675 1856 ὡς
1705 1794 1738 1846 ό

1901 1806 1950 1845 m
1978 1800 2031 1846 et
2057 1791 2319 1845 malitiam
2353 1791 2809 1847 abundantiorem
2844 1792 2980 1847 nulli
3011 1807 3172 1863 quam
3210 1790 3429 1847 diabolo

143 1891 287 1959 ὄφις
340 1889 655 1956 ἠπάτησεν
697 1887 883 1949 Εὕαν,
923 1885 993 1938 ἐν
1034 1883 1110 1952 τῇ
1159 1885 1495 1953 πανουργίᾳ
1521 1883 1731 1949 αὑτοῦ,

141 1980 357 2050 φθαρῇ
379 1979 451 2034 τὰ
483 1980 752 2050 νοήματα
771 1974 940 2048 ὑμῶν
967 1976 1086 2031 ἀπὸ
1131 1975 1242 2043 τῆς
1273 1974 1615 2043 ἁπλότητος
1638 1976 1736 2028 καὶ

128 2073 394 2142 ’ἁγνείας
425 2071 682 2140 Χριστοῦ
713 2070 811 2124 καὶ
833 2069 1244 2135 δικαιοσύνης.
1289 2068 1471 2139 Ὁρᾷς,
1503 2066 1578 2131 ὼς
1615 2066 1737 2136 φθο-

147 2162 256 2233 ράν
292 2162 570 2234 ἀπέφηνεν
600 2165 628 2216 ὁ
673 2161 1017 2226 Ἀπόστολος,
1045 2162 1138 2215 καὶ
1169 2160 1503 2231 πανουργίαν
1533 2160 1734 2232 δεινὴν,

143 2255 248 2307 καὶ
275 2254 493 2324 ἀπάτην
548 2253 616 2307 τά
645 2253 749 2307 ὑπὸ
801 2253 895 2307 τοῦ
941 2253 1118 2323 ὄφεως
1169 2253 1306 2325 πρὸς
1339 2254 1438 2326 τὴν
1462 2253 1605 2309 Εὕαν
1636 2272 1729 2308 πει

144 2345 644 2417 πραγματευμένα,
669 2346 763 2399 καὶ
786 2345 887 2399 οὐκ
912 2345 1196 2399 ἐπαινετόν
1212 2361 1264 2398 τι
1281 2345 1432 2418 παρά
1453 2346 1546 2400 τού
1570 2345 1736 2400 αὐτοῦ

144 2437 520 2509 γεγενημένον
557 2437 802 2505 ὑπέδειξε
824 2455 840 2505 ;

217 2527 298 2582 Θθ.
333 2528 672 2600 Πανταχόθεν
688 2529 868 2582 τοίνυν
901 2530 1129 2600 φωρατὴ
1168 2532 1262 2584 καὶ
1295 2530 1574 2603 ἔκδηλοςὴ
1615 2533 1740 2585 τού-ο

143 2637 262 2673 των
289 2621 446 2675 ἄνοιά
465 2623 582 2674 ὲστι
611 2624 777 2676 παντὶ
825 2622 899 2694 τῷ
930 2623 1241 2694 βουλομένῳ
1283 2622 1482 2676 εἰδέναι
1515 2622 1613 2694 τὴν
1641 2623 1739 2694 τῆς

145 2712 411 2784 ἀληθείας
441 2713 810 2776 διδασκαλίαν,
841 2715 936 2767 καὶ
979 2713 1295 2784 Πνεύματος
1327 2713 1482 2782 ἁγίου
1514 2713 1736 2783 γνῶσιν.

148 2805 274 2860 Ἵνα
295 2805 355 2858 δὲ
393 2806 467 2877 μὴ
497 2805 773 2860 ἀναλίσκω
797 2805 1007 2876 χρόνον,
1041 2806 1135 2860 καὶ
1169 2806 1370 2877 ταύτην
1390 2806 1741 2878 διασεισάμε-

147 2915 241 2963 νος
273 2899 375 2969 τὴν
404 2898 646 2970 χαλεπὴν
676 2897 771 2950 καὶ
804 2897 1070 2952 δύσπλουν
1107 2897 1202 2950 τοῦ
1243 2897 1510 2966 πελάγους
1547 2898 1739 2971 ζάλην,

147 2991 245 3044 ἐπὶ
286 2989 389 3053 τάς
440 2987 632 3060 ἐτέρας
680 2987 998 3052 θαλαττίους
1041 2987 1400 3059 ποντοπορίας
1439 2987 1501 3042 τὸ
1537 2988 1743 3058 σκάφος

146 3081 470 3152 ὁπλίσομαι,
502 3079 777 3152 ἐπιμελῶς
801 3081 926 3144 τοὺς
956 3081 1189 3151 αὐχένας
1218 3077 1435 3152 κρατῶν
1461 3080 1519 3133 έν
1547 3082 1613 3152 τῇ
1647 3079 1740 3134 τοῦ

1845 1897 1908 1935 ac
1937 1883 2176 1952 serpenti
2223 1882 2415 1937 tribuit
2453 1882 2698 1949 :Timco,
2729 1884 2928 1954 inquit,
2952 1899 3014 1938 ne
3049 1883 3187 1937 sicut
3220 1897 3430 1951 serpens

1845 1975 2009 2031 Evam
2033 1975 2238 2031 seduxit
2261 1981 2461 2031 astutia
2499 1994 2620 2043 sua,
2669 1978 2742 2032 ita
2777 1986 3203 2049 corrumpantur
3248 1991 3430 2030 sensus

1845 2068 2018 2129 vestri,
2053 2077 2100 2121 et
2134 2065 2378 2121 excidant
2405 2085 2436 2122 a
2469 2069 2833 2137 simplicitate,
2865 2078 2926 2122 er
2943 2069 3189 2122 castitate
3234 2064 3430 2121 Christi

1844 2176 1906 2214 ac
1925 2159 2146 2228 justitia
2179 2159 2217 2212 ³.
2254 2159 2388 2215 Vide
2443 2169 2498 2214 ut
2529 2153 2648 2232 qtm
2681 2168 2876 2217 contra
2910 2161 3078 2216 Evam
3116 2175 3146 2214 a
3181 2169 3431 2230 serpente

1845 2259 2053 2308 structa
2079 2263 2228 2317 sunt,
2275 2253 2644 2322 corruptelam
2670 2266 2723 2308 et
2753 2254 3146 2324 nequissimam
3175 2253 3431 2308 astutiam

1846 2358 1910 2398 ac
1939 2342 2186 2398 fraudem
2219 2344 2516 2412 Apostolus
2539 2358 2663 2398 esse
2697 2344 3034 2419 pronuntiet,
3079 2359 3254 2412 neque
3275 2342 3434 2398 laude

1846 2435 2070 2504 dignum
2107 2435 2385 2504 quidpiam
2410 2435 2478 2489 ab
2518 2436 2612 2488 illo
2641 2444 3012 2506 perpetratum
3039 2435 3282 2490 deﬁrniat.

1917 2523 2007 2579 IX.
2036 2524 2304 2592 Quocirca
2337 2526 2487 2580 omni
2508 2542 2574 2580 ex
2601 2535 2756 2598 parte
2789 2527 3004 2581 illorum
3037 2527 3434 2600 constringitur

1847 2632 1910 2673 ac
1940 2619 2250 2673 declaratur
2283 2621 2518 2674 amentia
2541 2663 2556 2686 ,
2593 2621 2636 2676 si
2667 2621 2792 2691 quis
2819 2621 3066 2676 veritatis
3100 2623 3430 2680 doctrinam.

1848 2725 1913 2764 ac
1939 2710 2180 2781 Spiritus
2211 2711 2384 2766 sancti
2410 2713 2698 2766 scientiam
2732 2714 2860 2768 velit
2889 2714 3185 2783 percipere.
3226 2712 3334 2769 Sed
3367 2731 3435 2771 ne

1849 2808 2065 2868 tempus
2100 2802 2240 2856 ultra
2265 2811 2569 2869 conteram,
2604 2803 2708 2858 liac
2755 2805 2902 2858 velut
2952 2803 3155 2859 diflicili
3197 2820 3259 2860 ac
3289 2807 3436 2877 p:ri-

1849 2891 2037 2944 culosa
2077 2891 2249 2962 pelagi
2295 2901 2616 2964 tempestate
2665 2893 3008 2964 perfunctus,
3059 2897 3319 2968 scapham
3365 2897 3434 2952 ad

1849 2983 1986 3038 alios
2008 2984 2410 3054 navigationum
2437 3002 2633 3042 cursus
2662 2985 2973 3056 expediam:
2997 2989 3133 3044 adeo
3167 2999 3225 3044 ut
3251 2989 3434 3047 fauces

1850 3077 1996 3146 ipsas
2019 3075 2260 3132 studiose
2291 3085 2527 3145 teneam,
2559 3078 2740 3132 divina
2763 3080 2836 3146 vi,
2868 3095 2930 3134 ae
2963 3090 3278 3136 sanctorum
3310 3098 3433 3153 pre-

147 3173 292 3228 Θεοῦ
321 3172 550 3245 δυνάμει
588 3174 681 3226 καὶ
720 3174 905 3244 εὐχαῖς
931 3173 1123 3241 ἁγίων,
1154 3173 1303 3236 ὅπως
1333 3171 1744 3244 παραπλέοντες

1904 3171 2005 3226 bus
2044 3170 2306 3236 confisus,
2343 3180 2475 3226 utet
2502 3171 2991 3229 vehementesirati
3021 3175 3188 3231 maris
3214 3176 3434 3242 fluctus,

147 3263 619 3334 κατοπτεύσωμεν
639 3262 747 3316 τῶν
775 3262 982 3334 ἀγρίων
1020 3262 1280 3334 κυμάτων
1316 3262 1415 3332 τὴν
1449 3261 1743 3332 κύρτωσιν,

147 3357 377 3412 καὶτῶν
406 3358 587 3422 ἐντοῖς
618 3356 878 3425 πελάγεσι
908 3354 1112 3428 θηρίων
1138 3356 1357 3409 ἰοϐόλων
1386 3355 1486 3420 τὰς
1505 3357 1743 3427 μορφάς.

151 3451 466 3522 ⁸Ἀπληκτοι
512 3452 570 3504 δὲ
601 3449 710 3504 ἀπὸ
760 3448 1166 3523 σμυραινώδους
1205 3449 1283 3503 tofi
1319 3451 1414 3503 καὶ
1462 3451 1743 3522 τρυγόνος,

147 3542 252 3596 καὶ
267 3540 587 3612 δρακαίνης,
609 3542 704 3595 καὶ
737 3539 1061 3612 καρχαρίου,
1091 3541 1188 3594 καὶ
1213 3541 1549 3614 σκορπαίνης
1575 3542 1748 3614 περὸι⁹

149 3651 273 3700 σαι,
315 3634 411 3687 καὶ¹
446 3633 540 3687 τοῦ
593 3633 768 3688 εὐδίου
809 3634 909 3703 τῆς
941 3632 1199 3704 ἀληθείας
1233 3633 1452 3706 λιμένος
1479 3634 1545 3688 δι’
1578 3635 1746 3706 εὐχῆς

148 3728 252 3781 καὶ
286 3728 498 3790 ἱκεσίας
524 3729 801 3798 ἐπιτυχεῖν
825 3727 1183 3798 δυνηθείημεν
1200 3742 1214 3755 ⁸
1248 3726 1628 3800 πληρουμένου
1652 3729 1746 3782 καὶ

146 3820 210 3872 ὲν
259 3820 394 3890 ἡμῖν
447 3818 541 3872 τοῦ
575 3819 763 3890 ρητοῦ,
793 3819 910 3882 τοῦ,
947 3821 1009 3872 Οἱ
1052 3819 1512 3884 καταϐαίνοντες
1531 3821 1618 3885 εὶς
1642 3818 1746 3874 θά-

143 3913 428 3976 λασσαν,
445 3909 550 3977 τὰς
566 3909 782 3979 ἀρετὰς
798 3911 904 3964 τοῦ
933 3909 1154 3978 Κυρίου
1181 3907 1590 3980 διηγήσονται.
1629 3912 1744 3982 Ἐφ’

144 4003 356 4073 ἑτέραν
376 4002 551 4056 τοίνυν
571 4003 778 4075 ταύτην
812 4002 1044 4074 καθεξῆς
1068 4001 1166 4072 τὴν
1195 4002 1420 4074 πορείαν
1451 4005 1746 4076 ποιήσομαι

145 4096 297 4168 πρὸς
327 4096 600 4167 διήγησιν.

697 4212 886 4265 ΚΑΤΑ
915 4211 1251 4276 ΚΑΙΛΝΩΝ,

288 4324 814 4397 Ὀκτωκαιδεκὰτη,
839 4328 878 4396 ἡ
918 4327 1014 4381 καὶ
1057 4323 1381 4396 τριακοστὴ
1413 4325 1618 4396 ὀγδόη.

217 4443 306 4494 A'.
347 4440 576 4494 Καῑανοί
600 4457 742 4503 τινες
757 4437 1135 4510 ὀνομάζονται,
1165 4439 1274 4494 ἀπὸ
1304 4439 1397 4492 τοῦ
1437 4439 1577 4494 Κάῖν
1604 4438 1750 4509 εἰλη-

1847 3271 1901 3318 et
1924 3271 2316 3318 venenatarum
2366 3264 2567 3320 ibidem
2613 3265 2913 3321 bestiarum
2960 3268 3173 3337 species
3214 3277 3435 3340 praeter-

1848 3354 2031 3412 eundo
2068 3355 2352 3410 videamus
2395 3374 2409 3411 :
2455 3356 2700 3427 nihilque
2734 3358 2892 3412 nobis
2912 3358 3130 3414 interim
3158 3376 3434 3416 muraena-

1848 3463 1992 3513 rum,
2022 3456 2116 3502 aut
2179 3449 2498 3519 pastinacae,
2533 3457 2628 3504 aut
2677 3451 2962 3517 dracaena},
3007 3461 3102 3508 aut
3140 3456 3432 3520 carcharii,

1849 3541 1932 3596 vel
1985 3555 2280 3610 scorpaenze
2329 3540 2480 3596 virus
2529 3541 2684 3596 exitii
2733 3541 2925 3598 all‘erat
2956 3560 3059 3600 :ac
3105 3544 3324 3602 demum
3367 3548 3434 3603 ad

1851 3634 2064 3689 felicem
2116 3631 2363 3704 veritatis
2415 3643 2636 3705 portum
2688 3637 2946 3706 precibus
2988 3645 3042 3693 et
3088 3641 3434 3697 orationibus

1848 3725 1974 3782 freti
2013 3725 2288 3798 navigium
2329 3727 2704 3797 appellamus;
2759 3736 2818 3783 ut
2858 3730 2972 3784 haec
3023 3733 3078 3786 in
3111 3733 3272 3789 nobis
3307 3749 3433 3790 vera

1847 3820 2013 3892 276
2072 3821 2144 3876 sit
2199 3818 2494 3891 Scriptura:
2517 3821 2785 3876 sententia
2819 3841 2832 3877 :
2862 3823 2966 3889 Qui
2992 3828 3239 3896 navigant
3269 3845 3434 3892 mare,

1847 3914 2068 3968 virtutes
2119 3913 2337 3967 Domini
2379 3923 2603 3968 narrant
2633 3915 2673 3968 ².
2703 3913 2784 3970 Ad
2824 3917 3049 3971 alteram
3082 3919 3248 3988 igitur
3281 3920 3438 3975 dein-

1848 4021 1998 4076 ceps,
2039 4013 2099 4059 ut
2124 4004 2177 4059 id
2211 4020 2441 4061 narrare
2477 4006 2776 4075 possimus,
2804 4006 3199 4078 profectionem
3254 4012 3436 4068 accin-

1850 4110 2048 4166 gnuur.

2274 4207 2647 4266 ADVERSUS
2685 4209 3002 4279 CAIANOS,

2025 4319 2158 4388 Qua:
2181 4333 2259 4378 est
2292 4323 2506 4379 haeresis
2544 4324 2749 4380 XVIII
2777 4328 2879 4381 sive
2917 4327 3075 4382 xxx
3095 4328 3254 4383 VIII.
3333 4294 3342 4302 ’

1918 4438 1960 4492 l.
1998 4437 2101 4506 Qui
2131 4439 2320 4494 Caiani
2362 4441 2524 4512 vulgo
2563 4450 2970 4514 nuncupantur,
3011 4445 3240 4502 literesin
3278 4461 3433 4502 suam

139 4534 318 4602 φύτες
374 4531 473 4602 τὴν
526 4531 842 4602 ἐπωνυμίαν
878 4531 979 4602 τῆς
1012 4533 1297 4604 αἱρέσεως.
1327 4524 1484 4586 Οὗτοι
1515 4531 1626 4603 γὰρ
1655 4531 1745 4584 τὸν

1923 4531 2096 4588 Caino
2125 4533 2607 4604 cognominarunt.
2652 4533 2808 4590 llunc
2851 4537 2994 4591 enim
3030 4538 3348 4608 pradicant,
3381 4549 3436 4595 et

137 4625 298 4678 Κάῖν
333 4625 639 4686 ἐπαινοῦσι,
673 4625 764 4677 καὶ
786 4625 998 4693 πατέρα
1021 4625 1231 4678 έαυτῶν
1256 4623 1445 4678 τοῦτον
1470 4623 1747 4690 τάττουσι,

138 4717 245 4770 καὶ
264 4715 447 4779 αὐτοὶ,
484 4715 559 4778 ὡς
577 4717 771 4777 εἰπεῖν,
799 4716 874 4779 ὼς
907 4716 1014 4769 ἀπὸ
1047 4715 1310 4788 διαφορᾶς
1327 4717 1751 4781 ἐπαναστάσεως

136 4809 421 4881 κυμάτων
459 4806 790 4879 ὁρμώμενοι,
821 4807 920 4860 οὐκ
961 4807 1064 4874 ἔξω
1092 4807 1244 4871 ὄντες
1266 4807 1361 4861 τοῦ
1396 4808 1560 4862 αὐτοῦ
1588 4807 1749 4862 σάλου

137 4905 243 4958 καὶ
275 4901 550 4963 κλύδωνος
571 4918 584 4931 ·
611 4901 706 4954 καὶ
749 4901 823 4964 ὡς
871 4903 978 4954 ἀπο
998 4900 1344 4965 ἀκανθώδους
1380 4901 1510 4973 ὐλης
1547 4899 1752 4972 προκυ-

131 5001 378 5068 ψαντες,
412 4996 512 5048 οὐκ
552 4994 707 5057 ἐκτὸς
725 4993 876 5056 δντες
901 4992 1101 5056 παντὸς
1122 4991 1215 5045 τοῦ
1235 4991 1410 5064 σωροῦ
1437 4992 1546 5046 τῶν
1581 4994 1752 5047 ἀκαν-

135 5095 285 5154 θῶν,
326 5093 376 5144 εί
403 5091 496 5144 καὶ
521 5089 767 5159 διάφοροι
796 5087 874 5159 τῷ
895 5087 1121 5158 ὀνόματί
1156 5089 1314 5144 εἰσιν.
1343 5087 1621 5140 Ἀκανθῶν
1651 5087 1750 5158 μὲν

133 5189 258 5258 γὰρ
288 5185 426 5254 γένη
457 5183 648 5249 πολλὰ,
681 5183 827 5253 ὅμως
848 5185 904 5234 ἐν
936 5181 1106 5235 ἅπασι
1123 5181 1183 5233 τὸ
1213 5180 1484 5252 μοχθηρὸν
1508 5183 1607 5252 τῆς
1630 5199 1751 5235 κεν-

129 5278 397 5351 τρὼδους
426 5275 640 5338 ἀδικίας
669 5275 899 5328 ἔνεστιν.

210 5367 388 5427 Οὗτοί
418 5386 551 5439 φασι
575 5368 666 5421 τὸν
697 5368 836 5422 Κάῖν
866 5369 930 5420 ἐκ
964 5367 1064 5437 τῆς
1093 5363 1443 5438 ἰσχυροτέρας
1464 5365 1745 5436 δυνάμεως

130 5467 426 5536 ὕπάρχειν
467 5461 691 5532 καὶτῆς
733 5459 940 5515 ἀνωθεν
987 5459 1306 5522 αὐθεντίας’
1347 5457 1485 5512 ἀλλά
1523 5459 1616 5511 καὶ
1652 5457 1743 5510 τὸν

141 5555 360 5618 Ἡσαῦ,
401 5555 642 5618 καὶτοὺς
679 5553 808 5623 περὶ
839 5551 1004 5623 Κορὲ,
1025 5553 1118 5605 καὶ
1150 5553 1275 5615 τοὺς
1300 5549 1619 5622 Σοδομίταςο
1651 5549 1742 5603 τὸν

215 5744 232 5774 ί
265 5739 314 5795 Il
345 5739 474 5796 Cor.
508 5758 583 5807 xi,
619 5742 670 5796 5.
755 5742 774 5771 ¹
804 5740 971 5800 Eccli.
1002 5758 1154 5806 xuii,
1181 5739 1275 5796 ‘26.

1849 4633 2128 4695 parentem
2178 4640 2338 4680 suum
2393 4627 2687 4696 appellant.
2742 4628 2843 4694 Qui
2876 4630 3097 4700 quidem
3140 4633 3331 4698 variis,
3376 4644 3434 4688 ut

1851 4718 1928 4773 ita
1965 4717 2168 4779 dicam,
2199 4733 2231 4774 e
2272 4718 2538 4775 fluctuum
2572 4719 2967 4790 jactationibus
2989 4725 3209 4791 emersi,
3241 4728 3432 4782 eodem

1853 4809 1908 4862 in
1941 4809 2058 4863 salo
2087 4816 2141 4864 et
2166 4811 2404 4878 procella
2451 4809 2876 4878 conflictantur;
2915 4828 2978 4869 ac
3018 4817 3167 4869 velut
3197 4832 3226 4871 e
3262 4819 3434 4886 spinis

1851 4914 1905 4956 et
1964 4901 2219 4972 vepribus
2283 4904 2622 4969 eminentes,
2667 4920 2883 4975 unaque
2940 4907 3226 4978 spinarum
3283 4918 3435 4967 strue

1851 4993 2232 5062 comprehensi
2283 4993 2546 5048 duntaxat
2600 4997 3064 5066 appellationibus
3095 5001 3432 5072 discrepant.

1850 5084 1985 5138 Nam
2033 5084 2314 5155 spinarum
2371 5101 2566 5156 genera
2600 5087 2818 5156 quidem
2859 5091 3006 5143 varia
3031 5101 3198 5159 sunt;
3238 5095 3333 5149 sed
3367 5097 3432 5150 ad

1850 5176 2198 5247 pungendum
2233 5177 2647 5248 n‘bcendumque
2674 5179 2756 5235 vis
2794 5183 3050 5239 omnibus
3079 5194 3163 5240 est
3190 5202 3423 5242 commu-

1851 5273 1996 5325 niter
2026 5271 2210 5328 insita.

1925 5363 2091 5434 Igitur
2120 5364 2310 5419 Caiani
2347 5380 2376 5419 a
2404 5367 2695 5437 potentiori
2731 5367 2966 5438 quadam
2997 5371 3198 5428 virtute
3228 5388 3291 5427 ac
3320 5388 3434 5427 οωκ

1851 5456 1975 5510 lesti
2003 5458 2327 5515 auctoritate
2363 5461 2669 5516 derivatum
2714 5478 2836 5518 esse
2860 5464 3088 5518 Cainum
3114 5465 3432 5535 pradicant,

1851 5565 2065 5605 necnon
2099 5559 2152 5606 et
2184 5548 2349 5622 Esau,
2383 5563 2438 5612 ct
2487 5553 2623 5611 Core
2651 5571 2775 5611 cum
2822 5558 2957 5624 suis,
2988 5556 3225 5629 itemque
3262 5559 3436 5615 Sodo-
