3768 6182
328 262 435 319 855

1748 255 1807 310 S.
1849 254 2195 313 ΕΡῙΡΠΑΝΙΙ

3500 255 3608 309 638

326 382 520 444 mitas;
552 374 779 432 Abelum
808 391 935 432 vero
958 376 1026 431 ab
1044 375 1382 432 imbecilliori
1404 374 1903 445 virtuteprodiisse.

2012 376 2066 428 δὲ
2102 376 2269 428 Ἀϐελ
2301 377 2365 430 ἐκ
2396 374 2497 447 τῆς
2536 374 2931 446 ἀσθενεστέρας
2977 373 3262 444 δυνάμεως
3307 371 3606 445 υπάρχειν.

326 468 692 536 Quamobrem
748 470 870 525 illos
902 485 1095 525 omnes
1145 469 1405 540 opinione
1452 483 1549 525 sua
1586 468 1907 532 laudandos,

327 575 392 616 ac
420 575 605 616 secum
631 560 1037 616 necessitudine
1079 560 1404 628 conjunctos
1431 566 1708 622 asserunt,
1734 558 1911 627 deque

338 652 609 721 ejusmodi
658 667 781 706 cum
828 651 999 706 Caino
1031 660 1083 705 et
1112 650 1430 715 Sodomitis,
1478 651 1619 704 Core
1673 656 1726 704 et
1764 649 1910 703 Esau

328 744 655 813 cognatione
708 743 1031 813 gloriantur,
1087 758 1151 796 ac
1190 741 1443 813 perfecta
1495 741 1911 809 sublimiorique

328 837 571 891 scicntia!
606 836 729 891 illos
757 834 1062 889 ascribunt.
1098 832 1221 887 Ideo
1248 832 1434 887 mundi
1465 832 1629 901 hujus
1660 830 1908 901 opiﬁcem

327 936 541 996 putant,
572 942 697 980 cum.
752 926 817 980 ad
859 941 953 981 eos
995 925 1245 979 fitnditus
1281 923 1647 994 prolligandos
1692 923 1908 978 incum-

328 1019 501 1081 beret,
541 1034 737 1073 nocere
768 1019 902 1071 nihil
937 1020 1160 1073 omnino
1189 1018 1451 1087 potuisse.
1485 1017 1568 1071 Ab
1599 1032 1665 1071 eo
1708 1018 1910 1087 quippe

327 1110 651 1179 semctipsos
678 1110 1007 1173 occultasse,
1027 1116 1079 1161 t'l
1106 1108 1159 1161 in
1189 1124 1503 1177 supremum
1534 1107 1762 1162 Eoncm
1789 1123 1911 1163 esse

325 1200 916 1256 commutatos:unde
974 1209 1027 1255 et
1083 1200 1381 1254 fortissima
1435 1200 1523 1254 illa
1572 1202 1748 1255 virtus
1802 1208 1907 1255 est.

324 1288 460 1344 Nam
497 1292 619 1347 illos
650 1292 718 1346 ad
754 1307 876 1347 sese
916 1282 1207 1361 Sapientia
1228 1301 1415 1362 utpote
1448 1293 1791 1347 necessarios
1814 1292 1912 1347 ad-

324 1379 493 1434 misit.
547 1378 839 1450 Propterea
878 1378 1072 1434 Judam
1112 1389 1369 1436 accurate
1418 1382 1605 1435 omnia
1658 1382 1772 1435 hmo
1812 1381 1909 1435 ha-

324 1470 511 1527 buisse
544 1480 827 1543 perspecta
861 1480 1187 1528 memorant.
1236 1472 1409 1539 Quem
1444 1472 1665 1543 quidem
1696 1472 1906 1527 amnem

321 1576 444 1616 esse
489 1576 649 1615 suum
678 1562 955 1631 jaetitant,
984 1561 1272 1632 eidemque
1317 1563 1673 1617 excellentem
1710 1580 1907 1634 quam-

2013 464 2166 520 Εἶναι
2195 469 2249 522 δὲ
2278 470 2502 533 τούτους
2534 472 2740 533 πάντας
2772 471 2902 539 παρ’
2924 468 3107 530 αὐτοῖς
3130 467 3481 529 ἐπαινετοὺς,
3516 467 3609 519 καὶ

2011 562 2111 632 τῆς
2150 562 2329 615 αὐτῶν
2382 563 2723 632 συγγενείας.
2776 562 3140 633 Σεμνύνονται
3173 562 3284 633 γὰρ
3316 565 3611 630 συγγενεῖς,

2016 650 2152 708 εἶναι
2198 656 2291 708 τοῦ
2330 657 2491 720 Κάῖν,
2537 657 2631 711 καὶ
2667 656 2776 709 τῶν
2794 656 3118 725 Σοδομιτῶν,
3152 657 3245 709 καὶ
3287 654 3494 719 Ἠσαῦ,
3520 655 3611 706 καὶ

2013 746 2191 817 Κορέ·
2226 748 2319 801 καὶ
2351 743 2519 812 οὗτοι,
2552 748 2737 818 φασὶν,
2761 748 2867 800 εἰσὶ
2904 748 3000 817 τῆς
3028 745 3242 810 τελείας
3273 746 3372 800 καὶ
3402 744 3613 799 ἄνωθῦ

2014 834 2287 903 γνώσεως.
2337 837 2428 889 Διὸ
2478 838 2571 893 καὶ
2620 837 2711 891 τόν
2764 838 2992 908 ποιητὴν
3034 836 3126 889 τοῦ
3174 838 3389 906 κόσμου
3416 835 3615 889 τούτου

2013 928 2167 996 φησι,
2201 928 2326 999 περὶ
2356 928 2456 998 τὴν
2494 929 2699 982 τούτων
2742 927 3003 981 ἀνάλυσιν
3037 927 3400 997 ὲσχολακότα,
3442 928 3619 997 μηδὲν

2008 1016 2324 1089 δεδυνῆσθαι
2350 1020 2545 1082 αὐτοὺς
2562 1018 2781 1089 βλάψαι.
2813 1017 3158 1089 Ἐκρύϐησαν
3183 1018 3295 1089 γὰρ
3325 1018 3424 1071 ἀπ’
3444 1017 3614 1070 αὐτοῦ

2010 1110 2103 1162 καὶ
2142 1111 2551 1182 μετεϐλήθησαν
2586 1113 2665 1175 είς
2692 1111 2783 1164 τὸν
2810 1111 2921 1166 ἀνω
2941 1108 3144 1174 Αίῶνα,
3171 1111 3296 1163 ὅθεν
3336 1111 3373 1180 ἡ
3413 1111 3615 1181 ἰσχυρὰ

2009 1202 2237 1273 δύναμίς
2288 1206 2421 1257 ἐστι.
2481 1204 2625 1275 Πρὸς
2678 1204 2877 1274 ἑαυτὴν
2929 1203 3041 1274 γάρ
3092 1204 3125 1273 ἡ
3181 1203 3358 1271 Σοφία
3412 1203 3612 1265 αὐτοὺς

2012 1296 2346 1365 προσήκατο,
2385 1294 2547 1357 ἰδίους
2598 1294 2769 1365 αὐτῆς
2814 1295 2993 1357 ὄντας.
3034 1294 3147 1346 Καὶ
3175 1292 3373 1347 τούτου.)
3422 1293 3612 1346 ἕνεκεν

2008 1385 2100 1438 τὸν
2156 1385 2353 1439 Ἰούδαν
2392 1385 2635 1458 ἀκριϐῶς
2699 1386 2768 1439 τὰ
2806 1386 2949 1463 περὶ⁸
2972 1385 3177 1439 τούτων
3230 1386 3608 1453 ἐπεγνωκέναι

2009 1475 2249 1544 λέγουσι.
2309 1477 2420 1530 Καὶ
2465 1475 2654 1530 τοῦτον
2714 1474 2824 1549 γάρ
2872 1476 3119 1529 θέλουσιν
3178 1470 3325 1529 εἶναι
3370 1476 3605 1546 συγγε·.ῆ

2010 1569 2239 1634 ἑαυτῶν,
2292 1570 2387 1622 καὶ
2426 1571 2483 1623 ὲν
2524 1569 2779 1639 γνώσεως
2824 1568 3099 1640 ὑπερϐολῇ
3132 1569 3226 1622 τὸν
3261 1569 3434 1623 αὑτὸν
3481 1587 3604 1621 κατ-

322 1650 448 1707 dam
483 1652 589 1706 vim
621 1651 954 1723 cognitionis
993 1653 1323 1707 attribuunt.
1359 1652 1515 1717 Quod
1565 1668 1741 1723 usque
1773 1654 1908 1709 adeo

2010 1661 2527 1732 αριθμοῦσιν.Ὥστε
2558 1662 2652 1715 καὶ
2683 1662 3083 1735 συνταγμάτιόν
3104 1680 3158 1713 τι
3182 1661 3375 1732 φέρειν
3405 1662 3465 1727 ἐξ
3491 1662 3601 1714 όνό-

323 1744 649 1810 del‘endunt,
701 1754 762 1801 ut
804 1746 926 1816 ejus
960 1745 1181 1801 nomine
1223 1746 1547 1816 inscriptum
1586 1748 1906 1816 Opusculum

2015 1726 2183 1822 ματος
2213 1752 2398 1820 αὑτοῦ,
2430 1754 2459 1806 ὃ
2494 1753 2828 1822 Εύαγγέλιον
2863 1726 2959 1805 τοῦ
3000 1751 3177 1805 Ἰούδα
3194 1726 3462 1804 -καλοῦσιξ
3499 1751 3603 1804 Καὶ

322 1836 738 1903 circumferant,
788 1838 934 1909 quod
987 1837 1142 1894 Iudae
1199 1837 1555 1909 Evangelium
1608 1839 1906 1907 appellant.

322 1927 424 1983 Cui
480 1930 680 1984 similia
746 1928 991 2001 quaedam
1044 1929 1147 1983 alia
1189 1928 1467 1983 volumina
1526 1928 1911 1983 conﬁnxerunt

324 2022 587 2078 adversus
639 2020 949 2093 Hysteram,
1000 2023 1105 2076 hoc
1138 2030 1223 2077 est
1259 2031 1474 2076 uterum
1504 2039 1517 2074 :
1551 2036 1659 2089 quo
1688 2022 1912 2078 nomine

324 2114 496 2169 totius
532 2113 929 2175 universitatis,
966 2112 1071 2166 hoc
1100 2119 1183 2169 est
1214 2113 1338 2167 coeli
1372 2120 1639 2183 terraeque
1679 2112 1913 2168 fabrica-

322 2210 497 2255 torem
561 2208 784 2256 vocant.
850 2200 1057 2272 Negant
1098 2214 1262 2270 porro
1291 2200 1510 2256 liberari
1558 2202 1700 2257 ullos
1726 2217 1909 2273 posse,

322 2292 432 2347 nisi
491 2307 588 2362 per
637 2290 821 2346 omnia
871 2291 1211 2357 transierint,
1244 2291 1390 2362 quod
1444 2298 1498 2347 et
1550 2292 1911 2364 Carpocrates

321 2384 579 2455 Opinatus
604 2392 709 2439 est.

393 2476 555 2546 277
607 2475 671 2531 ll.
709 2473 945 2541 Quilibet
978 2472 1123 2529 enim
1158 2473 1375 2529 illorum
1409 2473 1574 2545 hujus
1622 2475 1912 2531 occasione

322 2566 592 2635 dogmatis
625 2564 830 2620 nefaria
858 2565 1104 2636 quaedam
1144 2574 1506 2637 perpetrans,
1549 2581 1717 2637 seque
1755 2583 1913 2623 exse-

320 2658 543 2713 crandis
582 2658 638 2711 in
677 2657 995 2713 libidinibus
1034 2672 1099 2713 ac
1143 2657 1469 2729 ﬂagitiorum
1516 2674 1714 2730 genere
1760 2660 1910 2715 omni

320 2750 592 2814 volutans,
629 2750 969 2820 singulorum
1009 2749 1325 2821 angelorum
1352 2751 1570 2804 nomina
1601 2791 1618 2819 ,
1662 2760 1771 2805 tam
1816 2767 1910 2807 ve-

321 2859 507 2898 rorum
528 2884 543 2909 ,
583 2857 746 2913 quam
780 2841 847 2897 ab
880 2841 1015 2912 ipsis
1055 2841 1413 2896 conlictorum
1446 2842 1705 2897 invocans
1728 2884 1742 2910 ,
1783 2843 1909 2897 uni-

320 2938 519 3008 cuique
549 2935 927 2991 detestandum
960 2933 1179 3004 aliquod
1216 2934 1431 2989 facinus
1456 2978 1469 2997 .
1502 2948 1565 2989 ac
1595 2946 1905 3005 peccatum,

320 3032 469 3086 velut
519 3027 851 3099 praecipuum
889 3026 1173 3081 attribuit:
1220 3040 1284 3081 ac
1328 3027 1705 3098 qualecunque
1744 3044 1905 3085 suum

321 3125 503 3181 scelus
541 3121 676 3176 certi
705 3120 1010 3190 cujuspiam
1044 3118 1113 3174 ad
1154 3120 1329 3189 angeli
1369 3134 1567 3175 nomen
1599 3134 1898 3176 accommo-
1936 3086 1979 3144 ε

320 3217 433 3271 dat.
463 3215 599 3270 Cum
624 3214 767 3269 enim
796 3212 1063 3282 ejusmodi
1098 3211 1304 3281 aliquid
1344 3211 1730 3277 committunt,
1763 3213 1908 3269 hunc

321 3309 380 3365 in
410 3307 626 3363 modum
667 3303 883 3376 praefari
912 3303 1090 3359 solent
1117 3318 1131 3354 :
1165 3302 1209 3358 Ο
1238 3304 1427 3375 angele
1464 3302 1553 3368 N.,
1584 3314 1735 3359 tuum
1769 3320 1909 3375 opus

321 3416 571 3459 exerceo.
609 3399 654 3456 0
688 3405 930 3469 potestas
957 3398 1025 3451 N.
1050 3438 1065 3463 ,
1100 3397 1314 3452 actione
1352 3405 1445 3451 tua
1481 3396 1695 3469 iungor.
1730 3398 1908 3470 Atque

323 3494 470 3549 ἱειυά
495 3494 672 3564 ipsum
702 3498 784 3546 est.
804 3530 819 3555 ,
850 3488 995 3560 quod
1025 3490 1093 3543 ab
1126 3489 1234 3544 illis
1260 3489 1507 3544 absoluta
1551 3491 1789 3562 cognitio
1819 3491 1907 3545 di-

322 3586 507 3651 citur;
541 3581 979 3655 quandoquidem
1028 3590 1087 3635 ut
1125 3595 1223 3651 per
1261 3580 1492 3636 nefanda
1540 3583 1723 3636 omnia
1758 3580 1907 3655 ﬂagi-

321 3680 521 3733 tiorum
544 3690 743 3748 genera
773 3674 994 3744 impune
1016 3672 1092 3727 ita
1122 3672 1435 3740 volitarent,
1466 3688 1496 3728 a
1526 3675 1904 3744 superioribus

322 3768 488 3825 sectis
523 3766 669 3821 velut
697 3764 1017 3836 parentibus
1038 3805 1053 3829 ,
1087 3762 1476 3819 Gnostieorum
1520 3766 1806 3833 videlicet,
1840 3781 1906 3822 ac

319 3858 551 3923 Nicolai,
583 3857 756 3927 iisque
788 3852 1025 3909 aﬂnium
1052 3851 1559 3909 Valentinianorum
1590 3861 1645 3909 et
1699 3853 1905 3926 Carpo-

320 3951 488 4008 cratis
516 3947 861 4020 dogmatibus
887 3944 1232 4001 occasionem
1262 3944 1409 3999 nacti
1444 3953 1594 3999 sunt.

388 4040 640 4097 Pervenit
666 4046 719 4094 et
743 4037 811 4092 ad
834 4052 937 4092 nos
969 4046 1156 4092 certus
1173 4035 1492 4091 eorumdem
1526 4035 1685 4102 liber,
1712 4037 1766 4091 in
1792 4051 1904 4108 quo

318 4132 744 4192 sceleratissima
770 4129 958 4186 nescio
987 4144 1109 4200 qua:
1131 4128 1395 4184 vocabula
1425 4129 1719 4184 commenti
1753 4138 1905 4197 sunt,

318 4227 375 4282 in
409 4240 581 4295 eoque
609 4224 715 4279 ista
747 4221 1117 4277 continentur.
1152 4218 1253 4273 Hic
1282 4228 1385 4284 est,
1418 4219 1615 4289 inquit,
1657 4221 1902 4291 angelus,

319 4333 349 4373 α
394 4332 504 4389 quo
533 4314 745 4387 Moyses
773 4320 1080 4368 excaecatus
1115 4320 1201 4367 est
1226 4351 1241 4375 ,
1276 4311 1423 4382 iique
1459 4313 1633 4383 angeli
1666 4322 1828 4379 sunt,
1870 4330 1901 4369 a

2010 1844 2147 1897 ἄλλα
2175 1845 2299 1897 τινὰ
2338 1844 2750 1917 συγγράμματα
2799 1844 3064 1907 ὡσαύτως
3092 1844 3427 1900 πλάττονται
3468 1844 3600 1896 κατά

2010 1938 2110 2007 τῆς
2153 1935 2416 2011 ’Υστέρας
2435 1953 2450 1968 ο
2484 1936 2553 2007 ἢν
2608 1936 2876 2007 ’Υστέραν
2897 1937 2988 1990 τὸν
3012 1936 3247 2007 ποιητὴν
3277 1935 3377 1989 τοῦ
3406 1934 3599 1997 παντδις

2010 2028 2201 2082 τούτου
2260 2028 2355 2082 τοῦ
2394 2028 2615 2094 κύτους,
2656 2028 2887 2101 ούρανοῦ
2944 2046 3004 2082 τε
3050 2030 3149 2082 καὶ
3186 2028 3315 2099 γῆς,
3353 2026 3596 2080 καλοῦσι.

2012 2120 2122 2173 Καὶ
2158 2118 2231 2191 μὴ
2252 2118 2513 2173 δύνασθαί
2551 2135 2681 2189 φασι
2733 2118 3074 2190 σωθήσεσθαί
3100 2136 3245 2183 τινα,
3279 2117 3381 2170 ὲάν
3418 2118 3493 2186 μὴ
3517 2115 3597 2168 διὰ

2012 2210 2231 2265 πάντων
2260 2212 2605 2285 χωρήσωσιν,
2638 2211 2714 2275 ὡς
2738 2211 2835 2264 καὶ
2863 2213 2891 2265 ὁ
2922 2210 3338 2283 Καρποκράτης
3363 2208 3533 2278 λέγει.

2081 2470 2157 2526 B'.
2201 2469 2467 2535 Ἕκαστος
2500 2471 2609 2543 γάρ
2639 2472 2823 2527 αὐτῶν
2847 2474 3006 2547 δῆθεν
3049 2474 3141 2529 διὰ
3176 2475 3280 2546 τὴν
3328 2476 3594 2547 πρόφασιν

2008 2561 2213 2633 ταύτην
2262 2562 2477 2632 ἄρρητα
2515 2562 2705 2627 ποιῶν,
2756 2565 2849 2618 καὶ
2898 2566 3296 2636 αἰσχρουργίας
3314 2566 3591 2625 ἐπιτελῶν,

2011 2653 2390 2725 ἁμαρτήματά
2414 2672 2472 2707 τε
2506 2654 2604 2707 ὅσα
2630 2655 2747 2707 ἐστὶ
2788 2655 3065 2727 πράττων,
3094 2655 3440 2709 ἐπικαλεῖται
3473 2658 3589 2709 ἑκά-

2013 2763 2140 2799 στου
2187 2746 2420 2815 ἀγγέλου
2476 2746 2665 2817 ὅνομα,
2702 2746 2812 2799 τῶν
2859 2765 2917 2801 τε
2963 2749 3130 2802 ὄντων
3179 2748 3457 2816 ἀγγέλων,
3507 2749 3592 2801 καὶ

2009 2838 2119 2891 τῶν
2147 2840 2274 2911 παρ’
2308 2840 2489 2904 αὐτοῖς
2518 2840 2774 2903 πλαστῶς
2809 2839 3147 2910 λεγομένων·
3184 2841 3282 2894 καὶ
3311 2841 3546 2895 ἑκάστου
3572 2844 3591 2873 ⁹

2008 2928 2220 2983 τούτων
2257 2931 2563 3001 προσάπτει
2607 2950 2658 2986 τι
2691 2932 2850 3002 ἔργον
2902 2932 3160 3003 ἀθέμιτον
3212 2932 3325 2984 τῶν
3378 2934 3471 2985 ἐπὶ
3498 2934 3588 3003 γῆς

2012 3021 2447 3092 ἁμαρτημάτων,
2502 3022 2602 3094 τὴν
2654 3024 2855 3096 πρᾶξιν
2881 3025 2979 3095 τὴν
3031 3025 3166 3077 ίδίαν
3212 3025 3293 3089 εἰς
3339 3026 3510 3096 ὄνομα
3534 3023 3588 3079 οὗ

2013 3113 2259 3185 βούλεται
2294 3115 2524 3184 ἀγγέλου
2554 3117 2863 3187 ἀναφέρων.
2898 3118 3007 3170 Καὶ
3039 3117 3168 3171 ὅταν
3214 3118 3395 3172 ταῦτα
3425 3120 3585 3188 πράτ-

2009 3224 2195 3273 τωσιν,
2232 3207 2378 3261 οὕτω
2441 3208 2721 3278 λέγουσιν’
2771 3210 2828 3262 Ὀ
2871 3209 3017 3262 δεῖνα
3048 3209 3269 3277 ἄγγελε,
3308 3210 3585 3280 καταχρῶ-

2012 3298 2109 3369 μαί
2150 3317 2241 3353 σου
2293 3300 2355 3353 τὸ
2403 3299 2596 3373 ἔργον·
2648 3303 2682 3372 ἡ
2736 3301 2883 3355 δεῖνα
2912 3300 3170 3367 ἐξουσία,
3216 3302 3446 3373 πράττω
3500 3320 3583 3355 σου

2007 3392 2107 3462 τὴν
2159 3392 2378 3464 πρᾶξιν.
2433 3392 2539 3446 Καὶ
2580 3393 2736 3446 τοῦτο
2784 3392 2984 3461 γνῶσις
3016 3392 3197 3446 τελεία
3239 3396 3375 3464 παρ’
3412 3396 3580 3457 αὐτοῖς

2008 3484 2124 3537 ἐστι
2181 3483 2507 3555 λεγόμενονο
2558 3485 2745 3556 ἐπειδὴ
2788 3484 2959 3548 ἀδεῶς
3014 3485 3105 3537 ἐπὶ
3152 3484 3252 3549 τάς
3301 3486 3580 3557 ἀθεμίτους

2008 3578 2404 3649 αἰσχρουργίας
2446 3579 2622 3650 ὀρμᾷν
2654 3578 2753 3641 τάς
2800 3578 3104 3649 προφάσεις
3135 3578 3299 3648 δῆθεν
3351 3580 3457 3632 ἀπὸ
3483 3581 3577 3632 τῶν

2008 3670 2421 3743 προειρημένων
2451 3670 2702 3742 μητέρων
2730 3672 2825 3725 καὶ
2853 3672 3105 3744 πατέρων
3132 3672 3419 3744 αἱρέσεων,
3451 3672 3575 3741 φημὶ

2006 3762 2329 3817 Γνωστικῶν
2354 3762 2449 3816 καὶ
2482 3762 2770 3836 Νικολᾴου,
2807 3764 2900 3818 καὶ
2929 3765 3038 3818 τῶν
3072 3766 3169 3818 σὺν
3199 3766 3387 3828 αὐτοῖς
3447 3765 3571 3819 Οὐα-

2005 3852 2244 3909 λεντίνου
2277 3872 2337 3908 τε
2372 3856 2466 3909 καὶ
2492 3857 2948 3927 Καρποκράτους,
2984 3858 3307 3928 ἐσχήκασιν.

2080 4031 2221 4103 Ἤδη
2246 4030 2303 4083 δὲ
2336 4030 2549 4101 διῆλθεν
2582 4032 2660 4095 είς
2684 4033 2834 4102 ἡμᾶς
2866 4031 2961 4086 καὶ
2991 4031 3217 4102 βιϐλίον,
3266 4034 3327 4086 ὲν
3352 4027 3397 4102 ᾧ
3422 4035 3569 4088 ἐπὶέ-

2006 4139 2167 4175 σαντο
2203 4122 2425 4193 ῥήματά
2450 4140 2572 4177 τινα
2608 4124 2838 4194 ἀνομίας
2870 4123 3073 4195 πλήρη,
3121 4123 3266 4178 οὕτω
3296 4126 3562 4197 περιέχον

2004 4216 2107 4279 ὅτι,
2140 4218 2323 4286 φησὶν,
2365 4210 2531 4279 Οὗτός
2586 4216 2731 4268 ἐστιν
2781 4218 2809 4269 ό
2858 4215 3089 4284 ἄγγελος
3120 4218 3148 4269 ὁ
3197 4217 3291 4269 τὸν
3351 4218 3563 4271 Μωῦςέα

2004 4308 2312 4381 τυφλώσας,
2354 4311 2448 4364 καὶ
2490 4302 2635 4363 οὗτοί
2679 4312 2817 4363 εἰσιν
2861 4312 2909 4362 οἱ
2946 4308 3165 4377 ἄγγελοι
3198 4311 3248 4363 oi
3283 4313 3410 4375 τοὺς
3452 4312 3561 4383 περὶ

316 4411 518 4483 quibus
550 4408 691 4463 Core
713 4445 729 4471 ,
769 4403 981 4459 Dathan
1026 4410 1081 4459 et
1131 4402 1336 4457 Abiron
1358 4444 1372 4468 ,
1401 4419 1697 4475 eorumque
1725 4415 1901 4462 serta-

2009 4406 2168 4477 Κορὲ,
2203 4403 2298 4458 καὶ
2326 4402 2525 4466 Δαθάν,
2556 4403 2650 4457 καὶ
2692 4400 2953 4476 Ἀϐειρὼν
2985 4401 3315 4472 κρύψαντες,
3357 4403 3445 4455 καὶ
3477 4419 3557 4472 μευ

318 4512 463 4557 tores
492 4497 750 4556 occultati
778 4495 1157 4565 subtractique
1187 4501 1333 4550 sunt.
1366 4494 1510 4561 Quin
1547 4496 1712 4551 alium
1744 4498 1899 4553 insu-

316 4605 413 4660 per
450 4587 603 4643 Pauli
653 4586 885 4659 apostoli
942 4585 1164 4641 nomine
1211 4585 1451 4640 libellum
1502 4589 1902 4660 excogitarunt,

317 4689 647 4751 praepostera
673 4679 899 4737 libidine
924 4678 1209 4746 refertum,
1239 4693 1398 4749 quem
1425 4686 1478 4734 et
1502 4679 1559 4743 ii,
1589 4696 1727 4750 quos
1755 4678 1904 4737 Gno-

318 4772 487 4830 sticos
515 4780 731 4837 vocant,
774 4771 1037 4827 adbibere
1062 4770 1273 4836 solent,
1303 4771 1449 4841 quod
1496 4770 1651 4826 Pauli
1681 4774 1897 4829 Anaba-

316 4867 484 4921 ticum
506 4873 737 4921 vocant:
769 4864 929 4935 cujus
955 4862 1291 4936 supposititii
1326 4865 1508 4934 operis
1530 4880 1718 4922 ansam
1754 4883 1816 4922 ex
1836 4883 1902 4923 eo

314 4964 614 5028 ceperunt,
648 4957 793 5027 quod
824 4958 1114 5029 Apostolus
1157 4957 1276 5028 ipse
1313 4964 1546 5012 testetur
1569 4997 1583 5022 ,
1616 4973 1675 5014 se
1705 4960 1758 5013 in
1795 4969 1903 5015 ter-

313 5050 448 5105 tium
484 5063 658 5120 usque
692 5047 1082 5104 conscendisse
1114 5048 1338 5111 caelum,
1362 5054 1417 5104 et
1456 5062 1654 5111 arcana
1699 5050 1897 5105 ibidem

312 5140 532 5198 audisse
564 5140 729 5197 verba
753 5182 768 5210 ,
798 5156 920 5212 qua
968 5155 1079 5196 non
1106 5140 1234 5196 licet
1271 5139 1478 5196 homini
1517 5141 1664 5212 loqui
1700 5143 1739 5198 ι.
1774 5141 1899 5198 llaec

311 5242 515 5299 autem,
548 5233 842 5305 inquiunt,
872 5246 1075 5288 arcana
1106 5231 1197 5287 illa
1222 5231 1389 5287 verba
1428 5240 1575 5288 sunt.
1600 5222 1740 5300 Quae
1771 5236 1895 5305 qui-

308 5326 432 5383 dem
469 5327 677 5392 omnia,
707 5326 883 5397 iisque
914 5324 1113 5382 similia
1147 5324 1254 5389 ita,
1289 5324 1747 5393 quemadmodum
1780 5343 1897 5382 mo-

307 5420 528 5475 nuimus
553 5458 568 5485 ,
604 5417 822 5484 docent,
861 5424 919 5473 ut
946 5424 1000 5472 et
1030 5415 1190 5470 malis
1230 5414 1491 5469 honorem
1533 5416 1812 5485 habeant,
1845 5428 1900 5475 et

306 5514 481 5570 bonos
517 5510 825 5584 repudieut.
866 5507 1002 5565 Nam
1037 5507 1269 5564 Cainum
1319 5504 1563 5565 fortioris
1604 5512 1894 5582 cujusdam

382 5695 400 5729 ⁸
431 5693 472 5749 ll
497 5694 624 5750 Cor.
659 5709 759 5761 xu,
800 5694 851 5748 ι.
931 5695 951 5726 ¹
992 5691 1120 5749 Cor.
1156 5691 1395 5747 ἑκάστω.

2000 4502 2392 4571 ταστήσαντες.
2428 4497 2596 4551 Πάλιν
2631 4497 2687 4550 δὲ
2718 4496 2844 4551 ἄλλο
2874 4497 3274 4567 συνταγμάτων
3317 4496 3557 4549 πλάττον-

2004 4610 2088 4647 σιν
2116 4591 2175 4660 ὲξ
2218 4592 2479 4663 ὀνόματος
2507 4590 2719 4645 Παύλου
2783 4588 2878 4643 τοῦ
2921 4589 3243 4651 ἀποστόλου,
3281 4592 3554 4662 ἀῤῥητονρ-

2000 4685 2126 4755 γίας
2158 4683 2433 4755 ἔμπλεων,
2460 4676 2504 4750 ᾧ
2534 4682 2625 4735 καὶ
2661 4684 2709 4735 οἱ
2751 4682 2789 4733 Γ
2793 4682 3047 4735 νωστικοὶ
3080 4680 3362 4750 λεγόμενοι
3405 4677 3553 4749 χρῶν-

1998 4795 2110 4842 ται,
2142 4777 2169 4830 ὃ
2208 4775 2560 4831 ’Λναϐατικὸν
2610 4774 2822 4828 Παύλου
2858 4773 3107 4838 καλοῦσι,
3157 4773 3260 4844 τὴν
3309 4773 3551 4843 πρόφασιν

2000 4871 2250 4940 εὑρόντες
2278 4870 2387 4924 ἀπὸ
2417 4868 2508 4924 τοῦ
2540 4867 2720 4937 λέγειν
2751 4868 2842 4921 τὸν
2884 4865 3209 4920 Ἀπόστολον
3254 4862 3548 4932 ἀναϐεϐηκέ-

1998 4982 2085 5018 ναι
2124 4963 2228 5027 Eo);
2255 4963 2437 5036 τρίτου
2479 4961 2731 5035 ούρανοῦ,
2764 4961 2856 5014 καὶ
2886 4959 3180 5030 ἀκηκοέναι
3232 4958 3438 5029 ἄρρητα
3464 4955 3545 5023 M-

2001 5074 2165 5128 ματα,
2200 5056 2235 5110 δι
2282 5055 2381 5109 οὐκ
2432 5056 2549 5122 ἐξὸν
2596 5052 2867 5125 ἀνθρώπῳ
2915 5052 3168 5123 λαλῆσαι.
3221 5052 3329 5105 Καὶ
3379 5047 3541 5107 ταῦτα,

1997 5126 2180 5219 ιρασὶν,
2217 5148 2333 5202 ἐστὶ
2365 5147 2432 5201 τά
2454 5148 2672 5219 ἄρρητα
2701 5126 2951 5221 ῥήματα]
2976 5144 3295 5198 Διδάσκουσι
3324 5141 3375 5195 δὲ
3399 5138 3540 5194 ταῦτα

1995 5244 2089 5297 καὶ
2133 5242 2200 5296 τά
2231 5241 2475 5304 τοιαῦτα,
2528 5242 2653 5304 τοὺς
2699 5240 2969 5310 πονηροὺς
3002 5237 3290 5308 τιμῶντες,
3326 5236 3411 5288 καὶ
3439 5232 3539 5291 τοὺς

1994 5335 2231 5402 ἀγαθοὺς
2280 5333 2735 5405 ἀπαγορεύοντες.
2791 5326 2944 5386 Εἶναι
2978 5331 3108 5402 γὰρ,
3164 5330 3239 5393 ὡς
3292 5329 3533 5399 προεῖπον,

1994 5421 2085 5475 τὸν
2127 5422 2269 5475 Κάἳν
2300 5421 2398 5492 τῆς
2430 5420 2784 5493 ἰσχυροτέρας
2830 5419 3134 5489 δυνάμεως,
3167 5420 3259 5473 καὶ
3286 5417 3371 5470 τὸν
3402 5411 3534 5466 ’Δὸελ

1994 5512 2093 5583 τῆς
2126 5512 2539 5585 ἀσθενεστέρας.
2574 5514 2789 5588 Ταύτας
2817 5511 2873 5565 δὲ
2920 5510 3019 5575 τὰς
3059 5509 3314 5581 δυνάμεις
3351 5510 3406 5577 τῇ
3442 5503 3531 5571 Eli;
