3768 6182
175 217 280 273 657

785 219 1153 277 ADVERSUS
1185 218 1529 277 ΗΕΒΕὸΕὸ
1564 219 1694 277 LIB.
1732 220 1773 275 I.

1957 220 1983 275 ζ.
2021 218 2199 275 111.-
2236 217 2513 277 IUERES.
2557 218 2843 277 XXXVIII.

179 340 628 412 προσπλακείσας
687 343 1081 414 γεγεννηκέναι
1153 344 1247 397 τὸν
1318 344 1457 399 Κάῖν
1522 344 1618 398 καὶ
1683 342 1774 397 τὸν

1957 357 1996 397 ιε
2028 342 2270 408 virtutis,
2311 350 2365 398 et
2394 342 2625 399 Abelum
2652 339 2972 397 inﬁrmioris
2999 337 3263 396 sentiunt.
3308 337 3459 405 Quas

182 433 351 485 Ἅϐελ
370 449 384 462 ·
414 434 507 485 καὶ
544 429 684 487 εἶναι
708 434 805 504 τῆς
832 435 930 506 μὲν
954 435 1044 488 τὸν
1067 434 1220 500 Κάῖν,
1253 436 1350 508 τῆς
1372 436 1429 488 δὲ
1458 435 1549 489 τὸν
1579 434 1765 488 Ἀϐελ.

182 521 337 579 Εἶναι
370 526 426 580 δὲ
456 526 548 579 τὸν
596 525 766 598 Ἀδὰμ
803 529 896 580 καὶ
924 528 1023 599 τὴν
1062 526 1208 581 Εὔαν
1240 528 1351 582 ἀπὸ
1382 527 1489 580 τῶν
1516 526 1770 580 τοιούτων

181 619 486 689 δυνάμεων,
542 620 719 672 είτουν
748 619 996 688 ἀγγέλων
1031 619 1488 690 γεγεννημένους·
1527 618 1621 671 καὶ
1649 618 1772 680 τοὺς

183 713 546 784 γεννηθέντας
582 713 797 777 παῖδας,
830 713 970 766 Κάῖν
1006 714 1067 767 τέ
1100 732 1241 785 φημι
1295 714 1388 767 καὶ
1423 712 1607 778 Ἀϐελ,
1657 712 1773 783 ἐρί-

183 823 276 859 σαι
314 806 448 876 πρὸς
474 806 755 877 ἀλλήλους,
788 806 881 859 καὶ
920 806 1012 861 τὸν
1044 807 1440 877 γεγεννημένον
1470 806 1579 861 ἀπὸ
1628 806 1776 877 ἰσχυ-

184 902 289 973 ρᾶς
338 899 620 971 δυνάμεως
672 899 1070 969 πεφονευκέναι
1117 899 1210 954 τὸν
1258 899 1365 954 ἀπὸ
1408 903 1509 971 τῆς
1555 900 1775 970 ἥττονος

181 993 470 1064 δυνάμεως
504 993 598 1047 καὶ
625 992 1041 1064 ἀσθενεστέρας.

261 1167 337 1222 I".
379 1166 461 1221 Τά
492 1166 548 1219 δὲ
597 1166 738 1221 αύτά
790 1165 1014 1239 μυθώδη
1054 1167 1148 1223 καὶ
1182 1160 1328 1222 οὗτοι
1364 1183 1779 1241 παραπλεκουσι

183 1262 256 1330 τῇ
291 1261 417 1332 περῖ¹
449 1261 558 1314 τῶν
595 1260 775 1315 αὐτῶν
805 1261 1148 1334 δηλητηρίων
1178 1262 1275 1334 τῆς
1315 1262 1587 1332 ἀγνωσίας
1613 1261 1777 1328 δόσει,

188 1353 307 1415 τοῖς
374 1352 718 1421 πειθομένοις
767 1354 1231 1419 ἐπιϐουλεύοντες·
1287 1356 1415 1410 ’Ὁτι
1468 1355 1550 1409 δεῖ
1602 1357 1781 1409 πάντα

187 1444 485 1515 ἄνθρωπον
522 1445 702 1517 ἐαυτῷ
731 1446 947 1501 ἑλέσθαι
988 1447 1087 1519 τὴν
1122 1448 1477 1520 ἰσχυροτέραν
1531 1447 1781 1519 δύναμιν,

191 1537 291 1592 καὶ
322 1538 422 1609 τῆς
453 1540 674 1610 ἥττονος
706 1542 801 1594 κα)⁸
828 1542 1018 1595 ἀτόνου
1047 1542 1507 1615 ἀποχωρίζεσθαι,
1540 1541 1784 1595 τουτέστι

190 1631 296 1700 τῆς
332 1628 422 1683 τὸν
448 1630 678 1702 οὐρανὸν
712 1632 1042 1703 ποιησάσης,
1073 1633 1168 1686 καὶ
1194 1633 1291 1703 τὴν
1326 1632 1526 1703 σάρκα,
1572 1630 1665 1684 καὶ
1694 1630 1785 1683 τὸν

1873 434 2022 506 ipsas
2057 436 2287 492 virtutes
2335 450 2457 491 cum
2507 434 2618 490 Eva
2656 446 2984 505 congressas
3034 439 3328 504 utrumque
3366 444 3460 501 ge-

1874 530 2060 583 nuisse
2096 528 2175 583 sic
2214 526 2511 591 afﬁrmant,
2555 534 2615 581 ut
2658 525 2886 580 alterius
2924 523 3126 578 Abelus
3176 523 3287 588 sit,
3334 520 3461 575 Cai-

1874 637 1979 677 nus
2006 621 2250 677 alterius.
2280 622 2424 688 Quin
2475 620 2742 675 Adamum
2776 629 2936 689 atque
2966 616 3131 672 Evam
3184 616 3378 672 iisdem
3428 628 3460 668 a

1873 715 2192 779 virtutibus,
2229 714 2345 770 sive
2378 714 2585 785 angelis
2609 712 2877 784 originem
2905 711 3175 766 traxisse:
3212 723 3461 780 quosque

1876 820 2111 878 genuere
2134 815 2323 877 postea
2348 806 2571 871 liberos,
2588 805 2843 870 Cainum,
2871 806 3116 875 inquam,
3134 812 3187 859 et
3208 802 3459 867 Abelum,

1877 915 2065 955 secum
2094 899 2328 955 invicem
2360 899 2568 954 rixatos
2595 914 2737 962 esse,
2783 906 2837 954 et
2871 898 2964 969 qui
2998 896 3211 953 fortiori
3247 896 3315 952 ab
3350 894 3465 950 vir-

1877 997 1994 1046 tute
2038 998 2368 1061 propagatus
2424 989 2604 1046 I'uerat
2654 986 2932 1045 inferioris
2977 985 3463 1057 imbecilliorisque

1879 1083 2122 1137 sobolem
2158 1082 2448 1137 occidisse.

1950 1175 2117 1246 278
2147 1175 2235 1231 Ill.
2279 1173 2405 1231 Ilaec
2454 1174 2638 1230 omnia
2672 1172 3079 1229 mendaciorum
3120 1177 3373 1243 portenta
3409 1168 3466 1225 in

1879 1269 2159 1325 tradendis
2205 1268 2478 1340 pestiferis
2530 1266 2852 1339 ignorantiae
2901 1281 3016 1321 suae
3064 1264 3343 1337 mysteriis
3397 1263 3464 1317 ad

1880 1369 2213 1418 sectatorum
2245 1361 2539 1431 perniciem
2572 1365 2891 1429 aspergunt,
2920 1357 3086 1428 idque
3126 1356 3464 1411 admonent:

1882 1455 2079 1512 debere
2106 1454 2403 1526 quemlibet
2431 1454 2713 1510 fortiorem
2752 1451 2856 1507 sibi
2895 1451 3158 1523 adoptare
3184 1450 3465 1512 virtutem,

1884 1556 2048 1618 atque
2074 1548 2143 1602 ab
2178 1546 2421 1603 inferiori
2460 1554 2515 1602 et
2544 1545 2886 1601 imbecilliori
2923 1544 3178 1611 secerni,
3217 1555 3281 1597 ea
3316 1540 3468 1597 vide~

1883 1639 2029 1703 licet,
2058 1654 2179 1709 qum
2202 1647 2257 1693 et
2281 1639 2480 1693 caelum
2514 1645 2569 1693 et
2591 1652 2836 1704 carnem,
2864 1644 2917 1692 et
2945 1634 3208 1691 mundum
3241 1632 3474 1687 fabrica-

192 1721 431 1792 κόσμον·
491 1726 585 1776 καὶ
632 1724 982 1795 ὑπερϐαίνειν
1030 1726 1109 1790 είς
1156 1724 1225 1779 τὰ
1268 1723 1517 1778 ἀνώτατα
1564 1722 1655 1776 διὰ
1686 1723 1785 1793 τῆς

1957 1731 2060 1785 rit:
2092 1732 2281 1801 sicque
2306 1731 2371 1785 ad
2398 1730 2685 1802 superiora
2726 1746 2822 1801 per
2849 1728 3055 1785 Christi
3093 1728 3311 1783 evolare
3336 1740 3471 1798 sup-

191 1813 292 1867 τοῦ
342 1815 578 1886 Χριστοῦ
631 1818 1009 1887 σταυρώσεως.
1057 1818 1156 1871 Διά
1189 1818 1297 1891 γὰρ
1345 1818 1532 1887 τοῦτοῗ,
1596 1817 1783 1889 φησὶν,

192 1902 365 1977 ἦλθεν
427 1908 667 1973 ἀνωθεν,
727 1911 812 1964 ἵνα
867 1913 926 1965 ἐν
980 1912 1129 1983 αύτῷ
1181 1912 1501 1984 ἐπιτελεσθῇ
1558 1911 1788 1983 δύναμις

195 2000 424 2071 ἰσχυρὰ,
478 2000 621 2054 κατά
670 2002 769 2073 τῆς
801 2003 1196 2078 ἀσθενεστέρας
1250 2006 1529 2077 δυνάμεως
1565 2005 1627 2059 τὸ
1665 2005 1791 2078 τρό-

194 2109 366 2146 παιον
419 2092 681 2159 λαϐοῦσα,
720 2096 814 2149 καὶ
870 2094 933 2151 τὸ
981 2098 1141 2171 σῶμα
1191 2098 1528 2170 παραδοῦσα.
1582 2099 1693 2153 Καὶ
1738 2098 1788 2153 οἱ

197 2186 306 2255 μὲν
355 2187 536 2240 αὐτῶν
586 2188 747 2242 τοῦτο
795 2189 1066 2259 λέγουσιν,
1120 2191 1269 2245 ἄλλοι
1302 2191 1357 2244 δὲ
1389 2191 1542 2247 ἄλλα.
1594 2193 1658 2246 Ol.
1693 2192 1791 2264 μὲν

194 2276 315 2349 γὰρ
358 2278 597 2346 λέγουσι,
648 2280 737 2334 διὰ
791 2282 851 2335 τὸ
907 2283 1143 2355 πονηρὸν
1185 2279 1325 2339 εἶναι
1382 2284 1475 2338 τὸν
1534 2286 1790 2356 Χριστὸν,

196 2370 578 2441 παραδοθῆναι
622 2372 784 2427 αὐτὸν
829 2375 933 2428 ὑπὸ
956 2375 1049 2429 τοῦ
1100 2376 1291 2441 Ἰούδα,
1325 2376 1648 2448 βουλόμενον
1679 2378 1793 2432 δια-

201 2460 467 2533 στρέφειν
500 2463 567 2517 τὰ
616 2465 759 2519 κατὰ
808 2466 898 2520 τὸν
952 2467 1137 2539 νόμον.
1196 2468 1506 2523 Ἐπαινοῦσι
1559 2470 1668 2541 γὰρ
1704 2469 1793 2525 τὸν

198 2554 350 2607 Κάῖν
383 2556 476 2609 καὶ
512 2557 603 2611 τὸν
644 2558 865 2627 Ἰούδαν,
902 2560 977 2624 ώς
1010 2560 1166 2633 ἔφην,
1188 2562 1283 2615 καὶ
1320 2561 1571 2631 λέγουσι·
1604 2562 1794 2617 τούτου

200 2649 400 2703 ἕνεκεν
433 2651 815 2722 παραδέδωκεν
857 2654 1040 2720 αὐτὸν,
1096 2656 1281 2728 ἐπειδὴ
1334 2656 1593 2727 ἠϐούλετο
1629 2673 1797 2710 κατα-

206 2742 363 2797 λύειν
394 2744 461 2797 τά
494 2745 677 2809 καλῶς
710 2746 1081 2819 δεδιδαγμένα.
1118 2748 1301 2801 ’Λλλοι
1333 2749 1389 2802 δὲ
1430 2748 1581 2821 [τῶν]
1614 2748 1795 2803 αὐτῶν

202 2836 334 2907 οὐχί
367 2854 549 2906 φασιν,
591 2838 727 2892 ἀλλά
759 2840 963 2908 ἀγαθὸν
992 2840 1154 2895 αὐτὸν
1183 2840 1310 2894 ὅντα
1338 2842 1624 2914 παρέδωκε
1657 2841 1798 2895 κατά

204 2928 312 2999 τὴν
360 2929 679 2999 ἐπουράνιον
729 2930 949 2999 γνῶσιν.
1006 2933 1291 3000 Ἕγνωσαν
1333 2931 1463 3004 γὰρ,
1514 2931 1698 3004 φησὶν,
1748 2932 1796 2985 οἱ

206 3022 494 3092 ἄρχοντες,
550 3022 631 3075 ὅτι
694 3022 791 3077 ἐὰν
845 3025 875 3077 ό
925 3024 1158 3094 Χριστὸς
1213 3023 1495 3095 παραδοθῇ
1556 3022 1794 3094 σταυρῷ,

1890 1824 2134 1894 plicium.
2170 1822 2319 1879 Hanc
2368 1824 2513 1879 enim
2555 1822 2724 1879 fuisse
2764 1836 2987 1877 causam
3035 1820 3256 1885 volunt,
3310 1833 3414 1873 cur
3444 1833 3476 1874 e

1889 1919 2030 1974 caelo
2059 1918 2317 1988 delapsus
2350 1918 2459 1985 sit;
2491 1916 2749 1972 nimirum
2783 1923 2843 1970 ut
2885 1913 3047 1971 fortis
3083 1914 3137 1968 in
3180 1914 3301 1984 ipso
3345 1912 3479 1968 soli—

1891 2012 2119 2083 diorque
2154 2012 2326 2067 virtus
2351 2009 2727 2094 perﬁceretur,
2763 2024 2829 2064 ac
2865 2006 2932 2063 de
2958 2005 3258 2061 inﬁrmiore
3282 2000 3480 2059 trium;

1891 2105 2057 2178 phum
2096 2103 2367 2167 referret,
2412 2116 2723 2175 corpusque
2769 2099 3027 2155 traderet.
3070 2096 3195 2153 "(ec
3229 2094 3478 2152 nonnulli

1891 2213 1958 2255 ex
2012 2196 2188 2268 ipsis,
2238 2194 2331 2250 alii
2371 2208 2502 2249 vero
2552 2193 2659 2248 alia
2703 2191 3020 2263 praedicant.
3055 2188 3289 2255 Quidam
3331 2186 3477 2242 enim

1892 2289 2195 2353 Christum,
2231 2287 2375 2358 quod
2412 2286 2587 2341 malus
2618 2292 2785 2348 esset,
2819 2298 2884 2339 ac
2912 2283 3048 2354 legis
3081 2281 3333 2337 instituta
3362 2279 3479 2335 vio-

1894 2382 2007 2437 lare
2033 2381 2294 2445 auderet,
2323 2395 2355 2433 a
2397 2377 2535 2434 Iuda
2566 2376 2848 2449 proditum
2884 2374 3221 2431 existimant.
3251 2372 3480 2429 Cainum

1894 2475 2069 2541 enim,
2104 2481 2163 2529 ut
2200 2473 2469 2538 diximus,
2504 2469 2812 2540 Judamque
2838 2474 3171 2523 venerantur
3200 2482 3215 2531 ;
3252 2466 3483 2535 ejusque

1894 2567 1974 2622 rei
2012 2565 2207 2636 gratia,
2244 2564 2516 2635 inquiunt,
2549 2562 2699 2616 illum
2729 2560 2992 2631 prodidit,
3027 2558 3175 2629 quod
3216 2556 3484 2628 praeclare

1897 2658 2095 2714 tradita
2137 2657 2424 2728 antiquare
2455 2656 2636 2711 vellet.
2691 2655 2796 2708 Alii
2844 2667 2975 2707 vero
3016 2652 3173 2705 aliter
3216 2649 3482 2713 sentiunt,

1897 2760 1957 2806 ut
1991 2750 2207 2805 tametsi
2236 2749 2413 2804 bonus
2447 2754 2595 2805 esset
2620 2790 2634 2813 ,
2670 2762 2736 2803 ex
2768 2744 2979 2801 cmlesti
3018 2742 3254 2814 quadam
3297 2741 3487 2811 cogni-

1897 2844 2043 2897 tione
2076 2841 2148 2896 sit
2177 2839 2449 2911 proditus.
2488 2836 2697 2893 Norant
2744 2836 2913 2900 enim,
2955 2834 3132 2897 aiunt,
3184 2830 3483 2903 principes,

1898 2934 1944 2988 si
1987 2933 2239 2989 Christus
2270 2932 2326 2986 in
2375 2945 2595 2986 crucem
2648 2928 2929 2984 tolleretur
2954 2966 2969 2991 ,
3006 2928 3247 2995 ipsorum
3277 2922 3485 2977 exhau-

1899 3032 2043 3081 stum
2076 3025 2142 3079 iri
2173 3024 2471 3096 potentiam
2503 3036 2753 3087 omnem;
2812 3017 2959 3089 quod
3009 3032 3135 3072 cum
3163 3014 3334 3071 Judas
3376 3028 3487 3069 non

210 3111 472 3167 κενοῦται
526 3114 704 3168 αὐτῶν
749 3118 781 3184 ἠ
837 3115 1108 3188 (ἀσθενὴς)
1161 3116 1408 3188 δύναμις.
1456 3116 1567 3170 Καὶ
1620 3115 1795 3179 τοῦτο,

1963 3123 2207 3181 noraret,
2238 3114 2565 3177 maturavit,
2599 3125 2927 3180 omnemque
2952 3108 3170 3180 lapiden
3210 3107 3396 3171 movit,
3430 3112 3490 3160 ut

212 3204 374 3273 φησι,
405 3205 565 3273 γνοὺς
595 3207 623 3258 ὁ
666 3203 865 3269 Ἰούδας
893 3206 1145 3269 ἔσπευσε,
1174 3207 1269 3260 καὶ
1313 3206 1492 3261 πάντα
1528 3206 1799 3277 ἐκίνησεν,

210 3294 363 3349 ὥστε
399 3297 731 3370 παραδοῦναι
758 3299 941 3363 αὑτὸν,
969 3299 1172 3369 ἀγαθὸν
1204 3300 1365 3373 ἔργον
1406 3300 1637 3372 ποιήσας
1671 3301 1804 3370 ημῖν

213 3389 300 3452 εἰς
333 3390 624 3461 σωτηρίαν.
665 3391 773 3443 Καὶ
796 3390 876 3444 δεῖ
907 3392 1054 3462 ἡμᾶς
1080 3391 1341 3456 ἐπαινεῖν,
1375 3390 1466 3444 καὶ
1496 3388 1804 3443 ἀποδιδόναι

214 3482 373 3553 αὐτῷ
404 3482 495 3537 τὸν
534 3483 775 3549 ἔπαινον,
808 3485 889 3538 ὃτι
934 3484 999 3537 δι’
1035 3484 1201 3538 αὐτοῦ
1236 3480 1648 3553 κατεσκευάσθη
1676 3482 1806 3552 ἡμῖν

215 3578 255 3649 ἡ
304 3576 400 3630 τοῦ
456 3577 691 3649 σταυροῦ
736 3578 1002 3650 οθωτηρία,
1046 3578 1141 3631 καὶ
1176 3580 1210 3649 ή
1260 3577 1349 3631 διά
1401 3576 1500 3648 τῆς
1553 3574 1808 3647 τοιαύτης

217 3668 536 3733 ὑποθέσεως
567 3670 677 3725 τῶν
705 3672 817 3725 ἀνω
846 3670 1208 3740 ἀποκάλυψις.

294 3764 452 3817 Κατὰ
484 3765 661 3819 πάντα
692 3765 747 3818 δὲ
777 3765 978 3836 τρόπον
1006 3759 1149 3819 οῦτοι
1184 3765 1513 3835 ηπάτηνται,
1544 3763 1644 3816 οὐκ
1672 3762 1811 3832 ἀγα-

218 3857 317 3911 Οόν
359 3876 479 3911 τινα
512 3856 778 3927 τιμῶντες
808 3858 840 3928 ἢ
873 3856 1236 3920 ἐπαινοῦντες.
1292 3856 1461 3927 Δῆλον
1508 3855 1586 3921 δὲ,
1615 3855 1697 3908 ὅτι
1747 3856 1811 3908 ἐκ

219 3948 323 4003 τοῦ
387 3950 635 4003 διαϐόλου
694 3950 880 4013 αὐτοῖς
936 3948 1110 4003 ταῦτα
1156 3947 1535 4020 ὑπέσπαρται,
1592 3945 1662 4001 τὰ
1715 3949 1814 4017 τῆς

222 4044 452 4113 ἀγνοίας
486 4042 631 4112 λέγω
672 4042 766 4097 καὶ
800 4042 1035 4113 ἀπάτης.
1069 4041 1379 4113 Πληροῦται
1417 4042 1473 4095 δέ
1511 4042 1596 4095 ἐπ’
1631 4041 1815 4103 αὐτοῖς

221 4140 287 4192 τὸ
345 4138 771 4209 γεγραμμένον·
832 4136 976 4191 Οὐαὶ
1016 4135 1141 4202 τοῖς
1190 4135 1441 4205 λέγουσι
1496 4135 1561 4189 τὸ
1626 4133 1817 4188 καλὸν

222 4232 521 4300 πονηρὸν,
558 4232 655 4285 καὶ
715 4232 783 4285 τὸ
834 4230 1105 4300 πονηρὸν
1155 4229 1416 4301 ἀγαθόν·
1465 4232 1520 4283 ol
1558 4227 1819 4294 τιθέντες

222 4329 295 4383 τὸ
332 4328 554 4393 σκότος
588 4326 734 4395 φῶς,
766 4325 864 4379 καὶ
900 4325 966 4379 τὸ
1000 4324 1125 4394 φῶς
1158 4324 1414 4389 σκότος·
1456 4324 1512 4375 ol
1536 4322 1819 4391 λέγοντες

223 4421 297 4474 τὸ
331 4420 529 4489 γλυκὺ
582 4420 819 4487 πικρὸν,
866 4418 965 4471 καὶ
1000 4420 1066 4470 τὸ
1110 4416 1327 4485 πικρὸν
1364 4416 1578 4486 γλυκύ.
1634 4414 1819 4484 Πάντη

1905 3224 2028 3265 eum
2062 3208 2266 3264 Judaais
2303 3207 2560 3263 traderet.
2590 3203 2709 3271 Qua
2743 3205 2798 3259 iu
2832 3219 2892 3258 re
2922 3201 3138 3272 egregie
3181 3199 3346 3254 saluti
3386 3214 3489 3253 no-

1905 3312 2034 3367 stra:
2071 3303 2367 3359 consuluit.
2400 3300 2477 3355 Ac
2516 3307 2801 3371 propterea
2846 3296 3102 3351 laudibus
3139 3309 3263 3349 eum
3304 3308 3490 3349 remu-

1905 3396 2090 3451 nerari
2118 3410 2220 3450 nos
2249 3399 2485 3463 oportet,
2527 3390 2688 3462 cujus
2718 3403 2883 3459 opera
2911 3387 3094 3442 crucis
3133 3386 3295 3442 nobis
3341 3385 3491 3440 salus

1906 3497 1991 3543 est
2046 3487 2140 3542 illa
2215 3491 2531 3557 comparata
2562 3523 2578 3549 ,
2646 3495 2861 3538 necnon
2919 3478 3226 3535 cmlestium
3306 3491 3491 3533 rerum

1908 3580 2099 3637 eadem
2131 3594 2198 3635 ex
2220 3577 2511 3635 occasione
2538 3574 2949 3632 communicata
2977 3571 3239 3644 cognitio.

1982 3763 2091 3819 Sed
2124 3778 2249 3819 cum
2287 3759 2380 3817 isti
2420 3757 2649 3814 minime
2683 3756 2889 3812 bonum
2925 3752 3162 3822 aliquem
3195 3749 3404 3804 honore
3434 3760 3498 3800 ac

1911 3856 2074 3911 laude
2109 3858 2531 3926 prosequantur,
2572 3858 2686 3904 toto
2724 3848 2865 3903 cmlo
2891 3844 3083 3915 ,Aquod
3118 3842 3308 3905 aiunt,
3342 3839 3500 3894 aber-

1914 3955 2057 4003 rant.
2097 3945 2286 4017 Neque
2335 3944 2636 3999 obscurum
2678 3938 2811 3994 illud
2849 3946 2932 3992 est
2957 3976 2972 4001 ,
3024 3936 3141 3990 haec
3178 3930 3501 4005 ignorantia:

1917 4040 2236 4111 fraudisque
2266 4036 2475 4093 semina
2520 4032 2655 4104 ipsis
2695 4046 2726 4085 a
2770 4028 2989 4085 diabolo
3024 4040 3247 4098 aspersa
3306 4023 3496 4077 fuisse.

1915 4133 1973 4189 In
2004 4132 2204 4204 quibus
2252 4128 2385 4183 illud
2417 4134 2503 4183 est
2534 4141 2565 4181 e
2600 4124 2885 4195 Scriptura
2926 4118 3252 4192 profectum.
3293 4115 3384 4170 Vw
3411 4115 3501 4186 qui

1917 4226 2099 4281 dicunt
2137 4224 2328 4277 bonum
2368 4219 2570 4274 malum
2594 4258 2609 4282 ,
2665 4226 2713 4271 et
2764 4214 2963 4269 malum
2997 4215 3233 4266 bonum:
3284 4209 3373 4280 qui
3403 4222 3500 4277 pa-

1920 4330 2049 4375 nunt
2076 4317 2317 4373 tenebras
2350 4314 2553 4378 lucem,
2588 4321 2637 4367 et
2670 4311 2835 4365 lucem
2867 4306 3105 4363 tenebras
3133 4322 3151 4361 :
3182 4304 3271 4375 qui
3319 4303 3502 4357 dicunt

1920 4413 2073 4466 dulce
2115 4425 2360 4464 amarum
2417 4414 2467 4460 et
2503 4420 2745 4458 amarum
2786 4400 2937 4454 dulce
2984 4400 3023 4453 ⁸.
3059 4396 3193 4451 Nam
3228 4396 3284 4448 in
3322 4392 3502 4447 Veteri

223 4486 350 4585 γὰρ
372 4514 607 4581 ἐκφωνεῖ
653 4486 866 4566 Παλαιὰ
910 4511 1005 4564 καὶ
1032 4509 1210 4580 Καινὴ
1244 4508 1508 4579 Διαθήκη,
1542 4506 1636 4560 τοῦ
1679 4506 1795 4561 Κάῖ·

1957 4503 2151 4559 tNovo
2181 4500 2529 4557 Testamento
2561 4495 2713 4552 Caini
2755 4492 3006 4563 impietas
3035 4494 3219 4558 aperta
3258 4499 3321 4539 ac
3355 4486 3505 4539 clara

223 4605 331 4677 τὴν
380 4604 639 4659 ἀσέϐειαν
685 4602 1215 4673 ἐπικηρυκευομένη.
1250 4594 1408 4654 Οὗτοι
1439 4600 1519 4664 δὲ,
1563 4597 1658 4653 τοῦ
1690 4598 1817 4653 6x6-

224 4710 363 4756 τους
414 4692 567 4755 ὄντες
612 4692 869 4763 ἐρασταὶ,
907 4691 1001 4745 καὶ
1048 4691 1157 4743 τῶν
1188 4689 1498 4744 κακοποιῶν
1551 4690 1819 4761 μιμηταὶ,

225 4787 327 4840 τὸν
372 4784 538 4838 ’Ἅϐελ
571 4782 811 4855 μισοῦσι,
862 4783 952 4837 τὸν
1004 4783 1060 4837 δὲ
1111 4782 1244 4838 Κάῖν
1300 4782 1575 4852 ἀγαπῶσι,
1597 4783 1704 4835 υκαὶ
1746 4780 1824 4852 τῷ

241 4877 427 4947 Ἰούδᾳ
472 4876 563 4929 τὸν
596 4875 816 4929 ἔπαινον
865 4875 1089 4930 διδόασι.
1139 4875 1475 4947 Φθοριμαίαν
1522 4874 1578 4927 δὲ
1628 4873 1829 4943 γνῶσιν

227 4973 449 5044 ἔχουσι,
502 4970 594 5024 δύο
641 4971 925 5033 τάττοντες
973 4969 1267 5041 δυνάμεις,
1319 4968 1712 5040 ἀσθενεστέραν
1769 4984 1827 5021 τε

228 5069 336 5123 καὶ
400 5067 794 5138 δυνατωτέραν,
850 5064 1294 5135 ἀντιμαχομένας
1355 5063 1411 5116 δέ
1476 5063 1613 5138 προς
1661 5062 1830 5133 ἀλλή-

226 5161 360 5224 λας,
396 5157 653 5221 ποιούσας
676 5134 741 5210 ’δὲ
773 5159 829 5210 ἐν
856 5156 936 5227 τῷ
969 5134 1159 5227 κόσμῳ
1192 5156 1251 5208 ού
1280 5155 1504 5227 γνώμης
1525 5134 1827 5218 ἀλλοίωσιν,

225 5256 381 5313 ἀλλά
427 5255 536 5308 τῶν
574 5255 977 5326 γεγενημένων,
1012 5257 1139 5318 τοὺς
1189 5256 1285 5326 μὲν
1335 5254 1475 5308 κατὰ
1509 5254 1669 5324 φύσιν
1723 5253 1831 5307 ἀπὸ

226 5351 446 5414 κακίας
492 5349 590 5421 τὴν
640 5350 828 5403 ούσίαν
861 5351 1025 5420 ἔχειν,
1077 5350 1202 5413 τοὺς
1247 5348 1303 5402 δέ
1334 5348 1441 5401 ἀπὸ
1474 5348 1830 5419 ἀγαθότητος.

228 5442 451 5496 Οὐδένα
494 5441 549 5494 δὲ
594 5441 735 5495 κατά
774 5441 999 5514 γνώμην
1024 5441 1228 5512 ἀγαθὸν
1259 5441 1290 5511 ἢ
1320 5439 1525 5510 φαῦλον
1560 5440 1829 5509 λέγουσιν,

229 5537 384 5592 ἀλλὰ
412 5534 557 5590 κατά
592 5535 774 5605 φύσιν.
1060 5547 1097 5601 \

323 5722 335 5753 ³
373 5717 482 5776 Isa.
518 5734 569 5776 v.
598 5717 687 5773 20.

1923 4612 2058 4653 voce
2080 4594 2426 4668 praedicatur.
2453 4590 2533 4645 Illi
2584 4596 2765 4643 autem
2818 4584 3167 4641 tenebrarum
3208 4585 3502 4643 amatores,

1928 4710 1993 4751 ac
2022 4691 2393 4749 maleﬁcorum
2426 4684 2727 4738 imitatores
2759 4678 2987 4734 Abelum
3019 4676 3273 4735 oderunt,
3308 4679 3361 4726 et
3391 4670 3508 4724 Cai-

1926 4804 2058 4844 num
2121 4788 2341 4846 amant,
2396 4785 2449 4833 et
2489 4772 2684 4830 Judam
2738 4768 3013 4841 prteconio
3069 4781 3170 4823 suo
3208 4764 3508 4819 celebrant.

1929 4877 2037 4934 Sed
2075 4885 2127 4931 et
2152 4867 2619 4945 perniciosissime
2648 4863 2915 4929 sentiunt,
2954 4859 3084 4914 dum
3115 4858 3369 4911 virtutem
3407 4853 3510 4908 du—

1930 4973 2126 5044 plicem
2150 4963 2522 5022 constituunt,
2554 4955 2883 5012 imbecillam
2905 4995 2921 5021 ,
2948 4961 3003 5008 et
3026 4949 3320 5005 tlrmiorem
3342 4985 3356 5012 ,
3387 4959 3510 5044 quae

1929 5034 2114 5120 secum
2154 5055 2387 5111 invicem
2420 5048 2760 5110 dissideant,
2795 5058 2860 5099 ac
2899 5056 3010 5097 non
3060 5040 3402 5095 voluntatum
3454 5034 3511 5089 in

1934 5152 2138 5212 mundo
2174 5148 2491 5203 varietatem
2522 5139 2792 5196 inferant:
2835 5134 3000 5206 279
3033 5132 3125 5189 sed
3174 5130 3305 5185 illud
3351 5125 3513 5199 perﬁ-

1936 5249 2120 5311 ciant,
2166 5239 2349 5311 utqui
2400 5237 2455 5291 in
2506 5236 2685 5289 lucem
2736 5230 3043 5301 prodeunt,
3096 5225 3187 5280 alii
3220 5223 3447 5293 primum
3484 5231 3513 5271 a

1940 5342 2084 5399 malo
2112 5344 2322 5393 naturae
2350 5329 2638 5401 originem,
2668 5325 2759 5379 alii
2800 5340 2830 5378 a
2865 5324 3008 5378 bono
3046 5319 3343 5374 derivatum
3373 5312 3497 5367 acci-

1940 5436 2112 5507 piant.
2148 5428 2426 5484 Neminem
2483 5421 2629 5476 enim
2663 5418 2741 5472 illi
2789 5432 2855 5472 ex
2907 5414 3074 5469 animi
3123 5407 3514 5466 deliberatione

1942 5498 2147 5583 bonum
2188 5533 2307 5577 esse
2345 5514 2425 5571 vel
2457 5514 2680 5578 malum,
2721 5506 2813 5565 sed
2845 5513 3038 5561 natura
3082 5502 3200 5574 ipsa
3228 5498 3513 5556 deﬁniunt.
