3844 6348
299 264 402 319 659

1691 277 1748 334 S.
1793 277 2136 336 EPlPllANll

3457 286 3560 339 600

365 386 454 442 IV.
491 387 596 446 Sed
630 392 698 448 de
732 392 902 449 Caino
936 395 1169 464 primum
1205 396 1332 468 quid
1372 397 1566 454 Vetere
1595 400 1649 455 in
1680 399 1876 455 Testa-

2048 406 2122 460 A'.
2166 408 2277 462 Καὶ
2308 409 2523 481 πρῶτον
2563 412 2761 484 ἴδωμεν
2789 413 2914 483 περὶ
2949 410 3042 464 τοῦ
3081 411 3238 474 Κάῖν,
3266 409 3341 470 ὡς
3397 408 3435 476 ἡ
3467 407 3563 476 μὲν

294 491 480 536 mento
507 486 770 556 scriptum
803 490 872 542 sit
899 489 1274 558 inspiciamus.
1305 491 1646 558 Maledictus,
1673 495 1868 564 inquit,

291 579 396 634 eris
422 598 451 635 a
485 589 647 648 terra,
672 599 788 652 qua:
815 587 1018 652 aperuit
1043 603 1099 640 os
1131 604 1305 652 suum,
1337 601 1384 644 et
1412 593 1637 659 suscepit
1661 593 1873 662 sangui-

293 671 410 724 nem
443 672 630 741 fratris
665 677 740 727 tui
767 675 830 730 de
863 695 1021 732 manu
1045 692 1173 734 tua:
1204 682 1339 750 (Μ’)
1366 683 1570 751 erisque
1592 699 1798 753 gemens
1823 695 1873 739 et

296 771 521 819 tremens
551 783 707 836 super
737 779 932 823 terram
961 773 998 825 ¹.
1027 772 1236 838 Quibus
1266 790 1326 828 ea
1352 776 1720 838 consentiunt,
1751 793 1872 847 qua:

294 854 361 908 dar.
391 857 578 911 eodem
616 857 877 914 Dominus
902 862 955 914 in
980 860 1270 933 Evangelio
1302 863 1542 933 loquitur
1566 905 1580 930 ,
1614 880 1738 919 cum
1778 864 1874 920 Ju-

296 945 394 999 daei
438 947 737 1013 dixissent,
771 947 987 1005 Patrem
1018 953 1266 1008 habemus
1303 954 1468 1008 Deum
1493 957 1536 1009 ¹.
1580 954 1672 1010 Sic
1725 958 1870 1011 enim

295 1035 558 1092 Dominus
591 1043 871 1096 occurrit:
917 1043 1015 1097 Vos
1056 1047 1158 1114 filii
1194 1048 1319 1099 estis
1355 1047 1524 1116 patris
1552 1049 1710 1100 vestri
1756 1049 1874 1102 dia-

296 1127 422 1193 boli,
449 1133 697 1200 quoniant
728 1134 953 1189 mendax
980 1148 1093 1201 est;
1121 1140 1369 1208 quoniam
1404 1149 1555 1206 pater
1585 1140 1699 1208 ejus
1727 1157 1873 1194 men-

295 1220 404 1276 dax
431 1231 530 1279 est.
571 1221 673 1278 Ille
697 1212 960 1280 homicida
1008 1229 1111 1296 fuit
1144 1230 1209 1282 ab
1257 1231 1441 1295 initio,
1475 1240 1526 1284 et
1572 1232 1627 1285 in
1657 1233 1874 1286 veritate

295 1332 398 1372 non
442 1319 604 1372 stetit.
641 1319 773 1374 Cum
803 1321 1054 1385 loquitur,
1097 1322 1427 1378 menddcium
1463 1340 1527 1380 ea:
1554 1326 1768 1394 proprio
1799 1326 1875 1381 (o-

294 1411 511 1478 quitur,
552 1413 800 1482 quoniam
855 1425 903 1468 et
962 1426 1112 1484 pater
1167 1417 1285 1486 ejus
1339 1417 1565 1472 mendax
1599 1428 1737 1474 erat.
1796 1419 1872 1474 Ex

295 1516 404 1569 quo
432 1509 486 1557 et
517 1505 749 1561 haereses
772 1506 893 1560 aliae
924 1523 1048 1562 cum
1080 1508 1218 1563 hanc
1246 1525 1433 1566 vocem
1471 1512 1738 1580 audiunt,
1777 1511 1874 1567 Ju-

294 1593 534 1649 daeorum
563 1604 772 1666 patrem
814 1598 1088 1655 diabolum
1124 1617 1246 1658 esse
1271 1602 1490 1667 dicunt,
1523 1604 1610 1658 cui
1649 1612 1703 1660 et
1733 1605 1873 1661 alius

293 1685 366 1742 sit
392 1696 565 1756 pater,
586 1689 820 1761 huicque
845 1693 1030 1748 itidem
1057 1695 1216 1750 alius.
1246 1693 1351 1749 Sed
1377 1705 1645 1751 excaecata
1670 1705 1870 1765 mente,

1981 499 2192 555 Παλαιὰ
2235 502 2475 574 Διαοήκη
2527 505 2722 575 φησίνο
2790 501 3254 569 Ἐπικατάρατος
3306 497 3392 552 σὺ
3447 496 3562 550 ἀπὸ

1979 589 2089 658 τῆς
2123 590 2256 661 γῆς,
2293 591 2424 658 ἣτις
2463 593 2644 660 ἔκανε
2686 593 2751 646 τὸ
2799 594 2994 661 στόμα
3038 590 3228 659 αὐτῆς
3271 587 3561 651 δέξασθαι

1979 681 2046 734 τὸ
2085 677 2229 752 alita
2280 684 2385 738 τοῦ
2417 684 2683 754 ἀδελφοῦ
2723 700 2839 738 σου
2894 684 2962 736 ἐκ
3011 682 3120 750 τῆς
3175 681 3371 749 χειρός
3425 693 3559 731 σου’

1981 771 2075 822 καὶ
2140 771 2332 825 πάλινο
2415 773 2877 842 Ἐπικατάρατος
2928 773 3009 827 σὺ
3066 775 3136 826 ἐν
3185 771 3310 838 τοῖς
3367 771 3563 839 ἔργοις

1980 877 2118 930 σου,
2148 863 2247 917 καὶ
2277 865 2392 935 ἔσῃ
2429 865 2661 920 στένων
2702 867 2800 920 καὶ
2851 866 3076 935 τρέμων
3116 865 3213 919 ἐπὶ
3264 864 3378 931 τῆς
3432 861 3561 932 γῆς.

1982 955 2198 1026 Συνῳδὰ
2227 957 2282 1009 δὲ
2313 961 2377 1028 τῇ
2405 959 2618 1029 Παλαιᾷ
2648 957 2890 1030 Διαϐήκῃ
2920 960 2946 1010 ὁ
2971 957 3172 1028 Κύριος
3196 958 3252 1009 ὲν
3277 955 3357 1022 τῷ
3386 957 3564 1022 Εὐαγ-

1979 1049 2146 1119 γελίῳ
2207 1052 2328 1122 περὶ
2381 1051 2570 1104 τούτου
2621 1052 2787 1120 λέγει,
2869 1053 2957 1104 ὅτε
3035 1050 3276 1104 Ἰουδαῖοι
3343 1049 3559 1117 ἔλεγον

1992 1142 2183 1212 Ἡμεῖς
2212 1143 2442 1214 Πατέρα
2487 1143 2705 1214 ἔχομεν
2750 1144 2857 1199 τὸν
2909 1145 3077 1198 Θεόν.
3136 1143 3194 1197 Ὀ
3248 1142 3304 1196 δὲ
3359 1141 3564 1213 Κύριος

1980 1233 2118 1306 πρὸς
2159 1235 2356 1298 αὐτοὺς
2404 1234 2536 1304 ἔφη’
2583 1233 2779 1304 Ὑμεῖς
2836 1235 2956 1293 vlol
2986 1235 3128 1288 ἐστε
3179 1232 3288 1287 τοῦ
3339 1232 3565 1302 ,πατρὸς

1980 1326 2148 1398 ὑμῶν
2192 1328 2296 1382 τοῦ
2330 1327 2650 1391 διαϐόλου,
2693 1326 2782 1381 ὅτι
2831 1328 3107 1396 ψεύστης
3150 1327 3342 1380 ἐστίν·
3404 1326 3496 1378 ὅτι
3522 1327 3565 1393 ο

1981 1419 2176 1489 πατὴρ
2227 1418 2413 1473 αὑτοῦ
2451 1421 2725 1487 ψεύστης
2775 1415 2872 1491 ἦν.
2937 1419 3203 1485 Ἐκεῖνος
3256 1419 3564 1487 ἀνθρωπο-

1982 1513 2197 1576 κτόνος
2228 1506 2326 1580 ἦν,
2357 1509 2454 1562 καὶ
2481 1509 2550 1562 ἐν
2569 1508 2642 1577 τῇ
2671 1509 2923 1576 ἀληθείᾳ
2943 1511 3054 1562 οὐκ
3085 1507 3349 1576 ἔμεινεν.
3391 1505 3566 1556 Ὅταν

1979 1602 2176 1666 λαλεῖ,
2210 1601 2277 1656 τὸ
2310 1600 2538 1670 ψεῦδος
2566 1601 2635 1654 ἐκ
2675 1600 2794 1654 τῶν
2826 1599 2994 1653 ίδίων
3043 1597 3253 1652 λαλεῖ·
3281 1598 3370 1650 ὅτι
3403 1595 3502 1649 καὶ
3534 1598 3566 1648 ὀ

1982 1694 2179 1763 πατὴρ
2211 1691 2398 1748 αὑτοῦ
2430 1693 2704 1761 ψεύστης
2730 1687 2831 1760 ἦν.
2866 1691 3029 1743 Ὅθεν
3062 1690 3154 1742 καὶ
3198 1690 3254 1742 αἱ
3292 1686 3449 1741 ἄλλαι
3481 1687 3568 1739 αξ-

292 1777 663 1852 cﬂ‘renataque
717 1783 901 1853 lingua
967 1785 1069 1840 ista
1131 1787 1408 1854 jactitant.
1464 1785 1745 1857 Siquidem
1810 1788 1877 1842 ad

1988 1787 2182 1861 ρέσεις,
2228 1784 2523 1838 ἀκούουσαι
2551 1783 2612 1836 τὸ
2646 1783 2797 1854 ῥῆμα
2845 1780 3024 1846 τοῦτο,
3076 1780 3286 1851 πατέρα
3325 1778 3425 1849 μὲν
3459 1776 3567 1830 τῶν

294 1870 675 1927 universorum
702 1872 1014 1940 Dominum,
1045 1892 1108 1932 ac
1132 1876 1477 1942 Judaeorum,
1524 1886 1578 1933 et
1611 1878 1880 1935 Christia-

296 1976 516 2035 norum,
553 1965 798 2034 adeoque
837 1967 1079 2021 omnium
1112 1967 1280 2023 Deum
1311 1969 1457 2025 illius
1494 1971 1878 2040 cognationem

299 2054 581 2112 referunt:
630 2073 866 2128 eumque
906 2070 1110 2128 patrem
1143 2076 1266 2116 esse
1305 2062 1546 2131 parentis
1595 2062 1746 2119 illius
1776 2080 1878 2135 pu-

295 2155 433 2214 tant,
465 2149 558 2218 qui
601 2149 772 2222 Moysi
808 2152 976 2222 legem
1010 2156 1438 2224 praescripserit,
1473 2169 1537 2209 ac
1568 2162 1678 2210 tam
1710 2157 1880 2212 multa

295 2241 544 2313 prodigia
581 2246 894 2313 patraverit.
929 2243 1034 2300 Sed
1087 2247 1242 2318 longe
1271 2263 1330 2303 se
1375 2263 1464 2303 res
1493 2248 1650 2304 aliter
1694 2249 1876 2317 habet,

296 2349 332 2388 o
384 2334 728 2391 charissime.
797 2336 931 2391 Nam
977 2338 1210 2396 subinde
1265 2339 1526 2398 Dominus
1585 2341 1761 2396 nostri
1822 2340 1877 2394 in

296 2427 554 2485 omnibus
607 2445 794 2484 curam
826 2446 1052 2501 gerens,
1104 2449 1174 2489 ne
1210 2448 1310 2504 pro
1361 2434 1484 2490 aliis
1517 2435 1622 2489 alia
1652 2435 1879 2491 subdole

300 2517 670 2590 ﬁngeremus,
702 2530 795 2576 aut
833 2523 1046 2578 illorum
1096 2535 1300 2594 patrem
1351 2541 1538 2581 revera
1597 2527 1879 2583 existima-

299 2627 485 2668 remus
513 2628 636 2668 esse
666 2613 943 2670 diabolum
964 2655 978 2680 ,
1014 2617 1086 2670 ita
1133 2617 1432 2688 discipulos
1463 2634 1595 2676 suos
1643 2620 1878 2690 alloqui-

297 2711 426 2759 tur:
462 2703 651 2760 Nonne
695 2708 965 2761 duodecim
1006 2724 1092 2762 vos
1126 2708 1294 2780 elegi,
1333 2720 1384 2764 et
1427 2727 1564 2765 unus
1619 2726 1685 2765 ea:
1733 2710 1878 2767 vobis

296 2796 538 2852 diabolus
565 2809 642 2853 est
662 2800 728 2853 3?
759 2815 869 2855 non
898 2817 1022 2857 cum
1056 2810 1250 2856 natura
1284 2843 1300 2867 ,
1340 2803 1434 2860 sed
1479 2805 1664 2859 animo
1689 2804 1880 2859 diabo-

297 2890 408 2944 lum
453 2907 576 2947 esse
613 2892 956 2963 signiﬁcans.
1008 2894 1206 2950 lterum
1248 2896 1356 2951 alio
1401 2896 1456 2950 in
1498 2896 1663 2952 loco:
1716 2895 1878 2951 Pater

298 2982 519 3037 Domine
546 2986 662 3038 ειειὶ
698 3003 760 3039 ac
789 2996 943 3041 terrae
971 3027 986 3052 ,
1017 3004 1166 3042 serva
1209 3004 1295 3042 eos
1326 3005 1456 3060 quos
1503 2988 1696 3044 dedisti
1727 2990 1872 3044 mihi.

295 3072 429 3127 Cum
468 3091 616 3128 eram
664 3092 780 3129 eum
831 3079 1292 3145 ipsis,servabam
1339 3096 1465 3146 eos,
1517 3090 1567 3135 et
1616 3097 1765 3135 nemo
1811 3095 1876 3133 ex

294 3167 407 3222 illis
433 3170 728 3236 periit,nisi
760 3171 905 3239 ﬁlius
930 3173 1238 3238 perditionis
1267 3172 1309 3226 ⁸.
1328 3173 1475 3229 Alias
1505 3175 1631 3229 item
1657 3191 1670 3228 :
1702 3172 1874 3243 Opor-

281 3269 368 3313 tet
414 3259 614 3315 Filium
643 3262 871 3318 hominis
907 3265 1070 3328 tradi,
1112 3265 1246 3318 sicut
1293 3267 1549 3334 scriptum
1586 3275 1664 3320 est
1699 3265 1762 3320 de
1792 3281 1873 3320 eo.

307 3353 398 3408 Vte
427 3363 602 3409 autem
627 3356 676 3409 ei
709 3373 803 3425 per
835 3373 988 3426 quem
1030 3357 1290 3412 tradetur.
1334 3357 1540 3412 Bonum
1578 3359 1714 3412 enim
1761 3366 1879 3412 erat

295 3444 364 3509 ei,
396 3445 443 3498 si
477 3457 634 3499 natus
671 3463 774 3498 uon
805 3446 990 3515 {uisset
1024 3450 1176 3501 homo
1201 3448 1290 3502 ille
1321 3449 1365 3514 ⁵,
1405 3456 1460 3504 ct
1495 3458 1710 3504 caetera.

1995 1878 2262 1934 Ἰουδαίων
2318 1876 2618 1945 φάσκουσιν
2671 1870 2810 1928 εἶναι
2863 1873 2955 1927 τὸν
3006 1871 3270 1934 διάϐολον,
3318 1870 3466 1948 ἔχειν
3509 1885 3568 1921 τε

1983 1971 2195 2042 πατέρα
2221 1968 2398 2032 ἄλλον,
2438 1967 2532 2022 καὶ
2557 1967 2647 2021 τὸν
2678 1963 2842 2048 αὑτοῦ
2876 1963 3088 2035 πατέρα
3131 1962 3292 2015 πάλιν
3330 1960 3567 2030 πατέρα.

1993 2062 2156 2117 Ἀλλὰ
2198 2057 2624 2133 ἀθυρογλώττως
2675 2057 3023 2127 φθέγγονται,
3070 2054 3167 2126 τὴν
3199 2052 3444 2106 διάνοιαν
3477 2068 3572 2103 τυ-

1982 2155 2333 2226 φλώττοντες.
2369 2153 2478 2206 Καὶ
2501 2151 2572 2221 γὰ
2581 2170 2610 2223 ρ
2640 2151 2732 2204 ἐπὶ
2759 2149 2849 2202 τὸν
2872 2148 3089 2201 πάντων
3112 2144 3414 2215 Δεσπότην,
3433 2143 3569 2197 Θεὸν

1995 2248 2262 2303 Ἰουδαίων
2290 2263 2349 2298 τε
2379 2245 2472 2299 καὶ
2517 2241 2858 2315 Χριστιανῶν
2898 2241 2992 2294 καὶ⁹
3024 2239 3262 2304 πάντων,
3296 2235 3396 2307 τὴν
3440 2252 3574 2303 συγ-

1980 2340 2195 2410 γένειαν
2222 2338 2415 2409 ἐκείνῳ
2447 2338 2467 2369 ⁷
2498 2337 2782 2405 ἀνάγουσι,
2815 2332 3000 2388 τοῦτον
3047 2330 3263 2400 Πατέρα
3295 2327 3391 2381 τοῦ
3425 2328 3573 2380 ὲκεί-

1982 2453 2074 2490 νου
2125 2431 2338 2504 [ἰατρὸς
2389 2428 2524 2484 εἶναι
2560 2429 2825 2497 λέγοντες,
2862 2426 2954 2480 τὸν
2999 2424 3437 2495 νομοθετήσαντα
3482 2420 3574 2474 δια

1983 2524 2282 2586 Μωῦσέως,
2315 2521 2410 2575 καὶ
2442 2517 2681 2573 τοσαῦτα
2733 2516 3008 2587 Θαυμάσια
3045 2514 3402 2584 πεποιηκότα.
3453 2512 3572 2566 Οὐκ

1982 2617 2095 2671 ἐστι
2129 2616 2185 2669 δὲ
2209 2613 2384 2677 τοῦτο,
2428 2607 2472 2666 ὦ
2505 2610 2756 2681 άγαπητέ
2786 2611 2830 2664 ³.
2865 2609 3040 2672 Αὐτὸς
3067 2608 3175 2680 γὰρ
3207 2606 3368 2670 εὐθύς
3401 2623 3576 2678 φησιν

1981 2712 2010 2764 6
2052 2707 2278 2780 Κύριος,
2324 2707 2382 2760 ὲν
2428 2705 2630 2759 ἅπασιν
2671 2700 2830 2774 ἡμῶν
2868 2701 2964 2773 τὴν
3015 2701 3333 2771 ἐπιμέλειαν
3382 2698 3572 2756 ποιοῦ-

1985 2819 2165 2874 μενος,
2204 2801 2292 2854 ἵνα
2322 2799 2396 2869 μὴ
2425 2799 2482 2851 ἐν
2517 2795 2855 2867 παρεκϐάσει
2905 2793 3190 2866 γενώμεθα
3220 2793 3311 2847 τοῦ
3344 2809 3573 2863 προκει-

1985 2896 2172 2967 μένου,
2205 2892 2369 2964 ἕτερα
2414 2888 2530 2945 ἀνθ’
2565 2889 2767 2960 ἐτέρων
2807 2887 3148 2958 σοφιζόμενοι
3193 2887 3285 2938 καὶ
3323 2883 3574 2939 διανοοὺ-

1985 3004 2152 3059 μενοι,
2187 2984 2357 3053 λέγει,
2398 2983 2608 3052 πατέρα
2637 2978 2818 3034 αὐτῶν
2858 2974 2997 3033 εἶναι
3038 2978 3130 3031 τὸν
3175 2975 3442 3041 διάϐολον,
3485 2975 3576 3030 λέ-

1981 3096 2092 3149 γων
2127 3077 2262 3148 πρὸς
2291 3077 2418 3140 τοὺς
2465 3073 2745 3144 μαθητάςο
2789 3073 2934 3142 Οὐχὶ
2965 3072 3107 3138 τοὺς
3147 3069 3377 3125 δώδεκα
3413 3071 3576 3140 ὑμᾶς

1982 3163 2379 3234 ἐξελεξάμην,
2447 3164 2545 3217 καὶ
2597 3159 2685 3229 εἷς
2740 3163 2808 3228 ἐξ
2861 3162 3028 3232 ὑμῶν
3074 3161 3392 3227 διάϐολος;
3448 3163 3574 3231 οὐχὶ

1983 3257 2230 3321 διάϐολος
2267 3257 2440 3326 λέγων
2471 3255 2650 3326 φύσει,
2682 3255 2817 3309 ἀλλὰ
2846 3255 2984 3309 κατὰ
3021 3255 3263 3326 γνώμην.
3316 3255 3488 3308 Πάλιν
3517 3254 3576 3309 δὲ

1987 3351 2044 3404 ὲν
2092 3349 2263 3421 ἑτέρῳ
2305 3348 2455 3418 τόπῳ
2499 3347 2680 3417 λέγει’
2725 3347 2937 3416 Πάτερ,
2960 3348 3134 3416 Κύριε
3171 3347 3449 3416 οὐρανοῦ·
3473 3347 3575 3401 καὶ

1987 3440 2121 3513 γῆς,
2184 3438 2454 3508 τήρησον
2504 3439 2756 3505 τούτους
2803 3438 2910 3505 οὓς
2968 3437 3232 3504 δέδωκάς
3281 3457 3405 3509 μοι.
3443 3440 3579 3493 Ὅτε

294 3536 461 3608 ήμην
497 3539 624 3609 μετ’
669 3539 886 3608 αὐτῶν,
940 3543 1213 3612 ἐφύλαξα
1249 3543 1493 3611 αὐτοὺς,
1527 3543 1625 3598 καὶ
1680 3543 1880 3609 οὐδεὶς
1915 3539 1985 3605 ἐξ
2049 3534 2248 3592 αὐτῶν
2281 3535 2575 3603 ἀπώλετο,
2610 3537 2662 3588 εί
2678 3535 2764 3604 μὴ
2800 3538 2833 3590 ό
2887 3534 3017 3621 υἱὸς
3055 3533 3161 3604 τῆς
3211 3534 3536 3602 ἀπωλείας.

295 3631 466 3686 Πάλιν
503 3631 692 3689 ἄλλοτε
736 3634 906 3704 λέγει,
970 3638 1053 3691 ὅτι
1082 3637 1201 3691 ’Δεῖ
1221 3638 1328 3692 τὸν
1389 3640 1526 3694 Υίὸν
1567 3640 1674 3694 τοῦ
1740 3635 2057 3707 ἀνθρώπου
2126 3629 2538 3700 παραδοθῆναι
2607 3630 2756 3684 κατὰ
2820 3631 2887 3684 τὸ
2948 3632 3353 3702 γεγραμμένον
3403 3631 3535 3700 περὶ

297 3722 505 3778 αὐτοῦ.
560 3724 705 3779 Οὐαί
732 3724 800 3779 δὲ
831 3727 906 3781 δι’
945 3725 1017 3784 οὗ
1048 3730 1548 3801 παραδοθήσεται.
1583 3732 1884 3802 Συνέερερε
1922 3729 2031 3800 γὰρ
2061 3725 2221 3791 αὐτῷ
2252 3727 2304 3780 εὶ
2333 3726 2444 3779 οὐκ
2483 3723 2796 3794 ἐγεννήθη.
2825 3723 2920 3778 καὶ
2948 3723 3014 3777 τά
3045 3723 3190 3794 ἑξῆς.

368 3812 536 3884 280
575 3813 690 3870 Hoc
728 3816 894 3888 igitur
930 3820 1219 3876 manifeste
1245 3823 1600 3890 cognovimus
1645 3823 1712 3879 de
1743 3822 1883 3877 Juda

299 3905 636 3963 intellexisse
681 3924 804 3964 cum
848 3911 1052 3969 Iudaeis
1106 3915 1442 3985 loqueretur.
1495 3920 1540 3971 A
1592 3934 1701 3989 quo
1739 3918 1882 3974 enim

301 3994 532 4066 quisque
556 4009 847 4071 superatus
881 4009 984 4069 est,
1021 4003 1183 4074 hujus
1212 4013 1265 4060 et
1295 4023 1487 4064 servus
1515 4017 1599 4064 est
1623 4025 1638 4075 ,'
1677 4023 1740 4063 ac
1769 4008 1887 4063 cui-

298 4099 517 4155 cunque
553 4089 750 4158 aliquis
806 4090 1170 4162 Obsequitur,
1229 4095 1374 4151 hune
1435 4108 1487 4152 et
1536 4099 1707 4168 patris
1765 4098 1887 4153 loco

300 4173 502 4242 habet,
533 4186 589 4233 et
633 4181 882 4251 obsequii
938 4185 1024 4239 sui
1073 4194 1356 4242 auctorem
1387 4189 1655 4259 agnoscit.
1705 4187 1887 4254 Quare

299 4270 425 4326 ideo
474 4271 606 4327 iisce
647 4274 827 4329 verbis
870 4274 1136 4334 Dominus
1182 4280 1387 4335 utitur:
1443 4279 1545 4336 Vos
1583 4281 1683 4351 filii
1716 4283 1886 4350 patris

302 4359 463 4417 vestri
480 4361 684 4416 diaboli
703 4364 849 4424 estis,
879 4368 1022 4435 quod
1043 4364 1195 4423 Iuda:
1210 4367 1413 4424 Christi
1438 4370 1556 4424 loco
1582 4372 1885 4440 paruerint,

2061 3816 2203 3888 ’Λρα
2228 3816 2358 3884 γοῦν
2391 3815 2691 3880 ὲξάπαντος
2723 3815 2990 3886 ἔγνωμεν,
3014 3814 3089 3878 ὡς
3119 3813 3244 3886 περὶ
3270 3814 3365 3868 τοῦ
3404 3813 3574 3872 Ἰούδα

1987 3909 2141 3979 ἔλεγε
2185 3911 2297 3973 τοῖς
2343 3909 2651 3972 Ἰουδαίοις·
2707 3900 2750 3976 ᾧ
2803 3907 2912 3980 γάρ
2971 3925 3055 3972 τις
3097 3907 3346 3978 ἣττηται,
3399 3907 3576 3981 τούτῳ

1988 4009 2082 4062 καὶ
2115 4006 2435 4061 δεδούλωται
2455 4022 2468 4036 ·
2502 4005 2596 4058 καὶ
2628 3995 2672 4074 ᾧ
2715 4020 2798 4067 τις
2829 4001 3093 4067 πείθεται,
3125 4001 3312 4054 τοῦτον
3360 4003 3575 4072 πατέρα

1990 4102 2211 4174 ἔσχηκε,
2248 4099 2342 4153 καὶ
2381 4095 2623 4168 ἀρχηγὸν
2659 4095 2758 4166 τῆς
2795 4093 2959 4147 αὑτοῦ
2997 4091 3233 4156 πειθοῦς.
3273 4092 3445 4164 Φησὶν
3481 4088 3574 4145 οὖν

1991 4194 2019 4245 6
2047 4192 2283 4264 Κύριοςο
2326 4187 2524 4257 “Υμεῖς
2561 4185 2677 4241 υἱοὶ
2707 4185 2813 4240 τοῦ
2855 4183 3079 4253 πατρὸς
3116 4182 3281 4253 ὑμῶν
3315 4183 3423 4237 τοῦ
3451 4185 3575 4238 δια-

1995 4286 2175 4339 ϐόλου
2220 4281 2410 4342 ἐατέ’,
2441 4279 2628 4352 ἐπειδὴ
2661 4280 2786 4334 ἀντὶ
2835 4279 2928 4333 τοῦ
2981 4278 3218 4351 Χριστοῦ
3268 4277 3345 4349 τῷ
3407 4277 3574 4348 Ἰούδα

1993 4373 2346 4446 ἐπείσθησαν,
2387 4370 2638 4440 καθάπερ
2667 4369 2774 4423 ἀπὸ
2803 4367 2938 4422 Θεοῦ
2969 4368 3260 4422 ἐκκλίνασα
3288 4371 3321 4438 ἡ
3358 4367 3473 4420 Εὔα
3500 4367 3575 4438 τῷ

301 4455 761 4525 quemadmodum
794 4459 924 4512 olim
964 4459 1073 4515 Eva
1108 4476 1136 4515 a
1174 4461 1405 4519 Domino
1433 4463 1746 4520 descisceus
1773 4480 1879 4520 ser-

1991 4465 2110 4534 6φει
2149 4443 2218 4531 ἐξ
2244 4461 2421 4535 ἀρχῆς
2455 4459 2701 4532 ἐπείσθη.
2745 4461 2976 4514 Ἔπειτα
3005 4461 3085 4514 ὅτι
3112 4460 3205 4514 καὶ
3238 4458 3481 4529 ψεύστης
3507 4453 3575 4529 ἦν

303 4547 450 4618 penti
497 4564 706 4605 morem
737 4552 925 4620 gessit.
967 4553 1174 4611 Deinde
1201 4557 1346 4627 quod
1378 4572 1487 4612 non
1521 4559 1696 4614 solum
1732 4573 1887 4613 men-

303 4639 411 4695 dax
437 4649 604 4707 esset,
633 4643 727 4699 sed
759 4653 815 4699 et
849 4647 1014 4702 etiam
1047 4649 1167 4714 fur;
1210 4663 1309 4718 pro
1332 4663 1400 4705 eo
1431 4657 1595 4719 atque
1622 4648 1678 4703 in
1707 4647 1887 4703 Evan-

300 4735 443 4805 gelio
483 4736 715 4808 legimus
745 4737 766 4769 ⁸
802 4756 817 4793 :
851 4737 935 4794 Ob
986 4741 1040 4796 id
1098 4741 1309 4797 loculos
1359 4741 1410 4796 ei
1463 4741 1778 4808 commisit,
1819 4757 1890 4796 ne

303 4843 465 4898 quam
512 4831 735 4887 haberet
767 4835 1176 4890 excusationem
1199 4876 1212 4899 ,
1248 4850 1372 4889 cum
1403 4833 1691 4890 Dominum
1729 4850 1890 4890 suum

302 4917 359 4970 in
400 4917 680 4974 hominum
723 4937 918 4980 manus
958 4926 1030 4979 ob
1069 4927 1312 4995 pecuniae
1365 4926 1715 4996 cupiditatem
1771 4935 1891 4979 tra.

302 5008 475 5064 deret.
508 5011 710 5081 Ecquis
740 5029 869 5070 vero
901 5025 1055 5087 pater
1081 5018 1246 5089 hujus
1274 5018 1415 5074 alius
1465 5025 1586 5083 est,
1621 5019 1713 5088 qui
1766 5027 1892 5074 ante

302 5099 480 5169 ipsum
512 5103 742 5158 mendax
782 5105 944 5162 fuerit
967 5116 1164 5178 praeter
1205 5110 1434 5164 Cainum
1460 5151 1474 5175 ,
1515 5125 1676 5182 quem
1723 5107 1892 5164 Judas

306 5190 551 5248 imitatus
581 5195 706 5249 est?
732 5195 822 5252 llle
856 5197 1127 5268 siquidem
1159 5200 1311 5254 fratri
1338 5217 1440 5258 suo
1463 5204 1723 5257 mentitus
1761 5200 1893 5254 cha-

303 5278 484 5335 ritatis
529 5297 654 5336 eum
688 5283 943 5342 fraternae
979 5291 1162 5358 specie
1199 5291 1449 5363 decepit,
1503 5307 1568 5348 ac
1607 5291 1891 5349 mendacio

304 5373 617 5442 persuasit;
654 5385 708 5431 et
739 5376 793 5431 in
823 5392 1014 5450 agrum
1055 5382 1325 5440 seducens
1366 5385 1633 5440 violentas
1665 5385 1742 5439 illi
1776 5400 1892 5438 ma-

380 5516 394 5546 '
426 5513 662 5598 gentm,
700 5517 908 5598 ιιηιε.
985 5523 1020 5598 Ἀ
1044 5519 1203 5598 Joan.
1231 5538 1348 5586 vui,
1380 5523 1444 5598 il
1478 5539 1601 5598 sqq.

305 5601 403 5644 ut.
432 5588 486 5642 li.
567 5586 663 5645 'F.
695 5589 921 5647 ἐκείνου.
999 5593 1020 5625 ⁸
1042 5611 1133 5663 γρ.
1168 5593 1462 5664 ἀγαπητοί.

378 5705 514 5781 (47⁸)
545 5705 642 5765 Hic
677 5709 948 5779 interpres
977 5710 1182 5772 aliquid
1211 5712 1418 5768 omisit.
1449 5711 1606 5771 Εωτ.
1645 5711 1815 5779 l’na.

1993 4556 2053 4610 οὐ
2092 4555 2270 4626 μόνον,
2308 4554 2444 4608 ἀλλὰ
2470 4555 2564 4607 καὶ
2600 4553 2860 4624 κλέπτης,
2895 4553 3035 4608 κατὰ
3078 4551 3138 4606 τὸ
3178 4555 3235 4606 ὲν
3280 4551 3358 4622 τῷ
3393 4553 3577 4621 Εὐαγ-

1995 4647 2160 4718 γελίῳ
2189 4647 2476 4718 εἰρημένον
2497 4661 2510 4675 '
2547 4645 2638 4699 Διὸ
2673 4645 2768 4699 καὶ
2798 4645 2946 4717 αὐτῷ
2979 4645 3260 4717 παρέδωκε
3304 4643 3365 4696 τὸ
3391 4643 3575 4712 γλωσ-

1997 4741 2249 4812 σόκομον,
2293 4741 2378 4793 ἵνα
2427 4736 2911 4813 ἀναπολόγητοςῇ,
2949 4738 3038 4792 διὰ
3083 4737 3448 4809 φιλαργυρίαν
3485 4737 3578 4790 τὸν

1997 4832 2126 4886 ἴδιον
2155 4832 2433 4903 Δεσπότην
2459 4831 2740 4903 παραδοὺς
2765 4831 2846 4894 εἰς
2871 4834 3059 4901 χεῖρας
3107 4827 3429 4900 ἀνθρώπων.
3481 4828 3577 4891 Τις

1994 4918 2086 4977 οὖν
2115 4925 2144 4976 6
2179 4922 2369 4976 τούτου
2398 4922 2600 4995 πατὴρ,
2632 4925 2660 4976 6
2687 4922 2792 4994 πρὸ
2818 4920 2982 4975 αὐτοῦ
3018 4920 3257 4990 ψεύστης
3291 4918 3577 4990 ὑπάρχων,

1992 5014 2108 5067 ἀλλ’
2149 5013 2182 5084 ἦ
2226 5015 2254 5066 6
2311 5013 2472 5078 Κάῖν,
2526 5007 2586 5067 οὗ
2630 5012 2875 5083 μιμητὴς
2923 5012 2951 5063 6
2987 5009 3221 5076 Ἰούδας;
3283 5010 3432 5062 Ἐκεῖ
3469 5008 3580 5078 γὰρ

1991 5107 2334 5178 ψευσάμενος
2370 5106 2448 5178 τῷ
2475 5106 2711 5177 ἀδελφῷ,
2743 5105 2820 5170 ὼς
2867 5107 2924 5159 ἐν
2955 5103 3272 5176 φιλαδελφία
3302 5102 3576 5173 ἡπάτησε,

1993 5200 2088 5253 καὶ
2119 5199 2423 5273 παρέπεισε
2451 5199 2538 5252 διὰ
2570 5198 2663 5252 τοῦ
2693 5197 2942 5267 ψεύδους,
2976 5198 3071 5251 καὶ
3096 5195 3378 5265 ἐξαγαγὼν
3418 5194 3581 5249 αὐτὸν

1993 5295 2051 5347 ἐν
2095 5292 2174 5366 τῷ
2223 5293 2409 5364 πεδίῳ,
2456 5293 2668 5365 ἐπάρας
2714 5289 2811 5363 τὴν
2845 5293 3003 5363 χεῖρα
3035 5289 3376 5343 ἀπέκτεινεν.
3424 5285 3579 5340 Οὖτω

1993 5387 2087 5446 καὶ
2118 5385 2146 5437 ὁ
2203 5385 2426 5452 Ἰούδας,
2478 5386 2538 5441 Τί
2583 5383 2787 5441 θέλετέ
2808 5402 2932 5455 μοι,
2985 5383 3141 5453 φησὶ,
3197 5379 3430 5445 δοῦναι,
3480 5378 3578 5432 καὶ

1695 5523 1896 5595 ’Joan.
1927 5542 2003 5593 vi,
2030 5526 2116 5595 ῃ.
2193 5525 2212 5558 ⁸
2243 5523 2403 5592 Joan.
2436 5541 2564 5590 xvii,
2592 5525 2676 5579 12.
2756 5527 2775 5558 ⁸
2802 5522 2990 5588 Matth.
3025 5535 3170 5588 sui,
3203 5518 3292 5588 24.
3372 5519 3390 5548 ⁸
3418 5515 3573 5582 Joan.
