3768 6182
213 143 321 202 θοι

864 143 1240 202 ADVERSUS
1273 141 1618 199 HERESES
1655 138 1785 197 LIB.
1824 140 1864 196 I.
1909 135 2074 194 TOM.
2117 136 2205 191 III.
2245 168 2314 177 —
2348 133 2624 190 IIASRES.
2647 129 2936 187 XXXVIII.

3353 126 3368 138 ’
3381 115 3493 176 ’602

210 262 330 332 ἐμὼ
366 259 554 315 αὐτὸν
585 261 915 330 παραδώσω
948 262 1125 332 ὑμῖν;
1153 265 1267 329 καὶ,
1302 263 1404 315 Ὃν
1428 263 1506 316 ἂν
1537 261 1749 332 φιλήσι

1949 275 2012 314 us
2037 242 2238 314 attulit.
2274 256 2461 328 Neque
2491 257 2647 310 aliter
2673 251 2870 309 Judas:
2908 250 3048 318 Quid
3075 247 3252 313 vultis,
3284 245 3492 316 inquit;

209 354 398 420 αὑτός
427 353 591 407 ἐστι’
641 353 980 421 κρατήσατε
1014 357 1222 410 αὐτόν.
1259 356 1369 409 Kal
1401 353 1571 407 ἐλθὼν
1607 356 1635 408 6
1666 371 1800 425 προ-

208 444 394 516 δότης,
429 446 628 513 Χαῖρε,
689 446 924 514 Ῥαϐϐὴ,
975 446 1162 516 ἔλεγε·
1204 440 1316 510 τοῖς
1358 446 1558 517 χείλεσι
1599 445 1796 517 τιμῶν,

211 538 446 610 καρδίαν
474 537 529 590 δὲ
564 537 753 610 πόρρω
793 539 1105 610 ἀπέχουσαν
1133 537 1268 592 Θεοῦ
1297 538 1653 610 κεκτημένος.

284 713 362 770 E'.
414 715 558 786 Ἀρα
593 713 725 784 γοῦν
761 707 915 778 οὗτος
938 717 967 768 6
1013 715 1235 781 Ἰούδας,
1275 713 1456 786 πατὴρ
1498 715 1675 770 αὐτῶν
1704 733 1797 784 γε-

205 802 457 874 νόμενος,
489 803 630 858 κατὰ
655 803 753 875 τὴν
783 803 1134 876 άρνησιθεῖαν
1171 805 1265 858 καὶ
1306 805 1587 876 προδοσίαν
1623 806 1797 859 Σατα-

206 899 310 962 va;
353 895 599 968 ὑπάρξας
653 897 742 951 καὶ
792 896 1056 962 διάϐολος,
1105 897 1165 951 ού
1205 900 1268 969 τῇ
1321 897 1500 968 φύσει,
1545 898 1682 951 ἀλλὰ
1727 901 1793 970 τῇ

202 987 428 1062 γνώμῃ,
454 987 568 1052 υίὸς
594 986 884 1060 γεγένηται
914 983 1068 1053 οὗτος
1097 989 1191 1043 τοῦ
1224 991 1362 1044 Κάῖν
1398 991 1536 1045 κατὰ
1566 992 1796 1064 μίμησιν

201 1079 306 1132 τοῦ
337 1080 786 1153 άνθρωποκτόνου
835 1083 930 1136 καὶ
974 1082 1208 1153 ψεύστου
1228 1101 1240 1113 ·
1274 1085 1460 1157 ἐπειδὴ
1505 1087 1600 1139 καὶ
1629 1089 1656 1139 6
1691 1105 1794 1140 πα-

204 1168 317 1241 τὴρ
365 1169 530 1223 αὐτοῦ
581 1171 684 1243 πρὸ
727 1171 890 1225 αὐτοῦ
941 1172 1184 1245 ψεύστης
1229 1169 1318 1245 ἦν,
1364 1176 1460 1247 ούχ
1509 1177 1537 1230 6
1601 1177 1791 1249 Ἀδάμ,

201 1260 327 1314 ἀλλ’
375 1263 404 1315 6
441 1263 688 1327 διάϐολος
711 1279 726 1294 ο
760 1256 820 1316 οὗ
858 1263 958 1335 τὴν
995 1265 1228 1336 μίμησιν
1261 1266 1417 1337 ἔσχεν
1457 1269 1516 1323 ὲν
1546 1271 1610 1339 τῇ
1642 1269 1795 1324 ἀδελ-

205 1353 494 1424 φοκτονίᾳ,
533 1354 703 1424 μίσει,
733 1355 828 1407 καὶ
865 1355 942 1426 τῷ
983 1355 1189 1425 ψεύδει,
1242 1357 1500 1429 καὶπρὸς
1529 1359 1661 1412 Θεὸν
1708 1361 1796 1414 ἀν·

201 1446 454 1518 τιλογίᾳ,
500 1446 580 1517 τῷ
626 1445 824 1516 λέγειν,
852 1448 949 1516 Μὴ
990 1450 1194 1518 φύλαξ
1228 1450 1344 1520 είμὶ
1381 1453 1485 1506 τοῦ
1524 1452 1792 1522 ἀδελφοῦ

199 1554 360 1606 pou;
391 1538 513 1591 Οὐκ
543 1535 675 1592 οἴδα
701 1539 818 1594 ποῦ
852 1539 1044 1594 ἔστιν.
1082 1539 1238 1596 Οὕτω
1282 1543 1373 1595 καὶ
1397 1544 1426 1595 6
1449 1543 1691 1608 διάϐολος
1714 1543 1792 1616 τῷ

203 1630 403 1703 κνρίφ
432 1631 565 1702 φησί
586 1648 600 1661 ·
654 1631 753 1700 Μὴ
786 1632 1014 1701 δωρεὰν
1043 1635 1277 1689 σέϐεται
1324 1636 1455 1690 Ἰὼϐ
1480 1635 1588 1690 τὸν
1616 1638 1794 1704 Geor;
1827 1617 1867 1670 Β

216 1721 441 1793 Ἐπειδὴ
475 1723 584 1795 γὰρ
613 1724 776 1788 αὐτὸς
802 1727 830 1778 6
865 1725 1110 1790 διάϐολος
1153 1726 1231 1797 τῷ
1259 1726 1439 1796 ψεύδει
1470 1728 1654 1800 ἅπατᾷ
1695 1729 1796 1800 τὴν

202 1809 356 1864 Εὔαν
394 1814 606 1868 καὶτὸν
658 1817 847 1888 Ἀδὰμ,
884 1818 1049 1889 ἕτερα
1091 1818 1207 1872 ἀνθ’
1246 1820 1447 1890 ἐτέρων
1475 1819 1668 1890 λέγων,
1700 1822 1795 1875 καὶ

199 1903 396 1972 φιλίαν
427 1908 801 1978 προσποιητὴν
842 1909 1279 1980 ἐνδεικνύμενος,
1310 1911 1393 1964 ὄτι
1427 1913 1688 1966 Ἕσεσθε
1715 1913 1794 1979 ὡς

201 1997 351 2063 θεοὶ,
395 1999 494 2052 καὶ
541 2001 650 2054 οὐκ
697 2001 1127 2057 ἀποθανεῖσθε·
1167 2002 1356 2058 τοῦτον
1391 2004 1724 2076 μιμούμενος
1766 2008 1794 2060 6

202 2087 366 2155 Κάῖν,
401 2094 750 2163 προσχήματι
786 2094 1135 2164 φιλαδελφίας
1177 2097 1361 2166 ἠπάτα
1403 2098 1492 2151 τὸν
1543 2098 1788 2168 ἀδελφὸν,

201 2179 384 2248 λέγων
405 2196 420 2214 ³
455 2182 784 2253 Διέλθωμεν
810 2187 896 2251 είς
925 2185 991 2238 τὸ
1041 2185 1270 2241 πεδίον.
1313 2189 1411 2241 Διὰ
1457 2189 1613 2243 τοῦτο
1643 2192 1733 2244 καὶ
1764 2193 1793 2244 6

201 2270 366 2339 ἆγιος
403 2273 658 2345 Ἰωάννης
700 2270 853 2328 εἶπεν
874 2293 886 2306 ·
935 2276 998 2328 Ὃ
1023 2276 1223 2346 μισῶν
1256 2277 1362 2332 τὸν
1390 2279 1658 2350 ἀδελφὸν
1685 2283 1790 2336 αὺ-

202 2363 337 2428 τοῦ,
375 2360 553 2432 οὗτος
590 2369 660 2420 οὐ
705 2369 1072 2423 τετελείωται
1103 2370 1172 2424 ἐν
1204 2369 1278 2439 τῇ
1304 2370 1526 2442 ἀγάπῃ,
1551 2374 1688 2428 ἀλλ’
1723 2376 1792 2428 ἐκ

202 2458 319 2512 τοῦ
354 2460 504 2514 Κάιν
525 2461 698 2515 ἐστίν
719 2477 734 2491 ⁸
791 2460 881 2515 ὅτι
910 2461 1225 2517 ἀπέκτεινε
1254 2463 1362 2517 τὸν
1390 2463 1659 2535 ἀδελφὸν
1689 2468 1794 2520 αὑ-

200 2550 337 2605 τοῦ.
373 2551 484 2605 Καὶ
510 2551 609 2605 διὰ
649 2552 708 2605 τί
736 2552 925 2606 αὑτὸν
959 2553 1311 2608 ἀπέκτεινεν
1334 2573 1346 2585 ο
1382 2557 1510 2609 ’Ότι
1565 2553 1642 2628 ἦν
1686 2572 1790 2614 πο-

201 2641 366 2709 νηρὰ
391 2643 462 2696 τὰ
488 2643 631 2712 ἔργα
655 2645 840 2698 αὑτοῦ
864 2661 878 2676 ·
931 2645 1026 2698 καὶ
1071 2643 1308 2716 ἐζήλωσε
1349 2647 1417 2700 τά
1445 2647 1580 2719 ἔργα
1607 2649 1788 2717 αὐτοῦ,

175 2731 291 2796 ,ὅτι
316 2728 385 2804 ἦν
422 2734 578 2788 καλά.
624 2735 780 2789 Οὕτω
809 2737 902 2791 καὶ
934 2729 1100 2802 οῦτοι,
1135 2738 1334 2809 μᾶλλον
1367 2739 1689 2810 φθονοῦντες
1716 2743 1793 2815 τῷ

206 2821 402 2886 Ἀϐελ,
436 2821 512 2894 τῷ
545 2825 686 2878 καλὰ
708 2824 883 2896 ἔχοντι
929 2825 1088 2899 ἔργα,
1119 2829 1209 2882 τὸν
1245 2829 1300 2883 δὲ
1333 2831 1472 2884 Κάῖν
1507 2833 1790 2904 τιμῶντες,

206 2912 331 2977 πῶς
362 2915 484 3016 οὐδε·
505 2915 839 3016 ελέγχονται,
870 2918 1166 2992 διαρρήδην
1198 2920 1292 2974 τοῦ
1329 2922 1579 2995 Σωτῆρος
1611 2925 1792 2996 λέγονο
1821 2960 1864 3016 C

202 3022 323 3069 τος,
378 3008 474 3060 καὶ
513 3009 786 3080 ἀπότομον
832 3011 1108 3081 ἀπόφασιν
1158 3013 1430 3084 ὁρίζοντος
1482 3013 1684 3084 αύτοῖς,
1713 3021 1795 3072 ὅτι

205 3100 626 3169 Ζητηθιὶσεται
673 3103 793 3157 ἀπὸ
831 3102 942 3172 τῆς
986 3103 1198 3174 γενεᾶς
1238 3109 1463 3178 ταύτης
1496 3109 1620 3182 πᾶν
1653 3106 1798 3181 αἷμα

203 3191 452 3247 δίκαιον
481 3193 598 3248 ἀπὸ
654 3196 824 3250 Ἅϐελ
854 3196 960 3250 τοῦ
993 3196 1230 3252 δικαίου
1264 3199 1328 3252 τὸ
1357 3202 1457 3256 ἀπ’
1485 3201 1678 3272 ἀρχῆς
1700 3203 1799 3256 ἐκ·

205 3285 546 3354 κεχυμένον
579 3286 688 3354 ἕως
714 3288 1010 3358 Ζαχαρίου
1043 3290 1148 3344 τοῦ
1181 3291 1511 3361 προφήτου,
1572 3289 1643 3349 οὗ
1685 3296 1797 3349 ἀπ-

203 3377 512 3431 εκτείνατε
535 3377 730 3448 μέσον
753 3380 860 3436 τοῦ
889 3381 1037 3437 ναοῦ
1068 3383 1165 3439 καί
1195 3383 1299 3438 τοῦ
1330 3387 1795 3457 θυσιαστηρίου,

208 3470 311 3523 καὶ
337 3469 406 3523 τὰ
432 3470 594 3540 ὲξῆς;

285 3563 381 3627 ΕΓ.
423 3563 534 3616 Οὐκ
566 3563 672 3635 ἄρα
706 3563 906 3631 τοίνυν,
939 3565 1014 3630 ὡς
1044 3558 1191 3621 οὗτοί
1231 3586 1388 3638 φασι,
1421 3569 1508 3624 διὰ
1541 3571 1740 3642 γνῶσιν
1769 3572 1797 3626 6

220 3653 430 3718 ’ῐοίύδας
457 3657 743 3727 παρέδωκε
775 3657 864 3710 τὸν
888 3660 1137 3733 Σωτῆρα·
1171 3661 1293 3715 οὐδὲ
1335 3663 1577 3718 Ἰουδαῖοι
1607 3664 1798 3735 μισθὸν

205 3744 397 3814 ἔχουσι
422 3745 837 3818 σταυρώσαντες
866 3749 955 3802 τὸν
979 3750 1205 3821 Κύριον,
1231 3752 1406 3806 καίτοι
1435 3771 1498 3824 γε
1519 3753 1607 3809 διὰ
1630 3773 1796 3809 σταυ-

209 3839 309 3910 ροῦ
342 3839 574 3910 ἐχόντων
604 3840 760 3912 ἡμῶν
790 3841 888 3914 τὴν
918 3845 1212 3916 σωτηρίαν.
1246 3845 1382 3898 Οὔτε
1406 3845 1515 3917 γάρ
1549 3845 1798 3918 παρέδω-

205 3948 309 3985 κεν
342 3931 504 3984 αὐτὸν
537 3934 565 3986 6
609 3933 832 3998 Ἰούδας,
865 3934 952 3987 ἵνα
978 3935 1203 4007 γένηται
1230 3937 1364 4007 ἡμῖν
1391 3938 1470 4002 εἰς
1501 3938 1794 4010 σωτηρίαν·

205 4023 352 4077 ἀλλὰ
379 4025 498 4077 κατ’
526 4024 770 4094 ἄγνοιαν,
819 4026 1002 4098 ζῆλον,
1049 4030 1142 4081 καὶ
1173 4029 1536 4102 φιλαργυρίαν
1570 4031 1798 4103 ἀρνησι-

207 4113 385 4178 θεῖας.
426 4114 544 4168 Κᾶν
571 4133 630 4168 τε
659 4117 768 4189 γὰρ
795 4119 924 4190 εἴπῃ
960 4119 993 4189 ἡ
1023 4119 1215 4191 Γραφὴ
1254 4120 1346 4174 τὸν
1391 4121 1625 4192 Χριστὸν
1667 4122 1798 4193 μὲλ-

204 4205 374 4258 λοντα
405 4204 620 4283 σταυρῷ
643 4206 1052 4277 παραδίδοσθαι,
1082 4207 1114 4280 ἢ
1143 4207 1246 4260 κᾶν
1274 4206 1419 4259 εἴποι
1445 4209 1478 4278 ἡ
1509 4206 1628 4261 θεία
1652 4209 1798 4281 Γρα-

1903 351 2033 404 mihi
2061 351 2221 415 dare,
2254 361 2302 405 et
2335 366 2426 420 ego
2460 365 2580 403 eum
2628 345 2771 402 vobis
2807 343 3017 400 tradam
3041 342 3107 395 ‘1'
3156 339 3220 393 Et
3244 379 3260 405 ,
3293 337 3487 404 Quem-

1903 459 2104 513 cunque
2129 442 2399 497 osculatus
2434 441 2584 510 fuero
2616 440 2726 508 ipse
2757 445 2857 504 est,
2886 444 3049 490 tenete
3081 449 3198 487 eum
3221 432 3264 487 ⁸.
3294 430 3360 484 Et
3398 445 3489 485 ac—

1901 535 2102 589 cedens
2132 534 2394 598 traditur,
2425 533 2532 585 Ave
2553 573 2567 594 ,
2610 529 2806 598 inquit,
2847 525 3015 579 Rabbi
3046 526 3090 589 ⁵,
3127 523 3286 577 labiis
3312 522 3488 577 bono-

1900 643 2030 682 rans
2056 665 2069 689 ,
2100 641 2196 681 cor
2229 634 2408 680 autem
2442 623 2602 694 longe
2627 620 2784 676 aDeo
2817 625 3086 674 remotum
3119 629 3314 685 gerens
3337 614 3379 668 ⁸.

1974 717 2038 774 ν.
2082 719 2447 786 Quamobrem
2475 716 2568 770 hic
2605 711 2878 768 illeJudas
2912 717 3018 774 est,
3048 709 3140 778 qui
3161 717 3212 761 et
3241 707 3484 776 ipsorum

1898 827 2122 882 parens,
2171 819 2226 867 et
2269 820 2493 882 propter
2517 806 2772 862 Numinis
2819 802 3234 874 abuegationem
3300 796 3490 868 prodi-

1898 907 2212 977 tionemque
2238 905 2469 961 Satanas
2499 903 2619 968 fuit,
2637 912 2691 958 et
2715 901 2992 956 voluntate
3019 913 3126 952 non
3148 902 3345 950 natura
3367 893 3486 948 dia—

1896 997 2082 1066 bolus,
2133 998 2390 1068 idemque
2418 995 2699 1052 mendacis
2748 1008 2811 1048 ac
2841 991 3125 1064 parricidae
3155 987 3313 1045 Caini
3348 985 3486 1041 dun-

1897 1103 2048 1150 taxat
2086 1094 2393 1148 imitatione
2432 1091 2610 1156 ﬁlius;
2649 1085 3089 1161 quandoquidem
3123 1093 3177 1140 et
3203 1083 3323 1154 ejus
3362 1089 3486 1135 ante

1897 1187 2074 1257 ipsum
2104 1196 2260 1257 pater
2282 1183 2512 1240 mendax
2537 1183 2636 1237 fuit
2667 1196 2773 1236 non
2794 1180 3058 1242 Adamus,
3088 1174 3184 1232 sed
3206 1173 3482 1229 diabolus:

1895 1280 2056 1349 cujus
2089 1280 2143 1333 in
2177 1278 2416 1332 fraterna
2447 1275 2615 1340 caede,
2650 1273 2888 1342 odioque
2918 1285 2982 1326 ac
3017 1265 3306 1324 mendacio
3341 1263 3486 1320 simi-

1897 1373 2182 1429 litudinem
2221 1350 2519 1441 expressit-2
2560 1376 2673 1422 tum
2707 1381 2772 1422 eo
2803 1365 3028 1435 insuper
3061 1362 3186 1432 ipso
3217 1357 3364 1430 quod
3397 1357 3483 1413 his

1894 1466 2073 1522 verbis
2104 1463 2214 1518 Deo
2257 1461 2618 1518 contradixit:
2659 1458 2711 1511 Ν
2717 1476 2802 1512 um
2835 1466 3008 1511 custos
3044 1453 3228 1527 fratris
3258 1451 3361 1505 mei
3392 1465 3483 1520 ego

1895 1561 2054 1615 sum?
2104 1556 2204 1611 Ubi
2244 1557 2312 1611 sit
2353 1555 2582 1610 nescio’.
2643 1548 3113 1618 Quemadmodum
3156 1552 3210 1600 et
3253 1541 3484 1597 Domino

1896 1650 2146 1706 diabolus
2187 1649 2428 1719 loquitur
2461 1667 2475 1702 :
2514 1646 2658 1701 Num
2694 1646 2898 1716 frustra
2934 1641 3036 1696 Job
3070 1641 3216 1693 timet
3249 1636 3412 1690 Deum
3438 1634 3486 1686 “?

1897 1739 2166 1807 Quoniam
2191 1739 2336 1794 enim
2373 1737 2624 1792 diabolus
2654 1735 2772 1806 ipse
2803 1733 2971 1787 Evam
3002 1738 3057 1786 et
3072 1727 3337 1782 Adamum
3367 1722 3482 1778 suis

1895 1833 1952 1888 in
1995 1830 2240 1886 fraudem
2288 1827 2595 1884 mendaciis
2645 1825 2962 1897 impulerat,
3005 1823 3140 1878 falsa
3187 1835 3286 1891 pro
3335 1818 3482 1873 veris

1897 1938 2277 1997 usurpans,ac
2299 1921 2614 1977 simulatam
2643 1915 2938 1972 amicitiam
2966 1913 3258 1984 objiciens:
3290 1909 3479 1972 Eritis,

1896 2019 2093 2090 inquit,
2124 2017 2260 2072 sicut
2290 2014 2387 2080 dii,
2411 2023 2459 2068 et
2488 2029 2593 2066 non
2621 2009 2982 2076 moriemini”;
3015 2006 3163 2060 hunc
3195 1997 3483 2060 atmiilatus

1894 2110 2031 2168 Cain
2074 2110 2330 2165 fraternae
2360 2103 2648 2162 cbaritatis
2677 2101 2860 2173 specie
2890 2111 3209 2171 germanum
3246 2092 3480 2161 decepit,

1895 2204 1980 2258 his
2023 2201 2203 2257 verbis
2241 2199 2558 2269 alloquens:
2604 2193 2955 2264 Egrediamur
2993 2187 3224 2260 foras”.
3275 2184 3483 2239 Idcirco

1896 2296 2091 2350 beatus
2119 2292 2359 2347 Joannes
2390 2291 2462 2344 ita
2501 2287 2692 2344 scribit
2733 2305 2744 2340 :
2773 2285 2878 2352 Qui
2903 2283 3013 2338 odit
3052 2281 3272 2350 fratrem
3303 2293 3479 2339 suum,

1895 2387 2055 2457 281
2095 2385 2176 2438 hic
2205 2384 2259 2437 in
2292 2381 2551 2435 charitate
2580 2378 2840 2448 perfectus
2891 2391 2993 2428 non
3023 2380 3123 2436 est,
3171 2368 3260 2423 sed
3312 2375 3390 2422 est
3419 2382 3483 2421 ex

1895 2479 2101 2542 Caino;
2152 2475 2401 2547 quoniam
2443 2473 2663 2542 fratrem
2712 2485 2864 2524 suum
2899 2465 3110 2521 occidit.
3164 2460 3229 2514 Et
3272 2469 3484 2529 propter

1893 2571 2016 2642 quid
2033 2567 2391 2624 occiditeum?
2417 2564 2676 2630 Quoniam
2702 2576 2857 2629 opera
2881 2555 3238 2627 ejusmaligna
3250 2560 3398 2606 erant
3415 2550 3479 2611 “;

1895 2670 1948 2717 et
1989 2661 2136 2717 illius
2175 2659 2372 2714 invidit
2413 2655 2696 2727 operibus,
2746 2651 3002 2723 quoniam
3047 2655 3203 2703 erant
3231 2647 3478 2700 honesta.

1897 2750 1989 2808 Sic
2012 2752 2087 2807 illi
2121 2752 2291 2807 Abelo
2347 2751 2529 2820 p01ius
2568 2745 2903 2806 invidentes,
2941 2739 3102 2810 cujus
3137 2752 3302 2807 opera
3341 2736 3481 2787 bona

1897 2850 2047 2907 sunt,
2082 2850 2135 2897 et
2157 2841 2386 2896 Cainum
2419 2839 2777 2899 honorantes,
2810 2848 2990 2888 nonne
3015 2830 3098 2886 vel
3133 2827 3268 2898 ipsis
3293 2823 3484 2879 Salva-

1896 2933 2030 2986 toris
2055 2932 2236 2988 verbis
2261 2928 2552 2984 manifeste
2574 2925 3008 2995 redarguuntur:
3043 2918 3134 2990 qui
3163 2919 3218 2972 in
3242 2916 3365 2970 illos
3395 2929 3482 2968 sc—

1901 3039 2024 3078 vere
2068 3038 2130 3077 ac
2179 3024 2298 3078 sine
2345 3021 2455 3074 ulla
2514 3015 2966 3089 tergiversatione
3012 3010 3336 3067 sententiam
3379 3005 3483 3059 hoc

1898 3115 2061 3170 modo
2098 3115 2255 3170 tulit:
2314 3113 2626 3183 Requirelur
2672 3109 2735 3164 ab
2767 3108 2866 3161 hac
2899 3104 3229 3177 generatione
3269 3099 3482 3170 sanguis

1899 3209 2068 3262 omnis
2091 3208 2297 3281 justus,
2323 3207 2414 3278 qui
2442 3205 2638 3275 eﬁ'usus
2663 3210 2740 3256 est
2770 3201 2833 3255 ab
2853 3198 3149 3268 Abcijusto
3173 3213 3204 3248 a
3226 3193 3483 3265 principio

1901 3316 2062 3370 usque
2093 3297 2162 3352 ad
2190 3297 2513 3351 Zachariam
2539 3294 2869 3364 prophetam,
2896 3305 3048 3357 quem
3069 3285 3334 3343 occidistis
3350 3286 3486 3340 inter

1901 3392 2150 3462 templum
2171 3399 2217 3445 et
2237 3388 2408 3444 altare
2423 3388 2500 3442 "?
2529 3393 2632 3442 etc.

1972 3564 2060 3621 Vl.
2090 3563 2311 3620 Falsum
2343 3564 2508 3636 igitur
2535 3570 2640 3630 est,
2671 3560 2817 3633 quod
2853 3561 2943 3617 isti
2972 3560 3250 3631 jactitant,
3278 3557 3479 3614 Judam

1901 3658 1972 3715 ob
2002 3674 2122 3713 eam
2167 3673 2335 3729 quam
2369 3657 2606 3712 habebat
2650 3654 2939 3711 scientiam
2974 3651 3314 3710 Salvatorem
3355 3666 3484 3721 pro-

1901 3752 2145 3808 didisse:
2184 3750 2432 3819 adeoque
2464 3762 2565 3803 nec
2606 3747 2708 3817 ipsi
2757 3743 2930 3800 Judaei
2973 3744 3196 3800 Christo
3235 3745 3288 3798 in
3321 3757 3484 3798 cruce

1900 3843 2094 3898 διιΠὶΧο
2144 3841 2452 3897 mercedem
2490 3837 2773 3894 consecuti
2822 3845 2970 3900 sunt,
3013 3837 3264 3906 quamvis
3301 3834 3484 3890 crucis

1901 3935 2069 3990 nobis
2097 3934 2365 3990 beneﬁcio
2403 3932 2554 3988 salus
2584 3929 2888 3986 obvenerit.
2925 3927 3046 3982 Non
3073 3927 3220 3982 enim
3255 3935 3314 3982 ut
3339 3927 3486 3982 salu-

1902 4039 2011 4085 tem
2045 4025 2206 4082 nobis
2228 4022 2469 4088 aﬁ'erret,
2493 4021 2667 4079 Judas
2696 4021 2848 4076 illum
2877 4019 3133 4086 tradidit;
3168 4015 3263 4074 sed
3285 4018 3484 4088 partim

1902 4115 2235 4188 ignorantia,
2260 4115 2460 4187 partim
2491 4112 2716 4180 invidia,
2740 4120 2794 4167 et
2823 4111 3052 4167 avaritia
3079 4109 3300 4173 ductus,
3320 4123 3483 4178 quam

1901 4223 2028 4264 cum
2065 4207 2159 4264 Dei
2179 4208 2557 4280 {abnegalione
2593 4206 2976 4278 conjunxerat.
3013 4203 3227 4258 Etenim
3269 4201 3398 4255 licet
3428 4200 3485 4254 in

206 4297 287 4370 φὴ
323 4297 390 4351 τὰ
419 4297 506 4350 ἐπ’
542 4297 792 4370 ἐσχάτῳ¹
854 4295 961 4351 τῶν
997 4299 1217 4374 ἡμερῶν
1237 4300 1304 4354 δι’
1341 4300 1498 4372 ἡμῶν
1524 4303 1749 4358 ὲπιτελοι

1948 4316 2127 4357 rucem
2163 4309 2346 4356 actum
2399 4300 2466 4354 iri
2504 4298 2786 4356 Christum
2823 4297 3106 4368 Scriptura
3139 4292 3483 4366 praedixerit;

210 4408 356 4464 μενα
385 4390 738 4462 άτοπήματα,
770 4390 831 4444 οὐ
866 4390 1086 4455 πάντως
1116 4391 1264 4466 εὖροι
1293 4392 1358 4447 ἄν
1389 4411 1474 4458 τις
1507 4394 1664 4466 ἡμῶν
1686 4396 1796 4450 τῶν

203 4481 280 4535 τά
305 4480 604 4553 παράνομα
625 4480 1310 4552 πραττόντωνάπολογίαν,
1336 4483 1435 4555 τὴν
1456 4484 1558 4555 τῆς
1578 4485 1801 4558 Γραφῆς

212 4571 525 4645 μαρτυρίαν
547 4571 856 4646 προφέρων,
880 4572 1351 4647 προθεσπιζούσης
1364 4575 1540 4631 ταῦτα
1560 4577 1800 4636 ἔσεσθαι.

207 4667 288 4720 Ού
312 4665 424 4738 γὰρ
451 4666 533 4718 ὅτι
581 4660 732 4719 εἴπεν
771 4667 804 4736 ἡ
836 4665 1051 4737 Γραφὴ,
1085 4665 1368 4739 ποιοῦμεν
1402 4669 1517 4722 ἀλλ’
1543 4670 1624 4725 ὅτι
1653 4672 1806 4742 ἐμέλ-

205 4758 380 4830 λομεν
417 4760 613 4822 ποιεῖν,
646 4760 904 4829 προεῖπεν
940 4759 974 4828 ἠ
1013 4758 1225 4831 Γραφὴ,
1257 4760 1346 4815 διὰ
1387 4761 1488 4834 τὴν
1526 4762 1620 4816 τοῦ
1670 4764 1805 4818 Θεοῦ

209 4851 552 4923 πρόγνωσιν,
579 4851 674 4903 καὶ⁸
699 4850 785 4904 ἵνα
811 4850 966 4914 Θεὸς,
994 4850 1199 4920 ἀγαθὸς
1219 4853 1503 4926 ὑπάρχων,
1531 4856 1808 4928 ἐπιφέρων

205 4944 268 4999 δὲ
299 4943 402 5014 τὴν
431 4942 603 5016 ὀργὴν
635 4941 777 4996 κατὰ
805 4943 914 4995 τῶν
942 4943 1388 5016 ἁμαρτανόντων,
1424 4945 1499 5018 μὴ
1522 4947 1806 5021 ὑποληφθῇ

206 5035 378 5091 πάθει
408 5035 793 5106 συνεχόμενος.
837 5036 900 5089 Ἡ
934 5035 1043 5108 γὰρ
1074 5037 1196 5090 καθ’
1228 5037 1458 5095 ἕκαστον
1490 5038 1597 5092 τῶν
1629 5039 1809 5111 ἀμαρ-

203 5129 486 5183 τανόντων
516 5128 669 5200 παρὰ
699 5127 837 5181 Θεοῦ
872 5128 1010 5200 ὀργὴ
1043 5129 1144 5184 οὐκ
1172 5129 1279 5184 ἀπὸ
1305 5130 1510 5194 πάθους
1545 5133 1803 5202 ὁρμᾶται.

217 5220 463 5285 Ἀπαθὲς
498 5221 608 5292 γὰρ
641 5223 702 5275 τὸ
735 5221 889 5277 Θεῖον
928 5240 942 5254 ο
984 5224 1237 5296 ἐπιφέρει
1273 5223 1329 5277 δὲ
1361 5224 1460 5297 τὴν
1488 5225 1657 5297 ὀργὴν
1687 5228 1813 5279 κατ’

204 5313 513 5384 ἄνθρωπον
539 5316 583 5378 ⁸,
626 5314 687 5368 ού
722 5314 886 5368 πάθει
937 5317 1140 5389 ληφθὲν
1199 5318 1651 5388 ἀγανακτήσεως.
1686 5317 1804 5374 οὐδὲ

203 5407 354 5479 ὀργῇ
375 5405 612 5479 ἡττηθὲν
633 5409 725 5461 καὶ
751 5409 1139 5482 κρατούμενον.
1165 5410 1416 5463 Δείκνυσι
1439 5409 1547 5480 γὰρ
1578 5410 1638 5462 τὸ
1660 5411 1803 5464 ἅπας

1904 4409 1970 4449 ac
2005 4408 2126 4464 quae
2156 4393 2448 4465 postremis
2475 4391 2817 4463 temporibus
2849 4405 2878 4444 a
2907 4388 3065 4444 nobis
3096 4383 3485 4442 committenda

1905 4495 2036 4542 sunt
2063 4486 2270 4542 scelera
2315 4483 2409 4540 diu
2455 4491 2581 4539 ante
2609 4481 2956 4556 signiﬁcarit,
2993 4480 3222 4544 nullam,
3269 4477 3312 4534 si
3347 4475 3487 4530 male

1907 4580 2194 4652 quidpiam
2221 4578 2518 4650 egerimus,
2554 4591 2621 4633 ex
2650 4577 2786 4632 iisce
2811 4574 3108 4645 Scripturae
3130 4568 3484 4630 testimoniis,

1908 4689 2030 4744 qua:
2062 4673 2115 4726 id
2153 4671 2398 4726 futurum
2441 4669 2828 4742 praenuntiant,
2870 4665 3281 4723 excusationem
3323 4661 3480 4716 habe~

1908 4765 2112 4821 bimus.
2167 4762 2356 4834 Neque
2412 4746 2571 4819 enim.
2605 4761 2751 4832 quod
2808 4758 3092 4830 Scriptura
3147 4753 3483 4828 praedixerit,

1907 4858 2113 4913 idcirco
2135 4871 2195 4912 ea
2232 4855 2464 4912 facimus
2492 4874 2506 4924 ;
2540 4854 2635 4910 sed
2661 4853 2806 4924 quod
2837 4851 3033 4907 facturi
3065 4865 3306 4915 eramus,
3341 4847 3490 4903 Scri-

1909 4957 2070 5019 ptura
2107 4946 2380 5019 praedixit,
2417 4946 2488 5005 ob
2522 4944 2938 5000 antecedentem
2976 4941 3069 4997 Dei
3106 4939 3359 4995 videlicet
3395 4953 3490 4994 co-

1907 5040 2232 5112 gnitionem,
2263 5046 2425 5108 atque
2467 5046 2526 5092 ut
2550 5036 2695 5093 Deus
2726 5037 2862 5107 ipse,
2892 5035 2984 5105 qui
3025 5034 3203 5089 bonus
3229 5039 3335 5095 est,
3362 5046 3487 5085 cum

1910 5130 2172 5186 adversus
2205 5137 2528 5200 peccatores
2572 5129 2709 5182 iram
2761 5124 3000 5190 exercet,
3050 5140 3162 5179 non
3203 5123 3490 5193 perturba-

1911 5221 2062 5276 tione
2094 5220 2277 5290 aliqua
2307 5228 2616 5276 commotus
2637 5234 2761 5274 esse
2795 5217 3066 5273 videatur.
3095 5215 3191 5271 Dei
3217 5213 3490 5285 siquidem

1914 5313 2180 5370 adversus
2232 5321 2552 5384 peccatores
2595 5313 2872 5384 quoslibet
2908 5310 3210 5382 indignatio
3255 5324 3365 5363 non
3425 5306 3494 5362 ab

1919 5409 2029 5463 ulla
2065 5408 2232 5463 animi
2265 5407 2680 5479 perturbatione
2714 5405 3118 5474 proﬁciscitur;
3152 5410 3301 5460 caret
3347 5401 3486 5456 enitr

292 5562 309 5634 ξ
349 5558 405 5611 I".
451 5561 740 5634 ἐσχάτωνη
786 5562 893 5634 έΡ.
953 5563 1276 5634 ἀνθρώπιον.
1337 5536 1384 5597 .³
1413 5566 1598 5619 Multb.
1655 5583 1748 5630 us

2029 5569 2048 5601 ⁸⁵
2076 5569 2240 5623 Marc.
2299 5580 2406 5630 xiv,
2484 5565 2572 5619 44.
2653 5564 2672 5595 ⁵
2701 5562 2832 5634 ibid.
2866 5559 2954 5634 45.
2988 5561 3052 5634 __'
3089 5559 3192 5634 lsa.
3223 5571 3375 5619 nix,

208 5633 230 5666 '-'
261 5631 406 5688 Gen.
440 5649 514 5703 ιν,
541 5634 596 5689 9.
672 5635 692 5664 ⁸
717 5631 822 5691 Job
861 5649 900 5700 I,
927 5634 981 5688 9.
1058 5631 1089 5668 ’θ
1107 5635 1244 5693 Gen.
1279 5637 1421 5706 111,6,
1451 5637 1500 5694 5.

1609 5639 1662 5702 ⁵ιιι
1693 5627 1749 5693 δε

1967 5642 2018 5697 8.
2107 5639 2175 5692 ¹¹1
2205 5639 2359 5694 Joan.
2394 5627 2462 5704 il,
2490 5636 2547 5691 fl
2577 5653 2591 5703 ;
2635 5650 2715 5700 ιιι,
2745 5633 2830 5686 12.
2911 5633 2953 5663 ¹²
2988 5629 3172 5683 Matth.
3215 5642 3367 5690 XXIII,
3399 5627 3488 5682 55.
