3844 6342
305 202 419 260 665·

1725 193 1789 250 S.
1830 192 2170 253 EPlPllANil

3480 213 3611 270 665

284 324 452 382 °onmi
486 321 902 393 perturbatione
929 321 1091 377 Deus.
1115 320 1222 377 Sed
1248 321 1383 376 iram
1416 334 1567 376 more
1594 316 1869 375 homlnurr

1985 319 2076 384 θὲς
2107 322 2135 374 6
2161 321 2312 386 Θεὸς,
2356 320 2635 397 προειπὼν
2670 322 2769 396 τὴν
2806 325 3076 399 ἐσομένην
3118 328 3321 403 κρίσιν,
3352 334 3451 386 καὶ
3489 336 3617 406 τὴν

302 428 560 469 exercere
602 411 829 477 dicitur,
864 428 974 465 non
1017 412 1130 467 ullo
1177 427 1344 467 sensu
1393 409 1604 466 doloris
1634 409 1882 474 aﬂ‘ectus,

301 521 403 561 nec
436 505 723 559 iracundia
771 512 1084 573 superatus.
1121 503 1235 558 imo
1280 517 1409 558 vero
1449 510 1784 573 quantopere
1822 515 1884 556 ea

300 606 457 652 vacet
496 597 600 651 hoc
646 595 766 665 ipso
810 596 1078 662 declarat,
1122 594 1268 665 quod
1304 593 1549 648 futurum
1586 593 1881 662 judicium,

300 688 752 758 acjustissimam
794 688 1332 743 animadversionem
1376 686 1684 751 denuntiat,
1727 694 1883 743 ut-se

298 779 693 835 commotionis
718 780 898 835 omnis
927 789 1207 851 expertem
1233 794 1355 834 esse
1381 778 1736 834 demonstret.
1763 777 1881 834 Hoc

297 871 468 941 igitur
499 870 809 925 futurorum
853 870 1080 941 pnescia
1138 869 1423 939 Scriptura
1466 868 1759 940 signiﬁcat,
1801 870 1880 927 uti

299 963 577 1018 cautiores
609 977 709 1019 nos
739 961 932 1016 reddat
979 976 1045 1017 ac
1073 960 1510 1024 condocefaciat,
1541 976 1611 1015 ne
1638 962 1878 1031 inexpia-

1988 412 2202 466 δικαίαν
2231 414 2359 485 παρ’
2390 416 2553 469 αὐτοῦ
2584 417 2851 490 τιμωρίαν
2881 419 3191 492 γινομένηψ
3226 424 3315 477 ἴνα
3342 425 3405 477 τὸ
3432 428 3617 480 ἀπα.-

1990 502 2079 567 Οὲς
2111 505 2329 578 σημάνῃ
2358 506 2459 576 τῆς
2475 506 2773 578 οθεότητος.
2813 510 3050 579 Προεῖπε
3079 513 3260 565 τοίνυν
3291 516 3324 585 ἡ
3362 515 3608 587 Γραφὴ,

1993 594 2131 648 κατὰ
2163 596 2468 666 πρόγνωσιν
2499 599 3041 671 προασφαλιζομένη,
3086 605 3182 657 καὶ
3222 605 3607 671 διδάσκουσα,

1989 687 2073 739 ἵνα
2109 687 2183 758 μὴ
2212 688 2542 758 ἐμπέσωμεν
2571 691 2652 753 είς
2684 690 2856 761 ὀργὴν
2884 692 3184 763 ἀνήκεστον
3210 695 3374 761 Θεοῦ,
3398 699 3510 769 τὴν
3534 699 3605 751 οὗ

1986 778 2149 833 πάθει
2168 780 2497 851 ὁρισθεῖσαν,
2525 782 2647 836 οὐδὲ
2668 800 2732 835 συ
2740 784 3073 855 μ6αίνουσαν
3092 788 3198 841 ἀπὸ
3231 790 3403 861 ἣττης
3443 792 3607 846 ἀλλὰ

1986 868 2303 924 δικαιότατα
2332 874 2445 935 τοῖς
2478 871 2578 944 τὴν
2610 873 2889 945 ἁμαρτίαν
2916 876 3229 932 ἐκτελοῦσιν
3266 879 3605 952 ἀνθρώποις

1990 961 2535 1032 προετοιμασθεῖσαν,
2561 965 2656 1018 καὶ
2687 967 2763 1038 μὴ
2792 967 3146 1038 μετανοοῦσιν
3180 969 3239 1034 ἐξ
3268 970 3569 1041 ἀληθείας.

298 1055 460 1110 bilem
492 1054 587 1110 Dei
635 1054 689 1109 in
752 1054 1107 1109 otl'ensioncm
1137 1055 1484 1109 incurramus
1517 1068 1638 1124 qua:
1688 1069 1799 1107 non
1836 1053 2245 1123 perturbatione
2285 1053 2544 1109 deﬁnitur
2583 1056 2713 1121 ulla,
2756 1072 2856 1113 nec
2923 1060 3069 1115 velut
3142 1060 3287 1116 victo
3350 1076 3417 1117 ac
3454 1077 3610 1118 suc.

300 1146 572 1200 cuiinbenti
604 1145 842 1211 accidit;
884 1144 979 1199 sed
1029 1145 1347 1201 hominibus
1410 1146 1477 1200 iis
1519 1161 1659 1216 quos
1705 1146 1977 1201 scelerum
2005 1145 2169 1216 282
2200 1161 2322 1216 qua:
2374 1148 2773 1205 commiserunt
2831 1161 2961 1208 vere
3008 1161 3175 1225 atque
3213 1154 3403 1211 animo
3466 1171 3601 1211 non

299 1242 546 1312 pwnitet,
578 1248 881 1311 praeparata
915 1240 1136 1296 dicitur.

368 1332 477 1386 Vll.
510 1332 653 1389 Idem
698 1341 751 1389 et
785 1334 852 1389 de
895 1333 1079 1388 crucis
1120 1333 1391 1403 supplicio
1428 1334 1673 1404 cogitare
1714 1335 1879 1390 debe—

298 1440 439 1479 mus.
468 1423 586 1478 Non
620 1424 764 1477 cnim
798 1434 1083 1495 propterea
1115 1425 1259 1495 quod
1306 1426 1379 1478 ita
1431 1414 1547 1480 fore
1592 1424 1875 1496 Scriptura

296 1514 566 1585 praedixit,
587 1514 843 1569 Christus
867 1523 961 1568 aut
990 1516 1043 1568 in
1066 1528 1287 1568 crucem
1316 1529 1345 1566 a
1363 1511 1567 1570 Iudaeis
1592 1522 1676 1569 est
1700 1523 1876 1580 actus,

297 1616 391 1660 aut
431 1605 460 1659 al
489 1605 628 1661 Juda
656 1607 945 1677 proditus:
985 1606 1079 1662 sed
1123 1607 1266 1676 quod
1309 1615 1363 1661 et
1395 1607 1715 1676 proditurus
1753 1623 1874 1662 eum

295 1696 467 1752 Judas
504 1708 670 1763 esset,
706 1706 759 1753 et
796 1698 851 1750 in
876 1712 1096 1752 crucem
1132 1697 1306 1752 acturi
1340 1694 1537 1758 Judaei,
1567 1697 1638 1751 ob
1675 1697 1727 1753 id
1764 1705 1874 1751 tam

288 1789 352 1845 in
377 1789 573 1846 Vetere
597 1789 950 1845 Testamento
981 1788 1290 1859 Scriptura,
1314 1805 1477 1860 quam
1506 1790 1560 1843 in
1582 1789 1877 1859 Evangelio

295 1881 563 1937 Dominus
626 1881 743 1951 ipse
814 1882 1059 1935 futurum
1118 1881 1418 1951 aliquando
1477 1881 1873 1951 pronuntiavit.

297 1973 666 2040 Quamobrem
704 1989 813 2028 non
843 1988 908 2028 ex
943 1984 1092 2027 certa
1118 1973 1416 2044 singularis
1448 1972 1597 2027 illius
1627 1972 1874 2028 beneﬁcii

296 2067 524 2120 scientia
560 2065 703 2135 quod
750 2065 804 2118 in
846 2065 1107 2118 mundum
1141 2081 1205 2119 ex
1265 2080 1331 2119 eo
1368 2065 1637 2119 derivaret
1668 2064 1877 2118 ‘Domi—

296 2175 426 2214 num
470 2157 642 2213 Judas
685 2156 947 2227 prodidit,
1001 2165 1057 2210 ut
1106 2157 1180 2210 illi
1234 2158 1614 2224 mentiuntur;
1660 2156 1755 2209 sed
1802 2156 1874 2209 ita

296 2252 484 2322 potius
512 2260 571 2305 ut
599 2260 655 2305 et
680 2266 839 2305 suum
876 2266 1000 2305 esse
1025 2249 1314 2303 Dominum
1347 2250 1589 2313 sciverit,
1628 2256 1681 2303 et
1711 2263 1873 2318 quam

294 2349 311 2399 i
336 2346 533 2414 lipsnm
563 2342 769 2397 mundo
795 2342 1038 2397 salutare
1057 2349 1206 2397 esset
1231 2341 1514 2413 ignorarit.
1535 2339 1748 2394 Fierine
1777 2354 1871 2409 po-

295 2443 402 2491 test
428 2438 474 2490 is
499 2434 769 2489 utsalutis
793 2433 1075 2486 hominum
1108 2446 1297 2485 curam
1322 2431 1602 2501 gerat,qni
1635 2430 1702 2484 ab
1730 2430 1876 2499 ipso-

292 2537 406 2583 met
446 2525 729 2582 Salvatore
767 2526 1093 2596 perditionis
1130 2525 1272 2580 ﬁlius
1297 2525 1603 2596 appellatus
1635 2523 1870 2588 fuerit‘;

294 2630 349 2674 et
382 2619 514 2673 illud
545 2618 822 2673 audierit?
842 2617 1046 2671 Bonum
1063 2618 1111 2670 ei
1134 2625 1270 2681 erat,
1290 2617 1335 2670 si
1371 2627 1529 2670 natus
1554 2631 1669 2693 non_
1687 2614 1872 2683 fuisset

293 2713 446 2766 homo
467 2711 557 2765 ille
578 2714 598 2744 ’
620 2727 640 2776 ;
664 2713 825 2766 item:
849 2710 1051 2773 Amice,
1086 2709 1153 2762 ad
1178 2709 1305 2778 quid
1328 2710 1514 2763 veniin
1534 2709 1591 2761 a?
1621 2716 1694 2772 et,
1725 2705 1870 2762 Unus

293 2820 360 2858 ea:
389 2804 531 2859 vobis
566 2820 645 2858 me
676 2802 974 2857 traditurus
1008 2802 1164 2868 est";
1194 2810 1267 2867 et,
1302 2802 1407 2868 Qui
1445 2800 1728 2855 manducat
1764 2816 1862 2853 me-

294 2912 413 2949 cum
451 2910 676 2965 panem,
726 2894 911 2948 levavit
953 2903 1138 2946 contra
1186 2908 1268 2946 me
1314 2891 1620 2945 calcaneum
1641 2891 1685 2956 ⁵,
1736 2897 1794 2942 ut
1842 2903 1873 2942 e

2055 1284 2323 1382 Ζ’..Οὖτω
2349 1330 2444 1384 καὶ
2467 1331 2558 1387 ἐπὶ
2585 1331 2681 1386 τοῦ
2710 1334 2969 1406 σταυροῦ
2993 1336 3092 1408 ούχ
3112 1338 3194 1392 ὅτι
3216 1333 3371 1393 εἴπεν
3404 1342 3599 1412 ἠθεία

1982 1420 2199 1491 Γραφὴ,
2257 1422 2611 1496 ἐσταύρωσαν
2660 1427 2708 1479 οί
2782 1428 3045 1495 Ἰουδαῖοι,
3107 1429 3203 1484 καὶ
3258 1434 3599 1504 παρέδωκεν

1995 1513 2198 1577 Ἰούδας
2243 1515 2334 1570 τὸν
2377 1516 2627 1589 Σωτῆρα·
2662 1517 2779 1572 ἀλλ’
2833 1520 2915 1572 ὅτι
2978 1520 3171 1592 ἔμελλε
3220 1525 3596 1594 παραδιδόναι

1998 1606 2218 1671 Ἰούδας,
2262 1608 2358 1661 καὶ
2409 1608 2655 1663 Ἰουδαῖοι
2693 1610 2983 1683 σταυροῦν,
3026 1613 3218 1667 τούτου
3249 1615 3415 1670 ἕνεκα
3444 1637 3597 1690 προ-

1982 1702 2136 1753 εῖπεν
2185 1701 2217 1771 ἡ
2263 1700 2383 1753 θεία
2432 1701 2620 1773 Γραφὴ
2667 1704 2726 1755 ὲν
2768 1707 2835 1775 τῇ
2870 1704 3085 1777 Παλαιᾷ
3124 1707 3393 1781 Διαθήκῃ,
3429 1713 3535 1763 καὶ
3560 1714 3593 1767 ὁ

1981 1789 2185 1861 Κύριος
2227 1792 2285 1843 ὲν
2325 1790 2402 1861 τῷ
2445 1791 2784 1863 Εὑαγγελίῳ.
2818 1795 2981 1846 Ὥστε
3019 1790 3112 1848 οὖν
3142 1797 3243 1849 οὑκ
3276 1798 3333 1850 ἐν
3372 1798 3591 1867 γνώσει

1979 1880 2077 1949 τῆς
2112 1880 2379 1951 ἐσομένης
2414 1884 2735 1955 εὐεργεσίας
2764 1883 2841 1955 τῷ
2876 1885 3066 1956 κόσμῳ
3100 1887 3453 1957 παραδέδωκε
3482 1890 3588 1943 τὸν

1979 1972 2184 2042 Κύριον
2214 1972 2243 2024 6
2293 1972 2515 2038 Ἰούδας,
2564 1973 2640 2039 ὡς
2684 1976 2881 2028 ἐκεῖνοι
2933 1974 3205 2043 λέγουσιν·
3250 1977 3365 2031 ἀλλ’
3412 1980 3587 2044 εἰδὼς

1981 2063 2105 2134 μὲν,
2134 2064 2215 2116 ὃτι
2246 2066 2274 2118 6
2302 2066 2468 2119 αὑτοῦ
2505 2068 2786 2137 Δεσπότης
2828 2067 3095 2141 ὑπῆρχεν,
3132 2068 3343 2138 ἀγνοῶν
3366 2070 3448 2134 δὲ,
3492 2074 3588 2125 ὅτι

1978 2156 2220 2226 σωτηρία
2246 2155 2398 2211 ἔσται
2434 2157 2510 2228 τῷ
2545 2160 2755 2230 κόσμῳ.
2788 2159 2914 2222 Πῶς
2947 2159 3054 2232 γὰρ
3082 2160 3147 2214 ἂν
3176 2160 3261 2232 εῐη
3296 2164 3586 2233 σωτηρίας

1976 2245 2280 2319 ἀνθρώπων
2315 2249 2710 2318 ἐπιμελόμενος
2744 2251 2771 2303 6
2813 2252 2944 2321 παρ’
2978 2250 3145 2304 αὐτοῦ
3180 2252 3273 2306 τοῦ
3316 2254 3583 2325 Σωτῆρος

1977 2338 2190 2391 ἀκούων
2229 2339 2505 2404 ἀπωλείας
2538 2340 2682 2408 υἱός;
2719 2341 2813 2395 καὶ
2853 2342 2935 2410 τὸ,
2982 2342 3269 2412 Συμςεέρει
3303 2344 3487 2409 αὐτῷ,
3522 2347 3581 2397 εἰ

1976 2432 2088 2483 οὐκ
2116 2430 2427 2500 ἐγεννήθη·
2455 2433 2548 2485 καὶ
2575 2432 2656 2497 τὸ,
2685 2434 2934 2503 'Eral'ps,
2957 2435 3046 2503 ἐφ’
3074 2434 3105 2488 ὃ
3135 2433 3337 2502 πάρες
3368 2437 3463 2489 καὶ
3486 2437 3575 2499 τὸ,

1977 2517 2083 2588 Εἷς
2102 2520 2170 2586 ἐξ
2194 2522 2362 2592 ὑμῶν
2386 2523 2728 2592 παραδώσει
2745 2542 2842 2594 με·
2883 2526 2981 2579 καὶ
3001 2526 3086 2591 τὸ,
3127 2528 3180 2580 '0
3204 2528 3427 2581 ἐσθίων
3437 2532 3579 2596 μετ’

1975 2613 2120 2684 ἐμοῦ
2165 2615 2270 2668 τὸν
2286 2614 2486 2683 ἄρτον,
2521 2615 2707 2685 ἐπῆρε
2740 2616 2864 2669 κατ’
2910 2617 3056 2686 ἐμοῦ
3103 2619 3451 2686 πτέρνανίθ,
3493 2620 3580 2684 ὡς

1976 2706 2088 2777 ἔχει
2126 2706 2186 2759 τὸ
2224 2706 2553 2774 Εὐαγγέλιον
2601 2709 2667 2760 ἐκ
2701 2708 3071 2779 προαγούσης
3123 2712 3432 2783 μαρτυρίας
3468 2712 3573 2765 τοῦ

1976 2798 2311 2869 Ψαλτηρίου·
2349 2800 2463 2862 καὶ,
2494 2800 2638 2853 Οὺιιὶ
2669 2800 2744 2853 δι’
2771 2795 2842 2855 οὗ
2876 2804 2909 2855 ὁ
2954 2801 3084 2867 Υἱὸς
3113 2802 3218 2855 τοῦ
3248 2803 3572 2871 ἀνθρώπου

1975 2889 2383 2959 παραδίδοται.
2408 2890 2579 2954 Αὐτὸς
2609 2891 2718 2962 γὰρ
2761 2890 2961 2956 Ἰούδας
2996 2894 3123 2965 περὶ
3154 2894 3347 2947 ἑαυτοῦ
3373 2895 3434 2947 τὸ
3455 2898 3571 2949 πᾶν

294 2986 637 3042 Psalmorum
674 2986 853 3041 libro6
876 2985 1231 3056 Evangelium
1261 2984 1550 3054 expressit.
1579 2985 1709 3038 Item
1738 3001 1750 3035 :
1788 2980 1869 3035 Va

1980 2982 2243 3052 ὑπέφηνε,
2277 2982 2371 3036 καί¹
2398 2983 2498 3052 τὴν
2530 2982 2639 3036 τῶν
2674 2984 3043 3038 ἐπαινούντων
3070 2985 3231 3038 αὐτὸν
3258 2987 3444 3040 ἄνοιαν
3469 2989 3571 3040 καὶ

292 3081 340 3133 ei
369 3096 461 3148 per
489 3094 641 3148 quem
665 3074 842 3130 Filius
872 3076 1100 3129 hominis
1137 3073 1376 3128 tradetur
1391 3075 1435 3161 ’ὅ
1468 3074 1680 3128 Etenim
1703 3073 1875 3128 Judas

293 3171 410 3225 hazc
445 3171 502 3225 in
541 3185 600 3226 sc
624 3167 1001 3238 comprobavit
1024 3167 1233 3232 omnia,
1257 3178 1420 3237 atque
1448 3175 1501 3219 et
1528 3166 1873 3220 laudatorum

293 3275 521 3316 suorum
569 3267 623 3314 et
672 3265 949 3315 suammet
991 3258 1110 3328 ipse
1155 3258 1486 3312 dementiam
1532 3258 1616 3312 vel
1669 3258 1875 3312 invitus

293 3352 553 3407 ostendit.
601 3346 737 3403 Nam
795 3355 1157 3419 posteaquam
1212 3356 1396 3403 tamen
1463 3347 1685 3419 triginta
1752 3347 1873 3402 illos

292 3453 587 3513 argenteos
644 3443 893 3513 accepit,
943 3441 1269 3512 poenitentia
1318 3441 1521 3496 ductus
1581 3441 1871 3511 pecuniam

218 3608 221 3609 ν
292 3537 440 3592 illam
477 3536 735 3600 restituit,
777 3543 1036 3605 tanquam
1075 3535 1205 3588 mali
1250 3533 1456 3604 aliquid
1487 3541 1872 3603 perpetrasset,

291 3645 419 3686 cum
450 3629 577 3694 sibi,
617 3636 733 3683 tum
780 3628 850 3683 iis
896 3627 990 3697 qui
1039 3627 1194 3682 cruci
1225 3625 1508 3681 Christum
1558 3624 1867 3681 aﬁixerunt.

294 3721 561 3776 Dominus
608 3734 741 3776 vero
768 3735 865 3791 per
907 3734 967 3775 se
1011 3718 1159 3790 quod
1206 3717 1367 3773 nobis
1395 3717 1563 3788 atque
1612 3718 1870 3773 universo

292 3814 500 3868 bonum
536 3819 655 3868 erat
693 3812 964 3878 etIiciens,
1020 3811 1264 3881 seipsum
1313 3808 1569 3875 tradidit,
1615 3820 1672 3864 ut
1707 3809 1869 3863 saluti

291 3905 551 3961 omnibus
600 3913 766 3960 esset.
821 3902 942 3958 Non
1006 3904 1173 3974 igitur
1212 3900 1482 3974 proditori
1528 3900 1717 3967 Judae,
1775 3902 1870 3957 sed

289 3995 687 4068 benignissimo
716 3996 987 4051 Salvatori
1012 3995 1216 4066 gratias
1245 3995 1477 4065 agimus,
1508 3997 1598 4064 qui
1633 3994 1870 4048 animam

292 4103 396 4159 pro
427 4088 611 4151 nobis,
649 4086 846 4142 ovibus
896 4085 1155 4141 videlicet
1204 4084 1345 4148 suis,
1395 4084 1669 4152 exposuit,
1718 4090 1777 4135 ut
1817 4090 1870 4138 et

291 4182 411 4251 ipse
433 4179 573 4235 dixit
593 4180 636 4235 ⁸.
666 4179 952 4246 Quomodo
981 4179 1127 4234 enim
1168 4177 1217 4233 is
1246 4176 1339 4247 qui
1366 4176 1495 4231 boni
1523 4173 1727 4247 aliquid
1750 4188 1869 4230 mo-

291 4273 377 4326 tiri
430 4288 492 4328 se
534 4272 801 4336 crederet,
835 4279 1023 4342 postea
1068 4269 1205 4325 dixit
1237 4288 1251 4324 :
1288 4267 1523 4324 Paenitet
1567 4283 1686 4331 me,
1726 4265 1871 4337 quod

1978 3072 2172 3126 ἑαυτοῦ
2221 3074 2470 3145 ἤλεγξεν,
2520 3076 2567 3129 εί
2616 3076 2711 3129 καὶ
2749 3075 2916 3130 ἄκων·
2980 3076 3095 3131 ἀλλ’
3131 3079 3279 3148 ὅμως
3333 3080 3472 3149 μετὰ
3502 3081 3567 3132 τὸ

1976 3165 2160 3219 λαϐεῖν
2193 3166 2254 3219 τὸ
2300 3166 2517 3238 τίμημα
2564 3169 2632 3221 τὰ
2679 3168 2976 3236 τριάκοντα
3024 3169 3287 3240 ἀργύρια,
3336 3169 3573 3241 ὕστερον

1980 3257 2399 3331 μεταμεληθεὶς,
2436 3259 2530 3311 καὶ
2561 3259 2913 3331 ἀποστρέψας
2937 3260 3007 3314 τὰ
3046 3261 3310 3333 ἀργύρια,
3350 3262 3423 3325 ὡς
3465 3280 3567 3316 κα-

1977 3347 2073 3399 κόν
2116 3364 2169 3399 τι
2217 3346 2535 3417 πεπραχὼς,
2572 3347 2743 3401 κακὸν
2788 3349 2887 3419 μὲν
2920 3350 3118 3420 ἑαυτῷ,
3156 3352 3325 3404 κακὸν
3368 3351 3425 3404 δὲ
3470 3353 3568 3406 καὶ

1975 3439 2090 3500 τοῖς
2119 3436 2518 3508 σταυρώσασιν.
2575 3440 2632 3491 ὐ
2665 3439 2719 3490 δὲ
2754 3439 2980 3511 Κύριος,
3024 3440 3228 3509 ἀγαθὸν
3269 3441 3336 3494 δι’
3366 3442 3565 3496 ἑαυτοῦ

1976 3530 2242 3584 ἐπιτελῶν
2271 3533 2405 3601 ἡμῖν
2439 3547 2499 3582 τε
2542 3532 2636 3585 καὶ
2665 3532 2742 3602 τῷ
2776 3532 2987 3603 κόσμῳ,
3028 3533 3217 3586 ἑαυτὸν
3248 3535 3564 3606 παραδέδωο

1975 3637 2092 3684 κεν,
2137 3621 2223 3674 ἵνα
2264 3621 2488 3693 γένηται
2519 3623 2651 3693 ἡμῖν
2692 3623 2956 3694 σωτηρία.
3003 3625 3145 3696 Ἀρα
3192 3620 3283 3679 οὖν
3326 3626 3448 3696 οὐχὶ
3484 3625 3564 3695 τῷ

1987 3713 2159 3786 Ἰούδᾳ
2192 3714 2270 3786 τῷ
2299 3715 2532 3787 προδότῃ
2572 3715 2946 3788 ὁμολογοῦμεν
2982 3718 3079 3789 τὴν
3110 3718 3289 3789 χάριν,
3325 3717 3461 3770 ἀλλὰ
3485 3718 3563 3789 τῷ

1974 3806 2226 3879 ἐλεήμονι
2278 3807 2515 3879 Σωτῆρι,
2567 3808 2649 3878 τῷ
2685 3809 2785 3881 τὴν
2830 3811 3009 3880 ψυχὴν
3050 3810 3195 3864 θέντι
3227 3811 3370 3881 ὑπὲρ
3402 3810 3559 3881 ἡμῶν

1972 3900 2081 3953 τῶν
2119 3900 2266 3954 ἰδίων
2306 3899 2471 3954 αὑτοῦ
2510 3901 2822 3973 προϐάτων,
2855 3902 3227 3967 καοὼςοαύτὸς
3266 3899 3411 3957 εἷπε.
3439 3902 3559 3967 Πῶς

1972 3992 2081 4062 γὰρ
2123 3994 2149 4045 6
2180 3994 2408 4063 νομίσας
2443 3993 2646 4063 ἀγαθὸν
2681 3996 2991 4049 ἐπιτελέσαι
3023 3996 3246 4068 ὕστερον
3284 3995 3451 4065 λέγει,
3478 3996 3555 4050 δτι.

1971 4082 2472 4155 Μεταμεμέλημαι,
2534 4086 2934 4158 παραδεδωκὼς
2997 4082 3138 4157 αἷμα
3192 4087 3397 4153 ἀθῶον;
3450 4089 3554 4141 Καὶ

1971 4174 2283 4245 ἀπέστρεψε
2317 4174 2386 4227 τὰ
2420 4175 2679 4248 ἀργύρια,
2733 4174 2917 4240 καθὼς
2963 4171 3029 4247 ἦν
3077 4175 3206 4246 περὶ
3252 4174 3417 4228 αὑτοῦ
3467 4192 3554 4244 γε⁹

1973 4266 2292 4337 γραμμένον
2331 4266 2444 4337 (48)
2473 4269 2533 4319 ὲν
2572 4271 2685 4331 τοῖς
2730 4269 3061 4339 προφήταις.
3099 4269 3208 4321 Καὶ
3248 4266 3551 4337 ἀπέστρεψε

291 4364 611 4419 tradiderim
666 4333 990 4434 sanguinem
1035 4360 1292 4432 justum?
1332 4359 1398 4415 Et
1451 4360 1636 4416 retulit
1677 4333 1869 4429 ar—gen-

1980 4358 2102 4420 τοὺς
2131 4357 2425 4428 τριάκοντα
2447 4357 2742 4430 ἀργύρους,
2770 4358 2867 4428 τὴν
2888 4358 3054 4430 τιμὴν
3075 4358 3170 4412 τοῦ
3194 4358 3553 4428 τετιμημένου

290 4465 409 4512 teos
438 4457 488 4523 ⁸;
519 4470 619 4527 pro
649 4471 716 4512 eo
738 4471 801 4511 ac
835 4455 1112 4526 pr0pheta:
1131 4455 1153 4485 ’
1174 4454 1242 4509 de
1271 4468 1338 4511 eo
1382 4453 1717 4523 scripserant
1753 4469 1765 4504 :
1807 4449 1873 4504 Et

289 4547 477 4605 retulit
504 4547 729 4619 triginta
761 4557 1049 4618 argenteos
1094 4544 1328 4617 pretium
1363 4542 1652 4615 appretiati
1680 4558 1709 4595 a
1745 4541 1870 4596 ﬁliis

287 4738 299 4746 ,
348 4684 377 4729 η¹
404 4682 561 4738 Joan.
593 4697 727 4746 xvn,
780 4680 868 4736 12.
970 4680 993 4711 '
1021 4678 1211 4733 Matth.
1248 4693 1397 4739 xxvr,
1430 4676 1520 4731 24.

286 4752 311 4789 ν’
342 4753 534 4809 Matth.
567 4769 715 4821 xxvr,
741 4752 831 4806 2i.
907 4751 929 4783 ⁸
960 4749 1118 4807 Joan.
1148 4766 1205 4815 χ,
1233 4748 1318 4803 15.
1391 4749 1410 4779 ⁸
1441 4747 1607 4801 Zach.
1639 4764 1714 4813 xi,
1746 4748 1833 4802 15.

1616 4677 1638 4708 ³
1668 4677 1798 4732 ibid.
1842 4677 1930 4731 50.

1977 4447 2126 4518 παρὰ
2163 4448 2270 4502 τῶν
2306 4448 2438 4502 υίῶν
2484 4450 2719 4521 Ἰσραήλ·
2755 4451 2851 4503 καὶ
2884 4451 3045 4504 πάλιν
3074 4452 3132 4503 ἐν
3163 4451 3307 4521 ἄλλῳ
3344 4451 3547 4521 προφή-

1976 4538 2199 4610 τῃμδγ
2236 4541 2306 4593 El
2342 4538 2580 4594 δίκαιόν
2619 4542 2791 4595 ἐστιν
2827 4543 2990 4612 ὑμῖν,
3033 4542 3168 4596 δότε
3209 4543 3317 4599 τὸν
3333 4543 3549 4612 μισθόν

2036 4675 2056 4705 ⁵
2092 4675 2223 4729 ibid.
2266 4675 2354 4729 21.
2448 4676 2470 4708 ⁸
2504 4674 2665 4733 Joan.
2707 4692 2824 4745 xm,
2871 4677 2963 4734 18.
3088 4680 3110 4713 ⁸
3140 4678 3281 4735 Psal.
3336 4695 3426 4745 IL,
3468 4683 3545 4737 10.

1949 4746 1991 4776 ⁸ο
2017 4764 2106 4816 no.
2134 4746 2483 4817 πτερνισμόν.

361 4875 473 4947 (48)
515 4871 716 4936 Καθὼς
733 4868 830 4947 ’ἦν
868 4871 1004 4947 περὶ
1047 4868 1234 4925 αὐτοῦ
1275 4864 1703 4947 γεγραμμένοις,
1756 4865 1856 4947 Ti);

1980 4863 2571 4947 buerit__Epiphanius,
2616 4881 2729 4947 non
2782 4866 3405 4947 Jeremiaevocabulum.
3446 4870 3545 4926 Sed

287 4936 596 5002 metsi'haec
623 4959 691 4997 ex
733 4936 1115 4996 Matthfxxvn
1184 4936 1365 5007 capite
1409 4936 1725 5007 sumpserit,
1768 4936 1859 4989 ubi

286 5015 556 5073 Jeremias
586 5013 907 5067 nominatim
936 5012 1229 5075 laudatur;
1257 5006 1416 5062 caute
1444 5015 1624 5075 tamen
1666 5006 1724 5058 ὲν
1752 5009 1863 5069 τοῖς

289 5087 596 5158 προφήταις
640 5084 806 5158 (ἤδη,
845 5083 1000 5158 quod
1052 5084 1139 5158 h_ic
1183 5074 1338 5158 locus
1380 5075 1524 5156 apu_d
1571 5074 1860 5158 {ereiniani

287 5145 642 5212 noti'exstat.
695 5145 1017 5223 Suspicatur
1060 5151 1256 5205 Euseb.
1301 5150 1336 5203 Ι.
1378 5145 1550 5223 x711];-
1579 5145 1862 5223 ᾈποδειξ.

287 5230 420 5289 haec.
450 5243 572 5296 quze
604 5212 947 5296 evangelista»
973 5212 1552 5296 commemoratnapud
1575 5212 1864 5296 Jeremiam

286 5302 416 5353 olim
455 5288 593 5352 lecta
614 5336 628 5360 ,
662 5288 819 5350 sed'a
848 5293 1062 5366 Judaeis
1096 5292 1338 5366 detracta
1361 5288 1594 5366 fuisse;
1631 5294 1723 5339 aut
1746 5301 1862 5366 .pro

289 5368 569 5423 Zachariae
606 5357 844 5425 nomine,
869 5363 1156 5418 Jeremiam
1192 5359 1535 5416 librariorum
1565 5357 1853 5424 irrepsisse

289 5442 468 5507 culpa.
508 5437 568 5491 in
609 5437 753 5508 quod
786 5444 1123 5508 postremum
1169 5430 1339 5508 magis
1371 5428 1597 5482 inclinat
1618 5425 1851 5508 _Hieron.

289 5510 357 5564 ad
386 5498 581 5563 Matth.
625 5498 803 5569 ἰινιιζ
849 5506 952 5559 etsi
994 5505 1047 5557 in
1097 5498 1343 5556 Jereniia:
1377 5498 1860 5569 apocryphoqquo-

289 5582 412 5635 dam
443 5581 558 5633 haec
582 5593 612 5631 a
646 5567 1083 5653 Mattlneocitata
1116 5573 1392 5653 selegissc
1426 5569 1646 5653 referat.
1678 5567 1858 5653 Quare

291 5651 585 5708 videndum
612 5663 682 5703 an
714 5648 769 5702 in
805 5646 991 5703 codice
1024 5661 1145 5712 suo,
1178 5645 1234 5696 ὲν
1264 5639 1373 5704 τοῖς
1408 5639 1734 5712 προφήταις,
1761 5639 1855 5693 ha-

1966 4937 2229 5007 t_lon_nulla
2257 4938 2415 4989 aliter
2447 4938 2693 5005 protulit,
2723 4952 2886 5006 quant
2914 4940 3057 5007 apud
3092 4938 3402 4994 Matthaeum
3466 4954 3548 4998 aut

1965 5003 2691 5082 ΖδιείιίιΓίειιη--ῐςςξρριςίυιιίιιη
2718 5003 2874 5082 Velut
2902 5003 3187 5082 είίδίκαιόν
3217 5012 3365 5082 ἐστιν
3388 5012 3541 5082 ὑμῖν’

1968 5091 2205 5151 proque
2235 5074 2397 5151 LXX,
2427 5079 2475 5130 εί
2512 5077 2674 5151 καλόν
2712 5081 2860 5131 ἐστιν
2894 5078 3123 5151 ἐνῴπιον
3139 5080 3330 5151 ῥμῶν.

2040 5146 2151 5215 (49)
2178 5148 2287 5201 Καὶ
2315 5147 2502 5202 πάλιν
2521 5150 2589 5201 ἐν
2611 5148 2779 5215 ἄλλῳ
2800 5149 3101 5218 προφήτῃ.
3136 5146 3360 5204 Frustra
3392 5152 3544 5205 alium

1968 5215 2059 5270 hic
2097 5219 2416 5290 prophetam
2454 5234 2576 5275 esse
2615 5219 2786 5290 dicit;
2836 5215 2959 5274 eum
2983 5215 3077 5290 ξειί
3120 5222 3261 5275 idem
3312 5222 3423 5283 ille,
3462 5224 3544 5290 qui

1970 5290 2217 5361 proxime
2248 5289 2467 5361 citatus
2490 5299 2593 5351 est,
2621 5288 2938 5345 Zacharias.
2964 5289 3121 5357 Quod
3153 5292 3217 5344 ad
3248 5288 3543 5361 posteriora

1961 5357 2124 5411 verba
2146 5366 2398 5433 _specta_t.
2428 5359 2557 5433 Nam
2588 5362 2768 5429 priora
2812 5362 2922 5433 illa,
2956 5364 3051 5414 καὶ
3085 5357 3291 5433 ἔδωκέν
3308 5362 3543 5433 ceam-

1966 5444 2078 5498 ριον
2106 5428 2205 5499 τὴν
2228 5429 2409 5502 τιμὴν
2438 5430 2533 5502 τοῦ
2562 5428 2756 5501 τετιμη
2767 5428 2932 5502 μένου
2960 5472 2975 5497 ,
3010 5448 3075 5485 ex
3106 5431 3303 5502 Matth.
3333 5428 3543 5487 desum-

2282 5498 2296 5514 ν

1966 5508 2055 5567 pta
2099 5499 2241 5569 apud
2282 5499 2604 5555 Zachariam
2646 5499 2778 5556 non
2806 5511 3050 5557 exstant.
3101 5500 3382 5574 Postremo
3454 5520 3541 5574 pro

2112 5582 2221 5635 τῶν
2247 5583 2403 5650 υἱῶν,
2438 5582 2576 5637 LXX
2616 5585 2798 5659 Ιύπέρ,
2837 5585 3000 5643 Hebr.
3032 5571 3285 5653 ΰοἹνιὶνΰ.
3318 5571 3479 5660 ναις.
3510 5604 3541 5642 a
