3768 6182
148 190 257 247 665

759 194 1133 253 ADVERSUS
1172 195 1517 253 [leRESES
1556 194 1687 253 LIB.
1729 194 1771 251 Ξ.
1815 192 1983 251 ΤΟΜ.
2026 194 2115 250 Ill.
2156 223 2225 235 -——
2264 190 2548 249 HIERES.
2592 191 2840 249 XXXIX.

3324 191 3429 247 666

143 324 287 375 μου,
312 305 351 375 ἢ
372 309 710 363 ἀπείπασθε
766 312 1045 367 καὶ-πάλιν
1075 314 1133 366 ἐν
1162 314 1307 386 ἄλλῳ
1331 315 1603 389 προφήτῃ·
1628 314 1713 368 Κα

1935 312 2077 368 act“.
2146 310 2279 368 Item
2330 310 2477 383 apud
2528 310 2695 366 alium
2727 308 3088 391 prophetam:
3125 309 3187 366 Si
3220 311 3427 381 justum

149 397 358 455 ἔδωκαν
387 402 447 455 τὸ
475 402 738 473 ἀργύριον
764 404 863 475 τὴν
892 404 1059 477 τιμὴν
1086 405 1179 459 τοῦ
1210 406 1595 478 τετιμημένου.
1627 404 1742 460 Καὶ

148 490 295 546 εἷπε·
330 495 511 559 Κάθες
540 496 672 549 αὐτὸ
698 499 779 561 εἰς
810 498 871 551 τὸ
898 500 1281 572 χωνευτήριόνο
1328 500 1401 553 ἰδε
1440 500 1488 553 εἰ
1517 498 1742 571 δόκιμόν

148 586 324 650 ἐστιν,
353 585 428 649 ὡς
452 587 817 660 ἐδοκιμάσθην
852 590 959 644 ὑπὸ
988 592 1097 647 τῶν
1124 594 1140 623 ί
1176 592 1309 647 υἱῶν
1351 592 1589 665 Ἰσραήλ.

130 780 141 799 ·
228 767 307 819 H’.
349 766 460 819 Καὶ
494 766 634 820 πόσα
664 769 811 823 ἐστὶν
848 769 956 824 ἀπὸ
988 770 1087 842 τῆς
1118 768 1270 835 Θείας
1295 771 1521 843 Γραφῆς
1552 772 1744 826 συλλέ-

152 876 275 927 γειν
312 860 440 932 περὶ
467 860 579 913 τῶν
606 861 1003 917 τελειωθέντων
1041 866 1100 918 ἐν
1127 863 1205 936 τῷ
1232 864 1423 937 Κυρίῳ
1458 864 1638 935 ἡμῶν,
1683 866 1745 919 οὐ

153 953 300 1006 κατὰ
326 955 423 1025 τὴν
452 954 625 1009 Ἰούδα
650 956 786 1028 πρὸς
810 956 870 1011 τὸ
893 958 1095 1027 ἀγαθὸν
1118 958 1419 1030 ἐνέργειαν,
1446 958 1582 1013 ἀλλὰ
1603 959 1747 1013 κατὰ

149 1046 258 1117 τὴν
290 1048 384 1101 τοῦ
420 1050 673 1123 Σωτῆρος
705 1051 865 1123 ⁴ἡμῶν
904 1052 999 1106 καὶ
1040 1054 1248 1126 Κυρίου
1299 1051 1475 1124 Ἰησοῦ
1506 1052 1746 1125 Χριστοῦ

151 1138 254 1191 τοῦ
288 1139 423 1193 Θεοῦ
453 1141 596 1213 ὑπὲρ
623 1143 799 1213 ἡμῶν,
833 1143 894 1197 οὐ
926 1143 1046 1198 κατ’
1073 1144 1341 1217 ἀνάγκην,
1364 1144 1502 1199 ἀλλὰ
1524 1146 1587 1199 ἐκ
1618 1162 1749 1218 προ-

151 1235 424 1304 αιρέσεως
451 1237 646 1291 ἐαυτοῦ
676 1237 977 1310 παράδοσιν
1002 1239 1097 1293 καὶ
1124 1238 1437 1311 οἰκονομίαν
1463 1238 1557 1292 τοῦ
1582 1256 1748 1293 σταυ-

154 1327 259 1398 ροῦ
312 1329 453 1401 ὑπὲρ
480 1331 579 1402 τῆς
621 1330 779 1402 ἡμῶν
827 1331 1141 1404 σωτηρίας;
1190 1326 1321 1386 Οἶδα
1366 1331 1423 1385 δέ
1457 1334 1538 1395 εἰς
1581 1331 1751 1386 πολὺν

152 1422 325 1490 δγκον
372 1422 522 1491 ἄγων
562 1424 661 1487 τὰς
705 1422 1035 1494 μαρτυρίας
1077 1423 1153 1489 ὡς
1202 1424 1351 1493 λέγει
1398 1422 1562 1477 πάλιν
1594 1424 1751 1488 ἄλλος

155 1515 470 1587 προφήτης·
530 1514 811 1569 Γενέσθω
860 1517 900 1585 ἠ
957 1516 1213 1582 ἔπαυλις
1269 1516 1458 1570 αὐτοῦ
1510 1515 1749 1588 ἕρημος,

154 1607 263 1660 καί
318 1606 433 1677 τὴν
488 1607 834 1677 ἐπισκοπὴν
890 1609 1078 1665 αὑτοῦ
1138 1607 1311 1664 λάϐοι
1368 1608 1589 1677 ἕτερος.
1655 1612 1753 1675 Ὃς

1843 412 1923 458 est
1972 402 2137 468 vobis,
2192 402 2317 457 date
2370 401 2659 457 mercedem
2709 418 2916 470 meum,
2962 414 3056 456 aut
3102 404 3344 458 abdicata
3386 404 3428 458 ⁸.

1844 494 1975 551 Item
2004 495 2146 550 alius
2190 494 2456 565 propheta
2486 512 2499 549 :
2546 492 2824 549 Dederunt
2854 502 3143 565 argentum
3194 495 3431 565 pretium

1844 588 2151 659 appretiati.
2191 588 2257 641 Et
2286 586 2466 642 dixit:
2503 585 2655 642 Mitte
2691 586 2746 640 in
2794 585 3167 650 fundibulum,
3211 596 3264 642 et
3309 587 3435 643 vide

1846 697 1919 737 an
1952 681 2184 752 probum
2213 680 2384 739 sit.ut
2408 680 2673 752 probatus
2694 696 2814 737 sum
2850 695 2881 734 a
2907 679 3033 736 ﬁliis
3063 678 3253 736 Israel.

1919 775 2082 846 283
2123 773 2264 829 VIII.
2311 773 2487 842 Quam
2516 773 2683 829 multa
2729 788 3028 845 possumus
3059 788 3089 829 e
3133 773 3435 844 Scripturis

1846 866 2023 920 sacris
2082 864 2316 933 atl'erre,
2381 865 2451 922 de
2515 866 2585 921 iis
2640 881 2764 937 quae
2814 865 2869 921 in
2928 865 3152 921 Christo
3206 864 3436 919 Domino

1848 957 2093 1029 perfecta
2148 967 2307 1023 sunt,
2354 974 2464 1014 non
2511 973 2575 1014 ea
2632 958 2854 1029 quidem
2916 958 2987 1013 ab
3034 956 3173 1013 Juda
3215 974 3283 1013 ex
3326 959 3437 1014 ulla

1847 1051 2235 1108 commodandi
2279 1054 2563 1110 voluntate
2607 1053 2877 1125 protecta,
2921 1053 3017 1109 sed
3063 1068 3130 1108 ex
3175 1068 3241 1109 eo
3271 1053 3438 1108 nimi-

1848 1154 1971 1194 rum
2003 1140 2149 1211 quod
2192 1138 2447 1197 Salvator
2481 1151 2670 1197 uoster
2692 1157 2757 1198 ac
2787 1139 3050 1199 Dominus
3080 1142 3243 1199 Jesus
3279 1142 3440 1199 Chri-

1850 1240 1970 1289 stus
2001 1232 2146 1290 Deus
2186 1249 2287 1305 pro
2331 1235 2493 1292 nobis
2529 1251 2652 1291 sese
2684 1252 2795 1291 non
2837 1237 3165 1293 necessitate
3193 1238 3443 1311 compul-

1850 1342 1969 1390 sus,
1999 1326 2094 1383 sed
2126 1337 2320 1397 sponte
2346 1343 2448 1384 sua
2491 1328 2740 1394 tradidit,
2771 1336 2825 1382 et
2864 1328 3314 1386 administranda
3353 1346 3443 1386 sa-

1852 1420 1985 1477 lutis
2026 1428 2231 1477 nostrae
2283 1435 2454 1478 causa
2503 1436 2729 1478 crucem
2775 1421 2965 1478 subiit.
3010 1421 3125 1494 Ego
3161 1438 3291 1479 vero
3331 1438 3444 1478 non

1853 1512 2053 1584 imoro
2083 1529 2249 1585 quam
2285 1515 2560 1570 inlinitum
2584 1515 2659 1570 sit
2689 1514 3007 1571 testimonia
3037 1514 3224 1570 omnia
3258 1531 3445 1586 perse-

1855 1608 1970 1675 qui.
1997 1604 2157 1662 Velut
2188 1607 2335 1678 quod
2360 1608 2428 1663 ab
2448 1608 2555 1663 alio
2584 1608 3125 1679 prophetascriptum
3160 1616 3280 1665 est:
3315 1607 3444 1663 Fiat

155 1699 402 1768 πρηνὴς
441 1700 764 1771 γενόμενος
810 1700 1081 1771 ἐλάκησε
1118 1700 1329 1773 μέσος,
1362 1702 1459 1755 καὶ
1491 1702 1713 1770 ἐξεχύο

1935 1696 2110 1751 bilatio
2150 1699 2267 1768 ejus
2298 1699 2538 1765 deserta,
2567 1709 2617 1754 et
2647 1700 3007 1769 episcopatum
3058 1703 3173 1769 ejus
3216 1700 3444 1770 accipiat

155 1790 361 1845 πάντα
386 1791 457 1845 τὰ
489 1792 710 1862 ἔγκατα
740 1793 760 1823 '
791 1794 999 1848 αὐτοῦ.
1048 1796 1160 1848 Καὶ
1200 1794 1262 1847 τὸ
1310 1793 1505 1866 πέρας,
1550 1792 1754 1865 ἀγχόνῃ

154 1883 529 1954 γρησάμενος,
564 1884 731 1951 ἔδειξε
766 1884 825 1939 τὸ
867 1885 974 1939 πᾶν
1030 1886 1120 1957 τῆς
1159 1885 1321 1941 αὑτοῦ
1362 1886 1634 1959 σωτηρίας
1667 1886 1747 1940 δι-

153 1975 376 2039 ολέσας,
398 1976 476 2048 τῷ
495 1977 772 2032 διαπεσεῖν
792 1978 891 2051 τῆς
908 1979 1139 2044 ἐλπίδος.
1162 1980 1304 2034 κατὰ
1318 1979 1414 2051 τὴν
1437 1981 1506 2034 αὐ
1518 1979 1605 2034 τοῦ
1628 1980 1756 2035 ἆτα-

155 2084 292 2123 γτον
323 2070 418 2122 καὶ
442 2070 690 2143 προπετῆ
725 2071 869 2125 κατὰ
905 2071 1000 2125 τοῦ
1032 2072 1307 2126 Δεσπότου
1335 2073 1500 2127 αὑτοῦ
1534 2072 1754 2127 ἐπιϐουο

156 2161 281 2232 λὴν,
305 2162 400 2215 καὶ
427 2161 615 2217 ἕνεκεν
644 2162 1009 2238 φιλαργυρίας
1044 2164 1131 2217 ἐπ’
1163 2164 1537 2237 ἀρνησιθεῖαν·
1564 2166 1639 2230 ὡς
1659 2164 1753 2219 καὶ

154 2256 209 2307 oi
246 2255 537 2309 ἀπόστολοι
562 2257 678 2313 ἀντ’
713 2256 877 2311 αὐτοῦ
902 2258 981 2320 εἰς
1010 2258 1099 2311 τὸν
1127 2257 1308 2313 αὐτῶν
1336 2259 1569 2330 ἀριθμὸν
1597 2260 1753 2313 Ματ-

157 2347 286 2401 θίαν
310 2349 674 2422 κατέστησαν,
699 2350 968 2420 λέγοντες·
1009 2352 1125 2422 Ἀφ’
1149 2349 1220 2411 οὗ
1246 2342 1472 2422 παξοέϐη
1511 2353 1754 2421 Ἰούδας,

156 2439 455 2495 ἀπελθεῖν
480 2443 569 2508 εἰς
594 2441 702 2496 τὸν
727 2444 915 2497 τόπον
942 2443 1049 2498 τὸν
1069 2444 1243 2501 ἴδιον.
1274 2446 1433 2501 Ποῖον
1456 2447 1519 2519 δὴ
1543 2447 1757 2510 τοῦτον,

157 2531 282 2584 ἀλλ’
314 2532 348 2604 ἦ
379 2532 437 2587 ὃν
461 2532 782 2608 ἀπεφήνατο
813 2534 962 2608 αὐτῷ
987 2536 1015 2587 ὁ
1042 2536 1251 2611 Σωτὴρ,
1281 2538 1474 2607 λέγων,
1498 2539 1579 2593 ὅτι
1608 2539 1757 2594 ἐστιν

160 2624 279 2689 υἰδς
305 2626 586 2692 ἀπωλείας
613 2645 627 2695 ;
652 2627 822 2682 Ἔνθα
867 2627 1025 2699 ἔσχεν
1049 2629 1170 2683 ἀντὶ
1189 2629 1408 2702 μερίδος
1426 2630 1642 2703 μερίδα,
1665 2630 1759 2687 καὶ

158 2718 291 2772 ἀντί
315 2720 621 2790 ἐπισκοπῆς
643 2718 1005 2792 ἁποστολικῆς
1027 2721 1117 2797 τόν
1142 2722 1305 2777 τόπον
1328 2724 1429 2795 τῆς
1457 2724 1755 2789 ἀπωλείας.

1855 1788 1991 1845 alter
2008 1792 2049 1846 ⁵.
2105 1791 2211 1859 Qui
2247 1808 2534 1861 suspensus
2574 1794 2773 1862 crepuit
2816 1793 3059 1857 medius;
3089 1792 3291 1862 diffusa
3321 1800 3447 1846 sunt

1857 1882 2037 1936 omnia
2087 1881 2288 1935 viscera
2333 1882 2514 1952 ejus".
2562 1882 2637 1937 Ac
2698 1889 2978 1953 postremo
3026 1882 3223 1952 laqueo
3263 1881 3448 1952 gulam

1858 1973 2139 2046 frangens,
2172 1975 2304 2047 quid
2328 1976 2532 2047 egisset
2560 1974 2825 2041 ostendit,
2852 1990 2978 2030 cum
3006 1974 3155 2028 omni
3182 1990 3241 2030 se
3272 1973 3450 2029 salute

1859 2066 2173 2138 spoliasset,
2192 2082 2257 2123 eo
2283 2068 2406 2140 ipso
2430 2067 2574 2141 quod
2607 2068 2677 2123 οι)
2707 2067 2945 2123 subitam
2977 2067 3125 2121 illam
3156 2081 3221 2121 ac
3246 2072 3451 2121 temere

1861 2169 2177 2233 susceptam
2201 2170 2401 2217 contra
2432 2161 2725 2217 Dominum
2757 2161 3040 2232 perﬁdiam
3069 2160 3139 2217 ab
3172 2158 3451 2216 aeternita-

1860 2251 1934 2309 tis
1966 2268 2063 2325 spe
2102 2254 2158 2309 iu
2190 2254 2363 2311 divini
2404 2252 2660 2310 Numinis
2688 2254 3103 2325 ahnegationem
3143 2252 3447 2308 incidisset.

1861 2344 2020 2403 Unde
2058 2357 2113 2405 et
2148 2349 2380 2419 apostoli
2413 2348 2535 2418 ejus
2566 2348 2691 2403 loco
2738 2346 3023 2401 Matthiam
3061 2346 3117 2401 in
3156 2362 3449 2402 numerum

1862 2456 2025 2502 suum
2072 2440 2398 2513 allegerunt,
2434 2438 2724 2493 dicentes:
2763 2435 2848 2492 Ea
2877 2453 2979 2507 quo
3020 2434 3195 2490 ludas
3240 2450 3452 2505 prama-

1861 2545 2062 2598 ricatus
2095 2548 2195 2607 est,
2241 2548 2299 2592 ut
2342 2536 2510 2593 abiret
2548 2540 2603 2594 in
2643 2537 2817 2592 locum
2852 2538 3081 2592 suum“.
3123 2535 3455 2604 Quemnam,

1871 2636 2144 2701 obsecro;
2197 2631 2307 2686 nisi
2354 2608 2528 2701 quem.
2574 2629 2830 2686 Salvator
2875 2630 3053 2686 eidem
3108 2630 3452 2693 ostenderat,

1869 2742 1995 2782 cum
2022 2742 2146 2781 eum
2178 2724 2506 2795 perditionis
2536 2722 2708 2779 lilium
2758 2723 3093 2795 appellavit"
3118 2723 3142 2777 ?
3178 2721 3277 2777 Hic
3307 2723 3454 2778 enim

163 2812 247 2868 illi
304 2813 631 2884 perditionis
674 2814 974 2869 attributus
1011 2823 1097 2871 est
1142 2816 1335 2873 locus:
1399 2816 1458 2875 in
1491 2832 1601 2888 quo
1635 2818 1809 2893 partis
1843 2819 1966 2876 loco
2018 2829 2230 2890 partem
2258 2818 2509 2885 alteram,
2552 2816 2658 2873 hoc
2702 2826 2791 2874 est
2832 2816 2979 2872 illam
3013 2830 3113 2887 pro
3153 2815 3458 2887 apostolico

161 2907 490 2978 episcopatu
517 2907 668 2963 exitii
702 2908 887 2964 sedem
918 2908 1148 2979 adeptus
1178 2918 1281 2966 est.

243 3001 381 3074 Περὶ
408 3001 599 3056 τούτου
629 3002 687 3057 δὲ
715 3002 917 3069 ἱκανῶς
946 3004 1090 3076 ἐχειν
1118 3006 1188 3059 τὰ
1213 3007 1483 3079 εἰρημένα
1510 3008 1710 3080 νομίσα

1938 3007 2017 3064 De
2062 3023 2173 3079 quo
2215 3022 2340 3065 cum
2389 3010 2526 3064 satis
2566 3020 2865 3078 superque,
2912 3016 3177 3076 quantum
3233 3006 3456 3076 opinor,

162 3114 283 3163 τες,
316 3096 557 3167 καθεξῆς
599 3097 763 3152 πάλιν
802 3100 887 3170 ἐφ’
918 3100 1112 3172 ἑτέραν
1152 3102 1345 3173 ἴωμεν,
1387 3097 1432 3157 ὦ
1462 3104 1759 3175 ἀγαπητοὶ,

163 3186 240 3239 τὰ
271 3186 460 3241 σκολιὰ
482 3188 645 3242 πάλιν
695 3188 789 3243 καὶ
816 3190 1056 3263 θηριώδη
1078 3191 1389 3263 διδάγματα
1411 3193 1431 3225 ⁸
1463 3196 1556 3249 καὶ
1584 3195 1763 3249 ἰοϐόλα

164 3278 654 3345 ἀποκαλύπτοντες
690 3280 802 3335 τῶν
844 3283 998 3355 παρὰ
1030 3286 1149 3348 ταῖς
1188 3284 1404 3361 λοιπαῖς
1426 3285 1497 3361 ἐξ
1529 3286 1765 3341 ἐπιπλά-

165 3390 302 3426 στου
356 3372 672 3445 διαϐολικῆς
717 3375 963 3440 ἐπινοίας
1010 3376 1088 3448 τῷ
1139 3377 1329 3451 κόσμῳ
1375 3360 1556 3451 λῦμης
1602 3379 1767 3434 ἕνεκα

168 3464 725 3538 ἐμϐεϐροντημένων.
779 3466 902 3520 Τῶν
950 3467 1059 3541 γὰρ
1102 3469 1361 3525 τοιούτων
1406 3469 1504 3542 τὴν
1538 3469 1768 3542 γνώμην

166 3558 284 3612 τῶν
316 3558 410 3612 τοῦ
438 3560 678 3631 χείρονος
704 3562 1072 3632 ὀρεγομένων,
1104 3564 1341 3634 ἐῳκυῖαν
1376 3564 1455 3635 τῷ
1492 3564 1639 3634 γένει
1672 3564 1767 3618 τοῦ

168 3650 525 3723 βουπρήστου
557 3652 831 3725 κανθάρου
854 3654 989 3725 (50),
1008 3655 1478 3726 ἀποκαλύψαντες,
1514 3652 1679 3712 οὖσάν
1709 3675 1767 3711 τε

169 3744 450 3817 ὲπιὸλαϐῆ
475 3746 534 3800 ἐν
554 3750 621 3819 τῇ
646 3746 740 3801 τοῦ
768 3747 903 3801 Θεοῦ
929 3748 1157 3820 δυνάμει
1187 3750 1647 3816 καταθλάσαντες,
1670 3750 1770 3822 τὴν

168 3838 283 3893 τῶν
309 3838 489 3893 ἄλλων
516 3840 745 3913 ἔρευναν
772 3842 864 3896 τὸν
894 3841 1021 3896 νοῦν
1059 3844 1469 3914 ἐπιϐαλόμενοι,
1510 3843 1601 3897 τὸν
1638 3843 1770 3897 Θεὸν

170 3931 397 4004 ἀρωγὸν
424 3933 902 4007 ἐπικαλεσώμεθα,
936 3929 982 3992 ὦ
1004 3935 1243 4004 Χριστοῦ
1278 3936 1484 4001 παῖδες.

672 4228 864 4284 ΚΑΤΑ
899 4228 1253 4285 ΣΗΘΙΔΝΩΝ
1266 4271 1283 4299 ,

301 4343 858 4412 Ἑννεακαιδεκάτη,
880 4344 917 4413 ἡ
939 4344 1039 4399 καὶ
1067 4348 1391 4415 τριακοστὴ
1422 4344 1663 4413 ἐννάτη.

250 4464 333 4516 A'.
371 4460 630 4532 Σηθιανοὶ
660 4463 822 4518 πάλιν
858 4463 1071 4534 αἵρεσις
1104 4463 1266 4535 ἐτέρα
1305 4462 1473 4530 ἐστὶν,
1503 4462 1645 4517 οὕτω
1670 4481 1771 4516 κα-

1865 3101 2136 3158 bactenus
2170 3114 2199 3154 a
2234 3098 2397 3157 nobis
2420 3099 2761 3170 disputatum
2792 3098 2885 3162 sit,
2913 3096 2980 3151 ad
3015 3098 3178 3151 aliam
3201 3098 3456 3153 haeresim

1864 3200 2274 3250 transeamus;
2333 3208 2397 3248 ac
2447 3200 2745 3257 tortuosa,
2804 3198 3185 3260 venenataque
3238 3190 3457 3244 illorum

1866 3287 2122 3359 dogmata
2165 3284 2512 3355 delegamus,
2559 3285 2655 3355 qui
2698 3284 2915 3340 caeteris
2947 3284 3003 3338 in
3049 3283 3217 3339 sectis
3260 3283 3462 3338 callido

1866 3378 2134 3435 daemonis
2176 3377 2444 3433 instinctu
2493 3376 2576 3433 sic
2614 3384 2879 3447 tanquam
2944 3375 3177 3431 fulmine
3221 3376 3459 3447 quodam

1868 3471 2089 3543 perciti,
2131 3479 2187 3527 et
2238 3484 2589 3526 communem
2622 3470 2687 3525 ad
2728 3469 2882 3525 orbis
2921 3475 3129 3540 pestem
3173 3483 3238 3524 ac
3276 3470 3462 3539 perni-

1868 3566 2012 3620 ciem
2067 3562 2236 3619 atllati
2298 3571 2450 3620 sunt.
2513 3560 2881 3633 Posteaquam
2939 3562 3087 3618 enim
3148 3561 3458 3617 istiusmodi

1870 3659 2180 3723 hominum,
2204 3657 2301 3728 qui
2331 3655 2703 3713 deterioribus
2732 3656 3050 3728 quibusque
3094 3655 3463 3720 delectantur,

1870 3753 2225 3825 Opinionem,
2263 3751 2651 3822 buprestarum
2707 3750 2896 3821 generi
2940 3748 3177 3803 similem
3232 3748 3464 3818 (scara-

1872 3847 2098 3903 benrum
2135 3861 2200 3902 ea
2252 3844 2467 3916 species
2513 3842 2637 3915 est)
2690 3840 3087 3913 patefecimus,
3135 3840 3467 3911 penitusque

1873 3938 2215 3995 mortiferam
2261 3937 2448 3992 divina
2497 3952 2600 4006 ope
2643 3935 3110 3997 comminuimus,
3168 3933 3235 3987 ad
3286 3934 3466 4004 inqui-

1873 4032 2075 4088 remlas
2119 4038 2346 4085 crateras
2388 4028 2661 4091 eamdem,
2700 4044 2735 4083 o
2779 4028 2985 4083 Christi
3035 4028 3165 4096 ﬁlii,
3210 4026 3469 4083 Numinis

1875 4140 2032 4196 opem
2064 4138 2129 4179 ac
2152 4121 2466 4194 praesidium
2501 4121 2886 4191 imploremus.

2197 4236 2363 4309 23:.
2408 4234 2693 4292 CONTRA
2733 4231 3146 4302 SETIIIANOS,

2094 4354 2227 4422 Qua:
2269 4364 2345 4409 est
2390 4353 2604 4409 Itwresis
2644 4349 2787 4405 XIX
2830 4352 2938 4405 sive
2980 4346 3252 4404 XXXIX.

1952 4467 1996 4523 Ι.
2024 4467 2144 4524 Alia
2176 4477 2261 4525 est
2289 4466 2681 4524 Sethianorum
2705 4465 2953 4531 lueresis,
2976 4480 3099 4537 qua:
3123 4479 3233 4518 non
3266 4462 3475 4533 ubique

172 4552 444 4625 λουμένη.
480 4554 557 4607 Οὐ
588 4553 867 4625 πανταχοῦ
902 4553 960 4606 δὲ
1002 4552 1145 4625 αῦτη
1179 4553 1515 4625 εὑρίσκεται,
1567 4551 1689 4605 οὔτε

1935 4560 2175 4631 ερετὶιυν,
2207 4559 2285 4615 nti
2312 4574 2414 4615 nec
2430 4560 2791 4620 Caianorum,
2816 4568 3009 4612 contra
3030 4570 3195 4626 quam
3222 4554 3472 4626 proxime

174 4647 293 4720 πρὸ
322 4646 529 4719 ταύτης
565 4649 597 4719 ή
636 4647 747 4701 τῶν
781 4647 1041 4701 Καῖανῶν
1069 4646 1360 4719 λεγομένη.
1398 4647 1552 4718 Τάχα
1583 4646 1639 4699 δὲ
1671 4648 1713 4719 ἦέ

1935 4654 2309 4723 sputavimus.
2337 4652 2418 4707 Ac
2444 4652 2633 4708 nescio
2663 4667 2731 4705 an
2755 4666 2861 4705 non
2886 4650 3159 4720 pleraeque
3191 4656 3470 4703 sectarum

174 4742 278 4794 καὶ
306 4741 365 4794 αἰ
391 4740 610 4806 πλείους
642 4741 848 4795 τούτων
878 4740 1315 4815 ἐξερῤιζὼθησαν
1335 4742 1399 4793 ἐκ
1423 4741 1517 4794 τοῦ
1546 4740 1713 4811 κόσμο

1937 4743 2196 4801 tiusmodi
2259 4744 2525 4801 radicitus
2592 4744 2906 4813 exstirpata
2975 4744 3106 4799 sint.
3187 4739 3471 4811 Quidquid

175 4835 261 4889 Τδ
298 4834 411 4907 γὰρ
449 4836 549 4889 οὐκ
585 4836 650 4889 ἐκ
675 4835 810 4889 Θεοῦ
845 4835 903 4889 ὃν
936 4836 998 4888 οὐ
1034 4835 1387 4907 σταθήσεται,
1434 4834 1573 4889 ἀλλὰ
1600 4852 1713 4906 καις

1935 4838 2030 4891 tim
2069 4851 2099 4891 a
2136 4835 2247 4893 Deo
2286 4852 2397 4892 non
2425 4843 2511 4891 est
2537 4874 2554 4902 ,
2607 4834 2916 4891 consistere
2963 4848 3073 4888 non
3113 4840 3328 4903 potest,
3375 4829 3473 4885 sed

177 4930 289 5001 μὲν
330 4928 593 4999 ἀκμάζει,
623 4929 704 4993 εἰς
737 4928 798 4981 τὸ
831 4927 1096 4992 παντελὲς
1128 4928 1185 4982 δὲ
1214 4927 1453 4999 διαρκῶς
1478 4928 1578 4981 οὐκ
1602 4929 1713 4998 ἐμπ

1935 4929 1992 4985 .si
2016 4929 2301 5000 aliquanto
2326 4936 2576 4999 tempore
2603 4927 2805 4999 vigeat,
2840 4939 3084 4996 perenne
3114 4922 3475 4978 nihilominus

178 5022 440 5097 ραμὲνει.
476 5023 630 5095 Τάχα
666 5023 724 5076 δέ
761 5018 917 5094 οἶμαι
950 5023 1007 5077 ἐν
1040 5025 1109 5094 τῇ
1142 5022 1251 5075 τῶν
1284 5022 1599 5091 Αἰγυπτίων
1630 5019 1708 5091 χώ

1935 5037 2012 5077 sse
2045 5020 2253 5092 nequit.
2279 5019 2438 5087 Quod
2467 5018 2573 5075 nisi
2608 5032 2694 5073 me
2726 5017 2866 5072 Iallit
2892 5015 3181 5079 memoria,
3213 5022 3348 5085 puto
3389 5028 3476 5067 me

176 5116 653 5187 συντετυχηκέναι
680 5115 777 5169 καὶ
810 5114 985 5187 ταύτῃ
1019 5117 1085 5187 τῇ
1119 5114 1349 5186 αἱρέσει.
1380 5112 1455 5167 Οὐ
1484 5111 1594 5183 γὰρ
1618 5113 1781 5183 ἀκρι-

174 5210 298 5276 ϐῶς
330 5210 432 5281 τὴν
481 5208 663 5281 χώραν
699 5209 1011 5282 μέμνημαι,
1068 5208 1126 5261 ἐν
1237 5206 1421 5270 αὐτοῖς
1465 5204 1781 5275 συνέτυχον.

1889 5132 2013 5170 cum
2057 5117 2114 5170 in
2156 5114 2394 5186 Aigypto
2427 5128 2604 5169 essent
2655 5112 2710 5167 in
2754 5126 2874 5167 eam
2920 5109 3156 5166 llazrcsiu
3188 5105 3475 5168 incidisse,

1892 5224 2071 5278 neque
2120 5209 2264 5263 enim
2306 5207 2528 5279 penitus
2562 5204 2671 5261 Ioni
2718 5202 3007 5268 recordor,
3047 5202 3140 5258 ubi
3180 5216 3304 5257 cum
3353 5199 3477 5255 istis

255 5354 272 5385 ⁸
306 5368 405 5421 γρ.
426 5350 535 5405 ἀπὸ
565 5349 694 5405 τῶν.
771 5351 795 5381 ⁸
823 5367 916 5419 γρ.
948 5346 1231 5421 σπλᾲγχνα
1326 5347 1348 5379 ³
1379 5343 1499 5421 Yet.
1518 5346 1713 5417 δήγμαα

1935 5341 2115 5399 Matth.
2149 5361 2318 5407 τινα.
2354 5343 2473 5401 5-9.
2550 5344 2571 5376 ⁸
2594 5341 2759 5397 Zach.
2780 5338 2959 5401 χωρ..
3037 5336 3216 5394 Ῥεοί.
3244 5352 3395 5405 cvm,
3419 5336 3474 5393 8.

180 5424 200 5458 ¹
230 5417 367 5479 Act.
397 5438 437 5487 ι,
467 5421 533 5477 I8
628 5421 651 5453 ⁸
680 5421 811 5476 ibid.
833 5417 932 5476 '25.
1008 5421 1029 5451 ⁸
1052 5417 1210 5475 Joan.
1245 5417 1485 5475 “11.12.

258 5542 383 5629 (ἕρ)
407 5538 544 5629 1.92
558 5537 982 5629 ἕουμρῖξσῖοι
996 5534 1612 5629 afﬁciam-5.“???
1628 5534 1675 5629 ἔς
1703 5550 1779 5629 Y3:

180 5634 234 5667 ι’.
268 5606 373 5676 35,
406 5611 618 5665 Plinius
676 5606 920 5666 Lixus.
956 5625 1008 5664 c.
1046 5609 1078 5662 ι
1111 5626 1124 5661 :
1160 5608 1438 5677 Buprestis
1472 5606 1674 5659 animal
1697 5614 1782 5677 est

182 5701 382 5739 rarum
422 5684 475 5737 in
524 5681 687 5737 Italia
713 5722 728 5745 ,
762 5681 1097 5735 simillimum
1151 5676 1423 5734 καταιθαεο
1462 5676 1727 5738 ίοηαὶυειίὶ
1764 5694 1780 5729 :

1891 5530 2037 5599 fallit
2082 5531 2219 5585 inter
2257 5528 2449 5584 herbas
2498 5530 2675 5585 borem
2717 5528 2987 5592 maxime;
3021 5525 3159 5599 unde
3203 5534 3251 5578 et
3292 5538 3479 5575 nomen

1890 5596 2126 5664 invenit;
2158 5601 2565 5671 devaratumque
2596 5612 2739 5656 tacto
2770 5600 2890 5669 felle
2928 5600 3004 5653 ita
3042 5596 3344 5668 inﬂammat
3366 5633 3380 5658 ,
3421 5601 3477 5647 ut

1892 5683 2124 5733 rumpa'.
