3768 6182
287 184 390 246 (λῦῖ

1641 200 1652 215 ⁸
1683 195 1741 250 ς.
1783 195 2124 253 ΕΡΙΡΗΑΝΙΙ

3460 176 3563 231 668

293 306 626 381 congressus
656 328 801 369 sum.
831 314 1200 382 Quamobrem
1230 332 1350 389 qua:
1377 315 1445 371 ad
1474 332 1524 373 et
1543 332 1569 371 s
1598 318 1872 387 pertinent

2058 317 2086 368 :‘t
2112 316 2181 369 τά
2201 313 2300 386 μὲν
2325 313 2463 367 κατᾷ
2492 310 2733 373 ἱστορίαν
2764 313 2922 378 φύσει
2950 302 3183 374 αὐτονᾲία
3209 300 3339 366 περὶ
3362 296 3563 365 ταύτης

298 413 491 477 partim
516 406 692 461 oculis
723 407 858 477 ipsis
894 411 1524 481 usurpavimus,partim
1558 425 1624 464 ex
1652 410 1868 463 illorim

296 498 645 554 monimentis
668 502 1035 572 percepimus.

366 591 538 663 igitur
563 592 808 648 Sethiani
852 611 881 648 a
920 595 1087 650 Setlm
1113 595 1303 650 Adami
1337 594 1448 649 ﬁlio
1477 610 1648 665 genus
1674 610 1731 649 se
1761 601 1873 646 tra-

305 687 447 745 xisse
479 687 805 757 gloriantur.
838 687 1010 754 Quem
1051 689 1273 759 quidem
1307 704 1639 759 magnopere
1674 687 1873 758 praedi-

297 788 458 843 .Lant;
494 779 656 848 eique
683 795 804 849 quae
835 782 902 833 ad
928 781 1185 834 virtutem
1213 796 1275 832 ac
1297 780 1567 849 justitiam
1603 781 1875 849 pertinent

254 847 503 934 ’ania,
542 884 841 939 earumque
887 871 1063 941 signa,
1108 886 1169 923 ac
1219 878 1415 925 caetera
1451 871 1669 940 generis
1713 870 1876 940 hujus

305 954 624 1011 'ttribuunt.
680 954 1056 1027 Eumdemque
1107 958 1388 1014 Christum
1448 960 1766 1025 nominant,
1823 969 1877 1015 et

302 1050 595 1113 tpsummet
632 1043 818 1099 Jesum
854 1044 1027 1100 fuisse
1063 1047 1407 1103 conﬁrmant.
1431 1047 1608 1117 Atque
1642 1048 1788 1101 hunc
1826 1049 1876 1100 in

306 1135 521 1190 modum
568 1152 728 1192 suum
787 1137 922 1192 illud
970 1139 1169 1210 dogma
1210 1141 1513 1194 declarant.
1546 1141 1629 1194 Ab
1672 1139 1879 1210 angelis

306 1229 467 1294 cnim,
518 1243 629 1283 non
665 1244 697 1284 a
746 1232 1031 1300 superiore
1070 1232 1144 1299 vi,
1201 1233 1472 1303 producta
1521 1247 1645 1287 esse
1688 1232 1879 1287 dicunt

304 1322 503 1375 omnia.

369 1414 437 1471 ll.
468 1413 613 1468 Nam
646 1428 771 1469 cum
798 1415 1084 1485 superiore
1110 1413 1441 1469 Caianorum
1466 1414 1658 1470 haeresi
1682 1414 1784 1468 hac
1813 1429 1879 1469 ex

308 1515 454 1575 parte
488 1509 868 1573 consentiunt,
910 1508 1056 1578 quod
1102 1516 1392 1571 asserunt,
1430 1507 1571 1562 duos
1608 1508 1676 1562 ab
1724 1508 1881 1561 initio

303 1599 554 1653 nomines
604 1599 922 1661 exstitisse,
973 1614 1003 1652 a
1057 1597 1259 1668 quibus
1308 1598 1514 1653 Caiuus
1570 1607 1624 1653 et
1675 1599 1880 1653 Abelus

1973 407 2240 478 έγνωμεν,
2269 407 2337 461 τά
2369 406 2426 459 δὲ
2460 407 2525 459 ὲκ
2556 412 3004 475 συγγραμμάτων

2048 582 2209 642 Οὗτοι
2242 587 2353 658 γάρ
2400 588 2448 641 οἱ
2480 585 2738 656 Σηθιανοὶ
2773 583 2880 637 ἀπὸ
2927 581 3034 653 Σὴθ
3088 580 3184 633 τοῦ
3230 577 3352 631 υἱοῦ
3396 576 3565 645 Ἀδάμ

1978 680 2330 752 σεμνύνονται
2369 678 2430 732 τὸ
2466 678 2622 749 γένος
2660 677 2938 744 κατάγειν.
2971 674 3143 727 Αὑτὸν
3167 672 3225 725 δὲ
3256 670 3565 736 δοξάζουσι,

1977 774 2073 826 καὶ
2114 774 2195 837 εἰς
2239 772 2402 826 αὑτὸν
2445 760 2625 825 πάντα
2666 770 2878 841 ὅσαπερ
2900 767 3101 838 ἀρετῆς
3148 760 3326 818 ιε’ίναιι
3364 761 3565 830 ἁναφέο

1986 883 2161 937 ρουσι,
2193 866 2261 919 τά
2296 882 2355 917 τε
2391 862 2493 932 τῆς
2530 861 2732 933 ἀρετῆς
2767 860 3045 929 τεκμήρια
3072 857 3165 909 καὶ
3190 854 3567 921 δικαιοσύνης,

1978 959 2071 1012 καὶ
2098 959 2199 1010 ὅσα
2227 954 2450 1009 τοιαῦτα
2493 955 2746 1024 ὑπάρχει.
2789 952 2863 1005 Οὐ
2906 950 3011 1022 μὴν
3044 949 3100 1002 δὲ
3138 948 3275 1002 ἀλλά
3308 947 3403 1001 καὶ
3433 948 3572 1017 Χρι-

1982 1051 2103 1104 στὸν
2139 1050 2299 1103 αὐτὸν
2338 1046 2687 1118 ὀνομάζουσι,
2724 1046 2817 1098 καὶ
2846 1044 3009 1097 αὑτὸν
3050 1037 3187 1095 εἶναι
3221 1041 3314 1094 τὸν
3361 1040 3574 1111 Ἰησοίν

1976 1141 2434 1196 διαϐεϐαιοῦνται.
2467 1140 2786 1193 Διδάσκουσι
2810 1138 2866 1190 δὲ
2895 1135 3074 1189 αὐτῶν
3098 1135 3196 1205 τὴν
3218 1133 3578 1187 διδασκαλίαν

1979 1235 2140 1289 οὕτω·
2185 1236 2329 1298 Ὅτι,
2376 1234 2529 1305 φησι,
2574 1232 2633 1297 ἐξ
2671 1230 2919 1300 ἀγγέλων
2949 1228 3242 1299 γεγένηται
3272 1226 3343 1279 τὰ
3369 1226 3576 1287 πάντα,

1981 1328 2074 1380 καὶ
2100 1326 2198 1379 οὐκ
2231 1325 2295 1378 ὲκ
2326 1325 2424 1395 τῆς
2454 1324 2568 1378 άνω
2600 1321 2901 1391 δυνάμεως.

2052 1420 2127 1472 B'.
2163 1411 2322 1471 Οὗτοι
2352 1416 2460 1487 γὰρ
2495 1413 2707 1485 συνῳδὰ
2752 1412 2971 1481 λέγουσι
3126 1406 3321 1481 πρώτῃ
3363 1407 3580 1476 αἱρέσει

1982 1510 2089 1565 τῶν
2132 1509 2385 1564 Καῖανῶν
2438 1506 2579 1561 κατά
2606 1505 2767 1559 τοῦτο
2810 1503 2870 1558 τὸ
2918 1502 3105 1574 μέρος·
3139 1501 3477 1570 γεγενῆσθαι
3524 1501 3581 1565 ἐξ

1985 1603 2239 1675 ὑπαρχῆς
2262 1601 2425 1664 εὐθὺς
2463 1598 2557 1653 δύο
2586 1595 2928 1669 ἀνθρώπους,
2963 1594 3058 1648 καὶ
3087 1597 3153 1647 ὲκ
3174 1592 3283 1646 τῶν
3312 1593 3405 1645 δύο
3437 1586 3582 1644 εἶναι

307 1691 477 1745 exorti
524 1700 672 1746 sunt.
718 1688 793 1745 De
822 1690 1024 1761 quibus
1072 1691 1216 1745 inter
1244 1706 1301 1745 se
1342 1690 1673 1746 dissidentes
1704 1691 1883 1761 angeli

2058 1715 2075 1749 ν
2103 1697 2241 1749 Κάῖν
2274 1696 2369 1749 καὶ
2398 1693 2489 1747 τὸν
2527 1691 2713 1746 Ἀϐελ.
2752 1689 2887 1760 Περὶ
2918 1687 3123 1742 τούτων
3158 1704 3217 1740 τε
3250 1686 3587 1740 στασιάσαν-

305 1792 493 1837 contra
526 1798 586 1838 se
632 1792 822 1837 mutuo
852 1789 1122 1836 venerunt
1156 1800 1168 1836 :
1210 1781 1374 1851 idque
1416 1780 1787 1852 perfecerunt,
1824 1786 1884 1834 ut

307 1876 533 1932 Abelum
580 1876 803 1931 fratrem
847 1875 1053 1930 Caluus
1103 1874 1399 1929 occideret.
1460 1874 1746 1944 Siquidem
1817 1872 1885 1929 de

304 1968 591 2023 amborum
624 1967 842 2021 illorum
876 1967 1160 2020 hominum
1198 1965 1666 2035 generationibus,
1700 1980 1729 2018 a
1764 1964 1886 2034 qui-

305 2062 407 2117 bus
434 2062 641 2115 Cainus
671 2071 724 2115 et
774 2060 978 2116 Abelus
1020 2059 1273 2130 producti
1325 2065 1474 2123 sunt,
1517 2060 1885 2128 pugnantibus

303 2153 536 2224 angelis,
578 2153 724 2209 acris
769 2161 853 2207 est
895 2160 1085 2207 coorta
1134 2152 1436 2206 contentio.
1493 2149 1598 2205 Sed
1628 2150 1773 2204 enim
1806 2151 1887 2204 vi-

302 2243 477 2296 ctoria
508 2257 677 2312 penes
708 2242 817 2295 vim
849 2241 999 2294 illam
1050 2242 1394 2311 superiorem
1428 2240 1528 2295 fuit
1571 2255 1733 2310 quam
1772 2254 1887 2293 ma-

305 2346 442 2388 trem
489 2349 633 2399 esse,
691 2333 1061 2403 feminamque
1110 2332 1399 2388 deﬁniunt.
1442 2333 1655 2403 Quippe
1687 2342 1887 2388 matres

305 2426 377 2480 ab
404 2426 492 2480 his
530 2426 583 2480 in
614 2428 775 2493 coelo,
808 2433 862 2481 et
901 2425 1142 2491 feminaa,
1178 2440 1471 2496 maresque
1505 2426 1886 2492 collocantur;

304 2534 372 2573 ac
395 2518 800 2590 propemodum
828 2520 994 2573 etiam
1017 2518 1233 2587 generis
1265 2518 1724 2584 necessitudines,
1755 2518 1885 2572 stir-

308 2611 571 2680 piumque
599 2612 801 2681 capita.
840 2609 1208 2681 Posteaquam
1235 2611 1422 2680 igitur,
1448 2619 1509 2663 ut
1546 2611 1722 2674 aiunt,
1756 2609 1891 2664 vicit

306 2704 399 2758 illa
446 2711 621 2757 mater
654 2719 716 2758 ac
753 2704 978 2771 femina,
1008 2713 1063 2759 et
1108 2702 1722 2768 Abeluminterfectum
1767 2717 1890 2758 esse

305 2798 583 2867 cognovit,
617 2812 805 2851 secum
854 2796 1039 2851 animo
1088 2795 1362 2865 cogitans,
1394 2793 1546 2848 Sethi
1582 2795 1886 2865 generatio-

308 2905 429 2943 nem
463 2890 802 2959 procuravit,
836 2889 996 2959 eique
1030 2888 1138 2943 vim
1183 2904 1339 2943 suam
1386 2888 1609 2943 indidit.
1651 2887 1891 2943 Proinde

306 2981 470 3052 285
501 2982 584 3037 vis
631 2982 776 3035 illius
818 2982 1124 3051 superioris
1163 2982 1371 3036 semina
1404 2980 1654 3051 quaedam
1701 2994 1892 3050 asper-

306 3063 401 3141 sit,
439 3089 504 3128 ac
550 3074 846 3129 scintillam
891 3072 1140 3139 immisit,
1172 3087 1294 3141 qute
1343 3071 1411 3125 ad
1474 3072 1709 3142 primam
1746 3071 1893 3126 illam

306 3168 536 3223 seminis
590 3166 1043 3237 propagationem
1110 3165 1669 3235 constitutionemque
1742 3165 1895 3235 lapsa

306 3259 377 3314 de
411 3259 554 3313 coelo
586 3260 784 3312 fuerat.
818 3256 992 3323 Quam
1025 3256 1246 3328 quidem
1280 3257 1510 3327 justitiae
1542 3257 1895 3313 constitutio-

308 3368 431 3407 nem
514 3366 575 3405 3c
623 3350 850 3405 seminis
906 3350 1230 3405 electionem
1281 3350 1455 3406 fuisse
1499 3351 1743 3421 iactant,
1786 3366 1897 3421 quo

311 3443 605 3512 utriusque
649 3441 918 3497 beneﬁcio
948 3443 1273 3513 angelorum
1319 3443 1464 3498 vires
1499 3450 1896 3506 everterentur,

309 3531 405 3607 qui
453 3538 509 3586 et
558 3529 821 3586 mundum
871 3530 1298 3595 fabricaveram,
1350 3537 1405 3586 et
1462 3530 1601 3585 duos
1645 3530 1897 3585 homines

314 3622 471 3677 initio
515 3622 911 3692 produxerant.
963 3622 1113 3689 Quas
1158 3623 1229 3677 ob
1275 3637 1475 3677 causas
1518 3623 1672 3678 Sethi
1724 3637 1896 3693 genus

313 3715 611 3785 separatim
665 3715 734 3770 ab
795 3715 889 3769 illa
939 3715 1154 3785 origine
1202 3714 1503 3770 deductum
1554 3722 1660 3779 est,
1708 3721 1898 3784 utpote

311 3807 545 3861 electum
583 3813 637 3860 et
690 3805 759 3860 ab
806 3805 1019 3876 reliqua
1059 3805 1234 3875 stirpe
1279 3805 1612 3875 seiunctum.
1662 3804 1895 3875 Progre-

313 3896 590 3952 dientibus
632 3894 890 3965 deinceps
936 3896 1302 3966 temporibus,
1335 3904 1389 3951 et
1428 3904 1662 3965 utraque
1711 3896 1898 3952 sobole

314 3992 369 4047 in
408 4006 579 4045 uinum
618 3988 874 4054 conﬂata,
922 3988 1027 4043 hoc
1066 3995 1152 4043 est
1193 3987 1368 4043 Caino
1405 3996 1460 4043 et
1486 3988 1656 4044 Abelo
1697 4004 1898 4045 conve-

315 4083 598 4139 nientibus
648 4083 995 4150 invicemque
1049 4081 1368 4151 permistis,
1418 4082 1663 4135 omnium
1724 4088 1899 4137 mater

315 4192 381 4230 ea
412 4190 471 4230 re
504 4173 887 4228 animadversa
935 4173 1149 4244 generis
1183 4172 1408 4226 humani
1441 4172 1652 4226 semina
1686 4171 1895 4242 integra

313 4284 379 4323 ac
410 4268 629 4324 sincera
677 4274 1079 4338 repraesentare
1115 4266 1427 4331 constituit,
1463 4280 1610 4332 cum,
1641 4266 1719 4319 uti
1753 4265 1896 4319 dixi-

316 4374 460 4422 mus,
493 4357 628 4412 Abel
654 4366 803 4414 esset
840 4358 1081 4413 occisus.
1127 4356 1184 4410 ln
1227 4355 1454 4411 Sethum
1504 4355 1638 4409 illud
1673 4356 1894 4426 delegit,

311 4450 458 4503 etab
482 4448 632 4502 omni
665 4448 785 4504 labe
824 4464 1023 4518 purum
1053 4448 1314 4505 ostendit.
1344 4447 1404 4502 In
1437 4464 1675 4519 eumque
1716 4422 1895 4504 solum
1932 4422 1974 4476 θ

312 4540 557 4596 emlestis
604 4540 754 4597 illius
800 4542 885 4597 vis
920 4556 1034 4598 sua:
1089 4556 1154 4596 ac
1201 4540 1537 4596 sinceritatis
1567 4557 1740 4613 genus
1796 4541 1897 4595 im-

315 4634 483 4690 misit.

383 4724 473 4780 ιιι.
512 4725 753 4783 Rursum
790 4740 923 4781 vero
957 4740 1083 4779 cum
1127 4726 1494 4796 promiscuam
1532 4726 1903 4797 perturbatio-

314 4833 459 4883 nem,
494 4828 546 4873 et
572 4820 891 4890 angelorum
939 4818 1337 4888 hominumque
1367 4820 1696 4875 temerarios
1730 4820 1903 4891 impe-

316 4923 404 4965 tus
436 4919 708 4975 cerneret,
744 4911 891 4981 quod
916 4911 1207 4966 commista
1238 4912 1402 4966 simul
1437 4926 1636 4982 genera
1672 4912 1761 4965 illa
1790 4913 1899 4966 duo

320 5005 714 5075 fuissent,oqua
761 5020 827 5059 ex
861 5004 1189 5060 confusione
1234 5019 1375 5059 nova
1418 5004 1667 5075 quaedam
1716 5016 1895 5061 essent

317 5111 517 5169 genera
534 5096 853 5161 constituta,
889 5096 1079 5152 eadem
1113 5097 1206 5151 illa
1237 5112 1437 5166 parens
1458 5097 1657 5153 femina
1676 5113 1900 5169 progre-

321 5193 475 5247 Jiens
506 5205 771 5260 aquarum
802 5189 1056 5245 eluvione
1090 5190 1424 5245 c0ntrariam
1454 5204 1673 5245 omnem
1708 5190 1901 5245 factio-

319 5300 446 5345 nem
471 5284 718 5339 funditus
734 5282 1019 5349 exstinxit,
1046 5290 1106 5337 ut
1136 5283 1452 5354 incorrupta
1481 5298 1546 5338 ac
1565 5284 1714 5354 justa
1745 5284 1898 5340 Sethi

319 5378 423 5431 stir
443 5390 488 5431 ‘s
514 5374 579 5429 ad
615 5374 837 5429 rmleste
867 5388 1041 5444 genus
1098 5373 1505 5445 scintillamque
1527 5375 1756 5445 justitiae
1776 5391 1902 5431 con-

318 5467 410 5524 tl"
446 5466 554 5522 Lm
580 5465 632 5521 in
659 5465 820 5521 terris
851 5465 968 5521 sola
995 5464 1345 5521 retineretur.
1372 5464 1573 5521 Verum
1603 5467 1743 5522 clam
1784 5466 1900 5539 ipsa

394 5626 409 5657 ⁸
440 5621 597 5680 ἷνθεδι
634 5623 792 5696 iovi,
823 5623 907 5682 vel
931 5623 1045 5682 ἐστί
1075 5622 1178 5697 leg.
1255 5623 1274 5654 ²
1305 5622 1363 5678 F.
1396 5624 1796 5684 καταϐαλοῦσα.

1984 1805 2083 1850 τας
2109 1786 2236 1849 τοὺς
2265 1784 2550 1853 ἀγγέλους,
2573 1783 2650 1845 είς
2684 1780 2946 1850 ἀλλήλους
2987 1778 3165 1847 ἥκεινο
3192 1775 3340 1830 οὕτω
3380 1793 3440 1828 τε
3486 1793 3588 1826 πε-

1985 1877 2272 1948 ποιηκέναι
2319 1874 2729 1944 ἀποκτανθῆναι
2766 1873 2858 1926 τὸν
2903 1870 3072 1923 Ἀὁελ
3118 1869 3227 1925 ὑπὸ
3275 1866 3372 1921 τοῦ
3413 1868 3587 1922 Κάῖν.

1984 1967 2091 2025 Ἶιν
2122 1970 2229 2041 γάρ
2256 1970 2289 2040 ἡ
2325 1968 2513 2031 στάσις
2546 1969 2657 2030 τοῖς
2683 1965 2954 2035 ἀγγέλοις,
2991 1960 3419 2032 ἀγωνιζομένοις
3458 1961 3595 2031 περὶ

1984 2063 2094 2118 τῶν
2127 2061 2329 2132 γενεῶν
2363 2060 2470 2114 τῶν
2506 2059 2811 2131 ἀνθρώπων
2839 2056 3045 2111 τούτων
3072 2056 3184 2108 τῶν
3212 2055 3327 2120 δύο,
3364 2053 3464 2108 τοῦ
3490 2069 3595 2121 γε·

1986 2155 2313 2227 γεννηκότος
2336 2155 2427 2207 τὸν
2449 2155 2590 2208 Κάῖν
2615 2153 2708 2206 καὶ
2734 2151 2827 2205 τοῦ
2856 2149 3252 2221 γεγεννηκότος
3273 2149 3366 2201 τὸν
3391 2146 3596 2200 Ἅϐελ.

1987 2246 2409 2319 Κεκρατηκέναι
2443 2246 2500 2299 δὲ
2530 2245 2627 2316 τὴν
2667 2244 2779 2299 ἄνω
2812 2243 3063 2314 δύναμιν,
3108 2242 3174 2312 ἣν
3214 2240 3452 2311 Μητέρα.
3484 2240 3597 2307 φά-

1991 2355 2202 2402 σκουσι,
2233 2339 2324 2390 καὶ
2355 2336 2592 2407 θήλειαν.
2636 2337 2794 2388 Δοκεῖ
2830 2333 2939 2403 γάρ
2973 2334 3158 2396 αὐτοῖς
3184 2327 3332 2385 εἶναι
3358 2332 3455 2384 καὶ
3488 2348 3604 2401 μη-

1988 2432 2153 2503 τέρας
2183 2431 2315 2493 άνω,
2347 2430 2440 2483 καὶ
2472 2428 2711 2499 θηλείας,
2752 2428 2845 2481 καὶ
2878 2428 3133 2498 ἄρσενας·
3166 2424 3351 2493 ὀλίγου
3378 2424 3435 2476 δὲ
3481 2423 3603 2475 δεῖν

1991 2523 2084 2577 καὶ
2131 2522 2452 2591 συγγενείας
2492 2522 2587 2575 καὶ
2631 2520 2998 2593 πατριάρχίας
3044 2519 3243 2587 λέγειν.
3296 2516 3461 2570 Ἐπεὶ
3500 2512 3606 2569 οὖν

1992 2618 2326 2688 κεκράτηκε,
2367 2615 2550 2685 φασιν,
2586 2617 2618 2687 ή
2657 2614 2982 2686 Μήτηρ-καὶ
3022 2613 3209 2684 θήλεια
3243 2610 3603 2679 καλουμένη,

1993 2708 2218 2778 γνοῦσα,
2245 2710 2326 2777 δτι
2354 2707 2687 2761 ἀπέκτανται
2716 2705 2903 2771 Ἅϐελ,
2936 2703 3326 2775 ὲνθυμηθεῐσα,
3356 2701 3606 2771 ἐποίησε

1993 2799 2319 2871 γεννηθῆναι
2348 2798 2438 2851 τὸν
2478 2796 2611 2869 Σὴθ,
2651 2798 2745 2850 καὶ
2774 2798 2831 2849 ὲν
2865 2796 3038 2866 τούτῳ
3077 2794 3240 2865 ἔθηκε
3281 2794 3383 2864 τὴν
3414 2793 3612 2862 αὐτῆς

2001 2890 2249 2961 δύναμιν.
2284 2888 2417 2952 ,Καὶ
2462 2887 2844 2942 καταλαϐοῦσα
2874 2890 2894 2918 ³
2936 2889 2994 2940 ὲν
3024 2886 3162 2956 αὐτῇ
3212 2884 3441 2956 σπέρμα
3496 2882 3611 2949 τῆς

1995 2979 2202 3035 ἄνωθεν
2249 2979 2554 3049 δυνάμεως,
2615 2978 2710 3032 καὶ
2759 2978 2847 3030 τὸν
2906 2976 3178 3047 σπινθῆρα
3227 2975 3317 3028 τὸν
3378 2974 3612 3029 ἄνωθεν

1921 3052 1963 3111 C
1998 3072 2318 3144 πεμφθέντα
2338 3074 2419 3136 είς
2448 3071 2671 3144 πρώτην
2698 3070 3005 3141 καταϐολὴν
3037 3069 3128 3122 τοῦ
3154 3069 3478 3141 σπέρματος
3506 3068 3614 3120 καὶ

2001 3165 2332 3229 συστάσεως.
2372 3165 2483 3217 Καὶ
2527 3160 2667 3218 εἶναι
2708 3162 2914 3234 ταύτην
2950 3163 3209 3217 σύστασιν
3241 3161 3342 3231 τῆς
3383 3161 3614 3214 δικαιο-

2001 3260 2186 3331 σύνης,
2228 3258 2325 3312 καὶ
2350 3257 2581 3328 ἐκλογὴν
2606 3258 2925 3329 σπέρματος
2956 3256 3050 3309 καὶ
3075 3256 3282 3324 γένους·
3326 3255 3487 3317 ὅπως
3516 3254 3615 3306 διὰ

1998 3353 2096 3423 τῆς
2122 3351 2327 3423 ταύτης
2365 3350 2697 3414 συστάσεως,
2748 3349 2844 3403 καὶ
2887 3347 3079 3402 τούτου
3126 3347 3218 3401 τοῦ
3265 3347 3615 3418 σπέρματος

1999 3444 2398 3516 καθαιρεθῶσιν
2428 3445 2482 3497 αἱ
2508 3444 2765 3514 δυνάμεις
2799 3443 2906 3496 τῶν
2948 3441 3193 3511 ἀγγέλων
3221 3441 3331 3494 τῶν
3377 3442 3474 3493 τὸν
3508 3441 3613 3493 κέ-

2002 3555 2137 3607 σμον
2174 3536 2547 3607 πεποιηκότων
2592 3536 2686 3588 καὶ
2719 3536 2844 3598 τοὺς
2880 3534 2973 3587 δύο
3039 3534 3133 3586 ἀπ’
3167 3532 3342 3603 ἀρχῆς
3379 3531 3614 3603 ἀνθρὼ-

2002 3648 2156 3694 πους.
2177 3631 2275 3684 Διά
2294 3630 2499 3700 ταύτην
2522 3625 2615 3683 οὖν
2643 3629 2740 3701 τὴν
2767 3628 2947 3682 αἰτίαν
2971 3628 3065 3681 καὶ
3092 3626 3152 3679 τὸ
3177 3627 3331 3695 γένος
3357 3626 3455 3679 τοῦ
3492 3626 3615 3697 Σὴθ

2000 3721 2292 3793 ἀφορισθέν
2324 3719 2567 3774 ἐντεῦθεν
2593 3720 2912 3787 κατάγεται,
2944 3718 3174 3789 ἐκλογῆς
3196 3716 3257 3770 ὃν
3290 3717 3387 3770 καὶ
3410 3718 3617 3771 διακε-

2002 3814 2265 3886 κριμένον
2307 3812 2401 3865 τοῦ
2450 3811 2611 3866 ἄλλου
2661 3812 2875 3880 γένους.
2929 3809 3345 3880 Προϐαινὸντων
3386 3810 3442 3861 δὲ
3489 3810 3615 3860 τῶν

2001 3904 2233 3975 καιρῶν,
2264 3904 2415 3974 φασὶ,
2446 3906 2538 3958 καὶ
2565 3904 2702 3976 ὁμοῦ
2728 3904 2898 3957 ὄντων
2927 3903 3033 3955 τῶν
3060 3901 3153 3955 δύο
3183 3901 3381 3969 γενῶν,
3410 3902 3517 3954 τοῦ
3552 3920 3618 3955 τε

2002 3993 2141 4045 Κάῐν
2168 3992 2261 4045 καί
2290 3991 2381 4045 τοῦ
2414 3992 2580 4045 Ἀϐελ
2616 3995 2697 4056 είς
2728 3992 2789 4046 τὸ
2816 3992 2946 4044 αὐτὸ
2977 3990 3360 4055 συνελθόντων,
3386 3991 3481 4043 διὰ
3509 4010 3617 4045 κα-

2002 4086 2127 4138 κίαν
2177 4085 2397 4157 πολλὴν,
2455 4086 2549 4141 καὶ
2592 4084 2727 4156 ὁμοῦ
2779 4085 3100 4157 μιχθέντων,
3149 4083 3525 4153 ἀποϐλέψασα
3579 4089 3615 4155 ή

2007 4179 2223 4232 πάντων
2239 4179 2459 4250 Μήτηρ,
2498 4178 2738 4251 καθαρὸν
2774 4178 2837 4232 τὸ
2882 4178 3105 4250 σπέρμα
3142 4178 3249 4232 τῶν
3288 4177 3619 4250 ἀνθρώπων

2003 4269 2279 4343 ἠϐουλήθη
2328 4270 2769 4343 ἀπεργάσασθαι,
2820 4270 2895 4334 ὡς
2941 4274 3225 4343 προεῖπον,
3273 4271 3362 4323 διά
3401 4272 3466 4323 τὸ
3516 4273 3620 4323 τὸν

2007 4364 2169 4417 ’Ἅϐελ
2205 4364 2562 4423 ἀπεκτάνθαι.
2590 4365 2697 4419 Καὶ
2720 4364 2908 4418 τοῦτον
2929 4365 3019 4418 τὸν
3042 4365 3148 4435 Σὴθ
3175 4364 3483 4435 ἐξελέξατο,
3514 4367 3621 4419 καὶ

2006 4457 2246 4531 καθαρὸν
2276 4456 2462 4527 ἔδειξε.
2495 4459 2606 4511 Καὶ
2632 4461 2688 4513 ἐν
2714 4458 2885 4526 τούτῳ
2904 4460 2977 4512 ’τὸ
3004 4460 3159 4527 γένος
3193 4461 3338 4531 μόνῳ
3364 4462 3470 4531 τῆς
3504 4462 3617 4515 αὖ-

2005 4551 2102 4621 τῆς
2136 4550 2418 4622 δυνάμεως
2456 4551 2550 4606 καὶ
2588 4551 2961 4625 καθαρότητος
2993 4553 3271 4607 κατέθετο.

2076 4724 2150 4779 Γ.
2191 4723 2397 4779 Ἰδοῦσα
2419 4725 2478 4780 δὲ
2504 4725 2667 4781 πάλιν
2688 4726 2889 4791 πολλὴν
2917 4727 3218 4798 ἐπιμιξίαν,
3242 4727 3336 4781 καὶ
3362 4728 3617 4781 ἄτακτον

2004 4818 2181 4891 ὁρμὴν
2213 4817 2321 4871 τῶν
2356 4820 2601 4889 ἀγγέλων
2648 4820 2741 4873 καὶ
2786 4819 2893 4872 τῶν
2936 4818 3263 4891 ἀνθρώπων,
3313 4822 3396 4883 εἰς
3448 4820 3617 4889 μίξιν

2007 4909 2115 4962 τῶν
2143 4908 2237 4962 δύο
2262 4911 2435 4979 γενῶν
2467 4910 2751 4975 ἐλθόντων,
2793 4911 2887 4964 καὶ
2920 4911 3207 4973 συστάσεις
3232 4909 3409 4978 γενῶν
3446 4928 3617 4975 τινας

2005 5002 2105 5075 τὴν
2138 5003 2317 5056 αὐτῶν
2342 5002 2568 5068 ἀταξίαν
2596 5003 2992 5076 ἐμποιήσασαν,
3021 5002 3349 5073 πορευθεῖσα
3383 5002 3557 5057 πάλιν
3582 5007 3614 5074 ἡ

2008 5096 2144 5168 αὐτὴ
2174 5097 2374 5169 Μήτηρ
2397 5114 2457 5149 τε
2493 5098 2587 5149 καὶ¹
2624 5095 2811 5167 θήλεια
2846 5096 3227 5166 κατακλυσμὸν
3252 5097 3477 5167 ἤνεγκε,
3514 5102 3614 5149 καὶ

2006 5189 2255 5243 ἀπώλεσε
2276 5191 2456 5243 πᾶσαν
2487 5189 2675 5243 στάσιν
2700 5187 2987 5259 ἀνθρώπου
3010 5188 3212 5250 παντὸς
3228 5188 3421 5255 γένους
3442 5190 3612 5242 ἐναν-

2006 5283 2122 5336 τίου
2147 5301 2159 5313 ·
2186 5283 2272 5337 ἵνα
2301 5283 2463 5353 δῆθεν
2487 5283 2548 5335 τὸ
2572 5282 2813 5354 καθαρὸν
2831 5282 2987 5351 γένος
3010 5281 3068 5334 τὸ
3090 5282 3197 5334 ἀπὸ
3215 5280 3312 5333 τοῦ
3344 5281 3477 5351 Σὴθ,
3511 5284 3611 5335 καὶ

2005 5374 2232 5441 δίκαιον,
2260 5375 2419 5446 μόνον
2447 5376 2605 5449 μείνῃ
2633 5377 2690 5428 ἐν
2716 5375 3028 5446 κόσμῳ,“είς
3055 5373 3317 5427 σύστασιν
3344 5374 3440 5427 τοῦ
3464 5375 3609 5428 ἅνω-

2009 5467 2099 5525 θεν
2132 5469 2324 5539 γένους
2356 5468 2543 5543 τεκαὶ
2573 5468 2868 5541 σπινθῆρος
2903 5471 3004 5542 τῆς
3031 5468 3402 5540 δικαιοσύνης.
3437 5467 3606 5523 Ἐλα-
