3844 6356
208 313 365 370 669
873 315 911 369 Α
924 310 1254 369 DVERSUS
1292 310 1638 369 HERESES
1674 311 1804 368 LIB.

1934 312 2094 370 ΤΟΜ.
2127 310 2215 368 111.
2249 345 2320 354 -
2349 306 2625 368 ΗᾸΕΗΕΞ.
2659 309 2900 365 XXXIX.
3427 305 3534 363 670

208 434 342 489 θον
391 438 452 490 δὲ
498 435 669 508 αὐτὴν
720 434 883 488 πάλιν
928 435 976 486 oi
1023 432 1268 502 ἄγγελοι,
1303 432 1398 485 καὶ
1430 431 1716 486 είσέδυσαν
1765 431 1823 484 τὸ

1959 445 2157 486 rursus
2191 431 2365 502 angeli
2389 429 2654 484 Chamum
2687 443 2716 483 e
2748 438 2948 498 genere
2975 422 3088 485 {suo
3117 431 3442 495 prognatum
3476 425 3532 479 in

210 527 385 598 Χὰμ
439 529 520 591 είς
569 527 666 598 τὴν
707 525 960 590 κιϐωτὸν,
992 525 1124 578 ὄντα
1153 522 1248 577 τοῦ
1283 522 1463 578 αὐτῶν
1512 522 1823 594 σπέρματος

1953 535 2137 575 arcam
2182 517 2558 594 introducunt.
2611 518 2744 572 Nam
2797 533 2862 573 ex
2905 523 3031 571 octo
3075 515 3352 585 capitibus
3399 516 3529 580 illis,

227 622 444 674 Ὀκτὼ
468 619 578 692 γὰρ
606 618 794 690 ψυχῶν
830 617 1106 672 σωθεισῶν
1150 617 1208 670 ὲν
1254 619 1321 688 τῇ
1352 615 1470 669 τότε
1500 615 1728 687 λάρνακι
1755 617 1823 669 τοὶ

1952 631 2074 686 quae
2119 616 2176 670 in
2212 615 2402 670 Noemi
2449 630 2576 670 arca
2634 624 2849 670 servata
2898 615 3175 684 leguntur,
3212 613 3532 670 sincerioris

209 711 400 776 Νῶε,
432 712 575 765 ἑπτὰ
617 712 718 782 μὲν
757 707 898 764 εἶναι
931 709 1025 765 τοῦ
1061 709 1302 782 καθαροῦ
1337 708 1529 778 γένους
1561 708 1693 778 φασί
1715 726 1728 740 ⁸
1758 710 1823 762 ’τὸ⁴

1950 707 2172 778 generis
2204 717 2430 778 septena
2463 708 2631 764 fuisse
2665 707 2982 778 praedicant,
3008 713 3259 762 octavum
3285 723 3414 762 vero
3440 723 3530 762 no-

207 805 286 857 δὲ
325 806 432 858 ἕνα
457 801 596 859 εῖναι
617 805 706 858 τὸν
728 803 858 875 Χὰμ
877 805 976 875 τῆς
1004 803 1171 874 ἄλλης
1196 803 1480 894 δυνάμεως
1510 803 1844 875 ὑπάρχοντα,

207 892 291 945 ὃν
330 894 581 948 εἰσδῦναι
614 894 848 947 λαθόντα
890 895 990 965 τὴν
1038 894 1150 948 ἄνω
1180 892 1429 966 Μητέρα.
1448 893 1583 946 ’Υπὺ
1610 893 1719 946 τῶν
1745 893 1846 962 άγ-

210 986 427 1054 γέλων
462 987 520 1040 δὲ
549 988 610 1040 τὸ
629 987 839 1042 τοιοῦτο
861 987 1249 1052 συσκευασθὲν,
1279 987 1452 1052 οὕτως
1481 986 1846 1057 ἀποτελεσθῆ-

209 1097 354 1132 ναι.
375 1080 601 1151 Ἐπειδὴ
617 1079 1168 1152 γάρ,φασ“ι,έγνωσαν
1195 1081 1244 1133 ot
1270 1080 1513 1149 ἄγγελοι,
1540 1081 1621 1134 ὅτι
1655 1079 1843 1151 μέλλει

215 1172 358 1225 πᾶν
393 1171 459 1226 τὸ
491 1172 719 1244 σπέρμα
749 1171 928 1225 αὐτῶν
957 1170 1356 1242 ἀπαλείφεσθαι
1387 1173 1444 1225 ἐν
1466 1169 1543 1241 τῷ
1576 1171 1845 1224 κατακλυ-

215 1262 400 1335 σμῷ,
433 1265 745 1336 πανουργίᾳ
773 1265 881 1317 τινὶ
924 1265 1014 1318 τὸν
1041 1264 1441 1337 προειρημένον
1467 1264 1596 1336 Χὰμ
1623 1266 1703 1328 είς
1728 1265 1844 1318 δια-

213 1356 486 1427 τήρησιν
518 1355 614 1410 τοῦ
643 1356 735 1410 ὑπ’
764 1354 943 1409 αὐτῶν
967 1355 1277 1420 κτισθέντος
1300 1355 1490 1424 γένους
1520 1357 1617 1427 τῆς
1646 1356 1844 1420 κακίας

214 1447 671 1520 παρεισέὸαλον.
705 1448 813 1500 Καὶ
861 1449 925 1500 ἐκ
967 1447 1156 1500 τούτου
1203 1446 1342 1518 λήθη
1385 1446 1478 1500 καὶ
1507 1445 1684 1517 πλάνη
1715 1449 1843 1516 περὶ

216 1541 374 1604 τοὺς
420 1539 768 1610 ἀνθρώπους,
800 1540 893 1594 καὶ
926 1540 1148 1593 ἄτακτοι
1197 1539 1360 1610 φοραὶ
1401 1540 1838 1612 ἁμαρτημάτων,

218 1633 338 1683 καὶ
375 1629 676 1701 πολυμιξία
712 1631 911 1695 κακίας
947 1632 1004 1684 ἐν
1044 1629 1121 1701 τῷ
1149 1631 1340 1702 κόσμῳ
1381 1631 1693 1702 γεγένηται.
1731 1631 1842 1684 Καὶ

217 1722 423 1788 οὕτως
453 1725 484 1777 ὁ
511 1725 717 1794 κόσμος
750 1726 831 1788 είς
857 1724 918 1777 τὸ
950 1724 1174 1796 ἀρχαῖον
1203 1724 1300 1794 τῆς
1319 1723 1544 1788 ἀταξίας
1572 1719 1726 1787 αὖθις
1746 1725 1840 1777 ἀν-

1949 799 2101 854 mine
2128 797 2399 854 Chamum
2437 799 2505 854 ab
2535 799 2710 853 aliena
2739 801 2788 855 vi
2823 799 3146 869 productum
3172 799 3395 853 latuisse
3424 813 3535 854 ca:-

1947 887 2141 944 lestem
2177 899 2432 956 matrem,
2457 898 2511 946 et
2540 892 2596 946 in
2620 906 2803 945 arcam
2835 880 3156 962 irrepsisse;
3192 899 3243 946 et
3269 891 3322 946 id
3353 893 3527 961 ipsum

1948 977 2264 1048 angelorum
2305 978 2497 1034 fraude
2527 993 2591 1034 ac
2621 979 2854 1034 consilio
2885 995 3006 1035 esse
3035 979 3356 1051 perfectum.
3389 980 3529 1035 Cum

1944 1067 2111 1132 enim,
2148 1075 2206 1122 ut
2239 1068 2411 1133 aiunt,
2457 1069 2777 1126 didicissent
2822 1071 2921 1135 illi,
2956 1087 3130 1142 genus
3171 1085 3332 1127 omne
3365 1087 3526 1126 suum

1945 1157 2138 1214 diluvii
2171 1161 2330 1232 aquis
2363 1163 2861 1230 exterminandum,
2895 1163 3034 1218 mira
3066 1165 3383 1228 calliditate,
3418 1179 3528 1235 quo

1945 1252 2073 1306 mali
2106 1253 2346 1322 generis,
2380 1254 2539 1324 cujus
2578 1263 2830 1310 auctores
2863 1265 3036 1321 erant,
3073 1255 3334 1326 reliquias
3381 1254 3530 1309 fove-

1944 1352 2089 1408 rent,
2112 1344 2378 1400 Chamum
2406 1345 2458 1400 in
2489 1361 2672 1400 arcam
2707 1347 3005 1402 inculcant.
3041 1346 3086 1400 Α
3110 1362 3219 1418 quo
3249 1349 3300 1401 in
3335 1347 3529 1401 Imma-

1944 1449 2076 1488 num
2122 1451 2294 1505 genus
2326 1451 2502 1499 error,
2542 1443 2598 1492 et
2648 1438 2870 1503 oblivio,
2921 1445 3086 1508 atque
3132 1436 3524 1491 inconsiderati

1943 1522 2278 1594 ﬂagitiorum
2311 1526 2565 1596 impetus,
2593 1536 2647 1582 et
2677 1529 2944 1584 scelerum
2977 1527 3212 1584 varietas
3239 1526 3523 1596 multiplex

1944 1615 1998 1670 in
2039 1618 2229 1673 orbem
2277 1627 2549 1675 terrarum
2592 1621 2792 1692 erupit.
2843 1619 3019 1691 Atque
3063 1621 3137 1674 ita
3173 1619 3410 1675 mundus
3455 1621 3526 1672 ad

1943 1709 2232 1778 pristinam
2286 1712 2752 1781 perturbationem
2793 1713 2957 1784 286
2989 1713 3168 1768 denuo
3220 1711 3522 1774 revolutus,

218 1813 488 1886 ἔκαμψε,
526 1814 620 1868 καὶ
650 1815 957 1886 ἐνεπλήσθη
991 1817 1198 1882 κακῶν,
1230 1817 1305 1881 ὡς
1336 1815 1394 1880 ἐξ
1417 1817 1593 1888 ἀρχῆς
1616 1816 1721 1888 πρὸ
1742 1817 1823 1870 τοί

1940 1799 2164 1870 perinde
2206 1809 2370 1871 atque
2423 1811 2550 1857 ante
2590 1802 2880 1867 diluvium,
2932 1803 3198 1857 malorum
3237 1803 3394 1872 copia
3445 1817 3526 1857 re.-

219 1906 666 1977 κατακλυσμοῦ.
684 1907 816 1959 Ἀπὸ
837 1907 892 1959 δὲ
916 1905 1009 1960 τοῦ
1033 1906 1140 1978 Σὴθ
1165 1906 1308 1961 κατὰ
1330 1907 1551 1978 σπέρμα
1580 1907 1675 1960 καὶ
1697 1907 1823 1961 κατᾶ

1941 1889 2228 1946 dundavit.
2289 1891 2561 1948 Caeterum
2617 1909 2646 1946 a
2703 1893 2869 1950 Setho
2932 1896 3249 1950 continuata
3308 1895 3522 1964 generis

217 1998 505 2070 διαδοχὴν
544 1998 734 2067 γένους
766 2001 794 2052 ὁ
817 1999 1052 2071 Χριστὸς
1093 1994 1257 2071 ἦλθεν
1282 2000 1443 2064 αὐτὸς
1466 1998 1694 2072 Ἰησοῦς,
1719 2001 1823 2071 οὐχ]

1941 1984 2299 2040 successione
2351 1984 2512 2042 Jesus
2541 1986 2796 2041 Christus
2830 1986 3052 2056 prodiit,
3093 2002 3201 2042 non
3246 1987 3364 2057 ipse
3393 1988 3520 2057 qui-

219 2091 388 2144 κατὰ
418 2091 574 2162 γένη,
607 2091 743 2145 ἀλλὰ
773 2090 1100 2163 θαυμαστῶς
1126 2094 1184 2145 ὲν
1217 2090 1293 2162 τῷ
1321 2092 1512 2163 κόσμῳ
1540 2091 1796 2163 πεφηνὼς
1821 2109 1835 2123 ο

220 2184 294 2246 ὃς
329 2185 484 2236 ἐστιν
513 2183 674 2248 αὐτὸς
701 2185 730 2237 ὁ
761 2183 890 2256 Σὴθ,
921 2186 949 2238 ὁ
970 2184 1091 2237 τότε
1115 2183 1209 2237 καὶ
1239 2169 1475 2255 Χριστὸς
1503 2183 1598 2238 νῦν
1621 2187 1837 2254 ἐπιφοι-

221 2275 417 2344 τήσας
439 2274 519 2346 τῷ
543 2275 688 2343 γένει
717 2275 827 2330 τῶν
856 2275 1178 2348 ἀνθρώπων,
1205 2275 1314 2330 ἀπὸ
1338 2276 1436 2347 τῆς
1470 2273 1675 2347 μητρὸς
1699 2273 1839 2330 ἄνω-

225 2367 333 2419 θεν
364 2366 796 2439 ἀπεσταλμένος.

312 2549 386 2598 Δ’.
431 2543 618 2598 Ταῦτα
644 2544 820 2598 πάντα
860 2543 1003 2597 οὕτω
1032 2542 1360 2616 γεγενῆσθαί
1408 2560 1571 2612 φασιν
1614 2544 1830 2596 ἐκεῖνοι.

227 2638 422 2708 Μωρά
478 2637 555 2703 δὲ,
585 2639 677 2691 καὶ
722 2638 949 2710 ἀδρανῆ,
982 2640 1077 2692 καὶ
1126 2639 1459 2708 κενοφωνίας
1511 2639 1723 2710 ἔμπλεα
1767 2638 1836 2693 τά

229 2711 468 2785 τοιαῧτα
505 2729 858 2800 κηρύγματα,
891 2732 967 2795 ὡς
1018 2731 1179 2784 παντί
1231 2749 1307 2801 τῳ
1351 2731 1508 2802 δῆλόν
1553 2733 1721 2785 ἐστιν.
1758 2732 1832 2785 Οὐ

229 2822 351 2893 γὰρ
396 2821 493 2876 δύο
543 2822 819 2894 ἄνθρωποι
871 2823 1241 2895 ἐπλάσθησαν,
1273 2824 1409 2878 ἀλλὰ
1454 2820 1534 2888 εἷς
1582 2824 1829 2894 ὁἈδὰμ,

232 2914 335 2967 καὶ
367 2915 435 2967 ἐκ
462 2912 558 2967 τοῦ
589 2913 764 2984 Ἀδάμ
793 2915 820 2968 ὅ
845 2931 902 2968 τε
929 2914 1067 2968 Κάῖν
1101 2917 1196 2968 καὶ
1234 2916 1419 2981 Ἅϐελ,
1451 2917 1545 2970 καὶ
1567 2917 1696 2988 Σήθ.
1725 2918 1833 2970 Καὶ

231 3007 428 3063 οὐκέτι
462 3006 527 3059 ἐκ
554 3005 648 3059 δύο
675 3005 996 3078 ἀνθρώπων,
1034 3006 1147 3060 ἀλλ’
1173 3007 1229 3075 ἐξ
1255 3009 1372 3073 ἑνὸς
1402 3010 1507 3074 ἕως
1539 3010 1633 3063 τοῦ
1657 3028 1830 3065 κατα-

1939 2072 2060 2128 dem
2094 2077 2311 2145 generis
2348 2078 2523 2148 stirpe
2572 2086 2912 2148 procreatus,
2944 2078 3038 2132 sed
3087 2078 3142 2132 in
3172 2078 3318 2132 hunc
3363 2095 3522 2132 mun-

1937 2164 2068 2220 dum
2110 2167 2507 2224 admirabiliter
2536 2168 2905 2225 introductus.
2936 2167 3080 2225 Idem
3111 2171 3256 2225 enim
3290 2171 3379 2241 qui
3414 2171 3522 2226 illis

1942 2259 2284 2334 temporibus
2311 2259 2513 2316 Sethus
2552 2261 2678 2325 fuit,
2724 2261 2888 2316 modo
2915 2260 3170 2318 Christus
3219 2263 3523 2333 appellatus

1937 2365 1968 2404 a
1999 2352 2212 2408 caelesti
2261 2362 2436 2409 matre
2472 2355 2540 2408 de
2590 2355 2732 2410 coelo
2777 2356 2982 2411 missus
3019 2355 3086 2410 ad
3127 2356 3376 2413 homines
3424 2356 3524 2410 de-

1936 2445 2176 2502 scendit.

2006 2534 2093 2590 IV.
2123 2534 2235 2591 lloc
2269 2537 2429 2593 modo
2451 2538 2525 2592 illi
2555 2541 2809 2595 universa
2838 2547 3105 2596 statuunt.
3128 2539 3325 2596 Verum
3354 2556 3516 2610 quam

1937 2627 2158 2694 stolida,
2191 2645 2355 2699 quam
2389 2644 2553 2700 porro
2582 2631 2873 2696 imbecilla,
2907 2647 2972 2687 ac
2997 2648 3134 2686 vana
3170 2634 3280 2689 sint
3305 2651 3425 2705 quae
3451 2635 3521 2690 ab

1935 2719 2046 2774 illis
2071 2720 2378 2790 jactantur,
2424 2737 2584 2777 nemo
2636 2737 2744 2777 non
2784 2721 2948 2778 videt.
3002 2723 3189 2793 Neque
3230 2725 3374 2779 enim
3409 2725 3518 2780 duo

1934 2811 2140 2866 conditi
2170 2820 2298 2866 sunt
2321 2812 2590 2878 homines,
2629 2814 2722 2869 sed
2757 2830 2899 2870 unus
2929 2815 3194 2870 duntaxat
3229 2817 3470 2872 Adamus
3499 2837 3512 2872 :

1935 2919 1965 2959 a
1997 2920 2109 2974 quo
2141 2904 2302 2970 Cain,
2341 2912 2396 2960 et
2446 2905 2603 2971 Abel,
2646 2905 2953 2977 Sethusque
2993 2909 3178 2980 geniti.
3222 2908 3358 2964 Tum
3395 2911 3515 2964 reli-

1933 3012 2056 3067 quae
2082 2998 2340 3068 deinceps
2370 2999 2437 3053 ad
2478 2998 2744 3054 diluvium
2787 3016 2960 3070 usque
2990 3002 3367 3073 generationes
3403 3017 3510 3058 non

232 3098 487 3170 ελυσμοῦ
524 3099 632 3153 τῶν
658 3098 830 3168 γενῶν
864 3099 1001 3152 ὅλων
1024 3099 1117 3154 τοῦ
1140 3101 1312 3171 Ἀδὰμ
1338 3103 1569 3172 ἐχόντων
1592 3104 1690 3168 τὰς
1712 3106 1823 3158 ἑαυ-

1936 3105 1964 3143 a
2000 3089 2217 3145 duobus
2251 3091 2584 3155 hominibus,
2618 3091 2712 3148 sed
2741 3109 2805 3148 ex
2853 3109 2962 3148 uno
2990 3095 3165 3149 solum
3199 3095 3394 3165 capite,
3427 3097 3512 3150 ni-

235 3185 347 3240 τῶν
384 3185 675 3250 συστάσεις
707 3188 766 3241 ὲν
806 3187 884 3258 τῷ
912 3189 1271 3261 κόσμῳ.Ἀπὺ
1320 3191 1376 3244 δὲ
1415 3192 1506 3246 τοῦ
1557 3195 1823 3248 κατακλυ-

1934 3183 2131 3237 mirum
2158 3183 2387 3247 Adamo,
2421 3185 2661 3254 profecta
2691 3193 2836 3240 sunt.
2868 3185 2972 3242 Sed
3003 3194 3057 3242 et
3087 3188 3155 3244 ab
3184 3203 3294 3243 uno
3319 3204 3512 3245 rursus

236 3277 384 3348 σμοῦ
427 3279 492 3331 ὲκ
533 3278 627 3332 τοῦ
653 3279 774 3334 Νῶε
808 3280 970 3335 πάλιν
993 3281 1086 3336 τοῦ
1117 3282 1235 3347 ἐνὸς
1261 3283 1572 3357 ἀνθρώπου,
1603 3287 1696 3340 καὶ
1727 3288 1829 3340 οὐκ

239 3371 305 3424 ἐκ
333 3371 632 3443 διαφόρων,
665 3371 802 3426 ἀλλά
829 3373 937 3427 ἀπὸ
964 3374 1083 3438 ἑνὸς
1110 3375 1203 3429 τοῦ
1231 3376 1374 3443 Νῶε,
1408 3378 1502 3431 τοῦ
1537 3377 1675 3432 κατὰ
1715 3379 1829 3432 δια-

233 3463 401 3535 δοχὴν
423 3465 488 3517 ὲκ
522 3464 838 3536 σπέρματος
861 3465 954 3519 τοῦ
987 3466 1114 3538 Σὴθ,
1145 3469 1252 3522 πᾶν
1297 3468 1452 3536 γένος
1487 3469 1594 3522 τῶν
1619 3469 1828 3541 ἀνθρώ-

238 3573 379 3620 πων,
399 3557 500 3609 οὐκ
512 3557 590 3620 εἰς
615 3555 708 3610 δύο
733 3558 1056 3628 αίρούμενον
1083 3559 1122 3621 ¹,
1158 3558 1296 3612 ἀλλὰ
1323 3562 1400 3623 είς
1433 3559 1491 3615 ἓν
1517 3561 1688 3630 γένος.
1709 3562 1826 3630 Ἀφ’

237 3641 414 3720 οὗπερ
444 3651 538 3702 καὶ
558 3651 700 3714 Νῶε,
722 3650 816 3704 καὶ
844 3651 876 3722 ἡ
901 3650 1065 3704 αὐτοῦ
1086 3652 1246 3722 γυνὴ,
1275 3653 1369 3706 καὶ
1391 3653 1530 3724 Σὴμ,
1558 3653 1652 3708 καὶ
1675 3654 1823 3724 Χάμ,

240 3741 334 3791 καὶ
367 3739 572 3810 ’1ά’,ςεθ,
597 3741 646 3793 ot
689 3741 878 3795 τούτου
907 3743 1095 3806 παῖδες
1131 3742 1225 3795 καὶ
1249 3747 1397 3816 τρεῖς
1433 3747 1688 3812 γυναῖκες
1718 3745 1826 3798 τῶν

239 3831 406 3886 αὑτοῦ
443 3832 649 3886 παίδων
678 3833 786 3886 ἀπὸ
817 3833 910 3887 τοῦ
946 3834 1051 3906 Σὴθ
1084 3835 1144 3887 τὸ
1182 3836 1334 3904 γένος
1368 3837 1664 3906 κατάγουσι
1693 3839 1828 3892 πάν-

238 3938 351 3989 τες,
382 3924 479 3978 καὶ
513 3925 634 3996 οὐχ).
663 3925 770 3979 ἀπὸ
795 3925 888 3980 δύο
911 3926 1215 3998 ἀνθρώπων
1244 3929 1352 3981 τῶν
1401 3930 1476 4002 μὴ
1519 3932 1825 4004 γενομένων

238 4017 379 4072 κατὰ
406 4018 504 4090 τὴν
529 4019 734 4073 τούτων
768 4021 1108 4090 μυθοποιίαν.

310 4191 386 4246 E’.
428 4193 653 4257 Βίὸλους
699 4195 757 4249 δέ
795 4211 949 4261 τινας
1004 4197 1412 4267 συγγράφοντες
1457 4197 1516 4264 ἐξ
1562 4197 1824 4268 ὀνόματος

242 4285 493 4356 μεγάλων
520 4287 752 4359 ἀνδρῶν,
775 4288 834 4356 ἐξ
857 4289 1119 4358 ὀνόματος
1149 4291 1246 4362 μὲν
1266 4291 1372 4363 Σὴθ
1403 4293 1543 4346 ἑπτὰ
1576 4291 1824 4362 λέγοντες

237 4373 376 4430 εἶναι
416 4376 666 4448 βίϐλους·
697 4377 864 4442 ἄλλας
907 4379 964 4433 δὲ
1020 4379 1235 4450 βίϐλους
1277 4382 1468 4454 ἐτέρας
1514 4381 1822 4450 ἀλλογενεῖς

1930 3273 2137 3331 Noemo
2166 3286 2289 3347 post
2320 3279 2607 3343 diluvium,
2642 3296 2748 3335 non
2783 3295 2811 3333 a
2837 3281 3070 3337 diversis
3102 3281 3508 3354 insequentium

1927 3369 2081 3440 origo
2110 3369 2441 3436 deducitur;
2493 3385 2522 3424 a
2560 3369 2788 3438 Noemo,
2838 3373 3078 3443 inquam,
3129 3374 3222 3444 qui
3275 3389 3304 3430 c
3359 3374 3510 3430 Sethi

1929 3462 2188 3531 prosapia
2226 3461 2344 3529 fuit,
2375 3479 2548 3533 genus
2576 3463 2860 3518 hominum
2887 3481 3047 3522 omne
3075 3465 3379 3523 derivatum
3404 3477 3510 3532 est,

1928 3569 2036 3608 non
2069 3554 2324 3610 bifariam
2361 3556 2623 3624 divisum,
2665 3559 2759 3614 sed
2791 3575 2897 3614 una
2944 3561 3114 3631 stirpe
3149 3564 3510 3633 comprehen-

1929 3657 2071 3698 sum.
2108 3643 2185 3698 Ex
2215 3661 2321 3716 qua
2350 3655 2458 3701 tam
2492 3646 2752 3713 Noemus,
2779 3664 2940 3719 quam
2974 3650 3095 3718 ejus
3123 3667 3261 3707 uxor
3286 3653 3508 3723 prodiit.

1927 3750 2231 3807 eorumque
2275 3737 2430 3793 liberi
2484 3739 2631 3805 Sem,
2668 3741 2859 3808 Cham,
2901 3740 3098 3812 Japhet
3147 3763 3161 3797 :
3212 3761 3424 3802 necnon
3459 3757 3512 3803 et

1928 3829 2273 3898 singulorum
2318 3833 2622 3904 conjuges;
2657 3835 2748 3904 qui
2794 3833 3014 3905 quidem
3049 3851 3241 3894 omnes
3287 3839 3450 3895 unius
3482 3856 3514 3895 e

1929 3918 2082 3974 Sethi
2133 3938 2332 3993 genere
2372 3926 2641 3993 procreati
2678 3932 2827 3990 sunt,
2864 3942 2974 3980 non
3017 3941 3047 3980 a
3081 3927 3296 3985 duobus
3336 3930 3513 3986 homi-

1926 4016 2086 4071 nibus
2139 4019 2389 4086 producti
2424 4036 2436 4072 :
2471 4019 2563 4088 qui
2619 4035 2901 4091 nunquam
2948 4020 3005 4074 in
3040 4023 3205 4077 terris
3260 4022 3509 4089 fuerunt,

1925 4108 2384 4178 quemadmodum
2417 4109 2506 4164 isti
2540 4110 2880 4166 fabulantur.

1995 4194 2060 4251 V.
2102 4199 2170 4252 At
2192 4199 2338 4254 enim
2381 4209 2564 4257 certos
2604 4201 2777 4258 libros
2803 4203 3232 4260 clarissimorum
3266 4219 3507 4260 Virorum

1922 4291 2241 4348 nominibus
2269 4293 2568 4364 inscriptos
2609 4295 3033 4352 circumferunt.
3064 4296 3139 4352 Ex
3173 4299 3376 4369 quibus
3415 4313 3503 4354 se-

1924 4393 2068 4455 ptem
2101 4388 2326 4440 omnino
2355 4386 2521 4442 Setho
2552 4387 2834 4455 tribuunt;
2867 4391 3004 4445 alios
3034 4406 3157 4445 vero
3179 4389 3504 4458 άλλογενεῖς,

237 4469 379 4522 οὕτω
423 4466 715 4522 καλοῦσιν’
751 4468 919 4540 ἄλλην
966 4469 1023 4522 δὲ
1070 4470 1127 4538 ἐξ
1161 4471 1422 4542 ὀνόματος
1444 4471 1718 4544 Ἀϐραὰμ,
1753 4475 1819 4546 ἢν

1934 4479 2027 4543 hoc
2051 4487 2156 4546 est,
2189 4481 2403 4552 generis
2434 4481 2660 4537 alterius
2692 4491 3030 4552 nuncupant.
3059 4482 3152 4538 Est
3179 4490 3232 4538 et
3262 4483 3403 4540 alius
3438 4485 3505 4538 li-

240 4557 722 4629 καὶἈποκάλυψιν
754 4559 1056 4628 φάσκουσιν
1078 4557 1236 4626 εἶναι,
1267 4562 1448 4632 πάσης
1489 4564 1685 4628 κακίας
1724 4564 1821 4636 ἔμ-

237 4652 444 4704 πλεων·
477 4651 668 4722 ἑτέρας
693 4652 750 4706 δὲ
781 4649 840 4716 ἐξ
864 4651 1128 4723 ὀνόματος
1151 4653 1246 4707 τοῦ
1281 4654 1579 4722 Μωῦσέως,
1604 4657 1696 4709 καὶ
1727 4657 1822 4712 άλ-

237 4744 330 4808 λας
362 4743 562 4798 ἄλλων.
598 4744 692 4807 Et;
726 4743 938 4816 μωρίαν
959 4738 1038 4798 ’δὲ
1082 4746 1281 4818 πολλὴν
1315 4749 1406 4801 τὸν
1447 4741 1588 4806 νοῦν,
1616 4749 1824 4804 ἑαυτῶν

238 4838 590 4902 κατάγοντες,
618 4838 855 4906 γυναῖκα
874 4855 998 4892 τινα
1037 4839 1258 4910 Ὡραίαν
1286 4840 1534 4910 λέγουσιν
1558 4837 1697 4896 εἶναι.
1727 4841 1821 4897 τοῦ

237 4928 517 5002 Σήθ.’”ορα
560 4927 618 4982 δέ
653 4946 763 4999 μοι,
809 4930 1080 5002 ἁγαπητὲ,
1120 4930 1219 5003 τὴν
1250 4933 1455 4988 τούτων
1497 4934 1702 5001 ἄνοιαν,
1736 4937 1823 4990 ἳνα

236 5022 373 5075 κατὰ
409 5023 589 5075 πάντα
617 5022 816 5090 τρόπον
838 5023 1126 5095 καταγνῷς
1155 5025 1252 5097 τῆς
1279 5027 1459 5081 αὐτῶν
1479 5028 1824 5101 δραματουρ-

234 5118 378 5183 γὶας,
407 5115 502 5168 καὶ
531 5114 808 5182 μυθώδους
838 5118 1331 5190 ματαιοφροσύνης,
1362 5121 1456 5176 καὶ
1487 5123 1819 5178 ἐπιπλάστου

233 5207 574 5277 ληρολογίας.
618 5207 739 5260 Εἰσὶ
769 5212 868 5278 μὲν
895 5208 1003 5281 γὰρ
1038 5208 1194 5263 ἄλλαι
1224 5211 1369 5275 τινὲς
1397 5212 1656 5284 αἱρέσεις,
1684 5215 1821 5268 αἴτι-

234 5316 319 5362 νες
363 5297 580 5369 δύναμίν
623 5316 744 5353 τινα
778 5295 916 5352 εἶναι
945 5299 1212 5368 λέγουσιν,
1245 5302 1313 5374 ἢν
1341 5300 1596 5359 καλοῦσιν
1627 5304 1823 5371 ὀνομα-

235 5390 434 5454 στικῶς
480 5389 719 5461 Ὠραίαν.
743 5391 856 5462 Τὴν
890 5393 1018 5457 παρ’
1041 5392 1220 5458 ἄλλοις
1247 5393 1426 5450 τοίνυν
1459 5398 1820 5470 νομιζομένην

231 5481 722 5552 δύναμιν,⁶Ωραίαν
755 5499 816 5547 τε
847 5485 1208 5557 καλουμένην,
1247 5485 1390 5541 οὕτω
1441 5494 1675 5558 γυναῖκα
1723 5491 1818 5546 τοῦ

235 5573 339 5642 Σὴθ
368 5573 813 5648 λέγουσιν.“υθεν
837 5575 1112 5648 δυνάμεθα
1146 5597 1204 5632 τε
1237 5579 1536 5650 ἀποδεῖξαι,
1571 5582 1646 5647 ὡς
1681 5585 1816 5652 ἴστε,

311 5755 324 5789 '-
359 5750 487 5820 Cor.
515 5750 906 5818 διαίοούιλενοι.

1929 4571 2025 4627 ber
2061 4569 2201 4627 falso
2240 4572 2537 4628 Abrahami
2570 4575 2812 4639 nomine,
2846 4590 3006 4644 quem
3049 4591 3147 4646 pro
3175 4576 3504 4649 Apocalypsi

1923 4666 2224 4731 venditant,
2259 4665 2408 4720 omni
2439 4667 2680 4737 nequitia
2711 4667 2963 4725 refertus.
2997 4667 3201 4725 Praeter
3231 4687 3392 4741 quem
3426 4672 3503 4726 al—

1919 4767 2097 4813 terum
2131 4773 2162 4812 a
2197 4757 2400 4830 Moyse,
2435 4761 2676 4831 reliquos
2701 4761 2768 4814 ah
2819 4761 2940 4817 aliis
2970 4761 3148 4818 editos
3182 4778 3305 4818 esse
3347 4779 3503 4819 men~

1919 4850 2154 4907 tiuntur.
2186 4851 2266 4907 Ad
2307 4853 2441 4917 haec,
2476 4869 2596 4925 qua!
2638 4861 2722 4910 est
2761 4854 2978 4909 illorum
3010 4854 3280 4911 stoliditas
3315 4870 3378 4910 ac
3410 4873 3502 4910 ve-

1920 4947 2110 5002 cordia
2132 4989 2147 5014 ,
2175 4964 2405 5005 uxorem
2449 4947 2603 5006 Sethi
2627 4949 2874 5005 lioraram
2913 4950 3103 5005 nescio
3135 4966 3299 5021 quam
3327 4950 3504 5004 nomi-

1921 5040 2088 5094 natim
2108 5048 2321 5096 vocant.
2342 5041 2402 5097 ln
2432 5058 2540 5113 quo
2577 5043 2945 5114 vide,quaeso,
2978 5059 3141 5114 quam
3173 5043 3339 5114 inepti
3371 5045 3500 5106 sint.

1921 5140 1980 5186 ut
2021 5131 2238 5186 illorum
2280 5135 2428 5189 velut
2470 5137 2690 5191 scenica
2732 5143 3076 5200 commenta,
3118 5137 3504 5193 stultissimas—

1919 5237 2026 5292 que
2059 5222 2274 5281 fabulas
2319 5241 2382 5280 ac
2417 5234 2622 5284 temere
2651 5228 2888 5285 conficta
2937 5228 3220 5284 mendacia
3257 5230 3404 5284 omni
3435 5246 3502 5285 ex

1919 5324 2074 5386 parte
2113 5317 2468 5376 condemnes.
2507 5319 2640 5376 Nam
2681 5338 2807 5378 cum
2841 5322 3120 5378 nonnulla:
3163 5323 3275 5378 sint
3330 5322 3503 5377 haere-

1918 5421 2008 5463 ses
2041 5424 2162 5478 qua:
2199 5410 2306 5464 vim
2369 5411 2663 5481 quamdam
2709 5429 2832 5469 esse
2852 5420 3120 5479 statuunt,
3157 5427 3276 5483 qua:
3312 5409 3500 5467 l'lorzea

1918 5500 2280 5557 nominetur:
2318 5503 2394 5558 illi
2430 5506 2538 5559 vim
2586 5505 2879 5576 ejusmodi,
2938 5504 3296 5573 llormamque
3348 5501 3496 5558 Sethi

1917 5591 2206 5665 conjugem
2233 5597 2514 5654 exstitisse
2533 5598 2850 5679 pradicant.
2878 5597 2953 5652 Ex
2980 5613 3087 5677 quo
3110 5595 3495 5662 demonstrari,
