  <div class='ocr_page' id='page_1' title='image "/cluster/home/n/w/nwhite01/storage/ocr_20150623/41/hvd.32044011753001/365.png"; bbox 0 0 3844 6344; ppageno 0'>
   <div class='ocr_carea' id='block_1_1' title="bbox 357 248 3715 317">
    <p class='ocr_par' dir='ltr' id='par_1_1' title="bbox 357 248 3715 317">
     <span class='ocr_line' id='line_1_1' title="bbox 357 248 3715 317; baseline 0.004 -13"><span class='ocrx_word' id='word_1_1' title='bbox 357 254 451 308; x_wconf 77' lang='grc' dir='ltr'><strong>(ΠΙ</strong></span> <span class='ocrx_word' id='word_1_2' title='bbox 922 294 927 301; x_wconf 92' lang='grc'>.</span> <span class='ocrx_word' id='word_1_3' title='bbox 1765 250 1823 306; x_wconf 82' lang='grc'>8.</span> <span class='ocrx_word' id='word_1_4' title='bbox 1867 248 2214 313; x_wconf 77' lang='lat' dir='ltr'><strong>EPIPHANII</strong></span> <span class='ocrx_word' id='word_1_5' title='bbox 3573 258 3715 317; x_wconf 67' lang='lat'><strong>672</strong></span> 
     </span>
    </p>
   </div>
   <div class='ocr_carea' id='block_1_2' title="bbox 357 362 1959 452">
    <p class='ocr_par' dir='ltr' id='par_1_2' title="bbox 357 362 1942 434">
     <span class='ocr_line' id='line_1_2' title="bbox 357 362 1942 434; baseline 0.001 -15"><span class='ocrx_word' id='word_1_6' title='bbox 357 374 415 419; x_wconf 93' lang='lat' dir='ltr'><strong>ut</strong></span> <span class='ocrx_word' id='word_1_7' title='bbox 446 362 665 429; x_wconf 74' lang='lat' dir='ltr'><strong>videtis,</strong></span> <span class='ocrx_word' id='word_1_8' title='bbox 712 363 846 419; x_wconf 89' lang='lat' dir='ltr'><strong>illud</strong></span> <span class='ocrx_word' id='word_1_9' title='bbox 903 370 1110 434; x_wconf 78' lang='lat' dir='ltr'><strong>potest,</strong></span> <span class='ocrx_word' id='word_1_10' title='bbox 1159 362 1436 420; x_wconf 84' lang='lat' dir='ltr'><strong>hominem</strong></span> <span class='ocrx_word' id='word_1_11' title='bbox 1494 364 1667 421; x_wconf 80' lang='lat' dir='ltr'><strong>fuisse</strong></span> <span class='ocrx_word' id='word_1_12' title='bbox 1714 366 1942 421; x_wconf 80' lang='lat' dir='ltr'><strong>Sethum</strong></span> 
     </span>
    </p>
   </div>
   <div class='ocr_carea' id='block_1_3' title="bbox 2087 362 3711 452">
    <p class='ocr_par' dir='ltr' id='par_1_3' title="bbox 2087 367 3711 452">
     <span class='ocr_line' id='line_1_3' title="bbox 2087 367 3711 452; baseline 0.007 -30"><span class='ocrx_word' id='word_1_13' title='bbox 2087 367 2343 440; x_wconf 76' lang='grc' dir='ltr'>γαπητοὶ,</span> <span class='ocrx_word' id='word_1_14' title='bbox 2370 369 2464 424; x_wconf 75' lang='grc' dir='ltr'><strong>καὶ</strong></span> <span class='ocrx_word' id='word_1_15' title='bbox 2511 369 2669 439; x_wconf 72' lang='grc' dir='ltr'>φύσει</span> <span class='ocrx_word' id='word_1_16' title='bbox 2715 374 3001 448; x_wconf 79' lang='grc' dir='ltr'>ἄνθρωπον</span> <span class='ocrx_word' id='word_1_17' title='bbox 3054 377 3148 433; x_wconf 75' lang='grc' dir='ltr'>τὸν</span> <span class='ocrx_word' id='word_1_18' title='bbox 3196 379 3329 452; x_wconf 81' lang='grc' dir='ltr'>Σὴθ,</span> <span class='ocrx_word' id='word_1_19' title='bbox 3370 380 3477 434; x_wconf 77' lang='grc' dir='ltr'><strong>καὶ</strong></span> <span class='ocrx_word' id='word_1_20' title='bbox 3548 379 3711 447; x_wconf 63' lang='grc' dir='ltr'>οὐχὶ</span> 
     </span>
    </p>
   </div>
   <div class='ocr_carea' id='block_1_4' title="bbox 360 455 1959 543">
    <p class='ocr_par' dir='ltr' id='par_1_4' title="bbox 360 455 1946 527">
     <span class='ocr_line' id='line_1_4' title="bbox 360 455 1946 527; baseline 0.001 -17"><span class='ocrx_word' id='word_1_21' title='bbox 360 457 541 522; x_wconf 88' lang='lat' dir='ltr'><strong>illum;</strong></span> <span class='ocrx_word' id='word_1_22' title='bbox 575 468 677 509; x_wconf 89' lang='lat' dir='ltr'><strong>nec</strong></span> <span class='ocrx_word' id='word_1_23' title='bbox 701 455 771 510; x_wconf 89' lang='lat' dir='ltr'><strong>ab</strong></span> <span class='ocrx_word' id='word_1_24' title='bbox 795 455 960 525; x_wconf 77' lang='lat'><strong>287</strong></span> <span class='ocrx_word' id='word_1_25' title='bbox 1010 455 1134 512; x_wconf 88' lang='lat' dir='ltr'><strong>aliis</strong></span> <span class='ocrx_word' id='word_1_26' title='bbox 1172 456 1386 527; x_wconf 81' lang='lat' dir='ltr'><strong>origine</strong></span> <span class='ocrx_word' id='word_1_27' title='bbox 1423 455 1723 524; x_wconf 78' lang='lat' dir='ltr'><strong>diversum,</strong></span> <span class='ocrx_word' id='word_1_28' title='bbox 1756 467 1946 527; x_wconf 87' lang='lat' dir='ltr'><strong>utpote</strong></span> 
     </span>
    </p>
   </div>
   <div class='ocr_carea' id='block_1_5' title="bbox 2087 455 3711 543">
    <p class='ocr_par' dir='ltr' id='par_1_5' title="bbox 2088 461 3711 543">
     <span class='ocr_line' id='line_1_5' title="bbox 2088 461 3711 543; baseline 0.004 -29"><span class='ocrx_word' id='word_1_29' title='bbox 2088 461 2256 515; x_wconf 85' lang='grc' dir='ltr'>νωθέν</span> <span class='ocrx_word' id='word_1_30' title='bbox 2287 479 2340 516; x_wconf 87' lang='grc' dir='ltr'><strong>τι</strong></span> <span class='ocrx_word' id='word_1_31' title='bbox 2373 463 2848 536; x_wconf 80' lang='grc' dir='ltr'><strong>παρηλλαγμένον,</strong></span> <span class='ocrx_word' id='word_1_32' title='bbox 2879 469 3107 540; x_wconf 78' lang='grc' dir='ltr'>ἀδελφὸν</span> <span class='ocrx_word' id='word_1_33' title='bbox 3131 471 3187 525; x_wconf 84' lang='grc' dir='ltr'>δὲ</span> <span class='ocrx_word' id='word_1_34' title='bbox 3209 472 3335 525; x_wconf 74' lang='grc' dir='ltr'>ὄντα</span> <span class='ocrx_word' id='word_1_35' title='bbox 3361 473 3559 543; x_wconf 78' lang='grc' dir='ltr'>φύσει</span> <span class='ocrx_word' id='word_1_36' title='bbox 3588 466 3711 523; x_wconf 75' lang='grc' dir='ltr'>τοῦ</span> 
     </span>
    </p>
   </div>
   <div class='ocr_carea' id='block_1_6' title="bbox 355 546 1959 634">
    <p class='ocr_par' dir='ltr' id='par_1_6' title="bbox 355 546 1943 619">
     <span class='ocr_line' id='line_1_6' title="bbox 355 546 1943 619; baseline 0.003 -18"><span class='ocrx_word' id='word_1_37' title='bbox 355 547 509 601; x_wconf 83' lang='lat' dir='ltr'><strong>Caini</strong></span> <span class='ocrx_word' id='word_1_38' title='bbox 538 555 591 600; x_wconf 91' lang='lat' dir='ltr'><strong>et</strong></span> <span class='ocrx_word' id='word_1_39' title='bbox 623 546 781 602; x_wconf 81' lang='lat' dir='ltr'><strong>Abeli</strong></span> <span class='ocrx_word' id='word_1_40' title='bbox 820 562 1162 618; x_wconf 87' lang='lat' dir='ltr'><strong>germanum,</strong></span> <span class='ocrx_word' id='word_1_41' title='bbox 1188 548 1255 603; x_wconf 87' lang='lat' dir='ltr'><strong>ab</strong></span> <span class='ocrx_word' id='word_1_42' title='bbox 1287 548 1591 619; x_wconf 83' lang='lat' dir='ltr'><strong>iisdemque</strong></span> <span class='ocrx_word' id='word_1_43' title='bbox 1624 550 1943 619; x_wconf 87' lang='lat' dir='ltr'><strong>parentibus</strong></span> 
     </span>
    </p>
   </div>
   <div class='ocr_carea' id='block_1_7' title="bbox 2087 546 3702 634">
    <p class='ocr_par' dir='ltr' id='par_1_7' title="bbox 2087 554 3702 634">
     <span class='ocr_line' id='line_1_7' title="bbox 2087 554 3702 634; baseline 0.004 -27"><span class='ocrx_word' id='word_1_44' title='bbox 2087 554 2189 607; x_wconf 76' lang='lat' dir='ltr'><strong>Lo&#39;t‘iv</strong></span> <span class='ocrx_word' id='word_1_45' title='bbox 2232 554 2325 607; x_wconf 75' lang='grc' dir='ltr'>καὶ</span> <span class='ocrx_word' id='word_1_46' title='bbox 2355 554 2520 608; x_wconf 77' lang='grc' dir='ltr'>Ἀὄελ</span> <span class='ocrx_word' id='word_1_47' title='bbox 2568 555 2627 621; x_wconf 80' lang='grc' dir='ltr'><strong>ἐξ</strong></span> <span class='ocrx_word' id='word_1_48' title='bbox 2676 558 2794 623; x_wconf 81' lang='grc' dir='ltr'>ἐνὸς</span> <span class='ocrx_word' id='word_1_49' title='bbox 2844 561 3050 632; x_wconf 78' lang='grc' dir='ltr'>πατρὸς</span> <span class='ocrx_word' id='word_1_50' title='bbox 3092 564 3187 616; x_wconf 73' lang='grc' dir='ltr'><strong>καὶ</strong></span> <span class='ocrx_word' id='word_1_51' title='bbox 3231 566 3360 634; x_wconf 72' lang='grc' dir='ltr'>μιᾶς</span> <span class='ocrx_word' id='word_1_52' title='bbox 3410 562 3702 634; x_wconf 75' lang='grc' dir='ltr'>μητρός.</span> 
     </span>
    </p>
   </div>
   <div class='ocr_carea' id='block_1_8' title="bbox 356 636 1942 711">
    <p class='ocr_par' dir='ltr' id='par_1_8' title="bbox 356 636 1942 711">
     <span class='ocr_line' id='line_1_8' title="bbox 356 636 1942 711; baseline 0.001 -18"><span class='ocrx_word' id='word_1_53' title='bbox 356 642 407 693; x_wconf 90' lang='lat' dir='ltr'><strong>in</strong></span> <span class='ocrx_word' id='word_1_54' title='bbox 450 642 624 693; x_wconf 92' lang='lat' dir='ltr'><strong>lucem</strong></span> <span class='ocrx_word' id='word_1_55' title='bbox 652 640 883 695; x_wconf 80' lang='lat' dir='ltr'><strong>editum.</strong></span> <span class='ocrx_word' id='word_1_56' title='bbox 916 636 1169 710; x_wconf 87' lang='lat' dir='ltr'><strong>Cognovit</strong></span> <span class='ocrx_word' id='word_1_57' title='bbox 1198 643 1360 703; x_wconf 88' lang='lat' dir='ltr'><strong>enim,</strong></span> <span class='ocrx_word' id='word_1_58' title='bbox 1386 650 1440 695; x_wconf 90' lang='lat' dir='ltr'><strong>ut</strong></span> <span class='ocrx_word' id='word_1_59' title='bbox 1473 640 1755 711; x_wconf 70' lang='lat' dir='ltr'><strong>Scriptura</strong></span> <span class='ocrx_word' id='word_1_60' title='bbox 1785 641 1942 705; x_wconf 80' lang='lat' dir='ltr'><strong>dicit,</strong></span> 
     </span>
    </p>
   </div>
   <div class='ocr_carea' id='block_1_9' title="bbox 358 728 1944 802">
    <p class='ocr_par' dir='ltr' id='par_1_9' title="bbox 358 728 1944 802">
     <span class='ocr_line' id='line_1_9' title="bbox 358 728 1944 802; baseline 0.002 -21"><span class='ocrx_word' id='word_1_61' title='bbox 358 729 526 783; x_wconf 72' lang='lat' dir='ltr'><strong>Adam</strong></span> <span class='ocrx_word' id='word_1_62' title='bbox 566 746 781 784; x_wconf 74' lang='lat' dir='ltr'><strong>uxorem</strong></span> <span class='ocrx_word' id='word_1_63' title='bbox 819 746 972 783; x_wconf 86' lang='lat' dir='ltr'><strong>suam</strong></span> <span class='ocrx_word' id='word_1_64' title='bbox 1006 728 1173 785; x_wconf 84' lang='lat' dir='ltr'><strong><em>Evam</em></strong></span> <span class='ocrx_word' id='word_1_65' title='bbox 1199 748 1215 793; x_wconf 88' lang='lat'><strong><em>;</em></strong></span> <span class='ocrx_word' id='word_1_66' title='bbox 1240 747 1356 802; x_wconf 77' lang='lat' dir='ltr'><strong>qua:</strong></span> <span class='ocrx_word' id='word_1_67' title='bbox 1389 733 1640 799; x_wconf 75' lang='lat' dir='ltr'><strong>concepit,</strong></span> <span class='ocrx_word' id='word_1_68' title='bbox 1674 741 1722 785; x_wconf 86' lang='lat' dir='ltr'><strong>et</strong></span> <span class='ocrx_word' id='word_1_69' title='bbox 1747 732 1944 802; x_wconf 85' lang='lat' dir='ltr'><strong>peperit</strong></span> 
     </span>
    </p>
   </div>
   <div class='ocr_carea' id='block_1_10' title="bbox 358 821 1945 893">
    <p class='ocr_par' dir='ltr' id='par_1_10' title="bbox 358 821 1945 893">
     <span class='ocr_line' id='line_1_10' title="bbox 358 821 1945 893; baseline 0.001 -18"><span class='ocrx_word' id='word_1_70' title='bbox 358 823 490 876; x_wconf 78' lang='lat' dir='ltr'><strong>Cain</strong></span> <span class='ocrx_word' id='word_1_71' title='bbox 527 824 567 875; x_wconf 76' lang='grc'><strong>⁸.</strong></span> <span class='ocrx_word' id='word_1_72' title='bbox 604 822 719 877; x_wconf 90' lang='lat' dir='ltr'><strong>Hoc</strong></span> <span class='ocrx_word' id='word_1_73' title='bbox 753 821 897 878; x_wconf 91' lang='lat' dir='ltr'><strong>enim</strong></span> <span class='ocrx_word' id='word_1_74' title='bbox 940 824 987 877; x_wconf 93' lang='lat' dir='ltr'><strong>ei</strong></span> <span class='ocrx_word' id='word_1_75' title='bbox 1015 839 1212 878; x_wconf 87' lang='lat' dir='ltr'><strong>nomen</strong></span> <span class='ocrx_word' id='word_1_76' title='bbox 1243 824 1523 893; x_wconf 89' lang='lat' dir='ltr'><strong>imposuit,</strong></span> <span class='ocrx_word' id='word_1_77' title='bbox 1548 823 1691 893; x_wconf 89' lang='lat' dir='ltr'><strong>quod</strong></span> <span class='ocrx_word' id='word_1_78' title='bbox 1724 838 1945 891; x_wconf 83' lang='lat' dir='ltr'><strong>posses-</strong></span> 
     </span>
    </p>
   </div>
   <div class='ocr_carea' id='block_1_11' title="bbox 355 913 1944 985">
    <p class='ocr_par' dir='ltr' id='par_1_11' title="bbox 355 913 1944 985">
     <span class='ocr_line' id='line_1_11' title="bbox 355 913 1944 985; baseline 0.001 -19"><span class='ocrx_word' id='word_1_79' title='bbox 355 915 553 967; x_wconf 82' lang='lat' dir='ltr'><strong>sionem</strong></span> <span class='ocrx_word' id='word_1_80' title='bbox 582 914 877 985; x_wconf 80' lang='lat' dir='ltr'><strong>signiﬁcat,</strong></span> <span class='ocrx_word' id='word_1_81' title='bbox 922 913 1112 970; x_wconf 91' lang='lat' dir='ltr'><strong>dicens</strong></span> <span class='ocrx_word' id='word_1_82' title='bbox 1138 933 1150 968; x_wconf 90' lang='lat'><strong>:</strong></span> <span class='ocrx_word' id='word_1_83' title='bbox 1181 913 1403 970; x_wconf 86' lang='lat' dir='ltr'><strong>Possedi</strong></span> <span class='ocrx_word' id='word_1_84' title='bbox 1432 915 1603 982; x_wconf 85' lang='lat' dir='ltr'><strong>ﬁlium</strong></span> <span class='ocrx_word' id='word_1_85' title='bbox 1638 930 1730 985; x_wconf 82' lang='lat' dir='ltr'><strong>per</strong></span> <span class='ocrx_word' id='word_1_86' title='bbox 1761 913 1944 968; x_wconf 88' lang='lat' dir='ltr'><strong>Domi-</strong></span> 
     </span>
    </p>
   </div>
   <div class='ocr_carea' id='block_1_12' title="bbox 354 1004 1944 1077">
    <p class='ocr_par' dir='ltr' id='par_1_12' title="bbox 354 1004 1944 1077">
     <span class='ocr_line' id='line_1_12' title="bbox 354 1004 1944 1077; baseline 0.001 -19"><span class='ocrx_word' id='word_1_87' title='bbox 354 1022 478 1058; x_wconf 85' lang='lat' dir='ltr'><strong>num</strong></span> <span class='ocrx_word' id='word_1_88' title='bbox 508 1004 677 1060; x_wconf 82' lang='lat' dir='ltr'><strong>Deum</strong></span> <span class='ocrx_word' id='word_1_89' title='bbox 702 1007 741 1059; x_wconf 81' lang='lat'><strong>’.</strong></span> <span class='ocrx_word' id='word_1_90' title='bbox 774 1006 852 1060; x_wconf 87' lang='lat' dir='ltr'><strong>Ac</strong></span> <span class='ocrx_word' id='word_1_91' title='bbox 885 1022 1077 1062; x_wconf 87' lang='lat' dir='ltr'><strong>rursus</strong></span> <span class='ocrx_word' id='word_1_92' title='bbox 1123 1006 1352 1062; x_wconf 84' lang='lat' dir='ltr'><strong>Abelum</strong></span> <span class='ocrx_word' id='word_1_93' title='bbox 1382 1007 1613 1077; x_wconf 81' lang='lat' dir='ltr'><strong>peperit.</strong></span> <span class='ocrx_word' id='word_1_94' title='bbox 1670 1007 1944 1077; x_wconf 79' lang='lat' dir='ltr'><strong>Cognovit,</strong></span> 
     </span>
    </p>
   </div>
   <div class='ocr_carea' id='block_1_13' title="bbox 355 1097 1945 1169">
    <p class='ocr_par' dir='ltr' id='par_1_13' title="bbox 355 1097 1945 1169">
     <span class='ocr_line' id='line_1_13' title="bbox 355 1097 1945 1169; baseline 0 -18"><span class='ocrx_word' id='word_1_95' title='bbox 355 1097 551 1169; x_wconf 79' lang='lat' dir='ltr'><strong>inquit,</strong></span> <span class='ocrx_word' id='word_1_96' title='bbox 593 1097 767 1151; x_wconf 81' lang='lat' dir='ltr'><strong>Adam</strong></span> <span class='ocrx_word' id='word_1_97' title='bbox 818 1101 989 1153; x_wconf 84' lang='lat' dir='ltr'><strong><em>Evam</em></strong></span> <span class='ocrx_word' id='word_1_98' title='bbox 1050 1098 1322 1169; x_wconf 82' lang='lat' dir='ltr'><strong>conjugem</strong></span> <span class='ocrx_word' id='word_1_99' title='bbox 1374 1113 1565 1152; x_wconf 78' lang='lat' dir='ltr'><strong>suam:</strong></span> <span class='ocrx_word' id='word_1_100' title='bbox 1599 1114 1716 1168; x_wconf 70' lang='lat' dir='ltr'><strong>qua:</strong></span> <span class='ocrx_word' id='word_1_101' title='bbox 1757 1114 1945 1151; x_wconf 84' lang='lat' dir='ltr'><strong>conce-</strong></span> 
     </span>
    </p>
   </div>
   <div class='ocr_carea' id='block_1_14' title="bbox 353 1189 1945 1262">
    <p class='ocr_par' dir='ltr' id='par_1_14' title="bbox 353 1189 1945 1262">
     <span class='ocr_line' id='line_1_14' title="bbox 353 1189 1945 1262; baseline 0 -19"><span class='ocrx_word' id='word_1_102' title='bbox 353 1192 453 1260; x_wconf 89' lang='lat' dir='ltr'><strong>pit,</strong></span> <span class='ocrx_word' id='word_1_103' title='bbox 478 1200 526 1244; x_wconf 91' lang='lat' dir='ltr'><strong>et</strong></span> <span class='ocrx_word' id='word_1_104' title='bbox 570 1193 767 1261; x_wconf 76' lang='lat' dir='ltr'><strong>peperit</strong></span> <span class='ocrx_word' id='word_1_105' title='bbox 802 1190 1009 1260; x_wconf 83' lang='lat' dir='ltr'><strong>ﬁlium;</strong></span> <span class='ocrx_word' id='word_1_106' title='bbox 1050 1208 1197 1262; x_wconf 87' lang='lat' dir='ltr'><strong>quem</strong></span> <span class='ocrx_word' id='word_1_107' title='bbox 1239 1190 1461 1245; x_wconf 87' lang='lat' dir='ltr'><strong>Abelum</strong></span> <span class='ocrx_word' id='word_1_108' title='bbox 1506 1190 1773 1245; x_wconf 77' lang='lat' dir='ltr'><strong>vocavit‘.</strong></span> <span class='ocrx_word' id='word_1_109' title='bbox 1806 1189 1945 1244; x_wconf 89' lang='lat' dir='ltr'><strong>Tum</strong></span> 
     </span>
    </p>
   </div>
   <div class='ocr_carea' id='block_1_15' title="bbox 357 1282 1947 1355">
    <p class='ocr_par' dir='ltr' id='par_1_15' title="bbox 357 1282 1947 1355">
     <span class='ocr_line' id='line_1_15' title="bbox 357 1282 1947 1355; baseline 0 -19"><span class='ocrx_word' id='word_1_110' title='bbox 357 1284 545 1339; x_wconf 89' lang='lat' dir='ltr'><strong>multis</strong></span> <span class='ocrx_word' id='word_1_111' title='bbox 573 1284 899 1355; x_wconf 85' lang='lat' dir='ltr'><strong>interjectis,</strong></span> <span class='ocrx_word' id='word_1_112' title='bbox 929 1292 1053 1355; x_wconf 89' lang='lat' dir='ltr'><strong>post</strong></span> <span class='ocrx_word' id='word_1_113' title='bbox 1075 1284 1231 1339; x_wconf 87' lang='lat' dir='ltr'><strong>Abeli</strong></span> <span class='ocrx_word' id='word_1_114' title='bbox 1254 1294 1514 1339; x_wconf 88' lang='lat' dir='ltr'><strong>mortem:</strong></span> <span class='ocrx_word' id='word_1_115' title='bbox 1552 1283 1827 1353; x_wconf 80' lang='lat' dir='ltr'><strong>Cognovit,</strong></span> <span class='ocrx_word' id='word_1_116' title='bbox 1862 1282 1947 1336; x_wconf 78' lang='lat' dir='ltr'><strong>in~</strong></span> 
     </span>
    </p>
   </div>
   <div class='ocr_carea' id='block_1_16' title="bbox 356 1359 1947 1450">
    <p class='ocr_par' dir='ltr' id='par_1_16' title="bbox 356 1359 1947 1450">
     <span class='ocr_line' id='line_1_16' title="bbox 356 1359 1947 1450; baseline 0.001 -19"><span class='ocrx_word' id='word_1_117' title='bbox 356 1378 497 1447; x_wconf 88' lang='lat' dir='ltr'><strong>quit,</strong></span> <span class='ocrx_word' id='word_1_118' title='bbox 532 1359 700 1432; x_wconf 61' lang='lat' dir='ltr'><strong>Atiam</strong></span> <span class='ocrx_word' id='word_1_119' title='bbox 746 1395 961 1433; x_wconf 74' lang='lat' dir='ltr'><strong>uxorem</strong></span> <span class='ocrx_word' id='word_1_120' title='bbox 1005 1379 1191 1446; x_wconf 86' lang='lat' dir='ltr'><strong>Evam,</strong></span> <span class='ocrx_word' id='word_1_121' title='bbox 1223 1397 1339 1450; x_wconf 64' lang='lat' dir='ltr'><strong>qua!</strong></span> <span class='ocrx_word' id='word_1_122' title='bbox 1372 1380 1632 1449; x_wconf 72' lang='lat' dir='ltr'><strong>concepit,</strong></span> <span class='ocrx_word' id='word_1_123' title='bbox 1664 1389 1712 1433; x_wconf 81' lang='lat' dir='ltr'><strong>et</strong></span> <span class='ocrx_word' id='word_1_124' title='bbox 1750 1379 1947 1447; x_wconf 84' lang='lat' dir='ltr'><strong>peperit</strong></span> 
     </span>
    </p>
   </div>
   <div class='ocr_carea' id='block_1_17' title="bbox 357 1473 1944 1545">
    <p class='ocr_par' dir='ltr' id='par_1_17' title="bbox 357 1473 1944 1545">
     <span class='ocr_line' id='line_1_17' title="bbox 357 1473 1944 1545; baseline 0.003 -21"><span class='ocrx_word' id='word_1_125' title='bbox 357 1474 550 1541; x_wconf 81' lang='lat' dir='ltr'><strong>ﬁlium,</strong></span> <span class='ocrx_word' id='word_1_126' title='bbox 585 1484 633 1526; x_wconf 88' lang='lat' dir='ltr'><strong>et</strong></span> <span class='ocrx_word' id='word_1_127' title='bbox 662 1475 861 1527; x_wconf 85' lang='lat' dir='ltr'><strong>vocavit</strong></span> <span class='ocrx_word' id='word_1_128' title='bbox 894 1473 1140 1539; x_wconf 83' lang='lat' dir='ltr'><strong>Set/tum,</strong></span> <span class='ocrx_word' id='word_1_129' title='bbox 1169 1474 1314 1545; x_wconf 90' lang='lat' dir='ltr'><strong>quod</strong></span> <span class='ocrx_word' id='word_1_130' title='bbox 1354 1476 1829 1543; x_wconf 81' lang='lat' dir='ltr'><strong>compensationem</strong></span> <span class='ocrx_word' id='word_1_131' title='bbox 1850 1489 1944 1529; x_wconf 90' lang='lat' dir='ltr'><strong>so-</strong></span> 
     </span>
    </p>
   </div>
   <div class='ocr_carea' id='block_1_18' title="bbox 358 1556 1944 1636">
    <p class='ocr_par' dir='ltr' id='par_1_18' title="bbox 358 1556 1944 1636">
     <span class='ocr_line' id='line_1_18' title="bbox 358 1556 1944 1636; baseline 0 -19"><span class='ocrx_word' id='word_1_132' title='bbox 358 1573 470 1618; x_wconf 88' lang='lat' dir='ltr'><strong>nat.</strong></span> <span class='ocrx_word' id='word_1_133' title='bbox 506 1564 771 1619; x_wconf 76' lang='lat' dir='ltr'><strong>Excitavit</strong></span> <span class='ocrx_word' id='word_1_134' title='bbox 794 1556 807 1567; x_wconf 73' lang='grc'><strong>’</strong></span> <span class='ocrx_word' id='word_1_135' title='bbox 835 1567 997 1631; x_wconf 87' lang='lat' dir='ltr'><strong>enim,</strong></span> <span class='ocrx_word' id='word_1_136' title='bbox 1033 1567 1231 1636; x_wconf 85' lang='lat' dir='ltr'><strong>inquit,</strong></span> <span class='ocrx_word' id='word_1_137' title='bbox 1265 1567 1392 1620; x_wconf 84' lang='lat' dir='ltr'><strong>mihi</strong></span> <span class='ocrx_word' id='word_1_138' title='bbox 1428 1566 1570 1621; x_wconf 85' lang='lat' dir='ltr'><strong>Deus</strong></span> <span class='ocrx_word' id='word_1_139' title='bbox 1604 1567 1819 1631; x_wconf 75' lang='lat' dir='ltr'><strong>stirpem</strong></span> <span class='ocrx_word' id='word_1_140' title='bbox 1849 1581 1944 1635; x_wconf 85' lang='lat' dir='ltr'><strong>pro</strong></span> 
     </span>
    </p>
   </div>
   <div class='ocr_carea' id='block_1_19' title="bbox 357 1657 1940 1730">
    <p class='ocr_par' dir='ltr' id='par_1_19' title="bbox 357 1657 1940 1730">
     <span class='ocr_line' id='line_1_19' title="bbox 357 1657 1940 1730; baseline 0.001 -19"><span class='ocrx_word' id='word_1_141' title='bbox 357 1659 537 1725; x_wconf 80' lang='lat' dir='ltr'><strong>Abelo,</strong></span> <span class='ocrx_word' id='word_1_142' title='bbox 571 1676 720 1730; x_wconf 85' lang='lat' dir='ltr'><strong><em>quem</em></strong></span> <span class='ocrx_word' id='word_1_143' title='bbox 755 1660 1017 1729; x_wconf 84' lang='lat' dir='ltr'><strong>interfecit</strong></span> <span class='ocrx_word' id='word_1_144' title='bbox 1043 1659 1179 1714; x_wconf 87' lang='lat' dir='ltr'><strong>Cain</strong></span> <span class='ocrx_word' id='word_1_145' title='bbox 1204 1660 1246 1713; x_wconf 66' lang='lat'><strong>‘.</strong></span> <span class='ocrx_word' id='word_1_146' title='bbox 1276 1657 1395 1713; x_wconf 85' lang='lat' dir='ltr'><strong>Jam</strong></span> <span class='ocrx_word' id='word_1_147' title='bbox 1427 1675 1551 1715; x_wconf 90' lang='lat' dir='ltr'><strong>cum</strong></span> <span class='ocrx_word' id='word_1_148' title='bbox 1581 1659 1653 1713; x_wconf 88' lang='lat' dir='ltr'><strong>ita</strong></span> <span class='ocrx_word' id='word_1_149' title='bbox 1675 1657 1940 1729; x_wconf 87' lang='lat' dir='ltr'><strong>loquitur:</strong></span> 
     </span>
    </p>
   </div>
   <div class='ocr_carea' id='block_1_20' title="bbox 2052 645 3698 724">
    <p class='ocr_par' dir='ltr' id='par_1_20' title="bbox 2052 645 3698 724">
     <span class='ocr_line' id='line_1_20' title="bbox 2052 645 3698 724; baseline 0.004 -23"><span class='ocrx_word' id='word_1_150' title='bbox 2052 646 2245 714; x_wconf 72' lang='grc' dir='ltr'>Ἔγνω</span> <span class='ocrx_word' id='word_1_151' title='bbox 2269 645 2397 716; x_wconf 75' lang='grc' dir='ltr'>γὰρ,</span> <span class='ocrx_word' id='word_1_152' title='bbox 2425 649 2610 719; x_wconf 80' lang='grc' dir='ltr'>φησὶν,</span> <span class='ocrx_word' id='word_1_153' title='bbox 2630 649 2801 721; x_wconf 81' lang='grc' dir='ltr'>Ἀδὰμ</span> <span class='ocrx_word' id='word_1_154' title='bbox 2830 654 2995 707; x_wconf 83' lang='grc' dir='ltr'><strong>Εὕαν</strong></span> <span class='ocrx_word' id='word_1_155' title='bbox 3014 654 3129 722; x_wconf 78' lang='grc' dir='ltr'><strong>τὴν</strong></span> <span class='ocrx_word' id='word_1_156' title='bbox 3148 656 3403 724; x_wconf 73' lang='grc' dir='ltr'>γυναῖκα</span> <span class='ocrx_word' id='word_1_157' title='bbox 3429 654 3698 715; x_wconf 73' lang='grc' dir='ltr'>αὐτοῦ,</span> 
     </span>
    </p>
   </div>
   <div class='ocr_carea' id='block_1_21' title="bbox 2047 740 3695 803">
    <p class='ocr_par' dir='ltr' id='par_1_21' title="bbox 2047 740 3695 803">
     <span class='ocr_line' id='line_1_21' title="bbox 2047 740 3695 803; baseline 0.007 -12"><span class='ocrx_word' id='word_1_158' title='bbox 2047 740 2145 792; x_wconf 80' lang='grc' dir='ltr'><strong>καὶ</strong></span> <span class='ocrx_word' id='word_1_159' title='bbox 2171 740 2572 795; x_wconf 75' lang='grc' dir='ltr'><strong>συλλαϐοῦσα</strong></span> <span class='ocrx_word' id='word_1_160' title='bbox 2604 743 2771 798; x_wconf 79' lang='grc' dir='ltr'>ἔτεκε</span> <span class='ocrx_word' id='word_1_161' title='bbox 2808 744 2915 799; x_wconf 80' lang='grc' dir='ltr'><strong>τὸν</strong></span> <span class='ocrx_word' id='word_1_162' title='bbox 2937 746 3117 801; x_wconf 78' lang='grc' dir='ltr'><strong>Κάζ’ν’</strong></span> <span class='ocrx_word' id='word_1_163' title='bbox 3154 750 3247 802; x_wconf 78' lang='grc' dir='ltr'><strong>καὶ</strong></span> <span class='ocrx_word' id='word_1_164' title='bbox 3282 749 3534 803; x_wconf 76' lang='grc' dir='ltr'><strong>ἐπέθετο</strong></span> <span class='ocrx_word' id='word_1_165' title='bbox 3576 750 3695 802; x_wconf 67' lang='grc' dir='ltr'><strong>αὖα</strong></span> 
     </span>
    </p>
   </div>
   <div class='ocr_carea' id='block_1_22' title="bbox 2048 828 3693 908">
    <p class='ocr_par' dir='ltr' id='par_1_22' title="bbox 2048 828 3693 908">
     <span class='ocr_line' id='line_1_22' title="bbox 2048 828 3693 908; baseline 0.006 -27"><span class='ocrx_word' id='word_1_166' title='bbox 2048 828 2126 898; x_wconf 82' lang='grc' dir='ltr'>τῷ</span> <span class='ocrx_word' id='word_1_167' title='bbox 2169 828 2340 900; x_wconf 78' lang='grc' dir='ltr'>ὄνομα</span> <span class='ocrx_word' id='word_1_168' title='bbox 2384 832 2543 895; x_wconf 84' lang='grc' dir='ltr'>Κάῐν,</span> <span class='ocrx_word' id='word_1_169' title='bbox 2594 834 2729 907; x_wconf 81' lang='grc' dir='ltr'>ὅπερ</span> <span class='ocrx_word' id='word_1_170' title='bbox 2772 836 3135 907; x_wconf 78' lang='grc' dir='ltr'><strong>ἑρμηνεύεται</strong></span> <span class='ocrx_word' id='word_1_171' title='bbox 3165 841 3381 907; x_wconf 80' lang='grc' dir='ltr'><strong>κτίσις,</strong></span> <span class='ocrx_word' id='word_1_172' title='bbox 3416 842 3644 908; x_wconf 79' lang='grc' dir='ltr'>λέγων</span> <span class='ocrx_word' id='word_1_173' title='bbox 3674 856 3693 868; x_wconf 76' lang='grc' dir='ltr'><strong>ο</strong></span> 
     </span>
    </p>
   </div>
   <div class='ocr_carea' id='block_1_23' title="bbox 2061 919 3697 1003">
    <p class='ocr_par' dir='ltr' id='par_1_23' title="bbox 2061 919 3697 1003">
     <span class='ocr_line' id='line_1_23' title="bbox 2061 919 3697 1003; baseline 0.005 -27"><span class='ocrx_word' id='word_1_174' title='bbox 2061 919 2446 1003; x_wconf 64' lang='grc' dir='ltr'>Ἐκτησὰιιην</span> <span class='ocrx_word' id='word_1_175' title='bbox 2476 923 2611 978; x_wconf 81' lang='grc' dir='ltr'><strong>υἱὸν</strong></span> <span class='ocrx_word' id='word_1_176' title='bbox 2634 924 2733 979; x_wconf 82' lang='grc' dir='ltr'>διὰ</span> <span class='ocrx_word' id='word_1_177' title='bbox 2767 926 2989 994; x_wconf 79' lang='grc' dir='ltr'><strong>Κυρίου</strong></span> <span class='ocrx_word' id='word_1_178' title='bbox 3014 930 3160 984; x_wconf 85' lang='grc' dir='ltr'>Θεου</span> <span class='ocrx_word' id='word_1_179' title='bbox 3181 946 3195 961; x_wconf 78' lang='grc'><strong><em>⁸</em></strong></span> <span class='ocrx_word' id='word_1_180' title='bbox 3228 932 3322 986; x_wconf 82' lang='grc' dir='ltr'><strong>καὶ</strong></span> <span class='ocrx_word' id='word_1_181' title='bbox 3355 932 3536 985; x_wconf 67' lang='grc' dir='ltr'>πάλιν</span> <span class='ocrx_word' id='word_1_182' title='bbox 3578 931 3697 985; x_wconf 70' lang='grc' dir='ltr'><strong>τὸν</strong></span> 
     </span>
    </p>
   </div>
   <div class='ocr_carea' id='block_1_24' title="bbox 2053 1012 3693 1090">
    <p class='ocr_par' dir='ltr' id='par_1_24' title="bbox 2053 1012 3693 1090">
     <span class='ocr_line' id='line_1_24' title="bbox 2053 1012 3693 1090; baseline 0.007 -26"><span class='ocrx_word' id='word_1_183' title='bbox 2053 1012 2217 1067; x_wconf 77' lang='grc' dir='ltr'>Ἀϐελ</span> <span class='ocrx_word' id='word_1_184' title='bbox 2236 1027 2249 1042; x_wconf 77' lang='grc'><strong><em>⁸</em></strong></span> <span class='ocrx_word' id='word_1_185' title='bbox 2283 1015 2481 1085; x_wconf 69' lang='grc' dir='ltr'><strong>Ἔγνω⁸</strong></span> <span class='ocrx_word' id='word_1_186' title='bbox 2499 1014 2669 1085; x_wconf 81' lang='grc' dir='ltr'>Ἀδὰμ</span> <span class='ocrx_word' id='word_1_187' title='bbox 2691 1018 2858 1071; x_wconf 79' lang='grc' dir='ltr'><strong>Εὔαν</strong></span> <span class='ocrx_word' id='word_1_188' title='bbox 2887 1018 2999 1087; x_wconf 79' lang='grc' dir='ltr'>τὴν</span> <span class='ocrx_word' id='word_1_189' title='bbox 3027 1022 3281 1090; x_wconf 78' lang='grc' dir='ltr'><strong>γυναῖκα</strong></span> <span class='ocrx_word' id='word_1_190' title='bbox 3303 1025 3529 1087; x_wconf 75' lang='grc' dir='ltr'>αὑτοῦ,</span> <span class='ocrx_word' id='word_1_191' title='bbox 3561 1023 3693 1077; x_wconf 73' lang='grc' dir='ltr'><strong>καὶ</strong></span> 
     </span>
    </p>
   </div>
   <div class='ocr_carea' id='block_1_25' title="bbox 2048 1106 3694 1185">
    <p class='ocr_par' dir='ltr' id='par_1_25' title="bbox 2048 1106 3694 1185">
     <span class='ocr_line' id='line_1_25' title="bbox 2048 1106 3694 1185; baseline 0.005 -27"><span class='ocrx_word' id='word_1_192' title='bbox 2048 1106 2453 1160; x_wconf 77' lang='grc' dir='ltr'><strong>συλλαϐοῦσα</strong></span> <span class='ocrx_word' id='word_1_193' title='bbox 2488 1106 2695 1162; x_wconf 77' lang='grc' dir='ltr'>ἔτεκεν</span> <span class='ocrx_word' id='word_1_194' title='bbox 2732 1109 2886 1175; x_wconf 76' lang='grc' dir='ltr'><strong>υἱὸν,</strong></span> <span class='ocrx_word' id='word_1_195' title='bbox 2914 1113 3013 1166; x_wconf 82' lang='grc' dir='ltr'><strong>καὶ</strong></span> <span class='ocrx_word' id='word_1_196' title='bbox 3044 1113 3302 1169; x_wconf 75' lang='grc' dir='ltr'>ἐκάλεσε</span> <span class='ocrx_word' id='word_1_197' title='bbox 3350 1116 3418 1169; x_wconf 83' lang='grc' dir='ltr'>τὸ</span> <span class='ocrx_word' id='word_1_198' title='bbox 3452 1117 3694 1185; x_wconf 69' lang='grc' dir='ltr'><em>ὄνομα</em></span> 
     </span>
    </p>
   </div>
   <div class='ocr_carea' id='block_1_26' title="bbox 2048 1197 3693 1275">
    <p class='ocr_par' dir='ltr' id='par_1_26' title="bbox 2048 1197 3693 1275">
     <span class='ocr_line' id='line_1_26' title="bbox 2048 1197 3693 1275; baseline 0.005 -25"><span class='ocrx_word' id='word_1_199' title='bbox 2048 1197 2236 1251; x_wconf 86' lang='grc' dir='ltr'>αὐτοῦ</span> <span class='ocrx_word' id='word_1_200' title='bbox 2264 1200 2457 1252; x_wconf 76' lang='grc' dir='ltr'>Ἅϐελ.</span> <span class='ocrx_word' id='word_1_201' title='bbox 2486 1198 2590 1253; x_wconf 77' lang='grc' dir='ltr'><strong>Καὶ</strong></span> <span class='ocrx_word' id='word_1_202' title='bbox 2616 1200 2753 1272; x_wconf 88' lang='grc' dir='ltr'><strong>μετά</strong></span> <span class='ocrx_word' id='word_1_203' title='bbox 2782 1202 2951 1257; x_wconf 83' lang='grc' dir='ltr'>πολλὰ</span> <span class='ocrx_word' id='word_1_204' title='bbox 2981 1205 3121 1275; x_wconf 80' lang='grc' dir='ltr'>μετὰ</span> <span class='ocrx_word' id='word_1_205' title='bbox 3146 1207 3207 1259; x_wconf 82' lang='grc' dir='ltr'><strong>τὸ</strong></span> <span class='ocrx_word' id='word_1_206' title='bbox 3236 1206 3544 1262; x_wconf 80' lang='grc' dir='ltr'><strong>ἀποθανεῖν</strong></span> <span class='ocrx_word' id='word_1_207' title='bbox 3570 1206 3693 1260; x_wconf 66' lang='grc' dir='ltr'>τὸν</span> 
     </span>
    </p>
   </div>
   <div class='ocr_carea' id='block_1_27' title="bbox 2052 1289 3686 1369">
    <p class='ocr_par' dir='ltr' id='par_1_27' title="bbox 2052 1289 3686 1369">
     <span class='ocr_line' id='line_1_27' title="bbox 2052 1289 3686 1369; baseline 0.007 -29"><span class='ocrx_word' id='word_1_208' title='bbox 2052 1289 2218 1343; x_wconf 77' lang='grc' dir='ltr'>’Ἅϐελ</span> <span class='ocrx_word' id='word_1_209' title='bbox 2239 1306 2251 1318; x_wconf 93' lang='grc'><strong>·</strong></span> <span class='ocrx_word' id='word_1_210' title='bbox 2288 1291 2394 1345; x_wconf 82' lang='lat' dir='ltr'><strong>Kal</strong></span> <span class='ocrx_word' id='word_1_211' title='bbox 2426 1291 2581 1360; x_wconf 70' lang='grc' dir='ltr'>ἔγνω</span> <span class='ocrx_word' id='word_1_212' title='bbox 2619 1293 2794 1363; x_wconf 85' lang='grc' dir='ltr'>Ἀδὰμ</span> <span class='ocrx_word' id='word_1_213' title='bbox 2817 1294 2982 1350; x_wconf 77' lang='grc' dir='ltr'><strong>Εὔαν</strong></span> <span class='ocrx_word' id='word_1_214' title='bbox 3004 1295 3120 1366; x_wconf 77' lang='grc' dir='ltr'><strong>τὴν</strong></span> <span class='ocrx_word' id='word_1_215' title='bbox 3142 1300 3395 1369; x_wconf 76' lang='grc' dir='ltr'>γυναῖκα</span> <span class='ocrx_word' id='word_1_216' title='bbox 3431 1298 3686 1361; x_wconf 74' lang='grc' dir='ltr'>αὐτοῦ,</span> 
     </span>
    </p>
   </div>
   <div class='ocr_carea' id='block_1_28' title="bbox 2048 1381 3685 1454">
    <p class='ocr_par' dir='ltr' id='par_1_28' title="bbox 2048 1381 3685 1454">
     <span class='ocr_line' id='line_1_28' title="bbox 2048 1381 3685 1454; baseline 0.005 -19"><span class='ocrx_word' id='word_1_217' title='bbox 2048 1381 2148 1435; x_wconf 75' lang='grc' dir='ltr'><strong>καὶ</strong></span> <span class='ocrx_word' id='word_1_218' title='bbox 2206 1382 2608 1439; x_wconf 64' lang='grc' dir='ltr'><strong>συλλαϐοῦσα</strong></span> <span class='ocrx_word' id='word_1_219' title='bbox 2662 1384 2869 1440; x_wconf 74' lang='grc' dir='ltr'>ἔτεκεν</span> <span class='ocrx_word' id='word_1_220' title='bbox 2918 1389 3072 1454; x_wconf 80' lang='grc' dir='ltr'>υἱὸν,</span> <span class='ocrx_word' id='word_1_221' title='bbox 3116 1390 3214 1443; x_wconf 79' lang='grc' dir='ltr'><strong>καὶ</strong></span> <span class='ocrx_word' id='word_1_222' title='bbox 3264 1391 3534 1446; x_wconf 66' lang='grc' dir='ltr'>ἐκάλεσε</span> <span class='ocrx_word' id='word_1_223' title='bbox 3600 1394 3685 1443; x_wconf 84' lang='grc' dir='ltr'>τὸ</span> 
     </span>
    </p>
   </div>
   <div class='ocr_carea' id='block_1_29' title="bbox 2051 1473 3681 1554">
    <p class='ocr_par' dir='ltr' id='par_1_29' title="bbox 2051 1473 3681 1554">
     <span class='ocr_line' id='line_1_29' title="bbox 2051 1473 3681 1554; baseline 0.007 -28"><span class='ocrx_word' id='word_1_224' title='bbox 2051 1473 2239 1542; x_wconf 79' lang='grc' dir='ltr'>ὄνομα</span> <span class='ocrx_word' id='word_1_225' title='bbox 2283 1475 2468 1529; x_wconf 85' lang='grc' dir='ltr'>αὐτοῦ</span> <span class='ocrx_word' id='word_1_226' title='bbox 2496 1475 2641 1545; x_wconf 80' lang='grc' dir='ltr'>Σὴθ,</span> <span class='ocrx_word' id='word_1_227' title='bbox 2673 1477 2808 1547; x_wconf 81' lang='grc' dir='ltr'>ὅπερ</span> <span class='ocrx_word' id='word_1_228' title='bbox 2855 1479 3211 1551; x_wconf 80' lang='grc' dir='ltr'><strong>ἑρμηνεύεται</strong></span> <span class='ocrx_word' id='word_1_229' title='bbox 3240 1481 3628 1554; x_wconf 62' lang='grc' dir='ltr'><strong>ἀνταλλαῖῆ</strong></span> <span class='ocrx_word' id='word_1_230' title='bbox 3660 1498 3681 1513; x_wconf 85' lang='grc'>⁶</span> 
     </span>
    </p>
   </div>
   <div class='ocr_carea' id='block_1_30' title="bbox 2062 1564 3684 1647">
    <p class='ocr_par' dir='ltr' id='par_1_30' title="bbox 2062 1564 3684 1647">
     <span class='ocr_line' id='line_1_30' title="bbox 2062 1564 3684 1647; baseline 0.004 -29"><span class='ocrx_word' id='word_1_231' title='bbox 2062 1564 2382 1633; x_wconf 78' lang='grc' dir='ltr'>Ἆνέστησε</span> <span class='ocrx_word' id='word_1_232' title='bbox 2409 1564 2519 1633; x_wconf 81' lang='grc' dir='ltr'>γάρ</span> <span class='ocrx_word' id='word_1_233' title='bbox 2540 1585 2644 1636; x_wconf 83' lang='grc' dir='ltr'><strong>μοι</strong></span> <span class='ocrx_word' id='word_1_234' title='bbox 2682 1570 2716 1622; x_wconf 86' lang='grc' dir='ltr'><strong>ό</strong></span> <span class='ocrx_word' id='word_1_235' title='bbox 2749 1568 2894 1647; x_wconf 65' lang='grc' dir='ltr'><strong>Θεὸς</strong></span> <span class='ocrx_word' id='word_1_236' title='bbox 2914 1570 3153 1639; x_wconf 82' lang='grc' dir='ltr'>σπέρμα</span> <span class='ocrx_word' id='word_1_237' title='bbox 3184 1572 3321 1626; x_wconf 74' lang='grc' dir='ltr'>ἀντὶ</span> <span class='ocrx_word' id='word_1_238' title='bbox 3353 1574 3561 1635; x_wconf 70' lang='grc' dir='ltr'>Ἅϐελ,</span> <span class='ocrx_word' id='word_1_239' title='bbox 3586 1574 3684 1626; x_wconf 72' lang='grc' dir='ltr'><strong>ὃν</strong></span> 
     </span>
    </p>
   </div>
   <div class='ocr_carea' id='block_1_31' title="bbox 2050 1653 3679 1729">
    <p class='ocr_par' dir='ltr' id='par_1_31' title="bbox 2050 1653 3679 1729">
     <span class='ocr_line' id='line_1_31' title="bbox 2050 1653 3679 1729; baseline 0.002 -20"><span class='ocrx_word' id='word_1_240' title='bbox 2050 1653 2360 1709; x_wconf 73' lang='grc' dir='ltr'>ἀπέκτεινε</span> <span class='ocrx_word' id='word_1_241' title='bbox 2384 1656 2552 1709; x_wconf 77' lang='grc' dir='ltr'>Κάϊν.</span> <span class='ocrx_word' id='word_1_242' title='bbox 2586 1657 2659 1711; x_wconf 88' lang='grc' dir='ltr'>Τὸ</span> <span class='ocrx_word' id='word_1_243' title='bbox 2689 1657 2768 1723; x_wconf 84' lang='grc' dir='ltr'><strong>δὲ,</strong></span> <span class='ocrx_word' id='word_1_244' title='bbox 2786 1659 3163 1729; x_wconf 76' lang='grc' dir='ltr'>Ἐκτησάμην</span> <span class='ocrx_word' id='word_1_245' title='bbox 3190 1660 3287 1716; x_wconf 85' lang='grc' dir='ltr'>διὰ</span> <span class='ocrx_word' id='word_1_246' title='bbox 3320 1663 3493 1729; x_wconf 81' lang='grc' dir='ltr'>Θεοῦ,</span> <span class='ocrx_word' id='word_1_247' title='bbox 3525 1664 3679 1728; x_wconf 74' lang='grc' dir='ltr'>καὶ,</span> 
     </span>
    </p>
   </div>
   <div class='ocr_carea' id='block_1_32' title="bbox 358 1721 1959 1818">
    <p class='ocr_par' dir='ltr' id='par_1_32' title="bbox 358 1747 1946 1818">
     <span class='ocr_line' id='line_1_32' title="bbox 358 1747 1946 1818; baseline 0 -17"><span class='ocrx_word' id='word_1_248' title='bbox 358 1747 577 1801; x_wconf 82' lang='lat' dir='ltr'><strong>Possedi</strong></span> <span class='ocrx_word' id='word_1_249' title='bbox 610 1749 871 1803; x_wconf 79' lang='lat' dir='ltr'><strong>hominem</strong></span> <span class='ocrx_word' id='word_1_250' title='bbox 893 1766 984 1818; x_wconf 87' lang='lat' dir='ltr'><strong>per</strong></span> <span class='ocrx_word' id='word_1_251' title='bbox 1001 1749 1203 1815; x_wconf 86' lang='lat' dir='ltr'><strong>Deum;</strong></span> <span class='ocrx_word' id='word_1_252' title='bbox 1228 1757 1302 1814; x_wconf 90' lang='lat' dir='ltr'><strong>et,</strong></span> <span class='ocrx_word' id='word_1_253' title='bbox 1328 1748 1591 1817; x_wconf 69' lang='lat' dir='ltr'><strong>Excitavit</strong></span> <span class='ocrx_word' id='word_1_254' title='bbox 1618 1749 1745 1801; x_wconf 82' lang='lat' dir='ltr'><strong>mihi</strong></span> <span class='ocrx_word' id='word_1_255' title='bbox 1772 1747 1946 1811; x_wconf 85' lang='lat' dir='ltr'><strong>Deus;</strong></span> 
     </span>
    </p>
   </div>
   <div class='ocr_carea' id='block_1_33' title="bbox 2087 1721 3682 1818">
    <p class='ocr_par' dir='ltr' id='par_1_33' title="bbox 2087 1721 3682 1817">
     <span class='ocr_line' id='line_1_33' title="bbox 2087 1721 3682 1817; baseline 0.006 -19"><span class='ocrx_word' id='word_1_256' title='bbox 2087 1744 2383 1813; x_wconf 61' lang='lat' dir='ltr'><strong>Aréo‘tno‘é</strong></span> <span class='ocrx_word' id='word_1_257' title='bbox 2402 1765 2504 1815; x_wconf 83' lang='grc' dir='ltr'><strong>μοι</strong></span> <span class='ocrx_word' id='word_1_258' title='bbox 2530 1750 2562 1801; x_wconf 87' lang='grc' dir='ltr'><em>ὀ</em></span> <span class='ocrx_word' id='word_1_259' title='bbox 2594 1721 2763 1817; x_wconf 72' lang='grc' dir='ltr'>Θεὸς,</span> <span class='ocrx_word' id='word_1_260' title='bbox 2794 1749 2892 1805; x_wconf 71' lang='grc' dir='ltr'><strong>ἕνα</strong></span> <span class='ocrx_word' id='word_1_261' title='bbox 2926 1721 3057 1804; x_wconf 60' lang='grc' dir='ltr'>θεὸν</span> <span class='ocrx_word' id='word_1_262' title='bbox 3098 1721 3338 1806; x_wconf 84' lang='grc' dir='ltr'>δείκνυσι</span> <span class='ocrx_word' id='word_1_263' title='bbox 3368 1721 3682 1807; x_wconf 54' lang='grc' dir='ltr'>τὸνπὰνλ</span> 
     </span>
    </p>
   </div>
   <div class='ocr_carea' id='block_1_34' title="bbox 358 1836 1946 1910">
    <p class='ocr_par' dir='ltr' id='par_1_34' title="bbox 358 1836 1946 1910">
     <span class='ocr_line' id='line_1_34' title="bbox 358 1836 1946 1910; baseline 0.001 -19"><span class='ocrx_word' id='word_1_264' title='bbox 358 1856 526 1891; x_wconf 90' lang='lat' dir='ltr'><strong>unum</strong></span> <span class='ocrx_word' id='word_1_265' title='bbox 553 1855 674 1893; x_wconf 87' lang='lat' dir='ltr'><strong>esse</strong></span> <span class='ocrx_word' id='word_1_266' title='bbox 710 1839 877 1895; x_wconf 92' lang='lat' dir='ltr'><strong>Deum</strong></span> <span class='ocrx_word' id='word_1_267' title='bbox 915 1840 1140 1907; x_wconf 79' lang='lat' dir='ltr'><strong>indicat,</strong></span> <span class='ocrx_word' id='word_1_268' title='bbox 1175 1840 1268 1910; x_wconf 86' lang='lat' dir='ltr'><strong>qui</strong></span> <span class='ocrx_word' id='word_1_269' title='bbox 1300 1850 1353 1895; x_wconf 92' lang='lat' dir='ltr'><strong>et</strong></span> <span class='ocrx_word' id='word_1_270' title='bbox 1390 1840 1646 1895; x_wconf 89' lang='lat' dir='ltr'><strong>universa</strong></span> <span class='ocrx_word' id='word_1_271' title='bbox 1683 1836 1946 1893; x_wconf 88' lang='lat' dir='ltr'><strong>condide-</strong></span> 
     </span>
    </p>
   </div>
   <div class='ocr_carea' id='block_1_35' title="bbox 359 1932 1944 2004">
    <p class='ocr_par' dir='ltr' id='par_1_35' title="bbox 359 1932 1944 2004">
     <span class='ocr_line' id='line_1_35' title="bbox 359 1932 1944 2004; baseline 0.001 -20"><span class='ocrx_word' id='word_1_272' title='bbox 359 1936 450 1989; x_wconf 82' lang='lat' dir='ltr'><strong>rit.</strong></span> <span class='ocrx_word' id='word_1_273' title='bbox 476 1940 529 1985; x_wconf 91' lang='lat' dir='ltr'><strong>et</strong></span> <span class='ocrx_word' id='word_1_274' title='bbox 556 1948 650 1987; x_wconf 89' lang='lat' dir='ltr'><strong>eos</strong></span> <span class='ocrx_word' id='word_1_275' title='bbox 679 1933 828 2002; x_wconf 89' lang='lat' dir='ltr'><strong>ipsos</strong></span> <span class='ocrx_word' id='word_1_276' title='bbox 852 1933 944 2002; x_wconf 90' lang='lat' dir='ltr'><strong>qui</strong></span> <span class='ocrx_word' id='word_1_277' title='bbox 981 1933 1144 2002; x_wconf 82' lang='lat' dir='ltr'><strong>geniti</strong></span> <span class='ocrx_word' id='word_1_278' title='bbox 1179 1942 1307 1987; x_wconf 90' lang='lat' dir='ltr'><strong>sunt</strong></span> <span class='ocrx_word' id='word_1_279' title='bbox 1330 1933 1563 2004; x_wconf 75' lang='lat' dir='ltr'><strong>benigne</strong></span> <span class='ocrx_word' id='word_1_280' title='bbox 1584 1932 1944 1989; x_wconf 80' lang='lat' dir='ltr'><strong>concesserit.</strong></span> 
     </span>
    </p>
   </div>
   <div class='ocr_carea' id='block_1_36' title="bbox 359 2024 1981 2092">
    <p class='ocr_par' dir='ltr' id='par_1_36' title="bbox 359 2024 1981 2092">
     <span class='ocr_line' id='line_1_36' title="bbox 359 2024 1981 2092; baseline 0 -15"><span class='ocrx_word' id='word_1_281' title='bbox 359 2025 513 2092; x_wconf 84' lang='lat' dir='ltr'><strong>Quod</strong></span> <span class='ocrx_word' id='word_1_282' title='bbox 547 2040 679 2079; x_wconf 87' lang='lat' dir='ltr'><strong>vero</strong></span> <span class='ocrx_word' id='word_1_283' title='bbox 710 2039 910 2079; x_wconf 79' lang='lat' dir='ltr'><strong>uxores</strong></span> <span class='ocrx_word' id='word_1_284' title='bbox 942 2025 1103 2079; x_wconf 89' lang='lat' dir='ltr'><strong>ambo</strong></span> <span class='ocrx_word' id='word_1_285' title='bbox 1143 2024 1242 2088; x_wconf 88' lang='lat' dir='ltr'><strong>illi,</strong></span> <span class='ocrx_word' id='word_1_286' title='bbox 1275 2024 1482 2081; x_wconf 89' lang='lat' dir='ltr'><strong>Cainus</strong></span> <span class='ocrx_word' id='word_1_287' title='bbox 1510 2040 1575 2080; x_wconf 92' lang='lat' dir='ltr'><strong>ac</strong></span> <span class='ocrx_word' id='word_1_288' title='bbox 1596 2024 1819 2089; x_wconf 89' lang='lat' dir='ltr'><strong>Sethus,</strong></span> <span class='ocrx_word' id='word_1_289' title='bbox 1849 2024 1949 2077; x_wconf 88' lang='lat' dir='ltr'><strong>ha-</strong></span> <span class='ocrx_word' id='word_1_290' title='bbox 1977 2029 1981 2033; x_wconf 80' lang='grc'><strong><em>’</em></strong></span> 
     </span>
    </p>
   </div>
   <div class='ocr_carea' id='block_1_37' title="bbox 2051 1838 3679 1915">
    <p class='ocr_par' dir='ltr' id='par_1_37' title="bbox 2051 1838 3679 1915">
     <span class='ocr_line' id='line_1_37' title="bbox 2051 1838 3679 1915; baseline 0.004 -25"><span class='ocrx_word' id='word_1_291' title='bbox 2051 1855 2159 1891; x_wconf 87' lang='grc' dir='ltr'>των</span> <span class='ocrx_word' id='word_1_292' title='bbox 2194 1838 2444 1909; x_wconf 76' lang='grc' dir='ltr'>ποιητὴν,</span> <span class='ocrx_word' id='word_1_293' title='bbox 2478 1839 2575 1892; x_wconf 77' lang='grc' dir='ltr'><strong>καὶ</strong></span> <span class='ocrx_word' id='word_1_294' title='bbox 2619 1839 2778 1912; x_wconf 84' lang='grc' dir='ltr'><strong>δότην</strong></span> <span class='ocrx_word' id='word_1_295' title='bbox 2826 1841 2934 1896; x_wconf 84' lang='grc' dir='ltr'>τῶν</span> <span class='ocrx_word' id='word_1_296' title='bbox 2976 1845 3546 1915; x_wconf 79' lang='grc' dir='ltr'>γεγεννημένων.Ὂτι</span> <span class='ocrx_word' id='word_1_297' title='bbox 3602 1843 3679 1896; x_wconf 71' lang='grc' dir='ltr'>δὲ</span> 
     </span>
    </p>
   </div>
   <div class='ocr_carea' id='block_1_38' title="bbox 2051 1918 3676 2008">
    <p class='ocr_par' dir='ltr' id='par_1_38' title="bbox 2051 1918 3676 2008">
     <span class='ocr_line' id='line_1_38' title="bbox 2051 1918 3676 2008; baseline 0.007 -31"><span class='ocrx_word' id='word_1_298' title='bbox 2051 1918 2196 1979; x_wconf 73' lang='grc' dir='ltr'>οὗτοι</span> <span class='ocrx_word' id='word_1_299' title='bbox 2225 1924 2381 1996; x_wconf 81' lang='grc' dir='ltr'>ἔσχον</span> <span class='ocrx_word' id='word_1_300' title='bbox 2415 1930 2700 1995; x_wconf 84' lang='grc' dir='ltr'>γυναῖκας,</span> <span class='ocrx_word' id='word_1_301' title='bbox 2731 1930 2759 1983; x_wconf 86' lang='grc' dir='ltr'><strong>ὃ</strong></span> <span class='ocrx_word' id='word_1_302' title='bbox 2784 1948 2843 1984; x_wconf 88' lang='grc' dir='ltr'><strong>τε</strong></span> <span class='ocrx_word' id='word_1_303' title='bbox 2873 1931 3013 1986; x_wconf 79' lang='grc' dir='ltr'>Κάῖν</span> <span class='ocrx_word' id='word_1_304' title='bbox 3040 1934 3135 1987; x_wconf 74' lang='grc' dir='ltr'><strong>καὶ</strong></span> <span class='ocrx_word' id='word_1_305' title='bbox 3167 1937 3195 1988; x_wconf 81' lang='grc' dir='ltr'><strong>ό</strong></span> <span class='ocrx_word' id='word_1_306' title='bbox 3221 1936 3353 2008; x_wconf 80' lang='grc' dir='ltr'>Σὴθ,</span> <span class='ocrx_word' id='word_1_307' title='bbox 3381 1936 3575 2005; x_wconf 79' lang='grc' dir='ltr'>δῆλον.</span> <span class='ocrx_word' id='word_1_308' title='bbox 3600 1936 3676 1987; x_wconf 87' lang='grc' dir='ltr'><strong>Ὁ</strong></span> 
     </span>
    </p>
   </div>
   <div class='ocr_carea' id='block_1_39' title="bbox 2052 2016 3531 2098">
    <p class='ocr_par' dir='ltr' id='par_1_39' title="bbox 2052 2016 3531 2098">
     <span class='ocr_line' id='line_1_39' title="bbox 2052 2016 3531 2098; baseline 0.009 -31"><span class='ocrx_word' id='word_1_309' title='bbox 2052 2016 2161 2089; x_wconf 81' lang='grc' dir='ltr'>γὰρ</span> <span class='ocrx_word' id='word_1_310' title='bbox 2198 2017 2362 2070; x_wconf 74' lang='grc' dir='ltr'>Ἀὄελ</span> <span class='ocrx_word' id='word_1_311' title='bbox 2391 2018 2655 2090; x_wconf 84' lang='grc' dir='ltr'>νεώτερος</span> <span class='ocrx_word' id='word_1_312' title='bbox 2684 2022 3025 2095; x_wconf 83' lang='grc' dir='ltr'>ἀπεκτάνθη,</span> <span class='ocrx_word' id='word_1_313' title='bbox 3067 2026 3293 2097; x_wconf 80' lang='grc' dir='ltr'><strong>μηδέπω</strong></span> <span class='ocrx_word' id='word_1_314' title='bbox 3322 2028 3531 2098; x_wconf 82' lang='grc' dir='ltr'>γήμας.</span> 
     </span>
    </p>
   </div>
   <div class='ocr_carea' id='block_1_40' title="bbox 362 2109 3670 2191">
    <p class='ocr_par' dir='ltr' id='par_1_40' title="bbox 362 2109 3670 2191">
     <span class='ocr_line' id='line_1_40' title="bbox 362 2109 3670 2191; baseline -0 -17"><span class='ocrx_word' id='word_1_315' title='bbox 362 2119 599 2184; x_wconf 86' lang='lat' dir='ltr'><strong>bueriut,</strong></span> <span class='ocrx_word' id='word_1_316' title='bbox 629 2119 852 2174; x_wconf 89' lang='lat' dir='ltr'><strong>minime</strong></span> <span class='ocrx_word' id='word_1_317' title='bbox 880 2126 962 2172; x_wconf 88' lang='lat' dir='ltr'><strong>est</strong></span> <span class='ocrx_word' id='word_1_318' title='bbox 992 2117 1311 2174; x_wconf 90' lang='lat' dir='ltr'><strong>obscurum.</strong></span> <span class='ocrx_word' id='word_1_319' title='bbox 1342 2118 1478 2173; x_wconf 87' lang='lat' dir='ltr'><strong>Nam</strong></span> <span class='ocrx_word' id='word_1_320' title='bbox 1502 2119 1707 2175; x_wconf 84' lang='lat' dir='ltr'><strong>Abelus</strong></span> <span class='ocrx_word' id='word_1_321' title='bbox 1731 2126 1945 2172; x_wconf 88' lang='lat' dir='ltr'><strong>matura</strong></span> <span class='ocrx_word' id='word_1_322' title='bbox 1982 2109 2225 2167; x_wconf 88' lang='lat' dir='ltr'><strong>nondum</strong></span> <span class='ocrx_word' id='word_1_323' title='bbox 2257 2119 2417 2167; x_wconf 80' lang='lat' dir='ltr'><strong>aetate</strong></span> <span class='ocrx_word' id='word_1_324' title='bbox 2450 2114 2702 2170; x_wconf 87' lang='lat' dir='ltr'><strong>sublatus</strong></span> <span class='ocrx_word' id='word_1_325' title='bbox 2729 2123 2813 2169; x_wconf 90' lang='lat' dir='ltr'><strong>est</strong></span> <span class='ocrx_word' id='word_1_326' title='bbox 2840 2132 2871 2172; x_wconf 92' lang='lat' dir='ltr'><strong>e</strong></span> <span class='ocrx_word' id='word_1_327' title='bbox 2908 2118 3115 2175; x_wconf 88' lang='lat' dir='ltr'><strong>medio:</strong></span> <span class='ocrx_word' id='word_1_328' title='bbox 3150 2135 3325 2191; x_wconf 90' lang='lat' dir='ltr'><strong>neque</strong></span> <span class='ocrx_word' id='word_1_329' title='bbox 3391 2135 3454 2176; x_wconf 90' lang='lat' dir='ltr'><strong>se</strong></span> <span class='ocrx_word' id='word_1_330' title='bbox 3519 2134 3670 2173; x_wconf 79' lang='lat' dir='ltr'><strong>ma-</strong></span> 
     </span>
    </p>
   </div>
   <div class='ocr_carea' id='block_1_41' title="bbox 362 2215 1027 2284">
    <p class='ocr_par' dir='ltr' id='par_1_41' title="bbox 362 2215 1027 2284">
     <span class='ocr_line' id='line_1_41' title="bbox 362 2215 1027 2284; baseline 0 -14"><span class='ocrx_word' id='word_1_331' title='bbox 362 2216 619 2270; x_wconf 89' lang='lat' dir='ltr'><strong>trimonio</strong></span> <span class='ocrx_word' id='word_1_332' title='bbox 643 2215 1027 2284; x_wconf 72' lang='lat' dir='ltr'><strong>coniunxerat.</strong></span> 
     </span>
    </p>
   </div>
   <div class='ocr_carea' id='block_1_42' title="bbox 434 2309 1947 2382">
    <p class='ocr_par' dir='ltr' id='par_1_42' title="bbox 434 2309 1947 2382">
     <span class='ocr_line' id='line_1_42' title="bbox 434 2309 1947 2382; baseline 0 -18"><span class='ocrx_word' id='word_1_333' title='bbox 434 2310 521 2365; x_wconf 84' lang='lat' dir='ltr'><strong>Vl.</strong></span> <span class='ocrx_word' id='word_1_334' title='bbox 555 2309 784 2365; x_wconf 73' lang='lat' dir='ltr'><strong>Exstant</strong></span> <span class='ocrx_word' id='word_1_335' title='bbox 823 2312 877 2365; x_wconf 93' lang='lat' dir='ltr'><strong>in</strong></span> <span class='ocrx_word' id='word_1_336' title='bbox 911 2311 1178 2377; x_wconf 74' lang='lat' dir='ltr'><strong>Jubilzeis,</strong></span> <span class='ocrx_word' id='word_1_337' title='bbox 1213 2313 1303 2382; x_wconf 89' lang='lat' dir='ltr'><strong>qui</strong></span> <span class='ocrx_word' id='word_1_338' title='bbox 1336 2314 1473 2370; x_wconf 89' lang='lat' dir='ltr'><strong>liber</strong></span> <span class='ocrx_word' id='word_1_339' title='bbox 1507 2312 1735 2371; x_wconf 87' lang='lat' dir='ltr'><strong>Genesis</strong></span> <span class='ocrx_word' id='word_1_340' title='bbox 1774 2312 1947 2367; x_wconf 84' lang='lat' dir='ltr'><strong>Parva</strong></span> 
     </span>
    </p>
   </div>
   <div class='ocr_carea' id='block_1_43' title="bbox 2122 2291 3667 2376">
    <p class='ocr_par' dir='ltr' id='par_1_43' title="bbox 2122 2291 3667 2376">
     <span class='ocr_line' id='line_1_43' title="bbox 2122 2291 3667 2376; baseline 0 -18"><span class='ocrx_word' id='word_1_341' title='bbox 2122 2304 2214 2369; x_wconf 73' lang='grc' dir='ltr'><strong>εἷ’.</strong></span> <span class='ocrx_word' id='word_1_342' title='bbox 2263 2302 2352 2367; x_wconf 83' lang='grc' dir='ltr'><strong>Ὧς</strong></span> <span class='ocrx_word' id='word_1_343' title='bbox 2393 2303 2450 2357; x_wconf 84' lang='grc' dir='ltr'>δὲ</span> <span class='ocrx_word' id='word_1_344' title='bbox 2500 2304 2558 2359; x_wconf 82' lang='grc' dir='ltr'>ὲν</span> <span class='ocrx_word' id='word_1_345' title='bbox 2585 2306 2698 2368; x_wconf 85' lang='grc' dir='ltr'>τοῖς</span> <span class='ocrx_word' id='word_1_346' title='bbox 2722 2303 3055 2376; x_wconf 80' lang='grc' dir='ltr'>Ἰωϐηλαῑοις</span> <span class='ocrx_word' id='word_1_347' title='bbox 3080 2303 3411 2375; x_wconf 78' lang='grc' dir='ltr'>εὑρίσκεται,</span> <span class='ocrx_word' id='word_1_348' title='bbox 3441 2307 3509 2375; x_wconf 82' lang='grc' dir='ltr'>τῇ</span> <span class='ocrx_word' id='word_1_349' title='bbox 3546 2291 3667 2358; x_wconf 62' lang='grc' dir='ltr'>καὶ</span> 
     </span>
    </p>
   </div>
   <div class='ocr_carea' id='block_1_44' title="bbox 363 2394 1959 2475">
    <p class='ocr_par' dir='ltr' id='par_1_44' title="bbox 363 2402 1949 2475">
     <span class='ocr_line' id='line_1_44' title="bbox 363 2402 1949 2475; baseline 0.001 -19"><span class='ocrx_word' id='word_1_350' title='bbox 363 2403 583 2464; x_wconf 85' lang='lat' dir='ltr'><strong>dicitur,</strong></span> <span class='ocrx_word' id='word_1_351' title='bbox 622 2419 852 2457; x_wconf 83' lang='lat' dir='ltr'><strong>uxorum</strong></span> <span class='ocrx_word' id='word_1_352' title='bbox 908 2402 1065 2458; x_wconf 90' lang='lat' dir='ltr'><strong>Caini</strong></span> <span class='ocrx_word' id='word_1_353' title='bbox 1113 2402 1379 2474; x_wconf 87' lang='lat' dir='ltr'><strong>Sethique</strong></span> <span class='ocrx_word' id='word_1_354' title='bbox 1426 2407 1684 2472; x_wconf 90' lang='lat' dir='ltr'><strong>nomina,</strong></span> <span class='ocrx_word' id='word_1_355' title='bbox 1734 2413 1795 2460; x_wconf 92' lang='lat' dir='ltr'><strong>ut</strong></span> <span class='ocrx_word' id='word_1_356' title='bbox 1852 2403 1949 2475; x_wconf 90' lang='lat' dir='ltr'><strong>qui</strong></span> 
     </span>
    </p>
   </div>
   <div class='ocr_carea' id='block_1_45' title="bbox 2087 2394 3667 2475">
    <p class='ocr_par' dir='ltr' id='par_1_45' title="bbox 2087 2395 3667 2467">
     <span class='ocr_line' id='line_1_45' title="bbox 2087 2395 3667 2467; baseline 0.003 -20"><span class='ocrx_word' id='word_1_357' title='bbox 2087 2395 2444 2464; x_wconf 77' lang='grc' dir='ltr'>,επτογενέσει</span> <span class='ocrx_word' id='word_1_358' title='bbox 2475 2396 2808 2467; x_wconf 83' lang='grc' dir='ltr'><strong>καλουμένῃ,</strong></span> <span class='ocrx_word' id='word_1_359' title='bbox 2842 2398 2937 2450; x_wconf 77' lang='grc' dir='ltr'>καὶ</span> <span class='ocrx_word' id='word_1_360' title='bbox 2964 2396 3033 2450; x_wconf 85' lang='grc' dir='ltr'>τά</span> <span class='ocrx_word' id='word_1_361' title='bbox 3058 2396 3295 2467; x_wconf 85' lang='grc' dir='ltr'>ὀνόματα</span> <span class='ocrx_word' id='word_1_362' title='bbox 3322 2396 3429 2449; x_wconf 82' lang='grc' dir='ltr'><strong>τῶν</strong></span> <span class='ocrx_word' id='word_1_363' title='bbox 3452 2414 3667 2465; x_wconf 80' lang='grc' dir='ltr'>γυναι-</span> 
     </span>
    </p>
   </div>
   <div class='ocr_carea' id='block_1_46' title="bbox 366 2476 1959 2561">
    <p class='ocr_par' dir='ltr' id='par_1_46' title="bbox 366 2495 1951 2552">
     <span class='ocr_line' id='line_1_46' title="bbox 366 2495 1951 2552; baseline 0.001 -3"><span class='ocrx_word' id='word_1_364' title='bbox 366 2496 624 2550; x_wconf 84' lang='lat' dir='ltr'><strong>conﬁctas</strong></span> <span class='ocrx_word' id='word_1_365' title='bbox 672 2495 795 2551; x_wconf 91' lang='lat' dir='ltr'><strong>illas</strong></span> <span class='ocrx_word' id='word_1_366' title='bbox 828 2495 1041 2551; x_wconf 82' lang='lat' dir='ltr'><strong>fabulas</strong></span> <span class='ocrx_word' id='word_1_367' title='bbox 1084 2495 1140 2551; x_wconf 91' lang='lat' dir='ltr'><strong>in</strong></span> <span class='ocrx_word' id='word_1_368' title='bbox 1194 2497 1479 2552; x_wconf 84' lang='lat' dir='ltr'><strong>hominum</strong></span> <span class='ocrx_word' id='word_1_369' title='bbox 1523 2499 1692 2552; x_wconf 86' lang='lat' dir='ltr'><strong>vitam</strong></span> <span class='ocrx_word' id='word_1_370' title='bbox 1732 2498 1951 2552; x_wconf 81' lang='lat' dir='ltr'><strong>invexe-</strong></span> 
     </span>
    </p>
   </div>
   <div class='ocr_carea' id='block_1_47' title="bbox 2087 2476 3663 2561">
    <p class='ocr_par' dir='ltr' id='par_1_47' title="bbox 2087 2476 3663 2561">
     <span class='ocr_line' id='line_1_47' title="bbox 2087 2476 3663 2561; baseline 0.003 -20"><span class='ocrx_word' id='word_1_371' title='bbox 2087 2488 2161 2542; x_wconf 86' lang='grc' dir='ltr'>ὦν</span> <span class='ocrx_word' id='word_1_372' title='bbox 2190 2488 2282 2541; x_wconf 84' lang='grc' dir='ltr'>τοῦ</span> <span class='ocrx_word' id='word_1_373' title='bbox 2316 2506 2374 2542; x_wconf 84' lang='grc' dir='ltr'><strong>τε</strong></span> <span class='ocrx_word' id='word_1_374' title='bbox 2402 2476 2542 2543; x_wconf 79' lang='grc' dir='ltr'>Κάῖν</span> <span class='ocrx_word' id='word_1_375' title='bbox 2570 2489 2665 2542; x_wconf 82' lang='grc' dir='ltr'><strong>και</strong></span> <span class='ocrx_word' id='word_1_376' title='bbox 2694 2489 2788 2542; x_wconf 77' lang='grc' dir='ltr'><strong>τοῦ</strong></span> <span class='ocrx_word' id='word_1_377' title='bbox 2819 2489 2926 2561; x_wconf 85' lang='grc' dir='ltr'>Σὴθ</span> <span class='ocrx_word' id='word_1_378' title='bbox 2983 2490 3014 2561; x_wconf 81' lang='grc' dir='ltr'><strong>ἠ</strong></span> <span class='ocrx_word' id='word_1_379' title='bbox 3044 2489 3222 2561; x_wconf 79' lang='grc' dir='ltr'>βιδλος</span> <span class='ocrx_word' id='word_1_380' title='bbox 3249 2489 3527 2561; x_wconf 75' lang='grc' dir='ltr'>περιέχει·</span> <span class='ocrx_word' id='word_1_381' title='bbox 3553 2491 3663 2545; x_wconf 75' lang='grc' dir='ltr'><strong>ινα</strong></span> 
     </span>
    </p>
   </div>
   <div class='ocr_carea' id='block_1_48' title="bbox 366 2576 1959 2655">
    <p class='ocr_par' dir='ltr' id='par_1_48' title="bbox 366 2586 1949 2655">
     <span class='ocr_line' id='line_1_48' title="bbox 366 2586 1949 2655; baseline 0.003 -17"><span class='ocrx_word' id='word_1_382' title='bbox 366 2594 512 2651; x_wconf 87' lang='lat' dir='ltr'><strong>runt,</strong></span> <span class='ocrx_word' id='word_1_383' title='bbox 571 2586 778 2655; x_wconf 91' lang='lat' dir='ltr'><strong>pudore</strong></span> <span class='ocrx_word' id='word_1_384' title='bbox 826 2588 1053 2642; x_wconf 91' lang='lat' dir='ltr'><strong>omnino</strong></span> <span class='ocrx_word' id='word_1_385' title='bbox 1109 2587 1516 2644; x_wconf 70' lang='lat' dir='ltr'><strong>suﬁ‘undantur.</strong></span> <span class='ocrx_word' id='word_1_386' title='bbox 1563 2589 1776 2645; x_wconf 87' lang='lat' dir='ltr'><strong>Etenim</strong></span> <span class='ocrx_word' id='word_1_387' title='bbox 1822 2605 1949 2644; x_wconf 86' lang='lat' dir='ltr'><strong>cum</strong></span> 
     </span>
    </p>
   </div>
   <div class='ocr_carea' id='block_1_49' title="bbox 2087 2576 3663 2655">
    <p class='ocr_par' dir='ltr' id='par_1_49' title="bbox 2090 2576 3663 2654">
     <span class='ocr_line' id='line_1_49' title="bbox 2090 2576 3663 2654; baseline 0.001 -19"><span class='ocrx_word' id='word_1_388' title='bbox 2090 2581 2195 2635; x_wconf 86' lang='grc' dir='ltr'><strong>ατά</strong></span> <span class='ocrx_word' id='word_1_389' title='bbox 2242 2581 2421 2636; x_wconf 83' lang='grc' dir='ltr'>πάντα</span> <span class='ocrx_word' id='word_1_390' title='bbox 2462 2580 2663 2654; x_wconf 83' lang='grc' dir='ltr'>τρόπον</span> <span class='ocrx_word' id='word_1_391' title='bbox 2707 2576 2852 2636; x_wconf 74' lang='grc' dir='ltr'>οὗτοι</span> <span class='ocrx_word' id='word_1_392' title='bbox 2898 2582 3385 2653; x_wconf 80' lang='grc' dir='ltr'><strong>καταισχυνθῶσιν,</strong></span> <span class='ocrx_word' id='word_1_393' title='bbox 3417 2585 3467 2636; x_wconf 82' lang='grc' dir='ltr'>οἱ</span> <span class='ocrx_word' id='word_1_394' title='bbox 3511 2584 3663 2647; x_wconf 69' lang='grc' dir='ltr'>τοὺς</span> 
     </span>
    </p>
   </div>
   <div class='ocr_carea' id='block_1_50' title="bbox 367 2670 1959 2754">
    <p class='ocr_par' dir='ltr' id='par_1_50' title="bbox 367 2678 1953 2754">
     <span class='ocr_line' id='line_1_50' title="bbox 367 2678 1953 2754; baseline 0.003 -22"><span class='ocrx_word' id='word_1_395' title='bbox 367 2678 607 2734; x_wconf 87' lang='lat' dir='ltr'><strong>Adamus</strong></span> <span class='ocrx_word' id='word_1_396' title='bbox 658 2679 945 2749; x_wconf 87' lang='lat' dir='ltr'><strong>utriusque</strong></span> <span class='ocrx_word' id='word_1_397' title='bbox 981 2696 1145 2736; x_wconf 78' lang='lat' dir='ltr'><strong>sexus</strong></span> <span class='ocrx_word' id='word_1_398' title='bbox 1185 2681 1390 2737; x_wconf 83' lang='lat' dir='ltr'><strong>liberos</strong></span> <span class='ocrx_word' id='word_1_399' title='bbox 1441 2684 1797 2754; x_wconf 86' lang='lat' dir='ltr'><strong>suscepisset,</strong></span> <span class='ocrx_word' id='word_1_400' title='bbox 1854 2698 1953 2737; x_wconf 87' lang='lat' dir='ltr'><strong>ne-</strong></span> 
     </span>
    </p>
   </div>
   <div class='ocr_carea' id='block_1_51' title="bbox 2087 2670 3665 2754">
    <p class='ocr_par' dir='ltr' id='par_1_51' title="bbox 2087 2670 3665 2744">
     <span class='ocr_line' id='line_1_51' title="bbox 2087 2670 3665 2744; baseline 0.001 -20"><span class='ocrx_word' id='word_1_401' title='bbox 2087 2670 2263 2737; x_wconf 82' lang='grc' dir='ltr'>ιύθους</span> <span class='ocrx_word' id='word_1_402' title='bbox 2307 2672 2386 2744; x_wconf 81' lang='grc' dir='ltr'><strong>τῷ</strong></span> <span class='ocrx_word' id='word_1_403' title='bbox 2430 2671 2530 2743; x_wconf 84' lang='grc' dir='ltr'><strong>βίῳ</strong></span> <span class='ocrx_word' id='word_1_404' title='bbox 2561 2672 2999 2744; x_wconf 73' lang='grc' dir='ltr'>ῥαψῳδήσαντες.</span> <span class='ocrx_word' id='word_1_405' title='bbox 3030 2671 3136 2725; x_wconf 85' lang='grc' dir='ltr'><strong>Τοῦ</strong></span> <span class='ocrx_word' id='word_1_406' title='bbox 3168 2673 3276 2744; x_wconf 90' lang='grc' dir='ltr'><strong>γάρ</strong></span> <span class='ocrx_word' id='word_1_407' title='bbox 3306 2673 3485 2744; x_wconf 82' lang='grc' dir='ltr'>Ἀδάμ</span> <span class='ocrx_word' id='word_1_408' title='bbox 3514 2691 3665 2741; x_wconf 86' lang='grc' dir='ltr'>γεν-</span> 
     </span>
    </p>
   </div>
   <div class='ocr_carea' id='block_1_52' title="bbox 367 2764 1959 2842">
    <p class='ocr_par' dir='ltr' id='par_1_52' title="bbox 367 2770 1951 2842">
     <span class='ocr_line' id='line_1_52' title="bbox 367 2770 1951 2842; baseline 0.003 -19"><span class='ocrx_word' id='word_1_409' title='bbox 367 2785 520 2824; x_wconf 85' lang='lat' dir='ltr'><strong>cesse</strong></span> <span class='ocrx_word' id='word_1_410' title='bbox 548 2785 646 2839; x_wconf 91' lang='lat' dir='ltr'><strong>per</strong></span> <span class='ocrx_word' id='word_1_411' title='bbox 678 2770 767 2823; x_wconf 90' lang='lat' dir='ltr'><strong>illa</strong></span> <span class='ocrx_word' id='word_1_412' title='bbox 800 2778 1042 2842; x_wconf 85' lang='lat' dir='ltr'><strong>tempora</strong></span> <span class='ocrx_word' id='word_1_413' title='bbox 1073 2772 1195 2840; x_wconf 86' lang='lat' dir='ltr'><strong>fuit,</strong></span> <span class='ocrx_word' id='word_1_414' title='bbox 1236 2781 1295 2828; x_wconf 92' lang='lat' dir='ltr'><strong>ut</strong></span> <span class='ocrx_word' id='word_1_415' title='bbox 1328 2775 1421 2829; x_wconf 86' lang='lat' dir='ltr'><strong>lilii</strong></span> <span class='ocrx_word' id='word_1_416' title='bbox 1452 2775 1797 2830; x_wconf 87' lang='lat' dir='ltr'><strong>matrimonia</strong></span> <span class='ocrx_word' id='word_1_417' title='bbox 1826 2789 1951 2829; x_wconf 92' lang='lat' dir='ltr'><strong>cum</strong></span> 
     </span>
    </p>
   </div>
   <div class='ocr_carea' id='block_1_53' title="bbox 2087 2764 3663 2842">
    <p class='ocr_par' dir='ltr' id='par_1_53' title="bbox 2090 2764 3663 2840">
     <span class='ocr_line' id='line_1_53' title="bbox 2090 2764 3663 2840; baseline -0.001 -20"><span class='ocrx_word' id='word_1_418' title='bbox 2090 2768 2318 2840; x_wconf 83' lang='grc' dir='ltr'>ήσαντος</span> <span class='ocrx_word' id='word_1_419' title='bbox 2352 2767 2499 2830; x_wconf 75' lang='grc' dir='ltr'>υἱοὺς</span> <span class='ocrx_word' id='word_1_420' title='bbox 2527 2767 2621 2820; x_wconf 72' lang='grc' dir='ltr'><strong>καὶ</strong></span> <span class='ocrx_word' id='word_1_421' title='bbox 2663 2766 2993 2837; x_wconf 81' lang='grc' dir='ltr'><strong>θυγατέρας,</strong></span> <span class='ocrx_word' id='word_1_422' title='bbox 3025 2764 3239 2835; x_wconf 78' lang='grc' dir='ltr'><strong>ἀνάγκη</strong></span> <span class='ocrx_word' id='word_1_423' title='bbox 3284 2766 3475 2834; x_wconf 85' lang='grc' dir='ltr'>γέγονε</span> <span class='ocrx_word' id='word_1_424' title='bbox 3518 2767 3663 2820; x_wconf 80' lang='grc' dir='ltr'>κατ’</span> 
     </span>
    </p>
   </div>
   <div class='ocr_carea' id='block_1_54' title="bbox 367 2856 1959 2938">
    <p class='ocr_par' dir='ltr' id='par_1_54' title="bbox 367 2861 1951 2938">
     <span class='ocr_line' id='line_1_54' title="bbox 367 2861 1951 2938; baseline 0.005 -23"><span class='ocrx_word' id='word_1_425' title='bbox 367 2861 648 2915; x_wconf 63' lang='lat' dir='ltr'><strong>sororiLus</strong></span> <span class='ocrx_word' id='word_1_426' title='bbox 676 2862 895 2917; x_wconf 89' lang='lat' dir='ltr'><strong>inirent.</strong></span> <span class='ocrx_word' id='word_1_427' title='bbox 933 2861 1119 2933; x_wconf 84' lang='lat' dir='ltr'><strong>Neque</strong></span> <span class='ocrx_word' id='word_1_428' title='bbox 1153 2864 1207 2918; x_wconf 90' lang='lat' dir='ltr'><strong>id</strong></span> <span class='ocrx_word' id='word_1_429' title='bbox 1237 2873 1355 2919; x_wconf 88' lang='lat' dir='ltr'><strong>erat</strong></span> <span class='ocrx_word' id='word_1_430' title='bbox 1395 2867 1748 2921; x_wconf 88' lang='lat' dir='ltr'><strong>interdictum</strong></span> <span class='ocrx_word' id='word_1_431' title='bbox 1776 2886 1789 2922; x_wconf 90' lang='lat'><strong>:</strong></span> <span class='ocrx_word' id='word_1_432' title='bbox 1823 2882 1951 2938; x_wconf 91' lang='lat' dir='ltr'><strong>pro-</strong></span> 
     </span>
    </p>
   </div>
   <div class='ocr_carea' id='block_1_55' title="bbox 2087 2856 3667 2938">
    <p class='ocr_par' dir='ltr' id='par_1_55' title="bbox 2090 2856 3667 2928">
     <span class='ocr_line' id='line_1_55' title="bbox 2090 2856 3667 2928; baseline -0.001 -16"><span class='ocrx_word' id='word_1_433' title='bbox 2090 2860 2234 2912; x_wconf 87' lang='grc' dir='ltr'>κεῖνο</span> <span class='ocrx_word' id='word_1_434' title='bbox 2268 2857 2460 2928; x_wconf 78' lang='grc' dir='ltr'>καιροῦ</span> <span class='ocrx_word' id='word_1_435' title='bbox 2497 2856 2753 2926; x_wconf 85' lang='grc' dir='ltr'><strong>ἀδελφαῖς</strong></span> <span class='ocrx_word' id='word_1_436' title='bbox 2789 2859 2907 2921; x_wconf 85' lang='grc' dir='ltr'>ταῖς</span> <span class='ocrx_word' id='word_1_437' title='bbox 2950 2857 3109 2920; x_wconf 71' lang='grc' dir='ltr'>ιδίαις</span> <span class='ocrx_word' id='word_1_438' title='bbox 3143 2856 3479 2928; x_wconf 68' lang='grc' dir='ltr'>ωναφθῆναι</span> <span class='ocrx_word' id='word_1_439' title='bbox 3517 2857 3667 2919; x_wconf 71' lang='grc' dir='ltr'>τοὺς</span> 
     </span>
    </p>
   </div>
   <div class='ocr_carea' id='block_1_56' title="bbox 370 2944 1959 3024">
    <p class='ocr_par' dir='ltr' id='par_1_56' title="bbox 370 2954 1950 3024">
     <span class='ocr_line' id='line_1_56' title="bbox 370 2954 1950 3024; baseline 0.006 -20"><span class='ocrx_word' id='word_1_440' title='bbox 370 2961 549 3021; x_wconf 77' lang='lat' dir='ltr'><strong>pterea</strong></span> <span class='ocrx_word' id='word_1_441' title='bbox 592 2954 735 3023; x_wconf 91' lang='lat' dir='ltr'><strong>quod</strong></span> <span class='ocrx_word' id='word_1_442' title='bbox 790 2970 961 3024; x_wconf 86' lang='lat' dir='ltr'><strong>genus</strong></span> <span class='ocrx_word' id='word_1_443' title='bbox 1007 2956 1155 3011; x_wconf 83' lang='lat' dir='ltr'><strong>aliud</strong></span> <span class='ocrx_word' id='word_1_444' title='bbox 1206 2965 1326 3012; x_wconf 85' lang='lat' dir='ltr'><strong>erat</strong></span> <span class='ocrx_word' id='word_1_445' title='bbox 1378 2958 1661 3014; x_wconf 87' lang='lat' dir='ltr'><strong>hominum</strong></span> <span class='ocrx_word' id='word_1_446' title='bbox 1718 2962 1950 3015; x_wconf 90' lang='lat' dir='ltr'><strong>nullum.</strong></span> 
     </span>
    </p>
   </div>
   <div class='ocr_carea' id='block_1_57' title="bbox 2087 2944 3664 3024">
    <p class='ocr_par' dir='ltr' id='par_1_57' title="bbox 2087 2944 3664 3020">
     <span class='ocr_line' id='line_1_57' title="bbox 2087 2944 3664 3020; baseline -0.003 -17"><span class='ocrx_word' id='word_1_447' title='bbox 2087 2949 2275 3013; x_wconf 65' lang='grc' dir='ltr'>παῖδας.</span> <span class='ocrx_word' id='word_1_448' title='bbox 2311 2951 2383 3003; x_wconf 89' lang='grc' dir='ltr'>Ού</span> <span class='ocrx_word' id='word_1_449' title='bbox 2417 2948 2524 3020; x_wconf 86' lang='grc' dir='ltr'>γὰρ</span> <span class='ocrx_word' id='word_1_450' title='bbox 2553 2944 2621 3020; x_wconf 82' lang='grc' dir='ltr'>ἦν</span> <span class='ocrx_word' id='word_1_451' title='bbox 2647 2947 2960 3020; x_wconf 82' lang='grc' dir='ltr'>παράνομον</span> <span class='ocrx_word' id='word_1_452' title='bbox 2986 2948 3047 3001; x_wconf 86' lang='grc' dir='ltr'>τὺ</span> <span class='ocrx_word' id='word_1_453' title='bbox 3074 2947 3314 3001; x_wconf 81' lang='grc' dir='ltr'>τοιοῦτον</span> <span class='ocrx_word' id='word_1_454' title='bbox 3340 2964 3354 2978; x_wconf 77' lang='grc' dir='ltr'><strong><em>ο</em></strong></span> <span class='ocrx_word' id='word_1_455' title='bbox 3386 2948 3509 3001; x_wconf 71' lang='grc' dir='ltr'>ἐπεὶ</span> <span class='ocrx_word' id='word_1_456' title='bbox 3536 2966 3664 3019; x_wconf 74' lang='grc' dir='ltr'>μη-</span> 
     </span>
    </p>
   </div>
   <div class='ocr_carea' id='block_1_58' title="bbox 369 3022 1959 3116">
    <p class='ocr_par' dir='ltr' id='par_1_58' title="bbox 369 3022 1955 3116">
     <span class='ocr_line' id='line_1_58' title="bbox 369 3022 1955 3116; baseline 0.005 -19"><span class='ocrx_word' id='word_1_457' title='bbox 369 3022 697 3110; x_wconf 84' lang='lat' dir='ltr'><strong>Quinetiam</strong></span> <span class='ocrx_word' id='word_1_458' title='bbox 721 3022 963 3101; x_wconf 75' lang='lat' dir='ltr'><strong>Adamus</strong></span> <span class='ocrx_word' id='word_1_459' title='bbox 986 3046 1103 3116; x_wconf 89' lang='lat' dir='ltr'><strong>ipse</strong></span> <span class='ocrx_word' id='word_1_460' title='bbox 1120 3063 1243 3102; x_wconf 92' lang='lat' dir='ltr'><strong>cum</strong></span> <span class='ocrx_word' id='word_1_461' title='bbox 1277 3064 1397 3116; x_wconf 88' lang='lat' dir='ltr'><strong>sua,</strong></span> <span class='ocrx_word' id='word_1_462' title='bbox 1435 3058 1494 3103; x_wconf 90' lang='lat' dir='ltr'><strong>ut</strong></span> <span class='ocrx_word' id='word_1_463' title='bbox 1525 3051 1597 3105; x_wconf 88' lang='lat' dir='ltr'><strong>ita</strong></span> <span class='ocrx_word' id='word_1_464' title='bbox 1622 3051 1823 3115; x_wconf 91' lang='lat' dir='ltr'><strong>dicam,</strong></span> <span class='ocrx_word' id='word_1_465' title='bbox 1851 3051 1955 3106; x_wconf 86' lang='lat' dir='ltr'><strong>ﬁlia</strong></span> 
     </span>
    </p>
   </div>
   <div class='ocr_carea' id='block_1_59' title="bbox 2087 3022 3665 3116">
    <p class='ocr_par' dir='ltr' id='par_1_59' title="bbox 2090 3037 3665 3114">
     <span class='ocr_line' id='line_1_59' title="bbox 2090 3037 3665 3114; baseline -0.003 -18"><span class='ocrx_word' id='word_1_466' title='bbox 2090 3044 2146 3096; x_wconf 82' lang='grc' dir='ltr'>ὲν</span> <span class='ocrx_word' id='word_1_467' title='bbox 2171 3044 2356 3114; x_wconf 77' lang='grc' dir='ltr'>ἕτερον</span> <span class='ocrx_word' id='word_1_468' title='bbox 2384 3043 2539 3110; x_wconf 82' lang='grc' dir='ltr'>γένος</span> <span class='ocrx_word' id='word_1_469' title='bbox 2564 3037 2652 3112; x_wconf 80' lang='grc' dir='ltr'>ἦν.</span> <span class='ocrx_word' id='word_1_470' title='bbox 2678 3042 2787 3096; x_wconf 76' lang='grc' dir='ltr'><strong>Καὶ</strong></span> <span class='ocrx_word' id='word_1_471' title='bbox 2823 3041 2932 3111; x_wconf 82' lang='grc' dir='ltr'>γὰρ</span> <span class='ocrx_word' id='word_1_472' title='bbox 2963 3041 3055 3094; x_wconf 71' lang='grc' dir='ltr'><strong>καὶ</strong></span> <span class='ocrx_word' id='word_1_473' title='bbox 3084 3040 3265 3104; x_wconf 72' lang='grc' dir='ltr'>αὐτὸς,</span> <span class='ocrx_word' id='word_1_474' title='bbox 3293 3041 3368 3103; x_wconf 81' lang='grc' dir='ltr'><strong>ὡς</strong></span> <span class='ocrx_word' id='word_1_475' title='bbox 3401 3040 3533 3103; x_wconf 78' lang='grc' dir='ltr'>ἔπος</span> <span class='ocrx_word' id='word_1_476' title='bbox 3568 3041 3665 3092; x_wconf 46' lang='grc' dir='ltr'><strong>εἰ*</strong></span> 
     </span>
    </p>
   </div>
   <div class='ocr_carea' id='block_1_60' title="bbox 370 3130 1959 3215">
    <p class='ocr_par' dir='ltr' id='par_1_60' title="bbox 370 3138 1958 3215">
     <span class='ocr_line' id='line_1_60' title="bbox 370 3138 1958 3215; baseline 0.006 -22"><span class='ocrx_word' id='word_1_477' title='bbox 370 3138 624 3208; x_wconf 82' lang='lat' dir='ltr'><strong>conjugio</strong></span> <span class='ocrx_word' id='word_1_478' title='bbox 659 3139 902 3195; x_wconf 86' lang='lat' dir='ltr'><strong>sociatus</strong></span> <span class='ocrx_word' id='word_1_479' title='bbox 948 3148 1051 3204; x_wconf 91' lang='lat' dir='ltr'><strong>est,</strong></span> <span class='ocrx_word' id='word_1_480' title='bbox 1081 3157 1243 3211; x_wconf 89' lang='lat' dir='ltr'><strong>quam</strong></span> <span class='ocrx_word' id='word_1_481' title='bbox 1285 3143 1353 3198; x_wconf 93' lang='lat' dir='ltr'><strong>de</strong></span> <span class='ocrx_word' id='word_1_482' title='bbox 1385 3144 1505 3213; x_wconf 83' lang='lat' dir='ltr'><strong>ejus</strong></span> <span class='ocrx_word' id='word_1_483' title='bbox 1550 3160 1781 3215; x_wconf 91' lang='lat' dir='ltr'><strong>corpore</strong></span> <span class='ocrx_word' id='word_1_484' title='bbox 1816 3145 1958 3203; x_wconf 88' lang='lat' dir='ltr'><strong>Deus</strong></span> 
     </span>
    </p>
   </div>
   <div class='ocr_carea' id='block_1_61' title="bbox 2087 3130 3666 3215">
    <p class='ocr_par' dir='ltr' id='par_1_61' title="bbox 2087 3130 3666 3206">
     <span class='ocr_line' id='line_1_61' title="bbox 2087 3130 3666 3206; baseline -0.003 -16"><span class='ocrx_word' id='word_1_485' title='bbox 2087 3138 2207 3199; x_wconf 72' lang='grc' dir='ltr'>πεῖν,</span> <span class='ocrx_word' id='word_1_486' title='bbox 2237 3137 2265 3189; x_wconf 88' lang='grc' dir='ltr'>ὁ</span> <span class='ocrx_word' id='word_1_487' title='bbox 2307 3134 2480 3205; x_wconf 78' lang='grc' dir='ltr'>Ἀδὰμ</span> <span class='ocrx_word' id='word_1_488' title='bbox 2504 3136 2570 3205; x_wconf 79' lang='grc' dir='ltr'>τῇ</span> <span class='ocrx_word' id='word_1_489' title='bbox 2604 3133 2709 3206; x_wconf 75' lang='grc' dir='ltr'>ἰδίᾳ</span> <span class='ocrx_word' id='word_1_490' title='bbox 2742 3132 2972 3203; x_wconf 81' lang='grc' dir='ltr'>θυγατρὶ</span> <span class='ocrx_word' id='word_1_491' title='bbox 3001 3132 3186 3203; x_wconf 84' lang='grc' dir='ltr'>σχεδὸν</span> <span class='ocrx_word' id='word_1_492' title='bbox 3215 3134 3281 3204; x_wconf 80' lang='grc' dir='ltr'>τῇ</span> <span class='ocrx_word' id='word_1_493' title='bbox 3311 3133 3375 3185; x_wconf 80' lang='grc' dir='ltr'>ὲκ</span> <span class='ocrx_word' id='word_1_494' title='bbox 3410 3131 3505 3185; x_wconf 82' lang='grc' dir='ltr'>τοῦ</span> <span class='ocrx_word' id='word_1_495' title='bbox 3539 3130 3666 3185; x_wconf 81' lang='grc' dir='ltr'><strong>σώ-</strong></span> 
     </span>
    </p>
   </div>
   <div class='ocr_carea' id='block_1_62' title="bbox 371 3221 1959 3298">
    <p class='ocr_par' dir='ltr' id='par_1_62' title="bbox 371 3228 1959 3292">
     <span class='ocr_line' id='line_1_62' title="bbox 371 3228 1959 3292; baseline 0.006 -10"><span class='ocrx_word' id='word_1_496' title='bbox 371 3228 651 3285; x_wconf 81' lang='lat' dir='ltr'><strong>eﬁinxerat</strong></span> <span class='ocrx_word' id='word_1_497' title='bbox 685 3250 698 3285; x_wconf 91' lang='lat'>:</span> <span class='ocrx_word' id='word_1_498' title='bbox 738 3228 891 3285; x_wconf 77' lang='lat' dir='ltr'><strong>nefas</strong></span> <span class='ocrx_word' id='word_1_499' title='bbox 921 3231 1065 3285; x_wconf 90' lang='lat' dir='ltr'><strong>enim</strong></span> <span class='ocrx_word' id='word_1_500' title='bbox 1114 3231 1245 3286; x_wconf 89' lang='lat' dir='ltr'><strong>illud</strong></span> <span class='ocrx_word' id='word_1_501' title='bbox 1294 3248 1403 3287; x_wconf 93' lang='lat' dir='ltr'><strong>non</strong></span> <span class='ocrx_word' id='word_1_502' title='bbox 1448 3242 1584 3289; x_wconf 87' lang='lat' dir='ltr'><strong>erat.</strong></span> <span class='ocrx_word' id='word_1_503' title='bbox 1618 3234 1685 3288; x_wconf 82' lang='lat' dir='ltr'><strong>Et</strong></span> <span class='ocrx_word' id='word_1_504' title='bbox 1712 3251 1778 3291; x_wconf 75' lang='lat' dir='ltr'><strong>ex</strong></span> <span class='ocrx_word' id='word_1_505' title='bbox 1812 3236 1959 3292; x_wconf 84' lang='lat' dir='ltr'><strong>illius</strong></span> 
     </span>
    </p>
   </div>
   <div class='ocr_carea' id='block_1_63' title="bbox 2087 3221 3667 3298">
    <p class='ocr_par' dir='ltr' id='par_1_63' title="bbox 2087 3221 3667 3294">
     <span class='ocr_line' id='line_1_63' title="bbox 2087 3221 3667 3294; baseline -0.003 -15"><span class='ocrx_word' id='word_1_506' title='bbox 2087 3244 2232 3290; x_wconf 87' lang='grc' dir='ltr'>ιατος</span> <span class='ocrx_word' id='word_1_507' title='bbox 2256 3225 2421 3280; x_wconf 80' lang='grc' dir='ltr'>αὑτοῦ</span> <span class='ocrx_word' id='word_1_508' title='bbox 2467 3223 2767 3294; x_wconf 76' lang='grc' dir='ltr'>πλασθείσῃ</span> <span class='ocrx_word' id='word_1_509' title='bbox 2795 3222 3060 3293; x_wconf 81' lang='grc' dir='ltr'>συνήφθη,</span> <span class='ocrx_word' id='word_1_510' title='bbox 3092 3222 3231 3277; x_wconf 89' lang='grc' dir='ltr'><strong>κατά</strong></span> <span class='ocrx_word' id='word_1_511' title='bbox 3258 3221 3521 3291; x_wconf 70' lang='grc' dir='ltr'>συζυγίαν</span> <span class='ocrx_word' id='word_1_512' title='bbox 3550 3222 3667 3275; x_wconf 82' lang='grc' dir='ltr'><strong>αὒ-</strong></span> 
     </span>
    </p>
   </div>
   <div class='ocr_carea' id='block_1_64' title="bbox 372 3310 1959 3394">
    <p class='ocr_par' dir='ltr' id='par_1_64' title="bbox 372 3321 1959 3394">
     <span class='ocr_line' id='line_1_64' title="bbox 372 3321 1959 3394; baseline 0.006 -19"><span class='ocrx_word' id='word_1_513' title='bbox 372 3321 580 3386; x_wconf 88' lang='lat' dir='ltr'><strong>liberis,</strong></span> <span class='ocrx_word' id='word_1_514' title='bbox 611 3323 812 3377; x_wconf 87' lang='lat' dir='ltr'><strong>Cainus</strong></span> <span class='ocrx_word' id='word_1_515' title='bbox 839 3338 1080 3379; x_wconf 89' lang='lat' dir='ltr'><strong>sororem</strong></span> <span class='ocrx_word' id='word_1_516' title='bbox 1106 3336 1237 3379; x_wconf 86' lang='lat' dir='ltr'><strong>natu</strong></span> <span class='ocrx_word' id='word_1_517' title='bbox 1266 3326 1528 3394; x_wconf 85' lang='lat' dir='ltr'><strong>majorem</strong></span> <span class='ocrx_word' id='word_1_518' title='bbox 1563 3327 1738 3394; x_wconf 82' lang='lat' dir='ltr'><strong>duxit,</strong></span> <span class='ocrx_word' id='word_1_519' title='bbox 1765 3327 1959 3384; x_wconf 83' lang='lat' dir='ltr'><strong>Savem</strong></span> 
     </span>
    </p>
   </div>
   <div class='ocr_carea' id='block_1_65' title="bbox 2087 3310 3669 3394">
    <p class='ocr_par' dir='ltr' id='par_1_65' title="bbox 2087 3310 3669 3390">
     <span class='ocr_line' id='line_1_65' title="bbox 2087 3310 3669 3390; baseline 0.003 -24"><span class='ocrx_word' id='word_1_520' title='bbox 2087 3318 2141 3390; x_wconf 76' lang='grc' dir='ltr'><strong>τῷ</strong></span> <span class='ocrx_word' id='word_1_521' title='bbox 2170 3321 2233 3371; x_wconf 83' lang='grc' dir='ltr'>ἐκ</span> <span class='ocrx_word' id='word_1_522' title='bbox 2259 3317 2394 3372; x_wconf 73' lang='grc' dir='ltr'>Θεοῦ</span> <span class='ocrx_word' id='word_1_523' title='bbox 2432 3315 2811 3387; x_wconf 79' lang='grc' dir='ltr'>πεπλασμένῃ,</span> <span class='ocrx_word' id='word_1_524' title='bbox 2843 3315 2935 3369; x_wconf 73' lang='grc' dir='ltr'><strong>καὶ</strong></span> <span class='ocrx_word' id='word_1_525' title='bbox 2963 3316 3063 3369; x_wconf 78' lang='grc' dir='ltr'>οὐκ</span> <span class='ocrx_word' id='word_1_526' title='bbox 3101 3310 3171 3385; x_wconf 84' lang='grc' dir='ltr'>ἦν</span> <span class='ocrx_word' id='word_1_527' title='bbox 3214 3315 3530 3387; x_wconf 73' lang='grc' dir='ltr'>παράνομον</span> <span class='ocrx_word' id='word_1_528' title='bbox 3550 3335 3563 3345; x_wconf 90' lang='grc'><strong>·</strong></span> <span class='ocrx_word' id='word_1_529' title='bbox 3601 3319 3669 3371; x_wconf 75' lang='grc' dir='ltr'>οἳ</span> 
     </span>
    </p>
   </div>
   <div class='ocr_carea' id='block_1_66' title="bbox 374 3408 1959 3491">
    <p class='ocr_par' dir='ltr' id='par_1_66' title="bbox 374 3413 1959 3491">
     <span class='ocr_line' id='line_1_66' title="bbox 374 3413 1959 3491; baseline 0.004 -23"><span class='ocrx_word' id='word_1_530' title='bbox 374 3414 613 3469; x_wconf 89' lang='lat' dir='ltr'><strong>nomine.</strong></span> <span class='ocrx_word' id='word_1_531' title='bbox 649 3413 853 3471; x_wconf 89' lang='lat' dir='ltr'><strong>Scthus</strong></span> <span class='ocrx_word' id='word_1_532' title='bbox 896 3430 1059 3486; x_wconf 90' lang='lat' dir='ltr'><strong>porro</strong></span> <span class='ocrx_word' id='word_1_533' title='bbox 1096 3415 1287 3471; x_wconf 83' lang='lat' dir='ltr'><strong>Adami</strong></span> <span class='ocrx_word' id='word_1_534' title='bbox 1338 3417 1571 3473; x_wconf 90' lang='lat' dir='ltr'><strong>ﬁliorum</strong></span> <span class='ocrx_word' id='word_1_535' title='bbox 1607 3421 1803 3475; x_wconf 89' lang='lat' dir='ltr'><strong>tertius</strong></span> <span class='ocrx_word' id='word_1_536' title='bbox 1840 3428 1959 3491; x_wconf 85' lang='lat' dir='ltr'><strong>post</strong></span> 
     </span>
    </p>
   </div>
   <div class='ocr_carea' id='block_1_67' title="bbox 2087 3408 3663 3491">
    <p class='ocr_par' dir='ltr' id='par_1_67' title="bbox 2087 3408 3663 3482">
     <span class='ocr_line' id='line_1_67' title="bbox 2087 3408 3663 3482; baseline -0.001 -17"><span class='ocrx_word' id='word_1_537' title='bbox 2087 3430 2121 3465; x_wconf 79' lang='grc' dir='ltr'>τε</span> <span class='ocrx_word' id='word_1_538' title='bbox 2149 3412 2342 3469; x_wconf 74' lang='grc' dir='ltr'>τούτου</span> <span class='ocrx_word' id='word_1_539' title='bbox 2369 3411 2478 3464; x_wconf 71' lang='grc' dir='ltr'>υἱοὶ</span> <span class='ocrx_word' id='word_1_540' title='bbox 2507 3409 2856 3480; x_wconf 85' lang='grc' dir='ltr'>συνήφθησαν</span> <span class='ocrx_word' id='word_1_541' title='bbox 2880 3409 2908 3460; x_wconf 87' lang='grc' dir='ltr'>ὁ</span> <span class='ocrx_word' id='word_1_542' title='bbox 2948 3408 3044 3480; x_wconf 81' lang='grc' dir='ltr'><strong>μὲν</strong></span> <span class='ocrx_word' id='word_1_543' title='bbox 3077 3409 3224 3462; x_wconf 62' lang='lat' dir='ltr'><strong>xm.</strong></span> <span class='ocrx_word' id='word_1_544' title='bbox 3253 3412 3318 3479; x_wconf 84' lang='grc' dir='ltr'>τῇ</span> <span class='ocrx_word' id='word_1_545' title='bbox 3345 3409 3550 3482; x_wconf 63' lang='grc' dir='ltr'>ἀδελφῇ</span> <span class='ocrx_word' id='word_1_546' title='bbox 3584 3414 3663 3482; x_wconf 81' lang='grc' dir='ltr'>τῇ</span> 
     </span>
    </p>
   </div>
   <div class='ocr_carea' id='block_1_68' title="bbox 314 3504 1964 3580">
    <p class='ocr_par' dir='ltr' id='par_1_68' title="bbox 314 3504 1964 3580">
     <span class='ocr_line' id='line_1_68' title="bbox 314 3504 1964 3580; baseline 0.005 -21"><span class='ocrx_word' id='word_1_547' title='bbox 314 3552 321 3559; x_wconf 93' lang='grc'><strong>.</strong></span> <span class='ocrx_word' id='word_1_548' title='bbox 375 3504 605 3558; x_wconf 83' lang='lat' dir='ltr'><strong>Abelum</strong></span> <span class='ocrx_word' id='word_1_549' title='bbox 638 3506 852 3574; x_wconf 84' lang='lat' dir='ltr'><strong>genitus</strong></span> <span class='ocrx_word' id='word_1_550' title='bbox 884 3522 1007 3560; x_wconf 92' lang='lat' dir='ltr'><strong>cum</strong></span> <span class='ocrx_word' id='word_1_551' title='bbox 1054 3507 1156 3560; x_wconf 89' lang='lat' dir='ltr'><strong>alia</strong></span> <span class='ocrx_word' id='word_1_552' title='bbox 1189 3523 1378 3563; x_wconf 91' lang='lat' dir='ltr'><strong>sorore</strong></span> <span class='ocrx_word' id='word_1_553' title='bbox 1418 3510 1598 3565; x_wconf 84' lang='lat' dir='ltr'><strong>Azura</strong></span> <span class='ocrx_word' id='word_1_554' title='bbox 1636 3511 1964 3580; x_wconf 90' lang='lat' dir='ltr'><strong>conjunctus</strong></span> 
     </span>
    </p>
   </div>
   <div class='ocr_carea' id='block_1_69' title="bbox 377 3593 1966 3665">
    <p class='ocr_par' dir='ltr' id='par_1_69' title="bbox 377 3593 1966 3665">
     <span class='ocr_line' id='line_1_69' title="bbox 377 3593 1966 3665; baseline 0.005 -16"><span class='ocrx_word' id='word_1_555' title='bbox 377 3605 481 3650; x_wconf 87' lang='lat' dir='ltr'><strong>est.</strong></span> <span class='ocrx_word' id='word_1_556' title='bbox 523 3593 766 3651; x_wconf 90' lang='lat' dir='ltr'><strong>Fuerunt</strong></span> <span class='ocrx_word' id='word_1_557' title='bbox 791 3605 845 3651; x_wconf 87' lang='lat' dir='ltr'><strong>et</strong></span> <span class='ocrx_word' id='word_1_558' title='bbox 878 3598 968 3652; x_wconf 90' lang='lat' dir='ltr'><strong>alii</strong></span> <span class='ocrx_word' id='word_1_559' title='bbox 1014 3598 1226 3653; x_wconf 85' lang='lat' dir='ltr'><strong>Adamo</strong></span> <span class='ocrx_word' id='word_1_560' title='bbox 1260 3599 1439 3665; x_wconf 82' lang='lat' dir='ltr'><strong>liberi,</strong></span> <span class='ocrx_word' id='word_1_561' title='bbox 1468 3612 1525 3656; x_wconf 89' lang='lat' dir='ltr'><strong>ut</strong></span> <span class='ocrx_word' id='word_1_562' title='bbox 1564 3603 1618 3657; x_wconf 93' lang='lat' dir='ltr'><strong>in</strong></span> <span class='ocrx_word' id='word_1_563' title='bbox 1668 3603 1840 3658; x_wconf 87' lang='lat' dir='ltr'><strong>Parva</strong></span> <span class='ocrx_word' id='word_1_564' title='bbox 1875 3604 1966 3658; x_wconf 68' lang='lat' dir='ltr'><strong>ﬁla</strong></span> 
     </span>
    </p>
   </div>
   <div class='ocr_carea' id='block_1_70' title="bbox 381 3686 1967 3759">
    <p class='ocr_par' dir='ltr' id='par_1_70' title="bbox 381 3686 1967 3759">
     <span class='ocr_line' id='line_1_70' title="bbox 381 3686 1967 3759; baseline 0.006 -18"><span class='ocrx_word' id='word_1_565' title='bbox 381 3686 578 3742; x_wconf 82' lang='lat' dir='ltr'><strong>Genesi</strong></span> <span class='ocrx_word' id='word_1_566' title='bbox 644 3690 914 3759; x_wconf 88' lang='lat' dir='ltr'><strong>scriptum</strong></span> <span class='ocrx_word' id='word_1_567' title='bbox 977 3697 1084 3756; x_wconf 88' lang='lat' dir='ltr'><strong>est,</strong></span> <span class='ocrx_word' id='word_1_568' title='bbox 1141 3706 1335 3746; x_wconf 84' lang='lat' dir='ltr'><strong>novem</strong></span> <span class='ocrx_word' id='word_1_569' title='bbox 1398 3694 1609 3749; x_wconf 84' lang='lat' dir='ltr'><strong>scilicet</strong></span> <span class='ocrx_word' id='word_1_570' title='bbox 1667 3696 1967 3751; x_wconf 85' lang='lat' dir='ltr'><strong>secundum</strong></span> 
     </span>
    </p>
   </div>
   <div class='ocr_carea' id='block_1_71' title="bbox 381 3779 1971 3851">
    <p class='ocr_par' dir='ltr' id='par_1_71' title="bbox 381 3779 1971 3851">
     <span class='ocr_line' id='line_1_71' title="bbox 381 3779 1971 3851; baseline 0.008 -20"><span class='ocrx_word' id='word_1_571' title='bbox 381 3779 593 3848; x_wconf 79' lang='lat' dir='ltr'><strong>priores</strong></span> <span class='ocrx_word' id='word_1_572' title='bbox 620 3780 739 3835; x_wconf 90' lang='lat' dir='ltr'><strong>illos</strong></span> <span class='ocrx_word' id='word_1_573' title='bbox 763 3788 896 3845; x_wconf 85' lang='lat' dir='ltr'><strong>tres,</strong></span> <span class='ocrx_word' id='word_1_574' title='bbox 927 3789 986 3836; x_wconf 92' lang='lat' dir='ltr'><strong>ut</strong></span> <span class='ocrx_word' id='word_1_575' title='bbox 1017 3782 1073 3837; x_wconf 87' lang='lat' dir='ltr'><strong>in</strong></span> <span class='ocrx_word' id='word_1_576' title='bbox 1099 3792 1275 3837; x_wconf 89' lang='lat' dir='ltr'><strong>totum</strong></span> <span class='ocrx_word' id='word_1_577' title='bbox 1300 3783 1439 3842; x_wconf 91' lang='lat' dir='ltr'><strong>ﬁlias</strong></span> <span class='ocrx_word' id='word_1_578' title='bbox 1458 3785 1618 3851; x_wconf 88' lang='lat' dir='ltr'><strong>duas,</strong></span> <span class='ocrx_word' id='word_1_579' title='bbox 1638 3803 1818 3844; x_wconf 87' lang='lat' dir='ltr'><strong>mares</strong></span> <span class='ocrx_word' id='word_1_580' title='bbox 1842 3788 1971 3843; x_wconf 83' lang='lat' dir='ltr'><strong>duo-</strong></span> 
     </span>
    </p>
   </div>
   <div class='ocr_carea' id='block_1_72' title="bbox 383 3871 1970 3945">
    <p class='ocr_par' dir='ltr' id='par_1_72' title="bbox 383 3871 1970 3945">
     <span class='ocr_line' id='line_1_72' title="bbox 383 3871 1970 3945; baseline 0.004 -20"><span class='ocrx_word' id='word_1_581' title='bbox 383 3871 560 3926; x_wconf 85' lang='lat' dir='ltr'><strong>decim</strong></span> <span class='ocrx_word' id='word_1_582' title='bbox 596 3873 929 3943; x_wconf 90' lang='lat' dir='ltr'><strong>susceperit;</strong></span> <span class='ocrx_word' id='word_1_583' title='bbox 962 3889 993 3928; x_wconf 94' lang='lat' dir='ltr'><strong>e</strong></span> <span class='ocrx_word' id='word_1_584' title='bbox 1025 3875 1227 3945; x_wconf 87' lang='lat' dir='ltr'><strong>quibus</strong></span> <span class='ocrx_word' id='word_1_585' title='bbox 1264 3877 1482 3932; x_wconf 91' lang='lat' dir='ltr'><strong>occisus</strong></span> <span class='ocrx_word' id='word_1_586' title='bbox 1522 3894 1685 3944; x_wconf 84' lang='lat' dir='ltr'><strong>unus,-</strong></span> <span class='ocrx_word' id='word_1_587' title='bbox 1719 3879 1970 3934; x_wconf 88' lang='lat' dir='ltr'><strong>undecim</strong></span> 
     </span>
    </p>
   </div>
   <div class='ocr_carea' id='block_1_73' title="bbox 385 3965 1969 4042">
    <p class='ocr_par' dir='ltr' id='par_1_73' title="bbox 385 3965 1969 4042">
     <span class='ocr_line' id='line_1_73' title="bbox 385 3965 1969 4042; baseline 0.003 -21"><span class='ocrx_word' id='word_1_588' title='bbox 385 3965 709 4034; x_wconf 85' lang='lat' dir='ltr'><strong>superstites</strong></span> <span class='ocrx_word' id='word_1_589' title='bbox 740 3966 914 4022; x_wconf 88' lang='lat' dir='ltr'><strong>relicti</strong></span> <span class='ocrx_word' id='word_1_590' title='bbox 940 3977 1087 4023; x_wconf 91' lang='lat' dir='ltr'><strong>sunt.</strong></span> <span class='ocrx_word' id='word_1_591' title='bbox 1117 3968 1249 4035; x_wconf 72' lang='lat' dir='ltr'><strong>Qua:</strong></span> <span class='ocrx_word' id='word_1_592' title='bbox 1274 3971 1458 4025; x_wconf 89' lang='lat' dir='ltr'><strong>omnia</strong></span> <span class='ocrx_word' id='word_1_593' title='bbox 1492 3970 1545 4025; x_wconf 94' lang='lat' dir='ltr'><strong>in</strong></span> <span class='ocrx_word' id='word_1_594' title='bbox 1575 3971 1760 4026; x_wconf 91' lang='lat' dir='ltr'><strong>mundi</strong></span> <span class='ocrx_word' id='word_1_595' title='bbox 1787 3971 1969 4042; x_wconf 85' lang='lat' dir='ltr'><strong>Origi-</strong></span> 
     </span>
    </p>
   </div>
   <div class='ocr_carea' id='block_1_74' title="bbox 385 4057 1973 4137">
    <p class='ocr_par' dir='ltr' id='par_1_74' title="bbox 385 4057 1973 4137">
     <span class='ocr_line' id='line_1_74' title="bbox 385 4057 1973 4137; baseline 0.006 -27"><span class='ocrx_word' id='word_1_596' title='bbox 385 4057 567 4121; x_wconf 88' lang='lat' dir='ltr'><strong>nibus,</strong></span> <span class='ocrx_word' id='word_1_597' title='bbox 603 4072 666 4113; x_wconf 86' lang='lat' dir='ltr'><strong>ac</strong></span> <span class='ocrx_word' id='word_1_598' title='bbox 706 4059 884 4128; x_wconf 89' lang='lat' dir='ltr'><strong>primo</strong></span> <span class='ocrx_word' id='word_1_599' title='bbox 912 4058 1077 4116; x_wconf 88' lang='lat' dir='ltr'><strong>Mosis</strong></span> <span class='ocrx_word' id='word_1_600' title='bbox 1119 4062 1396 4117; x_wconf 82' lang='lat' dir='ltr'><strong>volumine</strong></span> <span class='ocrx_word' id='word_1_601' title='bbox 1427 4062 1513 4120; x_wconf 91' lang='lat' dir='ltr'><strong>his</strong></span> <span class='ocrx_word' id='word_1_602' title='bbox 1545 4066 1728 4121; x_wconf 86' lang='lat' dir='ltr'><strong>verbis</strong></span> <span class='ocrx_word' id='word_1_603' title='bbox 1764 4065 1973 4137; x_wconf 80' lang='lat' dir='ltr'><strong>signiﬁ-</strong></span> 
     </span>
    </p>
   </div>
   <div class='ocr_carea' id='block_1_75' title="bbox 385 4150 1971 4229">
    <p class='ocr_par' dir='ltr' id='par_1_75' title="bbox 385 4150 1971 4229">
     <span class='ocr_line' id='line_1_75' title="bbox 385 4150 1971 4229; baseline 0.004 -25"><span class='ocrx_word' id='word_1_604' title='bbox 385 4158 623 4204; x_wconf 89' lang='lat' dir='ltr'><strong>cantur:</strong></span> <span class='ocrx_word' id='word_1_605' title='bbox 663 4150 732 4204; x_wconf 84' lang='lat' dir='ltr'><strong>Et</strong></span> <span class='ocrx_word' id='word_1_606' title='bbox 757 4152 884 4205; x_wconf 81' lang='lat' dir='ltr'><strong>vixit</strong></span> <span class='ocrx_word' id='word_1_607' title='bbox 928 4152 1103 4207; x_wconf 84' lang='lat' dir='ltr'><strong>Adam</strong></span> <span class='ocrx_word' id='word_1_608' title='bbox 1127 4155 1281 4209; x_wconf 84' lang='lat' dir='ltr'><strong>annis</strong></span> <span class='ocrx_word' id='word_1_609' title='bbox 1326 4158 1603 4226; x_wconf 83' lang='lat' dir='ltr'><strong>nongentis</strong></span> <span class='ocrx_word' id='word_1_610' title='bbox 1655 4158 1894 4229; x_wconf 87' lang='lat' dir='ltr'><strong>triginta,</strong></span> <span class='ocrx_word' id='word_1_611' title='bbox 1921 4166 1971 4213; x_wconf 88' lang='lat' dir='ltr'><strong>et</strong></span> 
     </span>
    </p>
   </div>
   <div class='ocr_carea' id='block_1_76' title="bbox 384 4243 1548 4317">
    <p class='ocr_par' dir='ltr' id='par_1_76' title="bbox 384 4243 1548 4317">
     <span class='ocr_line' id='line_1_76' title="bbox 384 4243 1548 4317; baseline 0.004 -21"><span class='ocrx_word' id='word_1_612' title='bbox 384 4243 565 4312; x_wconf 82' lang='lat' dir='ltr'><strong>genuit</strong></span> <span class='ocrx_word' id='word_1_613' title='bbox 592 4243 737 4313; x_wconf 79' lang='lat' dir='ltr'><strong>ﬁlios</strong></span> <span class='ocrx_word' id='word_1_614' title='bbox 758 4252 807 4298; x_wconf 85' lang='lat' dir='ltr'><strong>et</strong></span> <span class='ocrx_word' id='word_1_615' title='bbox 830 4244 998 4315; x_wconf 76' lang='lat' dir='ltr'><strong>ﬁlias,</strong></span> <span class='ocrx_word' id='word_1_616' title='bbox 1029 4254 1079 4301; x_wconf 88' lang='lat' dir='ltr'><strong>et</strong></span> <span class='ocrx_word' id='word_1_617' title='bbox 1118 4255 1358 4302; x_wconf 81' lang='lat' dir='ltr'><strong>mortuus</strong></span> <span class='ocrx_word' id='word_1_618' title='bbox 1387 4257 1476 4317; x_wconf 42' lang='lat' dir='ltr'><strong>.est</strong></span> <span class='ocrx_word' id='word_1_619' title='bbox 1505 4248 1548 4301; x_wconf 86' lang='grc'><strong>⁸.</strong></span> 
     </span>
    </p>
   </div>
   <div class='ocr_carea' id='block_1_77' title="bbox 460 4505 1973 4584">
    <p class='ocr_par' dir='ltr' id='par_1_77' title="bbox 460 4505 1973 4584">
     <span class='ocr_line' id='line_1_77' title="bbox 460 4505 1973 4584; baseline 0.009 -28"><span class='ocrx_word' id='word_1_620' title='bbox 460 4507 630 4579; x_wconf 74' lang='lat'><strong>288</strong></span> <span class='ocrx_word' id='word_1_621' title='bbox 655 4505 765 4561; x_wconf 63' lang='grc' dir='ltr'><strong>ΥΠ.</strong></span> <span class='ocrx_word' id='word_1_622' title='bbox 797 4507 1062 4563; x_wconf 72' lang='lat' dir='ltr'><strong>Craterum</strong></span> <span class='ocrx_word' id='word_1_623' title='bbox 1089 4509 1421 4581; x_wconf 86' lang='lat' dir='ltr'><strong>ampliﬁcato</strong></span> <span class='ocrx_word' id='word_1_624' title='bbox 1442 4511 1723 4567; x_wconf 87' lang='lat' dir='ltr'><strong>hominum</strong></span> <span class='ocrx_word' id='word_1_625' title='bbox 1756 4529 1973 4584; x_wconf 77' lang='lat' dir='ltr'><strong>genere,</strong></span> 
     </span>
    </p>
   </div>
   <div class='ocr_carea' id='block_1_78' title="bbox 2070 3500 3670 3577">
    <p class='ocr_par' dir='ltr' id='par_1_78' title="bbox 2070 3500 3670 3577">
     <span class='ocr_line' id='line_1_78' title="bbox 2070 3500 3670 3577; baseline -0.003 -19"><span class='ocrx_word' id='word_1_626' title='bbox 2070 3504 2274 3577; x_wconf 79' lang='grc' dir='ltr'>μείζονι</span> <span class='ocrx_word' id='word_1_627' title='bbox 2323 3502 2490 3575; x_wconf 83' lang='grc' dir='ltr'>Σαυὴ,</span> <span class='ocrx_word' id='word_1_628' title='bbox 2518 3501 2661 3555; x_wconf 75' lang='grc' dir='ltr'>οὕτω</span> <span class='ocrx_word' id='word_1_629' title='bbox 2685 3500 3016 3572; x_wconf 79' lang='grc' dir='ltr'>καλουμένῃ,</span> <span class='ocrx_word' id='word_1_630' title='bbox 3044 3504 3072 3556; x_wconf 85' lang='grc' dir='ltr'>ὁ</span> <span class='ocrx_word' id='word_1_631' title='bbox 3102 3502 3158 3556; x_wconf 82' lang='grc' dir='ltr'><strong>δὲ</strong></span> <span class='ocrx_word' id='word_1_632' title='bbox 3183 3502 3291 3573; x_wconf 78' lang='grc' dir='ltr'><strong>Σὴθ</strong></span> <span class='ocrx_word' id='word_1_633' title='bbox 3322 3502 3505 3574; x_wconf 80' lang='grc' dir='ltr'>τρίτος</span> <span class='ocrx_word' id='word_1_634' title='bbox 3540 3503 3670 3565; x_wconf 75' lang='grc' dir='ltr'><strong>υἱὸς</strong></span> 
     </span>
    </p>
   </div>
   <div class='ocr_carea' id='block_1_79' title="bbox 2074 3592 3668 3671">
    <p class='ocr_par' dir='ltr' id='par_1_79' title="bbox 2074 3592 3668 3671">
     <span class='ocr_line' id='line_1_79' title="bbox 2074 3592 3668 3671; baseline -0.003 -21"><span class='ocrx_word' id='word_1_635' title='bbox 2074 3597 2215 3671; x_wconf 86' lang='grc' dir='ltr'><strong>μετά</strong></span> <span class='ocrx_word' id='word_1_636' title='bbox 2243 3597 2335 3651; x_wconf 80' lang='grc' dir='ltr'><strong>τὸν</strong></span> <span class='ocrx_word' id='word_1_637' title='bbox 2363 3596 2531 3650; x_wconf 71' lang='grc' dir='ltr'>’Ἅϐελ</span> <span class='ocrx_word' id='word_1_638' title='bbox 2562 3594 2845 3667; x_wconf 70' lang='grc' dir='ltr'>γεννηθεὶς</span> <span class='ocrx_word' id='word_1_639' title='bbox 2874 3598 2941 3667; x_wconf 80' lang='grc' dir='ltr'>τῇ</span> <span class='ocrx_word' id='word_1_640' title='bbox 2967 3594 3234 3666; x_wconf 80' lang='grc' dir='ltr'>λεγομένῃ</span> <span class='ocrx_word' id='word_1_641' title='bbox 3258 3592 3422 3647; x_wconf 79' lang='grc' dir='ltr'>αὑτοῦ</span> <span class='ocrx_word' id='word_1_642' title='bbox 3452 3592 3668 3664; x_wconf 66' lang='grc' dir='ltr'>ἀδελφῇ</span> 
     </span>
    </p>
   </div>
   <div class='ocr_carea' id='block_1_80' title="bbox 2082 3686 3664 3762">
    <p class='ocr_par' dir='ltr' id='par_1_80' title="bbox 2082 3686 3664 3762">
     <span class='ocr_line' id='line_1_80' title="bbox 2082 3686 3664 3762; baseline -0.003 -18"><span class='ocrx_word' id='word_1_643' title='bbox 2082 3690 2331 3762; x_wconf 74' lang='grc' dir='ltr'>Ἀζουρᾷ.</span> <span class='ocrx_word' id='word_1_644' title='bbox 2366 3689 2626 3758; x_wconf 85' lang='grc' dir='ltr'>Γεγόνασι</span> <span class='ocrx_word' id='word_1_645' title='bbox 2654 3688 2710 3742; x_wconf 87' lang='grc' dir='ltr'>δὲ</span> <span class='ocrx_word' id='word_1_646' title='bbox 2736 3688 2815 3759; x_wconf 85' lang='grc' dir='ltr'><strong>τῷ</strong></span> <span class='ocrx_word' id='word_1_647' title='bbox 2839 3687 3014 3758; x_wconf 79' lang='grc' dir='ltr'>Ἀδὰμ</span> <span class='ocrx_word' id='word_1_648' title='bbox 3043 3688 3135 3742; x_wconf 77' lang='grc' dir='ltr'><strong>καὶ</strong></span> <span class='ocrx_word' id='word_1_649' title='bbox 3167 3686 3317 3742; x_wconf 75' lang='grc' dir='ltr'>ἄλλοι</span> <span class='ocrx_word' id='word_1_650' title='bbox 3348 3687 3476 3748; x_wconf 66' lang='grc' dir='ltr'>υἱοὶ,</span> <span class='ocrx_word' id='word_1_651' title='bbox 3512 3686 3589 3748; x_wconf 80' lang='grc' dir='ltr'><strong>ὡς</strong></span> <span class='ocrx_word' id='word_1_652' title='bbox 3627 3688 3664 3757; x_wconf 74' lang='grc' dir='ltr'>ἡ</span> 
     </span>
    </p>
   </div>
   <div class='ocr_carea' id='block_1_81' title="bbox 2071 3777 3665 3854">
    <p class='ocr_par' dir='ltr' id='par_1_81' title="bbox 2071 3777 3665 3854">
     <span class='ocr_line' id='line_1_81' title="bbox 2071 3777 3665 3854; baseline -0.004 -18"><span class='ocrx_word' id='word_1_653' title='bbox 2071 3781 2257 3854; x_wconf 60' lang='lat' dir='ltr'><strong>Aemi}</strong></span> <span class='ocrx_word' id='word_1_654' title='bbox 2292 3781 2510 3845; x_wconf 85' lang='grc' dir='ltr'>Γένεσις</span> <span class='ocrx_word' id='word_1_655' title='bbox 2545 3779 2809 3852; x_wconf 75' lang='grc' dir='ltr'>περιέχει,</span> <span class='ocrx_word' id='word_1_656' title='bbox 2840 3780 2996 3835; x_wconf 79' lang='grc' dir='ltr'>ἐννέα</span> <span class='ocrx_word' id='word_1_657' title='bbox 3033 3779 3169 3851; x_wconf 87' lang='grc' dir='ltr'><strong>μετά</strong></span> <span class='ocrx_word' id='word_1_658' title='bbox 3197 3780 3325 3842; x_wconf 77' lang='grc' dir='ltr'>τοὺς</span> <span class='ocrx_word' id='word_1_659' title='bbox 3353 3780 3500 3849; x_wconf 82' lang='grc' dir='ltr'>τρεῖς</span> <span class='ocrx_word' id='word_1_660' title='bbox 3526 3777 3665 3831; x_wconf 83' lang='grc' dir='ltr'>τού-</span> 
     </span>
    </p>
   </div>
   <div class='ocr_carea' id='block_1_82' title="bbox 2072 3870 3667 3945">
    <p class='ocr_par' dir='ltr' id='par_1_82' title="bbox 2072 3870 3667 3945">
     <span class='ocr_line' id='line_1_82' title="bbox 2072 3870 3667 3945; baseline -0.003 -16"><span class='ocrx_word' id='word_1_661' title='bbox 2072 3892 2198 3938; x_wconf 82' lang='grc' dir='ltr'>τους</span> <span class='ocrx_word' id='word_1_662' title='bbox 2218 3892 2231 3905; x_wconf 78' lang='lat'>&#39;</span> <span class='ocrx_word' id='word_1_663' title='bbox 2266 3873 2342 3938; x_wconf 85' lang='grc' dir='ltr'><strong>ὠς</strong></span> <span class='ocrx_word' id='word_1_664' title='bbox 2378 3870 2515 3928; x_wconf 77' lang='grc' dir='ltr'>εἶναι</span> <span class='ocrx_word' id='word_1_665' title='bbox 2558 3873 2707 3945; x_wconf 81' lang='grc' dir='ltr'>αὐτῷ</span> <span class='ocrx_word' id='word_1_666' title='bbox 2730 3873 2823 3927; x_wconf 92' lang='grc' dir='ltr'><strong>δύο</strong></span> <span class='ocrx_word' id='word_1_667' title='bbox 2852 3874 2949 3945; x_wconf 81' lang='grc' dir='ltr'>μὲν</span> <span class='ocrx_word' id='word_1_668' title='bbox 2982 3872 3304 3944; x_wconf 81' lang='grc' dir='ltr'>θυγατέρας,</span> <span class='ocrx_word' id='word_1_669' title='bbox 3330 3872 3569 3943; x_wconf 68' lang='grc' dir='ltr'>ἄρρενας</span> <span class='ocrx_word' id='word_1_670' title='bbox 3598 3872 3667 3924; x_wconf 69' lang='grc' dir='ltr'>δὲ</span> 
     </span>
    </p>
   </div>
   <div class='ocr_carea' id='block_1_83' title="bbox 2074 3964 3643 4038">
    <p class='ocr_par' dir='ltr' id='par_1_83' title="bbox 2074 3964 3643 4038">
     <span class='ocr_line' id='line_1_83' title="bbox 2074 3964 3643 4038; baseline -0.001 -18"><span class='ocrx_word' id='word_1_671' title='bbox 2074 3965 2303 4020; x_wconf 81' lang='grc' dir='ltr'>δεκαδύο</span> <span class='ocrx_word' id='word_1_672' title='bbox 2323 3982 2336 3997; x_wconf 75' lang='grc' dir='ltr'><strong><em>ο</em></strong></span> <span class='ocrx_word' id='word_1_673' title='bbox 2370 3966 2467 4019; x_wconf 71' lang='grc' dir='ltr'><strong>ἕνα</strong></span> <span class='ocrx_word' id='word_1_674' title='bbox 2504 3965 2602 4038; x_wconf 84' lang='grc' dir='ltr'><strong>μὲν</strong></span> <span class='ocrx_word' id='word_1_675' title='bbox 2634 3966 3065 4027; x_wconf 80' lang='grc' dir='ltr'>ἀποκτανθέντα,</span> <span class='ocrx_word' id='word_1_676' title='bbox 3105 3964 3297 4018; x_wconf 77' lang='grc' dir='ltr'>ἕνδεκα</span> <span class='ocrx_word' id='word_1_677' title='bbox 3331 3964 3389 4017; x_wconf 80' lang='grc' dir='ltr'>δὲ</span> <span class='ocrx_word' id='word_1_678' title='bbox 3424 3964 3643 4036; x_wconf 80' lang='grc' dir='ltr'>περιλει</span> 
     </span>
    </p>
   </div>
   <div class='ocr_carea' id='block_1_84' title="bbox 2078 4057 3673 4131">
    <p class='ocr_par' dir='ltr' id='par_1_84' title="bbox 2078 4057 3673 4131">
     <span class='ocr_line' id='line_1_84' title="bbox 2078 4057 3673 4131; baseline -0.001 -19"><span class='ocrx_word' id='word_1_679' title='bbox 2078 4058 2310 4127; x_wconf 74' lang='grc' dir='ltr'>φθέντας</span> <span class='ocrx_word' id='word_1_680' title='bbox 2334 4058 2413 4130; x_wconf 80' lang='grc' dir='ltr'><strong>τῷ</strong></span> <span class='ocrx_word' id='word_1_681' title='bbox 2443 4059 2759 4131; x_wconf 81' lang='grc' dir='ltr'>βίῳ.Ἔχεις</span> <span class='ocrx_word' id='word_1_682' title='bbox 2779 4059 2836 4112; x_wconf 89' lang='grc' dir='ltr'>δὲ</span> <span class='ocrx_word' id='word_1_683' title='bbox 2869 4059 2963 4112; x_wconf 76' lang='grc' dir='ltr'><strong>καὶ</strong></span> <span class='ocrx_word' id='word_1_684' title='bbox 2991 4057 3197 4112; x_wconf 83' lang='grc' dir='ltr'>τούτων</span> <span class='ocrx_word' id='word_1_685' title='bbox 3221 4059 3321 4129; x_wconf 85' lang='grc' dir='ltr'>τὴν</span> <span class='ocrx_word' id='word_1_686' title='bbox 3345 4058 3579 4129; x_wconf 70' lang='grc' dir='ltr'>ἔμφασιν</span> <span class='ocrx_word' id='word_1_687' title='bbox 3602 4059 3673 4111; x_wconf 78' lang='grc' dir='ltr'>ὲν</span> 
     </span>
    </p>
   </div>
   <div class='ocr_carea' id='block_1_85' title="bbox 2077 4150 3667 4223">
    <p class='ocr_par' dir='ltr' id='par_1_85' title="bbox 2077 4150 3667 4223">
     <span class='ocr_line' id='line_1_85' title="bbox 2077 4150 3667 4223; baseline 0.001 -19"><span class='ocrx_word' id='word_1_688' title='bbox 2077 4153 2144 4222; x_wconf 76' lang='grc' dir='ltr'>τῇ</span> <span class='ocrx_word' id='word_1_689' title='bbox 2170 4150 2391 4204; x_wconf 85' lang='grc' dir='ltr'>Γενέσει</span> <span class='ocrx_word' id='word_1_690' title='bbox 2419 4150 2511 4204; x_wconf 80' lang='grc' dir='ltr'>τοῦ</span> <span class='ocrx_word' id='word_1_691' title='bbox 2539 4151 2769 4223; x_wconf 86' lang='grc' dir='ltr'>κόσμου,</span> <span class='ocrx_word' id='word_1_692' title='bbox 2801 4151 2893 4203; x_wconf 69' lang='grc' dir='ltr'>καὶ</span> <span class='ocrx_word' id='word_1_693' title='bbox 2920 4150 3111 4221; x_wconf 80' lang='grc' dir='ltr'>πρώτῃ</span> <span class='ocrx_word' id='word_1_694' title='bbox 3137 4150 3303 4221; x_wconf 70' lang='grc' dir='ltr'><strong>βίϐλῳ</strong></span> <span class='ocrx_word' id='word_1_695' title='bbox 3330 4152 3479 4222; x_wconf 84' lang='grc' dir='ltr'><strong>παρά</strong></span> <span class='ocrx_word' id='word_1_696' title='bbox 3504 4152 3667 4205; x_wconf 62' lang='lat' dir='ltr'><strong>Man?»-</strong></span> 
     </span>
    </p>
   </div>
   <div class='ocr_carea' id='block_1_86' title="bbox 2082 4240 3668 4314">
    <p class='ocr_par' dir='ltr' id='par_1_86' title="bbox 2082 4240 3668 4314">
     <span class='ocr_line' id='line_1_86' title="bbox 2082 4240 3668 4314; baseline 0.001 -19"><span class='ocrx_word' id='word_1_697' title='bbox 2082 4244 2164 4295; x_wconf 80' lang='grc' dir='ltr'><strong>σεῖ</strong></span> <span class='ocrx_word' id='word_1_698' title='bbox 2204 4242 2347 4296; x_wconf 77' lang='grc' dir='ltr'>οὕτω</span> <span class='ocrx_word' id='word_1_699' title='bbox 2392 4242 2703 4314; x_wconf 81' lang='grc' dir='ltr'>φασκούσῃ·</span> <span class='ocrx_word' id='word_1_700' title='bbox 2735 4241 2843 4295; x_wconf 78' lang='grc' dir='ltr'><strong>Καὶ</strong></span> <span class='ocrx_word' id='word_1_701' title='bbox 2868 4240 3083 4309; x_wconf 73' lang='grc' dir='ltr'>ἔζησεν</span> <span class='ocrx_word' id='word_1_702' title='bbox 3122 4240 3295 4310; x_wconf 82' lang='grc' dir='ltr'>Ἀδὰμ</span> <span class='ocrx_word' id='word_1_703' title='bbox 3340 4241 3445 4310; x_wconf 79' lang='grc' dir='ltr'>ἔτη</span> <span class='ocrx_word' id='word_1_704' title='bbox 3486 4242 3668 4296; x_wconf 71' lang='grc' dir='ltr'><em>ἐννα-</em></span> 
     </span>
    </p>
   </div>
   <div class='ocr_carea' id='block_1_87' title="bbox 2082 4331 3651 4403">
    <p class='ocr_par' dir='ltr' id='par_1_87' title="bbox 2082 4331 3651 4403">
     <span class='ocr_line' id='line_1_87' title="bbox 2082 4331 3651 4403; baseline -0.002 -15"><span class='ocrx_word' id='word_1_705' title='bbox 2082 4336 2261 4389; x_wconf 81' lang='grc' dir='ltr'>κόσια</span> <span class='ocrx_word' id='word_1_706' title='bbox 2285 4333 2624 4403; x_wconf 77' lang='grc' dir='ltr'>τριάκοντα,</span> <span class='ocrx_word' id='word_1_707' title='bbox 2657 4334 2755 4388; x_wconf 80' lang='grc' dir='ltr'><strong>καὶ</strong></span> <span class='ocrx_word' id='word_1_708' title='bbox 2781 4332 3112 4402; x_wconf 61' lang='grc' dir='ltr'>ἐγέννησεν</span> <span class='ocrx_word' id='word_1_709' title='bbox 3149 4331 3320 4399; x_wconf 78' lang='grc' dir='ltr'>υἱοὺς</span> <span class='ocrx_word' id='word_1_710' title='bbox 3358 4331 3455 4385; x_wconf 79' lang='grc' dir='ltr'><strong>καὶ</strong></span> <span class='ocrx_word' id='word_1_711' title='bbox 3485 4336 3651 4401; x_wconf 67' lang='lat' dir='ltr'><strong>(ivra</strong></span> 
     </span>
    </p>
   </div>
   <div class='ocr_carea' id='block_1_88' title="bbox 2081 4424 2728 4502">
    <p class='ocr_par' dir='ltr' id='par_1_88' title="bbox 2081 4424 2728 4502">
     <span class='ocr_line' id='line_1_88' title="bbox 2081 4424 2728 4502; baseline 0 -22"><span class='ocrx_word' id='word_1_712' title='bbox 2081 4426 2277 4496; x_wconf 77' lang='grc' dir='ltr'>τέρας,</span> <span class='ocrx_word' id='word_1_713' title='bbox 2310 4425 2407 4480; x_wconf 76' lang='grc' dir='ltr'><strong>καὶ</strong></span> <span class='ocrx_word' id='word_1_714' title='bbox 2446 4424 2728 4502; x_wconf 68' lang='grc' dir='ltr'>ἀπέθανε.</span> 
     </span>
    </p>
   </div>
   <div class='ocr_carea' id='block_1_89' title="bbox 2156 4514 3667 4587">
    <p class='ocr_par' dir='ltr' id='par_1_89' title="bbox 2156 4514 3667 4587">
     <span class='ocr_line' id='line_1_89' title="bbox 2156 4514 3667 4587; baseline -0.008 -16"><span class='ocrx_word' id='word_1_715' title='bbox 2156 4521 2229 4574; x_wconf 85' lang='grc' dir='ltr'><strong>Ζ’.</strong></span> <span class='ocrx_word' id='word_1_716' title='bbox 2272 4516 2693 4572; x_wconf 84' lang='grc' dir='ltr'>Πλατυνθέντων</span> <span class='ocrx_word' id='word_1_717' title='bbox 2741 4516 2797 4571; x_wconf 85' lang='grc' dir='ltr'><strong>δὲ</strong></span> <span class='ocrx_word' id='word_1_718' title='bbox 2825 4515 2932 4570; x_wconf 83' lang='grc' dir='ltr'><strong>τῶν</strong></span> <span class='ocrx_word' id='word_1_719' title='bbox 2960 4514 3261 4587; x_wconf 86' lang='grc' dir='ltr'>ἀνθρώπων</span> <span class='ocrx_word' id='word_1_720' title='bbox 3293 4515 3428 4585; x_wconf 80' lang='grc'><strong>(51),</strong></span> <span class='ocrx_word' id='word_1_721' title='bbox 3454 4515 3548 4568; x_wconf 73' lang='grc' dir='ltr'><strong>καὶ</strong></span> <span class='ocrx_word' id='word_1_722' title='bbox 3570 4516 3667 4585; x_wconf 70' lang='grc' dir='ltr'><strong>τῆς</strong></span> 
     </span>
    </p>
   </div>
   <div class='ocr_carea' id='block_1_90' title="bbox 390 4601 1959 4682">
    <p class='ocr_par' dir='ltr' id='par_1_90' title="bbox 390 4601 1955 4671">
     <span class='ocr_line' id='line_1_90' title="bbox 390 4601 1955 4671; baseline 0.002 -14"><span class='ocrx_word' id='word_1_723' title='bbox 390 4611 663 4671; x_wconf 82' lang='lat' dir='ltr'><strong>auctuque</strong></span> <span class='ocrx_word' id='word_1_724' title='bbox 694 4608 1037 4671; x_wconf 88' lang='lat' dir='ltr'><strong>posterorum</strong></span> <span class='ocrx_word' id='word_1_725' title='bbox 1068 4601 1261 4658; x_wconf 84' lang='lat' dir='ltr'><strong>Adami</strong></span> <span class='ocrx_word' id='word_1_726' title='bbox 1307 4618 1559 4668; x_wconf 89' lang='lat' dir='ltr'><strong>numero,</strong></span> <span class='ocrx_word' id='word_1_727' title='bbox 1603 4603 1955 4661; x_wconf 69' lang='lat' dir='ltr'><strong>honestissim</strong></span> 
     </span>
    </p>
   </div>
   <div class='ocr_carea' id='block_1_91' title="bbox 2087 4601 3667 4682">
    <p class='ocr_par' dir='ltr' id='par_1_91' title="bbox 2087 4609 3667 4682">
     <span class='ocr_line' id='line_1_91' title="bbox 2087 4609 3667 4682; baseline -0.003 -16"><span class='ocrx_word' id='word_1_728' title='bbox 2087 4614 2277 4682; x_wconf 81' lang='grc' dir='ltr'>γενεᾶς</span> <span class='ocrx_word' id='word_1_729' title='bbox 2309 4610 2402 4665; x_wconf 79' lang='grc' dir='ltr'>τοῦ</span> <span class='ocrx_word' id='word_1_730' title='bbox 2425 4611 2597 4682; x_wconf 80' lang='grc' dir='ltr'>’Λδάμ</span> <span class='ocrx_word' id='word_1_731' title='bbox 2622 4610 3097 4681; x_wconf 80' lang='grc' dir='ltr'>ὲπεκτεινομένης,</span> <span class='ocrx_word' id='word_1_732' title='bbox 3132 4611 3166 4681; x_wconf 78' lang='grc' dir='ltr'>ἠ</span> <span class='ocrx_word' id='word_1_733' title='bbox 3192 4609 3447 4681; x_wconf 74' lang='grc' dir='ltr'>ἀκρίϐεια</span> <span class='ocrx_word' id='word_1_734' title='bbox 3472 4610 3505 4680; x_wconf 80' lang='grc' dir='ltr'>ὴ</span> <span class='ocrx_word' id='word_1_735' title='bbox 3530 4612 3667 4662; x_wconf 69' lang='grc' dir='ltr'>κατὰ</span> 
     </span>
    </p>
   </div>
   <div class='ocr_carea' id='block_1_92' title="bbox 390 4681 1959 4774">
    <p class='ocr_par' dir='ltr' id='par_1_92' title="bbox 390 4694 1959 4768">
     <span class='ocr_line' id='line_1_92' title="bbox 390 4694 1959 4768; baseline 0.003 -19"><span class='ocrx_word' id='word_1_736' title='bbox 390 4694 725 4749; x_wconf 86' lang='lat' dir='ltr'><strong>matrimonii</strong></span> <span class='ocrx_word' id='word_1_737' title='bbox 741 4694 931 4763; x_wconf 88' lang='lat' dir='ltr'><strong>pudori</strong></span> <span class='ocrx_word' id='word_1_738' title='bbox 949 4696 1383 4752; x_wconf 84' lang='lat' dir='ltr'><strong>accuratioribus</strong></span> <span class='ocrx_word' id='word_1_739' title='bbox 1401 4695 1657 4766; x_wconf 85' lang='lat' dir='ltr'><strong>paulatim</strong></span> <span class='ocrx_word' id='word_1_740' title='bbox 1672 4697 1880 4768; x_wconf 85' lang='lat' dir='ltr'><strong>legibus</strong></span> <span class='ocrx_word' id='word_1_741' title='bbox 1894 4714 1959 4754; x_wconf 76' lang='lat' dir='ltr'><strong>es:</strong></span> 
     </span>
    </p>
   </div>
   <div class='ocr_carea' id='block_1_93' title="bbox 2087 4681 3662 4774">
    <p class='ocr_par' dir='ltr' id='par_1_93' title="bbox 2087 4681 3662 4774">
     <span class='ocr_line' id='line_1_93' title="bbox 2087 4681 3662 4774; baseline -0.003 -16"><span class='ocrx_word' id='word_1_742' title='bbox 2087 4681 2178 4758; x_wconf 82' lang='grc' dir='ltr'><strong>τὸν</strong></span> <span class='ocrx_word' id='word_1_743' title='bbox 2216 4703 2392 4774; x_wconf 84' lang='grc' dir='ltr'>γάμον</span> <span class='ocrx_word' id='word_1_744' title='bbox 2425 4702 2514 4757; x_wconf 75' lang='grc' dir='ltr'><strong>τὸν</strong></span> <span class='ocrx_word' id='word_1_745' title='bbox 2550 4702 2744 4773; x_wconf 81' lang='grc' dir='ltr'>σεμνὸν</span> <span class='ocrx_word' id='word_1_746' title='bbox 2786 4702 3114 4756; x_wconf 82' lang='grc' dir='ltr'>ἐπλατύνετο</span> <span class='ocrx_word' id='word_1_747' title='bbox 3166 4702 3401 4773; x_wconf 78' lang='grc' dir='ltr'>καθεξῆς</span> <span class='ocrx_word' id='word_1_748' title='bbox 3441 4701 3662 4772; x_wconf 74' lang='grc' dir='ltr'>προδαεο</span> 
     </span>
    </p>
   </div>
   <div class='ocr_carea' id='block_1_94' title="bbox 391 4782 1959 4880">
    <p class='ocr_par' dir='ltr' id='par_1_94' title="bbox 391 4782 1959 4860">
     <span class='ocr_line' id='line_1_94' title="bbox 391 4782 1959 4860; baseline 0.003 -21"><span class='ocrx_word' id='word_1_749' title='bbox 391 4784 729 4841; x_wconf 82' lang='lat' dir='ltr'><strong>consultum.</strong></span> <span class='ocrx_word' id='word_1_750' title='bbox 751 4782 853 4839; x_wconf 90' lang='lat' dir='ltr'><strong>Ubi</strong></span> <span class='ocrx_word' id='word_1_751' title='bbox 881 4786 1022 4840; x_wconf 89' lang='lat' dir='ltr'><strong>enim</strong></span> <span class='ocrx_word' id='word_1_752' title='bbox 1041 4784 1252 4841; x_wconf 83' lang='lat' dir='ltr'><strong>Adamo</strong></span> <span class='ocrx_word' id='word_1_753' title='bbox 1285 4785 1379 4840; x_wconf 91' lang='lat' dir='ltr'><strong>ﬁlii</strong></span> <span class='ocrx_word' id='word_1_754' title='bbox 1416 4803 1480 4842; x_wconf 86' lang='lat' dir='ltr'><strong>ac</strong></span> <span class='ocrx_word' id='word_1_755' title='bbox 1508 4796 1733 4858; x_wconf 90' lang='lat' dir='ltr'><strong>nepotes</strong></span> <span class='ocrx_word' id='word_1_756' title='bbox 1774 4789 1959 4860; x_wconf 87' lang='lat' dir='ltr'><strong>obtige</strong></span> 
     </span>
    </p>
   </div>
   <div class='ocr_carea' id='block_1_95' title="bbox 2087 4782 3668 4880">
    <p class='ocr_par' dir='ltr' id='par_1_95' title="bbox 2089 4792 3668 4880">
     <span class='ocr_line' id='line_1_95' title="bbox 2089 4792 3668 4880; baseline -0.003 -32"><span class='ocrx_word' id='word_1_757' title='bbox 2089 4812 2275 4848; x_wconf 81' lang='grc' dir='ltr'>νουσα.</span> <span class='ocrx_word' id='word_1_758' title='bbox 2306 4794 2416 4848; x_wconf 79' lang='lat' dir='ltr'><strong>Kal.</strong></span> <span class='ocrx_word' id='word_1_759' title='bbox 2443 4794 2673 4867; x_wconf 77' lang='grc' dir='ltr'>ἐπείπερ</span> <span class='ocrx_word' id='word_1_760' title='bbox 2716 4794 2970 4862; x_wconf 86' lang='grc' dir='ltr'>γεγόνασι</span> <span class='ocrx_word' id='word_1_761' title='bbox 3002 4794 3211 4880; x_wconf 58' lang='grc' dir='ltr'><strong>παῖδες⁸</strong></span> <span class='ocrx_word' id='word_1_762' title='bbox 3230 4793 3310 4865; x_wconf 78' lang='grc' dir='ltr'>τῷ</span> <span class='ocrx_word' id='word_1_763' title='bbox 3339 4793 3531 4864; x_wconf 78' lang='grc' dir='ltr'>Ἀδὰμ,</span> <span class='ocrx_word' id='word_1_764' title='bbox 3575 4792 3668 4845; x_wconf 76' lang='grc' dir='ltr'>καὶ</span> 
     </span>
    </p>
   </div>
   <div class='ocr_carea' id='block_1_96' title="bbox 395 4878 1980 4955">
    <p class='ocr_par' dir='ltr' id='par_1_96' title="bbox 395 4878 1980 4955">
     <span class='ocr_line' id='line_1_96' title="bbox 395 4878 1980 4955; baseline 0.003 -22"><span class='ocrx_word' id='word_1_765' title='bbox 395 4889 523 4934; x_wconf 87' lang='lat' dir='ltr'><strong>runt</strong></span> <span class='ocrx_word' id='word_1_766' title='bbox 543 4898 557 4946; x_wconf 90' lang='lat'><strong>;</strong></span> <span class='ocrx_word' id='word_1_767' title='bbox 576 4895 641 4933; x_wconf 79' lang='lat' dir='ltr'><strong>ex</strong></span> <span class='ocrx_word' id='word_1_768' title='bbox 679 4878 854 4947; x_wconf 81' lang='lat' dir='ltr'><strong>iisque</strong></span> <span class='ocrx_word' id='word_1_769' title='bbox 873 4878 994 4934; x_wconf 62' lang='lat' dir='ltr'><strong>ﬁliae</strong></span> <span class='ocrx_word' id='word_1_770' title='bbox 1011 4881 1227 4951; x_wconf 76' lang='lat' dir='ltr'><strong>generis</strong></span> <span class='ocrx_word' id='word_1_771' title='bbox 1255 4880 1607 4937; x_wconf 87' lang='lat' dir='ltr'><strong>successione</strong></span> <span class='ocrx_word' id='word_1_772' title='bbox 1639 4889 1941 4955; x_wconf 76' lang='lat' dir='ltr'><strong>procreatae</strong></span> <span class='ocrx_word' id='word_1_773' title='bbox 1966 4902 1980 4951; x_wconf 89' lang='lat'><strong>;</strong></span> 
     </span>
    </p>
   </div>
   <div class='ocr_carea' id='block_1_97' title="bbox 394 4971 1980 5033">
    <p class='ocr_par' dir='ltr' id='par_1_97' title="bbox 394 4971 1980 5033">
     <span class='ocr_line' id='line_1_97' title="bbox 394 4971 1980 5033; baseline 0.006 -10"><span class='ocrx_word' id='word_1_774' title='bbox 394 4978 512 5025; x_wconf 89' lang='lat' dir='ltr'><strong>tum</strong></span> <span class='ocrx_word' id='word_1_775' title='bbox 531 4971 748 5025; x_wconf 84' lang='lat' dir='ltr'><strong>demum</strong></span> <span class='ocrx_word' id='word_1_776' title='bbox 768 4985 986 5026; x_wconf 86' lang='lat' dir='ltr'><strong>sorores</strong></span> <span class='ocrx_word' id='word_1_777' title='bbox 1011 4973 1064 5025; x_wconf 93' lang='lat' dir='ltr'><strong>in</strong></span> <span class='ocrx_word' id='word_1_778' title='bbox 1085 4972 1434 5027; x_wconf 88' lang='lat' dir='ltr'><strong>matrimonio</strong></span> <span class='ocrx_word' id='word_1_779' title='bbox 1455 4972 1657 5029; x_wconf 88' lang='lat' dir='ltr'><strong>habere</strong></span> <span class='ocrx_word' id='word_1_780' title='bbox 1675 4989 1781 5029; x_wconf 93' lang='lat' dir='ltr'><strong>non</strong></span> <span class='ocrx_word' id='word_1_781' title='bbox 1802 4974 1980 5033; x_wconf 87' lang='lat' dir='ltr'><strong>licuit.</strong></span> 
     </span>
    </p>
   </div>
   <div class='ocr_carea' id='block_1_98' title="bbox 398 5061 1984 5136">
    <p class='ocr_par' dir='ltr' id='par_1_98' title="bbox 398 5061 1984 5136">
     <span class='ocr_line' id='line_1_98' title="bbox 398 5061 1984 5136; baseline 0.005 -21"><span class='ocrx_word' id='word_1_782' title='bbox 398 5061 586 5133; x_wconf 81' lang='lat' dir='ltr'><strong>Itaque</strong></span> <span class='ocrx_word' id='word_1_783' title='bbox 630 5063 714 5118; x_wconf 77' lang='lat' dir='ltr'><strong>vel</strong></span> <span class='ocrx_word' id='word_1_784' title='bbox 745 5069 871 5117; x_wconf 90' lang='lat' dir='ltr'><strong>ante</strong></span> <span class='ocrx_word' id='word_1_785' title='bbox 898 5063 1160 5134; x_wconf 85' lang='lat' dir='ltr'><strong>scriptam</strong></span> <span class='ocrx_word' id='word_1_786' title='bbox 1198 5079 1231 5119; x_wconf 85' lang='lat' dir='ltr'><strong>a</strong></span> <span class='ocrx_word' id='word_1_787' title='bbox 1271 5062 1454 5136; x_wconf 78' lang='lat' dir='ltr'><strong>Moyse</strong></span> <span class='ocrx_word' id='word_1_788' title='bbox 1482 5062 1678 5136; x_wconf 86' lang='lat' dir='ltr'><strong>Legem</strong></span> <span class='ocrx_word' id='word_1_789' title='bbox 1725 5066 1984 5123; x_wconf 81' lang='lat' dir='ltr'><strong>honeSIa—</strong></span> 
     </span>
    </p>
   </div>
   <div class='ocr_carea' id='block_1_99' title="bbox 2092 4886 3662 4958">
    <p class='ocr_par' dir='ltr' id='par_1_99' title="bbox 2092 4886 3662 4958">
     <span class='ocr_line' id='line_1_99' title="bbox 2092 4886 3662 4958; baseline -0.001 -17"><span class='ocrx_word' id='word_1_790' title='bbox 2092 4887 2279 4950; x_wconf 83' lang='grc' dir='ltr'>παῖδες</span> <span class='ocrx_word' id='word_1_791' title='bbox 2317 4887 2519 4941; x_wconf 83' lang='grc' dir='ltr'>παίδων</span> <span class='ocrx_word' id='word_1_792' title='bbox 2541 4904 2554 4917; x_wconf 74' lang='grc' dir='ltr'><strong><em>ο</em></strong></span> <span class='ocrx_word' id='word_1_793' title='bbox 2586 4886 2882 4958; x_wconf 83' lang='grc' dir='ltr'>θυγατέρες</span> <span class='ocrx_word' id='word_1_794' title='bbox 2913 4887 2969 4940; x_wconf 81' lang='grc' dir='ltr'>δὲ</span> <span class='ocrx_word' id='word_1_795' title='bbox 3002 4889 3065 4940; x_wconf 81' lang='grc' dir='ltr'><strong>ὲκ</strong></span> <span class='ocrx_word' id='word_1_796' title='bbox 3094 4886 3297 4941; x_wconf 87' lang='grc' dir='ltr'>τούτων</span> <span class='ocrx_word' id='word_1_797' title='bbox 3323 4886 3464 4940; x_wconf 84' lang='grc' dir='ltr'><strong>κατά</strong></span> <span class='ocrx_word' id='word_1_798' title='bbox 3501 4886 3662 4940; x_wconf 84' lang='grc' dir='ltr'>διαδο-</span> 
     </span>
    </p>
   </div>
   <div class='ocr_carea' id='block_1_100' title="bbox 2091 4976 3668 5049">
    <p class='ocr_par' dir='ltr' id='par_1_100' title="bbox 2091 4976 3668 5049">
     <span class='ocr_line' id='line_1_100' title="bbox 2091 4976 3668 5049; baseline -0.003 -16"><span class='ocrx_word' id='word_1_799' title='bbox 2091 4979 2191 5049; x_wconf 78' lang='grc' dir='ltr'>χὴν</span> <span class='ocrx_word' id='word_1_800' title='bbox 2229 4977 2419 5047; x_wconf 85' lang='grc' dir='ltr'>γένους</span> <span class='ocrx_word' id='word_1_801' title='bbox 2452 4978 2851 5049; x_wconf 76' lang='grc' dir='ltr'>ἐγεννήθησαν·</span> <span class='ocrx_word' id='word_1_802' title='bbox 2888 4977 3073 5031; x_wconf 83' lang='grc' dir='ltr'>λοιπὸν</span> <span class='ocrx_word' id='word_1_803' title='bbox 3119 4976 3302 5031; x_wconf 88' lang='grc' dir='ltr'>οὐκέτι</span> <span class='ocrx_word' id='word_1_804' title='bbox 3347 4980 3444 5041; x_wconf 70' lang='grc' dir='ltr'><strong>τὰς</strong></span> <span class='ocrx_word' id='word_1_805' title='bbox 3490 4976 3668 5030; x_wconf 79' lang='grc' dir='ltr'>αὐτῶν</span> 
     </span>
    </p>
   </div>
   <div class='ocr_carea' id='block_1_101' title="bbox 2090 5068 3669 5142">
    <p class='ocr_par' dir='ltr' id='par_1_101' title="bbox 2090 5068 3669 5142">
     <span class='ocr_line' id='line_1_101' title="bbox 2090 5068 3669 5142; baseline -0.003 -18"><span class='ocrx_word' id='word_1_806' title='bbox 2090 5068 2326 5140; x_wconf 75' lang='grc' dir='ltr'>ἀδελιράς</span> <span class='ocrx_word' id='word_1_807' title='bbox 2361 5071 2497 5141; x_wconf 78' lang='grc' dir='ltr'>πρὸς</span> <span class='ocrx_word' id='word_1_808' title='bbox 2526 5070 2703 5141; x_wconf 86' lang='grc' dir='ltr'>γάμον</span> <span class='ocrx_word' id='word_1_809' title='bbox 2726 5070 2940 5142; x_wconf 74' lang='grc' dir='ltr'>ἤγοντο.</span> <span class='ocrx_word' id='word_1_810' title='bbox 2959 5068 3120 5122; x_wconf 80' lang='grc' dir='ltr'><strong>Ἀλλά</strong></span> <span class='ocrx_word' id='word_1_811' title='bbox 3149 5071 3229 5133; x_wconf 76' lang='grc' dir='ltr'><strong>εἰς</strong></span> <span class='ocrx_word' id='word_1_812' title='bbox 3261 5068 3516 5140; x_wconf 71' lang='grc' dir='ltr'>εὐνομίαν</span> <span class='ocrx_word' id='word_1_813' title='bbox 3539 5085 3669 5121; x_wconf 85' lang='grc' dir='ltr'>κατ-</span> 
     </span>
    </p>
   </div>
   <div class='ocr_carea' id='block_1_102' title="bbox 473 5218 1959 5295">
    <p class='ocr_par' dir='ltr' id='par_1_102' title="bbox 473 5218 1948 5284">
     <span class='ocr_line' id='line_1_102' title="bbox 473 5218 1948 5284; baseline 0.006 -10"><span class='ocrx_word' id='word_1_814' title='bbox 473 5220 490 5252; x_wconf 80' lang='grc'>¹</span> <span class='ocrx_word' id='word_1_815' title='bbox 518 5218 652 5275; x_wconf 88' lang='lat' dir='ltr'><strong>Gen.</strong></span> <span class='ocrx_word' id='word_1_816' title='bbox 689 5236 763 5284; x_wconf 85' lang='lat' dir='ltr'><strong>tv,</strong></span> <span class='ocrx_word' id='word_1_817' title='bbox 793 5220 845 5277; x_wconf 77' lang='lat' dir='ltr'><strong>i.</strong></span> <span class='ocrx_word' id='word_1_818' title='bbox 919 5223 940 5254; x_wconf 87' lang='grc'>¹</span> <span class='ocrx_word' id='word_1_819' title='bbox 979 5221 1113 5277; x_wconf 86' lang='lat' dir='ltr'><strong>ibid.</strong></span> <span class='ocrx_word' id='word_1_820' title='bbox 1191 5223 1213 5256; x_wconf 86' lang='grc'><strong><em>³</em></strong></span> <span class='ocrx_word' id='word_1_821' title='bbox 1244 5224 1374 5279; x_wconf 87' lang='lat' dir='ltr'><strong>ibid.</strong></span> <span class='ocrx_word' id='word_1_822' title='bbox 1409 5224 1463 5278; x_wconf 72' lang='lat'><strong>2.</strong></span> <span class='ocrx_word' id='word_1_823' title='bbox 1538 5223 1559 5255; x_wconf 73' lang='grc'><strong><em>⁵</em></strong></span> <span class='ocrx_word' id='word_1_824' title='bbox 1595 5225 1726 5282; x_wconf 90' lang='lat' dir='ltr'><strong>ibid.</strong></span> <span class='ocrx_word' id='word_1_825' title='bbox 1761 5225 1852 5283; x_wconf 73' lang='lat'><strong>25.</strong></span> <span class='ocrx_word' id='word_1_826' title='bbox 1927 5229 1948 5262; x_wconf 79' lang='grc'><strong><em>⁸</em></strong></span> 
     </span>
    </p>
   </div>
   <div class='ocr_carea' id='block_1_103' title="bbox 2087 5218 2280 5295">
    <p class='ocr_par' dir='ltr' id='par_1_103' title="bbox 2095 5232 2280 5295">
     <span class='ocr_line' id='line_1_103' title="bbox 2095 5232 2280 5295; baseline 0.011 -9"><span class='ocrx_word' id='word_1_827' title='bbox 2095 5232 2280 5295; x_wconf 73' lang='grc' dir='ltr'>.ν,4.</span> 
     </span>
    </p>
   </div>
   <div class='ocr_carea' id='block_1_104' title="bbox 474 5335 1974 5418">
    <p class='ocr_par' dir='ltr' id='par_1_104' title="bbox 474 5335 1974 5418">
     <span class='ocr_line' id='line_1_104' title="bbox 474 5335 1974 5418; baseline 0.008 -29"><span class='ocrx_word' id='word_1_828' title='bbox 474 5335 584 5418; x_wconf 68' lang='lat' dir='ltr'><strong>(Eii)</strong></span> <span class='ocrx_word' id='word_1_829' title='bbox 643 5337 1111 5418; x_wconf 54' lang='grc' dir='ltr'><strong>Ιζλαζυνίζέντων</strong></span> <span class='ocrx_word' id='word_1_830' title='bbox 1165 5339 1234 5418; x_wconf 63' lang='grc' dir='ltr'><strong>δέ</strong></span> <span class='ocrx_word' id='word_1_831' title='bbox 1281 5341 1400 5395; x_wconf 79' lang='grc' dir='ltr'><strong>τῶν</strong></span> <span class='ocrx_word' id='word_1_832' title='bbox 1453 5342 1798 5418; x_wconf 72' lang='grc' dir='ltr'>ἀνθρώπων.</span> <span class='ocrx_word' id='word_1_833' title='bbox 1850 5344 1974 5418; x_wconf 65' lang='lat' dir='ltr'><strong>llaec</strong></span> 
     </span>
    </p>
   </div>
   <div class='ocr_carea' id='block_1_105' title="bbox 400 5405 1979 5487">
    <p class='ocr_par' dir='ltr' id='par_1_105' title="bbox 400 5405 1979 5487">
     <span class='ocr_line' id='line_1_105' title="bbox 400 5405 1979 5487; baseline 0.006 -27"><span class='ocrx_word' id='word_1_834' title='bbox 400 5405 622 5487; x_wconf 64' lang='lat' dir='ltr'><strong>quidem</strong></span> <span class='ocrx_word' id='word_1_835' title='bbox 663 5405 950 5477; x_wconf 82' lang='lat' dir='ltr'><strong>Epiphanii</strong></span> <span class='ocrx_word' id='word_1_836' title='bbox 982 5412 1252 5487; x_wconf 54' lang='lat' dir='ltr'><strong>sententia</strong></span> <span class='ocrx_word' id='word_1_837' title='bbox 1286 5405 1685 5487; x_wconf 72' lang='lat' dir='ltr'><strong>cst,__quam__et</strong></span> <span class='ocrx_word' id='word_1_838' title='bbox 1717 5416 1979 5487; x_wconf 82' lang='lat' dir='ltr'><strong>Augusti-</strong></span> 
     </span>
    </p>
   </div>
   <div class='ocr_carea' id='block_1_106' title="bbox 405 5478 1978 5553">
    <p class='ocr_par' dir='ltr' id='par_1_106' title="bbox 405 5478 1978 5553">
     <span class='ocr_line' id='line_1_106' title="bbox 405 5478 1978 5553; baseline 0.004 -20"><span class='ocrx_word' id='word_1_839' title='bbox 405 5478 509 5553; x_wconf 73' lang='lat' dir='ltr'><strong>nus</strong></span> <span class='ocrx_word' id='word_1_840' title='bbox 537 5478 631 5553; x_wconf 80' lang='lat' dir='ltr'><strong>lib.</strong></span> <span class='ocrx_word' id='word_1_841' title='bbox 671 5494 783 5532; x_wconf 70' lang='grc' dir='ltr'>χιιι</span> <span class='ocrx_word' id='word_1_842' title='bbox 814 5489 957 5537; x_wconf 88' lang='lat' dir='ltr'><strong>cont.</strong></span> <span class='ocrx_word' id='word_1_843' title='bbox 989 5478 1188 5553; x_wconf 18' lang='lat' dir='ltr'><strong>AFaust.</strong></span> <span class='ocrx_word' id='word_1_844' title='bbox 1234 5497 1351 5553; x_wconf 90' lang='lat' dir='ltr'><strong>cap.</strong></span> <span class='ocrx_word' id='word_1_845' title='bbox 1379 5478 1471 5545; x_wconf 65' lang='lat'><strong>55,</strong></span> <span class='ocrx_word' id='word_1_846' title='bbox 1499 5492 1553 5539; x_wconf 89' lang='lat' dir='ltr'><strong>et</strong></span> <span class='ocrx_word' id='word_1_847' title='bbox 1586 5478 1978 5543; x_wconf 41' lang='lat' dir='ltr'><strong>l&#39;lieronfcont.</strong></span> 
     </span>
    </p>
   </div>
   <div class='ocr_carea' id='block_1_107' title="bbox 2084 5342 3668 5420">
    <p class='ocr_par' dir='ltr' id='par_1_107' title="bbox 2084 5342 3668 5420">
     <span class='ocr_line' id='line_1_107' title="bbox 2084 5342 3668 5420; baseline -0.003 -17"><span class='ocrx_word' id='word_1_848' title='bbox 2084 5349 2358 5414; x_wconf 84' lang='lat' dir='ltr'><strong>dubitant,</strong></span> <span class='ocrx_word' id='word_1_849' title='bbox 2394 5347 2543 5420; x_wconf 86' lang='lat' dir='ltr'><strong>quod</strong></span> <span class='ocrx_word' id='word_1_850' title='bbox 2568 5358 2622 5403; x_wconf 84' lang='lat' dir='ltr'><strong>et</strong></span> <span class='ocrx_word' id='word_1_851' title='bbox 2656 5346 3003 5420; x_wconf 69' lang='lat' dir='ltr'><strong>Abrahamus</strong></span> <span class='ocrx_word' id='word_1_852' title='bbox 3032 5345 3167 5414; x_wconf 88' lang='lat' dir='ltr'><strong>ipse,</strong></span> <span class='ocrx_word' id='word_1_853' title='bbox 3192 5343 3445 5420; x_wconf 77' lang='lat' dir='ltr'><strong>Gen._xr,</strong></span> <span class='ocrx_word' id='word_1_854' title='bbox 3472 5342 3668 5420; x_wconf 78' lang='lat' dir='ltr'><strong>diserte</strong></span> 
     </span>
    </p>
   </div>
   <div class='ocr_carea' id='block_1_108' title="bbox 2083 5413 3666 5492">
    <p class='ocr_par' dir='ltr' id='par_1_108' title="bbox 2083 5413 3666 5492">
     <span class='ocr_line' id='line_1_108' title="bbox 2083 5413 3666 5492; baseline -0.006 -17"><span class='ocrx_word' id='word_1_855' title='bbox 2083 5422 2395 5492; x_wconf 89' lang='lat' dir='ltr'><strong>proﬁtetur.</strong></span> <span class='ocrx_word' id='word_1_856' title='bbox 2414 5413 2552 5492; x_wconf 9' lang='lat' dir='ltr'><strong>&quot;lnior</strong></span> <span class='ocrx_word' id='word_1_857' title='bbox 2572 5435 2701 5474; x_wconf 87' lang='lat' dir='ltr'><strong>vero</strong></span> <span class='ocrx_word' id='word_1_858' title='bbox 2724 5428 2795 5492; x_wconf 75' lang='lat' dir='ltr'><strong>et</strong></span> <span class='ocrx_word' id='word_1_859' title='bbox 2816 5413 3311 5492; x_wconf 19' lang='lat' dir='ltr'><strong>Davidis4tempore</strong></span> <span class='ocrx_word' id='word_1_860' title='bbox 3342 5413 3580 5492; x_wconf 67' lang='lat' dir='ltr'><strong>fortasse</strong></span> <span class='ocrx_word' id='word_1_861' title='bbox 3605 5416 3666 5466; x_wconf 84' lang='lat' dir='ltr'><strong>li-</strong></span> 
     </span>
    </p>
   </div>
   <div class='ocr_carea' id='block_1_109' title="bbox 2083 5484 3661 5562">
    <p class='ocr_par' dir='ltr' id='par_1_109' title="bbox 2083 5484 3661 5562">
     <span class='ocr_line' id='line_1_109' title="bbox 2083 5484 3661 5562; baseline -0.007 -14"><span class='ocrx_word' id='word_1_862' title='bbox 2083 5484 2216 5548; x_wconf 74' lang='lat' dir='ltr'><strong>cuit.</strong></span> <span class='ocrx_word' id='word_1_863' title='bbox 2246 5494 2458 5562; x_wconf 85' lang='lat' dir='ltr'><strong>Alioqui</strong></span> <span class='ocrx_word' id='word_1_864' title='bbox 2496 5489 2735 5562; x_wconf 86' lang='lat' dir='ltr'><strong>Thamar</strong></span> <span class='ocrx_word' id='word_1_865' title='bbox 2770 5488 2984 5540; x_wconf 82' lang='lat' dir='ltr'><strong>Amnon</strong></span> <span class='ocrx_word' id='word_1_866' title='bbox 3044 5486 3197 5540; x_wconf 81' lang='lat' dir='ltr'><strong>fratri</strong></span> <span class='ocrx_word' id='word_1_867' title='bbox 3226 5501 3347 5562; x_wconf 88' lang='lat' dir='ltr'><strong>_suo</strong></span> <span class='ocrx_word' id='word_1_868' title='bbox 3391 5501 3499 5562; x_wconf 71' lang='lat' dir='ltr'><strong>non</strong></span> <span class='ocrx_word' id='word_1_869' title='bbox 3528 5484 3661 5562; x_wconf 75' lang='lat' dir='ltr'><strong>dice-</strong></span> 
     </span>
    </p>
   </div>
   <div class='ocr_carea' id='block_1_110' title="bbox 410 5547 3665 5631">
    <p class='ocr_par' dir='ltr' id='par_1_110' title="bbox 410 5547 3665 5631">
     <span class='ocr_line' id='line_1_110' title="bbox 410 5547 3665 5631; baseline 0.002 -28"><span class='ocrx_word' id='word_1_870' title='bbox 410 5547 621 5603; x_wconf 83' lang='lat' dir='ltr'><strong>llelvid.</strong></span> <span class='ocrx_word' id='word_1_871' title='bbox 669 5557 893 5631; x_wconf 76' lang='lat' dir='ltr'><strong>tuentur</strong></span> <span class='ocrx_word' id='word_1_872' title='bbox 926 5566 940 5601; x_wconf 88' lang='lat'>:</span> <span class='ocrx_word' id='word_1_873' title='bbox 973 5547 1566 5631; x_wconf 59' lang='lat' dir='ltr'><strong>Abraliami_&#39;tempore</strong></span> <span class='ocrx_word' id='word_1_874' title='bbox 1617 5555 1788 5631; x_wconf 77' lang='lat' dir='ltr'><strong>_net&#39;as_</strong></span> <span class='ocrx_word' id='word_1_875' title='bbox 1817 5557 1986 5613; x_wconf 81' lang='lat' dir='ltr'><strong>fuisse</strong></span> <span class='ocrx_word' id='word_1_876' title='bbox 2083 5547 2188 5629; x_wconf 67' lang='lat' dir='ltr'><strong>fet,</strong></span> <span class='ocrx_word' id='word_1_877' title='bbox 2220 5572 2279 5617; x_wconf 74' lang='lat' dir='ltr'><strong>ut</strong></span> <span class='ocrx_word' id='word_1_878' title='bbox 2307 5547 2688 5631; x_wconf 74' lang='lat' dir='ltr'><strong>sc&#39;conjngem</strong></span> <span class='ocrx_word' id='word_1_879' title='bbox 2726 5564 3025 5631; x_wconf 8' lang='lat' dir='ltr'><strong>agparente</strong></span> <span class='ocrx_word' id='word_1_880' title='bbox 3058 5557 3360 5631; x_wconf 81' lang='lat' dir='ltr'><strong>postularet</strong></span> <span class='ocrx_word' id='word_1_881' title='bbox 3392 5595 3407 5621; x_wconf 93' lang='lat'><strong>,</strong></span> <span class='ocrx_word' id='word_1_882' title='bbox 3450 5554 3499 5610; x_wconf 84' lang='lat' dir='ltr'><strong>ll</strong></span> <span class='ocrx_word' id='word_1_883' title='bbox 3541 5554 3665 5627; x_wconf 73' lang='lat' dir='ltr'><strong>lteg.</strong></span> 
     </span>
    </p>
   </div>
   <div class='ocr_carea' id='block_1_111' title="bbox 406 5622 3309 5707">
    <p class='ocr_par' dir='ltr' id='par_1_111' title="bbox 406 5622 3309 5707">
     <span class='ocr_line' id='line_1_111' title="bbox 406 5622 3309 5707; baseline 0.002 -31"><span class='ocrx_word' id='word_1_884' title='bbox 406 5636 641 5707; x_wconf 73' lang='lat' dir='ltr'><strong>sorores</strong></span> <span class='ocrx_word' id='word_1_885' title='bbox 671 5636 739 5676; x_wconf 81' lang='lat' dir='ltr'><strong>ex</strong></span> <span class='ocrx_word' id='word_1_886' title='bbox 778 5622 949 5707; x_wconf 54' lang='lat' dir='ltr'><strong>altera</strong></span> <span class='ocrx_word' id='word_1_887' title='bbox 991 5631 1228 5707; x_wconf 47' lang='lat' dir='ltr'><strong>parente.</strong></span> <span class='ocrx_word' id='word_1_888' title='bbox 1257 5622 1480 5704; x_wconf 78' lang='lat' dir='ltr'><strong>dueere.</strong></span> <span class='ocrx_word' id='word_1_889' title='bbox 1527 5622 1633 5679; x_wconf 83' lang='lat' dir='ltr'><strong>Sed</strong></span> <span class='ocrx_word' id='word_1_890' title='bbox 1668 5628 1984 5707; x_wconf 37' lang='lat' dir='ltr'><strong>“reclamant</strong></span> <span class='ocrx_word' id='word_1_891' title='bbox 2089 5622 2249 5693; x_wconf 63' lang='grc' dir='ltr'>χχιιι.</span> <span class='ocrx_word' id='word_1_892' title='bbox 2278 5622 2604 5707; x_wconf 65' lang='lat' dir='ltr'><strong>Quanquam</strong></span> <span class='ocrx_word' id='word_1_893' title='bbox 2632 5631 2748 5690; x_wconf 81' lang='lat' dir='ltr'><strong>scio</strong></span> <span class='ocrx_word' id='word_1_894' title='bbox 2773 5622 2888 5685; x_wconf 51' lang='lat' dir='ltr'><strong>hinc</strong></span> <span class='ocrx_word' id='word_1_895' title='bbox 2924 5622 3083 5686; x_wconf 75' lang='lat' dir='ltr'><strong>aliter</strong></span> <span class='ocrx_word' id='word_1_896' title='bbox 3110 5627 3309 5700; x_wconf 86' lang='lat' dir='ltr'><strong>accipi.</strong></span> 
     </span>
    </p>
   </div>
   <div class='ocr_carea' id='block_1_112' title="bbox 409 5690 1980 5764">
    <p class='ocr_par' dir='ltr' id='par_1_112' title="bbox 409 5690 1980 5764">
     <span class='ocr_line' id='line_1_112' title="bbox 409 5690 1980 5764; baseline 0.005 -19"><span class='ocrx_word' id='word_1_897' title='bbox 409 5692 652 5764; x_wconf 85' lang='lat' dir='ltr'><strong>plerique</strong></span> <span class='ocrx_word' id='word_1_898' title='bbox 671 5732 685 5759; x_wconf 92' lang='lat'><strong>,</strong></span> <span class='ocrx_word' id='word_1_899' title='bbox 718 5693 809 5763; x_wconf 87' lang='lat' dir='ltr'><strong>qui</strong></span> <span class='ocrx_word' id='word_1_900' title='bbox 843 5690 1036 5749; x_wconf 79' lang='lat' dir='ltr'><strong>Saram</strong></span> <span class='ocrx_word' id='word_1_901' title='bbox 1064 5693 1358 5751; x_wconf 87' lang='lat' dir='ltr'><strong>Abrahami</strong></span> <span class='ocrx_word' id='word_1_902' title='bbox 1389 5709 1635 5753; x_wconf 84' lang='lat' dir='ltr'><strong>sororem</strong></span> <span class='ocrx_word' id='word_1_903' title='bbox 1665 5694 1837 5755; x_wconf 84' lang='lat' dir='ltr'><strong>fuisse</strong></span> <span class='ocrx_word' id='word_1_904' title='bbox 1866 5713 1980 5755; x_wconf 87' lang='lat' dir='ltr'><strong>non</strong></span> 
     </span>
    </p>
   </div>
  </div>
