3768 6182
122 235 248 290 673

787 231 1161 293 ADVERSUS
1198 233 1542 291 ΠΕΠΕὸεὸ
1579 232 1710 291 LIB.
1754 232 1795 290 1.
1836 230 2000 291 TOM.
2039 230 2128 289 lli.
2170 263 2239 273 -—
2279 229 2554 289 IUERES.
2596 231 2843 291 XXXIX.

3328 229 3441 290 τη

123 354 296 422 eam,
334 348 429 402 καὶ
475 346 583 419 πρδ
632 347 729 402 τοῦ
769 347 859 402 διὰ
875 349 1174 414 ’Μωῢσέως
1213 350 1493 421 ἐγγράφου
1525 351 1739 421 νόμουέ

1920 363 1974 402 m
2006 347 2323 418 nuptiarum
2373 354 2554 403 status
2585 346 2807 417 optimis
2837 343 3072 401 decretis
3109 346 3410 403 constitutu

122 440 288 495 κατὰ
326 441 419 494 τὸν
454 440 652 510 σεμνὸν
675 440 853 510 γάμον
888 439 1089 511 θεσμός
1110 456 1123 469 ·
1156 441 1251 494 καὶ
1284 442 1349 493 ἑκ
1376 439 1489 519 τῶν
1528 456 1743 512 πατρα-

123 532 357 601 δέλφων
385 530 566 585 αὐτῶν
598 530 707 609 (τὰς
735 531 980 603 γαμετὰς
1007 532 1216 585 ἑαυτῶν
1246 533 1458 603 ἤγοντο.
1498 534 1608 586 Kal
1655 533 1747 586 οὗ·

128 640 219 675 τω
251 622 675 693 πλατυνομένων
708 623 833 694 ἄρτι
867 623 974 676 τῶν
1007 622 1309 695 ἀνθρώπων
1354 624 1519 695 ἐμίγη
1560 624 1628 678 τὰ
1654 624 1747 678 δύο

125 714 301 787 γένη,
337 715 431 769 τοῦ
474 733 534 768 τε
569 716 709 769 Κάῖν
748 715 886 788 πρὸς
915 716 977 769 τὸ
1006 716 1163 786 γένος
1190 716 1284 769 τοῦ
1319 717 1452 788 Σὴθ,
1506 717 1601 770 καὶ
1649 717 1743 771 τοῦ

127 806 253 877 Σὴθ
292 807 429 878 πρὸς
457 807 704 878 θάτερον,
734 807 829 863 καὶ
866 806 933 860 τὰ
979 807 1114 862 ἄλλα
1140 808 1249 862 τῶν
1284 810 1415 863 υἱῶν
1453 808 1546 862 τοῦ
1574 810 1747 881 Ἀδὰμ

128 897 303 968 γένη.
322 897 600 951 Ἐντεῦθεν
622 897 806 951 λοιπὸν
828 898 922 951 τοῦ
945 899 1335 971 κατακλυσμοῦ
1363 899 1533 974 ἄρδην
1555 901 1614 955 τὸ
1638 904 1746 955 πᾶν

130 988 246 1059 τῆς
280 988 522 1052 στάσεως
564 988 673 1042 τῶν
724 988 1028 1062 ἀνθρώπων
1054 991 1443 1057 ἀπολέσαντος,
1468 992 1739 1062 διαπεφύ-

133 1079 345 1133 λακται
378 1080 537 1150 μόνος
562 1080 685 1133 Νῶε
715 1082 892 1153 εὑρὼν
914 1083 1072 1153 χάριν
1100 1082 1252 1155 παρὰ
1275 1082 1353 1153 τῷ
1380 1083 1517 1154 Θεῷ,
1539 1085 1747 1149 δίκαιος

133 1172 396 1242 εὑρεθεὶς
428 1172 487 1224 ὲν
517 1173 582 1241 τῇ
613 1170 733 1243 κατ’
760 1174 938 1225 έκεῖνο
964 1172 1157 1244 καιροῦ
1189 1176 1372 1246 γενεᾷ.
1402 1176 1666 1246 Λάρνακα
1689 1174 1745 1228 δὲ

134 1264 294 1317 κατὰ
314 1264 383 1318 τὰ
416 1264 519 1335 ἤδη
554 1265 819 1336 πρότερον
853 1266 987 1336 ἡμῖν
1029 1267 1297 1338 εἰρημένα
1342 1267 1746 1322 κατεσκεύασεν

136 1355 333 1427 ἑαυτῷ
362 1358 426 1410 ὲκ
458 1356 884 1429 προστάγματος
923 1354 1081 1424 Θεοῦ,
1116 1358 1193 1424 ὡς
1220 1359 1438 1431 ἔχουσιν
1468 1360 1524 1413 αἱ
1555 1358 1743 1429 ἀληθι-

135 1446 236 1498 ναὶ
266 1445 503 1518 Γραφαί.
534 1447 622 1499 Ἐν
668 1441 701 1522 ᾖ
751 1446 1114 1501 διασεσῶσθαι
1162 1450 1194 1519 ἡ
1244 1448 1382 1520 αὑτὴ
1425 1449 1623 1518 φάσκει
1647 1449 1748 1519 τῆς

151 1537 447 1608 ’Δληθείας
478 1537 660 1608 βίϐλος
688 1538 851 1591 αὐτόν
874 1555 933 1592 τε
964 1538 1059 1591 καὶ
1086 1538 1191 1603 τὰς
1216 1541 1625 1612 προειρημένας
1650 1543 1749 1595 αὐ-

137 1633 223 1705 τῷ
257 1634 375 1704 ἄμα
400 1634 539 1687 ἑπτὰ
569 1632 746 1703 ψυχάς
767 1650 781 1663 ο
816 1634 959 1704 φημὶ⁵
996 1634 1053 1687 δὲ
1089 1634 1189 1706 τήν
1223 1650 1282 1686 τε
1322 1635 1459 1688 ἰδίαν
1490 1635 1744 1705 σύζυγον,

1848 446 1954 493 est.
1989 437 2132 509 Ergo
2160 438 2523 494 consobrinas
2552 438 2753 494 ducere
2780 452 2900 493 mos
2931 436 3050 491 fuit.
3086 436 3201 503 Qua
3228 439 3442 493 ratione

1850 531 2056 585 factum
2088 538 2174 587 est
2200 539 2280 596 ut,
2304 531 2681 601 multiplicatis
2700 530 3036 595 hominibus,
3063 530 3170 585 duo
3196 531 3247 584 in
3269 546 3438 585 unum

1849 635 2048 691 genera
2083 621 2470 687 miscerentur,
2507 621 2664 678 Caini
2696 619 2949 677 videlicet
2988 638 3051 676 ac
3087 621 3273 687 Sethi;
3322 631 3437 677 tum

1850 712 2112 784 deinceps
2147 713 2371 784 reliqua:
2405 713 2640 770 ﬁliorum
2676 713 2868 768 Adami
2896 715 3094 785 stirpes
3123 716 3435 785 promiscue

1844 805 2229 879 iungerentur.
2273 806 2470 864 Postea
2515 824 2639 863 cum
2686 822 2952 879 aquarum
2997 808 3294 864 exundatio
3334 808 3438 862 hu-

1850 899 1995 953 mani
2037 899 2253 969 generis
2284 908 2486 954 statum
2540 898 2786 956 funditus
2832 900 3143 964 delcvisset,
3180 917 3323 957 unus
3372 918 3438 955 ex

1851 991 2107 1046 omnibus
2145 989 2383 1046 Noemus
2415 999 2665 1048 servatus
2698 999 2804 1059 est,
2849 993 2940 1063 qui
2982 992 3259 1063 gratiosus
3294 992 3436 1059 apud

1852 1075 2019 1135 Deum
2070 1081 2377 1147 exstiterat,
2436 1081 2583 1152 quod
2614 1088 2775 1137 aetate
2821 1096 2919 1137 sua
2950 1081 3136 1152 justus
3174 1091 3319 1137 esset
3364 1081 3443 1135 in-

1847 1180 2062 1227 ventus.
2101 1171 2220 1237 Hic,
2250 1180 2310 1227 ut
2343 1180 2469 1228 ante
2502 1173 2951 1237 memoravimus,
2985 1187 3167 1227 arcam
3201 1172 3303 1227 sibi
3332 1171 3445 1227 Deo

1842 1262 2075 1333 jubente
2132 1262 2432 1319 fabricatus
2481 1272 2601 1331 est,
2657 1264 3119 1334 quemadmodum
3179 1278 3439 1333 germana

1846 1354 2046 1409 divina;
2079 1354 2213 1425 legis
2263 1356 2605 1411 monimenta
2656 1362 2948 1410 testantur.
2980 1355 3094 1422 Qua
3127 1355 3344 1424 quidem
3387 1355 3442 1409 in

1849 1459 1975 1499 arca
2003 1454 2280 1499 servatum
2307 1444 2570 1500 Noemum
2598 1445 2652 1499 in
2676 1446 2864 1500 eodem
2890 1447 3116 1501 sincera:
3141 1445 3443 1515 Scriptura:

1848 1538 2129 1592 volumine
2176 1538 2452 1608 proditum
2503 1545 2610 1604 est,
2646 1553 2771 1592 cum
2817 1553 2992 1608 eoque
3047 1547 3274 1607 septem,
3321 1553 3443 1607 qua:

1850 1637 1976 1684 ante
2009 1630 2437 1694 nominavimus,
2463 1631 2665 1700 capita,
2696 1631 2797 1686 hoc
2838 1637 2921 1686 est
2953 1630 3240 1702 conjugem
3267 1631 3441 1700 ipsius

139 1730 243 1783 καὶ
287 1729 416 1792 τοὺς
457 1730 607 1799 τρεῖς
648 1728 836 1791 υἱοὺς,
875 1727 1142 1796 γυναῖκάς
1183 1744 1243 1779 τε
1298 1726 1505 1781 τούτων
1544 1727 1739 1798 ὁμοίως

1924 1737 1975 1775 m
2033 1722 2211 1777 tribus
2253 1722 2464 1786 liberis,
2513 1737 2578 1777 ac
2631 1722 2857 1777 tetidem
2914 1738 3103 1777 eorum
3153 1723 3440 1778 uxoribus.

138 1822 435 1893 τρεῖς.Ἔκ
466 1819 657 1873 τούτου
701 1819 758 1873 δὲ
804 1819 1033 1889 λείψανα
1078 1818 1411 1890 γεγενῆσθαι
1450 1820 1553 1890 τῆς
1604 1820 1745 1875 κατὰ

139 1914 237 1969 τὸν
270 1914 560 1986 ἄνθρωπον
601 1913 915 1976 συστάσεως
950 1914 1008 1966 ὲν
1037 1911 1229 1983 κόσμῳ
1261 1911 1423 1965 πάλιν
1453 1914 1486 1984 ἡ
1518 1911 1746 1983 ἀλήθεια

144 2006 488 2076 συνίστησιν.
517 2003 680 2058 Ὅθεν
726 2002 871 2057 κατὰ
917 2002 1109 2072 γενεὰν
1156 2003 1598 2075 προϐαινόντων,
1650 2004 1747 2057 καὶ

141 2096 292 2150 κατὰ
323 2096 576 2167 διαδοχὴν
602 2094 721 2148 υἱοῦ
749 2095 961 2168 πατέρα
998 2094 1401 2167 διαδεχομένου,
1430 2096 1512 2159 είς
1552 2094 1750 2163 γενεὰς

141 2189 311 2243 πέντε
347 2191 376 2242 ὁ
403 2187 538 2242 αἰὼν
567 2187 819 2259 ἑλήλακε.

214 2278 326 2333 Kal
376 2279 565 2348 γέγονε
621 2280 738 2333 κατ’
767 2278 940 2331 ἐκεῖνο
985 2276 1179 2349 καιροῦ
1227 2278 1260 2349 ἡ
1300 2277 1401 2349 τῆς
1428 2277 1746 2344 Βαϐυλῶνος

140 2371 328 2434 κτίσις
358 2370 416 2423 ὲν
446 2373 514 2442 τῇ
544 2370 652 2423 τῶν
680 2369 987 2441 Ἀσσυρίων
1013 2372 1107 2441 γῇ,
1144 2368 1239 2422 καὶ
1269 2371 1297 2423 ὁ
1325 2369 1416 2421 ὑπ’
1446 2369 1627 2424 αὐτῶν
1665 2371 1745 2422 οἰ-

142 2461 479 2533 κοδομηθεὶς
527 2461 650 2515 τότε
696 2457 1115 2534 πύργος.Ἦσαν
1162 2460 1220 2514 δὲ
1267 2460 1410 2514 κατὰ
1440 2460 1628 2515 τοῦτον
1656 2460 1745 2515 τὸν

140 2551 365 2623 καιρὸν,
401 2552 477 2615 ὡς
507 2551 606 2623 ἥδη
638 2552 695 2605 ἑν
723 2553 843 2614 ταῖς
878 2550 1145 2624 πρότερον
1186 2549 1433 2620 αἱρέσεσι
1475 2549 1743 2621 διηγησά-

144 2664 280 2718 μην,
312 2645 457 2699 κατὰ
484 2645 577 2698 τὸν
607 2645 797 2717 εἱρμὸν
822 2644 932 2698 τῶν
961 2645 1073 2700 ἄνω
1106 2660 1198 2715 μοι
1240 2643 1444 2712 γενεῶν
1476 2660 1743 2715 πραγμα-

138 2738 446 2791 τευθεισῶν
475 2740 524 2791 οἱ
558 2738 761 2802 πάντες
794 2735 1258 2809 ἑϐδομηκονταδύο
1288 2735 1481 2808 ἄνδρες
1512 2735 1606 2789 τὸν
1634 2736 1748 2807 ἀρι-

138 2828 309 2899 θμὸν,
341 2829 574 2899 ἀρχηγοί
606 2844 663 2881 τε
699 2826 792 2879 κα)⁵
833 2825 1227 2895 κεφαλαιῶται,
1254 2824 1350 2877 τοῦ
1380 2825 1477 2897 μὲν
1506 2826 1638 2896 Χὰμ
1660 2825 1750 2894 γέ-

138 2933 272 2978 νους
322 2915 734 2988 τριακονταδύο,
767 2916 863 2969 καὶ
902 2914 997 2968 τοῦ
1033 2915 1153 2987 Σὴμ
1187 2915 1508 2981 δεκαπέντε,
1548 2915 1642 2970 τοῦ
1689 2916 1746 2970 δὲ

154 3007 340 3078 ἰἀφεθ
374 3008 710 3061 εἰκοσιπέντε
730 3007 769 3063 ¹.
802 3007 913 3061 Kal
940 3005 1112 3071 οὕτως
1141 3009 1169 3061 ὁ
1198 3007 1409 3078 πύργος
1448 3008 1543 3061 καὶ
1571 3009 1605 3079 ἡ
1637 3009 1744 3061 Βα-

140 3100 327 3153 ϐυλὼν
372 3099 721 3169 ἑγένετο.Έκ
757 3097 964 3153 τούτων
1000 3098 1377 3171 διεσπάρησαν
1420 3100 1515 3152 ἐπὶ
1564 3101 1746 3154 πᾶσαν

140 3193 247 3265 τὴν
274 3192 381 3263 γῆν
406 3191 568 3260 φυλαί
603 3209 661 3245 τε
691 3192 785 3244 καὶ⁵
815 3191 1083 3261 γλῶσσαι.
1117 3192 1229 3246 Καὶ
1259 3191 1489 3265 ἐπείπερ
1522 3195 1571 3246 οί
1598 3193 1747 3246 ἑϐδοο

146 3282 494 3354 μηκονταδύο
546 3283 667 3337 τότε
730 3285 823 3337 τὸν
885 3283 1095 3356 πύργον
1161 3284 1571 3356 οἰκοδομοῦντες
1626 3287 1748 3350 ταῖς

142 3374 427 3441 γλώσσαις
452 3375 912 3448 διεσκεδάσθησαν
948 3375 1326 3448 συγχυθέντες,
1363 3378 1455 3430 καὶ
1482 3377 1589 3431 ἀπὸ
1617 3379 1748 3449 μιᾶς

141 3461 214 3537 ἦς
242 3467 443 3538 ᾔδεσαν
486 3469 922 3540 ἑμπνευσθέντες
965 3472 1029 3523 ἑκ
1062 3468 1197 3523 Θεοῦ
1228 3468 1553 3541 βουλήσεως,
1591 3470 1749 3535 ἄλλος

142 3558 320 3630 ἄλλην
345 3560 665 3629 ἐσχήκασιν.
685 3559 775 3627 Ἐξ
793 3553 979 3632 ὧνπερ
1004 3561 1099 3613 καὶ
1123 3560 1283 3632 μέχρι
1312 3560 1473 3633 δεῦρο
1494 3564 1526 3634 ἡ
1557 3560 1750 3616 σύστα-

143 3666 233 3714 σις
269 3650 380 3704 τῶν
424 3652 622 3705 λαλιῶν
663 3652 983 3725 ἐνέστηκενο
1015 3652 1156 3707 ὥστε
1189 3652 1499 3726 βουλομένῳ
1534 3655 1747 3711 ἔνεστιν

147 3744 333 3814 εὑρεῖν
353 3745 581 3800 ἕκαστον
611 3746 852 3818 ἀρχηγὸν
876 3747 1114 3819 ἑκάστης
1140 3746 1393 3819 γλώσσης
1412 3765 1425 3778 ο
1456 3748 1532 3812 ὡς
1554 3748 1747 3803 Ἰωυὰν

150 3837 255 3908 μὲν
308 3836 408 3908 τὴν
450 3837 729 3909 Ἑλληνίδα
782 3838 958 3911 ἔσχεν,
993 3840 1053 3905 ἑξ
1084 3833 1257 3913 οὗπερ
1296 3842 1391 3894 καὶ
1424 3843 1611 3906 Ἴωνες
1649 3842 1744 3897 κέ-

144 3932 397 4003 κληνται,
419 3933 467 3985 οἱ
491 3932 591 4003 τὴν
617 3932 856 3987 παλαιὰν
884 3933 1136 4002 γλῶσσαν
1168 3934 1279 3987 τῶν
1306 3935 1572 4007 Ἐλλήνων
1598 3934 1746 4006 ἕχον-

143 4041 240 4087 τες
259 4037 276 4053 ’
310 4026 493 4095 Θήρας
541 4023 599 4077 δὲ
650 4025 761 4080 τῶν
792 4025 1055 4098 Θρᾳκῶν·
1088 4026 1275 4097 Μοσὸχ
1300 4027 1400 4098 τὴν
1427 4026 1746 4081 Μωσσυνοί-

146 4136 263 4172 κων
294 4117 547 4186 γλῶσσαν
568 4136 583 4150 ο
616 4118 804 4172 Θωϐὲλ
831 4119 928 4191 τὴν
955 4120 1063 4173 τῶν
1093 4119 1376 4173 Θετταλῶν
1396 4136 1409 4149 ·
1440 4119 1625 4173 Ἐλοὺδ
1645 4119 1744 4193 τὴν

146 4209 338 4264 Λυδῶν
357 4224 370 4238 ·
402 4209 586 4284 Γεφὰρ
616 4210 714 4282 τὴν
739 4210 1039 4281 Γασφηνῶν
1058 4228 1071 4241 ·
1109 4210 1367 4282 Μιστρὲμ
1394 4210 1494 4284 τὴν
1513 4211 1622 4265 τῶν
1650 4213 1745 4266 Αἰ-

146 4296 430 4365 γυπτίωνο
468 4298 620 4363 Ψοῦς
672 4297 771 4370 τὴν
826 4298 937 4353 τῶν
967 4298 1338 4371 Ἀξουμιτῶνο
1374 4300 1595 4372 Ἀρμὼτ
1644 4302 1742 4375 τὴν

1856 1815 2221 1883 Quamobrem
2249 1817 2466 1886 generis
2495 1815 2723 1869 humani
2750 1815 3011 1884 reliquias
3039 1816 3095 1870 in
3122 1816 3266 1870 hunc
3290 1832 3445 1870 mun-

1847 1906 1975 1960 dum
2011 1920 2041 1959 a
2071 1904 2279 1961 Noemo
2304 1905 2600 1976 productas
2631 1922 2755 1962 esse
2791 1908 3038 1962 veritatis
3078 1907 3253 1977 ipsius
3286 1906 3438 1962 testi-

1846 1998 2033 2052 monio
2073 2007 2312 2054 constat.
2360 1997 2439 2052 Ex
2483 2014 2593 2070 quo
2633 1998 2995 2069 multiplicata
3032 1999 3207 2069 prole,
3252 2013 3444 2070 perpe-

1850 2097 2055 2163 tuaque
2091 2090 2299 2145 sobolis
2336 2090 2691 2146 successione
2740 2091 2985 2162 quinque
3023 2090 3079 2144 in
3108 2090 3270 2146 terris
3309 2090 3442 2146 stir-

1846 2180 1994 2251 pium
2020 2188 2153 2237 sunt
2185 2180 2327 2236 facta
2358 2182 2618 2237 divortia.

1917 2272 2038 2338 Quo
2060 2281 2308 2343 tempore
2337 2272 2579 2345 Babylon
2621 2275 2677 2329 in
2720 2273 3071 2346 Assyriai’ab
3101 2273 3296 2330 iisdem
3329 2273 3444 2330 illis

1848 2370 2153 2428 exstructa,
2209 2364 2302 2435 qui
2350 2372 2404 2419 et
2460 2365 2658 2419 turrim
2718 2366 3108 2421 condiderunt.
3160 2365 3443 2437 Erantque

1848 2462 1988 2517 tum,
2020 2454 2099 2508 uti
2123 2454 2177 2509 in
2207 2454 2590 2525 superioribus
2614 2456 2915 2512 haeresibus
2934 2472 2999 2512 ex
3024 2458 3441 2528 generationum

1849 2559 1880 2598 a
1912 2545 2073 2600 nobis
2107 2545 2356 2599 instituta
2406 2547 2547 2602 serie
2576 2546 3009 2602 demonstratum
3039 2556 3145 2614 est,
3189 2549 3441 2607 homines

1848 2636 2019 2692 ferme
2043 2652 2191 2692 Lxxn
2214 2637 2466 2708 stirpium
2492 2645 2765 2704 auctores,
2786 2647 2841 2693 et
2860 2640 3060 2709 capita.
3085 2639 3354 2695 Nimirum
3373 2658 3437 2698 ex

1846 2728 2038 2783 Chami
2066 2730 2321 2801 progenie
2352 2746 2501 2785 xxxu
2522 2748 2539 2798 ;
2561 2746 2591 2786 e
2614 2742 2813 2801 genere
2840 2732 2987 2798 Sem,
3020 2748 3120 2799 xv;
3160 2748 3191 2788 e
3225 2731 3439 2803 Japheti

1846 2836 1976 2876 vero
2008 2823 2178 2892 stirpe
2205 2838 2330 2886 xxv,
2365 2838 2487 2877 cum
2517 2823 2688 2878 turris
2720 2824 2810 2878 illa
2847 2840 2971 2879 cum
3004 2824 3281 2895 Babylone
3306 2840 3444 2880 con-

1847 2913 2092 2970 deretur.
2124 2914 2206 2969 Ab
2250 2914 2337 2970 his
2368 2916 2423 2969 in
2455 2915 2774 2971 universum
2807 2916 2995 2973 orbem
3040 2917 3292 2973 nationes
3319 2934 3440 2973 om-

1849 3023 1949 3063 nes
1980 3022 2044 3062 ac
2089 3007 2290 3077 linguae
2328 3007 2607 3079 dissipata:
2637 3018 2787 3065 sunt.
2818 3008 3183 3081 Posteaquam
3217 3022 3443 3082 septua-

1800 3096 1815 3116 ’
1850 3099 1999 3168 ginta
2048 3099 2126 3153 illi
2182 3100 2312 3165 duo,
2362 3101 2455 3171 qui
2508 3102 2702 3156 turrim
2754 3103 3141 3169 moliebantur,
3193 3104 3441 3162 confusis

1849 3191 2196 3262 linguis,hue
2220 3193 2459 3264 illucque
2487 3193 2722 3265 dispersi
2754 3204 2883 3252 sunt
2932 3203 2987 3252 et
3018 3212 3116 3267 pro
3146 3212 3251 3252 una
3274 3213 3440 3271 quam

1848 3283 2121 3340 callebant
2160 3284 2302 3340 alius
2350 3286 2513 3340 aliam
2542 3303 2605 3341 ex
2652 3286 2832 3341 aﬂlatu
2895 3286 2987 3342 Dei
3055 3301 3118 3342 ac
3158 3289 3443 3343 voluntate

1849 3377 2077 3432 Sortitus
2120 3386 2224 3432 est.
2259 3376 2335 3432 Ex
2366 3394 2478 3449 quo
2522 3379 2587 3434 ad
2640 3379 2782 3434 hanc
2822 3394 2998 3451 usque
3031 3380 3173 3436 diem
3223 3381 3438 3453 lingua-

1847 3485 1969 3523 rum
2025 3471 2207 3525 omnis
2249 3480 2334 3527 est
2388 3469 2620 3526 conﬂata
2669 3473 2937 3539 varietas,
2990 3488 3224 3543 quarum
3271 3475 3443 3547 289

1848 3562 2293 3635 uniuscujusque
2323 3564 2451 3620 licet
2489 3572 2770 3621 auctorem
2798 3567 2950 3622 nullo
2982 3568 3198 3638 negotio
3240 3568 3438 3640 depre-

1850 3654 2105 3712 hendere.
2173 3655 2267 3712 Sic
2308 3658 2452 3713 enim
2495 3656 2669 3712 Javan
2739 3656 2914 3713 Graeci
2967 3660 3241 3716 sermonis
3288 3661 3441 3731 prin-

1846 3761 1978 3817 ceps
2012 3748 2246 3817 exstitit,
2284 3765 2315 3804 a
2350 3766 2460 3820 quo
2489 3758 2619 3805 sunt
2653 3750 2820 3806 Jones
2850 3754 3240 3823 cognominati,
3268 3771 3437 3827 pencs

1846 3855 1986 3910 quos
2013 3844 2218 3899 veteris
2250 3850 2336 3898 est
2362 3842 2566 3897 Graeca:
2607 3842 2808 3914 lingua:
2838 3845 3135 3915 possessio.
3173 3846 3220 3900 A
3255 3845 3437 3902 Thera

1846 3929 2123 3985 Thracum
2146 3932 2331 4004 lingua
2353 3932 2596 4002 profecta
2628 3941 2731 4001 εει,
2766 3933 3234 4005 Mossynoecorum
3268 3952 3296 3989 a
3330 3936 3438 3993 Mo-

1846 4023 2015 4078 soeho
2048 4041 2060 4078 :
2097 4038 2127 4078 a
2164 4023 2418 4081 Thobese
2446 4023 2859 4081 Thessalorum.
2889 4027 3028 4082 Elud
3068 4043 3233 4098 porro
3258 4027 3437 4100 Lydo-

1846 4128 1966 4168 rum
1998 4116 2264 4171 sermonis
2282 4123 2473 4172 auctor
2500 4116 2601 4171 fuit
2625 4135 2638 4183 ;
2661 4117 2737 4171 uti
2765 4115 3177 4187 Gasphenorum
3194 4116 3433 4188 Gephar,

1847 4206 2231 4278 Egyptiorum
2270 4208 2536 4274 Mistrem,
2592 4208 2734 4264 Psus
2785 4208 3199 4275 Axumitarum,
3242 4211 3437 4267 Armot

1844 4298 2119 4367 Arabum;
2161 4314 2226 4354 ac
2265 4300 2549 4371 deinceps,
2578 4316 2646 4355 ne
2693 4300 3014 4371 singillatim
3058 4317 3435 4372 percenseam,

148 4390 265 4443 τῶν
290 4390 571 4461 ’Δράϐωνο
604 4393 700 4446 καὶ
745 4392 853 4447 τῶν
894 4392 1097 4446 λοιπῶν
1136 4393 1387 4457 ἕκαστος,
1414 4393 1503 4446 ἵνα
1536 4394 1611 4465 μὴ
1642 4413 1739 4449 κα-

1917 4407 1959 4446 te
1982 4392 2250 4463 cujusque
2270 4376 2470 4465 linguae
2494 4392 2723 4463 reliquis
2751 4403 2835 4449 est
2866 4395 3141 4465 impertita
3177 4396 3431 4451 scientia.

148 4482 282 4537 θένα
340 4483 505 4552 λέγω,
552 4484 688 4540 ἰδίαν
734 4485 1065 4558 ἑνεπνεύσθη
1099 4486 1369 4555 γλῶσσανς
1420 4487 1530 4541 Kal
1576 4486 1749 4552 οὕτως

146 4572 387 4644 ἑκάστης
414 4573 664 4645 γλώσσης
700 4577 732 4646 ἡ
764 4574 983 4647 διαδοχὴ
1020 4577 1078 4629 ἑν
1106 4574 1186 4646 τῷ
1221 4576 1410 4647 κόσμῳ
1441 4575 1745 4631 πεπλάτυν-

145 4681 257 4717 ται.

221 4751 302 4807 H'.
344 4752 524 4807 Πόθεν
545 4755 723 4809 τοίνυν
758 4749 903 4810 οὗτοι
948 4755 1400 4830 ὲψευδηγόρησαν
1445 4759 1627 4813 αὐτῶν
1669 4760 1741 4814 τὰ

146 4846 392 4916 ῥήματα,
420 4846 784 4919 παρενθέντες
809 4848 907 4920 τὴν
934 4849 1141 4903 ἑαυτῶν
1175 4850 1502 4920 μυθοποιίαν
1532 4869 1739 4921 φαντα-

146 4939 389 5008 ζόμενοι,
434 4939 528 4992 καὶ
565 4939 1042 5012 ὀνειροπολοῦντες
1080 4942 1149 4995 τὰ
1200 4943 1274 5015 μὴ
1309 4942 1438 4997 ὄντα
1469 4943 1544 5009 ὡς
1585 4943 1737 5012 ὄντα,

144 5031 242 5084 καὶ
287 5029 359 5082 τὰ
400 5029 531 5084 ὄντα
569 5030 668 5102 τῆς
705 5030 915 5083 ἑαυτῶν
955 5030 1192 5096 διανοίας
1226 5032 1738 5101 διασκεδαννύντες;

116 5124 128 5135 “
155 5124 320 5178 Ἀλλὰ
352 5122 414 5177 τὸ
447 5127 555 5177 πᾶν
594 5122 688 5177 τοῦ
731 5122 981 5177 διαϐόλου
1032 5123 1280 5194 βούλημα
1322 5124 1483 5177 τοῦτο
1534 5125 1744 5179 ἑνεκίσ-

146 5235 280 5289 σησε
313 5219 434 5279 ταῖς
460 5216 569 5270 τῶν
600 5214 1169 5287 ἀνθρώπωνῖψυχαῖς.
1200 5217 1355 5270 Ἐστι
1390 5216 1446 5269 δὲ
1485 5217 1616 5271 ἰδεῖν
1644 5219 1740 5272 καὶ

1853 4485 2029 4555 Atque
2078 4485 2154 4540 ita
2204 4486 2546 4557 singularum
2604 4487 2886 4542 successio
2941 4496 3023 4543 est
3057 4489 3315 4558 paulatim
3375 4489 3435 4545 in

1851 4578 1984 4633 orbe
2007 4577 2255 4644 dilatata,
2286 4592 2687 4651 progressaque
2714 4578 2951 4649 longius.

1917 4751 2055 4809 Vlll.
2107 4752 2239 4821 Quae
2267 4766 2392 4809 cum
2422 4754 2495 4809 ita
2531 4754 2666 4822 sint,
2704 4755 2870 4821 unde,
2918 4771 3127 4829 quaeso,
3175 4756 3429 4814 Sethiani

1846 4846 2014 4901 falsas
2053 4846 2176 4902 illas
2205 4848 2557 4905 narrationes
2606 4859 2959 4921 acceperunt,
2989 4850 3117 4906 dum
3163 4860 3218 4907 et
3275 4852 3432 4909 ﬁctas

1844 4938 2058 4995 fabulas
2089 4940 2414 5006 obtrudunt,
2445 4950 2501 4997 et
2533 4957 2653 5013 quae
2681 4960 2960 5014 nunquam
2998 4945 3138 4998 facta
3166 4953 3295 5000 sunt
3329 4962 3432 5017 pro

1844 5032 1994 5087 veris
2018 5034 2165 5088 velut
2208 5035 2547 5091 somniantes
2584 5036 2876 5092 ell'utiunt?
2906 5035 3037 5103 Qua:
3082 5047 3262 5093 autem
3297 5056 3429 5095 vera

1846 5126 2135 5197 solidaque
2176 5135 2327 5190 sunt,
2377 5129 2567 5199 procul
2603 5144 2631 5183 a
2675 5130 2790 5184 suis
2823 5130 2925 5200 ipsi
2975 5131 3251 5187 mentibus
3300 5135 3429 5203 reji-

1843 5218 2017 5272 ciunt.
2050 5216 2157 5274 Sed
2189 5219 2451 5273 nimirum
2490 5226 2667 5275 totum
2698 5220 2845 5275 istud
2871 5235 2936 5276 ex
2968 5222 3094 5276 mali
3144 5223 3428 5277 voluntate

145 5311 423 5383 θαυμάσαι
451 5309 587 5381 (52),
622 5309 698 5374 ὡς
745 5310 803 5362 ἑν
852 5307 1071 5372 πολλοῖς
1118 5309 1216 5380 μὲν
1265 5309 1589 5381 ἀτοπήμασι
1641 5308 1735 5363 τὸν

1917 5312 2104 5369 :monis
2150 5312 2443 5383 atllatuque
2494 5322 2824 5385 conceptum
2875 5315 3131 5372 humanis
3193 5315 3427 5386 ingeniis

213 5454 230 5485 ¹
265 5452 397 5509 Cor.
431 5450 526 5505 τοῦ
564 5451 621 5505 δὲ
666 5450 845 5520 Ἰἁφεθ
872 5449 1191 5515 δεκαπέντε,
1221 5451 1315 5504 τοῦ
1348 5449 1405 5503 δὲ
1439 5449 1560 5522 Σὴμ
1581 5450 1941 5506 εἰκοσιπέντε.

232 5570 326 5638 52)
372 5570 542 5623 Ἔστι
571 5566 640 5621 δὲ
683 5566 832 5621 ιδεῖν
866 5565 967 5638 καὶ
996 5564 1335 5638 θαυμάσαι.
1372 5563 1501 5621 Haec
1528 5565 1598 5620 de
1623 5565 1732 5638 dte-

145 5641 398 5698 monibus
447 5639 720 5694 sententia
776 5652 807 5691 a
863 5637 1083 5692 Justino
1131 5637 1369 5706 primum
1426 5637 1668 5691 manavit
1710 5650 1724 5689 :

146 5727 370 5783 eamque
399 5718 592 5784 postea
624 5709 861 5765 Irenaeus
887 5710 1172 5780 amplexus
1208 5714 1293 5764 est
1338 5708 1432 5764 lib.
1468 5724 1519 5774 v,
1553 5723 1603 5765 ε.
1633 5706 1723 5761 26.

1841 5565 1975 5623 Vide
2006 5567 2207 5626 Euseb.
2236 5569 2443 5629 Histor.
2470 5571 2566 5628 lib.
2600 5588 2673 5639 tv,
2697 5586 2749 5630 c.
2782 5568 2869 5626 ΓΙ.
2893 5569 3025 5637 Qua:
3049 5578 3230 5626 tamen
3258 5565 3420 5635 vulgo

1838 5654 1949 5696 non
1984 5642 2265 5697 probatur.
