3844 6358
329 336 436 393 ϐῗῦ

1740 317 1796 373 S.
1839 307 2184 371 ΕΡΙΡΠΑΝΙῙ

3529 290 3663 351 ὕῗϐ

327 452 581 512 adhaesit.
622 463 811 518 uuam
847 462 908 504 re
943 461 1053 502 non
1072 445 1258 501 minus
1289 441 1752 501 considerandum
1781 439 1914 494 illud

2060 433 2309 503 νθρωπον
2337 426 2610 499 ήπάτησε,
2633 425 2730 478 καὶ
2763 424 2838 488 είς
2863 421 3210 495 παρανομίαν
3231 419 3658 477 κατέσπασεν,

329 561 495 618 quam
537 541 919 600 admirandum
965 540 1131 601 venit,
1167 537 1628 609 quemadmodum
1669 535 1914 618 illecum

332 616 583 686 homines
614 629 670 682 in
700 625 942 682 absurda
971 623 1304 694 indignaque
1331 619 1736 691 quamplurima
1767 616 1918 671 frau-

331 715 586 770 dulenter
628 710 947 782 pellexerit-,
1003 716 1165 777 atque
1217 706 1273 758 in
1323 704 1504 760 scelus
1554 701 1916 773 pertraxerit,

334 804 526 866 stupra
558 792 836 854 videlicet,
870 788 1160 852 adulteria,
1193 786 1468 848 libidines,
1516 783 1785 836 idolorum
1823 795 1918 836 su-

336 883 685 955 perstitiones
732 896 796 935 ac
827 877 1156 950 praestigias,
1184 874 1536 946 profusiones
1564 871 1917 943 sanguinum,

336 978 560 1048 rapinas
620 984 673 1030 et
703 971 1041 1028 insatiabiles
1069 967 1420 1038 cupiditates,
1457 965 1654 1028 aleam,
1708 962 1922 1017 voraci-

341 1081 526 1133 tatem,
562 1069 776 1137 aliaque
823 1065 872 1119 id
907 1079 1080 1135 genus
1126 1061 1353 1131 ﬂagitia,
1409 1071 1690 1128 nunquam
1738 1063 1922 1110 tamen

341 1171 467 1216 ante
505 1157 712 1214 Christi
752 1153 1062 1209 Servatoris
1094 1151 1413 1216 adventum,
1465 1147 1921 1202 contumeliosam

343 1256 397 1308 in
435 1251 718 1306 Dominum
756 1263 915 1304 suum
940 1247 1150 1316 jactare
1197 1258 1408 1307 vocem,
1448 1242 1531 1296 vel
1563 1240 1827 1295 rebellare
1854 1240 1926 1294 sit

343 1361 532 1402 ausus.
565 1341 934 1413 Exspectahat
962 1338 1234 1409 siquidem
1262 1337 1391 1391 dum
1423 1333 1677 1390 Christus
1703 1333 1926 1388 adverti-

344 1447 447 1503 ret,
484 1444 542 1492 ut
573 1437 659 1492 vel
707 1437 821 1504 ipse
851 1432 1158 1504 proﬁtetur,
1211 1431 1296 1484 his
1328 1425 1511 1484 verbis
1543 1447 1555 1482 :
1588 1425 1663 1480 De
1710 1435 1760 1481 te
1791 1425 1924 1480 scri-

344 1536 496 1598 ptum
527 1534 612 1582 est
639 1546 653 1581 :
680 1525 944 1596 Quoniam
977 1523 1175 1593 angelis
1206 1521 1318 1575 suis
1363 1519 1636 1574 mandabit
1683 1520 1748 1572 de
1782 1529 1852 1581 te,
1879 1527 1928 1572 et

345 1624 398 1674 in
447 1618 690 1673 manibus
721 1615 1006 1687 portabunt
1058 1624 1104 1668 te
1135 1615 1174 1666 ι.
1229 1612 1364 1666 Illud
1404 1612 1549 1666 enim
1598 1619 1858 1680 perpetuo
1899 1624 1930 1664 a

347 1709 628 1782 prophetis
657 1708 967 1762 nuntiatum
1001 1705 1270 1769 audierat,
1309 1703 1512 1758 Christi
1548 1702 1760 1755 Domini
1797 1717 1932 1772 pra:-

2019 523 2099 585 είς
2128 539 2187 575 τε
2217 519 2474 592 πορνείας
2499 518 2595 570 καὶ
2631 516 2900 588 μοιχείας,
2931 517 3022 568 καὶ
3049 512 3360 581 ἀσελγείας,
3392 507 3631 565 εἰδωλο

2023 612 2220 684 μανίας
2248 628 2307 664 τε
2349 610 2443 664 καλ⁸
2485 607 2762 678 γοητείας,
2795 608 2889 661 καὶ
2927 605 3383 677 αἱματεκχυσίας,
3425 604 3650 672 ἁρπα-

2020 702 2123 772 γάς
2152 717 2211 753 τε
2255 699 2350 752 καὶ¹
2391 697 2734 767 ἀπληστίας,
2766 695 2990 759 κυϐείας
3033 711 3092 748 τε
3137 695 3231 748 καὶ
3271 689 3656 762 ἀδηφαγίας.

2021 791 2115 845 καὶ
2144 791 2243 842 ὅσα
2291 787 2548 841 τοιαῦτα·
2588 784 2825 856 οὐδαμοῦ
2871 785 2928 839 δὲ
2961 783 3066 856 πρὸ
3093 786 3191 855 τῆς
3226 782 3320 836 τοῦ
3369 777 3658 854 Χριστοῦ

2023 881 2326 953 παρουσίας
2357 879 2656 950 ἐτόλμησεν
2688 880 2767 941 εἰς
2786 877 2879 930 τὸν
2910 874 3107 930 ἑαυτοῦ
3139 876 3419 946 Δεσπότην
3448 872 3662 942 φθέγ-

2026 973 2218 1041 ξασθαι
2248 971 2568 1044 βλάσφημόν
2603 987 2724 1023 τινα
2755 969 2934 1037 λόγον,
2971 968 3005 1037 ἢ
3034 968 3292 1039 ἀνταρσιν
3335 965 3656 1036 ἐννοῆσαι.

2038 1066 2294 1136 Ἀνέμενε
2322 1064 2431 1136 γὰρ
2462 1063 2561 1134 τὴν
2587 1060 2682 1114 τοῦ
2707 1059 2944 1133 Χριστοῦ
2976 1061 3312 1130 παρουσίαν,
3330 1060 3407 1124 ὡς
3427 1058 3618 1126 λέγει
3638 1074 3655 1086 ·

2025 1159 2164 1226 Περὶ
2219 1155 2337 1210 σοῦ
2387 1156 2742 1226 γέγραπται,
2785 1153 2874 1207 ὅτι
2922 1153 3046 1220 τοῖς
3095 1154 3372 1228 ἀγγέλοις
3425 1149 3659 1206 αὑτοῦ

2025 1247 2350 1304 ἐντελεῖται
2379 1247 2516 1315 περὶ
2553 1245 2692 1310 σοῦ,
2730 1246 2830 1299 καὶ
2859 1245 2957 1298 ἐπὶ
3003 1244 3216 1313 χειρῶν
3260 1243 3489 1313 ὰροῦσί
3535 1258 3657 1296 σε.

2033 1341 2235 1393 ’Ἥκουε
2267 1338 2376 1410 γάρ
2417 1339 2504 1391 ἀεὶ
2540 1336 2648 1390 τῶν
2679 1337 2973 1408 προφητῶν
3003 1335 3487 1406 καταγγελλόντων
3531 1336 3660 1406 τὴν

2030 1431 2270 1504 Χριστοῦ
2304 1429 2630 1502 παρουσίαν,
2660 1428 2926 1501 λύτρωσιν
2965 1429 3232 1500 ἐσομένην
3280 1427 3390 1481 τῶν
3434 1430 3658 1498 ἀμαρ-

2029 1524 2336 1594 τησάντων,
2373 1522 2466 1575 καὶ
2503 1520 2592 1574 διὰ
2632 1517 2872 1592 Χριστοῦ
2918 1519 3361 1590 μετανοούντων·
3397 1519 3656 1590 ἐνόμιζέ

2031 1633 2094 1668 τε
2126 1613 2421 1681 τεύξασοαί
2448 1629 2594 1676 τινος
2621 1612 2818 1676 ἐλέους.
2854 1613 2984 1665 Ὅτε
3017 1612 3074 1665 δὲ
3104 1608 3240 1665 εἶδεν
3279 1613 3308 1664 ὁ
3332 1611 3506 1674 τάλας
3537 1611 3657 1663 τὸν

2035 1705 2269 1777 Χριστὸν
2302 1704 2376 1775 μὴ
2408 1703 2702 1775 δεξάμενον
2727 1702 2892 1756 αὑτοῦ
2915 1703 3011 1774 τὴν
3039 1721 3104 1756 πε
3115 1703 3167 1774 ρί
3201 1703 3474 1773 σωτηρίας
3502 1704 3660 1755 ἐπι-

345 1803 578 1861 sentiam
611 1816 800 1856 eorum
825 1798 1255 1869 redemptionem
1288 1795 1422 1858 fore,
1458 1795 1550 1865 qui
1587 1805 1927 1864 peccassent,

2060 1795 2295 1868 προφὴν,
2329 1795 2546 1860 ἀνοίξας
2579 1796 2638 1849 τὸ
2662 1796 2837 1866 στόμα
2867 1795 3007 1849 κατὰ
3041 1795 3134 1848 τοῦ
3167 1795 3296 1848 ἰδίου
3323 1794 3656 1857 Δεσπότου,

347 1914 411 1953 ac
447 1896 823 1968 pmnitcntiam
875 1893 1238 1962 susciperent.
1271 1889 1454 1955 Quare
1485 1897 1537 1942 et
1575 1888 1690 1958 ipse
1719 1887 1936 1942 miseri-

349 1989 550 2044 cordim
578 1985 830 2040 nonnihil
865 1999 924 2038 se
957 1988 1383 2037 consecuturum
1418 1979 1690 2048 sperabat.
1732 1973 1934 2031 Verum

350 2081 442 2135 tibi
477 2093 634 2136 suam
688 2077 756 2130 ad
797 2074 1148 2131 obtinendam
1189 2072 1421 2127 salutem
1456 2072 1870 2124 conversionem
1907 2083 1936 2122 a

351 2172 575 2227 Christo
631 2167 906 2238 repudiari
972 2164 1157 2220 infelix
1211 2161 1619 2225 animadvertit,
1683 2178 1746 2216 os
1793 2161 1939 2216 illico

350 2270 542 2318 contra
577 2261 863 2315 Dominum
897 2256 1130 2327 aperuit,
1155 2270 1218 2308 ac
1252 2251 1685 2308 maledicentiam
1722 2267 1938 2307 omnem

351 2353 614 2410 evomuit.
645 2351 788 2418 Quin
825 2363 944 2404 eam
981 2358 1215 2402 mentem
1261 2344 1573 2398 hominibus
1618 2343 1827 2412 injecit,
1857 2353 1936 2408 ut,

353 2463 484 2504 vero
510 2453 827 2514 contempto
861 2442 993 2506 Deo,
1043 2441 1208 2493 alium
1247 2438 1338 2509 qui
1388 2438 1640 2507 nuSpiam
1671 2446 1816 2492 esset
1858 2437 1942 2490 in-

356 2539 657 2609 quirerent.
693 2534 806 2589 Hoc
852 2534 1018 2602 igitur
1048 2530 1208 2585 modo
1245 2529 1538 2584 Sethianos
1583 2531 1639 2582 in
1685 2527 1934 2583 fraudem

357 2629 622 2699 impulsos
650 2639 773 2680 esse
805 2624 1167 2692 undequaque
1201 2620 1497 2674 constabit.
1537 2618 1816 2689 Siquidem
1851 2617 1939 2672 Se-

354 2721 482 2775 thus
527 2719 655 2772 olim
706 2722 958 2770 mortuus
1009 2719 1113 2778 est,
1157 2718 1394 2781 suntque
1443 2709 1563 2780 ejus
1605 2711 1780 2766 aetatis
1810 2710 1940 2764 anni

354 2810 666 2884 perscripti.
696 2807 833 2862 Nam
866 2822 988 2862 cum
1023 2819 1195 2861 annos
1224 2804 1448 2860 vixisset
1475 2818 1550 2856 χιι
1574 2819 1737 2872 supra
1753 2821 1938 2870 ncccc,

2033 1889 2134 1960 τὴν
2165 1889 2517 1960 βλασφημίαν
2556 1887 2823 1960 ὲξήμεσε,
2863 1890 2976 1950 τοῖς
3013 1883 3322 1959 ἀνθρώποις
3367 1887 3657 1940 ὑπόνοιαν

2036 1979 2312 2051 ὲμὸαλὼν,
2343 1979 2625 2052 ἀρνεῖσθαι
2658 1981 2756 2051 μὲν
2793 1979 2886 2034 τὸν
2935 1979 3100 2044 ὂντα,
3149 1979 3241 2032 τὸν
3280 1979 3337 2032 δὲ
3372 1979 3448 2049 μὴ
3493 1978 3652 2031 ὄντα

2037 2071 2240 2144 ζητεῖν.
2297 2073 2452 2126 Οὕτω
2524 2074 2698 2127 τοίνυν
2747 2073 2841 2125 καὶ
2905 2065 3053 2124 οὗτοι
3111 2072 3428 2141 ἐλέγχονται
3481 2069 3656 2124 κατὰ

2039 2167 2219 2220 πάντα
2251 2167 2452 2237 τρόπον
2479 2166 2844 2238 ἠπατημένοι.
2883 2165 2942 2218 '0
2978 2164 3085 2235 γὰρ
3117 2163 3222 2236 Σὴθ
3249 2163 3502 2234 τέθνηκε,
3534 2163 3653 2215 καὶ

2037 2257 2106 2310 τά
2140 2257 2235 2327 ἔτη
2272 2255 2435 2311 αὐτοῦ
2468 2257 2907 2327 ἀναγέγραπται.
2941 2255 3153 2318 Βιώσας
3185 2253 3294 2324 γὰρ
3331 2253 3428 2325 ἔτη
3469 2255 3654 2306 ἐννα-

2039 2351 2198 2404 κόσια
2227 2350 2475 2416 δεκαδύο,
2503 2349 2564 2403 τό
2608 2347 2786 2420 χρεὼν
2841 2349 3116 2412 ἀπέδωκε,
3158 2350 3429 2418 γεννήσας
3476 2349 3650 2409 υἱοὺς

2039 2443 2133 2496 καὶ
2161 2441 2490 2514 Θυγατέρας,
2525 2440 2599 2505 ὣς
2647 2458 2813 2512 φησιν
2844 2442 2877 2512 η
2909 2439 3030 2492 Θεία
3072 2441 3284 2511 Γραφή.
3322 2439 3482 2492 Κατά
3510 2440 3650 2492 δια.-

2036 2535 2196 2607 δοχὴν
2235 2535 2290 2588 δὲ
2313 2537 2340 2588 6
2370 2535 2559 2587 τούτου
2597 2537 2724 2596 παῖς
2773 2533 2961 2602 (Ἐνὼς
2976 2533 3033 2585 δὲ
3071 2528 3137 2603 ἦν
3177 2531 3353 2602 τούτῳ
3396 2531 3599 2600 ὄνομα)
3623 2570 3643 2593 ,

2047 2629 2140 2682 καὶ
2175 2627 2338 2690 αὐτὸς
2388 2626 2591 2698 βιώσας
2643 2626 2737 2696 ἐτη
2781 2627 3069 2680 ἐννακόσια
3122 2625 3303 2688 πέντε,
3352 2624 3648 2694 ὑπήλλαξε

2047 2721 2138 2775 τὸν
2164 2721 2282 2774 καθ’
2321 2722 2469 2793 ἡμᾶς
2500 2719 2634 2790 βίον,
2663 2721 2931 2789 γεννήσας
2970 2719 3120 2782 υἱοὺς
3158 2720 3254 2772 κει)⁸
3295 2717 3642 2789 Θυγατέρας,

2051 2813 2126 2877 ὡς
2159 2813 2270 2884 ἕχει
2303 2817 2336 2884 ή
2376 2815 2512 2882 αὑτὴ
2542 2811 2720 2883 βίϐλος
2753 2812 2852 2883 τῆς
2881 2811 3163 2883 ἀληθείας.

354 2923 420 2961 ex
457 2907 560 2960 hac
600 2905 709 2958 vita
745 2901 1020 2964 discessit,
1045 2899 1133 2953 ubi
1157 2913 1324 2953 sexus
1365 2898 1652 2968 utriusque
1678 2899 1880 2956 liberos
1903 2906 2169 2976 suscepit,
2207 2917 2263 2960 ut
2295 2907 2494 2961 divinis
2534 2905 3043 2975 Litterisproditnm
3079 2913 3180 2960 est.
3217 2903 3498 2958 Successit
3535 2918 3646 2972 pa-

357 2997 429 3072 tri
465 2997 628 3061 ﬁlius,
661 2994 826 3065 290
872 2993 1014 3048 Enos
1096 2991 1360 3046 nomine:
1397 2989 1491 3060 qni
1534 3004 1708 3044 annos
1753 2992 1890 3046 vixit
1926 3010 2111 3062 ncccv,
2162 3005 2215 3052 et
2256 2999 2407 3067 prole
2461 3013 2625 3054 sexus
2676 2998 2966 3067 utriusque
3015 2997 3268 3052 similiter
3321 3006 3517 3053 auctus
3558 3000 3649 3048 vi-

367 3089 529 3146 vendi
564 3087 726 3142 ﬁnem
761 3086 911 3148 fecit,
950 3090 1007 3137 ut
1037 3082 1226 3136 eadem
1261 3081 1351 3134 illa
1384 3081 1668 3135 verissima
1704 3084 1908 3152 scripta
1945 3095 2238 3141 testantur.

428 3184 519 3239 IX.
561 3183 823 3251 Quaenam
864 3195 994 3251 ergo
1031 3178 1170 3231 ratio
1222 3177 1428 3247 patitur
1480 3176 1704 3232 Sethum
1757 3179 1941 3245 istum,

2121 3182 2196 3236 9'.
2234 3182 2404 3234 Ποθεν
2439 3199 2616 3235 τοινυν
2645 3183 2673 3235 6
2707 3181 2815 3253 Σὴο
2851 3183 2878 3234 6
2906 3180 3028 3234 τότε
3056 3179 3410 3250 τελευτήσας,
3445 3172 3506 3233 οὗ
3542 3181 3647 3235 καὶ

360 3277 452 3348 qui
491 3283 545 3331 et
579 3276 672 3329 illo
713 3280 958 3343 tempore
1005 3281 1255 3326 mortuus
1284 3277 1388 3333 est,
1419 3276 1474 3324 et
1511 3267 1652 3326 ﬁlios
1691 3271 1948 3341 reliquit,

361 3374 455 3443 qui
500 3383 659 3426 suum
691 3381 906 3437 quoque
936 3363 1063 3418 vita:
1093 3370 1311 3432 tempus
1354 3360 1635 3425 obierunt,
1667 3361 1950 3418 Christum

363 3481 485 3522 esse
521 3461 833 3522 Dominum,
864 3457 959 3528 qui
994 3454 1453 3525 repraesentanda:
1496 3454 1779 3509 hominum
1828 3457 1954 3511 vitae

363 3570 430 3609 ac
485 3551 684 3608 salutis
727 3545 1001 3603 desiderio
1035 3545 1103 3600 de
1132 3541 1358 3614 Virgine
1417 3543 1490 3598 sit
1548 3543 1716 3598 Maria
1763 3553 1950 3612 natus,

366 3662 492 3702 cum
522 3645 664 3700 idem
699 3653 824 3697 ante
854 3654 1016 3696 omne
1039 3647 1255 3708 tempus
1283 3645 1429 3693 esset
1456 3652 1487 3691 a
1516 3623 1677 3692 Patre
1712 3639 1950 3709 genitus,

367 3739 511 3810 apud
542 3751 702 3809 quem
733 3743 994 3806 perpetuo
1019 3739 1224 3796 manet,
1256 3729 1400 3785 Deus
1436 3730 1572 3801 ipse,
1607 3729 1955 3803 Verbnmque

369 3829 716 3890 subsistens?
775 3827 876 3894 Qui
947 3825 1240 3896 postremis
1294 3824 1636 3894 temporibus
1691 3825 1837 3878 venit
1901 3827 1953 3879 in

370 3925 658 3987 mundum,
708 3931 763 3978 et
811 3937 877 3976 ex
924 3918 1166 3991 Virginis
1216 3917 1406 3974 Matris
1443 3928 1596 3972 utero
1631 3917 1806 3972 eflicta
1850 3918 1954 3971 sibi

369 4032 536 4071 carne
561 4024 726 4086 atque
749 4013 1081 4070 circumfusa
1100 4053 1114 4077 ,
1143 4020 1257 4066 tum
1282 4020 1564 4079 assumpta
1588 4011 1751 4065 simul
1775 4011 1955 4064 anima

371 4110 614 4166 numeris
641 4109 896 4164 omnibus
931 4107 1216 4162 absolutus
1253 4105 1416 4160 homo
1451 4103 1627 4158 factus
1659 4111 1760 4159 est.
1799 4102 1956 4159 Post-

370 4218 435 4258 ca
484 4217 616 4258 vero
665 4217 826 4272 quam
873 4202 997 4253 vita:
1043 4199 1200 4254 nobis
1249 4197 1507 4269 mysteria
1570 4198 1954 4266 praedicasset;

370 4295 599 4365 justitiaa
634 4293 689 4348 in
721 4291 931 4363 agendo
977 4291 1220 4344 cultores
1265 4289 1568 4358 discipulos
1620 4291 1908 4344 constituit
1940 4309 1952 4345 :

376 4401 439 4440 ac
468 4396 580 4440 tum
609 4399 707 4454 per
740 4397 882 4442 sese,
911 4389 1024 4434 tum
1059 4395 1156 4450 per
1186 4378 1308 4432 illos
1341 4379 1638 4432 humanum
1671 4395 1842 4448 genus
1875 4380 1958 4433 di-

374 4476 617 4548 sciplinae
651 4491 763 4532 sua:
795 4472 1144 4529 documentis
1173 4470 1394 4526 erudiit.
1436 4469 1621 4542 Neque
1651 4480 1832 4526 tamen
1865 4481 1958 4525 aut

2055 3275 2160 3328 υἱολ⁸
2202 3275 2343 3328 κατά
2382 3275 2634 3346 διαδοχὴν
2677 3275 2976 3345 βιώσαντες
3009 3273 3101 3326 τοῦ
3155 3273 3268 3344 βίου
3299 3273 3642 3338 ἐπαύσαντο,

2054 3369 2411 3441 εὑρεθήσεται
2463 3367 2668 3438 Κύριος
2720 3370 2749 3420 6
2793 3369 2902 3421 ἀπὸ
2946 3368 3164 3437 Μαρίας
3199 3365 3482 3437 γεννηθεὶς
3536 3367 3644 3437 τῆς

2055 3461 2450 3533 ἁειπαρθένου,
2492 3461 2794 3530 εὐδοκήσας
2837 3461 2930 3513 ἐπὶ
2964 3463 3076 3531 ζωῇ
3112 3460 3222 3512 τῶν
3253 3459 3588 3532 ἀνθρώπων,
3613 3463 3646 3513 6

2054 3553 2337 3624 γεννηθεὶς
2369 3553 2637 3624 ἀχρόνως,
2669 3555 2696 3606 6
2728 3551 2804 3606 ὢν
2851 3553 2986 3624 πρὸς
3021 3552 3110 3606 τὸν
3148 3555 3372 3625 Πατέρα
3399 3554 3510 3619 ἀεὶ,
3551 3558 3644 3607 ὲν-

2057 3647 2358 3710 υπόστατος
2399 3646 2532 3709 θεὸς
2569 3645 2778 3714 Λόγος,
2813 3645 2983 3699 ἐλθὼν
3030 3645 3086 3698 δὲ
3135 3647 3221 3698 ἐπ’
3257 3646 3483 3717 ἐσχάτου
3531 3647 3643 3698 τῶν

2057 3739 2309 3812 ἡμερῶν,
2370 3741 2465 3793 καὶ
2520 3741 2600 3804 είς
2661 3738 2850 3792 ἑαυτὸν
2899 3739 2956 3792 δὲ
3023 3739 3478 3810 ἀναπλασάμενος
3531 3742 3643 3793 ἀπὸ

2060 3834 2270 3904 μήτρας
2310 3831 2650 3903 παρθενικῆς
2706 3831 2906 3904 σάρκα,
2935 3831 3027 3884 καὶ
3073 3831 3250 3902 ψυχὴν
3292 3832 3392 3903 τὴν
3424 3831 3639 3904 ἀνορω-

2058 3926 2217 3978 πείαν
2251 3923 2510 3994 εἰληφὼς,
2545 3923 2720 3987 οῦτως
2751 3923 3139 3996 ὲνηνΟρὼπησε
3170 3924 3505 3986 τελειότατα,
3536 3942 3637 3994 κη-

2059 4019 2225 4091 ρύξας
2257 4022 2388 4090 ἡμῖν
2418 4018 2564 4090 ζωῆς
2593 4018 2662 4071 τά
2695 4021 2990 4090 μυστήρια,
3021 4018 3368 4088 δικαιοσύνης
3387 4037 3448 4072 τε
3476 4020 3643 4091 ὲργάο

2058 4131 2155 4177 τας
2189 4113 2315 4175 τοὺς
2344 4111 2507 4165 αὑτοῦ
2539 4109 2786 4182 μαθητὰς
2821 4112 3194 4182 καταστήσας,
3223 4111 3317 4164 καὶ
3349 4110 3447 4182 τὴν
3474 4109 3638 4163 αὑτοῦ

2057 4203 2408 4258 διδασκαλίαν
2453 4203 2519 4257 δι’
2562 4204 2752 4257 ἑαυτοῦ
2792 4223 2849 4257 τε
2884 4206 2976 4258 καὶ
3008 4205 3074 4258 δι’
3121 4204 3300 4257 αὐτῶν
3343 4203 3640 4266 παιδεύσας

2057 4298 2118 4350 τὸ
2152 4297 2306 4365 γένος
2342 4297 2449 4350 τῶν
2478 4295 2816 4369 ἁνθρώπων;
2843 4299 2904 4350 ού
2941 4296 3009 4350 τὰ
3045 4298 3154 4350 τῶν
3189 4295 3470 4367 Σηοιανῶν
3505 4296 3639 4348 ἀπο-

2059 4387 2303 4458 καλύψας
2326 4430 2340 4452 ,
2379 4389 2500 4442 οὐδὲ
2535 4388 2641 4460 Σὴο
2679 4389 2872 4442 ἑαυτὸν
2921 4389 3225 4459 ὀνομάσας⁶
3253 4388 3329 4451 ὡς
3359 4382 3506 4442 οὗτοι
3537 4388 3636 4458 λη·

2065 4481 2300 4552 ροῦντες,
2341 4480 2436 4532 καὶ¹
2481 4480 2620 4550 μέθῃ
2655 4480 2764 4532 τινὶ
2803 4479 3178 4552 συνεχόμενοι,
3221 4477 3330 4531 ἀπὸ
3367 4479 3467 4549 τῆς
3504 4479 3636 4550 ἀλη-

377 4558 763 4624 Scthianorum
807 4567 898 4621 illa
951 4565 1204 4637 dogmata
1255 4564 1503 4628 tradidit,
1558 4575 1651 4619 aut
1707 4565 1810 4619 sibi
1852 4565 1936 4634 ips

2063 4573 2210 4637 θείας
2238 4572 2647 4626 ὲκπεπτώκασι.

377 4663 530 4718 Sethi
559 4678 758 4717 nomen
787 4659 1044 4729 imposuit
1073 4677 1085 4713 :
1119 4658 1172 4712 id
1198 4659 1344 4728 quod
1377 4659 1582 4712 strenui
1615 4657 1689 4710 illi
1726 4667 1956 4728 nugato-

375 4769 485 4818 res,
527 4769 591 4808 ac
626 4753 772 4806 velut
805 4751 942 4806 ebrii
973 4751 1393 4805 tnendacissime
1424 4748 1742 4818 praedicant.

449 4841 650 4898 Verum
679 4856 803 4896 cum
835 4840 996 4895 hodie
1023 4853 1292 4894 summam
1325 4830 1754 4907 ad'paucitatem
1785 4837 1959 4891 luere-

379 4935 458 4990 sis
487 4935 591 4988 ista
624 4931 844 4986 redacta
887 4931 976 4995 sit,
1011 4946 1120 4984 non
1166 4943 1391 4984 necesse
1419 4927 1584 4981 habui
1620 4929 1857 4982 uberiori
1893 4928 1958 4980 il-

379 5027 485 5081 lam
524 5027 772 5081 oratione
817 5025 1099 5089 refellere;
1150 5022 1488 5093 proindeque
1532 5037 1652 5089 quae
1692 5021 1955 5076 hactenus

380 5129 509 5177 sunt
534 5118 678 5173 dicta
701 5116 989 5173 suﬁiciant.
1023 5115 1332 5171 Praesertim
1355 5113 1498 5184 quod
1527 5115 1741 5168 illorum
1772 5128 1956 5167 amen-

379 5218 454 5270 tia
487 5212 785 5283 expugnari
816 5210 974 5265 facile
1005 5217 1205 5280 potest,
1236 5223 1402 5278 seque
1438 5207 1573 5262 adeo
1617 5208 1790 5278 ipsam
1824 5222 1958 5262 con-

379 5308 548 5362 vincit
599 5320 662 5359 ac
716 5303 960 5373 detegit:
999 5317 1106 5356 non
1155 5302 1332 5356 solum
1377 5301 1523 5370 quod
1572 5301 1639 5354 ad
1691 5300 1958 5357 educendi

377 5398 584 5455 Christi
622 5396 886 5451 rationem
921 5392 1112 5448 attinet
1161 5392 1645 5463 nlcnissimamque
1685 5393 1830 5446 illam
1861 5409 1955 5448 ca-

457 5584 472 5612 ‘
512 5580 654 5635 I’sal.
695 5596 778 5642 xc,
813 5581 899 5635 Η.

2126 4839 2205 4891 Τὰ
2251 4847 2308 4893 δε
2346 4859 2440 4893 νυν
2478 4847 2758 4913 συντόμως
2803 4844 2914 4913 (55)
2968 4843 3133 4915 οὔσης
3183 4843 3284 4912 τῆς
3331 4842 3633 4913 αἱρέσεως,

2056 4931 2155 4984 ούκ
2188 4932 2460 5002 maenaa;
2510 4936 2819 4990 ἐπεκτεῖναι
2872 4937 2962 4988 τὸν
3011 4938 3132 4991 κατ’
3171 4937 3343 5006 αὐτῆς
3381 4936 3633 5006 ἔλεγχον,

2055 5026 2329 5098 ἀρκοῦμαι
2395 5031 2508 5091 τοῖς
2568 5028 2805 5102 παροῦσι
2862 5030 3061 5101 μόνοις.
3107 5028 3389 5100 Εῦτρωτος
3438 5029 3547 5100 γὰρ
3604 5029 3633 5096 ἡ

2054 5119 2262 5172 τούτων
2296 5119 2470 5185 ἄνοια,
2514 5123 2608 5174 καὶ
2645 5122 2842 5194 ἑαυτὴν
2869 5121 3141 5192 δυναμένη
3188 5139 3246 5174 τε
3285 5119 3497 5188 ἐλέγξαι
3547 5120 3636 5173 καὶ

2056 5212 2341 5283 φωρᾶσαι·
2387 5215 2448 5266 ού
2486 5215 2648 5284 μόνον
2683 5215 2810 5287 περὶ
2856 5215 2956 5284 τῆς
2988 5215 3080 5267 τοῦ
3111 5212 3348 5286 Χριστοῦ
3393 5213 3634 5282 ἀγωγῆς,

2058 5305 2154 5358 καὶ
2189 5307 2739 5378 σεσυκοφαντημένης
2775 5305 3120 5369 διδασκαλίας
3153 5305 3244 5359 τοῦ
3271 5305 3360 5357 τὸν
3402 5303 3510 5374 Σὴθ
3545 5303 3634 5356 a6-

2056 5397 2146 5448 τὸν
2177 5397 2419 5467 νομίζειν
2457 5415 2515 5451 τε
2552 5399 2646 5452 καὶ
2694 5397 3137 5452 διαϐεϐαιοῦσθαι
3169 5391 3330 5462 εἶναι,
3371 5395 3509 5449 ἀλλά
3547 5393 3633 5448 καὶ

451 5740 566 5812 (53)
614 5739 687 5796 Τὰ
723 5741 790 5795 δὲ
815 5741 932 5798 νῦν
967 5743 1300 5814 συντόμως.
1342 5738 1541 5797 Decsse
1572 5736 1852 5809 quidpiam
1892 5751 1941 5790 at

2060 5733 2162 5805 ijns
2197 5730 2299 5788 loci
2333 5731 2707 5801 integritatem
2748 5727 3000 5798 suspicor
