3768 6182
176 212 300 267 εΠ

874 204 1245 263 anveasus
1278 204 1622 275 [massas
1659 203 1750 259 LII

1936 204 2070 262 'OM.
2115 206 2276 262 lll.—-
2301 205 2581 263 HIERES.
2620 207 2728 264 XL.

3365 227 3473 285 6'78

179 330 275 392 είς
313 340 415 398 την
453 326 582 398 περὶ¹
614 324 724 378 τῶν
771 325 866 377 δυο
911 322 1216 394 ἀνθρώπων
1254 320 1535 376 ὑπόθεσιν.
1580 324 1643 375 El
1686 324 1750 391 γά

1936 324 2119 378 nnnia:
2144 324 2478 389 doctrinam,
2508 338 2615 393 qua
2648 322 2877 379 Sethum
2909 329 3161 384 eumdem
3206 344 3331 385 esse
3366 341 3409 384 εστ.
3434 347 3486 384 m

181 423 247 475 αἱ
308 422 571 491 δυνάμεις
617 419 822 472 ἄνωθεν
877 415 1145 485 ἐσχήκασι
1190 415 1289 484 τὴν
1328 414 1538 486 ἀρχὴν,
1574 414 1675 466 οὐκ
1722 413 1789 466 ἂν

184 516 328 568 ἄνευ
352 515 455 584 τῆς
491 513 638 575 mag,
660 510 813 582 ἣνδὴ
837 510 928 562 καὶ
958 508 1190 579 Μητέρα
1218 509 1486 577 φάσκουσι
1513 509 1621 563 τῶν
1653 508 1788 562 ὅλων

187 600 360 668 εἶναι,
400 601 617 672 ἐγένετό
640 619 699 654 τε
736 601 831 655 καὶ
862 600 1112 671 ἐπράχθη
1149 599 1216 653 τὰ
1247 601 1352 653 ὑπὸ
1377 600 1486 653 τῶν
1515 588 1608 653 δύο
1645 619 1786 672 πρα-

187 696 418 767 χθέντα,
464 693 797 765 Εὑρίσκεται
832 692 941 765 γὰρ
980 694 1015 764 ἡ
1053 693 1150 764 μία
1186 692 1333 745 αἰτία
1358 690 1467 744 τῶν
1499 691 1591 745 δύο
1625 691 1784 745 δυνά-

192 806 370 859 μεων,
411 787 506 840 καὶ
534 785 662 838 ἄνευ
708 784 878 854 αὐτῆς
918 783 1085 856 μηδὲν
1122 784 1231 836 τῶν
1275 784 1580 854 γενομένων
1622 801 1786 852 γεγο-

189 881 369 934 νέναι.
425 879 533 931 Καὶ
574 876 1016 949 ὰναδραμοῦνται
1069 876 1231 930 πάλιν
1270 876 1363 929 ἐπὶ
1406 875 1467 927 τὸ
1504 875 1788 945 ὁμολογεῖν

188 973 294 1025 ἕνα
347 968 487 1026 εἶναι
533 971 800 1039 δεσπότην
854 968 961 1021 τῶν
1010 968 1249 1032 πάντων,
1295 968 1388 1021 καὶ
1435 966 1786 1038 δημιουργὸν,

192 1065 292 1117 καὶ
311 1064 536 1135 κτίστην
564 1062 672 1116 τῶν
703 1063 862 1127 ὅλων,
882 1060 1031 1125 ἅπαξ
1058 1063 1184 1132 μιᾶς
1203 1060 1563 1131 δεικνυμένης
1591 1058 1785 1130 ἀρχῆς.

204 1156 372 1209 Ἀλλὰ
403 1157 497 1211 καὶ
536 1156 665 1226 περὶ
700 1153 906 1225 ταύτης
935 1154 1035 1224 τῆς
1073 1153 1339 1225 αἱρέσεως
1371 1152 1545 1205 ταῦτα
1580 1151 1791 1221 φήσαν-

191 1266 308 1314 τες,
327 1251 420 1304 καὶ
438 1246 891 1317 ἀποκαλύψαντες
909 1245 1001 1299 τὸν
1026 1245 1101 1299 ίὸν
1131 1246 1229 1316 τῆς
1248 1244 1586 1316 ἐρπετώδους
1607 1240 1786 1297 αὐτῶν

196 1346 263 1396 ἐκ
291 1344 480 1411 γένους
523 1340 765 1396 ἀσπίδων
805 1338 991 1409 γονῆς,
1023 1337 1108 1408 ἐφ’
1146 1337 1339 1410 ἑτέραν
1386 1337 1547 1391 πάλιν
1590 1335 1783 1408 ἴωμεν,

196 1436 493 1507 ἀγαπητοὶ,
527 1439 591 1508 τῇ
634 1435 770 1505 αὐτῇ
803 1431 1096 1503 ἀκολουθία
1136 1433 1233 1504 τῆς
1272 1432 1675 1506 πραγματείας.

1896 412 2118 469 Christo
2156 420 2444 477 statuunt,
2493 427 2558 467 ac
2605 415 3046 484 pertinacissime
3089 426 3362 473 tuentur:
3395 436 3487 475 νει

1895 519 2017 560 rum
2053 504 2216 559 etiam
2249 503 2396 574 quod
2428 503 2495 558 de
2517 502 2735 559 duobus
2769 505 2880 561 illis
2928 507 3244 562 hominibus
3275 524 3489 566 asseveo

1893 605 2043 651 rant.
2108 595 2243 649 Nam
2283 595 2329 651 si
2365 604 2579 652 mentes
2624 597 2749 664 illae,
2792 614 2931 669 quas
2973 599 3229 671 δυνάμεις
3264 612 3485 669 vocant,

1894 688 2235 758 superiorem
2291 688 2530 757 aliquam
2564 689 2833 755 originem
2877 701 3205 762 agnoscunt,
3237 691 3487 763 profecto

1892 797 2014 851 qum
2048 797 2078 835 a
2109 780 2325 836 duabus
2362 789 2492 836 sunt
2525 789 2698 853 gesta,
2736 798 2845 837 non
2881 784 3000 839 sine
3046 785 3213 840 unius
3257 788 3482 853 auxilio,

1893 891 2056 945 quam
2087 875 2331 929 omnium
2367 881 2596 928 matrem
2640 890 2763 930 esse
2806 875 3097 943 definiunt,
3136 876 3251 932 ﬁeri
3322 880 3480 949 perfio

1892 968 2052 1036 eique
2082 974 2400 1038 potuerunt.
2456 966 2538 1021 Ab
2586 983 2694 1021 una
2730 967 2933 1038 quippe
2971 983 3139 1024 causa
3176 968 3349 1024 amba:
3380 971 3488 1026 illze

1886 1067 2105 1115 mentes
2139 1058 2400 1128 profectm
2432 1066 2581 1123 sunt,
2617 1060 2736 1115 sine
2765 1074 2873 1130 qua
2899 1059 3036 1114 nihil
3072 1062 3293 1117 omnino
3322 1079 3388 1117 ex
3416 1064 3485 1119 iis

1894 1166 2014 1221 quae
2048 1158 2176 1205 sunt
2226 1150 2453 1220 produci
2484 1150 2682 1220 potuit.
2742 1150 2821 1204 lta
2861 1150 3079 1206 tandem
3115 1166 3181 1207 eo
3230 1168 3486 1209 necessa-

1894 1244 1979 1298 rio
2012 1251 2316 1307 recurrent,
2354 1258 2523 1297 unum
2556 1251 2615 1297 ut
2651 1242 2941 1297 Dominum
2974 1259 3160 1297 rerum
3210 1246 3482 1308 omnium,

1892 1342 1947 1390 et
1981 1342 2283 1403 auctorem,
2337 1349 2400 1388 ac
2454 1334 2795 1389 conditorem
2848 1334 3230 1391 universorum
3286 1337 3482 1392 admit-

1894 1433 2030 1488 tant,
2064 1425 2155 1479 ubi
2184 1424 2351 1479 semel
2378 1424 2707 1494 principium
2736 1425 2962 1482 unicum
2996 1442 3119 1481 esse
3151 1420 3483 1499 cOmproba-

198 1535 315 1582 tum
347 1526 527 1583 fuerit.
581 1525 679 1582 His
711 1524 974 1579 adversus
1002 1523 1143 1577 hanc
1176 1524 1428 1580 haeresim
1463 1521 1781 1594 disputatis,
1814 1531 1877 1573 ac
1908 1516 2171 1588 pestifero
2210 1516 2431 1570 illorum
2461 1515 2609 1571 velut
2665 1516 2920 1587 aspidum
2981 1532 3193 1573 veneno
3221 1520 3478 1587 “detecto.

199 1620 266 1674 ad
302 1619 466 1673 aliam
494 1618 774 1690 deinceps,
821 1631 932 1689 quo
962 1632 1063 1673 nos
1106 1616 1343 1672 instituti
1392 1617 1577 1687 operis
1609 1613 1783 1670 series
1820 1616 2002 1675 vocat,
2036 1606 2403 1663 convertenda
2434 1622 2628 1662 rursus
2656 1608 2857 1664 oratio.

638 1753 828 1805 KATA
864 1751 1319 1805 ΑΡΧΟΝΤΙΚΩΝ
1338 1789 1354 1817 ,

482 1886 745 1956 Εἰκοστὴ
771 1926 784 1953 ,
813 1887 851 1955 ἠ
883 1902 979 1941 και
1017 1884 1500 1955 τεσσαρακοστή.

268 1999 347 2053 A'.
378 1998 741 2070 Ἀρχοντικῶν
766 2017 850 2062 τις
876 1999 1087 2071 αἵρεσις
1107 2000 1315 2063 τούτοις
1342 2000 1535 2053 ἕπεται
1555 2015 1568 2029 ⁸
1598 2000 1698 2053 οὐκ
1727 2003 1785 2053 ἐν

198 2092 417 2154 πολλοῖς
444 2091 501 2144 δέ
534 2090 719 2154 τόποις
755 2088 895 2159 αὕτη
930 2090 1201 2159 φαίνεται,
1244 2091 1277 2160 ἢ
1309 2090 1466 2161 μόνον
1493 2093 1551 2144 ἐν
1580 2093 1647 2161 τῇ
1673 2091 1786 2144 Πα-

196 2184 485 2239 λαιστίνων
531 2184 793 2255 ἐπαρχίᾳ.
839 2184 1194 2255 Μετήνεγκαν
1241 2183 1298 2237 δὲ
1348 2183 1440 2237 τὸν
1495 2183 1673 2237 αὐτῶν
1709 2183 1786 2236 ἰὸν

195 2277 301 2349 ήδη
335 2293 438 2329 που
468 2275 560 2328 καὶ
588 2277 667 2339 εἰς
711 2278 811 2347 τὴν
848 2277 1093 2347 μεγάλην
1137 2275 1447 2347 Ἀρμενίαν.
1496 2276 1655 2329 Ἀλλὰ
1694 2279 1786 2330 καὶ

196 2373 257 2422 ἐν
283 2369 350 2439 τῆ
391 2370 561 2441 μικρᾷ
603 2369 861 2440 Ἀρμενίᾳ
894 2369 1049 2422 τοῦτο
1071 2368 1133 2421 τὸ
1169 2367 1409 2433 ζιζάνιον
1440 2369 1539 2440 ἥδη
1579 2368 1787 2440 ἔσπαρ-

195 2478 287 2513 ται
317 2461 425 2512 ὑπὸ
457 2460 648 2531 ἀνδρὸς
676 2476 819 2523 τινος
850 2460 1292 2531 ἐπιδημήσαντος
1313 2463 1378 2531 τῇ
1413 2459 1785 2513 Παλαιστίνων

196 2557 270 2623 γῇ
298 2553 421 2607 ἀπὸ,
446 2551 733 2624 Ἀρμενίας
766 2553 823 2606 ἐν
851 2553 1066 2624 χρόνοις
1097 2553 1497 2618 Κωνσταντίου,
1530 2554 1659 2622 περὶ
1684 2550 1784 2622 τὴν

199 2645 368 2699 αὐτοῦ
402 2645 677 2717 τελευτὴν,
712 2646 992 2699 Εύτάκτου
1025 2646 1281 2716 ὀνόματι,
1320 2645 1519 2716 μᾶλλον
1561 2645 1618 2697 δὲ
1654 2644 1784 2699 ἀτά-

198 2754 332 2790 κτου
359 2736 448 2789 τὸν
484 2736 706 2807 τρόπον,
735 2735 829 2789 καὶ
863 2735 1126 2807 μαθόντος
1156 2734 1254 2805 τὴν
1292 2732 1781 2788 κακοδιδασκαλίαν

196 2829 425 2900 ταύτην,
455 2824 572 2881 εἶτα
606 2828 989 2892 ἐπανελθόντος
1014 2829 1093 2890 είς
1126 2827 1194 2881 τὰ
1219 2828 1391 2881 οἰκεῖα
1422 2827 1515 2879 καὶ
1542 2826 1787 2893 διδάξαν-

199 2936 312 2983 τος.
346 2918 623 2972 Μετέλαϐε
650 2918 707 2971 δὲ
731 2960 746 2985 ,
791 2918 867 2982 ὡς
914 2917 1050 2989 ἔφην
1073 2959 1088 2983 ,
1115 2918 1173 2972 ἐν
1200 2917 1533 2987 Παλαιστίνη
1575 2918 1650 2981 ὡς
1680 2917 1785 2970 ὑπὸ

198 3007 425 3070 ἀσπίδος
477 3007 553 3060 ίὸν
601 3007 711 3060 ἀπὸ
763 3007 970 3079 Πέτρου
1004 3007 1148 3081 τινὸς
1197 3006 1452 3078 γέροντος
1482 3048 1497 3072 ,
1551 3007 1784 3072 ἀναξίως

2114 1741 2273 1812 291
2318 1740 2695 1799 ADVERSUS
2738 1743 3252 1816 ARCHONTICOS,

2233 1876 2366 1944 Qua:
2402 1887 2478 1931 est
2509 1878 2725 1934 Iiwresis
2759 1878 2867 1933 XX
2906 1882 2985 1935 vel
3028 1881 3145 1939 XL.

1958 1987 2000 2042 Ι.
2044 1986 2305 2043 Proxima
2334 1989 2462 2045 huic
2488 2000 2572 2045 est
2590 1989 3052 2047 Archonticorum
3084 1995 3330 2064 haeresis,
3354 2014 3476 2068 qua:

1890 2088 2073 2135 tamen
2122 2079 2268 2134 haud
2318 2081 2597 2151 plerisque
2640 2092 2797 2138 extra
2848 2082 3198 2141 Palwstinam
3242 2088 3297 2142 in
3342 2090 3482 2147 locis

1888 2172 2152 2227 cernitur.
2188 2171 2512 2243 Quanquam
2545 2174 2697 2231 virus
2732 2191 2893 2231 suum
2926 2177 2980 2231 in
3006 2178 3270 2247 majorem
3310 2183 3476 2236 etiam

1888 2262 2204 2317 Armeniam
2252 2262 2608 2319 dilluderuut.
2647 2263 2758 2319 lmo
2786 2276 2839 2320 et
2884 2266 2940 2320 in
2984 2266 3240 2323 Armenia
3269 2271 3482 2327 minore

1892 2354 2082 2408 lolium
2116 2354 2259 2408 istud
2284 2366 2432 2408 certo
2461 2355 2530 2409 ab
2563 2355 2782 2411 homine
2805 2354 3219 2413 disseminatum
3250 2370 3355 2428 est,
3388 2370 3480 2435 qui

1890 2445 2052 2514 paulo
2084 2454 2211 2500 ante
2240 2445 2549 2500 Constantii
2581 2446 2925 2517 imperatoris
2952 2450 3159 2504 obitum
3190 2468 3257 2507 ex
3290 2457 3481 2513 Arme-

1888 2538 1979 2591 nia
2008 2537 2063 2590 in
2100 2535 2443 2593 Palaestinam
2491 2537 2770 2608 profectus
2801 2550 2906 2605 est,
2940 2540 3203 2598 Eutactus
3234 2547 3477 2613 nomine,

1890 2631 2003 2685 sive
2050 2631 2279 2686 Atactus
2325 2632 2526 2699 potius,
2560 2632 2665 2687 hoc
2701 2642 2785 2688 est
2813 2635 3057 2689 moribus
3099 2638 3475 2706 perturbatus.

1888 2721 1991 2788 Qui
2034 2736 2159 2776 cum
2200 2722 2388 2777 infelix
2416 2723 2546 2777 illud
2606 2724 2804 2796 dogma
2855 2727 3236 2792 combibisset,
3290 2730 3345 2784 in
3386 2746 3483 2801 pa-

1888 2814 2047 2867 triam
2110 2827 2365 2868 reversus
2425 2813 2667 2883 profiteri
2742 2816 2911 2884 C(Bpil.
2968 2819 3115 2888 quod
3188 2820 3476 2877 didicerat-

1888 2902 2173 2974 Ejusmodi
2219 2920 2385 2974 porro
2418 2907 2564 2960 velut
2608 2906 2676 2961 ab
2711 2907 2900 2977 aspide
2935 2924 3226 2976 venenum,
3278 2928 3308 2966 a
3349 2928 3481 2969 sene

1888 2996 2126 3066 quodam
2172 2996 2450 3061 hauserat,
2489 2999 2712 3053 nomine
2756 2999 2941 3066 Petro,
2977 3001 3072 3055 sed
3116 3002 3345 3058 minime
3376 3004 3479 3058 hac

199 3099 411 3169 Πέτρου
451 3096 786 3168 καλουμένου
819 3137 834 3161 ,
872 3098 931 3161 ὃς
984 3096 1221 3169 κατῴκει
1265 3099 1322 3151 ἐν
1366 3100 1430 3168 τῇ
1466 3098 1565 3169 τῆς
1610 3098 1750 3150 Ἐλει

1936 3089 2254 3160 ppellatione
2287 3089 2454 3161 digno
2488 3108 2500 3143 :
2548 3090 2641 3161 qui
2676 3090 2731 3145 in
2765 3092 3221 3164 Eleutheropolis.
3259 3102 3311 3150 et
3345 3094 3475 3151 llie-

199 3189 539 3263 θεροπόλεως
605 3190 959 3262 Ἰερουσαλὴμ
1009 3192 1023 3221 ¹
1084 3191 1313 3263 ἐνορίᾳ,
1375 3190 1630 3245 ἐπέκεινα
1686 3191 1786 3261 τῆς

199 3280 431 3353 Χεϐρὼν
455 3282 565 3353 (54)
591 3284 838 3355 σημείοις
864 3284 1032 3352 τρισὶ,
1055 3284 1455 3355 Καϐαρϐαριχὰ
1473 3283 1571 3354 τὴν
1596 3284 1748 3337 πόλιν
1766 3286 1786 3315 ²

207 3371 487 3424 καλοῦσιν.
534 3364 706 3434 Οὗτος
743 3373 771 3425 ὁ
814 3370 991 3445 γέρων
1041 3371 1110 3425 τὰ
1150 3372 1343 3443 πρῶτα
1396 3372 1600 3444 ἔνδυμα
1642 3370 1787 3444 εἶχεν

204 3464 546 3536 ἔκπληκτον,
609 3464 947 3536 ὑποκρίσεως
999 3464 1189 3536 γέμον.
1245 3465 1483 3532 Ἔξωθεν
1537 3466 1637 3536 μὲν
1679 3465 1786 3538 γὰρ

198 3554 418 3626 ἀληθῶς
479 3553 671 3607 κώδιον
729 3554 1001 3625 προϐάτου
1058 3554 1367 3625 ἠμφίεστο,
1422 3557 1670 3625 ἠγνοεῖτο
1729 3557 1787 3610 δὲ

198 3646 413 3700 ἔνδοθεν
465 3646 628 3707 λύκος
684 3646 946 3717 ὑπάρχων
995 3645 1198 3718 ἅρπαξ.
1246 3646 1631 3718 Ἀναχωρητὴς
1679 3647 1791 3723 γὰρ

198 3740 375 3792 ἐδόκει
404 3736 564 3801 εἶναι,
597 3738 654 3790 ἐν
698 3738 949 3808 σπηλαίῳ
982 3738 1088 3790 τινί
1118 3736 1498 3809 καθεζόμενος.
1533 3739 1628 3802 Ὃς
1658 3737 1786 3790 πολ-

196 3832 330 3895 λοὺς
351 3830 511 3901 δῆθεν
540 3830 845 3901 συνήγαγεν
870 3831 950 3893 είς
980 3829 1242 3894 ἀπόταξιν
1262 3847 1274 3860 ’
1299 3831 1395 3883 καὶ
1420 3831 1601 3903 πατὴρ
1627 3829 1788 3903 δῆθεν

196 3926 292 3980 διά
325 3942 385 3981 τε
414 3924 475 3977 τὸ
511 3918 690 3994 γῆρας
725 3923 827 3975 καῖ
854 3922 914 3975 τὸ
956 3922 1142 3993 σχῆμα
1186 3923 1465 3975 ἐκαλεῖτο⁸
1496 3924 1565 3977 τά
1594 3941 1652 3976 τε
1686 3924 1787 3977 αύ-

198 4017 296 4072 τοῦ
344 4017 662 4087 ὑπάρχοντα
703 4017 943 4085 πτωχοῖς
979 4013 1241 4084 διένειμε,
1277 4014 1368 4068 καὶ
1418 4013 1539 4067 καθ’
1575 4015 1786 4085 ἡμέραν

200 4108 576 4179 ἐλεημοσύνας
608 4107 800 4160 ἐποίει.
841 4107 927 4158 Ἐν
961 4105 1016 4158 δέ
1053 4108 1118 4177 τῇ
1152 4105 1343 4178 πρώτῃ
1394 4106 1579 4177 ἡλικίᾳ
1619 4105 1785 4159 αὐτοῦ

198 4204 259 4254 ἐν
296 4199 523 4262 πολλαῖς
552 4198 827 4269 αἱρέσεσιν
858 4194 1152 4266 ἐξητάσθη.
1197 4197 1317 4249 Ἐπὶ
1356 4196 1565 4248 Ἀετίου
1597 4196 1653 4249 δὲ
1692 4197 1786 4250 τοῦ

194 4291 506 4346 ἐπισκόπου
535 4285 956 4359 κατηγορηθεὶς,
985 4284 1079 4338 καὶ
1110 4284 1386 4355 ἐλεγχθεὶς
1411 4284 1531 4338 τότε
1553 4286 1650 4357 τὴν
1680 4286 1807 4339 τῶν

197 4380 525 4435 Γνωστικῶν
565 4378 765 4450 μετιὼν
799 4378 1029 4448 αἵρεσιν,
1065 4376 1344 4449 καθῃρέθη
1381 4376 1489 4429 ἀπὸ
1527 4377 1619 4429 τοῦ
1653 4395 1785 4449 πρε-

1890 3183 2294 3253 rosolymorum
2322 3183 2852 3253 ﬁnibus‘habitabat.
2904 3186 3068 3240 tertio
3116 3187 3185 3241 ab
3225 3186 3481 3247 Hebroue

1888 3273 2089 3343 lapide,
2120 3271 2320 3342 oppido
2351 3273 2497 3342 quod
2536 3272 2942 3329 Cabarbaricha
2982 3276 3293 3332 nominant.
3340 3277 3479 3335 Huic

1889 3379 2053 3434 porro
2080 3364 2195 3419 seni
2233 3365 2468 3419 vestitus
2502 3374 2620 3419 erat
2661 3366 2820 3421 initio
2864 3367 3162 3437 asperitate
3197 3369 3315 3439 ipsa
3348 3371 3480 3426 hor-

1890 3457 2091 3522 ribilis,
2134 3465 2188 3512 et
2221 3456 2286 3510 ad
2334 3459 2738 3514 simulationem
2766 3459 3057 3517 aﬂ'ectatus
3090 3482 3103 3517 :
3138 3479 3203 3518 ac
3229 3481 3352 3519 eum
3384 3483 3478 3522 ex-

1890 3549 2169 3604 trinsecus
2199 3548 2319 3603 ovis
2361 3549 2500 3619 pelle
2530 3560 2673 3606 esset
2701 3549 2949 3617 indutus,
2988 3554 3151 3623 lupus
3188 3566 3306 3611 erat
3328 3558 3477 3614 intus

1891 3643 2285 3712 rapacissimus
2326 3651 2378 3696 et
2414 3643 2685 3698 occultus.
2725 3644 3071 3701 Anachoreta
3104 3650 3307 3721 quippe
3352 3667 3477 3710 esse

1888 3736 2176 3791 videbatur
2207 3736 2259 3789 in
2294 3736 2556 3806 spelunca
2607 3736 2831 3807 degens.
2865 3738 2969 3804 Qui
3011 3741 3232 3811 quidem
3268 3745 3477 3814 pleros-

1890 3844 1997 3899 que
2030 3830 2300 3885 abdicatis
2332 3829 2570 3885 fortunis
2620 3832 2879 3888 erunibus
2913 3835 2979 3888 ad
3018 3850 3138 3891 sese
3182 3841 3474 3907 pertraxit,

1887 3920 2158 3990 Paterque
2204 3920 2364 3990 vulgo
2397 3934 2523 3974 cum
2573 3920 2646 3975 ob
2678 3929 2911 3989 aetatem,
2953 3931 3067 3978 tum
3113 3927 3184 3981 ob
3226 3928 3474 3986 habitum

1890 4010 2069 4081 ipsum
2102 4009 2367 4079 appellari
2401 4009 2630 4065 solebat.
2670 4010 2814 4066 ldcm
2848 4014 3114 4086 quidquid
3144 4017 3378 4074 habebat
3416 4022 3473 4077 in
3574 4088 3577 4091 Α

1889 4120 2089 4177 egenos
2111 4105 2466 4169 distribuere,
2490 4120 2553 4159 ac
2594 4108 2839 4176 quOLidie
2863 4111 3059 4180 stipem
3091 4128 3339 4185 erogare.
3366 4114 3473 4173 Sed

1890 4196 1959 4252 ab
2005 4197 2230 4251 ineunte
2277 4203 2437 4251 (etate
2482 4196 2651 4252 variis
2703 4214 2762 4253 se
2811 4200 3117 4259 haaresibus
3166 4204 3472 4265 addixerat.

1889 4289 2085 4345 Postea
2133 4290 2200 4344 ad
2234 4290 2449 4345 Aetium
2494 4292 2817 4360 episc0pum
2870 4294 3107 4363 delatus,
3157 4313 3221 4352 ae
3253 4298 3477 4355 Gnosti-

1890 4397 2079 4437 eorum
2115 4381 2340 4436 haeresis
2374 4381 2683 4448 convictus,
2710 4398 2738 4435 a
2766 4385 3069 4441 sacerdotio
3090 4397 3475 4447 exauctoratus

198 4472 513 4543 σϐυτερίου.
537 4467 646 4523 Ἦν
686 4469 795 4542 γὰρ
832 4467 1194 4532 κατασταθείς
1239 4485 1371 4521 ποτε
1416 4469 1750 4541 πρεσϐύτερο

1936 4481 1995 4528 5t.
2055 4472 2204 4529 Illius
2266 4475 2469 4544 quippe
2510 4472 2617 4527 loci
2670 4485 2889 4533 creatus
2942 4478 3070 4532 olim
3134 4478 3311 4535 fuerat
3351 4498 3474 4552 pre.

190 4564 295 4620 τοῦ
329 4564 432 4636 (τε)
464 4564 653 4617 τόπου.

268 4654 430 4709 Μετὰ
485 4654 543 4707 δὲ
590 4652 681 4707 τὸν
728 4650 949 4720 ἔλεγχον
996 4650 1102 4703 ὑπὸ
1130 4651 1341 4705 Ἀετίου
1391 4651 1644 4723 ἐδιώχθη,
1678 4652 1790 4703 ’καὶ

194 4746 455 4803 ἀπελθὼν
482 4744 803 4816 κατῴκησεν
838 4746 895 4796 ἐν
924 4744 990 4814 τῇ
1026 4742 1257 4815 Ἀραϐίᾳ⁴
1290 4745 1347 4796 ἐν
1373 4745 1636 4817 Κωχάϐῃ,
1662 4744 1791 4798 ἔνθα

193 4844 253 4895 αἱ
296 4840 408 4893 τῶν
435 4837 768 4891 Ἐϐιωναίων
813 4853 873 4888 τε
916 4837 1011 4889 καὶ
1052 4834 1390 4907 Ναζωραίων
1431 4835 1579 4908 ῥίζαι
1623 4837 1787 4908 ἐνήρ-

195 4933 384 5000 ξαντο,
417 4931 491 4995 ὡς
532 4931 625 4983 καὶ
662 4931 717 4982 ἐν
758 4929 979 4993 πολλαῖς
1030 4928 1274 5000 αἱρέσεσι
1310 4930 1438 5000 περὶ
1479 4930 1573 4983 τοῦ
1618 4931 1785 4984 τόπου

192 5026 395 5080 τούτου
421 5026 690 5096 ἐσήμανα.
720 5023 985 5093 Ὕστερον
1012 5020 1087 5086 δὲ,
1113 5021 1188 5084 ὡς
1222 5021 1609 5093 σωφρονισθείς
1651 5023 1789 5093 πρὸς

190 5120 257 5172 τὸ
290 5118 493 5189 γῆρας,
530 5115 693 5169 πάλιν
723 5114 993 5185 ἐπανῆλθε
1027 5113 1207 5184 φέρων
1242 5112 1419 5184 ἐαυτῷ
1459 5114 1661 5187 ταύτην
1691 5114 1789 5187 τὴν

196 5210 442 5265 ἱοϐολίαν
475 5207 736 5281 κρύϐδην.
770 5208 880 5259 Καὶ¹
901 5206 1050 5278 παρὰ
1077 5208 1242 5259 πᾶσιν
1269 5206 1653 5277 ἀγνοούμενος,
1685 5208 1789 5272 ἕως

192 5306 290 5359 ὅτε
340 5305 422 5367 εἰς
472 5302 719 5371 ἔσχατον,
764 5299 856 5369 ἀφ’
904 5292 979 5355 ὦν
1023 5300 1102 5362 εἰς
1137 5293 1253 5352 ὦτά
1302 5316 1463 5352 τινων
1511 5300 1790 5372 ἐψιθύρισε

272 5482 293 5513 ¹
322 5478 386 5535 F.
414 5496 509 5533 και
545 5480 773 5549 Ἱερουσ.
850 5480 870 5510 ²
908 5477 1028 5535 Vel.
1061 5480 1157 5535 καὶ
1186 5475 1503 5548 Βαρϐαριχὰ
1528 5477 1626 5549 τὴν
1653 5479 1869 5551 κώμην.

1890 4565 2094 4619 sbvter.

1960 4655 2349 4728 Deprehensus
2402 4657 2611 4730 itaque,
2654 4668 2708 4715 et
2754 4660 2824 4715 ab
2857 4660 3013 4715 Aetio
3037 4662 3250 4731 pulsus,
3283 4663 3339 4718 in
3367 4662 3474 4720 Co-

1887 4747 2099 4803 chabcn
2144 4749 2359 4804 Arabia:
2399 4752 2657 4822 Oppidum
2706 4752 2981 4823 profectus
3005 4761 3089 4810 est
3124 4773 3138 4809 :
3176 4756 3266 4811 ubi
3308 4755 3476 4813 Ebio—

1886 4856 2128 4896 meorum
2177 4857 2243 4898 ac
2292 4841 2679 4899 Nazorzeorum
2733 4847 2943 4902 semina
2981 4847 3250 4918 pullulare
3291 4866 3466 4922 empe-

1892 4943 2037 5000 rant,
2071 4944 2131 4989 ut
2166 4936 2220 4990 in
2255 4936 2442 4992 multis
2475 4939 2776 4995 refutandis
2826 4940 3129 4997 haeresibus
3164 4952 3324 4998 antea
3356 4959 3447 5000 me

1888 5028 2133 5082 nuimus.
2154 5025 2440 5084 Postremo
2463 5031 2612 5086 velut
2633 5030 3147 5090 mtatismaturitate
3171 5036 3463 5107 sapientim

1888 5118 2090 5185 factus,
2124 5122 2464 5192 postliminio
2510 5126 2693 5193 rediit,
2744 5126 2986 5182 abditum
3012 5127 3166 5183 -illud
3215 5129 3367 5184 virus
3417 5130 3470 5184 in

1888 5222 2109 5285 pectore
2150 5216 2351 5281 ferens,
2383 5224 2437 5273 et
2465 5218 2685 5290 ignotus
2711 5220 2992 5285 omnibus,
3034 5219 3209 5276 donec
3253 5220 3469 5276 tandem

1890 5305 2172 5362 nonnullis
2207 5321 2237 5362 e
2264 5309 2635 5380 sermonibus,
2684 5327 2824 5384 quos
2862 5312 2917 5367 in
2958 5311 3267 5381 aliquorum
3307 5327 3472 5368 aures

270 5640 387 5706 (54)
435 5636 748 5694 Ἐπέκεινα
780 5637 893 5708 τῆς
920 5639 1175 5710 Χεϐρών.
1195 5641 1448 5698 Chebron
1474 5640 1750 5696 Eleuthert

1944 5640 2107 5713 vulgo
2131 5653 2253 5697 esse
2275 5639 2541 5698 creditur.
