3844 6346
316 351 419 407 C79
1727 345 1783 401 S.
1825 341 2166 400 EPIPHANII
3496 345 3644 402 680

318 467 729 532 insusurrabat,
777 480 877 539 pro
917 463 1175 522 haeretica
1216 473 1530 536 compertus
1564 480 1594 519 a
1630 464 1788 521 nobis
1809 481 1904 520 ex-

2020 464 2290 537 5ημάτων,
2328 462 2603 539 ἐλεγχθεὶς
2643 459 2883 527 τοιοῦτος
2923 465 3014 533 ὑφ’
3060 464 3216 536 ἡμῶν
3260 463 3645 536 ἀνεθεματίο

314 560 777 625 cOmmunicatus,
810 566 865 614 et
898 557 1294 613 mediocritatis
1338 566 1541 612 nostra:
1570 570 1737 627 opera
1768 571 1904 609 con-

2020 535 2134 627 ςθη,
2159 556 2252 609 καὶ
2280 535 2602 627 ὲλῆλεγκται
2633 555 2721 609 διὰ
2755 555 2857 627 τῆς
2885 555 3044 627 ⁴ἡμῶν
3070 535 3430 629 βραχύτητος.
3490 558 3639 609 Καὶ

319 646 500 709 victus
526 658 630 708 est.
670 649 825 706 Unde
858 648 915 704 in
948 650 1266 720 speluncam
1304 648 1563 719 deinceps
1613 646 1903 710 abscessit,

2020 648 2259 702 ἐκάθισεν
2294 650 2350 701 ὲν
2375 647 2454 719 τῷ
2480 648 2729 721 σπηλαίῳ
2758 647 2944 700 λοιπὸν
2976 647 3282 718 βδελυχθεὶς
3313 648 3420 701 ὑπὸ
3457 646 3640 701 πάν-

321 745 567 800 onmium
596 743 978 799 exsecratione
1006 740 1319 804 damnatus,
1349 749 1403 795 et
1438 749 1546 793 tam
1578 755 1609 793 a
1637 737 1905 793 fratribus

2020 761 2134 808 ιων,
2180 744 2275 798 καὶ
2323 742 2585 814 μονωθεὶς
2629 742 2737 796 ἀπὸ
2773 741 2874 812 τῆς
2913 741 3309 813 ἀδελφότητος,
3346 742 3442 795 καὶ
3492 739 3635 793 ἀπὸ

323 836 639 899 derelictus,
690 832 852 904 292
886 847 1048 902 quam
1095 846 1125 884 a
1172 831 1446 902 plerisque
1509 846 1538 884 a
1577 830 1778 900 quibus
1810 847 1908 887 ne—

2020 834 2275 887 πλείστων
2334 834 2443 888 τῶν
2494 834 2597 904 τῆς
2645 832 2791 904 ζωῆς
2855 832 3065 887 ἑαυτῶν
3122 833 3631 905 ἐπιμελουμένων.

318 928 563 985 cessaria
598 928 724 982 vitae
772 924 1026 996 przesidia
1074 924 1457 993 suppetebant.
1504 923 1585 978 Ad
1622 924 1768 978 hunc
1804 926 1907 979 ita-

2020 925 2152 996 Πρὸς
2181 922 2369 978 τοῦτον
2402 924 2492 979 τόν
2532 924 2764 995 γέροντα
2798 924 3091 995 καταχθεὶς
3129 928 3156 979 ὁ
3188 926 3631 997 προειρημένος

318 1037 425 1092 que
455 1036 640 1077 senem
669 1019 780 1084 ille,
813 1033 975 1088 quem
1004 1016 1141 1081 dixi,
1170 1015 1457 1081 Eutactus,
1484 1015 1529 1071 si
1558 1014 1662 1070 hoc
1688 1017 1907 1071 nomine

2020 1011 2304 1077 Εὕτακτος,
2330 1012 2445 1080 εἴγε
2481 1012 2775 1079 Εὔτακτος,
2804 1015 2911 1068 ἀπὸ
2938 1016 3037 1086 τῆς
3077 1016 3358 1084 Αἰγύπτου
3387 1016 3629 1088 διερχό·

320 1113 598 1167 vocandus
626 1117 731 1177 est,
765 1125 890 1165 cum
939 1125 1003 1164 ex
1040 1106 1282 1180 Egypto
1312 1108 1575 1175 venisset,
1610 1108 1678 1163 ab
1729 1123 1906 1178 eoque

2020 1122 2190 1175 μενος,
2216 1106 2309 1159 καὶ
2333 1105 2653 1176 μεταλαϐὼν
2677 1110 2773 1177 τῆς
2798 1106 2892 1160 τοῦ
2917 1108 3171 1177 γέροντος
3196 1109 3629 1162 κακοδιδασκα-

319 1205 506 1276 impiis
554 1202 900 1274 dogmatibus
949 1211 1094 1257 esset
1148 1202 1415 1264 imbutus,
1489 1201 1647 1255 talem
1698 1209 1905 1270 pestem

2020 1194 2148 1260 λίας,
2184 1195 2259 1259 ὡς
2296 1195 2538 1266 μεγάλην
2565 1196 2836 1267 ἐμπορίαν
2857 1197 2918 1250 τὸ
2951 1198 3277 1270 δηλητήριον
3306 1199 3463 1252 τοῦτο
3505 1201 3627 1252 λαο

322 1294 469 1349 velut
497 1292 802 1363 exquisitas
839 1306 1050 1346 merces
1080 1306 1267 1345 secum
1304 1291 1355 1344 in
1405 1291 1638 1362 patriam
1678 1291 1905 1345 revexit.

2020 1285 2138 1351 56w,
2157 1288 2236 1350 εἰς
2260 1287 2355 1356 τὴν
2377 1287 2829 1360 ὲαυτοῦ¹πατρίδα
2849 1290 3205 1362 ἀπεκόμισεν.
3224 1289 3332 1344 Ἦν
3356 1291 3463 1363 γὰρ
3487 1293 3627 1345 ἀπὸ

321 1386 452 1441 Erat
483 1386 617 1449 lure,
648 1394 708 1439 ut
738 1384 997 1451 diximus,
1025 1384 1280 1441 Armenia
1308 1386 1490 1440 minor
1515 1388 1569 1440 in
1602 1387 1781 1441 vicina
1815 1386 1910 1441 Sa-

2020 1384 2106 1452 ῆς
2125 1382 2327 1452 μικρᾶς
2351 1382 2666 1453 Ἀρμενίας,
2692 1382 2767 1447 ὡς
2799 1382 2956 1455 ἔφην,
2993 1384 3331 1455 ὁρμώμενος,
3357 1385 3466 1438 τῶν
3491 1387 3589 1438 Ea
3606 1414 3627 1425 -

319 1479 442 1532 take
472 1477 714 1549 regione.
758 1474 880 1541 Quo
920 1490 1045 1529 cum
1090 1483 1236 1531 esset
1273 1492 1550 1539 reversus,
1583 1477 1908 1546 contagione

319 1587 419 1627 sua
454 1569 888 1641 quamplurimas
942 1569 1055 1623 illic
1085 1569 1289 1624 infecit.
1326 1566 1462 1622 Nam
1493 1585 1552 1624 se
1587 1569 1642 1622 in
1670 1569 1908 1638 locuple-

320 1672 436 1717 tum
497 1660 895 1733 quorumdam,
951 1675 1016 1715 ac
1070 1659 1332 1715 senatorii
1385 1658 1594 1716 ordinis
1654 1659 1905 1724 femina,

319 1754 667 1823 aliorumque
715 1750 1101 1822 primariorum
1138 1748 1434 1803 amicitiam
1473 1749 1779 1814 insinuans,
1812 1764 1909 1819 per

316 1862 415 1901 eos
444 1821 631 1916 utpote
664 1821 944 1915 principes
982 1843 1134 1897 viros
1168 1841 1397 1895 inlinitis
1440 1840 1759 1896 hominibus
1792 1841 1910 1895 exi-
1940 1821 1982 1875 Β

320 1939 458 1993 tium
499 1936 702 1991 attulit.
745 1934 851 1990 Sed
892 1949 1018 1989 eum
1056 1932 1322 1988 Dominus
1366 1933 1617 2001 celeriter
1652 1948 1684 1988 e
1731 1932 1910 1988 medio

319 2030 564 2094 sustulit,
598 2043 725 2083 cum
751 2026 864 2097 jam
896 2026 1105 2080 zizania
1136 2041 1234 2080 sua
1273 2024 1591 2096 sparsisset.

388 2121 455 2180 II.
515 2122 787 2178 Craterum
849 2120 941 2175 isti
1003 2118 1347 2190 apocryphos
1403 2117 1672 2188 quosdam
1742 2118 1910 2174 libros

322 2217 616 2273 ﬁnxerunt.
631 2213 673 2268 E
689 2213 886 2285 quibus
903 2212 1013 2267 duo
1030 2218 1158 2267 sunt
1181 2209 1515 2282 Symphoniw
1533 2209 1775 2273 nomine,
1796 2224 1912 2262 ma-

316 2313 406 2381 jor
432 2307 687 2364 videlicet
719 2321 785 2361 ac
811 2305 1010 2360 minor.
1043 2302 1250 2360 Praeter
1278 2318 1418 2374 quos
1445 2303 1743 2358 nonnullos
1773 2303 1912 2361 alios

321 2400 389 2455 iis
425 2400 753 2470 quibuscum
800 2403 967 2468 agunt
1018 2410 1345 2466 percensere
1382 2396 1582 2461 solent,
1644 2404 1704 2450 ut
1757 2411 1911 2451 erro-

321 2507 438 2546 rem
482 2507 643 2547 suum
683 2489 871 2545 multis
911 2487 1332 2544 auctoritatibus
1359 2486 1634 2543 aliirmare
1684 2502 1749 2542 ac
1783 2502 1910 2557 pro-

321 2586 452 2640 bare
506 2584 815 2639 videantur.
853 2580 1064 2636 Habent
1117 2589 1168 2636 et
1215 2596 1355 2651 quos
1415 2579 1770 2648 Ἀλλογενεῖς,
1805 2581 1910 2633 hoc

319 2685 406 2735 εει
440 2676 766 2747 alienigenas
796 2681 1015 2738 vocant,
1049 2674 1131 2730 sic
1164 2672 1462 2744 inscriptos
1498 2672 1733 2727 libellos.
1779 2672 1908 2726 ltem

319 2784 387 2825 ex
423 2768 731 2823 Anabatico
762 2765 936 2831 lsaize,
984 2772 1037 2821 et
1084 2765 1139 2820 id
1185 2780 1358 2837 genus
1393 2764 1720 2837 apocryphis
1750 2780 1911 2833 argn-

322 2869 506 2916 menta
551 2859 901 2931 depromunt.
956 2856 1063 2913 Sed
1119 2873 1185 2913 eo
1235 2857 1398 2922 libro,
1435 2857 1523 2911 cui
1577 2855 1911 2927 Symp/ionice

321 2965 521 3009 noenu
548 2961 653 3019 est,
684 2953 764 3005 uti
798 2950 1145 3021 potissimum
1183 2950 1364 3005 solent
1392 2967 1406 3004 :
1440 2950 1495 3003 in
1529 2965 1640 3018 quo
1658 2948 1913 3002 εωῐεειυε

322 3044 484 3100 orbes
532 3051 658 3098 octo
690 3044 775 3098 vel
823 3052 1032 3111 septem
1083 3056 1205 3096 esse
1254 3040 1545 3095 deﬁniunt.
1602 3038 1809 3093 [lorum
1856 3038 1908 3090 in

322 3136 555 3208 singulis
582 3134 825 3190 residere
855 3134 1135 3204 principes
1162 3151 1176 3187 :
1202 3132 1277 3186 ita
1314 3140 1371 3187 ut
1402 3149 1499 3203 per
1528 3140 1783 3202 septenos
1813 3146 1907 3185 or-

323 3229 421 3284 bes
446 3225 729 3281 distributi
762 3227 897 3293 sint,
929 3233 1093 3296 atque
1121 3242 1263 3281 unus
1286 3226 1341 3281 in
1374 3225 1622 3296 Quolibet
1652 3225 1907 3295 princeps

322 3319 580 3376 exsistat.
613 3317 809 3375 Certos
859 3332 1024 3389 porro
1073 3318 1369 3389 unicuique
1411 3317 1645 3389 principi
1691 3316 1913 3372 ordines

320 3429 446 3471 esse
474 3414 803 3484 descriptos.
841 3411 1018 3482 Supra
1051 3425 1193 3482 quos
1221 3425 1413 3466 omnes
1441 3421 1640 3465 octavo
1680 3409 1737 3464 in
1771 3409 1913 3463 cmlo

325 3505 566 3561 lucidam
609 3504 835 3559 Matrem
882 3513 1205 3558 czeterarum
1257 3502 1541 3558 hazrcseon
1580 3517 1731 3557 more
1777 3517 1912 3556 con-

325 3598 583 3654 stituunt.
635 3594 743 3651 Sed
776 3609 967 3650 eorum
1018 3594 1188 3665 aliqui
1234 3592 1552 3649 fmdissimis
1591 3592 1912 3648 libidinibus

326 3700 558 3757 corpora
602 3701 703 3741 sua
745 3685 1144 3740 contaminant.
1182 3684 1285 3738 Alii
1332 3683 1538 3754 jejunia
1590 3685 1914 3739 simulantes

327 3777 727 3832 monachorum
766 3777 949 3847 specie
986 3775 1414 3846 simplicioribus
1450 3775 1710 3839 illudunt,
1746 3792 1810 3832 ac
1855 3793 1916 3833 se

329 3869 598 3923 bonorum
632 3870 876 3923 omnium
922 3866 1272 3923 abdicatione
1300 3867 1603 3923 venditant.
1635 3866 1753 3923 Jam
1787 3884 1915 3924 vero

329 3962 385 4015 in
430 3976 781 4032 unoquoque,
836 3968 897 4016 ut
943 3961 1152 4016 dictum
1207 3971 1312 4027 est,
1351 3960 1492 4015 caelo
1530 3962 1833 4032 principem
1862 3970 1917 4015 et

329 4060 655 4124 potestatem
691 4068 817 4107 cum
850 4053 1058 4126 angelis
1092 4052 1303 4123 aliquot
1340 4053 1752 4124 apparitoribus
1797 4056 1913 4110 col-

329 4145 537 4200 locant.
591 4142 900 4209 Quemlibet
940 4144 1085 4198 enim
1129 4143 1437 4215 principem
1488 4159 1621 4200 suos
1672 4144 1776 4200 sibi
1824 4160 1916 4215 ge-

327 4237 521 4294 nuisse
596 4249 662 4291 ac
712 4250 1031 4305 procreasse
1083 4236 1372 4292 satellites.
1431 4236 1667 4292 Carnem
1716 4246 1918 4309 negant

331 4342 641 4400 resurgere,
678 4327 842 4398 idque
887 4326 991 4381 soli
1032 4327 1228 4382 animae
1260 4328 1531 4383 tribuunt.
1576 4328 1913 4400 Baptismuin

329 4420 597 4474 damnant
628 4434 642 4470 :
684 4417 902 4474 tametsi
930 4416 1073 4473 inter
1099 4432 1195 4473 eos
1232 4417 1345 4473 sint
1394 4420 1489 4489 qui
1516 4419 1789 4491 baptismo
1817 4437 1917 4476 an-

329 4520 418 4567 tea
453 4510 651 4566 initiati
683 4508 910 4566 fuerint.
946 4509 1329 4581 Mysteriorum
1360 4513 1803 4569 communionem
1842 4518 1915 4570 'ac

330 4605 631 4662 bonitatem
680 4604 994 4675 repudiarit,
1043 4612 1302 4674 tanquam
1338 4603 1594 4673 alienam,
1631 4613 1684 4662 et
1719 4607 1771 4661 in
1810 4621 1912 4662 no-

333 4696 480 4752 mine
531 4694 694 4766 293
746 4693 987 4749 Sabaoth
1032 4701 1327 4765 repertam.
1361 4692 1519 4750 Hunc
1554 4698 1719 4764 enim,
1754 4706 1813 4751 ut
1860 4708 1915 4754 et

334 4788 455 4842 alia:
502 4789 750 4859 quazdam
785 4787 1040 4851 haereses,
1077 4786 1310 4857 septimo
1343 4786 1398 4841 in
1428 4786 1559 4842 orbe
1587 4788 1814 4855 versari,
1851 4804 1915 4844 ac

337 4877 681 4949 tyrannidem
731 4892 987 4934 exercere
1045 4877 1368 4949 praedicant,
1414 4886 1751 4949 caeterosque
1800 4880 1915 4935 vio-

335 4968 509 5024 lenter
537 4968 866 5040 opprimere.
907 4966 1323 5041 Principatnum
1366 4977 1809 5043 potestatumque
1836 4973 1915 5028 ci-

336 5061 465 5116 bum
512 5061 751 5116 animam
789 5063 1093 5138 appellant,
1124 5065 1244 5120 sine
1278 5080 1383 5135 qua
1416 5065 1597 5120 vivere
1643 5066 1765 5121 illos
1804 5081 1912 5122 non

336 5167 518 5222 posse,
550 5152 695 5224 quod
736 5168 767 5206 a
801 5155 1014 5211 ccelesti
1057 5172 1180 5213 rore
1220 5164 1505 5227 procreata
1545 5167 1756 5228 vegetet
1792 5159 1916 5215 illos

338 5260 401 5299 ac
430 5243 627 5299 foveat.
656 5245 787 5312 Qua:
816 5261 941 5301 cum
979 5246 1045 5301 ad
1076 5250 1444 5319 cognitionem
1479 5250 1809 5321 pervenerit,
1852 5263 1917 5306 ac

337 5335 672 5408 baptismum
725 5337 979 5393 Ecclesia:
1028 5355 1337 5413 nomenque
1379 5340 1643 5408 Sabaoth,
1690 5342 1783 5413 qui
1818 5356 1918 5397 au-

333 5442 457 5484 ctcr
507 5429 643 5502 legis
689 5440 794 5499 est,
847 5431 1117 5504 eﬂ‘ugerit,
1152 5432 1218 5488 ad
1268 5434 1513 5506 singulos
1548 5435 1766 5492 evolare
1810 5450 1919 5492 cte-

412 5615 430 5646 ¹
455 5611 514 5669 F.
544 5611 794 5684 βεϐαίων.
874 5616 895 5649 ⁸
926 5612 985 5669 F.
1014 5616 1415 5689 κεχραμμένοι.

412 5791 527 5854 (55)
552 5792 788 5851 Ειὸέναι
817 5794 885 5851 δὲ
910 5797 1041 5854 καθ’
1072 5798 1353 5856 ἕκαστον.
1387 5797 1447 5853 F.
1481 5804 1673 5871 alvei.)

2007 1472 2175 1543 τάλης
2223 1472 2449 1545 πλησίον
2506 1474 2708 1529 τόπων.
2751 1474 3092 1529 Ἐπανελθὼν
3135 1478 3214 1541 είς
3258 1478 3361 1549 τὴν
3398 1476 3622 1532 ἑαυτοῦ

2010 1566 2266 1637 πατρίδα,
2301 1566 2528 1631 πολλοὺς
2564 1567 2759 1639 ἔκρανε
2797 1567 2898 1638 τῆς
2939 1569 3107 1640 αὐτῆς
3143 1572 3347 1642 μικρᾶς
3390 1572 3621 1641 Ἀρμε-

2008 1658 2146 1724 νίας,
2182 1659 2551 1732 προσφθαρείς
2574 1678 2683 1713 τισι
2708 1660 3004 1724 πλουσίοις,
3032 1662 3370 1734 συγκλητικῇ
3405 1664 3465 1716 τέ
3487 1681 3623 1717 τινι

2010 1752 2129 1805 και
2158 1750 2341 1816 ἄλλοις
2391 1752 2801 1826 περιϐλέπτοις,
2844 1753 2911 1807 δι’
2954 1746 3028 1807 ὧν
3072 1752 3344 1823 διαφανῶν
3384 1755 3620 1825 ἀνδρῶν

2010 1842 2241 1906 πολλοὺς
2278 1845 2455 1898 ἐκεῖσε
2507 1846 2776 1899 ἀπώλεσε.
2800 1846 2999 1915 Τάχιον
3038 1845 3095 1898 δὲ
3133 1847 3294 1899 αὐτὸν
3318 1848 3347 1899 ὁ
3388 1848 3621 1919 Κύριος

2009 1931 2103 1984 τοῦ
2139 1932 2254 2003 βίου
2279 1932 2547 2005 ἐξήλειψε,
2582 1934 2720 2007 πλὴν
2753 1936 2835 1990 ὅτι
2869 1935 3089 2006 ἔσπειρε
3117 1937 3179 1989 τὸ
3205 1936 3405 1991 ἑαυτοῦ
3444 1937 3622 2003 ζιζὰ-

2011 2038 2142 2078 νιον.

2082 2114 2159 2169 B'.
2187 2114 2298 2169 Καὶ
2327 2108 2470 2171 οῦτοι
2514 2116 2571 2169 δὲ
2623 2116 2774 2188 ὅμως
2816 2116 3030 2188 βίϐλους
3068 2119 3281 2183 ἑαυτοῖς
3325 2118 3615 2173 ὲπλαστο-

2011 2207 2301 2279 γράφησάν
2350 2224 2503 2270 τινας
2547 2206 2923 2280 ἀποκρύφους,
2951 2201 3028 2263 ὧν
3064 2208 3136 2261 τὰ
3182 2209 3427 2279 ὀνόματά
3476 2212 3617 2264 ἐστι

1972 2352 1976 2356 ,
2011 2300 2202 2353 ταῦτα.
2223 2300 2296 2352 Τὸ
2324 2301 2421 2369 μὲν
2452 2300 2563 2373 γὰρ
2591 2302 2969 2370 Συμξρωνίαν,
2992 2302 3186 2373 μικρὸν
3204 2302 3365 2373 δῆθεν
3389 2304 3613 2373 βιϐλίον

2012 2388 2259 2453 καλοῦσι,
2286 2390 2347 2441 τὸ
2376 2390 2431 2442 δὲ
2464 2390 2610 2460 μέγα
2630 2390 2975 2461 Συμφωνίαν.
3003 2391 3165 2445 Ἀλλά
3187 2393 3280 2445 καὶ
3306 2392 3441 2446 ἄλλα
3472 2395 3614 2447 τινὰ

2014 2480 2193 2552 βιϐλία
2226 2481 2438 2544 ἑαυτοῖς
2485 2480 2935 2551 ὲπισωρεύουσιν,
2972 2477 3054 2545 οἷς
3090 2484 3187 2537 ἐὰν
3236 2484 3608 2553 συντύχωσιν,

2015 2574 2101 2627 ἵνα
2131 2573 2323 2641 δόξωσι
2357 2573 2454 2646 τὴν
2478 2574 2685 2627 ἑαυτῶν
2708 2574 2916 2645 πλάνην
2940 2574 3027 2628 διὰ
3062 2575 3271 2629 πολλῶν
3303 2575 3564 2645 βεϐαιοῦν
3586 2580 3607 2610 ¹

2016 2665 2588 2739 ὲπισυνεισφέρεσθαι.
2627 2666 2768 2737 Ἤδη
2816 2666 2873 2719 δὲ
2916 2668 3011 2721 καὶ
3056 2672 3166 2733 τοῖς
3200 2671 3611 2739 Ἀλλοτενέσι

2012 2757 2367 2826 καλουμένοις
2406 2757 2730 2829 κέχρηνταιο
2787 2758 2957 2828 βίϐλοι
2997 2760 3106 2832 γάρ
3141 2763 3278 2814 εἰσιν
3315 2760 3461 2814 οὕτω
3499 2780 3611 2816 κα-

2012 2849 2289 2920 λούμεναι.
2313 2851 2667 2921 Λαμϐἀνουσι
2701 2851 2756 2904 δὲ
2792 2852 2962 2917 λαϐὰς
2986 2854 3092 2907 ἀπὸ
3118 2853 3213 2907 τοῦ
3235 2854 3608 2909 Ἀναϐατικοῦ

2025 2942 2248 2995 Ἡσαΐου
2269 2960 2283 2974 ο
2316 2941 2397 2995 ἔτι
2424 2942 2480 2996 δὲ
2512 2945 2605 2996 καὶ
2632 2944 2807 2997 ἄλλων
2850 2944 3012 2999 τινῶν
3043 2946 3376 3018 ἀποκρύφων
3396 2965 3411 2978 ο
3438 2949 3501 3001 τὸ
3541 2949 3609 3002 δὲ

2014 3036 2122 3089 πᾶν
2163 3038 2227 3089 ὲκ
2278 3035 2370 3089 τοῦ
2406 3037 2730 3105 Συμερωνία
2773 3037 3108 3108 καλουμένου
3159 3039 3400 3109 βιϐλίου’
3453 3042 3513 3093 ὲν
3556 3035 3611 3109 ᾧ

2013 3129 2243 3196 ὁγδοάδα
2295 3128 2419 3199 τινὰ
2451 3128 2704 3198 λέγουσιν
2724 3125 2865 3184 εἶναι
2898 3132 3144 3203 οὐρανὸν,
3172 3132 3266 3186 καὶ
3298 3132 3601 3203 ἑϐδομάδα.

2015 3221 2224 3275 Εἱδέναι
2251 3220 2307 3274 δὲ
2336 3221 2458 3275 καθ’
2486 3221 2718 3276 ἕκαστον
2748 3223 2859 3293 (55)
2890 3224 3118 3295 οὐρανὸν
3158 3226 3426 3295 ἄρχοντας
3445 3242 3459 3256 ν
3504 3228 3607 3279 καὶ

2012 3316 2139 3377 τοὺς
2177 3313 2275 3385 μὲν
2301 3309 2439 3367 εἶναι
2462 3316 2588 3377 τοὺς
2621 3315 2760 3369 ὲπτά
2784 3316 3070 3387 οὐρανοὺς,
3098 3318 3216 3370 καθ’
3249 3319 3343 3372 ’ένα
3364 3321 3607 3390 οὐρανὸν

2011 3405 2406 3478 ἐναυάρχονταο
2451 3406 2631 3472 τάξεις
2669 3406 2724 3460 δὲ
2758 3403 2896 3462 εἶναι
2940 3409 3158 3480 ἑκάστῳ
3194 3410 3436 3482 ἄρχοντι.
3486 3415 3608 3472 Καὶ

2012 3499 2110 3571 τὴν
2147 3500 2376 3571 Μητέρα
2415 3499 2511 3571 τὴν
2564 3501 2834 3572 φωτεινὴν
2885 3501 3149 3555 ἀνωτάτω
3189 3505 3247 3557 ὲν
3293 3504 3374 3575 τῷ
3424 3504 3606 3577 ὀγδόῳ

2013 3586 2189 3658 εἶναι,
2235 3592 2489 3664 καθάπερ
2524 3594 2580 3645 αἱ
2631 3592 2790 3646 ἄλλαι
2837 3594 3096 3666 αἱρέσεις.
3147 3597 3256 3649 Καὶ
3309 3597 3454 3661 τινὲς
3498 3600 3607 3669 μὲν

2014 3684 2194 3737 αὐτῶν
2243 3684 2382 3737 κατὰ
2442 3686 2512 3737 τὰ
2562 3685 2794 3757 σώματα
2849 3688 3286 3759 κεχραμμένων²
3337 3690 3605 3764 ἀσελγείᾳ

2014 3781 2409 3848 τυγχάνουσιν*
2445 3776 2594 3830 ἄλλοι
2640 3777 2697 3831 δὲ
2726 3777 2889 3848 δῆθεν
2922 3781 3299 3851 προσποιητὴν
3340 3784 3604 3853 νηστείαν

2015 3869 2433 3941 ὑποκρίνονταιο
2474 3869 2726 3923 ἀπατῶσι
2768 3869 2823 3924 δὲ
2871 3870 2998 3934 τοὺς
3049 3871 3442 3945 ἀφελεστέρους
3501 3876 3603 3928 ἀν-

2017 3958 2271 4033 θρώπους
2321 3960 2671 4031 προσχήματι
2710 3961 3083 4030 μοναζόντων,
3131 3963 3431 4029 ἀποταξίαν
3477 3967 3606 4020 τινὰ

2018 4052 2426 4124 σεμνυνόμενοι.
2465 4052 2601 4104 Φασὶ
2647 4053 2704 4105 δὲ
2738 4049 2877 4107 εἶναι
2917 4054 3039 4108 καθ’
3072 4056 3302 4110 ἕκαστον
3345 4058 3601 4129 οὐρανὸν,

2016 4145 2093 4209 ὡς
2126 4147 2423 4215 προεῖπον,
2476 4144 2652 4217 ἀρχὴν
2697 4147 2793 4198 καὶ
2846 4146 3127 4213 ἐξουσίαν,
3160 4150 3255 4202 καὶ
3302 4150 3605 4219 ἀγγελικάς

2016 4252 2169 4299 τινας
2202 4235 2534 4307 ὑπηρεσίας,
2561 4238 2791 4291 ἑκάστου
2824 4237 3085 4309 ἄρχοντος
3122 4239 3300 4309 ἐαυτῷ
3339 4257 3603 4316 γεγεννη-

2018 4328 2175 4392 κότος
2205 4328 2300 4382 mi.
2331 4328 2692 4401 πεποιηκότος
2732 4331 3058 4402 ὑπηρεσίαν.
3091 4333 3183 4405 Μὴ
3211 4330 3348 4387 εῖναι
3381 4334 3436 4388 δὲ
3470 4352 3603 4408 σαρ-

2018 4421 2115 4485 κός
2152 4422 2469 4489 ἀνάστασιν,
2515 4423 2650 4477 ἀλλὰ
2684 4423 2842 4495 μόνον
2883 4424 3082 4497 ψυχῆς.
3113 4427 3605 4499 ’Δναθεματίζουσί

2017 4533 2078 4569 τε
2111 4514 2172 4568 τὸ
2203 4514 2446 4587 λουτρὸν,
2475 4517 2576 4570 κάν
2604 4534 2661 4569 τε
2696 4512 2808 4570 εἶέν
2837 4535 2979 4582 τινες
3000 4519 3058 4573 ὲν
3087 4520 3268 4585 αὐτοῖς
3298 4523 3602 4593 προειλημ-

2023 4604 2173 4676 μένοι
2227 4607 2323 4660 καὶ
2370 4606 2809 4679 βεϐαπτισμένοι.
2852 4609 2964 4682 Τήν
3011 4627 3072 4663 τε
3124 4612 3233 4665 τῶν
3285 4615 3604 4685 μυστηρίων

2025 4701 2261 4771 μετοχὴν
2310 4702 2405 4755 καὶ
2455 4701 2771 4774 ἀγαθότητα
2824 4702 3142 4771 ἀθετοῦσιν,
3183 4706 3259 4769 ὡς
3314 4708 3603 4780 ἀλλοτρίαν

2018 4788 2203 4860 οὖσαν,
2244 4795 2337 4847 καὶ
2384 4796 2464 4858 είς
2497 4794 2668 4867 ὄνομα
2708 4795 2935 4850 Σαϐαὼθ
2965 4800 3367 4871 γεγενημένην·
3413 4800 3602 4856 τοῦτον

2020 4884 2129 4956 γὰρ
2157 4884 2401 4939 θέλουσιν
2441 4883 2580 4942 εἶναι
2612 4889 2755 4943 κατά
2793 4906 2944 4953 τινας
2972 4889 3081 4944 τῶν
3120 4890 3295 4946 ἀλλων
3337 4894 3603 4963 αἱρέσεων

2024 4975 2082 5028 ἐν
2115 4973 2191 5045 τῷ
2216 4975 2427 5048 ἑϐδόμῳ
2479 4978 2694 5050 οὐρανῷ
2731 4980 3101 5051 τυραννοῦντα
3122 5022 3138 5049 ,
3171 4984 3264 5035 καὶ
3310 4985 3454 5038 κατά
3495 4985 3604 5039 τῶν

2020 5066 2193 5120 ἄλλων
2223 5068 2601 5139 κατισχύοντα.
2628 5071 2834 5144 Βρῶμα
2864 5072 2920 5125 δὲ
2960 5072 3208 5143 λέγουσιν
3239 5071 3375 5129 εἶναι
3416 5078 3602 5147 ἀρχῶν

2019 5158 2112 5212 καὶ
2138 5157 2396 5224 ἐξουσιῶν
2414 5161 2512 5233 τὴν
2541 5164 2741 5235 ψυχήν.
2769 5165 2930 5219 Ἀνευ
2959 5166 3015 5219 δὲ
3044 5166 3209 5220 αὐτοῦ
3242 5169 3317 5239 μὴ
3341 5169 3604 5225 δύνασθαι

2017 5253 2215 5317 αὐτοὺς
2242 5254 2362 5326 ζῇν,
2396 5253 2482 5308 διὰ
2516 5255 2576 5309 τὸ
2623 5258 2732 5312 ἀπὸ
2773 5257 2873 5329 τῆς
2912 5259 3121 5313 ἄνωθεν
3166 5260 3391 5330 ἰκμάδος
3430 5262 3603 5333 αὐτὴν

2022 5343 2183 5414 εἶναι,
2212 5348 2306 5400 καὶ
2351 5347 2579 5421 δύναμιν
2621 5352 2805 5417 αὐτοῖς
2842 5353 3125 5426 παρέχειν.
3173 5355 3261 5407 Ἐν
3300 5353 3503 5424 γνώσει
3548 5356 3601 5409 δὲ

2023 5437 2226 5508 ταύτην
2253 5440 2571 5513 γενομένην,
2620 5445 2715 5497 καὶ
2757 5446 3036 5515 φυγοῦσαν
3074 5448 3134 5501 τὸ
3185 5448 3467 5519 ϐάπτισμα
3512 5436 3603 5519 ti},-
