3844 6318
395 233 502 291 C85
1801 229 1859 285 S.
1900 221 2246 284 EPIPHANII
3597 225 3721 282 68!

395 349 678 421 quodlibet
709 366 941 424 regnum
961 351 1150 423 plures
1169 353 1336 410 habet
1363 350 1707 424 principatus
1737 351 1834 405 uni
1863 347 1978 418 regi

2119 347 2228 402 ιλλὰ
2267 349 2372 403 ὑπὸ
2411 349 2510 404 ἕνα
2551 349 2794 421 βασιλέα.
2827 349 2896 404 Al
2941 348 3052 420 γὰρ
3080 342 3262 404 οὖσαι
3301 345 3609 413 ἐξουσίαι
3640 346 3718 397 ἐκ

395 441 696 510 Subjectos.
718 443 851 509 Qua:
877 444 1016 498 enim
1043 452 1326 512 potestates
1355 452 1501 506 sunt,
1521 460 1554 496 a
1581 441 1686 496 Deo
1716 439 1980 494 ordinata:

2119 439 2236 492 ῠεοῦ
2282 441 2631 510 τεταγμέναι
2657 483 2673 506 ,
2708 441 2785 504 ὡς
2827 441 2979 508 λέγει
3025 441 3053 494 ὁ
3101 437 3438 502 Ἀπόστολος.
3510 437 3721 489 Ὥστε

395 539 539 592 sunt,
567 531 1008 600 aitApostolus‘.
1030 530 1216 602 Itaque
1241 534 1332 602 qui
1359 531 1608 600 potestati
1639 529 1862 589 resistit,
1886 525 1982 578 Dei

2119 522 2203 581 ιῦν
2246 532 2280 583 ό
2312 529 2750 600 ἀνθιστάμενος
2799 530 2874 599 τῇ
2923 532 3210 598 ἐξουσίᾳ,
3259 527 3334 597 τῇ
3378 527 3500 582 τοῦ
3544 525 3714 580 Θεοῦ

397 619 728 675 ordinationi
761 623 981 676 resistit.
1020 622 1165 676 Nam
1203 623 1465 692 principes
1502 638 1607 675 non
1648 628 1769 674 sunt
1800 625 1983 671 contra

2119 621 2340 692 ἰαταγῆ
2371 623 2764 688 ἀνθέστηκεν.
2817 625 2882 675 Oi
2916 624 3024 691 γὰρ
3059 623 3348 691 ἄρχοντες
3394 621 3526 673 οὐκ
3580 615 3712 669 εἰσι

399 710 613 778 bonum,
652 713 740 766 sed
767 731 862 783 pro
901 713 1070 767 bono:
1105 730 1266 784 neque
1298 723 1419 767 sunt
1458 721 1644 766 contra
1687 710 1981 769 veritatem,

2119 713 2239 767 εατὰ
2293 713 2399 766 τοῦ
2433 713 2691 782 ἀγαθοῦ,
2743 713 2882 768 ἀλλ’
2925 713 3077 781 ὑπὲρ
3122 711 3229 765 τοῦ
3265 708 3509 780 ἀγαθοῦ
3542 725 3563 740 ο
3603 705 3710 759 καὶ

401 801 492 855 sed
521 819 616 870 pro
651 805 884 856 veritate.
935 802 1019 855 Vis
1051 812 1224 856 autem
1268 819 1372 856 non
1423 803 1598 854 timere
1633 799 1984 868 potestatem?

2126 803 2199 856 ὐκ
2234 803 2356 856 εἰσὶ
2388 803 2540 857 κατὰ
2570 803 2682 872 τῆς
2709 806 2998 874 ἀληθείας
3017 844 3031 868 ,
3055 804 3193 858 ἀλλ’
3220 801 3377 868 ὑπὲρ
3399 799 3526 867 τῆς
3548 799 3714 864 d111-

403 893 611 947 Bouum
645 895 753 964 fac,
776 904 824 947 et
855 894 1066 948 habebis
1094 893 1304 947 laudem
1331 908 1395 946 ex
1425 892 1540 945 illa.
1568 889 1690 944 Non
1716 891 1854 944 enim
1875 890 1986 943 sine

2119 894 2272 958 'er’ac.
2313 893 2518 960 Θέλεις
2546 894 2614 948 δὲ
2637 935 2650 958 ,
2688 895 2823 965 φησι
2846 934 2862 959 ,
2902 894 3019 962 τὴν
3044 894 3337 958 ἐξουσίαν
3356 889 3444 960 μὴ
3483 886 3712 958 φοϐεῖ·

403 1001 567 1039 causa
583 984 819 1055 gladium
838 993 1036 1054 portat.
1060 984 1158 1037 Dei
1180 987 1320 1038 enim
1343 985 1583 1037 minister
1602 981 1672 1034 ad
1694 981 1788 1035 hoc
1812 981 1986 1048 ipsum

2119 989 2266 1047 '06”;
2307 985 2375 1038 Τὸ
2407 984 2635 1052 ἀγαθὸν
2666 987 2685 1016 ²
2725 986 2921 1051 ποίει,
2983 985 3083 1038 καὶ
3121 983 3280 1047 ἕξεις
3314 981 3594 1034 ἔπαινον
3634 976 3712 1041 ἐξ

404 1075 652 1129 adversus
673 1075 922 1128 scelerate
945 1074 1213 1141 quidpiam
1245 1083 1507 1142 gerentem
1538 1088 1570 1123 a
1594 1070 1704 1124 Deo
1733 1068 1988 1121 constitu-

2119 1076 2301 1140 ιύτῆς.
2345 1077 2427 1128 Οὐ
2463 1074 2573 1144 γὰρ
2609 1074 2741 1143 είκῆ
2769 1074 2944 1142 φορεῖ
2968 1073 3084 1142 τὴν
3109 1071 3431 1142 μάχαιραν.
3470 1067 3711 1122 Διάκρ-

405 1174 511 1220 tus.
545 1163 782 1220 Videsne
809 1172 867 1218 ut
897 1165 1011 1218 haec
1040 1163 1226 1218 mundi
1259 1171 1503 1232 potestas
1535 1175 1564 1213 a
1601 1161 1708 1214 Deo
1743 1157 1986 1211 stabilita

2119 1181 2196 1228 ὀς
2228 1164 2338 1233 γάρ
2366 1165 2540 1218 ἐστιν
2581 1166 2670 1228 εἰς
2693 1165 2846 1218 αὐτὸ
2892 1164 3067 1218 τοῦτο
3105 1165 3172 1216 ἐκ
3212 1161 3362 1215 Θεοῦ
3400 1157 3712 1227 τεταγμέ-

404 1257 496 1322 sit,
530 1256 804 1326 gladiique
829 1255 923 1324 jus
956 1255 1238 1310 obtineat?
1264 1253 1450 1323 Neque
1483 1265 1612 1305 vero
1658 1249 1711 1303 id
1743 1246 1986 1310 aliunde,

2119 1274 2197 1323 ὀς
2226 1255 2306 1321 τῷ
2332 1255 2397 1309 τὸ
2424 1257 2612 1310 κακὸν
2643 1255 2981 1323 πράττοντι.
3015 1254 3126 1308 Καὶ
3146 1254 3279 1324 ὁρᾷς
3305 1293 3322 1317 ,
3355 1251 3432 1315 ὡς
3458 1253 3502 1321 ἡ
3535 1249 3711 1312 ἐξου-

403 1364 567 1419 quam
597 1364 628 1402 a
661 1348 770 1402 Deo
799 1347 864 1401 ad
897 1347 1284 1400 vindicandum
1311 1344 1526 1412 accipit.
1545 1339 1816 1395 Caeterum
1840 1336 1990 1424 quod

2119 1349 2185 1403 ria
2216 1347 2356 1418 αὕτη
2391 1352 2423 1414 ἡ
2459 1350 2698 1420 κοσμικὴ
2729 1351 2793 1403 ἐκ
2819 1350 2952 1402 Θεοῦ
2974 1347 3252 1408 τέτακται,
3282 1346 3376 1398 καὶ
3402 1343 3708 1414 μαχαίρας

403 1437 673 1509 ejusmodi
721 1439 832 1494 sint
872 1441 926 1491 in
968 1436 1170 1490 mundo
1201 1435 1540 1505 principatus
1571 1447 1634 1486 ac
1666 1438 1988 1502 potestates,

2121 1436 2252 1490 λαϐε
2285 1437 2383 1509 τὴν
2418 1437 2695 1504 ἐξουσίαν;
2739 1438 2853 1490 Οὐκ
2883 1435 3175 1505 ἀλλαχόθεν
3218 1432 3275 1485 δέ
3320 1431 3490 1485 ποθεν
3521 1470 3540 1492 ,
3582 1428 3708 1482 ἀλλ’

405 1545 566 1586 nemo
598 1529 814 1583 illorum
851 1543 1031 1598 regem
1061 1533 1346 1596 pr0pterea
1380 1540 1560 1595 regem
1598 1538 1722 1579 esse
1755 1536 1990 1592 negave-

2119 1545 2158 1580 κ
2196 1527 2370 1590 Θεοῦ,
2420 1531 2499 1591 είς
2554 1528 2852 1598 ἐκδίκησιν.
2887 1527 2996 1578 Καὶ
3042 1526 3102 1577 οὐ
3145 1521 3424 1593 δυνάμεθα
3474 1520 3704 1588 λέγειν,

405 1623 512 1687 rit;
550 1620 644 1676 sed
668 1622 741 1674 ita
771 1619 1112 1690 principatus
1143 1620 1268 1674 illos
1298 1633 1361 1672 ac
1386 1623 1686 1687 potestates
1709 1616 1763 1668 in
1788 1613 1992 1668 mundo

2119 1620 2181 1673 ἑιὰ
2209 1620 2268 1673 τὸ
2289 1619 2428 1674 εἶναι
2463 1618 2636 1691 ἀρχὰς
2660 1620 2753 1672 καὶ
2787 1617 3031 1683 ἐξουσίας
3058 1619 3114 1669 ἐν
3149 1616 3370 1685 κόσμῳ,
3403 1615 3500 1666 τὸν
3541 1612 3709 1680 βασι-

403 1727 527 1768 esse
554 1711 836 1774 latebitur,
868 1719 929 1764 ut
959 1711 1176 1764 interim
1213 1710 1431 1764 illorum
1459 1724 1582 1763 esse
1612 1722 1790 1778 regem
1828 1721 1994 1775 agno-

2119 1711 2192 1764 .έα
2218 1710 2421 1765 τούτων
2463 1687 2713 1782 μηνεῖναι
2746 1710 2970 1780 βασιλέα
2994 1726 3006 1739 ⁸
3041 1709 3175 1761 ἀλλὰ
3205 1704 3345 1761 εἶναι
3378 1706 3484 1769 τὰς
3513 1703 3706 1774 ἀρχάς

404 1811 542 1858 scat.
577 1801 746 1873 igitur
769 1801 872 1856 hoc
907 1801 1108 1871 ipsum,
1143 1799 1290 1870 quod
1339 1800 1394 1853 in
1448 1799 1611 1853 terris
1639 1797 1862 1859 accidit,
1897 1796 1993 1850 de-

2119 1802 2191 1856 ιαὶ
2213 1801 2311 1864 τὰς
2339 1802 2587 1866 ἐξουσίας
2617 1803 2674 1854 ἐν
2714 1802 2902 1872 κόσμῳ
2920 1842 2936 1866 ,
2971 1796 3110 1854 εἶναι
3138 1799 3195 1852 δὲ
3229 1799 3324 1852 καὶ
3359 1797 3451 1851 τὸν
3478 1795 3705 1849 τούτων

405 1892 867 1957 monstravimus;
892 1906 1002 1944 non
1022 1905 1144 1946 esse
1166 1892 1275 1960 regi
1303 1888 1640 1960 principatus
1661 1888 1990 1951 contrarios,

2119 1891 2339 1946 ιασιλέα.
2383 1893 2469 1955 Ὠς
2519 1889 2610 1946 οὖν
2643 1893 2735 1946 ἐπὶ
2788 1893 2889 1963 γῆς
2939 1892 3152 1962 ὁρῶμεν
3196 1889 3507 1961 (δέδεικται
3544 1888 3568 1918 ³
3597 1887 3705 1940 οὐκ

406 1985 502 2041 scd
544 1983 612 2036 ad
667 1983 878 2052 imperii
928 1983 1096 2036 totius
1147 1981 1676 2037 administrationem
1724 1989 1993 2049 terraeque

2119 1983 2344 2046 ηναντίας
2374 1983 2473 2047 τὰς
2526 1984 2698 2054 ἀρχὰς
2729 1984 2806 2054 τῷ
2855 1983 3102 2052 βασιλεῖ,
3157 1981 3272 2035 ἀλλ’
3303 1978 3704 2048 ὑποτεταγμέ-

407 2073 835 2128 moderalionem
892 2072 1211 2141 subjectos;
1249 2071 1340 2126 ubi
1395 2070 1574 2126 caedes
1626 2070 1881 2124 videlicet
1930 2083 1996 2123 ac

2119 2076 2192 2137 lac
2220 2075 2298 2136 είς
2321 2074 2583 2144 διοίκησιν
2611 2074 2816 2136 παντὸς
2843 2071 2937 2126 τοῦ
2967 2071 3232 2142 βασιλείου
3252 2110 3268 2134 ,
3296 2071 3390 2124 καὶ
3418 2070 3507 2133 εἰς
3535 2069 3706 2120 εὐτα-

408 2164 595 2236 praelia
630 2165 759 2226 sint,
787 2161 1216 2233 ignominiaeque
1250 2177 1313 2216 ac
1340 2162 1663 2232 disciplima,
1685 2160 1994 2215 observatio

2119 2166 2216 2230 ξίαν
2241 2167 2342 2238 γῆς
2361 2183 2374 2196 ο
2412 2165 2540 2220 ἔνθα
2570 2165 2721 2235 φόνοι
2747 2204 2762 2229 ,
2792 2163 2887 2218 καὶ
2915 2164 3083 2234 μάχαι
3109 2203 3123 2228 ,
3150 2163 3362 2231 ἄγνοιαι
3391 2179 3454 2214 τε
3487 2162 3594 2214 καὶ
3619 2159 3704 2213 δι-

407 2256 644 2326 dcnique
678 2257 857 2326 legum
895 2270 959 2309 ac
987 2255 1371 2325 transgressio.
1391 2254 1563 2324 Cujus
1589 2254 1665 2308 rei
1694 2253 1868 2322 gratia
1896 2267 1995 2321 po-

2119 2257 2381 2311 ὶασκαλίαι
2409 2297 2423 2320 ,
2451 2257 2700 2326 εὐνομίαι
2731 2272 2792 2308 τε
2823 2254 2916 2308 καὶ
2947 2253 3317 2325 παρανομίαι·
3351 2252 3450 2306 καὶ
3493 2251 3705 2305 τούτου

409 2355 631 2403 testates
670 2347 934 2401 instituta:
987 2357 1137 2410 sunt,
1168 2355 1229 2399 ut
1273 2345 1340 2400 ad
1395 2353 1573 2414 aptam
1629 2343 1798 2398 totius
1842 2343 1994 2397 orbis

2119 2350 2253 2420 [ἀριν
2287 2348 2424 2403 είσὶν
2451 2348 2726 2414 ἐξουσίαι,
2765 2348 2852 2401 ἵνα
2887 2349 2966 2410 είς
3005 2345 3262 2400 εὔτακτον
3293 2344 3560 2411 σύνταξιν
3594 2343 3702 2411 τῆς

409 2441 876 2507 compositamque
903 2437 1356 2508 gubernationem
1391 2436 1653 2506 praeclare
1675 2450 1705 2488 a
1730 2437 1838 2489 Deo
1860 2449 1995 2488 con-

2119 2441 2189 2494 τοῦ
2220 2440 2420 2504 παντὸς
2444 2440 2650 2510 κόσμου
2675 2438 2995 2509 διοικήσεως
3025 2437 3094 2490 τὰ
3125 2437 3302 2490 πάντα
3330 2439 3392 2490 ἐκ
3417 2434 3568 2489 Θεοῦ
3607 2450 3704 2486 κα-

409 2529 709 2586 stituantur
763 2543 828 2582 ac
869 2537 1131 2598 regantur
1171 2528 1446 2583 universa.
1482 2525 1627 2581 Idem
1662 2534 1716 2580 et
1759 2526 1815 2579 in
1856 2525 1994 2578 coelo

2119 2533 2205 2595 .ὦς
2229 2531 2544 2602 καταταχθῇ
2568 2531 2662 2584 καὶ
2701 2530 3033 2600 οἱκονομηθῇ
3051 2530 3071 2598 )
3091 2568 3106 2592 ,
3134 2528 3277 2581 οὕτω
3315 2527 3409 2580 καὶ
3431 2528 3496 2579 ἐν
3522 2526 3699 2597 οὐρα-

411 2634 628 2690 quoque
675 2619 994 2689 contingere
1034 2634 1261 2674 necesse
1291 2627 1374 2673 est
1405 2633 1580 2687 eoque
1616 2616 1814 2686 magis,
1851 2615 1996 2684 quod

2119 2622 2173 2693 νῷ
2198 2662 2211 2684 ,
2245 2621 2478 2693 μάλιστα
2512 2621 2568 2674 δὲ
2601 2619 2895 2690 ἐξαιρέτως
2930 2620 3082 2671 ἐκεῖ’
3115 2617 3242 2671 ἔνθα
3263 2618 3324 2670 οὐ
3351 2616 3557 2686 φθόνος
3581 2656 3596 2676 ,
3634 2615 3697 2668 οὐ

410 2712 524 2766 illic
559 2725 658 2764 nec
688 2709 913 2775 invidia,
950 2725 1050 2764 nec
1077 2711 1381 2775 aemulatio,
1416 2724 1592 2779 neque
1621 2709 1798 2778 legum
1833 2707 1998 2762 viola-

2119 2712 2258 2784 ζῆλος
2281 2753 2296 2778 ,
2334 2713 2393 2766 οὐ
2428 2710 2744 2784 παρανομία
2769 2751 2784 2775 ,
2821 2710 2920 2764 οὐκ
2970 2710 3279 2779 ἐναντιότης
3303 2746 3318 2770 ,
3362 2708 3424 2761 οὐ
3468 2707 3692 2769 στάσις,

361 2813 369 2824 '
411 2801 511 2864 tio,
544 2815 645 2855 nec
693 2800 890 2855 seditio
939 2800 1047 2854 ulla
1092 2801 1197 2865 sit;
1247 2817 1357 2854 non
1407 2799 1824 2870 jusjurandum,
1879 2812 1994 2852 non

2119 2803 2195 2874 ιύχ
2217 2804 2404 2874 ὅρκος,
2435 2803 2534 2871 οὐχ
2561 2801 2786 2872 ἁρπαγὴ
2804 2843 2819 2866 ,
2847 2800 2965 2854 οὐδέ
2986 2818 3037 2853 τι
3061 2801 3247 2872 ἕτερον
3269 2800 3373 2852 τῶν
3399 2799 3694 2859 τοιούτων,

409 2888 574 2960 295
605 2890 816 2958 rapina,
851 2905 958 2942 non
991 2889 1194 2958 aliquid
1231 2889 1522 2956 ejusmodi.
1560 2888 1740 2954 Quare
1768 2887 1996 2942 alterius

2119 2893 2337 2961 ιξουσίαι
2391 2893 2722 2963 τεταγμέναι
2775 2893 2882 2944 sic}.
2929 2891 2994 2945 δι’
3048 2891 3214 2960 ἄλλην
3273 2889 3690 2962 πραγματείαν.

410 2979 614 3048 negotii
667 2993 832 3032 causa
882 2985 1177 3047 potestates
1225 2978 1478 3032 stabilita:
1509 2986 1658 3034 sunt.
1695 2977 1994 3047 Cujusnam

2119 2985 2268 3037 1οίαν
2319 2985 2376 3037 δέ
2429 3002 2604 3056 φημι,
2637 2983 2750 3036 ἀλλ’
2793 2983 2826 3054 ἢ
2859 2982 2947 3036 διὰ
2983 2982 3071 3035 τὸν
3101 2981 3306 3052 ῥυθμὸν
3356 2979 3452 3033 τοῦ
3491 2978 3692 3049 ὕμνου,

411 3070 579 3124 vero?
611 3067 876 3122 Nimirum
915 3077 1134 3137 propter
1164 3068 1471 3122 divinarum
1504 3068 1725 3121 laudum
1763 3081 2000 3120 concen-

2119 3076 2192 3130 Ξιὰ
2219 3076 2318 3146 τὴν
2355 3076 2466 3130 ἄνω
2497 3077 2772 3146 ἀκήρατον
2797 3073 3103 3142 δοξολογίαν
3126 3111 3140 3136 ,
3171 3073 3236 3125 δι’
3271 3074 3335 3144 ἢν
3364 3071 3641 3142 ἠθέλησεν
3660 3068 3691 3120 ὁ

415 3169 553 3226 tum,
589 3169 642 3214 et
669 3161 1034 3214 immortalem
1067 3160 1214 3214 illam
1247 3160 1493 3214 numinis
1535 3154 1999 3230 praedicationem.

2119 3170 2334 3240 ἱφθονος
2357 3168 2512 3240 ἡμῶν
2540 3167 2672 3231 Θεὸς
2709 3167 2802 3221 καὶ
2827 3166 3082 3238 βασιλεὺς
3108 3165 3439 3238 χαρίσασθαι
3469 3165 3690 3232 ἑκάστῳ

413 3253 585 3324 Cujus
627 3251 803 3323 gratia
841 3265 1092 3306 summus
1124 3249 1215 3305 ille
1250 3251 1392 3306 Deus
1425 3265 1488 3304 ac
1519 3251 1774 3321 princeps
1822 3251 2001 3305 omnis

2119 3261 2212 3315 τῶν
2260 3261 2351 3314 ὑπ’
2408 3258 2571 3313 αὐτοῦ
2621 3257 3031 3328 γεγεννημένων
3063 3257 3219 3323 δόξαν
3262 3255 3542 3327 προσήκοι)
3557 3267 3686 3306 ταν·

414 3357 611 3412 expers
632 3340 846 3395 invidia:
867 3355 1026 3396 suum
1056 3339 1255 3410 cuique
1285 3341 1527 3404 illorum,
1552 3356 1692 3412 quos
1720 3341 2000 3411 produxit,

2119 3351 2192 3404 ἵνα
2224 3351 2321 3420 τῆς
2354 3349 2518 3403 αὑτοῦ
2550 3347 2825 3418 βασιλείας
2859 3347 2921 3401 τὸ
2948 3346 3172 3418 φαιδρὸν
3210 3347 3308 3400 καὶ
3356 3345 3686 3412 ἀκατάπλη-

415 3439 798 3486 ornamentum
863 3445 927 3484 ac
986 3429 1155 3487 decus
1215 3431 1487 3498 attribuit,
1526 3440 1584 3484 ut
1643 3431 1858 3501 imperii
1914 3433 2001 3489 sui

2119 3461 2232 3498 ιτον
2279 3444 2300 3474 ⁸
2331 3443 2418 3496 ἀεὶ
2452 3440 2737 3512 δοξάζηται
2763 3457 2777 3506 ;
2812 3439 3005 3509 Σαφῶς
3037 3439 3214 3495 τοίνυν
3246 3441 3442 3493 ἐκεῖνοι
3478 3437 3690 3492 πεπλά-

417 3521 697 3592 Splendor.
730 3528 893 3591 atque
927 3522 1259 3590 sempiterna
1289 3523 1828 3593 dignitas,pcrpetuo
1862 3525 2001 3576 cele-

2119 3552 2311 3605 mv-rat,
2343 3533 2442 3588 τὴν
2471 3533 2629 3602 χάριν
2663 3530 2758 3584 τοῦ
2783 3529 2918 3583 Θεοῦ
2945 3531 3329 3599 ἀγνοήσαντες.

416 3613 624 3667 bretur.
656 3611 926 3676 Quocirca
985 3611 1331 3666 vehementer
1361 3621 1565 3680 .errant
1607 3613 1718 3676 isti,
1770 3615 1863 3683 qui
1905 3612 2002 3668 Dei

417 3703 652 3775 gratiam
691 3703 968 3772 ignorant.

493 3791 554 3846 γ.
605 3793 735 3846 lllud
764 3808 892 3846 vero
927 3794 1152 3864 insuper
1181 3792 1472 3858 allirmant,
1506 3795 1650 3864 quod
1680 3811 1708 3849 a
1734 3812 1820 3852 me
1842 3805 2000 3854 antea

418 3883 626 3939 dictum
675 3891 778 3945 est.
811 3884 1088 3938 diabolum
1137 3885 1382 3954 septima:
1427 3887 1734 3956 potestatis,
1773 3887 1877 3942 hoc
1919 3897 2004 3944 est

421 3976 680 4039 Sabaoth,
714 3990 838 4031 esse
870 3976 1056 4030 lilium.
1080 3975 1318 4031 Sabaoth
1350 3992 1514 4047 porro
1538 3977 1851 4034 Iudaeorum
1881 3996 2001 4036 esse

419 4067 613 4133 Deum,
648 4066 805 4136 cujus
834 4067 1010 4122 malus
1039 4066 1180 4121 ﬁlius
1211 4068 1282 4122 sit
1311 4067 1562 4124 diabolus
1592 4088 1606 4122 :
1641 4071 1735 4139 qui
1769 4071 1824 4126 in
1856 4079 2000 4126 terra

421 4158 731 4213 consistens
778 4156 998 4210 Parenti
1052 4171 1152 4210 suo
1206 4157 1523 4211 reluctatur.
1563 4157 1824 4214 Eumdem
1873 4177 2001 4215 vero
2103 4156 2283 4228 ζ”ξψξ
2352 4156 2515 4228 '_"_"
2544 4156 2780 4228 ""T'ﬁ"
2827 4156 3052 4228 ":"ff,"
3091 4156 3264 4228 :'",
3295 4156 3417 4228 ’ςξέ
3475 4156 3639 4228 ’ξ”ξ

420 4235 709 4304 Parentcm
758 4264 935 4318 neque
982 4248 1272 4316 ejusmodi,
1307 4249 1409 4303 hoc
1459 4260 1540 4304 est
1591 4253 1817 4315 malum,
1855 4267 1996 4318 esse,

2119 4219 2194 4271 επὶ
2224 4220 2322 4287 τῆς
2353 4218 2374 4247 ⁵
2427 4213 2802 4270 ἐναντιοῦσθαι
2832 4213 2910 4284 τῷ
2942 4213 3055 4283 ἰδίῳ
3091 4213 3284 4283 Πατρί.
3319 4212 3427 4264 Καὶ
3470 4211 3560 4264 τὸν
3586 4211 3675 4261 αὑ-

422 4355 600 4409 neque
649 4337 813 4392 Deum
859 4347 1038 4392 tamen
1090 4338 1241 4391 illum
1291 4354 1430 4403 csse,
1469 4341 1559 4409 qui
1613 4342 1999 4411 comprehendi

2119 4320 2197 4374 τοῦ
2237 4319 2455 4390 Πατέρα
2489 4321 2623 4390 μήτε
2662 4317 2900 4371 τοιοῦτον
2945 4313 3082 4370 εἶναι
3111 4357 3127 4380 ,
3171 4318 3309 4389 μήτε
3339 4317 3504 4370 πάλιν
3547 4313 3671 4368 εἶναι

2139 4411 2154 4428 \
2233 4413 2244 4428 I
2377 4411 2418 4428 IK
2522 4427 2532 4428 η
2630 4409 2720 4428 n,\
2816 4409 2871 4428 ιι.
2903 4409 3115 4428 ηηΑικῂ
3163 4409 3357 4428 .-η-Γ..-
3397 4407 3523 4428 ὶδιλιλ
3571 4409 3645 4428 2.--

423 4407 680 4499 nequeat.
733 4428 838 4483 Sed
890 4431 957 4484 ad
1007 4429 1284 4483 sinistram
1331 4407 1655 4497 potestatem
1707 4407 1998 4501 pertinere.

2119 4411 2194 4464 ιὸν
2222 4411 2600 4481 ἀκατάληπτον
2629 4409 2782 4473 Θεὸν,
2813 4409 2872 4461 ὃν
2903 4409 3120 4480 Πατέρα
3157 4409 3320 4477 φασίν
3345 4425 3358 4438 ·
3389 4407 3526 4463 ἀλλὰ
3565 4409 3674 4477 ἀρισ-

426 4497 647 4575 Adilunt
701 4528 754 4574 et
801 4521 960 4573 aliam
991 4521 1297 4576 istiusmodi
1333 4521 1591 4577 fabulam.
1620 4497 1904 4578 Diabolum
1934 4525 2001 4578 ad

2119 4518 2196 4553 ςτε
2208 4503 2303 4572 ρᾶς
2337 4497 2474 4552 εἶναι
2503 4499 2769 4564 ἐξουσίας,
2799 4499 3021 4568 Ἕτερον
3048 4500 3104 4551 δέ
3131 4499 3290 4551 nam
3310 4497 3474 4568 μῦθον
3498 4498 3670 4563 λέγου-

403 4612 593 4666 .Evam
627 4614 971 4668 accedentem
1006 4627 1131 4667 cum
1166 4629 1229 4667 ea
1271 4615 1492 4684 perinde
1526 4630 1589 4670 ac
1621 4615 1703 4669 vir
1737 4632 1860 4671 cum
1891 4635 2001 4673 mu-

2119 4607 2191 4644 σιν
2228 4593 2276 4643 οἱ
2333 4591 2602 4643 τοιοῦτον
2650 4593 2770 4644 Ὅτι
2798 4630 2812 4654 ,
2873 4591 3038 4661 φησὶν
3065 4631 3080 4653 ,
3119 4593 3145 4642 ὀ
3193 4590 3464 4651 διάϐολος,
3519 4585 3670 4640 ἐλθὼν

426 4703 561 4759 liere
597 4704 754 4767 solet,
783 4704 1236 4759 consuetudinem
1279 4705 1539 4761 habuisse
1579 4707 1753 4779 deque
1783 4725 1845 4764 ca
1879 4711 2001 4765 (ἰδία

2119 4681 2243 4753 πρὸς
2290 4682 2388 4752 τὴν
2424 4682 2605 4744 Εὕαν,
2647 4681 2888 4753 ωνήφοη
2935 4684 3072 4753 αὐτῇ
3127 4683 3202 4744 ὡς
3252 4682 3386 4753 ἀνὴρ
3441 4677 3666 4750 γυναικὶ.

427 4811 557 4848 num
604 4805 657 4852 et
698 4797 927 4852 Abelum
976 4798 1305 4868 suscepisse.
1344 4797 1421 4852 Ex
1458 4815 1565 4868 quo
1609 4769 1813 4857 factum
1848 4819 2001 4859 asse-

2119 4773 2204 4825 καὶ
2236 4773 2521 4842 ἐγέννησεν
2552 4773 2611 4838 ἐξ
2663 4773 2827 4826 αὐτοῦ
2859 4775 2950 4826 τόν
2982 4791 3041 4825 τε
3076 4771 3209 4825 Κάῖν
3244 4774 3337 4825 καὶ
3360 4775 3450 4824 τὸν
3500 4769 3663 4823 Ἅϐελ.

427 4894 576 4948 runt,
612 4893 672 4938 ut
700 4887 754 4940 in
789 4887 1018 4942 alterum
1054 4904 1194 4943 unus
1221 4889 1546 4958 insurgeret,
1584 4908 1680 4960 pro
1711 4908 1774 4948 ea
1811 4894 2001 4950 videli-

2119 4865 2201 4916 Διὸ
2239 4865 2515 4936 ἐπανέστη
2549 4868 2577 4918 ό
2610 4861 2689 4928 εἷς
2722 4865 2798 4936 τῷ
2828 4867 2906 4919 ἐνὶ
2949 4865 3036 4918 διὰ
3076 4864 3235 4935 ζῆλον
3273 4865 3332 4917 ὃν
3365 4861 3509 4934 εἶχον

428 4986 515 5029 cet
551 4976 772 5039 invidia,
794 4993 901 5047 qua
938 4979 991 5032 in
1025 4985 1084 5034 se
1114 4987 1304 5034 mutuo
1330 4982 1862 5039 concitabantur:ac
1893 5003 2001 5041 non

2119 4968 2369 5038 Ξιλλήλους
2394 5009 2408 5033 ,
2433 4969 2552 5039 οὐχὶ
2585 4969 2670 5022 διὰ
2698 4970 2759 5022 τὸ
2792 4969 2914 5043 [ὡς]
2943 4971 3372 5043 εὑηρεστηκέναι
3404 4973 3494 5024 τὸν
3522 4965 3665 5022 ’Δὸελ

429 5068 552 5123 ideo
586 5069 728 5137 quod
764 5069 964 5125 Abelus
1011 5070 1119 5126 Deo
1167 5081 1314 5127 esset
1357 5075 1664 5142 acceptior;
1715 5077 1792 5130 uti
1824 5092 1882 5131 sc
1911 5093 2000 5134 res

2119 5059 2258 5129 Θεῷ,
2296 5060 2370 5124 ὡς
2417 5060 2531 5132 ἔχει
2644 5062 2900 5132 ἀλήθεια,
2933 5063 3069 5116 ἀλλὰ
3117 5065 3302 5134 ἕτερον
3351 5064 3659 5134 πλαζόμενον

423 5157 623 5223 habet;
653 5161 749 5213 sed
783 5175 924 5215 novo
956 5160 1191 5230 quodam
1215 5163 1496 5218 mendacio
1527 5166 1804 5221 veritatem
1833 5167 2000 5225 dissi-

2119 5149 2261 5216 λόγον
2288 5149 2551 5216 λέγουσιν.
2596 5151 2841 5221 Ἐπειδὴ,
2876 5154 3037 5221 φασὶν
3065 5194 3078 5217 ,
3130 5154 3361 5223 ἐρῶντες
3402 5151 3538 5226 ἦσαν
3572 5157 3662 5222 ἁμ-

427 5253 656 5303 mulant.
678 5251 879 5307 Ambos
907 5254 1051 5306 enim
1085 5254 1237 5308 aiunt
1265 5258 1474 5311 sororis
1501 5273 1685 5312 amore
1713 5258 1993 5330 ﬂagrasse.

2119 5252 2322 5322 ρότεροι
2355 5253 2452 5322 τῆς
2488 5253 2724 5322 ἀδελφῆς
2754 5253 2932 5307 αὐτῶν
2970 5256 3069 5325 τῆς
3105 5258 3240 5320 ἰδίας
3263 5299 3276 5323 ,
3308 5258 3498 5311 τούτου
3526 5259 3658 5328 χάριν

427 5339 554 5395 Ideo
581 5340 811 5395 Cainum
861 5343 914 5396 in
965 5344 1189 5399 Abrlum
1222 5347 1557 5401 concitatum
1591 5351 1763 5418 ipsum
1797 5352 1996 5407 intere-

2119 5358 2375 5428 ἐπανέστη
2407 5361 2435 5411 ὁ
2464 5357 2604 5411 Κάῖν
2635 5359 2712 5429 τῷ
2763 5359 2930 5412 Ἀϐελ
2952 5403 2966 5424 ,
3015 5363 3109 5415 καὶ
3151 5362 3471 5415 ἀπέκτεινεν
3502 5359 3654 5414 cini-1.

2172 3816 2249 3872 E'.
2287 3816 2423 3872 Φασὶ
2467 3813 2524 3868 δέ
2549 3810 2724 3884 οὗτοι,
2755 3817 2832 3881 ὼς
2862 3815 2956 3869 καὶ
2982 3816 3094 3870 ἄνω
3126 3831 3215 3884 μοι
3256 3811 3678 3884 προδεσηΑωται,

2101 3917 2194 3972 τὸν
2225 3917 2469 3973 διάϐολον
2499 3913 2639 3971 εἶναι
2681 3915 2794 3970 υἱὸν
2831 3917 2928 3986 τῆς
2957 3915 3189 3985 ἑϐδόμης
3216 3912 3464 3976 ἐξουσίας
3488 3954 3503 3977 ,
3533 3927 3678 3964 τουτ-

2103 4009 2213 4064 έστι
2269 4007 2363 4062 τοῦ
2411 4006 2660 4062 Σαϐαὼθ.
2712 4003 2866 4060 Εἶναι
2917 4006 2974 4058 δέ
3019 4005 3109 4057 τὸν
3143 4002 3368 4058 Σαϐαὼθ
3403 4003 3516 4056 τῶν
3557 4003 3676 4054 Ἰου-

2101 4113 2266 4168 δαίων
2289 4130 2300 4143 ·
2341 4112 2432 4166 τὸν
2460 4112 2515 4166 δὲ
2542 4112 2785 4165 διάϐολον
2821 4110 3057 4182 πονηρὸν
3089 4109 3254 4163 αὑτοῦ
3289 4109 3431 4162 υἱόν·
3468 4109 3597 4161 ϐντα
3622 4103 3675 4157 δὲ

429 5519 1079 5664 ςοῖτίῗ⁰¹ξ¹ἦςῗ¹¹¹’¹⁵⁴¹ί¹·
1166 5525 1187 5555 ⁸
1223 5520 1345 5578 va"
1379 5522 1632 5579 τδκαλ⁶ν
1731 5526 1890 5583 ’νει
1941 5527 2201 5586 δέδεικται
2241 5535 2367 5604 γάρ.
2481 5535 2595 5590 ἰν.
2629 5537 3025 5608 ἀκατάληκτον.
3109 5538 3278 5594 ιγει.
3316 5537 3647 5612 sumini;-
