3844 6334
129 276 281 334 83τί
888 277 1256 334 ADVERSUS
1294 278 1632 335 HIERESES
1671 279 1797 332 LIB.
1835 279 1871 331 l.
1915 278 2076 333 T051.
2118 279 2289 332 ll|.——
2329 280 2598 337 IIAZRES.
2641 281 2750 335 XL.
3342 285 3451 342 683

127 398 349 450 Φύσει
386 395 497 465 γάρ
531 396 726 460 αὐτούς
753 414 915 465 φασιν
947 399 1009 450 ἑκ
1046 398 1141 452 τοῦ
1179 399 1492 470 σπέρματος
1526 397 1619 450 τοῦ

1929 397 2068 452 ιίεερ.
2102 398 2235 451 Nam
2270 408 2560 470 utrumque
2590 400 2788 456 diaboli
2825 416 2855 454 e
2886 401 3054 470 stirpe
3079 412 3447 472 procreatum,

127 487 342 538 Géioo
368 529 383 549 ,
416 485 494 547 ὡς
516 487 807 554 προεῖπον,
837 486 1217 556 γεγεννῆσθαι.

1049 487 1217 556 ἧσθαι.
1881 495 1940 540 ιιι
1981 489 2240 555 diximus,
2279 491 2567 545 afﬁrmant.

223 579 488 647 Φέρουσι
537 576 595 629 δὲ
655 575 991 646 μαρτυρίᾶς,
1048 577 1176 630 ὅταν
1212 576 1512 646 θελήσωσιν
1559 579 1740 648 ἀπατᾷ

1948 576 2130 646 Neque
2159 580 2355 634 desunt
2385 581 2490 635 illis
2511 583 2821 636 testimonia
2849 583 3022 639 sacris
3055 599 3084 638 e
3111 581 3328 639 Litteris
3359 585 3450 638 de-

129 686 335 732 τινας
357 709 372 730 ,
404 667 515 722 ἀπὺ
546 667 655 720 τῶν
685 667 843 720 θείων
871 666 1091 736 βιϐλίων
1120 708 1134 732 ,
1171 668 1248 731 ὡς
1292 669 1385 721 καὶ
1417 669 1473 722 ἐν
1512 669 1645 741 ἄλλῃ

1929 677 2148 738 ὀιηιηλ,
2193 671 2391 740 quibus
2423 672 2487 725 ad
2523 673 2826 729 illudendos
2861 676 3106 731 homines
3130 677 3447 731 abutuntur.

129 762 397 829 αἱρέσει
455 759 614 812 τοῦτο
665 758 918 829 εἴρηται⁸
961 759 989 811 6
1028 760 1217 830 Σωτὴρ
1271 761 1406 830 πρὸς
1454 763 1580 824 τοὺς
1644 763 1647 772 “

1932 757 2196 825 ujusmodi
2231 761 2376 815 istud
2409 769 2491 816 est
2521 763 2573 815 in
2605 764 2708 815 alia
2737 779 2765 816 a
2795 780 2881 818 me
2903 765 3096 819 haeresi
3123 781 3450 821 commemo-

125 851 370 914 δαίους
404 851 590 918 ἔλεγεν
615 868 628 881 ·
674 851 861 918 Ὑμεῖς
907 851 975 903 ἐκ
1022 849 1128 904 τοῦ
1156 850 1393 905 Σατανᾶ
1429 852 1602 904 ἐστε·

1932 855 2076 910 ltum,
2114 852 2255 919 quod
2291 851 2492 907 Judmis
2518 853 2766 907 Salvator
2801 855 2937 909 dixit
2975 846 2988 910 ξ
3038 857 3137 910 Vos
3153 872 3218 910 ea:
3243 856 3450 912 Sataua

131 941 367 995 'Otar
399 940 565 1009 λαλῇ
597 941 664 993 τὸ
691 940 920 1009 ψεῦδος
941 979 954 1003 ,
989 941 1058 993 ἐκ
1091 940 1211 994 τῶν
1249 940 1413 992 ἰδίων
1441 940 1647 994 λαλεῖ·

1933 940 1999 992 tis
2033 941 2074 994 ⁵.
2113 940 2174 994 Ει
2205 959 2216 994 :
2255 942 2477 1007 Quando
2501 946 2730 1015 loquitur
2755 948 3103 1013 mendacium,
3134 964 3200 1002 ea:
3222 948 3451 1018 propriis

131 1033 271 1085 καὶ
310 1037 345 1086 ὀ
372 1034 574 1100 πατὴρ
600 1032 787 1086 αὐτοῦ
815 1033 1092 1100 ψεύστης
1115 1027 1194 1101 ἦν
1212 1047 1225 1061 °
1258 1032 1343 1084 ἵνα
1369 1031 1528 1100 δῆθεν
1555 1030 1649 1083 εἶπι

1934 1033 2110 1099 quitur
2131 1050 2150 1086 :
2171 1037 2419 1102 quoniam
2444 1044 2492 1090 et
2523 1047 2674 1106 pater
2699 1038 2810 1106 ejus
2834 1039 3067 1092 mendax
3087 1050 3165 1094 est
3193 1041 3232 1096 ⁸.
3268 1040 3341 1097 Ut
3369 1040 3452 1094 ui-

131 1121 259 1176 τδν
318 1124 572 1178 διάϐολον
623 1120 761 1176 εἶναι
809 1123 902 1177 τὸν
954 1123 1120 1176 Κάῖν·
1165 1123 1350 1192 ἐπειδὴ
1403 1125 1649 1195 εἴρηκεν,

1936 1122 2073 1175 irum
2108 1124 2382 1180 diabolum
2417 1142 2540 1182 esse
2565 1128 2794 1183 Cainum
2825 1129 3085 1199 cﬁiciant;
3114 1145 3177 1185 ex
3214 1146 3279 1186 eo
3307 1131 3453 1201 quod

149 1214 309 1266 Ἀπ’
332 1213 534 1282 ἀρχῆς
558 1204 1046 1281 ἀνθρωποκτόνος
1112 1207 1191 1280 ἦν
1209 1227 1224 1242 ’
1255 1213 1349 1264 καὶ
1383 1212 1468 1264 ἵνα
1491 1212 1640 1285 δείξῃ

1939 1216 2112 1270 xerit:
2134 1218 2420 1272 Homicida
2441 1228 2517 1273 est
2542 1220 2607 1272 ab
2637 1222 2828 1274 initio"
2859 1240 2871 1276 :
2909 1228 3071 1292 atque
3101 1230 3305 1292 patrem
3333 1225 3451 1292 ejus

133 1303 315 1373 τέρα
345 1304 449 1374 μὲν
487 1303 652 1357 αὑτοῦ
706 1302 845 1355 εἶναι
877 1303 968 1356 τὸν
1004 1301 1248 1355 διάϐολον
1267 1315 1282 1329 ·
1311 1301 1406 1354 τοῦ
1437 1302 1494 1355 δὲ
1524 1303 1651 1355 διαϐι

1939 1321 1998 1361 se
2026 1307 2301 1363 diabolum
2328 1312 2618 1366 ostendant
2643 1330 2656 1376 ;
2690 1313 2890 1367 diaboli
2919 1331 3045 1369 vero
3073 1325 3280 1385 patrem
3310 1331 3453 1371 men-

135 1390 322 1449 εῐναι
358 1397 575 1468 πατέρα
606 1397 697 1449 τὸν
736 1397 972 1466 ἄρχοντα
996 1394 1086 1448 τὸν
1127 1395 1368 1465 ψεύστην
1395 1435 1408 1459 ,
1443 1396 1502 1448 ὃν
1533 1395 1653 1466 βλαε

1935 1412 2064 1452 icem
2087 1399 2234 1454 illum
2261 1402 2585 1473 principem,
2656 1392 2817 1474 quem
2851 1406 2904 1458 in
2939 1414 3103 1476 caput
3144 1422 3303 1462 suum
3333 1407 3453 1462 bla-

141 1487 421 1557 μοῦντες
447 1487 593 1540 κατὰ
630 1487 728 1557 τῆς
759 1486 964 1540 ἑαυτῶν
986 1485 1234 1556 κεφαλῆς
1255 1527 1269 1550 ,
1303 1487 1466 1553 φασὶν
1494 1487 1655 1538 αὐτὸν

1935 1489 2226 1547 ιὶιοηιοηιεε
2253 1493 2428 1562 ipsum
2465 1509 2584 1549 esse
2632 1493 2873 1550 Sabaoth
2903 1497 3243 1552 stolidissimi
3277 1497 3453 1552 homi-

139 1595 262 1630 ναι
299 1580 398 1632 τὸν
425 1577 655 1631 Σαϐαὼθ
702 1579 752 1631 οἱ
791 1578 1010 1649 ἀνόητοι
1036 1618 1050 1642 ,
1087 1575 1398 1647 νομίζοντες
1429 1576 1600 1646 ὄνομα
1635 1594 1657 1628 ε

1935 1595 1974 1633 :s
2025 1589 2248 1649 putant;
2295 1584 2442 1652 quod
2489 1601 2687 1639 nomen
2722 1585 2819 1641 Dei
2851 1587 3135 1653 cujusdam
3167 1588 3453 1658 proprium

137 1670 272 1723 τοῦ
310 1669 459 1723 Θεοῦ
495 1669 639 1732 τινὲς
685 1671 701 1702 ¹
747 1669 840 1723 τὸν
889 1668 1116 1723 Σαϐαὼθ
1145 1708 1160 1733 ,
1187 1668 1262 1732 ὡς
1299 1668 1399 1739 ἤδη
1444 1667 1539 1720 καὶ
1565 1667 1655 1719 ἑνί

1939 1687 1998 1726 se
2027 1674 2237 1728 volunt.
2272 1673 2346 1730 De
2387 1691 2494 1746 qua
2540 1692 2599 1731 re
2634 1678 2687 1730 in
2723 1678 3101 1747 superioribus
3153 1679 3455 1735 hrcresibus

142 1761 454 1832 πρότερον
499 1760 745 1831 αἱρέσεσι
773 1760 862 1814 διὰ
894 1761 1131 1825 πλάτους
1159 1752 1292 1832 μῖν
1321 1734 1660 1830 -πεπραγμόν

1936 1761 2088 1817 >unde
2105 1734 2502 1833 disputavimus
2521 1785 2536 1834 ;
2556 1767 2647 1822 ubi
2673 1776 2725 1823 et
2748 1734 2989 1824 sabaoth
3008 1770 3346 1841 aliorumque
3362 1785 3454 1825 nol

143 1869 267 1904 ται
298 1853 434 1922 mp!
471 1852 763 1922 ἑρμηνείας
793 1850 886 1904 τοῦ
920 1851 1144 1906 Σαϐαὼθ
1170 1891 1184 1911 .
1215 1851 1310 1904 καὶ
1351 1849 1524 1904 ἄλλων
1572 1849 1659 1903 ὀνο

1932 1851 2076 1906 inum
2097 1853 2600 1926 interpretationem
2623 1859 2926 1923 attulimus,
2945 1859 3089 1915 velut
3112 1859 3216 1924 Eli,
3237 1869 3292 1915 et
3310 1859 3450 1922 E/oi,

149 1942 336 2008 σιιῖιν,
378 1941 476 1996 τοῦ
505 1960 565 1994 τε
603 1943 732 1996 Ἠλὶ
773 1942 983 1996 καὶτοῦ
1017 1943 1191 1996 Ἐλωῒ
1213 1983 1229 2008 ,
1269 1939 1363 1994 τοῦ
1390 1958 1449 1994 τε
1498 1942 1661 2009 ’Ῑσρα

1934 1943 2038 2014 96
2063 1943 2254 2009 Israel,
2292 1945 2552 2011 Sadadai,
2589 1947 2786 2015 Elliau,
2816 1948 3075 2014 Rabbani,
3115 1950 3201 2015 la,
3227 1949 3452 2016 Adonai,

143 2033 276 2086 καὶ
326 2032 425 2085 τοῦ
465 2033 654 2088 Σαὸατ
669 2073 682 2096 ,
709 2031 802 2087 τοῦ
831 2049 890 2084 τε
926 2032 1171 2085 Ἐλλιὼν
1194 2071 1208 2095 ,
1254 2029 1346 2084 τοῦ
1370 2047 1429 2083 τε
1477 2031 1661 2085 Ῥαϐϐι

1929 2031 2021 2084 ibe.
2055 2031 2203 2097 Quas
2245 2035 2463 2103 quidem
2514 2053 2679 2094 voces
2727 2039 2772 2094 si
2821 2046 2968 2094 recte
3007 2041 3447 2108 interpretemur,

149 2122 274 2176 τοῦ
301 2140 362 2175 τε
410 2124 507 2187 ‘Id,
541 2120 636 2175 τοῦ
664 2139 723 2175 τε
771 2123 1012 2176 Ἀδωνοιῒ
1034 2162 1048 2187 ,
1088 2121 1182 2174 τοῦ
1214 2138 1271 2173 τε
1308 2119 1449 2174 Ἰάϐε
1488 2121 1622 2190 (57).

1946 2123 2056 2178 rias
2102 2124 2169 2178 ad
2224 2127 2624 2194 praedicandam
2655 2128 2754 2184 Dei
2793 2131 3022 2200 gloriam
3068 2130 3457 2201 appellationes

149 2215 475 2284 ὀνομασίαι
524 2213 633 2266 εἰσὶ
688 2212 1006 2281 δοξολογιῶν
1061 2211 1267 2266 ἅπασαι
1316 2210 1667 2282 ἑρμηνευόμεε

1939 2227 2015 2275 se,
2051 2229 2158 2268 non
2201 2216 2304 2285 ipsi
2340 2217 2611 2273 divinitati
2667 2219 3042 2290 signiﬁcanda:
3069 2221 3323 2292 imposita
3354 2236 3457 2276 no-

155 2307 279 2359 καὶ
312 2307 418 2359 οὐκ
456 2305 700 2375 ὀνόματά
733 2305 854 2358 ἐστὶ
900 2304 1062 2369 θετὰ,
1095 2303 1170 2367 ὡς
1208 2304 1381 2356 εἰπεῖν
1410 2342 1425 2367 ,
1463 2303 1533 2373 τῇ
1571 2300 1673 2354 Θεό

1940 2304 2024 2358 ina
2056 2305 2361 2363 docuimus.
2393 2309 2470 2363 Ac
2496 2326 2594 2365 nos
2624 2311 2746 2365 illas
2789 2311 2986 2366 iterum
3014 2313 3119 2367 hoc
3148 2313 3268 2367 loco
3297 2325 3458 2382 repe-

155 2415 254 2451 τι.
297 2397 497 2450 Ἀτινα
523 2397 618 2449 καὶ
650 2395 899 2450 ἐνταυθοῖ
931 2393 1429 2466 σπουδασθήσονται
1453 2435 1468 2462 ,
1505 2395 1673 2467 ἑρμην

1939 2408 2072 2448 mus.
2089 2399 2182 2449 Est
2210 2395 2376 2466 igitur
2394 2396 2568 2451 Israel
2601 2399 2779 2453 Deus:
2807 2399 3000 2466 Eloim,
3030 2399 3173 2456 Deus
3201 2416 3416 2471 semper
3440 2418 3457 2458 τ

155 2485 350 2539 Θὲντα
380 2486 597 2540 κεῖσθαι
623 2503 636 2516 ⁸
669 2488 732 2540 τὸ
783 2487 1023 2555 Ἰσραὴλ
1070 2487 1228 2551 Θεὸς,
1260 2487 1323 2539 τὸ
1370 2486 1615 2556 Έλωεὶμ
1642 2487 1673 2539 Ε

1942 2481 1989 2547 τί,
2013 2481 2155 2538 Deus
2179 2501 2331 2540 meus
2361 2504 2374 2540 :
2407 2485 2632 2547 Saddai.
2658 2487 2939 2542 sufﬁciens
2971 2505 2982 2538 :
3011 2487 3248 2542 Rabboni
3277 2488 3460 2542 Domi-

159 2578 270 2631 ἀεὶ
298 2617 314 2642 ,
349 2578 414 2630 τὸ
461 2577 592 2632 Ἠλὶ
628 2578 762 2642 Θεός
805 2595 942 2649 μου,
996 2578 1059 2631 τὸ
1100 2577 1324 2632 Σαδδαῒ
1373 2578 1402 2629 6
1439 2578 1618 2642 ἱκανὸς
1645 2617 1660 2643 ,

1937 2589 1983 2629 IS
2013 2591 2027 2628 :
2058 2573 2124 2628 Ia
2154 2575 2418 2632 Dominus
2447 2596 2459 2630 :
2493 2577 2701 2631 Δάοιιαὶ
2725 2579 2815 2646 qui
2853 2585 2937 2633 est
2972 2577 3236 2633 Dominus
3263 2595 3275 2632 :
3300 2577 3455 2644 labe,

177 2669 477 2723 Ῥαϐϐωνὶ
521 2671 550 2722 6
587 2669 828 2741 Κύριος,
873 2671 935 2723 τὸ
974 2670 1058 2724 Ἰὰ
1086 2668 1320 2741 Κύριος,
1365 2669 1425 2723 τὸ
1469 2669 1695 2724 Ἀδωναὲ

1939 2665 1971 2718 ii
2000 2672 2139 2730 erat,
2171 2675 2224 2722 et
2253 2675 2356 2734 est,
2391 2676 2446 2722 et
2471 2683 2684 2738 semper
2705 2669 2956 2733 exsistit;
2995 2668 3457 2739 quemadmodum.

167 2759 258 2812 ὣν
289 2760 532 2832 Κύριος,
562 2761 624 2814 τὸ
669 2761 838 2825 Ἰάϐε,
871 2761 929 2824 ὃς
951 2755 1021 2832 ἦν
1049 2763 1140 2814 καὶ
1163 2761 1276 2814 ἐστι
1316 2762 1412 2813 καὶ
1435 2761 1520 2814 ἀεὶ
1557 2760 1630 2814 ὢν
1650 2779 1663 2792 ο

1941 2757 2051 2827 oysi
2082 2755 2198 2826 ipse
2231 2757 2473 2812 declarat
2505 2776 2519 2813 :
2553 2758 2657 2825 Qui
2684 2769 2761 2813 est
2791 2761 2936 2812 misit
2963 2776 3043 2813 me
3075 2759 3144 2813 ad
3170 2777 3283 2823 vos,
3317 2760 3459 2816 dices

163 2853 487 2924 ξρμηνεύει
523 2854 602 2924 τῷ
628 2855 837 2926 Μωῦσῇ
859 2895 873 2919 ,
927 2855 979 2907 '0
1009 2852 1095 2908 ὢν
1125 2855 1472 2909 ἀπέσταλκέ
1489 2873 1566 2924 με
1586 2896 1600 2917 .
1622 2857 1681 2925 ἐρ

1941 2847 1947 2896 l
1976 2847 2098 2901 illos
2124 2848 2146 2879 ⁸
2173 2867 2186 2902 :
2221 2847 2396 2903 Ellion
2434 2849 2762 2904 altissimum
2793 2857 2952 2903 sonat
2982 2868 2994 2902 :
3031 2847 3286 2914 Sabaoth,
3310 2864 3459 2904 exer-

169 2947 338 3012 πρὸς
358 2946 585 3010 αὐτούς
608 2961 621 2974 ⁸
658 2947 750 2998 καὶ
788 2947 850 2999 τὸ
883 2945 1137 3000 Ἐλλιὼν
1174 2945 1414 3016 ὕψιστος,
1452 2948 1546 3000 καὶ
1577 2948 1638 3000 τὸ
1667 2952 1687 3000 ὶ

1941 2945 2108 2995 tuum.
2146 2942 2325 3008 Quare
2373 2943 2630 2997 Dominus
2662 2944 2920 3007 Sabaoth,
2959 2944 3102 2999 idem
3133 2954 3219 3001 est
3259 2959 3322 3000 ac
3353 2944 3459 3000 Do-

167 3035 342 3088 ϐαὼθ
385 3034 674 3106 δυνάμεων
715 3035 1097 3108 ἑρμηνεύεται.
1123 3035 1341 3106 Κύριος
1377 3033 1470 3091 οὖν
1507 3038 1685 3091 radat

1943 3035 2063 3088 inus
2100 3034 2462 3090 exercituum.
2496 3035 2628 3101 Quae
2658 3051 2764 3090 vox
2796 3035 3074 3100 Dominus,
3103 3037 3228 3091 addi
3267 3052 3461 3107 perpe~

171 3126 394 3198 Κύριος
427 3125 537 3179 τῶν
567 3127 869 3198 δυνάμεων.
901 3127 1072 3182 Παντὶ
1101 3128 1122 3158 ¹
1157 3127 1265 3200 γὰρ
1293 3129 1613 3200 πρόσκειται
1640 3131 1689 3182 δι

1941 3138 1973 3176 o
2019 3124 2178 3187 solet,
2208 3125 2518 3194 ubicunque
2565 3124 2806 3180 Sabaoth
2857 3141 3061 3180 nomen
3110 3127 3455 3191 exprimitur.

170 3219 277 3272 τοῦ
310 3218 544 3272 Σαϐαὼθ
573 3220 744 3290 ὄνομα
766 3220 913 3288 λέγει
942 3223 974 3286 ή
1008 3221 1221 3291 Γραφή.
1246 3217 1323 3275 Ού
1358 3219 1517 3290 μόνον
1549 3221 1569 3252 ³
1599 3223 1688 3289 ἑκει

1941 3228 1997 3267 in
2044 3213 2188 3267 enim
2242 3213 2357 3269 sola
2389 3212 2628 3268 Sabaoth
2657 3214 2826 3269 dictio
2849 3215 3091 3283 ponitur,
3124 3224 3277 3287 puta,
3315 3217 3459 3270 Dixit

173 3314 264 3364 νεῖ
288 3311 528 3378 λέγουσα
547 3328 562 3342 ·
587 3307 723 3364 Εἶπὲ
755 3328 845 3382 μοι
869 3309 1094 3365 Σαϐαὼθ
1116 3328 1129 3341 ο
1158 3311 1212 3378 ἢ,
1249 3310 1507 3379 Ἑλάλησε
1529 3311 1691 3363 Σαϐαι

1939 3305 2008 3358 ihi
2029 3304 2267 3360 Sabaoth
2295 3325 2307 3360 :
2345 3305 2705 3374 aut,Locutus
2734 3313 2816 3361 est
2844 3305 3112 3374 Sabaoth;
3148 3307 3242 3364 sed
3273 3310 3457 3365 statim

173 3402 300 3457 ἀλλ’
354 3401 522 3466 εὐθὺς
576 3401 766 3468 λέγει,
820 3400 1025 3471 Κύριος
1081 3398 1331 3453 Σαϐαὼθ.
1377 3398 1533 3452 Οὕτω
1575 3400 1684 3469 γὰρ

1941 3395 2214 3465 ljungitur,
2245 3395 2508 3452 Dominus
2554 3395 2818 3451 Sabaoth.
2866 3395 2945 3450 Ita
2997 3397 3144 3452 enim
3195 3397 3459 3454 Hebraice

189 3490 422 3561 Ἐϐραῖς
455 3490 690 3559 φάσκει*
743 3487 968 3542 Ἀδωναῖ
998 3487 1226 3542 Σαϐαὼθ
1255 3505 1267 3517 ·
1311 3488 1450 3558 ὅπερ
1482 3487 1707 3559 ἑρμηνεί

1944 3484 2165 3553 riptum,
2202 3483 2414 3539 Adonai
2450 3483 2712 3550 Sabaoth,
2753 3486 2860 3541 hoc
2906 3494 2992 3542 est
3046 3485 3308 3544 Dominus
3358 3487 3458 3542 Sa-

176 3601 272 3639 ται
301 3572 510 3651 Κύριος
535 3579 644 3631 τῶν
671 3579 975 3648 δυνάμεων.

546 3579 644 3631 τῶν
671 3579 975 3648 δυνάμεων.
1877 3577 2064 3631 baoth.

257 3678 351 3743 εἶ’.
389 3674 502 3726 Καὶ
532 3672 671 3743 μετὰ
695 3672 791 3742 τὴν
813 3672 834 3702 ’⁵
861 3673 987 3745 παρ’
1019 3671 1203 3735 αὐτοῖς
1226 3688 1285 3724 τε
1310 3670 1404 3724 καὶ
1425 3674 1536 3735 τοῖς
1569 3671 1774 3742 ὁμοίοις

1950 3666 2039 3721 Vl.
2084 3667 2190 3723 Sed
2219 3683 2340 3739 quae
2367 3669 2626 3739 praeclare
2657 3669 2881 3725 omnino
2911 3669 3055 3725 dicta
3080 3677 3228 3738 sunt,
3253 3668 3367 3726 haac
3391 3669 3461 3724 ab

176 3766 332 3823 κατὰ
378 3765 478 3836 τὴν
523 3764 800 3833 τύφλωσιν
837 3763 935 3832 τῆς
966 3762 1206 3826 διανοίας
1251 3762 1431 3816 αὐτῶν
1477 3763 1547 3816 τὰ
1593 3764 1694 3816 καλ

1943 3759 2007 3822 is,
2033 3766 2086 3814 et
2114 3759 2331 3814 illorum
2355 3760 2629 3816 similibus
2653 3758 2859 3816 frustra
2883 3775 2996 3830 prae
3017 3762 3188 3816 animi
3215 3762 3461 3816 caecitate

180 3857 457 3929 εἰρημένα
481 3856 915 3924 συκοφαντεῖται.
955 3851 1090 3905 Οὔτε
1120 3853 1229 3924 γὰρ
1260 3855 1389 3925 περὶ
1421 3853 1668 3907 διαϐόλου
1697 3878 1698 3887 ι

1940 3866 1975 3903 er
2021 3851 2352 3905 calumniam
2406 3866 2472 3906 ac
2519 3852 2784 3906 malitiam
2832 3853 3222 3923 depravantur.
3248 3851 3458 3909 Etenim

180 3950 406 4020 Σωτῆρι
451 3949 510 4000 ἑν
555 3946 633 4017 τῷ
681 3945 818 4018 πρὸς
872 3946 1159 4009 Ἰουδαίους
1210 3945 1354 4016 λόγῳ
1403 3946 1656 4018 εἴρηται,

1942 3942 2130 3996 ιινειῑοι·
2157 3949 2343 3996 noster
2377 3943 2432 3996 in
2463 3957 2531 3998 eo
2570 3958 2732 4012 quem
2760 3943 2828 3998 ad
2856 3942 3077 3999 Iudaeos
3110 3944 3303 3999 habuit
3340 3959 3460 3998 ser-

182 4038 352 4092 παντί
399 4055 479 4108 τῳ
511 4037 680 4105 σαφὲς
711 4036 1026 4107 εὑρίσκεται
1071 4035 1150 4106 τῷ
1183 4039 1248 4108 τῇ
1276 4035 1502 4108 ἀληθείᾳ
1550 4037 1700 4090 amat

1941 4047 2058 4098 one,
2095 4046 2439 4102 nequaquam
2465 4032 2534 4088 de
2562 4032 2780 4087 diabolo
2815 4034 3031 4089 locutus
3065 4041 3170 4100 est,
3200 4041 3262 4088 ut
3297 4048 3459 4089 nemo

177 4128 400 4180 θοῦντιο
444 4126 583 4179 ἀλλὰ
625 4125 713 4179 διὰ
739 4127 830 4178 τὸν
873 4126 1074 4178 Ἰούδαν
1109 4126 1292 4189 αὐτοῖς
1324 4126 1476 4196 ἔλεγε
1506 4128 1567 4180 τὸ
1601 4129 1695 4198 ρἦα

1939 4142 1987 4179 »η
2033 4133 2221 4195 aperte
2269 4125 2437 4191 videt,
2497 4126 2590 4197 qui
2627 4126 2896 4181 inhaerere
2937 4125 3156 4182 veritati
3204 4125 3457 4192 studeat;

179 4221 301 4274 Οὐκ
333 4215 476 4290 ἦσαν
503 4219 610 4289 γὰρ
634 4219 798 4271 τέκνα
824 4216 918 4270 τοῦ
965 4217 1237 4288 Ἀϐραὰμ,
1264 4217 1359 4270 τοῦ
1390 4218 1552 4271 αὐτὸν
1582 4219 1697 4271 άποέ

1939 4219 1973 4272 d
2021 4226 2244 4289 propter
2289 4215 2484 4272 ludam
2537 4219 2590 4274 id
2639 4219 2708 4273 ab
2745 4234 2810 4274 eo
2850 4226 3174 4288 usurpatum
3209 4223 3315 4274 est.
3338 4215 3457 4271 Non

181 4313 424 4383 ξαμένου
467 4305 574 4364 ὑπὸ
605 4311 703 4382 τὴν
731 4310 862 4381 δρῦν
891 4310 989 4382 τὴν
1021 4309 1260 4381 Μαμϐρὴ
1311 4310 1418 4380 πρὸ
1448 4309 1547 4380 τῆς
1577 4309 1699 4364 ἑνσά

1939 4313 2020 4365 lim
2060 4311 2470 4368 Abrahamiﬁlii
2498 4319 2675 4374 erant,
2703 4311 2794 4381 qui
2827 4325 2888 4366 se
2913 4317 3204 4380 antequam
3237 4323 3457 4365 carnem

179 4423 282 4457 κου
317 4403 485 4456 αὑτοῦ
511 4403 815 4473 παρουσίας
835 4420 850 4435 ο
883 4401 1019 4455 ἀλλὰ
1048 4403 1196 4465 υἱοὺς
1230 4402 1452 4465 ἑαυτοὺς
1484 4401 1697 4455 κατεδίκ

1942 4405 2129 4460 dueret
2158 4406 2262 4461 sub
2304 4405 2397 4458 illa
2435 4401 2676 4460 Mambre
2722 4419 2926 4475 quercu
2971 4402 3101 4459 olim
3149 4411 3456 4473 exceperat,

184 4515 287 4550 σαν
318 4495 573 4565 γενέσθαι
601 4496 701 4566 τῆς
723 4493 816 4547 τοῦ
851 4494 1020 4547 Ἰούδα
1045 4493 1370 4566 προδοσίας,
1407 4492 1501 4545 τοῦ
1543 4494 1648 4547 ὑπὸ
1684 4513 1702 4547 ἰ

1942 4496 1972 4548 ιι
2007 4495 2246 4565 perﬁdia:
2284 4494 2438 4550 Judae
2470 4494 2632 4561 ﬁlios,
2666 4501 2727 4549 ut
2771 4496 2845 4550 ita
2879 4495 3078 4559 dicam,
3106 4510 3206 4551 sua
3245 4509 3304 4550 se
3335 4510 3457 4549 sen-

183 4589 395 4660 Κυρίου
425 4587 642 4639 Σατανᾶ
690 4587 784 4640 καὶ
817 4585 1062 4638 διαϐόλου
1109 4583 1509 4655 ὀνομαζομένου
1530 4626 1543 4649 ,
1585 4585 1660 4649 ὡς
1692 4585 1701 4636 ἰ

1939 4588 2044 4640 ntia
2087 4587 2521 4653 declaraverant,
2567 4603 2730 4658 quem
2776 4579 3041 4644 Dominus
3091 4585 3351 4641 Satanam
3394 4603 3457 4640 ac

180 4697 300 4748 γει’
338 4678 490 4748 Οὐχὶ
532 4677 759 4730 δώδεκα
791 4676 947 4746 ὑμᾶς
978 4675 1385 4746 ἐξελεξάμην,
1423 4675 1520 4730 καὶ
1568 4671 1657 4742 εἷς

1939 4679 2150 4734 abolum
2183 4679 2453 4744 nominat,
2486 4677 2572 4733 his
2605 4678 2827 4734 verbis:
2860 4677 3048 4732 Nonne
3073 4676 3346 4730 duodecim
3370 4693 3457 4729 ros

180 4768 354 4837 ὑμῶν
399 4769 533 4821 ἐστι
569 4767 885 4834 διάϐολος;
941 4769 1050 4820 Καὶ
1095 4767 1287 4820 τούτου
1342 4767 1506 4821 ἑνεκα
1559 4767 1626 4821 τά
1672 4785 1698 4820 τ

1938 4771 2020 4840 τρὶ,
2049 4779 2098 4824 et
2148 4786 2282 4823 unus
2328 4784 2393 4823 ea:
2434 4769 2579 4824 vobis
2625 4768 2866 4822 diabolus
2905 4767 3061 4822 est”?
3089 4767 3260 4838 Cujus
3293 4767 3456 4823 etiam

183 4862 352 4914 αὑτοῦ
389 4862 759 4932 κακοτροπίας
793 4863 821 4914 6
849 4857 1051 4929 Κύριος
1089 4860 1406 4931 ἑρμηνεύων
1440 4860 1622 4928 ἔλεγεν
1643 4901 1656 4924 ,
1689 4861 1701 4914 ί

1939 4863 1947 4915 i
1983 4875 2148 4916 causa
2193 4859 2458 4916 Dominus
2502 4859 2747 4931 ejusdem
2790 4858 3193 4930 improbitatem
3229 4872 3457 4929 exagge-

186 4954 377 5006 Ὅταν
410 4951 576 5019 λαλῇ
605 4952 672 5004 τὸ
702 4951 926 5020 ψεῦδος
944 4991 959 5014 ,
995 4951 1064 5004 ἐκ
1105 4951 1222 5004 τῶν
1252 4951 1418 5004 ἰδίων
1440 4951 1621 5005 λαλεῖ
1639 4968 1652 4982 ·
1695 4970 1704 5002 ι

1939 4965 2000 5005 ns
2028 4969 2040 5005 :
2067 4950 2200 5004 Cum
2237 4951 2486 5021 loquitur,
2518 4951 2714 5020 inquit,
2741 4948 3087 5013 mendacium,
3127 4947 3191 5002 de
3229 4949 3457 5016 propriis

185 5045 280 5098 καὶ
329 5044 565 5114 ἀλλαχοῦ
621 5044 682 5095 τὸ
716 5042 1044 5111 Εὑαγγέλιον
1093 5041 1278 5110 λέγει·
1322 5043 1451 5094 "Ott.
1504 5043 1703 5096 κλέπτη

1936 5043 2122 5113 μιὶιιιν.
2155 5042 2274 5109 Quo
2303 5044 2538 5113 pertinet
2590 5041 2744 5106 illud,
2775 5039 2920 5112 quod
2952 5041 3006 5094 in
3040 5039 3148 5096 alio
3179 5038 3454 5110 Evangelii

183 5132 300 5207 ἦν,
345 5136 444 5189 καὶ
485 5135 555 5188 τὸ
600 5137 1036 5206 γλωσσόκομον
1072 5133 1255 5200 αὐτὸς
1286 5132 1626 5194 ἐϐάσταζεν,
1664 5135 1701 5186 0

1941 5149 1990 5187 :0
2017 5133 2280 5203 scriptum
2317 5141 2422 5199 est,
2461 5133 2708 5203 quoniam
2742 5131 2831 5200 [ur
2855 5140 2989 5198 erat,
3019 5139 3068 5185 et
3099 5131 3297 5186 loculos
3331 5146 3459 5199 por-

184 5245 276 5290 τος
299 5222 395 5280 οὖν
422 5228 451 5278 6
476 5227 721 5288 διάϐολος
756 5225 975 5296 κληθεὶς
1012 5224 1210 5288 Ἰούδας
1236 5267 1250 5291 ,
1280 5224 1494 5294 πατέρα
1523 5223 1647 5296 ἔσχε
1678 5242 1702 5277 τ

1937 5226 2018 5279 bat
2044 5227 2108 5282 ιο.
2139 5225 2235 5282 llic
2265 5225 2430 5298 igitur
2459 5225 2660 5280 diaboli
2693 5225 2990 5298 insignitus
3023 5224 3247 5280 nomine
3284 5222 3455 5278 Iudas

277 5407 294 5437 ¹
323 5406 484 5483 corr.
526 5405 702 5483 τινός..
738 5473 756 5483 -
784 5407 803 5436 ²
843 5403 902 5458 F.
931 5404 1129 5483 ﬁi‘ljﬂ.
1193 5475 1233 5483 ﬁ
1267 5401 1372 5483 3F.
1412 5403 1446 5474 ἢ
1474 5402 1535 5455 οὐ
1569 5421 1676 5483 μοι.
1772 5405 1792 5436 ⁸

1933 5421 1974 5460 ι’.
2014 5407 2216 5480 μάτην.
2378 5407 2399 5439 ⁸
2423 5405 2582 5462 Joan.
2616 5421 2736 5474 vui,
2770 5403 2860 5461 41.
2969 5411 3005 5483 ,⁸
3035 5399 3168 5458 ibid.
3263 5399 3282 5432 ⁷
3315 5393 3447 5451 ibid.

187 5475 213 5509 ⁸
235 5475 409 5531 Exod.
448 5491 532 5540 tu,
559 5478 612 5534 4.
684 5478 706 5509 ⁹
729 5473 887 5530 Joan.
917 5491 991 5540 v1,
1025 5473 1110 5528 7t.
1193 5475 1235 5508 ¹⁰
1260 5473 1543 5541 Joan.xu,
1573 5474 1606 5528 6

258 5635 373 5707 (57)
405 5635 519 5690 Τοῦ
542 5652 605 5689 τε
655 5633 823 5691 Ἰάϐε.
852 5633 958 5690 Pro
982 5632 1202 5690 Jchova.
