3768 6182
374 128 475 186 687

1801 120 1860 176 S.
1902 119 2243 177 EPIPHANII

3565 127 3673 186 E38

375 219 622 298 Cainum'
653 244 862 309 patrem
913 234 1120 300 habuit,
1149 232 1241 304 qui
1277 232 1508 288 Abelum
1535 232 1762 287 fratrem
1811 249 1964 288 men-

2087 235 2208 288 {d'iv
2232 275 2247 299 ,
2287 233 2375 288 διὰ
2396 235 2624 305 ψεύδους
2661 236 3017 309 ἀπατήσαντα
3065 239 3158 293 τὸν
3203 240 3445 310 ἀδελφὸν
3497 242 3668 296 αὑτοῦ

375 332 534 389 dacio
565 343 665 384 suo
699 325 1155 396 circumscripsit,
1192 330 1246 378 et
1289 323 1510 377 occidit.
1544 321 1649 387 Qui
1678 322 1842 376 etiam
1874 320 1961 374 in-

374 419 674 489 terroganti
707 417 936 471 Domino
965 436 978 470 :
1028 414 1126 468 Ubi
1157 424 1233 468 est
1267 413 1394 467 Abel
1422 412 1589 482 frater
1617 413 1782 466 tuus?
1810 425 1964 465 men-

377 509 514 564 titus
546 507 827 578 respondit
861 524 874 560 :
910 503 1155 559 Nescia‘.
1190 502 1383 557 Merito
1421 501 1604 572 itaque
1643 501 1809 556 etiam
1836 501 1960 565 iste,

378 601 473 672 qui
510 615 697 656 verum
745 599 1022 653 diabolum
1072 593 1318 650 moribus
1350 602 1436 649 est
1463 593 1729 659 imitatus,
1755 593 1876 662 ejus
1900 592 1964 646 li-

380 685 488 745 lius
523 689 736 744 Domini
768 703 862 743 ore
891 687 1299 758 pronuntiatur.
1333 685 1377 736 A
1407 699 1517 752 quo
1549 683 1698 738 enim
1725 682 1963 753 quisque

382 787 673 850 superatus
720 789 824 840 est,
862 778 910 831 ei
949 783 1003 830 et
1031 776 1224 830 servit.
1254 774 1330 827 Ac
1362 788 1464 827 nos
1497 772 1632 826 adeo
1673 772 1962 842 quodcun-

381 886 489 942 que
518 871 735 924 demum
767 867 1061 936 egerimus,
1099 879 1193 919 eos
1229 871 1412 933 patres
1443 862 1789 926 habebimus,
1824 877 1964 931 quo-

381 976 506 1016 rum
530 957 773 1028 exempla
803 956 996 1010 iisdem
1025 953 1184 1008 factis
1214 951 1610 1022 expressimus.
1629 951 1789 1021 297
1818 949 1966 1016 Quo-

383 1053 530 1108 circa
560 1049 847 1121 perspicue
869 1047 982 1115 jam
1026 1045 1118 1098 illa
1162 1043 1382 1098 Domini
1423 1050 1508 1098 est
1536 1042 1817 1096 declarata
1843 1058 1969 1096 sen-

380 1143 588 1200 tentia:
635 1139 732 1194 Vos
779 1139 902 1192 estis
948 1137 1050 1206 ﬁlii
1093 1134 1315 1188 diaboli.
1358 1132 1514 1197 Item,
1549 1132 1683 1187 Cum
1739 1134 1969 1202 loquitur

383 1233 733 1295 mendacium,
768 1247 832 1284 ea:
861 1229 1083 1298 propriis
1116 1228 1365 1297 loquitur,
1389 1227 1632 1296 quoniam
1657 1235 1806 1292 pater
1853 1224 1967 1292 ejus

383 1324 611 1380 mendax
643 1331 742 1377 est.
776 1322 987 1387 Quibus
1014 1318 1198 1373 verbis
1227 1316 1425 1370 ludam
1463 1324 1513 1369 et
1545 1314 1774 1369 Cainum
1803 1315 1966 1369 intel-

383 1416 521 1486 ligit.
557 1412 690 1467 Illud
718 1427 848 1466 vero
878 1430 891 1465 :
929 1407 1073 1462 Nam
1104 1418 1154 1462 et
1183 1417 1332 1477 pater
1357 1405 1472 1476 ejus
1501 1405 1727 1458 mendax
1769 1417 1869 1470 est,
1901 1407 1969 1462 ad

382 1505 658 1560 diabolum
688 1502 1032 1558 referendum
1059 1509 1165 1564 est,
1191 1497 1336 1569 quod
1361 1497 1428 1550 ad
1461 1497 1582 1565 ejus
1611 1497 1969 1550 imitationem

385 1597 588 1652 abillis
633 1595 745 1651 sint
786 1603 1097 1664 perpetrata
1133 1593 1416 1646 nonnulla.
1458 1604 1746 1663 Siquidem
1781 1605 1874 1660 per
1905 1603 1968 1643 os

386 1686 658 1759 serpentis
702 1685 980 1754 inspirans
1030 1683 1282 1738 diabolus
1331 1682 1467 1738 falsa
1524 1683 1707 1738 omnia
1754 1681 1967 1734 locutus

385 1786 470 1833 est
500 1796 512 1832 :
545 1777 733 1846 sicque
761 1784 891 1830 tunc
932 1776 1100 1829 Evam
1131 1774 1342 1831 fefellit.
1378 1775 1556 1846 Atque
1582 1774 1730 1828 hunc
1768 1773 1820 1827 in
1851 1786 1969 1824 mo-

387 1871 517 1928 dum
544 1877 657 1925 tota
684 1869 752 1922 ah
778 1868 905 1931 istis
932 1867 1167 1922 conﬁcta
1198 1867 1384 1923 fabula
1419 1867 1636 1938 penitus
1667 1863 1962 1920 evanescit.

385 1961 546 2029 Quod
578 1975 708 2015 vero
732 1960 799 2015 de
826 1958 997 2014 Caino
1036 1957 1320 2030 Scriptura
1365 1965 1621 2019 testatur,
1657 1957 1808 2010 illum
1858 1954 1964 2008 fra-

385 2063 528 2110 trem
573 2051 844 2107 occidisse
897 2066 1077 2114 suum,
1115 2050 1260 2120 quod
1315 2059 1462 2107 esset
1515 2066 1581 2105 ex
1627 2049 1863 2112 diabolo,
1914 2049 1968 2104 id

387 2145 615 2200 omnino
663 2143 1096 2198 demonstratum
1147 2150 1259 2208 est;
1309 2158 1416 2198 non
1472 2159 1539 2200 ex
1590 2141 1791 2196 diaboli
1845 2148 1966 2196 satu

388 2245 712 2306 conceptum
735 2234 803 2289 ab
826 2235 936 2289 Eva
964 2233 1134 2290 fuisse
1162 2233 1332 2289 fetum
1365 2235 1634 2305 aliquem;
1668 2236 1742 2288 ita
1774 2243 1832 2288 ut
1858 2235 1968 2288 vel-

387 2333 450 2382 ut
479 2326 731 2395 eonjugio
764 2323 1000 2395 quodam
1027 2327 1341 2396 congressis
1371 2327 1751 2396 copulatisque
1771 2339 1969 2394 corpo-

388 2421 542 2474 ribus
573 2418 802 2474 Cainum
839 2415 1137 2473 etAbelum
1166 2417 1462 2487 pepererit,
1495 2425 1554 2472 ut
1576 2417 1698 2473 istis
1729 2416 1966 2486 placuit;

389 2509 484 2565 sed
521 2508 590 2563 ob
617 2521 828 2561 morum
864 2504 1303 2572 similitudinem,
1339 2521 1766 2576 expressamque
1793 2505 1969 2560 imita-

389 2601 536 2656 tione
564 2598 767 2653 diaboli
797 2597 1096 2668 nequitiam
1133 2596 1302 2651 lilium
1335 2597 1457 2667 ejus
1487 2596 1770 2666 appellari.

459 2690 574 2746 VII.
615 2689 757 2757 Quin
789 2688 922 2743 illud
945 2689 1108 2744 etiam
1136 2687 1206 2741 ab
1239 2687 1364 2742 istis
1384 2687 1670 2751 asseritur,
1697 2685 1966 2739 Adamum

387 2799 454 2838 ex
489 2781 599 2835 Eva
631 2781 862 2851 conjuge
893 2778 1120 2834 Sethum
1163 2793 1480 2850 germanam
1539 2778 1850 2846 suscepisse
1877 2793 1966 2831 sn—

2063 323 2156 377 τὸν
2199 323 2364 376 Ἀϐελ
2388 365 2403 389 ,
2457 325 2549 378 καὶ
2576 325 2993 382 ἀποκτείναντα.
3037 329 3131 391 Ὃς
3163 329 3260 382 κα)⁸
3295 329 3669 398 ἐρωτώμενος

2065 411 2170 466 ὑπὸ
2193 413 2287 466 τοῦ
2316 414 2522 484 Κυρίου
2559 432 2574 446 σ
2615 416 2739 468 Ποῦ
2773 416 2945 469 Ἅϐελ
2974 419 3006 470 ὁ
3034 416 3307 486 ἁδελφός
3340 434 3505 481 σου;
3536 419 3665 487 ψευ-

2063 506 2286 578 δόμενος
2328 507 2513 575 ἔλεγεν
2539 523 2552 537 ⁸
2593 510 2713 562 Οὐκ
2752 505 2903 562 οῖδα.
2945 509 3183 574 Εἰκότως
3217 507 3315 564 οὖν
3345 512 3449 564 καὶ
3492 505 3660 573 οὗτος,

2063 595 2154 650 τὸν
2201 596 2362 665 φύσει
2392 596 2637 650 διάϐολον
2670 599 3046 669 μιμησάμενος
3079 603 3192 663 τοῖς
3226 602 3470 672 τρόποις
3499 641 3513 662 ,
3558 605 3661 666 vis;

2065 684 2228 738 αὐτοῦ
2260 688 2380 739 κατ’
2411 686 2568 751 ἀξίαν
2613 687 2975 758 ἀνηγόρευται
3019 689 3123 742 ὑπὸ
3152 690 3246 742 τοῦ
3602 687 3662 762 ’ῼ

2066 777 2174 847 γὰρ
2218 777 2446 848 ἥττηται
2491 795 2575 840 τις
2596 818 2611 842 ,
2649 777 2824 850 τούτῳ
2858 780 2951 832 καὶ
2978 779 3327 834 δεδούλωται.
3369 782 3494 834 Καὶ
3519 785 3663 852 ἡμῶν

2065 868 2121 921 δέ
2146 867 2404 933 ἕκαστος,
2436 869 2612 922 ὁτιοῦν
2642 867 2707 922 ἂν
2740 870 3026 942 ἐπιτελέσῃ
3049 914 3064 937 ,
3092 873 3220 935 τοὺς
3243 872 3424 924 τοῦτο
3467 889 3666 942 προτε-

2066 957 2353 1021 τελεκότας
2379 958 2620 1029 πατέρας
2661 957 2772 1022 ἕξει
2819 960 3218 1030 μιμησάμενος.
3250 960 3468 1029 Σαφῶς
3495 963 3664 1013 τοίνυν

2068 1048 2313 1119 ἐφράσθη
2333 1050 2365 1118 ἡ
2394 1049 2542 1120 παρὰ
2557 1049 2648 1102 τοῦ
2661 1051 2864 1120 Κυρίου
2881 1051 3130 1121 λεχθεῖσα
3153 1055 3342 1123 ῥῆσις·
3365 1054 3458 1105 ὅτι
3490 1053 3667 1121 Tyti-

2070 1139 2255 1193 τέκνα
2285 1139 2426 1192 ἐστὲ
2460 1139 2566 1194 τοῦ
2599 1138 2883 1200 διαϐόλου
2910 1159 2923 1171 ·
2958 1143 3051 1195 καὶ
3080 1143 3242 1197 πάλιν
3269 1159 3287 1173 ο
3333 1143 3533 1196 Ὅταν
3565 1147 3666 1196 Ja-

2068 1228 2152 1296 λῇ
2178 1229 2243 1282 τὸ
2271 1229 2498 1297 ψεῦδος
2518 1269 2532 1295 ,
2562 1230 2631 1282 ἐκ
2671 1229 2790 1282 τῶν
2837 1229 3002 1283 ἰδίων
3026 1231 3233 1285 λαλεῖ·
3276 1232 3373 1285 ὅτι
3413 1234 3448 1285 ό
3479 1233 3667 1300 πατὴρ

2071 1319 2255 1373 αὑτοῦ
2288 1321 2560 1387 ψεύστης
2585 1320 2757 1375 ἐστιν
2779 1338 2791 1352 ·
2825 1323 2911 1375 ἵνα
2937 1324 3062 1392 εἴπῃ
3105 1323 3315 1377 Ἰούδαν
3360 1325 3464 1376 καὶ
3491 1324 3626 1376 Κάῐν
3647 1339 3659 1350 ·

2072 1409 2222 1472 εἶτα,
2265 1415 2371 1466 Καὶ
2396 1415 2518 1483 ’γὰρ
2569 1417 2602 1467 ὁ
2650 1413 2848 1481 πατὴρ
2891 1415 3077 1468 αὑτοῦ
3132 1416 3427 1483 ψεύστης
3479 1415 3664 1474 ἐστὶν.

2074 1502 2162 1556 ἵνα
2189 1497 2314 1572 εἴπῃ
2353 1502 2514 1554 αὐτὸν
2541 1503 2632 1556 τὸν
2680 1503 2924 1556 διάϐολον
2946 1544 2960 1563 .
2991 1505 3078 1556 διὰ
3109 1504 3186 1557 ¹τὰ
3217 1505 3433 1575 ὁμοίως
3463 1521 3667 1572 πεπρε-

2073 1593 2429 1664 γματευμένα
2455 1595 2672 1664 ἑκάστῳ
2699 1594 2922 1649 τούτων.
2943 1596 3290 1665 Ἐμπνεύσας
3318 1597 3438 1666 γὰρ
3469 1598 3527 1648 ἐν
3559 1598 3668 1648 στύ-

2073 1685 2314 1754 ματιτοῦ
2346 1686 2522 1755 ὄφεως
2545 1726 2558 1750 ,
2603 1686 2773 1759 ψευδῆ
2803 1688 2980 1742 πάντα
3005 1689 3308 1760 λελάληκεν
3337 1691 3368 1742 ὁ
3399 1690 3665 1753 διάδολκ·

2067 1777 2162 1830 καὶ
2194 1776 2365 1840 οὕτως
2394 1779 2512 1830 τότε
2553 1779 2866 1850 ἐξηπάτησε
2902 1783 3001 1852 τὴν
3031 1781 3201 1834 Εὕαν.
3248 1783 3370 1834 Καὶ
3399 1783 3668 1854 ἀνῄρηται

2069 1867 2221 1938 παρὰ
2261 1868 2468 1932 τούτοις
2498 1872 2530 1938 ὴ
2580 1871 2968 1942 πεπλανημένη
3008 1873 3325 1942 μυθοποιία.
3363 1874 3493 1927 Κᾶν
3527 1874 3666 1940 λέγει

2067 1960 2099 2028 ὴ
2134 1958 2322 2030 Γραφὴ
2345 1998 2359 2020 ,
2387 1959 2463 2022 ὼς
2489 1962 2517 2012 ὁ
2562 1960 2700 2014 Κάῖν
2729 1963 3016 2015 ἀπέκτεινε
3052 1965 3141 2019 τὸν
3188 1964 3435 2034 ἀδελφὸν
3485 1965 3664 2028 nimii,

2067 2048 2148 2101 ὃτι
2191 2049 2256 2100 ἐκ
2304 2049 2397 2102 τοῦ
2446 2050 2691 2104 διαϐόλου
2738 2049 2836 2125 ἦν’
2873 2055 3084 2124 ἐδείχθη
3127 2056 3239 2126 γὰρ
3291 2057 3666 2117 παντάπασιν,

2068 2138 2188 2208 οὐχὶ
2217 2138 2303 2192 διὰ
2333 2137 2394 2191 τὺ
2426 2140 2525 2212 τὴν
2553 2140 2695 2194 Εὔαν
2726 2147 2789 2196 ἐκ
2823 2145 2915 2197 τοῦ
2957 2145 3270 2217 σπέρματος
3295 2145 3398 2200 τοῦ
3427 2146 3666 2199 διαεόλου

2071 2228 2484 2295 συλλαϐοῦσαν,
2533 2233 2608 2295 ὡς
2653 2233 2792 2287 κατά
2840 2234 3102 2305 συζυγίαν
3151 2238 3341 2308 γάμου
3393 2239 3498 2290 καὶ
3555 2254 3669 2289 συν-

2069 2318 2264 2388 άφειαν
2283 2321 2549 2390 σωμάτων
2563 2325 2948 2394 γεγεννηκέναι
2971 2329 3060 2380 τὸν
3079 2329 3218 2381 Κάῖν
3239 2328 3343 2380 καὶ
3367 2328 3467 2382 τὸν
3490 2327 3666 2392 Ἅϐελ,

2069 2413 2143 2476 ὼς
2175 2411 2383 2476 τούτοις
2414 2412 2589 2478 ἔδοξεν
2615 2431 2627 2444 ·
2685 2417 2821 2470 ἀλλὰ
2867 2419 2956 2472 διὰ
2989 2420 3050 2472 τὸ
3083 2422 3397 2492 ὁμότροπον
3434 2425 3534 2476 καὶ
3589 2424 3670 2491 pio

2023 2539 2034 2549 ·
2073 2521 2228 2574 μημα
2281 2504 2377 2574 τῆς
2434 2504 2528 2556 τοῦ
2586 2507 2834 2560 διαὸόλου
2898 2511 3270 2582 κακοτροπίας
3337 2515 3461 2577 υἱὸς
3515 2512 3666 2566 αὐτα]

2109 2609 2292 2644 κουσε.

2109 2609 2292 2644 κουσε.

2069 2593 2102 2662 ἦ
2128 2679 2199 2734 Ζ’.
2219 2682 2382 2736 Πάλιν
2399 2683 2454 2736 δέ
2472 2682 2716 2752 λέγουσιν
2736 2687 2783 2738 οἱ
2803 2686 2974 2749 αὐτοὶ,
2993 2687 3085 2742 τὸν
3101 2689 3295 2760 Ἀδὰμ,
3328 2690 3669 2760 συναφθέντα

2071 2773 2136 2841 τῇ
2169 2771 2282 2843 Εὕα
2307 2776 2372 2843 τῇ
2403 2774 2507 2846 ἰδίᾳ
2535 2778 2770 2846 γαμετῇ,
2805 2778 3190 2848 γεγεννηκέναι
3214 2779 3310 2831 τὸν
3343 2779 3484 2850 Σὴθ,
3522 2781 3669 2847 φύσει

388 2872 589 2928 bolem.
624 2869 763 2924 Tum
797 2884 927 2923 vero
955 2883 1265 2937 supremam
1297 2867 1443 2920 illam
1477 2865 1740 2920 virtutem
1779 2866 1958 2921 ferunt

2087 2861 2210 2916 ἴδιον
2243 2865 2406 2916 αὐτοῦ
2443 2866 2576 2918 υἱόν.
2609 2868 2718 2919 Καὶ
2741 2869 2860 2920 τότε
2884 2869 3015 2937 φασὶ
3043 2869 3140 2939 τὴν
3164 2870 3278 2923 ἄνω
3310 2871 3558 2940 δύναμιν
3585 2874 3669 2924 sint

389 2980 515 3021 cum
576 2961 917 3016 administris
987 2959 1078 3014 Dei
1143 2960 1384 3013 melioris
1434 2959 1643 3028 angelis
1691 2957 1967 3027 delapsam

392 3053 618 3111 Sethum
650 3053 826 3122 ipsum
857 3051 1128 3119 rapuisse,
1149 3064 1310 3119 quem
1335 3055 1388 3104 et
1405 3048 1688 3118 ἀλλογενῆ,
1742 3049 1845 3101 hoe
1888 3056 1972 3102 est

391 3147 743 3215 alienigenam
773 3149 988 3196 vocant.
1029 3140 1199 3207 Quem
1247 3155 1372 3194 cum
1408 3155 1629 3195 sursum
1661 3139 1896 3209 aliquem
1918 3139 1970 3193 in

391 3239 572 3294 locum
604 3233 941 3294 sustulisset.
991 3247 1054 3286 ac
1087 3232 1348 3286 diuturno
1405 3239 1670 3299 tempore,
1714 3247 1782 3285 ne
1832 3230 1973 3284 forte

393 3327 810 3389 interﬁceretur,
847 3325 1094 3388 aluisset,
1125 3323 1284 3393 longo
1322 3322 1540 3378 demum
1589 3322 1878 3377 intervallo
1915 3322 1969 3375 in

395 3423 542 3478 hunc
569 3422 758 3475 orhem
809 3417 1097 3480 intulisse,
1140 3417 1417 3487 simulque
1473 3425 1528 3472 et
1573 3416 1874 3486 spiritalem
1921 3424 1976 3471 et

396 3527 722 3583 corporeum
783 3510 1126 3572 reddidisse,
1189 3524 1257 3564 ne
1318 3523 1348 3561 a
1390 3507 1716 3573 Caino,vel
1761 3511 1974 3564 caeteris

393 3604 712 3660 Conditoris
764 3603 953 3657 mundi
1023 3601 1386 3671 potestatibus
1455 3616 1519 3656 ac
1580 3602 1975 3672 principatibus

397 3694 816 3764 opprimeretur.
878 3693 1142 3748 Eumdem
1208 3708 1372 3762 porro
1419 3691 1736 3748 Creatorem
1814 3703 1976 3763 atque

398 3785 658 3856 Opiﬁcem
693 3785 924 3841 desiisse
953 3787 1222 3848 venerari,
1251 3793 1302 3840 et
1343 3785 1492 3839 illam
1527 3785 1819 3856 agnovisse
1851 3782 1976 3838 Vir-

398 3881 594 3940 tutem,
624 3889 746 3943 quae
768 3874 917 3927 nullo
945 3872 1338 3942 comprehendi
1367 3873 1589 3928 nomine
1617 3879 1796 3942 potest
1823 3887 1837 3925 :
1874 3888 1977 3928 nec

397 3979 509 4020 non
537 3964 800 4019 adversus
837 3973 1115 4019 auctorem
1135 3964 1344 4029 mundi,
1365 3964 1595 4034 ejusque
1625 3965 1975 4035 principatus

395 4060 451 4107 et
491 4060 791 4123 potestates
823 4045 1080 4121 pleraque
1109 4051 1402 4105 detexisse.
1441 4050 1578 4105 Iliuc
1609 4053 1773 4106 etiam
1806 4053 1976 4106 libros

400 4143 608 4216 aliquot
649 4143 937 4199 ediderunt
995 4143 1145 4197 Sethi
1201 4143 1422 4197 nomine
1481 4144 1798 4213 inscriptos,
1837 4161 1975 4214 quos

2075 2957 2188 3018 τοῖς
2222 2957 2516 3026 ὑπουργοῖς
2549 2958 2640 3010 τοῦ
2671 2959 2876 3026 ἀγαθοῦ
2907 2961 3039 3013 Θεοῦ
3069 2962 3329 3030 ἀγγέλοις
3366 2964 3667 3032 1:11:16qu-

2075 3043 2250 3109 κέναι,
2279 3046 2374 3098 καὶ
2400 3049 2705 3117 ήρπακέναι
2741 3051 2902 3104 αὐτὸν
2926 3052 3016 3104 τὸν
3039 3052 3164 3122 Σὴθ,
3189 3053 3249 3106 ὃν
3277 3055 3380 3106 καὶ
3406 3053 3666 3122 ἀλλογενῆ

2077 3135 2318 3190 καλοῦσι.
2362 3139 2471 3190 Καὶ
2503 3140 2881 3210 ἀνενηνοχεναι
2917 3143 3028 3195 ἄνω
3069 3161 3190 3208 που,
3236 3147 3335 3196 καὶ
3366 3145 3666 3216 ἁναθρὲςαι

2076 3227 2252 3298 χρόνῳ
2296 3229 2482 3298 ἱκανῷ,
2520 3231 2606 3284 ἵνα
2640 3233 2714 3300 μὴ
2764 3233 3109 3302 ἀποκτανθῇ·
3151 3235 3246 3287 καὶ
3295 3237 3445 3305 μετὰ
3491 3239 3669 3307 χρόνον

2079 3317 2247 3370 πολὺν
2270 3322 2690 3391 κατενηνοχέναι
2714 3323 2793 3386 είς
2823 3324 2970 3376 τόνδε
3001 3329 3092 3376 τὶν
3113 3326 3344 3396 κόσμον,
3389 3330 3490 3382 καὶ
3522 3347 3666 3381 πνευ-

2081 3409 2310 3478 ματικὸν
2353 3412 2774 3482 ἀπεργάσασθαι
2821 3415 3006 3479 αὑτὸν,
3056 3417 3148 3468 καὶ
3194 3419 3546 3488 σωματικὸν,
3599 3423 3666 3481 εἰς

2076 3499 2136 3552 τὸ
2165 3501 2238 3570 μὴ
2270 3502 2582 3572 κατισχύειν
2613 3503 2702 3556 τόν
2746 3521 2804 3558 τε
2832 3507 2952 3558 κατ’
2981 3506 3144 3558 αὑτοῦ
3169 3510 3211 3569 ⁸,
3242 3510 3342 3560 καὶ
3375 3509 3483 3572 τὰς
3517 3511 3665 3573 ἄλλας

2077 3589 2344 3654 ἐξουσίας.
2392 3593 2486 3645 καὶ
2527 3593 2702 3665 ἀρχὰς
2748 3595 2842 3648 τοῦ
2882 3597 3214 3667 κοσμοποιοῦ
3240 3598 3411 3654 Θεοῦ.
3462 3601 3664 3671 Μηκέτι

2077 3683 2134 3736 δὲ
2167 3685 2328 3739 αὐτόν
2373 3702 2503 3754 φασι
2533 3687 2952 3758 λελατρευκὲναι
2987 3690 3063 3759 τῷ
3094 3691 3306 3762 Ποιητῇ
3346 3709 3411 3745 τε
3451 3695 3547 3746 καὶ
3575 3698 3663 3763 Δη-

2081 3795 2200 3847 μιου
2211 3778 2342 3849 ργῴ,
2371 3781 2740 3848 ἐπεγνωκέναι
2762 3781 2816 3834 δέ
2840 3781 2936 3852 τὴν
2960 3783 3409 3853 ἀκατονόμαστον
3426 3785 3661 3857 δύναμιν,

2080 3871 2173 3921 καὶ
2207 3868 2296 3921 τὸν
2323 3870 2433 3923 ἄνω
2462 3871 2664 3938 ἀγαθὸν
2698 3871 2859 3924 Θεόν·
2909 3873 3067 3926 τοῦτο
3091 3874 3544 3946 λελατρευκέναι,
3581 3878 3660 3931 καὶ

2080 3960 2220 4013 κατὰ
2252 3961 2342 4014 τοῦ
2380 3957 2600 4034 ποιητοῦ
2629 3963 2720 4016 τοῦ
2752 3966 2978 4036 κόσμου,
3010 3968 3102 4020 καὶ
3130 3969 3346 4038 ἀρχῶν,
3386 3972 3492 4023 καὶ
3523 3970 3658 4036 ἐξω-

2081 4053 2209 4105 σιῶν
2239 4053 2407 4107 πολλὰ
2434 4056 2928 4126 άποκεκαλυφέναι.
2971 4051 3040 4129 τῼ
3060 4059 3122 4130 δὴ
3154 4061 3249 4112 καὶ
3279 4060 3508 4129 βίϐλους
3527 4064 3656 4124 τινάς

2080 4144 2423 4209 ἐξετύπωσαν
2467 4148 2545 4209 εἰς
2573 4148 2744 4216 ὄνομα
2773 4148 2937 4201 αὐτοῦ
2980 4147 3071 4202 τοῦ
3103 4151 3212 4220 Σὴθ
3245 4154 3653 4223 γεγραμμένας,

399 4236 470 4291 ab
507 4250 572 4290 co
609 4234 838 4290 traditos
861 4249 925 4290 ac
957 4235 1179 4290 relictos
1211 4234 1500 4287 allirmant.
1521 4235 1652 4288 Item
1681 4237 1818 4290 alios
1849 4251 1966 4289 cum

2087 4239 2209 4308 παρ’
2242 4238 2403 4290 αὑτοῦ
2447 4239 2614 4301 αὑτὰς
2646 4239 2889 4294 δεδόσθαι
2931 4241 3200 4309 λέγοντες.
3259 4244 3469 4308 ’Δλλας
3499 4245 3554 4298 δὲ
3590 4245 3655 4305 εἰς

402 4325 582 4389 illius,
628 4331 744 4377 tum
782 4331 988 4394 septem
1025 4323 1145 4392 ejus
1188 4320 1486 4377 liberorum
1547 4322 1788 4378 nomine.
1824 4323 1977 4376 Toti-

401 4417 522 4471 dem
559 4416 701 4470 enim
755 4414 822 4470 ab
885 4429 950 4470 eo
1000 4422 1315 4484 procreatos
1367 4413 1590 4480 volunt,
1641 4429 1779 4484 quos
1823 4414 1980 4467 ἀλλο-

398 4509 576 4575 γενεῖς
653 4506 957 4571 nominant,
1001 4514 1056 4558 ut
1091 4505 1145 4558 in
1177 4504 1299 4560 aliis
1343 4502 1645 4561 haeresihus
1675 4547 1691 4573 ,
1753 4504 1974 4560 Gnosii-

398 4615 592 4655 corum
674 4598 918 4661 scilicet,
997 4611 1062 4650 ac
1114 4596 1542 4662 Sethianorum,
1610 4599 1975 4653 ostendimus.

398 4691 669 4746 Caeterum
697 4688 783 4744 isti
811 4688 1102 4758 pr0phetas
1133 4687 1270 4743 alios
1323 4698 1782 4752 commemorant;
1831 4688 1976 4743 Mar-

398 4779 598 4834 tiadem
617 4777 803 4834 neSeio
831 4794 1017 4848 quem,
1037 4787 1091 4833 et
1125 4777 1479 4842 Marsianum,
1526 4795 1665 4850 quos
1699 4780 1752 4833 in
1774 4781 1974 4835 coelum

401 4878 590 4938 raptos
619 4870 782 4924 tertio
824 4868 913 4924 die
969 4869 1324 4925 descendisse
1386 4871 1613 4942 lingunt.
1673 4870 1893 4927 Addunt
1924 4882 1975 4926 et

404 4961 540 5017 alias
570 4961 859 5032 plerasque
901 4951 1306 5017 eommenti'tias
1339 4977 1403 5018 ac
1438 4962 1702 5018 ridiculas
1736 4961 1974 5031 fabulas,

399 5059 458 5110 et
491 5052 548 5107 in
575 5067 764 5107 verum
813 5061 975 5122 atque
1004 5054 1430 5122 omnipotentem
1465 5053 1634 5125 293
1669 5053 1840 5111 Deum
1870 5055 1975 5110 Pa—

401 5153 542 5200 trem
593 5143 809 5199 Domini
861 5145 1035 5200 nostri
1096 5144 1227 5202 Jesu
1305 5145 1515 5203 Christi
1577 5149 1976 5204 contumeliose

403 5237 579 5292 multa
629 5235 905 5305 jactitant.
944 5235 1253 5307 Principem
1317 5238 1488 5304 hunc,
1527 5247 1585 5294 et
1634 5239 1973 5296 inventorem

401 5330 582 5385 Omnis
618 5343 739 5383 esse
778 5329 1053 5398 nequitize,
1106 5336 1166 5383 ut
1208 5329 1294 5384 vel
1326 5330 1444 5398 ipsa
1497 5345 1595 5386 sua
1627 5332 1972 5390 confessione

405 5417 739 5491 iugulentur.

479 5533 498 5565 ⁸
530 5531 664 5590 Gen.
693 5551 766 5600 IV,
797 5536 848 5591 9.
924 5534 943 5565 ²
965 5530 1024 5586 F.
1059 5531 1217 5587 Κάῖν.

2082 4331 2252 4402 ὄνομα
2280 4331 2464 4394 αὑτοῦ,
2503 4332 2597 4384 καὶ
2639 4331 2748 4385 τῶν
2780 4332 2918 4386 ἐπτά
2956 4333 3086 4386 υἱῶν
3132 4334 3323 4388 αὐτοῦ.
3386 4337 3527 4388 Φασὶ
3565 4335 3653 4404 γὰρ

2083 4421 2243 4474 αὐτὸν
2303 4421 2687 4491 γεγεννηκέναι
2742 4424 2882 4478 ἐπτά
2928 4425 3234 4493 ἁλλογενεῖς
3278 4426 3651 4498 καλουμένους,

2079 4511 2157 4575 ὡς
2207 4513 2299 4565 καὶ
2339 4513 2395 4564 ἐν
2421 4512 2608 4576 ἄλλαις
2657 4514 2933 4584 αἱρέσεσιν
2977 4516 3302 4587 εἰρήκαμεν,
3352 4517 3650 4571 Γνωστικῶν

2085 4619 2228 4674 φημι
2257 4605 2349 4657 καλ⁵
2381 4604 2678 4676 Σηθιανῶν.
2737 4601 2895 4660 Οὗτοι
2923 4607 2978 4660 δὲ
3025 4609 3119 4661 καὶ
3149 4608 3348 4672 ἄλλους
3389 4613 3649 4681 προφήτας

2086 4696 2248 4765 φασὶν
2277 4693 2436 4760 εἶναι,
2470 4698 2790 4770 Μαρτιάδην
2824 4699 2966 4761 τινὰ,
2996 4699 3092 4751 καὶ
3121 4701 3465 4771 Μαρσιανὸν,
3499 4702 3647 4771 ἁρπα-

2085 4787 2280 4854 γέντας
2303 4787 2382 4850 εἰς
2407 4789 2533 4850 τοὺς
2549 4789 2831 4859 οὐρανοὺς,
2849 4791 2942 4843 καὶ
2964 4790 3052 4844 διά
3070 4791 3294 4862 ἡμερῶν
3312 4793 3486 4864 τριῶν
3503 4808 3646 4844 κατι-

2085 4877 2406 4948 6ε6ηκότας.
2458 4879 2569 4932 Καὶ
2603 4878 2775 4934 πολλά
2811 4883 2956 4935 ἐστιν
2997 4882 3035 4935 ἃ
3083 4882 3510 4953 μυθοποιοῦντες
3545 4902 3645 4938 πια-

2088 4969 2228 5034 στῶς
2275 4969 2568 5024 ἐκτυποῦσι
2603 4971 2901 5046 βλάσφημά
2938 4992 2997 5028 τε
3046 4976 3380 5042 πλάττοντες
3413 4979 3550 5032 κατὰ
3572 4977 3644 5028 τοῦ

2085 5063 2235 5126 ὄντος
2261 5063 2394 5116 Θεοῦ
2425 5066 2884 5138 παντοκράτορος,
2916 5068 3130 5141 Πατρὸς
3153 5070 3246 5123 τοῦ
3277 5073 3488 5144 Κυρίου

2098 5153 2270 5226 Ἰησοῦ
2319 5155 2578 5227 Χριστοῦ,
2627 5157 2703 5221 ὡς
2745 5160 3002 5230 ἄρχοντος
3040 5162 3215 5230 ὄντος,
3265 5165 3364 5219 καὶ
3413 5165 3642 5234 πονηρίας

2086 5245 2329 5317 εὑρετοῦ,
2371 5247 2446 5311 ὡς
2474 5248 2569 5301 ἀπ’
2600 5249 2779 5304 αὐτῶν
2819 5249 2928 5303 τῶν
2963 5255 3090 5324 παρ’
3131 5256 3319 5320 αὐτοῖς
3355 5255 3523 5324 λόγων
3545 5253 3638 5307 αλέ-

2088 5352 2303 5392 σκονται
2310 5377 2322 5389 .
