3768 6182
121 228 235 285 689

842 234 1209 291 ADVERSUS
1244 230 1585 289 HIERESES
1623 229 1750 284 LIB.
1790 229 1828 285 Ι.
1862 230 2024 287 ΤΟΜ.
2068 231 2153 288 Ill.
2190 265 2260 275 ——
2298 233 2570 290 HERES.
2614 234 2724 290 XL.

3302 233 3407 290 690

206 352 275 404 Et
300 351 409 425 γὰρ
434 354 689 424 πονηρῶν
718 355 864 408 ἐστιν
887 354 1114 425 εὑρετὴς
1141 354 1236 408 xui
1258 351 1570 414 κακοποιὸς,
1603 350 1666 402 πᾶ

1893 352 2027 408 Nam
2078 355 2123 408 si
2156 354 2423 409 malorum
2473 352 2725 407 inventor
2767 353 2814 408 is
2859 367 2923 407 ac
2974 352 3257 409 maleficus
3296 370 3403 415 εει,

127 446 301 509 εὐθὺς
354 448 454 500 οὐκ
494 446 697 515 ἀγαθὸς
752 448 1024 520 εὑρεθείη.
1074 448 1151 512 ὼς
1175 447 1269 501 καὶ
1302 448 1357 500 ὲν
1386 447 1504 509 ταῖς
1529 445 1715 506 ἄλλαις

124 537 409 607 αἱρέσεσιν
442 539 692 607 ετπαμεν,
720 539 862 591 κατά
893 538 1172 609 πορνείας,
1204 538 1298 590 καὶ
1333 536 1597 607 μοιχείας,
1623 534 1717 588 καὶ

124 629 415 699 ἁρπαγῆς,
463 630 558 682 καὶ
611 629 923 694 πλεονεξίας
980 632 1379 700 νομοθετήσας;
1438 627 1568 681 Θεὸν
1607 626 1717 696 γὰρ

122 719 294 772 αὐτὸν
334 718 442 771 τῶν
485 718 754 772 Ἰουδαίων
796 720 890 772 καὶ
938 720 1092 773 αὐτοὶ
1132 719 1370 788 λέγουσι.
1424 719 1548 782 Τοῖς
1589 719 1719 770 Ἰου-

122 810 304 875 δαίοις
337 810 395 863 δὲ
425 811 515 863 τὸν
552 812 715 882 νόμον
756 810 975 878 ἔδωκεν,
1016 813 1073 864 ὲν
1097 804 1141 879 ᾧ
1182 813 1356 865 πάντα
1394 811 1566 865 ταῦτα
1607 812 1717 863 ἀπ-

123 902 453 972 ηγόρευσεν,
478 896 554 956 ὧν
587 903 815 974 εὑρετὴν
848 903 1008 957 αὑτὸν
1035 903 1284 972 λέγουσιν
1312 901 1469 957 εἶναι.
1507 902 1630 965 Πῶς
1659 902 1716 955 δὲ

124 994 317 1063 πατὴρ
346 994 438 1046 τοῦ
459 996 673 1047 Σατανᾶ
704 994 950 1066 κληθείη,
983 997 1010 1049 6
1041 998 1163 1049 κατ’
1193 994 1356 1048 αὐτοῦ
1385 995 1452 1047 τὰ
1480 993 1718 1047 τοσαῦτα

125 1084 423 1149 ὑποδείξας
454 1085 548 1138 καὶ
583 1086 630 1138 εί
663 1086 938 1158 ἀλλότρίός
974 1089 1089 1140 ἐστι
1120 1086 1212 1139 τοῦ
1245 1086 1354 1140 ἄνω
1385 1086 1512 1156 παρ’
1536 1087 1718 1150 αὐτοῖς

125 1174 428 1243 λεγομένου
451 1174 607 1240 Θεοῦ,
639 1177 731 1229 καὶ
760 1177 859 1229 οὐκ
884 1175 1045 1240 αὑτός
1076 1176 1225 1228 ἐστιν
1254 1177 1282 1229 6
1306 1175 1436 1239 Θεὸς
1462 1176 1489 1227 6
1521 1190 1718 1227 παντο-

128 1268 379 1338 κράτωρ,
413 1268 441 1319 6
475 1267 725 1337 βασιλεὺς
754 1269 848 1323 καὶ
872 1267 1074 1338 Κύριος
1099 1268 1257 1338 ἡμῶν
1301 1266 1542 1338 [Ἰησοῦς
1577 1268 1717 1338 Χρι-

129 1355 316 1429 στὸς],
348 1357 376 1408 6
403 1357 459 1409 ὲν
491 1357 661 1427 νόμῳ,
707 1357 800 1410 καὶ
838 1358 898 1409 ἐν
927 1356 1302 1425 Εὑαγγελίοις,
1349 1356 1444 1408 καὶ
1487 1357 1542 1408 ὲν
1581 1372 1717 1426 προ⁶

122 1448 351 1519 φήταις,
381 1448 474 1501 καὶ
505 1448 820 1512 ἀποστόλοις
844 1448 1010 1512 αὐτὸς
1029 1448 1172 1515 Θεὸς
1188 1450 1421 1518 Κύριος,
1436 1452 1556 1501 Πατ
1566 1448 1639 1516 ἦρ
1652 1446 1720 1500 δὲ

133 1540 470 1608 τοῦΚυρίου
486 1539 657 1609 ἡμῶν
690 1540 892 1607 Ἰησοῦ
904 1541 1183 1609 Χριστοῦ;
1199 1540 1274 1604 ὡς
1296 1542 1454 1605 αὐτὸς
1479 1541 1718 1596 διδάσκει

123 1634 318 1703 σαφῶς
346 1635 493 1705 ἡμᾶς
532 1635 560 1687 ὁ
589 1632 793 1705 Κύριος
822 1636 880 1687 ὲν
908 1633 1248 1703 Εὑαγγελίῳ,
1279 1634 1479 1703 λέγων’
1522 1637 1717 1703 Εὐχα-

1824 462 2013 502 nonne
2044 447 2222 502 bonus
2265 447 2346 503 vel
2376 462 2443 502 eo
2475 447 2596 516 ipso
2644 444 3091 515 comprobabitnr
3116 485 3132 510 ,
3168 453 3231 499 ut
3278 444 3405 499 aliis

1824 536 2130 590 hmresibus
2164 535 2494 604 objecimus,
2528 533 2675 604 quod
2707 541 2898 588 contra
2934 542 3146 602 stupra,
3188 530 3404 586 adulte-

1823 626 1925 689 ria,
1948 628 2173 695 rapinas
2198 641 2261 680 ac
2291 626 2624 696 cupiditates
2643 632 2696 679 et
2718 624 2953 693 injurias
2974 625 3197 679 decreta
3232 624 3406 678 multa

1826 719 2178 773 condiderit?
2204 718 2337 772 Nam
2373 716 2686 772 Judaeorum
2727 716 2879 770 illum
2915 732 3038 772 esse
3067 715 3236 770 Deum
3266 730 3411 768 con-

1828 810 2073 866 ﬁtentur.
2097 809 2301 865 Iudaeis
2337 824 2501 879 porro
2544 809 2718 878 legem
2766 809 2912 862 illam
2948 810 3094 875 tulit,
3128 823 3235 878 qua
3271 817 3400 861 sunt

1822 918 1883 957 ea
1911 903 2096 958 omnia
2122 903 2418 972 prohibita,
2446 917 2676 973 quorum
2732 902 2984 956 inventor
3011 902 3078 955 ab
3104 901 3210 954 illis
3251 915 3403 952 asse-

1833 992 1996 1047 ritur.
2046 993 2260 1050 Satanas
2316 1012 2448 1054 vero
2504 1008 2662 1070 pater
2704 998 2797 1066 qui
2844 995 3060 1049 demum
3136 991 3398 1062 appellari

1826 1094 2025 1154 potest,
2047 1089 2137 1157 qui
2168 1098 2276 1143 tam
2309 1090 2480 1144 multa
2509 1090 2774 1144 adversus
2808 1089 2959 1142 illum
2989 1084 3305 1148 ediderit,si
3329 1082 3397 1135 ab

1827 1176 1921 1230 illo
1984 1193 2222 1243 summo,
2278 1196 2441 1249 quem
2492 1180 3008 1240 Deum‘nominant,
3042 1176 3253 1231 alienus
3278 1180 3395 1237 est;

1824 1284 1925 1323 nec
1963 1269 2106 1324 idem
2140 1278 2221 1325 est
2245 1273 2599 1343 omnipotens
2626 1273 2716 1329 ille
2749 1272 2912 1334 Deus,
2973 1285 3070 1325 rex
3118 1276 3172 1323 et
3208 1266 3398 1320 Domi-

1822 1375 1928 1415 nus
1967 1371 2171 1425 noster,
2196 1364 2287 1431 qui
2324 1363 2376 1417 in
2419 1364 2551 1434 lege,
2577 1372 2632 1419 et
2666 1363 2973 1433 Evangeliis
3003 1376 3065 1415 ac
3093 1358 3395 1430 pr0phetis,

1821 1461 1875 1523 et
1908 1453 1975 1506 ab
2003 1455 2268 1523 apostolis
2285 1456 2611 1521 celebratur,
2635 1456 2884 1509 Dominus
2950 1453 3106 1515 Deus,
3147 1469 3209 1505 ac
3234 1451 3398 1505 Pater

1830 1545 2047 1601 Domini
2081 1549 2251 1603 nostri
2295 1547 2425 1602 Jesu
2457 1547 2732 1603 Christi‘?
2761 1558 2819 1602 ut
2858 1547 3001 1602 idem
3041 1556 3225 1616 aperte
3246 1544 3399 1598 Chri-

1820 1647 1940 1693 stus
1962 1639 2015 1692 in
2050 1637 2343 1708 Evangelio
2373 1645 2606 1693 testatur
2631 1638 2718 1693 his
2744 1637 2961 1693 verbis:
2989 1633 3255 1703 Conﬁteor
3280 1636 3394 1699 tibi,

115 1695 312 1791 ριστῶ
352 1695 484 1789 σοι,
515 1695 702 1792 Πάτερ
768 1695 943 1792 Κύριε
984 1695 1257 1793 οίιρανῶκ
1293 1695 1390 1778 καί
1426 1724 1570 1795 γῆς·

1877 1738 1983 1783 ater
2026 1728 2250 1783 Domine
2275 1729 2389 1782 caeli
2416 1745 2479 1781 ac
2510 1730 2723 1791 τίνι-(ε’,
2758 1728 2959 1797 quibus
2990 1725 3204 1780 Patrem
3235 1741 3395 1780 suum

120 1815 275 1887 δείξῃ
302 1815 393 1869 τὸν
421 1815 585 1869 αὑτοῦ
616 1816 838 1887 Πατέρα
871 1815 1002 1869 Θεὸν
1034 1816 1127 1869 τὸν
1156 1817 1393 1869 πάντων.

192 1906 278 1959 Η’.
308 1907 419 1959 Καὶ
456 1907 587 1977 περὶ
616 1906 824 1977 νεκρῶν
854 1906 1205 1970 ἀναστάσεως
1247 1906 1561 1976 ὑποφαίνων
1592 1906 1711 1959 ἔσε-

122 1996 272 2059 σθαι,
319 1996 478 2051 πάλιν
527 1996 694 2068 φησί’
738 1999 978 2052 Λύσατε
1022 2000 1125 2051 τὸν
1157 1996 1307 2051 ναὸν
1340 1997 1574 2062 τοῦτον,
1612 1997 1706 2051 καὶ

118 2089 192 2143 ἐν
221 2089 421 2156 τρισὶν
453 2089 703 2158 ἡμέραις
746 2088 926 2159 ἐγερῶ
962 2088 1166 2144 αὐτόν.
1218 2088 1365 2142 Ναὸν
1394 2089 1451 2141 δὲ
1475 2090 1624 2158 ἔλεγε
1650 2089 1711 2142 τὸ

120 2180 256 2233 ἴδιον
309 2179 486 2250 σῶμα,
523 2180 778 2251 λυόμενον
840 2181 939 2250 μὲν
986 2180 1075 2234 διὰ
1128 2181 1331 2250 χειρῶν
1382 2179 1705 2251 ἀνθρώπων,

117 2272 401 2325 τουτέστιν
433 2272 907 2344 ἀποκτεινόμενον.
949 2270 1022 2323 Τὸ
1048 2271 1104 2324 δὲ
1147 2270 1222 2342 μὴ
1258 2270 1318 2323 ὃν
1362 2272 1540 2341 σῶμα,
1572 2271 1706 2325 ἀλλά

117 2363 341 2435 δοκήσει
370 2364 715 2434 φαινόμενον,
743 2363 818 2427 ὡς
847 2357 991 2417 οὗτοι
1026 2363 1187 2418 πάλιν
1213 2363 1487 2432 λέγουσιν,
1514 2364 1615 2417 οὐκ
1640 2363 1704 2417 ἂν

118 2454 352 2524 ἠδύνατο
386 2457 465 2518 είς
494 2459 679 2527 χεῖρας
720 2454 994 2527 ἔρχεσθαι,
1026 2454 1331 2527 ἐγείρεσθαί
1362 2472 1421 2508 τε
1452 2457 1515 2526 τῇ
1545 2455 1705 2528 τρίτῃ

114 2548 326 2619 ἡμέρᾳ,
364 2547 542 2610 καθὼς
580 2548 960 2617 ἐπηγγείλατο.
1003 2548 1280 2602 Δέδεικται
1303 2549 1479 2601 τοίνυν
1515 2549 1703 2617 σαφῶς

114 2639 203 2692 διὰ
236 2641 338 2709 τῆς
364 2639 621 2709 τοιαύτης
648 2640 961 2710 οἰκονομίας
990 2641 1383 2712 ἀναντίῤῥητος
1406 2643 1439 2711 ἡ
1476 2639 1585 2693 τῶν
1615 2657 1702 2693 νε-

114 2728 263 2800 κρῶν
285 2730 579 2794 ἀνάστασις
599 2745 611 2757 ⁶
649 2730 744 2783 xai.
772 2729 897 2782 οὒτε
934 2730 1090 2800 χρεία
1131 2731 1280 2783 ἐστὶν
1313 2731 1608 2800 ἀπολογίας
1633 2734 1699 2803 τῇ

111 2822 286 2892 Ψυχῇ.
343 2822 429 2875 ἵνα
468 2822 677 2894 λαλήσῃ
723 2820 858 2891 πρὸς
900 2821 1139 2892 ἑκάστην
1186 2820 1470 2885 ἐξουσίαν’
1528 2822 1700 2875 πλάτ-

110 2931 299 2966 τονται
326 2915 436 2984 γὰρ
456 2907 600 2968 οὗτοι
626 2916 719 2969 καὶ
742 2914 919 2979 τοῦτο,
947 2916 1022 2979 ὡς
1044 2916 1289 2986 εἴρηται·
1326 2912 1461 2968 ἀλλά
1486 2913 1574 2967 διά
1601 2913 1700 2979 τῆς

1817 1820 2201 1875 universorum
2235 1818 2403 1874 Deum
2427 1834 2549 1875 esse
2587 1817 2882 1889 signiﬁcat.

1889 1908 2022 1964 illll.
2072 1908 2413 1964 Mortuorum
2474 1924 2604 1964 vero
2668 1906 3130 1963 resurrectionem
3207 1912 3397 1976 aperte

1816 2001 2057 2058 futuram
2086 2003 2396 2067 denuntiat,
2439 2017 2563 2057 cum
2594 2001 2667 2055 ita
2695 2001 2978 2071 loquitur:
3011 1998 3207 2053 Solvite
3260 2007 3395 2050 tem-

1813 2095 1960 2166 plum
1994 2096 2109 2161 hoc,
2140 2103 2190 2149 et
2231 2095 2285 2147 in
2316 2094 2486 2148 tribus
2517 2092 2698 2147 diebus
2725 2092 2966 2146 excitabo
2999 2090 3133 2144 illud
3158 2092 3199 2147 ³.
3229 2090 3394 2146 Tem-

1810 2190 1960 2260 plum
1990 2187 2135 2243 enim
2175 2201 2378 2259 corpus
2434 2200 2593 2240 suum
2647 2184 2896 2247 vocabat,
2930 2182 3076 2253 quod
3105 2182 3391 2237 hominum

1812 2280 2064 2336 manibus
2097 2278 2469 2340 evertebatur,
2504 2276 2608 2330 hoc
2635 2283 2719 2330 est
2775 2273 3226 2329 interﬁciebatur.
3255 2272 3391 2327 Nam

1810 2372 1954 2443 quod
1988 2387 2177 2427 verum
2202 2352 2416 2440 corpus
2444 2384 2554 2423 non
2573 2376 2741 2432 esset,
2768 2367 2864 2422 sed
2901 2367 3085 2436 specie
3119 2367 3391 2421 duntaxat

1808 2470 2118 2535 appareret,
2155 2461 2464 2532 cujusmodi
2507 2461 2587 2515 illi
2619 2460 2791 2516 fuisse
2854 2468 3128 2523 statuunt,
3182 2472 3391 2527 nequa-
3488 2488 3491 2491 ν

1808 2570 1971 2625 quam
2000 2554 2239 2609 hostium
2256 2553 2311 2607 in
2332 2567 2527 2607 manus
2549 2551 2756 2615 venire,
2774 2558 2890 2614 aut,
2911 2557 2972 2605 ut
2993 2549 3381 2620 pollicebatur,

1806 2648 2036 2701 excitari
2067 2646 2156 2701 die
2184 2645 2346 2701 tertia
2386 2644 2676 2716 potuisset.
2726 2643 2854 2698 llaec
2880 2643 3050 2713 igitur
3076 2641 3174 2698 Dei
3204 2640 3386 2705 admi-
3462 2632 3465 2635 ’

1803 2737 2061 2794 nistratio
2091 2736 2381 2806 perspicue
2413 2735 2942 2800 declarat,mortuos
2965 2732 3034 2788 ad
3066 2732 3233 2787 vitam
3262 2731 3382 2786 sine

1804 2831 1912 2884 ulla
1974 2810 2357 2884 controversia
2391 2826 2648 2893 restitui;
2679 2840 2781 2881 nec
2821 2825 3018 2879 animat
3062 2823 3387 2895 purgatione

1804 2920 1915 2973 ulla
1943 2934 2083 2989 opus
2110 2934 2253 2983 esse,
2279 2925 2375 2972 aut
2396 2917 2538 2988 apud
2557 2917 2803 2987 singulas
2830 2922 3128 2986 potestates
3157 2928 3384 2968 causam

109 3003 207 3057 τοῦ
244 3004 450 3076 Κυρίου
491 3005 808 3077 εὐεργεσίας
848 3008 946 3076 τῆς
986 3004 1074 3058 διά
1108 3006 1216 3057 τῶν
1246 3004 1442 3073 ἔργων,
1478 3005 1573 3057 καὶ
1600 3006 1666 3075 τῆ

1877 3012 2064 3066 isuam
2109 3025 2232 3065 esse
2260 3009 2656 3080 perorandam:
2708 3006 2854 3077 quod
2910 3006 3024 3071 isti,
3057 3005 3137 3059 uti
3171 3004 3382 3059 dictum

110 3096 353 3159 πίστεως
376 3097 792 3167 συνισταμένης,
817 3098 892 3159 ὡς
919 3096 1067 3165 λέγει
1091 3098 1119 3150 6
1142 3096 1445 3165 ἁγιώτατος
1468 3095 1696 3160 Παῦλος,

109 3189 346 3260 γράφων
371 3188 618 3258 Τιμοθέῳ
650 3188 737 3241 διὰ
768 3187 969 3241 τούτων
1000 3188 1108 3241 τῶν
1149 3188 1322 3257 λόγων
1347 3204 1359 3216 ·
1395 3188 1586 3252 Ὅπως
1613 3205 1700 3257 γι-

106 3278 376 3345 ⁴ινηώσθιοις
396 3279 521 3346 πῶς
540 3279 632 3333 δεῖ
652 3281 721 3334 ἐν
745 3280 889 3347 οἴκῳ
914 3280 1136 3348 Κυρίου
1166 3278 1531 3348 περιπατεῖν,
1566 3278 1698 3348 ἥτις

104 3373 286 3426 ἐστὶν
337 3374 658 3441 Ἐκκλησία
710 3373 859 3428 Θεοῦ
906 3374 1010 3427 τοῦ
1047 3373 1285 3439 ζῶντος,
1332 3374 1559 3438 στύλος
1598 3372 1697 3425 καὶ

104 3467 410 3535 ἑδραίωμα
450 3465 562 3534 τῆς
601 3466 917 3533 ἀληθείας·
957 3464 1036 3533 ἣν
1070 3469 1124 3519 οἱ
1158 3465 1374 3519 πολλοὶ
1418 3465 1693 3534 ἀφέντες,

107 3561 200 3625 εις
231 3559 498 3628 μύθους,
546 3557 643 3611 καὶ
692 3558 1063 3628 μωρολογίας
1111 3556 1560 3625 ἐξετράπησαν,
1609 3557 1694 3626 μὴ

106 3650 401 3714 νοοῦντες
427 3648 580 3717 μήτε
606 3648 643 3702 ἂ
672 3642 957 3718 λέγουσι,
967 3647 1118 3717 μήτε
1140 3649 1271 3716 περὶ
1307 3653 1485 3701 τίνων
1502 3647 1694 3702 διαϐε-

108 3739 452 3793 ϐαιοῦνται*
513 3733 599 3792 ὧν
646 3740 777 3792 ἐστι
817 3740 1122 3808 Φύγελλος
1161 3740 1258 3793 καὶ
1314 3738 1692 3809 Ἑρμογένης.

119 3831 283 3883 ’Λλλά
305 3832 401 3884 καὶ
429 3832 487 3882 ὲν
532 3832 597 3901 τῇ
643 3830 870 3902 δευτέρᾳ
917 3831 1223 3901 Ἐπιστολῇ,
1275 3830 1560 3902 Ὑμέναιον
1601 3832 1695 3885 καὶ¹

104 3923 335 3993 Φιλητὸν
361 3923 488 3995 περὶ
514 3922 610 3994 τὴν
633 3922 890 3994 ἀλήθειαν
912 3922 1271 3994 ἠστοχηκέναι
1291 3923 1438 3992 λέγει
1460 3942 1472 3954 ·
1499 3925 1693 3988 οἵτινες

105 4017 205 4070 καὶ
226 4016 382 4068 αὐτοὶ
403 4018 467 4087 τῇ
502 4017 710 4085 αἱρέσει
736 4015 1185 4085 ἐξηκολούθησαν,
1209 4015 1363 4069 ἄλλον
1393 4016 1525 4070 Θεὸν
1559 4035 1693 4071 κατ-

105 4107 468 4177 αγγέλλοντες
508 4108 600 4160 καὶ
624 4098 974 4175 γενεαλογίας
1010 4108 1369 4176 ἀπεράντους,
1414 4108 1508 4161 καὶ
1552 4108 1690 4162 πλά-

106 4217 207 4269 νην
247 4199 661 4270 ἔπιε-πείροντες
702 4201 815 4261 τοῖς
853 4198 1180 4270 ἀνθρώποις,
1211 4201 1304 4252 καὶ
1333 4199 1582 4267 λέγοντες
1616 4202 1690 4272 μὴ

106 4292 172 4343 ἐκ
204 4289 342 4342 Θεοῦ
374 4290 701 4358 γεγενῆσθαι
723 4290 813 4343 τὸν
835 4290 1057 4361 κόσμον,
1089 4290 1225 4344 ἀλλά
1252 4291 1357 4343 ὑπὸ
1382 4291 1566 4363 ἀρχῶν
1596 4294 1689 4346 καὶ

105 4382 390 4448 ἐξουσιῶν.
434 4381 543 4453 Τὴν
569 4382 625 4434 δὲ
651 4382 945 4435 ἀνάστασιν
972 4383 1071 4453 ἤδη
1106 4382 1432 4453 γεγενῆσθαι
1471 4384 1559 4438 διὰ
1580 4385 1689 4439 τῶν

104 4474 417 4545 γενομένων
440 4473 643 4526 τέκνων
674 4473 778 4526 ὑπὸ
807 4473 1037 4527 ἑκάστου
1068 4474 1177 4527 τῶν
1207 4473 1537 4542 γεννώντων.
1578 4476 1687 4547 Τὴν

104 4565 165 4618 δὲ
193 4564 307 4619 τῶν
332 4564 540 4635 νεκρῶν
571 4565 632 4618 οὐ
655 4565 902 4634 λέγουσιν
931 4564 1168 4618 ἔσεσθαι.
1201 4566 1309 4618 Καὶ
1339 4567 1519 4637 ὁρᾶτε,
1539 4568 1690 4621 ἀδελ-

105 4656 220 4725 φοῒ,
268 4654 362 4709 τὸν
395 4656 717 4729 χαρακτῆρα
759 4656 856 4726 τῆς
891 4655 1166 4726 ἀληθείας,
1207 4659 1299 4710 καὶ
1347 4658 1436 4711 τὸν
1471 4659 1688 4729 ἔλεγχον

104 4748 206 4817 τῆς
227 4746 434 4800 τούτων
461 4749 824 4819 παρανομίας.

1807 3108 1914 3166 εει,
1947 3111 2149 3156 temere
2173 3100 2511 3170 praedicant;
2547 3100 2642 3155 scd
2676 3113 2787 3153 uno
2813 3097 2905 3151 Dei
2940 3096 3207 3152 beneﬁcio
3239 3096 3384 3150 dun-

1804 3192 2239 3262 taxatindigere,
2259 3207 2367 3261 quo
2393 3205 2517 3247 cum
2553 3190 2657 3244 ﬁde
2682 3200 2828 3244 recte
2864 3186 3007 3242 facta
3043 3187 3378 3257 conjungat:

1804 3294 1863 3339 ιιι
1886 3285 1953 3339 ad
1979 3283 2327 3339 Timotheum
2378 3283 2627 3338 scribens
2670 3282 2966 3351 Apostolus
3007 3281 3157 3336 hisce
3195 3279 3383 3337 verbis

1803 3383 2036 3432 testatur
2062 3395 2075 3430 :
2104 3373 2173 3428 Ut
2195 3375 2334 3430 scias
2367 3374 2630 3446 quomodo
2669 3381 2715 3427 te
2741 3380 2981 3441 oporteat
3014 3373 3067 3424 in
3098 3370 3256 3424 domo
3281 3370 3381 3425 Dei

1801 3467 2097 3531 ambulare,
2146 3483 2263 3536 qua:
2316 3476 2392 3520 est
2438 3465 2682 3521 Ecclesia
2736 3464 2833 3519 Dei
2887 3465 3007 3527 rivi,
3049 3463 3295 3517 columna
3327 3471 3381 3516 et

1802 3560 2196 3627 ﬁrmamentum
2225 3556 2518 3610 veritatis“:
2543 3572 2702 3627 quam
2734 3554 2887 3608 multi
2921 3553 3290 3629 relinquentes,
3313 3553 3381 3606 ad

1798 3650 2012 3720 fabulas
2033 3659 2082 3704 et
2110 3651 2335 3719 ineptias
2358 3647 2715 3702 diverterunt"
2746 3666 2758 3701 :
2789 3663 2893 3701 non
2914 3645 3262 3716 intelligentes
3287 3660 3379 3698 nec

1796 3759 1914 3813 qua:
1946 3741 2149 3806 dicunt,
2179 3757 2271 3795 nec
2302 3739 2366 3794 de
2398 3740 2588 3811 quibus
2609 3736 2946 3808 afﬁrmant“;
2979 3750 3045 3790 ex
3071 3736 3261 3807 quibus
3298 3746 3378 3789 est

1800 3834 2087 3906 Pltygellus
2111 3843 2161 3890 et
2195 3831 2609 3903 Hermogenes".
2644 3829 2753 3885 Sed
2783 3836 2839 3885 et
2875 3829 2931 3883 in
2970 3828 3213 3887 secunda
3254 3827 3380 3898 Epi-

1799 3928 1938 3983 stola
1974 3926 2325 3998 Hymenaeum
2368 3940 2433 3980 ac
2477 3922 2749 3979 Pbiletum
2781 3922 3057 3979 excidisse
3081 3936 3112 3975 a
3142 3920 3377 3976 veritate

1802 4017 2065 4073 scribit“:
2112 4017 2201 4086 qui
2256 4015 2477 4085 quidem
2509 4023 2563 4069 et
2596 4013 2701 4084 ipsi
2756 4012 2814 4067 in
2856 4011 3093 4068 lueresin
3128 4009 3373 4082 prolapsi

1796 4120 1960 4177 sunt;
1995 4111 2159 4164 alium
2193 4108 2359 4178 299
2410 4107 2773 4177 prardicantes
2807 4103 2999 4170 Deum,
3033 4116 3099 4157 ac
3126 4100 3375 4172 genealo-

1795 4204 1916 4273 gias
1965 4199 2453 4263 iuterminabiles’,
2509 4212 2862 4266 erroremque
2916 4195 3060 4250 inter
3123 4192 3373 4249 homines

1794 4296 2217 4354 disseminantes
2247 4307 2371 4347 cum
2395 4306 2427 4345 a
2454 4289 2563 4345 Deo
2598 4295 2859 4361 negarent
2893 4287 3220 4342 fabricatum
3250 4298 3373 4339 esse

1796 4387 2083 4450 mundum,
2115 4384 2209 4440 sed
2240 4397 2271 4435 a
2297 4379 2691 4452 principatibus
2714 4394 2778 4432 ac
2794 4376 3156 4448 potestatibus
3181 4374 3374 4428 condi-

1796 4487 1913 4533 tum
1945 4481 2272 4531 assererem.
2311 4470 2793 4525 Resurrectionem
2842 4467 3064 4552 demum
3099 4464 3372 4519 accidisse

1792 4570 1906 4641 jam
1932 4568 2199 4629 dicerent,
2236 4563 2345 4617 illis
2395 4560 2531 4630 ipsis
2583 4557 2953 4630 producendis
2996 4555 3203 4620 liberis,
3230 4567 3369 4622 quos

1797 4668 2090 4734 parentum
2128 4656 2362 4727 quisque
2391 4653 2703 4725 genuisset;
2732 4651 2862 4720 {nec
2921 4647 3085 4702 aliam
3120 4653 3369 4701 mortuo-

1799 4771 1919 4812 rum
1948 4746 2376 4821 exspectandam
2401 4759 2525 4801 esse
2556 4735 3159 4799 resurrectionem.Vos
3185 4746 3367 4790 autem

107 4857 319 4912 (103350:
354 4841 574 4907 fratres:
606 4842 1044 4911 animadvertite,
1091 4844 1401 4914 cuiusmodi
1456 4851 1680 4921 propria
1708 4854 1781 4912 sit
1805 4847 2060 4909 veritatis
2119 4853 2271 4908 nota,
2322 4850 2376 4897 et
2405 4840 2473 4894 ad
2510 4839 2730 4895 illorum
2775 4831 3210 4904 cquvihcendam
3262 4830 3366 4884 ini-

74 4980 79 4983 ι
109 4934 439 5005 probitatem
462 4943 610 4989 certa
640 4936 799 4991 ratio.

188 5053 594 5125 Ὑπολαμϐάνω
612 5055 668 5110 δὲ
691 5056 786 5110 καὶ
811 5057 940 5127 περὶ
965 5056 1167 5112 τούτων
1192 5060 1392 5125 ἱκανῶς
1418 5064 1687 5136 εἰρῆσθαι.

108 5143 274 5196 Ὅθεν
306 5142 512 5214 ταύτην
549 5145 892 5215 παραλιπὼν,
925 5148 1018 5201 ἐπὶ
1048 5151 1146 5213 τὰς
1175 5150 1301 5219 ἑξῆς
1338 5153 1437 5222 τὴν
1469 5156 1693 5225 πορείαν

108 5238 432 5306 ποιήσομαι,
454 5237 630 5289 ὲκεῖνο
653 5238 813 5308 μόνον
833 5238 1024 5303 εἰπὼν,
1050 5241 1124 5305 ὡς
1145 5242 1285 5295 πάνυ
1311 5243 1558 5310 φαίνεται
1589 5247 1692 5299 ἐοι-

108 5329 233 5379 κυῖα
270 5326 411 5396 αὕτη
434 5326 522 5380 διὰ
543 5329 642 5399 τῆς
665 5329 909 5383 πολυωνύ
919 5348 1019 5401 μου
1045 5332 1370 5404 ἀρχοντικῆς
1398 5334 1692 5404 ὀνομασίας

108 5422 167 5489 τῇ
231 5418 555 5491 πολυπλόκῳ
599 5422 878 5495 ἐρπετὼδῃ
934 5424 1243 5495 κοκοηΟείᾳ.
1313 5425 1523 5494 Τρόπον
1584 5426 1690 5496 γάρ

1865 5057 2135 5130 Equidem
2171 5054 2306 5109 satis
2329 5065 2607 5122 superque
2656 5047 2918 5102 adversus
2964 5043 3089 5098 illos
3116 5041 3365 5111 disputa-

1790 5160 1905 5206 tum
1949 5167 1979 5203 ιι
2038 5163 2125 5202 me
2151 5161 2273 5202 esse
2295 5144 2503 5215 judico.
2536 5141 2716 5208 Quare
2746 5140 2849 5193 hac
2879 5139 3083 5194 omissa
3127 5137 3368 5205 reliquas

1792 5255 2113 5314 persequar,
2142 5246 2198 5294 et
2237 5237 2292 5292 id
2317 5251 2487 5291 unum
2509 5242 2768 5297 attexam,
2795 5231 2944 5286 illam
2977 5230 3109 5285 mihi
3136 5229 3368 5284 haeresin

1789 5335 1862 5389 ob
1898 5330 2253 5400 multiplicem
2282 5326 2731 5382 archonticorum
2755 5322 3173 5394 appellationem
3202 5319 3367 5373 varia:

1791 5440 1856 5481 ac
1891 5423 2160 5495 perplexa:
2200 5428 2513 5492 serpentum
2568 5415 2906 5489 improbitati
2953 5429 3115 5499 quam
3156 5411 3370 5468 similli-

182 5576 425 5652 ’_l_i_Cor.
456 5594 494 5642 ι,
525 5580 576 5652 5.
655 5581 676 5652 7
706 5579 892 5652 Matth.
928 5597 1003 5643 xi,
1032 5582 1118 5635 25.
1191 5535 1390 5652 a-J_oa_n.
1425 5597 1505 5645 ιιι,
1540 5586 1624 5639 t9.

1882 5600 1951 5639 ιιι.
1984 5600 2064 5652 ιιι,
2095 5582 2181 5638 15.
2276 5585 2297 5617 ⁸
2335 5577 2377 5635 ll
2442 5577 2581 5633 'ltm.
2637 5593 2712 5643 ιν,
2762 5577 2814 5631 4.
2923 5575 2985 5627 ⁶Ι
3020 5571 3162 5627 Tim.
3221 5586 3261 5636 ι,
3310 5569 3363 5622 7.

113 5650 130 5683 '
161 5648 209 5707 ιι
238 5646 383 5703 Tim.
423 5665 462 5712 ι,
495 5651 579 5704 t5.
655 5651 675 5682 ⁸
706 5649 747 5704 ll
775 5649 913 5706 Tim.
942 5668 1000 5717 ιι,
1038 5652 1121 5705 l7.
1198 5654 1217 5684 °
1252 5650 1271 5703 ι
1305 5649 1447 5706 Tim.
1482 5668 1520 5717 ι,
1550 5656 1601 5708 4.
