3768 6182
409 250 500 302 691

1805 258 1859 314 S.
1906 259 2269 323 EPH’HANII.

3562 252 3660 307 69'!

409 382 547 422 mam
574 368 768 424 videri.
815 368 1010 425 Nescio
1045 371 1186 425 cnim
1244 387 1353 442 quo
1382 384 1543 442 pacto
1587 377 1666 430 sic
1711 386 1970 447 tanquam

2122 403 2204 436 ινα
2235 387 2297 436 ὲκ
2330 383 2537 436 πολλῶν
2574 382 2817 454 ἑρπετῶν
2852 380 3052 450 ἀναμὶξ
3088 379 3186 449 τῆς
3215 375 3430 431 ἑαυτῶν
3461 373 3660 441 πλάνης

409 459 596 515 multis
625 477 691 515 ex
719 463 990 532 anguibus
1005 461 1325 519 confusisin
1353 483 1519 520 unum
1547 483 1609 522 ac
1627 470 1976 538 promiscuis,

323 605 328 609 _
411 551 651 619 pestiferi
693 553 841 609 illius
875 555 1082 610 erroris
1115 571 1321 611 venena
1361 560 1597 614 conﬂata
1635 570 1785 615 sunt.
1823 561 1892 614 Ut
1923 562 1976 615 in

409 643 518 698 illis
547 645 744 713 partim
774 646 1031 702 draconis
1080 649 1211 703 insit
1258 650 1512 712 audacia,
1547 653 1743 720 partim
1769 654 1978 724 physali

417 735 701 798 calliditas,
736 737 931 804 partim
974 738 1204 807 spiritus
1231 755 1350 807 quae
1390 749 1473 794 est
1503 741 1555 794 in
1604 742 1814 796 bmtone
1845 761 1979 813 sup-

413 825 642 894 pressio,
680 827 874 894 partim
909 830 1137 882 acontiae
1187 830 1424 899 agilitas,
1461 831 1655 901 partim
1705 836 1980 890 ostracitac

411 930 580 984 prona
612 916 915 972 Iubricitas.
959 917 1205 984 Quorum
1238 922 1481 974 omnium
1515 923 1652 977 eliso
1678 925 1876 993 capite,
1917 943 1982 979 ac

413 1003 660 1059 veritatis
703 1003 950 1058 doctrina
997 1007 1260 1072 contrito,
1308 1010 1370 1063 ad
1433 1011 1676 1080 reliquas
1719 1016 1975 1069 transibi-

321 1118 328 1124 -
414 1108 555 1157 mus,
581 1107 644 1146 ac
668 1094 1004 1162 singularum
1044 1097 1335 1152 falsitatem
1372 1115 1597 1169 arguere
1635 1099 1749 1157 Deo
1795 1103 1982 1173 opitu-

414 1185 554 1239 lante
577 1185 918 1240 conabimur.
1117 1231 1125 1239 .

746 1294 1117 1352 ADVERSUS
1139 1297 1647 1368 CERDONIANOS,

701 1409 831 1474 Qua:
874 1420 952 1464 est
983 1411 1193 1465 Itwresis
1242 1412 1380 1466 XXI
1425 1417 1500 1468 vel
1551 1415 1700 1469 XLI.

482 1520 520 1572 Ι.
559 1518 692 1574 Tam
730 1521 815 1576 his
845 1537 1008 1590 quam
1042 1521 1366 1583 lleracleoni
1398 1527 1618 1595 quidam
1649 1528 1826 1583 Cerdo
1855 1543 1984 1585 suc-

411 1613 597 1674 cessit,
635 1613 705 1666 ab
733 1614 920 1668 eadem
948 1616 1139 1670 schola
1170 1617 1473 1686 profectus,
1507 1629 1562 1674 et
1609 1636 1638 1673 a
1675 1621 1895 1676 Simone
1921 1636 1986 1676 ac

2089 473 2404 542 συνηγμένη
2451 473 2597 525 ἐστὶν
2632 475 2665 542 ἡ
2712 471 2950 525 ίοὸολία-
2998 464 3108 522 οἷον
3157 468 3219 519 τὸ
3263 466 3449 536 θρασὺ
3478 467 3662 532 ἔχουςα

2081 565 2174 617 τοῦ
2201 564 2512 634 δράκοντος,
2534 565 2599 616 τὸ
2619 563 2835 635 δολερὸν
2865 561 2959 616 τοῦ
2980 561 3240 632 φυσάλου,
3271 560 3376 628 τὴν
3411 556 3661 608 avsa.»—

2086 674 2167 710 σιν
2200 658 2297 727 τῆς
2329 657 2496 727 πνοῆς
2524 655 2617 708 τοῦ
2647 655 2922 725 βαίτωνος,
2948 654 3008 706 τὸ
3037 651 3238 722 γαῦρον
3259 650 3360 702 τοῦ
3394 650 3661 708 ἀκοντίου,

2081 749 2141 801 τδ
2182 750 2449 819 προπετὲς
2477 748 2572 802 τοῦ
2613 748 2955 819 όστρακίτου.
3009 745 3220 798 Τούτων
3240 743 3300 795 δὲ
3326 742 3554 794 πάντων
3579 741 3661 808 τὴν

2085 840 2327 909 κεφαλὴν
2362 842 2843 909 καταπατήσαντες
2871 841 2938 907 τῇ
2963 837 3060 907 τῆς
3093 834 3354 906 ἀληθείας
3391 830 3659 889 ὑποθέσει,

2084 930 2177 982 ἐπὶ
2200 931 2302 992 τὰς
2346 930 2536 993 λοιπὰς
2573 929 2891 999 διέλθωμεν,
2931 927 3271 996 ἐπιπόθητοι,
3296 924 3400 976 ττιν
3438 924 3660 988 ἑκάστης

2087 1021 2292 1092 πλάνην
2317 1021 2661 1090 ἀποκαλύψαι
2691 1022 2749 1073 ὲν
2777 1020 2896 1090 Θεῷ
2924 1017 3272 1090 πειρώμενοι.

2505 1303 2692 1354 ΚΑΤΑ
2738 1301 3238 1366 ΚΕΡΔΩΝΙΑΝΩΝ,

2167 1413 2431 1482 Εἰκοστὴ
2457 1413 2655 1482 πρώτη
2681 1414 2718 1480 ἡ
2750 1414 2844 1466 καὶ
2874 1412 3341 1481 τεσσαρακοστὴ
3369 1412 3574 1477 πρώτη

2156 1531 2234 1584 Α’.
2277 1529 2497 1600 Κέρδων
2519 1547 2603 1591 τις
2631 1529 2853 1592 τούτους
2886 1530 2975 1580 καὶ
3005 1528 3096 1580 τὸν
3121 1525 3492 1597 Ἡρακλέωνα
3516 1525 3666 1578 διαδέ-

2087 1621 2264 1691 χεται,
2296 1623 2361 1674 ὲκ
2391 1624 2489 1691 τῆς
2517 1619 2691 1673 αὐτῶν
2732 1619 2923 1690 σχολῆς
2951 1617 3045 1683 ὢν,
3073 1618 3180 1672 ἀπὺ
3210 1617 3471 1688 Σίμωνός
3497 1633 3556 1667 τε
3585 1616 3663 1668 καὶ

411 1699 689 1756 Saturnilo
741 1704 945 1758 erroris
998 1714 1195 1760 nactus
1225 1707 1403 1762 initia.
1469 1707 1571 1775 Qui
1598 1724 1722 1765 cum
1760 1727 1790 1765 e
1824 1708 1979 1781 Syria

2117 1712 2402 1784 Ξατορνίλου
2430 1710 2610 1764 λαϐὼν
2637 1710 2733 1773 τὰς
2760 1709 3080 1780 προφάσεις.
3114 1704 3283 1772 Οὗτος
3328 1709 3664 1777 μετανάστης

413 1793 639 1847 ltomam
671 1797 1056 1870 peregrinandi
1108 1811 1276 1852 causa
1310 1800 1477 1854 miser
1509 1802 1858 1868 accessisset,
1898 1803 1982 1856 sui

411 1883 562 1952 juxta
617 1901 682 1940 ac
722 1896 1051 1942 sectatorum
1123 1905 1350 1944 suorum
1416 1891 1568 1947 labes
1618 1893 1865 1961 qumdam
1921 1908 1986 1947 ac

413 1977 684 2045 pernicies
732 1977 854 2034 fuit.
908 1979 1217 2034 Miserrima
1271 1983 1474 2051 quippe
1521 1991 1651 2036 tunc
1684 1990 1768 2037 est
1807 1983 1987 2036 homi—

413 2081 542 2119 num
576 2075 793 2130 natura,
827 2084 951 2123 cum
981 2067 1074 2123 Dei
1115 2069 1257 2123 viam
1291 2071 1629 2139 relinquens,
1671 2080 1724 2126 et
1747 2087 1775 2124 a
1801 2071 1987 2126 divina

413 2172 473 2211 se
503 2157 794 2212 vocatione
840 2173 1156 2229 segregans,
1193 2159 1412 2228 longius
1472 2162 1718 2216 aberrat.
1772 2161 1986 2227 Quibus

415 2246 547 2300 illud
568 2247 635 2303 de
664 2236 828 2304 canis.
849 2248 1031 2303 fabula
1061 2250 1348 2320 contingit,
1383 2251 1475 2320 qui
1513 2252 1564 2333 ip
1602 2253 1722 2321 ejus
1757 2253 1902 2322 quod
1933 2254 1984 2307 in

415 2355 507 2393 ore
541 2339 786 2410 gestabat
815 2341 1062 2394 umbram
1102 2341 1369 2405 intentus,
1396 2352 1449 2398 et
1486 2344 1540 2396 in
1571 2359 1767 2413 aquam
1797 2344 1986 2416 despi-

414 2429 587 2492 ciens,
630 2428 759 2483 dum
805 2430 996 2485 eodem
1048 2429 1177 2485 cibd
1224 2447 1384 2501 quem
1449 2433 1730 2488 mordicus
1781 2433 1988 2489 ferebat

415 2517 678 2587 majorem
727 2521 977 2575 umbram
1012 2517 1134 2576 eSse
1168 2523 1500 2592 suspicatur,
1555 2523 1778 2578 diducto
1835 2525 1982 2578 rictu

413 2609 566 2663 illum
607 2609 786 2681 ipsum
812 2613 903 2682 qui
925 2627 1087 2669 verus
1117 2622 1236 2669 erat
1260 2614 1514 2684 perdidit.
1539 2614 1630 2670 Sic
1662 2617 1741 2671 illi
1773 2625 1988 2686 reperta

413 2699 520 2760 via,
564 2699 693 2754 dum
735 2701 853 2770 ejus
903 2703 1144 2768 umbrae,
1190 2719 1354 2773 quam
1402 2705 1460 2758 in
1527 2704 1666 2759 falsa
1731 2705 1988 2774 opinione

413 2788 808 2846 circumferunt
842 2800 1122 2860 compotes
1180 2791 1294 2847 ﬁeri
1368 2793 1622 2860 student,
1672 2808 1784 2849 non
1827 2795 1991 2850 modo

414 2879 680 2954 divinitus
710 2897 1039 2938 concessum
1095 2884 1252 2948 illud,
1293 2885 1438 2954 quod
1478 2885 1642 2955 300
1685 2901 1798 2952 ore,
1825 2897 1887 2941 ut
1916 2887 1987 2941 ita

414 2970 666 3037 dixerim,
693 2971 895 3038 ferunt,
926 2974 1244 3029 alimentum
1277 2976 1602 3041 amiserunt,
1633 2977 1730 3032 sed
1760 2977 1988 3048 insuper

416 3062 643 3116 exitium
673 3061 778 3117 sibi
821 3062 1306 3132 ipsis'attulerunt.
1915 3065 1917 3067 ’

491 3149 666 3222 Igitur
690 3151 871 3206 Cerdo
898 3151 1094 3224 Hygini
1129 3169 1282 3224 papa:
1302 3156 1638 3225 temporibus
1663 3155 1782 3222 fuit,
1805 3159 1898 3229 qui
1934 3159 1988 3214 in

417 3244 791 3314 apostolorum
816 3242 1030 3310 Jacobi,
1055 3256 1108 3300 ct
1143 3245 1292 3300 Petri
1340 3245 1604 3317 Paulique
1638 3250 1992 3303 successione

417 3348 625 3389 nonum
676 3335 856 3389 locum
885 3336 1120 3391 tenebat.
1164 3336 1336 3407 Cujus
1373 3337 1569 3408 dogma
1596 3353 1723 3394 cum
1751 3339 1993 3409 reliquo-

421 3436 566 3490 rum,
593 3439 734 3493 quos
761 3427 1223 3491 enumeravimus,
1257 3426 1640 3482 haereticorum
1667 3430 1828 3498 nugis
1866 3443 1993 3483 con-

398 3515 665 3579 ,sentiens
689 3517 816 3572 licet
861 3515 1004 3570 idem
1049 3533 1174 3573 esse
1204 3517 1477 3584 videatur,
1514 3519 1770 3573 nonnihil
1809 3528 1992 3574 tamen

420 3611 716 3680 discrepat,
741 3617 796 3666 et
830 3618 913 3666 est
946 3609 1285 3681 hujusmodi.

492 3787 610 3843 Duo
640 3786 865 3858 perinde
897 3795 1062 3858 atque
1091 3788 1183 3856 alii
1217 3787 1486 3859 principia
1518 3791 1730 3854 statuit,
1773 3805 1839 3844 ac
1864 3788 1996 3844 deos

421 3877 673 3934 videlicet
711 3878 850 3933 duos
888 3897 901 3933 :
932 3879 1132 3934 bonum
1175 3879 1431 3943 alterum,
1462 3887 1515 3933 et
1545 3882 1789 3950 ignotum
1819 3879 1997 3932 omni-

423 3970 548 4031 bus,
589 3983 752 4040 quem
793 3976 849 4024 et
901 3967 1120 4023 Patrem
1172 3967 1303 4023 Jesu
1365 3970 1724 4036 nominavit;.
1759 3971 1994 4024 alterum

423 4070 752 4126 creatorem,
779 4061 986 4114 malum
1024 4069 1078 4115 et
1099 4060 1411 4129 cognitum:
1443 4061 1536 4131 qui
1569 4069 1624 4116 et
1663 4061 1720 4114 in
1761 4061 1878 4131 lege
1910 4061 1992 4114 lo-

421 4162 603 4215 cutus,
629 4160 682 4206 et
705 4152 983 4222 prophetis
1012 4153 1288 4222 apparuit,
1311 4167 1376 4206 ac
1401 4167 1461 4206 se
1494 4151 1792 4207 videndum
1820 4167 1996 4223 saepe-

421 4256 653 4298 numero
685 4242 940 4312 prtebuit.
971 4240 1252 4297 Christum
1281 4253 1440 4314 negat
1465 4258 1496 4297 a
1525 4242 1695 4301 Maria
1731 4245 1997 4314 genitum,

2085 1804 2293 1872 γίνεται
2314 1804 2421 1857 ἀπὸ
2443 1804 2539 1874 τῆς
2557 1803 2772 1874 Συρίας,
2795 1803 2888 1854 καὶ
2905 1804 2995 1855 ἐπὶ
3010 1801 3107 1872 τὴν
3123 1801 3350 1870 Ῥώμην
3368 1799 3570 1863 ἐλθὼν,
3589 1800 3666 1851 λυ-

2089 1895 2232 1965 μεών
2253 1913 2333 1958 τις
2350 1895 2591 1966 πέφηνεν
2627 1894 2802 1964 ἐαυτῷ
2826 1912 2885 1947 τε
2904 1895 2996 1948 καὶ
3018 1897 3130 1956 τοῖς
3152 1893 3305 1963 αὐτῷ
3328 1892 3668 1957 πειθομένοις

2085 1986 2112 2037 ὁ
2125 1985 2499 2047 έλεεινότατος.
2518 1983 2750 2055 Ἐλεεινὴ
2763 1985 2831 2052 γά
2841 2001 2869 2055 ρ
2881 1987 2913 2053 ἡ
2931 1984 3087 2051 φύσις
3097 1982 3204 2034 τῶν
3217 1983 3318 2034 ἀνθ
3329 1980 3669 2052 ρώπωνβτιιν

2087 2075 2459 2144 καταλείψασα
2485 2075 2584 2146 τὴν
2604 2074 2695 2127 τοῦ
2711 2074 2842 2127 Θεοῦ
2869 2075 2983 2128 ὁδὸν
3003 2074 3291 2134 πλανᾶται,
3317 2074 3422 2124 καὶ
3453 2071 3564 2124 ἀπὸ
3586 2072 3641 2138 τῆ
3645 2089 3670 2132 ς

2086 2166 2179 2219 τοῦ
2216 2167 2349 2219 Θεοῦ
2373 2166 2617 2236 κλήσεως
2641 2165 2836 2237 ἑαυτὴν
2859 2165 3181 2237 ἁφορίσασα.
3216 2163 3559 2233 Συμὸέῦηκε
3578 2164 3672 2231 γὰρ

2086 2260 2196 2321 τοῖς
2221 2256 2480 2320 τοιούτοις
2497 2257 2608 2326 (58)
2646 2259 2678 2326 ή
2707 2256 2800 2309 τοῦ
2824 2255 2984 2318 κυνὸς
3014 2255 3306 2325 παροιμία,
3357 2253 3420 2316 ὃς
3454 2256 3524 2322 τῇ
3561 2255 3670 2321 σκιᾷ

2089 2349 2377 2420 προσέχων
2405 2341 2465 2400 οὗ
2496 2350 2743 2417 κατεῖχεν
2786 2349 2844 2399 ὲν
2879 2347 2953 2418 τῷ
2985 2346 3228 2416 στόματι,
3271 2344 3578 2413 ἐμϐλέπων
3601 2345 3671 2405 εἰς

2089 2440 2256 2512 ὕδωρ,
2290 2442 2382 2494 καὶ
2412 2439 2640 2509 νομίσας
2676 2437 2752 2508 τῷ
2781 2438 2930 2490 ῦδατι
2964 2436 3126 2515 σκιὰν.
3152 2435 3382 2506 μείζονα
3417 2431 3671 2502 εἷναιτῆς

2090 2529 2147 2581 ὲν
2172 2527 2250 2598 τῷ
2275 2527 2500 2598 στόματι
2543 2525 2706 2579 αὑτοῦ
2741 2525 2965 2594 ἐδωδῆς,
3012 2523 3228 2587 ἀνοίξας
3256 2524 3321 2575 τὸ
3353 2523 3558 2591 στόμα,
3589 2523 3673 2574 καὶ

2088 2619 2186 2689 τὴν
2223 2615 2385 2672 οὖσαν
2429 2616 2730 2670 ἀπώλεσεν.
2788 2616 2943 2669 υῦτω
2975 2616 3070 2670 καὶ
3096 2610 3264 2675 οὗτοι,
3303 2614 3410 2686 τὴν
3441 2615 3565 2666 ὁδὸν
3591 2615 3672 2666 εύ-

2095 2705 2296 2778 ρόντες,
2318 2705 2410 2759 καὶ
2443 2703 2751 2775 βουλόμενοι
2785 2703 2941 2764 σκιᾶς
2969 2699 3356 2773 περιγενέσθαι
3390 2699 3501 2768 τῆς
3533 2701 3588 2751 ὲν
3614 2701 3670 2767 ἠ

2095 2796 2316 2866 ὑπονοίᾳ
2346 2795 2524 2849 αὐτῶν
2553 2795 2870 2864 γενομένης,
2903 2792 3001 2862 τὴν
3042 2788 3205 2844 οὖσαν
3234 2793 3292 2843 ὲν
3333 2789 3416 2860 τῷ
3455 2789 3673 2858 στόματι

2093 2881 2293 2945 αὐτῶν,
2327 2882 2403 2944 ὼς
2441 2883 2634 2946 εἰπεῖν,
2669 2882 2732 2932 ἐκ
2765 2879 2899 2932 Θεοῦ
2935 2879 3139 2949 τροφὴν
3171 2879 3597 2948 κεχαρισμένην
3620 2878 3674 2929 οὐ

2095 2970 2256 3041 μόνον
2283 2970 2590 3036 ἀπώλεσαν,
2624 2968 2759 3022 ἀλλὰ
2794 2970 2888 3021 καὶ
2929 2966 3148 3039 ὄλεθρον
3177 2968 3400 3030 ἑαυτοῖς
3441 2967 3674 3019 ὲπεσπά·

2015 3043 2058 3100 c‘
2093 3077 2274 3114 σαντο.

2162 3147 2329 3214 Οὗτος
2355 3150 2530 3205 τοίνυν
2565 3151 2594 3203 ό
2619 3151 2840 3222 Κέρδων
2868 3151 2925 3202 ἐν
2953 3151 3163 3221 χρόνοις
3208 3151 3435 3220 ’Υγίνου
3465 3135 3673 3219 γέγῖονεν

2092 3242 2408 3305 ἐπισκόπου,
2443 3241 2537 3294 τοῦ
2570 3241 2664 3295 ἕνα
2692 3241 2816 3293 τδν¹
2843 3240 3162 3312 κλῆρον(59)
3197 3243 3434 3309 ἄγοντος
3462 3245 3571 3297 ἀπὸ
3590 3246 3673 3313 τῆς

2091 3331 2200 3384 τῶν
2227 3332 2354 3401 περὶ
2381 3329 2633 3384 Ἰάκωϐον
2660 3330 2754 3382 καὶ
2775 3330 2979 3400 Πέτρον
3002 3330 3096 3383 καὶ
3117 3331 3346 3385 Παῦλον
3367 3334 3672 3386 άποστόλιιη

2092 3422 2359 3492 διαδοχῆς.
2414 3421 2487 3473 Τὸ
2512 3421 2568 3474 δὲ
2598 3421 2861 3492 κήρυγμα
2900 3421 3086 3485 αὐτοῦ,
3117 3422 3216 3492 τῆς
3262 3423 3378 3475 τῶν
3421 3442 3672 3496 προειρη-

2098 3513 2271 3583 μένων
2315 3511 2678 3584 αίρεσιαρχῶν
2719 3511 2986 3582 φλυαρίας
3025 3513 3276 3583 μετέχον,
3332 3514 3397 3566 τὸ
3436 3518 3572 3568 αὐτὸ
3589 3518 3673 3585 μὲν

2095 3600 2234 3657 εἶναι
2277 3603 2443 3668 δοκεῖ,
2482 3603 2862 3674 παρηλλακται
2890 3603 2948 3656 δὲ
2992 3604 3124 3674 παρ’
3161 3604 3316 3674 αύτῷ
3343 3604 3540 3658 τοῦτον
3567 3608 3672 3675 ἕχον

2095 3691 2186 3744 τὸν
2211 3691 2431 3761 τρόπον.

2167 3781 2270 3834 Δύο
2309 3782 2403 3834 καὶ
2434 3773 2588 3844 οὗτος
2615 3782 2790 3852 ἀρχάς
2829 3783 3100 3852 κεκήρυχε
3139 3782 3222 3853 τῷ
3253 3783 3381 3852 βίῳ,
3413 3785 3512 3838 καὶ
3531 3785 3669 3853 δῆθεν

2099 3873 2254 3936 θεοὺς
2281 3872 2394 3938 δύο,
2421 3873 2514 3926 ἕνα
2544 3873 2767 3942 ἀγαθὸν,
2799 3873 2895 3925 καὶ
2925 3874 3020 3926 ἕνα
3046 3874 3328 3940 ἄγνωστον
3349 3878 3471 3939 τοῖς
3499 3879 3665 3937 πᾶσιν,

2098 3964 2157 4017 ὃν
2190 3964 2283 4017 καὶ
2313 3963 2532 4032 Πατέρα
2554 3963 2646 4016 τοῦ
2677 3963 2853 4034 Ἰησοῦ
2882 3964 3120 4034 κέκληκε
3139 3981 3152 3994 ·
3203 3965 3299 4017 καὶ
3327 3965 3431 4019 ἕνα
3461 3968 3552 4019 τὸν
3579 3973 3666 4036 Δη-

2103 4057 2359 4129 μιουργὸν
2401 4057 2636 4128 πονηρὸν
2684 4057 2813 4111 ὄντα
2856 4059 2950 4112 καὶ
2991 4058 3234 4127 γνωστὸν
3271 4058 3585 4130 λαλήσαντα
3623 4062 3668 4111 ἐν

2105 4151 2184 4222 τῷ
2219 4151 2390 4222 νόμῳ,
2415 4151 2509 4204 καὶ
2527 4152 2586 4204 ὲν
2613 4154 2724 4214 τοῖς
2751 4153 3053 4223 προφήταις
3077 4151 3342 4220 φανέντα.
3375 4154 3478 4206 καὶ
3500 4154 3666 4224 ὁρατὸν

2102 4241 2359 4305 πολλάκις
2384 4244 2692 4312 γενόμενον.
2711 4243 2801 4314 Μὴ
2823 4239 2958 4296 εἶναι
2986 4242 3043 4295 δὲ
3067 4242 3160 4296 τὸν
3175 4244 3419 4315 Χριστὸν
3436 4261 3663 4312 γεγεννη·

424 4344 516 4388 aut
558 4347 724 4387 carne
777 4346 965 4416 revera
1009 4331 1180 4387 fuisse
1231 4333 1508 4386 vestitum.
1563 4331 1669 4387 Sed
1725 4333 1975 4401 ejusmod

2117 4334 2265 4404 μένον
2288 4336 2351 4387 ὲκ
2380 4335 2616 4404 Μαρίας,
2652 4334 2787 4404 μηδὲ
2815 4336 2873 4388 ἐν
2898 4335 3061 4405 σαρκὶ
3089 4335 3418 4404 πεφηνέναι,
3599 4337 3664 4388 ὁο-

426 4424 608 4495 specie
659 4432 818 4480 tenus
879 4423 1178 4487 exstitisse,
1223 4434 1276 4478 et
1332 4423 1656 4494 apparuisse
1707 4425 1870 4479 talem
1933 4440 1997 4480 ac

425 4517 608 4586 specie
636 4516 751 4571 sola
780 4515 1037 4570 universa
1068 4515 1287 4571 fecisse.
1324 4514 1468 4570 Idem
1499 4530 1791 4585 corporum
1815 4531 1997 4569 resur-

422 4608 720 4664 rectionem
759 4607 1043 4677 repudiat;
1071 4604 1237 4662 Vetus
1265 4606 1700 4672 Testamentum,
1735 4605 1878 4676 quod
1899 4623 1996 4675 per

426 4699 675 4770 Moysen,
713 4713 777 4752 ac
797 4698 1097 4768 prophetas
1134 4699 1393 4752 traditum
1434 4705 1550 4762 est,
1581 4705 1840 4768 tanquam
1865 4698 1997 4754 alic-

427 4806 556 4844 num
607 4806 638 4844 a
696 4789 807 4844 Deo
841 4788 1037 4859 rejicit.
1085 4788 1365 4843 Christum
1415 4804 1445 4843 e
1484 4775 1643 4853 cmlo,
1697 4797 1859 4858 atque
1917 4791 1986 4844 ab

428 4883 612 4952 ignoto
643 4882 803 4935 Patre
829 4880 1178 4936 descendisse
1210 4881 1332 4936 ideo
1378 4890 1567 4950 putat,
1589 4870 1662 4934 ἰι
1691 4881 1777 4936 hic
1812 4881 1997 4936 mundi

429 4973 731 5028 conditoris
775 4981 936 5041 atque
983 4973 1196 5042 Opiﬁcis
1238 4973 1525 5043 imperium
1553 4988 1617 5027 ac
1650 4974 1997 5044 tyrannidem

428 5069 728 5120 everteret:
762 5064 812 5116 id
847 5064 990 5133 quod
1048 5065 1168 5119 alia:
1195 5065 1466 5136 pleraeque
1517 5065 1753 5121 haereses
1803 5067 1994 5124 existi-

500 5222 516 5251 ¹
547 5219 704 5274 COrr.
737 5217 940 5273 ἔνατον.
984 5201 991 5206 ”

499 5339 611 5410 (58)
638 5337 975 5410 Συμόέϐηκε
995 5339 1102 5410 ῃᾲρ
1128 5341 1389 5406 τούτους.
1417 5341 1670 5402 lrcnmus.
1702 5343 1737 5396 Ι.
1759 5359 1816 5403 ll,
1841 5358 1889 5397 c.
1915 5343 2002 5410 12,

428 5407 693 5488 euntdenl
704 5407 997 5488 apologum
1019 5407 1417 5488 Valentinianus
1443 5413 1837 5488 accommodat.

500 5479 613 5547 (59)
649 5477 757 5532 Τοῦ
788 5477 897 5531 ἕνα
930 5479 1035 5531 τὸν
1067 5477 1311 5546 κλῆρον.
1345 5481 1660 5535 Certissima
1701 5490 1783 5536 est
1815 5498 2001 5537 emen-

428 5551 578 5604 datio
618 5555 826 5614 nostra,
871 5547 1058 5613 ἔνατος
1086 5564 1182 5620 pro
1216 5549 1308 5601 ἕνα
1334 5550 1458 5620 τόν.
1477 5549 1664 5604 Nonus
1693 5554 1834 5605 enim
1864 5568 2002 5620 pon-

431 5621 637 5676 tiﬁcum
671 5620 1042 5675 Romanorum
1061 5619 1254 5676 ordine
1289 5620 1389 5676 t'uit
1418 5618 1678 5691 Hyginus,
1714 5623 1758 5677 si
1792 5618 2000 5677 Cletum

2106 4428 2262 4498 κήσει
2291 4427 2441 4489 ὄντα,
2473 4425 2567 4478 καὶ
2597 4424 2813 4495 δοκήσει
2837 4425 3140 4493 πεφηνότα,
3163 4425 3389 4495 δοκήσει
3413 4427 3473 4478 δὲ
3500 4427 3564 4478 τά
3589 4427 3664 4478 611

2106 4516 2462 4586 πεποιηκότα.
2493 4514 2605 4567 Καὶ
2627 4513 2788 4575 αὐτὸς
2814 4514 3015 4584 σαρκὸς
3035 4513 3335 4567 ἀνάστασιν
3363 4515 3662 4566 ἀπωθεῖται.

2105 4609 2349 4664 Παλαιὰν
2390 4608 2446 4660 δὲ
2479 4606 2810 4676 ἀπαγορεύει
2841 4605 3117 4675 Διαθήκην
3136 4621 3150 4634 ο
3194 4604 3293 4674 τὴν
3326 4606 3385 4656 δὲ
3413 4607 3503 4658 διὰ
3523 4607 3662 4658 Mur}-

2109 4703 2242 4764 σέως
2261 4700 2370 4770 (60)
2389 4699 2484 4752 καὶ
2505 4699 2612 4751 τῶν
2633 4697 2924 4768 προφητῶν
2943 4697 3016 4759 ὼς
3040 4695 3328 4765 ἀλλοτρίαν
3345 4691 3514 4748 οὖσαν
3531 4694 3660 4747 Θεοῦ.

2119 4788 2460 4860 Ἐληλυθέναι
2492 4787 2549 4839 δὲ
2589 4787 2680 4840 τὸν
2705 4787 2938 4858 Χριστὸν
2973 4785 3080 4840 ἀπὸ
3111 4786 3221 4839 τῶν
3261 4786 3474 4839 ἄνωθεν
3505 4788 3566 4837 ἐκ
3589 4784 3662 4836 τοῦ

2101 4881 2378 4950 ἀγνώστου
2419 4879 2654 4950 Πατρός,
2703 4880 2782 4941 είς
2809 4879 3065 4949 ἀθέτησιν
3095 4879 3194 4947 τῆς
3226 4879 3324 4930 τοῦ
3361 4877 3662 4950 κοσμοποιιῦ

2105 4974 2196 5027 καὶ
2213 4970 2552 5043 Δημιουργοῦ
2575 4970 2826 5035 ἐνταῦθα,
2853 4971 3004 5041 φησι,
3026 4971 3201 5043 ἀρχῆς
3222 4971 3322 5026 καὶ
3344 4971 3660 5042 τυραννίδος·

2102 5065 2290 5138 ὥσπερ
2339 5065 2533 5137 ἀμέλει
2597 5064 2690 5116 καὶ
2738 5061 2929 5116 πολλαὶ
2977 5063 3085 5116 τῶν
3137 5062 3406 5134 αἱρέσεων
3452 5064 3660 5131 ἐξεῖπεν.

2111 5356 2386 5396 numeres.
2450 5339 2519 5392 At
2567 5338 2803 5410 lrenaaus
2857 5331 3449 5410 Hyginum_octav_um
3512 5333 3656 5410 Roma

2110 5415 2428 5494 epiSCOpum
2486 5410 2733 5463 nominat
2778 5405 2814 5458 Ι.
2859 5417 2941 5468 ιιι,
2977 5406 3100 5474 cap.
3143 5403 3212 5471 4;
3264 5406 3362 5461 sed
3414 5406 3523 5461 hac
3560 5403 3657 5454 alii:

2107 5484 2534 5676 ἓιὲἓὲῗδῗήνδε
2587 5547 2683 5604 διὰ
2735 5545 3052 5614 Μωῠσέως.
3103 5545 3232 5617 Leg.
3277 5545 3550 5617 Διαθήκην

2140 5641 2154 5676 ι
2200 5662 2217 5676 .
2249 5630 2354 5676 c'e.

2140 5630 2217 5688 ιά,
2249 5630 2354 5676 c'e.
