3768 6182
155 207 274 264 693

852 210 1219 268 ADVERSUS
1256 211 1593 271 HERESES
1632 214 1760 272 LIB.
1801 220 1845 273 Ι.
1886 217 2047 274 TOM.
2089 216 2174 271 Ill.
2214 249 2284 259 —-
2320 216 2592 274 HjEliES.
2630 221 2763 275 XLI.

3311 226 3414 277 61M

168 327 379 395 Ὀλίγῳ
400 326 456 379 δὲ
478 325 553 394 τῷ
580 326 753 396 χρόνῳ
777 322 928 390 οὗτος
950 329 1006 381 ὲν
1034 329 1227 403 Ῥώμῃ
1246 332 1553 404 γενόμενος,
1583 352 1716 406 μετα

1916 342 2013 389 int.
2040 334 2226 391 Roma:
2259 337 2424 407 igitur
2454 337 2604 392 brevi
2638 338 2729 393 ille
2775 346 3017 407 tempore
3048 348 3415 395 commoratus

152 416 399 469 δέδωκεν
443 415 605 492 αύτοῦ
654 416 744 469 τὸν
787 417 863 471 ἰὸν
906 420 1213 491 Μαρκίωνι.
1268 423 1467 495 Διόπερ
1502 425 1687 480 τοῦτον
1715 427 1745 479 6

152 507 434 576 Μαρκίων
464 506 747 571 διεδέξατο.

234 596 312 646 B'.
352 596 461 665 Τῆς
490 596 547 647 δὲ
587 596 847 666 αἱρέσεως
878 598 1140 663 ὡσαύτως
1185 604 1446 673 φωρατῆς
1468 603 1653 676 οὔσης,
1684 608 1743 660 ἐν

152 686 418 755 συντόμῳ
457 688 583 757 περὶ
626 686 829 757 ταύτης
875 690 1004 757 ἡμῖν
1039 689 1188 743 ἔσται
1214 691 1390 759 λόγος.
1445 693 1743 764 Ἀρξόμεθα

150 776 214 827 δὲ
248 776 413 829 πάλιν
451 780 549 847 τῆς
589 780 709 830 κατ’
758 779 921 831 αὑτοῦ
954 780 1263 852 ἀνατροπῆς
1306 784 1402 835 ἀπ’
1429 785 1605 838 αὐτῶν
1635 786 1743 841 τῶν

153 870 298 937 παρῖ
328 867 491 920 αὑτοῦ
517 868 846 937 λεγομένων.
883 871 1002 923 Ὅτι
1025 872 1123 941 μὲν
1154 873 1261 944 γὰρ
1303 873 1395 927 δύο
1419 876 1593 946 ἀρχὰς
1624 879 1743 930 ἐπι-

150 961 363 1011 τοαυτὸ
388 956 815 1028 εἶναιάδύνατον,
838 962 1015 1033 δῆλον.
1042 965 1102 1016 ΕΞ
1128 966 1144 996 ¹
1172 965 1279 1036 γὰρ
1313 966 1368 1019 αἱ
1397 967 1488 1020 δύο
1520 969 1585 1021 ὲκ
1611 972 1743 1039 μιᾶς

150 1048 271 1099 εισί
296 1066 458 1113 τινος,
494 1050 526 1120 ἢ
554 1053 585 1121 ἡ
629 1054 725 1121 μὲν
764 1040 879 1105 ἐστι
911 1053 1157 1126 δευτέρα,
1190 1057 1222 1125 ὴ
1257 1054 1314 1107 δὲ
1360 1056 1460 1126 τῆς
1484 1058 1740 1130 δευτέρας

147 1136 311 1188 αἰτία
344 1138 437 1190 καὶ
463 1138 628 1209 ἀρχή.
666 1139 1037 1211 Ζητηθήσεται
1061 1137 1151 1195 οὖν
1177 1143 1294 1212 ἢτοι
1322 1143 1467 1197 αἰτία
1488 1145 1596 1199 τῶν
1624 1146 1737 1214 δύο,

144 1226 187 1297 ἦ
215 1228 457 1298 ὁποτέρα
504 1230 708 1284 τούτων
745 1232 886 1303 ἀρχὴ
920 1229 1053 1286 οὖσα
1092 1235 1191 1305 τῆς
1216 1236 1428 1306 ἑτέρας,
1460 1237 1536 1299 ὡς
1564 1238 1700 1310 ἔφην
1722 1257 1737 1271 ·

144 1320 253 1371 καὶ
277 1318 451 1385 οὕτως
477 1321 541 1375 ὲκ
576 1323 775 1386 παντὸς
807 1325 1009 1395 τρόπου
1035 1327 1127 1380 ἐπὶ
1164 1328 1264 1399 τὴν
1318 1329 1445 1398 μίαν
1478 1330 1738 1384 ἀνακτέον

143 1409 256 1481 τὴν
281 1411 539 1478 διάνοιαν,
572 1414 672 1486 τὴν
698 1416 1093 1489 εύρισκομένην
1124 1418 1365 1489 πρώτην,
1393 1421 1451 1487 ἐξ
1471 1416 1539 1493 ἧς
1580 1423 1672 1477 καὶ
1700 1424 1735 1495 ἡ

142 1501 408 1573 δευτέρα,
439 1505 556 1574 ἦτοι
581 1504 914 1576 ἀμφότεραι,
949 1505 1131 1572 καθὼς
1160 1509 1446 1574 δέδεικται,
1476 1515 1553 1576 ὡς
1577 1512 1733 1585 ἔφην.

156 1591 492 1647 Ἐπιτοαυτὸ
506 1594 563 1647 δὲ
583 1594 843 1651 ἀδύνατον
861 1596 961 1660 τὰς
983 1597 1077 1651 δύο
1101 1598 1277 1669 ἀρχὰς
1298 1600 1564 1671 ὑπάρχειν
1578 1619 1592 1633 ο
1621 1604 1739 1656 ἀλλ’

1844 439 2001 479 suum
2036 422 2297 480 Marcioni
2314 426 2465 482 virus
2491 424 2746 494 aspersit,
2782 440 2945 495 quem
2995 428 3157 481 etiam
3200 442 3414 483 succes-

1845 530 2024 571 sorem
2056 517 2267 572 habuit.

1914 603 1979 658 ll.
2005 605 2203 659 Verum
2243 619 2365 659 cum
2414 620 2525 659 non
2585 604 2769 659 minus
2817 605 3028 659 caeteris
3058 606 3284 662 haeresis
3314 608 3414 663 ista

1843 695 2175 765 deprehendi
2232 711 2296 752 ac
2340 696 2595 767 redargui
2626 695 2787 751 facile
2842 696 3037 764 possit,
3078 699 3268 765 paucis
3297 714 3414 767 qua'

1843 783 1911 837 ad
1930 798 2048 837 eam
2077 784 2355 855 pertinent
2379 786 2734 855 complectar,
2758 784 2985 854 ejusque
3005 784 3317 842 refellenda
3349 789 3415 842 ab

1840 872 2099 942 illisipsis
2128 888 2315 928 eorum
2346 873 2577 929 decretis
2636 872 2849 927 initium
2882 887 3175 928 arcessam.
3208 872 3414 928 Etenim

1842 961 1949 1016 duo
1967 962 2129 1017 simul
2158 978 2347 1019 rerum
2379 978 2502 1020 esse
2542 963 2813 1032 principia
2847 980 3189 1035 nequaquam
3249 979 3413 1033 posse

1842 1054 2190 1110 manifestum
2232 1063 2337 1110 εει.
2381 1054 2519 1109 Nam
2561 1062 2654 1109 aut
2713 1054 2824 1108 duo
2859 1056 2928 1109 ab
2963 1071 3071 1109 uno
3124 1063 3415 1110 manarunt

1840 1146 2042 1217 aliquo,
2082 1154 2175 1200 aut
2201 1162 2372 1201 unum
2425 1147 2728 1202 secundum
2773 1154 2877 1210 est,
2920 1148 3151 1202 alterum
3187 1148 3415 1203 secundi

1840 1248 2007 1290 causa
2072 1250 2264 1302 rursus
2325 1249 2388 1289 ac
2451 1235 2805 1304 principium.
2847 1233 3212 1300 Quaerendum
3250 1236 3415 1305 igitur

1838 1331 1943 1390 est,
1973 1340 2221 1395 quaenam
2256 1324 2539 1379 amborum
2574 1340 2741 1381 causa
2764 1326 2855 1389 sit,
2899 1335 2992 1379 aut
3022 1326 3168 1395 quod
3201 1343 3266 1382 ex
3307 1327 3416 1383 illis

1840 1414 2170 1484 principium
2215 1415 2286 1470 sit
2349 1415 2596 1479 alterius.
2654 1424 2714 1469 ut
2763 1415 3042 1484 diximus;
3102 1416 3293 1486 sicque
3347 1418 3411 1471 ad

1839 1520 2007 1560 unum
2033 1507 2256 1561 omnino
2298 1506 2586 1563 referenda
2641 1508 2922 1579 cogitatio,
2979 1510 3125 1580 quod
3176 1510 3411 1581 primum

1840 1598 2103 1660 occurrit,
2128 1612 2159 1651 a
2188 1614 2297 1668 quo
2316 1600 2643 1671 secundum,
2674 1610 2768 1656 aut
2814 1602 2977 1657 ambo
3025 1602 3117 1655 illa
3143 1601 3415 1672 proficisci

142 1676 285 1741 οὐδὲ,
315 1676 663 1749 διαφέρεσθαι
692 1678 789 1750 τὴν
836 1681 965 1750 μίαν
998 1681 1135 1752 πρὸς
1166 1684 1263 1753 τὴν
1302 1683 1468 1754 ἄλλην
1490 1684 1713 1740 δυνατόν

1916 1689 2355 1743 monstravimus.
2413 1688 2531 1744 Duo
2582 1705 2747 1759 porro
2808 1690 2974 1745 simul
3028 1698 3088 1743 ut
3148 1689 3416 1759 principia

143 1771 212 1823 Ei
239 1771 354 1843 γὰρ
380 1772 754 1843 διαφέρονται,
790 1774 896 1826 εἰσὶ
926 1773 1023 1844 μὲν
1049 1773 1162 1828 δύο.
1201 1775 1293 1845 Τῷ
1317 1776 1374 1829 δὲ
1402 1775 1495 1829 δύο
1521 1776 1737 1848 ἀριθμῷ

143 1861 562 1932 εὑρισκόμεναι,
597 1863 689 1916 τὸν
739 1864 834 1917 ἕνα
878 1864 1114 1935 ἀριθμὸν
1155 1864 1586 1936 ὑπερὸεὸήκασι.
1631 1867 1736 1919 Τοῦ

142 1951 205 2004 δὲ
248 1953 368 2016 ἐνὸς
400 1954 493 2005 καὶ
530 1952 747 2024 πρώτου
788 1954 1022 2025 ἀριθμοῦ
1063 1954 1415 2027 ζητουμένου,
1451 1958 1505 2011 αἱ
1542 1956 1635 2010 δύο
1658 1957 1738 2028 τῷ

144 2044 236 2096 ἑνὶ
262 2044 481 2115 ἀριθμῷ
520 2046 613 2098 καὶ
661 2045 919 2116 ἀνωτέρω
963 2046 1279 2100 ὑπόκεινται
1317 2046 1395 2117 τῷ
1438 2047 1598 2118 αἰτίῳ
1628 2049 1737 2103 τῶν

142 2134 247 2186 δύο
276 2135 410 2188 ὄντι.
468 2136 541 2188 Ού
569 2135 677 2207 γὰρ
721 2137 775 2188 αἱ
808 2136 899 2189 δύο
927 2137 983 2189 αἱ
1012 2138 1150 2207 μετά
1171 2137 1268 2191 τὸν
1295 2137 1391 2190 ἕνα
1413 2137 1665 2209 ἀριθμὸν,
1701 2138 1735 2210 ἢ

141 2228 254 2297 τὴν
292 2227 421 2296 μίαν
451 2227 624 2298 ἀρχὴν
652 2229 744 2282 καὶ
772 2227 1017 2299 πρώτην,
1052 2228 1219 2281 αἰτίαι
1251 2229 1458 2281 ἑαυτῶν
1484 2228 1737 2283 δύνανται

143 2317 328 2372 εἶναι·
376 2320 467 2373 τοῦ
494 2319 671 2372 ἑνικοῦ
719 2318 954 2391 ἀριθμοῦ
989 2320 1082 2373 καὶ
1115 2320 1391 2373 ἀνωτάτου
1428 2321 1514 2373 ἀεὶ
1545 2318 1739 2390 ζητου-

148 2410 347 2482 μένου.
380 2412 443 2463 Εἱ
469 2411 575 2482 γὰρ
610 2412 666 2463 αἱ
701 2411 795 2463 δύο
823 2410 1208 2482 εὑρεθήσονται
1252 2412 1380 2480 μιᾶς
1409 2409 1573 2481 οὔσης
1602 2427 1739 2478 συμ-

148 2500 387 2569 φωνίας,
431 2502 524 2553 καὶ
568 2501 979 2571 συγχαίρουσαι,
1020 2503 1115 2554 καὶ
1155 2501 1541 2570 συμφωνοῦσαι
1573 2502 1737 2572 ἀλλή-

144 2590 297 2655 λαις,
330 2594 386 2644 sv
414 2590 493 2662 τῷ
521 2593 621 2663 τὴν
655 2592 753 2662 μὲν
786 2592 913 2661 μίαν
940 2591 1276 2662 παραμένειν
1304 2592 1402 2661 τῆς
1434 2592 1625 2662 ἐτέρας
1650 2592 1740 2643 εύ-

144 2680 443 2752 δοκούσης,
478 2682 571 2735 καὶ
603 2682 701 2752 τῆς
739 2681 906 2751 ἄλλης
939 2680 996 2733 δὲ
1041 2679 1357 2751 χαιρούσης,
1398 2682 1463 2750 τῇ
1498 2681 1595 2750 τῆς
1624 2680 1739 2732 ἑτέ-

146 2789 258 2843 ρας
272 2772 524 2842 συζυγίᾳ,
539 2775 572 2843 ἡ
597 2772 782 2835 στάσις
795 2773 880 2835 τίς
897 2773 1045 2824 ἐστιν
1062 2770 1334 2840 ἀναμέσον
1350 2771 1675 2841 ἀμφοτέρων
1693 2773 1733 2825 ³.

145 2864 219 2916 Εἰ
270 2863 328 2916 δὲ
380 2863 727 2928 στασιάζουσι
786 2862 881 2916 καὶ
941 2862 1211 2932 ἰσχύουσιν
1265 2863 1380 2933 ἅμα
1430 2862 1737 2932 ἀμφότεραι

1839 1775 1971 1839 sint,
2006 1776 2123 1831 fieri
2158 1780 2378 1848 penitus
2412 1794 2521 1833 non
2547 1786 2727 1849 potest
2752 1797 2767 1846 ;
2793 1780 2887 1835 sed
2916 1794 3018 1834 nec
3044 1795 3217 1833 unum
3239 1787 3418 1849 potest

1838 1865 1908 1920 ab
1941 1865 2110 1920 altero
2142 1866 2381 1923 differre.
2406 1866 2463 1921 Si
2497 1869 2643 1922 enim
2670 1868 2951 1935 differunt,
2979 1867 3089 1924 duo
3113 1869 3223 1923 sint
3253 1884 3419 1940 opor-

1839 1962 1940 2009 tet.
1973 1954 2090 2009 Duo
2113 1971 2242 2012 vero
2268 1958 2315 2013 si
2343 1966 2721 2022 numerentur,
2764 1960 3095 2029 singularem
3128 1974 3415 2014 numerum

1838 2047 2127 2101 excedunt.
2161 2048 2296 2102 Cum
2330 2058 2508 2104 autem
2533 2049 2731 2105 unicus
2760 2049 2863 2106 iste
2898 2065 2962 2105 ac
2982 2051 3195 2121 primus
3223 2067 3417 2107 nume—

1837 2152 1932 2192 rus
1965 2147 2261 2207 quaeratur,
2303 2140 2460 2210 301
2483 2142 2596 2196 duo
2631 2142 2722 2196 illa
2751 2142 3019 2212 principia
3069 2143 3165 2197 uni
3225 2157 3290 2197 ac
3321 2158 3419 2198 su-

1838 2244 2024 2297 premo
2058 2230 2440 2298 subjicientur,
2470 2247 2501 2286 a
2536 2248 2645 2303 quo
2682 2234 2830 2288 velut
2870 2247 2901 2287 a
2935 2248 3106 2288 causa
3140 2232 3255 2287 duo
3282 2232 3413 2287 reli-

1838 2334 1944 2387 qua
1968 2320 2261 2388 pendeant.
2290 2320 2477 2391 Neque
2492 2325 2637 2378 enim
2674 2322 2893 2379 duoilla
2926 2331 3050 2393 post
3084 2324 3415 2394 singularem

1838 2425 2146 2474 numerum,
2183 2422 2345 2482 atque
2394 2416 2621 2468 unicum
2671 2415 3022 2485 primumque
3078 2415 3411 2485 principium

1837 2500 1922 2554 sui
1952 2515 2074 2555 esse
2111 2515 2276 2555 causa
2307 2512 2536 2571 possunt
2564 2504 2834 2572 ipsorum,
2863 2518 2986 2557 cum
3018 2503 3312 2573 singularis
3351 2516 3417 2558 ac

1840 2604 2128 2658 supremus
2147 2592 2507 2648 nihilominus
2542 2608 2804 2647 numerus
2849 2593 3179 2662 inquiratur.
3211 2591 3413 2663 Finga-

1839 2682 2129 2734 musenim
2164 2680 2434 2751 ejusmodi
2492 2698 2619 2738 esse
2669 2684 2778 2738 duo
2809 2692 2873 2736 ut
2925 2684 3070 2738 inter
3121 2699 3244 2739 sese
3283 2698 3417 2738 con-

1838 2772 2095 2832 sentiant,
2121 2786 2184 2825 ac
2216 2773 2580 2828 communiter
2610 2774 2904 2843 gaudeant,
2943 2774 3159 2843 sibique
3185 2788 3419 2829 consen-

1839 2868 1995 2915 tanea
2050 2861 2161 2915 sint
2190 2863 2457 2917 invicem:
2486 2863 2561 2916 ita
2600 2870 2659 2916 ut
2689 2878 2798 2917 uno
2836 2864 3051 2918 volente
3092 2877 3157 2917 ac
3204 2863 3411 2918 libente

146 2952 297 3026 ’πρὶς
331 2955 562 3026 ἀλλήλας
598 2956 685 3008 ἐπ’
717 2954 857 3025 ῐσης,
903 2953 1089 3007 οὐκέτι
1120 2954 1352 3024 Χριστὸς
1386 2953 1414 3004 6
1444 2952 1612 3005 ἐλθὼν
1649 2952 1718 3004 διέ

1916 2953 2112 3006 haereat
2150 2954 2378 3008 alterum
2413 2972 2427 3021 ;
2472 2956 2725 3024 etipsum
2765 2970 2983 3025 quoque
3014 2956 3240 3010 alterius
3284 2969 3419 3021 con-

146 3047 255 3117 τὴν
286 3045 540 3117 ἀθέτησιν
565 3048 663 3117 τῆς
689 3048 815 3117 μιᾶς
843 3046 1129 3116 δυνήσεται
1162 3043 1463 3098 καταλῦσαι
1483 3043 1580 3114 τὴν
1608 3043 1739 3095 ταύ-

146 3155 255 3207 την
275 3137 583 3208 τυραννίδα,
606 3138 773 3207 αὐτῆς
793 3137 1143 3206 ἀντεχούσης,
1168 3136 1261 3188 καὶ
1279 3134 1583 3205 δυναμένης
1605 3133 1738 3205 πρὸς

146 3231 257 3299 τὴν
298 3228 411 3281 ἀνω
453 3229 680 3299 ἀόρατον
731 3228 825 3281 καὶ
868 3227 1309 3296 ἀκατονόμαστον
1353 3224 1735 3294 ἀγωνίζεσθαι,

147 3319 404 3388 ἀντέχειν
441 3337 501 3373 τε
538 3320 633 3372 καὶ
669 3319 933 3390 μηδέποτε
972 3316 1230 3370 δύνασθαι
1260 3314 1640 3369 καταλύεσθαι.

1841 3045 2124 3112 junctione
2168 3044 2505 3109 delectetur,
2549 3061 2799 3115 quaenam
2858 3062 2980 3102 esse
3034 3054 3211 3116 potest
3276 3047 3421 3100 inter

1849 3143 2138 3203 utrumque
2184 3134 2496 3189 dissensio?
2558 3135 2654 3189 Sin
2697 3144 2889 3189 mutuo
2932 3137 3304 3202 reluctantur,
3354 3151 3421 3191 ac

1847 3226 1947 3281 sibi
1973 3228 2254 3295 aequaliter
2291 3227 2578 3292 resistunt,
2638 3243 2748 3282 non
2784 3228 2981 3296 poterit
3014 3227 3286 3292 Christus,
3318 3226 3416 3298 qui

1845 3317 2156 3386 adgalterum
2172 3317 2624 3387 exstinguendum
2643 3317 2897 3378 accessit,
2917 3317 3259 3387 tyrannicum
3298 3316 3422 3386 ejul

150 3411 500 3465 dominatum
531 3419 807 3465 evertere:
834 3416 1021 3478 utpote
1056 3410 1203 3479 quod
1232 3409 1436 3462 acriter
1460 3408 1713 3471 obsistat,
1748 3414 1802 3460 et
1833 3408 2130 3477 .adversus
2179 3424 2493 3479 supremum
2544 3410 2698 3475 illud,
2757 3408 2902 3480 quod
2946 3423 3047 3463 nec
3091 3407 3284 3474 videri,
3317 3423 3421 3465 nec

150 3506 436 3563 nominari
469 3513 670 3578 potest,
720 3506 811 3560 sic
858 3512 1080 3574 pugnet,
1110 3518 1175 3557 ac
1200 3501 1524 3572 refragetur,
1562 3501 1712 3554 nulla
1742 3510 1799 3556 ut
1822 3502 1875 3557 vi
1897 3502 2055 3571 dejici
2076 3517 2195 3558 sese
2229 3503 2484 3573 patiatur.

229 3601 303 3655 Γ.
348 3603 509 3670 Λέγει
553 3601 610 3653 δὲ
650 3602 679 3653 6
727 3599 933 3671 ἠλίθιος
980 3599 1073 3651 καὶ
1120 3598 1209 3651 τὸν
1252 3598 1414 3667 νόμον
1471 3597 1567 3650 καὶ
1612 3596 1742 3660 τοὺς

149 3695 444 3764 προφήτας
477 3692 574 3761 τῆς
608 3690 816 3760 φαύλης
852 3690 946 3742 καὶ
978 3687 1224 3751 ἐναντίας
1261 3681 1398 3740 εἶναι
1428 3687 1620 3758 ἀρχῆς,
1650 3686 1741 3739 τὸν

149 3785 215 3838 δὲ
242 3783 475 3854 Χριστὸν
507 3783 606 3852 τῆς
652 3781 882 3851 ἀγαθῆς.
932 3780 1102 3834 Πόθεν
1146 3774 1238 3832 οὖν
1282 3778 1331 3831 οἱ
1373 3778 1644 3849 προφῆται
1675 3777 1743 3831 τά

151 3877 241 3938 είς
270 3875 502 3945 Χριστὸν
528 3873 888 3943 τετυπωμένα
928 3870 1413 3942 προανεφώνησαν,
1453 3871 1499 3921 εἰ
1534 3870 1608 3939 μὴ
1643 3869 1741 3939 μία

152 3962 231 4038 ἦν
265 3966 361 4018 καὶ
399 3967 432 4036 η
481 3965 618 4035 αὐτὴ
660 3964 906 4033 δύναμις,
953 3965 986 4032 ἡ
1023 3962 1303 4032 λαλήσασα
1348 3963 1406 4014 ὲν
1450 3960 1600 4029 νόμῳ
1647 3960 1742 4012 καὶ

156 4059 224 4110 ὲν
277 4057 581 4127 προφήταις
626 4055 720 4107 καὶ
760 4052 1141 4121 Εὐαγγελίοις;
1192 4050 1442 4121 καθάπερ
1471 4048 1645 4117 λέγει·
1690 4048 1744 4100 Ὁ

156 4147 374 4204 λαλῶν
413 4148 482 4200 ἐν
524 4145 651 4212 τοῖς
683 4147 1012 4214 προφήταις
1061 4142 1189 4196 ιδοὺ
1230 4141 1487 4210 πάρειμι,
1538 4140 1632 4193 καὶ
1678 4139 1747 4193 τά

157 4240 317 4310 ἑξῆς.
348 4238 516 4291 Πόθεν
550 4238 608 4290 δὲ
651 4236 743 4289 καὶ
773 4239 801 4288 ό
834 4234 1035 4305 Κύριος
1063 4235 1119 4286 ὲν
1156 4232 1234 4303 τῷ
1262 4230 1575 4300 Εὐαγγελίῳ
1612 4246 1745 4300 προ·

1918 3595 2007 3650 ill.
2048 3596 2205 3662 Quod
2262 3605 2443 3652 autem
2484 3595 2713 3650 insanus
2760 3595 2851 3650 ille
2901 3607 3069 3665 tegem
3099 3609 3160 3648 ac
3186 3608 3423 3665 pr0pne-

1847 3697 1933 3745 tas
1977 3688 2250 3744 existimat
2292 3704 2323 3743 a
2366 3688 2623 3743 deteriori
2660 3702 2726 3742 ac
2755 3687 3040 3742 contrario
3071 3702 3192 3742 esse
3216 3687 3423 3755 princi-

1848 3780 1959 3851 pio,
1995 3794 2026 3832 a
2059 3779 2284 3834 meliore
2330 3794 2463 3832 vero
2514 3777 2828 3843 Christum;
2892 3777 2935 3830 si
2982 3777 3035 3830 id
3084 3792 3271 3831 verum
3315 3785 3420 3841 est,

1847 3871 2123 3941 quomodo
2174 3886 2299 3941 quae
2356 3870 2424 3924 ad
2472 3869 2749 3923 Christum
2807 3868 3107 3921 attinebant
3148 3868 3425 3937 propheta:

1811 3942 2011 4016 'certis
2050 3960 2351 4031 figurarum
2389 3959 2687 4013 involucris
2723 3958 2934 4012 obtecta
2964 3957 3237 4011 vaticinati
3271 3965 3420 4020 sunt,

1849 4050 1958 4105 nisi
1998 4065 2105 4103 una
2151 4048 2453 4117 eademque
2492 4049 2574 4102 vis
2623 4055 2789 4111 esset,
2834 4064 2954 4116 quae
2987 4048 3039 4099 in
3074 4046 3188 4115 lege
3222 4047 3422 4115 pariter

1852 4156 1917 4196 ac
1960 4140 2272 4211 prOphetis,
2324 4148 2487 4209 atque
2520 4137 2827 4207 Evangeliis
2862 4138 3043 4190 locuta
3072 4136 3181 4190 sit?
3217 4135 3417 4200 Quem-

1851 4234 2144 4289 admodum
2200 4231 2333 4287 dicit
2362 4250 2375 4285 :
2408 4229 2512 4296 Qui
2565 4230 2919 4312 loquebar{_in
2963 4227 3223 4295 prophetis
3251 4265 3266 4289 ,
3308 4243 3423 4281 ecce

157 4330 431 4401 ανεφώνει
454 4368 468 4392 ,
531 4328 704 4395 λέγων
726 4344 740 4357 ο
789 4328 860 4380 Et
913 4325 1160 4379 Μωῢσεῖ
1211 4323 1585 4385 ἐπιστεύετε,
1649 4338 1718 4375 κα

1916 4323 2042 4379 ἵειιηι
2072 4324 2121 4388 ⁸,
2161 4330 2269 4378 etc.
2318 4320 2587 4376 Praeterea
2633 4336 2728 4375 cur
2758 4320 3021 4374 Dominus
3051 4320 3105 4372 in
3133 4317 3424 4388 Evangelio

155 4423 293 4493 ἐμοὶ
323 4421 401 4476 ἂν
424 4422 768 4475 ἐπιστεύετε
786 4432 801 4448 ⁸
831 4418 1059 4482 ἐκεῖνος
1087 4418 1197 4485 γὰρ
1224 4416 1357 4484 περὶ
1400 4414 1544 4484 ἐμοῦ
1578 4414 1748 4484 ἐγρα-

154 4518 283 4585 ψε;
324 4512 429 4566 Καὶ
475 4511 646 4565 πολλά
701 4527 790 4581 μοι
845 4509 959 4562 ἐστι
1011 4510 1141 4579 περὶ
1185 4504 1498 4578 μαρτυριῶν
1544 4505 1743 4574 λέγειν,

156 4604 351 4669 καθὼς
408 4602 731 4674 συναγείρας
784 4600 977 4671 σχολὴν
1031 4598 1212 4669 ἐαυτῷ
1263 4598 1516 4667 εποίησεν
1565 4598 1595 4649 6
1654 4596 1748 4648 ἐπὶ

160 4696 554 4766 συγκυρήματι
594 4693 814 4764 πονηρῷ
854 4692 931 4763 τῷ
969 4692 1159 4762 κόσμῳ
1193 4689 1615 4759 ἐπιϐλαστήσας,
1656 4686 1750 4740 καὶ

161 4785 450 4855 πλανήσας
490 4783 615 4846 τοὺς
648 4784 738 4836 ὑπ’
780 4780 943 4834 αὑτοῦ
977 4778 1444 4849 πεπλανημένους.
1481 4775 1750 4847 Παρελεύ-

163 4892 338 4947 σομαι
377 4875 433 4928 δὲ
483 4875 578 4928 καὶ
618 4872 841 4943 ταύτην,
867 4872 998 4925 ὡσεὶ
1043 4870 1286 4941 μέμυκος
1318 4870 1338 4901 ³
1368 4869 1461 4922 καὶ
1498 4881 1753 4937 πεμφρη-

161 4968 318 5029 δύνος
357 4965 467 5037 (61)
510 4965 617 5020 τῶν
664 4965 985 5017 όδυνοποιῶν
1032 4966 1095 5015 ἐκ
1150 4961 1411 5013 πετεινῶν
1467 4958 1751 5012 κνωδάλων

1851 4415 2212 4487 praedicaret?
2246 4412 2307 4467 Si
2337 4411 2509 4482 Moysi
2548 4410 2845 4474 crederetis,
2878 4410 3160 4463 crederetis
3192 4410 3422 4478 forsitan

1852 4516 1901 4563 et
1932 4506 2100 4561 mihi:
2132 4505 2195 4559 de
2220 4521 2303 4559 me
2326 4505 2464 4557 enim
2511 4503 2602 4557 ille
2644 4503 2854 4570 scripsit
2881 4504 2924 4556 ³.
2974 4501 3137 4555 Plura
3172 4500 3423 4570 equidem

1854 4599 1922 4654 de
1947 4596 2219 4668 ejusmodi
2252 4594 2582 4651 testimoniis
2609 4594 2663 4648 in
2688 4594 2926 4648 medium
2958 4592 3153 4647 afferre
3182 4605 3422 4662 possem,

1854 4690 2053 4761 quibus
2102 4687 2458 4744 accumulatis
2488 4685 2731 4741 scholam
2765 4684 2855 4739 ille
2887 4685 2990 4739 sibi
3022 4677 3296 4759 conﬂavit,
3330 4682 3424 4753 qui

1855 4779 2060 4835 infelici
2116 4778 2357 4849 quodam
2409 4777 2522 4833 fato
2570 4791 2915 4831 communem
2964 4775 3033 4828 ad
3073 4776 3220 4830 orbis
3252 4775 3427 4844 perni-

1855 4869 1992 4923 ciem
2024 4867 2277 4934 efiloruit,
2332 4884 2395 4923 ac
2424 4874 2721 4923 sectatores
2766 4881 2896 4920 suos
2939 4866 2992 4918 iu
3032 4866 3275 4920 fraudem
3320 4865 3425 4917 im-

1857 4960 2014 5030 pulit.
2069 4961 2175 5015 Sed
2206 4963 2347 5015 hanc
2393 4976 2495 5031 ego
2538 4975 2755 5030 quoque
2798 4959 3230 5028 praetermittam,
3282 4967 3427 5027 post-

240 5100 351 5157 ‘F.
386 5101 442 5171 ἦ.
517 5101 538 5131 ²
566 5098 700 5154 Cum
723 5099 1146 5170 interrogatione
1171 5098 1271 5168 leg.
1307 5096 1660 5167 ἁμφοτέρων;

1916 5097 2191 5167 .ύρμηκο;.
2271 5097 2293 5128 δ
2320 5094 2422 5152 lsa.
2462 5112 2556 5163 LII,
2583 5096 2635 5149 6.
2713 5096 2733 5126 ⁸
2759 5092 2913 5147 Joan.
2947 5110 2999 5157 ν,
3036 5093 3124 5147 46.

239 5217 356 5284 (61)
404 5214 562 5270 Ὡσεὶ
603 5214 899 5284 μέμυκος,
951 5213 1049 5266 καὶ
1096 5211 1532 5284 πεμφρηδόνος.
1592 5208 1747 5284 Quod

166 5281 370 5345 insecti
399 5300 575 5355 genus
607 5281 692 5337 isit
734 5282 914 5354 μέμυξ
946 5281 1181 5355 viderint
1225 5282 1446 5336 eruditi.
1491 5281 1755 5355 S_uSp_icor

164 5362 295 5426 leg.
316 5349 590 5426 βέρῖϐυκος
622 5371 635 5383 ·
671 5349 832 5426 quod:
855 5353 1180 5426 vocabulum
1202 5367 1328 5426 cum
1356 5349 1757 5421 pemphredone

164 5370 590 5436 leg..P£tL?UXQ§
622 5371 635 5383 '
671 5370 816 5478 quoa
855 5370 1176 5433 vocanumm
1206 5370 1311 5405 Cll“

164 5432 465 5496 conjungit
496 5424 668 5481 Nicen
708 5439 767 5479 er
802 5423 1045 5491 Alextph.
1075 5439 1127 5486 v,
1161 5422 1264 5476 185
1298 5440 1311 5476 :

172 5586 570 5658 Πεμφρηδὼν,
600 5584 835 5653 σφῆκές
874 5601 935 5637 τε
977 5511 1516 5647 καὶῃξέῑῗὲἓγῗέύκες
1555 5578 1755 5645 firmat.

1857 5208 1992 5264 Vide
2021 5209 2383 5264 Scholiasten.
2414 5208 2517 5273 Qui
2551 5206 2799 5277 βέηϐυκα
2828 5205 3142 5277 σφηκοειδὲς
3175 5206 3429 5277 quiddam

1855 5295 1978 5334 esse
2006 5280 2158 5343 dicit,
2190 5280 2356 5350 μέλαν
2386 5279 2524 5331 κατά
2552 5275 2652 5350 τὴν
2680 5280 2889 5350 χροιὰν,
2918 5275 3127 5350 κέντρῳ
3154 5275 3430 5350 χρώμενον

1855 5350 1931 5411 ὡς
1953 5351 2001 5401 οἱ
2032 5344 2256 5419 σφῆκες.
2296 5348 2399 5403 Sed
2437 5357 2492 5403 et
2518 5344 2619 5419 τὴν
2662 5344 2990 5419 τενθρήνην,
3044 5344 3160 5419 Sive
3194 5344 3432 5419 τενθρη-

1855 5419 1982 5471 δόνα
2020 5434 2049 5470 a
2080 5414 2374 5474 'n'onnullis
2424 5414 2670 5489 βέμϐυκα
2715 5414 3071 5471 voeari.ﬂa:c
3120 5414 3431 5483 Stephanus

1856 5488 1912 5543 in
1943 5489 2225 5545 Thesauro.
