  <div class='ocr_page' id='page_1' title='image "/cluster/home/n/w/nwhite01/storage/ocr_20150623/41/hvd.32044011753001/377.png"; bbox 0 0 3768 6182; ppageno 0'>
   <div class='ocr_carea' id='block_1_1' title="bbox 335 188 438 246">
    <p class='ocr_par' dir='ltr' id='par_1_1' title="bbox 335 188 438 246">
     <span class='ocr_line' id='line_1_1' title="bbox 335 188 438 246; baseline -0.019 0"><span class='ocrx_word' id='word_1_1' title='bbox 335 188 438 246; x_wconf 82' lang='grc'><strong>695</strong></span> 
     </span>
    </p>
   </div>
   <div class='ocr_carea' id='block_1_2' title="bbox 1747 182 2197 245">
    <p class='ocr_par' dir='ltr' id='par_1_2' title="bbox 1747 182 2197 245">
     <span class='ocr_line' id='line_1_2' title="bbox 1747 182 2197 245; baseline 0.016 -7"><span class='ocrx_word' id='word_1_2' title='bbox 1747 182 1804 238; x_wconf 91' lang='lat' dir='ltr'><strong>S.</strong></span> <span class='ocrx_word' id='word_1_3' title='bbox 1839 183 2197 245; x_wconf 78' lang='lat' dir='ltr'><strong>EPIPHANIL</strong></span> 
     </span>
    </p>
   </div>
   <div class='ocr_carea' id='block_1_3' title="bbox 3502 185 3613 241">
    <p class='ocr_par' dir='ltr' id='par_1_3' title="bbox 3502 185 3613 241">
     <span class='ocr_line' id='line_1_3' title="bbox 3502 185 3613 241; baseline 0.009 -1"><span class='ocrx_word' id='word_1_4' title='bbox 3502 185 3613 241; x_wconf 65' lang='lat'><strong>6%</strong></span> 
     </span>
    </p>
   </div>
   <div class='ocr_carea' id='block_1_4' title="bbox 336 298 1941 376">
    <p class='ocr_par' dir='ltr' id='par_1_4' title="bbox 336 298 1941 376">
     <span class='ocr_line' id='line_1_4' title="bbox 336 298 1941 376; baseline -0.002 -17"><span class='ocrx_word' id='word_1_5' title='bbox 336 321 499 376; x_wconf 90' lang='lat' dir='ltr'><strong>quam</strong></span> <span class='ocrx_word' id='word_1_6' title='bbox 545 319 664 359; x_wconf 90' lang='lat' dir='ltr'><strong>eam</strong></span> <span class='ocrx_word' id='word_1_7' title='bbox 713 302 975 372; x_wconf 76' lang='lat' dir='ltr'><strong>mcmycis</strong></span> <span class='ocrx_word' id='word_1_8' title='bbox 1026 301 1338 371; x_wconf 82' lang='lat' dir='ltr'><strong>cujusdam,</strong></span> <span class='ocrx_word' id='word_1_9' title='bbox 1377 316 1442 356; x_wconf 90' lang='lat' dir='ltr'><strong>ac</strong></span> <span class='ocrx_word' id='word_1_10' title='bbox 1483 298 1941 370; x_wconf 34' lang='lat' dir='ltr'><strong>pemphredonis‘</strong></span> 
     </span>
    </p>
   </div>
   <div class='ocr_carea' id='block_1_5' title="bbox 2069 298 3618 376">
    <p class='ocr_par' dir='ltr' id='par_1_5' title="bbox 2069 301 3618 374">
     <span class='ocr_line' id='line_1_5' title="bbox 2069 301 3618 374; baseline -0.001 -17"><span class='ocrx_word' id='word_1_11' title='bbox 2069 301 2346 374; x_wconf 69' lang='grc' dir='ltr'>ιμωμένων</span> <span class='ocrx_word' id='word_1_12' title='bbox 2399 302 2502 356; x_wconf 78' lang='grc' dir='ltr'><strong>ὑπὸ</strong></span> <span class='ocrx_word' id='word_1_13' title='bbox 2549 303 2678 373; x_wconf 82' lang='grc' dir='ltr'>μίαν</span> <span class='ocrx_word' id='word_1_14' title='bbox 2709 302 2867 373; x_wconf 79' lang='grc' dir='ltr'>θῆξιν</span> <span class='ocrx_word' id='word_1_15' title='bbox 2895 301 3348 356; x_wconf 79' lang='grc' dir='ltr'>ἑκπετασθέντων</span> <span class='ocrx_word' id='word_1_16' title='bbox 3386 301 3494 371; x_wconf 74' lang='grc' dir='ltr'><strong>τὴν</strong></span> <span class='ocrx_word' id='word_1_17' title='bbox 3527 304 3618 355; x_wconf 76' lang='grc' dir='ltr'>ἀν-</span> 
     </span>
    </p>
   </div>
   <div class='ocr_carea' id='block_1_6' title="bbox 337 389 1912 467">
    <p class='ocr_par' dir='ltr' id='par_1_6' title="bbox 337 389 1912 467">
     <span class='ocr_line' id='line_1_6' title="bbox 337 389 1912 467; baseline -0.003 -17"><span class='ocrx_word' id='word_1_18' title='bbox 337 393 509 467; x_wconf 90' lang='lat' dir='ltr'><strong>(quod</strong></span> <span class='ocrx_word' id='word_1_19' title='bbox 563 408 739 461; x_wconf 88' lang='lat' dir='ltr'><strong>vespae</strong></span> <span class='ocrx_word' id='word_1_20' title='bbox 783 407 956 462; x_wconf 87' lang='lat' dir='ltr'><strong>genus</strong></span> <span class='ocrx_word' id='word_1_21' title='bbox 999 393 1102 462; x_wconf 90' lang='lat' dir='ltr'><strong>est)</strong></span> <span class='ocrx_word' id='word_1_22' title='bbox 1153 393 1348 458; x_wconf 90' lang='lat' dir='ltr'><strong>instar,</strong></span> <span class='ocrx_word' id='word_1_23' title='bbox 1387 407 1507 464; x_wconf 66' lang='lat' dir='ltr'><strong>quae</strong></span> <span class='ocrx_word' id='word_1_24' title='bbox 1536 396 1590 446; x_wconf 91' lang='lat' dir='ltr'><strong>ct</strong></span> <span class='ocrx_word' id='word_1_25' title='bbox 1613 389 1726 446; x_wconf 89' lang='lat' dir='ltr'><strong>ictu</strong></span> <span class='ocrx_word' id='word_1_26' title='bbox 1757 392 1912 447; x_wconf 88' lang='lat' dir='ltr'><strong>dolo-</strong></span> 
     </span>
    </p>
   </div>
   <div class='ocr_carea' id='block_1_7' title="bbox 339 484 1913 554">
    <p class='ocr_par' dir='ltr' id='par_1_7' title="bbox 339 484 1913 554">
     <span class='ocr_line' id='line_1_7' title="bbox 339 484 1913 554; baseline -0.002 -14"><span class='ocrx_word' id='word_1_27' title='bbox 339 501 452 540; x_wconf 86' lang='lat' dir='ltr'><strong>rem</strong></span> <span class='ocrx_word' id='word_1_28' title='bbox 479 484 787 549; x_wconf 86' lang='lat' dir='ltr'><strong>incutiunt,</strong></span> <span class='ocrx_word' id='word_1_29' title='bbox 813 492 866 537; x_wconf 89' lang='lat' dir='ltr'><strong>et</strong></span> <span class='ocrx_word' id='word_1_30' title='bbox 886 499 949 537; x_wconf 84' lang='lat' dir='ltr'><strong>ex</strong></span> <span class='ocrx_word' id='word_1_31' title='bbox 975 484 1334 553; x_wconf 84' lang='lat' dir='ltr'><strong>pennatorum</strong></span> <span class='ocrx_word' id='word_1_32' title='bbox 1362 485 1693 540; x_wconf 90' lang='lat' dir='ltr'><strong>insectorum</strong></span> <span class='ocrx_word' id='word_1_33' title='bbox 1717 498 1913 554; x_wconf 82' lang='lat' dir='ltr'><strong>genere</strong></span> 
     </span>
    </p>
   </div>
   <div class='ocr_carea' id='block_1_8' title="bbox 341 574 1912 646">
    <p class='ocr_par' dir='ltr' id='par_1_8' title="bbox 341 574 1912 646">
     <span class='ocr_line' id='line_1_8' title="bbox 341 574 1912 646; baseline -0.002 -17"><span class='ocrx_word' id='word_1_34' title='bbox 341 583 492 639; x_wconf 88' lang='lat' dir='ltr'><strong>sunt,</strong></span> <span class='ocrx_word' id='word_1_35' title='bbox 536 588 646 628; x_wconf 93' lang='lat' dir='ltr'><strong>uno</strong></span> <span class='ocrx_word' id='word_1_36' title='bbox 678 581 936 627; x_wconf 87' lang='lat' dir='ltr'><strong>contactu</strong></span> <span class='ocrx_word' id='word_1_37' title='bbox 967 574 1280 644; x_wconf 89' lang='lat' dir='ltr'><strong>obtrituque</strong></span> <span class='ocrx_word' id='word_1_38' title='bbox 1311 575 1614 646; x_wconf 82' lang='lat' dir='ltr'><strong>proﬂigavi,</strong></span> <span class='ocrx_word' id='word_1_39' title='bbox 1649 575 1912 630; x_wconf 80' lang='lat' dir='ltr'><strong>eﬂicacis-</strong></span> 
     </span>
    </p>
   </div>
   <div class='ocr_carea' id='block_1_9' title="bbox 342 663 1917 722">
    <p class='ocr_par' dir='ltr' id='par_1_9' title="bbox 342 663 1917 722">
     <span class='ocr_line' id='line_1_9' title="bbox 342 663 1917 722; baseline -0.002 -1"><span class='ocrx_word' id='word_1_40' title='bbox 342 667 479 721; x_wconf 87' lang='lat' dir='ltr'><strong>sima</strong></span> <span class='ocrx_word' id='word_1_41' title='bbox 510 663 600 718; x_wconf 87' lang='lat' dir='ltr'><strong>Dei</strong></span> <span class='ocrx_word' id='word_1_42' title='bbox 635 664 737 718; x_wconf 84' lang='lat' dir='ltr'><strong>fide</strong></span> <span class='ocrx_word' id='word_1_43' title='bbox 768 679 830 717; x_wconf 92' lang='lat' dir='ltr'><strong>ac</strong></span> <span class='ocrx_word' id='word_1_44' title='bbox 865 665 1092 720; x_wconf 88' lang='lat' dir='ltr'><strong>salutari</strong></span> <span class='ocrx_word' id='word_1_45' title='bbox 1121 665 1338 722; x_wconf 84' lang='lat' dir='ltr'><strong>Domini</strong></span> <span class='ocrx_word' id='word_1_46' title='bbox 1378 669 1552 722; x_wconf 77' lang='lat' dir='ltr'><strong>nostri</strong></span> <span class='ocrx_word' id='word_1_47' title='bbox 1589 666 1720 722; x_wconf 83' lang='lat' dir='ltr'><strong>Jesu</strong></span> <span class='ocrx_word' id='word_1_48' title='bbox 1764 665 1917 720; x_wconf 81' lang='lat' dir='ltr'><strong>Chri-</strong></span> 
     </span>
    </p>
   </div>
   <div class='ocr_carea' id='block_1_10' title="bbox 343 756 1917 828">
    <p class='ocr_par' dir='ltr' id='par_1_10' title="bbox 343 756 1917 828">
     <span class='ocr_line' id='line_1_10' title="bbox 343 756 1917 828; baseline -0.001 -17"><span class='ocrx_word' id='word_1_49' title='bbox 343 756 714 828; x_wconf 85' lang='lat' dir='ltr'><strong>sti_doctrina</strong></span> <span class='ocrx_word' id='word_1_50' title='bbox 768 756 1056 822; x_wconf 83' lang='lat' dir='ltr'><strong>subnixus,</strong></span> <span class='ocrx_word' id='word_1_51' title='bbox 1111 757 1205 828; x_wconf 88' lang='lat' dir='ltr'><strong>qui</strong></span> <span class='ocrx_word' id='word_1_52' title='bbox 1246 756 1424 815; x_wconf 84' lang='lat' dir='ltr'><strong>dixit:</strong></span> <span class='ocrx_word' id='word_1_53' title='bbox 1469 757 1647 812; x_wconf 80' lang='lat' dir='ltr'><strong>Videte</strong></span> <span class='ocrx_word' id='word_1_54' title='bbox 1685 774 1747 811; x_wconf 71' lang='lat' dir='ltr'><strong>ne</strong></span> <span class='ocrx_word' id='word_1_55' title='bbox 1776 756 1917 810; x_wconf 81' lang='lat' dir='ltr'><strong>deci-</strong></span> 
     </span>
    </p>
   </div>
   <div class='ocr_carea' id='block_1_11' title="bbox 343 823 1913 917">
    <p class='ocr_par' dir='ltr' id='par_1_11' title="bbox 343 823 1913 917">
     <span class='ocr_line' id='line_1_11' title="bbox 343 823 1913 917; baseline -0.001 -17"><span class='ocrx_word' id='word_1_56' title='bbox 343 823 567 917; x_wconf 50' lang='lat' dir='ltr'><strong>piainini</strong></span> <span class='ocrx_word' id='word_1_57' title='bbox 611 848 652 902; x_wconf 86' lang='grc'><strong>¹.</strong></span> <span class='ocrx_word' id='word_1_58' title='bbox 707 847 869 900; x_wconf 77' lang='lat' dir='ltr'><strong>Multi</strong></span> <span class='ocrx_word' id='word_1_59' title='bbox 931 848 1068 899; x_wconf 79' lang='lat' dir='ltr'><strong>enim</strong></span> <span class='ocrx_word' id='word_1_60' title='bbox 1127 823 1333 901; x_wconf 59' lang='lat' dir='ltr'><strong>uenient</strong></span> <span class='ocrx_word' id='word_1_61' title='bbox 1389 848 1848 916; x_wconf 69' lang='lat' dir='ltr'><strong>pseudoprophetce</strong></span> <span class='ocrx_word' id='word_1_62' title='bbox 1871 849 1913 898; x_wconf 83' lang='grc'>².</span> 
     </span>
    </p>
   </div>
   <div class='ocr_carea' id='block_1_12' title="bbox 345 937 1918 1008">
    <p class='ocr_par' dir='ltr' id='par_1_12' title="bbox 345 937 1918 1008">
     <span class='ocr_line' id='line_1_12' title="bbox 345 937 1918 1008; baseline -0.002 -15"><span class='ocrx_word' id='word_1_63' title='bbox 345 939 590 1008; x_wconf 85' lang='lat' dir='ltr'><strong>Cumque</strong></span> <span class='ocrx_word' id='word_1_64' title='bbox 623 946 672 993; x_wconf 93' lang='lat' dir='ltr'><strong>et</strong></span> <span class='ocrx_word' id='word_1_65' title='bbox 703 939 996 1007; x_wconf 75' lang='lat' dir='ltr'><strong>Apostolus</strong></span> <span class='ocrx_word' id='word_1_66' title='bbox 1039 937 1106 992; x_wconf 90' lang='lat' dir='ltr'><strong>de</strong></span> <span class='ocrx_word' id='word_1_67' title='bbox 1149 939 1342 994; x_wconf 87' lang='lat' dir='ltr'><strong>iisdem</strong></span> <span class='ocrx_word' id='word_1_68' title='bbox 1386 940 1663 994; x_wconf 90' lang='lat' dir='ltr'><strong>ementitis</strong></span> <span class='ocrx_word' id='word_1_69' title='bbox 1690 939 1918 993; x_wconf 88' lang='lat' dir='ltr'><strong>christis</strong></span> 
     </span>
    </p>
   </div>
   <div class='ocr_carea' id='block_1_13' title="bbox 346 1028 1914 1098">
    <p class='ocr_par' dir='ltr' id='par_1_13' title="bbox 346 1028 1914 1098">
     <span class='ocr_line' id='line_1_13' title="bbox 346 1028 1914 1098; baseline 0.001 -17"><span class='ocrx_word' id='word_1_70' title='bbox 346 1043 410 1082; x_wconf 86' lang='lat' dir='ltr'><strong>ac</strong></span> <span class='ocrx_word' id='word_1_71' title='bbox 443 1030 738 1097; x_wconf 77' lang='lat' dir='ltr'><strong>magistris,</strong></span> <span class='ocrx_word' id='word_1_72' title='bbox 798 1029 1057 1098; x_wconf 74' lang='lat' dir='ltr'><strong>falsisque</strong></span> <span class='ocrx_word' id='word_1_73' title='bbox 1093 1028 1356 1082; x_wconf 76' lang='lat' dir='ltr'><strong>fratribus</strong></span> <span class='ocrx_word' id='word_1_74' title='bbox 1387 1029 1604 1084; x_wconf 86' lang='lat' dir='ltr'><strong>locutus</strong></span> <span class='ocrx_word' id='word_1_75' title='bbox 1638 1029 1914 1082; x_wconf 76' lang='lat' dir='ltr'><strong>cautiores</strong></span> 
     </span>
    </p>
   </div>
   <div class='ocr_carea' id='block_1_14' title="bbox 345 1119 1920 1188">
    <p class='ocr_par' dir='ltr' id='par_1_14' title="bbox 345 1119 1920 1188">
     <span class='ocr_line' id='line_1_14' title="bbox 345 1119 1920 1188; baseline -0.001 -14"><span class='ocrx_word' id='word_1_76' title='bbox 345 1136 449 1175; x_wconf 89' lang='lat' dir='ltr'><strong>nos</strong></span> <span class='ocrx_word' id='word_1_77' title='bbox 481 1119 800 1183; x_wconf 71' lang='lat' dir='ltr'><strong>reddiderit,</strong></span> <span class='ocrx_word' id='word_1_78' title='bbox 839 1119 904 1172; x_wconf 91' lang='lat' dir='ltr'><strong>ad</strong></span> <span class='ocrx_word' id='word_1_79' title='bbox 933 1119 1193 1188; x_wconf 84' lang='lat' dir='ltr'><strong>reliquas,</strong></span> <span class='ocrx_word' id='word_1_80' title='bbox 1229 1128 1390 1188; x_wconf 84' lang='lat' dir='ltr'><strong>prout</strong></span> <span class='ocrx_word' id='word_1_81' title='bbox 1418 1119 1611 1173; x_wconf 87' lang='lat' dir='ltr'><strong>ordine</strong></span> <span class='ocrx_word' id='word_1_82' title='bbox 1643 1135 1762 1174; x_wconf 89' lang='lat' dir='ltr'><strong>sese</strong></span> <span class='ocrx_word' id='word_1_83' title='bbox 1791 1120 1920 1173; x_wconf 88' lang='lat' dir='ltr'><strong>oll&#39;e-</strong></span> 
     </span>
    </p>
   </div>
   <div class='ocr_carea' id='block_1_15' title="bbox 346 1209 1436 1274">
    <p class='ocr_par' dir='ltr' id='par_1_15' title="bbox 346 1209 1436 1274">
     <span class='ocr_line' id='line_1_15' title="bbox 346 1209 1436 1274; baseline -0.004 -10"><span class='ocrx_word' id='word_1_84' title='bbox 346 1216 496 1274; x_wconf 89' lang='lat' dir='ltr'><strong>runt,</strong></span> <span class='ocrx_word' id='word_1_85' title='bbox 528 1209 910 1265; x_wconf 79' lang='lat' dir='ltr'><strong>transferenda</strong></span> <span class='ocrx_word' id='word_1_86' title='bbox 943 1209 1101 1263; x_wconf 92' lang='lat' dir='ltr'><strong>nobis</strong></span> <span class='ocrx_word' id='word_1_87' title='bbox 1129 1216 1213 1264; x_wconf 90' lang='lat' dir='ltr'><strong>est</strong></span> <span class='ocrx_word' id='word_1_88' title='bbox 1237 1210 1436 1262; x_wconf 83' lang='lat' dir='ltr'><strong>oratio.</strong></span> 
     </span>
    </p>
   </div>
   <div class='ocr_carea' id='block_1_16' title="bbox 619 1339 1643 1413">
    <p class='ocr_par' dir='ltr' id='par_1_16' title="bbox 619 1339 1643 1413">
     <span class='ocr_line' id='line_1_16' title="bbox 619 1339 1643 1413; baseline -0.012 -9"><span class='ocrx_word' id='word_1_89' title='bbox 619 1339 1064 1413; x_wconf 75' lang='lat' dir='ltr'><strong>302CONTRA</strong></span> <span class='ocrx_word' id='word_1_90' title='bbox 1111 1339 1643 1404; x_wconf 73' lang='lat' dir='ltr'><strong>MARCIONISTAS,</strong></span> 
     </span>
    </p>
   </div>
   <div class='ocr_carea' id='block_1_17' title="bbox 561 1449 1707 1519">
    <p class='ocr_par' dir='ltr' id='par_1_17' title="bbox 561 1449 1707 1519">
     <span class='ocr_line' id='line_1_17' title="bbox 561 1449 1707 1519; baseline -0.001 -14"><span class='ocrx_word' id='word_1_91' title='bbox 561 1453 692 1519; x_wconf 77' lang='lat' dir='ltr'><strong>Qua:</strong></span> <span class='ocrx_word' id='word_1_92' title='bbox 750 1463 825 1507; x_wconf 85' lang='lat' dir='ltr'><strong>est</strong></span> <span class='ocrx_word' id='word_1_93' title='bbox 887 1453 1101 1506; x_wconf 71' lang='lat' dir='ltr'><strong>[neres-is</strong></span> <span class='ocrx_word' id='word_1_94' title='bbox 1167 1449 1342 1504; x_wconf 86' lang='lat' dir='ltr'><strong><em>XXII</em></strong></span> <span class='ocrx_word' id='word_1_95' title='bbox 1391 1451 1470 1504; x_wconf 84' lang='lat' dir='ltr'><strong>vel</strong></span> <span class='ocrx_word' id='word_1_96' title='bbox 1523 1449 1707 1504; x_wconf 84' lang='lat' dir='ltr'><strong>XLII.</strong></span> 
     </span>
    </p>
   </div>
   <div class='ocr_carea' id='block_1_18' title="bbox 420 1561 1923 1633">
    <p class='ocr_par' dir='ltr' id='par_1_18' title="bbox 420 1561 1923 1633">
     <span class='ocr_line' id='line_1_18' title="bbox 420 1561 1923 1633; baseline -0.003 -17"><span class='ocrx_word' id='word_1_97' title='bbox 420 1561 462 1617; x_wconf 84' lang='grc' dir='ltr'>Ι.</span> <span class='ocrx_word' id='word_1_98' title='bbox 505 1562 770 1626; x_wconf 80' lang='lat' dir='ltr'><strong>Marcion,</strong></span> <span class='ocrx_word' id='word_1_99' title='bbox 820 1579 850 1616; x_wconf 89' lang='lat' dir='ltr'><strong>a</strong></span> <span class='ocrx_word' id='word_1_100' title='bbox 879 1578 989 1633; x_wconf 89' lang='lat' dir='ltr'><strong>quo</strong></span> <span class='ocrx_word' id='word_1_101' title='bbox 1034 1561 1401 1616; x_wconf 66' lang='lat' dir='ltr'><strong>Marcionistae</strong></span> <span class='ocrx_word' id='word_1_102' title='bbox 1459 1561 1724 1615; x_wconf 86' lang='lat' dir='ltr'><strong>nominati</strong></span> <span class='ocrx_word' id='word_1_103' title='bbox 1773 1568 1923 1623; x_wconf 90' lang='lat' dir='ltr'><strong>sunt,</strong></span> 
     </span>
    </p>
   </div>
   <div class='ocr_carea' id='block_1_19' title="bbox 2013 391 3616 464">
    <p class='ocr_par' dir='ltr' id='par_1_19' title="bbox 2013 391 3616 464">
     <span class='ocr_line' id='line_1_19' title="bbox 2013 391 3616 464; baseline -0.003 -17"><span class='ocrx_word' id='word_1_104' title='bbox 2013 392 2212 447; x_wconf 82' lang='grc' dir='ltr'>ἅλωσιν</span> <span class='ocrx_word' id='word_1_105' title='bbox 2247 393 2610 464; x_wconf 80' lang='grc' dir='ltr'><strong>ποιησάμενος</strong></span> <span class='ocrx_word' id='word_1_106' title='bbox 2637 394 2727 446; x_wconf 70' lang='grc' dir='ltr'>διὰ</span> <span class='ocrx_word' id='word_1_107' title='bbox 2767 393 2868 462; x_wconf 89' lang='grc' dir='ltr'><strong>τῆς</strong></span> <span class='ocrx_word' id='word_1_108' title='bbox 2904 392 2997 445; x_wconf 87' lang='grc' dir='ltr'><strong>τοῦ</strong></span> <span class='ocrx_word' id='word_1_109' title='bbox 3035 391 3170 444; x_wconf 89' lang='grc' dir='ltr'>Θεοῦ</span> <span class='ocrx_word' id='word_1_110' title='bbox 3199 393 3616 462; x_wconf 66' lang='grc' dir='ltr'>ἑνεργεστάτης</span> 
     </span>
    </p>
   </div>
   <div class='ocr_carea' id='block_1_20' title="bbox 2014 483 3616 556">
    <p class='ocr_par' dir='ltr' id='par_1_20' title="bbox 2014 483 3616 556">
     <span class='ocr_line' id='line_1_20' title="bbox 2014 483 3616 556; baseline -0.002 -19"><span class='ocrx_word' id='word_1_111' title='bbox 2014 483 2248 546; x_wconf 82' lang='grc' dir='ltr'>πίστεώς</span> <span class='ocrx_word' id='word_1_112' title='bbox 2275 503 2334 538; x_wconf 90' lang='grc' dir='ltr'><strong>τε</strong></span> <span class='ocrx_word' id='word_1_113' title='bbox 2368 487 2463 538; x_wconf 78' lang='grc' dir='ltr'><strong>καὶ</strong></span> <span class='ocrx_word' id='word_1_114' title='bbox 2494 485 2866 556; x_wconf 86' lang='grc' dir='ltr'>σωτηριώδους</span> <span class='ocrx_word' id='word_1_115' title='bbox 2891 485 3240 547; x_wconf 76' lang='grc' dir='ltr'><strong>διδασκαλίας</strong></span> <span class='ocrx_word' id='word_1_116' title='bbox 3268 483 3370 536; x_wconf 86' lang='grc' dir='ltr'><strong>τοῦ</strong></span> <span class='ocrx_word' id='word_1_117' title='bbox 3402 484 3616 553; x_wconf 70' lang='grc' dir='ltr'>Κυρίου</span> 
     </span>
    </p>
   </div>
   <div class='ocr_carea' id='block_1_21' title="bbox 2016 572 3615 646">
    <p class='ocr_par' dir='ltr' id='par_1_21' title="bbox 2016 572 3615 646">
     <span class='ocr_line' id='line_1_21' title="bbox 2016 572 3615 646; baseline -0.003 -17"><span class='ocrx_word' id='word_1_118' title='bbox 2016 575 2172 646; x_wconf 83' lang='grc' dir='ltr'>ήμῶν</span> <span class='ocrx_word' id='word_1_119' title='bbox 2211 575 2385 646; x_wconf 79' lang='grc' dir='ltr'>Ἰησοῦ</span> <span class='ocrx_word' id='word_1_120' title='bbox 2446 574 2716 646; x_wconf 84' lang='grc' dir='ltr'><strong>Χριστοῦ,</strong></span> <span class='ocrx_word' id='word_1_121' title='bbox 2766 575 2858 627; x_wconf 84' lang='grc' dir='ltr'><strong>τοῦ</strong></span> <span class='ocrx_word' id='word_1_122' title='bbox 2900 575 3177 638; x_wconf 81' lang='grc' dir='ltr'>εἰπόντος’</span> <span class='ocrx_word' id='word_1_123' title='bbox 3215 573 3496 627; x_wconf 68' lang='grc' dir='ltr'>Βλέπετε</span> <span class='ocrx_word' id='word_1_124' title='bbox 3529 572 3615 640; x_wconf 77' lang='grc' dir='ltr'>μὴ</span> 
     </span>
    </p>
   </div>
   <div class='ocr_carea' id='block_1_22' title="bbox 2017 662 3618 735">
    <p class='ocr_par' dir='ltr' id='par_1_22' title="bbox 2017 662 3618 735">
     <span class='ocr_line' id='line_1_22' title="bbox 2017 662 3618 735; baseline -0.004 -15"><span class='ocrx_word' id='word_1_125' title='bbox 2017 665 2383 735; x_wconf 75' lang='grc' dir='ltr'><strong>πλανηθῆτε.</strong></span> <span class='ocrx_word' id='word_1_126' title='bbox 2429 666 2655 720; x_wconf 75' lang='grc' dir='ltr'>Πολλοὶ</span> <span class='ocrx_word' id='word_1_127' title='bbox 2711 665 2819 735; x_wconf 71' lang='grc' dir='ltr'>γὰρ</span> <span class='ocrx_word' id='word_1_128' title='bbox 2869 665 3223 720; x_wconf 74' lang='grc' dir='ltr'><strong>ἐλεύσονται</strong></span> <span class='ocrx_word' id='word_1_129' title='bbox 3269 662 3618 732; x_wconf 65' lang='grc' dir='ltr'>ψευδοπρο-</span> 
     </span>
    </p>
   </div>
   <div class='ocr_carea' id='block_1_23' title="bbox 1973 754 3614 829">
    <p class='ocr_par' dir='ltr' id='par_1_23' title="bbox 1973 754 3614 829">
     <span class='ocr_line' id='line_1_23' title="bbox 1973 754 3614 829; baseline -0.004 -16"><span class='ocrx_word' id='word_1_130' title='bbox 1973 804 1982 813; x_wconf 92' lang='grc'><strong>.</strong></span> <span class='ocrx_word' id='word_1_131' title='bbox 2017 759 2216 829; x_wconf 69' lang='grc' dir='ltr'>φῆται.</span> <span class='ocrx_word' id='word_1_132' title='bbox 2249 760 2359 813; x_wconf 78' lang='grc' dir='ltr'><strong>Καὶ</strong></span> <span class='ocrx_word' id='word_1_133' title='bbox 2391 757 2485 811; x_wconf 91' lang='grc' dir='ltr'><strong>τοῦ</strong></span> <span class='ocrx_word' id='word_1_134' title='bbox 2528 757 2848 811; x_wconf 82' lang='grc' dir='ltr'>Ἀποστόλου</span> <span class='ocrx_word' id='word_1_135' title='bbox 2884 757 3012 828; x_wconf 77' lang='grc' dir='ltr'>περὶ</span> <span class='ocrx_word' id='word_1_136' title='bbox 3051 757 3159 809; x_wconf 83' lang='grc' dir='ltr'>τῶν</span> <span class='ocrx_word' id='word_1_137' title='bbox 3191 755 3384 808; x_wconf 81' lang='grc' dir='ltr'>αὐτῶν</span> <span class='ocrx_word' id='word_1_138' title='bbox 3423 754 3614 824; x_wconf 69' lang='grc' dir='ltr'>ψευδο-</span> 
     </span>
    </p>
   </div>
   <div class='ocr_carea' id='block_1_24' title="bbox 2019 845 3616 921">
    <p class='ocr_par' dir='ltr' id='par_1_24' title="bbox 2019 845 3616 921">
     <span class='ocr_line' id='line_1_24' title="bbox 2019 845 3616 921; baseline -0.006 -18"><span class='ocrx_word' id='word_1_139' title='bbox 2019 851 2272 921; x_wconf 87' lang='grc' dir='ltr'>χρίστων,</span> <span class='ocrx_word' id='word_1_140' title='bbox 2297 851 2389 903; x_wconf 71' lang='grc' dir='ltr'>καὶ</span> <span class='ocrx_word' id='word_1_141' title='bbox 2412 848 2930 918; x_wconf 77' lang='grc' dir='ltr'>ψευδοδιδασκάλων,</span> <span class='ocrx_word' id='word_1_142' title='bbox 2961 846 3055 900; x_wconf 76' lang='grc' dir='ltr'>καὶ</span> <span class='ocrx_word' id='word_1_143' title='bbox 3081 845 3482 915; x_wconf 72' lang='grc' dir='ltr'>ψευδαδέλφων</span> <span class='ocrx_word' id='word_1_144' title='bbox 3515 845 3616 911; x_wconf 61' lang='grc' dir='ltr'><strong>’,τήν</strong></span> 
     </span>
    </p>
   </div>
   <div class='ocr_carea' id='block_1_25' title="bbox 2023 934 3618 1009">
    <p class='ocr_par' dir='ltr' id='par_1_25' title="bbox 2023 934 3618 1009">
     <span class='ocr_line' id='line_1_25' title="bbox 2023 934 3618 1009; baseline -0.006 -17"><span class='ocrx_word' id='word_1_145' title='bbox 2023 958 2234 1006; x_wconf 86' lang='grc' dir='ltr'>σαντος,</span> <span class='ocrx_word' id='word_1_146' title='bbox 2261 940 2354 992; x_wconf 71' lang='grc' dir='ltr'><strong>καὶ</strong></span> <span class='ocrx_word' id='word_1_147' title='bbox 2375 941 2522 1009; x_wconf 78' lang='grc' dir='ltr'>ἡμᾶς</span> <span class='ocrx_word' id='word_1_148' title='bbox 2542 938 3005 1008; x_wconf 82' lang='grc' dir='ltr'>ἀσφαλισαμένου,</span> <span class='ocrx_word' id='word_1_149' title='bbox 3035 937 3128 989; x_wconf 72' lang='grc' dir='ltr'><strong>ἐπὶ</strong></span> <span class='ocrx_word' id='word_1_150' title='bbox 3155 935 3258 998; x_wconf 79' lang='grc' dir='ltr'>τὰς</span> <span class='ocrx_word' id='word_1_151' title='bbox 3289 935 3453 1003; x_wconf 76' lang='grc' dir='ltr'>ἑξῆς,</span> <span class='ocrx_word' id='word_1_152' title='bbox 3483 934 3618 985; x_wconf 77' lang='grc' dir='ltr'><strong>κατά</strong></span> 
     </span>
    </p>
   </div>
   <div class='ocr_carea' id='block_1_26' title="bbox 2021 1025 3620 1100">
    <p class='ocr_par' dir='ltr' id='par_1_26' title="bbox 2021 1025 3620 1100">
     <span class='ocr_line' id='line_1_26' title="bbox 2021 1025 3620 1100; baseline -0.006 -17"><span class='ocrx_word' id='word_1_153' title='bbox 2021 1031 2118 1100; x_wconf 76' lang='grc' dir='ltr'>τὴν</span> <span class='ocrx_word' id='word_1_154' title='bbox 2153 1030 2472 1084; x_wconf 77' lang='grc' dir='ltr'>ἀκολουθίαν</span> <span class='ocrx_word' id='word_1_155' title='bbox 2504 1029 2905 1099; x_wconf 76' lang='grc' dir='ltr'>προϐαινόντων</span> <span class='ocrx_word' id='word_1_156' title='bbox 2939 1028 3045 1080; x_wconf 79' lang='grc' dir='ltr'>τῶν</span> <span class='ocrx_word' id='word_1_157' title='bbox 3081 1027 3279 1088; x_wconf 81' lang='grc' dir='ltr'>ἄλλων,</span> <span class='ocrx_word' id='word_1_158' title='bbox 3315 1025 3620 1093; x_wconf 62' lang='grc' dir='ltr'>ποιήσομαι</span> 
     </span>
    </p>
   </div>
   <div class='ocr_carea' id='block_1_27' title="bbox 2021 1121 2438 1190">
    <p class='ocr_par' dir='ltr' id='par_1_27' title="bbox 2021 1121 2438 1190">
     <span class='ocr_line' id='line_1_27' title="bbox 2021 1121 2438 1190; baseline 0.002 -18"><span class='ocrx_word' id='word_1_159' title='bbox 2021 1121 2116 1189; x_wconf 76' lang='grc' dir='ltr'>τὴν</span> <span class='ocrx_word' id='word_1_160' title='bbox 2146 1122 2438 1190; x_wconf 76' lang='grc' dir='ltr'>ὑφήγησιν.</span> 
     </span>
    </p>
   </div>
   <div class='ocr_carea' id='block_1_28' title="bbox 2431 1339 3204 1399">
    <p class='ocr_par' dir='ltr' id='par_1_28' title="bbox 2431 1339 3204 1399">
     <span class='ocr_line' id='line_1_28' title="bbox 2431 1339 3204 1399; baseline -0.005 -5"><span class='ocrx_word' id='word_1_161' title='bbox 2431 1341 2622 1394; x_wconf 79' lang='grc' dir='ltr'><strong>ΚΑΤΑ</strong></span> <span class='ocrx_word' id='word_1_162' title='bbox 2657 1339 3204 1399; x_wconf 80' lang='grc' dir='ltr'><strong>ΜΑΡΚΙΩΝῘΣΤΩΝ,</strong></span> 
     </span>
    </p>
   </div>
   <div class='ocr_carea' id='block_1_29' title="bbox 2022 1448 3622 1522">
    <p class='ocr_par' dir='ltr' id='par_1_29' title="bbox 2022 1448 3622 1522">
     <span class='ocr_line' id='line_1_29' title="bbox 2022 1448 3622 1522; baseline -0.003 -16"><span class='ocrx_word' id='word_1_163' title='bbox 2022 1453 2283 1522; x_wconf 77' lang='grc' dir='ltr'>Εἱκοστὴ</span> <span class='ocrx_word' id='word_1_164' title='bbox 2321 1453 2590 1521; x_wconf 82' lang='grc' dir='ltr'>δευτέρα,</span> <span class='ocrx_word' id='word_1_165' title='bbox 2625 1455 2664 1522; x_wconf 80' lang='grc' dir='ltr'><em>ὴ</em></span> <span class='ocrx_word' id='word_1_166' title='bbox 2705 1454 2805 1507; x_wconf 77' lang='grc' dir='ltr'>καὶ</span> <span class='ocrx_word' id='word_1_167' title='bbox 2844 1449 3313 1520; x_wconf 78' lang='grc' dir='ltr'>τεσσαρακοστὴ</span> <span class='ocrx_word' id='word_1_168' title='bbox 3348 1448 3622 1516; x_wconf 59' lang='grc' dir='ltr'>δευτέρα.</span> 
     </span>
    </p>
   </div>
   <div class='ocr_carea' id='block_1_30' title="bbox 2099 1557 3628 1635">
    <p class='ocr_par' dir='ltr' id='par_1_30' title="bbox 2099 1557 3628 1635">
     <span class='ocr_line' id='line_1_30' title="bbox 2099 1557 3628 1635; baseline -0.004 -19"><span class='ocrx_word' id='word_1_169' title='bbox 2099 1565 2177 1616; x_wconf 86' lang='grc' dir='ltr'><strong>Λ’.</strong></span> <span class='ocrx_word' id='word_1_170' title='bbox 2213 1563 2498 1635; x_wconf 89' lang='grc' dir='ltr'>Μαρκίων,</span> <span class='ocrx_word' id='word_1_171' title='bbox 2538 1562 2628 1631; x_wconf 77' lang='grc' dir='ltr'>ἀφ’</span> <span class='ocrx_word' id='word_1_172' title='bbox 2661 1557 2831 1633; x_wconf 74' lang='grc' dir='ltr'>οὗπερ</span> <span class='ocrx_word' id='word_1_173' title='bbox 2856 1559 3299 1632; x_wconf 69' lang='grc' dir='ltr'>Μαρκιωνισταὶ,</span> <span class='ocrx_word' id='word_1_174' title='bbox 3331 1563 3403 1612; x_wconf 80' lang='grc' dir='ltr'>ὲκ</span> <span class='ocrx_word' id='word_1_175' title='bbox 3441 1559 3628 1611; x_wconf 79' lang='grc' dir='ltr'>τούτου</span> 
     </span>
    </p>
   </div>
   <div class='ocr_carea' id='block_1_31' title="bbox 351 1647 1941 1726">
    <p class='ocr_par' dir='ltr' id='par_1_31' title="bbox 351 1652 1925 1722">
     <span class='ocr_line' id='line_1_31' title="bbox 351 1652 1925 1722; baseline -0.003 -13"><span class='ocrx_word' id='word_1_176' title='bbox 351 1669 383 1709; x_wconf 85' lang='lat' dir='ltr'><strong>a</strong></span> <span class='ocrx_word' id='word_1_177' title='bbox 407 1655 652 1709; x_wconf 84' lang='lat' dir='ltr'><strong>Cerdone</strong></span> <span class='ocrx_word' id='word_1_178' title='bbox 679 1655 771 1708; x_wconf 89' lang='lat' dir='ltr'><strong>illo</strong></span> <span class='ocrx_word' id='word_1_179' title='bbox 793 1655 919 1709; x_wconf 87' lang='lat' dir='ltr'><strong>novi</strong></span> <span class='ocrx_word' id='word_1_180' title='bbox 949 1654 1224 1722; x_wconf 88' lang='lat' dir='ltr'><strong>dogmatis</strong></span> <span class='ocrx_word' id='word_1_181' title='bbox 1256 1653 1603 1707; x_wconf 90' lang='lat' dir='ltr'><strong>occasionem</strong></span> <span class='ocrx_word' id='word_1_182' title='bbox 1634 1652 1925 1720; x_wconf 85' lang='lat' dir='ltr'><strong>arripiens,</strong></span> 
     </span>
    </p>
   </div>
   <div class='ocr_carea' id='block_1_32' title="bbox 2069 1647 3626 1726">
    <p class='ocr_par' dir='ltr' id='par_1_32' title="bbox 2069 1647 3626 1726">
     <span class='ocr_line' id='line_1_32' title="bbox 2069 1647 3626 1726; baseline -0.006 -18"><span class='ocrx_word' id='word_1_183' title='bbox 2069 1655 2122 1708; x_wconf 83' lang='grc' dir='ltr'><strong>οῦ</strong></span> <span class='ocrx_word' id='word_1_184' title='bbox 2156 1655 2552 1726; x_wconf 75' lang='grc' dir='ltr'>προειρημένου</span> <span class='ocrx_word' id='word_1_185' title='bbox 2594 1654 2873 1725; x_wconf 83' lang='grc' dir='ltr'>Κέρδωνος</span> <span class='ocrx_word' id='word_1_186' title='bbox 2905 1654 3002 1722; x_wconf 80' lang='grc' dir='ltr'><strong>τὴν</strong></span> <span class='ocrx_word' id='word_1_187' title='bbox 3036 1653 3318 1722; x_wconf 61' lang='grc' dir='ltr'>πρόφασιν</span> <span class='ocrx_word' id='word_1_188' title='bbox 3363 1647 3626 1718; x_wconf 63' lang='grc' dir='ltr'>εἰληφὼς,</span> 
     </span>
    </p>
   </div>
   <div class='ocr_carea' id='block_1_33' title="bbox 355 1741 1928 1813">
    <p class='ocr_par' dir='ltr' id='par_1_33' title="bbox 355 1741 1928 1813">
     <span class='ocr_line' id='line_1_33' title="bbox 355 1741 1928 1813; baseline -0.003 -15"><span class='ocrx_word' id='word_1_189' title='bbox 355 1745 549 1813; x_wconf 85' lang='lat' dir='ltr'><strong>ingens</strong></span> <span class='ocrx_word' id='word_1_190' title='bbox 581 1749 637 1798; x_wconf 90' lang='lat' dir='ltr'><strong>et</strong></span> <span class='ocrx_word' id='word_1_191' title='bbox 660 1743 777 1812; x_wconf 90' lang='lat' dir='ltr'><strong>ipse</strong></span> <span class='ocrx_word' id='word_1_192' title='bbox 804 1742 1028 1797; x_wconf 83' lang='lat' dir='ltr'><strong>coluber</strong></span> <span class='ocrx_word' id='word_1_193' title='bbox 1058 1741 1113 1794; x_wconf 90' lang='lat' dir='ltr'><strong>in</strong></span> <span class='ocrx_word' id='word_1_194' title='bbox 1149 1741 1334 1795; x_wconf 90' lang='lat' dir='ltr'><strong>orbem</strong></span> <span class='ocrx_word' id='word_1_195' title='bbox 1370 1748 1640 1796; x_wconf 88' lang='lat' dir='ltr'><strong>terrarum</strong></span> <span class='ocrx_word' id='word_1_196' title='bbox 1683 1741 1928 1794; x_wconf 89' lang='lat' dir='ltr'><strong>invectus</strong></span> 
     </span>
    </p>
   </div>
   <div class='ocr_carea' id='block_1_34' title="bbox 353 1829 1934 1895">
    <p class='ocr_par' dir='ltr' id='par_1_34' title="bbox 353 1829 1934 1895">
     <span class='ocr_line' id='line_1_34' title="bbox 353 1829 1934 1895; baseline -0.004 -9"><span class='ocrx_word' id='word_1_197' title='bbox 353 1839 461 1886; x_wconf 84' lang='lat' dir='ltr'><strong>est.</strong></span> <span class='ocrx_word' id='word_1_198' title='bbox 527 1830 629 1895; x_wconf 86' lang='lat' dir='ltr'><strong>Qui</strong></span> <span class='ocrx_word' id='word_1_199' title='bbox 661 1830 873 1883; x_wconf 85' lang='lat' dir='ltr'><strong>infinita</strong></span> <span class='ocrx_word' id='word_1_200' title='bbox 905 1830 1186 1886; x_wconf 91' lang='lat' dir='ltr'><strong>hominum</strong></span> <span class='ocrx_word' id='word_1_201' title='bbox 1221 1830 1571 1884; x_wconf 86' lang='lat' dir='ltr'><strong>multitudine</strong></span> <span class='ocrx_word' id='word_1_202' title='bbox 1611 1829 1778 1884; x_wconf 81' lang='lat' dir='ltr'><strong>variis</strong></span> <span class='ocrx_word' id='word_1_203' title='bbox 1807 1830 1934 1882; x_wconf 87' lang='lat' dir='ltr'><strong>arti-</strong></span> 
     </span>
    </p>
   </div>
   <div class='ocr_carea' id='block_1_35' title="bbox 355 1918 1931 1990">
    <p class='ocr_par' dir='ltr' id='par_1_35' title="bbox 355 1918 1931 1990">
     <span class='ocr_line' id='line_1_35' title="bbox 355 1918 1931 1990; baseline -0.001 -13"><span class='ocrx_word' id='word_1_204' title='bbox 355 1922 460 1977; x_wconf 86' lang='lat' dir='ltr'><strong>bus</strong></span> <span class='ocrx_word' id='word_1_205' title='bbox 495 1921 562 1974; x_wconf 88' lang='lat' dir='ltr'><strong>ad</strong></span> <span class='ocrx_word' id='word_1_206' title='bbox 613 1921 716 1975; x_wconf 91' lang='lat' dir='ltr'><strong>boc</strong></span> <span class='ocrx_word' id='word_1_207' title='bbox 765 1935 941 1990; x_wconf 91' lang='lat' dir='ltr'><strong>usque</strong></span> <span class='ocrx_word' id='word_1_208' title='bbox 994 1930 1211 1990; x_wconf 83' lang='lat' dir='ltr'><strong>tempus</strong></span> <span class='ocrx_word' id='word_1_209' title='bbox 1262 1921 1445 1986; x_wconf 91' lang='lat' dir='ltr'><strong>illusa,</strong></span> <span class='ocrx_word' id='word_1_210' title='bbox 1495 1921 1681 1975; x_wconf 92' lang='lat' dir='ltr'><strong>ludum</strong></span> <span class='ocrx_word' id='word_1_211' title='bbox 1726 1918 1931 1975; x_wconf 73' lang='lat' dir='ltr'><strong>erroris</strong></span> 
     </span>
    </p>
   </div>
   <div class='ocr_carea' id='block_1_36' title="bbox 357 2011 1933 2082">
    <p class='ocr_par' dir='ltr' id='par_1_36' title="bbox 357 2011 1933 2082">
     <span class='ocr_line' id='line_1_36' title="bbox 357 2011 1933 2082; baseline 0.001 -17"><span class='ocrx_word' id='word_1_212' title='bbox 357 2012 593 2082; x_wconf 89' lang='lat' dir='ltr'><strong>aperuit.</strong></span> <span class='ocrx_word' id='word_1_213' title='bbox 625 2011 805 2082; x_wconf 83' lang='lat' dir='ltr'><strong>Atque</strong></span> <span class='ocrx_word' id='word_1_214' title='bbox 836 2013 949 2066; x_wconf 71' lang='lat' dir='ltr'><strong>haec</strong></span> <span class='ocrx_word' id='word_1_215' title='bbox 983 2013 1209 2068; x_wconf 64' lang='lat' dir='ltr'><strong>hmresis</strong></span> <span class='ocrx_word' id='word_1_216' title='bbox 1236 2014 1397 2068; x_wconf 87' lang='lat' dir='ltr'><strong>hodie</strong></span> <span class='ocrx_word' id='word_1_217' title='bbox 1422 2030 1528 2068; x_wconf 91' lang='lat' dir='ltr'><strong>non</strong></span> <span class='ocrx_word' id='word_1_218' title='bbox 1559 2012 1721 2067; x_wconf 92' lang='lat' dir='ltr'><strong>modo</strong></span> <span class='ocrx_word' id='word_1_219' title='bbox 1747 2012 1933 2067; x_wconf 82' lang='lat' dir='ltr'><strong>Romae</strong></span> 
     </span>
    </p>
   </div>
   <div class='ocr_carea' id='block_1_37' title="bbox 358 2102 1936 2176">
    <p class='ocr_par' dir='ltr' id='par_1_37' title="bbox 358 2102 1936 2176">
     <span class='ocr_line' id='line_1_37' title="bbox 358 2102 1936 2176; baseline 0 -19"><span class='ocrx_word' id='word_1_220' title='bbox 358 2110 414 2158; x_wconf 91' lang='lat' dir='ltr'><strong>et</strong></span> <span class='ocrx_word' id='word_1_221' title='bbox 446 2103 500 2156; x_wconf 90' lang='lat' dir='ltr'><strong>in</strong></span> <span class='ocrx_word' id='word_1_222' title='bbox 528 2102 682 2157; x_wconf 90' lang='lat' dir='ltr'><strong>Italia</strong></span> <span class='ocrx_word' id='word_1_223' title='bbox 726 2105 1021 2174; x_wconf 86' lang='lat' dir='ltr'><strong>reperitur,</strong></span> <span class='ocrx_word' id='word_1_224' title='bbox 1071 2106 1168 2161; x_wconf 89' lang='lat' dir='ltr'><strong>sed</strong></span> <span class='ocrx_word' id='word_1_225' title='bbox 1198 2113 1253 2160; x_wconf 91' lang='lat' dir='ltr'><strong>et</strong></span> <span class='ocrx_word' id='word_1_226' title='bbox 1280 2105 1573 2176; x_wconf 57' lang='lat' dir='ltr'><strong>[Egyptum</strong></span> <span class='ocrx_word' id='word_1_227' title='bbox 1605 2121 1669 2160; x_wconf 91' lang='lat' dir='ltr'><strong>ac</strong></span> <span class='ocrx_word' id='word_1_228' title='bbox 1696 2104 1936 2160; x_wconf 71' lang='lat' dir='ltr'><strong>Palaesti-</strong></span> 
     </span>
    </p>
   </div>
   <div class='ocr_carea' id='block_1_38' title="bbox 356 2199 1933 2271">
    <p class='ocr_par' dir='ltr' id='par_1_38' title="bbox 356 2199 1933 2271">
     <span class='ocr_line' id='line_1_38' title="bbox 356 2199 1933 2271; baseline 0.004 -23"><span class='ocrx_word' id='word_1_229' title='bbox 356 2210 508 2258; x_wconf 88' lang='lat' dir='ltr'><strong>nam,</strong></span> <span class='ocrx_word' id='word_1_230' title='bbox 551 2211 652 2251; x_wconf 84' lang='lat' dir='ltr'><strong>nec</strong></span> <span class='ocrx_word' id='word_1_231' title='bbox 695 2211 804 2251; x_wconf 92' lang='lat' dir='ltr'><strong>non</strong></span> <span class='ocrx_word' id='word_1_232' title='bbox 870 2199 1123 2252; x_wconf 87' lang='lat' dir='ltr'><strong>Arabiam</strong></span> <span class='ocrx_word' id='word_1_233' title='bbox 1178 2214 1244 2254; x_wconf 90' lang='lat' dir='ltr'><strong>ac</strong></span> <span class='ocrx_word' id='word_1_234' title='bbox 1291 2199 1528 2271; x_wconf 83' lang='lat' dir='ltr'><strong>Syriam,</strong></span> <span class='ocrx_word' id='word_1_235' title='bbox 1591 2201 1828 2271; x_wconf 72' lang='lat' dir='ltr'><strong>Cyprum</strong></span> <span class='ocrx_word' id='word_1_236' title='bbox 1868 2216 1933 2256; x_wconf 87' lang='lat' dir='ltr'><strong>ac</strong></span> 
     </span>
    </p>
   </div>
   <div class='ocr_carea' id='block_1_39' title="bbox 357 2283 1933 2362">
    <p class='ocr_par' dir='ltr' id='par_1_39' title="bbox 357 2283 1933 2362">
     <span class='ocr_line' id='line_1_39' title="bbox 357 2283 1933 2362; baseline 0.004 -22"><span class='ocrx_word' id='word_1_237' title='bbox 357 2283 716 2352; x_wconf 86' lang='lat' dir='ltr'><strong>Thebaidem,</strong></span> <span class='ocrx_word' id='word_1_238' title='bbox 760 2287 871 2340; x_wconf 93' lang='lat' dir='ltr'><strong>imo</strong></span> <span class='ocrx_word' id='word_1_239' title='bbox 911 2289 1072 2343; x_wconf 89' lang='lat' dir='ltr'><strong>etiam</strong></span> <span class='ocrx_word' id='word_1_240' title='bbox 1106 2288 1409 2355; x_wconf 90' lang='lat' dir='ltr'><strong>Persidem,</strong></span> <span class='ocrx_word' id='word_1_241' title='bbox 1463 2292 1708 2360; x_wconf 89' lang='lat' dir='ltr'><strong>aliasque</strong></span> <span class='ocrx_word' id='word_1_242' title='bbox 1751 2294 1933 2362; x_wconf 86' lang='lat' dir='ltr'><strong>regio-</strong></span> 
     </span>
    </p>
   </div>
   <div class='ocr_carea' id='block_1_40' title="bbox 358 2378 1934 2452">
    <p class='ocr_par' dir='ltr' id='par_1_40' title="bbox 358 2378 1934 2452">
     <span class='ocr_line' id='line_1_40' title="bbox 358 2378 1934 2452; baseline 0.006 -21"><span class='ocrx_word' id='word_1_243' title='bbox 358 2391 460 2432; x_wconf 88' lang='lat' dir='ltr'><strong>nes</strong></span> <span class='ocrx_word' id='word_1_244' title='bbox 511 2378 670 2446; x_wconf 80' lang='lat' dir='ltr'><strong>longe</strong></span> <span class='ocrx_word' id='word_1_245' title='bbox 720 2385 806 2433; x_wconf 90' lang='lat' dir='ltr'><strong>est</strong></span> <span class='ocrx_word' id='word_1_246' title='bbox 836 2379 1054 2450; x_wconf 88' lang='lat' dir='ltr'><strong>lateque</strong></span> <span class='ocrx_word' id='word_1_247' title='bbox 1096 2391 1403 2452; x_wconf 84' lang='lat' dir='ltr'><strong>pervagata.</strong></span> <span class='ocrx_word' id='word_1_248' title='bbox 1455 2384 1668 2450; x_wconf 84' lang='lat' dir='ltr'><strong>Quibus</strong></span> <span class='ocrx_word' id='word_1_249' title='bbox 1709 2385 1764 2439; x_wconf 89' lang='lat' dir='ltr'><strong>in</strong></span> <span class='ocrx_word' id='word_1_250' title='bbox 1798 2386 1934 2441; x_wconf 88' lang='lat' dir='ltr'><strong>locis</strong></span> 
     </span>
    </p>
   </div>
   <div class='ocr_carea' id='block_1_41' title="bbox 359 2467 1936 2538">
    <p class='ocr_par' dir='ltr' id='par_1_41' title="bbox 359 2467 1936 2538">
     <span class='ocr_line' id='line_1_41' title="bbox 359 2467 1936 2538; baseline 0.007 -19"><span class='ocrx_word' id='word_1_251' title='bbox 359 2467 653 2538; x_wconf 86' lang='lat' dir='ltr'><strong>plurimum</strong></span> <span class='ocrx_word' id='word_1_252' title='bbox 698 2469 1074 2538; x_wconf 79' lang='lat' dir='ltr'><strong>nequissimus</strong></span> <span class='ocrx_word' id='word_1_253' title='bbox 1121 2473 1332 2528; x_wconf 68' lang='lat' dir='ltr'><strong>daemon</strong></span> <span class='ocrx_word' id='word_1_254' title='bbox 1369 2475 1665 2531; x_wconf 83' lang='lat' dir='ltr'><strong>calliditate</strong></span> <span class='ocrx_word' id='word_1_255' title='bbox 1721 2491 1820 2530; x_wconf 90' lang='lat' dir='ltr'><strong>sua</strong></span> <span class='ocrx_word' id='word_1_256' title='bbox 1873 2491 1936 2530; x_wconf 91' lang='lat' dir='ltr'><strong>ac</strong></span> 
     </span>
    </p>
   </div>
   <div class='ocr_carea' id='block_1_42' title="bbox 360 2558 1670 2630">
    <p class='ocr_par' dir='ltr' id='par_1_42' title="bbox 360 2558 1670 2630">
     <span class='ocr_line' id='line_1_42' title="bbox 360 2558 1670 2630; baseline 0.008 -19"><span class='ocrx_word' id='word_1_257' title='bbox 360 2558 732 2612; x_wconf 81' lang='lat' dir='ltr'><strong>fraudulentia</strong></span> <span class='ocrx_word' id='word_1_258' title='bbox 765 2561 1020 2630; x_wconf 81' lang='lat' dir='ltr'><strong>profecit.</strong></span> <span class='ocrx_word' id='word_1_259' title='bbox 1667 2579 1670 2582; x_wconf 75' lang='lat'>‘</span> 
     </span>
    </p>
   </div>
   <div class='ocr_carea' id='block_1_43' title="bbox 431 2665 1940 2747">
    <p class='ocr_par' dir='ltr' id='par_1_43' title="bbox 431 2665 1940 2747">
     <span class='ocr_line' id='line_1_43' title="bbox 431 2665 1940 2747; baseline 0.007 -27"><span class='ocrx_word' id='word_1_260' title='bbox 431 2665 554 2722; x_wconf 84' lang='lat' dir='ltr'><strong>Fuit</strong></span> <span class='ocrx_word' id='word_1_261' title='bbox 584 2667 686 2723; x_wconf 85' lang='lat' dir='ltr'><strong>iste</strong></span> <span class='ocrx_word' id='word_1_262' title='bbox 723 2684 917 2740; x_wconf 82' lang='lat' dir='ltr'><strong>genere</strong></span> <span class='ocrx_word' id='word_1_263' title='bbox 943 2669 1225 2735; x_wconf 88' lang='lat' dir='ltr'><strong>Ponticus.</strong></span> <span class='ocrx_word' id='word_1_264' title='bbox 1275 2688 1338 2728; x_wconf 79' lang='lat' dir='ltr'><strong>ex</strong></span> <span class='ocrx_word' id='word_1_265' title='bbox 1373 2689 1436 2729; x_wconf 84' lang='lat' dir='ltr'><strong>ea</strong></span> <span class='ocrx_word' id='word_1_266' title='bbox 1480 2684 1632 2745; x_wconf 86' lang='lat' dir='ltr'><strong>parte</strong></span> <span class='ocrx_word' id='word_1_267' title='bbox 1670 2692 1791 2747; x_wconf 69' lang='lat' dir='ltr'><strong>qua:</strong></span> <span class='ocrx_word' id='word_1_268' title='bbox 1836 2676 1940 2731; x_wconf 85' lang='lat' dir='ltr'><strong>lle-</strong></span> 
     </span>
    </p>
   </div>
   <div class='ocr_carea' id='block_1_44' title="bbox 359 2757 1935 2834">
    <p class='ocr_par' dir='ltr' id='par_1_44' title="bbox 359 2757 1935 2834">
     <span class='ocr_line' id='line_1_44' title="bbox 359 2757 1935 2834; baseline 0.005 -22"><span class='ocrx_word' id='word_1_269' title='bbox 359 2757 690 2828; x_wconf 73' lang='lat' dir='ltr'><strong>ienopontus</strong></span> <span class='ocrx_word' id='word_1_270' title='bbox 724 2759 948 2823; x_wconf 88' lang='lat' dir='ltr'><strong>dicitur,</strong></span> <span class='ocrx_word' id='word_1_271' title='bbox 980 2763 1183 2832; x_wconf 79' lang='lat' dir='ltr'><strong>Oppido</strong></span> <span class='ocrx_word' id='word_1_272' title='bbox 1224 2763 1446 2834; x_wconf 85' lang='lat' dir='ltr'><strong>Sinope,</strong></span> <span class='ocrx_word' id='word_1_273' title='bbox 1479 2767 1935 2834; x_wconf 89' lang='lat' dir='ltr'><strong>quemadmodum</strong></span> 
     </span>
    </p>
   </div>
   <div class='ocr_carea' id='block_1_45' title="bbox 361 2846 1940 2923">
    <p class='ocr_par' dir='ltr' id='par_1_45' title="bbox 361 2846 1940 2923">
     <span class='ocr_line' id='line_1_45' title="bbox 361 2846 1940 2923; baseline 0.006 -21"><span class='ocrx_word' id='word_1_274' title='bbox 361 2846 636 2918; x_wconf 88' lang='lat' dir='ltr'><strong>frequenti</strong></span> <span class='ocrx_word' id='word_1_275' title='bbox 689 2849 758 2904; x_wconf 91' lang='lat' dir='ltr'><strong>de</strong></span> <span class='ocrx_word' id='word_1_276' title='bbox 795 2865 861 2905; x_wconf 94' lang='lat' dir='ltr'><strong>eo</strong></span> <span class='ocrx_word' id='word_1_277' title='bbox 907 2851 1046 2906; x_wconf 85' lang='lat' dir='ltr'><strong>fama</strong></span> <span class='ocrx_word' id='word_1_278' title='bbox 1088 2854 1424 2923; x_wconf 90' lang='lat' dir='ltr'><strong>percrebuit.</strong></span> <span class='ocrx_word' id='word_1_279' title='bbox 1477 2854 1582 2921; x_wconf 86' lang='lat' dir='ltr'><strong>Qui</strong></span> <span class='ocrx_word' id='word_1_280' title='bbox 1630 2857 1785 2911; x_wconf 89' lang='lat' dir='ltr'><strong>initio</strong></span> <span class='ocrx_word' id='word_1_281' title='bbox 1816 2859 1940 2912; x_wconf 82' lang='lat' dir='ltr'><strong>vitae</strong></span> 
     </span>
    </p>
   </div>
   <div class='ocr_carea' id='block_1_46' title="bbox 362 2941 1942 3014">
    <p class='ocr_par' dir='ltr' id='par_1_46' title="bbox 362 2941 1942 3014">
     <span class='ocr_line' id='line_1_46' title="bbox 362 2941 1942 3014; baseline 0.004 -19"><span class='ocrx_word' id='word_1_282' title='bbox 362 2941 572 2996; x_wconf 84' lang='lat' dir='ltr'><strong>scilicet</strong></span> <span class='ocrx_word' id='word_1_283' title='bbox 609 2943 917 2997; x_wconf 83' lang='lat' dir='ltr'><strong>castitatem</strong></span> <span class='ocrx_word' id='word_1_284' title='bbox 967 2959 1078 3014; x_wconf 83' lang='lat' dir='ltr'><strong>prae</strong></span> <span class='ocrx_word' id='word_1_285' title='bbox 1108 2961 1168 2999; x_wconf 91' lang='lat' dir='ltr'><strong>se</strong></span> <span class='ocrx_word' id='word_1_286' title='bbox 1202 2944 1386 3002; x_wconf 87' lang='lat' dir='ltr'><strong>ferens</strong></span> <span class='ocrx_word' id='word_1_287' title='bbox 1429 2948 1826 3002; x_wconf 87' lang='lat' dir='ltr'><strong>monachorum</strong></span> <span class='ocrx_word' id='word_1_288' title='bbox 1863 2949 1942 3002; x_wconf 90' lang='lat' dir='ltr'><strong>in-</strong></span> 
     </span>
    </p>
   </div>
   <div class='ocr_carea' id='block_1_47' title="bbox 2035 1741 3626 1817">
    <p class='ocr_par' dir='ltr' id='par_1_47' title="bbox 2035 1741 3626 1817">
     <span class='ocr_line' id='line_1_47' title="bbox 2035 1741 3626 1817; baseline -0.006 -17"><span class='ocrx_word' id='word_1_289' title='bbox 2035 1748 2128 1800; x_wconf 76' lang='grc' dir='ltr'><strong>καὶ</strong></span> <span class='ocrx_word' id='word_1_290' title='bbox 2157 1747 2318 1810; x_wconf 76' lang='grc' dir='ltr'>αὐτὸς</span> <span class='ocrx_word' id='word_1_291' title='bbox 2349 1747 2523 1817; x_wconf 82' lang='grc' dir='ltr'>μέγας</span> <span class='ocrx_word' id='word_1_292' title='bbox 2551 1746 2672 1816; x_wconf 73' lang='grc' dir='ltr'>ὄφις</span> <span class='ocrx_word' id='word_1_293' title='bbox 2701 1744 2940 1815; x_wconf 85' lang='grc' dir='ltr'>προῆλθε</span> <span class='ocrx_word' id='word_1_294' title='bbox 2968 1745 3044 1814; x_wconf 82' lang='grc' dir='ltr'><strong>τῷ</strong></span> <span class='ocrx_word' id='word_1_295' title='bbox 3075 1743 3195 1813; x_wconf 83' lang='grc' dir='ltr'>βίῳ.</span> <span class='ocrx_word' id='word_1_296' title='bbox 3230 1743 3384 1796; x_wconf 74' lang='grc' dir='ltr'>Πολὺ</span> <span class='ocrx_word' id='word_1_297' title='bbox 3412 1743 3472 1794; x_wconf 79' lang='grc' dir='ltr'>δὲ</span> <span class='ocrx_word' id='word_1_298' title='bbox 3499 1741 3626 1810; x_wconf 76' lang='grc' dir='ltr'>πλῆο</span> 
     </span>
    </p>
   </div>
   <div class='ocr_carea' id='block_1_48' title="bbox 2034 1833 3630 1906">
    <p class='ocr_par' dir='ltr' id='par_1_48' title="bbox 2034 1833 3630 1906">
     <span class='ocr_line' id='line_1_48' title="bbox 2034 1833 3630 1906; baseline -0.004 -17"><span class='ocrx_word' id='word_1_299' title='bbox 2034 1836 2124 1898; x_wconf 87' lang='grc' dir='ltr'><strong>θος</strong></span> <span class='ocrx_word' id='word_1_300' title='bbox 2163 1836 2506 1906; x_wconf 79' lang='grc' dir='ltr'>ἐξαπατήσας</span> <span class='ocrx_word' id='word_1_301' title='bbox 2553 1835 2632 1888; x_wconf 81' lang='grc' dir='ltr'>ἔτι</span> <span class='ocrx_word' id='word_1_302' title='bbox 2679 1839 2758 1898; x_wconf 79' lang='grc' dir='ltr'>εἰς</span> <span class='ocrx_word' id='word_1_303' title='bbox 2795 1834 2955 1906; x_wconf 86' lang='grc' dir='ltr'>δεῦρο</span> <span class='ocrx_word' id='word_1_304' title='bbox 2995 1838 3074 1897; x_wconf 77' lang='grc' dir='ltr'><strong>εἰς</strong></span> <span class='ocrx_word' id='word_1_305' title='bbox 3115 1833 3350 1895; x_wconf 73' lang='grc' dir='ltr'>πολλοὺς</span> <span class='ocrx_word' id='word_1_306' title='bbox 3394 1833 3630 1899; x_wconf 55' lang='grc' dir='ltr'>τῴπους</span> 
     </span>
    </p>
   </div>
   <div class='ocr_carea' id='block_1_49' title="bbox 2035 1919 3625 1996">
    <p class='ocr_par' dir='ltr' id='par_1_49' title="bbox 2035 1919 3625 1996">
     <span class='ocr_line' id='line_1_49' title="bbox 2035 1919 3625 1996; baseline -0.005 -18"><span class='ocrx_word' id='word_1_307' title='bbox 2035 1927 2270 1996; x_wconf 84' lang='grc' dir='ltr'>προεστή</span> <span class='ocrx_word' id='word_1_308' title='bbox 2283 1941 2407 1978; x_wconf 80' lang='grc' dir='ltr'>σατο</span> <span class='ocrx_word' id='word_1_309' title='bbox 2435 1925 2828 1978; x_wconf 72' lang='grc' dir='ltr'>διδασκαλεῖον.</span> <span class='ocrx_word' id='word_1_310' title='bbox 2857 1925 2920 1976; x_wconf 81' lang='grc' dir='ltr'><em>Ἦ</em></span> <span class='ocrx_word' id='word_1_311' title='bbox 2944 1924 3000 1976; x_wconf 83' lang='grc' dir='ltr'>δὲ</span> <span class='ocrx_word' id='word_1_312' title='bbox 3028 1923 3240 1994; x_wconf 73' lang='grc' dir='ltr'>αἵρεσις</span> <span class='ocrx_word' id='word_1_313' title='bbox 3271 1921 3353 1973; x_wconf 78' lang='grc' dir='ltr'>ἔτι</span> <span class='ocrx_word' id='word_1_314' title='bbox 3387 1922 3489 1972; x_wconf 87' lang='grc' dir='ltr'><strong>καί</strong></span> <span class='ocrx_word' id='word_1_315' title='bbox 3517 1919 3625 1980; x_wconf 76' lang='grc' dir='ltr'>νῦν,</span> 
     </span>
    </p>
   </div>
   <div class='ocr_carea' id='block_1_50' title="bbox 2035 2011 3630 2087">
    <p class='ocr_par' dir='ltr' id='par_1_50' title="bbox 2035 2011 3630 2087">
     <span class='ocr_line' id='line_1_50' title="bbox 2035 2011 3630 2087; baseline -0.004 -19"><span class='ocrx_word' id='word_1_316' title='bbox 2035 2015 2091 2070; x_wconf 75' lang='grc' dir='ltr'><strong>έν</strong></span> <span class='ocrx_word' id='word_1_317' title='bbox 2115 2034 2174 2068; x_wconf 88' lang='grc' dir='ltr'><strong>τε</strong></span> <span class='ocrx_word' id='word_1_318' title='bbox 2214 2015 2399 2087; x_wconf 80' lang='grc' dir='ltr'>Ῥώμῃ</span> <span class='ocrx_word' id='word_1_319' title='bbox 2441 2015 2535 2070; x_wconf 77' lang='grc' dir='ltr'>καὶ</span> <span class='ocrx_word' id='word_1_320' title='bbox 2574 2017 2631 2068; x_wconf 86' lang='grc' dir='ltr'>ὲν</span> <span class='ocrx_word' id='word_1_321' title='bbox 2672 2019 2736 2086; x_wconf 83' lang='grc' dir='ltr'>τῇ</span> <span class='ocrx_word' id='word_1_322' title='bbox 2781 2015 3000 2085; x_wconf 74' lang='grc' dir='ltr'>Ἰταλίᾳ,</span> <span class='ocrx_word' id='word_1_323' title='bbox 3025 2016 3082 2068; x_wconf 82' lang='grc' dir='ltr'>ὲν</span> <span class='ocrx_word' id='word_1_324' title='bbox 3115 2013 3387 2082; x_wconf 74' lang='grc' dir='ltr'>Αἰγύπτῳ</span> <span class='ocrx_word' id='word_1_325' title='bbox 3425 2029 3489 2064; x_wconf 84' lang='grc' dir='ltr'><strong>τε</strong></span> <span class='ocrx_word' id='word_1_326' title='bbox 3541 2011 3630 2063; x_wconf 67' lang='grc' dir='ltr'>καὶ</span> 
     </span>
    </p>
   </div>
   <div class='ocr_carea' id='block_1_51' title="bbox 2035 2103 3627 2178">
    <p class='ocr_par' dir='ltr' id='par_1_51' title="bbox 2035 2103 3627 2178">
     <span class='ocr_line' id='line_1_51' title="bbox 2035 2103 3627 2178; baseline -0.004 -19"><span class='ocrx_word' id='word_1_327' title='bbox 2035 2109 2093 2159; x_wconf 85' lang='grc' dir='ltr'>ὲν</span> <span class='ocrx_word' id='word_1_328' title='bbox 2124 2106 2470 2178; x_wconf 77' lang='grc' dir='ltr'>Παλαιστίνῃ,</span> <span class='ocrx_word' id='word_1_329' title='bbox 2520 2108 2578 2158; x_wconf 80' lang='grc' dir='ltr'><strong>ἐν</strong></span> <span class='ocrx_word' id='word_1_330' title='bbox 2620 2105 2848 2176; x_wconf 80' lang='grc' dir='ltr'>Ἀραϐίᾳ</span> <span class='ocrx_word' id='word_1_331' title='bbox 2883 2122 2943 2157; x_wconf 90' lang='grc' dir='ltr'><strong>τε</strong></span> <span class='ocrx_word' id='word_1_332' title='bbox 2983 2104 3079 2156; x_wconf 70' lang='grc' dir='ltr'>καὶ</span> <span class='ocrx_word' id='word_1_333' title='bbox 3130 2105 3189 2155; x_wconf 83' lang='grc' dir='ltr'>ὲν</span> <span class='ocrx_word' id='word_1_334' title='bbox 3230 2106 3302 2173; x_wconf 79' lang='grc' dir='ltr'>τῇ</span> <span class='ocrx_word' id='word_1_335' title='bbox 3343 2103 3541 2172; x_wconf 71' lang='grc' dir='ltr'>Συρίᾳ,</span> <span class='ocrx_word' id='word_1_336' title='bbox 3574 2103 3627 2153; x_wconf 77' lang='grc' dir='ltr'><strong>ἐν</strong></span> 
     </span>
    </p>
   </div>
   <div class='ocr_carea' id='block_1_52' title="bbox 2035 2196 3631 2269">
    <p class='ocr_par' dir='ltr' id='par_1_52' title="bbox 2035 2196 3631 2269">
     <span class='ocr_line' id='line_1_52' title="bbox 2035 2196 3631 2269; baseline -0.003 -19"><span class='ocrx_word' id='word_1_337' title='bbox 2035 2197 2247 2269; x_wconf 81' lang='grc' dir='ltr'>Κύπρῳ</span> <span class='ocrx_word' id='word_1_338' title='bbox 2277 2215 2337 2249; x_wconf 90' lang='grc' dir='ltr'><strong>τε</strong></span> <span class='ocrx_word' id='word_1_339' title='bbox 2374 2197 2469 2249; x_wconf 74' lang='grc' dir='ltr'>καὶ</span> <span class='ocrx_word' id='word_1_340' title='bbox 2498 2196 2742 2267; x_wconf 75' lang='grc' dir='ltr'>Θηϐαΐδι,</span> <span class='ocrx_word' id='word_1_341' title='bbox 2773 2197 2832 2248; x_wconf 76' lang='grc' dir='ltr'><strong>οὐ</strong></span> <span class='ocrx_word' id='word_1_342' title='bbox 2868 2197 2972 2267; x_wconf 77' lang='grc' dir='ltr'><strong>μὴν</strong></span> <span class='ocrx_word' id='word_1_343' title='bbox 3003 2196 3139 2248; x_wconf 84' lang='grc' dir='ltr'><strong>ἀλλά</strong></span> <span class='ocrx_word' id='word_1_344' title='bbox 3170 2196 3265 2249; x_wconf 78' lang='grc' dir='ltr'><strong>καὶ</strong></span> <span class='ocrx_word' id='word_1_345' title='bbox 3309 2199 3367 2248; x_wconf 80' lang='grc' dir='ltr'><strong>ἐν</strong></span> <span class='ocrx_word' id='word_1_346' title='bbox 3409 2197 3478 2264; x_wconf 83' lang='grc' dir='ltr'>τῇ</span> <span class='ocrx_word' id='word_1_347' title='bbox 3506 2196 3631 2262; x_wconf 85' lang='grc' dir='ltr'>Περ-</span> 
     </span>
    </p>
   </div>
   <div class='ocr_carea' id='block_1_53' title="bbox 2039 2286 3627 2358">
    <p class='ocr_par' dir='ltr' id='par_1_53' title="bbox 2039 2286 3627 2358">
     <span class='ocr_line' id='line_1_53' title="bbox 2039 2286 3627 2358; baseline -0.004 -16"><span class='ocrx_word' id='word_1_348' title='bbox 2039 2290 2162 2350; x_wconf 86' lang='grc' dir='ltr'>σίδι,</span> <span class='ocrx_word' id='word_1_349' title='bbox 2191 2289 2286 2341; x_wconf 71' lang='grc' dir='ltr'><strong>καὶ</strong></span> <span class='ocrx_word' id='word_1_350' title='bbox 2313 2291 2370 2340; x_wconf 81' lang='grc' dir='ltr'><strong>ὲν</strong></span> <span class='ocrx_word' id='word_1_351' title='bbox 2400 2287 2579 2350; x_wconf 80' lang='grc' dir='ltr'>ἄλλοις</span> <span class='ocrx_word' id='word_1_352' title='bbox 2620 2288 2805 2351; x_wconf 87' lang='grc' dir='ltr'>τόποις</span> <span class='ocrx_word' id='word_1_353' title='bbox 2831 2288 3166 2358; x_wconf 81' lang='grc' dir='ltr'>εὑρίσκεται.</span> <span class='ocrx_word' id='word_1_354' title='bbox 3213 2286 3497 2354; x_wconf 77' lang='grc' dir='ltr'>Μεγάλως</span> <span class='ocrx_word' id='word_1_355' title='bbox 3526 2286 3627 2355; x_wconf 67' lang='grc' dir='ltr'>γὰρ</span> 
     </span>
    </p>
   </div>
   <div class='ocr_carea' id='block_1_54' title="bbox 2038 2378 3353 2450">
    <p class='ocr_par' dir='ltr' id='par_1_54' title="bbox 2038 2378 3353 2450">
     <span class='ocr_line' id='line_1_54' title="bbox 2038 2378 3353 2450; baseline -0.002 -19"><span class='ocrx_word' id='word_1_356' title='bbox 2038 2383 2067 2431; x_wconf 85' lang='grc' dir='ltr'>ὁ</span> <span class='ocrx_word' id='word_1_357' title='bbox 2099 2380 2332 2450; x_wconf 75' lang='grc' dir='ltr'>πονηρὸς</span> <span class='ocrx_word' id='word_1_358' title='bbox 2363 2380 2420 2431; x_wconf 78' lang='grc' dir='ltr'>ἐν</span> <span class='ocrx_word' id='word_1_359' title='bbox 2455 2379 2643 2440; x_wconf 74' lang='grc' dir='ltr'>αὐταῖς</span> <span class='ocrx_word' id='word_1_360' title='bbox 2677 2378 2970 2448; x_wconf 77' lang='grc' dir='ltr'>κατίσχυσε</span> <span class='ocrx_word' id='word_1_361' title='bbox 3004 2379 3102 2449; x_wconf 77' lang='grc' dir='ltr'>τὴν</span> <span class='ocrx_word' id='word_1_362' title='bbox 3131 2379 3353 2448; x_wconf 77' lang='grc' dir='ltr'>ἀπάτην</span> 
     </span>
    </p>
   </div>
   <div class='ocr_carea' id='block_1_55' title="bbox 2109 2655 3626 2732">
    <p class='ocr_par' dir='ltr' id='par_1_55' title="bbox 2109 2655 3626 2732">
     <span class='ocr_line' id='line_1_55' title="bbox 2109 2655 3626 2732; baseline -0.006 -16"><span class='ocrx_word' id='word_1_363' title='bbox 2109 2656 2278 2727; x_wconf 75' lang='grc' dir='ltr'>Οὗτος</span> <span class='ocrx_word' id='word_1_364' title='bbox 2323 2662 2385 2715; x_wconf 80' lang='grc' dir='ltr'>τὸ</span> <span class='ocrx_word' id='word_1_365' title='bbox 2435 2662 2590 2731; x_wconf 87' lang='grc' dir='ltr'>γένος</span> <span class='ocrx_word' id='word_1_366' title='bbox 2638 2660 2751 2732; x_wconf 71' lang='grc'><strong>(62)</strong></span> <span class='ocrx_word' id='word_1_367' title='bbox 2794 2659 3055 2723; x_wconf 80' lang='grc' dir='ltr'>Ποντικὸς</span> <span class='ocrx_word' id='word_1_368' title='bbox 3110 2659 3381 2728; x_wconf 77' lang='grc' dir='ltr'>ὑπῆρχεν,</span> <span class='ocrx_word' id='word_1_369' title='bbox 3426 2655 3626 2709; x_wconf 68' lang='grc' dir='ltr'>Ἕλενο-</span> 
     </span>
    </p>
   </div>
   <div class='ocr_carea' id='block_1_56' title="bbox 2042 2747 3628 2823">
    <p class='ocr_par' dir='ltr' id='par_1_56' title="bbox 2042 2747 3628 2823">
     <span class='ocr_line' id='line_1_56' title="bbox 2042 2747 3628 2823; baseline -0.006 -15"><span class='ocrx_word' id='word_1_370' title='bbox 2042 2755 2239 2808; x_wconf 86' lang='grc' dir='ltr'>πόντου</span> <span class='ocrx_word' id='word_1_371' title='bbox 2270 2754 2328 2807; x_wconf 89' lang='grc' dir='ltr'><strong>δέ</strong></span> <span class='ocrx_word' id='word_1_372' title='bbox 2355 2770 2521 2823; x_wconf 82' lang='grc' dir='ltr'>φημι,</span> <span class='ocrx_word' id='word_1_373' title='bbox 2552 2750 2798 2822; x_wconf 83' lang='grc' dir='ltr'>Σινώπης</span> <span class='ocrx_word' id='word_1_374' title='bbox 2831 2751 2889 2804; x_wconf 84' lang='grc' dir='ltr'>δὲ</span> <span class='ocrx_word' id='word_1_375' title='bbox 2929 2750 3158 2813; x_wconf 84' lang='grc' dir='ltr'>πόλεως,</span> <span class='ocrx_word' id='word_1_376' title='bbox 3187 2747 3263 2811; x_wconf 85' lang='grc' dir='ltr'>ὡς</span> <span class='ocrx_word' id='word_1_377' title='bbox 3293 2749 3469 2810; x_wconf 74' lang='grc' dir='ltr'>πολὺς</span> <span class='ocrx_word' id='word_1_378' title='bbox 3505 2747 3628 2816; x_wconf 69' lang='grc' dir='ltr'>περὶ</span> 
     </span>
    </p>
   </div>
   <div class='ocr_carea' id='block_1_57' title="bbox 2042 2839 3617 2918">
    <p class='ocr_par' dir='ltr' id='par_1_57' title="bbox 2042 2839 3617 2918">
     <span class='ocr_line' id='line_1_57' title="bbox 2042 2839 3617 2918; baseline -0.007 -17"><span class='ocrx_word' id='word_1_379' title='bbox 2042 2846 2207 2902; x_wconf 80' lang='grc' dir='ltr'>αὐτοῦ</span> <span class='ocrx_word' id='word_1_380' title='bbox 2237 2847 2422 2918; x_wconf 79' lang='grc' dir='ltr'>ᾄδεται</span> <span class='ocrx_word' id='word_1_381' title='bbox 2451 2844 2627 2912; x_wconf 89' lang='grc' dir='ltr'>λόγος.</span> <span class='ocrx_word' id='word_1_382' title='bbox 2656 2843 2759 2897; x_wconf 84' lang='grc' dir='ltr'>Τὸν</span> <span class='ocrx_word' id='word_1_383' title='bbox 2801 2842 2858 2895; x_wconf 80' lang='grc' dir='ltr'>δὲ</span> <span class='ocrx_word' id='word_1_384' title='bbox 2901 2841 3116 2914; x_wconf 83' lang='grc' dir='ltr'>πρῶτον</span> <span class='ocrx_word' id='word_1_385' title='bbox 3148 2839 3315 2894; x_wconf 78' lang='grc' dir='ltr'>αὑτοῦ</span> <span class='ocrx_word' id='word_1_386' title='bbox 3343 2840 3464 2910; x_wconf 76' lang='grc' dir='ltr'>βίον</span> <span class='ocrx_word' id='word_1_387' title='bbox 3492 2855 3617 2907; x_wconf 78' lang='grc' dir='ltr'>παρ-</span> 
     </span>
    </p>
   </div>
   <div class='ocr_carea' id='block_1_58' title="bbox 2043 2929 3626 3008">
    <p class='ocr_par' dir='ltr' id='par_1_58' title="bbox 2043 2929 3626 3008">
     <span class='ocr_line' id='line_1_58' title="bbox 2043 2929 3626 3008; baseline -0.008 -15"><span class='ocrx_word' id='word_1_388' title='bbox 2043 2939 2222 2993; x_wconf 81' lang='grc' dir='ltr'>θενίαν</span> <span class='ocrx_word' id='word_1_389' title='bbox 2248 2938 2408 3008; x_wconf 81' lang='grc' dir='ltr'>δῆθεν</span> <span class='ocrx_word' id='word_1_390' title='bbox 2453 2937 2645 3008; x_wconf 79' lang='grc' dir='ltr'>ῆσκει·</span> <span class='ocrx_word' id='word_1_391' title='bbox 2683 2934 2926 3005; x_wconf 75' lang='grc' dir='ltr'>μονάξων</span> <span class='ocrx_word' id='word_1_392' title='bbox 2969 2933 3079 3006; x_wconf 79' lang='grc' dir='ltr'>γὰρ</span> <span class='ocrx_word' id='word_1_393' title='bbox 3120 2933 3359 3003; x_wconf 79' lang='grc' dir='ltr'>ὑπῆρχε,</span> <span class='ocrx_word' id='word_1_394' title='bbox 3389 2932 3491 2983; x_wconf 77' lang='grc' dir='ltr'><strong>καὶ</strong></span> <span class='ocrx_word' id='word_1_395' title='bbox 3522 2929 3626 2989; x_wconf 69' lang='grc' dir='ltr'>υίὸς</span> 
     </span>
    </p>
   </div>
   <div class='ocr_carea' id='block_1_59' title="bbox 364 3007 1941 3103">
    <p class='ocr_par' dir='ltr' id='par_1_59' title="bbox 364 3007 1941 3103">
     <span class='ocr_line' id='line_1_59' title="bbox 364 3007 1941 3103; baseline 0.005 -17"><span class='ocrx_word' id='word_1_396' title='bbox 364 3030 553 3086; x_wconf 84' lang='lat' dir='ltr'><strong>stituta</strong></span> <span class='ocrx_word' id='word_1_397' title='bbox 577 3029 860 3099; x_wconf 87' lang='lat' dir='ltr'><strong>professus</strong></span> <span class='ocrx_word' id='word_1_398' title='bbox 879 3007 988 3097; x_wconf 65' lang='lat' dir='ltr'><strong>est,</strong></span> <span class='ocrx_word' id='word_1_399' title='bbox 1023 3042 1251 3103; x_wconf 85' lang='lat' dir='ltr'><strong>parente</strong></span> <span class='ocrx_word' id='word_1_400' title='bbox 1274 3042 1435 3091; x_wconf 89' lang='lat' dir='ltr'><strong>natus</strong></span> <span class='ocrx_word' id='word_1_401' title='bbox 1470 3038 1756 3093; x_wconf 87' lang='lat' dir='ltr'><strong>catholicae</strong></span> <span class='ocrx_word' id='word_1_402' title='bbox 1790 3054 1941 3093; x_wconf 92' lang='lat' dir='ltr'><strong>com-</strong></span> 
     </span>
    </p>
   </div>
   <div class='ocr_carea' id='block_1_60' title="bbox 2069 3007 3625 3103">
    <p class='ocr_par' dir='ltr' id='par_1_60' title="bbox 2075 3007 3625 3097">
     <span class='ocr_line' id='line_1_60' title="bbox 2075 3007 3625 3097; baseline -0.015 -2"><span class='ocrx_word' id='word_1_403' title='bbox 2075 3007 2343 3085; x_wconf 63' lang='grc' dir='ltr'><strong>πισκόπόυ</strong></span> <span class='ocrx_word' id='word_1_404' title='bbox 2539 3023 2813 3096; x_wconf 75' lang='grc' dir='ltr'>ἡμετέρας</span> <span class='ocrx_word' id='word_1_405' title='bbox 2865 3024 3026 3092; x_wconf 83' lang='grc' dir='ltr'>ἁγίας</span> <span class='ocrx_word' id='word_1_406' title='bbox 3070 3022 3364 3092; x_wconf 80' lang='grc' dir='ltr'>καθολικῆς</span> <span class='ocrx_word' id='word_1_407' title='bbox 3400 3021 3625 3087; x_wconf 75' lang='grc' dir='ltr'>Ἐκκλη-</span> 
     </span>
    </p>
   </div>
   <div class='ocr_carea' id='block_1_61' title="bbox 368 3122 1942 3201">
    <p class='ocr_par' dir='ltr' id='par_1_61' title="bbox 368 3122 1942 3201">
     <span class='ocr_line' id='line_1_61' title="bbox 368 3122 1942 3201; baseline 0.006 -25"><span class='ocrx_word' id='word_1_408' title='bbox 368 3122 649 3177; x_wconf 85' lang='lat' dir='ltr'><strong>munionis</strong></span> <span class='ocrx_word' id='word_1_409' title='bbox 698 3123 981 3194; x_wconf 85' lang='lat' dir='ltr'><strong>episeopo.</strong></span> <span class='ocrx_word' id='word_1_410' title='bbox 1033 3124 1231 3181; x_wconf 87' lang='lat' dir='ltr'><strong>Postea</strong></span> <span class='ocrx_word' id='word_1_411' title='bbox 1279 3143 1404 3181; x_wconf 90' lang='lat' dir='ltr'><strong>cum</strong></span> <span class='ocrx_word' id='word_1_412' title='bbox 1459 3129 1724 3200; x_wconf 80' lang='lat' dir='ltr'><strong>virginem</strong></span> <span class='ocrx_word' id='word_1_413' title='bbox 1756 3146 1942 3201; x_wconf 89' lang='lat' dir='ltr'><strong>quam-</strong></span> 
     </span>
    </p>
   </div>
   <div class='ocr_carea' id='block_1_62' title="bbox 365 3212 1944 3289">
    <p class='ocr_par' dir='ltr' id='par_1_62' title="bbox 365 3212 1944 3289">
     <span class='ocr_line' id='line_1_62' title="bbox 365 3212 1944 3289; baseline 0.008 -24"><span class='ocrx_word' id='word_1_414' title='bbox 365 3212 491 3266; x_wconf 86' lang='lat' dir='ltr'><strong>dam</strong></span> <span class='ocrx_word' id='word_1_415' title='bbox 545 3212 879 3278; x_wconf 84' lang='lat' dir='ltr'><strong>adamasset,</strong></span> <span class='ocrx_word' id='word_1_416' title='bbox 916 3228 980 3270; x_wconf 92' lang='lat' dir='ltr'><strong>ac</strong></span> <span class='ocrx_word' id='word_1_417' title='bbox 1034 3215 1318 3272; x_wconf 86' lang='lat' dir='ltr'><strong>fraudibus</strong></span> <span class='ocrx_word' id='word_1_418' title='bbox 1365 3219 1696 3287; x_wconf 83' lang='lat' dir='ltr'><strong>pellexisset,</strong></span> <span class='ocrx_word' id='word_1_419' title='bbox 1742 3222 1811 3276; x_wconf 92' lang='lat' dir='ltr'><strong>ab</strong></span> <span class='ocrx_word' id='word_1_420' title='bbox 1848 3237 1944 3289; x_wconf 89' lang='lat' dir='ltr'><strong>spe</strong></span> 
     </span>
    </p>
   </div>
   <div class='ocr_carea' id='block_1_63' title="bbox 365 3302 1935 3380">
    <p class='ocr_par' dir='ltr' id='par_1_63' title="bbox 365 3302 1935 3380">
     <span class='ocr_line' id='line_1_63' title="bbox 365 3302 1935 3380; baseline 0.006 -25"><span class='ocrx_word' id='word_1_421' title='bbox 365 3302 494 3359; x_wconf 66' lang='lat' dir='ltr'><strong>vitae</strong></span> <span class='ocrx_word' id='word_1_422' title='bbox 533 3303 776 3360; x_wconf 69' lang='lat' dir='ltr'><strong>(scelestis</strong></span> <span class='ocrx_word' id='word_1_423' title='bbox 813 3305 961 3358; x_wconf 90' lang='lat' dir='ltr'><strong>illam</strong></span> <span class='ocrx_word' id='word_1_424' title='bbox 987 3305 1147 3375; x_wconf 80' lang='lat' dir='ltr'><strong>juxta</strong></span> <span class='ocrx_word' id='word_1_425' title='bbox 1199 3322 1264 3360; x_wconf 91' lang='lat' dir='ltr'><strong>ac</strong></span> <span class='ocrx_word' id='word_1_426' title='bbox 1305 3308 1664 3376; x_wconf 85' lang='lat' dir='ltr'><strong>semetipsum</strong></span> <span class='ocrx_word' id='word_1_427' title='bbox 1713 3309 1935 3380; x_wconf 88' lang='lat' dir='ltr'><strong>dejecit.</strong></span> 
     </span>
    </p>
   </div>
   <div class='ocr_carea' id='block_1_64' title="bbox 367 3393 1956 3471">
    <p class='ocr_par' dir='ltr' id='par_1_64' title="bbox 367 3393 1956 3471">
     <span class='ocr_line' id='line_1_64' title="bbox 367 3393 1956 3471; baseline 0.006 -21"><span class='ocrx_word' id='word_1_428' title='bbox 367 3393 451 3450; x_wconf 87' lang='lat' dir='ltr'><strong>0b</strong></span> <span class='ocrx_word' id='word_1_429' title='bbox 483 3397 630 3450; x_wconf 88' lang='lat' dir='ltr'><strong>hunc</strong></span> <span class='ocrx_word' id='word_1_430' title='bbox 663 3396 832 3466; x_wconf 84' lang='lat' dir='ltr'><strong>igitur</strong></span> <span class='ocrx_word' id='word_1_431' title='bbox 862 3397 1130 3452; x_wconf 88' lang='lat' dir='ltr'><strong>incestum</strong></span> <span class='ocrx_word' id='word_1_432' title='bbox 1165 3397 1410 3453; x_wconf 87' lang='lat' dir='ltr'><strong>Ecclesia</strong></span> <span class='ocrx_word' id='word_1_433' title='bbox 1449 3400 1518 3454; x_wconf 90' lang='lat' dir='ltr'><strong>ab</strong></span> <span class='ocrx_word' id='word_1_434' title='bbox 1559 3401 1680 3470; x_wconf 91' lang='lat' dir='ltr'><strong>ipso</strong></span> <span class='ocrx_word' id='word_1_435' title='bbox 1720 3409 1956 3471; x_wconf 88' lang='lat' dir='ltr'><strong>parente.</strong></span> 
     </span>
    </p>
   </div>
   <div class='ocr_carea' id='block_1_65' title="bbox 367 3487 1944 3560">
    <p class='ocr_par' dir='ltr' id='par_1_65' title="bbox 367 3487 1944 3560">
     <span class='ocr_line' id='line_1_65' title="bbox 367 3487 1944 3560; baseline 0.005 -19"><span class='ocrx_word' id='word_1_436' title='bbox 367 3487 563 3556; x_wconf 82' lang='lat' dir='ltr'><strong>pulsus</strong></span> <span class='ocrx_word' id='word_1_437' title='bbox 604 3494 722 3554; x_wconf 86' lang='lat' dir='ltr'><strong>est,</strong></span> <span class='ocrx_word' id='word_1_438' title='bbox 777 3489 896 3543; x_wconf 84' lang='lat' dir='ltr'><strong>viro</strong></span> <span class='ocrx_word' id='word_1_439' title='bbox 931 3489 1250 3558; x_wconf 90' lang='lat' dir='ltr'><strong>comprimis</strong></span> <span class='ocrx_word' id='word_1_440' title='bbox 1287 3489 1570 3560; x_wconf 88' lang='lat' dir='ltr'><strong>religioso,</strong></span> <span class='ocrx_word' id='word_1_441' title='bbox 1603 3507 1667 3546; x_wconf 86' lang='lat' dir='ltr'><strong>ac</strong></span> <span class='ocrx_word' id='word_1_442' title='bbox 1697 3494 1944 3549; x_wconf 77' lang='lat' dir='ltr'><strong>veritatis</strong></span> 
     </span>
    </p>
   </div>
   <div class='ocr_carea' id='block_1_66' title="bbox 370 3566 1947 3653">
    <p class='ocr_par' dir='ltr' id='par_1_66' title="bbox 370 3566 1947 3653">
     <span class='ocr_line' id='line_1_66' title="bbox 370 3566 1947 3653; baseline 0.006 -23"><span class='ocrx_word' id='word_1_443' title='bbox 370 3566 562 3632; x_wconf 81' lang='lat' dir='ltr'><strong>amore</strong></span> <span class='ocrx_word' id='word_1_444' title='bbox 595 3575 1046 3648; x_wconf 83' lang='lat' dir='ltr'><strong>flagrantissimo,</strong></span> <span class='ocrx_word' id='word_1_445' title='bbox 1085 3589 1139 3634; x_wconf 91' lang='lat' dir='ltr'><strong>et</strong></span> <span class='ocrx_word' id='word_1_446' title='bbox 1169 3577 1224 3631; x_wconf 93' lang='lat' dir='ltr'><strong>in</strong></span> <span class='ocrx_word' id='word_1_447' title='bbox 1259 3577 1363 3633; x_wconf 88' lang='lat' dir='ltr'><strong>hac</strong></span> <span class='ocrx_word' id='word_1_448' title='bbox 1397 3581 1724 3653; x_wconf 90' lang='lat' dir='ltr'><strong>episc0palis</strong></span> <span class='ocrx_word' id='word_1_449' title='bbox 1759 3600 1947 3639; x_wconf 86' lang='lat' dir='ltr'><strong>mune-</strong></span> 
     </span>
    </p>
   </div>
   <div class='ocr_carea' id='block_1_67' title="bbox 367 3665 1944 3737">
    <p class='ocr_par' dir='ltr' id='par_1_67' title="bbox 367 3665 1944 3737">
     <span class='ocr_line' id='line_1_67' title="bbox 367 3665 1944 3737; baseline 0.006 -18"><span class='ocrx_word' id='word_1_450' title='bbox 367 3665 450 3720; x_wconf 88' lang='lat' dir='ltr'><strong>ris</strong></span> <span class='ocrx_word' id='word_1_451' title='bbox 479 3666 956 3723; x_wconf 85' lang='lat' dir='ltr'><strong>administratione</strong></span> <span class='ocrx_word' id='word_1_452' title='bbox 989 3668 1294 3737; x_wconf 67' lang='lat' dir='ltr'><strong>praestanti.</strong></span> <span class='ocrx_word' id='word_1_453' title='bbox 1325 3668 1425 3723; x_wconf 90' lang='lat' dir='ltr'><strong>Cui</strong></span> <span class='ocrx_word' id='word_1_454' title='bbox 1464 3685 1588 3724; x_wconf 91' lang='lat' dir='ltr'><strong>cum</strong></span> <span class='ocrx_word' id='word_1_455' title='bbox 1622 3671 1824 3728; x_wconf 87' lang='lat' dir='ltr'><strong>Marcio</strong></span> <span class='ocrx_word' id='word_1_456' title='bbox 1849 3673 1944 3728; x_wconf 86' lang='lat' dir='ltr'><strong>diu</strong></span> 
     </span>
    </p>
   </div>
   <div class='ocr_carea' id='block_1_68' title="bbox 371 3756 1946 3832">
    <p class='ocr_par' dir='ltr' id='par_1_68' title="bbox 371 3756 1946 3832">
     <span class='ocr_line' id='line_1_68' title="bbox 371 3756 1946 3832; baseline 0.005 -24"><span class='ocrx_word' id='word_1_457' title='bbox 371 3756 715 3826; x_wconf 89' lang='lat' dir='ltr'><strong>multumque</strong></span> <span class='ocrx_word' id='word_1_458' title='bbox 749 3757 1144 3827; x_wconf 87' lang='lat' dir='ltr'><strong>supplicasset,</strong></span> <span class='ocrx_word' id='word_1_459' title='bbox 1197 3771 1262 3812; x_wconf 92' lang='lat' dir='ltr'><strong>ac</strong></span> <span class='ocrx_word' id='word_1_460' title='bbox 1315 3760 1696 3828; x_wconf 77' lang='lat' dir='ltr'><strong>paenitentiam</strong></span> <span class='ocrx_word' id='word_1_461' title='bbox 1753 3770 1946 3832; x_wconf 83' lang='lat' dir='ltr'><strong>postu-</strong></span> 
     </span>
    </p>
   </div>
   <div class='ocr_carea' id='block_1_69' title="bbox 370 3838 1940 3918">
    <p class='ocr_par' dir='ltr' id='par_1_69' title="bbox 370 3838 1940 3918">
     <span class='ocr_line' id='line_1_69' title="bbox 370 3838 1940 3918; baseline 0.006 -20"><span class='ocrx_word' id='word_1_462' title='bbox 370 3846 580 3911; x_wconf 88' lang='lat' dir='ltr'><strong>lasset,</strong></span> <span class='ocrx_word' id='word_1_463' title='bbox 649 3846 789 3902; x_wconf 88' lang='lat' dir='ltr'><strong>hanc</strong></span> <span class='ocrx_word' id='word_1_464' title='bbox 843 3862 872 3900; x_wconf 90' lang='lat' dir='ltr'><strong>a</strong></span> <span class='ocrx_word' id='word_1_465' title='bbox 924 3855 1079 3916; x_wconf 88' lang='lat' dir='ltr'><strong>patre</strong></span> <span class='ocrx_word' id='word_1_466' title='bbox 1144 3848 1408 3918; x_wconf 89' lang='lat' dir='ltr'><strong>precibus</strong></span> <span class='ocrx_word' id='word_1_467' title='bbox 1463 3838 1626 3906; x_wconf 88' lang='lat' dir='ltr'><strong>nullis</strong></span> <span class='ocrx_word' id='word_1_468' title='bbox 1685 3852 1940 3910; x_wconf 83' lang='lat' dir='ltr'><strong>obtinuit.</strong></span> 
     </span>
    </p>
   </div>
   <div class='ocr_carea' id='block_1_70' title="bbox 373 3935 1946 4012">
    <p class='ocr_par' dir='ltr' id='par_1_70' title="bbox 373 3935 1946 4012">
     <span class='ocr_line' id='line_1_70' title="bbox 373 3935 1946 4012; baseline 0.004 -21"><span class='ocrx_word' id='word_1_469' title='bbox 373 3935 762 3994; x_wconf 77' lang='lat' dir='ltr'><strong>Vehementem</strong></span> <span class='ocrx_word' id='word_1_470' title='bbox 799 3939 1067 4009; x_wconf 88' lang='lat' dir='ltr'><strong>siquidem</strong></span> <span class='ocrx_word' id='word_1_471' title='bbox 1114 3955 1182 3995; x_wconf 83' lang='lat' dir='ltr'><strong>ex</strong></span> <span class='ocrx_word' id='word_1_472' title='bbox 1217 3955 1282 3995; x_wconf 90' lang='lat' dir='ltr'><strong>ea</strong></span> <span class='ocrx_word' id='word_1_473' title='bbox 1320 3957 1380 3994; x_wconf 82' lang='lat' dir='ltr'><strong>re</strong></span> <span class='ocrx_word' id='word_1_474' title='bbox 1420 3941 1664 3997; x_wconf 89' lang='lat' dir='ltr'><strong>dolorem</strong></span> <span class='ocrx_word' id='word_1_475' title='bbox 1705 3943 1946 4012; x_wconf 90' lang='lat' dir='ltr'><strong>optimus</strong></span> 
     </span>
    </p>
   </div>
   <div class='ocr_carea' id='block_1_71' title="bbox 374 4031 1944 4101">
    <p class='ocr_par' dir='ltr' id='par_1_71' title="bbox 374 4031 1944 4101">
     <span class='ocr_line' id='line_1_71' title="bbox 374 4031 1944 4101; baseline 0.003 -17"><span class='ocrx_word' id='word_1_476' title='bbox 374 4043 543 4084; x_wconf 82' lang='lat' dir='ltr'><strong>senex</strong></span> <span class='ocrx_word' id='word_1_477' title='bbox 590 4037 645 4084; x_wconf 89' lang='lat' dir='ltr'><strong>et</strong></span> <span class='ocrx_word' id='word_1_478' title='bbox 687 4031 980 4100; x_wconf 84' lang='lat' dir='ltr'><strong>episc0pus</strong></span> <span class='ocrx_word' id='word_1_479' title='bbox 1025 4041 1286 4099; x_wconf 82' lang='lat' dir='ltr'><strong>eteperat,</strong></span> <span class='ocrx_word' id='word_1_480' title='bbox 1319 4032 1466 4101; x_wconf 90' lang='lat' dir='ltr'><strong>quod</strong></span> <span class='ocrx_word' id='word_1_481' title='bbox 1503 4047 1610 4086; x_wconf 87' lang='lat' dir='ltr'><strong>non</strong></span> <span class='ocrx_word' id='word_1_482' title='bbox 1643 4032 1734 4088; x_wconf 91' lang='lat' dir='ltr'><strong>ille</strong></span> <span class='ocrx_word' id='word_1_483' title='bbox 1764 4035 1944 4090; x_wconf 91' lang='lat' dir='ltr'><strong>solum</strong></span> 
     </span>
    </p>
   </div>
   <div class='ocr_carea' id='block_1_72' title="bbox 373 4117 1946 4189">
    <p class='ocr_par' dir='ltr' id='par_1_72' title="bbox 373 4117 1946 4189">
     <span class='ocr_line' id='line_1_72' title="bbox 373 4117 1946 4189; baseline 0.004 -18"><span class='ocrx_word' id='word_1_484' title='bbox 373 4118 708 4182; x_wconf 80' lang='lat' dir='ltr'><strong>excidisset,</strong></span> <span class='ocrx_word' id='word_1_485' title='bbox 771 4117 867 4173; x_wconf 89' lang='lat' dir='ltr'><strong>sed</strong></span> <span class='ocrx_word' id='word_1_486' title='bbox 919 4127 975 4174; x_wconf 90' lang='lat' dir='ltr'><strong>et</strong></span> <span class='ocrx_word' id='word_1_487' title='bbox 1026 4119 1383 4189; x_wconf 83' lang='lat' dir='ltr'><strong>ignominiam</strong></span> <span class='ocrx_word' id='word_1_488' title='bbox 1435 4121 1539 4176; x_wconf 89' lang='lat' dir='ltr'><strong>sibi</strong></span> <span class='ocrx_word' id='word_1_489' title='bbox 1593 4137 1658 4176; x_wconf 88' lang='lat' dir='ltr'><strong>ac</strong></span> <span class='ocrx_word' id='word_1_490' title='bbox 1709 4121 1946 4178; x_wconf 86' lang='lat' dir='ltr'><strong>dedecus</strong></span> 
     </span>
    </p>
   </div>
   <div class='ocr_carea' id='block_1_73' title="bbox 374 4207 1947 4279">
    <p class='ocr_par' dir='ltr' id='par_1_73' title="bbox 374 4207 1947 4279">
     <span class='ocr_line' id='line_1_73' title="bbox 374 4207 1947 4279; baseline 0.004 -17"><span class='ocrx_word' id='word_1_491' title='bbox 374 4207 754 4278; x_wconf 88' lang='lat' dir='ltr'><strong>imposuisset.</strong></span> <span class='ocrx_word' id='word_1_492' title='bbox 809 4208 951 4279; x_wconf 87' lang='lat' dir='ltr'><strong>Ergo</strong></span> <span class='ocrx_word' id='word_1_493' title='bbox 991 4210 1086 4264; x_wconf 93' lang='lat' dir='ltr'><strong>ubi</strong></span> <span class='ocrx_word' id='word_1_494' title='bbox 1135 4226 1194 4266; x_wconf 91' lang='lat' dir='ltr'><strong>se</strong></span> <span class='ocrx_word' id='word_1_495' title='bbox 1224 4211 1391 4268; x_wconf 90' lang='lat' dir='ltr'><strong>nullis</strong></span> <span class='ocrx_word' id='word_1_496' title='bbox 1431 4213 1647 4267; x_wconf 90' lang='lat' dir='ltr'><strong>artibus</strong></span> <span class='ocrx_word' id='word_1_497' title='bbox 1676 4214 1947 4269; x_wconf 89' lang='lat' dir='ltr'><strong>eblandiri</strong></span> 
     </span>
    </p>
   </div>
   <div class='ocr_carea' id='block_1_74' title="bbox 374 4298 1942 4373">
    <p class='ocr_par' dir='ltr' id='par_1_74' title="bbox 374 4298 1942 4373">
     <span class='ocr_line' id='line_1_74' title="bbox 374 4298 1942 4373; baseline 0.003 -20"><span class='ocrx_word' id='word_1_498' title='bbox 374 4312 542 4368; x_wconf 85' lang='lat' dir='ltr'><strong>posse</strong></span> <span class='ocrx_word' id='word_1_499' title='bbox 617 4298 764 4368; x_wconf 87' lang='lat' dir='ltr'><strong>quod</strong></span> <span class='ocrx_word' id='word_1_500' title='bbox 823 4307 1050 4368; x_wconf 89' lang='lat' dir='ltr'><strong>cuperet</strong></span> <span class='ocrx_word' id='word_1_501' title='bbox 1114 4301 1539 4365; x_wconf 88' lang='lat' dir='ltr'><strong>animadvertit,</strong></span> <span class='ocrx_word' id='word_1_502' title='bbox 1597 4304 1942 4373; x_wconf 89' lang='lat' dir='ltr'><strong>popularium</strong></span> 
     </span>
    </p>
   </div>
   <div class='ocr_carea' id='block_1_75' title="bbox 373 4391 1948 4460">
    <p class='ocr_par' dir='ltr' id='par_1_75' title="bbox 373 4391 1948 4460">
     <span class='ocr_line' id='line_1_75' title="bbox 373 4391 1948 4460; baseline 0.002 -13"><span class='ocrx_word' id='word_1_503' title='bbox 373 4404 600 4447; x_wconf 86' lang='lat' dir='ltr'><strong>suorum</strong></span> <span class='ocrx_word' id='word_1_504' title='bbox 631 4391 828 4460; x_wconf 89' lang='lat' dir='ltr'><strong>probra</strong></span> <span class='ocrx_word' id='word_1_505' title='bbox 863 4405 927 4446; x_wconf 91' lang='lat' dir='ltr'><strong>ac</strong></span> <span class='ocrx_word' id='word_1_506' title='bbox 957 4391 1193 4447; x_wconf 89' lang='lat' dir='ltr'><strong>ludibria</strong></span> <span class='ocrx_word' id='word_1_507' title='bbox 1227 4407 1336 4447; x_wconf 89' lang='lat' dir='ltr'><strong>non</strong></span> <span class='ocrx_word' id='word_1_508' title='bbox 1374 4393 1676 4456; x_wconf 81' lang='lat' dir='ltr'><strong>sustinens,</strong></span> <span class='ocrx_word' id='word_1_509' title='bbox 1708 4394 1847 4449; x_wconf 91' lang='lat' dir='ltr'><strong>clam</strong></span> <span class='ocrx_word' id='word_1_510' title='bbox 1880 4397 1948 4450; x_wconf 88' lang='lat' dir='ltr'><strong>ab</strong></span> 
     </span>
    </p>
   </div>
   <div class='ocr_carea' id='block_1_76' title="bbox 375 4479 1951 4553">
    <p class='ocr_par' dir='ltr' id='par_1_76' title="bbox 375 4479 1951 4553">
     <span class='ocr_line' id='line_1_76' title="bbox 375 4479 1951 4553; baseline 0.003 -19"><span class='ocrx_word' id='word_1_511' title='bbox 375 4479 576 4551; x_wconf 89' lang='lat' dir='ltr'><strong>oppido</strong></span> <span class='ocrx_word' id='word_1_512' title='bbox 598 4480 844 4544; x_wconf 86' lang='lat' dir='ltr'><strong>secessit,</strong></span> <span class='ocrx_word' id='word_1_513' title='bbox 877 4494 941 4536; x_wconf 88' lang='lat' dir='ltr'><strong>ac</strong></span> <span class='ocrx_word' id='word_1_514' title='bbox 968 4479 1195 4534; x_wconf 78' lang='lat' dir='ltr'><strong>Romam</strong></span> <span class='ocrx_word' id='word_1_515' title='bbox 1245 4489 1370 4552; x_wconf 89' lang='lat' dir='ltr'><strong>post</strong></span> <span class='ocrx_word' id='word_1_516' title='bbox 1412 4480 1607 4553; x_wconf 83' lang='lat' dir='ltr'><strong>Hygini</strong></span> <span class='ocrx_word' id='word_1_517' title='bbox 1643 4498 1795 4552; x_wconf 80' lang='lat' dir='ltr'><strong>papae</strong></span> <span class='ocrx_word' id='word_1_518' title='bbox 1840 4484 1951 4538; x_wconf 86' lang='lat' dir='ltr'><strong>obi-</strong></span> 
     </span>
    </p>
   </div>
   <div class='ocr_carea' id='block_1_77' title="bbox 375 4569 1949 4640">
    <p class='ocr_par' dir='ltr' id='par_1_77' title="bbox 375 4569 1949 4640">
     <span class='ocr_line' id='line_1_77' title="bbox 375 4569 1949 4640; baseline 0.001 -16"><span class='ocrx_word' id='word_1_519' title='bbox 375 4579 490 4624; x_wconf 92' lang='lat' dir='ltr'><strong>tum</strong></span> <span class='ocrx_word' id='word_1_520' title='bbox 543 4585 666 4625; x_wconf 88' lang='lat' dir='ltr'><strong>sese</strong></span> <span class='ocrx_word' id='word_1_521' title='bbox 698 4569 955 4634; x_wconf 86' lang='lat' dir='ltr'><strong>contulit,</strong></span> <span class='ocrx_word' id='word_1_522' title='bbox 989 4571 1140 4640; x_wconf 90' lang='lat' dir='ltr'><strong>quia</strong></span> <span class='ocrx_word' id='word_1_523' title='bbox 1168 4570 1330 4626; x_wconf 83' lang='lat' dir='ltr'><strong>Petro</strong></span> <span class='ocrx_word' id='word_1_524' title='bbox 1367 4569 1648 4640; x_wconf 88' lang='lat' dir='ltr'><strong>Pauloque</strong></span> <span class='ocrx_word' id='word_1_525' title='bbox 1685 4569 1949 4640; x_wconf 89' lang='lat' dir='ltr'><strong>apostolis</strong></span> 
     </span>
    </p>
   </div>
   <div class='ocr_carea' id='block_1_78' title="bbox 376 4657 1949 4732">
    <p class='ocr_par' dir='ltr' id='par_1_78' title="bbox 376 4657 1949 4732">
     <span class='ocr_line' id='line_1_78' title="bbox 376 4657 1949 4732; baseline 0.001 -18"><span class='ocrx_word' id='word_1_526' title='bbox 376 4674 557 4716; x_wconf 89' lang='lat' dir='ltr'><strong>nonus</strong></span> <span class='ocrx_word' id='word_1_527' title='bbox 594 4657 852 4716; x_wconf 78' lang='lat' dir='ltr'><strong>Ecclesiae</strong></span> <span class='ocrx_word' id='word_1_528' title='bbox 903 4660 1212 4732; x_wconf 82' lang='lat' dir='ltr'><strong>praefuerat.</strong></span> <span class='ocrx_word' id='word_1_529' title='bbox 1261 4660 1336 4716; x_wconf 90' lang='lat' dir='ltr'><strong>Eo</strong></span> <span class='ocrx_word' id='word_1_530' title='bbox 1383 4662 1568 4717; x_wconf 90' lang='lat' dir='ltr'><strong>statim</strong></span> <span class='ocrx_word' id='word_1_531' title='bbox 1601 4676 1666 4717; x_wconf 87' lang='lat' dir='ltr'><strong>ac</strong></span> <span class='ocrx_word' id='word_1_532' title='bbox 1706 4661 1949 4717; x_wconf 83' lang='lat' dir='ltr'><strong>Marcion</strong></span> 
     </span>
    </p>
   </div>
   <div class='ocr_carea' id='block_1_79' title="bbox 375 4750 1949 4822">
    <p class='ocr_par' dir='ltr' id='par_1_79' title="bbox 375 4750 1949 4822">
     <span class='ocr_line' id='line_1_79' title="bbox 375 4750 1949 4822; baseline 0.002 -20"><span class='ocrx_word' id='word_1_533' title='bbox 375 4751 625 4820; x_wconf 87' lang='lat' dir='ltr'><strong>pervenit</strong></span> <span class='ocrx_word' id='word_1_534' title='bbox 676 4750 744 4804; x_wconf 92' lang='lat' dir='ltr'><strong>ad</strong></span> <span class='ocrx_word' id='word_1_535' title='bbox 796 4751 1044 4807; x_wconf 89' lang='lat' dir='ltr'><strong>seniores</strong></span> <span class='ocrx_word' id='word_1_536' title='bbox 1093 4751 1304 4816; x_wconf 91' lang='lat' dir='ltr'><strong>adiens,</strong></span> <span class='ocrx_word' id='word_1_537' title='bbox 1349 4751 1444 4822; x_wconf 90' lang='lat' dir='ltr'><strong>qui</strong></span> <span class='ocrx_word' id='word_1_538' title='bbox 1477 4751 1545 4805; x_wconf 89' lang='lat' dir='ltr'><strong>ab</strong></span> <span class='ocrx_word' id='word_1_539' title='bbox 1576 4751 1949 4819; x_wconf 86' lang='lat' dir='ltr'><strong>apostolorum</strong></span> 
     </span>
    </p>
   </div>
   <div class='ocr_carea' id='block_1_80' title="bbox 375 4841 1950 4913">
    <p class='ocr_par' dir='ltr' id='par_1_80' title="bbox 375 4841 1950 4913">
     <span class='ocr_line' id='line_1_80' title="bbox 375 4841 1950 4913; baseline 0.001 -18"><span class='ocrx_word' id='word_1_540' title='bbox 375 4841 662 4910; x_wconf 89' lang='lat' dir='ltr'><strong>discipulis</strong></span> <span class='ocrx_word' id='word_1_541' title='bbox 701 4843 878 4898; x_wconf 89' lang='lat' dir='ltr'><strong>edocti</strong></span> <span class='ocrx_word' id='word_1_542' title='bbox 925 4843 1107 4897; x_wconf 86' lang='lat' dir='ltr'><strong>adhuc</strong></span> <span class='ocrx_word' id='word_1_543' title='bbox 1147 4851 1489 4913; x_wconf 88' lang='lat' dir='ltr'><strong>supererant,</strong></span> <span class='ocrx_word' id='word_1_544' title='bbox 1527 4849 1586 4896; x_wconf 92' lang='lat' dir='ltr'><strong>ut</strong></span> <span class='ocrx_word' id='word_1_545' title='bbox 1618 4843 1676 4896; x_wconf 90' lang='lat' dir='ltr'><strong>in</strong></span> <span class='ocrx_word' id='word_1_546' title='bbox 1705 4857 1950 4897; x_wconf 90' lang='lat' dir='ltr'><strong>commu-</strong></span> 
     </span>
    </p>
   </div>
   <div class='ocr_carea' id='block_1_81' title="bbox 385 4930 1948 5001">
    <p class='ocr_par' dir='ltr' id='par_1_81' title="bbox 385 4930 1948 5001">
     <span class='ocr_line' id='line_1_81' title="bbox 385 4930 1948 5001; baseline 0.002 -18"><span class='ocrx_word' id='word_1_547' title='bbox 385 4930 605 4984; x_wconf 89' lang='lat' dir='ltr'><strong>nionem</strong></span> <span class='ocrx_word' id='word_1_548' title='bbox 654 4930 1030 4987; x_wconf 89' lang='lat' dir='ltr'><strong>admitteretur</strong></span> <span class='ocrx_word' id='word_1_549' title='bbox 1070 4932 1138 4987; x_wconf 92' lang='lat' dir='ltr'><strong>ab</strong></span> <span class='ocrx_word' id='word_1_550' title='bbox 1179 4932 1248 4987; x_wconf 92' lang='lat' dir='ltr'><strong>iis</strong></span> <span class='ocrx_word' id='word_1_551' title='bbox 1294 4931 1498 4987; x_wconf 89' lang='lat' dir='ltr'><strong>frustra</strong></span> <span class='ocrx_word' id='word_1_552' title='bbox 1533 4932 1710 5001; x_wconf 91' lang='lat' dir='ltr'><strong>petiit.</strong></span> <span class='ocrx_word' id='word_1_553' title='bbox 1743 4932 1948 4998; x_wconf 88' lang='lat' dir='ltr'><strong>Quam-</strong></span> 
     </span>
    </p>
   </div>
   <div class='ocr_carea' id='block_1_82' title="bbox 376 5019 1950 5093">
    <p class='ocr_par' dir='ltr' id='par_1_82' title="bbox 376 5019 1950 5093">
     <span class='ocr_line' id='line_1_82' title="bbox 376 5019 1950 5093; baseline 0.004 -21"><span class='ocrx_word' id='word_1_554' title='bbox 376 5019 566 5076; x_wconf 88' lang='lat' dir='ltr'><strong>obrem</strong></span> <span class='ocrx_word' id='word_1_555' title='bbox 595 5021 978 5078; x_wconf 78' lang='lat' dir='ltr'><strong>exstimulatus</strong></span> <span class='ocrx_word' id='word_1_556' title='bbox 1007 5023 1209 5079; x_wconf 89' lang='lat' dir='ltr'><strong>invidia</strong></span> <span class='ocrx_word' id='word_1_557' title='bbox 1230 5067 1244 5091; x_wconf 92' lang='lat'><strong>,</strong></span> <span class='ocrx_word' id='word_1_558' title='bbox 1295 5023 1444 5092; x_wconf 91' lang='lat' dir='ltr'><strong>quod</strong></span> <span class='ocrx_word' id='word_1_559' title='bbox 1484 5039 1594 5078; x_wconf 92' lang='lat' dir='ltr'><strong>non</strong></span> <span class='ocrx_word' id='word_1_560' title='bbox 1647 5023 1950 5093; x_wconf 85' lang='lat' dir='ltr'><strong>principem</strong></span> 
     </span>
    </p>
   </div>
   <div class='ocr_carea' id='block_1_83' title="bbox 451 5173 1422 5244">
    <p class='ocr_par' dir='ltr' id='par_1_83' title="bbox 451 5173 1422 5244">
     <span class='ocr_line' id='line_1_83' title="bbox 451 5173 1422 5244; baseline 0.005 -17"><span class='ocrx_word' id='word_1_561' title='bbox 451 5174 468 5204; x_wconf 85' lang='grc'>¹</span> <span class='ocrx_word' id='word_1_562' title='bbox 500 5173 633 5228; x_wconf 87' lang='lat' dir='ltr'><strong>Luc.</strong></span> <span class='ocrx_word' id='word_1_563' title='bbox 668 5189 784 5239; x_wconf 77' lang='lat' dir='ltr'><strong>XXI,</strong></span> <span class='ocrx_word' id='word_1_564' title='bbox 811 5175 863 5230; x_wconf 93' lang='lat'><strong>8.</strong></span> <span class='ocrx_word' id='word_1_565' title='bbox 939 5178 959 5208; x_wconf 74' lang='grc'>⁸</span> <span class='ocrx_word' id='word_1_566' title='bbox 991 5175 1153 5231; x_wconf 86' lang='lat' dir='ltr'><strong>Marc.</strong></span> <span class='ocrx_word' id='word_1_567' title='bbox 1184 5194 1301 5244; x_wconf 79' lang='lat' dir='ltr'><strong>xm,</strong></span> <span class='ocrx_word' id='word_1_568' title='bbox 1329 5176 1422 5232; x_wconf 74' lang='lat'><strong>22.</strong></span> 
     </span>
    </p>
   </div>
   <div class='ocr_carea' id='block_1_84' title="bbox 454 5345 1956 5425">
    <p class='ocr_par' dir='ltr' id='par_1_84' title="bbox 454 5345 1956 5425">
     <span class='ocr_line' id='line_1_84' title="bbox 454 5345 1956 5425; baseline 0.003 -22"><span class='ocrx_word' id='word_1_569' title='bbox 454 5348 566 5420; x_wconf 75' lang='lat'><strong>(62)</strong></span> <span class='ocrx_word' id='word_1_570' title='bbox 604 5345 892 5425; x_wconf 77' lang='grc' dir='ltr'>Οὗτοςζό</span> <span class='ocrx_word' id='word_1_571' title='bbox 923 5352 1117 5425; x_wconf 75' lang='grc' dir='ltr'>γένος.</span> <span class='ocrx_word' id='word_1_572' title='bbox 1154 5353 1412 5425; x_wconf 87' lang='lat' dir='ltr'><strong>Ponticus</strong></span> <span class='ocrx_word' id='word_1_573' title='bbox 1443 5369 1638 5425; x_wconf 84' lang='lat' dir='ltr'><strong>genere</strong></span> <span class='ocrx_word' id='word_1_574' title='bbox 1686 5353 1785 5425; x_wconf 66' lang='lat' dir='ltr'><strong>[uit</strong></span> <span class='ocrx_word' id='word_1_575' title='bbox 1817 5355 1956 5408; x_wconf 45' lang='lat' dir='ltr'><strong>Mar.</strong></span> 
     </span>
    </p>
   </div>
   <div class='ocr_carea' id='block_1_85' title="bbox 381 5419 1954 5490">
    <p class='ocr_par' dir='ltr' id='par_1_85' title="bbox 381 5419 1954 5490">
     <span class='ocr_line' id='line_1_85' title="bbox 381 5419 1954 5490; baseline 0.005 -18"><span class='ocrx_word' id='word_1_576' title='bbox 381 5419 506 5490; x_wconf 74' lang='lat' dir='ltr'><strong>cion</strong></span> <span class='ocrx_word' id='word_1_577' title='bbox 606 5437 766 5490; x_wconf 90' lang='lat' dir='ltr'><strong>quem</strong></span> <span class='ocrx_word' id='word_1_578' title='bbox 799 5419 939 5478; x_wconf 52' lang='lat' dir='ltr'><strong>ideo&#39;</strong></span> <span class='ocrx_word' id='word_1_579' title='bbox 964 5424 1222 5478; x_wconf 83' lang='grc' dir='ltr'>Ποντικὸν</span> <span class='ocrx_word' id='word_1_580' title='bbox 1273 5419 1635 5480; x_wconf 59' lang='lat' dir='ltr'><strong>Mxov&#39;vocat</strong></span> <span class='ocrx_word' id='word_1_581' title='bbox 1687 5423 1954 5480; x_wconf 86' lang='lat' dir='ltr'><strong>Eusebius</strong></span> 
     </span>
    </p>
   </div>
   <div class='ocr_carea' id='block_1_86' title="bbox 384 5489 1954 5563">
    <p class='ocr_par' dir='ltr' id='par_1_86' title="bbox 384 5489 1954 5563">
     <span class='ocr_line' id='line_1_86' title="bbox 384 5489 1954 5563; baseline 0.004 -21"><span class='ocrx_word' id='word_1_582' title='bbox 384 5489 421 5542; x_wconf 92' lang='lat' dir='ltr'><strong>l.</strong></span> <span class='ocrx_word' id='word_1_583' title='bbox 460 5507 493 5563; x_wconf 89' lang='lat' dir='ltr'><strong>_v</strong></span> <span class='ocrx_word' id='word_1_584' title='bbox 525 5489 689 5563; x_wconf 64' lang='grc' dir='ltr'>Πίεὶη</span> <span class='ocrx_word' id='word_1_585' title='bbox 741 5507 789 5546; x_wconf 90' lang='lat' dir='ltr'><strong>c.</strong></span> <span class='ocrx_word' id='word_1_586' title='bbox 830 5493 896 5563; x_wconf 69' lang='lat'><strong>15_</strong></span> <span class='ocrx_word' id='word_1_587' title='bbox 943 5494 1048 5548; x_wconf 88' lang='lat' dir='ltr'><strong>hoc</strong></span> <span class='ocrx_word' id='word_1_588' title='bbox 1101 5505 1184 5550; x_wconf 89' lang='lat' dir='ltr'><strong>est</strong></span> <span class='ocrx_word' id='word_1_589' title='bbox 1232 5493 1511 5548; x_wconf 83' lang='lat' dir='ltr'><strong>Ponticum</strong></span> <span class='ocrx_word' id='word_1_590' title='bbox 1570 5496 1770 5563; x_wconf 82' lang='lat' dir='ltr'><strong>lupum.</strong></span> <span class='ocrx_word' id='word_1_591' title='bbox 1819 5493 1954 5548; x_wconf 85' lang='lat' dir='ltr'><strong>Male</strong></span> 
     </span>
    </p>
   </div>
   <div class='ocr_carea' id='block_1_87' title="bbox 383 5560 1954 5635">
    <p class='ocr_par' dir='ltr' id='par_1_87' title="bbox 383 5560 1954 5635">
     <span class='ocr_line' id='line_1_87' title="bbox 383 5560 1954 5635; baseline 0.002 -21"><span class='ocrx_word' id='word_1_592' title='bbox 383 5560 527 5616; x_wconf 78' lang='lat' dir='ltr'><strong>enim</strong></span> <span class='ocrx_word' id='word_1_593' title='bbox 564 5561 831 5632; x_wconf 86' lang='lat' dir='ltr'><strong>interpres</strong></span> <span class='ocrx_word' id='word_1_594' title='bbox 863 5561 1143 5620; x_wconf 81' lang='lat' dir='ltr'><strong>Ponticum</strong></span> <span class='ocrx_word' id='word_1_595' title='bbox 1174 5565 1368 5634; x_wconf 81' lang='lat' dir='ltr'><strong>lycum.</strong></span> <span class='ocrx_word' id='word_1_596' title='bbox 1399 5560 1634 5635; x_wconf 81' lang='lat' dir='ltr'><strong>Scripsit</strong></span> <span class='ocrx_word' id='word_1_597' title='bbox 1660 5571 1847 5626; x_wconf 58' lang='lat' dir='ltr'><strong>autem,</strong></span> <span class='ocrx_word' id='word_1_598' title='bbox 1867 5564 1954 5617; x_wconf 87' lang='lat' dir='ltr'><strong>ad-</strong></span> 
     </span>
    </p>
   </div>
   <div class='ocr_carea' id='block_1_88' title="bbox 2045 3113 3626 3191">
    <p class='ocr_par' dir='ltr' id='par_1_88' title="bbox 2045 3113 3626 3191">
     <span class='ocr_line' id='line_1_88' title="bbox 2045 3113 3626 3191; baseline -0.006 -17"><span class='ocrx_word' id='word_1_599' title='bbox 2045 3121 2185 3184; x_wconf 84' lang='grc' dir='ltr'>σίας.</span> <span class='ocrx_word' id='word_1_600' title='bbox 2233 3118 2441 3191; x_wconf 84' lang='grc' dir='ltr'>Χρόνου</span> <span class='ocrx_word' id='word_1_601' title='bbox 2487 3118 2544 3170; x_wconf 81' lang='grc' dir='ltr'>δὲ</span> <span class='ocrx_word' id='word_1_602' title='bbox 2589 3117 2866 3188; x_wconf 80' lang='grc' dir='ltr'>προϊόντος</span> <span class='ocrx_word' id='word_1_603' title='bbox 2909 3115 3339 3186; x_wconf 81' lang='grc' dir='ltr'>προσφθείρεται</span> <span class='ocrx_word' id='word_1_604' title='bbox 3381 3113 3626 3184; x_wconf 77' lang='grc' dir='ltr'>παρθένῳ</span> 
     </span>
    </p>
   </div>
   <div class='ocr_carea' id='block_1_89' title="bbox 2042 3205 3626 3280">
    <p class='ocr_par' dir='ltr' id='par_1_89' title="bbox 2042 3205 3626 3280">
     <span class='ocr_line' id='line_1_89' title="bbox 2042 3205 3626 3280; baseline -0.005 -14"><span class='ocrx_word' id='word_1_605' title='bbox 2042 3213 2171 3279; x_wconf 68' lang='grc' dir='ltr'>τινὶ,</span> <span class='ocrx_word' id='word_1_606' title='bbox 2207 3211 2301 3264; x_wconf 74' lang='grc' dir='ltr'>καὶ</span> <span class='ocrx_word' id='word_1_607' title='bbox 2328 3210 2678 3280; x_wconf 78' lang='grc' dir='ltr'>ἐξαπατήσας</span> <span class='ocrx_word' id='word_1_608' title='bbox 2709 3209 2807 3280; x_wconf 84' lang='grc' dir='ltr'>τὴν</span> <span class='ocrx_word' id='word_1_609' title='bbox 2843 3207 3131 3279; x_wconf 78' lang='grc' dir='ltr'>παρθένον,</span> <span class='ocrx_word' id='word_1_610' title='bbox 3162 3207 3272 3260; x_wconf 77' lang='grc' dir='ltr'>ἀπὸ</span> <span class='ocrx_word' id='word_1_611' title='bbox 3298 3206 3400 3276; x_wconf 83' lang='grc' dir='ltr'><strong>τῆς</strong></span> <span class='ocrx_word' id='word_1_612' title='bbox 3424 3205 3626 3266; x_wconf 79' lang='grc' dir='ltr'>ἐλπίδος</span> 
     </span>
    </p>
   </div>
   <div class='ocr_carea' id='block_1_90' title="bbox 2045 3297 3625 3375">
    <p class='ocr_par' dir='ltr' id='par_1_90' title="bbox 2045 3297 3625 3375">
     <span class='ocr_line' id='line_1_90' title="bbox 2045 3297 3625 3375; baseline -0.008 -18"><span class='ocrx_word' id='word_1_613' title='bbox 2045 3304 2218 3375; x_wconf 79' lang='grc' dir='ltr'>αὐτήν</span> <span class='ocrx_word' id='word_1_614' title='bbox 2259 3319 2320 3356; x_wconf 91' lang='grc' dir='ltr'><strong>τε</strong></span> <span class='ocrx_word' id='word_1_615' title='bbox 2363 3303 2457 3356; x_wconf 78' lang='grc' dir='ltr'><strong>καὶ</strong></span> <span class='ocrx_word' id='word_1_616' title='bbox 2502 3302 2693 3354; x_wconf 77' lang='grc' dir='ltr'>ἑαυτὸν</span> <span class='ocrx_word' id='word_1_617' title='bbox 2743 3299 3086 3353; x_wconf 84' lang='grc' dir='ltr'>κατέσπασε·</span> <span class='ocrx_word' id='word_1_618' title='bbox 3143 3299 3240 3352; x_wconf 77' lang='grc' dir='ltr'><strong>καὶ</strong></span> <span class='ocrx_word' id='word_1_619' title='bbox 3276 3299 3379 3369; x_wconf 82' lang='grc' dir='ltr'><strong>τὴν</strong></span> <span class='ocrx_word' id='word_1_620' title='bbox 3431 3297 3625 3367; x_wconf 66' lang='grc' dir='ltr'>φθορὲν</span> 
     </span>
    </p>
   </div>
   <div class='ocr_carea' id='block_1_91' title="bbox 2044 3384 3624 3463">
    <p class='ocr_par' dir='ltr' id='par_1_91' title="bbox 2044 3384 3624 3463">
     <span class='ocr_line' id='line_1_91' title="bbox 2044 3384 3624 3463; baseline -0.006 -17"><span class='ocrx_word' id='word_1_621' title='bbox 2044 3392 2534 3463; x_wconf 81' lang='grc' dir='ltr'>ἀπεργασάμενος,</span> <span class='ocrx_word' id='word_1_622' title='bbox 2585 3388 2830 3453; x_wconf 81' lang='grc' dir='ltr'>ὲξεοῦται</span> <span class='ocrx_word' id='word_1_623' title='bbox 2871 3388 2970 3459; x_wconf 83' lang='grc' dir='ltr'><strong>τῆς</strong></span> <span class='ocrx_word' id='word_1_624' title='bbox 3011 3386 3338 3456; x_wconf 87' lang='grc' dir='ltr'>Ἐκκλησίας</span> <span class='ocrx_word' id='word_1_625' title='bbox 3388 3386 3500 3438; x_wconf 70' lang='grc' dir='ltr'><strong>ὑπὸ</strong></span> <span class='ocrx_word' id='word_1_626' title='bbox 3541 3384 3624 3436; x_wconf 72' lang='grc' dir='ltr'><strong>τοῦ</strong></span> 
     </span>
    </p>
   </div>
   <div class='ocr_carea' id='block_1_92' title="bbox 2050 3476 3626 3554">
    <p class='ocr_par' dir='ltr' id='par_1_92' title="bbox 2050 3476 3626 3554">
     <span class='ocr_line' id='line_1_92' title="bbox 2050 3476 3626 3554; baseline -0.006 -16"><span class='ocrx_word' id='word_1_627' title='bbox 2050 3485 2179 3538; x_wconf 78' lang='grc' dir='ltr'>[δίου</span> <span class='ocrx_word' id='word_1_628' title='bbox 2211 3482 2436 3554; x_wconf 88' lang='grc' dir='ltr'>πατρός.</span> <span class='ocrx_word' id='word_1_629' title='bbox 2475 3476 2584 3534; x_wconf 85' lang='grc' dir='ltr'>Ἦν</span> <span class='ocrx_word' id='word_1_630' title='bbox 2619 3481 2728 3550; x_wconf 83' lang='grc' dir='ltr'><strong>γὰρ</strong></span> <span class='ocrx_word' id='word_1_631' title='bbox 2765 3479 2928 3534; x_wconf 76' lang='grc' dir='ltr'>αὑτοῦ</span> <span class='ocrx_word' id='word_1_632' title='bbox 2960 3481 2988 3532; x_wconf 83' lang='grc' dir='ltr'><strong>ὁ</strong></span> <span class='ocrx_word' id='word_1_633' title='bbox 3015 3479 3199 3549; x_wconf 73' lang='grc' dir='ltr'>πατὴρ</span> <span class='ocrx_word' id='word_1_634' title='bbox 3231 3478 3298 3530; x_wconf 77' lang='grc' dir='ltr'>δι’</span> <span class='ocrx_word' id='word_1_635' title='bbox 3329 3478 3626 3549; x_wconf 62' lang='grc' dir='ltr'>ὑπερῶλῇν</span> 
     </span>
    </p>
   </div>
   <div class='ocr_carea' id='block_1_93' title="bbox 2046 3568 3623 3640">
    <p class='ocr_par' dir='ltr' id='par_1_93' title="bbox 2046 3568 3623 3640">
     <span class='ocr_line' id='line_1_93' title="bbox 2046 3568 3623 3640; baseline -0.011 -13"><span class='ocrx_word' id='word_1_636' title='bbox 2046 3571 2331 3634; x_wconf 81' lang='grc' dir='ltr'>εὐλαϐείας</span> <span class='ocrx_word' id='word_1_637' title='bbox 2362 3572 2469 3624; x_wconf 82' lang='grc' dir='ltr'><strong>τῶν</strong></span> <span class='ocrx_word' id='word_1_638' title='bbox 2501 3569 2794 3639; x_wconf 79' lang='grc' dir='ltr'>διαφανῶν,</span> <span class='ocrx_word' id='word_1_639' title='bbox 2843 3569 2939 3622; x_wconf 73' lang='grc' dir='ltr'><strong>καὶ</strong></span> <span class='ocrx_word' id='word_1_640' title='bbox 2985 3568 3192 3640; x_wconf 80' lang='grc' dir='ltr'>σφόδρα</span> <span class='ocrx_word' id='word_1_641' title='bbox 3236 3569 3338 3636; x_wconf 77' lang='grc' dir='ltr'><strong>τῆς</strong></span> <span class='ocrx_word' id='word_1_642' title='bbox 3381 3568 3623 3638; x_wconf 67' lang='grc' dir='ltr'>ἀληθείας</span> 
     </span>
    </p>
   </div>
   <div class='ocr_carea' id='block_1_94' title="bbox 2046 3654 3625 3728">
    <p class='ocr_par' dir='ltr' id='par_1_94' title="bbox 2046 3654 3625 3728">
     <span class='ocr_line' id='line_1_94' title="bbox 2046 3654 3625 3728; baseline -0.004 -17"><span class='ocrx_word' id='word_1_643' title='bbox 2046 3656 2473 3728; x_wconf 77' lang='grc' dir='ltr'>ἐπιμελομένων,</span> <span class='ocrx_word' id='word_1_644' title='bbox 2497 3655 2811 3726; x_wconf 85' lang='grc' dir='ltr'>διαπρέπων</span> <span class='ocrx_word' id='word_1_645' title='bbox 2851 3657 2907 3707; x_wconf 81' lang='grc' dir='ltr'><strong>ἐν</strong></span> <span class='ocrx_word' id='word_1_646' title='bbox 2944 3657 3010 3724; x_wconf 85' lang='grc' dir='ltr'>τῇ</span> <span class='ocrx_word' id='word_1_647' title='bbox 3055 3654 3156 3723; x_wconf 88' lang='grc' dir='ltr'><strong>τῆς</strong></span> <span class='ocrx_word' id='word_1_648' title='bbox 3198 3655 3511 3724; x_wconf 76' lang='grc' dir='ltr'>ἐπισκοπῆς</span> <span class='ocrx_word' id='word_1_649' title='bbox 3533 3654 3625 3706; x_wconf 84' lang='grc' dir='ltr'>λει-</span> 
     </span>
    </p>
   </div>
   <div class='ocr_carea' id='block_1_95' title="bbox 2046 3745 3620 3819">
    <p class='ocr_par' dir='ltr' id='par_1_95' title="bbox 2046 3745 3620 3819">
     <span class='ocr_line' id='line_1_95' title="bbox 2046 3745 3620 3819; baseline -0.004 -17"><span class='ocrx_word' id='word_1_650' title='bbox 2046 3747 2294 3819; x_wconf 75' lang='grc' dir='ltr'>τουργίᾳ.</span> <span class='ocrx_word' id='word_1_651' title='bbox 2327 3746 2504 3800; x_wconf 82' lang='grc' dir='ltr'>Πολλὰ</span> <span class='ocrx_word' id='word_1_652' title='bbox 2531 3746 2690 3817; x_wconf 82' lang='grc' dir='ltr'>δῆθεν</span> <span class='ocrx_word' id='word_1_653' title='bbox 2718 3748 2747 3800; x_wconf 83' lang='grc' dir='ltr'>ὁ</span> <span class='ocrx_word' id='word_1_654' title='bbox 2783 3745 3052 3816; x_wconf 84' lang='grc' dir='ltr'>Μαρκίων</span> <span class='ocrx_word' id='word_1_655' title='bbox 3094 3745 3516 3809; x_wconf 83' lang='grc' dir='ltr'>καθικετεύσας,</span> <span class='ocrx_word' id='word_1_656' title='bbox 3546 3747 3620 3798; x_wconf 67' lang='grc' dir='ltr'>καὶ</span> 
     </span>
    </p>
   </div>
   <div class='ocr_carea' id='block_1_96' title="bbox 2048 3838 3618 3912">
    <p class='ocr_par' dir='ltr' id='par_1_96' title="bbox 2048 3838 3618 3912">
     <span class='ocr_line' id='line_1_96' title="bbox 2048 3838 3618 3912; baseline -0.002 -17"><span class='ocrx_word' id='word_1_657' title='bbox 2048 3843 2278 3912; x_wconf 79' lang='grc' dir='ltr'>αἰτήσας</span> <span class='ocrx_word' id='word_1_658' title='bbox 2313 3839 2622 3911; x_wconf 87' lang='grc' dir='ltr'>μετάνοιαν,</span> <span class='ocrx_word' id='word_1_659' title='bbox 2653 3839 2754 3892; x_wconf 79' lang='grc' dir='ltr'><strong>οὐκ</strong></span> <span class='ocrx_word' id='word_1_660' title='bbox 2799 3838 2988 3910; x_wconf 79' lang='grc' dir='ltr'>εἴληφε</span> <span class='ocrx_word' id='word_1_661' title='bbox 3036 3839 3185 3908; x_wconf 82' lang='grc' dir='ltr'>παρὰ</span> <span class='ocrx_word' id='word_1_662' title='bbox 3229 3839 3324 3891; x_wconf 81' lang='grc' dir='ltr'><strong>τοῦ</strong></span> <span class='ocrx_word' id='word_1_663' title='bbox 3372 3840 3504 3892; x_wconf 81' lang='grc' dir='ltr'>ἰδίου</span> <span class='ocrx_word' id='word_1_664' title='bbox 3537 3857 3618 3892; x_wconf 72' lang='grc' dir='ltr'>πα-</span> 
     </span>
    </p>
   </div>
   <div class='ocr_carea' id='block_1_97' title="bbox 2049 3925 3617 4004">
    <p class='ocr_par' dir='ltr' id='par_1_97' title="bbox 2049 3925 3617 4004">
     <span class='ocr_line' id='line_1_97' title="bbox 2049 3925 3617 4004; baseline -0.004 -18"><span class='ocrx_word' id='word_1_665' title='bbox 2049 3932 2195 4004; x_wconf 89' lang='grc' dir='ltr'>τρός.</span> <span class='ocrx_word' id='word_1_666' title='bbox 2249 3931 2416 3994; x_wconf 85' lang='grc' dir='ltr'>Πόνος</span> <span class='ocrx_word' id='word_1_667' title='bbox 2465 3930 2574 4002; x_wconf 83' lang='grc' dir='ltr'>γὰρ</span> <span class='ocrx_word' id='word_1_668' title='bbox 2617 3925 2732 4000; x_wconf 76' lang='grc' dir='ltr'>εἶχε</span> <span class='ocrx_word' id='word_1_669' title='bbox 2787 3929 2878 3982; x_wconf 81' lang='grc' dir='ltr'><strong>τὸν</strong></span> <span class='ocrx_word' id='word_1_670' title='bbox 2918 3929 3194 3998; x_wconf 80' lang='grc' dir='ltr'>ἀξιόλογον</span> <span class='ocrx_word' id='word_1_671' title='bbox 3251 3930 3489 4002; x_wconf 83' lang='grc' dir='ltr'>γέροντα</span> <span class='ocrx_word' id='word_1_672' title='bbox 3545 3932 3617 3983; x_wconf 68' lang='grc' dir='ltr'><strong>καὶ</strong></span> 
     </span>
    </p>
   </div>
   <div class='ocr_carea' id='block_1_98' title="bbox 2050 4020 3616 4091">
    <p class='ocr_par' dir='ltr' id='par_1_98' title="bbox 2050 4020 3616 4091">
     <span class='ocr_line' id='line_1_98' title="bbox 2050 4020 3616 4091; baseline -0.003 -13"><span class='ocrx_word' id='word_1_673' title='bbox 2050 4025 2365 4085; x_wconf 77' lang='grc' dir='ltr'>ἐπίσκοπον,</span> <span class='ocrx_word' id='word_1_674' title='bbox 2397 4024 2479 4076; x_wconf 82' lang='grc' dir='ltr'>ὅτι</span> <span class='ocrx_word' id='word_1_675' title='bbox 2524 4023 2585 4074; x_wconf 82' lang='grc' dir='ltr'><strong>οὑ</strong></span> <span class='ocrx_word' id='word_1_676' title='bbox 2637 4022 2794 4091; x_wconf 84' lang='grc' dir='ltr'>μόνον</span> <span class='ocrx_word' id='word_1_677' title='bbox 2840 4020 3094 4086; x_wconf 75' lang='grc' dir='ltr'>ἐξέπεσεν</span> <span class='ocrx_word' id='word_1_678' title='bbox 3139 4022 3372 4086; x_wconf 64' lang='grc' dir='ltr'>ἐκεῖνκ,</span> <span class='ocrx_word' id='word_1_679' title='bbox 3402 4021 3518 4074; x_wconf 80' lang='grc' dir='ltr'>ἀλλ’</span> <span class='ocrx_word' id='word_1_680' title='bbox 3553 4023 3616 4074; x_wconf 75' lang='grc' dir='ltr'><strong>ὅτι</strong></span> 
     </span>
    </p>
   </div>
   <div class='ocr_carea' id='block_1_99' title="bbox 2051 4107 3614 4181">
    <p class='ocr_par' dir='ltr' id='par_1_99' title="bbox 2051 4107 3614 4181">
     <span class='ocr_line' id='line_1_99' title="bbox 2051 4107 3614 4181; baseline -0.003 -14"><span class='ocrx_word' id='word_1_681' title='bbox 2051 4115 2145 4167; x_wconf 76' lang='grc' dir='ltr'><strong>καὶ</strong></span> <span class='ocrx_word' id='word_1_682' title='bbox 2193 4111 2339 4181; x_wconf 81' lang='grc' dir='ltr'>αὐτῷ</span> <span class='ocrx_word' id='word_1_683' title='bbox 2370 4112 2432 4164; x_wconf 84' lang='grc' dir='ltr'><strong>τὸ</strong></span> <span class='ocrx_word' id='word_1_684' title='bbox 2479 4107 2665 4181; x_wconf 76' lang='grc' dir='ltr'>αἶσχος</span> <span class='ocrx_word' id='word_1_685' title='bbox 2716 4111 2929 4180; x_wconf 78' lang='grc' dir='ltr'>ἔφερεν.</span> <span class='ocrx_word' id='word_1_686' title='bbox 2974 4111 3061 4172; x_wconf 85' lang='grc' dir='ltr'>Ὠς</span> <span class='ocrx_word' id='word_1_687' title='bbox 3107 4111 3287 4164; x_wconf 85' lang='grc' dir='ltr'>τοίνυν</span> <span class='ocrx_word' id='word_1_688' title='bbox 3331 4112 3436 4164; x_wconf 79' lang='grc' dir='ltr'><strong>οὐκ</strong></span> <span class='ocrx_word' id='word_1_689' title='bbox 3483 4112 3614 4181; x_wconf 52' lang='lat' dir='ltr'><strong>En}:</strong></span> 
     </span>
    </p>
   </div>
   <div class='ocr_carea' id='block_1_100' title="bbox 2051 4194 3615 4278">
    <p class='ocr_par' dir='ltr' id='par_1_100' title="bbox 2051 4194 3615 4278">
     <span class='ocr_line' id='line_1_100' title="bbox 2051 4194 3615 4278; baseline -0.002 -21"><span class='ocrx_word' id='word_1_690' title='bbox 2051 4205 2176 4275; x_wconf 86' lang='grc' dir='ltr'>παρ’</span> <span class='ocrx_word' id='word_1_691' title='bbox 2205 4201 2369 4256; x_wconf 82' lang='grc' dir='ltr'>αὑτοῦ</span> <span class='ocrx_word' id='word_1_692' title='bbox 2417 4202 2503 4255; x_wconf 82' lang='grc' dir='ltr'>διὰ</span> <span class='ocrx_word' id='word_1_693' title='bbox 2538 4202 2637 4272; x_wconf 89' lang='grc' dir='ltr'><strong>τῆς</strong></span> <span class='ocrx_word' id='word_1_694' title='bbox 2685 4201 2973 4278; x_wconf 83' lang='grc' dir='ltr'>κολακείας</span> <span class='ocrx_word' id='word_1_695' title='bbox 3001 4194 3077 4254; x_wconf 82' lang='grc' dir='ltr'>ὧν</span> <span class='ocrx_word' id='word_1_696' title='bbox 3113 4200 3314 4266; x_wconf 79' lang='grc' dir='ltr'>ἐδέετο,</span> <span class='ocrx_word' id='word_1_697' title='bbox 3349 4202 3426 4272; x_wconf 81' lang='grc' dir='ltr'>μὴ</span> <span class='ocrx_word' id='word_1_698' title='bbox 3460 4202 3615 4272; x_wconf 67' lang='grc' dir='ltr'>φέρων</span> 
     </span>
    </p>
   </div>
   <div class='ocr_carea' id='block_1_101' title="bbox 2052 4293 3613 4367">
    <p class='ocr_par' dir='ltr' id='par_1_101' title="bbox 2052 4293 3613 4367">
     <span class='ocr_line' id='line_1_101' title="bbox 2052 4293 3613 4367; baseline 0 -19"><span class='ocrx_word' id='word_1_699' title='bbox 2052 4295 2148 4367; x_wconf 81' lang='grc' dir='ltr'>τὴν</span> <span class='ocrx_word' id='word_1_700' title='bbox 2175 4296 2283 4349; x_wconf 84' lang='grc' dir='ltr'><strong>ἀπὸ</strong></span> <span class='ocrx_word' id='word_1_701' title='bbox 2320 4294 2429 4349; x_wconf 86' lang='grc' dir='ltr'><strong>τῶν</strong></span> <span class='ocrx_word' id='word_1_702' title='bbox 2473 4293 2683 4348; x_wconf 86' lang='grc' dir='ltr'>πολλῶν</span> <span class='ocrx_word' id='word_1_703' title='bbox 2717 4293 2936 4364; x_wconf 80' lang='grc' dir='ltr'>χλεύην,</span> <span class='ocrx_word' id='word_1_704' title='bbox 2986 4294 3380 4364; x_wconf 82' lang='grc' dir='ltr'>ἀποδιδράσκει</span> <span class='ocrx_word' id='word_1_705' title='bbox 3416 4296 3513 4365; x_wconf 84' lang='grc' dir='ltr'><strong>τῆς</strong></span> <span class='ocrx_word' id='word_1_706' title='bbox 3540 4295 3613 4348; x_wconf 70' lang='grc' dir='ltr'>πό-</span> 
     </span>
    </p>
   </div>
   <div class='ocr_carea' id='block_1_102' title="bbox 1979 4357 3612 4458">
    <p class='ocr_par' dir='ltr' id='par_1_102' title="bbox 1979 4357 3612 4458">
     <span class='ocr_line' id='line_1_102' title="bbox 1979 4357 3612 4458; baseline -0.001 -19"><span class='ocrx_word' id='word_1_707' title='bbox 1979 4357 2024 4411; x_wconf 77' lang='lat' dir='ltr'><strong>D</strong></span> <span class='ocrx_word' id='word_1_708' title='bbox 2053 4357 2189 4448; x_wconf 58' lang='lat' dir='ltr'><strong>lem;</strong></span> <span class='ocrx_word' id='word_1_709' title='bbox 2219 4388 2320 4456; x_wconf 84' lang='grc' dir='ltr'><strong>τῆς</strong></span> <span class='ocrx_word' id='word_1_710' title='bbox 2347 4387 2537 4457; x_wconf 86' lang='grc' dir='ltr'>αὐτῆς,</span> <span class='ocrx_word' id='word_1_711' title='bbox 2563 4386 2658 4438; x_wconf 79' lang='grc' dir='ltr'><strong>καὶ</strong></span> <span class='ocrx_word' id='word_1_712' title='bbox 2686 4387 2889 4440; x_wconf 85' lang='grc' dir='ltr'>ἄνεισιν</span> <span class='ocrx_word' id='word_1_713' title='bbox 2930 4387 3011 4449; x_wconf 85' lang='grc' dir='ltr'><strong>είς</strong></span> <span class='ocrx_word' id='word_1_714' title='bbox 3032 4385 3152 4456; x_wconf 38' lang='grc' dir='ltr'>,τὴν</span> <span class='ocrx_word' id='word_1_715' title='bbox 3189 4384 3413 4458; x_wconf 79' lang='grc' dir='ltr'>Ῥώμην</span> <span class='ocrx_word' id='word_1_716' title='bbox 3448 4388 3612 4458; x_wconf 66' lang='grc' dir='ltr'>αὐτὴν,</span> 
     </span>
    </p>
   </div>
   <div class='ocr_carea' id='block_1_103' title="bbox 2056 4476 3609 4548">
    <p class='ocr_par' dir='ltr' id='par_1_103' title="bbox 2056 4476 3609 4548">
     <span class='ocr_line' id='line_1_103' title="bbox 2056 4476 3609 4548; baseline 0 -19"><span class='ocrx_word' id='word_1_717' title='bbox 2056 4477 2194 4547; x_wconf 73' lang='grc' dir='ltr'>μετὰ</span> <span class='ocrx_word' id='word_1_718' title='bbox 2231 4477 2292 4528; x_wconf 77' lang='grc' dir='ltr'>τὸ</span> <span class='ocrx_word' id='word_1_719' title='bbox 2332 4476 2650 4546; x_wconf 86' lang='grc' dir='ltr'>τελευτῆσαι</span> <span class='ocrx_word' id='word_1_720' title='bbox 2687 4476 2897 4544; x_wconf 84' lang='grc' dir='ltr'>Ὑγῖνον</span> <span class='ocrx_word' id='word_1_721' title='bbox 2939 4476 3030 4530; x_wconf 81' lang='grc' dir='ltr'><strong>τὸν</strong></span> <span class='ocrx_word' id='word_1_722' title='bbox 3062 4477 3365 4529; x_wconf 78' lang='grc' dir='ltr'>ἐπίσκοπον</span> <span class='ocrx_word' id='word_1_723' title='bbox 3399 4479 3609 4548; x_wconf 69' lang='grc' dir='ltr'>Ῥώμης.</span> 
     </span>
    </p>
   </div>
   <div class='ocr_carea' id='block_1_104' title="bbox 2056 4563 3612 4639">
    <p class='ocr_par' dir='ltr' id='par_1_104' title="bbox 2056 4563 3612 4639">
     <span class='ocr_line' id='line_1_104' title="bbox 2056 4563 3612 4639; baseline -0.001 -18"><span class='ocrx_word' id='word_1_724' title='bbox 2056 4563 2225 4630; x_wconf 75' lang='grc' dir='ltr'>Οὗτος</span> <span class='ocrx_word' id='word_1_725' title='bbox 2249 4567 2305 4620; x_wconf 81' lang='grc' dir='ltr'><strong>δὲ</strong></span> <span class='ocrx_word' id='word_1_726' title='bbox 2338 4566 2523 4630; x_wconf 76' lang='grc' dir='ltr'>ἔνατος</span> <span class='ocrx_word' id='word_1_727' title='bbox 2546 4563 2614 4637; x_wconf 81' lang='grc' dir='ltr'>ἦν</span> <span class='ocrx_word' id='word_1_728' title='bbox 2643 4567 2751 4620; x_wconf 87' lang='grc' dir='ltr'><strong>ἀπὸ</strong></span> <span class='ocrx_word' id='word_1_729' title='bbox 2777 4567 2982 4639; x_wconf 86' lang='grc' dir='ltr'>Πέτρου</span> <span class='ocrx_word' id='word_1_730' title='bbox 3009 4569 3103 4621; x_wconf 77' lang='grc' dir='ltr'><strong>καὶ</strong></span> <span class='ocrx_word' id='word_1_731' title='bbox 3131 4568 3348 4621; x_wconf 85' lang='grc' dir='ltr'>Παύλου</span> <span class='ocrx_word' id='word_1_732' title='bbox 3377 4569 3480 4621; x_wconf 83' lang='grc' dir='ltr'>τῶν</span> <span class='ocrx_word' id='word_1_733' title='bbox 3501 4571 3612 4621; x_wconf 75' lang='grc' dir='ltr'>ἀπο-</span> 
     </span>
    </p>
   </div>
   <div class='ocr_carea' id='block_1_105' title="bbox 2059 4660 3609 4732">
    <p class='ocr_par' dir='ltr' id='par_1_105' title="bbox 2059 4660 3609 4732">
     <span class='ocr_line' id='line_1_105' title="bbox 2059 4660 3609 4732; baseline -0.001 -19"><span class='ocrx_word' id='word_1_734' title='bbox 2059 4660 2286 4713; x_wconf 84' lang='grc' dir='ltr'>στόλων·</span> <span class='ocrx_word' id='word_1_735' title='bbox 2316 4660 2410 4713; x_wconf 72' lang='grc' dir='ltr'><strong>καὶ</strong></span> <span class='ocrx_word' id='word_1_736' title='bbox 2459 4663 2573 4724; x_wconf 80' lang='grc' dir='ltr'>τοῖς</span> <span class='ocrx_word' id='word_1_737' title='bbox 2612 4660 2692 4713; x_wconf 79' lang='grc' dir='ltr'>ἔτι</span> <span class='ocrx_word' id='word_1_738' title='bbox 2740 4660 3070 4732; x_wconf 80' lang='grc' dir='ltr'>πρεσϐύταις</span> <span class='ocrx_word' id='word_1_739' title='bbox 3093 4660 3365 4732; x_wconf 83' lang='grc' dir='ltr'>περιοῦσι,</span> <span class='ocrx_word' id='word_1_740' title='bbox 3407 4663 3495 4715; x_wconf 78' lang='grc' dir='ltr'><strong>καὶ</strong></span> <span class='ocrx_word' id='word_1_741' title='bbox 3525 4662 3609 4714; x_wconf 70' lang='grc' dir='ltr'><strong>ἀπὸ</strong></span> 
     </span>
    </p>
   </div>
   <div class='ocr_carea' id='block_1_106' title="bbox 2056 4752 3609 4825">
    <p class='ocr_par' dir='ltr' id='par_1_106' title="bbox 2056 4752 3609 4825">
     <span class='ocr_line' id='line_1_106' title="bbox 2056 4752 3609 4825; baseline 0.001 -22"><span class='ocrx_word' id='word_1_742' title='bbox 2056 4753 2164 4806; x_wconf 84' lang='grc' dir='ltr'><strong>τῶν</strong></span> <span class='ocrx_word' id='word_1_743' title='bbox 2215 4752 2471 4824; x_wconf 80' lang='grc' dir='ltr'>μαθητῶν</span> <span class='ocrx_word' id='word_1_744' title='bbox 2525 4753 2634 4806; x_wconf 82' lang='grc' dir='ltr'>τῶν</span> <span class='ocrx_word' id='word_1_745' title='bbox 2679 4753 2988 4808; x_wconf 84' lang='grc' dir='ltr'>ἀποστόλων</span> <span class='ocrx_word' id='word_1_746' title='bbox 3038 4754 3388 4825; x_wconf 81' lang='grc' dir='ltr'>ὁρμωμένοις</span> <span class='ocrx_word' id='word_1_747' title='bbox 3433 4753 3609 4823; x_wconf 67' lang='lat' dir='ltr'><strong>aspG:-</strong></span> 
     </span>
    </p>
   </div>
   <div class='ocr_carea' id='block_1_107' title="bbox 2056 4842 3607 4914">
    <p class='ocr_par' dir='ltr' id='par_1_107' title="bbox 2056 4842 3607 4914">
     <span class='ocr_line' id='line_1_107' title="bbox 2056 4842 3607 4914; baseline 0 -20"><span class='ocrx_word' id='word_1_748' title='bbox 2056 4842 2182 4906; x_wconf 87' lang='grc' dir='ltr'>λὼν,</span> <span class='ocrx_word' id='word_1_749' title='bbox 2235 4843 2351 4914; x_wconf 76' lang='grc' dir='ltr'>ᾔτει</span> <span class='ocrx_word' id='word_1_750' title='bbox 2408 4842 2770 4912; x_wconf 81' lang='grc' dir='ltr'>συναχθῆναι,</span> <span class='ocrx_word' id='word_1_751' title='bbox 2809 4843 2904 4896; x_wconf 78' lang='grc' dir='ltr'><strong>καὶ</strong></span> <span class='ocrx_word' id='word_1_752' title='bbox 2945 4843 3120 4907; x_wconf 69' lang='grc' dir='ltr'>οὐδεὶς</span> <span class='ocrx_word' id='word_1_753' title='bbox 3160 4845 3312 4914; x_wconf 79' lang='grc' dir='ltr'>αὐτῷ</span> <span class='ocrx_word' id='word_1_754' title='bbox 3372 4843 3607 4913; x_wconf 81' lang='grc' dir='ltr'>συγκεχὼ-</span> 
     </span>
    </p>
   </div>
   <div class='ocr_carea' id='block_1_108' title="bbox 2061 4934 3606 5006">
    <p class='ocr_par' dir='ltr' id='par_1_108' title="bbox 2061 4934 3606 5006">
     <span class='ocr_line' id='line_1_108' title="bbox 2061 4934 3606 5006; baseline 0.001 -20"><span class='ocrx_word' id='word_1_755' title='bbox 2061 4951 2226 5004; x_wconf 77' lang='grc' dir='ltr'>ρηκε”</span> <span class='ocrx_word' id='word_1_756' title='bbox 2256 4935 2403 5006; x_wconf 80' lang='grc' dir='ltr'><strong>ζήλῳ</strong></span> <span class='ocrx_word' id='word_1_757' title='bbox 2429 4934 2611 4988; x_wconf 84' lang='grc' dir='ltr'>λοιπὸν</span> <span class='ocrx_word' id='word_1_758' title='bbox 2656 4934 2934 5004; x_wconf 73' lang='grc' dir='ltr'>ἐπαρθεὶς,</span> <span class='ocrx_word' id='word_1_759' title='bbox 2974 4934 3050 4997; x_wconf 85' lang='grc' dir='ltr'>ὡς</span> <span class='ocrx_word' id='word_1_760' title='bbox 3090 4935 3191 4988; x_wconf 72' lang='grc' dir='ltr'><strong>οὐκ</strong></span> <span class='ocrx_word' id='word_1_761' title='bbox 3239 4935 3498 5006; x_wconf 66' lang='grc' dir='ltr'>ἀπείληφε</span> <span class='ocrx_word' id='word_1_762' title='bbox 3527 4937 3606 5000; x_wconf 71' lang='grc' dir='ltr'><strong>τὴν</strong></span> 
     </span>
    </p>
   </div>
   <div class='ocr_carea' id='block_1_109' title="bbox 2063 5027 3601 5099">
    <p class='ocr_par' dir='ltr' id='par_1_109' title="bbox 2063 5027 3601 5099">
     <span class='ocr_line' id='line_1_109' title="bbox 2063 5027 3601 5099; baseline -0.001 -20"><span class='ocrx_word' id='word_1_763' title='bbox 2063 5027 2351 5098; x_wconf 87' lang='grc' dir='ltr'>προεδρίαν</span> <span class='ocrx_word' id='word_1_764' title='bbox 2382 5045 2438 5080; x_wconf 89' lang='grc' dir='ltr'><strong>τε</strong></span> <span class='ocrx_word' id='word_1_765' title='bbox 2474 5027 2584 5098; x_wconf 83' lang='grc'>(65)</span> <span class='ocrx_word' id='word_1_766' title='bbox 2620 5029 2713 5080; x_wconf 75' lang='grc' dir='ltr'><strong>καὶ</strong></span> <span class='ocrx_word' id='word_1_767' title='bbox 2745 5029 2843 5098; x_wconf 79' lang='grc' dir='ltr'>τὴν</span> <span class='ocrx_word' id='word_1_768' title='bbox 2877 5028 3111 5081; x_wconf 76' lang='grc' dir='ltr'>εἴσδυσιν</span> <span class='ocrx_word' id='word_1_769' title='bbox 3153 5028 3253 5098; x_wconf 83' lang='grc' dir='ltr'><strong>τῆς</strong></span> <span class='ocrx_word' id='word_1_770' title='bbox 3293 5029 3601 5099; x_wconf 71' lang='grc' dir='ltr'>Ἐκκλησίας,</span> 
     </span>
    </p>
   </div>
   <div class='ocr_carea' id='block_1_110' title="bbox 2062 5355 3593 5417">
    <p class='ocr_par' dir='ltr' id='par_1_110' title="bbox 2062 5355 3593 5417">
     <span class='ocr_line' id='line_1_110' title="bbox 2062 5355 3593 5417; baseline 0.003 -10"><span class='ocrx_word' id='word_1_771' title='bbox 2062 5369 2253 5410; x_wconf 90' lang='lat' dir='ltr'><strong>versus</strong></span> <span class='ocrx_word' id='word_1_772' title='bbox 2275 5355 2566 5410; x_wconf 91' lang='lat' dir='ltr'><strong>nefandum</strong></span> <span class='ocrx_word' id='word_1_773' title='bbox 2613 5357 2757 5413; x_wconf 85' lang='lat' dir='ltr'><strong>hunc</strong></span> <span class='ocrx_word' id='word_1_774' title='bbox 2811 5360 3121 5415; x_wconf 66' lang='lat' dir='ltr'><strong>harroticum</strong></span> <span class='ocrx_word' id='word_1_775' title='bbox 3162 5378 3194 5414; x_wconf 88' lang='lat' dir='ltr'><strong>v</strong></span> <span class='ocrx_word' id='word_1_776' title='bbox 3229 5363 3395 5417; x_wconf 86' lang='lat' dir='ltr'><strong>libros</strong></span> <span class='ocrx_word' id='word_1_777' title='bbox 3420 5359 3593 5414; x_wconf 84' lang='lat' dir='ltr'><strong>Tcrtul.</strong></span> 
     </span>
    </p>
   </div>
   <div class='ocr_carea' id='block_1_111' title="bbox 2063 5424 3593 5549">
    <p class='ocr_par' dir='ltr' id='par_1_111' title="bbox 2063 5424 3593 5549">
     <span class='ocr_line' id='line_1_111' title="bbox 2063 5424 3593 5549; baseline 0.005 -72"><span class='ocrx_word' id='word_1_778' title='bbox 2063 5424 2339 5549; x_wconf 48' lang='grc' dir='ltr'><strong>ἒίὲὶῗιὲυω</strong></span> <span class='ocrx_word' id='word_1_779' title='bbox 2363 5427 2428 5481; x_wconf 89' lang='lat' dir='ltr'><strong>de</strong></span> <span class='ocrx_word' id='word_1_780' title='bbox 2454 5428 2572 5495; x_wconf 88' lang='lat' dir='ltr'><strong>ejus</strong></span> <span class='ocrx_word' id='word_1_781' title='bbox 2602 5437 2844 5499; x_wconf 86' lang='lat' dir='ltr'><strong>tempore</strong></span> <span class='ocrx_word' id='word_1_782' title='bbox 2868 5432 2933 5485; x_wconf 89' lang='lat' dir='ltr'><strong>ad</strong></span> <span class='ocrx_word' id='word_1_783' title='bbox 2966 5432 3094 5485; x_wconf 71' lang='lat' dir='ltr'><strong>lum.</strong></span> <span class='ocrx_word' id='word_1_784' title='bbox 3120 5448 3265 5493; x_wconf 73' lang='lat' dir='ltr'><strong>xui.</strong></span> <span class='ocrx_word' id='word_1_785' title='bbox 3297 5450 3348 5486; x_wconf 83' lang='grc' dir='ltr'><strong>ιι.</strong></span> <span class='ocrx_word' id='word_1_786' title='bbox 3373 5434 3415 5495; x_wconf 82' lang='lat' dir='ltr'><strong>l,</strong></span> <span class='ocrx_word' id='word_1_787' title='bbox 3439 5434 3593 5500; x_wconf 82' lang='lat' dir='ltr'><strong>dispu-</strong></span> 
     </span>
    </p>
   </div>
   <div class='ocr_carea' id='block_1_112' title="bbox 2133 5565 3592 5641">
    <p class='ocr_par' dir='ltr' id='par_1_112' title="bbox 2133 5565 3592 5641">
     <span class='ocr_line' id='line_1_112' title="bbox 2133 5565 3592 5641; baseline 0.003 -22"><span class='ocrx_word' id='word_1_788' title='bbox 2133 5565 2242 5634; x_wconf 81' lang='grc'><strong>(65)</strong></span> <span class='ocrx_word' id='word_1_789' title='bbox 2276 5568 2370 5632; x_wconf 85' lang='grc' dir='ltr'>Ὡς</span> <span class='ocrx_word' id='word_1_790' title='bbox 2416 5569 2526 5621; x_wconf 76' lang='grc' dir='ltr'>οὐκ</span> <span class='ocrx_word' id='word_1_791' title='bbox 2569 5569 2869 5639; x_wconf 68' lang='grc' dir='ltr'>ἀπείληφε</span> <span class='ocrx_word' id='word_1_792' title='bbox 2901 5570 3016 5639; x_wconf 70' lang='grc' dir='ltr'><strong>τὴν</strong></span> <span class='ocrx_word' id='word_1_793' title='bbox 3041 5571 3360 5641; x_wconf 75' lang='grc' dir='ltr'>προεδρίαν</span> <span class='ocrx_word' id='word_1_794' title='bbox 3385 5587 3462 5626; x_wconf 77' lang='grc' dir='ltr'><strong>τε.</strong></span> <span class='ocrx_word' id='word_1_795' title='bbox 3482 5571 3592 5640; x_wconf 81' lang='grc' dir='ltr'>Προ-</span> 
     </span>
    </p>
   </div>
  </div>
