3768 6182
165 246 292 299 697

861 244 1229 300 auvsusus
1258 244 1597 301 llAERESES
1635 244 1763 302 LIB.
1805 248 1848 303 ι.
1889 245 2054 304 'rou.
2096 248 2183 303 ιιι.
2223 278 2294 289 -
2331 220 2608 302 amatas.
2649 245 2807 299 XLII.

3300 294 3310 309 ε
3340 242 3451 299 098

169 362 401 415 ἐπινοεῖ
452 361 630 428 ἐαυτῷ
691 362 785 417 καὶ
831 363 1166 434 προσφεύγει
1208 368 1274 435 τῇ
1318 364 1413 417 τοῦ
1466 364 1779 428 ἁπατεῶνος

1962 384 1994 423 c
2030 366 2234 432 locum,
2270 380 2336 421 ac
2369 380 2440 420 ne
2484 362 2742 418 Ecclesia:
2774 359 2997 430 quidem
3029 358 3234 413 aditum
3273 358 3449 428 impe-

172 452 478 523 Κέρδωνος
502 454 733 524 αἱρέσει.

261 625 339 676 B'.
382 626 489 678 Καὶ
528 624 773 695 ἄρχεται,
806 626 880 689 ὡς
916 629 1109 691 είπεῖν,
1142 626 1202 690 ἐξ
1247 627 1417 695 αὐτῆς
1460 627 1561 697 τῆς
1599 627 1777 697 ἀρχῆς

176 716 287 766 καὶ
326 716 403 778 ὡς
439 716 547 768 ἀπὸ
592 716 769 788 θυρῶν
802 716 911 769 τῶν
953 714 1281 785 ζητημάτων
1320 714 1622 786 προτείνειν
1666 717 1777 778 τοῖς

176 807 315 858 κατ’
361 808 536 859 ἐκεῖνο
582 806 774 877 καιροῦ
816 806 1209 877 πρεσϐυτέροις
1254 806 1411 859 τοῦτο
1454 807 1515 858 τὸ
1557 806 1777 877 ζήτημα

174 896 393 965 λέγων·
428 898 629 951 Εἴπατέ
670 916 777 967 μοι,
817 898 869 950 τί
916 900 1031 950 ἐστι
1068 898 1158 964 τὸ,
1197 901 1278 952 Οὐ
1311 898 1664 961 βάλλουσιν
1691 893 1776 949 οῖ-

173 1005 303 1040 νον
334 988 477 1041 νέον
518 991 607 1053 είς
649 988 877 1053 ἀσκοὺς
927 988 1242 1053 παλαιοὺς,
1283 987 1427 1041 οὐδὲ
1478 988 1778 1055 ἐπίϐλημα

172 1086 418 1154 ῥάκους
451 1086 726 1156 ἀγνάφου
762 1086 859 1139 ἐπὶ
890 1087 1094 1155 ίματίῳ
1123 1084 1357 1150 παλαιῷ
1377 1101 1389 1113 ·
1423 1087 1474 1138 el
1507 1084 1574 1137 δὲ
1597 1084 1773 1153 μήγε,

174 1178 289 1229 καί
336 1177 403 1230 τὸ
446 1177 737 1245 πλήρωμα
783 1177 954 1243 αἴρει,
994 1176 1093 1228 καὶ
1132 1175 1208 1240 τῷ
1248 1174 1479 1239 παλαιῷ
1518 1176 1589 1227 οὐ
1628 1189 1779 1242 συμ-

172 1265 477 1332 φωνήσει.
517 1264 726 1325 Μεῖζον
761 1265 868 1333 γὰρ
901 1265 1217 1335 γενήσεται
1260 1265 1531 1334 Oxiam;
1568 1263 1670 1316 Καὶ
1700 1264 1776 1327 ὡς

172 1357 349 1410 τοῦτο
382 1357 619 1427 ἤκουσαν
665 1358 715 1409 οἱ
764 1358 1024 1419 ἐπιεικεῖς
1067 1357 1160 1410 καὶ
1202 1356 1457 1424 πανάγιοι
1486 1356 1585 1425 τῆς
1619 1356 1779 1423 ἁγίας
1830 1362 1833 1365 ’

172 1448 284 1500 τοῦ
331 1447 464 1500 Θεοῦ
515 1446 841 1517 Ἐκκλησίας
884 1446 1244 1517 πρεσϐύτεροι
1302 1448 1395 1500 καὶ
1446 1444 1774 1509 διδάσκαλοι,

170 1538 281 1591 τὸν
315 1538 416 1609 τῆς
445 1538 765 1600 ἀκολουθίας
804 1537 901 1591 καὶ
932 1536 1195 1608 ἁρμονίας
1226 1536 1567 1599 ἀποδιδόντες
1595 1535 1774 1604 λόγον,

174 1629 283 1682 καὶ
314 1628 611 1702 φράζοντες
635 1628 782 1699 αὑτῷ
814 1628 952 1698 μετὰ
982 1628 1300 1692 ἐπιεικείας,
1328 1626 1531 1695 ἔλεγον·
1554 1627 1774 1689 Τέκνον,

173 1720 350 1773 τοῦτό
389 1721 536 1774 ἐστιν
580 1721 741 1774 ἀσκοὶ
781 1720 1023 1784 παλαιοὶ,
1060 1722 1117 1773 αί
1158 1720 1268 1773 τῶν
1297 1718 1607 1787 Φαρισαίων
1641 1735 1779 1789 καρ-
1807 1706 1851 1761 Β

179 1812 295 1865 Sict
330 1812 422 1865 καὶ
459 1813 856 1883 γραμματέων,
893 1812 1279 1866 παλαιωθεὼαι
1308 1812 1364 1863 ἐν
1392 1811 1775 1881 ἁμαρτήμασι,

180 1903 281 1955 καὶ
323 1903 396 1973 μὴ
439 1903 726 1973 δεξάμεναι
760 1904 820 1957 τὸ
852 1905 1116 1975 κήρυγμα
1149 1901 1243 1955 τοῦ
1277 1900 1641 1970 Εὐαγγελίουο
1687 1901 1780 1954 καὶ

187 1993 247 2046 τὸ
282 1992 496 2064 ἱμάτιον
540 1994 600 2047 τὸ
652 1994 916 2060 παλαιὸν,
970 1994 1047 2059 ὡς
1086 1994 1183 2047 καὶ
1218 1996 1247 2046 ὁ
1292 1993 1493 2057 Ἰούδας
1539 1992 1781 2046 παλαιω-

180 2084 305 2146 θεὶς
334 2086 390 2136 ὲν
421 2083 756 2155 φιλαργυρίᾳ
793 2083 891 2136 οὐκ
918 2082 1134 2146 ἐδέξατο
1162 2080 1256 2135 τοῦ
1279 2080 1469 2136 καινοῦ
1499 2080 1594 2135 καὶ
1624 2081 1778 2149 ἁγίου

181 2176 283 2228 καὶ
316 2175 638 2245 ἐπουρανίου
677 2174 974 2246 μυστηρίου
1006 2176 1289 2245 κήρυγμα,
1322 2173 1383 2226 τὸ
1412 2172 1510 2242 τῆς
1546 2172 1776 2235 ἐλπίδος.

181 2265 383 2318 Καίτοι
410 2264 702 2333 συναφθεὶς
721 2268 833 2329 τοῖς
855 2265 1046 2319 ἕνδεκα
1074 2264 1414 2328 ἀποστόλοις,
1440 2264 1533 2317 καὶ
1560 2263 1781 2332 κληθεὶς

181 2353 282 2406 ὑπ’
324 2353 487 2407 αὑτοῦ
539 2354 635 2407 τοῦ
681 2354 927 2426 Κυρίου,
973 2354 1359 2427 περισσότερον
1401 2353 1608 2424 κτίσμα
1653 2352 1780 2423 ἔσχε

181 2444 254 2497 δι’
279 2445 497 2510 ἑαυτοῦ,
529 2446 757 2516 μηδενὸς
801 2446 951 2517 αὐτῷ
999 2446 1175 2500 αίτίου
1227 2445 1554 2517 γενομένουο
1588 2446 1778 2519 ἐπειδὴ

186 2536 221 2607 ἡ
252 2537 462 2590 διάνοια
494 2535 660 2590 αὑτοῦ
701 2537 762 2590 οὐ
799 2536 1206 2608 συμπεφώνηκε
1235 2540 1301 2608 τῇ
1336 2537 1448 2591 ἄνω
1480 2536 1655 2590 ἐλπίδι
1684 2538 1780 2591 καὶ

182 2627 496 2698 ἐπουρανίῳ
528 2627 717 2697 κλήσει
762 2627 870 2681 τῶν
903 2628 1204 2699 μελλόντων
1239 2627 1482 2697 ἀγαθῶν,
1517 2628 1638 2681 ἀντὶ
1672 2627 1781 2681 τῶν

183 2718 425 2772 ἐνταῦθα
453 2718 752 2790 χρημάτων
786 2736 846 2772 τε
894 2720 988 2772 καὶ
1020 2720 1253 2790 κόμπου,
1283 2720 1377 2773 καὶ
1408 2719 1589 2788 φιλίας
1630 2736 1776 2791 παρ-

183 2808 494 2878 ερχομένης
520 2808 732 2871 ἐλπίδος
756 2825 816 2861 τε
846 2807 940 2863 καὶ
965 2808 1179 2879 ἡδονῆς.

272 2900 334 2952 'U
369 2901 446 2965 δὲ,
483 2901 595 2969 Οὐχ
642 2900 836 2964 οὕτως,
886 2901 1070 2970 φησὶν,
1102 2898 1239 2952 ἀλλὰ
1289 2900 1424 2953 ἄλλα
1471 2901 1586 2955 ἐστὶ
1626 2898 1780 2970 παρὰ

186 2992 385 3055 ταῦτα,
416 2992 713 3061 ἀντιλέγων
759 2993 788 3043 ὁ
835 2992 1131 3062 Μαρκίων
1166 2978 1353 3062 ἐπειδὴ
1397 2992 1470 3063 μὴ
1506 2991 1778 3061 ἠθέλησαν

185 3082 356 3135 αὐτὸν
404 3051 657 3146 δέξασθαι
714 3079 884 3135 Τοῦτο
929 3051 1022 3135 ὸῦν
1069 3081 1317 3151 φανερῶς
1342 3051 1542 3143 uinci;-
1584 3051 1772 3148 ἔλεγε·
1805 3051 1850 3113 c

187 3178 256 3230 Τί
286 3178 360 3249 μὴ
381 3177 682 3248 ἠθελήσατε
717 3195 783 3248 με
813 3176 1203 3243 ὑποδέξασθαι;
1234 3175 1352 3228 Τῶν
1386 3174 1445 3227 δὲ
1487 3175 1777 3243 λεγόντων,

187 3268 276 3322 δτι
323 3270 398 3322 Οὐ
448 3268 722 3337 δυνάμεθα
777 3269 905 3322 ἄνευ
954 3268 1053 3338 τῆς
1097 3266 1403 3336 ἐπιτροπῆς
1456 3265 1550 3319 τοῦ
1596 3264 1779 3336 τιμίου

194 3361 406 3431 πατρός
446 3378 538 3413 σου
572 3360 729 3414 τοῦτο
764 3360 1005 3429 ποιῆσαι.
1043 3358 1159 3412 Μία
1195 3358 1306 3428 γάρ
1330 3359 1476 3411 ἐστιν
1514 3358 1547 3429 ἡ
1578 3355 1779 3419 πίστις.

194 3450 295 3504 καὶ
331 3449 428 3519 μία
456 3450 699 3520 ὁμόνοια,
731 3450 825 3502 καὶ
870 3450 928 3501 οὐ
980 3447 1255 3519 δυνάμεθα
1279 3447 1672 3517 ἐναντιωθῆναι
1704 3446 1782 3517 τῷ

193 3540 348 3611 καλῷ
380 3540 797 3612 συλλειτουργῷ,
841 3540 1009 3612 πατρὶ
1038 3539 1095 3593 δὲ
1139 3538 1236 3610 σῷ.
1277 3538 1537 3609 Ζηλώσας
1576 3538 1780 3605 λοιπὸν,

193 3634 292 3687 καὶ
342 3632 421 3695 είς
474 3630 649 3702 μέγαν
696 3631 882 3703 ἀρθεὶς
921 3630 1093 3700 θυμὸν
1134 3628 1228 3682 καὶ
1274 3628 1671 3700 ὑπερηφανίαν,
1723 3627 1785 3681 τὸ

192 3719 403 3791 σχίσμα
452 3716 744 3790 ἐργάζεται
797 3719 826 3769 ὁ
875 3715 1149 3780 τοιοῦτος,
1182 3715 1379 3787 ’ἑαυτῷ
1427 3716 1524 3787 τὴν
1572 3717 1784 3788 αἵρεσιν

191 3810 667 3883 προστησάμενος,
690 3809 786 3863 καὶ
812 3807 1001 3875 εἰπὼν,
1023 3809 1104 3862 ὅτι
1142 3807 1283 3876 Ἐγὼ
1320 3808 1491 3877 σχίσω
1518 3807 1618 3879 τὴν
1659 3809 1783 3861 Ἐκ-

193 3906 423 3977 κλησίαν
462 3904 642 3975 ὑμῶν,
678 3904 772 3957 καὶ
818 3902 964 3973 βαλῶ
1019 3902 1222 3972 σχίσμα
1267 3903 1326 3953 ἐν
1380 3901 1518 3972 αὐτῇ
1564 3902 1646 3963 εἰς
1692 3901 1784 3955 τὸν

192 3996 390 4051 αἰῶνα.
429 3996 517 4059 Ὠς
552 3992 759 4065 τάληθῆ
813 3992 911 4063 μὲν
956 3992 1163 4070 σχίσμα
1210 3990 1403 4043 ἔϐαλεν
1454 3991 1514 4043 οὐ
1568 3990 1782 4061 μικρὸν,

192 4088 255 4140 οὐ
278 4086 376 4157 τὴν
412 4085 741 4157 Ἐκκλησίαν
769 4084 981 4156 σχίσας,
1004 4084 1118 4137 ἀλλ’
1145 4084 1337 4136 ἐαυτὸν
1365 4083 1459 4136 καὶ
1487 4083 1612 4145 τοὺς
1637 4082 1785 4154 αὐτῷ

195 4178 540 4241 πεισθέντας.

265 4270 340 4322 1".
378 4267 577 4333 Ἔλαϐε
605 4268 665 4321 δὲ
700 4266 797 4338 τὴν
830 4267 1102 4338 πρόφασιν
1146 4267 1210 4319 ὲκ
1251 4262 1347 4318 τοῦ
1383 4264 1780 4337 προειρημένου

193 4358 495 4431 Κέρδωνος,
520 4359 715 4430 γόητος
738 4359 833 4410 καὶ
857 4355 1156 4427 ἁπατηλοῦ.
1201 4357 1313 4410 Καὶ
1351 4356 1513 4419 αὐτὸς
1549 4357 1645 4425 μὲν
1673 4357 1781 4428 γὰρ

192 4451 289 4506 δύο
312 4449 571 4521 κηρύττει
596 4449 789 4519 ἀρχάς.
821 4447 1172 4517 Προσθεὶς⁸δὲ
1200 4448 1361 4501 πάλιν
1388 4447 1602 4517 ἐκείνῳ,
1639 4450 1782 4517 φημὶ

194 4539 275 4611 τῷ
310 4541 574 4612 Κέρδωνι,
603 4540 785 4611 ἕτερόν
824 4557 877 4591 τι
921 4540 1049 4609 παρ’
1097 4540 1307 4593 ἐκείνου
1344 4541 1359 4571 ί
1390 4539 1650 4605 δείκνυσι,
1696 4539 1783 4593 λέ-

192 4649 309 4701 γων
335 4635 486 4704 τρεῖς
514 4628 651 4685 εἶναι
689 4632 863 4702 ἀρχάς
886 4671 900 4695 ,
936 4631 1062 4702 μίαν
1092 4632 1189 4702 μὲν
1228 4632 1328 4703 τὴν
1364 4632 1477 4686 ἄνω
1522 4634 1784 4688 ἀκατονό-

195 4739 404 4793 μαστον
433 4725 527 4775 καὶ
562 4722 824 4793 ἀόρατον,
876 4722 940 4791 ἣν
983 4724 1078 4775 καὶ
1116 4724 1320 4791 ἀγαθὸν
1366 4724 1497 4778 Θεὸν
1539 4725 1786 4795 βούλεται

189 4812 396 4881 λέγειν,
431 4813 595 4883 μηδὲν
632 4813 687 4866 δὲ
722 4813 827 4866 τῶν
858 4816 915 4866 ἐν
955 4814 1032 4884 τῷ
1060 4815 1248 4885 κόσμῳ
1274 4815 1555 4872 κτίσασαν.
1593 4818 1786 4872 Ἀλλον

185 4905 252 4959 δὲ
294 4901 436 4957 εἶναι
469 4905 661 4976 ὁρατὸν
686 4905 839 4972 Θεὸν,
882 4906 974 4959 καὶ
1024 4907 1267 4978 κτίστην,
1305 4910 1400 4962 καὶ
1430 4909 1782 4982 δημιουργόν.

191 4996 454 5050 Διάϐολον
494 4997 553 5050 δὲ
590 4997 792 5066 τρίτον,
831 4998 904 5061 ὼ,
953 5001 1151 5064 εἰπεῖν,
1200 5000 1294 5053 καὶ
1344 5002 1506 5071 μέσον
1548 5003 1656 5056 τῶν
1697 5004 1788 5057 δύο

192 5089 425 5153 τούτων,
480 5088 576 5143 τοῦ
620 5107 678 5141 τε
736 5089 933 5160 ὁρατοῦ
983 5092 1077 5143 καὶ
1129 5090 1221 5143 τοῦ
1263 5092 1534 5162 ἀοράτου.
1581 5094 1685 5146 Τὸν
1730 5095 1787 5148 δὲ

192 5181 423 5251 κτίστην
460 5184 552 5235 καὶ
583 5182 910 5253 δημιουργὸν
952 5183 1044 5236 καὶ
1091 5184 1305 5253 ὁρατὸν,
1348 5186 1480 5236 Θεὸν
1506 5182 1644 5239 εἶναι
1678 5187 1785 5239 τῶν

202 5270 501 5338 Ἰουδαίων,
523 5267 665 5324 εἶναι
696 5271 754 5324 δὲ
796 5272 956 5324 αὐτὸν
1005 5274 1212 5344 κριτήν.
1256 5275 1395 5345 Παρ’
1436 5275 1583 5346 αὐτῷ
1620 5277 1673 5329 δὲ
1707 5278 1784 5348 τῷ
1816 5334 1819 5335 ν

268 5424 287 5458 ¹
322 5423 381 5479 F.
405 5428 634 5481 ἐκεῖνον.
710 5429 732 5458 ³
781 5426 970 5480 Matth.
997 5444 1071 5491 l.\',
1117 5430 1203 5491 lti,
1246 5428 1323 5481 Π.

186 5580 382 5662 ςδρίαν
431 5582 497 5636 ad
530 5583 968 5662 communionem
1026 5584 1351 5662 clericorum
1417 5581 1613 5662 refero,
1666 5595 1786 5648 quae

194 5650 353 5709 {sicae
414 5654 726 5724 opponitur,
752 5671 871 5725 qua:
906 5664 963 5709 ut
991 5657 1063 5709 ait
1105 5656 1355 5710 Balsumo
1390 5654 1454 5707 ad
1500 5668 1621 5707 can.
1676 5667 1779 5706 Lxx

1876 462 2100 525 trasset,
2135 457 2204 512 ad
2233 455 2393 527 303
2424 452 2744 524 impostoris
2772 449 3040 506 Cerdonis
3071 448 3307 505 haeresin
3325 463 3455 505 con-

1876 550 2067 621 fugere
2095 550 2151 605 in
2183 550 2426 605 animum
2467 546 2704 602 induxit.

1953 638 2020 694 ll.
2062 639 2203 693 Tum
2237 639 2307 694 ab
2346 638 2465 709 ipso
2498 636 2770 707 principio
2795 634 3061 705 ipsisque,
3100 641 3161 687 ut
3193 634 3266 688 ita
3295 631 3453 687 dixe-

1878 729 2005 793 rim,
2041 729 2408 799 quaestionum
2444 727 2659 781 foribus
2691 740 2944 787 exorsus,
2979 724 3334 794 presbyteris,
3361 724 3453 793 qui

1878 827 2005 872 tunc
2051 818 2314 888 temporis
2340 824 2497 872 erant
2530 818 2696 885 cmpit
2738 816 2845 870 ista
2893 829 3241 884 proponere:
3284 813 3453 876 Cedo,

1876 911 2080 980 inquit,
2107 912 2236 980 quid
2275 910 2381 964 hoc
2424 908 2528 963 sibi
2567 909 2683 963 vult
2715 927 2728 962 :
2763 907 2887 962 Non
2916 909 3130 961 mittunt
3157 907 3331 959 vinum
3360 921 3456 959 no-

1879 1020 1997 1057 uum
2029 1004 2085 1056 in
2114 1011 2257 1056 utres
2292 1012 2487 1056 veteres
2528 1017 2689 1071 neque
2726 999 3128 1054 commissuram
3169 998 3332 1066 panni
3363 1013 3459 1049 ru-

1878 1094 1963 1147 dis
2013 1094 2067 1146 in
2110 1093 2478 1147 vestimentum
2526 1100 2694 1155 vetus,
2728 1090 2931 1159 alioqui
2989 1088 3124 1143 tollit
3167 1085 3459 1156 plenitudi-

1879 1200 2017 1245 nem,
2065 1199 2228 1253 neque
2270 1182 2431 1237 veteri
2469 1188 2719 1250 congruet
2757 1196 2774 1234 :
2818 1179 2993 1248 major
3045 1179 3183 1232 enim
3222 1177 3458 1231 scissura

1878 1276 1939 1343 ﬁt
1969 1276 2026 1328 "I
2059 1275 2205 1344 quod
2259 1273 2477 1328 candidi
2508 1273 2587 1327 illi
2610 1287 2675 1327 ac
2699 1270 3042 1326 sanctissimi
3062 1268 3165 1331 Dei
3200 1267 3461 1322 Ecclesia:

1878 1365 2187 1436 presbyteri
2232 1378 2297 1419 ac
2326 1364 2582 1419 doctores
2624 1362 2933 1425 audientes,
2970 1360 3117 1414 hunc
3148 1359 3204 1412 in
3235 1357 3456 1412 modum

1881 1456 2283 1527 respondebant
2315 1474 2327 1509 :
2359 1455 2485 1521 Fili,
2532 1461 2745 1509 veteres
2798 1452 2876 1506 illi
2917 1459 3070 1527 utres
3125 1450 3260 1504 nihil
3310 1448 3459 1503 aliud

1878 1556 2027 1611 sunt,
2068 1562 2229 1617 quam
2287 1545 2716 1631 Pharisaeorum,
2777 1524 3210 1611 Scribarumque
3264 1540 3451 1605 corda,

1879 1653 2002 1707 quae
2033 1639 2277 1707 peccatis
2325 1637 2789 1699 inveteraverant,
2817 1648 2920 1688 nec
2948 1631 3228 1701 Evangelii
3254 1630 3460 1685 doctri-

1880 1743 2005 1783 nam
2039 1728 2400 1783 admiserant.
2434 1727 2749 1797 Eodemque
2781 1732 2941 1780 vetus
2982 1722 3116 1777 illud
3164 1722 3459 1777 vestimen-

1880 1828 1993 1873 tum
2041 1820 2299 1887 pertinet.
2373 1817 2694 1888 Cujusmodi
2738 1815 2910 1872 Judas
2962 1814 3197 1879 exstitit,
3251 1813 3345 1884 qui
3400 1812 3460 1866 in

1880 1908 2124 1963 avaritia:
2173 1916 2436 1978 tanquam
2481 1914 2754 1963 vetustate
2796 1907 3032 1977 quadam
3080 1904 3460 1969 obsolevcrat;

1880 2012 2060 2067 neque
2100 1998 2229 2052 novi
2280 2011 2347 2051 ac
2391 1994 2728 2052 sanctissimi
2802 1992 3156 2060 cmlestisque
3212 1989 3461 2060 mysterii

1879 2088 2321 2159 praedicationem
2366 2087 2615 2157 accepit;
2649 2084 2870 2140 tametsi
2916 2083 2981 2137 ad
3026 2082 3279 2138 undecim
3326 2095 3462 2150 apo-

1882 2181 2055 2235 stolos
2106 2185 2255 2235 esset
2302 2186 2652 2250 aggregatus,
2691 2184 2747 2232 et
2786 2176 2855 2230 ab
2881 2176 3001 2245 ipso
3034 2174 3269 2229 Domino
3297 2186 3466 2228 voca—

1881 2281 2007 2335 tus,
2065 2286 2130 2326 ex
2183 2285 2291 2340 quo
2343 2270 2605 2339 majorem
2648 2268 2949 2324 scissuram
2994 2280 3108 2321 non
3158 2265 3268 2319 alio
3299 2278 3463 2334 quam

1882 2363 2117 2433 ipsomet
2171 2362 2277 2416 sibi
2337 2370 2564 2416 auctore
2624 2359 2936 2433 conscivit:
2963 2363 3253 2428 propterea
3313 2353 3463 2425 quod

1830 2502 1833 2505 ι
1881 2432 2003 2524 ejus
2042 2453 2263 2508 animus
2307 2451 2534 2506 caducis
2564 2451 2651 2507 his
2680 2432 2877 2519 opibus
2911 2464 2975 2502 ac
3010 2447 3177 2511 fastu,
3209 2444 3468 2514 ﬂuxaque

1881 2546 2166 2600 hominum
2189 2543 2455 2610 amicitia,
2485 2557 2549 2597 ac
2576 2557 2673 2612 spe
2698 2541 3087 2610 voluptateque
3114 2537 3467 2606 contemptis,

1879 2649 2229 2708 nequaquam
2281 2651 2341 2692 se
2389 2635 2671 2689 caelestem
2707 2632 2774 2687 ad
2824 2646 3001 2707 spem,
3049 2645 3115 2685 ac
3152 2630 3467 2684 futurorum

1880 2730 2152 2786 bonorum
2212 2725 2557 2782 vocationem
2592 2721 3130 2779 accommodaverat.

1958 2907 2038 2964 Ad
2085 2906 2204 2961 haec
2246 2904 2631 2960 contradicere
2676 2901 2948 2965 Marcion,
2998 2913 3065 2953 ac
3112 2898 3274 2969 longe
3304 2912 3469 2954 secus

1883 3000 1937 3057 id
1992 3000 2195 3054 habere
2242 3012 2302 3053 se
2348 2997 2555 3061 dicere,
2601 3008 2704 3065 pro
2746 3008 2814 3049 eo
2852 2991 3003 3063 quod
3028 2991 3315 3046 admittere
3347 3005 3472 3047 sese

1880 3091 2298 3147 detrectassent.
2322 3085 2502 3153 Quare
2528 3086 2707 3155 palam
2729 3098 2825 3139 eos
2858 3084 3145 3154 alloquens
3170 3100 3182 3136 :
3216 3080 3328 3137 Cur
3355 3095 3465 3147 me,

1880 3185 2081 3256 inquit,
2128 3182 2376 3252 recipere
2409 3178 2708 3235 noluistis?
2738 3176 3162 3247 Responderunt
3202 3174 3282 3229 illi
3311 3194 3324 3229 :
3362 3171 3473 3229 No-

1880 3279 1967 3334 his
2006 3275 2223 3346 iniussu
2268 3272 2566 3329 venerandi
2609 3271 2788 3342 patris
2844 3270 2924 3324 tui
2972 3269 3157 3324 facere
3181 3264 3327 3323 istud
3356 3280 3472 3321 non

1881 3371 2031 3425 licet.
2081 3366 2203 3424 Una
2253 3365 2528 3438 siquidem
2580 3364 2716 3419 ﬁdes
2757 3369 2864 3428 est,
2906 3369 2964 3417 et
3011 3360 3321 3415 animorum
3360 3372 3472 3412 una

1884 3461 2205 3526 consensio,
2247 3474 2427 3530 neque
2455 3464 2648 3513 contra
2691 3452 3160 3527 spectatissimum
3203 3449 3472 3524 collegam

1884 3561 2097 3626 patrem
2147 3560 2301 3605 tuum
2341 3547 2527 3604 moliri
2568 3544 2850 3618 quidpiam
2896 3556 3216 3614 possumus.
3264 3539 3335 3593 At
3379 3539 3474 3595 ille

1886 3639 2267 3697 vehementius
2314 3635 2765 3697 excandescens,
2813 3646 2879 3686 ac
2927 3629 3187 3701 superbia
3235 3626 3473 3683 invidia-

1885 3747 1992 3804 que
2017 3731 2264 3801 percitus
2292 3728 2533 3784 schisma
2561 3722 2841 3789 conﬂavit,
2868 3736 2933 3776 ac
2958 3719 3216 3791 privatim
3238 3716 3471 3773 haeresin

1886 3823 2278 3878 architectatus
2322 3825 2450 3874 est:
2480 3824 2535 3871 et
2576 3814 2901 3875 Ecclesiam,
2947 3811 3046 3873 ait,
3090 3816 3328 3865 vestram
3370 3819 3472 3875 ego

1888 3911 2225 3975 dissociabo,
2275 3909 2331 3963 in
2360 3920 2597 3976 eamque
2641 3904 2879 3959 schisma
2927 3900 3320 3969 sempiternum
3365 3897 3471 3950 im-

1888 4005 2125 4058 mittam.
2179 3999 2338 4065 Quod
2399 3999 2492 4052 ille
2535 4010 2725 4051 revera
2774 4007 2879 4047 nec
2928 3989 3203 4045 mediocre
3249 3985 3471 4055 quidem

1887 4092 2076 4163 injecit
2105 4111 2117 4146 :
2149 4106 2258 4145 non
2289 4090 2365 4143 ita
2396 4097 2583 4141 tamen
2619 4091 2677 4140 ut
2704 4082 3030 4145 Ecclesiam,
3067 4076 3163 4133 sed
3196 4084 3254 4129 ut
3278 4089 3338 4131 se
3368 4086 3470 4143 po-

1887 4185 1999 4240 tius
2032 4199 2096 4238 ac
2118 4198 2249 4238 suos
2277 4179 2635 4236 discinderct.

1964 4270 2055 4326 Ill.
2098 4271 2274 4340 Cujus
2302 4270 2352 4325 ei
2387 4267 2704 4324 schismatis
2736 4266 3120 4334 argumentum
3153 4255 3356 4312 nebulo
3382 4252 3473 4308 ille

1893 4372 1948 4422 et
1984 4366 2249 4434 impostor
2276 4360 2456 4417 Cerdo
2476 4358 2731 4429 praebuit.
2763 4353 2898 4407 Nam
2932 4361 2985 4406 et
3009 4350 3119 4404 duo
3164 4348 3282 4418 ipse
3321 4346 3473 4415 prin-

1890 4456 2038 4526 cipia
2068 4452 2383 4509 constituit.
2416 4450 2487 4503 At
2513 4447 2676 4519 304
2708 4445 2913 4500 Marcio
2949 4442 3170 4497 tertium
3210 4438 3278 4492 ad
3324 4436 3472 4489 illius

1889 4547 2087 4616 dogma
2141 4542 2470 4615 principium
2517 4537 2754 4608 adjecit,
2811 4543 2873 4588 ut
2926 4531 3154 4587 omnino
3198 4528 3307 4582 tria
3340 4528 3469 4591 sint,

1885 4651 2122 4708 quorum
2153 4649 2323 4688 unum
2362 4633 2433 4688 sit
2470 4643 2810 4701 supremum,
2854 4626 3000 4696 quod
3040 4636 3217 4692 neque
3249 4620 3475 4674 nomine

1884 4726 2313 4799 comprehendi,
2368 4740 2546 4794 neque
2588 4722 2710 4776 visu
2756 4717 2961 4790 percipi
3002 4714 3197 4786 possit,
3227 4726 3389 4783 quem
3419 4718 3466 4767 et

1886 4820 2088 4874 bonum
2121 4820 2286 4873 Deum
2332 4816 2593 4885 appellat,
2633 4826 2663 4864 a
2693 4826 2802 4881 quo
2834 4808 2969 4863 nihil
3002 4807 3077 4861 sit
3116 4817 3306 4859 eorum
3352 4816 3472 4870 qua:

1890 4910 1946 4965 in
1979 4908 2189 4964 mundo
2218 4917 2346 4963 sunt
2371 4905 2675 4959 conditum.
2705 4903 2952 4955 Alterum
2986 4911 3117 4951 vero
3151 4894 3318 4949 Deum
3350 4907 3471 4945 esse

1888 5000 2023 5054 dicit
2068 4996 2457 5068 aSpectabilem
2490 5008 2554 5047 ac
2587 5000 2918 5046 creatorem.
2952 4986 3200 5040 Tertium
3231 4984 3471 5053 denique

1887 5089 2167 5145 diabolum
2206 5087 2349 5142 inter
2396 5085 2589 5139 auibus
2634 5083 2781 5145 illos,
2815 5076 3203 5150 aspectabilem
3240 5073 3468 5135 scilicet,

1884 5195 1937 5239 et
1980 5198 2105 5239 eum
2151 5181 2244 5251 qui
2301 5179 2471 5249 aspici
2519 5177 2711 5246 nequit
2757 5174 3124 5243 interjectum.
3160 5168 3243 5222 Ex
3285 5167 3352 5221 iis
3381 5166 3469 5233 qui

1883 5287 2103 5332 creator
2120 5280 2274 5329 estet
2294 5272 2474 5343 opifex
2502 5270 2781 5339 viderique
2800 5274 2998 5338 potest,
3015 5262 3329 5317 Iudaeorum
3352 5273 3471 5313 esse

1893 5578 2102 5641 Basilii,
2135 5578 2366 5633 dabatur
2418 5577 2573 5632 laieis
2612 5577 2768 5640 ἐκτὸς
2790 5575 2889 5629 τοῦ
2919 5575 3181 5645 βήματος.
3220 5572 3310 5645 illa
3341 5584 3468 5645 vero

1896 5649 2449 5719 é‘116;.Crcdihileest
2477 5648 2621 5705 enim
2644 5642 3251 5703 Marcionebiclcricum
3276 5642 3465 5697 fuisse.
