3844 6346
377 340 482 398 699
1771 340 1830 399 S.
1873 337 2241 405 EPIPHANIL
3552 341 3657 399 7CD

377 450 571 517 Deum,
603 433 963 520 eamdemque
989 450 1255 521 judicem.
1293 451 1562 509 Caeterum
1596 452 1885 522 virginitas
1920 468 1951 506 a

2083 450 2344 522 νίαρκίωνι
2373 449 2467 504 καὶ
2494 448 2761 522 παρθενία
2785 448 3138 521 κηρύσσεται.
3164 451 3442 525 Νηστείαν
3468 454 3529 509 δὲ
3563 461 3654 510 καὶ

377 541 654 595 Marcione
700 541 1048 610 praedicatur.
1085 540 1359 611 Jejunium
1385 551 1440 598 et
1471 542 1709 598 Sabbato
1756 543 1950 598 obser-

2083 541 2118 595 rb
2152 540 2425 595 Σάϐϐατον
2455 540 2564 611 (64)
2592 540 2868 612 κηρύττει.
2901 542 3191 613 Μυστήρια
3234 544 3289 596 δὲ
3321 544 3488 615 δῆθεν
3524 553 3655 619 παρ’

379 633 494 687 vari
523 631 789 701 praecipit.
843 630 1098 702 Mysteria
1143 632 1551 686 catechumenis
1598 632 1949 686 cernentibus

380 722 526 791 apud
588 722 738 773 illum
799 721 1163 775 celebrantur.
1220 721 1300 775 Ad
1350 723 1465 775 haec
1521 736 1646 776 vero
1695 722 1948 791 mysteria

382 829 578 883 aquam
623 814 863 866 adhibet.
913 812 1152 867 Sabbato
1184 813 1255 867 ob
1287 828 1405 866 eam
1437 828 1656 867 causam
1682 814 1948 883 jejunium

383 906 580 959 sanxit.
633 904 766 957 Cum
804 904 971 967 enim,
1012 906 1108 965 ait,
1154 903 1465 958 Judaaorum
1516 904 1632 967 Dei,
1674 905 1765 973 qui
1804 904 1950 958 hunc

384 998 647 1051 mundum
699 994 1004 1061 fabricavit,
1061 996 1152 1047 illa
1185 982 1254 1048 Sit
1299 996 1539 1063 requies,
1586 1010 1709 1048 cum
1758 994 1845 1049 die
1876 1010 1950 1048 vn

385 1087 733 1157 requieverit,
768 1086 952 1140 eadem
1011 1101 1112 1139 nos
1166 1085 1410 1154 iejunare
1461 1086 1822 1148 instituimus,
1887 1100 1954 1139 ne

2058 632 2208 701 αὐτῷ
2275 630 2602 684 ἐπιτελεῖται
2626 671 2640 695 ,
2700 630 2809 684 τῶν
2879 631 3301 702 κατηχουμένων
3372 635 3651 704 δρώντων.

2060 722 2253 774 "rem
2291 722 2348 774 δὲ
2399 715 2552 783 οὗτος
2605 724 2662 774 ὲν
2712 724 2824 783 τοῖς
2865 721 3185 792 μυστηρίοις
3222 723 3443 792 χρῆται.
3492 725 3567 775 Τὸ
3599 727 3648 777 δὲ

2060 813 2338 867 Σάϐϐατον
2402 812 2652 881 νηστεύει
2710 812 2798 866 διὰ
2843 812 3098 883 τοιαύτην
3160 814 3359 866 αἰτίαν.
3400 814 3648 886 Ἐπειδὴ,

2060 906 2211 974 φησὶ,
2237 904 2335 957 τοῦ
2357 905 2490 957 Θεοῦ
2520 904 2628 957 τῶν
2663 904 2933 957 Ἰουδαίων
2962 905 3107 956 ἐστὶν
3137 905 3171 974 ἡ
3210 905 3526 966 ἀνάπαυσις
3560 904 3649 957 τοῦ

2061 995 2421 1065 πεποιηκότος
2459 995 2551 1048 τὸν
2597 996 2821 1066 κόσμον,
2864 995 2959 1048 καὶ
2993 996 3049 1047 ὲν
3091 998 3156 1064 τῇ
3208 994 3412 1064 ἐϐδόμῃ
3463 994 3650 1063 ἡμέρᾳ

2061 1085 2541 1156 ἀναπαυσαμένου,
2572 1088 2731 1156 ἡμεῖς
2768 1085 3151 1157 νηστεύσωμεν
3186 1085 3415 1153 ταύτην,
3450 1085 3541 1135 ἵνα
3580 1083 3650 1154 μὴ

2059 1178 2121 1231 τὸ
2173 1178 2412 1248 καθῆκον
2462 1178 2556 1230 τοῦ
2605 1177 2739 1231 Θεοῦ
2796 1179 2903 1231 τῶν
2940 1178 3207 1231 Ἰουδαίων
3258 1176 3648 1247 ἐργαζώμεθα.

2062 1270 2174 1341 Τὴν
2204 1271 2303 1340 τῆς
2335 1268 2535 1339 σαρκὸς
2567 1268 2625 1321 δὲ
2659 1268 2837 1322 ἀθετεῖ
2868 1268 3180 1325 ἀνάστασιν,
3217 1268 3475 1337 καθάπερ
3521 1267 3648 1319 πολ-

2059 1360 2148 1414 λαὶ
2173 1360 2281 1413 τῶν
2311 1360 2591 1431 αἱρέσεων.
2630 1359 2823 1429 Ψυχῆς
2860 1359 2917 1412 δὲ
2968 1358 3265 1412 ἀνάστασιν
3306 1354 3450 1410 εἶναι
3484 1357 3646 1425 λέγει,

2064 1452 2157 1505 καὶ
2183 1450 2331 1520 ζωὴν
2363 1451 2455 1503 καὶ
2486 1450 2757 1520 σωτηρίαν
2783 1449 2970 1519 μόνης.

2135 1543 2211 1594 Οὐ
2245 1542 2403 1612 μόνον
2444 1542 2500 1595 δὲ
2534 1542 2660 1612 παρ’
2702 1540 2849 1611 αύτῷ
2887 1539 2943 1592 ἓν
2984 1539 3206 1610 λουτρὸν
3250 1538 3480 1595 δίδοται.
3518 1536 3650 1589 ἀλλά

2065 1637 2159 1687 καὶ
2186 1633 2289 1694 ἓως
2322 1631 2487 1702 τριῶν
2517 1629 2775 1700 λουτρῶν.
2807 1629 2899 1683 καὶ
2943 1629 3196 1682 ἐπέκεινα
3231 1627 3411 1691 ἔξεστι
3450 1626 3649 1679 διδόναι

2066 1725 2195 1795 παρ’
2230 1725 2410 1786 αὐτοῖς
2445 1721 2523 1792 τῷ
2558 1721 2878 1791 βουλομένῳ,
2924 1720 3000 1783 ὠς
3052 1720 3203 1790 παρά
3259 1718 3471 1771 πολλῶν
3512 1718 3644 1788 ἀκή-

380 1812 611 1881 virginis
638 1818 913 1879 stuprum,
949 1810 1185 1864 ludibrio
1216 1820 1365 1866 esset
1392 1812 1633 1865 habitus.
1668 1810 1803 1863 Nam
1831 1826 1957 1865 cum

2083 1834 2187 1870 ιοα.
2224 1815 2546 1885 Συμϐέϐηκε
2574 1815 2628 1867 δὲ
2656 1813 2813 1867 τοῦτο
2839 1812 3087 1881 γενέσθαι
3117 1810 3289 1881 αὐτῷ,
3314 1811 3377 1862 τὸ
3405 1810 3649 1877 ἐφίεσθαι

381 1897 647 1966 virginem
711 1896 765 1949 in
838 1898 1015 1965 patria
1082 1904 1534 1965 constuprasset,
1597 1904 1651 1951 et
1717 1896 1953 1966 ingentis

2083 1906 2183 1979 τρία
2223 1905 2421 1977 λουτρά
2466 1905 2722 1967 δίδοσθαι,
2763 1904 2829 1956 δι’
2882 1905 2947 1973 ἣν
2996 1904 3184 1971 ὑπεῖχε
3236 1901 3443 1970 χλεύην
3501 1900 3647 1969 παρὰ

382 1983 571 2055 ﬂagitii
634 1984 920 2040 convictus
1005 1984 1349 2055 aufugisset,
1406 1987 1634 2039 alterum
1685 1986 1788 2041 sibi
1843 1986 1953 2039 cir-

2083 1999 2169 2053 τῶν
2206 1998 2366 2052 αὐτὸν
2410 1995 2724 2064 ἐγνωκότων
2757 1994 3013 2065 μαθητῶν
3042 1992 3207 2046 αὑτοῦ
3244 1994 3310 2045 ὲκ
3342 1990 3646 2059 παραπτώο

383 2076 774 2132 cumforancus
850 2077 955 2131 iste
1039 2078 1369 2147 baptismum
1461 2077 1699 2144 ascivit;
1791 2078 1957 2132 licere

2083 2090 2234 2152 ιατός
2261 2104 2322 2141 τε
2353 2087 2444 2140 καὶ
2478 2085 2682 2157 φθορᾶς
2703 2085 2802 2154 τῆς
2821 2087 2901 2147 είς
2928 2085 3024 2153 τὴν
3048 2084 3320 2154 παρθένον
3342 2080 3647 2150 γεγενημέ-

385 2167 754 2239 pronuntians
784 2175 867 2221 ter
888 2169 1116 2223 omnino
1154 2169 1356 2238 aliquis
1395 2170 1526 2233 elui,
1568 2184 1633 2224 ac
1682 2170 1957 2241 baptismo

2083 2197 2181 2251 ιης.
2219 2177 2433 2248 Ἐπειδὴ
2481 2176 2709 2246 φθείρας
2746 2178 2803 2228 ὲν
2838 2178 2904 2246 τῇ
2932 2175 3128 2228 ἑαυτοῦ
3174 2174 3327 2227 πόλει
3367 2173 3469 2243 τὴν
3510 2187 3646 2241 παρ-

385 2266 738 2327 peccatorum
781 2257 846 2311 ad
885 2257 1341 2313 eondonationem
1390 2260 1598 2329 expiari
1629 2280 1641 2315 :
1672 2268 1730 2315 ut
1756 2261 1799 2316 si
1832 2262 1957 2330 quis

2083 2272 2237 2333 lévov,
2265 2270 2357 2323 καὶ
2396 2268 2707 2339 ἀποδράσας
2739 2267 2836 2336 μὲν
2882 2269 2940 2319 ὲν
2981 2264 3387 2336 παραπτώματι
3427 2263 3646 2336 μεγάλῳ

386 2354 512 2416 post
560 2356 884 2417 usurpatum
920 2350 1156 2419 priorem
1189 2351 1524 2418 peccaverit,
1556 2350 1623 2405 ad
1657 2352 1955 2407 secundum

2083 2362 2285 2434 εὑρέθη,
2326 2361 2616 2431 ἐπενόησεν
2657 2361 2685 2413 ὁ
2722 2359 2964 2431 ἀγύρτης
3008 2358 3183 2428 ἑαυτῷ
3223 2357 3476 2428 δεύτερον
3525 2356 3645 2407 λου-

2064 2452 2212 2523 τρὸν,
2245 2452 2442 2521 φήσας,
2473 2450 2553 2503 ὅτι
2595 2449 2840 2512 Ἔξεστιν
2878 2448 2982 2510 ἕως
3008 2446 3174 2518 τριῶν
3202 2444 3465 2516 λουτρῶν,
3496 2460 3646 2495 τουτ-

2067 2544 2182 2596 έστι
2214 2541 2381 2613 τριῶν
2435 2538 2779 2610 βαπτισμῶν,
2825 2540 2903 2601 είς
2944 2539 3133 2606 ἄφεσιν
3181 2535 3466 2607 ἁμαρτιῶν
3513 2534 3645 2586 δίδο-

2070 2636 2193 2689 σθαι
2216 2651 2230 2664 ·
2265 2635 2330 2687 ἵν’
2362 2635 2517 2696 εἴτις
2544 2632 2851 2703 παρέπεσεν
2885 2631 2965 2692 εἰς
2990 2630 3052 2682 τὸ
3081 2628 3315 2698 πρῶτον,
3340 2626 3485 2698 λάϐῃ
3524 2623 3644 2678 δεύ-

2068 2742 2225 2797 τερον
2255 2725 2610 2795 μετανοήσας,
2633 2723 2726 2775 καὶ
2753 2721 2934 2793 τρίτον
2959 2719 3238 2782 ὡσαύτως,
3266 2710 3361 2771 ἐὰν
3384 2720 3444 2770 ὲν
3470 2732 3647 2788 παρα-

2072 2814 2326 2885 πτώματι
2375 2814 2512 2883 μετά
2550 2814 2610 2866 τὸ
2648 2812 2900 2883 δεύτερον
2933 2811 3176 2880 γένηται.
3202 2810 3358 2879 Φέρει
3390 2808 3447 2860 δὲ
3470 2807 3645 2877 δῆθεν,

2074 2905 2161 2957 ἵνα
2190 2903 2287 2973 τὴν
2318 2901 2509 2956 ἑαυτοῦ
2547 2901 2744 2972 χλεύην
2783 2899 3039 2971 ἀνασώσῃ
3072 2902 3151 2962 εἰς
3182 2898 3527 2969 παράστασιν
3562 2896 3650 2949 αὖ·

390 2982 534 3051 quod
565 2983 748 3052 specie
782 2982 900 3052 ipsa
958 2984 1240 3052 probabile
1270 2984 1447 3054 possit
1479 2984 1651 3039 videri
1688 3005 1701 3039 :
1729 2988 1832 3041 etsi
1857 3003 1966 3043 non

2083 2994 2167 3049 τοῦ
2184 3009 2198 3023 ·
2238 2994 2403 3047 ὅτιτὸ
2432 2993 2568 3064 μετά
2594 2993 2654 3045 τὸ
2694 2990 3237 3061 αὑτοῦηπαράπτωμα
3265 2988 3429 3040 πάλιν
3454 2986 3651 3041 ἐκαθα-

390 3088 457 3129 eo
503 3088 613 3144 quo
662 3074 774 3127 vult
800 3075 1067 3143 pertineat
1097 3093 1113 3129 :
1143 3076 1224 3128 sic
1251 3076 1396 3129 enim
1420 3076 1649 3131 asserit:
1678 3074 1964 3132 Dominum

2083 3085 2257 3156 ρίσθη,
2305 3084 2402 3138 καὶ
2445 3083 2628 3137 λοιπὸν
2675 3084 2732 3137 ὲν
2781 3081 2977 3144 ἀθώοις
3022 3080 3286 3149 ὑπάρχει,
3351 3075 3653 3149 μαρτυρίαν

391 3168 679 3231 postquam
716 3177 747 3214 a
768 3158 979 3215 Joanne
1022 3161 1333 3230 baptizatus
1365 3168 1469 3224 est,
1496 3160 1702 3215 dixisse
1724 3161 1965 3231 discipu-

2083 3178 2198 3246 περὶ
2244 3176 2433 3229 τούτου
2476 3173 2828 3244 ψευδηγορῶν
2866 3212 2882 3238 ,
2930 3172 3007 3235 ὡς
3050 3170 3307 3239 πιθανὴν,
3356 3168 3656 3237 δυναμένην

393 3249 465 3304 lis
493 3268 506 3304 :
532 3250 810 3319 Baptisma
864 3249 1027 3303 habeo
1078 3248 1359 3317 baptizari,
1395 3258 1445 3302 et
1487 3249 1613 3318 quid
1647 3250 1762 3303 volo
1787 3250 1888 3302 nisi
1915 3258 1970 3302 ut

2083 3266 2444 3335 ἐξαπατῆσαι,
2469 3265 2530 3317 οὐ
2552 3263 2707 3316 τοῦτο
2731 3262 2786 3315 δὲ
2812 3261 3204 3331 σημαίνουσαν,
3234 3259 3262 3311 ὃ
3284 3258 3447 3320 αὐτὸς
3488 3258 3653 3324 λέγει,

393 3344 667 3414 perﬁciam
706 3343 949 3412 ipsum“!
984 3341 1144 3412 305
1187 3342 1266 3395 Ac
1308 3356 1567 3396 rursum:
1607 3341 1836 3396 Calicem
1880 3340 1970 3394 Ita-

2083 3359 2162 3411 δτι
2205 3356 2367 3427 φησι·
2416 3354 2741 3417 Βαπτισθεὶς
2786 3355 2815 3406 ό
2858 3351 3060 3422 Κύριος
3112 3349 3217 3403 ὑπὸ
3260 3348 3355 3402 τοῦ
3396 3348 3656 3411 Ἰωάννου,

397 3436 491 3490 beo
539 3435 748 3490 bibere:
783 3444 833 3489 et
882 3433 1007 3489 auid
1039 3434 1174 3495 volo,
1237 3434 1339 3487 nisi
1388 3441 1447 3486 ut
1503 3434 1747 3501 impleam
1780 3432 1970 3487 illum?

2085 3448 2236 3517 ἔλεγε
2264 3450 2376 3509 τοῖς
2407 3445 2699 3517 μαθηταῖς·
2733 3442 3050 3511 Βάπτισμα
3075 3442 3193 3509 ἔχω
3210 3437 3649 3505 βαπτισθῆναι·

398 3525 556 3581 Unde
597 3526 781 3596 plures
809 3526 932 3579 illos
965 3523 1268 3591 baptismos
1297 3533 1643 3578 commentus
1674 3529 1779 3576 est.

2091 3540 2189 3593 καί
2237 3539 2295 3592 τί
2336 3536 2490 3591 θέλω
2527 3539 2578 3590 εὶ
2624 3536 2741 3604 ἤδη
2784 3534 3065 3589 τετέλεκα
3113 3531 3291 3593 aere,-
3334 3531 3431 3582 καὶ
3468 3529 3656 3582 πάλιν·

397 3626 693 3695 Ποτήριον
720 3626 837 3694 ἔχω
873 3624 1057 3679 πιεῖν·
1102 3624 1203 3678 καὶ
1248 3627 1306 3679 τί
1343 3623 1493 3680 θέλω
1527 3624 1643 3694 ἤδη
1682 3626 1981 3695 πληρώσει)
2018 3631 2210 3696 αὐτό;
2241 3631 2335 3683 καὶ
2398 3629 2543 3683 οὕτω
2580 3628 2641 3681 τὸ
2713 3627 2911 3681 διδόναι
2955 3624 3126 3678 πλείω
3170 3621 3516 3693 βαπτίσματα
3555 3618 3659 3673 ἐδο-

398 3718 686 3788 γμάτισεν.

475 3804 565 3860 IV.
596 3803 866 3860 Praeterea
894 3804 1065 3874 legem
1101 3818 1164 3858 ac
1222 3804 1515 3875 prophetas
1547 3820 1739 3861 omnes
1764 3806 1970 3877 abjicit‘

2165 3812 2239 3864 A'.
2265 3813 2338 3865 Ού
2364 3812 2520 3882 μόνον
2550 3810 2605 3863 δὲ
2619 3806 2937 3875 τοῦτο,ἁλλὰ
2963 3806 3058 3859 καὶ
3070 3804 3164 3857 τὸν.
3182 3805 3344 3874 νόμον
3359 3799 3657 3863 ἀποϐάλλει,

402 3911 545 3968 quos
584 3896 850 3967 principis
890 3896 1037 3950 illius
1070 3896 1275 3960 alllatu,
1313 3900 1404 3967 qui
1444 3898 1591 3951 hunc
1632 3897 1818 3952 orbem
1855 3912 1970 3952 coni

2091 3903 2187 3955 καὶ
2216 3903 2421 3965 πάντας
2478 3901 2781 3971 προφήτας,
2810 3897 2996 3966 ’λέγων
3034 3898 3097 3948 ὲκ
3133 3893 3227 3947 τοῦ
3288 3892 3537 3962 ἄρχοντος
3572 3887 3658 3943 τοῦ

405 3991 566 4058 didit,
599 3992 930 4046 vaticinatos
956 3991 1256 4046 existimat.
1289 3992 1572 4047 Christum
1607 4006 1738 4047 vero
1769 3992 1890 4047 ideo
1922 3993 1970 4046 d4

2094 3994 2184 4046 τὸν
2223 3993 2425 4062 κόσμον
2457 3990 2813 4061 πεποιηκότος
2842 3989 2966 4051 τοὺς
2989 3987 3265 4049 τοιούτους
3298 4001 3637 4055 προπεφητευ

403 4082 545 4137 οωιο
604 4081 885 4151 delapsum
932 4081 1024 4133 illo
1059 4096 1088 4133 a
1125 4080 1375 4145 Parente,
1411 4082 1503 4150 qui
1534 4096 1634 4135 nec
1674 4081 1845 4135 videri
1893 4096 1970 4135 nev

2098 4082 2271 4135 κέναι.
2308 4079 2543 4150 Χριστὸν
2571 4079 2626 4131 δὲ
2661 4078 2808 4145 λέγει
2838 4076 3041 4130 ἀνωθεν
3073 4074 3180 4127 ἀπὸ
3204 4072 3299 4126 τοῦ
3329 4074 3553 4144 ἀοράτου
3574 4072 3656 4127 καὶ

404 4172 681 4227 nominari
712 4180 914 4240 potest,
946 4180 1005 4225 ut
1035 4179 1088 4225 et
1118 4172 1332 4227 animas
1367 4173 1646 4237 liberaret,
1682 4182 1737 4227 et
1769 4172 1970 4229 Judzeo‘

2100 4172 2540 4242 ἀκατονομάστου
2589 4170 2802 4240 Πατρὸς
2834 4165 3270 4236 καταϐεϐηκέναι
3313 4166 3407 4219 ἐπὶ
3438 4163 3657 4234 σωτηρίᾳ

404 4279 529 4319 rum
578 4278 644 4318 ac
689 4263 842 4333 legis,
894 4270 949 4317 et
1000 4262 1413 4331 prophetarum,
1468 4271 1632 4332 atque
1679 4264 1965 4319 istiusmod

2095 4263 2202 4315 τῶν
2230 4262 2435 4334 ψυχῶν,
2458 4263 2551 4315 καὶ
2583 4262 2674 4313 ἐπὶ
2704 4259 2908 4329 ἐλέγχῳ
2931 4256 3024 4311 τοῦ
3058 4256 3192 4309 Θεοῦ
3227 4255 3333 4309 τῶν
3387 4254 3654 4315 Ἰουδαίων,

408 4362 730 4409 cancrorum
761 4355 926 4408 Deum
948 4354 1332 4424 redargueret.
1361 4353 1472 4408 lmo
1492 4355 1555 4408 ad
1588 4354 1791 4409 inferos
1818 4372 1970 4427 usun

2098 4354 2207 4407 καὶ·
2219 4355 2421 4429 νόμουη
2436 4353 2531 4406 καὶ⁸
2568 4350 2879 4424 προφητῶν,
2894 4347 3110 4401 καὶτῶν
3126 4347 3401 4400 τοιούτων.
3423 4346 3525 4398 Καὶ
3544 4340 3654 4414 ἀχρ·

408 4444 761 4500 descendisse
797 4443 1108 4506 Dominum,
1137 4452 1196 4497 ut
1225 4452 1280 4498 et
1301 4442 1497 4507 Caino,
1526 4452 1579 4498 et
1606 4444 1764 4508 Core,
1790 4460 1854 4499 ac
1884 4445 1970 4499 Da

2090 4446 2217 4516 ᾅδου
2248 4442 2683 4512 καταϐεϐηκέναι
2720 4440 2811 4494 τὸν
2845 4438 3068 4509 Κύριον,
3102 4438 3188 4491 ἵνα
3210 4436 3357 4506 σώσῃ
3383 4436 3501 4497 τοὺς
3543 4432 3654 4501 περὶ

383 1175 696 1231 Ιιιιίιιξοτυηι
735 1175 827 1230 Dei
872 1176 1067 1229 ritibus
1098 1175 1175 1228 uti
1204 1176 1506 1229 videamur.
1534 1175 1763 1230 Carnem
1795 1182 1954 1245 negat

382 1280 693 1334 resurgere,
739 1263 900 1332 idque
946 1265 1107 1318 habet
1165 1265 1439 1334 plerisque
1484 1280 1607 1319 cum
1656 1265 1953 1319 haeresibus

383 1371 689 1411 commune.
722 1356 930 1422 Animae
987 1357 1253 1409 duntaxat
1296 1358 1752 1412 resurrectionem
1779 1372 1842 1411 ac
1876 1360 1955 1411 vi-

383 1454 493 1501 tam
522 1446 689 1500 unius
710 1455 763 1500 et
804 1446 1033 1500 salutem
1066 1449 1281 1502 asserit.

455 1537 732 1608 Baptismo
765 1538 1083 1619 nonsernel,
1110 1539 1204 1594 sed
1230 1541 1392 1594 tertio
1417 1540 1559 1610 apud
1591 1541 1712 1596 illos
1736 1540 1954 1595 initian-

382 1637 492 1683 tur.
529 1629 682 1694 Quod
709 1630 821 1682 fieri
848 1629 1052 1683 idcirco
1097 1632 1392 1695 concessit,
1437 1631 1580 1700 quod
1614 1647 1642 1684 a
1672 1632 1956 1701 discipulis

382 1721 522 1785 suis,
564 1721 763 1791 quibus
806 1719 983 1773 fuerat
1011 1722 1288 1791 cognitus,
1319 1722 1389 1775 ob
1416 1722 1672 1776 delictum
1710 1721 1863 1784 illud,
1894 1736 1957 1775 ac

386 2452 511 2492 cum
545 2438 861 2507 pmnitentia
896 2440 1194 2510 confugiat,
1231 2440 1589 2511 similiterque
1629 2443 1870 2506 tertium,
1912 2442 1958 2497 si

387 2538 512 2600 post
588 2531 890 2585 secundum
951 2531 1147 2586 iterum
1201 2546 1260 2586 se
1304 2532 1519 2587 delictis
1585 2532 1957 2589 obstrinxerit.

387 2618 543 2685 Quod
585 2619 653 2673 ad
697 2620 935 2674 infamia:
986 2636 1098 2675 sua:
1134 2620 1434 2675 remedium
1473 2622 1823 2691 excogitavit,
1854 2637 1961 2691 quo

387 2724 448 2765 se
470 2724 691 2764 rursum
739 2718 864 2780 post
889 2710 1106 2765 facinus
1150 2719 1465 2781 purgatum,
1516 2718 1570 2765 et
1619 2712 1761 2766 inter
1801 2711 1958 2766 inno-

388 2810 577 2858 centes
616 2803 1018 2857 numerandum
1069 2817 1192 2859 esse
1244 2804 1621 2872 persuaderet.
1686 2804 1769 2858 Ad
1820 2803 1963 2877 quod

388 2892 556 2946 etiam
616 2891 755 2947 falso
812 2893 1187 2948 testimonium
1240 2893 1514 2963 quoddam
1569 2897 1963 2961 accommodat,

408 4536 587 4600 tbani,
632 4543 687 4590 et
724 4535 975 4599 Abironi,
1023 4550 1123 4589 nec
1171 4549 1283 4590 non
1335 4534 1515 4602 Esau,
1565 4551 1630 4591 ac
1674 4538 1992 4594 nationibus

410 4624 689 4687 omnibus,
726 4624 932 4695 quibus
982 4624 1296 4679 Judaeorum
1331 4624 1493 4703 ’Deus
1534 4625 1713 4681 fuerat
1752 4629 1991 4698 ignotus,

411 4718 646 4775 salutem
672 4717 908 4771 aﬂerret.
937 4718 1168 4772 Abelum
1203 4733 1352 4782 vero,
1377 4717 1682 4784 Enochum,
1708 4718 1994 4784 Noemum,

412 4809 806 4874 Abrahamum,
832 4810 1098 4874 lsaacum,
1122 4809 1409 4877 Jacobum,
1444 4800 1705 4881 Moysen),
1739 4811 1996 4865 Davidem

415 4917 481 4955 ac
523 4900 868 4956 Salomonem
917 4903 1030 4957 illic
1076 4904 1334 4971 relictos;
1390 4906 1645 4974 quoniam
1688 4905 1998 4960 Judaaorum

416 4991 614 5057 Deum,
646 4993 923 5062 inquiunt,
958 5006 1321 5064 agnoverunt,
1354 4998 1447 5066 qui
1474 4997 1847 5051 universitatis
1870 5012 2001 5051 con-

417 5085 564 5139 ditor
595 5097 661 5136 ac
698 5083 999 5139 fabricator
1044 5097 1150 5151 est,
1184 5089 1417 5157 ejusque
1466 5090 1611 5161 leges
1649 5098 1703 5143 et
1755 5090 2003 5143 instituta

420 5174 596 5231 secuti
631 5183 795 5229 sunt:
829 5190 893 5228 ac
938 5192 1044 5230 non
1091 5194 1150 5233 se
1180 5182 1360 5249 potius
1408 5182 1565 5237 alteri
1614 5181 1691 5236 illi
1732 5181 1861 5245 Deo,
1912 5178 2005 5248 qui

419 5265 593 5320 videri
640 5265 816 5320 oculis
856 5268 1067 5335 nequit,
1115 5269 1461 5328 addixerunt.
1510 5272 1630 5327 Jarn
1670 5272 2008 5327 mulierculis

424 5356 740 5427 baptizandi
787 5366 1119 5428 potestatem
1170 5362 1320 5419 facit.
1367 5364 1510 5421 Nihil
1544 5374 1628 5424 est
1676 5365 1823 5423 enim
1863 5366 2011 5437 apud

500 5512 518 5543 ⁸
548 5512 682 5570 Luc.
722 5528 823 5580 xu,
849 5512 938 5570 50.

2103 4538 2262 4598 Κάῖν,
2277 4536 2368 4587 καὶ
2390 4534 2551 4604 Κορὲ,
2566 4532 2661 4585 κα)⁸
2687 4530 2879 4593 Δαθάν,
2896 4530 2991 4582 καὶ
3013 4526 3280 4600 ’Δϐηρὼν,
3298 4523 3463 4579 Ἦσαῦ
3480 4542 3532 4577 τε
3572 4522 3655 4576 καὶ

2103 4629 2279 4682 πάντα
2310 4627 2378 4680 τὰ
2416 4626 2542 4695 ἔθνη
2576 4624 2643 4678 τὰ
2674 4622 2748 4695 μὴ
2773 4621 3122 4691 ὲπεγνωκότα
3142 4621 3233 4673 τὸν
3256 4618 3386 4671 Θεὸν
3409 4617 3509 4669 τῶν
3543 4617 3637 4668 ’1ου

2103 4720 2288 4774 δαίων.
2314 4718 2453 4781 Τοὺς
2474 4716 2528 4770 δὲ
2561 4716 2689 4787 περὶ
2717 4714 2903 4777 Ἅϐελ,
2938 4714 3033 4766 καὶ
3066 4710 3258 4780 Ἑνὼχ,
3294 4708 3386 4761 καὶ
3414 4707 3550 4771 Νῶε,
3578 4705 3655 4758 καὶ

2118 4809 2387 4884 Ἀϐραὰμ,
2416 4808 2509 4861 καὶ
2544 4806 2747 4869 Ἰσαὰκ,
2784 4806 2879 4858 καὶ
2912 4802 3129 4863 Ἰακὼϐ,
3165 4800 3259 4853 καὶ
3287 4798 3535 4862 Μωῦσέα,
3562 4798 3653 4848 Aac

2108 4903 2192 4956 ϐίδ
2237 4919 2295 4954 τε
2349 4898 2782 4969 καὶΣαλομῶνα
2841 4895 2956 4948 ἐκεῖ
3016 4890 3489 4947 καταλελοιπέναι·
3542 4888 3653 4939 διότι

2109 4994 2444 5062 ἐπέγνωσαν,
2498 4990 2650 5059 φησι,
2716 4988 2806 5041 τὸν
2857 4987 2988 5040 Θεὸν
3042 4984 3153 5039 τῶν
3230 4980 3505 5045 Ἰουδαίων,
3548 4980 3653 5033 δντσ

2113 5086 2341 5157 ποιητὴν
2391 5082 2484 5136 καὶ
2528 5081 2773 5150 κτίστην,
2812 5078 2907 5131 καὶ
2954 5077 3024 5130 τά
3055 5075 3365 5145 καθήκοντα
3394 5071 3548 5125 αὐτοῦ
3572 5088 3631 5124 πε

2115 5183 2373 5248 ποιήκασι
2404 5174 2495 5228 καὶ
2527 5172 2646 5242 οὐχὶ
2674 5172 2751 5241 τῷ
2776 5169 2895 5240 Θεῷ
2927 5168 3006 5238 τῷ
3026 5169 3243 5239 ἀοράτῳ
3264 5164 3485 5225 ἑαυτοὺς
3513 5179 3652 5234 προσ-

2116 5271 2385 5324 ανέθεντο.
2441 5268 2631 5320 Δίδωσι
2681 5266 2772 5317 καὶ
2807 5261 3109 5334 ἐπιτροπὴν
3148 5255 3363 5327 γυναιξὶ
3402 5256 3656 5324 βάπτισμα

2116 5363 2336 5418 διδόναι.
2378 5359 2514 5430 Hap'
2549 5358 2730 5419 αὐτοῖς
2762 5355 2872 5426 γὰρ
2900 5354 3075 5410 πάντα
3108 5349 3304 5422 χλεύης
3331 5346 3553 5417 ἔμπλεα,
3579 5346 3655 5397 καὶ

504 5667 617 5737 (64)
653 5668 956 5737 Νηστείαν
982 5666 1202 5740 δύ--καὶί
1236 5665 1301 5722 τὸ
1328 5665 1649 5722 Σιὶόεατον.
1686 5666 1812 5740 Leg.
1865 5682 1963 5719 κατ

2083 5689 2086 5699 υ
2114 5666 2245 5724 Σάϐ.
2277 5666 2411 5723 Nam
2446 5663 2687 5721 Sabbato
2718 5662 2955 5735 jejuuari
2985 5668 3173 5719 contra
3196 5658 3483 5716 Orientalis
3505 5654 3651 5711 Eccle-

434 5740 533 5799 sia:
559 5756 762 5796 morem
789 5740 1019 5812 iubebat
1044 5737 1264 5794 Marcio.
