3768 6182
216 233 326 292 701

869 238 1237 296 ADVERSUS
1274 239 1618 330 llASRESES
1655 241 1782 296 LIB.
1832 240 1872 295 Ι.
1916 239 2080 297 TOM.
2124 240 2214 294 ιιι.
2255 270 2326 281 —
2363 237 2641 294 ﬂxEllES.
2677 237 2837 294 XLII.

3369 242 3482 298 702

214 356 378 408 οὐδὲν
401 355 582 423 ἕτερον
607 369 618 382 ·
652 351 811 404 ὁπότε
849 354 944 407 καὶ
979 355 1047 408 τὰ
1092 357 1366 424 μυστήρια
1403 356 1632 410 ἐνώπιον
1670 375 1785 412 κατ·

1937 359 2028 414 ilos
2079 358 2185 413 nisi
2229 357 2467 414 ludibrio
2513 372 2578 413 ac
2623 357 2740 413 risu
2784 357 3193 428 dignissimum,
3241 375 3365 416 eum
3397 363 3483 418 vel

210 447 544 516 ηχουμὲνων
598 443 864 496 ἐπιτελεῖν
895 445 1188 514 τολμῶσιν.
1249 447 1569 500 Ἀνάστασιν
1599 447 1683 514 δὲ,
1727 449 1803 510 ὼς

209 539 397 600 εἷπον,
433 530 585 598 οὗτος
636 535 784 604 λέγει
819 536 938 605 οὐχὶ
973 538 1262 608 σωμάτων,
1293 538 1427 591 ἀλλά
1458 539 1645 608 ψυχῶν
1666 559 1679 572 ο
1708 541 1803 593 καὶ

212 626 498 696 σωτηρίαν
547 625 772 689 ταύταις
830 625 1090 696 ὁρίζεται,
1137 627 1255 696 οὐχι
1283 631 1394 690 τοῖς
1422 627 1654 697 σώμασι.
1693 629 1802 681 Καὶ

213 712 632 780 μεταγγισμοὺς
690 713 889 781 ὁμοίως
925 712 1032 764 τῶν
1073 712 1280 782 ψυχῶν,
1315 717 1407 778 καὶ
1452 733 1802 788 μετενσωμα-

205 799 415 864 τώσεις
451 801 558 854 ἀπὸ
585 802 852 873 σωμάτων
884 806 962 866 εἰς
994 803 1220 873 σώματα
1255 808 1474 873 φάσκει.

285 975 366 1028 E'.
400 975 744 1044 Πανταχόθεν
799 975 857 1029 δὲ
904 976 1090 1028 πίπτει
1119 978 1151 1047 ἡ
1182 977 1345 1030 αὐτοῦ
1401 979 1606 1048 ματαία
1643 997 1798 1032 κενο-

203 1065 517 1132 ῴωνίαμῖυς
554 1066 653 1137 ἤδη
700 1084 789 1137 μοι
835 1069 892 1120 ὲν
932 1068 1119 1130 ἄλλαις
1165 1069 1408 1139 αἱρέσεσι
1467 1073 1796 1142 πεπραγμά-

201 1171 420 1211 τευται.
456 1156 578 1221 Πῶς
593 1157 700 1227 γὰρ
729 1159 1092 1229 ἀναστήσεται
1121 1161 1154 1228 ἡ
1187 1160 1259 1230 μὴ
1287 1165 1603 1216 πεπτωκυῖα
1617 1163 1793 1234 ψυχή;

220 1244 546 1308 Ἀνάστασις
573 1248 631 1300 δὲ
677 1248 794 1311 πῶς
837 1251 1004 1319 αὐτῆς
1054 1251 1405 1319 κληθήσεται,
1428 1253 1528 1321 τῆς
1581 1253 1655 1324 μὴ
1701 1271 1796 1308 πε-

204 1337 418 1406 σούσης
439 1337 654 1406 ψυχῆς;
703 1340 816 1392 Πᾶν
850 1341 958 1411 γὰρ
990 1341 1050 1393 τὸ
1079 1341 1275 1393 πίπτον
1308 1342 1653 1407 ἀναστάσεως
1685 1346 1794 1399 δεῖ-

199 1444 323 1480 ται.
366 1429 561 1482 Πίπτει
597 1428 654 1482 δὲ
681 1430 778 1500 οὐχ
803 1433 836 1500 ἡ
864 1431 1033 1501 ψυχὴ,
1080 1430 1216 1484 ἀλλά
1270 1433 1448 1506 σῶμα.
1485 1435 1646 1488 Ὅθεν
1700 1438 1796 1490 καὶ

199 1517 436 1581 δικαίως
468 1518 667 1589 πτῶμα
706 1520 838 1574 αὐτὸ
865 1522 899 1592 ἡ
940 1524 1195 1594 συνήθεια
1242 1527 1399 1580 εἴωθε
1447 1525 1650 1592 καλεῖν,
1698 1529 1793 1581 καλ⁸

200 1609 372 1674 αὐτὸς
419 1611 448 1662 6
483 1610 684 1680 Κύριος
724 1612 914 1678 εἰπὼν,
959 1615 1255 1672 ὅτιὌπου
1283 1618 1350 1670 τὸ
1396 1617 1622 1686 πτῶμα,
1668 1619 1797 1673 ἐκεῖ

1908 449 2187 520 mysteriis
2237 449 2371 518 ipsis
2419 450 2732 506 astantibus
2788 449 3216 514 catechumenis,
3268 454 3483 522 Oporari

1908 555 2018 592 non
2042 537 2313 592 dubitent.
2343 538 2499 604 Quod
2527 539 2594 592 ad
2617 530 3074 596 resurrectionem
3096 543 3308 607 attinet,
3341 545 3482 601 hanc

1910 629 2000 682 ille
2033 643 2326 698 corporum
2369 645 2490 684 esse
2526 637 2707 699 negat,
2754 629 2834 684 uti
2883 631 3235 687 monuimus:
3271 635 3484 688 anima-

1909 734 2027 772 rum
2061 719 2331 782 concedit,
2367 721 2570 790 quibus
2599 720 2732 776 solis
2769 721 3021 784 salutem,
3059 739 3166 778 non
3201 726 3328 780 item
3360 743 3484 782 cor-

1907 797 2134 879 poribus
2170 811 2598 867 circumscribit.
2635 811 2954 866 Animarum
2991 813 3226 884 denique
3257 818 3325 872 ab
3359 821 3480 877 aliis

1907 899 1960 952 in
1997 902 2099 952 alia
2136 916 2369 969 corpora
2397 901 2752 970 migrationes
2778 916 2841 954 ac
2872 902 3140 958 transitus
3179 908 3390 960 statuit.

1977 985 2259 1042 V.\'erum
2303 987 2484 1040 inanis
2521 1002 2584 1040 ac
2615 986 2846 1040 ridicula
2875 987 2992 1040 haec
3023 988 3207 1058 opinio
3233 993 3380 1045 omni
3411 1007 3478 1046 ex

1906 1084 2060 1146 parte
2101 1075 2363 1141 concidit,
2396 1083 2457 1129 ut
2493 1075 2547 1128 in
2589 1076 2712 1130 aliis
2747 1076 3049 1133 lueresibus
3092 1087 3252 1135 antea
3291 1081 3480 1137 docui-

1903 1183 2048 1222 mus.
2084 1167 2188 1234 Qui
2218 1168 2363 1223 enim
2410 1181 2700 1238 resurgere
2749 1167 2930 1222 anima
2977 1170 3069 1223 illa
3112 1179 3312 1240 potest,
3356 1189 3478 1244 qtue

1903 1273 2181 1326 nunquam
2215 1257 2454 1312 corruit?
2485 1255 2790 1322 Quomodo,
2824 1258 3045 1326 inquam
3071 1301 3086 1323 ,
3120 1262 3190 1324 ei,
3217 1277 3334 1329 qum
3365 1279 3474 1320 non

1903 1349 2120 1413 cecidit,
2159 1349 2491 1404 resurrectio
2512 1347 2805 1402 tribuetur?
2826 1347 3100 1418 Quidquid
3129 1352 3272 1404 enim
3304 1353 3472 1417 cadit,

1903 1438 2311 1493 resurrectione
2337 1451 2476 1506 opus
2502 1436 2686 1490 habet.
2720 1433 2881 1489 Cadit
2911 1443 3096 1490 autem
3132 1450 3243 1490 non
3273 1438 3475 1504 anima,
3523 1470 3538 1478 κ

1903 1529 1998 1584 sed
2036 1543 2255 1598 corpus.
2306 1527 2461 1594 Quod
2497 1528 2701 1582 idcirco
2727 1528 2946 1598 πτῶμα,
2974 1527 3078 1583 hoc
3114 1539 3197 1584 est
3226 1529 3474 1596 cadaver,

1912 1621 2249 1675 consuetudo
2289 1619 2596 1674 communis
2643 1620 2897 1688 appellat,
2931 1620 3175 1689 adeoque
3213 1620 3475 1676 Dominus

199 1699 703 1770 συναχθήσονται
759 1703 858 1756 καὶ
920 1708 976 1759 οὶ
1015 1706 1197 1761 ἀετοί.
1257 1707 1368 1761 Καὶ
1421 1707 1530 1779 γὰρ
1568 1711 1626 1761 ἐν
1683 1711 1785 1772 τοῖς

1937 1726 2038 1775 ise,
2071 1726 2196 1764 cum
2233 1711 2316 1764 sic
2362 1709 2642 1779 loquitur:
2682 1706 2986 1780 Ubicunque
3031 1719 3109 1764 est
3152 1711 3373 1781 πτῶμα,
3419 1710 3472 1765 id

201 1792 489 1862 μνήμασιν
517 1793 576 1846 ού
600 1794 999 1866 κατακλείομεν
1027 1796 1205 1867 ψυχάς
1231 1797 1367 1868 (65),
1397 1798 1535 1852 ἀλλὰ
1565 1797 1791 1869 σώματα

197 1885 631 1956 κατατιθέαμεν,
661 1887 720 1940 ὲν
745 1889 816 1957 γῇ
861 1887 1298 1958 καταχώσαντες,
1322 1881 1398 1942 ὧν
1435 1893 1467 1958 ἡ
1497 1889 1791 1952 ἀνάστασις

195 1975 288 2038 είς
327 1975 516 2031 ἐλπίδα
564 1975 679 2048 ἔχει
730 1977 790 2030 τὸ
817 1978 1098 2049 κήρυγμα,
1136 1979 1388 2051 καθάπερ
1423 1980 1452 2032 6
1482 1979 1576 2032 τοῦ
1641 1980 1787 2032 σίτου

194 2065 437 2130 κόκκος·
487 2061 566 2132 ὡς
595 2069 688 2121 καὶ
729 2070 758 2122 6
807 2069 966 2137 ἅγιος
1006 2070 1324 2134 Ἀπόστολος
1352 2072 1452 2141 τὴν
1488 2071 1789 2143 μαρτυρίαν

195 2144 411 2227 ἠνεγκὲ
424 2159 658 2231 περὶτοῦ
679 2160 880 2214 κόκκου
899 2160 996 2214 τοῦ
1019 2162 1162 2214 σίτου
1181 2162 1276 2214 καὶ
1300 2162 1408 2216 τῶν
1437 2161 1610 2215 ἄλλων
1630 2179 1790 2233 σπερ-

199 2249 423 2313 μάτων·
463 2251 557 2305 καὶ
589 2251 752 2315 αὐτὸς
775 2252 831 2304 δὲ
868 2253 897 2305 6
919 2251 1122 2322 Κύριος
1147 2253 1205 2304 ἐν
1226 2251 1304 2322 τῷ
1331 2253 1678 2323 Εὐαγγελίῳο
1705 2253 1787 2306 ὅτι

209 2341 360 2396 Ἐὰν
389 2341 594 2396 πεσὼν
627 2345 662 2396 ό
692 2343 913 2409 κόκκος
937 2343 1045 2398 τοῦ
1075 2345 1251 2398 σίτου
1275 2344 1573 2413 ἀποθάνῃ,
1597 2347 1787 2414 μόνος

185 2431 385 2500 μένει.
425 2433 483 2486 '0
526 2433 582 2486 δὲ
639 2433 794 2502 ἅγιος
842 2434 1165 2498 Ἀπόστολός
1181 2452 1344 2506 φησιν
1368 2452 1381 2466 ⁸
1433 2435 1644 2507 ἄφρονα
1677 2436 1786 2507 γὰρ

193 2522 358 2575 καλεῖ
380 2523 470 2576 τὸν
503 2523 730 2578 ἄπιστον
775 2525 868 2578 τὸν
903 2525 1038 2589 ὅλως
1099 2526 1533 2597 ἀμφιϐάλλοντα,
1576 2526 1670 2580 καὶ
1692 2526 1782 2578 λέ-

195 2629 399 2682 γονται
457 2614 592 2682 Πῶς
624 2616 664 2684 ἠ
710 2615 1050 2683 ἀνάστασις
1084 2618 1342 2686 τίνεται;
1385 2617 1536 2683 ποίῳ
1572 2617 1640 2670 δὲ
1678 2614 1786 2670 σώ-

191 2723 340 2765 ματι
365 2705 640 2774 ἔρχονται
665 2723 684 2771 ;
721 2708 830 2760 Καὶ
865 2707 1025 2772 εὐθὺς
1055 2709 1191 2780 πρὸς
1223 2710 1348 2772 τοὺς
1377 2708 1648 2771 τοιούτους
1683 2726 1784 2780 φη-

193 2797 285 2849 σίν
301 2814 316 2826 ο
357 2799 602 2866 Ἄφρων,
630 2797 711 2851 σὺ
734 2797 764 2850 ὃ
789 2800 1062 2867 σπείρεις
1081 2801 1153 2852 οὺ
1177 2796 1562 2867 ζωογονεῖται,
1577 2797 1685 2852 ἐὰν
1694 2797 1781 2867 μὴ

190 2887 496 2955 ἀποθάνῃ.
559 2891 670 2942 Καὶ
737 2888 1041 2958 ἐξάπαντος
1098 2890 1297 2956 ἔδειξεν
1350 2892 1382 2960 ὴ
1440 2887 1633 2959 Γραφὴ
1687 2887 1782 2940 τοῦ

189 2979 550 3042 πεπτωκότος
600 2981 825 3044 κόκκου,
862 2982 1107 3034 τουτέστι
1139 2981 1232 3034 τοῦ
1287 2979 1540 3051 σώματος
1561 2979 1654 3032 τοῦ
1683 2979 1780 3033 θα-

1893 1808 1978 1855 est
2013 1817 2224 1869 corpus,
2264 1799 2376 1852 illic
2415 1797 2871 1868 congregabantur
2905 1808 2954 1851 et
2996 1799 3190 1868 aquila:
3217 1799 3254 1852 ¹.
3287 1797 3474 1867 Neque

1891 1888 2038 1941 enirn
2093 1886 2364 1957 sepulcris
2418 1887 2636 1941 animas
2689 1885 3046 1951 includimus,
3099 1886 3194 1940 sed
3241 1901 3472 1956 corpora
3555 1911 3564 1918 ~

1889 1975 2042 2031 humi
2097 1977 2316 2032 defossa
2356 1976 2738 2045 componimus
2781 1992 2794 2028 :
2833 1976 3033 2044 quibus
3069 1975 3238 2029 divini
3277 1975 3474 2044 praedi-

1889 2071 2104 2125 catione
2128 2069 2276 2124 verbi
2300 2082 2426 2137 spes
2454 2066 2883 2122 resurrectionis
2905 2067 3248 2122 ostenditur:
3283 2083 3475 2136 quom-

1888 2162 2182 2217 admodum
2217 2162 2273 2215 in
2307 2159 2566 2214 frumenti
2589 2174 2784 2229 grano,
2817 2159 3140 2230 exterisque
3170 2161 3472 2217 seminibus

1887 2253 2088 2308 accidit
2118 2271 2130 2306 :
2166 2267 2230 2306 ex
2281 2251 2482 2321 quibus
2516 2249 2814 2319 Apostolus
2859 2251 2924 2306 ad
2965 2250 3123 2305 fidem
3165 2249 3470 2306 faciendam

1887 2342 2133 2412 exempla
2165 2341 2438 2410 producit,
2486 2350 2545 2395 ut
2575 2349 2628 2397 et
2662 2341 2890 2411 ipsemet
2935 2342 2992 2396 in
3028 2341 3322 2412 Evangelio
3362 2343 3474 2398 Do-

1885 2437 2068 2490 minus
2101 2452 2115 2488 :
2149 2431 2294 2498 Nisi,
2321 2433 2520 2503 inquit,
2551 2449 2773 2504 granum
2799 2433 3051 2501 frumenti
3076 2433 3266 2488 cadens
3298 2436 3350 2488 in
3375 2443 3474 2488 ter-

1885 2543 2002 2580 ram
2029 2533 2292 2578 mortuum
2314 2525 2496 2594 fuerit,
2523 2527 2696 2596 ipsum
2734 2525 2904 2579 solum
2939 2528 3177 2580 manet’.
3204 2527 3366 2598 306
3403 2528 3472 2582 At

1886 2617 2186 2687 Apostolus
2220 2631 2343 2670 cum
2381 2617 2523 2672 idem
2561 2625 2944 2686 argumentum
2979 2625 3298 2686 pertractat,
3335 2619 3474 2672 insi-

1886 2709 2121 2778 pientem
2159 2723 2284 2761 eum
2316 2708 2570 2777 appellat,
2609 2708 2703 2778 qui
2743 2723 2850 2763 non
2891 2707 3087 2773 credit,
3122 2716 3216 2762 aut
3247 2710 3473 2764 omnino

1885 2799 2147 2854 luesitans
2176 2798 2508 2868 interrogat:
2542 2798 2818 2864 Quomodo
2849 2799 2909 2866 ﬁt
2945 2799 3259 2853 resurrectio
3278 2802 3304 2854 .’
3324 2798 3472 2870 quali

1883 2899 2059 2943 autem
2097 2905 2314 2956 corpore
2359 2891 2603 2944 venient?
2635 2889 2712 2943 Ac
2755 2889 2940 2944 statim
2991 2897 3183 2944 contra
3235 2891 3356 2946 illos
3389 2891 3470 2946 sic

1883 2980 2126 3049 disputat
2149 2999 2162 3034 :
2203 2979 2486 3048 Insipiens.
2521 2990 2578 3033 tu
2605 2981 2743 3050 quod
2771 2982 3001 3034 seminus
3022 2997 3125 3034 non
3150 2982 3465 3050 civiﬁcatur,

189 3070 488 3140 πτομένου,
544 3071 640 3123 καὶ
703 3073 764 3124 ού
804 3071 980 3142 ψυχῆς
1022 3072 1120 3142 τὴν
1169 3074 1465 3126 ἀνάστασιν
1513 3071 1778 3140 γίνεσθαι.

1940 3070 1984 3122 si
2003 3069 2152 3135 prius
2181 3071 2445 3122 moriatur
2469 3069 2514 3122 ³.
2551 3068 2670 3134 Qua
2703 3084 2770 3124 ex
2811 3067 3110 3138 Scriptura:
3144 3075 3471 3128 auctoritate

190 3162 323 3225 Πῶς
369 3162 427 3214 δὲ
479 3161 624 3234 ψυχὴ
681 3163 961 3216 ἐλεύσεται
1020 3164 1186 3234 μόνη;
1233 3165 1350 3227 πῶς
1381 3164 1439 3217 δὲ
1473 3163 1777 3232 βασιλεύσει

190 3253 387 3323 μόνηή
415 3252 548 3322 ὁμοῦ
579 3254 675 3306 σὺν
700 3251 910 3322 σώματι
938 3254 1288 3324 ἐργασαμένη
1313 3253 1372 3306 τὸ
1396 3253 1603 3306 δίκαιον
1649 3252 1681 3322 ἢ
1717 3253 1778 3305 τὸ

187 3341 429 3413 quam);
461 3343 614 3396 ἔσται
641 3344 751 3414 γὰρ
785 3345 1005 3397 ἐναντία
1038 3345 1131 3398 καὶ
1162 3345 1223 3397 ού
1255 3343 1445 3398 δικαία
1495 3347 1528 3416 ὴ
1569 3345 1770 3415 κρίσις.

1886 3159 2044 3229 plane
2097 3158 2233 3214 illud
2286 3159 2668 3230 intelligimus,
2712 3175 2884 3231 grano
2935 3161 3014 3214 illi
3053 3160 3204 3232 quod
3245 3163 3470 3228 cecidit,

1887 3250 1990 3304 hoc
2017 3259 2104 3306 est
2135 3251 2460 3319 consepulto
2495 3252 2735 3322 corpori,
2786 3265 2894 3305 non
2949 3253 3165 3318 animae,
3218 3268 3470 3310 resurre-

1884 3343 2118 3397 ctionem
2150 3357 2274 3397 esse
2302 3341 2714 3398 vindicandam.
2743 3342 2956 3400 Etenim
2983 3343 3256 3414 quomodo
3286 3345 3468 3399 anima

185 3436 310 3490 sola
343 3438 573 3500 veniret,
622 3447 716 3490 aut
768 3453 996 3507 regnare
1049 3439 1165 3492 sola
1220 3447 1429 3508 posset,
1484 3454 1608 3509 quae
1675 3453 1799 3492 cum
1841 3452 2075 3506 corpore
2114 3437 2260 3506 quod
2294 3438 2503 3508 justum
2538 3439 2635 3508 ,vel
2683 3439 2888 3494 malum
2943 3445 3028 3494 est
3104 3441 3471 3494 communiter

185 3532 471 3586 exercuit?
513 3531 671 3587 Esset
709 3532 911 3602 quippe
951 3533 1182 3603 justitiae
1228 3535 1455 3590 minime
1483 3545 1914 3590 consentaneum
1951 3540 2006 3586 ct
2039 3533 2300 3588 alienum.

261 3629 354 3694 ς’.
387 3625 510 3689 Πῶς
539 3627 596 3679 δὲ
628 3627 1025 3699 συσταθήσεται
1058 3631 1086 3682 6
1115 3631 1242 3699 παρ’
1294 3630 1442 3701 αὐτῷ
1487 3629 1772 3700 Μαρκίωνι

183 3716 358 3788 τριῶν
396 3717 579 3788 ἀρχῶν
609 3717 798 3785 λόγος;
864 3718 990 3782 Πῶς
1030 3719 1086 3772 δὲ
1123 3721 1152 3772 6
1180 3719 1381 3788 ἀγαθὸς
1419 3719 1772 3793 εὑρεθήσεται

185 3811 247 3862 ὲν
284 3813 395 3873 τοῖς
416 3809 510 3862 τοῦ
550 3810 755 3879 φαύλου
789 3812 1009 3883 μέρεσιν
1053 3812 1211 3883 ἔργον
1235 3814 1498 3868 ἐπιτελῶν
1530 3815 1562 3886 ἢ
1593 3832 1770 3886 σωτη-

188 3902 334 3974 ρίας,
369 3902 403 3972 ἢ
455 3902 566 3956 τῶν
619 3903 831 3968 ἄλλων;
863 3905 925 3958 El
970 3905 1078 3975 γὰρ
1105 3907 1206 3958 ούκ
1256 3907 1420 3960 αὑτοῦ
1449 3908 1706 3978 τυγχάνει
1743 3907 1772 3960 6

183 3995 412 4065 κόσμος,
457 3995 744 4049 ἀπέστειλε
807 3996 864 4049 δὲ
915 3997 1081 4052 αὑτοῦ
1130 4000 1222 4052 τὸν
1264 3999 1542 4069 Μονογενῆ
1568 4002 1648 4064 είς
1676 4001 1770 4055 τὸν

181 4086 392 4157 κόσμον
406 4086 591 4140 λαϐεῖν
609 4090 673 4140 ἐκ
691 4087 782 4140 τοῦ
805 4088 1011 4160 κόσμου
1025 4087 1120 4142 τοῦ
1137 4089 1440 4160 ἀλλοτρίου,
1463 4089 1498 4143 ἃ
1517 4089 1591 4161 μὴ
1607 4091 1770 4155 αὐτὸς

181 4179 432 4252 ἔσπειρε,
460 4179 595 4249 μηδὲ
619 4179 892 4251 ἐποίησεν·
921 4181 1322 4254 εὑρεθήσεταιῆ
1343 4181 1452 4235 τῶν
1476 4182 1769 4254 ἀλλοτρίων

182 4271 544 4341 ὲφιέμενος,ἢ
571 4272 766 4325 πενίαν
796 4273 1184 4343 ὑφιστάμενος,
1225 4275 1318 4328 καὶ
1347 4274 1452 4327 ἴδια
1497 4275 1569 4346 μὴ
1606 4275 1765 4346 ἔχων,

182 4362 280 4414 ἐπὶ
312 4360 383 4414 τά
414 4361 672 4433 ἀλλότρια
692 4362 884 4415 ἑαυτὸν
913 4364 1200 4427 ἐπιδιδοὺς,
1226 4365 1374 4428 ὃπως
1399 4365 1577 4436 ἑαυτῷ
1606 4383 1772 4437 προσ-

180 4457 480 4528 πορίσηται
496 4457 531 4510 ἃ
549 4457 623 4528 μὴ
644 4458 905 4530 πρότερον
925 4457 1057 4530 ἔχει.
1083 4458 1203 4524 Πῶς
1219 4459 1275 4512 δὲ
1299 4441 1772 4530 κριῖτὴςάναμέσον

181 4551 510 4621 ἀμφοτέρων
535 4553 822 4621 γενήσεται
849 4554 877 4605 6
907 4552 1276 4623 Δημιουργόςς
1305 4546 1439 4604 Εἶτα
1477 4551 1625 4615 τίνας
1659 4550 1772 4621 ἔχει

180 4644 402 4714 κρῖναι;
434 4643 498 4695 El
531 4643 640 4712 γὰρ
690 4643 798 4698 τῶν
826 4644 936 4697 ἀπὸ
980 4644 1074 4696 τοῦ
1115 4645 1228 4698 ἀνω
1275 4643 1484 4697 σκευῶν
1511 4642 1770 4712 δικαστὴς

181 4735 604 4806 προκαθέζεται,
639 4736 811 4806 ἰσχύει
834 4737 974 4808 ὑπὲρ
1003 4737 1092 4790 τὸν
1114 4737 1256 4790 ἄνω·
1281 4738 1467 4808 ἐπειδὴ
1502 4735 1656 4808 φέρει
1688 4737 1769 4799 εἰς

181 4825 349 4894 μέσον
377 4825 486 4876 τῶν
521 4824 688 4878 αὑτοῦ
719 4827 1017 4898 κριτηρίων
1041 4826 1110 4880 τά
1141 4827 1238 4879 τοῦ
1281 4827 1394 4880 ἀνω
1424 4827 1762 4898 ὑπάρχοντα,

175 4913 252 4975 ὡς
294 4913 373 4982 τῷ
417 4914 705 4985 Μαρκίωνι
745 4915 914 4982 ἔδοξε.
946 4917 1052 4968 Καὶ
1094 4917 1141 4968 εἰ
1175 4917 1310 4979 ὅλως
1339 4918 1530 4988 κριτὴς
1562 4917 1764 4986 τυγχά-

176 5021 282 5064 νει,
312 5004 519 5070 δίκαιός
551 5007 685 5061 ἐστι.
714 5007 985 5078 Δείξωμεν
1006 5008 1062 5059 δὲ
1091 5009 1198 5061 ἀπὸ
1214 5007 1304 5060 τοῦ
1334 5007 1541 5062 δικαίου
1568 5007 1764 5079 ὀνόμα-

174 5113 290 5158 τος,
321 5099 404 5150 ὅτι
426 5099 620 5152 ταυτόν
637 5098 753 5152 ἐστι
778 5099 837 5152 τὸ
864 5100 1064 5168 ἀγαθὸν
1084 5101 1177 5153 καὶ
1208 5101 1268 5152 τὸ
1283 5101 1507 5154 δίκαιον.
1525 5102 1640 5154 Πᾶν
1660 5099 1765 5171 γάρ

172 5186 203 5238 ὃ
227 5185 437 5240 δίκαιόν
457 5191 593 5251 ἐστι,
622 5187 780 5242 τοῦτο
812 5190 904 5243 καὶ
946 5191 1173 5258 ἀγαθόν.
1227 5190 1360 5243 Ἀπὸ
1383 5190 1491 5262 γὰρ
1505 5189 1599 5242 τοῦ
1629 5191 1766 5257 ἀγα-

176 5277 272 5330 θὸν
320 5274 464 5332 εἶναι
508 5280 570 5332 τὸ
591 5280 795 5350 ἀγαθὸν
835 5282 1120 5354 χαρίζεται
1162 5283 1389 5347 δικαίως
1443 5283 1579 5354 μετά
1633 5283 1766 5354 ἀλη-

1955 3625 2044 3680 Vl.
2093 3626 2229 3681 Nam
2274 3628 2470 3698 triplex
2515 3629 2649 3683 illud
2691 3627 2984 3683 Marcionis
3015 3628 3342 3698 principium
3373 3643 3466 3683 co-

1881 3715 2088 3771 haerere
2123 3733 2233 3787 quo
2262 3718 2481 3771 demum
2516 3724 2680 3786 pacto
2712 3717 2948 3786 poterit?
2984 3715 3089 3782 Qui
3132 3726 3314 3772 autem
3349 3717 3465 3772 fieri

1882 3813 2084 3877 potest,
2115 3815 2174 3860 ut
2200 3808 2298 3876 qui
2329 3808 2506 3862 bonus
2537 3808 2629 3871 sit,
2663 3807 2716 3860 in
2741 3807 3032 3862 deterioris
3057 3809 3302 3878 partibus
3325 3823 3466 3879 opus

1879 3899 2136 3953 moliatur
2168 3900 2359 3964 ullum,
2400 3901 2544 3969 quod
2580 3899 2644 3954 ad
2683 3901 2916 3954 salutem
2959 3910 3013 3954 et
3051 3901 3103 3954 id
3156 3916 3328 3972 genus
3359 3903 3464 3957 alia

1879 3988 2184 4057 pertineat?
2224 3987 2281 4043 Si
2316 3989 2462 4042 enim
2500 4004 2609 4043 non
2647 3989 2821 4058 ipsius
2853 3989 3150 4059 peculiaris
3182 3999 3262 4046 est
3299 4007 3462 4045 mun-

1878 4080 2003 4144 dus,
2034 4089 2087 4136 et
2115 4082 2168 4135 in
2195 4081 2450 4136 eumdem
2481 4081 2770 4151 unigenam
2788 4097 2946 4136 sumu
2977 4081 3333 4137 nihilominus
3361 4083 3464 4136 im-

1877 4173 2049 4236 misit,
2088 4181 2146 4227 ut
2180 4189 2246 4228 ex
2292 4173 2471 4229 alieno
2516 4173 2722 4228 mundo
2768 4174 2914 4244 quod
2961 4190 3060 4230 nec
3091 4185 3323 4241 severat,
3359 4193 3461 4233 nec

1875 4264 2103 4329 fecerat,
2138 4265 2380 4322 auferret
2413 4286 2426 4322 :
2465 4282 2697 4324 necesse
2731 4275 2816 4322 est
2850 4268 3001 4322 illum
3039 4270 3125 4324 vel
3155 4270 3460 4323 alienorum

1876 4358 2191 4428 cupiditate,
2235 4360 2319 4415 vel
2365 4360 2592 4429 penuria
2634 4361 2886 4416 laborare
2920 4379 2933 4415 :
2975 4371 3035 4414 ut
3068 4377 3191 4415 cum
3222 4359 3461 4431 propriis

1805 4448 1848 4502 D
1877 4459 2083 4516 careat,
2129 4453 2182 4505 in
2212 4466 2275 4507 ea
2305 4466 2430 4522 quae
2467 4451 2693 4508 alterius
2739 4461 2888 4516 sunt,
2935 4468 3130 4508 manus
3177 4452 3456 4518 immittat,

1875 4557 1986 4612 quo
2019 4543 2120 4597 sibi
2154 4557 2275 4613 quae
2311 4551 2473 4599 antea
2504 4559 2615 4599 non
2649 4544 2884 4600 habebat
2912 4553 3164 4614 usurpet.
3193 4545 3462 4600 Conditor

1873 4653 2038 4709 porro
2073 4639 2349 4708 quomodo
2388 4638 2535 4694 inter
2572 4646 2836 4709 utrosque
2869 4638 3160 4708 judicabit,
3195 4649 3289 4692 aut
3323 4655 3460 4701 quo-

1872 4743 1993 4782 rum
2038 4726 2266 4781 omnino
2302 4742 2524 4782 causam
2571 4723 2938 4797 disceptabit?
2988 4725 3046 4781 Si
3091 4728 3237 4782 enim
3267 4727 3334 4782 de
3364 4729 3455 4793 iis,

1871 4835 1993 4890 quae
2023 4819 2077 4872 in
2112 4819 2359 4889 supremi
2405 4819 2556 4875 illius
2599 4818 2948 4891 possessione
2994 4828 3142 4883 sunt,
3187 4819 3455 4886 judicium

1873 4920 2144 4974 exerceat,
2179 4910 2283 4966 erit
2317 4926 2572 4981 supremo
2622 4911 2716 4966 illo
2759 4910 3076 4980 potentior:
3121 4919 3309 4981 utpote
3363 4911 3455 4982 qui

1873 5019 1994 5074 quae
2028 5003 2148 5071 ejus
2188 5012 2318 5060 sunt
2358 5019 2519 5058 suum
2567 5003 2633 5058 ad
2685 5002 2926 5057 tribunal
2980 5003 3458 5074 cognitionemque

1875 5095 2199 5162 transferat,
2250 5105 2309 5151 ut
2345 5095 2566 5167 quidem
2618 5095 2881 5151 Marcioni
2932 5096 3164 5151 videtur.
3211 5093 3367 5160 Quod
3410 5094 3454 5147 si

1868 5189 2038 5260 judex
2067 5195 2173 5254 est,
2209 5189 2434 5244 omnino
2467 5189 2652 5260 justus
2685 5188 2875 5244 itidem
2914 5189 2987 5244 sit
3015 5194 3248 5258 oportet.
3284 5185 3451 5254 Atqui

1873 5295 1940 5336 ex
1983 5282 2104 5353 ipso
2141 5281 2278 5354 justi
2322 5283 2544 5339 nomine
2576 5283 2779 5340 bonum
2811 5297 2875 5338 ac
2900 5281 3112 5352 justum
3149 5278 3295 5336 idem
3333 5293 3454 5333 esse

253 5394 270 5424 ⁸
334 5393 469 5450 Luc.
509 5410 642 5460 xvu,
673 5399 762 5452 57.
841 5401 860 5430 ²
889 5396 1050 5454 Joan.
1083 5415 1178 5464 xu,
1207 5398 1300 5453 24.
1376 5397 1397 5429 ³
1421 5396 1439 5451 l
1463 5398 1590 5454 Cor.
1619 5414 1710 5465 xv,
1746 5397 1785 5452 '5.

251 5507 367 5579 (65)
407 5512 490 5564 Οὺ
517 5511 949 5582 κατακλείομει·
974 5511 1196 5582 ψυχάς.
1232 5511 1386 5579 Quod
1409 5511 1616 5568 ethnici
1651 5511 1783 5565 certi

1937 5512 2049 5568 ibus
2076 5512 2366 5567 faciebant.
2401 5511 2538 5568 llinc
2574 5527 2634 5567 tu
2661 5509 2878 5568 Δῖηοίά.
2908 5550 2924 5566 .

1766 5600 2114 5674 Animamque
2157 5603 2394 5658 scnnlrro

1351 5667 1650 5723 Comlimus.
