3768 6182
379 300 484 388 10:;

1797 303 1855 359 s.
1898 279 2264 358 EPlPHANII.
2445 353 2454 367 ,
3534 301 3628 359 τοι

379 414 901 472 demonstrabimus.
961 415 1236 486 Quidquid
1289 415 1433 470 enim
1479 415 1686 487 justum
1744 428 1848 484 est,
1904 421 1917 474 i

2074 419 2213 482 θείας
2238 417 2316 488 τῷ
2343 416 2525 485 ἀγαθά
2553 417 2814 489 δράσαντι
2833 434 2849 449 ⁸
2890 417 2984 471 καὶ
3015 415 3197 470 οὐκέτι
3224 415 3376 468 ἔσται
3424 415 3559 486 πρὸς
3577 413 3630 467 τὸ

378 507 542 561 etiam
583 515 668 562 est
699 507 929 564 bonum.
966 506 1042 560 Ex
1089 522 1156 563 eo
1189 507 1391 577 quippe
1433 508 1577 577 quod
1625 509 1829 564 bonum
1867 512 1959 577 sit,

379 597 482 651 hoc
518 597 702 662 habet,
742 604 801 651 ut
846 598 896 652 ei
933 598 1024 666 qui
1068 598 1207 652 bona
1256 597 1470 660 fecerit,
1499 599 1647 668 juste
1686 615 1748 654 ac
1781 602 1959 670 reipsa

375 689 580 744 bonum
614 689 894 758 rependat.
921 687 1102 754 Quare
1130 688 1274 757 quod
1303 687 1505 742 bonum
1537 696 1620 742 est
1654 689 1795 743 bono
1825 706 1958 743 cnn-

378 780 607 833 trarium
641 794 751 832 non
782 781 919 846 erit;
953 779 1087 834 illud
1119 780 1352 845 scilicet,
1403 780 1544 849 quod
1593 788 1646 834 et
1680 781 1825 834 bono
1863 781 1960 835 bo-

376 884 506 924 num
534 884 600 923 ex
639 869 852 939 justitia
901 870 1132 934 tribuat,
1171 879 1222 925 et
1259 871 1402 923 malo
1427 869 1638 924 debitas
1669 885 1859 940 ptenas
1893 885 1958 924 ac

377 961 645 1030 supplicia
693 963 1011 1017 constituat.
1063 959 1320 1016 Vicissim
1356 976 1484 1015 vero
1519 977 1619 1016 nec
1654 963 1744 1017 ille
1781 964 1957 1019 bonus

375 1052 502 1114 erit,
541 1051 634 1120 qui
666 1067 792 1107 eum
833 1051 924 1121 qui
963 1051 1140 1106 malus
1172 1051 1242 1107 sit
1272 1053 1326 1104 in
1357 1051 1462 1106 (ine
1497 1053 1735 1122 prmmiis
1770 1053 1953 1120 allicit,

375 1142 481 1197 nisi
513 1141 652 1197 forte
686 1143 1012 1214 resipuerit;
1045 1143 1297 1213 quamvis
1337 1144 1500 1197 modo
1526 1159 1682 1211 super
1707 1144 1867 1199 bonos
1895 1162 1957 1198 ac

375 1233 546 1287 malos
579 1235 711 1287 oriri
741 1235 902 1288 solem
949 1251 1102 1287 suum
1137 1235 1324 1303 faciat,
1355 1243 1507 1304 atque
1544 1236 1763 1287 imbrem
1802 1251 1954 1287 suum

376 1324 639 1394 largiatur
673 1327 688 1357 ¹
729 1345 742 1380 :
776 1334 1000 1396 propter
1032 1341 1151 1379 eam
1186 1341 1308 1395 qua:
1343 1326 1394 1379 in
1436 1327 1595 1380 nullis
1631 1326 1856 1396 perinde
1891 1342 1954 1379 ac

373 1416 537 1473 bonis
561 1419 806 1473 cernitur
831 1417 1045 1472 arbitrii
1071 1417 1403 1471 libertatem.
1433 1415 1619 1485 Neque
1643 1417 1786 1471 enim
1812 1417 1952 1470 bona

371 1509 493 1579 ejus
519 1525 641 1564 esse
673 1517 868 1562 natura
899 1517 1100 1578 potest,
1131 1509 1222 1577 qui
1256 1508 1311 1561 in
1342 1507 1527 1562 futuro
1555 1509 1754 1562 Steculo
1781 1509 1954 1563 scele-

370 1609 493 1656 rato
525 1602 760 1670 cuipiam
795 1599 1100 1654 mercedem
1135 1599 1328 1654 salutis
1360 1600 1630 1660 conferat,
1663 1615 1765 1654 nec
1796 1600 1954 1668 quid-

371 1691 503 1764 quid
533 1691 732 1745 malum
763 1698 846 1746 est
881 1689 1063 1760 potius
1101 1697 1436 1743 exsecretur.
1479 1687 1614 1742 Nam
1653 1688 1813 1758 307
1846 1698 1954 1743 ter—

2066 509 2272 578 ἀγαθὸν
2322 509 2578 572 ἐναντίως
2639 508 2720 580 τῷ
2763 509 2974 579 ἀγαθῷ,
3009 509 3152 562 κατά
3193 505 3544 575 δικαιοσύνην
3580 507 3629 558 τὸ

2065 599 2269 668 ἀγαθὸν
2298 599 2379 667 τῷ
2412 597 2600 668 ἀγαθῷ
2627 599 2906 670 παρέχων,
2951 598 3044 652 καί⁸
3081 598 3160 669 τῷ
3187 597 3380 666 φαύλῳ
3406 595 3506 664 τὴν
3527 597 3628 646 επις

2064 687 2255 758 τιμίαν
2305 688 2405 758 τῆς
2465 688 2757 757 τιμωρίας.
2800 688 2937 741 Οὐδὲ
2989 687 3148 740 πάλιν
3179 684 3382 752 ἀγαθὸς
3412 683 3480 737 ἂν
3505 685 3627 748 είηὸ

2060 777 2146 848 τῷ
2193 778 2413 850 πονηρῷ
2445 778 2537 830 τὸν
2575 779 2783 846 ἀγαθὸν
2820 777 3009 849 μισθὸν
3052 778 3144 829 ἐπὶ
3173 776 3252 845 τῷ
3281 775 3428 828 τέλει
3461 774 3628 828 ἀποδι-

2061 869 2206 933 δοὺς,
2239 870 2312 938 μὴ
2341 869 2691 938 μετανοοῦντι
2713 886 2726 900 °
2769 872 2817 922 εἰ
2843 869 2938 923 καὶ
2971 871 3028 922 ἐν
3048 867 3124 938 τῷ
3146 867 3379 936 παρόντι
3402 864 3630 918 ἀνατέλ-

2059 965 2154 1014 λοι
2199 961 2383 1014 αὑτοῦ
2426 963 2534 1014 τὸν
2564 963 2743 1028 ἥλιον
2783 963 2881 1015 ἐπὶ
2926 960 3186 1028 ἀγαθοὺς
3216 960 3314 1011 καὶ
3348 960 3626 1026 φαύλους.

2059 1051 2156 1103 καὶ
2208 1051 2314 1104 τὸν
2352 1053 2530 1105 ὑετὸν
2549 1053 2736 1107 αὐτοῦ
2759 1053 3029 1122 παρέχοι,
3063 1052 3150 1105 διὰ
3170 1053 3231 1104 τὸ
3255 1051 3352 1104 νῦν
3388 1049 3629 1112 aiataiat}.

2061 1159 2194 1204 σιον,
2222 1146 2336 1206 τοῖς
2361 1161 2419 1196 τε
2445 1147 2700 1216 πονηροῖς
2723 1147 2815 1198 καὶ
2839 1144 3062 1212 ἀγαθοῖς
3083 1143 3414 1214 ἀνθρώποις.
3449 1143 3630 1211 ’Δγαθὴ

2058 1233 2167 1305 γὰρ
2186 1235 2366 1287 οὐκέτι
2393 1235 2544 1288 ἔσται
2564 1237 2746 1304 φύσις,
2767 1239 2860 1290 καὶ
2877 1237 3058 1289 δικαία
3075 1236 3167 1288 τοῦ
3190 1235 3266 1304 τῷ
3289 1234 3518 1304 πονηρῷ
3551 1253 3629 1302 μι-

2061 1327 2184 1379 σθὸν
2215 1329 2270 1379 ὲν
2304 1326 2380 1397 τῷ
2417 1328 2663 1398 μέλλοντι
2686 1329 2840 1382 αίῶνι
2871 1329 3140 1399 σωτηρίας
3164 1327 3526 1397 παρέχοντος,
3549 1327 3631 1379 καὶ

2056 1417 2116 1470 οὑ
2155 1417 2356 1488 μᾶλλον
2404 1420 2691 1488 μισοῦντες
2735 1420 2796 1472 τὸ
2828 1420 3064 1490 πονηρὸν
3103 1421 3195 1472 καὶ
3230 1419 3464 1488 φαῦλον.
3504 1418 3558 1471 ’0
3581 1419 3632 1471 ἃ

2055 1509 2236 1578 τρίτος
2264 1511 2650 1581 εὑρισκόμενος
2683 1514 2811 1583 παρ’
2838 1511 2985 1581 αὑτῷ
3029 1512 3285 1582 πονηρὸς,
3320 1512 3370 1562 εἰ
3405 1511 3520 1580 ἔχει
3546 1510 3632 1580 τὴν

2057 1600 2307 1667 ἐξουσίαν
2335 1603 2402 1655 τὰ
2441 1621 2574 1672 πονη
2588 1604 2653 1673 ρὰ
2684 1603 3035 1675 ἐργάζεσθαι,
3064 1603 3156 1656 xal.
3187 1602 3513 1672 κατισχύειν
3535 1602 3630 1654 τῶν

2058 1693 2114 1743 ὲν
2167 1691 2246 1761 τῷ
2303 1693 2515 1763 κόσμῳ.
2548 1695 2582 1764 ἢ
2612 1693 2721 1746 τῶν
2750 1693 2958 1747 ἄνωθεν
2988 1693 3231 1759 ἀγαθῶν,
3279 1694 3315 1761 ἧ
3348 1694 3446 1744 τοῦ
3478 1692 3630 1761 μέσον

373 1783 487 1836 tius
537 1781 648 1848 ille,
697 1780 791 1852 qui
840 1796 868 1834 a
919 1779 1196 1834 Marcione
1231 1779 1451 1848 ponitur
1491 1779 1690 1844 malus,
1733 1780 1777 1834 si
1815 1779 1922 1831 mal

2074 1783 2284 1842 ῐικαίου,
2316 1782 2671 1853 εὑρεθήσεται
2705 1785 3051 1854 ίσχυρότερος
3073 1779 3228 1845 οὗτος
3253 1782 3351 1834 δύο
3383 1781 3631 1835 θεῶντὶπ

376 1873 572 1943 agendi
610 1879 881 1942 potestate
936 1871 1197 1942 przcditus
1249 1881 1351 1934 est,
1403 1877 1568 1940 atque
1618 1886 1711 1925 eos
1761 1871 1852 1940 qui
1899 1870 1951 1924 in

373 1963 580 2020 mundo
609 1973 757 2028 sunt,
803 1970 896 2016 aut
929 1979 959 2016 e
989 1964 1134 2017 cmlo
1171 1962 1380 2032 delapsi
1431 1972 1578 2027 sunt,
1633 1963 1828 2028 bonos,
1860 1971 1953 2016 aut

371 2057 707 2111 mediocrem
737 2054 946 2125 justum
984 2069 1299 2124 expugnare
1339 2061 1536 2122 potest,
1578 2055 1794 2110 duobus
1826 2058 1953 2109 reli-

369 2149 496 2218 quis
530 2146 636 2202 diis
672 2145 775 2200 erit
814 2144 1104 2216 potentior,
1143 2144 1346 2214 quippe
1380 2145 1474 2214 qui
1507 2145 1683 2199 aliena
1715 2160 1810 2214 per
1841 2145 1948 2198 vim

368 2237 541 2306 possit
571 2236 800 2305 eripere.
835 2235 924 2288 Isti
970 2249 1117 2296 vero,
1161 2235 1207 2288 si
1252 2251 1378 2289 cum
1415 2235 1508 2288 illo
1539 2245 1946 2304 comparentur,

2055 1874 2204 1944 παρὰ
2249 1875 2535 1945 Μαρκίωνι
2579 1876 2925 1943 λεγομένων
2966 1874 3152 1942 ἐπειδὴ
3196 1873 3508 1938 ἐξουσιάζει
3550 1875 3631 1943 ἀρ-

2055 1967 2245 2029 πάζειν
2273 1965 2342 2018 τὰ
2382 1965 2658 2037 ἀλλότρια.
2698 1968 2807 2020 Καὶ
2838 1967 3088 2036 ἀδρανεῖς
3118 1965 3305 2018 λοιπὸν
3325 1965 3630 2034 καταψηφι-

2053 2054 2340 2124 σθήσονται
2371 2056 2418 2107 οί
2454 2053 2547 2107 δύο
2577 2055 2727 2127 παρὰ
2770 2055 2863 2107 τὸν
2887 2055 2982 2107 ’ἐνα
3019 2053 3277 2123 πονηρὸν,
3305 2054 3358 2105 ot
3387 2054 3465 2122 μὴ
3484 2053 3632 2105 δυνά-

2053 2163 2202 2216 μενοι
2258 2145 2525 2216 ἀντέχειν,
2577 2147 2672 2200 καὶ
2719 2144 2944 2216 ῥύεσθαι
2988 2145 3098 2198 ἀπὸ
3148 2144 3244 2197 τοὺ
3293 2142 3630 2214 ἁρπάζοντος

2048 2235 2115 2287 τὰ
2158 2235 2338 2288 αὑτῶν
2361 2236 2510 2298 ὄντα,
2539 2237 2631 2288 καὶ
2659 2238 2737 2299 εἰς
2769 2236 3035 2306 πονηρίαν
3064 2235 3502 2306 μετασάλλοντος

367 2330 549 2400 ignavi
578 2337 632 2385 et
662 2329 1224 2385 imbecilles'habendi
1256 2338 1384 2384 sunt
1414 2349 1426 2384 :
1463 2330 1554 2400 qui
1591 2330 1808 2400 quidem
1846 2332 2105 2386 resistere
2159 2339 2452 2400 nequeant,
2511 2345 2718 2402 suaque
2772 2332 2842 2386 ab
2871 2332 3038 2397 illius,
3081 2331 3175 2400 qui
3221 2345 3287 2386 ea
3335 2331 3547 2401 rapiat,
3583 2341 3631 2386 et

366 2422 532 2478 insita
574 2422 676 2477 sibi
706 2423 972 2492 pravitate
997 2433 1333 2492 corrumpat,
1368 2421 1569 2490 injuria
1600 2421 1903 2476 vindicare.

437 2511 552 2567 νη.
588 2511 788 2568 Verum
820 2521 878 2566 ut
911 2513 1144 2583 improbi
1175 2513 1466 2568 nebulonis
1493 2513 1684 2567 inanes
1719 2527 1783 2567 ac
1812 2513 1946 2566 ridi-

365 2608 520 2664 culas
550 2609 760 2664 rabidas
790 2609 962 2678 magis
990 2609 1273 2679 magisque
1297 2609 1632 2674 refellamus,
1661 2609 1765 2663 alia
1797 2607 1941 2663 istud

363 2703 577 2758 ratione
599 2702 1061 2756 considerandum
1089 2711 1192 2756 est.
1219 2701 1431 2756 Etenim
1462 2701 1508 2756 si
1532 2703 1706 2756 malus
1731 2702 1822 2756 ille
1849 2717 1942 2771 pc—

362 2795 512 2850 nitus
548 2795 723 2848 malus
748 2807 852 2860 est,
888 2803 942 2849 et
981 2810 1008 2847 a
1046 2795 1190 2848 bono
1235 2793 1593 2848 nihilominus
1640 2794 1810 2848 honos
1843 2808 1941 2847 au-

363 2886 524 2950 ferat,
563 2887 742 2956 justos
785 2903 815 2940 a
871 2887 1045 2956 justo,
1081 2885 1228 2940 solos
1263 2885 1347 2940 sui
1394 2886 1601 2940 similes
1646 2886 1942 2954 relinquat,

363 2980 552 3048 utique
579 2979 755 3033 malus
784 2993 906 3032 esse
937 2976 1173 3038 desinet,
1209 2976 1300 3045 qui
1343 2977 1521 3030 malus
1560 2975 1783 3039 dicitur,
1818 2992 1941 3030 cum

2128 2503 2200 2558 Z'.
2230 2506 2440 2570 ’Ἄλλως
2465 2507 2518 2560 δὲ
2550 2507 2710 2562 πάλιν
2739 2510 3041 2579 νοήσωμεν,
3069 2508 3155 2561 ἵνα
3180 2509 3282 2580 τὴν
3322 2509 3525 2579 χλεύην
3546 2508 3630 2562 τοῦ

2054 2597 2293 2668 ἀγύρτου
2335 2599 2679 2669 φωράσωμεν
2720 2599 2821 2669 τῆς
2879 2599 3380 2671 ματαιοφροσύνης.
3435 2603 3496 2654 Ei
3531 2602 3631 2672 γὰρ

2051 2688 2186 2751 ὅλως
2226 2691 2254 2740 6
2290 2689 2524 2760 πονηρὸς
2575 2690 2829 2761 ὑπάρχει,
2874 2692 3110 2761 ἁρπάζει
3145 2692 3202 2751 δὲ
3244 2694 3374 2752 τοὺς
3403 2693 3632 2760 ἀγαθοὺς

2051 2781 2162 2833 ἀπὸ
2205 2779 2298 2832 τοῦ
2335 2781 2564 2848 ἀγαθοῦ,
2598 2783 2692 2834 καὶ
2721 2783 2846 2845 τοὺς
2868 2783 3111 2846 δικαίους
3144 2783 3251 2836 ἀπὸ
3277 2785 3377 2837 τοῦ
3405 2785 3628 2846 δικαίου,

2056 2871 2216 2935 ἰδίους
2239 2872 2295 2924 δὲ
2318 2873 2418 2943 οὑχ
2442 2871 2676 2943 ἁρπάζει
2703 2873 2894 2943 μόνους
2916 2891 2932 2905 ο
2958 2874 3316 2945 εὑρεθήσεται
3348 2875 3378 2926 6
3405 2876 3631 2946 πονηρὸς

2049 2963 2234 3016 οὑκέτι
2273 2963 2525 3034 πονηρὸς,
2565 2965 2674 3016 τῶν
2719 2964 2939 3032 ἀγαθῶν
2969 2965 3320 3036 ὀρεγόμενος,
3383 2969 3483 3020 καὶ
3522 2970 3632 3019 tm-

361 3070 630 3124 honorum
667 3067 942 3123 desiderio
978 3075 1248 3130 teneatur,
1284 3067 1616 3137 eosdemque
1645 3067 1748 3122 sibi
1786 3083 1924 3138 quas

2074 3053 2404 3124 ῑικαζόμενος
2459 3054 2536 3117 ὼς
2605 3053 2912 3124 βελτιόνων.
2961 3055 3024 3108 El
3074 3056 3131 3109 δὲ
3164 3056 3258 3108 καὶ
3299 3059 3432 3120 τοὺς
3480 3056 3631 3118 ἰδίους

363 3163 620 3216 meliores
658 3174 909 3215 asserere
945 3159 1186 3214 studeat.
1234 3157 1331 3212 Sin
1364 3157 1430 3212 de
1459 3157 1577 3213 suis
1606 3172 1825 3227 quoque
1857 3157 1946 3225 ju-

363 3253 571 3306 dicium
614 3251 888 3314 instituat,
940 3250 1011 3304 ab
1057 3250 1234 3319 iisque
1281 3248 1374 3317 qui
1418 3247 1678 3318 injuriam
1722 3248 1947 3303 fecerint

363 3360 556 3418 pcenas
588 3346 786 3416 exigat,
816 3360 924 3399 non
953 3344 1066 3414 jam
1107 3345 1286 3399 malus
1318 3345 1426 3398 erit
1456 3352 1645 3414 utpote
1675 3345 1945 3398 malorum

356 3438 527 3508 judex
565 3457 577 3492 :
613 3446 776 3506 atque
823 3437 928 3490 hoc
973 3436 1139 3490 modo
1191 3444 1305 3490 tota
1355 3435 1504 3490 illius
1551 3436 1801 3490 doctrina
1849 3450 1946 3506 per

363 3541 483 3582 sese
533 3527 750 3595 penitus
799 3525 1067 3581 labefacta
1113 3525 1386 3582 concidet.
1430 3525 1583 3582 Nunc
1621 3525 1753 3581 illud
1785 3527 1944 3581 velim

364 3618 498 3673 mihi
540 3617 898 3688 respondeas,
941 3617 1086 3673 unde
1123 3620 1225 3671 tria
1263 3619 1352 3672 illa
1394 3618 1664 3689 principia
1705 3618 1944 3689 idipsum

364 3708 510 3777 quod
541 3718 668 3762 sunt
695 3708 1032 3762 obtinuerint
1058 3727 1068 3760 :
1097 3717 1191 3761 aut
1215 3710 1338 3777 quis
1366 3709 1576 3779 singula
1603 3708 1717 3762 suis
1747 3707 1947 3764 ﬁnibus

367 3816 432 3855 ac
461 3801 780 3872 regionibus
809 3799 1184 3869 descripserit.
1213 3799 1345 3855 Nam
1371 3799 1414 3856 si
1455 3800 1680 3855 deorum
1722 3801 1946 3871 quilibet

365 3909 468 3948 suo
507 3893 629 3947 loco
668 3893 946 3959 delinitur,
988 3910 1097 3948 non
1149 3894 1382 3963 amplius
1416 3892 1656 3963 perfecta
1706 3893 1796 3947 illa
1841 3895 1944 3948 tria

365 3994 680 4048 censentur,
702 4001 823 4054 qua:
845 3987 1014 4040 certis
1044 3986 1439 4056 comprehensa
1467 3994 1591 4040 sunt
1618 4001 1681 4040 ac
1715 3987 1952 4040 circum-

363 4076 568 4146 scripta
611 4077 805 4146 spatiis
839 4094 852 4130 :
886 4086 1078 4146 estque
1124 4078 1361 4146 idipsum
1409 4076 1556 4147 quod
1599 4078 1842 4130 continet
1881 4093 1945 4132 c0

364 4169 506 4238 quod
533 4170 844 4224 continetur
861 4170 1069 4238 majus;
1093 4170 1429 4238 nequequod
1450 4169 1716 4237 ejusmodi
1738 4170 1943 4224 ambitu

362 4261 621 4329 cingitur,
671 4260 764 4314 Dei
809 4259 1229 4330 appellationem
1269 4268 1530 4322 meretur,
1575 4258 1670 4314 sed
1705 4260 1941 4328 spatium

363 4349 497 4404 illud
517 4352 723 4420 utique,
750 4366 859 4420 quo
892 4352 1008 4407 suis
1037 4353 1214 4422 ipsum
1249 4349 1515 4404 limitibus
1538 4350 1938 4418 complectitur.

359 4443 427 4496 At
445 4447 587 4498 enim
612 4459 734 4498 cum
757 4445 808 4498 in
839 4461 1004 4500 unum
1031 4443 1554 4512 coiissent,separati
1575 4452 1760 4512 postea
1783 4443 1940 4498 sedes

358 4551 488 4590 suas
520 4546 885 4606 occuparunt,
920 4553 982 4590 ac
1007 4538 1226 4608 prOpria
1260 4525 1502 4606 quisque
1526 4541 1818 4590 contentus
1844 4550 1941 4590 ne-

357 4641 632 4695 quaquam
692 4627 897 4680 iuvadit
950 4629 1002 4680 in
1054 4629 1308 4689 alterum,
1369 4634 1462 4678 aut
1521 4625 1938 4696 impressionem

358 4715 508 4768 facit.
553 4715 722 4786 Igitur
766 4732 876 4770 non
926 4716 1162 4786 amplius
1196 4714 1473 4768 contraria
1511 4713 1745 4768 invicem
1779 4719 1941 4767 erunt

359 4805 450 4858 illa
485 4808 777 4877 principia,
809 4823 908 4861 nec
939 4807 1108 4860 ullum
1157 4821 1279 4862 esse
1324 4804 1523 4858 malum
1561 4806 1780 4875 poterit,
1812 4820 1937 4859 cum

358 4910 488 4947 suas
522 4910 610 4950 res
637 4895 866 4951 comiter
891 4913 956 4951 ex
989 4910 1146 4966 aequo
1173 4896 1428 4966 bonoque
1468 4909 1532 4949 ac
1561 4910 1774 4949 summa
1799 4909 1937 4948 con-

359 4981 557 5033 stantia
595 4982 929 5047 moderetur,
991 5000 1092 5038 nec
1126 4984 1267 5037 ultra
1295 4983 1546 5055 progredi
1573 4999 1733 5054 quam
1761 4982 1842 5039 fas
1865 4984 1938 5039 sit

357 5078 595 5140 appetat.
638 5071 744 5126 Sed
789 5073 833 5128 si
877 5076 1052 5129 malus
1085 5089 1114 5127 a
1151 5089 1409 5145 supremo
1438 5074 1700 5140 vincitur,
1730 5090 1794 5129 ac
1817 5075 1935 5130 vio-

359 5160 534 5214 Ienter
562 5163 925 5232 Opprimitur;
977 5181 1101 5218 cum
1143 5174 1196 5220 et
1230 5166 1298 5221 ab
1337 5181 1403 5222 eo
1441 5157 1725 5236 sejunctus
1757 5166 1849 5232 sit,
1881 5175 1936 5222 et

357 5252 634 5322 propriam
660 5255 844 5308 sedem
873 5255 1137 5324 obtineat,
1169 5272 1289 5326 quae
1320 5258 1444 5312 boni
1477 5259 1624 5314 illius
1656 5273 1719 5313 ac
1750 5273 1936 5328 supre-

358 5341 432 5394 mi
482 5343 616 5397 ni‘i'
666 5345 904 5411 intersit,
955 5363 1134 5418 neque
1175 5349 1472 5421 quidquam
1514 5351 1569 5407 in
1613 5366 1675 5406 ea
1715 5367 1835 5423 qute
1877 5352 1931 5406 in

2051 3146 2246 3216 κρίνει,
2273 3146 2542 3217 τιμωρίαν
2554 3146 2610 3199 δὲ
2630 3147 2758 3209 τοὺς
2780 3147 3146 3217 ἀδικήσαντας
3161 3149 3416 3201 ἀπαιτεῖο
3451 3147 3630 3201 οὐκέτι

2049 3237 2284 3308 πονηρὸς
2337 3237 2490 3290 ἔσται
2531 3239 2559 3290 6
2600 3237 2852 3308 πονηρῶν
2893 3238 3154 3310 δικαστὴς
3193 3239 3498 3310 ὑπάρχωνο
3544 3243 3630 3294 καὶ

2047 3329 2400 3400 εὑρεθήσεται
2450 3328 2592 3382 κατά
2639 3329 2816 3382 πάντα
2865 3329 3064 3400 τρόπον
3095 3331 3129 3400 ἡ
3165 3329 3334 3382 αὑτοῦ
3376 3329 3632 3394 ὑπόθεσις

2049 3419 2248 3489 ἑαυτὴν
2283 3419 2683 3490 ἀνατρέπουσα.
2715 3420 2890 3474 Πόθεν
2929 3420 2984 3474 δὲ
3013 3420 3267 3491 εἰλήφασι
3300 3421 3366 3473 τὺ
3402 3416 3549 3475 εἶναι
3577 3422 3631 3476 ai

2048 3514 2194 3580 τρεῖς
2246 3512 2432 3582 ἀρχαὶ,
2483 3512 2646 3565 πάλιν
2687 3512 2813 3580 λέγε
2837 3529 2854 3543 ⁸
2892 3513 2978 3576 τίς
3007 3513 3063 3566 δὲ
3091 3513 3120 3564 6
3146 3513 3374 3576 ταύταις
3405 3515 3629 3586 ὁρισμὸν

2049 3598 2487 3668 συστησάμενος;
2529 3601 2589 3652 Εἰ
2617 3600 2716 3670 μὲν
2741 3603 2855 3673 ’γὰρ
2883 3601 3112 3664 ἕκαστος
3137 3601 3196 3653 ὲν
3227 3601 3307 3672 τῷ
3340 3603 3461 3673 ἰδίῳ
3489 3606 3626 3673 τόπῳ

2048 3687 2444 3760 περιορίζεται,
2473 3691 2656 3744 οὐκέτι
2673 3691 2851 3744 τέλεια
2883 3691 2954 3745 τά
2982 3693 3108 3763 τρία
3139 3692 3502 3763 εὑρεθήσεται
3527 3697 3620 3764 δρι-

2050 3779 2274 3850 ζόμενος
2303 3781 2321 3812 ⁸
2370 3781 2429 3834 ἐν
2470 3799 2579 3835 τισι
2619 3785 2987 3853 περιεκτικοῖς
3023 3782 3207 3846 τόποις
3228 3799 3242 3815 ·
3270 3784 3624 3855 εὑρεθήσεται

2045 3871 2102 3924 δὲ
2146 3872 2205 3924 τὸ
2268 3873 2615 3945 περιεκτικὸν
2677 3874 2864 3944 μεῖζον
2905 3872 2999 3927 τοῦ
3060 3875 3496 3946 περιεχομένου·
3544 3878 3623 3928 καὶ

2047 3963 2230 4016 οὐκέτι
2249 3963 2308 4017 τὸ
2342 3965 2734 4036 περιεχόμενον
2749 3963 2882 4028 Θεὸς
2910 3965 2977 4018 ἂν
2998 3965 3246 4037 κληθείη,
3271 3967 3413 4019 ἀλλά
3440 3968 3622 4037 stillet

2056 4058 2088 4128 ἡ
2120 4058 2442 4129 περιεκτικὴ
2465 4057 2734 4130 ὁροθεσία.
2769 4059 2830 4111 Εἰ
2856 4058 2912 4112 δὲ
2943 4059 3036 4112 καὶ
3059 4061 3139 4122 εἰς
3161 4060 3364 4113 ταυτὸν
3387 4061 3622 4132 ἀλλήλοις

2048 4150 2328 4221 γενόμενοι
2383 4150 2614 4213 ἕκαστος
2645 4149 2786 4204 κατά
2839 4150 3007 4204 δίεσιν
3048 4151 3138 4204 τὸν
3179 4151 3313 4206 ῖδιον
3346 4153 3619 4224 ὲκληρὼθτ

2046 4241 2230 4304 τόπον,
2277 4241 2372 4295 καὶ
2420 4242 2670 4306 ἕκαστος,
2711 4243 2769 4294 ἐν
2819 4241 2898 4311 τῷ
2930 4241 3044 4313 ἰδίῳ
3087 4243 3182 4304 ὢν,
3221 4242 3300 4312 τῷ
3331 4243 3506 4316 ἑτέρῳ
3533 4244 3624 4296 οὑκ

2051 4331 2377 4403 ἐντρίϐεται.
2430 4333 2549 4386 οὑδὲ
2592 4331 2915 4404 ἐπέρχεται·
2951 4333 3135 4385 οὐκέτι
3165 4333 3223 4386 αἰ
3257 4334 3430 4404 ἀρχαὶ
3467 4334 3623 4400 ἀλλή-

2049 4423 2169 4486 λαις
2210 4423 2476 4488 ὲναντίαι,
2529 4423 2650 4476 οὐδέ
2696 4441 2780 4486 τις
2817 4423 2995 4477 αὐτῶν
3039 4424 3218 4494 φαύλη
3253 4425 3622 4496 εὑρεθήσεται,

2045 4512 2133 4566 διὰ
2179 4513 2240 4565 τὸ
2279 4513 2422 4567 κατά
2459 4513 2518 4566 τὸ
2565 4513 2794 4578 δίκαιον,
2853 4515 2946 4567 καὶ
2974 4514 3197 4586 ἥσυχον,
3229 4517 3326 4568 καὶ
3372 4516 3624 4578 εὐσταθὲς

2046 4605 2154 4660 τῶν
2206 4606 2348 4659 ἰδίων
2400 4606 2772 4676 ἐπιμέλεσθαι,
2809 4607 2903 4661 καὶ
2948 4607 3022 4678 μὴ
3064 4607 3382 4678 περαιτέρω
3430 4609 3623 4678 βαίνειν

2048 4698 2494 4770 ἐπιϐαλλόμενον.
2546 4701 2608 4752 Εἰ
2665 4699 2723 4752 δὲ
2751 4701 2780 4752 6
2815 4700 2914 4771 μὲν
2965 4700 3200 4771 πονηρὸς
3233 4701 3341 4754 ὑπὸ
3388 4701 3482 4754 τοῦ
3519 4701 3624 4754 ἀνω

2048 4789 2421 4860 κατισχύεται,
2473 4790 2568 4844 καὶ
2595 4789 2859 4860 βιάζεται,
2897 4791 2990 4844 καὶ
3022 4793 3409 4846 καταπονεῖται
3456 4808 3620 4862 μεμε-

2049 4879 2302 4951 ρισμένος
2349 4879 2447 4946 ὢν,
2487 4879 2582 4934 καὶ
2630 4882 2688 4933 ὲν
2721 4879 2834 4950 ἰδίῳ
2861 4879 3012 4950 τόπῳ
3045 4879 3329 4950 ὑπάρχων,
3365 4872 3428 4934 οὗ
3461 4882 3618 4934 τόπου

2043 4972 2121 5043 τῷ
2178 4972 2290 5026 ἄνω
2347 4971 2538 5042 ἀγαθῷ
2588 4971 2736 5025 οὐδὲν
2765 4973 3054 5042 προσήκει,
3093 4972 3215 5026 οὑδέ
3249 4990 3304 5026 τι
3341 4973 3433 5027 ὑπ’
3459 4971 3620 5028 αὑτοὺ

2043 5063 2340 5135 κεκτῆσθαι
2403 5062 2513 5116 τῶν
2567 5061 2802 5117 ἐνταῦθα
2849 5049 2993 5132 λέγω
3036 5065 3094 5116 ἐν
3123 5063 3203 5134 τῷ
3241 5064 3337 5118 τοῦ
3389 5063 3616 5134 πονηροῦ

2041 5153 2226 5224 τόπῳ·
2270 5152 2738 5225 τυραννικώτερος
2782 5152 2980 5224 μᾶλλον
3021 5153 3377 5226 εὑρεθήσεται
3431 5157 3456 5208 ὁ
3492 5157 3615 5215 ἀνω,

2042 5247 2134 5298 καὶ
2158 5243 2340 5297 οὐκέτι
2357 5243 2580 5314 ἀγαθὸς,
2597 5244 2685 5298 τὸν
2702 5245 2830 5298 ἴδιον
2851 5245 2999 5313 Υίὸν,
3017 5245 3192 5300 εῖτουν
3212 5246 3468 5317 Χριστὸν,
3500 5249 3618 5298 ἀπο-

2044 5336 2281 5401 οτιίλας,
2308 5337 2396 5390 ἵνα
2418 5335 2488 5390 τὰ
2507 5335 2760 5408 ἀλλότρια
2798 5335 2954 5409 λάὄῃ.

357 5437 485 5492 mali
521 5439 808 5496 domicilio
839 5451 987 5510 sunt,
1013 5443 1158 5514 juris
1192 5444 1410 5514 habeat,
1474 5449 1777 5519 tyrannicis
1836 5451 2011 5524 magis
2049 5451 2155 5508 erit
2179 5453 2426 5512 moribus
2459 5469 2747 5525 supremus
2783 5453 2876 5510 ille
2913 5452 3249 5524 minimeque
3288 5452 3487 5514 bonus,
3530 5448 3612 5518 qui

352 5529 551 5588 Filium
578 5550 762 5602 suum,
791 5552 984 5608 nempe
1009 5536 1286 5593 Christum
1313 5539 1610 5607 miserit,ut
1647 5544 2137 5614 usurparetaliena.

425 5729 446 5764 ⁸
479 5729 668 5789 Matth.
699 5753 749 5803 ν,
784 5737 866 5793 £5.
947 5741 964 5772 ¹
997 5739 1059 5795 F.
1096 5738 1407 5814 ὁριζόμενα.
