3768 6182
137 198 258 258 705

816 195 1180 254 ADVERSUS
1216 195 1556 252 HERESES
1584 196 1714 252 LIB.
1755 198 1797 253 Ι.
1838 196 2005 254 Ἰ“ΟΜ.
2045 195 2222 252 lll.—-
2258 193 2536 252 IUERES.
2581 195 2739 250 XLII.

3281 202 3386 254 700

212 313 324 366 Kal.
349 313 453 367 ποῦ
485 313 514 366 6
541 313 666 384 ὅρος
707 311 736 365 6
763 311 1014 385 διορίζων
1055 312 1156 377 τάς
1194 315 1343 384 τρεῖς
1374 313 1547 386 ἀρχὰς
1576 313 1716 368 κατά

1905 315 2050 385 308
2094 312 2214 378 Quo
2257 312 2474 380 quidem
2522 313 2842 376 constituto,
2878 297 2970 367 ubi
2998 312 3088 368 ille
3119 314 3386 373 terminub
3409 375 3422 390 ο

138 406 232 460 τὸν
265 404 358 458 τοῦ
390 405 626 475 ἀγύρτου
664 405 764 474 τῆς
788 403 1094 468 ὑποθέσεως
1119 404 1309 473 λόγον;
1339 406 1710 477 Ζητηθήσεται

146 494 252 565 γὰρ
291 493 548 563 τέταρτος
569 509 653 556 τις
689 492 1112 557 ἐπιεικέστατος,
1156 494 1252 548 καὶ
1279 493 1388 547 τῶν
1413 493 1580 564 τριῶν
1623 511 1712 548 σο-

139 583 407 656 φώτερος,
432 581 779 654 ὁριογνὼμων
799 585 968 637 τεκαὶ
982 586 1319 656 ἐπιστήμων,
1352 584 1410 647 ὃς
1441 586 1511 638 τά
1540 585 1714 655 μέτρα

127 666 362 746 ἓκάστῳ
418 676 654 745 διένειμέ
709 694 767 728 τε
802 679 894 731 καὶ
929 679 1056 742 τοὺς
1097 680 1247 748 τρεῖς
1277 678 1709 748 είρηνοποίησεν.

140 767 209 818 Εἰ
238 766 297 819 δὲ
347 766 420 836 μὴ
451 768 465 796 ⁸
499 767 848 820 στασιάσαιεν
891 769 1026 839 πρὸς
1072 768 1355 838 ἀλλήλους,
1393 769 1525 838 μηδὲ
1548 767 1714 831 είςτά

136 855 308 907 ἄλλου
331 856 488 917 ἀλλος
536 856 872 910 ἀποστέλλει.
905 858 1012 910 Kal.
1045 851 1196 920 οὗτος
1229 858 1352 928 μὲν,
1393 857 1584 920 πείσας
1617 856 1713 920 τάς
1755 903 1760 908 .

138 948 296 1015 τρεῖς
346 945 540 1016 ἀρχὰς,
583 946 934 1018 εὑρεθήσεται
972 948 1229 1020 τέταρτος
1261 950 1354 1000 καὶ
1388 946 1712 1018 σοφώτερος,

137 1035 239 1087 καὶ
271 1036 672 1108 ἐπιεικέστερος
692 1053 705 1068 ⁸
742 1037 836 1090 καὶ
860 1037 1021 1100 αὐτὸς
1053 1037 1110 1089 δὲ
1152 1039 1208 1090 ὲν
1237 1037 1350 1106 ἰδίῳ
1382 1037 1531 1106 τόπῳ
1556 1036 1714 1089 πάλιν

137 1122 553 1193 ζητηθήσεται,
589 1125 680 1192 ἀφ’
716 1119 884 1196 οὗπερ
908 1127 986 1188 είς
1019 1125 1179 1195 μέσον
1230 1121 1358 1195 ἦλθε
1387 1125 1495 1178 τῶν
1525 1125 1710 1195 τριῶν,

136 1215 240 1266 καὶ
284 1215 496 1284 ἑκάστῳ
541 1215 604 1268 τὸ
657 1215 819 1287 μέρος
870 1215 1050 1284 σοφῶς
1099 1213 1367 1286 διώρισεν,
1399 1216 1486 1269 ἵνα
1525 1216 1598 1287 μὴ
1636 1218 1714 1279 είς

135 1306 408 1377 ἀλλήλους
454 1307 704 1360 ἀδικοῖεν.
742 1309 803 1360 El
845 1307 901 1360 δὲ
957 1310 1013 1360 ὲν
1037 1310 1148 1370 τοῖς
1179 1307 1272 1360 τοῦ
1304 1308 1441 1371 ἑνὸς,
1484 1307 1627 1375 λέγω
1650 1307 1714 1377 δὴ

134 1397 242 1450 τοῦ
272 1397 624 1468 δημιουργοῦ,
655 1399 711 1450 αἱ
732 1397 824 1450 δύο
849 1396 1013 1468 ἀρχαί
1042 1397 1176 1450 εἰσιν
1203 1396 1711 1467 ὲμπολιτευόμεναι,

134 1488 169 1539 ὃ
208 1505 266 1540 τε
314 1488 544 1557 πονηρὸς
573 1489 632 1540 ἐν
659 1490 771 1550 τοῖς
800 1486 894 1540 τοῦ
935 1487 1262 1558 δημιουργοῦ
1296 1486 1500 1558 χώραις
1529 1504 1587 1539 τε
1623 1487 1716 1539 καὶ

136 1576 365 1648 χώροις,
425 1577 520 1631 καὶ
569 1579 598 1630 6
651 1577 742 1630 τοῦ
797 1577 998 1646 ἀγαθοῦ
1056 1576 1287 1648 Χριστὸς
1339 1578 1710 1648 ἐπιδημήσαςο

1813 405 1920 459 erit
1948 421 1978 458 a
2011 419 2120 474 quo
2153 419 2220 458 ex
2265 403 2585 472 impostoris
2616 402 2764 457 illius
2811 404 3067 472 opinione
3113 405 3218 458 tria
3258 415 3388 462 sunt

1814 497 1908 552 illa
1957 495 2226 566 principia
2281 495 2570 564 separata?
2623 494 2962 560 Quaerendus
2995 496 3250 550 nimirum
3281 499 3388 552 erit

1815 597 2044 656 quartus
2091 585 2291 654 aliquis
2334 586 2705 654 aequissimus,
2763 600 2826 639 ac
2859 585 3034 640 tribus
3065 587 3384 664 sapientior,

1813 680 1962 734 velut
2002 678 2234 732 limitum
2286 676 2587 746 ﬁniumque
2630 678 2992 747 regendorum
3031 680 3258 745 peritus,
3290 680 3385 748 qui

1817 783 1975 822 suum
2009 767 2208 836 cuique
2238 768 2459 820 modum
2493 767 2763 832 attribuit,
2795 781 2858 821 ac
2884 781 3070 836 pacem
3099 767 3239 820 inter
3263 769 3385 824 illos

1816 855 2102 922 stabilivit,
2157 862 2216 908 ut
2263 871 2332 911 ne
2376 856 2613 926 amplius
2647 872 2678 911 a
2717 872 2777 911 se
2807 864 2996 912 mutuo
3031 856 3384 922 dissiderent,

1816 956 1909 999 aut
1944 948 2083 1000 alter
2119 947 2390 1002 satellites
2422 961 2553 1002 suos
2579 947 2636 1001 in
2667 947 2959 1002 stationem
3007 947 3236 1002 alterius
3284 947 3386 1000 im-

1816 1039 2054 1091 mitteret
2081 1056 2094 1094 :
2119 1047 2282 1108 atque
2308 1039 2398 1093 ille
2423 1037 2642 1107 quidem
2672 1052 2805 1106 pace
2831 1037 2972 1092 inter
2997 1039 3101 1091 tria
3124 1039 3387 1108 principia

1816 1128 2116 1182 constituta
2143 1136 2373 1196 quartus
2404 1129 2798 1191 numerabitur,
2831 1130 3044 1198 caeteris
3071 1131 3386 1199 prudentior

1816 1234 1880 1273 ac
1913 1219 2150 1288 justior;
2182 1227 2237 1274 et
2265 1218 2408 1274 idem
2446 1229 2627 1273 tamen
2667 1218 2782 1286 ipse
2814 1219 3036 1288 proprio
3058 1231 3127 1272 ac
3156 1229 3303 1273 certo
3329 1220 3386 1274 in

1816 1310 1938 1365 loco
1968 1309 2295 1379 quaerendus
2330 1317 2436 1369 est.
2473 1325 2504 1362 a
2534 1324 2644 1379 quo
2673 1310 2839 1362 trium
2887 1308 2942 1361 in
2980 1308 3219 1363 medium
3253 1324 3384 1378 pro-

1816 1415 2039 1470 gressus
2070 1399 2371 1469 unicuique
2399 1408 2608 1469 partem
2639 1415 2793 1452 suam
2835 1399 2970 1453 scite
3001 1413 3063 1453 ac
3087 1399 3260 1469 perite
3286 1399 3388 1453 tri-

1817 1489 2018 1553 buerit,
2058 1504 2126 1543 ne
2157 1495 2347 1542 mutuo
2385 1488 2490 1543 sibi
2537 1487 2794 1557 injuriam
2841 1487 3219 1556 importarent.
3265 1486 3384 1541 Jam

1817 1593 1944 1634 vero
1989 1577 2034 1634 si
2085 1578 2141 1632 in
2187 1577 2350 1632 unius
2396 1584 2526 1646 puta
2573 1577 2839 1632 creatoris
2886 1577 3235 1646 possessione
3277 1576 3388 1630 duo

135 1669 331 1721 οὐκέτι
350 1668 453 1736 ἄρα
483 1669 673 1740 κριτὴς
690 1669 784 1721 καὶ
807 1669 1133 1740 δημιουργὸς
1158 1668 1310 1740 μόνον
1339 1669 1711 1740 εὑρεθήσεται,

1905 1665 2083 1733 ncipia
2113 1673 2440 1730 versentur;
2476 1665 2651 1719 malus
2685 1666 2967 1728 nimirum,
3008 1665 3099 1734 qui
3136 1666 3188 1718 in
3221 1665 3386 1734 hujus

136 1760 284 1814 ἀλλά
341 1761 433 1812 καὶ
484 1760 708 1827 ἀγαθὸς,
757 1760 1051 1830 συγχωρῶν
1082 1762 1194 1822 τοῖς
1222 1759 1372 1812 δυσὶν
1397 1762 1476 1823 είς
1503 1758 1573 1811 τά
1608 1759 1714 1813 ἴδια

139 1852 326 1902 ποιεῖν
357 1849 385 1900 ὃ
427 1847 730 1917 βούλονται·
765 1847 796 1916 ἢ
841 1847 1074 1918 ἀδρανὴς
1105 1847 1479 1917 εὑρεθήσεται,
1519 1848 1612 1899 καὶ
1641 1846 1716 1918 μὴ

141 1939 352 2010 ἰσχύων
385 1937 622 1992 κωλῦσαι
656 1937 762 1990 τῶν
794 1937 935 1990 ίδίων
954 1939 1076 2000 τοὺς
1100 1936 1408 2007 ἀλλοτρίους
1439 1937 1711 2008 ἅρπαγας.

137 2035 211 2087 El
227 2034 284 2086 δὲ
314 2034 406 2086 καὶ
428 2033 610 2102 ἥσσων
628 2033 692 2101 τῇ
720 2030 943 2100 δυνάμει
967 2030 1134 2092 ἐστὶν,
1155 2030 1335 2082 οὐκέτι
1363 2029 1714 2100 εὑρεθήσεται

137 2127 179 2195 ἡ
229 2123 558 2194 δημιουργία
625 2119 970 2172 συνεστῶσαο
1019 2118 1132 2172 ἀλλ’
1191 2117 1434 2182 ἐξέλιπεν
1484 2117 1716 2170 ἔκπαλαι

142 2212 577 2285 ἀναρπαξομένη
629 2210 750 2263 καθ’
813 2209 1045 2280 ἑκάστην
1096 2209 1309 2278 ἡμέραν
1358 2208 1461 2260 ὑπό
1506 2225 1564 2260 τε
1621 2205 1714 2260 τοῦ

141 2302 391 2373 πονηροῦ
434 2303 513 2364 είς
543 2300 604 2352 τὸ
647 2299 776 2351 ίδιον
807 2298 996 2369 μέρος,
1027 2297 1121 2349 καὶ
1149 2296 1253 2349 ὑπὸ
1275 2295 1367 2349 τοῦ
1404 2295 1607 2362 ἀγαθοῦ
1638 2297 1714 2358 είς

140 2393 217 2446 τά
247 2393 534 2446 ἄνω.“’Καὶ
579 2388 681 2442 ποῦ
711 2388 790 2441 ἔτι
816 2391 849 2458 η
883 2385 1214 2457 δημιουργία
1265 2382 1619 2456 σταθήσεται,
1655 2387 1716 2437 El

133 2483 206 2537 δὲ
235 2484 320 2536 ὅτι
351 2483 528 2553 χρόνῳ
557 2479 729 2550 λήξει,
752 2479 951 2547 λέγεις,
987 2479 1079 2530 καὶ
1105 2477 1330 2530 δυνατὸν
1358 2475 1558 2546 ταύτην
1582 2476 1716 2538 ὅλως

141 2573 338 2644 λήγειν
365 2572 450 2624 διὰ
509 2572 606 2641 τῆς
648 2569 738 2622 τοῦ
781 2568 984 2637 ἀγαθοῦ
1031 2566 1377 2636 ὲπιμελείας’
1441 2566 1632 2618 οὐκοῦν
1690 2567 1718 2618 6

140 2665 356 2733 ἀγαθὸς
382 2664 551 2726 αίτιος
573 2663 669 2732 τῆς
701 2659 904 2731 βλάϐης
926 2658 1079 2712 ἔσται
1109 2659 1137 2710 6
1161 2657 1234 2728 μὴ
1261 2657 1427 2710 πάλαι
1460 2658 1715 2726 ποιήσας,

137 2759 286 2825 ὅπερ
341 2757 562 2825 ὓστερον
624 2753 825 2822 ἀγαθὸν
877 2751 1053 2818 ἔδοξεν
1107 2749 1391 2813 ἐπιτελεῖν,
1431 2749 1567 2819 μήτε
1613 2747 1717 2818 μὴν

140 2845 468 2914 πεποιηκὼς
514 2845 622 2898 ἀπὸ
658 2843 765 2896 τῶν
819 2843 1102 2905 ἀνέκαθεν,
1131 2843 1315 2912 πρὶνῆ
1350 2842 1476 2902 τοὺς
1504 2841 1719 2904 πλείους

141 2934 494 3004 ἀδικηθῆναι,
548 2934 642 2986 καὶ
704 2931 986 3000 ἐγκαθέξει
1032 2933 1052 2962 ¹
1108 2932 1304 2994 αὐτοὺς
1341 2929 1591 2999 γενέσθαι
1625 2927 1715 2981 τοῦ

141 3023 364 3094 κριτοῦ,
401 3023 495 3076 καὶ
525 3023 672 3076 κάτω
711 3020 1092 3098 μεμενηκέναι.

1816 1753 2135 1824 regionibus
2163 1753 2407 1822 locisque
2440 1753 2695 1818 resideat,
2739 1763 2792 1809 et
2819 1771 2848 1807 a
2875 1755 3018 1808 bono
3050 1755 3248 1809 missus
3277 1755 3384 1809 ibi-

1816 1844 2048 1915 demque
2075 1859 2424 1898 commorans
2460 1843 2743 1909 Christus;
2774 1860 3114 1913 consequens
3143 1828 3256 1909 cst,‘
3277 1861 3387 1899 non

1816 1935 1966 1988 illum
1999 1933 2161 1989 modo
2190 1933 2432 2002 judicem
2466 1948 2530 1987 ac
2563 1933 2923 1998 conditorem,
2959 1935 3053 1988 sed
3093 1942 3147 1989 et
3184 1917 3385 1988 bonum

1816 2041 1958 2090 esse,
1993 2025 2086 2094 qui
2122 2025 2388 2078 ambobus
2434 2022 2802 2095 quodcunque
2845 2023 2991 2093 apud
3035 2038 3094 2079 se
3128 2032 3388 2092 cuperent

1817 2132 1975 2188 agere
1999 2116 2344 2186 permiserit;
2370 2122 2465 2169 aut
2495 2130 2624 2170 sane
2645 2130 2907 2185 perquam
2931 2116 3034 2169 erit
3055 2115 3386 2181 imbecillus,

1818 2207 1911 2277 qui
1951 2207 2256 2260 alienorum
2297 2206 2603 2274 direptores
2637 2219 2893 2259 coercere
2925 2206 3253 2274 nequiverit.
3286 2203 3391 2276 lgi-

1818 2306 1908 2352 tur
1951 2298 2144 2352 demus
2189 2297 2341 2362 illum
2386 2297 2601 2351 viribus
2636 2298 2899 2366 imparem
2934 2313 3074 2364 esse,
3117 2311 3389 2366 nusquam
3421 2315 3436 2336 κ

1817 2387 2142 2441 fabricatum
2181 2400 2317 2454 opus
2358 2385 2426 2438 ab
2473 2399 2535 2439 eo
2570 2394 2829 2440 constare
2862 2386 3093 2454 poterit;
3131 2387 3224 2441 sed
3250 2387 3394 2460 jam-

1817 2477 2029 2547 pridem
2080 2475 2418 2529 interciderit
2471 2482 2708 2543 Oportet,
2759 2490 2879 2527 cum
2927 2474 3119 2530 diebus
3163 2475 3392 2546 singulis

1817 2567 2132 2636 decerptum
2159 2565 2396 2620 indidem
2427 2565 2632 2633 aliquid
2664 2565 2862 2634 partim
2897 2580 2926 2618 a
2952 2566 3092 2620 malo
3115 2566 3390 2636 propriam

1819 2660 1875 2714 in
1904 2660 2205 2729 regionem,
2241 2656 2438 2727 partim
2475 2671 2502 2707 a
2559 2655 2702 2710 bono
2754 2657 2808 2709 in
2845 2656 3128 2724 superiora
3159 2656 3396 2712 transfe-

1817 2757 1992 2804 ratur.
2047 2747 2279 2802 Ubinam
2325 2761 2453 2816 ergo
2484 2745 2702 2799 demum
2735 2746 2866 2800 illud
2897 2745 3173 2814 Opiﬁcium
3201 2746 3391 2802 cousi-

1820 2840 1959 2896 stet?
1988 2839 2046 2893 Si
2076 2838 2335 2908 paulatim
2388 2838 2694 2893 desiturum
2743 2837 3101 2906 respondeas,
3153 2852 3216 2891 ac
3264 2837 3395 2892 boni

1820 2945 1952 2985 cura
2006 2929 2298 2998 studioque
2355 2929 2516 2985 linem
2577 2929 2875 2998 aliquando
2931 2937 3398 2996 consecuturum;

1746 3012 1792 3072 C
1825 3033 2007 3073 nonne
2036 3017 2173 3072 illati
2207 3017 2392 3072 damni
2431 3017 2645 3087 culpam
2681 3018 2861 3072 bonus
2906 3018 3009 3072 iste
3060 3019 3352 3073 sustinebit
3381 3031 3396 3070 :

141 3120 242 3189 qui
292 3120 434 3188 quod
484 3117 611 3172 boni
664 3114 861 3170 fecisse
905 3123 1094 3184 postea
1138 3115 1289 3170 visus
1333 3119 1438 3176 est,
1481 3126 1590 3166 non
1621 3111 1710 3165 diu
1752 3122 1895 3175 ante,
1953 3111 2199 3180 adeoque
2237 3110 2392 3164 initio
2431 3109 2742 3179 perfecerit,
2800 3117 3092 3180 antequam
3157 3112 3402 3180 plerique

142 3212 412 3282 iujuriam
444 3209 774 3278 acciperent,
805 3216 854 3260 et
886 3206 938 3260 in
960 3205 1159 3274 judicis
1187 3213 1456 3275 potestale
1487 3203 1714 3266 detenti,
1757 3201 2019 3257 inferiore
2052 3202 2173 3257 loco
2207 3201 2585 3256 remanerent-1'

221 3299 309 3354 H'.
330 3300 496 3353 Πάλιν
522 3299 579 3351 δὲ
601 3298 670 3351 τὰ
701 3297 800 3366 τῆς
831 3295 980 3360 θείας
1014 3297 1236 3368 Γραφῆς
1261 3296 1361 3348 οὐκ
1386 3294 1562 3365 ὀρθῶς
1589 3293 1722 3347 νοῶν

143 3393 440 3465 προφέρει,
498 3391 590 3443 καὶ
621 3389 746 3452 τοὺς
792 3388 1082 3459 ἀκεραίους
1108 3383 1352 3457 ἐξαπατᾷ
1387 3385 1723 3456 διαστρέφων

139 3484 209 3536 τὸ
241 3482 336 3534 τοῦ
386 3479 705 3533 Ἀποστόλου
761 3478 955 3550 ῥητὸν,
1016 3477 1096 3530 ὅτι
1146 3476 1399 3544 Χριστὸς
1429 3473 1586 3543 ἡμᾶς
1620 3474 1718 3538 ἐξ-

140 3575 454 3645 ηγόρασεν
482 3572 550 3624 ἐκ
582 3570 690 3638 τῆς
721 3568 979 3638 κατάρας
1011 3567 1117 3621 τοῦ
1156 3568 1365 3636 νόμου,
1403 3568 1721 3637 γενόμενος

138 3664 306 3732 ὑπὲρ
333 3661 503 3731 ἡμῶν
530 3661 775 3730 κατάρα.
800 3660 909 3714 Καί
937 3676 1097 3730 φησιν
1117 3675 1132 3691 ·
1151 3659 1215 3712 Εἰ
1241 3654 1382 3729 ἦμεν
1416 3657 1601 3720 αὐτοῦ,
1619 3659 1717 3710 οὐκ

139 3754 217 3808 ἂν
265 3753 328 3805 τὸ
359 3750 550 3804 ἑαυτοῦ
601 3750 890 3822 ἠγόραζεν.
937 3747 1236 3818 Ἀγοράσας
1257 3748 1312 3800 δὲ
1338 3748 1416 3810 είς
1444 3746 1719 3817 ἀλλότριον

139 3845 354 3915 κόσμον
385 3839 547 3914 ἦλθεν
572 3844 717 3912 ἡμᾶς
757 3841 1022 3912 ἀγοράσαι
1059 3839 1184 3901 τοὺς
1217 3838 1316 3890 οὐκ
1343 3837 1500 3899 ὄντας
1530 3835 1715 3890 αὑτοῦ.

137 3937 369 4005 Ποίημα
392 3934 500 4004 γάρ
528 3929 666 4004 ἦμεν
696 3933 902 4002 ἑτέρου,
939 3931 1030 3984 καὶ¹
1059 3929 1146 3982 διὰ
1183 3928 1338 3980 τοῦτο
1369 3929 1516 3998 ἡμᾶς
1546 3928 1725 3990 αὐτὸς,

1905 3289 2040 3345 Vlll.
2076 3289 2195 3344 Jam
2253 3291 2401 3359 quod
2450 3306 2481 3346 e
2531 3289 2706 3345 sacris
2764 3290 3142 3360 depromptum
3178 3289 3400 3346 Litteris

1828 3381 2004 3446 θίγοι-ι,
2036 3397 2100 3438 eo
2134 3397 2421 3452 perperam
2457 3381 2760 3448 intellecto,
2802 3389 2965 3451 atque
3012 3379 3261 3450 Apostoli
3307 3380 3403 3436 de-

1824 3483 2051 3544 pravata
2092 3476 2384 3539 sententia,
2427 3473 2747 3528 rudioribus
2781 3471 2966 3526 fucum
3004 3471 3196 3541 objicit
3229 3490 3244 3525 :
3275 3486 3401 3526 cum

1823 3568 1898 3621 ita
1939 3565 2185 3636 loquitur
2230 3565 2528 3636 Apostolus
2563 3582 2577 3617 :
2618 3562 2860 3617 Christus
2907 3578 3000 3615 nos
3047 3577 3079 3614 a
3122 3559 3400 3614 maledicto

1824 3656 2060 3721 redemit,
2086 3671 2180 3724 pro
2208 3654 2355 3709 nobis
2383 3656 2556 3724 factus
2590 3652 2927 3707 maledictum
2949 3651 2989 3702 ’⁵.
3019 3651 3096 3704 Ex
3126 3665 3234 3720 quo
3256 3649 3404 3705 istud

1825 3748 2060 3816 colligit;
2098 3747 2142 3800 si
2177 3746 2350 3816 ipsius
2403 3759 2673 3806 essemus,
2724 3757 2833 3796 non
2880 3741 3068 3810 utique
3108 3737 3253 3809 quod
3288 3738 3404 3808 jam

1826 3855 1985 3894 suum
2016 3846 2134 3892 erat
2165 3835 2574 3903 redempturum
2619 3833 2808 3887 fuisse.
2855 3830 2991 3884 Cum
3034 3831 3204 3901 igitur
3243 3831 3404 3886 rede-

1821 3933 1987 3985 misse
2018 3931 2254 3991 dicatur,
2286 3940 2513 3980 necesse
2543 3933 2628 3979 est
2654 3925 2888 3977 alienum
2923 3923 2978 3977 in
3009 3922 3275 3976 mundum
3308 3939 3402 3994 pe-

138 4023 420 4095 ὴγόραζεν
479 4024 554 4086 είς
607 4022 702 4092 τὴν
760 4019 952 4073 ἑαυτοῦ
994 4019 1158 4090 ζωήν.
1195 4019 1404 4087 Ἀγνοεῖ
1433 4019 1490 4071 δὲ
1524 4019 1658 4081 ὅλως
1697 4020 1722 4070 6

1905 4038 1948 4074 ιιι
1980 4020 2249 4090 posuisse,
2284 4024 2344 4069 ut
2376 4031 2477 4071 nos
2507 4017 2598 4085 qui
2634 4015 2775 4068 illius
2808 4028 2916 4066 non
2951 4028 3218 4078 essemus,
3258 4012 3403 4066 redi-

137 4118 358 4188 ὴλίθιος
375 4156 389 4179 ,
416 4117 498 4168 ὃτι
518 4113 640 4167 οὒτε
663 4113 892 4185 Χριστὸς
909 4115 1152 4184 κατάραν
1175 4113 1274 4182 τὴν
1305 4111 1391 4165 διὰ
1411 4114 1508 4180 τῆς
1539 4111 1720 4182 ἁμαρ-

139 4209 270 4272 τίας
336 4207 487 4278 ήμῶν
516 4205 752 4274 ἀφεῖλεν,
810 4205 997 4258 ἑαυτὸν
1056 4202 1394 4274 σταυρώσας,
1438 4203 1531 4255 καὶ
1572 4201 1722 4269 γενό-

141 4315 316 4371 μενος
360 4298 588 4360 θάνατος
624 4297 837 4366 θανάτῳ
867 4295 954 4349 διὰ
989 4294 1088 4358 τὰς
1119 4294 1391 4364 ἁμαρτίας
1417 4291 1594 4363 ἡμῶν,
1626 4292 1720 4345 καὶ

1829 4120 2018 4166 meret.
2061 4108 2211 4180 Opus
2261 4109 2404 4162 enim
2457 4122 2680 4161 eramus
2733 4106 2984 4169 alterius,
3037 4104 3268 4173 ideoque
3302 4117 3405 4158 nos

1824 4203 1990 4257 vitam
2015 4204 2081 4255 ad
2103 4215 2256 4255 suam
2276 4196 2728 4268 transportandos
2761 4196 3007 4251 redemit.
3040 4193 3240 4250 Verum
3271 4193 3404 4248 illud

1823 4295 2106 4348 hominum
2155 4290 2549 4346 stolidissimus
2597 4289 2832 4358 ignorat,
2875 4302 3216 4357 nequaquam
3249 4284 3406 4339 Chri-

141 4389 367 4457 κατάρα
419 4385 582 4448 αὐτὸς
626 4388 692 4456 τῇ
735 4384 948 4455 κατάρα
998 4383 1304 4453 γενόμενος.
1350 4382 1439 4435 Διὸ
1478 4383 1578 4435 οὐκ
1607 4382 1720 4436 ἐστι

1905 4400 1971 4436 un
2003 4382 2353 4436 maledictum
2392 4381 2583 4443 fuisse,
2611 4379 2753 4435 absit
2780 4389 2838 4434 ut
2859 4378 3126 4448 ejusmodi
3146 4377 3406 4447 quiddam

139 4478 386 4549 Χριστὸς
442 4478 676 4548 κατάρα,
714 4475 848 4529 ἀλλά
868 4476 966 4546 τῆς
1007 4477 1251 4546 κατάρας
1293 4475 1474 4538 λύσις·
1503 4475 1719 4544 εὐλογία

138 4571 206 4625 δὲ
232 4573 368 4623 πᾶσι
408 4573 519 4633 τοῖς
547 4571 625 4634 είς
663 4570 821 4624 αὐτὸν
848 4570 1060 4641 ἀληθῶς
1097 4571 1532 4623 πεπιστευκόσιν.
1565 4569 1720 4624 Οὕτω

147 4665 254 4717 καὶ
275 4664 354 4724 τὸ,
384 4663 773 4732 ἐξηγόρασεν,
801 4664 897 4716 οὑκ
915 4659 1086 4726 εἶπεν,
1116 4663 1440 4731 ἠγόρασεν.
1460 4661 1593 4715 Οὔτε
1611 4662 1719 4733 γὰρ

139 4758 232 4819 είς
284 4754 565 4825 ἀλλότριον
601 4750 762 4825 ἦλθεν
814 4755 1055 4826 ἁρπάσαι
1093 4755 1125 4824 ἢ
1173 4755 1460 4824 ἀγοράσαι.
1501 4754 1564 4806 Et
1613 4755 1720 4822 γάρ

137 4848 444 4920 ἠγόρασεν,
480 4846 554 4916 μὴ
607 4845 742 4915 έχων
783 4847 1046 4916 ἠγόρασε,
1096 4844 1190 4897 καὶ
1230 4845 1304 4906 ὡς
1335 4845 1546 4913 πτωχὸς
1572 4843 1608 4896 ἃ.
1646 4844 1720 4914 μὴ

139 4937 295 5010 εἶχεν
321 4938 611 5009 ἐκτήσατο.
657 4937 766 4991 Καὶ
789 4937 816 4989 ὃ
836 4939 856 4968 ³
883 4937 1216 5007 κεκτημένος
1240 4938 1386 5005 ἡμᾶς
1414 4936 1717 5006 πέπρακεν,

140 5029 438 5098 ἀπορήσας
463 5025 765 5096 πέπρακεν,
798 5025 903 5079 ἀπό
932 5041 1075 5087 τινος
1118 5025 1223 5094 ἄρα
1256 5023 1531 5078 δανειστοῦ
1565 5024 1724 5077 ὲλαυ·

143 5121 402 5189 νόμενος.
423 5118 561 5171 Ἀλλ’
591 5119 688 5170 οὐκ
714 5117 825 5187 ἔχει
853 5114 1046 5178 οὕτως.
1077 5114 1211 5168 Οὕτε
1246 5115 1353 5186 γὰρ
1372 5112 1547 5179 εἶπεν,
1589 5113 1720 5185 ἠγό-

142 5228 340 5282 ρασεν,
377 5208 516 5273 ἀλλ’,
553 5209 939 5278 ἐξηγόρασεν.
979 5207 1200 5276 Ὅμοιον
1225 5205 1280 5258 δὲ
1301 5205 1473 5276 τούτῳ
1503 5206 1530 5257 6
1560 5206 1721 5268 αὐτὸς

141 5304 306 5368 ἅγιος
370 5300 689 5364 Ἀπόστολός
754 5316 916 5370 φησιν
943 5315 961 5330 ο
1043 5296 1562 5368 Ἐξαγοραζόιιενοι
1614 5297 1722 5351 τὸν

142 5387 383 5455 καιρόν,
416 5386 506 5440 ὅτι
530 5389 588 5440 al
618 5385 829 5456 ἡμέραι
863 5388 1119 5455 πονηραί
1152 5389 1290 5439 εἱσι.
1318 5386 1426 5440 Καὶ
1454 5386 1552 5464 οὐχ
1576 5387 1716 5458 ἠμέ-

1825 4475 2188 4538 arbitremur;
2227 4472 2323 4528 sed
2369 4486 2494 4525 cum
2530 4472 2672 4525 ultro
2719 4486 2932 4525 crucem
2971 4469 3246 4532 subiisset,
3276 4481 3407 4522 con-

1830 4575 2060 4621 tractum
2090 4579 2120 4618 a
2159 4558 2318 4619 nobis
2346 4579 2412 4619 ex
2452 4571 2675 4632 peccato
2707 4561 3054 4615 maledictum
3093 4559 3404 4620 abstulisse,

1826 4657 1989 4728 309
2019 4665 2076 4710 ut
2109 4670 2257 4710 mors
2285 4653 2686 4724 quodammodo
2718 4653 2910 4707 mortis
2942 4659 3088 4706 esset
3125 4650 3280 4717 culpa
3309 4663 3407 4703 no-

1829 4733 2292 4818 Stra‘susccptae,
2360 4746 2641 4818 ipsiusque
2706 4743 2979 4798 maledicti
3034 4742 3402 4796 maledictum.

1829 4838 2009 4905 Quare
2042 4839 2388 4895 maledictum
2419 4838 2670 4894 Christus
2701 4851 2809 4890 non
2850 4847 2952 4900 est,
2986 4834 3082 4890 sed
3121 4832 3406 4888 dissolutio

1829 4929 2135 4998 maledicti;
2186 4937 2375 4984 contra
2428 4944 2558 4984 vero
2606 4927 2911 4983 benedictio
2951 4925 3204 4980 omnibus
3233 4931 3316 4979 est
3350 4923 3405 4978 in

1828 5037 1951 5074 eum
1989 5035 2115 5075 vere
2145 5034 2208 5073 ac
2250 5020 2461 5075 sincere
2504 5019 2874 5074 credentibus.
2919 5015 3072 5070 Unde
3100 5023 3154 5070 et
3188 5017 3404 5068 redemit

1827 5113 2090 5183 scriptum
2145 5121 2269 5177 est,
2319 5129 2428 5166 non
2473 5115 2616 5166 emit.
2672 5109 2855 5179 Neque
2886 5110 3028 5164 enim
3069 5109 3124 5162 in
3172 5107 3402 5161 alienam

1828 5208 2229 5277 possessionem
2287 5207 2573 5277 diripiendi
2633 5208 2717 5261 vel
2773 5205 2985 5260 emendi
3035 5203 3208 5274 gratia
3234 5201 3403 5256 venit.

1826 5297 1962 5351 Nam
1995 5300 2040 5353 si
2073 5308 2296 5364 emeret,
2337 5298 2481 5368 quod
2519 5305 2644 5352 ante
2673 5313 2781 5352 non
2818 5297 3071 5361 habebat,
3095 5301 3316 5356 emeret,
3343 5306 3406 5346 ac

1829 5389 2064 5444 mendici
2119 5390 2292 5444 instar
2338 5389 2537 5461 quibus
2582 5398 2832 5445 caruerat
2886 5389 2989 5445 sibi
3044 5393 3403 5456 compararet.

219 5540 238 5570 ⁸
273 5535 335 5592 F.
369 5536 454 5588 ἵνα
489 5537 582 5604 μή.
657 5539 678 5569 ³
711 5536 772 5590 F.
800 5539 855 5590 ἐν
891 5535 1125 5601 καθέξει.
1202 5537 1220 5567 ³
1243 5534 1366 5593 Cor.
1401 5537 1483 5598 ὃς.
1559 5535 1581 5568 ⁵
1609 5536 1722 5591 Gal:

1943 5539 2028 5592 15.
