3844 6350
366 280 468 341 ’207

1755 271 1813 330 S.
1853 270 2189 328 EPIPIIANH

3542 261 3667 321 τοε

351 396 533 464 .Cujus
569 399 748 448 autem
795 390 851 447 in
901 389 1116 460 peculio
1149 404 1390 454 eramus,
1439 387 1662 443 omnino
1700 397 1941 459 egestate

2063 409 2141 454 ιας
2177 387 2543 460 ἀγοράζομεν,
2576 389 2698 442 οὐδὲ
2730 386 2894 459 τιμὴν
2934 385 3156 458 ἡμερῶν
3197 385 3409 455 δίδομεν
3433 401 3449 413 ο
3500 384 3662 436 ἀλλὰ

366 501 466 540 nos
495 498 791 554 oppressus
823 483 1005 551 aliqua
1032 480 1394 546 vendidisset;
1423 479 1581 548 quasi
1609 493 1638 531 a
1665 479 1937 534 creditore

365 576 620 646 quopiam
651 582 898 629 coactus.
933 572 1119 642 Longe
1150 584 1280 626 vero
1313 585 1434 625 sese
1460 569 1617 623 aliter
1641 584 1728 623 res
1753 569 1935 624 habet.

367 665 482 719 Non
525 665 671 719 enim
709 663 920 719 emendi
953 662 1120 717 verbo
1164 675 1298 715 usus
1329 665 1434 721 est,
1470 658 1564 714 sed
1614 657 1936 712 redimendi.

366 755 468 810 Cui
505 755 682 810 simile
709 761 794 810 est
821 753 976 818 illud,
1011 751 1156 824 quod
1188 751 1328 806 idem
1368 751 1660 820 Apostolus
1687 751 1793 804 alio
1820 752 1939 806 loco

369 847 536 900 dixit:
574 844 900 899 Redimentes
926 852 1149 912 tempus,
1179 842 1428 913 quoniam
1455 841 1565 895 dies
1596 841 1726 895 mali
1755 850 1874 921 suqt
1896 843 1936 898 ί.

369 937 531 1006 Atqui
569 950 744 1006 neque
790 935 908 990 dies
957 943 1217 990 emuntur
1261 949 1293 988 a
1339 932 1518 999 nobis,
1555 948 1654 988 nec
1685 948 1786 1002 pro
1834 933 1943 990 illis

369 1027 604 1098 pretium
636 1027 803 1080 ullum
831 1025 1213 1095 persolvimus,
1253 1023 1350 1079 sed
1389 1023 1456 1077 ad
1495 1024 1836 1094 patientiam,
1880 1040 1943 1080 ac

373 1119 737 1182 tolerantiam,
792 1116 1068 1186 animique
1122 1115 1481 1170 constantiam
1531 1114 1938 1185 exprimendam

372 1223 492 1264 eam
538 1206 796 1276 loquendi
849 1206 1116 1260 rationem
1161 1205 1426 1260 adhibuit.
1481 1203 1749 1270 Quocirca
1795 1205 1940 1260 redi-

372 1297 553 1352 mendi
587 1296 808 1350 verbum
839 1302 1011 1348 totum
1046 1293 1178 1348 illud
1213 1293 1454 1363 suscepti
1488 1308 1586 1363 pro
1631 1294 1803 1348 salute
1838 1309 1942 1348 no-

373 1396 486 1444 stra
536 1387 805 1456 corporis,
861 1385 1240 1455 adventusque
1301 1384 1576 1454 negotium
1635 1383 1942 1454 signiﬁcat;

372 1494 483 1549 quo
519 1467 735 1549 quidem
785 1477 896 1547 pati
937 1483 1126 1532 nostra
1170 1490 1337 1531 causa
1375 1475 1629 1546 dignatus
1659 1484 1744 1531 est
1775 1475 1940 1540 Deus,

372 1571 468 1641 qui
503 1571 614 1641 pati
643 1569 781 1624 nihil
811 1567 1016 1639 alioqui
1054 1574 1287 1638 poterat,
1337 1581 1461 1622 cum
1488 1566 1547 1622 in
1574 1567 1763 1622 eodem
1794 1575 1941 1623 statu

2040 481 2101 535 τὸ
2131 482 2198 535 δι’
2244 480 2539 551 ὑπομονὴν,
2571 480 2663 532 καὶ
2691 479 2751 532 τὸ
2778 477 3096 549 μελλητικὸν
3133 494 3193 530 τε
3225 474 3657 547 μακροθυμίας

2043 571 2340 643 σημαίνων,
2360 570 2518 623 τοῦτο
2533 569 2656 639 ἔφη.
2677 569 2839 622 Ὥστε
2876 569 2956 633 τὸ,
2999 565 3347 637 ἑξηγὸρασε,
3370 567 3484 637 τὴν
3506 565 3662 618 67:6-

2042 661 2189 714 θεσιν
2245 660 2487 730 ἀπέφηνε
2516 659 2614 729 τῆς
2653 657 2791 729 ὑπὲρ
2827 654 2984 728 ἡμῶν
3024 656 3288 726 ἀναδοχῆς
3325 659 3383 708 ὲν
3426 654 3661 722 κόσμῳ

2042 752 2305 822 ὲνσάρκου
2326 750 2626 820 παρουσίας
2641 766 2654 779 ·
2678 744 2748 821 ἧς
2767 749 3054 816 ἀνεδέξατο
3080 748 3221 819 ὑπὲρ
3237 750 3270 818 ἡ
3279 748 3394 818 μῶν
3427 745 3658 798 παθεῖν

2041 845 2070 897 ὁ
2115 842 2329 912 ἀπαθὴς
2373 841 2446 894 ὢν
2492 841 2644 904 Θεὸς,
2693 842 2870 912 μένων
2909 843 2966 894 ὲν
3004 843 3069 911 τῇ
3112 839 3216 910 ἰδία
3251 837 3510 908 ἀπαθείᾳ
3545 837 3658 904 τῆς

2043 933 2211 988 αὑτοῦ
2261 933 2538 1004 θεότητος’
2583 934 2678 985 κα)⁸
2724 933 2858 986 αὐτὸ
2892 931 2920 984 ὃ
2963 928 3250 994 ἀνεδέξατο
3288 928 3430 999 ὑπὲρ
3469 924 3655 996 ἡμῶν

2045 1023 2256 1089 παθεῖν,
2290 1025 2388 1077 οὐκ
2416 1022 2701 1094 ἀγοράζων
2725 1024 2872 1093 ἡμᾶς
2897 1022 2991 1075 ἀπ’
3022 1020 3339 1092 ἀλλοτρίων,
3366 1017 3525 1072 ἀλλὰ
3545 1018 3658 1086 τὴν

2047 1114 2300 1167 ὑπόθεσιν
2347 1113 2488 1184 ὑπὲρ
2543 1114 2701 1184 ἡμῶν
2764 1111 2860 1166 τοῦ
2926 1110 3162 1182 σταυροῦ
3223 1107 3660 1178 ἀναδεξάμενος

2048 1206 2385 1276 προαιρέσει,
2424 1206 2519 1258 καλ⁸
2567 1204 2627 1258 ού
2656 1206 2772 1274 μετ’
2802 1205 3064 1274 ἀνάγκης.
3096 1201 3258 1255 Ὅθεν
3293 1199 3658 1271 ὲλήλεγκται

2050 1295 2192 1350 κατὰ
2213 1296 2387 1349 πάντα
2409 1296 2502 1349 τοῦ
2539 1297 2864 1368 Μαρκίωνος
2905 1298 2934 1349 ὁ
2966 1295 3139 1364 λόγος.
3169 1294 3281 1348 Καὶ
3305 1289 3490 1372 πολλᾴ
3524 1292 3657 1343 ἐστι

2051 1386 2120 1439 τὰ
2169 1386 2306 1457 πρὸς
2340 1387 2652 1458 ἀνατροπὴν
2697 1387 2802 1456 τῆς.
2825 1384 3015 1438 τούτου
3054 1383 3301 1454 μηχανῆς
3335 1381 3431 1435 καὶ
3459 1394 3656 1449 τραγ-

2048 1477 2211 1549 ῳδίας
2231 1519 2246 1544 ,
2273 1476 2334 1541 ἐξ
2368 1476 2624 1540 εὐσεϐοῦς
2649 1475 2908 1547 λογισμοῦ
2949 1475 3042 1530 καὶ
3077 1474 3299 1542 εὐλόγου
3323 1468 3658 1544 ὁρμώμενα

2048 1567 2336 1638 ἐμφάσεως
2360 1568 2417 1620 ὲν
2447 1569 2513 1637 τῇ
2541 1566 2674 1638 πρὸς
2703 1567 2865 1619 αὐτὸν
2901 1565 3217 1636 ἀντιρῤήσει

373 1665 700 1730 divinitatis,
725 1664 966 1736 patiendi
998 1663 1271 1727 videlicet,
1303 1661 1663 1719 nihilominus
1685 1662 2024 1731 persisteret.
2049 1661 2207 1728 Quod
2232 1677 2363 1718 vero
2417 1661 2628 1732 perpeti
2657 1661 2862 1732 aliquid
2919 1676 3017 1731 pro
3070 1661 3230 1715 nobis
3277 1657 3482 1718 voluit,
3531 1669 3656 1709 non

382 1761 436 1814 id
459 1756 674 1814 emendi
702 1756 873 1811 nostri
901 1755 1075 1827 gratia
1103 1754 1374 1824 praestitit,
1401 1754 1562 1825 quasi
1592 1754 1771 1809 alieno
1821 1755 2095 1825 mancipio
2123 1763 2464 1821 teneremur;
2492 1755 2588 1808 sed
2620 1769 2729 1807 uno
2781 1754 3042 1808 duntaxat
3105 1751 3282 1806 nostri
3341 1747 3544 1802 studio
3596 1745 3655 1801 el

374 1864 560 1905 amore
622 1847 821 1902 ductus
866 1847 1050 1900 crucis
1097 1844 1426 1914 supplicium
1478 1858 1589 1898 non
1639 1833 1965 1899 necessitate
2014 1845 2144 1908 ulla,
2196 1843 2294 1899 sed
2344 1843 2623 1898 voluntate
2679 1843 2960 1899 sustinuit.
3014 1841 3094 1895 Ex
3163 1856 3271 1911 quo
3324 1838 3645 1893 hiarcionis

373 1949 489 1996 tota
537 1940 626 1994 illa
671 1939 811 1991 ratio
848 1936 1091 1990 funditus
1132 1934 1513 1990 labefactatur.
1560 1934 1666 1990 Sed
1713 1935 1781 1990 ad
1828 1936 1948 2006 ejus
1975 1938 2284 1992 machinam
2307 1952 2522 1992 omnem
2553 1953 2617 1992 ac
2674 1936 2996 2008 tragoediam
3042 1933 3417 1997 evertendam,
3461 1931 3651 1985 multa

375 2042 505 2090 sunt
528 2047 558 2085 a
586 2031 745 2086 nobis
769 2032 823 2084 in
855 2029 1002 2084 illius
1025 2029 1408 2107 refutationem
1433 2037 1713 2101 congesta,
1735 2030 2035 2103 eademque
2063 2033 2321 2104 religiosa
2339 2049 2406 2088 ex
2433 2041 2638 2098 mente,
2663 2032 2940 2102 animique
2962 2038 3112 2086 recta
3157 2029 3373 2084 ratione
3418 2026 3654 2098 praediti

377 2125 773 2198 Signiﬁcatione
807 2123 1069 2194 profecta.

449 2217 542 2273 IX.
580 2217 700 2272 Jam
740 2219 884 2272 enim
917 2217 981 2270 ad
1014 2216 1134 2286 ejus
1169 2216 1403 2286 scripta,
1439 2216 1524 2271 vel
1561 2215 1745 2286 potius
1770 2215 1946 2271 scele-

2120 2211 2198 2266 Θ’.
2237 2211 2560 2283 Ἐλεύσομαι
2601 2211 2658 2266 δὲ
2692 2212 2770 2276 είς
2815 2212 2883 2265 τὰ
2931 2211 3022 2265 ὑπ’
3051 2212 3216 2266 αὐτοῦ
3244 2217 3652 2288 γεγραμμένα»

378 2320 498 2368 rate
527 2309 821 2365 commissa
841 2348 857 2373 ,
889 2323 974 2362 me
1005 2307 1250 2362 confero.
1283 2305 1418 2361 Nam
1451 2307 1554 2362 iste
1578 2308 1757 2362 solum
1792 2306 1952 2361 Luca:

378 2401 730 2473 Evangelium
774 2399 1150 2468 amplectitur,
1176 2407 1458 2469 amputato
1487 2405 1673 2473 tamen
1690 2396 1812 2468 ejus
1847 2397 1954 2451 ini-

379 2494 478 2559 tio,
514 2468 656 2563 quod
692 2489 767 2544 ibi
797 2487 1095 2544 Salvatoris
1141 2487 1198 2542 in
1240 2468 1395 2544 utero
1429 2468 1832 2560 generationem
1855 2528 1872 2555 ,
1899 2495 1954 2541 et

378 2581 624 2653 ejusdem
649 2579 939 2635 adventum
965 2592 1089 2632 cum
1122 2591 1352 2647 corpore
1384 2579 1672 2648 perspicue
1711 2592 1954 2634 comme-

379 2683 573 2732 moret.
615 2673 724 2728 Nec
764 2671 980 2726 initium
1029 2667 1190 2724 modo
1236 2669 1670 2740 circumscripsit
1726 2671 1816 2725 ille
1869 2669 1954 2726 sui

379 2768 563 2839 potius
591 2779 753 2836 quam
795 2761 1069 2832 Evangelii
1104 2767 1422 2831 corruptor;
1456 2761 1551 2817 sed
1602 2769 1657 2816 et
1699 2775 1766 2815 ex
1799 2760 1955 2814 initio

382 2859 585 2930 pariter
610 2871 674 2910 ac
709 2854 884 2909 medio
918 2854 1205 2922 plerasque
1232 2852 1481 2907 veritatis
1504 2853 1802 2907 sententias
1833 2868 1958 2908 sus-

380 2949 540 3013 tulit,
608 2947 852 3015 aliasque
900 2959 999 3013 pro
1052 2944 1161 2999 illis
1215 2944 1519 2998 substituit.
1587 2943 1740 2998 Hane
1793 2958 1955 2998 unam

380 3055 547 3112 pono
578 3035 852 3112 Evangelii
899 3035 1166 3099 formam,
1214 3028 1361 3103 quod
1417 3049 1448 3087 a
1501 3034 1648 3089 Luca
1692 3035 1956 3104 scriptum

382 3110 639 3185 admittit.
675 3110 947 3197 Epistolas
976 3133 1237 3194 praeterea
1266 3124 1421 3178 Pauli
1466 3125 1696 3194 apostoli
1735 3125 1918 3179 decem
1941 3164 1956 3190 ,

380 3221 581 3292 quibus
620 3218 753 3275 solis
808 3217 997 3280 utitur,
1049 3232 1150 3271 nec
1201 3217 1268 3272 iis
1307 3215 1526 3286 quidem
1567 3217 1829 3288 integris,
1864 3216 1957 3271 sed

380 3311 580 3391 aliaoex
611 3307 720 3363 illis
763 3305 942 3376 capita
975 3305 1245 3372 detrahit,
1280 3306 1385 3359 alia
1414 3314 1737 3360 commutat.
1781 3306 1961 3376 Atque

383 3403 485 3458 hos
540 3400 678 3455 duos
727 3399 894 3452 libros
949 3396 1212 3452 duntaxat
1250 3411 1349 3467 pro
1401 3396 1691 3450 canonicis
1739 3396 1902 3450 habet
1942 3415 1956 3450 :

381 3502 576 3566 praeter
607 3507 744 3562 quos
769 3490 873 3543 alia
909 3489 1131 3558 insuper
1155 3503 1186 3541 a
1217 3503 1275 3542 se
1329 3488 1648 3542 elucubrata
1680 3487 1958 3540 volumina

383 3584 590 3640 erroris
621 3581 782 3652 310
815 3579 899 3633 sui
935 3579 1198 3634 studiosis
1242 3578 1496 3634 obtrusit.
1528 3577 1781 3647 Epistula:
1805 3592 1957 3642 vero,

384 3689 506 3744 quae
523 3674 590 3726 ab
607 3673 698 3726 illo
717 3671 1036 3742 probantur,
1051 3669 1276 3725 hat-sunt
1297 3691 1308 3724 :
1329 3669 1498 3739 prima
1517 3677 1602 3723 est
1624 3667 1690 3722 ad
1707 3667 1924 3723 Galatas
1944 3685 1958 3734 ;

388 3781 428 3819 ιι
458 3763 526 3816 ad
560 3761 875 3818 Corinthios
907 3761 1115 3831 prima;
1156 3776 1217 3816 ιιι
1240 3761 1304 3814 ad
1341 3759 1655 3814 Corinthios
1687 3759 1959 3825 secunda;

388 3874 444 3912 ιν
467 3857 534 3910 ad
551 3854 858 3919 Romanos;
877 3870 907 3905 v
933 3852 1004 3907 ad
1031 3851 1550 3906 Thessalonicenses
1574 3851 1781 3921 prima;
1815 3866 1866 3903 vi
1892 3849 1961 3903 ad

387 3947 904 4003 Thessalonicences
937 3945 1213 4009 secunda;
1247 3961 1320 3998 vn
1351 3944 1415 3998 ad
1448 3943 1746 4014 Ephesios;
1773 3959 1868 3997 vm
1892 3943 1959 3996 ad

388 4039 768 4105 Colossenses;
819 4053 873 4091 Ix
913 4035 981 4090 ad
1009 4035 1409 4100 Philemonem;
1462 4051 1492 4088 x
1525 4035 1590 4088 ad
1643 4033 1960 4103 Philippen-

390 4146 497 4186 ses.
535 4129 707 4184 Habet
749 4138 802 4182 et
850 4129 916 4181 ad
962 4125 1324 4180 Laodiccnscs
1364 4126 1621 4195 Epistolas
1664 4125 1961 4195 particulas

389 4221 614 4288 aliquot.
668 4216 784 4282 Qua
830 4232 896 4271 ex
949 4216 1100 4284 ipsa,
1158 4229 1319 4283 quam
1381 4215 1614 4278 retinet,
1649 4213 1959 4284 Evangelii,

389 4307 863 4376 Epistolarumque
910 4303 1118 4368 forma,
1164 4304 1384 4372 planum
1434 4304 1578 4359 hunc
1607 4312 1661 4359 et
1702 4306 1961 4374 imposto-

391 4420 503 4459 rem
555 4418 679 4458 esse
717 4385 1094 4457 demonstrare
1129 4399 1240 4454 Deo
1279 4398 1577 4469 opitulante
1629 4414 1958 4468 possumus,

391 4494 814 4566 plenissimeque
845 4491 1111 4546 refellere.
1156 4490 1368 4544 Etenim
1401 4505 1465 4544 ex
1506 4490 1573 4544 iis
1609 4491 1740 4560 ipsis
1771 4492 1959 4557 libris,

387 4603 528 4659 quos
577 4599 864 4656 germanos
912 4599 1033 4637 esse
1087 4583 1396 4646 conﬁtetur,
1438 4584 1625 4649 procul
1663 4582 1830 4636 dubio
1878 4600 1962 4637 re-

390 4679 704 4746 darguetur.
753 4674 828 4726 Ex
874 4674 941 4726 iis
975 4673 1194 4742 inquam
1223 4689 1358 4742 quas
1384 4673 1643 4726 adsciscit
1685 4688 1747 4726 ac
1782 4685 1960 4742 servat

391 4769 692 4839 Evangelii,
729 4766 1203 4836 Epistolarumqne
1233 4764 1498 4832 reliquiis,
1528 4766 1669 4832 apud
1699 4781 1794 4819 eos
1839 4768 1962 4834 qui-

2056 2302 2252 2372 μᾶλλον
2283 2303 2338 2356 δὲ
2367 2304 2888 2376 ὲρρᾳδιουργημένα.
2919 2299 3087 2368 Οὗτος
3115 2306 3223 2378 γὰρ
3248 2306 3632 2377 ἔχειΕὑαγγέ

2053 2393 2164 2447 λιον
2197 2395 2352 2465 μόνον
2382 2397 2442 2448 τὸ
2468 2396 2610 2449 κατά
2642 2397 2877 2462 Λουκᾶν,
2907 2397 3377 2468 περικεκομμένον
3403 2399 3524 2452 ἀπὸ
3550 2399 3649 2470 τῆς

2055 2485 2227 2556 ἀρχῆς
2255 2485 2341 2538 διὰ
2373 2487 2470 2556 τὴν
2502 2486 2596 2540 τοῦ
2627 2487 2878 2558 Σωτῆρος
2909 2486 3168 2557 σύλληψιν
3202 2490 3294 2541 καὶ
3315 2489 3416 2560 τὴν
3443 2489 3624 2562 ἐνσαρ

2055 2593 2148 2628 κον
2169 2576 2330 2629 αὐτοῦ
2357 2579 2680 2648 παρουσίαν.
2715 2580 2787 2631 υύ
2829 2579 2986 2650 μόνον
3013 2579 3068 2633 δὲ
3091 2580 3189 2651 τὴν
3222 2582 3394 2654 ἀρχὴν
3425 2585 3634 2637 ἀπέτε-

2060 2685 2159 2738 μεν
2188 2669 2216 2719 ὁ
2239 2668 2619 2740 λυμηνάμενος
2647 2670 2834 2722 ἑαυτὸν
2861 2672 3002 2742 ἤπερ
3029 2671 3089 2722 τὸ
3110 2672 3439 2741 Εὑαγγέλιον
3461 2692 3478 2704 °
3507 2675 3645 2728 ἀλλά

2057 2761 2150 2812 καὶ
2182 2760 2273 2812 τοῦ
2303 2761 2490 2824 τέλους
2518 2762 2612 2813 καὶ
2637 2762 2743 2814 τῶν
2774 2747 2954 2832 μέσων
3000 2763 3169 2817 πολλά
3201 2767 3503 2836 περιέκοψε
3534 2769 3649 2821 τῶν

2056 2851 2157 2920 τῆς
2190 2850 2443 2920 ἀληθείας
2474 2851 2646 2920 λόγων
2666 2869 2679 2882 ·
2706 2852 2840 2907 ἄλλα
2881 2854 2937 2907 δὲ
2987 2855 3139 2926 παρὰ
3177 2856 3247 2910 τὰ
3273 2862 3648 2930 γεγραμμένα

2059 2941 2431 3012 προστέθεικε.
2459 2943 2621 3012 Μὸνῳ
2647 2944 2702 2996 δὲ
2726 2944 2990 3015 κέχρηται
3017 2935 3189 3016 τούτῳ
3217 2947 3297 3016 τῷ
3324 2952 3645 3020 χαρακτῆρι

2059 3034 2136 3102 τῷ
2171 3033 2308 3086 κατά
2340 3035 2552 3088 Λουκᾶν
2582 3037 3081 3108 Εὐαγγελίῳ.”Εχει
3098 3040 3153 3093 δὲ
3179 3041 3274 3094 καὶ
3318 3042 3647 3105 Ἐπιστολάς

2061 3123 2189 3194 παρ’
2223 3124 2370 3194 αύτῷ
2418 3125 2511 3178 τοῦ
2558 3127 2713 3194 ἁγίου
2757 3127 3079 3181 Ἀποστόλου
3129 3129 3279 3194 δέκα,
3302 3125 3392 3194 αἷς
3449 3132 3645 3201 μόναις

2061 3215 2346 3286 κέχρηται,
2374 3217 2434 3269 ού
2475 3219 2608 3271 πᾶσι
2646 3219 2703 3271 δὲ
2747 3223 2857 3283 τοῖς
2897 3221 2954 3272 ὲν
2997 3222 3184 3286 αὐταῖς
3209 3223 3644 3294 γεγραμμένοις,

2062 3303 2198 3357 ἀλλά
2223 3322 2344 3359 τινα
2372 3307 2550 3362 αὐτῶν
2578 3308 2937 3379 περιτέμνων,
2975 3312 3096 3366 τινὰ
3123 3313 3179 3365 δὲ
3208 3312 3511 3376 ἀλλοιώσας
3554 3331 3643 3366 κε-

2064 3395 2284 3463 φάλαια.
2309 3397 2547 3461 Ταύταις
2575 3399 2630 3451 δὲ
2655 3403 2774 3464 ταῖς
2800 3400 2921 3453 δυσὶ
2945 3401 3143 3471 βίϐλοις
3173 3403 3643 3475 κέχρηται.Ἃλλα

2063 3485 2120 3538 δὲ
2160 3488 2511 3558 συντάγματα
2559 3490 2652 3560 ἀφ’
2677 3492 2868 3544 ἑαυτοῦ
2907 3494 3158 3558 συνέταξε
3200 3497 3310 3558 τοῖς
3345 3497 3442 3548 ἀπ’
3475 3494 3640 3548 αὑτοῦ

2065 3578 2455 3648 πλανωμένοις.
2479 3582 2545 3635 Ai
2571 3581 2627 3635 δὲ
2661 3582 2971 3637 Ἐπιστολαὶ
3001 3585 3055 3636 αἱ
3087 3587 3216 3658 παρ’
3245 3585 3391 3657 αύτῷ
3418 3587 3640 3656 λεγόμε-

2064 3668 2152 3720 ναί
2211 3671 2353 3723 εἰσι·
2407 3671 2597 3745 πρώτη
2645 3674 2743 3744 μὲν
2792 3676 2930 3746 πρὸς
2995 3677 3260 3742 Γαλάτας,
3307 3679 3538 3749 δευτέρα
3585 3679 3638 3730 δὲ

2066 3759 2201 3830 πρὸς
2244 3761 2579 3833 Κορινθίους,
2651 3765 2805 3836 τρίτη
2851 3766 2984 3836 πρὸς
3036 3768 3352 3838 Κορινθίους
3383 3769 3629 3838 δευτέρα,

2064 3851 2294 3921 τετάρτη
2355 3853 2492 3922 πρὸς
2549 3853 2851 3924 Ῥωμαίους
2880 3894 2895 3918 ,
2953 3856 3174 3927 πέμπτη
3233 3858 3369 3928 πρὸς
3429 3860 3632 3912 Θεσσα-

2065 3937 2314 4009 λονικεῖς,
2372 3945 2502 4017 ἕκτη
2530 3986 2545 4010 ,
2589 3948 2726 4019 πρὸς
2769 3948 3186 4010 Θεσσαλονικεῖς
3217 3949 3464 4020 δευτέρα,
3493 3951 3632 4002 £6?)-

2069 4039 2292 4110 μηπρδς
2343 4039 2660 4108 Ἐφεσίους,
2739 4042 2898 4111 ὀγδόη
2965 4042 3100 4112 πρὸς
3161 4043 3500 4109 Κολωσσεῖς,
3549 4045 3627 4094 ἐν·

2065 4132 2196 4202 νατη
2242 4131 2377 4202 πρὸς
2426 4131 2720 4202 Φιλήμονα,
2773 4133 2972 4204 δεκάτη
3029 4133 3165 4204 πρὸς
3218 4133 3621 4206 Φιλιππησίους.

2069 4223 2221 4292 Ἔχει
2253 4223 2309 4276 δὲ
2355 4223 2448 4275 καὶ
2480 4224 2580 4292 τῆς
2611 4224 2745 4294 πρὸς
2785 4225 3105 4288 Λαοδικείας
3142 4226 3439 4297 λεγομένης
3472 4227 3623 4297 μέρη.

2078 4315 2167 4380 Ἐξ
2208 4309 2377 4386 οὗπερ
2408 4316 2750 4386 χαρακτῆρος
2797 4314 2890 4368 τοῦ
2941 4317 3069 4386 παρ’
3097 4317 3260 4370 αὑτοῦ
3305 4317 3624 4388 σωζομένου,

2064 4405 2156 4458 τοῦ
2184 4423 2241 4458 τε
2274 4404 2620 4473 Εὐαγγελίου,
2653 4404 2746 4458 καὶ
2777 4404 2886 4456 τῶν
2914 4403 3242 4458 Ἐπιστολῶν
3263 4407 3355 4459 τοῦ
3380 4406 3627 4460 Ἀποστὸ-

2065 4497 2176 4560 λου,
2216 4497 2382 4559 δεῖξαι
2409 4495 2566 4547 αὐτὸν
2607 4496 2664 4546 ὲν
2706 4493 2823 4564 Θεῷ
2870 4493 3063 4564 ἔχομεν
3102 4495 3392 4548 ἀπατεῶνα
3417 4496 3512 4549 καὶ
3543 4509 3623 4543 πε-

2067 4587 2423 4657 πλανημένον,
2457 4587 2548 4639 καὶ
2586 4585 2860 4656 ἀκρότατα
2902 4586 3187 4654 διελέγξαι.
3207 4588 3293 4653 Ἐξ
3319 4587 3494 4639 αὐτῶν
3525 4586 3621 4653 γὰρ

2063 4682 2164 4734 ἀνα
2173 4681 2444 4750 μφιϐὁλως
2472 4679 2579 4732 τῶν
2602 4681 2732 4749 παρ’
2754 4678 2918 4730 αὑτοῦ
2939 4679 3382 4749 ὁμολογουμένων
3409 4681 3620 4746 ἀνατρα-

2066 4771 2430 4843 πήσεται.Ἐκ
2471 4772 2579 4842 γὰρ
2623 4771 2731 4824 τῶν
2779 4771 2956 4824 αὐτῶν
2994 4772 3072 4824 ἐτι
3109 4772 3234 4842 παρ’
3263 4769 3424 4823 αὐτοῦ
3456 4769 3620 4836 lat-75¢-

390 4859 545 4920 dem,
591 4858 682 4925 qui
719 4857 996 4924 sapientia:
1027 4853 1304 4923 paululum
1357 4853 1626 4919 habeant,
1677 4856 1952 4910 maniieste

2066 4882 2192 4928 νων,
2221 4863 2313 4916 τοῦ
2342 4881 2400 4915 τε
2428 4862 2758 4932 Εὑαγγελίου
2781 4865 2874 4916 καὶ
2902 4862 3007 4915 τῶν
3035 4862 3368 4915 Ἐπιστολῶν
3395 4863 3617 4933 εύριςκο-

393 4947 786 5016 probabimus,
851 4957 1192 5012 nequaquam
1251 4956 1281 4994 a
1349 4941 1542 4997 Vetere
1615 4941 1952 5000 Testamenta

2067 4954 2261 5024 μένων,
2294 4953 2633 5023 δειχθήσεται
2665 4956 2693 5006 ὁ
2724 4954 2954 5024 Χριστὸς
2983 4957 3093 5016 τοῖς
3120 4956 3356 5015 συνετοῖς
3386 4953 3460 5023 μὴ
3489 4950 3617 5004 ἀλλό-
3695 4947 3702 4952 ’

391 5039 666 5093 Christum
688 5076 701 5100 ,
736 5044 828 5088 aut
858 5037 923 5088 ah
950 5051 1015 5089 eo
1050 5050 1174 5089 cum
1209 5047 1370 5088 carne
1404 5035 1654 5087 veniente
1676 5033 1952 5102 prophetat

2063 5059 2211 5111 τριος
2252 5038 2390 5096 εἶναι
2437 5043 2681 5106 Παλαιᾶς
2707 5043 3000 5113 Διαθήκης,
3032 5043 3124 5096 καὶ
3157 5044 3206 5096 οἱ
3237 5044 3506 5113 προφῆται
3535 5036 3612 5092 οὖν

393 5130 706 5181 abhorrere.
730 5124 1049 5190 Quinetiam
1070 5124 1524 5179 resurrectionem
1570 5137 1859 5191 corporum
1897 5125 1952 5178 at

2063 5131 2161 5182 οὐκ
2183 5129 2446 5199 ἀλλότριοι
2478 5130 2630 5193 ὄντες
2661 5129 2759 5198 τῆς
2787 5130 2878 5183 τοῦ
2909 5130 3107 5202 Κυρίου
3136 5131 3412 5201 ὲνδημίας,
3438 5130 3524 5183 καὶ
3543 5130 3612 5178 ὅτι

390 5216 648 5286 Apustolo
681 5214 1000 5284 praedicari,
1030 5222 1084 5270 et
1115 5217 1168 5268 in
1212 5230 1402 5270 eorum
1437 5214 1529 5282 qui
1562 5213 1794 5268 salutem
1829 5229 1964 5267 cori-

391 5314 693 5376 sequuntur
743 5321 1029 5358 numerum
1095 5307 1462 5359 Abrahamum
1523 5305 1591 5358 ab
1654 5307 1842 5360 eodem
1907 5315 1959 5359 et

389 5401 631 5454 lsaacum
661 5396 1032 5466 Jacobumque
1063 5396 1293 5463 referri;
1337 5413 1438 5451 nec
1472 5413 1580 5452 non
1616 5398 1823 5466 reliqua
1860 5397 1957 5454 de-

389 5487 840 5547 menstrabuntur
900 5487 1103 5555 omnia,
1158 5503 1278 5558 quae
1319 5496 1508 5542 sancta
1565 5489 1659 5546 Dei
1716 5488 1955 5544 Ecclesia

2064 5219 2354 5272 ἀνάστασιν
2374 5219 2573 5289 σαρκδς
2595 5221 2623 5271 ὁ
2640 5219 2958 5283 ’Λπὸστολος
2984 5219 3260 5289 κηρύττει,
3280 5221 3370 5271 καὶ
3395 5217 3611 5274 δικαίους

2064 5312 2189 5372 τοὺς
2219 5312 2501 5381 προφήτας
2521 5310 2792 5379 ὀνομάζει,
2826 5310 2917 5364 καὶ
2942 5313 2998 5362 ἐν
3029 5309 3352 5381 σωζομένοις
3373 5310 3610 5380 ὑπάρχῃ

2063 5419 2162 5464 τας
2198 5404 2322 5480 τοὺς
2357 5403 2480 5472 περὶ
2508 5401 2778 5472 Ἀϐρααμ,
2807 5403 2901 5456 καὶ
2933 5403 3136 5466 Ἰσαὰκ,
3175 5402 3269 5454 καὶ
3299 5401 3505 5464 Ἰακὼϐ,
3529 5394 3605 5449 καὶ

2065 5491 2239 5544 πάντα
2271 5495 2368 5545 ὅσα
2398 5493 2512 5545 ἐστὶ
2544 5491 2640 5560 τῆς
2679 5491 2838 5558 ἁγίας
2875 5493 2965 5544 τοῦ
3006 5492 3140 5545 Θεοῦ
3175 5491 3494 5562 Ἐκκλησίας
3518 5484 3603 5557 (τι)

468 5645 482 5674 ¹
519 5642 722 5711 Ephcs.
755 5657 807 5708 ν,
843 5642 930 5696 iii.
