3768 6182
115 175 232 235 709

821 172 1197 232 ADVERSUS
1235 173 1577 230 l-leliESES
1617 173 1736 227 LIB.
1786 172 1825 227 Ι.
1868 171 2030 228 TOM.
2073 170 2158 226 Ill.
2198 202 2270 214 —
2298 171 2573 229 HERES.
2600 171 2763 228 XLII.

3296 175 3405 234 ἨΟ

115 287 376 359 σωτήρια
404 286 498 340 καὶ
525 285 656 355 ἅγια
687 284 781 339 καὶ
809 287 874 340 ἐκ
897 286 1029 340 Θεοῦ
1061 287 1460 358 ἐστηριγμένα,
1492 288 1550 342 ἐν
1571 306 1629 341 τε
1656 290 1717 358 τῇ

1898 285 2137 349 oﬁtetur,
2173 285 2436 340 salutaria
2467 284 2558 339 illa
2589 286 2832 356 quidem,
2862 297 2929 340 ac
2969 286 3426 370 suncta,Deique'

113 378 309 431 πίστει
335 378 429 431 καὶ
460 378 520 431 ἐν
549 379 617 448 τῇ
645 375 865 445 γνώσει,
892 378 984 430 καὶ
1019 379 1078 430 ἐν
1112 378 1304 444 ἐλπίδι,
1335 379 1430 432 καὶ
1461 379 1717 432 διδασκα-

118 467 244 526 λία.

196 563 256 615 I'.
293 560 695 632 Παραθήσομαι
719 559 771 612 δὲ
792 560 886 613 καὶ
921 559 988 630 ἢν
1010 561 1364 633 ἐποιησάμην
1398 562 1520 616 κατ’
1550 561 1716 615 αὐτοῦ

119 651 536 721 πραγματείαν,
592 651 722 721 πρὶν
765 651 858 704 τοῦ
901 651 1109 722 ταύτην
1160 669 1261 722 μου
1307 654 1406 723 τὴν
1466 653 1717 717 σύνταξιν

119 741 522 797 ἐσπουδακέναι
552 739 639 793 διὰ
666 740 766 810 τῆς
798 741 952 811 ὑμῶν
977 725 1086 793 τῶν
1120 742 1365 811 ἀδελφῶν
1404 745 1720 814 προτροπῆς

121 830 459 902 ποιήσασθαι
498 829 630 882 Ἀπὸ
644 830 779 883 ἐτῶν
812 831 1010 884 ἱκανῶν
1035 834 1125 885 ἀνε
1136 833 1338 903 ρευνῶν
1358 833 1373 862 ¹
1403 833 1500 902 τὴν
1527 834 1716 885 τούτου

121 921 224 975 τοῦ
261 922 586 992 Μαρκίωνος
611 922 1040 994 ἐπινενοημένην
1083 923 1449 994 ψευδηγορίαν
1487 923 1583 976 καὶ
1630 923 1720 993 λης

127 1013 280 1084 ρώδη
307 1013 669 1079 διδασκαλίαν,
699 1015 870 1076 αὐτὰς
908 1014 972 1084 δὴ
1020 1015 1120 1078 τὰς
1168 1014 1261 1068 τοῦ
1316 1014 1714 1086 προειρημένου

129 1105 376 1174 βίϐλους,
411 1105 476 1168 ἃς
507 1106 768 1176 κέκτηται
795 1106 932 1176 μετὰ
961 1109 1147 1178 χεῖρας
1179 1106 1380 1170 λαϐὼν,
1413 1106 1473 1158 τό
1495 1123 1554 1158 τε
1586 1107 1716 1175 παρ’

126 1197 316 1250 αὐτῶν
345 1196 635 1265 λεγόμενον
667 1181 996 1265 Εὑαγγέλιον
1023 1199 1118 1250 καὶ
1143 1197 1497 1250 άποστολικὸν
1530 1195 1720 1249 καλού-

130 1305 301 1358 μενον
343 1289 472 1358 παρ’
501 1287 666 1357 αὐτῷ,
696 1287 1138 1358 ἐξανθισάμενος,
1164 1289 1277 1373 ίκαὶ
1323 1288 1717 1358 ἀναλεξάμενος

128 1379 257 1430 καθ’
285 1379 477 1450 εἱρμὸν
511 1379 620 1430 ἀπὸ
657 1378 765 1431 τῶν
812 1379 1224 1449 προειρημένων
1271 1379 1362 1432 δύο
1397 1378 1616 1449 βιϐλίων
1648 1377 1717 1430 τά

127 1469 354 1538 ἐλέγξαι
377 1469 538 1522 αὑτὸν
557 1470 853 1540 δυνάμενα,
885 1469 1103 1538 ἐδάφιόν
1131 1487 1184 1522 τι
1212 1469 1516 1535 συντάξεως
1539 1472 1718 1539 ἐποιη-

130 1561 342 1630 σάμην,
375 1559 680 1622 ἀκολούθως
725 1561 889 1624 τάξας
926 1561 1219 1628 κεφάλαια,
1269 1562 1364 1614 καὶ
1405 1560 1715 1632 ἐπιγράψας

1824 377 2152 432 auctoritate
2184 375 2461 438 roborata,
2505 390 2626 444 quae
2658 374 2937 430 communi
2971 375 3106 448 ﬁdef,
3142 380 3409 445 scientia,

1831 483 1949 538 spe,
1979 468 2338 535 doctrinaque
2365 465 2798 535 comprehendit.

1895 559 1961 614 Χ.
2008 559 2164 616 Libet
2191 576 2319 617 vero
2348 560 2772 630 disputationem
2807 557 3100 631 quamdam
3131 559 3222 613 hic
3255 559 3404 614 inse-

1821 668 1973 716 rere,
2015 666 2178 722 quam
2221 651 2484 708 adversus
2536 651 2849 705 haereticum
2895 651 3063 706 istum
3117 649 3409 704 elucubra-

1821 758 2037 806 veram,
2070 749 2364 813 antequam
2399 757 2536 812 opus
2568 741 2714 795 istud
2761 741 2980 795 hortatu
3008 748 3199 795 vestro
3228 740 3408 794 susei-

1822 847 2027 900 perem.
2075 831 2209 886 Nam
2265 846 2391 886 cum
2435 831 2620 886 multis
2659 831 2860 885 abhinc
2913 831 3073 886 annis
3115 830 3409 885 Marcionis

1819 924 1985 992 hujus
2009 921 2414 976 commentitias
2445 922 2677 986 fabulas,
2702 932 2756 976 et
2787 922 3110 976 inanissima
3144 921 3401 992 dogmata

1819 1021 2198 1084 perscrutatus
2241 1029 2419 1069 essem
2444 1054 2459 1078 ,
2496 1028 2743 1084 quosque
2777 1014 2864 1068 ille
2898 1014 3065 1068 libros
3101 1028 3202 1082 pro
3233 1028 3404 1068 cano~

1819 1106 1958 1160 nicis
2009 1104 2364 1174 comprobat;
2403 1112 2532 1174 puta
2574 1104 2935 1174 Evangelium
2981 1105 3126 1173 quod
3173 1104 3277 1174 ipsi
3312 1119 3410 1159 vo-

1819 1202 1984 1258 cant,
2011 1201 2067 1248 et
2099 1194 2460 1263 apostolicum
2510 1193 2579 1247 ab
2618 1192 2810 1247 iisdem
2864 1192 3204 1247 nominatum
3257 1192 3409 1248 evol-

1819 1300 1972 1350 vens,
2011 1284 2297 1340 selectiora
2332 1284 2459 1338 inde
2495 1285 2754 1337 nonnulla
2777 1324 2792 1349 ,
2828 1298 2950 1352 quae
2975 1285 3040 1338 ad
3073 1284 3226 1337 illum
3256 1282 3408 1338 refu-

1819 1377 2042 1432 tandum
2080 1377 2386 1447 pertinent,
2436 1375 2754 1430 continuata
2787 1375 2926 1430 serie
2972 1375 3405 1444 decerpsissem,

1817 1468 2090 1523 uberioris
2141 1466 2428 1537 cujusdam
2480 1467 2662 1536 operis
2712 1466 3069 1521 fundamenta
3107 1465 3303 1536 posui;
3344 1479 3409 1520 ac

1819 1558 2160 1627 singulorum
2197 1560 2436 1629 capitum
2481 1557 2726 1613 ordinem
2765 1558 2838 1610 ita
2872 1556 3164 1622 distribui,
3191 1563 3250 1609 ut
3285 1556 3409 1609 uni-

131 1652 341 1724 ἑκάστῃ
373 1652 530 1722 ρήσει
554 1649 793 1722 πρώτην,
829 1652 1114 1722 δευτέραν,
1149 1651 1372 1722 τρίτην·
1416 1654 1510 1705 καὶ
1546 1651 1717 1715 οὕτως

1898 1649 2018 1718 ique
2061 1649 2342 1703 sententia:
2363 1687 2378 1712 ,
2432 1648 2640 1717 prima,
2688 1647 2961 1713 secunda,
2995 1648 3156 1702 tertia
3177 1686 3192 1709 .
3226 1662 3291 1700 ac
3327 1647 3408 1702 sic

131 1743 240 1806 ἕως
279 1743 466 1811 τζλους
506 1742 802 1811 διεξῆλθον,
833 1744 892 1795 ἐν
932 1738 1014 1806 οἷς
1058 1743 1309 1812 φαίνεται
1337 1742 1561 1812 ἠλιθίως
1589 1741 1710 1796 καθ’

133 1832 327 1886 ἐαυτοῦ
363 1833 454 1886 ἐπὶ
486 1832 684 1895 ταύτας
724 1833 823 1895 τὰς
873 1835 1290 1904 παραμεινάσας
1329 1832 1422 1897 τοῦ
1451 1850 1510 1885 τε
1538 1833 1714 1899 Σωτῆ-

134 1940 229 1995 ρος
254 1924 348 1976 καὶ
389 1921 481 1976 τοῦ
498 1923 818 1976 Ἀποστόλου
847 1922 1021 1988 λέξεις
1047 1924 1353 1993 φυλάττων.
1381 1926 1448 1976 Αἱ
1483 1924 1581 1994 μὲν
1603 1925 1712 1995 γὰρ

132 2011 314 2067 αὐτῶν
342 2010 806 2082 παρηλλαγμένως
844 2011 936 2064 ὑπ’
955 2012 1124 2065 αὑτοῦ
1151 2011 1712 2084 ἐρῤᾳδιουργήθησαν,

127 2104 229 2157 καὶ
256 2102 334 2167 ῶς
363 2103 462 2155 οὐκ
493 2099 606 2172 εἶχε
637 2102 715 2172 τῷ
750 2102 891 2155 κατά
923 2103 1136 2156 Λουκᾶν
1178 2104 1496 2174 Εὑαγγελίῳ
1524 2103 1584 2156 τὸ
1621 2104 1715 2156 άν-

127 2193 420 2262 τίγραφον,
449 2189 571 2244 οὔτε
601 2193 634 2262 ή
659 2191 753 2244 τοῦ
781 2192 1138 2246 άποστολικοῧ
1166 2195 1514 2264 χαρακτῆρος
1541 2193 1715 2264 ἔμφα-

128 2299 248 2344 σις·
281 2281 418 2336 ἀλλα
444 2282 500 2335 δέ
530 2281 690 2351 φύσει
714 2283 788 2346 ὡς
817 2282 929 2354 ἔχει
968 2285 1062 2338 καὶ
1103 2285 1164 2338 τὸ
1195 2285 1528 2355 Εὑαγγέλιον
1558 2285 1650 2339 καὶ
1684 2285 1712 2336 ὁ

141 2372 489 2437 Ἀπόστο).ος,
527 2373 602 2444 μὴ
651 2373 956 2446 ἀλλαγέντα
1004 2376 1094 2428 ὑπ’
1129 2376 1315 2442 αὐτοῦ,
1361 2377 1633 2447 δυνάμενα
1658 2376 1713 2428 δὲ

127 2465 300 2518 αὐτὸν
334 2463 650 2533 διελέγχειν,
699 2463 765 2516 δι’
793 2459 867 2518 ὧν
897 2465 1167 2520 δείκνυται
1215 2467 1424 2521 Παλαιὰ
1471 2468 1712 2539 Διαθήκη

129 2554 503 2625 συμφωνοῦσα
548 2555 684 2625 πρὸς
710 2554 808 2625 τὴν
839 2557 1006 2620 Νέαν,
1043 2557 1136 2610 καὶ
1165 2559 1198 2628 ἡ
1227 2559 1400 2630 Καινὴ
1446 2559 1581 2630 πρὸς
1614 2562 1713 2632 τὴν

127 2646 381 2700 Παλαιὰν
415 2645 906 2716 Διαθήκην.Ἀλλαι
933 2647 990 2701 δὲ
1019 2648 1180 2702 πάλιν
1209 2651 1383 2714 λέξεις
1404 2651 1512 2704 τῶν
1533 2653 1712 2706 αὐτῶν

129 2735 362 2806 βιϐλίων
397 2735 751 2804 ὑποφαίνουσι
799 2737 1032 2808 Χριστὸν
1086 2740 1143 2790 ἐν
1186 2739 1348 2809 σαρκὶ⁹
1373 2739 1709 2809 ἐληλυθέναι,

128 2828 231 2880 καὶ
256 2827 316 2877 ἐν
342 2826 471 2895 ἡμῖν
498 2825 717 2889 τελείως
746 2827 1246 2898 ἐνηνθρωπηκέναι.
1265 2829 1424 2884 Ἀλλά
1445 2831 1537 2884 καὶ
1558 2832 1712 2886 ἄλλαι

130 2916 302 2970 πάλιν
334 2914 690 2985 ὁμολογοῦσαι
735 2916 830 2987 τὴν
869 2917 978 2971 τῶν
1023 2919 1233 2989 νεκρῶν
1265 2920 1578 2986 ἀνάστασιν,
1616 2923 1712 2976 καὶ

128 3008 228 3060 τὸν
273 3007 408 3060 Θεὸν
455 3009 550 3061 ἕνα
595 3007 726 3060 ὄντα
769 3007 970 3077 Κύριον
1016 3009 1230 3063 πάντων
1277 3013 1712 3085 παντοκράτορα,
1742 2993 1784 3050 C

128 3098 302 3153 αὐτὸν
336 3098 559 3169 ποιητὴν
590 3099 819 3169 ούρανοῦ
847 3099 941 3152 καὶ
966 3101 1088 3170 γῆς,
1120 3103 1214 3154 καὶ
1240 3102 1455 3156 πάντων
1485 3104 1593 3158 τῶν
1627 3106 1717 3158 ἐπὶ

129 3190 240 3260 γῆς
305 3190 610 3260 γενομένων
637 3230 652 3252 ,
711 3191 804 3242 καὶ
858 3190 980 3243 οὕτε
1047 3195 1566 3264 παραχαράσσουσαι
1622 3197 1715 3249 τοῦ

129 3278 473 3346 Εὐαγγελίου
523 3279 621 3349 τὴν
671 3279 883 3349 κλῆσιν,
925 3279 1049 3333 οὔτε
1098 3286 1205 3354 μὴν
1252 3284 1578 3358 ἀρνούμεναι
1627 3287 1720 3340 τὸν

131 3372 371 3441 ποιητὴν
400 3371 491 3423 καὶ
522 3370 850 3442 δημιουργὸν
893 3371 1002 3424 τῶν
1036 3374 1274 3438 πάντων,
1307 3375 1441 3429 ἀλλά
1465 3376 1720 3447 δηλοῦσαι

129 3461 229 3515 τὸν
275 3461 460 3529 σαφῶς
491 3460 910 3532 ὡμολογημένον
960 3464 1065 3517 ὑπὸ
1109 3465 1204 3518 τοῦ
1250 3472 1593 3543 χαρακτῆρος
1623 3472 1718 3525 τοῦ

130 3551 496 3606 ἀποστολικοῦ
539 3552 758 3606 καὶτοῦ
805 3555 1164 3623 εὐαγγελικοῢ
1191 3557 1563 3630 κηρύγματος.
1611 3563 1722 3616 Καὶ

132 3642 256 3696 ἐστι
285 3643 353 3695 τὰ
376 3645 507 3713 ἡμῖν
536 3646 1085 3716 πεπραγματευμένα
1117 3649 1174 3702 ἐν
1199 3649 1581 3721 ὑποκειμένοις
1610 3672 1721 3708 πα-

131 3735 497 3810 ρατιθέμενα,
531 3735 688 3790 ἅτινά.
717 3737 832 3790 ἐστι
863 3738 1014 3793 τάδε.

225 4020 545 4085 Προοιμιον
569 4007 678 4090 τῆς
702 4018 834 4087 περὶ
858 4019 977 4072 τῶν
1003 4023 1351 4090 Μαρκίωνος
1371 4025 1628 4088 βιϐλίων

495 4087 836 4155 ὑποθέσεως
861 4105 926 4142 τε
961 4092 1060 4144 καὶ
1083 4087 1357 4161 ἐλέγχοι).

207 4201 313 4255 IA’.
349 4201 500 4272 Ὅτῳ
529 4201 680 4270 φίλον
718 4202 834 4254 ἐστί
875 4201 974 4266 τὰς
1008 4205 1100 4257 τοῦ
1141 4205 1420 4278 ἀπατηλοῦ
1453 4211 1718 4282 Μαρκίω-

1821 1739 2078 1808 deinceps
2109 1740 2523 1808 praescriberem
2557 1757 2570 1793 :
2598 1747 2651 1794 et
2677 1740 2745 1793 ad
2783 1739 2943 1794 ﬁnem
2984 1754 3156 1808 usque
3191 1739 3407 1808 singula

1825 1839 2112 1897 notarem,
2157 1832 2214 1886 in
2245 1831 2446 1901 quibus
2497 1831 2633 1886 istas
2672 1829 2974 1886 Salvatoris
3016 1837 3112 1884 aut
3161 1829 3407 1898 Apostoli
3491 1827 3498 1834 ’

1823 1923 2125 1978 sententias
2151 1931 2342 1976 contra
2387 1937 2445 1977 se
2483 1921 2698 1977 videtur
2730 1921 3058 1977 stultissime
3084 1920 3402 1976 retinuisse.

1822 2011 2077 2077 Quaedam
2112 2011 2257 2068 enim
2295 2027 2360 2066 ex
2413 2012 2520 2068 illis
2569 2013 2638 2066 ab
2667 2027 2731 2067 eo
2769 2018 3117 2067 commutata:
3148 2010 3410 2080 deprava-

1824 2110 1997 2173 tacque
2033 2111 2192 2167 sunt;
2236 2102 2394 2172 3n
2438 2118 2546 2156 non
2577 2119 2640 2156 ea
2683 2102 2786 2157 ﬁde
2822 2109 3226 2172 repraesentata
3249 2143 3263 2168 ,
3299 2117 3407 2171 qua

1825 2202 1920 2250 aut
1963 2196 2018 2247 in
2061 2193 2342 2264 Evangelii
2401 2192 2699 2248 secundum
2753 2192 2954 2247 Lucam
3003 2192 3407 2261 exemplaribus

1822 2288 2097 2357 leguntur,
2139 2293 2232 2340 aut
2279 2285 2613 2355 apostolicus
2663 2284 2780 2354 ipse
2828 2284 3005 2354 stylus
3038 2299 3150 2352 pra:
3183 2299 3240 2338 se
3267 2282 3407 2339 ferre

1820 2379 2091 2453 videatur.
2127 2377 2277 2431 Alias
2331 2377 2571 2444 integras
2625 2382 2678 2429 et
2733 2376 3082 2443 incorruptas
3136 2375 3404 2444 reliquit;

1823 2466 2133 2539 cujusmodi
2179 2467 2394 2521 sincero
2425 2466 2480 2520 in
2509 2464 2800 2535 Evangelio
2845 2471 2897 2518 et
2945 2465 3208 2534 Apostolo
3250 2480 3409 2535 repe-

1822 2561 2078 2626 riuntur;
2110 2575 2176 2615 ex
2226 2559 2428 2628 quibus
2469 2556 2617 2610 illius
2654 2555 2908 2609 convinci
2943 2555 3227 2610 mendacia
3279 2571 3407 2624 pos-

1822 2657 1984 2716 sunt;
2021 2655 2210 2718 utpote
2245 2661 2366 2717 quae
2397 2643 2608 2700 Veteris
2665 2643 2998 2700 Testamenti
3046 2659 3170 2698 cum
3214 2642 3363 2698 Novo
3385 2683 3404 2709 ,

1823 2741 1988 2810 hujus
2031 2738 2276 2794 vicissim
2315 2753 2438 2792 cum
2467 2736 2560 2790 illo
2591 2736 3010 2791 consensionem
3060 2749 3124 2789 ac
3173 2749 3407 2789 concor-

1823 2832 1967 2887 diam
2019 2830 2318 2885 declarant.
2378 2827 2567 2884 lnsunt
2607 2828 2662 2879 in
2713 2827 2800 2882 his
2845 2825 3000 2881 libris
3030 2833 3085 2880 et
3116 2827 3219 2880 alia
3251 2827 3402 2891 loca,

1822 2920 2023 2990 quibus
2040 2925 2320 2988 assumpta
2342 2932 2506 2971 carne
2531 2916 2748 2970 venisse
2762 2915 3038 2970 Christum
3061 2915 3402 2991 ostendatur,

1821 3027 1884 3066 ac
1917 3010 2211 3080 perfectum
2259 3008 2403 3061 inter
2432 3021 2532 3069 nos
2567 3007 2840 3059 hominem
2879 3005 3051 3059 fuisse
3099 3014 3397 3059 versatum.

1823 3101 2104 3156 Accedunt
2139 3113 2202 3152 ea
2236 3113 2480 3168 quoque,
2511 3096 2714 3166 quibus
2763 3101 3104 3149 mortuorum
3138 3094 3406 3164 praedica-

1826 3201 1914 3247 tur
1958 3190 2248 3255 excitatio;
2301 3187 2552 3256 idemque
2595 3185 2738 3241 Deus
2784 3194 2839 3239 et
2882 3186 3260 3238 universorum
3297 3183 3401 3236 Do-

1823 3283 2006 3336 minus
2028 3281 2404 3350 omnipotens,
2432 3279 2556 3335 caeli
2590 3293 2653 3332 ac
2687 3285 2877 3340 terrae,
2909 3279 3258 3346 omniumque
3285 3288 3406 3344 qua

1825 3385 1952 3433 sunt
1985 3377 2040 3431 in
2086 3387 2230 3430 terra
2268 3375 2518 3429 conditor
2552 3373 2883 3443 perhibetur.
2933 3371 3064 3436 Qua:
3099 3385 3199 3424 nec
3231 3385 3405 3424 evan-

1824 3469 2048 3538 gelicam
2091 3469 2428 3520 vocationem
2467 3463 2809 3528 adulterant,
2835 3477 2936 3516 nec
2975 3463 3144 3515 totius
3179 3461 3406 3532 univcr-

1824 3558 2003 3615 sitatis
2047 3563 2327 3610 auctorem
2358 3570 2424 3608 ao
2453 3555 2757 3609 moiitorem
2801 3555 3100 3622 abnegant;
3128 3554 3222 3607 sed
3252 3569 3406 3606 enm-

1823 3653 1944 3707 dem
1976 3650 2154 3719 ipsum
2192 3647 2437 3702 referunt
2464 3687 2479 3711 ,
2505 3646 2722 3715 qualem
2751 3653 2804 3698 et
2836 3646 3168 3714 apostolicus
3197 3645 3404 3714 stylus,

1824 3752 1877 3799 et
1909 3740 2221 3812 evangelica
2243 3737 2555 3808 praedicatio
2577 3736 2880 3808 proﬁtetur.
2906 3735 3036 3801 Qua:
3067 3737 3228 3805 igitur
3256 3736 3406 3791 hunc

1824 3835 1879 3888 in
1910 3831 2129 3886 modum
2182 3827 2584 3884 elaboravimus
2622 3826 2738 3879 suis
2787 3826 3119 3896 argumentis
3158 3823 3401 3895 digesta,

1827 3925 2085 3993 deinceps
2119 3918 2470 3990 proponenda
2498 3925 2645 3971 sunt.

1903 4039 1979 4093 De
2028 4036 2318 4090 Marcionis
2362 4033 2510 4087 libris
2551 4032 2818 4113 opusculi,
2852 4031 2957 4085 sive
2995 4031 3330 4098 refutatioms

2453 4119 2782 4172 prommmm.

1897 4219 1988 4275 XI.
2018 4218 2075 4272 Si
2105 4218 2228 4288 quis
2259 4216 2566 4270 adulterina
2597 4213 2884 4268 Marcionis
2911 4213 3127 4266 inventa
3159 4224 3402 4279 compre-

127 4313 226 4360 νος
254 4295 443 4358 νόθους
480 4294 720 4358 ἐπινοίας
748 4295 1029 4364 ἀκριϐοῦν,
1073 4300 1167 4352 καὶ
1208 4301 1306 4364 τὰς
1357 4303 1717 4367 ἐπιπλάστους

1900 4312 2063 4365 ndere
2096 4309 2313 4379 penitus
2345 4307 2562 4371 studet,
2599 4321 2662 4359 ac
2695 4304 2920 4374 pecudis
2956 4302 3102 4357 illius
3131 4301 3403 4355 versutias

129 4387 230 4442 τοῦ
261 4385 428 4440 αὑτοῦ
463 4385 806 4457 βοσκήματος
839 4387 1088 4457 μηχανὰς
1119 4389 1496 4458 διαγινώσκειν
1522 4395 1718 4464 τουτῳῒ

131 4481 214 4548 τῷ
243 4477 654 4549 συλλελεγμένῳ
684 4482 816 4550 πονή
829 4498 956 4550 ματι
991 4481 1230 4550 ἐντυχεῖν
1261 4483 1334 4553 μὴ
1366 4487 1714 4540 κατοκνείτω.

149 4571 244 4623 Ἐκ
279 4568 391 4639 γὰρ
431 4568 525 4621 τοῦ
565 4571 693 4638 παρ’
719 4569 882 4622 αὑτοῦ
912 4570 1243 4637 Εὑαγγελῐου
1269 4571 1336 4624 τὰ
1368 4573 1502 4643 πρὸς
1535 4575 1719 4646 ἀντίρ-

131 4664 297 4733 ρησιν
327 4662 427 4730 τῆς
460 4659 766 4731 πανούργου
795 4660 960 4713 αὐτοῦ
1002 4661 1347 4730 ῥᾳδιουργίας
1383 4649 1718 4718 σπουδάσαν-

127 4771 226 4816 τες
261 4751 643 4823 παρεθέμεθα’
695 4752 760 4804 ἵν’
789 4753 838 4804 οἱ
890 4751 966 4822 τῷ
1013 4753 1287 4822 πονήματι
1331 4756 1570 4825 ἐντυχεῖν
1601 4757 1718 4810 ἑθέ-

128 4847 342 4925 λοντες,
364 4845 528 4914 ἔχωσι
549 4838 705 4898 τοῦτο
725 4845 1022 4914 γυμνάσιον
1055 4845 1313 4916 ὀξύτητος
1343 4847 1478 4919 πρὸς
1497 4847 1715 4919 ἔλεγχον

126 4938 241 4991 τῶν
275 4936 370 4990 ὑπ’
402 4935 565 4990 αὐτοῦ
593 4937 1026 5005 ἐπινενοημένων
1056 4936 1384 5004 ξενολεξιῶν.
1404 4940 1461 4992 '0
1495 4940 1718 5010 μὲνγὰρ

128 5027 423 5101 χαρακτὴρ
448 5026 540 5080 τοῦ
574 5027 717 5080 κατά
749 5029 961 5080 Λουκᾶν
993 5030 1248 5097 σημαίνει
1275 5029 1332 5082 τὸ
1363 5032 1714 5100 Εὑαγγέλιον·

126 5122 209 5180 ὡς
233 5119 292 5171 δὲ
317 5117 765 5188 ἠκρωτηρίασται
800 5119 934 5186 μήτε
975 5118 1152 5189 ἀρχὴν
1187 5119 1345 5188 ἔχων.
1381 5123 1517 5190 μήτε
1549 5123 1716 5192 μέσα,

130 5214 276 5280 μήτε
311 5208 485 5272 τέλος,
518 5208 730 5278 ἱματίου
765 5207 1108 5279 βεϐρωμένου
1146 5211 1249 5264 ὑπὸ
1282 5211 1492 5264 πολλῶν
1539 5213 1717 5282 om?»

125 5303 324 5372 ἐπέχει
352 5300 444 5353 τὶν
477 5299 694 5373 τρόπον.
721 5300 898 5363 Εὐθὺς
927 5302 1024 5371 μὲν
1058 5301 1166 5373 γὰρ
1196 5303 1254 5356 ἐν
1275 5305 1338 5372 τῇ
1370 5303 1508 5373 ἀρχῇ
1543 5304 1716 5356 πάντα

125 5393 198 5447 τὰ
221 5389 322 5444 ἀπ’
340 5389 518 5459 ἀρχῆς
542 5387 620 5458 τῷ
640 5391 822 5461 Λουκᾷ
850 5393 1408 5463 πεπραγματευμένα,
1440 5394 1715 5446 τουτέστιν

201 5571 217 5603 ¹
248 5568 379 5623 For.
413 5567 609 5620 ἱκανῶν
639 5569 759 5638 γάρ.

1823 4417 2012 4456 omnes
2042 4407 2096 4454 et
2132 4397 2360 4452 artiﬁcia
2395 4409 2748 4465 cognoscere,
2778 4393 2882 4446 hoc
2917 4391 3059 4460 quod
3090 4406 3119 4443 a
3156 4406 3240 4444 me
3266 4404 3401 4441 con-

1822 4494 2101 4547 cinnatum
2135 4503 2275 4558 opus
2325 4493 2410 4539 est
2455 4491 2760 4553 percurrat.
2811 4479 2945 4533 Nam
2977 4496 3040 4534 ex
3075 4479 3192 4548 ejus
3227 4477 3404 4531 Evan-

1822 4584 1961 4655 gelio
1989 4595 2108 4652 qua:
2152 4587 2338 4633 contra
2379 4575 2727 4630 calliditatem
2762 4572 2936 4642 ipsius
2968 4571 3172 4625 scelere
3221 4569 3402 4636 impli-

1821 4685 1997 4729 catam
2049 4668 2250 4740 0pponi
2299 4671 2503 4736 queant
2553 4663 2797 4719 studiose
2843 4662 3168 4731 selegimus,
3206 4666 3266 4712 ut
3307 4657 3401 4726 qui

1821 4769 2065 4818 nostram
2097 4761 2238 4812 hanc
2298 4753 2828 4810 lucubratiunculam
2865 4752 2920 4805 in
2961 4765 3155 4804 manus
3186 4767 3405 4808 sumera

1822 4851 2122 4913 voluerint,
2154 4848 2209 4901 in
2243 4862 2306 4901 ea
2334 4844 2626 4914 quamdam
2654 4841 2923 4895 acuminis
2954 4838 3398 4895 exercitationem

1825 4944 2093 5005 habeant,
2128 4955 2236 5008 quo
2260 4938 2669 5006 peregrinarum
2705 4947 2896 4986 vocum
2937 4933 3005 4986 ab
3037 4932 3127 4984 illo
3161 4940 3403 5000 reperta-

1826 5049 1944 5088 rum
1996 5031 2288 5087 novitatem
2341 5028 2692 5096 redarguant.
2742 5024 2806 5078 Et
2853 5023 3070 5093 quidem
3106 5022 3401 5078 Marcionis

1828 5125 1915 5178 ille
1962 5123 2098 5176 liber
2139 5118 2490 5189 Evangelium
2522 5115 2823 5170 secundum
2867 5113 3067 5167 Lucam
3105 5114 3248 5184 stylo
3281 5115 3400 5182 ipso

1825 5215 2031 5270 referre
2059 5211 2292 5274 videtur,
2326 5215 2383 5262 ut
2413 5216 2594 5262 autem
2639 5207 2707 5260 ab
2732 5221 2796 5260 eo
2827 5205 3108 5259 mutilatus
3157 5211 3274 5263 est,
3300 5203 3400 5258 ini-

1826 5306 1925 5365 tio.
1986 5302 2165 5357 medio
2204 5316 2267 5354 ac
2311 5301 2415 5354 ﬁne
2443 5298 2774 5362 decurtatis,
2804 5295 3012 5350 corrosi
3050 5295 3271 5352 atinels
3300 5310 3400 5347 un-

1827 5395 1992 5464 dique
2035 5390 2341 5448 vestimenti
2375 5388 2684 5445 simillimus
2739 5396 2842 5443 est.
2903 5385 3114 5441 litt-nim
3157 5387 3224 5446 ab
3282 5397 3402 5455 Ipso
