3768 6182
390 211 486 264 'ill

1793 205 1852 262 S.
1895 204 1958 258 EI

2120 202 2242 257 1Νῐι
3556 204 3648 258 712

391 320 575 372 statim
603 315 784 381 initio,
806 331 870 371 ea
898 315 1042 370 unde
1065 315 1243 372 Lucas
1270 331 1502 372 exorsus
1531 325 1638 379 est,
1661 317 1917 371 nimirum
1949 335 1958 372 :

2120 334 2143 378 ;
2174 314 2348 382 λέγει’
2397 313 2741 382 Ἐπειδήπερ
2771 317 2987 369 πολλοὶ
3015 316 3448 384 ἐπεχείρησαν,
3471 317 3565 366 καὶ
3591 317 3648 368 2':

389 407 655 474 Quoniam
681 406 888 478 quidem
937 407 1091 460 multi
1122 409 1299 461 conati
1327 417 1451 461 sunt
1496 408 1746 462 ordinare
1787 425 1973 462 narra-

391 500 583 553 tionem
603 539 618 564 ,
649 508 752 553 etc.
777 501 816 563 ¹,
852 514 956 552 una
991 515 1113 553 cum
1141 497 1468 554 Elizabethze
1499 507 1553 553 et
1585 499 1763 569 angeli
1791 499 1973 552 Maria:

394 586 600 658 Virgini
629 589 883 642 nuntium
911 587 1184 643 aiferentis
1209 589 1468 652 historia,
1493 587 1721 643 Joannis
1752 591 1878 643 item
1909 603 1972 641 ac

389 677 852 748 Zachariaeﬁlﬁ
865 679 1107 748 adeoque
1123 680 1232 732 nati
1249 680 1392 748 apud
1409 678 1718 734 Bethlehem
1735 678 1969 744 Domini,

390 782 514 820 cum
564 767 808 836 ejusdem
845 767 1188 838 genealogia,
1213 782 1276 820 ac
1305 769 1627 838 baptismate
1667 785 1681 822 :
1715 768 1850 830 haec,
1890 768 1974 820 in-

383 872 584 926 quam,
622 857 805 911 omnia
848 855 1253 911 circumcidens
1306 872 1371 911 ac
1433 856 1784 920 transiliens,
1848 855 1974 911 inde

388 948 739 1018 Evangeiium
777 947 1076 1012 exorditur,
1114 949 1267 1002 Anno
1299 965 1368 1002 xv
1400 948 1598 1001 Tiberii
1654 946 1885 1002 Cwsaris
1915 951 1934 978 ²
1955 988 1968 1012 ,

380 1046 496 1094 etc.
547 1038 660 1093 Hoc
716 1038 885 1109 igitur
937 1039 1086 1093 illius
1126 1039 1346 1093 initium
1391 1049 1494 1094 est.
1550 1038 1736 1108 Neque
1793 1049 1973 1093 tamen

390 1135 585 1181 uetera
609 1127 800 1182 ordine
823 1128 1087 1197 pertexit;
1111 1143 1302 1183 verum
1329 1127 1602 1198 quaedam,
1628 1138 1687 1184 ut
1713 1129 1972 1192 diximus,

387 1226 672 1289 amputat,
708 1220 858 1274 addit
902 1221 1040 1288 alia,
1082 1237 1286 1293 susque
1333 1223 1544 1293 deque,
1597 1224 1742 1293 quod
1785 1223 1972 1287 aiunt,

387 1308 572 1361 omnia
610 1311 938 1376 perturbans
962 1351 976 1374 ,
1011 1326 1112 1366 nec
1153 1319 1302 1366 recta
1352 1313 1640 1383 gradiens,
1676 1313 1771 1368 sed
1809 1313 1971 1366 mali-

2074 405 2228 474 ἑξῆς·
2279 406 2374 458 καὶ
2415 405 2484 458 τὰ
2526 405 2654 475 περὶ
2697 399 2796 475 τῆς
2823 405 3126 470 Ἐλισάϐετ,
3159 407 3251 458 καὶ
3295 404 3390 458 τοῦ
3427 405 3647 472 ἀγγέλου

2073 495 2554 565 εὐαγγελιζομένου
2601 495 2701 566 τὴν
2740 496 2958 567 Μαρίαν
2991 495 3288 570 Παρθένον,
3309 495 3562 548 Ἰωάννου
3598 513 3647 549 τε

2073 587 2169 638 καὶ
2199 587 2488 658 Ζαχαρίου,
2515 587 2610 639 καὶ
2634 587 2732 656 τῆς
2767 589 2825 640 ὲν
2858 586 3106 658 Βηθλεὲμ
3132 588 3445 656 γεννήσεως
3471 603 3645 654 γενει-

2073 676 2277 744 λογίας,
2317 679 2412 730 καὶ
2443 679 2544 749 τῆς
2594 677 2686 730 τοῦ
2711 678 3082 748 βαπτίσματος
3107 677 3459 739 ὑποθέσεως·
3494 675 3646 728 ταῦτα

2075 769 2253 822 πάντα
2287 770 2587 840 περικόψας
2620 770 2962 840 ἀπεπήδησε,
3008 769 3104 820 καὶ
3149 767 3326 840 ἀρχὴν
3360 767 3457 820 τοῦ
3485 768 3646 833 Εὔιτ-

2073 859 2252 926 γελῐου
2289 859 2445 924 ἔταξε
2482 861 2682 930 ταύτην
2703 877 2716 888 ·
2762 861 2858 913 Ἐν
2893 859 2972 923 τῷ
2997 858 3525 935 πεντεκαιδεκὰτῳ¹
3547 858 3647 911 ἔτει

2079 951 2337 1018 Τιϐερίου
2361 951 2683 1019 Καίσαρος,
2706 950 2800 1003 καὶ
2822 949 2891 1002 τὰ
2914 948 3060 1018 ἑξῆς.
3079 948 3362 1001 Ἐντεῦθεν
3390 944 3486 999 οὖν
3510 943 3646 1009 οὗτος

2074 1038 2326 1108 ἄρχεται,
2365 1039 2457 1090 καὶ
2488 1039 2549 1090 οὐ
2581 1038 2702 1091 καθ’
2730 1037 2921 1107 εἱρμὸν
2956 1037 3115 1090 πάλιν
3143 1035 3420 1106 ἐπιμένει,
3446 1034 3574 1087 ἀλλὰ
3593 1036 3650 1085 τὰ

2078 1131 2196 1198 μὲν,
2229 1129 2305 1192 ὡς
2347 1131 2630 1200 προεῖπον,
2680 1128 3041 1199 παρακόπτει,
3072 1127 3140 1180 τὰ
3190 1126 3248 1180 δὲ
3301 1125 3645 1196 προστίθηςιν

2074 1218 2186 1271 ἄνω
2222 1218 2388 1281 κάτω,
2421 1219 2521 1270 οὐκ
2551 1217 2726 1288 ὀρθῶς
2753 1216 3004 1287 βαδίζων,
3037 1216 3175 1268 ἀλλὰ
3200 1216 3651 1288 ὲρῤᾳδιουργημέο

2077 1326 2183 1370 νως
2217 1309 2394 1362 πάντα
2427 1309 2842 1380 περινοστεύων.
2876 1310 2988 1362 Καὶ
3017 1308 3197 1362 ἐστιν·

388 1401 530 1454 tiose
565 1399 671 1453 huc
702 1401 939 1470 illucque
969 1403 1268 1458 cursitans.
1310 1404 1387 1457 Ea
1425 1417 1592 1471 porro
1623 1413 1972 1472 sequuntur:
2075 1414 2082 1421 ·

461 1490 512 1544 1.
537 1489 730 1544 Abiens
772 1491 984 1545 ostende
1025 1501 1072 1546 te
1115 1491 1408 1554 sacerdoti,
1430 1500 1478 1545 et
1508 1493 1640 1560 offer
1674 1508 1768 1557 pro
1795 1493 1976 1558 expia-

389 1581 528 1634 tione
570 1590 690 1648 tua,
731 1583 864 1634 sicut
897 1582 1140 1650 praecepit
1170 1581 1403 1651 Moyses,
1442 1592 1500 1634 ut
1535 1582 1720 1636 sithoc
1742 1583 1978 1636 testimo-

2147 1487 2216 1534 a'.
2243 1481 2552 1537 Ἀπελθὼν
2568 1480 2772 1545 δεῖξον
2791 1480 3052 1535 σεαυτὸν
3074 1479 3152 1545 τῷ
3171 1480 3335 1549 ἱερεῖ,
3357 1479 3459 1533 καὶ
3482 1494 3649 1548 προσ-

2077 1572 2282 1643 ένεγκε
2324 1571 2458 1640 περὶ
2509 1571 2617 1624 τοῦ
2655 1572 3026 1641 καθαρισμοῦ
3072 1588 3212 1636 σου,
3243 1572 3446 1637 καθὼς
3479 1587 3648 1640 πρίσ-

389 1670 536 1723 nium
577 1671 753 1737 vobis,
785 1686 882 1740 pro
915 1687 979 1727 eo
1011 1671 1158 1741 quod
1211 1686 1243 1726 a
1289 1671 1578 1728 Salvatore
1617 1673 1826 1728 dictum
1859 1679 1958 1728 est.

2120 1664 2249 1727 ralis
2284 1661 2566 1730 Μωυσῆς,
2597 1663 2699 1715 ἵνα
2719 1657 2763 1733 ᾖ
2778 1665 3108 1732 μαρτύριον
3135 1662 3313 1716 τοῦτο
3333 1663 3502 1732 ὑμῖν.
3522 1664 3647 1714 ’Avit'

387 1763 445 1815 in
478 1762 831 1816 testimonium
857 1763 985 1831 ipsis
1013 1764 1056 1817 ⁸.

459 1851 514 1904 2.
551 1851 620 1904 Ut
657 1861 833 1906 autem
861 1853 1045 1907 sciatis
1064 1891 1079 1918 ,
1110 1853 1234 1923 quia
1265 1861 1578 1922 potestatem
1605 1852 1757 1907 habet
1797 1851 1974 1906 Filius

387 1943 616 1997 hominis
641 1942 945 1997 dimittendi
973 1953 1188 2012 peccata
1212 1945 1265 1998 in
1299 1953 1440 1998 terra
1462 1944 1506 1998 ⁸.

463 2035 518 2089 5.
546 2034 806 2088 Dominus
835 2043 913 2089 est
949 2033 1128 2088 Filius
1152 2035 1381 2090 hominis
1408 2036 1570 2089 etiam
1597 2033 1815 2090 Sabbati
1833 2042 1870 2088 ⁸.

460 2216 515 2269 4.
545 2213 745 2268 ludam
777 2213 1126 2268 Iscariotltem
1148 2254 1163 2278 ,
1199 2216 1291 2285 qui
1332 2215 1437 2284 fuit
1480 2215 1745 2285 proditor.
1777 2215 1882 2270 Pro
1909 2228 1976 2270 eo

383 2305 534 2374 quod
567 2316 688 2369 est,
734 2303 1016 2358 Descendit
1050 2319 1170 2358 cum
1192 2305 1353 2372 ipsis,
1384 2305 1548 2360 habet
1589 2305 1871 2360 Descendit
1920 2305 1977 2360 in

388 2394 533 2462 ipsos
556 2393 600 2445 ⁸.

461 2483 515 2537 5.
549 2481 619 2536 Et
642 2483 810 2538 omnis
838 2483 994 2536 turba
1025 2484 1291 2553 quterebat
1329 2501 1449 2539 eum
1479 2494 1692 2556 tangere
1717 2485 1761 2541 ⁷.

461 2571 516 2626 6.
558 2570 630 2624 Et
653 2573 762 2641 ipse
787 2572 1001 2626 elevatis
1051 2573 1218 2627 oculis
1248 2575 1382 2628 suis.
1413 2573 1710 2628 Secundum
1741 2575 1852 2630 haec
1881 2588 1975 2630 εα-

385 2675 509 2716 aem
536 2661 803 2732 faciebant
831 2662 1096 2732 prophetis
1123 2673 1302 2732 patres
1336 2665 1494 2719 vestri
1517 2665 1561 2720 ⁸.

465 2845 514 2896 7.
543 2843 675 2898 Dico
701 2852 877 2898 autem
903 2855 924 2898 :
955 2842 1183 2898 Tantam
1223 2843 1382 2913 fidem
1407 2859 1568 2914 neque
1594 2843 1651 2898 in
1698 2843 1873 2898 Israel
1896 2844 1978 2896 in-

393 2936 508 2990 veni
533 2937 576 2989 ’.

2078 1746 2140 1808 οὗ
2167 1749 2317 1807 εἴπεν
2345 1757 2374 1807 ὁ
2400 1753 2613 1824 Σωτὴρ,
2639 1756 2725 1819 εὶς
2750 1754 3082 1822 μαρτύριον
3113 1753 3342 1820 αὐτοῖς.

2146 1842 2212 1912 β’.
2254 1843 2390 1896 Ἵνα
2416 1841 2486 1894 δὲ
2521 1841 2738 1910 εἰδῆτε,
2757 1841 2845 1894 ὅτι
2867 1842 3159 1905 ἐξουσίαν
3179 1842 3308 1909 ἔχει
3335 1846 3368 1894 ό
3403 1842 3538 1906 Υἱὸς
3557 1843 3646 1896 τοῦ

2075 1931 2389 2002 ἀνθρώπου
2421 1933 2660 2002 ἀφιέναι
2687 1933 2974 2002 ἁμαρτίας
2996 1933 3094 1986 ἐπὶ
3125 1933 3236 2001 τῆς
3263 1933 3399 2004 γῆς.

2146 2033 2215 2094 γ’.
2255 2026 2479 2093 Κύριός
2510 2025 2681 2081 ἐστιν
2709 2027 2742 2078 ὁ
2780 2025 2913 2090 Υἱὸς
2942 2025 3050 2078 τοῦ
3079 2024 3398 2092 ἀνθρώπου
3434 2027 3533 2079 καὶ
3557 2026 3647 2080 τοῦ

2075 2114 2399 2175 Σαϐϐάτου.

2145 2207 2208 2260 δ’.
2249 2206 2475 2260 Ἰούδαν
2529 2204 2839 2273 Ἰσκαριὼθ
2859 2247 2877 2271 ,
2931 2204 3000 2271 ὃς
3052 2205 3289 2275 ἐγένετο
3344 2207 3646 2275 προδότης.

2088 2295 2235 2348 Ἀντὶ
2271 2293 2445 2361 τοῦδε,
2469 2294 2697 2362 Κατέϐη
2719 2293 2849 2362 μετ’
2877 2291 3097 2357 αὐτῶν,
3144 2293 3280 2364 ἔχει,
3321 2295 3551 2364 Κατέεῖη
3591 2297 3650 2349 ἐν

2077 2383 2302 2450 αὐτοῖς.

2148 2472 2210 2529 ε’.
2251 2473 2363 2528 Καὶ
2391 2472 2510 2539 πᾶς
2538 2476 2572 2526 ό
2597 2473 2782 2542 ὄχλος
2808 2471 2996 2542 africae
3022 2472 3317 2528 ἅπτεσθαι
3348 2476 3559 2528 αὐτοῦ.

2151 2571 2226 2628 ς’.
2265 2564 2372 2618 Kal
2405 2563 2589 2628 αὐτὸς
2623 2562 2849 2630 ἐπάρας
2891 2563 3036 2629 τοὺς
3067 2564 3422 2633 ὀφθαλμοὺς
3453 2563 3650 2620 αὐτοῦ.

2081 2655 2238 2711 Κατὰ
2266 2655 2339 2709 τὰ
2370 2653 2523 2708 αὐτὰ
2546 2654 2796 2708 ἐποίουν
2820 2653 2946 2720 τοῖς
2970 2654 3307 2723 προφήταις
3334 2659 3390 2709 ol
3415 2656 3648 2724 πατέρες

2078 2745 2264 2815 ὑμῶν.

2148 2831 2214 2901 ζ’.
2259 2836 2421 2907 Λέγω
2447 2835 2514 2889 δέ
2535 2851 2549 2866 ·
2588 2835 2896 2903 Τοσαύτην
2928 2835 3138 2890 πίστιν
3165 2835 3311 2890 οὐδὲ
3339 2836 3414 2891 ἐν
3443 2837 3526 2902 τῷ
3550 2839 3648 2893 ἰσ-

2072 2927 2238 2996 ραὴλ
2262 2923 2461 2995 εὗρον.

461 3030 515 3084 8.
551 3029 911 3099 Depravatum
954 3036 1039 3083 est
1069 3028 1138 3083 ab
1164 3042 1230 3084 eo
1264 3029 1499 3083 :Beatus
1536 3031 1625 3099 qui
1672 3046 1775 3083 non
1817 3031 1955 3099 fueri

2150 3025 2220 3088 η’.
2263 3017 2739 3088 Παρηλλαγμένον
2778 3017 2839 3069 τὸ
2867 3057 2882 3082 ,
2940 3015 3240 3085 Μακάριος
3299 3017 3371 3083 ὃς
3421 3016 3532 3069 ἐὰν
3577 3017 3648 3086 μή

393 3119 795 3174 scandalizatus
843 3121 900 3174 in
931 3136 1011 3173 me
1039 3122 1108 3173 ιο.

465 3208 518 3262 9.
548 3207 682 3262 Nam
703 3209 771 3263 ad
800 3207 1066 3264 Joannem
1090 3209 1194 3264 ista
1229 3209 1505 3266 referebat
1531 3227 1544 3262 :
1573 3211 1675 3266 Hic
1692 3211 1849 3266 estde
1877 3214 1977 3283 qu’o

395 3299 646 3367 scriptum
669 3308 744 3352 est
766 3311 785 3350 :
814 3298 948 3353 Ecce
968 3315 1060 3370 ego
1087 3301 1236 3354 mitto
1267 3303 1510 3372 angelum
1543 3319 1715 3357 meum
1748 3313 1869 3356 ante
1901 3303 1980 3372 fa-

395 3389 524 3440 ciem
558 3397 704 3440 tuam
725 3390 739 3419 ¹
752 3389 790 3441 ι.

467 3478 552 3533 10.
593 3477 664 3531 Et
703 3480 969 3548 ingressus
1015 3479 1073 3532 in
1123 3479 1338 3534 domum
1382 3479 1650 3535 Pharisaei
1691 3481 1975 3536 discubuit.

395 3564 592 3622 Mulier
633 3583 751 3622 vero
785 3579 934 3622 stans
976 3577 1117 3623 retro
1138 3609 1152 3634 ,
1186 3571 1454 3637 peccatrix
1498 3587 1646 3624 sec-us
1673 3571 1863 3639 pedes,
1897 3572 1976 3626 la-

395 3660 587 3727 crymis
619 3659 771 3727 pedes
795 3659 1005 3729 rigavit,
1037 3669 1087 3714 et
1119 3661 1292 3726 unxit,
1325 3670 1375 3715 et
1403 3662 1642 3716 osculata
1675 3672 1756 3717 est
1776 3664 1839 3718 ".

469 3829 555 3883 11.
588 3829 652 3883 Et
684 3846 913 3888 rursus:
937 3832 1067 3888 Ilaec
1097 3833 1348 3904 lacrymis
1378 3836 1571 3906 rigavit
1595 3836 1759 3906 'pedes
1797 3853 1937 3893 meos
1959 3879 1974 3905 ,

395 3926 446 3971 et
473 3919 646 3983 unxit,
677 3928 726 3971 et
763 3920 1006 3974 osculata
1045 3931 1121 3974 est
1149 3922 1214 3975 ¹³.

469 4008 556 4060 12.
609 4007 728 4061 Non
790 4010 950 4064 habet
1003 4011 1108 4065 ista
1151 4030 1164 4064 :
1205 4010 1381 4066 Mater
1432 4014 1595 4082 ipsius
1623 4054 1637 4078 ,
1683 4024 1734 4069 et
1779 4015 1974 4085 fratres

399 4099 594 4166 ipsius;
624 4100 720 4153 sed
752 4100 854 4153 hoc
881 4100 1058 4154 solum
1093 4120 1106 4154 :
1137 4101 1312 4156 Mater
1351 4113 1444 4156 tua
1489 4114 1538 4158 et
1569 4106 1761 4173 fratres
1794 4109 1872 4162 tui
1907 4108 1971 4162 ν’.

473 4280 559 4335 15.
592 4278 978 4351 Navigantibus
1014 4283 1142 4352 ipsis
1173 4282 1507 4339 obdormivit.
1538 4283 1608 4337 At
1637 4284 1727 4338 ille
1755 4302 1971 4356 surgens

397 4373 684 4442 increpavit
714 4384 919 4428 ventum
942 4384 991 4428 et
1026 4391 1169 4429 mare
1197 4377 1262 4429 ιδ.

465 4463 628 4532 313
664 4464 748 4518 14.
782 4462 852 4517 Et
878 4466 1094 4535 contigit
1122 4465 1247 4519 dum
1293 4468 1412 4533 iret,
1458 4477 1576 4523 uta
1612 4469 1778 4524 turbis
1821 4486 1968 4524 com-

397 4555 732 4622 primeretur.
768 4553 837 4607 Et
868 4555 1058 4611 mulier
1100 4573 1219 4610 cum
1262 4560 1516 4628 tetigisset
1549 4561 1741 4631 ipsum,
1775 4571 1967 4615 sanata

397 4654 475 4698 est
521 4662 553 4698 a
594 4646 744 4715 ﬂuxu
790 4648 1086 4716 sanguinis.
1129 4649 1198 4702 Et
1247 4651 1322 4703 ait
1364 4649 1622 4705 Dominus
1651 4669 1669 4706 :
1707 4652 1839 4717 Quis
1887 4669 1968 4707 me

397 4737 602 4806 tetigit?
642 4737 720 4791 Ac
762 4753 981 4792 rursum
1020 4758 1032 4793 :
1084 4738 1273 4811 Tetigit
1319 4759 1398 4797 me
1439 4743 1653 4813 aliquis.
1698 4741 1840 4796 Nam
1872 4760 1966 4813 ego

398 4827 516 4878 novi
541 4827 781 4879 virtutem
809 4827 874 4882 de
907 4845 987 4882 me
1018 4831 1190 4884 exisse
1224 4833 1292 4884 ¹⁶.

469 4917 554 4971 ib.
589 4917 887 4987 Suspiciens
919 4921 974 4974 in
1002 4921 1191 4975 calum
1222 4922 1552 4977 benedicebat
1583 4924 1712 4992 ipsis
1748 4925 1814 4977 ¹⁷.

469 5096 555 5152 16.
588 5099 776 5152 Dicens
806 5115 823 5152 :
856 5100 1069 5168 Oportet
1112 5101 1313 5155 Filium
1350 5101 1577 5157 hominis
1625 5105 1792 5157 multa
1826 5104 1959 5170 pati,

393 5199 444 5244 et
481 5190 666 5255 occidi,
700 5199 749 5244 et
782 5201 899 5260 post
933 5202 1033 5247 tres
1057 5193 1166 5248 dies
1197 5211 1463 5266 resurgere
1492 5197 1559 5251 ι⁸³.

2079 3108 2503 3177 σκανδαλισθῇ
2540 3108 2611 3161 ἐν
2637 3108 2772 3177 ἐμοί
2778 3147 2791 3161 .

2150 3199 2214 3252 θ’,
2256 3195 2383 3268 Εἶχε
2416 3198 2526 3268 γὰρ
2549 3197 2624 3260 ὡς
2648 3197 2784 3266 πρὸς
2813 3196 3066 3267 Ἰωάννην
3087 3214 3100 3228 ο
3129 3198 3328 3262 Αὐτός
3359 3199 3496 3252 ἐστι
3537 3200 3649 3266 περ)

2079 3286 2152 3345 οὗ
2183 3289 2531 3360 γέγραπται·
2560 3289 2717 3342 Ἰδοὺ
2749 3287 2863 3357 ἐγὼ
2892 3288 3248 3343 ἀποστέλλω
3275 3289 3389 3343 τὸν
3409 3291 3647 3362 ἄγγελόν

2074 3399 2192 3450 μου
2222 3381 2336 3448 πρὸ
2361 3378 2686 3448 προσώπου
2712 3396 2848 3434 σου.

2155 3481 2205 3527 ι’.
2244 3473 2352 3528 Kal
2384 3473 2676 3528 εἰσελθὼν
2726 3475 2812 3539 εις
2860 3472 2968 3525 τὸν
2999 3469 3168 3527 οἷκον
3199 3473 3309 3526 τοῦ
3337 3477 3648 3542 Φαρισαίου

2079 3565 2502 3632 κατεκλίθη.Ἠ
2547 3563 2615 3617 δὲ
2652 3563 2828 3632 γυνὴ,
2865 3564 3067 3618 στᾶσα
3095 3566 3290 3617 ὀπίσω
3332 3567 3370 3633 ἠ
3400 3567 3646 3634 ἁμαρτω-

2077 3657 2186 3723 λὸς
2211 3657 2371 3725 παρὰ
2400 3656 2542 3721 τοὺς
2567 3655 2778 3720 πόδας,
2814 3655 3019 3722 ἔϐρεξε
3063 3655 3185 3720 τοῖς
3223 3655 3490 3723 δάκρυσι
3526 3656 3645 3719 τοὺς

2081 3749 2287 3814 πόδας,
2320 3749 2416 3802 καὶ
2444 3747 2681 3815 ἢλειψε,
2718 3748 2816 3800 καὶ
2847 3747 3168 3814 κατεφίλει.

2155 3847 2243 3893 ια’.
2285 3841 2396 3892 Καὶ
2429 3838 2589 3892 πάλιν
2610 3854 2623 3867 ⁸
2659 3839 2818 3906 Αὕτη
2845 3838 2968 3904 τοῖς
2993 3837 3290 3906 δάκρυσιν
3317 3839 3642 3909 ἐερεξέμου

2078 3927 2218 3992 τοὺς
2241 3926 2449 3990 πόδας,
2479 3927 2576 3978 καὶ
2612 3925 2848 3994 ﬁdet-dre,
2878 3926 2977 3978 καὶ
3021 3925 3354 3992 κατεφίλει.

2152 4017 2237 4087 ιβ’.
2275 4016 2388 4070 Οὐκ
2411 4012 2584 4084 εἶχενο
2631 4015 2701 4069 Ἣ
2731 4015 2925 4082 μήτηρ
2956 4015 3142 4068 αὑτοῦ
3173 4015 3271 4067 καὶ
3312 4019 3368 4068 ol
3411 4016 3636 4084 ἁδελρά

2077 4109 2282 4173 αὐτοῦ,
2311 4107 2446 4161 ἀλλὰ
2476 4107 2664 4176 μόνον’
2715 4107 2775 4161 Ἡ
2806 4104 3005 4174 μήτηρ
3041 4123 3158 4160 σου
3187 4107 3286 4159 καὶ
3322 4110 3378 4161 οι
3412 4109 3639 4176 ἀδελφοί

2077 4212 2210 4250 σου.

2148 4295 2235 4356 ιγ’.
2280 4289 2594 4342 Πλεόντων
2638 4286 2838 4340 αὐτῶν
2876 4288 3264 4356 ἀφύπνωσεν.
3292 4290 3348 4340 '0
3383 4289 3453 4342 δὲ
3494 4290 3636 4357 ἐγερ-

2002 4354 2046 4408 D
2069 4354 2195 4442 ’θεὶς
2227 4378 2548 4445 ἐπετίμησε
2577 4376 2655 4441 τῷ
2687 4376 2882 4444 ἀνέμῳ
2917 4354 3012 4430 καὶ
3048 4377 3123 4444 τῇ
3149 4378 3439 4445 θαλάσσῃ

2146 4466 2221 4522 ιδ’.
2281 4467 2543 4538 Ἐγένετο
2604 4467 2670 4519 δὲ
2719 4468 2789 4520 ἐν
2843 4467 2921 4533 τῷ
2963 4469 3217 4537 ὑπάγειν
3262 4469 3455 4523 αὑτὸν⁸
3503 4487 3633 4523 συνο

2069 4560 2316 4629 estw-for
2337 4558 2524 4612 αὐτὸν
2549 4561 2600 4612 ol
2623 4558 2811 4624 ὄχλοι.
2841 4559 2948 4610 Καὶ
2981 4559 3134 4627 γυνὴ
3161 4560 3445 4628 ἁψαμένη
3469 4560 3631 4613 αὑτοῦ

2070 4652 2202 4720 ἰάθη
2241 4645 2354 4704 τοῦ
2397 4651 2664 4718 αἵματος.
2697 4649 2806 4702 Kal
2835 4646 3004 4702 εἶπεν
3045 4653 3077 4703 ό
3125 4652 3372 4717 Κύριος·
3410 4652 3500 4716 Τίς
3528 4667 3628 4718 μιν

2069 4741 2307 4810 ἧψατο;
2352 4741 2446 4794 καὶ⁹
2492 4738 2687 4793 πάλιν
2745 4740 2972 4806 Ἥψατό
3028 4741 3146 4808 μού
3199 4757 3326 4804 τις;
3381 4743 3486 4794 Kal
3538 4740 3625 4808 γὰρ

2071 4832 2260 4898 ἔγνων
2287 4829 2542 4898 δύναμιν
2564 4827 2936 4890 ἐξελθοῦσαν
2963 4829 3063 4881 ἀπ’
3089 4828 3256 4896 ἐμοῦ.

2144 4927 2222 4972 ιε’.
2277 4918 2650 4986 Ἀναϐλέψας
2699 4923 2788 4982 εἰς
2840 4918 2946 4972 τὸν
2989 4919 3252 4987 οὐρανὸν
3308 4921 3612 4989 εὐλόγησεν

2070 5010 2162 5062 ἐπ’
2195 5011 2432 5075 αὐτούς.

2144 5106 2236 5164 ις’.
2264 5099 2484 5169 Λέγωνν
2513 5099 2611 5153 Δεῖ
2640 5099 2744 5153 τὸν
2782 5097 2917 5151 Υἱὸν
2957 5099 3064 5153 τοῦ
3097 5100 3411 5169 ἀνθρώπου
3442 5100 3614 5154 πολ.ιή

2069 5191 2300 5254 παθεῖν,
2346 5191 2445 5243 καὶ
2476 5191 2921 5260 ἀποκτανθῆναι
2941 5232 2954 5258 ,
2988 5193 3087 5246 καὶ
3124 5193 3276 5261 μετὰ
3317 5192 3463 5261 τρεῖς
3493 5190 3611 5262 ripe:-

2060 5297 2172 5347 ρας
2205 5280 2540 5350 ἐγερθῆναι.

472 5430 488 5506 ξ
521 5429 658 5506 Luc
683 5446 718 5495 l,
761 5433 810 5486 1.
887 5434 907 5464 ¹
943 5432 1199 5506 lauant,
1229 5435 1284 5506 1.
1336 5433 1538 5506 A’LIIC.
1571 5454 1624 5496 v.
1661 5437 1749 5492 H.
1827 5438 1848 5469 ‘
1877 5439 1958 5492 ibit

2120 5486 2131 5497 .
2209 5447 2229 5476 υ
2260 5446 2390 5499 Luc.
2423 5463 2496 5506 νι.
2529 5447 2581 5501 5.
2677 5447 2696 5477 ο
2729 5445 2859 5500 ibid.
2901 5446 2986 5503 to.
3025 5436 3076 5477 ’τ
3114 5449 3246 5501 ibid.
3277 5449 3358 5502 t9.
3445 5448 3464 5477 ε
3495 5444 3602 5499 ibid.

420 5499 512 5552 20.
588 5501 608 5530 ⁹
638 5500 772 5555 Lttc.
824 5518 918 5566 VII,
951 5505 1005 5558 9.
1083 5505 1126 5533 ¹⁰
1168 5505 1301 5556 ibid.
1327 5503 1416 5559 25.
1497 5508 1536 5536 “
1571 5507 1702 5559 ibid.
1738 5509 1824 5562 27,

396 5569 439 5600 ³⁸
468 5568 596 5622 Luc.
638 5587 750 5637 VIII,
781 5571 968 5626 41-46.
1051 5573 1092 5604 ⁸⁷
1127 5571 1258 5628 Luc.
1301 5590 1373 5638 Ix,
1413 5574 1500 5628 16.
1579 5576 1622 5608 ³⁸
1652 5578 1784 5631 ibid.
1816 5579 1904 5633 22.

1881 5513 1946 5541 ’⁸³
1989 5514 2120 5569 ibid.
2159 5515 2244 5569 56.

2323 5518 2365 5547 ¹³
2407 5517 2537 5571 ibitl.
2564 5517 2652 5571 44.
2729 5519 2773 5548 ’³
2806 5516 2938 5571 Luc.
2986 5534 3102 5583 \‘lll,
3133 5521 3223 5571 29.
3301 5521 3339 5548 ³⁵
3371 5518 3495 5572 ibid.
3528 5517 3590 5570 ιιι
