3768 6182
61 254 66 262 ’
120 293 236 349 7:3

812 292 1182 350 ADVERSUS
1221 293 1564 350 HERESES
1600 295 1711 349 LIB

1884 293 1990 350 ὈΜ
2031 291 2194 348 111.-
2214 291 2489 346 ῐΙᾹΞΒῐΞΞ.
2533 293 2694 346 XL".

3295 290 3405 350 7M

205 412 290 475 ιζ’.
341 413 447 468 Καὶ
501 413 628 467 ἰδοὺ
673 412 781 468 δύο
847 414 1063 484 ἄνδρες
1110 415 1500 470 συνελάλουν
1531 415 1711 481 αὐτῷ,

1894 416 1978 468 17.
2015 413 2079 468 Et
2107 431 2220 482 ecce
2246 415 2351 468 duo
2381 388 2482 468 viri
2511 414 2862 484 loquebantur
2891 430 3006 467 cum
3043 429 3102 468 eo
3123 454 3136 477 ,
3175 413 3322 468 Elius
3354 425 3401 469 rt

138 503 354 570 Ἠλίας
381 505 477 557 καὶ
514 504 775 572 Μωῦσῆς
801 506 870 558 ἐν
890 505 1065 574 δόξῃ.

206 601 298 665 ιη’.
337 595 431 648 Ἐκ
460 593 565 663 τῆς
593 595 856 665 νεφέλης
882 597 1071 666 φωνή·
1098 592 1289 663 Οὗτός
1317 597 1490 652 ἐστιν
1517 601 1550 652 ό
1584 598 1715 664 Υἱός

117 704 249 754 μου
279 689 312 742 ό
343 688 669 757 ἀγαπητός.

207 779 294 835 ιο’.
341 780 629 848 Ἐδεήθην
660 778 778 833 τῶν
807 779 1094 850 μαθητῶν
1121 798 1260 835 σου.
1305 776 1436 852 Εἶχε
1478 781 1536 834 δὲ
1569 780 1720 853 παρὰ
1755 826 1758 829 .

121 875 228 941 τὸ,
271 877 390 929 Οὐκ
441 875 839 943 ἠδυνήθησαν
889 877 1165 931 ἐκϐαλεῖν
1213 878 1380 931 αὑτό.
1419 877 1528 930 Καὶ
1559 877 1710 944 πρὸς

117 968 379 1034 αὐτούς’
413 962 488 1020 Ὠ
519 965 694 1034 γενεὰ
721 965 1011 1034 ἄπιστος]
1035 967 1145 1033 ἓως
1168 967 1452 1037 ἀνέξομαι
1484 965 1685 1038 spor,-

204 1155 276 1202 κ’.
318 1148 371 1200 '0
406 1146 515 1216 γὰρ
559 1147 692 1213 Υἱὸς
726 1147 831 1200 τοῦ
880 1145 1196 1214 ἀνθρώπου
1229 1145 1442 1215 μέλλει
1470 1143 1718 1213 παραδί-

115 1241 345 1295 δοσθαι
377 1242 463 1305 εὶς
497 1238 698 1308 χεῖρας
728 1238 1071 1306 ἀνθρώπιον.

206 1333 313 1388 καῖ.
363 1331 515 1386 Οἰνδέ
561 1333 738 1385 τοῦτο
784 1331 1101 1400 ἀνέγνωτε,
1134 1332 1192 1385 τί
1231 1331 1484 1398 ἐποίησε
1516 1330 1711 1386 Δαϐίδο
1737 1337 1750 1350 ⁸

122 1421 442 1490 Εἰσῆλθεν
470 1424 558 1487 εἰς
588 1423 694 1474 τόν
725 1417 893 1474 οἶκον
915 1421 1020 1476 τοῦ
1051 1422 1216 1476 Θεοῦ.

203 1511 310 1582 κβκ
342 1510 695 1582 Εὑχαριστῶ
727 1529 861 1578 σοι,
910 1510 1091 1580 Κύριε
1133 1513 1239 1567 τοῦ
1278 1515 1559 1582 οὐρανοῦ.
1605 1514 1717 1568 Οὐκ

116 1599 244 1674 εἶχε
280 1604 334 1657 δὲ
355 1645 370 1668 ,
415 1604 512 1658 καὶ
556 1603 666 1672 τῆς
699 1603 829 1674 γῆς.
862 1603 997 1659 Οΰτε
1018 1649 1032 1671 ,
1064 1605 1285 1676 Πάτερ,
1321 1603 1484 1678 εἶχεν.
1535 1608 1717 1677 Ἑλέγο

116 1716 289 1768 χεται
321 1698 405 1750 δέ·
439 1697 589 1752 κάτω
614 1700 722 1770 γὰρ
748 1696 913 1770 εἶχεν,
947 1699 1058 1753 Ναὶ
1085 1702 1117 1754 ὀ
1147 1698 1369 1769 Πατήρ.

1819 507 2028 577 Moyses
2065 508 2313 578 ingloria
2348 507 2386 558 ’.

1895 601 1977 656 18.
2014 599 2058 651 Ε
2088 599 2221 654 nube
2255 615 2352 654 vox
2380 615 2397 653 :
2426 599 2530 653 llic
2551 609 2626 652 est
2662 596 2838 652 Filius
2869 614 3011 651 meus
3039 598 3260 652 dilectus
3284 602 3324 650 '.

1893 785 1984 840 19.
2015 784 2214 856 Rogavi
2256 783 2548 854 discipulos
2593 791 2732 838 tuos.
2783 779 2940 847 Quod
2977 780 3031 834 in
3079 780 3266 834 codice
3300 795 3401 834 suo

1819 877 2075 942 habebat,
2107 884 2469 946 praeterquam
2493 895 2505 930 :
2539 872 2661 927 Non
2685 883 2967 941 potuerunt
2993 872 3178 941 ejicere
3204 873 3396 940 ipsum.

1825 965 1889 1020 Et
1935 968 2009 1020 ait
2057 967 2126 1021 ad
2173 968 2313 1037 ipsos
2354 984 2372 1021 :
2416 966 2459 1021 Ο
2497 966 2766 1036 generatio
2812 963 3122 1018 incredula!
3162 960 3400 1033 quandiu

1819 1076 1906 1113 vos
1941 1059 2208 1114 sustinebo
2232 1060 2252 1090 ³
2283 1061 2307 1112 ?
2698 1070 2702 1073 '

1888 1149 1978 1203 20.
2021 1149 2197 1203 Filius
2237 1150 2376 1202 enim
2417 1147 2643 1201 hominis
2686 1145 2977 1200 tradendus
3017 1153 3093 1198 est
3131 1145 3183 1198 in
3213 1159 3399 1196 manus

1817 1242 2087 1296 hominum
2112 1243 2154 1295 ‘.

1887 1335 1979 1389 21.
2013 1334 2194 1406 Neque
2239 1333 2334 1388 hoc
2379 1332 2605 1404 legistis,
2651 1331 2776 1403 quid
2821 1331 3000 1401 fecerit
3051 1329 3267 1383 Dat-id:
3307 1328 3400 1382 ln-

1818 1443 2026 1495 gressns
2051 1435 2129 1479 est
2159 1426 2211 1478 iu
2239 1423 2453 1477 domum
2486 1423 2583 1476 Dei
2612 1424 2652 1476 ³⁵.

1888 1518 1978 1572 22.
2011 1517 2226 1572 Gratias
2259 1534 2357 1588 ago
2391 1517 2503 1579 tibi,
2535 1516 2756 1569 Domine
2789 1517 2940 1578 ca'li;
2973 1515 3186 1579 deerat,
3211 1523 3259 1567 et
3294 1525 3399 1567 ter-

1820 1627 1931 1675 ra»;
1965 1611 2058 1666 sed
2093 1619 2146 1664 et
2179 1626 2302 1676 vox,
2339 1607 2523 1673 Pater,
2565 1608 2769 1662 aberat.
2802 1605 2908 1661 Sed
2935 1623 2998 1661 cx
3027 1621 3092 1659 eo
3124 1605 3401 1678 redargui-

1821 1711 1930 1767 tur,
1962 1701 2105 1771 quod
2133 1700 2295 1770 paulo
2324 1707 2444 1770 post
2471 1699 2690 1762 habeat,
2729 1698 2904 1751 Etiam
2938 1697 3101 1751 Pater
3124 1700 3162 1752 ⁸.

202 1798 309 1858 κγ’.
365 1786 501 1842 Eius
535 1790 612 1862 τῷ
653 1791 896 1863 νομικῴο
949 1794 1052 1845 Ἐν
1094 1791 1174 1856 τῷ
1220 1793 1382 1862 νόμῳ
1412 1793 1470 1847 τί
1507 1793 1711 1864 rema-

1888 1770 1993 1847 25.
2013 1779 2156 1845 Dixit
2200 1791 2514 1861 legisperito
2548 1809 2560 1845 :
2597 1789 2662 1843 In
2701 1789 2809 1861 lege
2845 1789 2970 1860 quid
2998 1790 3251 1858 scriptum
3284 1791 3400 1844 est?

113 1897 310 1945 :rtat;
339 1882 447 1936 Καὶ
477 1883 839 1951 ἀποκριθεις.
872 1882 1028 1937 Μετὰ
1047 1883 1144 1954 τὴν
1177 1883 1469 1955 ἀπόκρισιν
1500 1885 1593 1938 τοῦ
1629 1902 1716 1938 νο-

120 1972 298 2040 pexo-3
333 1968 483 2026 εἶπεν
501 1990 513 2003 ⁸
557 1973 764 2040 Ὀρθῶς
789 1970 972 2040 εἶπες.
1007 1973 1186 2028 Τοῦτο
1215 1975 1391 2036 ποίει,
1420 1973 1518 2027 καὶ
1542 1974 1715 2045 ζήσῃ.

200 2064 300 2118 κδ’.
336 2065 447 2118 Καὶ
473 2061 594 2118 εἷπε
615 2083 628 2097 ο
669 2067 764 2132 Τίς
796 2065 864 2130 ἐξ
898 2065 1064 2136 ὑμῶν
1095 2066 1216 2131 ἕξει
1246 2067 1449 2136 φίλον,
1479 2064 1576 2121 καὶ
1610 2084 1720 2122 πο-

112 2156 411 2224 ρεύσεται
464 2157 614 2225 πρὸς
660 2158 850 2211 αὐτὸν
883 2159 1324 2228 μεσονυκτίου,
1359 2159 1538 2213 αἰτῶν
1564 2161 1721 2228 τρεῖς

114 2247 390 2315 ἄρτους;
419 2249 512 2300 καὶ
535 2246 722 2300 λοιπόν
742 2263 756 2277 ⁸
794 2247 1038 2313 Αἰτεῖτε,
1067 2247 1167 2302 καὶ
1205 2247 1543 2314 δοθήσεται.
1584 2251 1721 2303 Τίνα

120 2341 243 2409 γὰρ
274 2339 344 2404 ἐξ
375 2339 543 2408 ὑμῶν
573 2339 682 2393 τὸν
716 2340 941 2409 πατέρα
975 2341 1104 2407 υἱὸς
1131 2339 1364 2406 αιτήσει
1394 2340 1588 2410 ἰχθὺν,
1622 2342 1721 2394 καὶ

119 2431 270 2484 ἀντὶ
323 2432 528 2500 ἰχθύος
575 2430 715 2500 ὅφιν
757 2431 1037 2485 ἐπιδώσει
1083 2430 1278 2496 abab;
1332 2431 1370 2500 ἣ
1421 2431 1556 2486 ἀντὶ
1601 2431 1720 2488 ὠοῦ

118 2527 468 2589 σκορπίον;
500 2525 571 2576 Et
617 2519 731 2578 οὖν
762 2523 951 2593 ὑμεῖς,
993 2524 1242 2592 πονηροὶ
1279 2524 1482 2592 ὄντες,
1520 2525 1721 2580 οἴδατε

117 2612 366 2682 δόματα
387 2615 597 2683 ἀγαθὰ,
630 2616 800 2683 πόσῳ
823 2613 1067 2685 μᾶλλον
1094 2619 1126 2670 ό
1161 2615 1360 2684 Πατήρ
1382 2632 1402 2680 ;

204 2712 306 2758 κε’.
341 2706 740 2777 Περικέκοπται
785 2707 848 2759 τὸ
899 2708 1026 2779 περὶ
1084 2709 1239 2762 Ἰωνᾶ
1284 2707 1378 2761 τοῦ
1415 2708 1715 2778 προφήτου.

121 2793 266 2867 Εἶχε
303 2797 410 2868 γάρ
431 2814 444 2828 ·
485 2797 546 2853 Ἡ
585 2797 760 2868 γενεὰ
783 2797 941 2865 αὕτη
963 2838 978 2861 ,
1010 2797 1263 2866 σημεῖον
1303 2799 1375 2851 οὐ
1401 2796 1720 2864 δοθήσεται

119 2886 313 2956 αὐτῇ.
347 2888 460 2940 Οὐκ
496 2886 608 2958 εἶχε
641 2888 706 2960 δὴ
749 2887 877 2960 περὶ
910 2888 1110 2960 Νινευῆ
1158 2889 1253 2942 καὶ
1289 2887 1606 2960 βασιλίσσης
1637 2890 1720 2942 νό-

119 2995 249 3040 του,
285 2977 378 3029 καὶ
405 2977 746 3049 Σαλομῶνος.
1589 3032 1605 3037 -

201 3077 320 3136 κς’.
379 3071 522 3124 Ἀντὶ
571 3069 703 3134 τοῦ,
756 3073 1135 3142 Παρέρχεσθε
1187 3089 1302 3140 την
1355 3090 1560 3142 κρίσιν
1613 3074 1720 3128 τοῦ

123 3161 310 3226 Θεοῦ,
342 3159 473 3233 εἶχε,
507 3162 885 3233 Παρέρχεσθε
916 3163 1031 3232 τὴν
1062 3162 1286 3233 κλῆσιν
1312 3164 1421 3218 τοῦ
1453 3164 1619 3218 Θεοῦ.

201 3255 312 3320 κζ’.
346 3255 489 3310 Οὐαὶ
518 3257 680 3326 ὑμῖν,
708 3257 794 3311 ὅτι
821 3257 1180 3327 οἰκοδομεῖτε
1205 3258 1277 3311 τὰ
1297 3259 1578 3327 μνήματα
1602 3256 1722 3310 τῶν

125 3346 481 3416 προφητῶν,
519 3348 617 3402 καὶ
651 3351 704 3403 οἱ
734 3349 987 3418 πατέρες
1025 3347 1194 3420 ὑμῶν
1221 3349 1582 3404 ἀπέκτειναν
1613 3349 1720 3403 αὺ-

123 3441 301 3506 τούς.

202 3541 316 3605 κη’.
362 3534 475 3589 Οὐκ
524 3529 660 3605 εἶχε)
710 3537 814 3589 Διά
867 3535 1043 3589 τοῦτο
1088 3527 1258 3588 εἶπεν
1303 3533 1341 3602 ἡ
1392 3536 1584 3605 Σοφιά
1614 3531 1721 3588 τοῦ

125 3627 314 3692 Θεοῦ,
343 3626 688 3681 Ἀποστελῶ
725 3629 812 3694 εὶς
853 3627 1075 3693 αὐτοὺς
1107 3626 1440 3697 προφήτας·
1474 3627 1566 3682 καὶ
1596 3627 1722 3697 περὶ

122 3720 371 3790 αἵματος
425 3720 693 3791 Ζαχαρίου
743 3720 839 3774 καὶ
868 3719 1035 3772 Ἀϐελ
1080 3718 1190 3773 τῶν
1223 3719 1550 3790 προφητῶν·
1591 3719 1722 3772 "Ott

119 3811 596 3880 ἐπῇρτηθήσεται
624 3812 692 3864 ἐκ
723 3809 834 3878 τῆς
861 3810 1071 3880 γενεᾶς
1105 3811 1345 3879 ταύτης.

204 3903 314 3956 κο’.
347 3901 509 3972 Λέγω
554 3901 680 3969 τοῖς
712 3903 914 3972 φίλοις
944 3921 1064 3972 μου
1087 3920 1100 3933 ·
1133 3901 1230 3971 Μὴ
1275 3901 1574 3970 φοϐηθῆτε
1601 3900 1720 3956 ἀπὸ

122 3996 254 4051 τῶν
284 3997 764 4078 ἀποκτεινόντῳν
809 3993 875 4049 τὸ
923 3995 1123 4064 σῶμα·
1174 3995 1471 4065 φοϐηθῆτε
1511 3995 1579 4048 δὲ
1616 3997 1722 4049 τὸν

114 4087 377 4159 μετὰτὸ
407 4088 754 4142 ἀποκτεῖναι
798 4087 1020 4158 ἔχοντα
1055 4087 1348 4152 ἐξουσίαν
1373 4087 1596 4152 ,βαλεῖν
1635 4091 1723 4152 εἰς

123 4179 412 4250 γέενναν.
443 4179 556 4232 Οὐκ
591 4174 704 4249 εἶχε
741 4179 798 4232 δέ
817 4193 830 4206 °
867 4177 1017 4247 Οὐχὶ
1065 4177 1245 4232 πέντε
1286 4180 1573 4248 στρουθιά
1613 4179 1722 4234 ἀσ-

121 4271 366 4340 σαρίων
412 4269 522 4325 δύο
566 4270 946 4334 πωλοῦνταις
997 4269 1094 4323 καὶ
1139 4268 1210 4323 ἐν
1252 4269 1321 4334 ἐξ
1371 4269 1568 4325 αὐτῶν
1610 4273 1720 4324 οὐκ

120 4362 311 4416 ἐστιν
331 4361 813 4430 ἐπιλελησμένον
841 4360 1097 4415 ἐνώπιον
1128 4361 1233 4415 τοῦ
1269 4361 1435 4415 Θεοῦ.

200 4452 270 4507 λ’.
315 4454 461 4507 ’Δντὶ
501 4453 628 4517 τοῦ,
671 4453 1065 4524 Ὀμολογήσει
1111 4452 1367 4516 ἐνώπιον
1409 4452 1528 4506 τῶν
1550 4453 1721 4523 ἀγγέ-

119 4548 261 4600 λων
294 4543 403 4598 τοῦ
431 4544 600 4609 Θεοῦ,
631 4543 887 4598 ἐνώπιον
910 4544 1016 4598 τοῦ
1045 4543 1194 4598 Θεοῦ
1227 4543 1394 4613 λέγει.

204 4635 308 4692 λα’.
342 4637 455 4690 Οὐκ
483 4635 596 4706 ἔχει
633 4636 727 4690 τό·
774 4637 834 4690 '0
869 4635 1012 4703 Θεὸς
1056 4635 1420 4706 ἀμφιέννυσι
1450 4635 1556 4690 τὸν
1583 4638 1720 4705 χόρ-

123 4747 261 4785 τον.

205 4823 311 4894 λβ’.
354 4820 548 4892 ’Υμῶν
579 4821 666 4892 δὲ,
685 4824 719 4876 ό
751 4821 956 4891 Πατὴρ
994 4817 1178 4889 οἶδεν,
1210 4821 1302 4876 ὅτι
1328 4820 1566 4891 χρῇζετε
1592 4821 1726 4875 τολύ-

123 4933 290 4970 τωνο
327 4916 436 4969 τῶν
469 4913 745 4987 σαρκικῶν
772 4915 857 4987 δή.

176 5009 312 5078 ,λγ’.
341 5008 578 5076 Ζητεῒτε
619 5007 696 5076 δὴ
741 5008 858 5076 τὴν
893 5007 1224 5073 βασιλείαν
1258 5005 1364 5064 τοῦ
1397 5006 1553 5062 Θεοῦ
1574 5048 1589 5072 ,
1625 5005 1724 5058 καὶ

124 5101 329 5156 ταῦτα
363 5100 563 5155 πάντα
595 5101 1072 5172 προστεθήσεται
1099 5099 1262 5171 ὑμῖν.

204 5192 304 5247 λδ’.
356 5192 501 5245 ’Λντὶ
531 5190 650 5258 τοῦ,
685 5195 718 5247 ό
769 5191 972 5260 Πατὴρ
1012 5189 1200 5260 ὑμῶν,
1231 5193 1264 5245 ὀ
1285 5191 1488 5260 Πατὴρ
1535 5185 1701 5261 εἶχεν.

201 5377 301 5428 λε’.
347 5371 493 5426 ’Δντὶ
527 5371 642 5438 τοῦ,
685 5371 932 5440 δευτέρῃ
967 5371 1006 5440 ἢ
1043 5373 1206 5442 τρίτῃ
1233 5369 1521 5454 φυλακῇ,
1552 5368 1719 5442 εἶχεν,

123 5461 474 5534 ἑσπερινὴν
493 5463 798 5533 φυλακήν.

1821 1885 1891 1939 Et
1937 1887 2273 1954 respondens.
2320 1882 2450 1937 Post
2499 1883 2793 1952 legisperili
2830 1897 3186 1952 responsum,
3225 1881 3396 1935 dixit:

1819 1978 1976 2032 Recte
2002 1977 2211 2031 dixisti.
2250 1975 2366 2030 Hoc
2398 1977 2506 2045 fac,
2537 1985 2586 2028 et
2628 1975 2760 2028 vives
2791 1975 2831 2028 ⁷.

1890 2067 1982 2121 24.
2033 2067 2096 2120 Et
2143 2067 2280 2121 dixit
2315 2087 2326 2120 :
2365 2065 2496 2132 Quis
2538 2074 2767 2118 vestrum
2810 2063 3018 2118 habebit
3048 2066 3325 2130 amicum,
3351 2074 3400 2118 ιι

1819 2160 1917 2214 ibit
1951 2160 2019 2214 ad
2046 2161 2194 2213 illum
2228 2158 2400 2212 media
2438 2167 2606 2220 nocte,
2643 2159 2923 2224 postulans
2960 2170 3063 2211 tres
3089 2159 3294 2226 panes?
3329 2157 3402 2209 Αιε

1821 2251 2082 2322 deinceps
2117 2270 2129 2305 :
2168 2249 2338 2305 Petite
2368 2260 2415 2304 et
2443 2249 2682 2304 dabitur.
2716 2249 2848 2317 Quis
2878 2251 3016 2304 enim
3056 2266 3121 2304 ea:
3150 2251 3292 2304 vobis
3324 2259 3402 2304 est

1817 2353 1992 2412 pater,
2025 2359 2058 2397 a
2086 2361 2188 2414 quo
2219 2343 2362 2412 ﬁlius
2390 2352 2530 2412 petat
2558 2343 2772 2411 piscem,
2803 2351 2850 2395 et
2880 2359 2978 2411 pro
3014 2344 3156 2410 pisce
3191 2358 3402 2412 serpen-

1821 2445 1924 2490 tem
1957 2435 2108 2489 dabit
2141 2435 2264 2489 illi?
2289 2445 2381 2488 aut
2420 2451 2516 2503 pro
2542 2451 2636 2488 ovo
2671 2433 3127 2503 seorpionenﬂ'Si
3157 2451 3280 2506 ergo
3315 2453 3402 2488 ras

1821 2542 1941 2580 cum
1965 2526 2084 2580 sitis
2112 2525 2264 2590 mali,
2301 2525 2468 2579 nostis
2499 2523 2643 2580 dona
2674 2525 2839 2592 bona,
2867 2533 3064 2595 quanto
3094 2526 3260 2596 magis
3292 2525 3402 2580 Pa-

1821 2629 1900 2673 ter
1922 2619 1981 2673 ⁸⁸2

1891 2710 1980 2767 25.
2015 2711 2308 2780 Amputata
2355 2716 2513 2764 erant
2561 2723 2624 2764 ea
2670 2723 2792 2778 quae
2825 2707 2891 2762 ad
2925 2706 3118 2764 Jonam
3167 2710 3400 2780 pertine-

1821 2802 1974 2857 bant.
2010 2801 2101 2857 Sic
2132 2803 2278 2856 enim
2307 2802 2542 2857 habebat
2580 2821 2592 2854 :
2628 2799 2906 2856 Ceneratio
2932 2800 3404 2872 hac,signummm

1821 2892 2042 2946 dabitur
2083 2893 2131 2946 ei
2161 2893 2202 2948 °.
2235 2891 2700 2947 Desiderabantur
2741 2892 2904 2947 etiam
2957 2892 3070 2953 illa,
3103 2893 3304 2962 quibus
3337 2892 3400 2948 de

1824 2985 2038 3050 Ninive,
2075 2993 2129 3041 et
2162 2985 2348 3056 regina
2373 2985 2583 3050 Austri,
2614 3000 2678 3040 ac
2715 2983 3010 3040 Salomone
3047 2984 3105 3039 ﬁt
3138 2985 3365 3040 mentio.

1893 3077 1986 3133 26.
2034 3077 2140 3132 Pro
2187 3078 2274 3133 bis
2319 3079 2523 3143 verbis,
2559 3077 2858 3132 Prleteritis
2908 3077 3006 3132 Dei
3037 3076 3303 3146 judicium
3338 3079 3400 3145 “,

1823 3169 2201 3238 rescripserat,
2235 3166 2530 3222 Prceteritis
2562 3167 2659 3222 Dei
2686 3169 3025 3223 vocationem.

1892 3256 1983 3311 27.
2021 3257 2109 3312 Va:
2142 3258 2304 3324 vobis,
2335 3261 2584 3328 quoniam
2609 3260 2889 3330 tedi/icatis
2917 3263 3158 3331 sepulcra
3183 3266 3398 3336 prop/ws-

1825 3359 2023 3415 tarum,
2063 3361 2113 3405 et
2139 3365 2321 3418 patres
2348 3355 2507 3407 vestri
2534 3354 2834 3410 occiderunt
2868 3357 2992 3411 illos
3026 3359 3091 3410 “.
3337 3367 3341 3371 '

1892 3529 1982 3585 28.
2013 3529 2239 3587 Deerat:
2269 3531 2558 3602 Propterea
2580 3545 2630 3588 et
2663 3532 2939 3602 Sapientia
2967 3533 3062 3593 Dei
3090 3535 3226 3590 dixit
3247 3536 3399 3592 :Hit-

1824 3630 1933 3675 tam
1969 3622 2036 3676 ad
2067 3623 2187 3679 illos
2217 3625 2498 3694 prophetas
2531 3627 2571 3656 "
2602 3645 2614 3680 :
2647 3633 2700 3680 et
2730 3627 2796 3682 de
2829 3628 3094 3700 sanguine
3123 3628 3400 3687 Zachariae

1821 3720 1878 3768 et
1909 3713 2041 3768 Abel
2076 3716 2497 3786 prophetarum:
2545 3716 2710 3789 314
2737 3719 3000 3783 Quoniam
3044 3722 3338 3791 requiretur
3369 3741 3400 3776 α

1822 3806 2157 3873 generatione
2182 3807 2300 3860 hac.

1893 3894 1987 3950 20.
2018 3894 2146 3948 Dico
2180 3897 2363 3948 amicis
2401 3896 2529 3950 meis
2574 3911 2592 3948 :
2628 3895 2814 3951 Nolite
2846 3899 3026 3954 timere
3051 3917 3162 3964 eos,
3195 3904 3284 3971 qui
3315 3919 3392 3957 oc-

1823 3988 2006 4042 cidunt
2031 4003 2256 4057 corpus;
2301 3990 2475 4042 timete
2521 4004 2639 4043 vero
2673 4005 2795 4042 eum
2833 3993 2922 4061 qui
2955 4001 3233 4062 postquam
3265 3996 3393 4048 occi-

1822 4080 1980 4148 derit,
2008 4080 2158 4134 habet
2189 4090 2495 4151 potestatem
2530 4081 2854 4137 mittendi-in
2881 4084 3166 4155 gehennam
3191 4085 3254 4139 ¹³.
3295 4085 3399 4140 Nec

1824 4173 2057 4228 habebat
2087 4173 2216 4228 illud
2249 4191 2262 4228 :
2291 4172 2479 4228 Nonne
2508 4175 2732 4244 quinque
2771 4191 3007 4244 passeres
3056 4187 3274 4231 veneunt
3307 4176 3394 4229 di-

1822 4265 2038 4334 pondio,
2064 4274 2112 4318 et
2148 4281 2284 4319 unus
2314 4280 2379 4319 ea:
2409 4266 2536 4334 ipsis
2572 4283 2674 4320 non
2712 4276 2790 4320 est
2835 4268 2891 4321 in
2937 4268 3190 4345 oblivione
3218 4285 3398 4323 coram

1823 4356 1934 4411 Deo
1963 4357 2047 4410 "‘1

1895 4449 1984 4504 50.
2024 4447 2130 4503 Pro
2183 4450 2268 4506 his
2318 4451 2535 4517 verbis,
2577 4450 2928 4520 Confitebitur
2977 4467 3158 4505 coram
3201 4454 3399 4522 angelis

1823 4541 1944 4606 Dei,
1977 4543 2251 4607 rescribit,
2278 4559 2458 4596 coram
2488 4543 2598 4598 Deo
2631 4544 2697 4597 ⁸⁵.

1826 4701 1836 4710 _
1893 4634 1982 4687 51.
2018 4631 2136 4688 Non
2169 4634 2331 4689 habet
2362 4635 2466 4689 ista
2499 4651 2511 4685 :
2542 4635 2685 4689 Deus
2715 4635 2865 4690 vestit
2891 4636 3070 4704 fenum
3102 4637 3166 4688 ”.

1895 4812 1983 4868 52.
2030 4812 2194 4866 Pater
2244 4821 2410 4866 vester
2441 4812 2615 4875 novit,
2659 4809 2906 4881 quoniam
2954 4807 3035 4860 his
3079 4825 3208 4878 opus
3241 4807 3400 4862 habe-

1827 4906 1893 4960 tis
1922 4907 1994 4971 ”;
2025 4905 2170 4960 haud
2194 4905 2357 4960 dubie
2385 4921 2505 4976 qua:
2531 4904 2599 4958 ad
2629 4917 2851 4957 carnem
2881 4902 3134 4956 attinent.

1891 4999 1980 5056 55.
2018 4999 2254 5064 Quwrite
2283 5008 2457 5052 autem
2486 5012 2701 5066 regnum
2733 4994 2853 5059 Dei,
2881 5005 2930 5048 et
2959 4993 3071 5049 hwc
3096 4995 3273 5047 omnia
3305 4995 3402 5046 ad-

1819 5089 2073 5159 jicieutur
2101 5089 2242 5144 vobis
2269 5091 2330 5141 ¹⁸.

1897 5185 1987 5238 54.
2017 5183 2122 5238 Pro
2160 5200 2225 5239 eo
2265 5183 2408 5253 quod
2439 5190 2543 5249 est,
2577 5181 2740 5236 Pater
2783 5192 2967 5246 vester,
3000 5181 3257 5247 habebat,
3287 5182 3398 5236 Pa-

1828 5289 1905 5332 ter
1926 5279 1986 5329 ⁸⁵³.

1897 5371 1984 5425 55.
2033 5369 2138 5425 Pro
2183 5370 2269 5426 bis
2317 5385 2470 5436 vero,
2516 5374 2746 5426 secunda
2791 5379 2884 5424 aut
2933 5369 3089 5423 tertia
3133 5366 3396 5432 custodio,

1827 5462 2200 5527 subslitnerat,
2230 5465 2573 5532 vespertinam
2604 5464 2903 5519 custodiam
2933 5460 3001 5515 ¹⁰.

210 5629 225 5659 ³
263 5625 500 5692 Luc.lx,
539 5625 625 5678 51.
690 5627 709 5656 ²
747 5623 875 5679 ibid.
902 5625 992 5678 55.
1059 5625 1080 5656 ³
1112 5623 1243 5678 ibid.
1280 5624 1366 5678 40.
1443 5624 1465 5654 ⁸
1497 5621 1630 5677 ibid.
1665 5623 1711 5673 ιι

1884 5615 2009 5692 Luc.
2045 5619 2198 5692 v1.15.
2251 5617 2270 5646 ⁸
2306 5614 2534 5692 Lucra,
2560 5621 2651 5676 21.
2724 5628 2742 5658 τ
2776 5623 2909 5676 ibid.
2935 5623 3026 5678 27.
3105 5624 3126 5656 ³
3157 5623 3289 5677 an.
3320 5636 3395 5680 πε.

394 5700 415 5728 ⁹
440 5697 570 5750 ibid.
613 5696 701 5749 50.
797 5695 838 5725 ¹⁰
870 5693 1004 5750 ibid.
1031 5695 1122 5751 42.
1224 5696 1263 5726 ¹¹
1296 5693 1427 5750 ibid.
1459 5693 1551 5747 «17.

124 5700 166 5756 5
190 5715 319 5769 sqq.

480 5883 756 5942 ΡΑτιιοι..
799 5881 917 5941 (in.
959 5881 1121 5943 XLI.

1645 5692 1688 5722 II
1715 5690 1783 5722 ἶιιῖ

129 5700 166 5756 5
190 5715 319 5769 sqq.
394 5700 415 5728 ’
440 5689 570 5750 ibid.
613 5696 701 5749 50.
797 5695 838 5725 ¹⁰
870 5693 1004 5750 ibid.
1031 5695 1122 5751 42.
1224 5696 1263 5726 ¹¹
1296 5693 1427 5750 ibid.
1459 5693 1551 5747 «17.
1645 5692 1688 5722 ¹¹

129 5771 181 5803 ⁸⁸
212 5769 348 5825 ibid.
377 5769 467 5823 28.
548 5768 590 5797 ¹⁷
615 5766 748 5823 ibid.
787 5766 876 5820 50.
957 5766 999 5797 ¹⁸
1031 5767 1164 5820 ibid.
1193 5766 1281 5822 51.
1363 5765 1403 5797 ¹⁹
1438 5763 1572 5820 ibid.
1610 5761 1700 5817 50.

1884 5689 1966 5743 19.
2069 5690 2084 5720 ¹

1884 5759 1984 5815 aid.
2003 5757 2091 5812 58.

2069 5689 2112 5720 ’³
2147 5687 2279 5763 LucJ
2310 5701 2415 5775 sit,
2440 5689 2496 5756 4,
2533 5693 2586 5748 5.
2689 5695 2734 5731 ἰ
2761 5693 2894 5747 ibid.
2930 5694 2961 5739 ﬂ
3095 5696 3138 5726 ι’
3178 5695 3306 5748 ibid.
3345 5692 3395 5743 8.

2998 5880 3087 5954 23
