3768 6182
84 328 87 331 λ
126 250 242 307 7n

208 372 321 442 μθ⁹.
375 372 763 427 Ἐλεύσονται
812 369 1060 439 ἡμέραι,
1118 368 1264 422 ὅταν
1316 367 1724 436 ἐπιθυμήσητε

1905 366 1988 421 69.
2039 364 2255 420 Venient
2314 367 2464 428 dies,

126 462 292 516 ὶδεῖν
314 463 463 533 μίαν
494 460 614 515 τῶν
646 459 883 531 ἡμερῶν
915 462 1021 535 τοῦ
1067 459 1205 515 Υἱοῦ
1233 461 1340 514 τοῦ
1385 458 1721 529 ἀνθρώπου.

60 556 67 624 ξ
207 562 274 609 ν’.
308 550 445 609 Εῐπέ
497 571 583 619 τις
636 553 773 625 πρὸς
824 554 1013 609 αὐτόν·
1058 552 1392 607 Διδάσκαλε
1435 552 1639 623 ἀγαθὲ,
1671 553 1729 606 τί

126 647 404 713 ποιήσας
435 645 590 715 ζωὴν
619 644 862 701 αἰώνιον
896 647 1371 718 κληρονομήσω;
1398 646 1494 714 Μή
1516 663 1593 715 με
1628 645 1728 699 λέ-

125 753 273 804 τετε
301 737 545 807 ἀγαθόν.
578 732 685 804 Εἷς
712 737 884 791 ἐστιν
913 738 1154 807 ἁγαθός.
1186 736 1502 808 Προσέθηκε
1531 736 1614 799 τὸ,
1645 736 1727 788 ὅτι

126 830 175 879 ό
202 827 425 897 Πατήρ.
456 828 565 882 Καὶ
600 828 721 883 ἀντὶ
758 828 876 895 τοῦ,
914 829 1024 895 Τὰς
1055 827 1309 894 ἐντολὰς
1345 824 1531 893 οἶδας,
1558 827 1725 896 λέγει,

133 922 260 984 Τὰς
283 919 535 989 ἐντολὰς
559 917 710 975 οῖδα.

210 1018 313 1065 va’.
352 1012 621 1081 Ἐγένετο
649 1010 716 1064 δὲ
732 1010 818 1083 pr
853 1009 932 1077 τῷ
963 1008 1213 1082 ἐγγίζειν
1240 1010 1315 1079 τῇ
1352 1008 1594 1080 Ἱεριχὼ,
1631 1027 1730 1064 τυ-

126 1103 301 1170 φλὸς
332 1103 521 1156 -ὲὸόιν
569 1104 773 1173 Ἰησοῦ
802 1102 896 1158 υίὲ
941 1103 1137 1171 Δαὸἳᾶ,
1181 1104 1443 1171 ἐλέησόν
1478 1120 1572 1174 με.
1620 1102 1729 1159 Kal

125 1194 243 1249 ὅτε
272 1194 427 1264 ιάθη,
461 1197 655 1266 φησί-ν
674 1211 688 1226 ’
736 1196 799 1252 Ἠ
822 1196 1028 1262 πίστις
1058 1211 1174 1250 σου
1207 1194 1443 1250 σέσωκέ
1470 1211 1563 1250 σε.

212 1372 316 1443 νβ’.
344 1372 632 1446 Παρέκοψε
665 1371 754 1426 τό·
783 1372 1153 1441 Παραιαόὼν
1182 1372 1325 1439 τοὺς
1349 1371 1581 1429 δώδεκα
1608 1372 1732 1427 ἕλε-

126 1478 271 1534 111“
319 1465 473 1520 Ἰδοὺ
507 1465 910 1535 ἀναϐαίνομεν
945 1466 1032 1531 εις
1070 1465 1470 1533 Ἱεροσόλυμα,
1503 1464 1602 1518 καὶ
1633 1482 1728 1519 τε-

127 1557 509 1624 λεσθήσεται
546 1556 744 1611 πάντα
780 1557 853 1612 τὰ
899 1557 1276 1628 γεγραμμένα
1319 1558 1389 1610 ἐν
1427 1557 1552 1623 τοῖς
1586 1574 1729 1624 προ-

126 1652 361 1720 φήταις
392 1649 525 1719 περὶ
559 1650 667 1705 τοῦ
703 1648 840 1704 Υἱοῦ
869 1650 978 1704 τοῦ
1006 1648 1326 1717 ἀνθρώπου
1348 1666 1360 1681 ·
1394 1647 1731 1718 παραδοθῇ.

772 243 1138 302 ADVERSUS
1174 242 1520 300 HERESES
1556 242 1686 299 LIB.
1730 242 1771 297 l.
1815 242 1981 299 ΤΟΜ.
2021 242 2109 298 ΠΙ.
2152 274 2222 288 -
2260 242 2534 298 ῘῙΙΕΒΕΞ.
2576 243 2737 298 XLII.

3304 247 3415 303 718

2543 365 2754 430 quando
2816 363 3183 421 desiderabitis
3242 368 3413 426 videre

1830 475 1993 512 unum
2034 474 2098 511 ea:
2136 457 2321 512 diebus
2365 455 2498 510 Filii
2536 456 2767 510 hominis
2807 457 2848 509 ¹.

1905 549 1991 605 50.
2026 550 2176 603 Dixit
2209 551 2258 604 ei
2289 549 2506 620 quidam
2540 564 2557 602 :
2592 547 2853 618 Magister
2882 548 3032 614 bone,
3057 549 3184 620 quid
3209 550 3413 619 faciens

1830 642 1991 696 vitam
2021 653 2273 695 cateruam
2300 641 2620 710 possidebo?
2654 639 2834 694 Nolite
2868 658 2949 694 me
2981 641 3153 695 dicere
3194 642 3407 695 bonum.

1836 730 1982 786 Unus
2019 742 2097 786 est
2133 731 2298 786 bonus
2332 732 2376 785 ³.
2410 731 2625 800 Adjecit
2661 746 2823 794 vero,
2860 730 3041 784 Pater.
3074 728 3179 784 Sed
3228 738 3281 784 et
3315 745 3412 799 pro

1829 842 1895 881 eo
1934 826 2079 896 quod
2108 835 2236 883 est:
2266 823 2529 879 Mandata
2562 826 2703 878 nosti
2730 824 2781 891 δ;
2822 824 3046 895 scripsit
3100 822 3209 887 ille,
3251 821 3411 877 Man-

1831 918 1963 973 data
1996 920 2134 973 novi.

1902 1011 1993 1067 5|.
2029 1008 2256 1063 Factum
2304 1017 2479 1063 autem
2523 1016 2602 1062 est
2629 1024 2749 1061 cum
2780 1008 3226 1077 appropinquaret
3271 1006 3413 1061 Jeri-

1830 1101 1964 1169 cho,
2012 1117 2184 1156 cacus
2237 1098 2558 1154 clamabat:
2597 1098 2726 1154 Iesu
2769 1099 2852 1168 ﬁli
2900 1098 3106 1166 David,
3165 1100 3412 1153 miserere

1833 1196 1954 1249 mei.
1989 1194 2060 1248 Et
2089 1211 2211 1249 cum
2239 1202 2457 1248 curatus
2494 1201 2627 1248 esset
2661 1194 2737 1247 ait
2766 1209 2786 1251 .‘
2813 1191 2976 1247 Fides
3013 1202 3104 1247 tua
3129 1202 3176 1247 te
3206 1192 3412 1247 salvum

1832 1289 1955 1358 fecit
1990 1289 2032 1342 ⁸.

1903 1378 1993 1433 52.
2021 1376 2288 1432 Mutilavit
2316 1376 2422 1431 ista
2453 1390 2465 1425 :
2489 1375 2788 1443 Assumptis
2814 1373 3089 1428 duodecim
3122 1373 3198 1427 ait
3226 1389 3244 1428 :
3281 1370 3417 1427 Ecce

1834 1468 2164 1524 ascendimus
2192 1468 2645 1538 Hierosolymam,
2676 1474 2725 1520 et
2757 1465 3265 1519 consummabantur
3298 1480 3413 1518 om-

1832 1563 1925 1616 nia
1966 1577 2083 1632 quae
2126 1561 2325 1630 scripta
2362 1568 2483 1614 sunt
2515 1575 2606 1627 per
2647 1558 2924 1628 prophetas
2966 1557 3029 1611 de
3078 1555 3224 1612 Filio
3247 1559 3420 1611 homi-

1832 1653 1914 1706 nis
1955 1654 2274 1715 :tradetur,
2323 1652 2622 1717 occidetur,
2667 1660 2717 1705 et
2763 1651 2923 1705 tertia
2968 1650 3053 1705 die
3098 1656 3328 1721 resurget
3372 1650 3414 1706 ‘.

127 1714 350 1807 σεται,⁷
371 1714 911 1806 ἀποκτανθήσεται,
939 1738 1038 1793 καὶ
1072 1714 1146 1807 τῆ
1182 1739 1346 1807 τρίτῃ
1375 1714 1566 1808 ἡμέρᾳ
1588 1714 1724 1793 ἀνα-

1905 1759 1962 1799 ec
1992 1744 2178 1798 omnia
2208 1744 2447 1799 sustulit.

127 1831 455 1909 στήσεται.
493 1832 635 1886 Ὅλα
665 1830 837 1886 ταῦτα
873 1830 1172 1901 παρέκυψε.
1502 1903 1507 1909 ι

215 1931 317 1992 νγ’.
349 1906 638 1994 ΪΙαρέκοψε
685 1924 750 1977 τὸ
796 1922 1089 1994 κεφάλαιον
1136 1922 1236 1991 τῆς
1264 1922 1409 1987 ὄνου⁹
1459 1906 1554 1975 καὶ
1588 1921 1730 1992 Βηθ-

131 2012 317 2083 φαγὴ,
358 2014 454 2066 καὶ
496 2014 558 2066 τὺ
600 2015 856 2085 περὶτῆς
897 2013 1122 2078 πόλεως,
1156 2012 1250 2065 καὶ
1279 2010 1375 2064 τοῦ
1408 2010 1577 2083 ἱεροῦο
1608 2014 1730 2067 Ὅτι

128 2104 556 2174 γεγραμμένον
585 2103 668 2176 ἦν
685 2124 699 2138 ο
740 2108 793 2158 Ὀ
827 2107 994 2172 οἶκός
1016 2122 1135 2175 μου
1160 2100 1331 2170 οἷκος
1356 2104 1727 2174 προσευχῆς⁹

132 2196 243 2249 καὶ
281 2195 502 2249 ποιεῖτε
530 2197 718 2251 αὐτὸν
744 2197 1051 2263 σπήλαιον
1068 2192 1348 2265 ολῃστῶν.

215 2288 311 2341 νδ’.
343 2288 452 2341 Kal
482 2287 781 2357 ἐζήτησαν
807 2287 1116 2343 ἐπιϐαλεῖν
1144 2286 1238 2340 ἐπ’
1264 2285 1457 2340 αὑτὸν
1484 2287 1593 2354 τὰς
1621 2287 1735 2358 χεῒο

127 2397 276 2449 ρας,
312 2380 409 2433 καὶ
439 2380 846 2449 ἐφοϐήθησαν.

215 2479 312 2525 νεθ.
344 2472 512 2526 Πάλιν
550 2474 797 2544 ἀπέκοψε
827 2473 926 2544 τὴν
970 2475 1063 2528 τοῦ
1106 2476 1430 2547 ἀμπελῶνος
1472 2478 1490 2510 ¹
1519 2475 1614 2532 τοῦ
1644 2479 1735 2531 ὲκ-

131 2564 430 2636 δεδομένου
449 2569 733 2636 γεωργοῖς.
774 2567 884 2620 Καὶ
908 2568 968 2619 τὸ
986 2607 1001 2632 ,
1034 2568 1096 2622 Τί
1126 2568 1242 2623 οὖν
1269 2570 1402 2624 ἐστι
1426 2571 1496 2624 τό
1513 2586 1529 2601 ⁶
1553 2571 1735 2626 Λίθον

134 2656 221 2710 ὃν
253 2658 714 2727 ἀπεδοκίμασαν
740 2661 795 2712 οὶ
819 2646 1311 2728 οἰκοδομοῦντεςς

217 2756 329 2814 νς·’.
375 2750 641 2820 Ἀπέκοψε
674 2752 765 2804 τό·
800 2752 921 2805 ’Ὁτι
956 2751 1025 2805 δὲ
1069 2753 1395 2822 ἐγείρονται
1424 2757 1478 2807 οἰ
1509 2754 1731 2822 νεκροὶ,

138 2841 716 2913 Μωῦσῆςοέμήνυσε
756 2844 889 2912 περὶ
922 2843 1034 2912 τῆς
1061 2844 1277 2909 βάτου,
1310 2846 1504 2911 καθὼς
1536 2846 1731 2914 λέγει·

142 2932 378 3001 Κύριον
405 2934 684 2988 τὸνθεόν
709 2935 989 3003 Ἀϐραὰμ,
1020 2935 1119 2987 καὶ
1153 2934 1361 2990 Ἰσαὰκ
1386 2936 1484 2989 καὶ
1516 2935 1730 2990 Ἰακώϐ.

142 3027 301 3093 Θεὸς
331 3027 399 3082 δέ
427 3028 559 3082 ἐστι
586 3026 836 3093 ζώντων,
862 3027 961 3081 καὶ
992 3027 1129 3095 οὐχὶ
1163 3024 1410 3095 νεκρῶν.

218 3116 320 3181 νζ’.
354 3119 468 3173 Οὐκ
511 3113 626 3189 εἶχε
674 3117 880 3171 ταῦτα’
914 3118 1035 3170 Ὅτι
1072 3116 1144 3170 δὲ
1182 3117 1509 3190 ἐγείρονται
1554 3119 1609 3170 οἱ
1640 3134 1736 3171 νε-

141 3206 435 3274 κροι,.καὶ
467 3207 730 3277 Μωῦσῆς
751 3208 1040 3277 ἐμήνυσε,
1066 3206 1262 3279 λέγων
1291 3210 1438 3263 Θεὸν
1467 3210 1734 3279 Ἀϐραὰμ,

139 3296 249 3350 καὶ
286 3297 436 3352 Θεὸν
472 3299 697 3363 Ἰσαὰκ,
728 3299 826 3353 καὶ
860 3298 1010 3353 Θεὸν
1050 3299 1274 3363 Ἰακὼϐ,
1308 3300 1458 3353 Θεὸν
1484 3299 1732 3360 ζώντων.

217 3392 327 3462 νη’.
362 3392 533 3445 Πάλιν
581 3390 859 3463 παρέκυψε
902 3390 994 3443 τόο
1027 3389 1167 3459 Θριξ
1200 3389 1270 3444 ἐκ
1310 3388 1419 3459 τῆς
1464 3390 1737 3461 κεφαλῆς

140 3481 324 3551 ὑμῶν
348 3485 419 3536 οὺ
436 3483 523 3551 μὴ
557 3484 876 3551 ἀπόληται.
1374 3534 1379 3539 .
1492 3544 1496 3547 _

219 3573 321 3625 v0’.
353 3573 522 3627 Πάλιν
555 3573 831 3644 παρέκυψε
870 3571 1072 3625 ταῦτα’
1108 3572 1246 3625 Τότε
1284 3574 1339 3625 οἱ
1371 3572 1441 3624 ἐν
1478 3571 1554 3640 τῇ
1592 3572 1737 3628 Ἰου-

140 3660 291 3728 δαίᾳ
320 3661 707 3731 φευγέτωσαν
731 3664 821 3728 είς
854 3663 927 3715 τὰ
958 3662 1095 3729 ὄρη,
1127 3662 1221 3714 καὶ
1265 3661 1334 3716 τὰ
1373 3663 1499 3733 ἑξῆς
1520 3679 1533 3692 θ
1564 3662 1651 3716 διὰ
1678 3662 1739 3715 τὸ

139 3754 565 3825 ἐπιφερόμενον·
590 3754 699 3820 ἕως
722 3753 1007 3822 πληρωθῇ
1031 3753 1227 3807 πάντα
1249 3754 1321 3807 τὰ
1343 3755 1735 3825 γεγραμμένα.

220 3847 286 3912 ξι.
320 3844 717 3912 Συνελάλησε
756 3844 880 3909 τοῖς
927 3843 1303 3914 στρατηγοῖς.
1344 3846 1455 3898 Καὶ
1494 3845 1574 3909 τὸ,
1605 3844 1739 3911 Πῶς

139 3936 342 3989 αὐτὸν
368 3935 614 4005 παραδῷ
642 3936 865 4001 αὐτοῖς.
950 3934 957 3939 ’

224 4025 329 4090 Ea’.
358 4027 465 4082 Kal
493 4024 623 4081 εἷπε
648 4028 729 4092 τῷ
758 4027 959 4096 Πέτρῳ
985 4028 1081 4082 καὶ
1108 4027 1235 4094 τοῖς
1258 4027 1515 4094 λοιποῖςο
1546 4028 1741 4082 Ἀπελ-

144 4120 365 4186 θόντες
393 4120 766 4189 ἑτοιμάσατε,
802 4121 903 4173 ἵνα
934 4120 1216 4190 φάγωμεν
1245 4120 1309 4173 τὸ
1336 4118 1566 4187 πάσχα.

223 4210 325 4281 ἒβη
355 4211 465 4265 Kal
493 4213 774 4277 ἀνέπεσε,
800 4213 899 4266 καὶ
927 4216 981 4266 οἱ
1010 4211 1237 4265 δώδεκα
1260 4211 1588 4264 ἀπόστολοι
1618 4210 1741 4264 σὺν

140 4301 333 4365 αὐτῷ·
368 4303 467 4355 καὶ
498 4300 693 4358 εἶπεν·
736 4304 1048 4374 Ἐπιθυμίᾳ
1083 4304 1433 4371 ἐπεθύμησα
1462 4302 1639 4356 τοῦτο
1671 4302 1739 4355 τὸ

140 4394 365 4461 πάσχα
403 4396 615 4465 φαγεῖν
635 4398 766 4465 μεθ’
793 4394 978 4466 ὑμῶν,
1012 4395 1125 4463 πρὸ
1157 4395 1261 4449 τοῦ
1287 4411 1363 4463 με
1397 4392 1625 4447 παθεῖν.

225 4488 327 4556 gr.
364 4489 647 4559 Παρέκοψε
675 4490 735 4542 τό
756 4507 769 4520 ·
797 4490 960 4561 Λέγω
994 4488 1106 4559 γὰρ
1149 4487 1311 4558 ὑμῖν,
1344 4489 1426 4541 Οὐ
1455 4486 1541 4557 μὴ
1570 4486 1736 4556 φάγω

143 4581 305 4634 αὐτὸ
337 4581 435 4632 ἀπ’
466 4580 616 4650 ἄρτι,
646 4581 756 4648 ἕως
788 4581 1073 4651 πληρωθῇ
1106 4582 1175 4635 ἐν
1201 4579 1275 4649 τῇ
1303 4581 1595 4648 ,βασιλείᾳ
1629 4577 1737 4632 τοῦ

148 4660 329 4728 Θεοῦ.

225 4765 321 4831 ξδ’.
354 4765 639 4836 Παρέκοψε
673 4766 753 4818 τό·
784 4767 922 4819 Ὅτε
953 4765 1283 4819 ἀπέστειλα
1324 4764 1480 4834 ὑμᾶς
1499 4804 1514 4828 ,
1540 4763 1625 4832 μή
1659 4781 1741 4818 τι-

144 4873 260 4921 νος
288 4855 669 4923 ὑστερήσατε
685 4873 705 4922 ;
734 4858 829 4911 καὶ
856 4857 924 4911 τὰ
967 4856 1092 4926 ἑξῆς
1112 4872 1125 4885 ο
1153 4855 1242 4909 διὰ
1274 4856 1334 4909 τό
1357 4873 1373 4891 ο
1417 4855 1526 4909 Kal
1566 4855 1743 4910 τοῦτο

143 4949 221 5003 τὸ
269 4947 682 5018 γεγραμμένον
732 4948 827 5002 δεῖ
864 4946 1244 5016 τελεσθῆναι,
1297 4947 1382 5010 τὸ,
1433 4946 1543 5001 Kal
1591 4945 1743 5015 μετὰ

144 5042 395 5109 ἀνόμων
423 5040 853 5108 συνελογίσθη.

224 5133 319 5199 ξε¹.
360 5132 744 5200 Ἀπεσπὰσθη
787 5134 888 5186 ἀπ’
916 5131 1117 5185 αὐτῶν
1146 5130 1291 5185 ὡσεὶ
1338 5131 1515 5185 λίθου
1548 5128 1738 5198 βολὴ,

146 5224 253 5278 καὶ
290 5224 514 5289 θεὶς’τὰ
544 5224 771 5294 γόνατα
798 5227 1208 5292 προσηύχετο.

225 5318 338 5386 ξς’.
369 5319 480 5373 Καὶ
509 5320 721 5392 ἢγγισε
747 5317 1157 5388 καταφιλῆσαι
1186 5316 1391 5385 αὐτὸν,
1421 5314 1518 5370 καὶ
1544 5311 1737 5370 εἴπεν.

890 5562 911 5591 ¹
934 5558 1066 5615 Luc.
1101 5576 1235 5620 xv".
1272 5558 1365 5613 22.

227 5565 242 5594 ¹
273 5561 403 5615 For.
434 5559 505 5614 τὰ
526 5560 619 5614 τοῦ
651 5561 793 5632 ἀμπ.
890 5562 911 5591 ¹
934 5559 1066 5615 Luc.
1101 5576 1235 5620 XVII,
1272 5559 1365 5613 22.

227 5651 271 5694 ι,
302 5634 374 5687 29
406 5647 528 5694 sqq.
650 5632 672 5662 ⁸
704 5631 837 5687 Luc.
867 5631 1074 5694 xx,.19.
1193 5631 1215 5662 ’
1250 5629 1381 5684 ibid.
1411 5626 1464 5682 9.

154 5651 271 5695 nx,
302 5634 374 5687 29
406 5647 528 5702 sqq.

154 5719 292 5771 ml,
316 5704 385 5757 ⁸4.

1466 5557 1486 5589 ³
1513 5555 1648 5610 Luc.
1683 5570 1840 5619 xvm,
1873 5553 1961 5609 18.
2034 5553 2084 5605 1⁸
2115 5553 2246 5609 ibid.
2275 5553 2366 5608 20.
2457 5554 2479 5586 '
2511 5554 2640 5612 ibid.
2668 5555 2758 5636 35.

1590 5627 1634 5657 ’°
1668 5626 1798 5681 ibid.
1837 5626 1925 5678 57.
2024 5625 2063 5655 ¹¹
2098 5624 2228 5678 Luc.
2263 5625 2510 5681 xxt.18.l
2648 5626 2758 5681 “-tl

468 5695 670 5756 "ibid.
705 5702 759 5756 8.
839 5704 882 5733 ιο
912 5701 1040 5758 ibid.
1073 5702 1158 5756 ts.
1241 5702 1283 5734 ιο
1317 5698 1445 5755 ibid.
1478 5697 1565 5754 16.
1644 5697 1683 5729 ιτ
1717 5695 1846 5751 ibid.
1878 5695 1965 5750 δε.

1905 1916 1993 1971 53.
2024 1915 2302 1987 Expunxit
2332 1924 2386 1971 et
2426 1923 2589 1986 caput
2609 1917 2740 1971 illud
2776 1917 2842 1971 de
2871 1918 3047 1983 asino,
3082 1917 3418 1990 Bethphage,

1834 2015 1888 2061 et
1932 2007 2095 2074 urbe,
2125 2022 2190 2061 ac
2221 2008 2422 2077 templo
2449 2001 2650 2078 :316
2699 2007 2962 2074 Quoniam
2992 2010 3247 2078 scriptum
3292 2019 3367 2064 est
3399 2023 3420 2063 :

1837 2097 2037 2152 Domus
2063 2115 2177 2154 mea
2202 2098 2390 2153 domus
2416 2098 2671 2152 orationis
2702 2098 3004 2166 vocabitur;
3034 2109 3083 2154 et
3107 2100 3283 2170 facitis
3305 2116 3422 2155 eam

1836 2192 2139 2260 speluncam
2169 2191 2435 2245 latronum
2458 2192 2499 2243 ".

1906 2283 1996 2337 54.
2030 2280 2100 2334 Et
2130 2282 2449 2352 quasierunt
2487 2281 2702 2350 injicere
2744 2297 2932 2335 manus
2972 2282 3025 2335 in
3066 2282 3243 2351 illum,
3272 2293 3322 2339 et
3354 2285 3425 2339 ti-

1838 2383 2081 2427 muerunt
2113 2374 2152 2426 ⁸.

1904 2467 1996 2522 55.
2031 2466 2161 2521 Item
2214 2465 2367 2520 illum
2418 2464 2633 2520 induxit
2684 2465 2887 2530 locum,
2932 2481 3042 2536 quo
3080 2467 3150 2523 de
3186 2467 3297 2523 vite
3331 2468 3423 2521 illa

1836 2558 2016 2628 agitur
2067 2556 2324 2628 agricolis
2373 2557 2573 2611 locata.
2619 2557 2798 2627 Atque
2843 2557 2946 2611 hoc
2976 2558 3199 2628 insuper
3233 2576 3246 2612 :
3280 2558 3423 2625 Quid

1834 2644 2094 2719 estigitur
2113 2664 2132 2703 :
2154 2647 2408 2717 Lapidem
2430 2666 2581 2720 quem
2601 2648 3008 2718 reprobaverunt
3025 2649 3350 2719 mdiﬁcantes
3367 2651 3425 2704 ’ξ

1909 2742 1998 2797 56.
2046 2740 2257 2797 Deievit
2300 2742 2435 2796 illud
2469 2760 2483 2795 :
2520 2742 2663 2809 Quia
2708 2759 2828 2796 vero
2879 2743 3075 2797 mortui
3116 2753 3421 2814 resurgunt,

1837 2829 2050 2901 Hoyses
2080 2830 2309 2885 ostendit
2346 2847 2494 2885 secus
2539 2830 2729 2884 rubum
2749 2872 2763 2896 ,
2792 2832 2930 2885 sicut
2957 2832 3108 2899 dicit,
3135 2831 3422 2887 Dominum

1837 2924 2006 2979 Deum
2035 2924 2329 2989 Abraham,
2364 2934 2413 2978 et
2447 2923 2625 2989 Isaac,
2658 2935 2706 2978 et
2736 2923 2926 2979 Jacob.
2957 2924 3100 2981 Deus
3141 2935 3319 2980 autem
3344 2935 3425 2981 est

1836 3016 2090 3080 uiuorum,
2123 3033 2227 3069 non
2256 3026 2586 3070 mortuorum
2617 3017 2681 3071 ¹⁰.

1909 3108 1998 3163 57.
2026 3109 2133 3163 Ista
2161 3124 2378 3179 quoque
2407 3109 2757 3179 praetermisit
2786 3127 2800 3162 :
2834 3110 2974 3177 Quia
2996 3127 3117 3168 vero
3148 3122 3425 3184 resurgant

1839 3203 2054 3267 mortui,
2089 3211 2139 3256 et
2180 3200 2389 3272 Moyses
2426 3202 2672 3269 ostendit,
2705 3202 2880 3258 dicens
2918 3202 3086 3259 Deum
3130 3205 3424 3270 Abraham,

1836 3302 1888 3347 et
1908 3292 2075 3347 Deum
2108 3292 2291 3360 Isaac,
2315 3302 2366 3347 et
2399 3292 2571 3347 Deum
2598 3291 2786 3358 Iacob,
2815 3293 2984 3348 Deum
3013 3296 3266 3349 vivorum.

1909 3385 1994 3440 58.
2024 3385 2160 3441 Illud
2190 3387 2415 3457 insuper
2443 3384 2629 3442 omisit
2655 3404 2669 3440 :
2699 3375 2937 3454 Capillus
2967 3385 3033 3441 de
3061 3388 3233 3458 capite
3252 3396 3424 3442 vestro

1838 3494 1941 3532 non
1971 3477 2160 3548 peribit
2192 3479 2255 3531 ”.

1910 3570 1999 3626 59.
2045 3573 2246 3626 Iterum
2293 3573 2409 3625 haec
2436 3570 2774 3641 amputavit:
2811 3569 2960 3623 Tune
3001 3571 3093 3640 qui
3134 3571 3190 3625 in
3229 3570 3424 3629 Iudaea

1838 3652 1988 3724 sunt,
2018 3661 2227 3731 fugiant
2267 3660 2337 3713 ad
2384 3671 2615 3725 montes,
2645 3668 2777 3725 etc.,
2814 3660 2885 3715 ob
2916 3674 2981 3716 ea
3015 3675 3136 3731 quae
3181 3677 3423 3733 sequun-

1840 3761 1950 3818 tur,
1989 3751 2153 3807 donec
2179 3763 2607 3806 consummatur
2630 3753 2810 3806 omnia
2838 3768 2953 3823 qua:
2978 3754 3179 3823 scripta
3208 3763 3334 3809 sunt
3357 3756 3423 3809 ".

1910 3844 2000 3899 60.
2030 3843 2261 3899 Locutus
2275 3852 2351 3897 est
2380 3860 2498 3896 cum
2527 3842 3047 3915 magistratibusﬁet,
3082 3845 3424 3916 quemadmo-

1839 3935 1965 3989 dum
1988 3935 2140 3989 illum
2170 3934 2397 3988 traderet
2429 3934 2495 3997 ¹⁸,
2521 3942 2625 3988 etc.

1908 4028 1998 4082 61.
2032 4026 2101 4081 Et
2129 4027 2267 4080 dixit
2300 4027 2461 4082 Petro
2490 4035 2540 4081 et
2566 4028 2822 4098 reliquis:
2864 4027 3064 4103 Eunles
3105 4040 3421 4101 prteparate,

1832 4120 1897 4174 'ut
1924 4119 2299 4173 manducemus
2333 4118 2533 4189 pascha
2564 4119 2628 4173 “.

1911 4196 2007 4271 62,.
2034 4209 2105 4264 Et
2152 4209 2411 4276 recubuit,
2454 4218 2505 4264 et
2548 4209 2820 4265 duodecim
2869 4211 3098 4281 apostoli
3131 4227 3250 4265 cum
3277 4212 3370 4267 illo
3404 4228 3425 4264 :

1841 4312 1890 4357 et
1930 4302 2111 4357 dixit:
2162 4302 2431 4357 Desiderio
2483 4301 2776 4357 desideravi
2822 4302 2918 4357 hoc
2957 4304 3156 4373 pascha
3199 4302 3425 4357 mandu—

1768 4390 1813 4446 D
1841 4410 1961 4448 care
1985 4394 2273 4456 uobiscum,
2306 4394 2599 4463 antequam'
2618 4394 2795 4462 patiar
2823 4394 2890 4446 ".

1915 4486 2001 4540 65.
2038 4484 2305 4541 Praaterea
2335 4487 2449 4542 haec
2484 4488 2552 4543 ab
2583 4503 2648 4542 eo
2671 4488 2911 4544 detracta
2944 4494 3107 4542 sunt:
3127 4485 3260 4540 Dico
3286 4488 3427 4541 enim

1843 4575 2007 4645 vobis,
2036 4576 2160 4631 Non
2203 4578 2357 4632 edam
2382 4578 2518 4632 illud
2559 4579 2786 4648 amplius
2828 4580 2992 4632 donec
3040 4578 3325 4647 impleatur
3371 4580 3424 4633 in

1846 4686 2002 4740 regno
2028 4668 2212 4724 Patris
2238 4670 2339 4723 mei
2367 4670 2435 4727 ¹⁶.

1920 4760 2010 4815 64.
2039 4760 2171 4816 Item
2206 4761 2339 4815 illud
2372 4776 2386 4813 :
2421 4760 2647 4828 Quando
2690 4761 2813 4815 misi
2856 4777 2967 4824 vos,
2998 4760 3233 4833 nunquid
3261 4761 3427 4831 defuit

1849 4853 2034 4910 vobis?
2063 4861 2170 4910 etc.
2205 4852 2286 4908 Ob
2324 4868 2388 4908 ea
2432 4869 2555 4924 quae
2612 4862 2919 4923 sequuntur
2965 4871 2979 4907 :
3019 4853 3089 4907 Et
3136 4855 3232 4907 hoc
3286 4854 3426 4923 quod

1848 4944 2102 5013 scriptum
2142 4953 2219 4998 est
2256 4951 2453 5011 oportet
2498 4942 2707 5013 impleri
2740 4930 2758 4996 Ξ
2792 4941 2859 4996 Et
2886 4959 3002 4997 cum
3031 4944 3221 5013 iniquis
3260 4943 3425 5012 depu-

1850 5046 1992 5091 tatus
2017 5046 2093 5091 est
2117 5037 2183 5090 ".

1920 5130 2021 5185 65.“
2048 5130 2275 5184 Avulsus
2309 5139 2383 5181 est
2414 5127 2479 5181 ab
2512 5128 2646 5193 illis,
2680 5136 2937 5198 quantum
2963 5129 3144 5198 jactus
3178 5136 3256 5183 est
3291 5127 3427 5196 lapi-

1848 5221 1980 5277 dis:
2013 5221 2083 5276 Et
2108 5222 2297 5292 positis
2332 5221 2548 5292 genibus
2585 5220 2774 5274 orabat
2801 5220 2864 5274 ¹⁸.

1918 5313 2007 5367 66.
2038 5311 2108 5366 Et
2142 5313 2383 5377 accessit,
2415 5322 2471 5365 ut
2507 5312 2840 5367 oscularetur
2873 5327 3013 5378 eum,
3039 5318 3089 5365 et
3116 5308 3253 5364 dixit
3282 5310 3345 5365 ¹⁹.

2855 5555 2876 5585 ⁸
2910 5553 3042 5609 ibid.
3074 5552 3165 5609 31.
3240 5552 3260 5583 ⁷
3294 5550 3427 5606 Luc.

2024 5624 2228 5697 “‘Luc‘.
2263 5625 2862 5697 sst,18.|7___“_,_ibid.
2894 5623 2959 5677 ει
2997 5637 3146 5695 εφω
3184 5621 3269 5697 3'.
3292 5619 3427 5676 Luc.

2045 5695 2087 5725 ιο
2110 5695 2239 5751 ibid.
2272 5694 2361 5749 tt.
2416 5697 2484 5771 ,η
2517 5693 2645 5749 ibid.
2682 5692 2770 5749 47.
