3844 6270
413 310 519 365 725

483 425 536 479 5.
575 424 762 481 Omnis
797 425 937 480 enim
965 425 1052 480 lea:
1099 426 1242 482 vobis
1274 427 1544 498 impletur.
1584 425 1783 497 Diliges
1811 428 1966 496 praui
2026 443 2070 498 Α

415 529 559 570 mum
591 523 740 569 tuum
767 517 903 572 sicut
929 518 1150 585 teipsunt
1175 519 1216 572 '.

486 608 541 662 6.
575 606 870 679 Manifesta
923 619 1046 664 sunt
1093 619 1270 665 autem
1309 627 1468 680 opera
1494 611 1694 684 carnis,
1721 626 1839 682 qute
1876 621 1997 665 sunt

417 698 727 769 fornicatio,
760 700 1124 766 immunditia,
1170 702 1410 768 luxuria,
1459 702 1723 758 idolorum
1753 703 1999 768 servitus,

416 792 686 861 veneﬁcia,
715 793 1030 859 inimicitias,
1064 795 1440 860 contentiones,
1466 796 1853 861 aemulationes,
1881 796 2000 862 irw,

417 882 572 946 rixae,
623 883 998 949 dissensiones,
1030 895 1205 951 sectte,
1234 886 1544 952 homicidia,
1579 886 1878 952 ebrietates,
1914 903 1997 939 co.

419 977 785 1042 messationes,
829 994 944 1048 qua:
980 976 1212 1047 praedico
1253 979 1398 1035 vobis
1432 981 1568 1035 sicut
1597 980 1846 1050 pradixi,
1873 996 2001 1050 quo-

420 1067 564 1120 niam
594 1069 686 1137 qui
715 1068 848 1123 talia
878 1079 1064 1140 agunt,
1097 1087 1312 1141 regnum
1337 1070 1434 1126 Dei
1462 1089 1566 1127 non
1595 1071 1936 1143 possidebunt
1957 1072 1997 1125 ’.

488 1245 542 1299 'l.
587 1245 692 1313 Qui
737 1257 910 1303 autem
939 1249 1161 1314 Christi,
1199 1267 1413 1306 carnem
1458 1251 1836 1321 cruci/inerunt
1883 1266 2000 1304 cum

417 1337 556 1393 vitiis
585 1348 636 1393 et
673 1343 1106 1410 concupiscentiis
1142 1344 1182 1397 ³.

485 1431 540 1486 8.
579 1429 760 1504 Neque
798 1435 938 1488 enim
979 1434 1072 1504 qui
1095 1435 1564 1510 circumciduntur,
1621 1436 1782 1507 legem
1826 1443 2002 1490 custo-

414 1523 566 1576 diunt
593 1523 637 1580 ⁸.

415 1635 580 1706 320
598 1635 680 1692 Ad
719 1635 1040 1693 Corinthios
1063 1637 1104 1702 1,
1133 1653 1256 1712 quae
1295 1638 1558 1712 estaliud
1587 1638 1917 1696 Marcionem
1943 1646 2004 1694 ut

981 1717 1036 1764 et
1063 1707 1205 1780 apud
1240 1723 1342 1764 nos
1370 1707 1438 1765 ll.

1835 309 1893 364 S.
1926 304 2269 362 ΕΡΙΡῊΑΝΙΙ

3590 295 3704 352 ’21

2171 431 2234 478 ε’.
2284 424 2335 476 Ὁ
2379 421 2489 493 γὰρ
2535 420 2652 488 πᾶς
2685 421 2867 490 νόμος
2898 417 3038 488 ύμῖν
3075 415 3476 484 πεπλήρωται.
3534 413 3705 483 Ἀττι-

2101 512 2320 580 πήσεις
2355 513 2463 566 τὸν
2495 512 2765 579 πλησίον
2802 523 2918 563 σου
2945 509 3025 575 ὡς
3055 508 3336 562 σεαυτόν.

2174 612 2248 672 ς’.
2278 605 2513 673 Φανερὰ
2554 602 2623 656 δέ
2654 604 2788 657 ἐστι
2820 602 2891 656 τὰ
2917 601 3062 672 ἔργα
3093 599 3200 669 τῆς
3228 601 3481 669 σαρκὸς,
3516 597 3697 654 ἅτινά

2099 698 2231 753 ἐστι
2275 697 2543 767 πορνεία,
2594 694 2957 764 ἀκαθαρσία,
3010 694 3316 763 ἀσέλγεια,
3362 692 3699 746 ειδωλολα-

2102 789 2284 857 τρεία,
2329 787 2684 859 φαρμακεία,
2737 788 2964 857 ἔχθραι,
3015 785 3191 855 ἐρεις,
3250 782 3437 852 ζῆλοι,
3493 782 3697 852 θυμοὶ,

2100 882 2376 950 ἐριθείαι,
2421 881 2836 951 διχοστασίαι,
2889 878 3182 948 αἱρέσεις,
3236 878 3445 947 φόνοι,
3496 875 3695 945 μέθαι.

2101 971 2303 1043 κῶμοι,
2338 972 2380 1028 ά
2409 973 2681 1044 προλέγω
2707 972 2871 1042 ὑμῖν,
2903 970 3100 1038 καθὼς,
3129 971 3225 1025 καὶ
3253 967 3571 1038 προεῖπον,
3605 967 3702 1020 ὅτι

2101 1069 2158 1119 οἱ
2210 1066 2284 1119 τὰ
2330 1065 2574 1119 τοιαῦτα
2625 1064 3032 1134 πράσσοντες.
3049 1063 3378 1128 βασιλείαν
3415 1059 3572 1114 Θεοῦ
3619 1061 3698 1113 οὐ

2101 1157 2697 1228 κληρονομήσουσιν.

2173 1250 2238 1315 ζ’.
2279 1254 2342 1306 Ol
2367 1251 2436 1304 δὲ
2460 1251 2567 1305 τοῦ
2596 1251 2877 1320 Χριστοῦ,
2909 1249 3026 1319 τὴν
3057 1248 3258 1318 σάρκα
3293 1246 3702 1316 ἐσταύρωσαν

2100 1344 2223 1400 σὺν
2252 1345 2375 1411 τοῖς
2404 1343 2716 1413 παθήμασι
2737 1344 2836 1398 καὶ
2862 1343 2992 1411 ταῖς
3023 1342 3380 1412 ἐπιθυμίαις.

2174 1437 2246 1508 η’.
2267 1439 2416 1492 Οὔτε
2439 1437 2548 1508 γὰρ
2575 1441 2630 1492 οί
2654 1438 3137 1508 περιτεμνόμενοι
3162 1435 3333 1491 αὐτοὶ
3362 1435 3558 1505 νόμον
3582 1451 3697 1503 99v-

2100 1531 2436 1588 λάσσουσι.

2102 1645 2248 1718 Πρὸς
2279 1647 2602 1718 Κορινθίους
2633 1645 2885 1790 Α’ἐρᾷαρῆ
2897 1644 3136 1787 git-1%?
3175 1641 3464 1714 Μαρκίωνι
3491 1639 3570 1703 B’,
3596 1637 3701 1692 καὶ

488 1819 540 1873 1.
569 1818 839 1890 Scriptum
859 1832 939 1882 est
971 1823 1111 1878 enim
1135 1820 1400 1876 :Perdam
1447 1825 1760 1892 sapientiam
1793 1824 1994 1894 sapien-

2176 1837 2248 1885 α’.
2285 1831 2630 1902 Γέγραπται-
2675 1829 2814 1900 γάρ’
2865 1828 3098 1883 Ἀπολῶ
3146 1828 3269 1897 τὴν
3313 1824 3545 1894 σοφίαν
3576 1819 3701 1875 τῶν

415 1912 569 1974 tium,
600 1926 654 1967 et
685 1914 1023 1981 prudentiam
1059 1915 1396 1983 prudent-ium
1429 1917 1718 1984 reprobabo
1741 1919 1782 1973 ⁸.

485 2006 539 2058 2.
583 2003 677 2072 Ut,
703 2007 1148 2076 quemadmodum
1173 2011 1430 2079 scriptum
1467 2018 1566 2076 est,
1611 2012 1699 2080 qui
1737 2010 2003 2082 gloriatur

418 2098 472 2149 in
502 2097 730 2152 Domino
754 2100 1010 2170 glorietur
1038 2101 1078 2157 ⁸.

413 2249 420 2257 ,
486 2190 541 2244 5.
578 2188 890 2261 Principum
919 2191 1078 2264 hujus
1112 2195 1316 2260 seaculi,
1343 2197 1433 2266 qui
1457 2206 1783 2251 evacuantur
1814 2198 1858 2253 ⁷.

486 2363 539 2418 4.
577 2364 842 2435 Scriptum
903 2376 983 2421 est
1027 2369 1163 2422 enim
1209 2369 1709 2440 :Comprehendam
1741 2372 2001 2442 sapientes

416 2458 470 2510 in
510 2459 711 2512 astutia
738 2475 919 2513 eorum
947 2461 989 2515 ⁸.
1024 2461 1091 2515 Et
1119 2463 1316 2518 iterum
1345 2481 1358 2518 :
1394 2463 1653 2520 Dominus
1683 2465 1825 2520 nouit
1855 2466 2002 2537 cogi-

418 2550 642 2605 tationes
665 2550 963 2621 hominum,
993 2555 1120 2625 quia
1159 2571 1309 2610 vana:
1331 2566 1454 2612 sunt
1482 2558 1527 2612 ’.

485 2729 539 2783 5.
571 2726 785 2784 Etenim
831 2730 1031 2800 pascha
1088 2741 1330 2786 nostrum
1378 2734 1687 2792 immolatus
1734 2746 1812 2792 est
1855 2738 2007 2806 Chri-

413 2833 528 2878 stus
560 2823 626 2876 ⁸⁸.

483 2915 538 2970 6.
576 2913 815 2970 Nescitis
861 2915 1001 2986 quod
1052 2917 1144 2986 qui
1193 2893 1425 2972 adhaeret
1489 2923 1774 2987 meretrici,
1841 2940 2002 2978 unum

415 3022 604 3076 corpus
659 3011 781 3064 est?
833 3007 1008 3062 Erunt
1063 3009 1224 3075 enim,
1287 3012 1488 3082 inquit,
1546 3013 1651 3067 duo
1696 3015 1751 3068 in
1792 3031 2012 3072 carnem.

2102 1923 2335 1993 σοφῶν,
2359 1924 2459 1978 καὶ
2499 1923 2614 1992 τὴν
2649 1923 2909 1977 σύνεσιν
2931 1919 3049 1974 τῶν
3080 1917 3353 1974 συνετῶν
3391 1913 3697 1980 ἀθετήσω.

2179 2016 2244 2087 β’.
2281 2019 2434 2083 Ἵνα,
2475 2017 2673 2084 καθὼς
2718 2015 3058 2086 γέγραπται,
3106 2017 3140 2071 ό
3191 2009 3585 2080 καυχώμενος
3623 2008 3702 2061 ἐν

2102 2089 2298 2156 Κυρίῳ
2329 2087 2678 2158 καυχάσθω.

2169 2179 2240 2250 γ’.
2253 2178 2375 2234 Τῶν
2399 2180 2711 2250 ἀρχόντων
2732 2177 2838 2234 τοῦ
2859 2178 3070 2245 αἰῶνος
3091 2175 3308 2230 τούτου
3331 2173 3450 2228 τῶν
3476 2187 3706 2238 καταρ-

2103 2272 2432 2344 γουμένων.

2172 2367 2239 2422 δ’.
2277 2365 2613 2436 Γέγραπται
2657 2365 2769 2436 γάρ
2788 2379 2802 2394 ⁸
2853 2365 2916 2419 ’0
2959 2363 3373 2434 δρασσόμενος
3411 2357 3559 2423 τοὺς
3587 2371 3697 2410 σο-

2101 2456 2256 2525 φοὺς
2284 2455 2354 2509 ἐν
2391 2454 2466 2525 τῇ
2493 2457 2828 2533 πανουργίᾳ
2858 2455 3056 2511 αὐτῶν
3077 2472 3089 2485 ·
3122 2453 3218 2508 καὶ
3248 2451 3438 2507 πάλιν·
3473 2450 3696 2517 Κύριος

2103 2546 2382 2620 γινώσκει
2419 2548 2563 2616 τοὺς
2593 2548 3026 2620 διαλογισμοὺς
3059 2546 3179 2602 τῶν
3221 2543 3570 2614 ἀνθρώπων,
3602 2543 3697 2596 ὅτι

2103 2638 2222 2694 εἰσὶ
2247 2639 2507 2709 μάταιοι.
2930 2711 2940 2722 .

2173 2738 2236 2786 ε’.
2267 2731 2377 2786 Καὶ
2405 2730 2515 2802 γὰρ
2545 2731 2611 2788 τὸ
2647 2733 2858 2804 πάσχα
2887 2731 3056 2800 ἡμῶν
3081 2730 3260 2798 ἐτύθη
3293 2727 3575 2798 Χριστός.

2176 2921 2252 2980 ς’.
2274 2915 2396 2968 Οὐκ
2421 2913 2641 2976 οἴδατε,
2672 2913 2761 2967 ὅτι
2787 2914 2820 2968 ό
2853 2910 3235 2981 κολλώμενος
3265 2907 3339 2977 τῇ
3371 2908 3608 2975 πόρνῃ,
3626 2903 3702 2960 ἓν

2103 3008 2277 3079 σῶμά
2321 3007 2495 3062 ἐστιν
2508 3023 2528 3072 ;
2587 3007 2868 3061 Ἔσονται
2919 3004 3050 3076 γὰρ,
3105 3002 3289 3074 φησιν,
3338 3002 3392 3054 ol
3448 2999 3562 3053 δύο
3608 3000 3698 3064 εἷς

2104 3099 2301 3170 σάρκα
2319 3102 2488 3171 μίαν.

488 3192 540 3247 7.
573 3190 816 3248 Mutatus
843 3199 930 3249 est
967 3192 1146 3259 locus,
1175 3209 1302 3249 nam
1350 3211 1449 3266 pro
1485 3211 1552 3251 co
1590 3197 1735 3268 quod
1769 3205 1894 3256 est:
1928 3199 1994 3255 Et

2176 3192 2241 3257 ζ’.
2275 3191 2769 3263 Μετηλλαγμένοςο
2809 3189 2933 3243 ἀντὶ
2978 3186 3090 3260 γὰρ
3124 3185 3241 3253 τοῦ,
3275 3183 3384 3240 Καὶ
3433 3187 3467 3239 ό
3509 3184 3699 3254 νιᾷιος

417 3279 502 3336 lea:
532 3281 642 3336 hate
681 3299 786 3337 non
814 3282 966 3350 dicit,
1002 3282 1165 3338 habet
1195 3283 1364 3350 "ille,
1402 3283 1521 3340 Etsi
1557 3286 1641 3340 lex
1655 3285 1856 3358 Moysis
1894 3289 2006 3344 haec

415 3388 521 3429 non
558 3373 706 3428 dicit.

487 3464 541 3519 8.
582 3464 837 3535 Nunquid
863 3465 926 3520 de
953 3465 1115 3520 bobus
1149 3483 1279 3521 cura
1311 3477 1388 3523 est
1430 3469 1535 3525 Deo
1568 3471 1653 3526 "‘3

487 3556 541 3610 9.
578 3555 721 3610 Nolo
741 3557 880 3611 enim
909 3574 998 3612 vos
1029 3558 1294 3628 ignorare,
1320 3561 1802 3634 {ratres,quoniam
1825 3574 2003 3634 patres

419 3647 588 3700 nostri
609 3646 703 3700 sub
739 3647 873 3702 nube
921 3648 1156 3717 fuerunt,
1195 3660 1243 3704 et
1278 3669 1454 3708 omnes
1478 3670 1631 3710 mare
1657 3657 2004 3725 transierunt,

417 3747 467 3794 et
494 3755 670 3793 omnes
715 3739 953 3795 eamdem
993 3759 1169 3796 escam
1212 3745 1507 3814 spiritalem
1535 3747 2002 3804 manducaverunt.

421 3829 677 3884 Bibebant
729 3831 868 3886 enim
916 3831 980 3886 de
1033 3835 1266 3902 spiritali
1309 3849 1651 3908 consequente
1695 3854 1782 3893 eos
1816 3849 2006 3908 petra;

2105 3283 2294 3340 ταῦτα
2316 3286 2388 3339 οὺ
2414 3283 2599 3354 λέγει,
2627 3282 2760 3355 φησὶ
2778 3283 3010 3347 ἐκεῖνος,
3037 3282 3124 3336 Ἐῑ
3145 3278 3243 3334 καὶ
3271 3279 3503 3348 όνόμος
3529 3280 3694 3332 Μωῦ-

2105 3376 2261 3444 σέως
2300 3375 2493 3431 ταῦτα
2523 3378 2596 3431 οὐ
2622 3375 2806 3446 λέγει.

2175 3469 2246 3542 η’.
2280 3471 2392 3540 Μὴ.
2417 3470 2535 3526 τῶν
2561 3469 2732 3536 ¹βοῶν
2751 3469 2922 3540 μέλει
2949 3465 3028 3534 τῷ
3059 3465 3221 3533 Θεῷ;

2178 3565 2244 3620 θ’.
2285 3568 2367 3620 Οὐ
2398 3565 2550 3620 θέλω
2591 3564 2703 3634 γὰρ
2732 3561 2889 3634 ὑμᾶς
2919 3560 3180 3632 ἀγνοεῖν,
3208 3557 3484 3628 ἀδελφοὶ,
3521 3556 3613 3610 ὅτι
3639 3557 3696 3609 οι

2106 3659 2356 3729 πατέρες
2375 3657 2548 3729 ἡμῶν
2571 3658 2690 3713 ὑπὸ
2712 3655 2832 3737 τὴν
2852 3654 3120 3725 νεφέλην
3141 3649 3323 3723 ἦσαν,
3345 3651 3442 3707 καί
3472 3648 3691 3716 πάντες

2104 3750 2203 3808 διὰ
2228 3752 2339 3822 τῆς
2367 3752 2691 3819 θαλάσσης
2739 3749 3011 3818 διῆλθον,
3051 3747 3148 3801 καὶ
3189 3744 3411 3810 πάντες
3451 3743 3520 3798 τό
3546 3742 3698 3797 αὺτῦ

2105 3841 2514 3913 πνευματικὸν
2534 3843 2762 3912 ἔφαγον
2783 3839 3014 3909 βρῶμα.
3039 3839 3292 3891 Ἐπινον
3312 3834 3423 3905 γὰρ
3438 3834 3507 3887 ἐκ
3523 3847 3690 3887 πνευ-

417 3933 568 3993 petra
599 3933 775 3978 autem
791 3934 905 3979 erat
937 3925 1201 3983 Christus.
1231 3927 1334 3983 Sed
1360 3932 1534 3986 nonin
1560 3932 1799 4001 pluribus
1820 3950 1994 3988 eorum

2149 3933 2360 4000 ατικῆς
2392 3934 2853 3998 ἀκολουθούσης
2884 3931 3135 3998 πέτρας·
3165 3928 3204 3996 ἡ
3237 3924 3305 3979 δὲ
3336 3925 3523 3992 πέτρα
3552 3920 3630 3993 ἦν
3657 3925 3693 3978 ά

417 4017 803 4086 beneplacitum
867 4028 945 4073 est
993 4019 1124 4078 Deo.
1157 4021 1284 4077 ΙΙαό
1334 4033 1510 4077 autem
1543 4025 1596 4078 in
1645 4026 1818 4096 ﬁgura
1856 4027 1994 4096 facta

2149 4026 2386 4092 TptO'tdc.
2422 4024 2574 4078 Ἀλλ’
2604 4025 2715 4077 οὐκ
2740 4022 2810 4075 ἐν
2832 4019 2956 4086 τοῖς
2987 4018 3268 4072 πλείοσιν
3289 4014 3490 4070 αὐτῶν
3513 4014 3687 4080 ηὐδό-

417 4119 540 4164 sunt
575 4111 776 4176 nostri,
828 4120 886 4165 ut
926 4129 1029 4166 non
1060 4114 1227 4168 simus
1255 4117 1676 4184 concupiscentes
1710 4118 1994 4183 malorum1

2149 4132 2281 4185 ησε.
2312 4115 2504 4172 Ταῦτα
2534 4117 2602 4169 δὲ
2624 4115 2799 4169 τύποι
2829 4111 2998 4183 ἡμῶν
3023 4109 3420 4181 ἐγενήθησαν,
3456 4108 3606 4176 πρὸς
3625 4107 3686 4162 τὸ

415 4205 556 4257 sicut
578 4204 660 4259 illi
676 4204 910 4273 fuerunt.
934 4203 1114 4276 Neque
1138 4206 1404 4262 idolorum
1435 4209 1661 4263 cul‘tores
1682 4210 1994 4279 eﬂiciamini,

2151 4209 2190 4277 ἡ
2211 4205 2364 4264 εἶναι
2387 4206 2546 4278 ἡμᾶς
2572 4206 2941 4276 ἐπιθυμητὰς
2963 4203 3185 4266 κακῶν,
3209 4200 3404 4267 καθὼς
3429 4199 3685 4254 κάκεῖνοι

415 4295 555 4349 sicut
583 4294 800 4366 quidam
834 4311 899 4350 ex
927 4296 1078 4366 ipsis,
1106 4297 1548 4366 quemadmodum
1589 4302 1847 4369 scriptum
1882 4311 1994 4356 est;

2149 4304 2518 4372 πεθύμησαν.
2553 4299 2724 4368 Μηδὲ
2754 4297 3176 4367 εἰδωλολάτραι
3205 4297 3468 4366 γίνεσθε,
3499 4292 3693 4358 καθώς

417 4385 566 4444 Sedit
624 4387 847 4456 populus
876 4388 1200 4444 manducare
1239 4400 1288 4445 et
1349 4391 1540 4456 bibere,
1580 4405 1629 4448 et
1661 4411 1994 4451 surrexerunt

2149 4412 2266 4462 ινες
2311 4392 2533 4458 αὐτῶν,
2573 4393 2655 4458 ὡς
2704 4391 3048 4462 γέγραπται*
3097 4387 3410 4443 Ἐκάθισεν
3463 4389 3498 4440 ό
3542 4386 3688 4450 λαὸς

417 4481 616 4536 ludere.
636 4480 817 4553 Neque
832 4491 1088 4537 tentemus
1110 4481 1404 4547 Christum,
1427 4501 1601 4555 usque
1625 4487 1693 4543 ad
1718 4503 1781 4543 ea
1801 4490 1963 4545 verba
1988 4509 2001 4545 :

2110 4481 2326 4552 φαγεῖν
2362 4482 2461 4540 καὶ
2508 4481 2687 4544 πιεῖν,
2718 4480 2817 4534 καὶ
2867 4479 3219 4548 ἀνέστησαν
3249 4475 3494 4538 παίζειν.
3525 4475 3688 4543 Μηδέ

419 4574 550 4632 Hac
573 4550 746 4630 autem
777 4577 957 4630 omnia
984 4577 1038 4630 in
1061 4577 1235 4648 ﬁgura
1257 4550 1628 4649 contingebant
1651 4580 1806 4648 ipsis,
1827 4581 1872 4612 “
1890 4590 1994 4638 etc.

2149 4550 2540 4644 κπειράζωμεν
2570 4573 2677 4628 τὸν
2699 4573 2976 4642 Χριστὸν,
3005 4572 3108 4636 ἕως
3128 4572 3262 4625 ὅπου
3292 4569 3460 4639 λέγει’
3503 4568 3686 4624 Ταῦτα

486 4753 575 4809 10.
609 4753 752 4821 Quid
781 4770 906 4825 ergo
948 4754 1110 4810 dico?
1141 4755 1296 4823 Quod
1331 4755 1493 4812 idolis
1522 4758 1860 4814 immolatum
1894 4763 2002 4815 ali-

413 4846 540 4916 quid
566 4847 679 4903 sit?
698 4846 802 4904 Sed
816 4865 933 4918 qua:
957 4848 1234 4904 immolant
1260 4849 1561 4917 daemoniis,
1588 4860 1639 4906 et
1671 4868 1774 4908 non
1804 4852 1912 4908 Deo
1933 4856 1998 4910 ¹⁸.

487 4939 575 4992 Η.
619 4938 714 4993 Vir
741 4957 946 4995 comam
985 4958 1093 4998 non
1129 4943 1364 5010 nutriat;
1387 4944 1562 5015 gloria
1593 4947 1733 5002 enim
1749 4957 1800 5003 et
1825 4949 2000 5020 imago

412 5028 512 5084 Dei
541 5039 617 5083 est
652 5029 717 5086 “.

484 5121 573 5174 12.
617 5118 720 5175 Sed
747 5121 886 5178 Deus
920 5127 1221 5195 temperavit
1246 5143 1434 5198 corpus
1468 5129 1533 5184 ".

485 5211 573 5267 15.
641 5211 928 5284 Perperam
996 5215 1157 5272 istam
1203 5219 1490 5289 concepit:
1521 5219 1626 5276 Sed
1655 5221 1710 5274 in
1755 5219 1998 5276 Ecclesia

413 5304 532 5359 volo
559 5308 788 5378 quinque
834 5307 989 5362 verba
1036 5325 1193 5364 sensu
1231 5327 1344 5364 meo
1394 5311 1538 5375 loqui
1561 5313 1624 5367 ¹⁸.
1651 5313 1825 5370 Aliter
1848 5314 1994 5370 enim

413 5394 504 5452 ille
533 5395 790 5466 scripsit;
823 5407 877 5453 et
912 5397 974 5452 ob
1007 5400 1190 5468 legem,
1237 5399 1464 5456 addidit.

486 5555 736 5632 ‘Gal._v_,
770 5555 876 5632 u._
907 5558 956 5632 -ί
969 5557 1122 5632 jbid.
1161 5557 1247 5632 19.
1325 5559 1631 5632 simam.
1710 5563 1994 5619 ‘Galatw

2149 5567 2176 5621 ἱ.
2252 5567 2274 5599 ⁸
2315 5565 2333 5619 Ι
2366 5566 2492 5622 Cor.
2527 5582 2563 5632 ι,
2597 5566 2700 5632 19;
2735 5564 2838 5622 lsa.
2863 5583 3012 5632 xm,
3051 5566 3133 5621 14.

408 5623 503 5680 Jer
546 5643 618 5682 Ix.
664 5628 756 5682 23.

412 5695 458 5729 "
492 5696 508 5749 Ι
538 5698 667 5753 Co:
697 5714 776 5758 Vl.
810 5698 897 5756 16.
1005 5701 1052 5732 ¹⁸
1083 5700 1103 5754 1
1146 5699 1275 5757 Cor.
1314 5717 1366 5756 Ix
1390 5741 1404 5765 ,
1447 5704 1498 5758 8.
1598 5704 1640 5735 "
1676 5695 1896 5760 ilnid.'9.

2109 4667 2179 4721 δὲ
2210 4665 2474 4734 τυπικῶς
2501 4666 2864 4722 συνέϐαινεν
2885 4664 3048 4734 ἡμῖν,
3083 4663 3178 4719 καὶ
3208 4663 3279 4717 τὰ
3300 4661 3447 4732 ἑξῆς.

2183 4766 2237 4814 ι’.
2262 4760 2322 4812 Τί
2347 4756 2462 4815 οὖν
2479 4778 2627 4831 φημι
2641 4776 2661 4826 ;
2679 4761 2810 4813 Ὅτι
2828 4759 2870 4791 ¹⁹
2894 4759 3202 4828 ἱερόθυτόν
3218 4758 3276 4812 τί
3293 4757 3467 4811 ἐστιν
3489 4772 3503 4784 ·
3537 4755 3683 4811 Ἀλλ’

2109 4849 2198 4905 ὅτι
2238 4850 2278 4905 d
2307 4852 2523 4907 θύουσι
2556 4851 2908 4923 δαιμονίοις,
2937 4851 3034 4905 καὶ
3063 4852 3135 4905 οὐ
3169 4849 3310 4915 Θεῷ.

2168 4927 2273 4997 ια’.
2324 4944 2494 5013 Ἀνὴρ
2531 4946 2641 5000 οὐκ
2673 4944 2900 5014 ὀφείλει
2929 4941 3142 5014 κομᾷν,
3187 4943 3349 5011 δόξα·
3380 4945 3481 5000 καὶ
3519 4943 3683 5000 εἰκὼν

2109 5035 2258 5092 Θεοῦ
2287 5035 2593 5106 ὑπάρχων.

2180 5129 2270 5201 ιβ’.
2315 5129 2489 5185 Ἀλλὰ
2517 5132 2551 5184 ό
2584 5128 2729 5196 Θεὸς
2765 5127 3148 5198 συνεκέρασε-
3168 5127 3232 5182 τὸ
3267 5127 3458 5198 σῶμα.

2181 5219 2272 5292 ιγ’.
2302 5221 2778 5294 Πεπλανημένως·
2823 5221 3009 5278 Ἀλλά
3057 5221 3128 5275 ἐν
3181 5221 3512 5288 Ἐκκλησία,
3542 5221 3686 5274 θέλω

2105 5313 2287 5368 πέντε
2328 5316 2552 5384 λόγους
2595 5313 2674 5380 τῷ
2723 5315 2826 5369 νοΐ
2854 5332 2974 5384 μου
3004 5312 3298 5384 λαλῆσαι.
3339 5309 3574 5383 Ἑτέρως
3612 5313 3682 5374 δὲ,

2104 5406 2203 5461 διὰ
2236 5405 2344 5460 τὸν
2367 5406 2577 5476 νόμον.

3238 5564 3308 5617 ⁶Ι
3349 5564 3478 5619 Cor.
3515 5563 3679 5627 t,3l;

855 5627 926 5703 fl
958 5627 1186 5703 Gor._n1
1211 5631 1265 5687 6.
1359 5631 1380 5662 ⁸
1413 5629 1574 5687 lCor.
1611 5649 1693 5696 Ill,
1727 5633 1828 5699 i9;
1859 5634 1994 5690 Job‘

2221 5638 2242 5670 ’
2275 5638 2292 5692 1
2322 5637 2450 5692 Cor.
2482 5627 2567 5701 ιιι,
2602 5627 2870 5701 19iPsal.
2915 5627 3068 5703 xci",
3101 5638 3186 5691 Η.
3266 5637 3308 5666 ⁸⁸
3350 5633 3519 5688 lCor.
3550 5651 3600 5699 ν,
3633 5631 3679 5689 7.

2005 5707 2048 5777 'f
2078 5705 2098 5759 l
2132 5707 2259 5765 Cor.
2292 5725 2358 5772 χ,
2393 5708 2415 5760 1
2453 5724 2607 5777 sqq.:
2651 5706 2824 5761 Exod.
2861 5723 3010 5765 χχιιι
3072 5708 3124 5762 6.

3230 5705 3319 5759 ιιι
3350 5703 3478 5760 Cor.
3516 5721 3567 5773 ι,
3602 5703 3677 5762 l9.

410 5765 458 5801 “
491 5767 510 5821 l
541 5767 663 5825 Cor.
702 5784 773 5830 ιι,
807 5769 895 5827 ιι.
975 5773 1016 5806 ⁸⁷
1047 5771 1067 5828 l
1096 5771 1223 5830 Cor.
1256 5788 1356 5842 xu,
1391 5773 1480 5828 26.
1563 5775 1604 5808 ¹⁶
1631 5774 1650 5829 1
1681 5774 1806 5833 Cor.
1840 5791 1954 5845 xlv,
1991 5791 1994 5830 έ

2155 5778 2196 5812 ¹⁹
2232 5765 2356 5835 γεῐξ
2386 5778 2417 5842 ἢ
2447 5765 2813 5833 ειόὠΧόθυτον.
