3768 6182
124 181 286 243 7‘25

860 192 1226 252 ADVERSUS
1265 191 1608 253 HERESES
1647 193 1730 250 ιιι

1932 193 2060 253 ὈΜ.
2102 194 2192 252 ll.'..
2228 227 2296 239 ——
2335 195 2611 256 ELERES.
2658 195 2824 254 XLII.

3362 196 3471 251 ’11⁷6

230 286 336 356 ιδδ.
386 299 475 354 Ἐν
501 298 580 372 τῷ
612 300 761 373 νόμῳ
789 302 1097 374 γέγραπται
1116 321 1132 336 ·
1160 306 1288 360 Ὀτι
1310 304 1380 359 ἐν
1403 305 1730 376 ἐτερογλώσ

1944 304 2101 375 321
2139 306 2227 362 i4.
2267 305 2333 361 In
2360 307 2467 379 lege
2508 310 2759 372 scriptum
2797 318 2923 361 .rt':
2956 311 3217 372 Quartam
3247 307 3298 360 in
3344 307 3470 361 aliis

123 404 309 458 σοις
330 434 347 458 ,
382 393 482 449 καὶ
513 393 585 447 ἐν
615 396 891 463 χείλεσιν
938 396 1164 467 ἑτέροις
1190 397 1446 465 λαλήσω
1472 399 1621 467 πρὸς
1659 397 1767 451 τὸν

124 483 335 536 λαὸν
363 482 601 540 τοῦτον.

228 580 332 629 ιε’.
373 579 447 632 Αἱ
496 577 781 646 γυναῖκες
830 578 903 632 ἐν
948 578 1079 644 ταῖς
1114 580 1473 648 ἐκκλησίαις
1518 579 1766 651 σιγάτω-

131 681 319 721 σαν.
364 669 446 722 Οὐ
489 670 599 740 γὰρ
632 670 1051 739 ἐπιτέτραπται
1083 674 1295 739 αὐταῖς
1341 674 1585 727 λαλεῖνο
1628 674 1765 728 ἀλλ’

134 756 763 829 ὑποτασσέσθωσαν,
798 763 994 829 καθὼς
1027 762 1125 815 καὶ
1157 766 1189 816 ό
1217 764 1402 832 νόμος
1435 764 1620 832 λέγει.

172 862 175 863 ⁷
230 856 348 913 ις’.
389 852 526 924 Περὶ
550 852 906 916 ἀναστάσεως
943 852 1174 925 νεκρῶν
1211 852 1478 922 Γνωρίζω
1506 853 1575 907 δὲ
1598 853 1763 923 ὑμῖν,

130 939 448 1010 ἀδελφοὶ,
485 943 551 996 τὸ
576 944 967 1015 Εὐαγγέλιον,
1000 944 1031 998 δ
1064 944 1558 1015 εὐηγγελισάμην
1588 945 1761 1015 Quir-

138 1035 260 1087 καὶ
292 1035 402 1100 ὅτι,
438 1038 508 1090 El
536 1039 569 1089 ό
592 1037 847 1105 Χριστὸς
873 1040 984 1091 οὐκ
1016 1037 1345 1108 ἐγήγερται,
1361 1038 1640 1109 μάταιον,
1671 1040 1766 1093 καὶ

132 1126 229 1178 τὲ
294 1127 449 1196 ἑξῆς.
504 1129 707 1193 Οὕτως
757 1130 1185 1199 κηρύσσομεν,
1249 1129 1351 1183 καὶ
1400 1130 1589 1197 οὕτως
1634 1130 1764 1184 ἐπι-

134 1219 547 1288 στεύσαμενο
601 1219 691 1273 ὅτι
741 1219 997 1288 Χριστὸς
1052 1220 1350 1286 ἀπέθανε,
1403 1222 1502 1277 καὶ
1550 1223 1761 1293 ἐτάφη,

138 1311 264 1362 καὶ
303 1309 617 1380 ἐγήγερται
642 1312 813 1381 τρίτῃ
855 1312 1066 1382 ᾑμέρᾳ.
1098 1314 1284 1367 Ὅταν
1320 1312 1390 1367 δὲ
1435 1314 1502 1368 τὸ
1542 1316 1785 1384 θνητὸν,

138 1401 352 1455 τοῦτο
379 1402 707 1471 ἐνδύσηται
757 1405 1129 1469 ἀθανασίαν,
1182 1405 1319 1458 τότε
1363 1406 1683 1475 γενήσεται
1729 1409 1764 1461 d

137 1492 357 1562 λόγος
389 1495 422 1548 d
461 1493 904 1565 γεγραμμένοςσ
941 1497 1261 1565 Κατεπόθη
1301 1499 1336 1551 d
1373 1497 1629 1564 θάνατος
1674 1500 1763 1566 εις

137 1600 364 1652 νικος.

1870 395 2088 467 linguis,
2123 408 2171 453 et
2204 399 2360 455 labiis
2393 400 2583 470 loquar
2609 401 2803 469 yoputo
2836 398 2955 452 huic
2986 399 3027 452 ‘.

1943 577 2030 631 15.
2064 575 2318 633 Mulieres
2358 579 2411 632 in
2458 580 2694 634 ecclesiis
2748 588 2981 633 taceant.
3020 575 3143 657 Non
3173 579 3311 629 enim
3347 592 3467 646 per-

1869 668 2105 722 mittitur
2146 670 2221 724 eis
2275 670 2438 741 loqui,
2487 673 2576 726 sed
2628 670 2871 725 subditas
2908 687 3041 734 esse,
3096 670 3233 723 sicut
3285 679 3334 721 et
3380 668 3465 720 lea:

1867 758 2002 813 dicit
2041 759 2083 813 ⁸.

1939 850 2024 904 16.
2056 850 2133 906 De
2170 854 2577 909 resurrectione
2625 863 2969 909 mortuorum
3003 870 3016 906 :
3044 849 3246 906 Notum
3281 859 3459 903 autem

1866 943 2010 998 vobis
2060 945 2222 1014 facio,
2270 946 2488 1016 fratres,
2548 946 2890 1019 Evangelium
2914 986 2929 1012 ,
2988 944 3125 1015 quod
3176 942 3464 1014 pra'dicaoi

1867 1034 2009 1089 vobis
2052 1037 2095 1090 ⁸.
2136 1036 2267 1092 Item
2305 1056 2318 1093 :
2362 1037 2423 1093 Si
2473 1037 2717 1093 Christus
2786 1055 2889 1093 non
2946 1036 3273 1100 resurrexit,
3334 1036 3455 1088 ina-

1866 1128 1973 1188 nis,
2009 1134 2115 1182 etc.
2171 1126 2263 1183 Sic
2309 1130 2683 1200 praedicamus,
2714 1142 2765 1185 et
2810 1132 2887 1186 sic
2926 1130 3275 1191 credidimus,
3322 1144 3458 1198 quo-

1866 1218 2011 1271 niam
2051 1218 2297 1275 Christus
2339 1232 2579 1276 mortuus
2625 1231 2735 1287 est,
2776 1232 2826 1277 et
2854 1222 3121 1291 jsepultus,
3147 1230 3196 1275 et
3222 1228 3458 1275 resurre-

1862 1310 1943 1363 xit
1975 1312 2131 1366 tertia
2160 1311 2265 1368 die.
2298 1313 2433 1369 Cum
2462 1324 2639 1370 autem
2688 1316 2916 1370 mortale
2951 1314 3046 1369 hoc
3085 1312 3317 1369 induerit
3356 1313 3457 1366 im-

1864 1403 2269 1470 mortalitatem,
2307 1416 2431 1461 tunc
2462 1408 2550 1476 ﬁet
2585 1423 2756 1463 sermo
2796 1408 2886 1479 qui
2926 1409 3152 1476 scriptus
3194 1416 3315 1461 est:
3346 1403 3457 1459 Ab-

1863 1504 2049 1563 sorpta
2077 1505 2157 1550 est
2195 1513 2339 1553 mors
2373 1500 2429 1554 in
2458 1500 2679 1555 victoria
2705 1501 2745 1555 ⁸.

188 1696 323 1769 Τῆς
362 1698 499 1771 πρὸς
537 1699 861 1775 Κορινθίους
890 1700 966 1768 Β’,
1010 1701 1149 1775 παρ’
1192 1699 1342 1774 αὐτῷ
1373 1701 1431 1757 δὲ
1473 1700 1568 1756 καὶ
1595 1703 1725 1775 παρ’

1932 1702 1940 1742 i
1998 1686 2243 1760 Epistula
2291 1694 2333 1749 ll
2370 1696 2437 1752 ad
2485 1695 2977 1775 corinthios._quaz
3020 1702 3132 1751 tam
3171 1695 3247 1751 illi
3286 1709 3451 1766 quam

836 1773 972 1845 ἡμῖν
1008 1771 1111 1827 Γ“.’
1136 1819 1166 1838 λ

228 1884 308 1933 α’.
353 1880 525 1937 Ὅσαι
567 1883 678 1953 γὰρ
732 1882 1083 1955 ἐπαγγελίαι
1144 1886 1293 1942 Θεοῦ
1315 1927 1331 1953 ,
1379 1885 1452 1941 ἐν
1495 1886 1657 1953 αὐτῷ
1691 1886 1759 1942 τὸ

142 1970 264 2023 ναί
284 1986 301 2001 ⁸
337 1970 427 2024 διὸ
460 1972 559 2026 καὶ
590 1972 664 2026 δι’
698 1975 886 2030 αὐτοῦ
930 1975 998 2030 τὸ
1028 1975 1191 2047 ἀμὴν
1217 1976 1298 2045 τῷ
1327 1976 1469 2044 Θεῷ.
1675 1988 1681 1994 ’

234 2061 307 2132 β’.
346 2064 427 2117 Οὺ
461 2064 570 2133 γὰρ
613 2065 871 2133 ἑαυτοὺς
903 2069 1318 2138 κηρύσσομεν,
1351 2069 1514 2124 ἀλλὰ
1540 2070 1761 2138 Κύριον

160 2152 431 2221 Ἰησοῦν
453 2156 737 2224 Χριστὸν,
762 2157 1020 2225 ἑαυτοὺς
1052 2159 1123 2213 δὲ
1166 2159 1430 2227 δούλους
1465 2160 1635 2231 ὑμῶν
1662 2160 1760 2215 διὰ

154 2242 389 2324 ξιησοῦ
413 2244 695 2313 Χριστοῦ.
727 2246 858 2303 Ὀτι
887 2250 921 2303 d
952 2247 1099 2316 Θεὸς
1124 2250 1158 2303 d
1185 2249 1371 2305 εὶπὼν
1398 2250 1467 2305 ἐκ
1497 2250 1759 2317 σκότους

144 2332 291 2403 φῶς
326 2335 584 2406 λάμψαι.

230 2434 310 2496 γ’.
349 2430 639 2498 Ἔχοντες
676 2429 745 2485 δὲ
774 2430 840 2486 τὸ
891 2418 1039 2487 αὐτὸ
1071 2433 1319 2504 Πνεῦμα
1350 2434 1461 2503 τῆς
1499 2433 1758 2499 πίστεως

146 2519 263 2574 καὶ
300 2521 474 2591 ἡμεῖς
502 2523 866 2594 πιστεύομεν
897 2526 997 2579 καί
1041 2525 1374 2597 λαλοῦμεν.
1412 2525 1669 2598 Ἐξέκοψε
1697 2526 1757 2581 δὲ
1784 2588 1789 2597 ,

145 2611 222 2665 τὸ
256 2612 411 2668 κατὰ
439 2614 505 2668 τὸ
536 2615 968 2686 γεγραμμένον.

229 2704 386 2777 Αὕτη
434 2707 468 2777 ἡ
525 2708 895 2782 νενοθευμένη
939 2707 1034 2763 τοῦ
1078 2710 1408 2782 Μαρκίωνος
1464 2709 1754 2778 σύνταξις,

151 2795 377 2866 ἔχουσα
406 2797 505 2868 μὲν
534 2801 867 2872 χαρακτῆρα
904 2802 999 2854 καὶ
1029 2801 1198 2856 τύπον
1235 2802 1331 2856 τοῦ
1372 2803 1514 2857 κατὰ
1539 2805 1757 2858 Λουκᾶν

150 2889 537 2958 Εὑαγγελίου,
570 2892 666 2945 καὶ
715 2893 932 2948 Παύλου
965 2893 1063 2948 τοῦ
1103 2893 1402 2949 ἀποστόλου
1453 2895 1552 2964 οὐχ
1608 2894 1749 2959 ὅλον,

2465 1767 2627 1822 nobis
2654 1776 2738 1823 est
2768 1767 2854 1823 Ill.

1935 1876 1985 1932 l.
2027 1877 2298 1949 Quotquot
2341 1878 2480 1933 enim
2518 1880 2896 1949 promissiones
2952 1881 3046 1937 Dei
3079 1890 3224 1949 sunt,
3262 1882 3318 1937 in
3356 1880 3454 1937 illo

1859 1975 1938 2022 est
1967 1983 1985 2022 :
2018 1969 2135 2024 ideo
2172 1976 2224 2023 et
2249 1985 2345 2038 per
2366 1970 2539 2038 ipsum
2562 1987 2715 2026 anien
2738 1971 2849 2028 Deo
2881 1974 2927 2028 τ.

1928 2062 1984 2118 2.
2013 2060 2138 2115 Non
2172 2062 2310 2116 enim
2352 2064 2701 2133 nosmetipsos
2739 2065 3113 2134 pra'dicamus,
3147 2066 3239 2122 sed
3265 2065 3455 2122 Domi-

1858 2172 1985 2210 num
2017 2154 2202 2210 Iesum
2231 2154 2547 2221 Christum;
2577 2173 2671 2211 nos
2702 2165 2879 2211 autem
2919 2175 3095 2214 servos
3133 2168 3333 2215 vestros
3361 2174 3451 2227 per

1857 2246 2043 2302 Iesum
2074 2246 2369 2303 Christum.
2416 2247 2682 2314 Quoniam
2722 2248 2865 2305 Deus
2897 2252 2987 2322 qui
3036 2250 3174 2306 dixit
3211 2250 3276 2306 de
3315 2261 3453 2307 tene-

1860 2337 1968 2393 bris
2003 2339 2171 2393 lucem
2203 2338 2558 2408 splendescere
2586 2340 2630 2393 ⁸.

1928 2432 1982 2486 5.
2016 2430 2285 2487 Habentes
2316 2442 2494 2486 autem
2541 2436 2781 2488 eumdem
2810 2435 3055 2505 spiritum
3096 2434 3221 2505 ﬁdei
3259 2445 3309 2490 et
3356 2453 3452 2491 nos

1858 2523 2122 2579 credimus
2169 2533 2221 2579 et
2273 2525 2541 2596 loquimur
2573 2528 2616 2581 ⁸.
2660 2527 2759 2583 Ubi
2813 2543 2978 2584 voces
3028 2529 3152 2584 illas
3205 2530 3465 2594 sustulit,

1856 2616 1992 2669 sicut
2022 2618 2276 2686 scriptum
2304 2627 2403 2675 est.

1927 2705 2052 2761 Haec
2111 2717 2197 2763 est
2255 2708 2549 2765 Marcionis
2605 2709 2908 2767 adulterina
2967 2712 3058 2767 illa
3118 2714 3448 2771 lucubratio.
3510 2782 3517 2783 ί

1855 2796 1985 2863 Quae
2041 2806 2150 2852 tam
2192 2798 2469 2871 Evangelii
2521 2803 2823 2858 secundum
2862 2803 3085 2870 Lucam,
3120 2821 3284 2877 quam
3320 2807 3451 2879 Epi-

1855 2891 2119 2945 stolarum
2175 2890 2331 2946 Pauli
2386 2894 2618 2964 apostoli
2665 2895 2900 2951 formam
2959 2898 3306 2970 speciemque
3361 2917 3451 2956 re-

150 2980 225 3035 οὑ
270 2981 464 3036 πασῶν
506 2982 616 3036 τῶν
657 2984 824 3038 αὑτοῦ
860 2986 1223 3049 Ἐπιστολῶν,
1274 2985 1413 3040 ἀλλὰ
1460 2986 1621 3057 μόνον
1651 2986 1730 3057 τῆ‹

1932 2990 2318 3049 aesentat;nec
2372 3001 2561 3041 earum
2616 2994 2797 3043 tamen
2852 2990 3121 3056 omnium,
3156 2990 3252 3047 sed
3301 2992 3451 3049 illius

151 3072 307 3144 πρὸς
341 3075 663 3146 Ῥωμαίους,
691 3078 913 3149 καὶτῆς
949 3078 1087 3150 πρὸς
1125 3079 1434 3148 Ἐφεσίους,
1485 3078 1581 3133 καὶ
1618 3080 1757 3150 πρὸς

154 3162 488 3231 Επλοσσεῖς,
520 3168 616 3222 καὶ
666 3168 769 3238 τῆς
810 3169 947 3241 πρὸς
994 3170 1314 3236 Λαοδικεῖς’
1352 3171 1449 3224 καὶ
1496 3172 1605 3225 ἀπὸ
1654 3173 1759 3243 τῆς

155 3256 305 3329 πρὸς
348 3258 631 3327 Γαλάτας,
688 3260 785 3314 καὶ
836 3262 936 3332 τῆς
995 3261 1133 3332 πρὸς
1164 3262 1486 3334 Κορινθίους
1529 3262 1756 3335 πρώτης

156 3346 260 3400 καὶ
304 3346 590 3420 δευτέρας,
634 3350 727 3403 καὶ
770 3351 872 3423 τῆς
905 3350 1044 3423 πρὸς
1083 3351 1497 3417 Θεσσαλονικεῖς
1529 3353 1754 3426 πρώτης

156 3440 261 3495 καὶ
285 3440 564 3513 δευτέρας,
600 3442 697 3495 καὶ
730 3443 832 3515 τῆς
858 3444 995 3515 πρὸς
1026 3444 1326 3515 Φιλήμονα,
1363 3446 1458 3499 καὶ
1480 3446 1755 3518 Φιλιππη-

160 3530 337 3595 σίους,
362 3532 577 3602 καὶτῆς
604 3533 744 3604 πρὸς
781 3533 1046 3604 Τιμόθεον
1077 3533 1303 3606 πρώτης
1334 3536 1428 3589 καὶ¹
1469 3535 1759 3606 δευτέρας,

158 3627 264 3679 καὶ
298 3625 435 3697 πρὸς
466 3625 652 3690 Τίτον,
692 3626 788 3679 καὶ
816 3627 913 3698 τῆς
948 3627 1087 3698 πρὸς
1123 3625 1407 3699 Ἐϐραίους
1440 3628 1550 3682 τῶν
1577 3629 1751 3699 ἐμφε-

164 3716 413 3789 ρομένων
433 3717 563 3790 παρ’
588 3717 758 3788 αὐτῷ,
781 3716 858 3781 ὡς
885 3718 947 3771 οὐ
977 3718 1365 3791 πληρεστάτων
1385 3719 1582 3784 οὐσῶν,
1616 3719 1754 3775 ἀλλὰ

159 3809 241 3873 ὡς
269 3811 328 3863 ὲν
362 3810 776 3883 παραχαράξει·
812 3811 1151 3882 πανταχόθεν
1178 3812 1236 3866 δὲ
1275 3812 1376 3883 τὴν
1413 3812 1582 3885 αὐτὴν
1624 3813 1752 3867 σύν-

158 3898 319 3963 ταξιν
367 3900 927 3972 ὲρρᾳδιουργημένην,
976 3904 1072 3956 καὶ
1118 3902 1175 3956 ἓν
1216 3920 1327 3957 τισι
1377 3902 1585 3969 λέξεσιν
1629 3907 1752 3959 ἑπι-

161 3996 403 4064 ποιήτως
431 3995 753 4067 προσθήκην
782 3994 1034 4066 ἔχουσαν,
1062 3997 1162 4049 οὐκ
1192 3999 1271 4062 είς
1297 3997 1591 4068 ὠφέλειαν,
1615 3998 1753 4053 ἀλλὰ

163 4088 247 4151 εἰς
292 4087 524 4158 ἥσσονας
578 4090 675 4143 καὶ
735 4088 1051 4153 ὲπιϐλαὸεῖς
1109 4089 1411 4158 ξενολεξίας
1464 4091 1611 4147 κατὰ
1650 4092 1753 4163 τῆς

164 4178 355 4249 ὑγιοῦς
383 4180 638 4251 πίστεως,
670 4182 736 4237 ὲκ
765 4180 860 4237 τοῦ
892 4181 1061 4236 αὐτοῦ
1102 4181 1618 4255 ὲμδεὸροντημένου
1655 4182 1757 4239 νοῦ

167 4270 336 4342 βοσκή
344 4288 535 4343 ματος.

1857 3075 2123 3130 duntaxat
2148 3092 2270 3146 qua:
2300 3077 2369 3131 ad
2397 3077 2676 3135 Romanos
2695 3088 2782 3136 est
2809 3081 3013 3150 scripta
3038 3098 3053 3147 ;
3088 3089 3142 3139 et
3174 3084 3240 3138 ad
3273 3085 3449 3155 Ephe-

1857 3166 1988 3230 sios,
2016 3175 2071 3219 et
2121 3166 2189 3219 ad
2238 3167 2595 3223 Colossenses
2623 3186 2635 3222 :
2665 3184 2874 3225 necnon
2907 3170 2976 3225 ad
3008 3169 3364 3239 Laodicenos,
3395 3181 3451 3229 et

1855 3257 1923 3310 ad
1979 3257 2229 3323 Galatas,
2273 3269 2326 3315 et
2373 3259 2438 3315 ad
2477 3260 2796 3317 Corinthios
2826 3262 3002 3333 prima
3049 3278 3115 3318 ac
3166 3265 3443 3332 secunda:

1854 3349 1983 3404 item
2029 3350 2097 3405 ad
2132 3350 2678 3417 Thessalonicenses,
2729 3355 2905 3425 prima
2953 3362 3008 3410 et
3059 3354 3332 3421 secunda;
3376 3354 3443 3409 ad

1853 3442 2224 3501 Philemonem
2247 3464 2261 3514 ;
2281 3446 2349 3501 ad
2371 3445 2780 3517 Philippenses;
2809 3447 2879 3502 ad
2903 3446 3247 3503 Timotheum
3269 3448 3445 3519 prima

1854 3544 1909 3591 et
1964 3536 2243 3604 secunda;
2301 3538 2370 3593 ad
2448 3537 2653 3603 Titum,
2706 3547 2762 3594 et
2829 3540 2896 3595 ad
2947 3539 3225 3596 Hebraeos.
3297 3539 3447 3606 Quas

1853 3643 2046 3684 omnes
2090 3645 2201 3684 non
2245 3631 2506 3702 integras,
2539 3630 2638 3686 sed
2687 3632 3009 3702 depravatas
3053 3646 3118 3687 ac
3168 3631 3447 3687 mutilatas

1854 3719 2172 3789 complexus
2208 3729 2312 3777 est.
2358 3721 2509 3777 Adeo
2537 3719 2780 3791 quidem.
2816 3729 2987 3777 totum
3038 3731 3096 3778 ut
3127 3722 3263 3778 illud
3307 3737 3447 3792 opus

1852 3813 1997 3866 mala
2028 3812 2132 3867 ﬁde
2164 3813 2441 3876 vitiatum,
2477 3820 2530 3868 et
2560 3813 2888 3883 quibusdam
2934 3813 3265 3869 dictionibus
3294 3814 3448 3869 insun

1852 3917 1951 3973 per
1982 3901 2184 3959 additis
2224 3903 2611 3973 interpolatum
2646 3902 2834 3958 fuerit.
2862 3902 3017 3970 Quod
3046 3920 3155 3958 non
3195 3918 3445 3960 commu-

1852 3995 1940 4051 nis
1999 3994 2255 4050 utilitatis
2304 3995 2500 4067 gratia,
2546 3994 2641 4051 sed
2689 3994 2757 4049 ad
2803 4010 2997 4051 vocum
3042 3995 3446 4067 periculosissi-

1852 4102 1998 4142 mam
2061 4088 2355 4143 novitatem
2412 4071 2790 4152 aﬂectandam,
2852 4087 3060 4143 furiosa
3116 4086 3207 4142 illa
3264 4086 3449 4143 bellua

1853 4178 2033 4235 facere
2062 4179 2316 4235 instituit.

238 4362 421 4417 Ταῦτα
453 4364 512 4418 δὲ
559 4366 692 4438 ἡμῖν
720 4366 1026 4437 πεπόνηται
1072 4367 1168 4420 καὶ
1211 4366 1730 4439 πεειιολυπραγμόνη⁴

1932 4360 2088 4432 322
2123 4358 2249 4415 Haec
2279 4368 2459 4414 autem
2489 4358 2673 4413 omnia
2705 4374 2774 4413 ex
2799 4373 2887 4423 eo,
2921 4372 3082 4427 quem
3113 4369 3440 4412 commemor-

162 4473 253 4511 ται
274 4459 336 4511 ὲκ
361 4459 460 4530 τῆς
489 4459 618 4530 παρ’
638 4458 804 4513 αὐτοῦ
828 4462 844 4491 ⁸
871 4460 1312 4534 προλελεγμένης
1338 4460 1558 4534 γραφῆς
1586 4460 1747 4514 Ἀπο-

170 4549 355 4603 αειόλου
386 4567 445 4603 τε
492 4549 587 4605 καὶ
617 4548 712 4603 τοῦ
758 4549 903 4605 κατὰ
940 4552 1165 4606 Λουκᾶν-
1199 4550 1566 4621 Εὑαγγελίου·
1606 4552 1745 4605 είδέ-

166 4660 255 4696 ναι
288 4643 308 4672 ³
346 4640 521 4713 ἔχοιεν
570 4641 773 4707 πάντες
819 4643 870 4695 οἱ
924 4642 1255 4714 πειρώμενοι
1309 4642 1611 4712 ἀντιλέγειν
1674 4644 1743 4715 τῇ

166 4733 326 4788 αὐτοῦ
382 4734 593 4807 πλάνῃ,
642 4735 724 4789 ὅτι
765 4734 835 4789 τὰ
889 4737 988 4807 μὲν
1044 4735 1480 4809 παρηλλαγμένα
1524 4739 1745 4809 ῥήματα

120 4831 127 4835 ’
165 4828 302 4882 κατὰ
332 4829 683 4901 ῥᾳδιουργίαν
708 4828 1057 4883 ὲντέτακται·
1094 4831 1196 4884 ὅσα
1224 4829 1280 4884 δὲ
1308 4830 1408 4883 οὐκ
1441 4829 1742 4901 ἐμφέρεται

167 4924 225 4975 ὲν
254 4924 361 4985 τοῖς
400 4920 624 4984 οἰκείοις
653 4920 841 4984 τόποις
872 4920 1174 4992 συληθέντα
1217 4920 1453 4992 ὑπάρχει
1500 4922 1605 4975 ὑπὸ
1643 4922 1743 4993 τῆς

167 5013 325 5069 αὑτοῦ
362 5013 590 5085 τόλμης.
626 5012 814 5069 Ταῦτα
854 5013 965 5085 γὰρ
999 5013 1171 5066 ἐδόκει
1212 5013 1239 5065 ὁ
1286 5011 1568 5083 κτηνὼδης
1604 5012 1743 5085 μόνα

166 5104 375 5157 ἐναντία
413 5100 575 5170 εἶναι,
611 5103 915 5173 ἀντιλέγειν
946 5105 1011 5174 τῇ
1057 5101 1223 5156 αὑτοῦ
1265 5101 1584 5174 ἐπιπλάστῳ
1622 5104 1742 5156 ὲπι-

166 5197 299 5269 vola.

239 5289 386 5343 Ἐστι
426 5290 483 5344 δὲ
523 5289 706 5361 τρίτον
737 5287 894 5360 ἡμῶν
921 5289 1021 5359 τῆς
1052 5287 1372 5359 φιλοκαλίας
1404 5287 1465 5341 τὸ
1508 5302 1744 5356 συναγα-

166 5385 278 5455 γεῖν
303 5383 404 5437 ὅσα
434 5383 567 5455 παρ’
596 5380 745 5453 αὐτῷ
782 5398 843 5435 τε
883 5380 979 5435 καὶ
1009 5382 1137 5452 παρ’
1174 5381 1309 5452 ἡμῖν
1342 5379 1569 5452 εὓρηται
1617 5397 1742 5433 συν-

237 5609 255 5643 ¹
286 5625 371 5679 γρ.
413 5608 547 5679 ποιρῖ
562 5607 748 5679 αὐτῷ.

850 5609 871 5639 ¹
898 5605 1026 5663 For.
1061 5608 1145 5661 ἵνα
1191 5606 1290 5663 είδ.
1388 5606 1558 5661 ’Cor.
1599 5622 1712 5668 xw,
1753 5606 1841 5660 2|.
1888 5606 1911 5638 ⁸
1941 5605 2070 5663 ibid.
2106 5605 2195 5663 54.

1856 4454 2135 4517 ravimus,
2170 4451 2441 4522 Apostoli,
2483 4450 2869 4521 Evangeliique
2926 4447 3089 4503 Luca:
3139 4448 3299 4513 libro,
3335 4462 3442 4516 quo

1851 4548 1902 4605 is
1935 4548 2130 4611 utitur,
2165 4559 2458 4614 excerpere
2492 4558 2557 4598 ac
2595 4542 2823 4612 seligere
2857 4541 3188 4598 studuimus.
3222 4538 3292 4595 Ut
3323 4540 3444 4610 qui-

1853 4656 2069 4712 cunque
2117 4639 2382 4694 adversus
2429 4637 2575 4692 illius
2624 4651 2864 4691 errorem
2912 4634 3193 4705 disputare
3243 4633 3447 4688 fuerint

1852 4733 2117 4807 aggressi,
2152 4732 2306 4803 prius
2343 4730 2648 4809 intelligant
2680 4728 2927 4799 quaedam
2975 4728 3045 4782 ab
3077 4741 3143 4780 eo
3190 4741 3434 4780 commu-

1852 4834 1964 4883 tata
1997 4825 2286 4890 vocabula,
2320 4838 2383 4879 ac
2419 4839 2514 4894 per
2539 4822 2784 4877 fraudem
2822 4835 2885 4876 ac
2916 4820 3175 4873 malitiam
3214 4819 3440 4875 inserta.

1850 4918 1983 4985 Quae
2016 4932 2145 4973 vero
2178 4916 2295 4973 suis
2330 4915 2465 4971 locis
2509 4913 2733 4968 minime
2779 4913 3150 4983 reperiuntur,
3194 4909 3441 4980 ejusdem

1848 5017 1979 5066 sunt
2026 5009 2254 5065 audacia
2309 5010 2613 5064 subtracta.
2650 5005 2776 5061 Haec
2814 5005 2958 5061 enim
2994 5005 3157 5059 homo
3191 5003 3442 5075 stupidus

1848 5103 1967 5160 sola
2001 5117 2125 5159 esse
2151 5101 2418 5172 judicavit
2454 5099 2845 5156 commentitiis
2878 5098 2986 5154 illis
3017 5098 3133 5154 suis
3171 5097 3445 5168 opinioni-

1848 5195 1955 5252 bus
1984 5194 2282 5251 contraria.

1921 5287 2140 5342 Tertius
2160 5300 2290 5343 vero
2311 5295 2571 5358 praeterea
2598 5292 2891 5357 susceptus
2922 5300 2952 5339 a
2974 5284 3132 5339 nobis
3157 5290 3242 5339 est
3265 5280 3441 5345 labor,

1848 5387 1909 5435 ut
1966 5379 2023 5434 in
2070 5394 2239 5435 unum
2281 5378 2656 5436 conferremus
2704 5378 2912 5444 omnia,
2958 5375 3025 5432 de
3068 5375 3268 5447 quibus
3315 5386 3444 5428 cum

2300 5608 2368 5662 ιι
2400 5608 2525 5663 Cor.
2567 5624 2654 5672 xv,
2693 5607 2746 5661 ι.
2824 5607 2845 5637 ο
2878 5572 3008 5659 ibid.
3043 5602 3110 5655 ιι
3140 5614 3285 5669 sqq.;
3310 5610 3437 5653 use.

176 5676 407 5747 1111,14.
486 5676 508 5711 ’ί
533 5678 576 5734 ll
604 5676 729 5736 Cor.
777 5696 813 5743 ι,
845 5680 934 5734 20.
1014 5679 1034 5710 ⁸
1061 5678 1103 5733 ll
1133 5678 1259 5735 Cor.
1296 5695 1368 5746 iv,
1403 5678 1455 5746 5,
1482 5680 1535 5731 6.
1614 5680 1634 5708 ’
1669 5678 1730 5733 ibi
