3768 6182
317 161 422 215 7Ξῖ

1728 157 1785 213 S.
1829 154 2173 212 ΕΡΙΡΠΛΝΙΙ

3517 150 3626 208 τίϐ

310 291 454 340 inter
505 299 605 338 nos
654 291 816 352 atque
868 281 1017 336 illum
1071 281 1381 344 conveniat,
1429 295 1493 336 ea
1545 287 1727 334 tamen
1776 289 1901 336 sunt

2078 297 2224 344 οντα,
2252 280 2345 333 καὶ
2380 278 2572 350 ἔχοντα
2598 278 2837 350 ἔμφασιν
2868 277 3137 348 ὲνσάρκου
3175 274 3497 347 παρουσίας
3525 274 3624 345 τῆς

311 376 604 446 ejusmodi,
651 383 707 430 ut
748 376 1086 429 Salvatorem
1123 383 1374 429 nostrum
1419 380 1699 443 assumpta
1736 387 1904 428 carne

310 471 528 524 venisse
589 467 876 522 manifeste
933 466 1261 536 significent.
1323 465 1461 518 Tum
1519 480 1642 535 quas
1692 463 1906 521 Veteris

311 561 558 631 Novique
596 559 930 639 Testamenti
976 560 1396 614 consensionem
1432 559 1768 623 ostendunt;
1811 567 1904 611 aut

312 652 598 719 ipsiusmet
643 649 734 703 Dei
789 649 910 702 Filii
947 649 1375 710 confessionem,
1409 663 1516 717 qua
1571 647 1741 703 Deum
1785 664 1908 703 esse

311 743 433 796 cadi
467 752 732 812 terraeque
766 742 1128 805 conditorem,
1165 749 1218 795 et
1269 741 1324 794 in
1359 741 1474 810 lege
1519 741 1910 810 prophetisque

313 836 578 895 locutum,
624 850 688 888 ac
731 834 966 904 denique
1012 833 1228 888 Patrem
1281 849 1404 888 esse
1439 849 1599 888 suum
1651 834 1906 888 allirmat.

247 951 252 954 ·
314 928 390 984 De
429 931 530 982 hoc
566 929 730 998 igitur
765 935 1093 996 argumento
1127 927 1345 981 brevem
1389 927 1539 981 illum
1573 937 1911 982 commenta--

315 1023 457 1076 riunt
507 1021 654 1075 velut
706 1019 912 1074 scholia
950 1019 1197 1089 quaedam
1233 1019 1671 1085 elaboravimus;
1705 1029 1909 1072 totum-

313 1130 421 1184 que
471 1112 614 1168 istud
666 1128 805 1183 opus
837 1128 868 1167 e
906 1111 1200 1167 Marcionis
1240 1111 1394 1166 libris
1434 1111 1502 1166 ad
1543 1113 1768 1166 verbum
1818 1127 1913 1166 ex-

315 1216 585 1276 cerptum,
624 1206 706 1261 sic
750 1213 1008 1276 tanquam
1048 1205 1274 1273 majoris
1326 1204 1562 1274 alicujus
1618 1205 1796 1259 solum
1849 1219 1913 1257 ac

319 1299 753 1359 fundamentum,
789 1298 1176 1368 praenuisimus.
1222 1296 1328 1352 Sed
1375 1313 1443 1352 ne
1489 1298 1534 1352 si
1581 1295 1712 1366 quid
1754 1297 1808 1349 in
1849 1311 1914 1350 es

315 1398 401 1445 est
429 1389 496 1443 ad
536 1389 944 1459 intelligendum
985 1388 1201 1444 difﬁcile
1229 1389 1557 1458 quibusdam
1590 1389 1914 1459 ignorantia:

317 1481 558 1535 tenebris
593 1481 853 1535 lectorum
897 1480 1134 1536 obducat
1166 1481 1402 1545 animos,
1436 1482 1617 1550 placet
1653 1479 1914 1549 deinceps

319 1573 532 1643 singula
558 1587 587 1626 a
617 1588 702 1628 me
734 1573 1013 1643 proposita
1049 1574 1274 1643 suisque
1305 1574 1478 1628 titulis
1519 1573 1782 1642 inscripta
1820 1587 1913 1625 ca-

2009 371 2104 424 τοῦ
2135 372 2390 444 Σωτῆρος
2430 372 2524 423 καὶ
2563 371 2868 441 μαρτυρίας
2902 374 3219 439 συμφωνίας
3263 366 3371 436 τῆς
3405 368 3624 434 Καινῆς

2012 465 2148 534 πρὸς
2172 463 2421 516 ’Παλαιὰν
2443 463 2742 532 Διαθήκην,
2770 462 2866 515 καὶ
2895 461 3188 531 ὁμολογίας
3219 458 3314 512 τοῦ
3360 457 3500 510 Υἱοῦ
3530 458 3623 509 τοῦ

2010 554 2144 608 Θεοῦ
2176 557 2233 607 ἐν
2266 555 2345 625 τῷ
2375 555 2692 624 Εὐαγγελίῳ
2721 553 3112 624 ὁμολογοῦντος
3141 553 3233 604 τὸν
3269 551 3411 604 Θεὸν
3457 568 3624 617 ποιη-

2009 647 2110 715 τὴν
2138 647 2368 718 οὐρανοῦ
2406 664 2463 699 τε
2496 647 2588 698 καὶ
2623 645 2726 714 τῆς
2755 645 2879 713 γῆς,
2924 644 3086 698 αὐτόν
3113 661 3172 694 τε
3210 644 3348 710 λαλή
3363 659 3542 694 σαντα
3570 642 3624 691 ἐν

2013 739 2163 808 νόμῳ
2203 739 2296 791 καὶ
2342 741 2399 790 ἐν
2443 740 2782 808 προφήταις·
2833 736 2961 788 ἴδιον
2995 735 3051 788 δὲ
3101 735 3289 787 τοῦτον
3323 729 3473 787 εἶναι
3520 734 3628 784 Πα-

2013 830 2149 900 τὲρα
2178 828 2373 882 αὑτοῦ.
2408 830 2520 882 Καὶ
2560 827 2697 897 αὕτη
2727 830 2825 898 τῆς
2862 826 3263 896 προειρημένης
3297 823 3462 893 ὑμῶν
3495 825 3626 875 13:7,-

2013 921 2214 984 Οέσεως
2259 923 2292 991 ἡ
2342 919 2812 991 σχολιοποιηθεῖσα
2861 919 3123 988 σύντομος
3180 919 3626 988 ὑπομνηματική

2015 1013 2074 1078 ἐξ
2105 1014 2456 1084 ἀντιγράφων
2492 1013 2586 1067 τοῦ
2621 1013 2946 1083 Μαρκίωνος
2992 1011 3244 1076 σύνταξις
3285 1010 3431 1080 πρὸς
3466 1010 3621 1071 ἔπος,

2013 1105 2087 1168 ὡς
2121 1105 2342 1175 ἐδὰφιον
2369 1107 2500 1175 ἡμῖν
2531 1105 2917 1176 γεγραμμένη.
2947 1104 3065 1157 Ἴνα
3096 1103 3152 1155 δὲ
3189 1103 3264 1173 μὴ
3291 1103 3362 1154 τὰ
3391 1105 3450 1154 ἐν
3483 1103 3624 1171 αὐτῇ

2013 1195 2284 1265 δυσνόητα
2341 1194 2496 1265 παρά
2544 1212 2656 1247 τισι
2703 1193 2996 1256 σκοτεινῶς
3044 1192 3398 1262 ἀγνοούμενα
3451 1191 3628 1260 ὲμςὲο

2020 1305 2212 1358 ρηται,
2249 1283 2407 1350 αὖθις
2446 1285 2609 1340 πάλιν
2642 1286 2770 1349 τοὺς
2812 1285 3082 1356 ἀριθμοὺς
3121 1284 3230 1336 τῶν
3265 1283 3623 1352 ὲπιγραςιέιν,

2018 1380 2235 1453 πρώτου
2291 1380 2436 1452 φημὶ
2483 1381 2578 1432 καὶ
2633 1378 2887 1449 δευτέρου
2930 1379 3026 1430 καὶ
3077 1377 3262 1448 τρίτου
3316 1374 3626 1444 κεφαλαίου

2017 1472 2140 1526 καθ’
2187 1473 2382 1545 εἱρμὸν
2427 1470 2704 1539 ὲπιλύσω,
2751 1469 2818 1522 δι’
2859 1470 2926 1540 ἢν
2977 1470 3159 1525 αἰτίαν
3209 1469 3425 1538 ἑκάστη
3481 1468 3629 1531 λέξις

2017 1563 2303 1634 ἁνελέχθη,
2341 1563 2434 1616 καὶ
2474 1563 2709 1616 ἐνταῦθα
2755 1561 3088 1634 μετεϐλήθη.
3117 1559 3396 1631 Ἀρξομαι
3439 1559 3500 1610 δὲ
3532 1559 3624 1609 τοῦ

321 1663 452 1727 pita,
516 1663 772 1731 primqu,
830 1663 1130 1718 secundum
1197 1677 1262 1716 ac
1319 1663 1542 1716 tertium
1596 1660 1901 1731 explicandi

2078 1661 2203 1728 ἱγειν
2235 1655 2429 1720 οὕτως.

321 1763 591 1818 tractare,
631 1771 965 1826 causamque
1031 1757 1429 1822 demonstrare,
1481 1764 1701 1827 propter
1747 1771 1910 1826 quam
1953 1768 2294 1825 unaquaeque
2319 1752 2528 1807 delecta
2590 1767 2696 1807 vox
2731 1759 2836 1816 est,
2872 1749 3027 1805 etab
3091 1748 3184 1801 illo
3221 1753 3455 1800 mutata.
3489 1741 3624 1797 lliuc

320 1845 486 1916 igitur
516 1847 830 1918 disputandi
872 1846 1089 1901 initium
1120 1847 1341 1903 faciam.

474 1963 733 2017 Scholion
763 1980 827 2019 ex
864 1963 1160 2033 Evangelio
1191 1981 1300 2036 quo
1331 1965 1535 2021 Marcio
1569 1966 1760 2020 utitur.

393 2166 444 2219 i.
488 2163 652 2229 Vade,
684 2165 898 2220 ostende
946 2177 993 2220 te
1037 2167 1326 2234 sacerdoti,
1363 2180 1409 2223 et
1441 2169 1572 2237 o/fer
1599 2184 1693 2236 pro
1733 2184 1924 2238 purga-

325 2259 463 2311 tione
493 2267 603 2322 tua,
635 2257 773 2311 sicut
802 2260 1049 2327 prwcepit
1091 2257 1326 2330 Moyses.
1359 2269 1424 2312 ut
1467 2261 1536 2312 sit
1567 2259 1921 2313 testimonium

323 2349 420 2404 hae
454 2351 594 2404 vobis
629 2350 666 2405 ¹.

396 2528 674 2585 Refutatio
714 2531 765 2585 1.
798 2529 1055 2586 Potuitne
1086 2531 1371 2598 Dominus,
1410 2532 1457 2588 si
1501 2541 1695 2588 contra
1723 2533 1918 2604 legem,

324 2623 569 2692 legisque
603 2622 772 2677 Deum
815 2639 968 2679 suam
1006 2624 1250 2691 haberet,
1287 2635 1342 2679 ut
1369 2625 1594 2689 asseris,
1632 2641 1919 2696 compara-

323 2723 434 2769 tam
470 2713 798 2777 doctrinam,
824 2719 1029 2771 curatis
1074 2731 1104 2769 a
1161 2731 1219 2771 se
1267 2716 1602 2780 hominibus,
1643 2717 1811 2772 veluti
1845 2717 1921 2772 le-

325 2819 491 2876 proso
535 2805 680 2871 huic,
735 2807 1046 2862 istiusmodi
1095 2807 1413 2862 mandatum
1451 2808 1615 2864 edere
1647 2823 1662 2862 :
1693 2808 1836 2862 Vade
1873 2817 1922 2862 et

2023 1955 2243 2026 Σχόλιον
2265 1953 2373 2008 ἀπὸ
2401 1949 2498 2006 τοῦ
2531 1950 2864 2074 Εὐαγγεὶὶίου
2891 1949 2986 2004 τοῦ
3018 1951 3148 2021 παρ’
3175 1947 3326 2018 αὑτῴ
3361 1947 3441 2018 τῷ
3467 1950 3626 2018 Μαρ-

2728 2040 2763 2074 κ
2789 2040 2907 2074 ωνι.

2728 2040 2907 2076 κιωνι.

2097 2148 2199 2212 α’.’
2235 2155 2533 2212 Ἀπελθὼν
2592 2155 2798 2220 δεῖξον
2847 2154 3114 2208 σεαυτὸν
3175 2153 3258 2218 τῷ
3306 2153 3477 2222 ἱερεῖ,
3533 2155 3626 2207 mi

2027 2251 2400 2322 προσένεγκε
2445 2249 2579 2318 περὶ
2629 2249 2737 2304 τοῦ
2793 2247 3168 2317 καθαρισμοῦ
3217 2261 3337 2302 σου
3365 2288 3382 2312 ,
3429 2250 3628 2314 καθὼς

2026 2343 2364 2415 προσέταξε
2424 2340 2688 2410 Μωῦσῆς
2713 2382 2727 2407 ,
2787 2342 2890 2404 ἵνα
2943 2335 2988 2412 ᾖ
3050 2341 3388 2410 μαρτύριον
3448 2339 3628 2394 τσῦτο

2027 2439 2193 2509 ὑμῖν.
3170 2445 3172 2447 ’

2103 2533 2366 2604 Ἔλεγχος
2399 2539 2468 2586 α’.
2523 2531 2650 2595 Πῶς
2689 2530 2922 2601 ἠδύνατο
2953 2531 2982 2583 ὁ
3033 2530 3240 2600 Κύριος
3282 2532 3311 2582 ὁ
3360 2532 3508 2584 κατὰ
3537 2533 3628 2583 τοῦ

2030 2624 2328 2695 νόμουκαὶ
2365 2625 2508 2678 κατὰ
2532 2621 2626 2688 τοῦ
2660 2623 2798 2676 Θεοῦ
2829 2621 2926 2675 τοῦ
2961 2622 3127 2692 νόμου
3160 2623 3301 2692 ἔχων
3334 2623 3439 2693 τὴν
3461 2622 3627 2676 uim-3

2030 2716 2403 2780 διδασκαλίαν,
2433 2717 2511 2779 ὡς
2545 2717 2608 2769 σὺ
2634 2715 2761 2786 φὴς,
2789 2715 2973 2782 λέγειν
2999 2717 3111 2776 τοῖς
3136 2714 3232 2766 ὑπ’
3264 2714 3437 2766 αὐτοῦ
3467 2714 3626 2784 (ts-pato

2033 2809 2376 2880 πευομένοις,
2413 2809 2558 2878 φημὶ
2583 2808 2638 2860 δὲ
2683 2806 2761 2877 τῷ
2815 2805 3031 2877 λεπρῴ·
3093 2805 3392 2859 Ἆπελθὼν
3427 2806 3626 2868 δεῖξον

326 2898 542 2953 ostende
573 2907 620 2952 te
637 2899 903 2953 sacerdoti
922 2899 1035 2971 (ubi
1054 2914 1178 2953 cum
1218 2899 1559 2954 sacerdotem
1595 2915 1898 2955 commemo

2078 2901 2295 2956 εαυτὸν
2343 2896 2423 2965 τῷ
2481 2899 2626 2968 ἱερεῖ
2667 2901 2844 2970 (ἱερεῖ
2883 2898 2994 2968 γὰρ
3039 2897 3246 2965 λέγων,
3288 2898 3393 2950 οὐκ
3451 2899 3628 2950 ἀθετεῖ

325 3000 431 3053 rat,
463 2991 599 3061 legis
626 2991 994 3046 sacerdotium
1027 3007 1135 3046 non
1168 2992 1415 3062 abrogat)
1443 3002 1492 3046 et
1525 2993 1656 3062 o/fer
1686 3010 1779 3058 pro
1803 3009 1930 3062 pur-

325 3081 536 3152 gatione
569 3083 707 3137 tua?
741 3082 817 3137 Ac
853 3083 977 3136 licet
1005 3097 1194 3136 vocem
1245 3081 1414 3147 illam,
1455 3099 1668 3146 munus,
1701 3084 1930 3138 inducas

328 3188 396 3227 ex
429 3172 688 3241 afferendi
720 3173 912 3238 verbo,
941 3175 1299 3228 nihilominus
1334 3181 1570 3239 constat,
1602 3175 1669 3230 de
1706 3191 1932 3230 munere

328 3255 483 3318 illum
511 3281 633 3320 esse
672 3266 934 3321 locutum.
968 3268 1130 3339 323
1170 3268 1273 3321 Pro
1299 3270 1614 3338 purgatione
1649 3278 1762 3332 tua,
1794 3271 1930 3322 sicut

328 3359 576 3426 praecepit
625 3357 858 3429 Moyses.
903 3359 1058 3424 Quod
1111 3361 1156 3416 si
1212 3360 1414 3431 Moysis
1463 3367 1735 3430 praecepto
1778 3361 1932 3429 jubet

331 3446 724 3516 obtemperari,
781 3448 915 3518 legis
963 3449 1130 3504 Deum
1175 3451 1401 3506 minime
1451 3453 1801 3518 condemnat,
1840 3462 1933 3507 aut

333 3539 382 3593 ei
435 3541 728 3594 maledicit.
789 3543 895 3595 Sed
954 3551 1060 3596 tam
1119 3546 1494 3615 semetipsum,
1551 3561 1715 3616 quam
1761 3546 1930 3600 Deum

333 3631 550 3686 Patrem
589 3649 747 3686 suum
777 3635 945 3704 legem
982 3633 1153 3704 Moysi
1182 3637 1475 3693 tradidisse
1507 3638 1816 3692 confirmat.
1849 3638 1932 3692 Tu

334 3740 485 3791 vero,
521 3724 745 3791 Marcio,
781 3727 1077 3797 Scriptum
1102 3731 1267 3784 verba
1311 3729 1644 3801 depravasti.
1673 3729 1805 3785 Nam
1839 3747 1935 3801 pro

337 3831 403 3869 eo
453 3817 596 3886 quod
643 3826 747 3880 est,
794 3821 847 3873 in
893 3821 1252 3875 testimonium
1296 3824 1449 3892 ipsis,
1479 3824 1532 3876 in
1575 3825 1933 3878 testimonium

337 3906 501 3970 vobis,
526 3923 694 3964 ausus
719 3925 780 3965 es
809 3913 1134 3967 rescribere.
1169 3914 1323 3980 Quod
1363 3915 1416 3969 in
1443 3925 1594 3969 tuum
1623 3924 1786 3986 caput
1816 3933 1937 3987 per-

249 4075 262 4084 .
338 4000 528 4070 spicue
559 4005 823 4058 mentitus
863 4020 945 4060 es.
995 4005 1054 4060 Si
1101 4009 1248 4063 enim
1295 4009 1348 4061 in
1391 3987 1752 4063 testimonium
1795 4009 1935 4064 vobis

338 4094 557 4158 dixerit,
592 4096 982 4154 testiﬁcatione
1013 4099 1102 4153 illa
1136 4098 1536 4170 comprobavit,
1579 4117 1688 4156 non
1721 4103 1937 4158 venisse

339 4185 603 4256 selegem
635 4188 868 4254 solvere,
899 4190 983 4246 vel
1016 4191 1331 4260 prephetas,
1367 4192 1460 4247 sed
1493 4192 1792 4263 adimplere
1819 4197 1860 4247 ’.

2031 2995 2131 3067 τὴν
2177 2994 2272 3046 τοῦ
2339 2994 2506 3064 νόμου
2555 2991 2884 3064 ἱερωσύνην)
2927 2990 3024 3044 καὶ
3078 2989 3454 3060 προσέιέγκε
3497 2992 3626 3059 περι

2031 3087 2138 3140 τοῦ
2164 3085 2534 3155 καθαρισμοῦ
2561 3101 2714 3147 dou;
2743 3085 2860 3140 Κάν
2876 3101 2933 3137 τε
2961 3083 3246 3154 ἀποκάᾲης
3273 3084 3388 3152 (66)
3418 3084 3500 3148 τὸ,
3525 3084 3625 3136 δὼ-

2024 3196 2159 3247 ρσν,
2183 3179 2484 3248 φανήσεται
2508 3179 2568 3231 ὲκ
2607 3176 2725 3240 τοῦ,
2753 3177 3143 3246 προσένεγκε,
3184 3176 3267 3227 ὅτι
3297 3178 3432 3246 περὶ
3456 3175 3626 3247 δώρου

2033 3270 2203 3338 λέγει.
2231 3269 2371 3338 Περὶ
2391 3268 2497 3322 τοῦ
2519 3266 2894 3335 καθαρισμοῦ
2922 3283 3062 3328 σου,
3081 3264 3278 3331 καθὼς
3293 3265 3626 3333 προσέταξε

2033 3360 2318 3430 Μωῢσῆς.
2353 3362 2416 3414 Εἰ
2453 3361 2562 3432 γὰρ
2588 3359 2682 3413 τοῦ
2729 3358 3010 3422 Μωῦσέως
3041 3359 3102 3412 τὸ
3132 3359 3468 3429 πρόσταγμα
3500 3377 3625 3428 συμ-

2036 3453 2280 3507 ϐουλεύει
2322 3452 2608 3522 γενέσθαι,
2641 3452 2742 3504 οὐκ
2789 3451 2994 3514 ἀθετεῖ,
3023 3450 3144 3504 οὐδὲ
3195 3449 3516 3521 βλασφημεῖ
3546 3451 3627 3502 τὸν

2035 3546 2168 3600 Θεὸν
2202 3543 2294 3600 τοῦ
2331 3546 2518 3616 νόμου.
2559 3543 2722 3599 Ἀλλὰ
2761 3543 3014 3614 ὁμολογεί
3047 3544 3140 3596 καὶ
3183 3544 3371 3606 αὐτὸν,
3415 3543 3511 3595 καὶ
3543 3543 3624 3594 τὸν

2036 3636 2202 3690 αὐτοῦ
2230 3637 2453 3706 Πατέρα
2485 3635 2621 3688 Θεὸν
2654 3636 2746 3688 τὸν
2779 3635 2943 3706 νόμον
2971 3635 3049 3704 τῷ
3073 3636 3299 3688 Μωῦσεί
3320 3634 3622 3687 δεδωκέναι.

2037 3729 2373 3801 Διέστρεψας
2409 3729 2466 3782 δὲ
2513 3729 2573 3782 τὸ
2627 3728 2812 3800 ῥητὸν,
2845 3721 2890 3779 ὦ
2935 3728 3226 3797 Μαρκίων.
3263 3729 3415 3780 Ἀντὶ
3453 3727 3510 3780 δὲ
3540 3725 3625 3778 τοῦ

2037 3823 2232 3886 εἰπεῖν,
2275 3823 2366 3886 εὶς
2404 3821 2736 3889 μαρτύριον
2772 3817 3013 3884 αὐτοῖς,
3036 3818 3392 3886 μαρτύριον,
3441 3818 3621 3883 λέγων.

2037 3912 2201 3981 ὑμῖν.
2237 3910 2347 3964 Καὶ
2389 3909 2548 3963 τοῦτο
2588 3910 2776 3980 σαφῶς
2829 3909 3045 3979 ἐψεύσω
3097 3907 3240 3961 κατὰ
3283 3908 3385 3976 τῆς
3440 3906 3620 3960 σαυτοῦ

2038 4004 2302 4074 κεφαλῆς.
2341 4003 2406 4055 Ei
2442 4001 2552 4073 γὰρ
2577 4003 2908 4071 μαρτύριον
2932 4004 3076 4070 ὑμῖν
3109 4000 3320 4068 ἔλεγεν,
3352 4001 3612 4070 ὲμμάρτν

2042 4114 2132 4168 ρον
2163 4095 2327 4150 αὐτὸν
2360 4094 2556 4157 ἐποίει,
2583 4096 2668 4147 ὅτι
2705 4095 2803 4148 οὐκ
2847 4090 2979 4163 ἦλθε
3013 4093 3320 4146 καταλῦσαι
3347 4092 3446 4146 τὸν
3475 4094 3618 4163 νόμω

2039 4191 2071 4262 ἢ
2108 4191 2236 4254 τοὺς
2264 4191 2574 4261 προφήτας,
2609 4187 2746 4242 ἀλλὰ
2777 4187 3087 4260 πληρῶσαι.

411 4253 672 4355 Scholion
735 4276 790 4331 2.
841 4253 909 4331 Ut
969 4253 1144 4332 autem
1196 4253 1379 4333 sciatis
1443 4281 1567 4350 quia
1619 4253 1901 4348 potestates

2112 4253 2331 4352 Σχὸλιον
2355 4253 2597 4350 βίἾνα
2637 4279 2705 4333 δὲ
2730 4253 2928 4348 εὶδῆτιε
2955 4320 2969 4342 ,
3025 4281 3116 4332 ὅτι
3169 4279 3466 4343 ἐξουσίαν
3510 4279 3618 4345 ἔχει

253 4390 264 4401 ·
338 4365 494 4421 habet
529 4365 704 4423 Filius
737 4369 965 4425 hominis
996 4370 1297 4424 dimittendi
1343 4381 1556 4439 peccata
1604 4373 1658 4426 in
1705 4381 1848 4426 terra
1889 4373 1928 4425 ³.

415 4542 600 4598 Refut.
649 4544 704 4598 2.
743 4545 878 4600 Cum
919 4547 1105 4618 itaque
1144 4545 1343 4602 Filium
1373 4564 1431 4604 se
1469 4547 1709 4604 hominis
1752 4549 1936 4619 appel-

342 4637 414 4691 let
448 4638 684 4710 unigena
716 4638 808 4694 Dei
841 4639 1032 4704 Filius,
1068 4633 1344 4695 hominem
1370 4657 1428 4696 se
1458 4657 1580 4696 esse
1609 4657 1716 4696 non
1750 4651 1932 4712 negat,

345 4729 660 4801 frustraque
693 4731 832 4800 apud
867 4740 916 4786 le
940 4733 1174 4794 canitur,
1211 4734 1393 4804 specie
1441 4734 1592 4787 illum
1635 4741 1797 4786 tenus
1839 4748 1938 4802 ap-

345 4823 614 4892 paruisse.
639 4823 770 4877 item
802 4823 850 4880 si
874 4833 1195 4880 potestatem
1228 4827 1389 4880 habet
1421 4827 1474 4880 in
1504 4833 1672 4891 terra,
1694 4841 1802 4879 non
1836 4827 1942 4881 erit

346 4916 490 4970 terra
523 4917 590 4970 ab
618 4915 785 4977 illius,
829 4933 891 4970 ae
917 4917 1092 4972 Patris
1124 4919 1295 4987 ipsius
1318 4919 1576 4988 operibus
1599 4919 1796 4972 aliena.

421 5006 607 5060 Schol.
631 5007 682 5060 5.
717 5007 974 5062 Dominus
1005 5022 1079 5064 est
1110 5009 1285 5064 Filius
1328 5011 1577 5072 hominis,
1610 5012 1771 5064 etiam
1804 5009 1940 5064 Sab-

351 5100 456 5154 bati
484 5102 526 5155 ‘.

425 5261 436 5290 '
467 5258 600 5317 Luc.
632 5261 801 5324 ν,14.
835 5303 837 5305 .
882 5263 901 5290 ‘
929 5259 1115 5314 Matth.
1147 5277 1197 5325 v,
1234 5262 1318 5314 l7.

421 5438 536 5509 (66)
577 5437 706 5492 Κάν
738 5457 803 5514 τε
851 5440 1198 5514 ἀποκόψῃςτ
1230 5441 1390 5514 Aliud
1435 5443 1544 5514 egit
1577 5439 1938 5514 Epiphanius,

349 5525 475 5569 cum
507 5526 695 5581 vocem
734 5510 903 5581 δῶρον
956 5515 1094 5565 mala
1135 5513 1237 5567 lide
1272 5529 1300 5565 a
1342 5510 1638 5568 Marcione‘
1665 5510 1930 5568 sublatam

351 5581 604 5637 credidit.
633 5579 824 5650 Neque
843 5583 986 5636 enim
1019 5585 1160 5653 apud
1192 5582 1413 5647 Lucam,
1447 5595 1538 5638 aut
1567 5583 1808 5638 Marcum
1842 5602 1930 5639 re-

356 5653 580 5713 peritur.
608 5653 806 5723 Atque,
838 5662 896 5707 ut
927 5655 1138 5724 Opinor,
1172 5656 1273 5709 loci
1310 5656 1534 5712 alterius
1575 5655 1934 5712 similitudine

2041 4373 2073 4422 ὀ
2119 4369 2249 4435 Υἱὸς
2277 4369 2384 4422 τοῦ
2418 4367 2738 4437 ἀνθρώπου
2781 4369 3020 4437 ἀφιέναι
3056 4370 3351 4437 ἁμαρτίας
3386 4369 3488 4422 ἐπὶ
3523 4367 3612 4434 τῆς

2040 4479 2173 4530 γης.

2117 4552 2338 4624 Ἐλεγχ.
2381 4553 2444 4621 β’.
2487 4555 2551 4607 Εἰ
2598 4547 2690 4606 οὖν
2728 4553 2857 4607 Υἰὸν
2893 4551 3184 4624 ἀνθρώπου
3231 4554 3425 4606 ἑαυτὸν
3457 4551 3614 4610 καλεῖ.

2044 4646 2144 4700 οὐκ
2182 4646 2426 4717 ἀρνεῖται
2470 4646 2573 4717 τὴν
2615 4646 3032 4717 ὲνανθρώπησιν
3073 4648 3102 4698 ὁ
3150 4646 3492 4715 Μονογενής·
3534 4643 3614 4695 καὶ

2051 4736 2228 4807 μάτην
2272 4737 2425 4809 παρὰ
2465 4738 2548 4790 σοὶ
2577 4736 2763 4808 ᾄδεται
2801 4737 2864 4790 τὸ
2909 4738 3128 4808 δοκήσει
3171 4736 3485 4806 τπφηνέναι.
3520 4734 3613 4786 Καὶ

2047 4831 2096 4882 εἰ
2136 4829 2249 4900 ἔχει
2295 4831 2544 4895 ἐξουσίαν
2595 4831 2690 4883 ἐπὶ
2732 4831 2833 4902 τῆς
2869 4832 2990 4901 γῆς,
3039 4831 3139 4882 οὐκ
3180 4830 3439 4900 ἀλλοτρία
3475 4829 3504 4899 ἠ

2045 4922 2154 4974 τῶν
2185 4922 2349 4974 αὐτοῦ
2391 4922 2713 4991 ποιημάτων
2753 4922 2848 4974 καὶ
2877 4922 2970 4974 τοῦ
2992 4921 3156 4974 αὑτοῦ
3188 4922 3423 4993 [Iacobs

2116 5013 2272 5084 Σχὸλ.
2317 5021 2386 5083 γ’.
2435 5015 2650 5081 Κύριός
2691 5015 2863 5067 ἐστιν
2903 5017 2935 5068 ό
2970 5013 3104 5080 Υἱὸς
3144 5014 3254 5069 τοῦ
3300 5014 3607 5082 ἀνθρώπου,

2047 5106 2144 5161 καὶ
2177 5107 2284 5161 τοῦ
2313 5106 2640 5162 Σαϐϐαῖον.

1398 5263 1417 5292 ³
1456 5261 1588 5317 Luc.
1619 5279 1671 5327 ν,
1704 5263 1793 5319 24.
1870 5263 1891 5294 ⁸
1917 5262 2049 5320 Luc.
2083 5280 2160 5330 vi,
2202 5264 2256 5320 5.

2052 5447 2336 5519 deceptus,
2365 5449 2459 5519 qui
2485 5459 2567 5506 est
2589 5448 2782 5506 Matth.
2815 5468 2868 5515 ν,
2889 5451 2988 5507 '25:
3009 5449 3068 5505 Si
3093 5452 3251 5519 offers
3279 5467 3454 5505 inanes
3473 5462 3596 5519 (eius

2047 5518 2115 5570 (τά
2152 5517 2742 5593 αλιανθνιξιιλβὼρου,
2779 5522 2896 5579 sive
2955 5517 3192 5577 muneris
3234 5538 3415 5577 vocem
3462 5517 3594 5573 alter;

2045 5605 2262 5661 quoque
2292 5591 2367 5646 illi
2391 5592 2601 5647 tribuit.
