3768 6182
87 234 205 293 7:9

733 236 1097 294 kDVERSUS
1134 238 1476 294 IIIEiiESES
1514 238 1643 294 LIB.
1689 239 1732 292 1.
1776 239 1941 294 TUM.
1989 235 2075 292 111.
2118 267 2188 278 --
2225 235 2500 294 HzEBES.
2543 239 2703 321 XLll.
3276 241 3378 300 733

3276 241 3378 268 -ι-ει

175 347 394 418 Ἐλεγχ.
433 357 503 417 γ’.
533 347 636 402 Διὀ
662 351 820 416 εὐθὺς
860 357 916 406 ὲν
953 355 1158 425 ταυτῷ,
1189 357 1284 410 καὶ
1309 357 1336 409 1
1361 357 1434 410 Ξὶν
1473 356 1670 429 ἀνθρώ·

1861 355 2042 410 ιὶείιιι.
2092 356 2146 410 3.
2210 353 2329 410 Duo
2376 355 2540 411 simul
2596 358 2696 410 hoc
2747 355 2801 410 in
2844 356 2962 409 loco
3007 355 3258 410 Salvator
3310 357 3378 410 de

95 455 226 499 που,
258 439 349 491 καὶ
375 437 565 509 κύριον
601 441 878 498 Σαϐϐαῖον
904 447 1094 501 ἑαυτὸν
1124 449 1152 502 6
1189 447 1379 519 Σωτὴρ
1405 449 1677 519 ὁμολογεῖ,

94 529 386 592 διδάσκων,
415 531 502 583 ἵνα
540 534 614 602 μὴ
652 534 713 585 τὸ
747 536 1023 591 Σάϐϐατον
1061 538 1340 611 ἀλλότριον
1382 541 1483 609 τῆς
1512 540 1677 594 αὑτοῦ

96 623 372 691 ποιήσεως
406 623 729 694 νομίζηται·
777 628 876 682 κᾶν
906 647 963 682 τε
1000 630 1228 701 ἔσχατον
1254 633 1268 662 ¹
1307 632 1435 696 Υἱὸς
1468 632 1679 703 ἀνθρώ-

97 728 204 763 που
240 712 346 765 ἀπὸ
377 714 475 784 τῆς
510 717 774 788 ὲνσάρκου
803 723 1104 792 παρουσίας
1137 725 1332 796 κληοῇ.

171 805 326 874 Σχόλ.
357 806 398 858 δ’
405 848 418 860 .
469 809 704 862 Ἰούδαν
743 813 1150 884 Ἰσκαριώτην,
1177 817 1244 884 ὃς
1271 817 1510 886 ἐγένετο
1539 833 1656 885 προ

95 896 304 965 δότης.
340 901 486 953 ’Λντὶ
518 901 573 954 δὲ
613 901 729 968 τοῦ,
771 907 996 976 κατέϐη
1031 910 1158 979 μετ’
1198 908 1416 973 αὐτῶν,
1463 911 1680 977 κατέἴη

93 987 168 1042 ἐν
198 991 422 1058 αὐτοῖς.
1003 1054 1008 1059 ,

172 1083 392 1155 Ἐλεγχ.
422 1086 483 1140 δ’.
514 1087 742 1154 Ἰούδας
781 1090 1180 1160 Ἰσκαριώτης.
1200 1093 1267 1160 ὃς
1287 1092 1524 1162 ἐγένετο
1547 1107 1658 1160 προ

95 1174 299 1243 δύτης.
339 1178 494 1240 Τίνος
541 1179 703 1248 λέγε;
741 1183 964 1246 Πάντως
999 1184 1094 1237 τοῦ
1143 1184 1560 1255 συλληφθέντος,
1595 1183 1684 1236 ναὶ

97 1265 208 1336 μὴν
226 1269 318 1320 καὶ
337 1269 496 1321 ἐστιν
507 1271 776 1340 ρωμένου,
791 1273 883 1325 καὶ
901 1275 1070 1329 πολλὰ
1089 1277 1436 1341 πεπονθότος.
1454 1277 1577 1340 Πῶς
1592 1272 1684 1331 οὖν

99 1357 424 1429 συλληφθεὶς
462 1361 824 1433 σταυροῦται,
861 1368 888 1417 ὁ
920 1366 994 1436 μὴ
1039 1367 1144 1420 ὑπὸ
1186 1368 1329 1440 ἁφὴν
1361 1369 1684 1423 ὑποπίπτων

95 1449 242 1503 κατὰ
266 1451 356 1502 τὸν
401 1453 490 1505 σὸν
521 1453 699 1521 λόγον,
731 1449 774 1508 ὦ
805 1458 1106 1527 Μαρκίων;
1135 1461 1366 1532 Δόκησιν
1401 1461 1508 1532 γὰρ
1546 1458 1684 1514 εἶναι

96 1538 301 1607 λέγεις.
333 1541 750 1615 Ἐλεγχοήσεται
775 1546 830 1599 δὲ
856 1549 888 1617 ἡ
916 1549 1142 1603 ὑπόνοιά
1170 1567 1260 1604 σου
1281 1591 1294 1615 ,
1325 1551 1446 1604 ἀντὶ
1477 1551 1570 1603 τοῦ
1593 1567 1685 1618 γε-

94 1631 365 1702 γράφθαι.
397 1635 594 1689 Ἰούδαν
617 1637 904 1710 προδότην.
943 1641 1226 1712 Προέδωκε
1257 1643 1365 1714 γὰρ
1417 1643 1510 1697 καὶ
1541 1660 1684 1714 παρ-

1783 447 1965 514 seipse
1997 445 2284 515 proﬁtetur
2313 464 2328 501 :
2363 447 2623 500 nimirum
2649 446 2848 500 Filium
2879 447 3118 502 hominis
3150 463 3208 503 se
3233 463 3377 512 esse,

1784 537 2115 608 Sabbatique
2137 539 2444 603 dominum,
2470 555 2538 594 ne
2575 539 2874 594 Sabbatum
2906 555 2934 593 a
2965 540 3247 594 molitione
3279 555 3376 594 sua

1791 630 2088 685 abhorrere
2113 631 2458 698 crederetur;
2493 632 2708 687 etiamsi
2739 633 2880 702 quod
2908 641 3243 704 postremum
3270 642 3373 696 est,

1784 720 1954 776 Filius
1993 723 2232 778 hominis
2265 724 2336 778 ob
2369 733 2708 795 assumptum
2737 739 2958 779 carnem
2996 724 3319 795 appelletur.

1857 815 2040 870 Schol.
2077 814 2130 868 4.
2166 814 2366 868 ludam
2423 813 2736 879 Iscarioten,
2769 818 2862 886 qui
2910 817 3009 885 fuit
3065 815 3306 884 proditor
3333 817 3374 872 ⁵.

1783 904 1888 958 Pro
1919 922 1983 961 eo
2023 921 2151 961 vero
2173 907 2319 977 quod
2355 915 2459 973 est,
2489 907 2760 962 descendit
2794 925 2912 963 cum
2943 909 3071 977 ipsis
3097 911 3139 973 ⁸,
3165 908 3359 962 descen-

1783 1000 1862 1052 dit
1895 1001 1948 1052 in
1984 1000 2143 1064 ipsos,
2176 999 2324 1070 legit.

1857 1089 2039 1145 Refut.
2076 1091 2128 1144 4.
2161 1089 2336 1144 ludas
2370 1089 2682 1154 Iscariotes,
2716 1092 2807 1161 qui
2832 1091 2938 1161 {uit
2973 1092 3237 1162 proditor.
3268 1093 3374 1147 Cu-

1782 1182 2000 1252 jusnam
2044 1181 2311 1237 obsecro?
2350 1180 2622 1236 Nimirum
2672 1184 2841 1249 illius,
2887 1185 2980 1254 qui
3022 1184 3361 1254 comprehen-

1786 1289 1902 1340 sus,
1935 1273 2045 1328 imo
2084 1283 2137 1328 ct
2179 1273 2235 1328 in
2274 1289 2491 1329 crucem
2539 1275 2791 1332 sublatus
2838 1276 3121 1346 multaque
3158 1291 3376 1346 perpes-

1786 1382 1882 1422 sus
1913 1377 2013 1422 est.
2062 1365 2306 1434 Quanam
2356 1368 2522 1439 igitur
2567 1367 2782 1423 ratione
2838 1370 3270 1439 comprehensus
3301 1367 3367 1420 af-

1788 1458 1872 1529 ﬁgi
1933 1460 2083 1515 cruci
2141 1461 2362 1531 poterit,
2423 1460 2516 1531 qui
2587 1461 2918 1516 contrectari
2980 1461 3265 1525 manibus,
3321 1469 3375 1516 ul

1785 1550 2086 1615 existimas,
2120 1568 2229 1606 non
2269 1560 2470 1621 potest,
2524 1568 2558 1606 ο
2607 1552 2849 1608 Marcio?
2886 1555 3031 1608 Nihil
3063 1556 3206 1610 enim
3244 1571 3371 1624 pran-

1786 1653 1870 1696 ter
1897 1641 2112 1696 inanem
2148 1645 2385 1713 speciem
2423 1644 2637 1700 tribuis.
2671 1645 2775 1700 Sed
2811 1647 2926 1701 haec
2960 1657 3050 1702 tua
3084 1648 3268 1717 opinio
3298 1649 3376 1701 fa-

95 1724 302 1778 έδωκεν
332 1727 412 1789 εἰς
453 1731 588 1798 χείρι
613 1747 640 1792 ς
669 1729 972 1800 ἀνθρώπων
1011 1734 1103 1787 τὸν
1145 1733 1338 1787 ἑαυτοῦ
1381 1735 1670 1806 Δεσπότην.

1842 1727 1887 1780 le
1912 1727 2280 1792 convincitur,
2308 1743 2374 1782 ex
2424 1742 2490 1782 eo
2530 1728 2676 1799 quod
2714 1730 2981 1800 scriptum
3032 1740 3137 1796 est,
3181 1729 3376 1785 Judam

96 1815 267 1869 Οὐδὲν
301 1817 358 1870 δέ
397 1835 454 1870 σε
497 1819 672 1892 ὢνησε
711 1823 772 1875 τὸ
796 1864 811 1887 ,
850 1824 1079 1892 Κατέϐη
1117 1827 1188 1879 ἐν
1229 1827 1433 1892 αὐτοῖς
1481 1827 1681 1895 λέγειν,

94 1908 216 1961 ἀντί
242 1908 361 1972 τοῦ,
401 1915 529 1980 μετ’
569 1914 780 1970 αὐτῶν.
825 1917 900 1969 Οὐ
948 1917 1058 1987 γὰρ
1103 1917 1328 1972 δύνασαι
1379 1919 1683 1988 φαντασίαν

95 1996 323 2066 ὁρίζειν,
361 2001 452 2053 τὸν
486 2002 638 2074 παρὰ
671 2006 753 2056 σοὶ
782 2006 952 2060 κακόν
973 2009 992 2038 ²
1027 2025 1078 2062 τι
1119 2007 1347 2080 ὕστερον
1396 2010 1491 2063 ὑπέ
1541 2010 1684 2079 ἁφὴν

99 2094 371 2146 πίπτοντα
397 2094 770 2169 δεικνύμενον.

169 2355 332 2427 Σχόλ.
383 2354 443 2410 ε’.
491 2360 600 2412 Kal
660 2359 781 2425 πᾶς
831 2363 864 2414 ὁ
921 2362 1106 2429 ὄχλος
1151 2360 1339 2427 ἐζήτει
1393 2361 1684 2416 ἅπτεσθαι

97 2449 289 2501 αὑτοῦ
327 2449 434 2502 Καὶ
462 2451 644 2517 αὐτὸς
667 2451 891 2521 ἐπάρας
920 2453 1062 2519 τοὺς
1095 2453 1442 2524 ὀφθαλμοὺς
1475 2455 1681 2520 αὑτοῦ,

101 2544 195 2595 καὶ
215 2543 287 2596 τὰ
315 2543 461 2614 ἑξῆς.

187 2635 404 2705 Ἐλεγχ.
436 2642 497 2691 ε’.
535 2635 661 2699 Πῶς
703 2635 865 2690 πάλιν
905 2639 932 2690 6
969 2636 1126 2708 ὄχλος
1175 2637 1404 2708 ἠδύνατο
1447 2637 1685 2708 ἆιξασθαι

101 2726 193 2780 τοῦ
224 2729 372 2798 ἁφὴν
407 2729 480 2800 μὴ
514 2727 760 2799 ἔχοντοςς
796 2727 992 2793 Ποίους
1033 2730 1090 2783 δὲ
1126 2730 1438 2801 ὀφθαλμοὺς
1480 2731 1686 2802 ἐπῆρεν

103 2822 180 2884 είς
208 2821 473 2891 οὐρανοὺς
501 2824 528 2875 6
567 2825 631 2875 ὲκ
661 2823 861 2894 σαρκὸς
892 2821 967 2894 μὴ
1000 2823 1381 2895 ήρμοσμένοςς
1431 2823 1567 2876 Ἀλλ’
1601 2825 1686 2877 ἵνα

102 2910 289 2982 δείξῃ,
337 2911 418 2964 ὅτι
473 2913 697 2988 μεσίτης
729 2913 863 2967 Θεοῦ
905 2915 1000 2968 καὶ
1046 2913 1348 2986 ἀνθρώπων
1402 2899 1687 2985 ἅνθρωπος

104 3003 339 3075 Χριστὸς
382 3002 605 3074 Ἰησοῦς,
646 3004 784 3076 ἔχων
835 3006 904 3058 τὰ
941 3007 1247 3078 ἀμφότερα,
1284 3005 1341 3072 ἐξ
1382 3004 1684 3077 ἀνθρώπων

107 3064 204 3166 μέν
250 3064 351 3168 τὴν
396 3064 609 3170 σάρκα,
774 3099 830 3152 δὲ
872 3064 1006 3153 Θεού
1036 3064 1272 3172 ,Πατρος
1457 3064 1686 3172 ἀορατον
1713 3064 1754 3118 C

104 3188 308 3242 οὐσίαν.

174 3371 372 3442 Σχάλῐ.
417 3378 492 3437 ς’.
538 3373 700 3426 Κατά
723 3372 794 3426 τὰ
839 3373 992 3427 αὐτὰ
1020 3373 1268 3428 ἐποίουν
1298 3373 1422 3442 τοῖς
1458 3374 1690 3444 apo-pd-

106 3481 235 3530 ταις
261 3467 316 3519 οὶ
348 3465 599 3533 πατέρες
627 3465 813 3535 ὑμῶν.

182 3558 414 3629 Ἔλεγχ.
455 3557 528 3624 ς’.
571 3561 633 3612 Ei
660 3561 952 3632 προφητῶν
999 3561 1292 3632 μέμνηται,
1325 3562 1424 3616 οὐκ
1447 3563 1689 3634 ἀρνεῖται

111 3652 399 3721 προφήτας
418 3667 431 3680 ·
475 3653 522 3704 εί
554 3652 760 3705 ἐκδικεῖ
785 3653 876 3705 τὸν
903 3651 1014 3706 τῶν
1060 3652 1353 3724 προφητῶν
1383 3654 1560 3722 φόνον,
1599 3654 1693 3707 καὶ

109 3742 358 3807 ὀνειδίζει
404 3735 530 3807 τοὺς
565 3745 971 3813 πεφονευκότας
1003 3763 1061 3798 τε
1102 3745 1194 3799 καὶ
1229 3745 1555 3810 διώξαντας,
1593 3746 1704 3798 οὐκ»

108 3835 393 3906 ἀλλότριος
449 3837 746 3907 προφητῶν
798 3838 1087 3908 τυγχάνει,
1139 3836 1276 3891 ἀλλὰ
1333 3838 1465 3902 Θεὸς
1515 3838 1692 3891 αὐτῶν

110 3927 370 3998 ὑπάρχει,
396 3929 424 3980 6
451 3929 549 3998 τὴν
575 3929 834 3982 σύστασιν
863 3929 1043 3983 αὐτῶν
1081 3929 1419 4000 ποιούμενος.

178 4019 338 4086 Σχὸλ.
370 4017 431 4082 ζ’.
469 4019 632 4089 Λέγω
664 4021 839 4090 ύμῖν·
872 4022 1184 4090 Τοσαύτην
1212 4023 1419 4074 πίστιν
1455 4022 1597 4076 οὐδὲ
1624 4022 1694 4076 ἐν

109 4108 188 4176 τῷ
224 4110 479 4186 Ἰσραὴλ
511 4108 711 4180 εὗρον.

181 4205 406 4277 Ἔλεγχ.
442 4203 503 4268 ζ’.
524 4206 588 4258 Et
616 4205 736 4259 οὐδὲ
770 4207 826 4258 ὲν
855 4203 933 4276 τῷ
969 4205 1186 4274 Ἰσραὴλ
1221 4204 1474 4275 τοιαύτην
1512 4205 1692 4258 πίστιν

111 4289 291 4368 εὗρεν,
326 4297 403 4360 ὡς
440 4299 497 4350 ἐν
542 4297 620 4368 τῷ
667 4297 774 4350 ἀπὸ
817 4297 988 4350 ἐθνῶν
1027 4297 1236 4350 ἐλθόντι
1287 4297 1690 4368 ἑκατοντάρχῃ,

1784 1816 2143 1892 proditorem.
2174 1815 2382 1872 Revera
2423 1817 2624 1888 quippe
2663 1817 2954 1873 Dominum
3001 1837 3159 1876 sumn
3193 1821 3368 1891 prodi-

1785 1893 1898 1974 dit,
1951 1915 2006 1963 et
2056 1907 2110 1963 in
2165 1923 2362 1966 manus
2410 1911 2690 1964 hominum
2738 1911 2982 1966 tradidit.
3030 1911 3216 1982 Neque
3253 1928 3378 1968 vero

1785 2014 2008 2054 causam
2059 2007 2206 2054 tuam
2263 2002 2531 2067 sublevat,
2573 2003 2738 2072 quod,
2779 2003 3057 2058 Descendit
3111 2007 3166 2059 in
3216 2008 3378 2074 ipsos,

1787 2107 1917 2155 non,
1956 2109 2074 2145 cum
2105 2093 2256 2162 ipsis,
2288 2096 2661 2151 substitueris.
2707 2094 2894 2167 Neque
2919 2100 3061 2152 enim
3097 2115 3254 2154 cassa
3288 2101 3357 2154 ad

1787 2183 2146 2255 umbrataque
2182 2187 2366 2256 specie
2404 2186 2632 2242 delinire
2679 2198 2831 2258 potes
2881 2190 3065 2254 illum,
3098 2207 3258 2261 quem
3301 2203 3378 2246 ta-

1787 2286 1878 2329 ctu
1920 2284 2233 2344 perceptum
2272 2278 2444 2334 fuisse
2479 2281 2684 2335 tateare
2720 2281 2835 2351 ipse
2870 2283 2952 2337 vel
2984 2283 3206 2340 invitus.

1855 2369 2020 2441 324
2059 2369 2242 2425 Schol.
2273 2373 2326 2427 5.
2352 2371 2421 2426 Et
2445 2374 2614 2426 omnis
2649 2372 2805 2426 turba
2827 2375 3093 2444 quaerebat
3121 2392 3238 2430 eum
3261 2385 3355 2430 tan

1785 2476 1922 2528 gere.
1953 2460 2019 2514 Et
2051 2463 2180 2531 ipse,
2207 2464 2419 2518 elevatis
2451 2465 2620 2519 oculis
2659 2466 2769 2520 suis
2813 2467 2854 2530 ⁸,
2884 2473 2986 2522 etc.

1856 2638 2038 2693 Reiut.
2076 2641 2128 2695 5.
2160 2640 2264 2708 Qui
2295 2642 2510 2697 tandem
2541 2650 2765 2716 tangere
2802 2644 2953 2700 illum
2991 2646 3151 2700 turba
3180 2647 3378 2717 potuit,

1786 2731 1879 2801 qui
1939 2739 2146 2786 tactum
2199 2748 2414 2788 omnem
2469 2734 2764 2805 eliugeret?
2799 2735 3082 2802 Quosnam
3141 2755 3270 2794 vero
3323 2739 3378 2794 in

1787 2825 1984 2880 cmlum
2015 2827 2204 2882 oculos
2238 2828 2482 2893 sustulit,
2525 2829 2617 2899 qui
2666 2829 2890 2886 minime
2933 2845 2997 2885 ex
3046 2846 3214 2886 carne
3247 2847 3379 2886 con-

1789 2919 1998 2972 staret?
2054 2919 2158 2974 Sed
2218 2927 2277 2973 ut
2331 2921 2552 2990 planum
2604 2919 2827 2989 faceret,
2881 2925 3230 2979 mediatorem
3289 2924 3379 2979 Dei

1788 3017 1842 3062 et
1874 3009 2152 3064 hominum
2191 3011 2465 3067 hominem
2513 3027 2635 3068 esse
2687 3012 2965 3070 Christum
2995 3014 3180 3071 Jesum
3213 3017 3256 3082 ",
3286 3016 3380 3086 qui

1793 3113 2082 3174 utrumque
2108 3104 2582 3174 complecteretur,
2613 3111 2777 3175 atque
2820 3106 2888 3160 ab
2931 3106 3243 3162 hominibus
3267 3123 3373 3161 car-

1790 3211 1936 3258 nem,
1979 3212 2010 3249 a
2055 3194 2164 3251 Deo
2195 3213 2323 3252 vero
2379 3195 2544 3250 Patre
2591 3206 2843 3250 naturam
2897 3199 3215 3268 accepisset,
3261 3214 3379 3268 qua:

1789 3288 2074 3341 oculorum
2105 3288 2276 3342 aciem
2310 3287 2538 3358 fugeret.

1862 3375 2046 3432 Schol.
2101 3376 2153 3432 6.
2203 3378 2503 3432 Secundum
2558 3380 2668 3434 haec
2717 3382 2902 3436 eadem
2939 3381 3208 3451 faciebant
3259 3395 3380 3450 pro-

1789 3469 1960 3539 phetis
1987 3481 2163 3539 patres
2201 3471 2362 3525 vestri
2391 3471 2434 3525 ⁸.

1861 3562 2042 3620 Refut.
2087 3562 2138 3616 6.
2188 3561 2323 3616 Cum
2360 3563 2749 3634 prephetarum
2803 3564 3136 3620 mentionem
3193 3562 3380 3630 faciat,

1792 3653 2086 3723 prophetas
2137 3669 2246 3708 non
2294 3655 2564 3724 repudiat.
2615 3655 2863 3726 Cumque
2915 3656 3133 3710 illorum
3177 3654 3380 3712 caedem

1793 3746 2110 3813 dciscatur,
2144 3745 2316 3815 iisque
2346 3747 2436 3816 qui
2471 3745 2791 3800 occiderunt
2825 3762 2888 3801 ac
2934 3746 3201 3817 persecuti
3231 3751 3377 3810 sunt,

1795 3836 1938 3892 istud
1967 3837 2142 3906 ipsum
2170 3837 2486 3906 exprobret,
2514 3852 2621 3890 non
2653 3852 2682 3890 a
2713 3837 2993 3908 prephetis
3022 3838 3256 3900 alienus,
3285 3835 3382 3891 sed

1792 3929 2107 3984 eorumdcm
2146 3927 2290 3983 Deus
2317 3928 2440 3988 erit,
2466 3945 2492 3978 a
2523 3944 2630 3998 quo
2666 3929 2738 3982 illi
2775 3928 3040 3999 originem
3077 3937 3378 3984 traxerunt.

1865 4021 2048 4075 Schol.
2082 4017 2133 4075 7.
2169 4019 2301 4074 Dico
2364 4019 2506 4075 vobis
2535 4061 2550 4089 ,
2585 4019 2706 4074 Non
2754 4021 2928 4075 inveni
2973 4029 3176 4074 tantam
3224 4021 3382 4090 ﬁdem

1794 4128 1954 4181 neque
1983 4114 2035 4166 in
2069 4111 2244 4166 Israel
2276 4114 2318 4168 '.
3202 4176 3210 4183 _

1868 4203 2049 4259 Refut.
2085 4203 2132 4256 7.
2171 4201 2224 4257 Si
2261 4219 2330 4258 ne
2366 4203 2420 4258 in
2451 4202 2615 4260 lsrael
2641 4203 2860 4275 quidem
2896 4212 3046 4258 tanta
3079 4209 3162 4258 est
3195 4203 3262 4256 ab
3291 4201 3382 4258 illo

1798 4297 1930 4351 lides
1958 4295 2196 4359 inventa,
2229 4304 2434 4365 quanta
2468 4297 2521 4350 in
2555 4296 2876 4350 centurione
2907 4294 2999 4348 illo
3030 4293 3240 4365 gentili,
3272 4307 3381 4348 non

111 4392 218 4462 ἄρα
251 4391 312 4444 οὐ
351 4389 508 4460 ψέγει
536 4391 633 4462 τὴν
666 4391 759 4444 τοῦ
799 4391 1018 4462 Ἰσραὴλ
1060 4390 1260 4444 πίστιν.
1297 4392 1358 4442 Et
1396 4389 1504 4458 γὰρ
1542 4389 1670 4442 ἀ).λά

1842 4387 1964 4456 gitur
1994 4385 2210 4441 lsraelis
2253 4387 2409 4444 ﬁdem
2459 4388 2805 4442 condemnat.
2842 4387 2946 4453 Qui
2977 4386 3022 4442 si
3051 4401 3082 4438 a
3113 4385 3223 4440 Deo
3251 4384 3381 4439 alie-

111 4501 261 4558 τριον
286 4484 308 4515 ³
337 4483 472 4537 Θεοῦ
500 4484 735 4554 ὑπῆρχε,
780 4485 874 4538 καὶ
906 4485 1004 4537 οὐκ
1047 4484 1211 4538 αὑτοῦ
1253 4483 1345 4536 καὶ
1389 4482 1482 4535 τοῦ
1524 4481 1688 4536 αὐτοῦ

111 4575 349 4646 Πατρὸς,
379 4575 481 4628 οὐκ
511 4575 576 4627 ἂν
609 4575 812 4647 ταύτης
840 4577 1076 4628 ἐποιεῖτο
1106 4575 1196 4628 τὸν
1226 4574 1464 4630 ἔπαινον.
1539 4619 1549 4628 .

181 4668 340 4737 Σχόλ.
371 4673 440 4737 η’.
479 4667 939 4738 Παρηλλαγμενον
969 4667 1048 4729 τὸ,
1086 4666 1387 4733 Μακάριος
1416 4667 1483 4732 ὃς
1509 4668 1578 4720 οὐ
1609 4665 1694 4736 μὴ

115 4758 544 4828 σκανδαλισθῇ
595 4759 664 4813 ὲν
695 4759 844 4829 ἐμοί.
900 4755 1024 4829 Εἶχε
1072 4759 1181 4829 γὰρ
1220 4759 1295 4822 ὠς
1336 4759 1471 4831 πρὸς
1517 4759 1698 4814 Ἰωάν-

114 4869 211 4922 νην
246 4851 384 4921 (67).

131 4981 144 4999 ι
187 4945 414 5013 Ἐλεγχ.
441 4949 510 5014 η’.
532 4944 706 4996 Κᾰντε
752 4943 887 5015 πρὸς
920 4944 1173 5016 Ἰωάννην
1211 4943 1346 5014 ἔχοι,
1375 4944 1536 4998 κᾶντε
1561 4941 1697 5013 πρὸς

121 5035 281 5088 αὑτὸν
321 5036 414 5088 τὸν
458 5036 714 5106 Σωτῆρα.
762 5035 1056 5106 μακαρίζει
1105 5038 1230 5099 τοὺς
1278 5036 1353 5106 μὴ
1413 5034 1698 5088 σκανδαᾪ-

120 5126 385 5198 ζομένους
411 5127 530 5196 ἢτοι
572 5130 628 5180 ὲν
675 5127 846 5198 αὐτῷ,
887 5130 1004 5198 ἤτοι
1035 5131 1092 5181 ἐν
1134 5128 1388 5200 Ἰωάννῃ·
1434 5128 1520 5180 ἵνα
1553 5126 1626 5198 μὴ
1664 5127 1699 5181 ἂ

122 5217 196 5289 μὴ
227 5219 474 5273 ἀκούωσι
513 5219 642 5290 παρ’
689 5218 854 5272 αὑτοῦ
895 5222 1105 5282 ἑαυτοῖς
1151 5219 1516 5272 πλάσσωνται.
1545 5219 1697 5288 Ἔχει

189 5378 206 5409 ¹
241 5377 369 5431 For.
401 5378 464 5431 τὸ
492 5376 675 5447 ἕσχατ.
701 5446 708 5447 7
731 5381 756 5436 ,³
781 5377 932 5431 Corr.
974 5379 1213 5431 κᾶκοντι.
1271 5376 1290 5406 ³
1316 5373 1354 5427 F
1357 5389 1439 5447 or.
1467 5364 1707 5447 exigam.
1739 5391 1776 5439 ς.

121 5459 181 5510 tt,
221 5448 276 5502 5.
357 5447 380 5479 ⁸
413 5445 662 5512 Ιιιιεξνι,
686 5446 776 5502 25.
853 5451 874 5480 ⁹
911 5447 1042 5502 Luc.
1069 5463 1164 5508 γη,
1197 5447 1248 5500 9.
1328 5446 1370 5476 ¹⁰
1403 5445 1536 5499 ibid.
1569 5445 1660 5499 25.

191 5601 308 5672 (67)
344 5601 621 5661 Postrema
655 5602 844 5673 verba,
875 5599 987 5672 εἶχε
1009 5605 1117 5673 γὰρ
1143 5600 1218 5664 ὡς
1247 5601 1382 5673 πρὸς
1421 5599 1693 5673 Ἰωάννην,

123 5671 294 5746 Supra
330 5674 384 5728 in
423 5675 663 5728 locorum
699 5671 1098 5727 indiculocnm
1125 5673 1335 5727 scboiio
1363 5672 1396 5726 9
1438 5671 1700 5741 cepttlan-

1799 4495 1903 4534 nus
1933 4485 2098 4545 esset,
2138 4494 2315 4548 neque
2359 4487 2452 4532 aut
2501 4477 2567 4532 ad
2612 4493 2692 4542 se,
2722 4483 2825 4538 iaut
2851 4479 2916 4531 ad
2966 4476 3180 4530 Patrem
3220 4491 3379 4532 suum

1799 4574 2076 4636 attineret,
2110 4587 2450 4641 nequaquam
2485 4571 2628 4630 illam
2665 4570 3000 4640 praedicaret.

1873 4664 2058 4718 Schol.
2096 4664 2149 4719 8.
2189 4663 2451 4716 Mutatum
2506 4661 2651 4718 istud
2705 4668 2790 4716 est
2831 4680 2842 4714 :
2889 4659 3084 4713 Beatus
3135 4659 3224 4729 qui
3277 4674 3384 4714 non

1800 4757 1958 4826 fuerit
1992 4756 2388 4848 scandalizafus
2440 4757 2496 4809 in
2539 4771 2618 4809 me
2658 4753 2722 4810 ⁸⁸.
2767 4752 2976 4823 Quippe
3012 4751 3079 4806 ad
3115 4749 3383 4806 Joannem

1799 4847 2160 4903 referebatur.

1836 4944 1840 4947 ’
1871 4939 2053 4994 Refut.
2086 4939 2138 4995 8.
2175 4938 2299 4994 Sive
2343 4938 2412 4994 ad
2455 4937 2742 5004 Joannem,
2777 4937 2891 4993 sive
2933 4936 3003 4992 ad
3041 4936 3220 5008 ipsum
3261 4933 3384 4990 Sal-

1801 5043 2040 5090 vatorem
2074 5035 2361 5103 pertineat,
2391 5033 2582 5089 beatos
2613 5033 2736 5088 illos
2767 5047 2888 5088 esse
2913 5029 3256 5102 pronuntiat,
3288 5029 3384 5100 qui

1801 5123 2155 5182 scandalizati
2190 5139 2297 5177 non
2329 5123 2530 5180 iuerint
2559 5124 2614 5178 in
2645 5139 2726 5187 se,
2755 5123 2840 5178 vel
2874 5123 2928 5178 in
2957 5121 3189 5185 Joanne,
3225 5137 3291 5176 ne
3318 5137 3383 5175 ea

1799 5219 1900 5272 sibi
1925 5217 2148 5288 ﬁngant,
2171 5232 2292 5286 qua:
2321 5231 2352 5270 a
2380 5232 2439 5272 se
2467 5231 2577 5272 non
2610 5216 2901 5272 audierint.
2934 5213 3042 5271 Sed
3065 5215 3208 5269 inest
3230 5212 3385 5282 quid-

3137 5368 3202 5424 ⁷1
3239 5367 3359 5422 Tim

1857 5375 1876 5406 ⁸
1911 5374 2042 5432 Luc.
2072 5393 2147 5432 vn.
2175 5375 2258 5430 l6.
2349 5377 2370 5407 "
2404 5374 2538 5430 ibid.
2568 5374 2652 5430 l7.
2730 5375 2751 5406 ⁸
2784 5371 2917 5429 ibid.
2952 5370 3040 5428 i9.

1804 5605 1908 5652 tur.
1951 5595 2278 5667 Scripserat.
2325 5595 2430 5667 nisi
2477 5594 2654 5662 fallor,
2694 5594 2916 5662 Marcio,
2947 5593 3006 5656 ὃς
3046 5591 3105 5644 οὖ
3157 5585 3380 5641 σκανδν

1807 5666 2117 5734 λισθήτεται
2149 5669 2205 5721 ἐν
2230 5666 2395 5734 αὐτῷ.
