3768 6182
353 249 452 303 τῦὗ

1769 253 1823 310 S.
1871 255 2212 311 EPiPllANll

3571 252 3680 272 ..ι-ι

3584 275 3684 307 δι’·ῒτ

348 363 700 422 Divinitalem
746 366 923 446 ipsam
970 384 1040 424 ne
1087 379 1142 423 tu
1184 371 1404 441 quidem
1454 371 1682 428 audebis
1728 373 1933 430 dicere.

2100 406 2101 414 ι
2139 378 2436 450 τολμήσεις
2487 378 2688 447 λέγειν.
2736 375 2800 428 Εἰ
2843 374 2901 429 δὲ
2949 374 3050 428 κᾶν
3096 371 3295 438 εἴποις,
3347 367 3524 423 κατὰ
3574 368 3682 438 τῆς

348 455 526 525 Atque
569 463 630 511 ut
676 457 915 514 maxime
961 460 1187 527 audeas,
1241 470 1397 517 tuum
1449 463 1505 518 in
1557 473 1743 534 caput,
1783 480 1940 520 exse-

347 547 575 610 erande,
614 548 905 605 maledicta
944 550 1048 605 ista
1084 553 1348 609 recident.
1384 552 1488 609 Sed
1519 571 1680 610 nemo
1713 563 1816 622 est,
1843 557 1938 626 qui

349 653 458 692 non
505 639 774 711 intelligat
827 657 983 708 eum,
1029 645 1122 712 qui
1175 645 1337 699 homo
1383 661 1571 701 revera
1621 649 1691 702 sit
1731 647 1936 713 factus,

350 745 545 785 somno
603 742 825 803 propter
888 749 1091 805 corpus
1156 736 1486 808 indigentem
1550 740 1936 795 obdormiisse.

349 817 484 874 Nam
510 822 602 892 qui
633 824 783 878 illum
815 826 1147 891 excitarunt,
1180 844 1286 883 nou
1323 829 1524 883 larvam
1552 831 1810 900 aliquam,
1842 833 1936 886 sed

349 926 536 966 veram
572 914 810 971 hominis
845 926 1098 972 naturam
1135 923 1559 976 contuebantur.
1587 923 1748 994 327
1787 923 1940 979 Unde

350 1009 404 1056 et
459 1005 712 1061 manibus
777 1009 1190 1074 concutientes,
1253 1015 1774 1084 compellantesque,
1821 1031 1942 1072 sese

350 1092 504 1149 illum
553 1099 984 1169 expergefeeisse
1036 1111 1330 1159 testantur.
1382 1105 1614 1178 Surgens
1656 1108 1813 1170 enim,
1862 1107 1943 1162 in-

351 1187 489 1255 quit,
524 1188 616 1242 ille
650 1191 760 1258 ipse
789 1193 879 1261 qui
925 1191 1238 1260 dormierat,
1282 1215 1447 1254 carne
1484 1201 1743 1270 prmditus
1776 1199 1940 1265 Deus,

349 1295 381 1335 e
423 1284 563 1338 cmlo
606 1285 878 1356 delapsus,
927 1297 1148 1361 prOpter
1191 1307 1292 1348 nos
1322 1308 1485 1348 carne
1529 1293 1778 1359 vestitus,
1821 1300 1941 1348 tan-

2045 468 2212 522 αὑτοῦ
2269 468 2531 539 κεφαλῆς,
2586 466 2836 539 θεήλατε,
2872 464 3307 536 βλασφημήσεις.
3363 459 3575 514 Παντὶ
3623 459 3680 512 53'

2043 579 2121 633 τῳ
2155 561 2311 632 δῆλόν
2354 563 2519 626 ἐστιν,
2568 561 2650 614 ὅτι
2702 560 2731 612 ὁ
2788 560 2847 614 ὲν
2899 557 3127 630 ἀληθείᾳ
3183 555 3678 626 ὲνανθρωπήσας,

2047 653 2218 708 ὕπνου
2251 653 2490 724 χρῄζων,
2535 651 2623 706 διὰ
2667 652 2730 705 τὸ
2761 651 3074 722 σωματικὸν
3102 649 3384 702 ὕπνωσεν.
3424 646 3510 697 ΟΞ
3568 645 3680 714 γὰρ

2045 747 2209 802 αὐτὸν
2237 746 2610 809 διυπνίσαντες
2647 746 2708 799 οὑ
2740 745 2960 815 δόκησιν
2992 739 3154 808 εἶδον,
3197 740 3343 796 ἀλλά
3378 737 3679 808 ὲνανθρὼ-

2047 856 2214 910 πησιν
2242 837 2523 910 ἀληθινήν.
2568 837 2786 908 ’Δμὲλει
2834 838 2992 909 χερσὶ
3027 835 3332 900 κινοῦντες,
3392 831 3508 884 καὶ
3564 849 3680 900 φω-

2046 933 2310 1001 νήσαντες
2343 928 2735 1000 μαρτυροῦσιν,
2771 929 2855 982 ὃτι
2884 929 3134 999 ἤγειραν.
3180 921 3507 986 Ἀναστὰς
3539 921 3676 990 γὰρ,

2045 1020 2234 1090 φησὶν,
2274 1023 2308 1074 ό
2330 1019 2634 1088 κοιμηθεὶς
2662 1018 2794 1082 Θεὸς
2827 1018 3184 1090 σαρκοφὸρος,
3220 1017 3250 1069 ὁ
3281 1013 3388 1068 ἀπ’
3419 1012 3676 1083 οὐρανοῦ

2047 1109 2340 1176 κατελθὼν,
2371 1112 2465 1165 καὶ
2493 1112 2671 1182 σάρκα
2703 1111 2768 1163 δι’
2791 1111 2937 1181 ἡμᾶς
2963 1109 3412 1180 ἀμφιεσάμενος,
3441 1105 3672 1176 ἠγέρθη

2050 1205 2148 1275 μὲν
2192 1203 2267 1267 ὡς
2317 1203 2624 1275 ἄνθρωπος,
2659 1203 2986 1273 ἐπετίμησε
3010 1202 3068 1255 δὲ
3113 1201 3190 1267 ὡς
3238 1199 3385 1263 Θεὸς
3434 1197 3523 1266 τῇ
3569 1200 3674 1252 θαι

2045 1291 2278 1363 λάσση,
2312 1293 2404 1346 καὶ
2431 1292 2658 1364 εποίησε
2689 1293 2732 1346 ⁷.

351 1392 514 1446 quam
555 1379 717 1435 homo
786 1384 1085 1441 suscitatus
1126 1393 1232 1452 est,
1302 1388 1396 1442 sed
1437 1395 1627 1460 utpote
1668 1387 1813 1444 Deus
1886 1387 2172 1459 increpavit
2245 1404 2436 1456 mare,
2497 1394 2784 1459 totumque
2856 1386 2990 1442 illud
3055 1386 3456 1442 admirandum
3528 1383 3672 1454 opuI

351 1473 626 1543 pra-stitit.

424 1565 608 1622 Schol.
647 1569 729 1624 14.
768 1569 833 1624 Ει
868 1574 1088 1644 contigit
1122 1591 1241 1628 cum
1275 1577 1398 1640 iret,
1429 1584 1486 1630 ut
1519 1594 1552 1630 a
1584 1576 1750 1631 turbis
1794 1593 1941 1630 com-

351 1661 685 1729 primeretur.
733 1661 800 1714 Et
852 1664 1043 1719 mulier
1082 1682 1200 1719 cum
1246 1667 1500 1738 tetigisset
1543 1669 1715 1732 ipsum
1752 1677 1944 1722 sanata

2123 1571 2281 1642 Σχόλ.
2313 1567 2395 1629 ιδ’.
2429 1571 2702 1638 Ἐγένετο
2741 1569 2811 1623 ἐν
2841 1567 2921 1635 τῷ
2968 1569 3224 1640 ὑπάγειν
3255 1569 3480 1632 αὑτὸν,
3517 1573 3670 1626 crvr'

2051 1664 2301 1733 ἐπνιγον
2331 1661 2520 1716 αὐτόν
2541 1664 2595 1715 ol
2625 1662 2817 1732 ὄχλοι.
2853 1661 2964 1716 Kal
3009 1661 3164 1730 γυνὴ
3213 1662 3515 1732 ἁψαμένη
3560 1668 3666 1718 αίι-

351 1760 430 1806 est
463 1769 494 1805 a
529 1752 678 1822 ﬂuxu
719 1758 1018 1824 sanguinis.
1050 1755 1118 1809 Et
1156 1759 1233 1811 ait
1268 1758 1567 1814 Dominus:
1600 1761 1731 1826 Quis
1760 1777 1839 1815 me
1875 1769 1947 1814 te“

2100 1756 2155 1810 ri)
2190 1755 2326 1822 ἰάθη
2365 1754 2472 1809 τοῦ
2509 1755 2779 1824 αἵματος.
2834 1752 2942 1807 Kal
2983 1751 3154 1807 εἶπεν
3184 1757 3218 1807 ό
3261 1755 3531 1822 Κύριος·
3575 1757 3665 1821 Τίς

356 1845 605 1914 tigit?Ac
636 1861 854 1901 rursum
887 1867 900 1902 :
941 1849 1133 1920 Tetigit
1167 1869 1244 1907 me
1282 1853 1498 1924 aliquis.
1531 1851 1678 1907 Nam
1705 1870 1797 1924 ego
1829 1853 1948 1908 novi

352 1935 597 1989 virtutem
621 1935 684 1990 de
707 1954 784 1991 me
810 1939 981 1993 exisse
1013 1941 1052 1993 ¹.

424 2025 612 2080 Βεΐιιι.
654 2028 738 2081 14.
775 2028 907 2083 Cum
955 2032 1071 2085 iret.
1114 2031 1232 2088 Non
1279 2033 1439 2099 dixit,
1507 2053 1626 2091 cum
1679 2036 1836 2102 irent,
1882 2053 1951 2093 ne

355 2118 512 2173 aliter
540 2119 715 2185 illmn,
747 2137 908 2193 quam
944 2124 1124 2180 caeteri
1162 2125 1266 2180 iter
1307 2125 1568 2184 facientes
1604 2129 1803 2195 solent,
1848 2128 1948 2182 ha-

356 2210 542 2266 buisse
569 2212 844 2270 crederes.
879 2215 1036 2283 Quod
1065 2233 1196 2272 vero
1223 2219 1487 2290 scriptum
1515 2228 1618 2285 est,
1643 2221 1951 2290 comprime-

357 2300 514 2356 batur
548 2319 582 2356 a
623 2305 812 2371 turbis,
855 2309 1042 2378 utique
1083 2309 1335 2379 spiritum
1376 2311 1738 2381 comprimere
1780 2310 1952 2365 turba:

357 2409 466 2450 non
494 2404 762 2464 poterant.
807 2395 914 2452 Sed
957 2406 1012 2453 et
1050 2400 1269 2463 mulier,
1303 2415 1424 2472 quze
1455 2400 1631 2471 tetigit
1660 2415 1725 2454 ac
1761 2406 1951 2455 sanata

357 2493 462 2548 est,
495 2503 605 2541 non
638 2503 842 2553 aerem,
879 2488 974 2544 sed
1007 2490 1305 2546 humanum
1352 2491 1613 2563 quiddam
1647 2492 1790 2563 quod
1821 2507 1953 2547 eon-

357 2576 578 2632 trectari
612 2588 796 2647 posset
821 2581 1020 2651 attigit.
1047 2580 1117 2636 Ut
1141 2583 1286 2638 enim
1319 2583 1636 2639 ostenderet
1667 2583 1952 2638 mulierem

357 2681 560 2738 corpus
589 2668 738 2725 illius
771 2685 880 2724 non
912 2661 1094 2742 specie
1122 2673 1238 2728 sola
1278 2675 1524 2746 tetigisse
1544 2715 1558 2738 ,
1589 2675 1734 2730 istud
1766 2675 1952 2744 ipsum

357 2750 722 2830 responsione
751 2779 848 2818 sua
879 2763 1124 2819 declarat
1157 2785 1170 2821 :
1211 2766 1341 2833 Quis
1379 2781 1457 2820 me
1490 2768 1701 2838 tetigit?
1735 2764 1878 2819 Nam
1905 2774 1955 2820 et

357 2857 477 2906 novi
502 2854 741 2906 virtutem
771 2871 802 2906 α
831 2871 912 2908 me
942 2857 1135 2910 exisse.

431 2944 619 2999 Schol.
693 2945 784 3002 15.
867 2945 1174 3015 Suspiciens
1243 2950 1298 3002 in
1366 2950 1553 3003 caelum
1625 2949 1957 3004 benedicebat

357 3036 488 3104 ipsis
519 3038 562 3090 ι.

431 3127 614 3184 Refut.
663 3129 748 3184 15.
797 3128 857 3184 Si
903 3131 958 3185 in
1007 3132 1205 3186 cmlum
1259 3133 1526 3202 suspexit,
1573 3147 1637 3187 ac
1680 3134 1954 3190 benedixit

361 3217 813 3288 illis,,oculorum
850 3223 1331 3295 membrorumque
1373 3224 1707 3296 reliquorum
1753 3226 1958 3285 formas

361 3323 472 3364 non
499 3311 682 3380 spx-cie
711 3319 872 3366 tenus
904 3313 1247 3384 praeferebat.

435 3399 619 3456 Schol.
652 3401 737 3456 i6.
767 3402 955 3458 Dicens
988 3424 1002 3459 :
1042 3405 1254 3473 Oportet
1288 3408 1493 3464 Filium
1528 3413 1754 3467 hominis
1791 3413 1960 3468 multa

362 3491 500 3563 pati,
535 3501 586 3547 et
613 3493 806 3556 occidi,
835 3504 884 3548 et
914 3505 1031 3564 post
1066 3506 1167 3551 tres
1198 3497 1308 3553 dies
1338 3517 1607 3573 resurgere
1631 3505 1671 3558 ³.

435 3667 618 3723 Refut.
654 3668 738 3724 16.
765 3671 900 3724 Cum
934 3673 1171 3729 hominis
1203 3675 1423 3741 Filium,
1453 3679 1556 3734 hoc
1587 3689 1668 3737 est
1696 3682 1958 3752 seipsum,

364 3772 418 3815 et
433 3763 542 3831 pati
564 3763 864 3817 etinterfici
898 3763 1220 3837 Unigenitus
1259 3768 1350 3825 Dei
1371 3768 1542 3828 Filius
1565 3772 1814 3840 affirmet,
1849 3775 1963 3830 haec

367 3855 628 3910 nimirum
660 3856 750 3910 illa
779 3869 972 3911 contra
1002 3869 1054 3914 te
1080 3864 1291 3916 securis
1313 3871 1418 3928 est,
1449 3881 1570 3935 quae
1601 3866 1817 3922 radices
1839 3875 1962 3924 tuas

367 3961 560 4002 omnes
596 3956 875 4018 amputat,
924 3964 958 4003 o
1008 3949 1211 4005 Marcio
1247 3953 1314 4007 de
1353 3955 1527 4024 spinis
1559 3964 1766 4022 exerte,
1803 3957 1961 4012 nubes

367 4039 480 4093 sine
517 4056 678 4109 aqua,
721 4039 881 4095 arbor
920 4039 1277 4110 infructuosa,
1315 4054 1366 4098 et
1397 4048 1725 4102 autumnalis
1756 4050 1797 4102 ".
1828 4049 1961 4103 Nam

368 4139 422 4186 et
451 4132 635 4188 statim
669 4132 891 4201 subiicit
925 4148 940 4186 :
975 4131 1042 4186 Et
1077 4145 1192 4202 post
1227 4146 1332 4190 tres
1362 4137 1471 4193 dies
1502 4155 1788 4210 resurgere.
1823 4140 1963 4206 Quid

369 4235 454 4282 est
485 4234 669 4280 autem
696 4226 844 4295 quod
879 4244 1168 4299 resurgere
1205 4230 1432 4294 dicitur,
1463 4233 1570 4288 nisi
1601 4249 1805 4304 corpus
1831 4236 1962 4291 illud

368 4317 517 4387 quod
569 4332 793 4386 passum
848 4327 952 4383 est,
1009 4321 1158 4390 atqui
1199 4321 1251 4374 in
1288 4323 1620 4380 monimento
1655 4328 1964 4396 sepultum?

375 4407 573 4464 Umbra
595 4413 762 4475 enini,
793 4421 886 4467 aut
918 4425 1133 4481 ventus,
1172 4427 1265 4470 aut
1298 4419 1546 4488 spiritus,
1573 4428 1668 4474 aut
1697 4422 1844 4475 larva
1869 4439 1961 4478 ne-

2046 1866 2166 1916 μου
2197 1846 2430 1915 ﬁgi-ato;
2460 1845 2554 1898 κατ⁹
2583 1845 2771 1900 πάλιν·
2819 1845 3058 1912 Ἥψατό
3089 1846 3206 1915 μού
3241 1863 3360 1911 τις.
3408 1845 3530 1900 Kal
3560 1845 3664 1916 715,9

2051 1938 2244 2008 ἔγνων
2271 1935 2531 2006 δύναμιν
2575 1935 2954 2000 ἐξελθοῦσαν
2983 1935 3086 1989 ἀπ’
3118 1934 3291 2005 ἐμοῦ.

2126 2030 2345 2102 Ἔλεγχ.
2378 2029 2457 2084 ιδ’.
2477 2030 2581 2083 Ἐν
2604 2029 2684 2093 τῷ
2705 2027 2960 2102 ὑπάγειν
2987 2031 3194 2083 αὐτόν’
3230 2030 3327 2083 καὶ
3341 2029 3455 2082 οὐκ
3484 2024 3661 2093 εἶπεν,

2052 2122 2122 2176 ἐν
2160 2118 2242 2186 τῷ
2268 2119 2523 2190 ὑπάγειν
2554 2117 2778 2184 αὐτοὺς
2801 2158 2816 2182 ,
2859 2118 2948 2171 ἵνα
2996 2119 3070 2189 μὴ
3099 2119 3305 2190 ἑτέρως
3331 2119 3511 2171 αὐτὸν
3541 2136 3664 2189 σχη-

2057 2213 2273 2284 ματίσει
2324 2211 2478 2284 παρά
2515 2211 2616 2284 τὴν
2666 2210 2776 2264 τῶν
2830 2210 3253 2282 ὁδοιπορούντων
3305 2211 3662 2266 ἀκολουθίαν.

2054 2304 2129 2357 Τὸ
2177 2304 2255 2370 δὲ,
2305 2302 2680 2372 συνέπνιγον
2725 2301 2914 2356 αὐτὸν
2958 2304 3012 2355 ol
3051 2302 3244 2371 ὄχλοι,
3286 2302 3518 2374 πνεῦμα
3570 2304 3663 2356 οὐκ

2055 2397 2315 2467 ἠδύναντο
2360 2395 2688 2466 συμπνίγειν
2719 2397 2768 2448 οε
2800 2394 2968 2465 ὄχλοι.
2997 2394 3140 2465 Γυνὴ
3173 2394 3229 2447 δὲ
3263 2395 3533 2467 ἁψαμένη
3574 2396 3663 2449 καὶ

2059 2485 2291 2550 ίαθεῖσα,
2347 2485 2448 2538 οὐκ
2479 2484 2641 2555 ἀέρος
2669 2483 2868 2555 ἥψατο.
2906 2483 3044 2538 ἀλλά
3088 2484 3233 2555 ἁφῆς
3279 2486 3656 2556 ἀνθρωπείας.

2057 2577 2175 2629 Ἵνα
2203 2575 2314 2647 γὰρ
2358 2573 2527 2646 δείξῃ,
2565 2574 2647 2628 ὄτι
2697 2575 2818 2645 οὐχὶ
2848 2573 3068 2646 δοκήσει
3122 2575 3285 2646 μόνον
3328 2579 3362 2647 ἡ
3419 2576 3534 2647 ἁφὴ
3567 2577 3656 2630 τοῦ

2059 2665 2311 2738 σώματος
2357 2664 2521 2718 αὐτοῦ
2561 2664 2666 2717 ὑπὸ
2700 2666 2798 2735 τῆς
2843 2666 3103 2734 γυναικδς
3147 2667 3472 2737 γεγένηται,
3520 2667 3657 2722 διδά-

2059 2771 2176 2808 σκει
2206 2754 2381 2822 λέγων
2403 2770 2418 2786 ο
2464 2754 2558 2819 Τίς
2585 2770 2705 2822 μου
2737 2753 2936 2822 ἥψατο
2955 2770 2976 2818 ;
3023 2755 3131 2808 Καὶ
3167 2755 3280 2823 γὰρ
3321 2754 3524 2826 ἔγνων
3555 2754 3656 2809 δύο

2052 2861 2237 2914 ναμιν
2263 2845 2643 2910 ἐξελθοῦσαν
2671 2845 2774 2899 ἀπ’
2818 2845 2987 2914 ἐμοῦ.

2129 2936 2286 3007 Σχόλ.
2331 2936 2414 2990 ιε’.
2469 2936 2838 3007 Ἀναϐλέψας
2877 2940 2962 3005 εὶς
3019 2938 3160 3005 τοὺς
3196 2937 3527 3006 οὐρανοὺς,
3554 2940 3653 3007 ηὑ-

2056 3032 2329 3102 λόγησεν
2369 3032 2616 3098 αὐτούς.

2129 3121 2351 3194 Ἕλεγχ.
2393 3129 2472 3176 ιε’.
2513 3122 2575 3175 El
2617 3119 2912 3191 ἀνέϐλεψεν
2963 3122 3044 3185 είς
3101 3121 3391 3193 οὐρανοὺς,
3441 3121 3536 3176 καὶ
3563 3123 3650 3193 ηὑ-

2065 3215 2296 3288 λόγήσεν
2329 3215 2416 3268 ἐπ’
2443 3215 2661 3280 αὐτοὺς,
2697 3216 2757 3268 οὐ
2788 3215 3009 3286 δοκήσει
3057 3209 3169 3285 εἶχε
3201 3214 3312 3268 τῶν
3356 3232 3416 3268 τε
3459 3216 3648 3284 ὀφθαλ-

2070 3307 2186 3381 μῶν
2215 3307 2308 3362 καὶ
2334 3307 2442 3362 τῶν
2471 3307 2647 3363 ἄλλων
2697 3307 2875 3379 μελῶν
2910 3308 2977 3362 τὰ
3008 3309 3283 3379 σχήματα.

2135 3403 2294 3475 Σχόλ.
2334 3409 2430 3468 ις’.
2471 3401 2702 3473 Λέγων·
2737 3401 2840 3454 Δεῖ
2870 3400 2976 3455 τὸν
3007 3401 3162 3467 ,Υὶὸν
3186 3401 3296 3456 τοῦ
3343 3400 3648 3470 ἀνθρώπου

2066 3497 2268 3552 πολλά
2293 3495 2524 3561 παθεῖν,
2556 3494 2655 3551 καὶ
2685 3482 3154 3563 ἀποκτανθῆναι,
3195 3496 3293 3548 καὶ
3326 3497 3476 3563 μετὰ
3505 3493 3645 3563 τρεῖς

2067 3587 2293 3658 ἡμέρας
2320 3586 2654 3658 ἐγερθῆναι.

2144 3678 2364 3750 Ἔλεγχ.
2398 3676 2494 3744 ις’.
2520 3679 2583 3732 El
2609 3678 2736 3732 Υίὸν
2759 3676 3046 3750 ἀνθρώπου
3072 3679 3163 3731 καὶ
3189 3676 3383 3730 παθεῖν
3406 3678 3501 3730 καὶ
3527 3677 3641 3729 ἀπο-

2069 3770 2368 3841 κτανθῆναι
2413 3769 2608 3823 ἑαυτὸν
2659 3769 2913 3841 ὁμολογεῖ
2959 3771 2988 3822 ὁ
3042 3767 3340 3842 μονογενὴς
3388 3768 3518 3830 Υἱὸς
3561 3768 3639 3820 ιιιῦ

2068 3862 2226 3926 Θεοῦ,
2272 3862 2412 3915 κατά
2461 3860 2554 3915 σοῦ
2590 3861 2746 3933 ἀξίνη
2791 3862 2938 3915 ἐστὶν
2992 3862 3130 3933 αὕτη
3175 3861 3522 3931 ὲκτέμνουσά
3560 3877 3635 3912 σου

2072 3957 2253 4011 πᾶσαν
2280 3956 2380 4028 τὴν
2414 3954 2591 4028 ῥίζαν,
2625 3949 2670 4010 ὧ
2703 3953 2763 4020 ἐξ
2802 3954 3053 4009 ἀκανθῶν
3099 3954 3471 4024 γεγεννημένε
3507 3955 3638 4024 Μαρ-

2071 4053 2225 4121 κίων,
2258 4052 2353 4106 καὶ
2399 4054 2625 4122 νεφέλη
2677 4051 2918 4122 ἄνυδρε,
2967 4050 3224 4119 δένδρον
3270 4067 3336 4104 τε
3388 4049 3635 4119 ἄκαρποι·

2071 4147 2168 4200 καὶ
2201 4147 2659 4215 φθινοπωρινόν.
2696 4144 2802 4199 Καὶ
2831 4145 2940 4216 γάρ
2973 4163 3104 4216 φησι
3141 4145 3302 4198 πάλιν
3323 4159 3338 4172 ’
3383 4144 3490 4198 Kal
3513 4143 3634 4213 μετὰ

2070 4237 2228 4306 τρεῖς
2290 4236 2516 4307 ἡμέρας
2547 4235 2883 4305 ἐγερθῆναι.
2920 4237 2986 4290 Τί
3015 4236 3069 4290 δὲ
3101 4236 3162 4288 τὸ
3195 4235 3493 4307 ἐγερθῆναι
3521 4235 3628 4307 (7i),

2072 4328 2256 4400 ἀλλ’ἢ
2303 4328 2436 4381 αὐτὸ
2458 4327 2519 4380 τὸ
2545 4325 2813 4390 πεπονθὸς
2845 4327 2940 4380 καὶ
2960 4328 3129 4396 ταφὲν
3167 4328 3225 4378 ὲν
3259 4327 3338 4397 τῷ
3373 4327 3627 4397 μνήμείῳς

2073 4420 2306 4492 Δὸκησις
2338 4420 2466 4490 δὲ,ἢ
2493 4419 2714 4491 ἄνεμος,
2747 4419 2780 4490 ἢ
2817 4418 3055 4490 πνεῦμα,
3083 4419 3432 4488 ἦφαντασία,
3447 4417 3628 4488 κηδείαν

369 4520 476 4574 que
499 4505 662 4560 funus
679 4521 744 4561 ac
770 4508 1133 4577 sepulturam,
1164 4525 1266 4564 nec
1287 4513 1746 4568 resurrectionem
1771 4530 1956 4583 capere

2100 4511 2167 4566 :ot‘t
2205 4510 2383 4584 ταφὴν
2418 4513 2519 4566 οὐκ
2558 4511 2853 4584 ἐνεδέχετο,
2883 4512 2978 4566 καὶ
3013 4510 3332 4566 ἀνάστασιν.

371 4598 659 4666 potuisset.

441 4689 626 4744 Schol.
661 4692 748 4746 17.
779 4692 846 4746 Ει
878 4710 994 4748 εσσε
1024 4695 1124 4748 viri
1148 4711 1266 4749 cum
1290 4697 1386 4751 illo
1418 4697 1786 4768 loquebantur,
1813 4697 1964 4755 Elias

372 4787 419 4831 et
451 4776 659 4848 Moyses
683 4782 736 4834 in
767 4784 938 4852 gloria
965 4784 1006 4836 ⁸.

441 4870 626 4926 Relut.
650 4873 733 4926 l7.
779 4873 1056 4942 Quantum
1084 4879 1338 4951 equidem
1375 4881 1571 4952 opinor
1600 4881 1751 4938 hisce
1778 4881 1967 4938 verbis

374 4961 484 5017 falx
506 4965 618 5029 illa,
649 4982 812 5035 quam
841 4967 1140 5027 Zacharias
1167 4981 1564 5028 commemorat
1591 4974 1633 5040 °,
1669 4973 1962 5031 adversum

374 5060 427 5109 te
449 5055 822 5126 signiﬁcatur;
849 5060 1014 5132 328
1060 5080 1183 5135 qua:
1223 5075 1312 5119 tua
1353 5066 1535 5120 omnia
1569 5074 1759 5122 contra
1791 5068 1960 5138 legem

375 5161 438 5202 ac
473 5148 764 5219 prophetas
796 5154 1081 5210 mendacia
1132 5157 1401 5214 succidat.
1442 5159 1655 5214 Etenim
1705 5159 1963 5230 quoniam

374 5255 690 5296 emersurus
728 5258 853 5299 eras
907 5247 1222 5328 aliquando,
1273 5249 1369 5319 qui
1417 5251 1534 5321 lege
1579 5253 1967 5323 prophetisque

377 5333 699 5406 repudiatis,
742 5351 774 5390 a
806 5335 1089 5395 Salvatore
1133 5339 1363 5414 ejusque
1396 5343 1591 5413 gloria,
1642 5359 1708 5401 ac
1753 5343 1968 5400 caelesti

486 5496 501 5527 ¹
534 5494 668 5552 Luc.
693 5513 811 5564 vm,
834 5498 904 5554 42
930 5513 1050 5570 sqq.

380 5583 598 5620 επαυσε.

1147 5499 1328 5558 'Luc.
1379 5518 1455 5569 Ix,
1496 5504 1582 5558 16.

473 5682 561 5749 'il)
600 5683 660 5736 Ti
687 5681 841 5736 δὲτὸ
874 5679 1206 5750 ἐγερθῆναι.
1238 5683 1396 5740 Corr.
1428 5683 1668 5753 εείερθέν.

1679 5507 1698 5537 ³
1725 5505 1850 5561 ibid.
1888 5479 1979 5559 22.

2141 4692 2299 4764 Σχόλ.
2341 4692 2427 4758 ιζ’.
2479 4691 2592 4746 Καὶ
2636 4691 2765 4746 ἰδοὺ
2809 4690 3024 4759 ἄνδρες
3054 4687 3448 4745 συνελάλουν
3476 4685 3618 4751 αὐτῷ,

2083 4788 2283 4854 Ἠλίας
2328 4787 2428 4841 καὶ
2459 4785 2725 4856 Μωυσῆς
2755 4785 2827 4838 ἐν
2852 4783 3023 4855 δόξῃ.

2147 4881 2368 4952 Ἐλεγχ.
2412 4880 2499 4945 ιζ’.
2539 4877 2718 4950 Τάχα,
2765 4873 2941 4950 οἶμαι,
2970 4875 3198 4930 διάντῶν
3234 4873 3413 4944 λόγων
3453 4871 3640 4940 τούτων,

2071 4971 2132 5024 τὸ
2173 4969 2327 5042 παρὰ
2371 4969 2452 5040 τῷ
2483 4968 2624 5040 ἁγίῳ
2665 4967 2911 5039 Ζαχαρία
2957 4966 3224 5038 δρέπανον
3271 4965 3412 5019 κατά
3444 4962 3543 5026 σοῦ,
3583 4955 3617 5013 ὦ

2071 5061 2360 5134 Μαρκίων,
2410 5057 2849 5123 ἀνατετύπωται,
2900 5055 3164 5126 ὲκτέμνον
3211 5072 3307 5110 σου
3341 5057 3510 5109 πᾶσαν
3541 5053 3614 5122 τὴν

2071 5157 2212 5211 κατά
2226 5156 2285 5210 νό
2291 5172 2390 5226 μου
2409 5155 2500 5208 καὶ
2514 5153 2809 5224 προφητῶν
2825 5153 3076 5223 ἐπινενοη
3084 5150 3253 5223 μένην
3277 5148 3610 5220 semper].

2075 5249 2306 5320 ’Ἐπειδὴ
2335 5247 2445 5320 γὰρ
2491 5245 2716 5318 ἔμελλες
2747 5245 2963 5300 ἀθετεῖν
3004 5244 3168 5316 νόμον
3215 5243 3310 5298 καὶ
3352 5242 3606 5314 προφήτας,

2075 5340 2393 5414 ἀλλοτρίους
2418 5338 2616 5403 αὐτοὺς
2647 5337 2872 5408 φάσκων
2902 5334 2998 5392 τοῦ
3028 5336 3282 5410 Σωτῆρος
3307 5339 3399 5389 καὶ
3440 5335 3522 5402 τῆς
3543 5332 3609 5381 ai-

2083 5507 2108 5534 ⁸-
2135 5501 2259 5557 .lud.
2295 5502 2348 5556 ἓ.
2450 5504 2468 5536 ⁵
2501 5501 2632 5558 Luc.
2674 5500 2863 5566 Ix,’5l.
2975 5501 2995 5532 ⁸
3030 5497 3196 5552 Zarh.
3233 5511 3284 5559 ι’,
3313 5495 3368 5550 9..
3449 5484 3604 5541 -Ὶϋη
