3768 6182
83 221 196 277 737

773 219 1140 281 ADVERSUS
1177 220 1518 279 ΙΙᾹΞΒΕΞΕΒ
1555 219 1664 276 LlB

1845 219 1952 278 ΟΜ.
1995 222 2083 278 lli.
2119 253 2189 264 --
2231 221 2502 280 HERES.
2545 225 2703 280 XL".

3279 228 3384 285 πε

85 338 184 392 σοῦ
217 338 400 410 δόξης,
429 353 526 394 και
570 339 672 412 τῆς
719 339 885 396 αὐτοῦ
929 341 1116 396 ἐνθέου
1161 341 1543 421 διδασκαλίας,
1583 343 1664 412 ἀμ

1845 341 2046 394 χιιι-ἱνα
2095 339 2306 396 alienos
2347 325 2444 395 eos
2489 355 2614 396 esse
2655 341 3040 408 contenderes,
3090 352 3386 417 utrumque

82 432 356 504 ,ροτέρους
390 434 567 504 ἤγαγε
606 432 724 505 μεθ’
756 434 955 488 ’ἑαυτοῦ
988 436 1046 488 ὲν
1089 438 1154 507 τῇ
1193 434 1299 506 ἰδίᾳ
1327 433 1493 488 αὐτοῦ
1530 433 1678 505 δόξη,

83 525 186 578 καί
225 524 394 590 ἔδειξε
445 529 559 590 τοῖς
609 526 774 581 αὐτοῦ
834 526 1126 598 μαθηταῖς,
1182 528 1277 580 καὶ
1335 529 1382 580 oi
1441 525 1682 598 μαθηταὶ

81 615 225 686 ἡμῖν
271 618 366 672 καὶ
391 617 472 689 τῷ
523 618 733 690 κόσμῳ,
782 619 1026 673 τουτέστι
1064 619 1225 674 παντὶ
1253 617 1524 690 ἀνθρώπῳ
1559 616 1683 687 βου-

77 708 307 780 λομένῳ
333 709 432 781 ζῆν
453 729 466 741 °
503 711 589 764 ἵνα
621 712 708 766 διὰ
751 713 850 783 μὲν
879 712 975 766 τοῦ
1006 711 1246 783 πρώτου,
1274 711 1351 774 ὡς
1399 713 1456 764 ὲν
1499 710 1678 782 ἀξίνῃ,

78 801 188 854 σοῦ
236 803 378 874 τέμῃ
427 803 526 867 τὰς
560 805 736 875 ῥίζας,
777 805 866 859 διὰ
913 805 969 858 δὲ
1014 804 1109 858 τοῦ
1159 803 1436 876 δευτέρου,
1483 802 1558 866 ὡς
1591 803 1681 856 διὰ

77 894 362 964 δρεπάνου
404 896 498 950 τοῦ
547 897 706 967 λόγου
737 899 836 969 τῆς
871 898 1151 968 ἀληθείας,
1181 897 1394 968 ἐκτέμῃ
1429 913 1522 949 σου
1553 895 1680 958 τοὺς

77 986 344 1053 κλάδους,
395 988 522 1051 τοὺς
560 988 624 1042 τὸ
680 987 901 1042 κώνειον
941 989 1038 1042 καὶ
1078 987 1375 1058 θανάσιμον
1425 988 1536 1048 τοῖς
1587 987 1680 1039 ἀν-

77 1076 332 1148 θρώποις
361 1079 720 1143 ὲκποιοῦντας
757 1077 988 1152 γλοιώδη
1017 1079 1151 1132 ὀπὸν
1195 1077 1564 1150 βλασφημίας.
1614 1078 1678 1131 El

76 1169 200 1240 γὰρ
233 1170 514 1243 ἀλλότριος
543 1167 612 1243 ἦν
645 1171 886 1240 Μωῦσῆς
916 1174 943 1224 ὀ
977 1171 1082 1224 ὑπὸ
1107 1169 1200 1224 τοῦ
1235 1167 1470 1242 Χριστοῦ
1511 1166 1678 1220 πάλαι

77 1262 402 1328 πιστευθεὶς
439 1263 531 1317 τὸν
565 1265 749 1336 νόμον,
784 1265 879 1318 καὶ
924 1266 974 1317 οἱ
1023 1263 1300 1335 προφῆται
1348 1257 1488 1334 ἦσαν
1521 1259 1680 1314 (ἂι).λό⁴

75 1372 252 1426 τριοι,
297 1357 396 1410 οὐκ
439 1349 743 1422 ἂναύτοῖς
799 1360 896 1412 σὺν
938 1357 1086 1426 αὐτῷ
1125 1360 1183 1411 ὲν
1231 1359 1297 1427 τῇ
1356 1357 1461 1427 ἰδίᾳ
1509 1354 1678 1408 αὐτοῦ

74 1447 218 1522 δόξῃ
247 1449 624 1504 ἀπεκάλυπτε.
671 1451 845 1504 Βλέπε
878 1449 987 1523 γὰρ
1018 1448 1079 1503 τὸ
1119 1448 1325 1519 θαῦμα,
1361 1450 1442 1503 ὅτι
1467 1450 1589 1503 οὐδὲ
1619 1451 1678 1503 ἐν

75 1542 166 1611 τῷ
211 1543 452 1612 μνήματι
501 1542 723 1603 τούτους
764 1543 986 1612 ἔδειξεν,
1021 1542 1143 1594 οὐδὲ
1192 1540 1341 1611 παρὰ
1385 1540 1475 1595 τὸν
1516 1558 1679 1594 σταυ-

81 1634 221 1705 ρόν·
250 1634 365 1687 ἀλλ’
400 1635 488 1688 ὅτε
533 1635 593 1688 τὸ
630 1635 796 1706 μέρος
824 1636 924 1706 τῆς
953 1633 1120 1687 αὐτοῦ
1159 1633 1317 1702 δόξης
1360 1633 1436 1696 ὡς
1463 1634 1542 1696 είς
1574 1633 1675 1704 ἀρ-

78 1726 313 1795 ραϐῶνα
343 1728 476 1798 ἡμῖν
503 1727 880 1788 ἀπεκάλυπτε.
902 1727 1024 1780 τότε
1049 1728 1176 1790 τοὺς
1207 1726 1416 1796 ἁγίους,
1439 1726 1678 1779 Μωῦσέα

72 1816 142 1869 τὲ
178 1834 321 1887 φημι
352 1818 446 1871 καὶ
485 1817 692 1880 Ἠλίαν,
738 1817 856 1887 ἅμα
887 1816 1034 1887 αὐτῷ
1075 1818 1314 1888 ἤγαγεν,
1359 1819 1509 1880 ὅπως
1543 1833 1677 1886 συγ-

74 1904 461 1978 κληρονόμους
493 1906 592 1978 τῆς
624 1906 788 1961 αὑτοῦ
828 1905 1104 1978 βασιλείας
1147 1908 1345 1972 αὐτοὺς
1397 1907 1674 1980 ὑποδείξῃ.

157 2173 318 2244 Σχόλ.
364 2178 451 2245 ιη’.
506 2175 602 2228 Ἐκ
629 2173 740 2243 τῆς
767 2172 1029 2243 νεφέλης
1055 2171 1256 2242 φωνή·
1291 2167 1478 2238 Οὗτός
1507 2170 1679 2224 ἐστιν

77 2267 115 2319 ὁ
162 2266 302 2332 Υἱὸς
328 2283 448 2335 μου
488 2268 522 2320 ὀ
563 2267 890 2335 ἀγαπητός.

160 2359 386 2430 Ἐ’λεγχ.
424 2366 513 2430 ιη’.
556 2359 724 2413 Παντί
769 2376 850 2429 τῳ
878 2357 1037 2429 δῆλόν
1074 2358 1240 2422 ἐστιν,
1283 2357 1425 2427 ὁτιὴ
1480 2355 1677 2427 νεφέλη

71 2452 188 2505 οὐκ
235 2451 384 2504 ἔστιν
435 2450 710 2522 ἀνωτάτη,
764 2450 890 2504 οὔτε
940 2450 1083 2522 ὑπὲρ
1129 2449 1355 2520 οὐρανὸν
1417 2448 1674 2521 ὑπάρχει,

73 2543 222 2596 ἀλλὰ
253 2545 311 2596 ἐν
343 2544 410 2613 τῇ
442 2542 564 2596 καθ’
593 2543 744 2614 ἡμᾶς
772 2542 948 2595 κτίσει
969 2558 982 2572 ο
1019 2542 1141 2596 ὃθεν
1172 2544 1204 2613 ἡ
1239 2541 1389 2612 φωνὴ
1423 2541 1562 2613 πρὸς
1585 2541 1677 2595 τὸν

78 2635 320 2706 Σωτῆρα
367 2634 592 2705 ἠνέχθη.
632 2635 696 2686 Εἰ
741 2633 920 2687 τοίνυν
958 2636 986 2687 ὁ
1021 2633 1210 2705 Πατὴρ
1239 2634 1333 2687 καὶ
1380 2634 1437 2686 ὲν
1479 2633 1674 2704 νεφέλῃ

74 2725 262 2790 λαλεῖ,
303 2725 669 2780 ὑποδεικνύων
719 2727 832 2789 τοῖς
873 2724 1138 2796 μαθηταῖς
1176 2726 1268 2780 τὸν
1316 2724 1481 2778 αὑτοῦ
1525 2726 1676 2791 Υἱὺν,

73 2819 188 2872 vim
227 2818 388 2882 ἄλλος
425 2820 573 2874 ἐστὶν
605 2822 634 2873 ὁ
666 2818 1027 2891 Δημιουργὸς,
1062 2817 1200 2872 ἀλλὰ
1227 2820 1255 2872 ὁ
1300 2818 1486 2883 αὐτὸς,
1519 2820 1547 2871 ὁ
1583 2819 1678 2872 καὶ

72 2910 174 2964 διὰ
220 2910 448 2982 νεφέλης
488 2910 568 2981 τῷ
601 2910 716 2981 ἰδίῳ
767 2909 880 2980 Υίῷ
935 2911 1311 2983 μαρτυρήσας,
1353 2910 1445 2964 καὶ
1479 2910 1538 2964 οὐ
1568 2909 1678 2965 τῶν

73 3005 227 3076 ὑπὲρ
258 3003 486 3076 οὐρανὸν
516 3003 694 3074 μόνων
722 3001 1020 3070 δεσπόζων,
1051 3002 1128 3067 ὡς
1150 3003 1315 3067 αὐτὸς
1350 3004 1599 3072 φάσκεις.

152 3185 312 3257 Σχόλ.
359 3185 444 3240 ιθ’.
499 3183 792 3254 Ἑδεήθην
819 3183 939 3239 τῶν
959 3183 1246 3254 μαθητῶν
1285 3201 1422 3241 σου.
1459 3180 1586 3255 Εἶχε
1614 3185 1672 3238 δὲ

1786 431 1854 485 ad
1883 430 2017 486 illud
2051 431 2240 502 gloria:
2267 446 2381 487 suae
2409 446 2474 486 ac
2504 432 2810 501 majestatis
2840 435 3077 505 speciem
3108 437 3380 505 adhibuit,

1784 538 1849 577 ac
1881 523 2174 593 discipulis
2208 522 2328 580 suis
2370 523 2652 592 ostendit;
2690 525 2948 595 discipuli
2987 541 3153 595 porro
3196 529 3380 596 nobis,

1783 628 1848 668 ac
1881 615 1981 668 toti
2024 613 2159 670 adeo
2191 613 2399 670 mundo
2430 614 2833 685 significaram,
2881 616 2985 672 hoc
3026 625 3110 672 est
3153 621 3382 675 cuilibet

1781 703 2016 770 homini,
2048 707 2141 776 qui
2177 706 2302 761 vita:
2339 721 2404 762 ac
2446 707 2641 764 salutis
2684 707 2960 770 desiderio
2989 721 3260 766 teneatur.
3291 710 3384 764 Ni-

1783 796 1984 851 mirum
2014 799 2194 868 utqui
2235 799 2409 868 primo
2449 799 2571 854 loco
2605 810 2942 857 memoratus
2981 811 3087 866 est,
3119 805 3284 859 asciae
3311 805 3384 861 sit

1783 887 1998 956 instar,
2067 905 2188 960 qua:
2254 891 2471 945 radices
2538 901 2660 946 tuas
2747 894 3014 956 excidat;
3083 895 3221 950 alter
3297 898 3381 951 sic

1781 988 2043 1051 tanquam
2071 982 2320 1037 veritatis
2349 982 2457 1036 falx
2492 999 2674 1037 ramos
2710 992 2836 1038 tuos
2863 993 3129 1054 amputet,
3158 1003 3223 1042 ex
3253 989 3381 1058 qui-

1782 1071 1886 1127 bus
1917 1072 2110 1128 cicutae
2153 1073 2348 1128 similis
2399 1089 2464 1129 ac
2505 1076 2723 1130 lethifer
2756 1078 2848 1132 ille
2881 1094 3100 1144 succus,
3135 1081 3380 1150 viscique

1780 1177 1934 1216 more
1983 1163 2416 1232 sequacissimus
2465 1165 2810 1233 exprimitur.
2873 1164 3010 1218 Nam
3065 1168 3112 1221 si
3169 1169 3379 1222 alienus

1781 1262 1928 1310 esset
1957 1253 2170 1326 Moyses
2205 1255 2314 1319 ille,
2359 1255 2448 1310 cui
2491 1256 2627 1325 legis
2663 1265 2747 1311 est
2785 1272 2814 1310 a
2854 1256 3074 1313 Christo
3101 1259 3376 1328 quondam

1780 1345 2038 1400 mandata
2065 1347 2372 1417 provim-ia,
2399 1347 2442 1401 si
2471 1348 2631 1401 alieni
2660 1350 2884 1418 insuper
2909 1351 3208 1420 prephetae,
3238 1368 3373 1405 lltltl-

1779 1453 1946 1508 quam
1988 1453 2086 1493 eos
2123 1454 2308 1493 secum
2357 1455 2456 1493 sua
2502 1441 2590 1494 illa
2639 1440 2690 1494 in
2732 1442 2903 1510 gloria
2944 1451 3378 1511 repraesentaret.

1779 1528 1838 1584 In
1869 1545 1978 1599 quo
2005 1531 2132 1601 quid
2166 1532 2411 1606 mirabile
2434 1516 2750 1603 contigerit,
2777 1535 3170 1591 animadverte.
3189 1534 3377 1606 Neque

1781 1620 1926 1675 enim
1978 1621 2097 1674 illos
2155 1605 2506 1692 in‘sepulcro
2537 1663 2551 1688 ,
2600 1635 2692 1679 aut
2745 1626 2811 1679 ad
2857 1641 3076 1681 erucem
3113 1605 3378 1696 apparere

1713 1709 1754 1764 Β
1784 1713 1986 1777 voluit;
2023 1714 2114 1768 sed
2163 1723 2292 1769 tunc
2339 1717 2542 1778 solum,
2583 1733 2708 1771 cum
2744 1718 3054 1787 Splendoris
3089 1720 3173 1773 sui
3205 1721 3376 1790 parti-

1783 1806 1963 1860 culam
2000 1806 2158 1861 nobis
2189 1808 2333 1862 velut
2359 1810 2720 1864 arrhabonem
2741 1825 2803 1862 ac
2825 1811 3019 1880 pignus
3040 1819 3372 1881 aspergeret.

1781 1896 1918 1951 Tum
1967 1899 2113 1952 enim
2165 1907 2388 1955 sanctos
2437 1901 2560 1956 illos
2607 1918 2790 1958 secum
2843 1902 3062 1972 Moysen
3103 1912 3157 1959 et
3202 1904 3374 1960 Eliam

1780 1990 2028 2056 adduxit,
2068 2002 2126 2046 ut
2154 1993 2399 2061 ejusdem
2435 2009 2622 2049 secum
2666 1996 2817 2066 regni
2854 1997 3170 2066 participes,
3200 2013 3265 2052 ac
3293 2013 3378 2053 so-

1779 2087 1894 2143 cios
1919 2103 2043 2142 esse
2072 2097 2427 2144 monstraret.

1850 2176 2035 2233 Schol.
2084 2178 2168 2232 18.
2220 2177 2266 2232 Ε
2298 2179 2431 2234 nube
2470 2195 2606 2234 vox:
2643 2179 2743 2234 Hic
2783 2188 2861 2235 est
2902 2179 3080 2236 Filius
3119 2199 3264 2237 meus
3291 2183 3377 2237 di-

1779 2268 1945 2322 lectus
1988 2268 2023 2324 ¹.

1849 2357 2032 2414 Refut.
2069 2359 2156 2414 18.
2195 2360 2541 2417 Manifestum
2573 2363 2750 2418 cuivis
2781 2371 2886 2428 est,
2920 2364 3133 2434 opinor,
3174 2365 3372 2421 nubem

1777 2466 1956 2522 neque
2005 2468 2263 2522 suprema
2319 2455 2372 2508 in
2428 2455 2678 2524 regione,
2729 2472 2908 2525 neque
2947 2472 3112 2527 supra
3171 2460 3380 2514 coelum

1777 2546 2061 2618 essetsed
2098 2547 2151 2600 in
2189 2546 2291 2601 hac
2321 2546 2503 2601 intima
2540 2548 2883 2602 conditarum
2926 2565 3108 2604 rerum
3133 2553 3376 2607 statione

1777 2640 1988 2692 versari
2011 2656 2026 2705 ;
2058 2639 2202 2693 unde
2232 2655 2334 2693 vox
2358 2646 2440 2694 est
2468 2641 2534 2693 ad
2562 2638 2900 2696 Salvatorem
2924 2641 3167 2716 delapsa.
3201 2643 3373 2713 Igitur

1777 2732 1826 2785 si
1863 2731 1930 2786 de
1970 2733 2112 2787 nube
2154 2732 2368 2788 locutus
2415 2732 2594 2800 Pater,
2651 2733 2847 2789 Filium
2893 2750 3054 2790 suum
3085 2735 3375 2805 discipulis

1777 2825 2036 2891 ostendit,
2081 2839 2190 2880 non
2240 2825 2380 2879 alius
2415 2840 2536 2880 esse
2573 2833 2752 2895 potest
2801 2825 3084 2890 Conditor,
3127 2842 3290 2896 quam
3326 2828 3376 2883 is

1778 2914 1895 2985 ipse
1917 2918 2010 2988 qui
2040 2933 2137 2987 per
2166 2917 2364 2973 nubem
2391 2916 2532 2972 Filio
2557 2933 2658 2972 suo
2683 2918 3053 2973 testimonium
3075 2918 3329 2988 praestitit
3353 2938 3371 2976 :

1777 3022 1880 3062 nec
1912 3010 1968 3062 in
2011 3023 2076 3063 ea
2121 3009 2321 3073 solum,
2363 3023 2484 3077 qua:
2515 3009 2654 3062 caelo
2694 3008 2979 3077 superiora
3013 3014 3164 3072 sunt,
3195 3008 3373 3062 domi-

1776 3107 1967 3152 natum
1997 3099 2285 3153 obtinebit.

1844 3190 2029 3246 Schol.
2065 3193 2151 3246 t9.
2182 3191 2378 3264 Rogavi
2399 3193 2686 3261 discipulos
2724 3201 2862 3247 tuos.
2891 3190 3246 3262 llabebatque
3265 3205 3373 3248 cae-

75 3279 242 3350 παρὰ
294 3277 376 3340 τὸ,
417 3279 530 3331 οὐκ
579 3275 984 3344 ἠδυνήθησαν
1032 3275 1313 3331 ἐκϐαλεῖν
1351 3277 1520 3342 αὐτὸ,
1572 3278 1664 3331 καί

1845 3298 1912 3347 'a,
1938 3291 2324 3354 praeterquam,
2365 3302 2467 3339 non
2492 3293 2772 3353 potuerunt
2802 3283 2987 3352 ejicere
3010 3283 3171 3349 illud,
3201 3291 3253 3338 et
3291 3283 3370 3336 ait

73 3371 236 3441 πρὸς
263 3370 488 3435 αὐτούς
505 3385 518 3401 ’
552 3364 627 3423 Ὦ
651 3368 826 3438 γενεὰ
853 3369 1128 3435 ἄπιστος,
1156 3369 1268 3434 ἕως
1297 3369 1442 3422 πότε
1463 3368 1675 3433 ἀνέξο-

73 3480 186 3528 μαι
223 3461 428 3532 Quir;

159 3577 384 3646 Ἐλεγχ.
427 3575 514 3629 ιϐ’.
555 3575 649 3638 Τὸ,
701 3575 812 3641 ἕως
860 3575 1034 3639 πότε,
1075 3574 1341 3646 ὲνσάρκου
1372 3574 1672 3644 παρουσίας

73 3670 282 3741 χρόνον
334 3669 451 3722 ἐστὶ
496 3668 853 3738 σημαντικόν.
905 3669 1015 3720 Καὶ
1059 3666 1142 3733 τὸ,
1194 3662 1271 3722 Ὦ
1313 3670 1489 3736 γενεὰ
1539 3666 1673 3720 ἄπι-

73 3782 232 3829 στος
253 3781 269 3794 ο
301 3762 376 3826 ὡς
407 3761 517 3814 τῶν
551 3760 847 3832 προφητῶν
864 3762 955 3814 ἐπὶ
986 3760 1063 3829 τῷ
1093 3761 1316 3831 ὀνόματι
1346 3759 1511 3815 αὐτοῦ
1549 3760 1671 3813 θεο-

75 3860 289 3928 σήμεια
338 3854 728 3926 ἐργασαμένων
792 3854 889 3906 καὶ
955 3853 1434 3919 πεπιστευκότων,
1505 3854 1580 3916 ὡς
1643 3853 1672 3905 ὁ

86 3950 282 4012 Ἠλίας
324 3947 639 4020 εὑρίσκεται
693 3945 864 3999 ποιῶν
940 3947 1034 4000 καὶ
1095 3947 1428 4010 Ἐλισσαῖος.
1479 3947 1572 3999 καὶ
1623 3949 1670 4000 oi

73 4044 252 4100 ἄλλοι.
585 4076 598 4084 ο

151 4136 312 4206 Σχύλ.
368 4142 437 4191 κ’.
492 4136 546 4188 Ὁ
596 4134 705 4204 γὰρ
764 4131 896 4198 Υἱὸς
942 4131 1050 4186 τοῦ
1101 4131 1416 4199 ἀνθρώπου
1458 4131 1672 4200 μέλλει

75 4228 524 4297 παραδίδοσθαι
562 4231 649 4294 εὶς
693 4227 894 4297 χεῖρας
934 4225 1277 4292 ἀνθρώπων.

155 4323 382 4391 Ἕλεγχ.
418 4321 485 4375 κ’.
523 4320 652 4374 Υίοῦ
687 4319 994 4392 ἀνθρώπου,
1027 4319 1120 4372 καὶ
1159 4316 1668 4389 παραδοθησομένου

1773 3375 1842 3430 ad
1871 3376 2052 3446 ipsos:
2083 3375 2362 3432 Generatio
2400 3374 2696 3441 incredula,
2735 3375 2970 3446 quandiu
3001 3391 3088 3430 vos
3115 3376 3292 3444 patiar
3313 3375 3372 3430 ιι

1842 3557 2026 3614 Refut.
2065 3559 2154 3615 l9.
2181 3559 2299 3615 Vox
2333 3560 2444 3625 illa,
2472 3559 2746 3630 quandiu,
2778 3567 2996 3630 tempus
3027 3558 3160 3614 illud
3195 3559 3370 3632 signi-

1773 3649 1918 3715 ﬁcat,
1945 3666 2055 3721 quo
2081 3651 2336 3707 Christus
2371 3652 2427 3707 in
2462 3659 2608 3706 terra
2635 3666 2759 3706 cum
2791 3664 2959 3705 carne
2981 3657 3232 3705 versatus
3260 3657 3368 3705 est.

1772 3741 1889 3796 llnc
1914 3751 2096 3798 autem
2125 3785 2139 3810 ,
2173 3743 2456 3798 Generatio
2487 3743 2786 3806 incredula,
2814 3757 2880 3797 eo
2910 3742 3172 3796 nimirum
3209 3742 3371 3797 reler-

1773 3844 1883 3901 tur,
1908 3837 2050 3906 quod
2083 3837 2136 3890 in
2179 3838 2352 3907 ipsius
2382 3838 2602 3892 nomine
2643 3837 2921 3906 propheta:
2951 3835 3196 3904 prodigia
3219 3851 3370 3906 quie-

1771 3929 1895 3981 dam
1920 3926 2211 3990 ediderint,
2243 3929 2404 3997 eique
2443 3928 2816 3992 crediderint;
2850 3925 3158 3992 cujusmodi
3200 3927 3367 3990 Elius,

1773 4017 2025 4080 Elisazus,
2057 4019 2264 4088 aliique
2297 4017 2495 4073 fecisse
2519 4019 2795 4088 leguntur.
3035 4033 3039 4037 ·
3340 4059 3344 4061 -

1845 4110 2030 4165 Schol.
2079 4109 2171 4163 20.
2216 4108 2391 4165 Filius
2439 4112 2577 4164 enim
2627 4108 2856 4162 hominis
2906 4105 3149 4177 futurum
3197 4114 3270 4158 est
3313 4116 3366 4157 ut

1773 4203 2021 4256 tradatur
2054 4203 2108 4255 in
2141 4217 2328 4256 manus
2363 4201 2634 4255 hominum
2669 4201 2709 4254 ³.

1841 4295 2006 4365 329
2035 4293 2218 4350 Refut.
2250 4294 2339 4348 ‘20.
2388 4293 2635 4349 Hmninis
2671 4293 2762 4347 ille
2791 4291 2985 4353 Filius,
3021 4290 3112 4360 qui
3149 4289 3206 4342 in
3244 4303 3363 4341 ma-

832 4411 853 4462 ὓ
889 4410 1162 4480 δοκήσεως
1193 4411 1224 4478 ὴ
1263 4407 1518 4478 ἔμφασις,
1550 4409 1664 4480 οὐδὲ

1845 4403 1884 4441 IS
1928 4395 2046 4440 erat
2076 4385 2374 4440 tradendus
2410 4387 2714 4450 hominum,
2757 4400 2866 4438 non
2916 4383 3203 4454 opinione,
3241 4397 3364 4451 spec

1555 4471 1580 4498 δ

74 4413 161 4475 είς
193 4414 384 4482 χεῖρας
428 4411 757 4481 ἀνθρώπων,
793 4411 853 4462 οὐ
889 4411 983 4462 δοκ

72 4503 406 4566 φαντασίας,
428 4500 562 4554 ἀλλὰ
586 4500 837 4571 σώματος
871 4500 966 4552 καὶ
999 4498 1175 4570 μελῶν
1209 4498 1423 4568 θεωρία.

145 4660 309 4731 Σκόλ.
358 4666 465 4712 κα’.
509 4657 662 4711 owe
711 4657 888 4711 τοῦτο
933 4657 1233 4728 ανέγνωτβ
1253 4698 1268 4722 ,
1307 4658 1366 4711 τί
1417 4657 1670 4725 ἐποίησε

72 4751 260 4804 Δαϐἰδ
274 4768 292 4813 ;
324 4747 630 4816 ΕΙσῆλθεν
659 4750 748 4813 είς
772 4747 880 4802 τόν
906 4743 1074 4801 οἷκον
1100 4748 1207 4802 τοῦ
1239 4748 1411 4802 Θεοῦ.

151 4842 381 4912 Ἐλεγχ.
434 4847 538 4895 κα’.
589 4840 651 4892 Ei
696 4834 844 4893 οἷκον
879 4839 1015 4892 Θεοῦ
1047 4839 1245 4908 φάσκει
1277 4839 1368 4893 τὸν
1394 4837 1542 4893 οἷκον
1569 4838 1670 4909 τῆς

72 4937 232 5008 παρὰ
278 4933 560 4997 Μωῦσέως
600 4933 893 5003 γενομένης
953 4932 1355 5004 σκηνοπηγίας,
1395 4933 1493 4985 οὐκ
1543 4931 1672 4986 ἀθε-

70 5031 159 5080 τεῖ
195 5027 287 5080 τὸν
322 5027 508 5096 νόμον,
539 5026 660 5078 οὐδὲ
703 5026 789 5080 τὸν
835 5024 966 5078 Θεὸν
1000 5025 1092 5079 τὸν
1127 5024 1438 5097 λαλήσαντα
1484 5029 1543 5078 ὲν
1591 5025 1674 5096 τῷ

69 5121 246 5193 νόμῳ.
301 5119 434 5172 Θεὸν
475 5119 586 5189 γὰρ
627 5119 791 5172 αὑτὸν
821 5119 1040 5188 φάσκει,
1070 5119 1128 5182 ὃς
1169 5119 1317 5171 ὲστιν
1349 5119 1514 5172 αὑτοῦ
1559 5119 1673 5172 Πα-

69 5214 202 5282 τὴρ,
237 5211 274 5281 ἢ
315 5209 481 5270 αὐτὸς
516 5211 848 5280 Μονογενής.
902 5209 1073 5261 Εἵωθε
1105 5207 1216 5279 γὰρ
1251 5207 1442 5277 Τριὰς,
1477 5209 1669 5280 Πατὴρ

71 5307 166 5359 καὶ
219 5305 353 5366 Υἱὸς
400 5304 494 5356 καὶ
543 5303 697 5372 ἆγιον
755 5301 994 5374 Πνεῦμα,
1047 5303 1289 5372 ἐνεργεῖν
1327 5299 1382 5352 ἐν
1420 5317 1480 5352 τε
1521 5301 1668 5370 νόμῳ

74 5399 168 5452 καὶ
221 5396 534 5467 προφήταις
590 5395 684 5448 καὶ
739 5393 1122 5463 Εὑαγγελίοις,
1174 5394 1272 5446 καὶ
1325 5393 1384 5446 ὲν
1432 5393 1668 5447 ἀποστό-

72 5489 209 5555 λαις.

1778 4479 1972 4547 eieque
2001 4478 2141 4542 sola,
2179 4479 2273 4533 sed
2298 4478 2553 4546 corporis
2585 4491 2648 4530 ac
2677 4475 3048 4530 membrorum
3082 4473 3272 4528 habitu
3299 4487 3364 4526 ac

1778 4569 2194 4625 conﬁrmatione
2229 4569 2357 4624 talis
2388 4571 2620 4634 exstitit.

1851 4660 2038 4714 Schol.
2077 4660 2167 4713 21.
2213 4659 2394 4730 Neque
2421 4661 2518 4714 hoc
2547 4659 2768 4730 legistis,
2798 4659 2924 4729 quid
2955 4657 3135 4728 fecerit
3169 4657 3359 4723 David,

1777 4768 1897 4806 cum
1927 4754 2192 4822 ingressus
2220 4763 2299 4808 est
2329 4755 2382 4807 in
2414 4753 2631 4807 domum
2661 4751 2760 4806 Dei
2781 4752 2839 4805 "?

1842 4843 2027 4899 Refut.
2058 4843 2150 4898 2i.
2190 4843 2328 4901 Cum
2360 4845 2774 4902 tabernaculum
2812 4845 2945 4901 illud
2969 4844 3156 4918 Moyse
3186 4845 3360 4900 collo.

1773 4945 1957 4992 catum
2001 4937 2096 4993 Dei
2126 4937 2348 4993 domum
2379 4940 2649 5010 appellet,
2683 4936 3026 5010 nequaquam
3058 4940 3227 5009 legem
3269 4945 3360 4994 aut

1776 5026 1947 5083 Deum
1980 5027 2180 5097 ipsum,
2215 5029 2310 5099 qui
2345 5029 2398 5083 in
2430 5029 2546 5100 lege
2571 5029 2787 5085 locutus
2820 5036 2926 5095 est,
2959 5029 3167 5098 abjicit.
3202 5027 3358 5084 Hunc

1779 5117 1982 5192 qnippe
2011 5120 2182 5175 Deum
2207 5123 2477 5186 nominat,
2507 5123 2601 5192 qui
2627 5122 2746 5192 ejus
2777 5121 2941 5178 Pater
2961 5129 3068 5187 est,
3098 5130 3193 5175 aut
3213 5122 3356 5188 ejus-

1776 5212 1899 5268 dem
1925 5209 2275 5282 Unigenitus.
2310 5213 2458 5269 Solet
2496 5215 2642 5270 enim
2676 5220 2866 5269 sancta
2895 5213 3165 5276 Trinitas,
3197 5214 3360 5265 Pater

1775 5313 1831 5361 ct
1873 5303 2070 5369 Filius,
2105 5315 2158 5361 et
2205 5307 2448 5378 Spiritus
2478 5315 2728 5372 sanctus,
2773 5322 2882 5363 non
2937 5306 2994 5362 in
3027 5307 3146 5377 lege
3183 5308 3360 5360 solum

1776 5402 1831 5449 et
1865 5395 2171 5466 prophetis,
2209 5399 2301 5455 sed
2350 5399 2658 5471 Evangeliis
2705 5407 2870 5469 atque
2900 5399 3165 5469 apostolis
3194 5412 3358 5467 Opera

1777 5499 1874 5539 sua
1914 5486 2191 5556 perﬁcere.

148 5677 165 5709 ⁸
205 5673 347 5732 Luc.
382 5691 457 5740 Ix,
488 5675 576 5730 55.
655 5677 672 5706 '
709 5675 840 5729 ibid.
867 5674 955 5738 40,
981 5673 1068 5727 ll.
1148 5672 1168 5704 ³
1197 5672 1326 5728 ibid.
1364 5672 1453 5727 44.
1532 5672 1553 5704 ⁵
1585 5669 1716 5728 Luc.
1748 5689 1822 5762 rt,
1852 5673 1905 5725 5.
