3768 6182
414 235 514 294 739

1800 234 1869 290 'S.
1916 234 2253 293 EPIPHAN“
3613 237 3701 299 ’ἷέῖ

479 352 664 409 Schol.
711 348 805 407 22.
845 348 1064 408 Gratias
1114 368 1214 424 ago
1265 352 1380 417 tibi,
1432 352 1654 406 Domine
1705 353 1842 409 caeli.
1877 352 1989 410 Nec

2163 356 2319 426 Σχόλ.
2354 354 2457 426 κβ’.
2492 356 2846 426 Εὐχαριστῶ
2873 372 2992 423 σοι,
3037 358 3238 426 Κύριε,
3270 354 3383 410 τοῦ
3416 354 3692 424 οὐρανοί.

411 443 679 513 ιεοτίρείι,
703 452 753 497 et
777 452 933 498 terra:
958 461 976 509 ;
1003 459 1180 514 neque
1207 446 1397 507 etiam,
1422 443 1601 500 Pater.
1627 443 1731 500 Sed
1743 462 1807 500 ex
1832 460 1897 501 eo
1922 454 1998 500 ta-

409 550 525 589 .nen
553 534 875 599 revincitur,
901 536 1044 606 quod
1079 535 1220 590 infra
1244 537 1529 607 sequitur:
1555 539 1736 591 Etiam
1766 538 1928 593 Pater
1949 542 1992 595 ¹.

475 626 664 682 Refut.
704 629 795 684 9.2.
840 628 1071 686 Domino
1112 630 1295 699 itaque
1340 631 1466 685 caeli
1502 631 1704 700 gratias
1747 633 1888 702 agit;
1928 633 1996 687 li-

407 728 527 786 cet,
588 731 782 786 terrae,
839 723 1172 789 sustuleris;
1212 724 1340 779 licet
1381 724 1563 779 Patris
1621 740 1812 780 vocem
1865 727 1995 781 sub-

406 816 656 879 traxeris,
681 815 905 881 Marcio,
942 832 1014 872 ne
1054 814 1271 872 Patrem
1311 832 1341 870 a
1379 817 1602 873 Christo
1643 834 1828 887 suum,
1866 837 1993 891 pro-

404 908 647 962 nuntiari
678 907 1036 963 Conditorem
1075 909 1417 965 ostenderes.
1472 908 1678 965 Vivunt
1712 911 1892 966 adhuc
1939 921 1994 968 et

405 998 621 1068 spirant
665 999 913 1053 veritatis
953 998 1044 1052 illa
1074 1014 1103 1052 a
1145 1006 1197 1053 te
1244 1000 1432 1055 relicta
1478 1001 1742 1057 membra.
1773 1001 1990 1059 Vocula:

404 1092 512 1146 illa:
564 1091 845 1156 nimirum,
875 1106 1014 1161 quas
1050 1099 1106 1145 tu
1142 1093 1290 1147 velut
1330 1093 1385 1147 in
1416 1094 1667 1165 reliquiis
1708 1097 1990 1168 neglectas

403 1197 499 1252 per
521 1183 852 1239 oblivionem
880 1185 1156 1240 retinuisti
1186 1204 1199 1239 :
1231 1184 1431 1252 Etiam,
1460 1185 1764 1242 PaterlEx‘
1788 1189 1991 1259 quibus

403 1276 564 1345 plane
596 1275 743 1331 istud
784 1276 1108 1344 conﬁcitur;
1149 1278 1369 1347 pr0prio
1400 1278 1548 1332 Patri
1582 1281 1789 1349 gratias
1815 1283 1992 1351 egisse

314 1406 321 1413 .
402 1365 680 1421 Christum
742 1365 1055 1430 Dominum,
1103 1366 1467 1438 eumdemque
1518 1370 1642 1424 cmli
1702 1369 1991 1425 Dominum

400 1459 732 1529 appellasse,
781 1467 841 1513 ut
895 1458 1229 1527 singularem
1281 1460 1337 1514 in
1384 1468 1445 1515 te
1478 1462 1774 1533 quamdam
1809 1464 1990 1520 inesse

402 1551 698 1607 amentiam
752 1558 1023 1621 Oporteat,
1069 1567 1177 1622 qua
1223 1552 1455 1608 liberam
1505 1554 1755 1612 veritatis
1801 1570 1991 1613 vocem

400 1658 508 1698 non
544 1657 837 1714 agnoscas.

2100 449 2213 502 Οὑκ
2258 449 2371 519 εἶχε
2415 449 2493 513 δὲ,
2545 451 2643 504 καὶ
2700 448 2812 519 τῆς
2863 448 3002 520 γῆς·
3060 448 3204 514 οὔτε,
3252 448 3480 517 Πάτερ,
3546 442 3693 517 εἶχεν.

2111 539 2423 611 Ἐλέγχεται
2446 540 2540 593 δέ’
2576 541 2726 594 κάτω
2758 542 2869 614 γὰρ
2899 538 3063 612 εἶχεν,
3095 542 3229 601 Ναὶ.
3264 545 3296 595 ό
3336 539 3576 606 Πατήρ.

2175 631 2394 703 Ἕλεγχ.
2425 632 2529 702 κβ’.
2576 633 2905 704 Εὑχαριστεῖ
2937 634 3126 705 Κυρίῳ
3167 633 3264 686 τοὸ
3306 631 3583 703 οὑρανοῦ.
3609 632 3693 683 ἐν

2098 723 2375 797 περιέλῃς,
2417 722 2528 791 τῆς
2557 723 2691 794 γῆς,
2732 723 2836 779 κᾶν
2876 726 3199 799 παρακόψῃς
3242 724 3326 789 τὸ,
3371 723 3598 793 Πάτερ,
3622 725 3691 777 iv:

2036 810 2041 813 λ
2101 815 2175 886 μὴ
2209 814 2432 885 Πατέρα
2462 814 2628 869 αὑτοῦ
2673 814 2979 888 ὑποδείξῃς,
3011 817 3298 888 Μαρκίων,
3338 815 3437 870 τὸν
3473 818 3691 887 Χριστὲιι

2095 904 2323 974 λέγοντα
2349 907 2440 961 τὸν
2470 904 3035 981 Δημιουργόν.’Μένει
3066 910 3174 980 γὰρ
3202 909 3301 979 τῆς
3334 909 3611 980 ἀληθείας
3638 914 3693 963 si

2100 1000 2233 1071 μέλη
2269 1001 2467 1065 ζῶντα.
2500 1002 2713 1074 Ὠσπερ
2765 1003 2875 1073 γὰρ
2924 1004 2983 1055 ὲν
3032 1001 3270 1073 λειψάνῳ
3323 1003 3483 1056 κατὰ
3540 1002 3694 1071 λήθην

2096 1093 2305 1160 εἴασας,
2342 1089 2387 1149 ὦ
2433 1096 2719 1167 Μαρκίων,
2765 1096 2849 1160 τὸ,
2888 1095 3020 1161 Nai,
3053 1098 3086 1150 ό
3119 1095 3348 1165 Πατήρ.
3395 1096 3690 1149 ’Δποδέδει-

2095 1201 2220 1238 κται
2246 1185 2423 1239 τοίνυν
2455 1184 2756 1250 ὲξάπαντος
2778 1184 2857 1256 τῷ
2887 1185 3003 1256 ἰδίῳ
3027 1185 3204 1257 Πατρὶ
3233 1186 3595 1256 εὐχαριστεῖν
3617 1188 3694 1238 τὶν

2094 1278 2351 1349 Χριστὸν,
2383 1279 2478 1333 καὶ
2522 1277 2753 1350 οὑρανοῦ
2784 1277 2989 1349 Κύριον
3026 1278 3189 1333 αὑτὸν
3234 1278 3575 1348 ὀνομάζειν·
3613 1282 3693 1330 ut

2094 1368 2262 1441 πολλή
2302 1387 2395 1423 σου
2446 1369 2872 1443 φρενοϐλάϐεια,
2916 1370 2995 1443 μὴ
3044 1371 3393 1427 κατανοοῦσα
3432 1373 3542 1436 τῆς
3572 1372 3693 1441 άλη-

2095 1462 2245 1527 θείας
2275 1464 2379 1536 τὴν
2401 1464 2723 1538 ἐλευθερίαν·
2744 1462 2788 1519 ⁸.

468 1702 659 1790 Schbl.
707 1734 799 1789 23.
842 1732 993 1787 Dixit
1039 1734 1336 1805 legisperito
1366 1751 1384 1790 :
1419 1734 1485 1791 In
1537 1736 1646 1809 lege
1682 1738 1808 1808 quid
1850 1740 1985 1794 scri-

2165 1729 2320 1800 Σχόλ.
2377 1737 2482 1800 κγ’.
2513 1731 2665 1786 Elite
2723 1730 2815 1798 τῷ
2845 1732 3105 1801 νομικῷ’
3149 1734 3248 1788 Ἑν
3292 1733 3384 1800 τῷ
3432 1734 3604 1805 νόμῳ
3648 1740 3695 1789 τι

399 1833 551 1893 ptum
589 1827 717 1881 est?
765 1823 836 1878 Et
888 1826 1227 1894 respondens.
1272 1825 1403 1881 Post
1451 1827 1747 1898 legisperiti
1799 1830 1981 1898 verba,

399 1916 538 1999 dixit
571 1937 587 1973 :
616 1916 774 1972 Recte
794 1917 1005 1973 dixisti.
1037 1917 1153 1974 Hoc
1181 1919 1290 1988 fac,
1320 1928 1368 1974 et
1397 1922 1530 1976 vives
1555 1924 1595 1975 ².

469 2091 655 2146 Refut.
694 2092 785 2147 23.
827 2093 964 2149 Cum
1005 2093 1100 2150 Dei
1126 2094 1296 2153 Filius
1325 2100 1556 2169 ipsamet
1580 2101 1781 2157 veritas
1817 2111 1981 2169 esset,

399 2186 674 2241 neminem
704 2202 894 2241 eorum
924 2188 1015 2258 qui
1058 2204 1117 2244 se
1140 2189 1208 2244 de
1246 2192 1353 2245 vita
1392 2195 1779 2263 consequenda
1814 2195 1986 2251 inter-

400 2285 679 2344 rogarent,
720 2276 932 2332 fefellit.
977 2277 1033 2333 Si
1069 2281 1289 2350 quidem
1332 2291 1391 2335 ut
1418 2284 1584 2337 vitam
1621 2284 1862 2340 humano
1892 2302 1986 2357 ge-

400 2367 518 2421 neri
543 2368 884 2434 conciliaret,
913 2369 1148 2425 advenit.
1180 2372 1363 2438 Quare
1397 2390 1519 2429 cum
1555 2383 1610 2431 et
1632 2376 1755 2432 vitae
1784 2386 1987 2434 nostra:

399 2472 585 2513 curam
619 2462 871 2527 gesserit,
894 2470 950 2516 et
985 2463 1033 2517 ei
1058 2464 1152 2534 qui
1177 2464 1349 2534 legem
1380 2474 1644 2534 servaret,
1676 2469 1986 2524 adfuturam

400 2548 568 2603 vitam
613 2549 952 2619 ostenderit;
991 2550 1087 2607 sed
1126 2562 1180 2606 et
1224 2568 1374 2619 eum,
1415 2556 1661 2626 quicum
1710 2558 1829 2630 lege
1868 2559 1986 2629 ipsa

396 2643 1173 2713 caasentaueeresponderat,
1206 2647 1466 2715 praeclare
1500 2648 1708 2705 dixisse
1752 2658 1986 2707 testatus

399 2732 587 2796 fuerit,
627 2733 753 2803 quis
795 2735 901 2790 erit
941 2744 1051 2788 tam
1086 2752 1278 2793 vecors
1317 2753 1379 2793 ac
1413 2740 1685 2810 stupidus,
1723 2741 1988 2798 Marciani

398 2833 460 2879 ut
513 2825 796 2891 inhmreat,
842 2828 938 2898 qui
994 2826 1106 2883 Deo
1158 2830 1236 2884 illi
1281 2833 1591 2899 maledicat,
1646 2850 1673 2887 a
1719 2852 1829 2906 quo
1878 2853 1988 2892 non

401 2916 566 2971 modo
602 2917 688 2973 lex
745 2917 798 2972 in
840 2918 1113 2984 homines,
1152 2920 1246 2975 sed
1295 2931 1348 2977 et
1374 2920 1652 2993 Evangelii
1689 2937 1773 2981 est
1815 2928 1987 2998 gratia

2083 1813 2405 1883 γέγραπται
2425 1834 2444 1882 ;
2478 1820 2586 1874 Kal
2637 1819 3001 1889 ὰποκριθείς.
3054 1824 3208 1878 Μετὰ
3250 1824 3358 1896 τὴν
3406 1826 3696 1897 άτεόκριτιν

2084 1906 2179 1960 τοῦ
2229 1907 2455 1979 νομικοῦ
2508 1904 2661 1965 εἶπεν
2682 1927 2698 1944 ο
2746 1912 2955 1981 Ὀρθῶς
3003 1911 3199 1983 εἶπας.
3265 1918 3462 1972 Τοῦτο
3519 1922 3691 1985 ποίεε,

2086 1999 2187 2054 καί
2222 1998 2413 2071 (rion:

2159 2091 2376 2163 Ἔλεγχ.
2421 2093 2528 2161 κγ’.
2570 2094 2824 2165 Ἀλήθεια
2848 2094 2923 2149 ὢν
2966 2099 2994 2151 ὁ
3026 2097 3155 2162 Υἱὸς
3180 2098 3279 2152 τοῦ
3312 2098 3486 2163 Θεοῦ,
3518 2102 3692 2154 οόδένι

2086 2180 2292 2235 ἐπλάνα
2314 2182 2421 2235 τῶν
2451 2183 2580 2255 περὶ
2606 2183 2753 2256 ζωῆς
2791 2185 3144 2255 ἐρωτώντων.
3180 2188 3281 2242 Διά
3308 2191 3427 2262 γάρ
3468 2193 3573 2261 τὴν
3600 2193 3691 2244 τῶν

2086 2272 2389 2346 ἀνθρώπων
2435 2275 2577 2349 ζωὴν
2630 2276 2876 2348 ἐλήλυθε.
2929 2280 3086 2351 Ζωῆς
3130 2282 3315 2335 τοίνυν
3364 2283 3691 2355 ἐπιμελομέ

2085 2382 2177 2419 νου
2215 2364 2403 2432 αὑτοῦ,
2440 2369 2537 2421 καὶ
2580 2370 2995 2435 ὑποδεικνύντος
3031 2372 3124 2427 τὸν
3170 2373 3338 2445 νόμον
3381 2375 3467 2446 τῷ
3498 2376 3691 2444 φυλάτ-

2085 2475 2231 2513 τοντι
2260 2459 2354 2513 καὶ
2398 2462 2684 2533 ποιήσαντι
2737 2464 2882 2536 ζωὴν
2929 2465 3229 2539 ὑπάρχειν,
3286 2469 3389 2521 καὶ
3440 2467 3527 2539 τῷ
3566 2471 3691 2521 κατὰ

2087 2550 2247 2621 νόμον
2299 2550 2653 2622 ἀποκριθέντι
2725 2555 3001 2625 φήσαντος
3060 2556 3238 2628 ὀρθῶς
3298 2556 3690 2627 λελαληκὲηι,

2088 2644 2182 2696 καὶ
2227 2643 2412 2709 Οὕτως
2436 2644 2578 2699 ποίει
2617 2647 2710 2700 καὶ
2760 2647 2923 2720 ζήσῃ.
2978 2648 3062 2713 τίς
3092 2648 3268 2713 οὕτως
3321 2650 3693 2721 ἐμϐρόντητος

2089 2735 2155 2789 ἂν
2204 2735 2310 2808 εἴη,
2367 2737 2444 2802 ὡς
2497 2738 2779 2793 πείθεσθαι
2838 2740 2937 2810 μὲν
2986 2740 3064 2811 τῷ
3114 2743 3409 2814 Μαρκίωνι
3454 2744 3691 2814 ﬂiam.

2094 2826 2283 2896 μοῦντι
2317 2829 2399 2892 είς
2429 2828 2521 2881 τὸν
2561 2828 2713 2892 Θεὸν,
2762 2830 2854 2882 τὸν
2901 2832 2996 2883 καὶ
3049 2830 3213 2901 νόμον
3262 2831 3361 2884 καὶ
3398 2833 3505 2901 τὴν
3544 2834 3691 2903 χάρεο.

2090 2916 2183 2970 τοῦ
2218 2917 2553 2987 Εὑαγγελίου
2578 2921 2690 2982 τοῖς
2734 2918 3043 2990 ἀνθρώποις
3080 2923 3516 2992 κεχαρισμένον,
3554 2923 3691 2991 αὑτῷ

401 3008 671 3072 derivata,
700 3017 760 3063 ut
784 3024 844 3066 se
868 3010 1109 3066 hominis
1134 3013 1280 3069 illius
1309 3016 1594 3071 erroribus
1623 3017 1862 3082 addicat,
1891 3021 1983 3089 qui

2180 3009 2591 3080 συναπάγεσθαι
2617 3010 2696 3081 τῷ
2725 3013 2862 3083 μήτε
2889 3013 2953 3065 ἐκ
2984 3013 3170 3083 νόμου.
3203 3014 3343 3084 μήτε
3372 3016 3487 3068 άπὸ
3529 3016 3691 3069 Πνεί-

399 3115 579 3170 neque
608 3116 672 3155 ex
708 3100 845 3169 lege,
890 3117 1069 3171 neque
1112 3119 1178 3158 ex
1220 3102 1426 3173 Spiritu
1460 3116 1651 3162 sancto
1691 3109 1855 3165 ullam
1891 3112 1989 3167 do-

2154 3119 2267 3167 ιτος
2303 3103 2460 3173 ἁγίου
2487 3103 2664 3174 ἔχοντί
2688 3121 2741 3157 τι
2778 3103 2880 3173 τῆς
2912 3102 3295 3171 διδασκαλίας;

400 3193 593 3247 ctrina:
630 3208 742 3248 suae
775 3194 1097 3263 particulam
1127 3198 1501 3266 expresserit?

469 3284 634 3355 330
660 3284 846 3341 Schol.
890 3286 982 3340 28.
1027 3286 1094 3340 Et
1133 3288 1270 3341 dixit
1302 3306 1320 3343 :
1349 3288 1481 3354 Quis
1525 3300 1752 3346 vestrum
1784 3292 1992 3349 habebit

398 3379 655 3441 amicum,
682 3387 731 3432 et
760 3378 856 3431 ibit
876 3360 951 3432 ad
985 3380 1138 3433 illum
1163 3380 1337 3435 media
1377 3392 1545 3447 nocte,
1571 3386 1846 3452 postulans
1883 3397 1987 3443 tres

394 3473 604 3539 panes?
632 3470 708 3525 Ac
749 3471 1008 3541 deinceps
1036 3490 1048 3526 :
1077 3471 1266 3534 I’etite,
1318 3483 1367 3527 et
1396 3473 1634 3528 dabitur.
1672 3477 1802 3543 Quis
1848 3480 1989 3533 enim

397 3574 467 3615 ea:
499 3559 641 3613 vobis
675 3570 753 3614 est
783 3568 952 3629 pater,
986 3578 1018 3614 a
1056 3578 1157 3631 quo
1192 3562 1339 3631 ﬁlius
1391 3574 1534 3632 petat
1555 3566 1773 3634 piscem,
1809 3577 1858 3621 et
1893 3585 1988 3638 pro

398 3653 541 3724 pisce
568 3663 859 3721 serpentem
891 3652 1043 3707 dabit
1082 3654 1206 3710 illi?
1240 3666 1330 3707 aut
1352 3672 1448 3724 pro
1488 3672 1581 3710 ovo
1622 3659 1991 3727 scorpionem?

400 3741 465 3800 Si
495 3760 618 3813 ergo
646 3760 736 3798 vos
763 3760 881 3798 cum
910 3745 1029 3799 sitis
1063 3746 1219 3814 ntali,
1244 3748 1410 3801 nostis
1437 3746 1571 3801 bona
1601 3750 1750 3815 data,
1790 3760 1986 3821 quanto

399 3837 569 3907 magis
602 3834 765 3890 Pater
780 3837 800 3868 ³
815 3838 840 3889 ?

469 3926 653 3983 Refut.
685 3928 775 3982 24.
818 3928 894 3983 Ex
930 3930 1033 3985 hoc
1077 3931 1199 3985 loco
1244 3930 1383 3986 vafri
1432 3932 1673 3989 hominis
1721 3920 1988 4006 supersti—

395 4019 537 4075 tiosa
581 4029 635 4075 et
693 4021 947 4076 allectata
1004 4024 1198 4093 religio
1249 4025 1615 4079 convincitur.
1670 4025 1788 4080 Non
1838 4029 1984 4083 enim

394 4111 613 4181 optimae
656 4113 893 4181 alicujus
946 4115 1218 4170 mercedis
1271 4118 1467 4185 gratia,
1514 4126 1606 4170 aut
1649 4134 1744 4188 spe
1786 4134 1984 4175 conse-

395 4205 628 4275 quentiae
678 4206 1111 4263 immortalitatis
1151 4209 1432 4274 inductus,
1467 4212 1559 4265 sed
1591 4227 1659 4267 ex
1708 4214 1986 4283 impietate

393 4312 459 4353 ac
493 4300 770 4369 pestifera:
804 4301 1081 4369 opinionis
1114 4301 1352 4356 falsitate
1394 4304 1639 4358 ciborum
1678 4315 1985 4375 temperan-

2162 3280 2318 3353 Σχόλ.
2367 3280 2464 3335 κδ’.
2505 3280 2615 3335 Καὶ
2668 3281 2831 3335 εἷπε·
2867 3281 2963 3347 Τίς
3010 3281 3081 3347 ἐξ
3128 3280 3297 3351 ὑμῶν
3326 3283 3453 3346 ἔξει
3488 3286 3689 3353 φίλων,

2092 3374 2191 3428 καὶ
2239 3373 2595 3440 πορεύσεται
2632 3372 2782 3441 πρὸς
2822 3372 3011 3427 αὐτὸν
3036 3377 3475 3441 μεσονυκτίου,
3519 3376 3689 3428 altar

2092 3464 2249 3533 τρεῖς
2270 3464 2489 3533 ἄρτους
2500 3482 2521 3528 ;
2560 3466 2654 3518 καὶ
2695 3465 2912 3519 λοιπόν·
2935 3466 3177 3533 Αἰτεῖτε,
3210 3470 3308 3521 καὶ
3342 3469 3689 3535 δοθήσεται.

2098 3558 2235 3611 Τίνα
2297 3557 2407 3626 γὰρ
2452 3557 2521 3621 ἐξ
2569 3556 2738 3627 ὑμῶν
2801 3558 2909 3610 τὸν
2959 3558 3186 3625 πατέρα
3236 3559 3369 3625 υἱὸς
3435 3560 3687 3625 civicae

2093 3647 2288 3716 ἰχθὺν,
2322 3649 2421 3703 καὶ
2453 3647 2587 3703 ἀντὶ
2638 3649 2845 3718 ἰχθύος
2878 3649 3016 3717 ὄφιν
3041 3649 3321 3703 ἐπιδώσει
3354 3652 3561 3715 αὺτῷ;
3595 3656 3681 3703 καὶ

2090 3741 2226 3795 ἀντὶ
2251 3741 2368 3795 ὼοῦ
2399 3743 2697 3810 σκορπίον
2719 3758 2738 3806 ;
2764 3743 2833 3795 Et
2864 3737 2980 3796 οὖν
3006 3742 3177 3811 ὑμεῖς
3205 3744 3463 3811 πονηροὶ
3493 3745 3681 3798 οἴδατε

2089 3835 2316 3904 δόματα
2346 3834 2561 3904 ἀγαθὰ,
2602 3836 2770 3899 πόσῳ
2801 3834 3045 3904 μᾶλλον
3077 3838 3109 3888 ὀ
3143 3836 3384 3904 Πατήρ;

2164 3928 2386 3996 Ἔλεγχ.
2423 3925 2521 3979 κδ’.
2564 3926 2915 3998 Ἐλήλεγκται
2946 3928 3004 3980 δὲ
3030 3928 3125 3981 τοῦ
3161 3928 3450 3999 ἀπατηλοῦ
3496 3932 3531 3999 ἡ
3575 3930 3681 3982 ἑθε-

2042 4011 2055 4022 ’
2088 4018 2418 4091 λοθρησκεία
2451 4019 2549 4089 τῆς
2582 4018 2857 4081 πολιτείας
2890 4018 2997 4073 ἀπὸ
3038 4020 3228 4073 τούτου
3260 4020 3354 4074 τοῦ
3390 4021 3581 4092 ῥητοῦ,
3614 4023 3677 4073 0-3

2089 4109 2196 4181 γὰρ
2229 4109 2377 4180 αὑτῷ
2401 4110 2467 4163 δι’
2495 4109 2874 4180 ὲγκράτειανή
2908 4110 3172 4174 πολιτεία,
3210 4112 3331 4164 οὑδὲ
3372 4113 3462 4165 διὰ
3500 4114 3677 4181 μηθὲν

2087 4201 2290 4271 ἀγαθὸν
2336 4202 2431 4255 καὶ
2477 4201 2665 4255 ἐλπίδα
2705 4202 2944 4270 ἀγῶνος·
2982 4203 3117 4257 ἀλλὰ
3166 4204 3256 4256 διὰ
3289 4204 3557 4257 ἀσέϐειαν
3592 4221 3677 4256 κι-

2089 4294 2383 4366 κοτροπίαν
2430 4295 2608 4365 κακῆς
2653 4295 2927 4357 ὑπονοίας.
2969 4294 3218 4347 Διδάσκει
3260 4295 3371 4365 γὰρ
3407 4293 3562 4360 οὗτος
3592 4300 3677 4364 sg-

393 4392 527 4446 tiam
569 4393 843 4447 adhibuit.
898 4393 1172 4450 Animatis
1218 4395 1365 4450 enim
1410 4396 1556 4451 vesci
1606 4397 1877 4467 prohibet,
1921 4414 1983 4452 ac

2154 4404 2274 4458 »χων
2311 4387 2385 4458 μὴ
2428 4385 2887 4457 μεταλαμϐάνειν,
2920 4387 3145 4456 φάσκων
3188 4389 3410 4458 ἐνόχους
3450 4385 3588 4441 εἶναι
3618 4391 3675 4457 τῇ

393 4497 521 4537 reos
549 4498 675 4539 esse
699 4483 916 4552 judicio
946 4492 1103 4554 putat
1140 4485 1267 4539 illos
1296 4486 1391 4555 qui
1438 4501 1635 4541 carnes
1667 4488 1977 4558 degusteut,

391 4582 651 4645 tanquam
691 4577 908 4631 animas
941 4577 1250 4633 comedant.
1284 4578 1439 4645 Quod
1466 4580 1685 4650 quidem
1714 4582 1765 4634 in
1790 4580 1981 4650 primis

391 4673 476 4721 est
504 4667 829 4722 absurdum.
860 4666 1048 4737 Neque
1084 4670 1230 4724 enim
1272 4685 1402 4724 caro
1430 4678 1533 4734 est,
1580 4671 1675 4725 sed
1707 4672 1761 4724 in
1795 4673 1980 4726 carni—

392 4756 497 4812 bus
540 4758 683 4812 inest
733 4758 940 4815 anima.
989 4756 1178 4828 Neque
1217 4774 1347 4813 vero
1391 4761 1677 4813 brutorum
1740 4760 1991 4813 animam.

393 4850 620 4919 perinde
661 4859 826 4920 atque
875 4851 1159 4905 hominum
1208 4852 1504 4922 pretiosam
1552 4867 1677 4907 esse
1718 4852 1978 4913 dicimus,

396 4942 491 4996 sed
530 4942 598 4995 ad
627 4943 793 4997 vitam
830 4934 1099 4998 duntaxat
1145 4944 1477 4999 animalibus
1526 4960 1869 5000 concessam.
1910 4948 1978 4997 At

396 5037 486 5091 ille
513 5037 863 5092 miserrimus
899 5052 1022 5092 cum
1050 5039 1420 5095 sectatoribus
1448 5040 1565 5093 suis
1593 5039 1839 5092 eamdem
1880 5038 1978 5091 ho-

395 5128 603 5181 minum
634 5143 780 5191 esse,
810 5145 933 5198 quae
960 5131 1011 5184 iu
1045 5132 1271 5201 reliquis
1303 5130 1678 5185 animantibus
1711 5130 1975 5196 cernitur,

392 5218 635 5273 animam
673 5220 977 5276 existimat.
1022 5220 1178 5287 Quod
1219 5226 1269 5278 ei
1314 5222 1511 5293 dogma
1541 5223 1820 5292 plerisque
1852 5237 1976 5275 cum

390 5308 518 5365 aliis
556 5319 644 5365 est
673 5311 990 5367 baaresibus
1020 5329 1329 5370 commune.
1382 5314 1517 5370 Nam
1548 5324 1601 5370 et
1630 5312 1976 5378 Valentinus,

389 5409 448 5460 et
478 5402 833 5471 Colorbasus,
877 5415 929 5461 et
953 5405 1198 5460 Gnostici
1228 5422 1441 5471 omnes,
1477 5424 1540 5463 ac
1569 5407 1847 5461 Manichaei
1872 5417 1978 5461 tra-

400 5496 680 5554 iectiones
705 5499 971 5569 quasdam
1013 5500 1340 5566 animarum,
1378 5509 1539 5568 atque
1570 5503 1622 5555 in
1662 5500 1813 5554 varia
1847 5514 1973 5554 cor-

463 5660 637 5720 ‘Luc.
671 5683 725 5725 x.
750 5666 842 5718 2t.
920 5668 937 5695 ³
970 5664 1099 5719 Luc.
1139 5661 1309 5729 1,27,
1341 5662 1435 5719 ‘28.

1511 5664 1529 5691 ‘
1557 5659 1690 5717 lue.
1729 5682 1804 5724 χι.
1838 5666 2012 5729 53ml.

2089 4481 2267 4552 κρίσει
2308 4480 2432 4543 τοὺς
2479 4478 2588 4533 τῶν
2617 4479 2796 4550 κρεῶν
2827 4480 3264 4551 μεταλήπτορας,
3294 4481 3375 4544 ὡς
3410 4481 3475 4535 ἂν
3506 4482 3675 4551 ψυχὰς

2088 4572 2383 4636 ἐσθίοντας.
2429 4572 2657 4626 Ἠλίθιον
2690 4572 2748 4625 δέ
2780 4573 2897 4625 ἐστι
2937 4572 2998 4624 τὸ
3027 4574 3153 4626 πᾶν.
3192 4573 3268 4625 Οὑ
3296 4575 3408 4645 γὰρ
3446 4575 3516 4627 τά
3549 4576 3673 4645 κρέα

2089 4669 2122 4739 ἡ
2155 4667 2323 4738 ψυχὴν
2354 4665 2467 4719 ἀλλ’
2502 4668 2558 4719 ἐν
2584 4668 2697 4729 τοῖς
2734 4666 2959 4736 κρέασιν
3001 4668 3033 4736 ἡ
3281 4668 3395 4720 Καὶ
3427 4666 3551 4720 οὔτε
3576 4667 3671 4735 ψυ-

2088 4761 2191 4831 χήν
2213 4776 2390 4829 φαμεν
2430 4754 2568 4811 εἶναι
2611 4759 2711 4829 τὴν
2755 4760 2813 4811 ἐν
2854 4760 2965 4821 τοῖς
2998 4758 3175 4822 ζώοις,
3204 4758 3279 4821 ὡς
3309 4760 3410 4829 τὴν
3436 4758 3547 4810 τῶν
3583 4760 3670 4809 ἁν-

2087 4852 2319 4924 θρὼπων
2367 4852 2575 4922 τιμίαν,
2623 4851 2759 4904 ἀλλὰ
2805 4850 2983 4920 ψυχὴν
3026 4852 3107 4912 εἰς
3147 4850 3205 4902 τὸ
3254 4848 3354 4919 ζῇν
3402 4851 3567 4919 μόνον
3616 4848 3668 4899 τὺ

2084 4946 2242 5010 ζῶον.
2284 4945 2511 5015 Νομίζει
2558 4944 2614 4997 δὲ
2659 4947 2688 4997 ὁ
2729 4944 2959 5006 ἐλεεινὸς
3007 4936 3158 5005 οὗτος
3200 4942 3317 5012 ἅμα
3367 4945 3479 5004 τοῖς
3537 4940 3667 4995 οὕτω

2086 5038 2393 5110 φρονοῦσιν,
2428 5040 2509 5091 ὅτι
2560 5040 2594 5107 ἡ
2630 5036 2768 5107 αὑτὴ
2802 5034 2948 5106 ψυχὴ
2994 5037 3051 5088 ὲν
3098 5037 3211 5097 τοῖς
3244 5034 3554 5105 ἀνθρώποις
3583 5036 3663 5085 καὶ

2086 5130 2246 5195 ζώοις
2276 5129 2531 5201 ὑπάρχει.
2557 5127 2727 5181 Τοῦτο
2748 5127 2857 5197 γὰρ
2887 5125 3039 5196 παρὰ
3071 5125 3293 5188 πολλαῖς
3319 5126 3426 5179 τῶν
3460 5125 3663 5177 1:57.13-

2085 5223 2334 5295 νημένων
2376 5222 2641 5293 αἱρέσεων
2694 5222 2871 5291 μάτην
2910 5218 3373 5290 ὑπολαμϐάνεται.
3414 5219 3527 5272 Καὶ
3565 5217 3663 5285 γὰρ

2084 5317 2179 5369 καὶ
2207 5314 2554 5378 Οὑαλεντῖνος
2588 5315 2682 5368 καὶ
2712 5312 3076 5385 Κολόρϐασος,
3111 5310 3403 5365 Γνωστικοῐ
3436 5327 3498 5363 τε
3532 5311 3662 5363 πᾶν·

2080 5426 2172 5472 τες
2201 5409 2295 5463 καὶ
2318 5409 2609 5480 Μανιχαίοι
2636 5409 2729 5462 καὶ
2755 5405 3162 5479 μεταγγισμοὺς
3185 5400 3325 5459 εἶναι
3352 5404 3539 5475 ψυχῶν
3566 5404 3660 5472 φά-

2082 5517 2291 5565 σκουσι,
2346 5501 2441 5555 καὶ
2496 5498 3016 5572 μετενσωματώσεις
3075 5499 3175 5569 τῆς
3215 5496 3395 5568 ψυχῆς
3444 5496 3559 5549 τῶν
3603 5496 3660 5547 ἐν

2095 5667 2111 5693 ³
2145 5667 2253 5715 Vel.
2284 5660 2612 5725 ὁδοιπορίαν.
