3768 6182
82 211 193 267 7H

768 208 1141 271 ADVERSUS
1178 211 1523 283 ΗιιΕῐίΕδΕδ
1556 218 1686 275 LIB.

1851 219 1979 277 'OM.
2022 217 2109 276 Ill.
2154 247 2223 258 —-
2260 212 2535 271 IIJERES.
2575 211 2734 269 XLII.

3272 216 3377 275 742

74 326 345 402 ἆγνωσίᾳ
375 328 809 406 ἀνθρωπωνλώς
846 333 997 388 αὐτοί
1028 352 1162 406 φασι
1190 336 1335 391 κατά
1370 353 1495 392 τινα
1524 336 1691 409 μυθο-

1851 348 1930 390 ira
1970 335 2239 392 transitus
2262 332 2714 398 esse’detiniunt;
2756 330 2903 403 quod
2945 331 3011 388 ad
3035 348 3129 389 eos
3154 336 3376 405 qu'detn

77 423 300 477 ποιίαν·
322 425 337 454 ¹
366 422 569 486 ταύτας
591 425 754 494 φασὶν
791 425 1162 498 ἐπιστρέφειν,
1197 428 1292 483 καὶ
1330 444 1684 499 μετενσωμα-

76 514 319 570 τοῦσθαι
352 518 431 581 είς
457 518 686 573 ἕκαστον
719 517 826 572 τῶν
856 517 1031 585 ζώων,
1068 520 1174 586 ἕως
1213 521 1278 576 ἂν
1325 521 1553 593 ἐπιγνῷ,
1588 521 1684 577 καὶ

77 606 240 661 οὕτω
290 610 625 682 καθαρθεῖσα
686 610 780 665 καὶ
826 610 1155 668 ἁναλυθεῖσα
1191 615 1435 685 μεταστῇ
1486 613 1567 677 είς
1616 611 1684 666 τὰ

80 699 417 775 ἐπουράνια.

151 970 282 1026 ’καὶ
346 969 562 1045 πρῶτον
623 970 722 1044 μὲν
776 969 1097 1043 ὲλήλεγκται
1155 967 1324 1024 αὐτοῦ
1375 969 1410 1042 ἡ
1458 968 1686 1042 μάταιος

74 1067 252 1119 *πᾶσα
284 1064 377 1119 τοῦ
415 1065 584 1136 μύθου
614 1064 950 1135 κατασκευή.
982 1064 1200 1116 Τούτων
1242 1063 1351 1137 γὰρ
1391 1062 1489 1135 τὴν
1522 1064 1683 1135 ἀκρί-

70 1159 256 1214 ὕειαν
292 1160 465 1222 οὐδεὶς
498 1157 655 1222 ἄλλος
681 1156 905 1211 δύναται
945 1156 1143 1210 εἰδέναι
1174 1156 1313 1228 ὑπὲρ
1342 1156 1434 1210 τὸν
1482 1157 1687 1229 Κύριον

78 1254 123 1323 ἡ
137 1252 259 1323 μῶν
296 1250 502 1323 Ἰησοῦν
534 1251 787 1322 Χριστὸν,
817 1251 909 1307 τὸν
952 1249 1173 1306 ἐλθόντα
1204 1250 1292 1305 διὰ
1323 1248 1384 1303 τὸ
1416 1250 1686 1322 πρόϐατον

84 1346 159 1398 τδ
207 1346 505 1411 ἀπολωλὸς,
556 1346 801 1400 τουτέστι
845 1345 933 1399 διὰ
970 1346 1069 1409 τὰς
1103 1344 1283 1416 ψυχὰς
1328 1343 1437 1400 τῶν
1474 1343 1676 1415 ἀνθρώ-

70 1455 249 1490 ίπων·
282 1438 340 1501 δς
375 1436 484 1491 τῶν
522 1437 699 1490 αὐτῶν
740 1436 1169 1508 ’ἐπιμελούμενος
1202 1436 1536 1507 ἐθεράπευσε
1580 1434 1686 1504 ψυ-

85 1530 273 1599 χικῶς
298 1529 390 1583 καὶ
421 1528 768 1599 σωματικῶς,
802 1529 1049 1600 σώματός
1087 1546 1147 1581 τε
1180 1528 1274 1581 καὶ
1297 1526 1471 1598 ψυχῆς
1498 1526 1690 1579 δεσπό-

88 1622 231 1685 ξων,
270 1620 365 1675 καὶ
389 1620 491 1691 τῆς
522 1620 757 1674 ἐνταῦθα
796 1621 941 1692 ζωῆς
961 1619 1294 1693 παρεκτικῖις
1327 1618 1432 1684 ῶν,
1467 1619 1560 1672 καὶ
1587 1618 1688 1688 τῆς

1789 427 2040 483 homines
2078 427 2300 492 attinet,
2341 426 2436 497 qui
2478 426 2532 479 in
2566 424 2908 496 ignoratione
2954 436 3266 483 versantur.
3299 428 3377 485 De

1787 521 1986 594 quibus
2018 519 2207 575 nescio
2255 532 2420 589 quam
2460 515 2703 571 fabulam
2747 517 3043 571 commenti
3089 528 3239 580 sunt,
3291 530 3385 573 re;

1786 614 1907 670 dire
1977 610 2234 667 Videlicet
2286 610 2563 673 animam,
2619 623 2685 664 ac
2734 624 2796 665 se
2836 608 2892 663 in
2942 611 3376 680 unumquodque

1786 704 2147 761 animantium
2181 703 2430 769 induere,
2458 702 2633 757 donec
2661 702 3028 774 cognitionem
3064 704 3256 774 adepta
3283 704 3375 768 sit,

1787 808 1953 869 atque
1996 797 2073 851 ita
2120 804 2382 868 purgata,
2435 795 2817 865 dissolutaque
2858 794 2927 849 .in
2963 795 3210 849 ccelestia
3258 795 3377 849 loca

1786 890 2132 960 commigret.

1860 980 1968 1037 Sed
1999 982 2050 1035 in
2072 980 2267 1052 primis
2299 995 2505 1034 vanum
2541 978 2673 1034 illud
2718 979 2991 1035 somnium
3028 980 3179 1035 nullo
3210 993 3379 1053 nego-

1782 1073 1867 1128 tio
1905 1071 2275 1127 convincitur.
2318 1068 2537 1127 Etenim
2579 1072 2713 1142 quid
2760 1072 2940 1142 reipsa
2961 1076 3189 1142 geratur
3234 1075 3378 1128 scire

1788 1180 1951 1220 nemo
1982 1164 2178 1220 melius
2212 1172 2415 1235 potest,
2450 1180 2614 1235 quam
2637 1162 2797 1222 Jesus
2822 1165 3078 1222 Christus
3115 1165 3380 1223 Dominus

1790 1265 1998 1321 noster,
2039 1256 2133 1327 qui
2183 1255 2576 1327 recuperandae
2620 1256 2747 1312 ovis
2785 1256 3016 1327 perdita:
3058 1257 3230 1329 gratia
3283 1257 3380 1313 de-

1789 1348 2028 1413 scendit,
2064 1348 2170 1403 hoc
2193 1357 2279 1404 est
2296 1358 2356 1403 ut
2384 1350 2598 1405 animas
2626 1348 2887 1403 liberaret
2909 1349 3214 1415 hominum,
3240 1365 3379 1420 quo-

1790 1457 1915 1497 rum
1956 1440 2177 1496 utilitati
2208 1456 2272 1496 ac
2302 1442 2611 1498 rationibus
2641 1440 2915 1505 serviens,
2944 1448 3054 1495 tam
3088 1441 3197 1497 illis
3236 1458 3379 1513 quas

1791 1532 1927 1597 dixi,
1960 1546 2127 1602 quam
2173 1532 2499 1607 corporibus
2541 1531 2676 1602 ipsis
2706 1530 3008 1586 remedium
3034 1532 3257 1598 attulit;
3291 1543 3379 1586 ut-

1792 1634 1918 1694 pote
1956 1624 2205 1695 corporis
2234 1624 2467 1695 pariter,
2504 1625 2810 1695 animaeque
2849 1625 3127 1691 dominus,
3163 1641 3234 1681 ac
3265 1634 3378 1680 tam

75 1711 403 1783 «μελλούσης
422 1728 437 1743 ο
468 1710 560 1764 τοῦ
593 1712 690 1782 μὲν
721 1710 1142 1784 τελευτήσαντος
1176 1712 1218 1775 ¹,
1253 1710 1396 1781 φημὶ
1421 1710 1476 1764 δὲ
1506 1710 1685 1773 Λάζα-

1851 1719 2080 1774 msentis
2109 1733 2273 1790 quam
2304 1719 2504 1773 futurae
2528 1719 2653 1773 vita:
2678 1718 2923 1787 largitor.
2956 1718 3057 1773 llic
3084 1721 3228 1774 enim
3253 1727 3380 1790 post

94 1821 221 1877 ρον,
258 1804 351 1857 καὶ
383 1803 474 1857 τὸν
512 1803 625 1857 υίὸν
650 1803 748 1875 τῆς
789 1804 987 1875 χήρας,
1014 1805 1109 1858 καὶ
1142 1802 1239 1875 τὴν
1279 1802 1554 1874 θυγατέρα
1595 1802 1688 1855 τοῦ

1851 1810 2042 1881 ιιέρυιυῘε
2074 1810 2306 1875 obitum,
2340 1809 2633 1874 Lazarum,
2674 1817 2728 1864 et
2761 1810 2939 1865 vidua:
2967 1810 3158 1876 lilium,
3189 1826 3253 1866 ac
3288 1827 3381 1882 sy-

90 1893 553 1968 ἀρχισυναγὼγου
583 1895 690 1947 ἀπὸ
726 1894 936 1967 νεκρῶν
960 1895 1198 1969 ἐγείρας,
1224 1894 1323 1947 οὐκ
1348 1895 1426 1957 είς
1457 1892 1690 1964 πονηρδν

1851 1917 2017 1973 igogre
2046 1901 2314 1973 principis
2337 1902 2505 1956 ﬁliam
2529 1902 2791 1956 excitavit
2824 1917 2855 1956 a
2886 1903 3144 1967 mortuis,
3176 1918 3285 1958 non
3321 1910 3381 1960 ut

90 1991 302 2052 αὐτοὺς
352 1989 534 2060 φέρων
558 2027 572 2050 ,
621 1988 696 2051 ὼς
740 1988 892 2041 αὐτοὶ
948 1988 1008 2041 τὸ
1052 1987 1213 2058 σῶμα
1254 1986 1498 2058 φυλακὴν
1551 1984 1689 2040 εἶναι

86 2080 541 2152 δογματίζουσιν,
582 2078 716 2132 ἀλλὰ
758 2078 964 2148 ’ἀγαθὴν
1004 2079 1206 2145 ποιῶν,
1252 2080 1345 2133 καὶ
1386 2078 1687 2146 γινώσκων,

91 2176 185 2227 ὅτι
209 2175 303 2228 καὶ
330 2174 363 2244 ἡ
393 2172 623 2226 ἐνταῦθα
648 2174 704 2225 ὲν
738 2172 901 2243 σαρκὶ
932 2173 1220 2244 παραμονὴ
1244 2174 1333 2225 ὑπ’
1361 2172 1525 2227 αὐτοῦ
1560 2172 1692 2244 ὥρια

96 2283 247 2330 σται,
303 2268 396 2319 καὶ
428 2267 461 2335 ἡ
498 2266 763 2337 μέλλουσα
802 2266 1003 2336 σαρκὸς
1034 2266 1126 2319 καὶ
1156 2265 1335 2336 ψυχῆς
1372 2265 1687 2342 ἀνάστασις,

84 2360 217 2413 καὶ
275 2361 323 2413 εί
364 2358 526 2413 πάλιν
558 2358 693 2430 ᾔδει,
734 2358 814 2411 ὅτι
859 2358 959 2429 μία
997 2357 1141 2429 ψυχή
1181 2361 1326 2410 ἐστιν
1360 2358 1392 2428 ἡ
1439 2359 1497 2411 ὲν
1531 2356 1691 2424 ζώοις

95 2452 198 2507 καὶ
249 2453 309 2505 ὲν
353 2449 681 2522 ἀνθρώποις,
722 2450 901 2521 ψυχῆς
942 2450 997 2502 δὲ
1043 2447 1172 2521 ἦλθε
1214 2450 1541 2521 ποιήσασθαι
1592 2451 1691 2521 τὴν

86 2543 414 2615 ·σωτηρίαν,
460 2544 559 2596 οὐκ
602 2543 706 2596 ἔδει
750 2544 917 2596 αὐτὸν
952 2544 1055 2597 ’ἕνα
1086 2542 1458 2615 καθαρίσαντα
1497 2544 1688 2614 δαιμο-

97 2638 331 2700 νιῶντα,
357 2636 501 2705 λέγω
525 2635 589 2707 δὴ
616 2636 706 2688 τὸν
735 2634 841 2688 ἀπὸ
869 2634 976 2687 τῶν
1008 2634 1285 2705 μνημείων
1316 2633 1690 2705 ὲξερχόμενον,

99 2729 365 2783 κελεῦσαι
413 2732 525 2793 τοῖς
584 2728 832 2799 δαίμοσιν
878 2726 1169 2789 ἀπελθεῖν,
1215 2727 1318 2779 ’καὶ
1376 2728 1692 2779 ἀποκτεῖναι

98 2823 395 2894 δισχιλίους
421 2822 657 2893 χοίρους,
688 2822 737 2874 εἰ
760 2820 872 2874 ἴσαι
895 2815 1035 2891 ἦσαν
1067 2821 1121 2872 at
1151 2818 1319 2889 ψυχαὶ
1346 2817 1454 2870 τῶν
1483 2815 1694 2888 ἀνθρὼ-

97 2932 228 2969 πων
269 2915 364 2968 καὶ
408 2913 515 2966 τῶν
558 2912 773 2984 χοίρων.
820 2910 943 2974 Πῶς
976 2910 1085 2982 γὰρ
1134 2912 1261 2981 μιᾶς
1304 2908 1693 2980 ἐπιμελόμενος

96 3008 385 3079 δισχιλίων
408 3006 579 3059 ἐποίει
618 3005 866 3076 ὅλεθρον;
896 3006 958 3058 Et
1001 3004 1055 3056 δὲ
1095 3004 1255 3057 πάλιν
1295 3004 1369 3066 ὡς
1408 3002 1529 3071 ὄφις
1569 3018 1695 3054 σκο-

100 3100 278 3155 λιεύει
322 3097 731 3170 μηχανώμενος,
772 3098 867 3151 καὶ
912 3097 1117 3166 λέγων,
1164 3097 1245 3149 ὅτι
1291 3095 1480 3149 ἔλυσεν
1522 3094 1693 3157 αὐτὰς

103 3192 219 3247 ἀπὸ
246 3192 354 3244 τῶν
379 3191 666 3261 σωμάτων,
697 3190 783 3243 ἵνα
806 3188 1102 3242 ἁνέλθωσιν
1122 3204 1136 3217 ⁸
1167 3188 1275 3241 ἔδει
1316 3188 1405 3240 τὸν
1450 3185 1698 3258 Λάζαρον

104 3283 345 3337 λυθέντα
386 3282 480 3336 τοῦ
532 3282 782 3351 σώματος
834 3282 908 3353 μὴ
958 3281 1283 3352 ἐπιστρέψαι
1327 3279 1487 3333 πάλιν
1534 3281 1612 3341 εἰς
1638 3278 1699 3330 τὸ

106 3376 310 3447 σῶμα’
348 3374 547 3447 μᾶλλον
586 3373 644 3428 δὲ
675 3375 770 3428 καὶ
812 3372 976 3428 αὑτὸν
1015 3373 1105 3425 τὸν
1142 3372 1500 3443 δαιμονιῶντα
1540 3369 1699 3423 λῦσαι

99 3470 237 3532 τοὺς
257 3468 492 3550 δεσμοὺς
518 3466 612 3520 τοῦ
638 3465 888 3535 σώματος
905 3480 919 3497 ο
948 3465 1061 3518 ἀλλ’
1093 3464 1194 3517 οὐκ
1222 3464 1472 3533 ἐποίησεν
1496 3461 1667 3523 οὕτως
1683 3475 1696 3488 ·

102 3561 371 3632 προενόει
414 3559 469 3613 δὲ
524 3557 724 3630 μᾶλλον
776 3556 916 3610 οὕτω
967 3555 1058 3609 τοῦ
1116 3553 1365 3627 σώματος
1431 3553 1585 3618 εἰδὼς
1639 3553 1699 3607 τὸ

98 3652 411 3725 συμφέρον.

179 3928 440 3982 Διέπεσεν
482 3930 509 3981 ὁ
550 3928 679 3999 περὶ
728 3926 905 3998 ψυχῆς
950 3943 1043 3980 σου
1094 3926 1270 3995 λόγος,
1316 3919 1361 3979 ὦ
1406 3925 1694 3998 Μαρκίων,

101 4023 205 4076 καὶ
236 4020 346 4074 τῶν
382 4020 490 4074 ἀπὸ
521 4020 614 4073 σοῦ
660 4020 755 4073 καὶ
799 4019 908 4072 τῶν
947 4019 1120 4073 ἄλλων
1156 4019 1418 4091 αἱρέσεων
1444 4021 1698 4091 ὁρμωμέ-

99 4133 235 4169 νων.
271 4114 383 4166 Καὶ
410 4114 539 4184 περὶ
574 4113 671 4184 τῆς
706 4112 1079 4184 προσποιητῆς
1116 4129 1208 4164 σου
1240 4111 1511 4175 πολιτείας
1541 4107 1696 4174 αὖθις

100 4208 243 4281 ὲρῶ,
276 4208 363 4261 διὰ
390 4207 449 4261 τὸ
479 4206 656 4275 λέγειν
686 4223 743 4259 σε
774 4206 1009 4276 πονηρὸν
1042 4200 1181 4258 εἶναι
1218 4206 1312 4258 καὶ
1341 4203 1598 4274 ἀθέμιτον
1635 4204 1696 4255 τὸ

102 4299 332 4373 σαρκῶν
375 4298 825 4370 μεταλαμῶνειν.
879 4296 1123 4365 Ἐλέγχει
1182 4296 1237 4349 δέ
1301 4313 1359 4348 σε
1414 4299 1442 4350 ό
1503 4297 1695 4367 Σωτὴρ

1793 1995 1849 2049 in
1904 1994 2108 2048 malum
2146 1993 2408 2064 quiddam
2459 1992 2584 2048 i-ll‘os
2634 1993 2822 2048 subire
2859 1994 3249 2064 compelleret:
3282 2010 3381 2049 cu-

1788 2085 2030 2156 jusmodi
2078 2084 2413 2155 ergastulum
2464 2082 2555 2137 isti
2615 2083 2813 2136 annuae
2860 2097 3064 2152 corpus
3115 2098 3239 2139 esse
3267 2092 3382 2138 sta-

1786 2182 1973 2239 tuunt,
2019 2175 2115 2231 sed
2163 2176 2365 2230 bonum
2410 2174 2597 2243 utique
2626 2161 2787 2246 33]:
2814 2175 3058 2239 molitus,
3102 2189 3166 2229 ac
3210 2176 3381 2245 probe
3452 2240 3457 2245 ,

1794 2266 1943 2323 istud
1974 2267 2305 2339 intelligens,
2345 2266 2629 2320 tam‘i'llam
2660 2267 2715 2320 in
2736 2282 2969 2337 corpore
2992 2266 3381 2322 commoratio-

1793 2375 1919 2415 nem
1951 2358 1981 2414 a'
2011 2374 2092 2422 se,
2132 2373 2298 2429 quam
2331 2357 2572 2412 futuram
2597 2358 2783 2413 carnis
2804 2365 2858 2412 et
2900 2358 3096 2412 animae
3130 2374 3382 2416 resurre-

1792 2454 2030 2507 ctionem
2059 2467 2185 2508 esse
2224 2449 2528 2506 deﬁnitam.
2565 2452 2641 2504 Ac
2676 2450 2722 2505 si
2758 2450 3095 2520 reliquorum
3129 2454 3382 2507 animan-

1795 2545 1931 2600 tium
1979 2544 2227 2599 eamdem
2279 2552 2442 2612 atque
2490 2543 2774 2596 hominum
2831 2558 2953 2597 esse
2986 2550 3210 2612 putaret
3263 2547 3382 2598 ani-

1794 2654 1962 2709 mam,
1990 2653 2114 2691 cum
2143 2638 2341 2691 animae
2367 2635 2649 2692 servandae
2678 2651 2847 2692 causa
2877 2638 3136 2704 venisset,
3171 2653 3382 2707 nequa-

1748 2770 1755 2771 κ
1795 2747 1958 2803 quam
2008 2731 2297 2800 oportebat
2339 2730 2625 2800 arreptitio
2673 2746 2784 2785 uno
2820 2739 3152 2800 persanato,
3202 2730 3295 2801 qui
3350 2745 3382 2785 e
3455 2772 3464 2780 .

1796 2826 2165 2879 monumentis
2194 2824 2398 2888 exibat,
2429 2824 2580 2879 abire
2616 2826 2893 2880 daemones
2918 2824 3135 2895 jubere,
3164 2838 3227 2877 ac
3254 2839 3372 2893 por-

1796 2931 1986 2970 corum
2020 2916 2191 2969 millia
2219 2915 2327 2970 duo
2353 2916 2646 2986 perimere,
2684 2919 2731 2972 si
2761 2917 2814 2971 in
2851 2918 3034 2987 porcis
3063 2925 3118 2972 et
3146 2916 3382 2971 homini.

1798 3008 1900 3061 bus
1939 3007 2138 3061 eaedem
2173 3007 2369 3060 animae
2412 3007 2713 3062 residcant.
2756 3008 2868 3063 Cur
2908 3008 3055 3064 enim
3096 3009 3260 3063 unius
3292 3024 3381 3062 cu-

1801 3114 1916 3152 ram
1948 3114 2072 3152 cum
2103 3099 2339 3153 duorum
2381 3098 2612 3153 millium
2642 3101 3018 3156 commutabat
3056 3101 3266 3155 exitio?
3298 3103 3382 3156 Ad

1800 3193 1916 3247 haec
1946 3193 1992 3247 si
2025 3194 2296 3263 serpentis
2329 3196 2507 3249 instar
2525 3193 2771 3263 obliquis
2810 3191 3043 3249 ﬂexibus
3078 3193 3274 3248 callide
3308 3195 3371 3248 ir-

1801 3294 1974 3357 repat,
2011 3301 2075 3341 ac
2101 3286 2271 3353 dicat,
2309 3288 2431 3342 ideo
2456 3303 2486 3341 a
2518 3288 2767 3358 corporis
2803 3288 2925 3343 illas
2962 3288 3196 3343 vinculis
3223 3304 3369 3343 exso

1802 3376 1970 3443 lutas,
2014 3394 2235 3434 sursum
2261 3387 2321 3434 ut
2357 3380 2574 3435 evolare
2602 3387 2860 3451 possent;
2902 3381 3067 3435 etiam
3112 3378 3383 3437 Lazarum

1801 3485 1900 3541 par
1920 3482 2039 3529 erat
2067 3486 2297 3542 corpore
2320 3473 2582 3538 solutum,
2611 3471 2679 3526 ad
2704 3487 2906 3543 corpus
2937 3473 3135 3526 iterum
3160 3471 3383 3526 minime

1800 3561 2024 3625 reverti,
2063 3562 2309 3632 adeoque
2349 3563 2501 3617 illum
2531 3564 2708 3633 ipsum
2747 3580 2909 3634 quem
2960 3563 3201 3617 diximus
3231 3578 3385 3617 arre‘

1800 3655 2019 3724 ptitium
2067 3656 2319 3724 corporis
2369 3656 2608 3711 vinculis
2648 3657 2891 3711 eximere
2920 3673 2934 3709 :
2962 3656 3108 3726 quod
3162 3655 3383 3725 quidem

1766 3764 1767 3767 η
1804 3745 1983 3801 facere
2011 3747 2208 3811 noluit,
2252 3747 2349 3803 sed
2390 3748 2605 3816 corpori
2639 3749 2819 3817 potius
2862 3749 2969 3803 hoc
3004 3749 3168 3803 modo
3203 3748 3393 3817 provi-.

1801 3839 1900 3899 dit,
1935 3836 2079 3891 haud
2119 3837 2343 3907 ignarus
2376 3839 2504 3907 quid
2542 3840 2891 3907 potissimum
2915 3844 3217 3911 expediret.

1871 3929 2239 3996 Quamobrem
2264 3930 2376 3983 ruit
2395 3932 2485 3983 illa
2507 3939 2619 3995 tua,
2645 3930 2870 3995 Marem,
2887 3946 3236 4006 tuorumque,
3255 3953 3382 3994 nee-

1802 4040 1911 4079 non
1950 4034 2005 4079 et
2039 4016 2361 4080 caeterorum
2409 4024 2477 4079 de
2527 4024 2713 4078 anima
2760 4027 3145 4082 haereticorum
3178 4032 3384 4101 opinio.

1802 4118 1875 4173 De
1902 4119 2159 4174 simulata
2192 4134 2323 4173 vero
2348 4117 2439 4171 illa
2461 4125 2556 4172 tua
2578 4119 2704 4172 vitae
2737 4119 3048 4190 integritate
3075 4138 3221 4178 nunc
3250 4140 3384 4193 pau-

1800 4215 1881 4268 cis
1920 4212 2192 4284 agendum
2228 4220 2348 4279 est;
2386 4212 2564 4283 deque
2586 4226 2652 4266 eo
2681 4214 2827 4282 quod
2869 4215 3194 4270 sceleratum
3225 4227 3384 4287 atque

1799 4303 2190 4359 exsecrabilem
2244 4319 2404 4358 usum
2456 4303 2705 4358 carnium
2755 4320 2879 4361 esse
2925 4309 3236 4365 contendis.
3280 4309 3384 4367 Sed

101 4394 274 4447 πλέον
329 4409 422 4445 σου
473 4392 854 4461 ἐπιστάμενος,
906 4391 1001 4443 καὶ
1053 4388 1315 4442 διδάσκων
1366 4388 1429 4440 τὸ
1479 4388 1691 4443 κάλλιον

1851 4396 2059 4450 imirum
2122 4405 2176 4451 te
2222 4395 2472 4453 Salvator
2518 4396 2637 4466 ipse
2691 4398 3053 4464 condemnat,
3114 4403 3207 4471 qui
3262 4417 3385 4457 cum

98 4486 217 4540 ἀπὸ
261 4484 355 4537 τοῦ
394 4482 634 4537 τοιούτου
679 4481 864 4554 ῥητοῦ.
912 4482 1076 4551 Λέγει
1121 4481 1257 4553 γάρ·
1309 4483 1448 4534 Τίνα
1489 4484 1520 4535 ό
1563 4480 1695 4546 υἱὸς

100 4576 332 4645 αἰτήσῃ
364 4577 576 4645 ὶχθύν;
600 4574 687 4644 μὴ
734 4574 872 4645 ὄφιν
919 4574 1195 4628 ἐπιδώσει
1246 4573 1440 4639 aurci);
1482 4573 1521 4642 ἢ
1560 4573 1695 4627 ἀντὶ

96 4670 225 4723 ὼοῦ
257 4670 596 4737 σκορπίοις
622 4670 731 4723 Καὶ
760 4667 984 4741 ὕστερόν
1018 4684 1181 4738 φησιν
1206 4682 1219 4697 ο
1255 4669 1323 4720 Et
1361 4662 1474 4720 οὖν
1502 4665 1691 4735 ὑμεῖς,

96 4762 362 4829 πονηροί
391 4760 583 4827 ὄντες,
613 4760 811 4814 οἴδατε
846 4760 1070 4830 δόματα
1095 4758 1285 4829 ἀγαθὰ
1313 4757 1544 4811 διδόναι
1571 4757 1695 4823 τοῖς

96 4855 343 4921 τέκνοις
390 4854 583 4923 ὑμῶν,
637 4856 808 4918 πόσῳ
847 4853 1092 4923 μᾶλλον
1140 4855 1173 4907 ό
1223 4851 1428 4921 Πατὴρ
1466 4850 1632 4921 ὑμῶν
1662 4853 1695 4905 ὀ

96 4946 467 5015 ἐποιφιίνιος
489 4962 508 5010 ;
536 4947 597 4998 El
621 4946 802 5001 τοίνυν
826 4946 1034 5017 δόματα
1055 4945 1233 5014 ἀγαθὰ
1256 4943 1520 5016 κέκληκεν
1541 4942 1693 5015 ἰχθὺν

97 5041 201 5095 καὶ
241 5040 369 5104 ὠὸν,
410 5040 471 5093 οὐ
509 5040 744 5111 πονηρὸν
792 5039 851 5092 τὸ
894 5039 1008 5109 μετ’
1045 5038 1391 5110 εὐχαριστίας
1450 5039 1515 5091 ἐκ
1556 5034 1694 5090 Θεοῦ

97 5129 366 5203 χαρισθὲν
419 5128 988 5201 μεταλαμϐανόμενον,
1023 5128 1116 5181 καὶ
1160 5128 1483 5199 ὲλήλεγκταί
1526 5145 1619 5181 σου
1658 5129 1692 5199 ἡ

98 5223 447 5296 κακοτροπία
473 5224 826 5296 πανταχόθεν.

173 5405 335 5477 Σχόλ.
376 5412 473 5458 κε’.
514 5406 938 5475 Παρακέκοπται
972 5407 1034 5459 τὸ
1081 5406 1211 5478 περὶ
1253 5406 1406 5460 Ἰωνᾶ
1442 5405 1536 5460 τοῦ
1562 5423 1695 5479 προ-

98 5504 303 5574 φήτου.
352 5493 484 5567 Είκε
528 5498 669 5569 γάρ’
708 5500 776 5552 Ἡ
826 5498 1003 5569 γενεὰ
1052 5498 1205 5565 αὕτη
1249 5496 1504 5567 σημεῖον
1537 5498 1580 5562 ³,
1621 5499 1693 5552 οὺ

1803 4488 2031 4543 scientia
2066 4488 2224 4559 longe
2256 4489 2551 4553 antecellit,
2588 4498 2701 4545 tum
2727 4490 2857 4560 quid
2892 4492 3089 4548 melius
3115 4503 3262 4549 esset
3286 4494 3385 4548 hac

1804 4580 2072 4635 sententia
2103 4581 2421 4648 complexus
2458 4587 2543 4635 est
2576 4599 2587 4634 :
2619 4578 2878 4645 Quisnam
2903 4590 3003 4644 est,
3051 4599 3084 4635 a
3110 4598 3210 4652 quo
3243 4584 3385 4651 ﬁlius

1801 4681 1941 4742 petat
1965 4673 2196 4743 piscem;
2236 4689 2360 4726 num
2393 4683 2683 4743 serpentem
2718 4672 2868 4727 dabit
2916 4674 2998 4727 illi
3030 4684 3123 4728 aut
3163 4691 3257 4744 pro
3296 4693 3385 4731 ovo

1803 4766 2171 4834 scorpionem?
2202 4763 2412 4831 Quibus
2438 4766 2543 4820 ista
2574 4764 2808 4834 subjecit
2841 4779 2858 4819 :
2887 4764 2945 4820 Si
2980 4783 3099 4837 ergo
3146 4784 3233 4822 vos
3269 4786 3390 4822 cum

1802 4861 1920 4915 silis
1958 4860 2088 4912 mali
2109 4859 2273 4912 nostis
2306 4858 2443 4912 bona
2471 4857 2600 4912 data
2630 4857 2761 4911 dare
2788 4858 2917 4927 ﬁliis
2950 4860 3156 4925 vestris,
3192 4872 3387 4931 quanta

1802 4954 1972 5024 magis
2008 4952 2171 5007 Pater
2206 4961 2373 5006 vester
2422 4952 2687 5007 caelestis?
2714 4951 2881 5022 Igitur
2920 4966 3045 5006 cum
3086 4951 3215 5007 data
3248 4954 3387 5008 bona

1802 5045 2010 5116 piscem
2035 5059 2309 5114 ovumque
2334 5043 2602 5109 nominet,
2631 5044 2832 5098 malum
2855 5059 2961 5099 non
2986 5050 3071 5099 est
3099 5044 3254 5109 illud,
3279 5062 3387 5116 quo

1802 5137 2023 5194 coalitus
2067 5150 2333 5192 concesso
2371 5150 2494 5191 cum
2543 5135 2844 5206 gratiarum
2892 5138 3107 5192 actione
3150 5137 3389 5205 perfrui-

1802 5245 1962 5294 mur;
1993 5228 2239 5300 adeoque
2269 5236 2362 5283 tua
2383 5244 2451 5285 ex
2480 5228 2630 5283 omni
2655 5237 2810 5300 parte
2836 5227 2991 5286 fraus
3022 5230 3389 5301 impietasque

1801 5314 2089 5385 detegitur.

1873 5406 2058 5463 Schol.
2103 5408 2197 5465 25.
2239 5408 2552 5465 Detractum
2597 5410 2730 5467 illud
2783 5420 2922 5480 erat,
2958 5410 3104 5482 quod
3149 5410 3217 5465 ad
3259 5425 3386 5481 pro-

1801 5500 2021 5570 phetam
2064 5499 2257 5557 Jonam
2289 5504 2544 5574 pertinet.
2585 5503 2677 5561 Sic
2720 5506 2866 5561 enim
2920 5506 3191 5561 habebat:
3220 5500 3384 5559 Gene-

172 5688 191 5722 ¹
216 5685 347 5743 For.
386 5686 498 5742 καί.
576 5689 596 5719 ¹
624 5685 745 5741 For.
791 5684 909 5749 τοὺς
962 5685 1058 5754 ελέν
1091 5684 1541 5756 τελευτήσαντας.
1622 5682 1691 5736 ³ἐ

1851 5683 1999 5750 κίτεῖ,
2031 5683 2126 5736 καὶ
2163 5684 2407 5755 σημεῖον.
