3768 6182
85 257 194 314 ’135
722 255 812 310 AD
821 254 1090 314 VERSUS
1127 253 1466 310 lleRESlSS
1497 250 1573 307 Lll

1839 245 1902 301 Μ.
1944 245 2121 299 ιιι.-
2149 242 2423 299 ΙΙιΕῐὶΕδ.
2464 241 2621 297 XLll.
3227 239 3327 295 τιε

94 378 318 433 Ἰούὃα’
358 377 452 430 καὶ
485 377 603 447 μετ’
636 375 822 445 ὀλίγα·
861 377 1010 440 Ἕως
1050 375 1198 444 ἔλθη
1238 367 1286 440 ᾧ
1325 373 1400 428 τὰ
1431 373 1582 427 drmit

1845 362 2074 418 rendisti.
2107 361 2447 431 Requiescens
2470 359 2784 414 acrubuisti.
2813 355 2932 413 Non
2955 359 3158 428 deﬁciet
3181 363 3333 429 prin-

74 485 267 538 μενα·
317 467 412 520 καὶ
457 466 640 532 αὐτὸς
670 466 999 535 προσδοκία
1034 465 1242 519 ἐθνῶν.
1282 464 1392 517 Καὶ
1437 463 1562 515 ἐπ’‹

1844 473 1881 510 ιε
1925 470 1988 509 επ
2015 453 2163 506 Iuda
2198 454 2212 484 ¹
2245 460 2386 506 :etc.
2422 451 2497 504 Ac
2549 450 2710 519 paulo
2753 456 2872 519 post
2904 467 2917 503 :
2948 449 3119 504 Donec
3159 453 3332 506 ueniat

80 559 197 611 τὸν
223 558 364 625 ἔθνη
410 557 747 611 ἐλπιοῦσιν.
790 557 1016 620 Ἡσαΐας
1058 556 1146 610 δέ·
1185 554 1329 610 Ἰδοὺ
1367 555 1406 622 ἠ
1445 567 1564 621 παρ

1845 547 1848 591 ἱ
1876 544 2104 612 reposita
2143 552 2294 604 sunt;
2330 551 2378 594 et
2404 540 2510 607 ipse
2550 540 2871 606 exspectatio
2900 541 3132 608 gentium
3159 555 3176 592 :
3201 554 3249 595 et
3281 544 3333 596 in

81 665 198 714 νος
233 650 302 703 ἐν
335 647 546 718 γαστρὶ
595 647 736 712 ἔξει.
782 646 1049 718 Ἱερεμίας
1085 646 1172 700 δέ’
1205 646 1317 699 Καὶ
1356 643 1569 710 ἅνθρωο

1848 650 1935 686 um
1975 641 2147 704 gentes
2192 629 2555 700 sperabunt".
2588 629 2748 699 333
2773 627 2941 683 Isaias
2977 644 3144 685 vero:
3182 629 3335 694 Ecce,

79 741 240 807 ἐστι,
271 717 367 795 και
405 741 497 805 τίς
526 741 814 809 γνώσεται
839 717 1068 801 am,-
1097 736 1374 807 Μιχαίας’
1407 734 1515 789 Καὶ
1561 757 1567 785 ι

1851 726 1963 793 luit,
2015 724 2158 793 virgo
2194 721 2510 789 concipiet’;
2545 717 2807 776 Jeremias
2859 721 2984 774 item
3018 738 3044 809 Ξ
3082 720 3149 774 Et
3187 722 3339 776 homo

81 831 390 901 Βηθλεέμο
427 831 524 886 καὶ
568 829 686 902 μεθ’
720 831 901 902 ἕτερα⁸
939 833 1040 883 Ἐκ
1079 829 1196 883 σοῦ
1222 844 1324 897 μοι
1353 826 1569 891 esseea.

1852 855 1863 880 ,
1907 825 1955 868 et
1990 815 2107 885 quis
2143 822 2416 884 cognoscet
2445 812 2644 865 illum?
2672 811 2926 866 Μίειιεεεε
2959 828 2972 865 :
3004 811 3073 864 Et
3101 821 3161 865 tu
3183 813 3340 866 Beth-

82 941 188 977 ται
215 900 579 993 ἡγούμενος,
598 923 692 975 καὶ
723 921 792 976 τὰ
815 900 964 992 ἐξῆς.
1004 920 1061 973 '0
1093 920 1148 974 δὲ
1182 918 1468 988 Μαλαχίας
1489 932 1507 947 ο
1546 917 1570 968 ’l

1855 921 1954 973 em,
2006 915 2142 972 etc.;
2185 911 2240 959 et
2271 904 2436 974 paulo
2484 911 2608 973 post
2636 920 2650 956 :
2685 900 2768 955 Ea:
2794 910 2842 954 te
2871 901 2997 954 mihi
3047 903 3343 972 egredietur

84 990 312 1085 (κίρνης
349 990 436 1081 εἰς
480 1015 586 1069 τὸν
628 1014 778 1068 ναὸν
815 990 947 1081 ἣξει
980 1012 1229 1080 Κύριος·
1289 1012 1317 1064 ὁ
1359 1009 1415 1062 δὲ
1465 1007 1572 1060 Δασ

1854 1011 1877 1048 ε
1897 996 1936 1059 ³,
1971 1004 2078 1050 ειε.
2105 994 2176 1048 At
2206 992 2502 1048 Malachias
2531 1011 2544 1046 :
2579 990 2774 1048 Statim
2809 992 2863 1044 in
2899 992 3148 1061 templum
3176 995 3342 1048 veniet

84 1084 332 1160 Εἶπεν-ό
364 1105 580 1172 Κύριος
618 1102 696 1168 τῷ
731 1103 920 1169 Κυρίῳ
955 1118 1096 1170 μου,
1130 1097 1225 1152 καὶ
1266 1097 1334 1151 τὰ
1378 1096 1524 1167 ἑξῆς.
1560 1097 1572 1148 1

1856 1089 2026 1142 minus
2049 1087 2091 1139 ⁸.
2139 1085 2274 1140 Nam
2321 1085 2468 1156 quod
2516 1085 2583 1139 ad
2629 1084 2888 1140 Davidem
2943 1094 3177 1154 spectat,
3231 1088 3344 1139 hate

86 1198 268 1252 πολλὰ
293 1197 408 1250 ἐστι
435 1197 636 1264 λέγειν,
663 1195 764 1248 καὶ
781 1194 943 1248 αὐτοῦ
981 1193 1227 1261 λέγοντος
1262 1190 1358 1244 τοῦ
1380 1190 1574 1260 Σωτῆρ

1859 1194 1915 1233 us
1991 1187 2074 1233 est
2143 1177 2422 1248 praedictio
2490 1195 2503 1231 :
2555 1175 2707 1230 Dixit
2794 1174 3055 1230 Dominus
3120 1175 3347 1232 Domino

80 1292 160 1344 El
195 1289 420 1357 Μωῦσῇ
464 1289 828 1349 ἐπιστεύετε,
877 1285 1218 1340 ἐπιστεύετε
1254 1283 1331 1338 ἂν
1375 1281 1472 1338 καί
1516 1282 1568 1352 ἐι

1856 1272 1946 1336 o',
1996 1277 2103 1325 etc.
2139 1268 2370 1324 Possum
2408 1276 2464 1324 et
2507 1268 2796 1325 innumera
2845 1269 2952 1328 alia
2998 1284 3344 1340 percensere,

99 1380 371 1447 Ἐκεῖνος
401 1381 510 1449 γὰρ
542 1378 675 1448 περὶ
714 1376 861 1447 ἐμοῦ
897 1376 1140 1446 ἔγραψε.

1863 1379 1893 1418 n
1926 1361 2228 1435 praesertim
2257 1377 2287 1415 a
2315 1361 2546 1417 Domino
2573 1360 2645 1417 sit
2671 1362 2878 1416 dictum
2909 1380 2921 1415 :
2957 1359 3018 1414 Si
3039 1360 3215 1432 Moysi
3238 1379 3351 1418 cre-

1769 1455 1984 1520 deretis,
2017 1454 2294 1509 crederetis
2329 1453 2560 1524 forsitan
2586 1463 2639 1508 et
2673 1453 2820 1508 mihi.
2857 1452 2936 1507 De
2973 1469 3054 1507 me
3090 1455 3230 1508 enim
3262 1454 3353 1510 ille

1771 1547 1985 1614 scripsit
2008 1546 2050 1602 ‘.

171 1639 329 1711 Σχόλ.
358 1637 463 1710 κη’.
497 1639 611 1692 Οὐκ
634 1635 765 1709 εῖχε-
795 1637 898 1692 Διὰ
912 1638 1088 1693 τοῦτο
1108 1632 1276 1691 εἷπεν
1300 1635 1337 1704 ἠ
1360 1636 1546 1705 σοφία
1567 1635 1659 1690 τοί

1867 1638 2030 1692 icbol.
2085 1637 2176 1692 28.
2242 1637 2483 1694 Deerat:
2515 1637 2800 1707 Propterea
2843 1647 2895 1694 et
2948 1639 3214 1710 sapientia
3255 1637 3355 1692 Dei

88 1731 277 1786 Θεοῦο
317 1731 696 1785 Ἀποστέλλω
718 1732 805 1797 εἰς
826 1729 1048 1796 αὐτοὺς
1067 1728 1399 1798 προφήταςη
1423 1728 1518 1781 καὶ⁵
1548 1746 1576 1780 1-.

1869 1729 1952 1781 il:
1980 1726 2195 1782 Mittam
2245 1729 2316 1782 ad
2356 1729 2476 1783 illos
2516 1730 2869 1799 prophetas';
2894 1737 2948 1786 et
2973 1731 3042 1786 de
3092 1731 3357 1802 sanguine

88 1825 336 1894 αἵματος
362 1825 630 1896 Ζαχαρίου
655 1825 748 1878 καὶ
775 1823 939 1876 Ἅϐελ
962 1823 1057 1877 καὶ.
1076 1821 1185 1876 τῶν
1212 1820 1505 1894 προφητῶν
1523 1861 1538 1887 ,

1872 1819 2081 1883 charize,
2123 1827 2178 1874 et
2229 1819 2385 1884 Abel,
2421 1829 2479 1875 et
2529 1805 2918 1891 prophetarum
2941 1861 2955 1887 ,
2989 1823 3247 1893 quoniam
3282 1837 3360 1877 re-

88 1917 562 1985 ἐκζητηθήσεται
599 1915 717 1971 ἀπὸ
746 1914 856 1984 τῆς
881 1914 1092 1985 γενεᾶς
1121 1914 1362 1980 ταύτης.

1137 1914 1362 1980 ταύτης.
1782 1912 2018 1984 quiretur
2047 1927 2078 1965 a
2098 1913 2431 1982 generatione
2457 1910 2556 1965 hac
2583 1912 2625 1966 ⁸.

177 2010 401 2078 Ἔλεγχ.
430 2015 536 2079 κη’.
566 2009 677 2061 Καὶ
715 2009 772 2062 ἐν
813 2007 987 2078 τούτῳ
1031 2024 1112 2060 σοι
1147 2004 1316 2076 πολλὴ
1346 2004 1595 2075 αἰσχύνη,
1634 1999 1665 2058 ἆ

1871 2001 2034 2058 ὶυίυι.
2067 2002 2156 2058 28.
2193 2003 2484 2058 Enimvero
2523 2017 2795 2058 summam
2853 2002 2942 2057 hic
2975 2004 3096 2070 tibi,
3131 2003 3359 2072 Marcio,

92 2099 398 2171 Μαρκίων,
428 2099 524 2152 τοῦ
554 2098 902 2170 χαρακτῆρος
928 2099 1023 2169 τῆς
1058 2097 1317 2168 ἀληθείας
1351 2089 1580 2168 σωζομέι

1875 2112 1941 2152 us
1990 2095 2347 2166 ignominiam
2383 2094 2574 2160 inurit,
2611 2110 2737 2149 cum
2774 2095 3025 2151 veritatis
3055 2095 3236 2150 adhuc
3269 2097 3358 2150 in-

94 2192 204 2245 καὶ
225 2192 327 2262 τῆς
355 2191 707 2263 παρεκτομῆς
740 2190 848 2244 τῶν
885 2190 1214 2261 κλεμμάτων
1240 2205 1334 2241 σου
1359 2189 1581 2260 εὕρισκε

1974 2185 2148 2241 forma
2170 2173 2362 2242 relicta
2388 2187 2479 2251 sit,
2505 2201 2568 2241 ac
2600 2185 2786 2241 furtim
2810 2201 2840 2241 a
2873 2195 2926 2243 te
2953 2186 3166 2243 sublata
3199 2191 3364 2244 muti-
3445 2217 3450 2226 -

95 2301 230 2352 νης,
249 2282 360 2336 ἀπὸ
372 2281 464 2335 τοῦ
485 2282 820 2354 ἀντιγράφου
836 2281 930 2335 τοῦ
955 2282 1093 2335 κατὰ
1116 2281 1330 2335 Λουκᾶν
1352 2279 1583 2350 Εὐαγγεῖ

1919 2280 2150 2349 ιυειοειι
2184 2277 2346 2334 facile
2393 2279 2774 2349 reperiantur;
2821 2293 2886 2334 ac
2913 2295 3033 2351 quae
3066 2280 3286 2347 desunt,
3310 2282 3362 2336 in
3405 2302 3407 2304 ·

97 2375 221 2427 τῶν
246 2374 427 2427 τόπων
448 2373 872 2444 εὑρισκομένων,
904 2372 1000 2427 καὶ
1025 2371 1136 2426 τῶν
1159 2371 1312 2443 παρὰ
1338 2371 1431 2425 σοῦ
1460 2371 1585 2441 ἀφαι

1881 2371 2070 2441 angelii
2097 2371 2398 2426 secundum
2442 2369 2646 2426 Lucam
2682 2371 3088 2441 exemplaribus
3117 2373 3369 2443 legantur

102 2463 324 2517 Θὲντων
350 2461 743 2532 ἐλεγχομένων.

1875 2463 2066 2522 mibus.
2085 2470 2160 2523 ut
2190 2477 2312 2532 qua:
2347 2462 2445 2518 abs
2483 2471 2536 2517 te
2566 2469 2692 2518 sunt
2717 2462 3015 2521 interversa
3044 2465 3363 2533 prodantur.

189 2555 348 2625 Σχόλ.
391 2553 493 2607 κδ’.
537 2551 700 2622 Λέγω
739 2551 809 2605 δὲ
849 2551 974 2618 τοῖς
993 2553 1346 2622 φίλοιςμουο
1387 2550 1485 2620 Μὴ
1512 2552 1677 2620 590691-

1883 2554 2055 2608 Schol.
2085 2553 2176 2610 29.
2201 2553 2335 2608 Dico
2361 2563 2536 2608 autem
2561 2553 2748 2607 amicis
2773 2554 2900 2608 meis
2928 2570 2946 2608 :
2979 2553 3160 2610 Nolite
3189 2556 3371 2611 timere

106 2647 268 2716 θῆτε
291 2647 406 2700 ἀπὸ
429 2645 551 2699 τῶν
576 2645 1052 2724 ἀποκτεινόντων
1077 2644 1143 2698 τὸ
1175 2643 1363 2713 σῶμα·
1399 2644 1594 2714 φοϐήθπ

1922 2643 2014 2715 qui
2034 2643 2279 2698 occidunt
2311 2661 2499 2715 corpus
2528 2659 2547 2698 :
2584 2646 2755 2699 timete
2786 2659 2903 2724 gero
2941 2661 3081 2711 eum,
3111 2648 3202 2718 qui
3228 2658 3373 2716 post-

109 2740 192 2794 δὲ
226 2739 336 2792 τὸν
367 2737 516 2807 μετὰ
546 2737 613 2791 τὸ
641 2722 986 2792 ἀποκτεῖναι
1021 2736 1241 2806 ἔχοντα
1268 2736 1382 2804 τὴν
1410 2735 1597 2801 ἐξουσ

1887 2753 1958 2789 tm
1981 2735 2232 2790 occiderit
2275 2735 2429 2790 habet
2477 2745 2784 2804 potestatem
2801 2722 3064 2790 'mittendi
3096 2738 3152 2791 in
3188 2737 3375 2808 gehen-

107 2830 346 2897 βαλεῖν
399 2833 484 2896 εὶς
531 2829 802 2899 γέενναν.
854 2829 967 2883 Οὐκ
1018 2828 1132 2898 εἶχε
1191 2827 1269 2882 δέ’
1323 2828 1470 2896 Οὐχί
1525 2827 1595 2880 πέ

1884 2845 1928 2881 ιιι
1957 2829 2002 2884 ⁸.
2037 2827 2148 2889 Nec
2189 2827 2424 2882 habebat
2448 2827 2579 2882 illud
2616 2845 2631 2882 :
2665 2825 2855 2882 Nonne
2886 2829 3111 2898 quinque
3137 2845 3372 2897 passeres

117 2919 419 2997 στρουθία
455 2919 766 2987 ἀσσαρίων
797 2919 906 2972 δύο
937 2917 1239 2984 πωλεῖται,
1281 2917 1379 2972 καὶ
1416 2917 1486 2971 ἓν
1505 2917 1574 2982 ἐξ
1601 2944 1605 2969 ι

1889 2931 2022 2974 ιειιιιι
2043 2919 2330 2989 dupondio,
2353 2929 2400 2974 et
2421 2937 2556 2974 unus
2589 2935 2653 2974 ea:
2680 2921 2788 2976 illis
2812 2937 2916 2976 non
2943 2931 3020 2976 est
3043 2922 3098 2974 in
3123 2921 3377 2987 oblivione

119 3012 251 3065 τῶν
273 3013 384 3065 οὐκ
416 3011 586 3065 ἐστιν
604 3010 1087 3081 ἐπιλελησμένον
1109 3009 1364 3064 ἐνώπιον
1391 3009 1496 3064 τοῦ
1525 3009 1706 3072 Θεοῦ;
1809 3028 1988 3066 coram
2027 3011 2132 3066 Deo
2166 3012 2208 3043 ¹⁰
2231 3012 2254 3064 ?

217 3121 431 3195 Ἑλεγχ.
467 3123 570 3178 κ6¹.
604 3123 696 3188 Τὸ,
726 3121 888 3191 Λέγω
913 3122 1027 3193 ἐγὼ
1056 3123 1181 3189 τοῖς
1212 3123 1412 3192 φίλοις
1445 3139 1586 3191 μουο
1612 3121 1705 3191 Μὴ

1892 3125 2066 3181 Refut.
2093 3125 2182 3180 29.
2221 3125 2342 3179 llaec
2366 3125 2482 3196 ipsa
2510 3125 2672 3180 verba
2700 3144 2714 3180 ε
2743 3124 2872 3179 Dico
2895 3143 2986 3196 ego
3004 3126 3190 3181 amicis
3223 3127 3380 3182 meis:

129 3214 441 3284 φοϐηθῆτε
472 3213 590 3268 ἀπὸ
629 3214 747 3267 τῶν
777 3214 1256 3269 ἀποκτεινόντων
1284 3214 1350 3268 τὸ
1381 3213 1573 3284 σῶμαο
1604 3231 1712 3283 φο-

128 3307 362 3374 ϐήθητε
388 3305 455 3359 δὲ
483 3306 591 3360 τὸν
621 3306 840 3376 ἔχοντα
867 3305 1157 3370 ἐξουσίαν
1182 3306 1269 3370 τὸ,
1296 3304 1446 3375 μετὰ
1475 3305 1541 3359 τὸ
1567 3307 1716 3359 ἀπο-

133 3399 373 3454 κτεῖναι
403 3401 468 3453 τὸ
493 3396 685 3469 σῶμα,
707 3397 822 3466 τὴν
850 3398 1295 3467 ψυχὴνβαλεῖν
1326 3401 1414 3465 είς
1443 3395 1714 3468 γέενναν,

131 3483 445 3560 ἀναγκάζει
491 3507 580 3553 σε,
619 3484 664 3543 ὧ
707 3489 992 3561 Μαρκίων,
1027 3489 1122 3543 καὶ
1155 3489 1223 3542 τὰ
1254 3489 1381 3559 ἑξῆς
1409 3489 1508 3560 τῆς
1541 3505 1719 3559 παρα-

133 3585 313 3654 ϐολῆς
336 3582 684 3654 ὁμολογῆσαι.
719 3583 882 3636 Ἀνευ
901 3581 1010 3652 γὰρ
1030 3581 1123 3634 τοῦ
1152 3580 1286 3634 Θεοῦ
1310 3580 1459 3634 οὐδὲν
1486 3581 1717 3648 γίνεται,

135 3675 254 3729 κᾶν
299 3672 506 3743 ἐπάρῃς
550 3670 612 3724 τὸ
653 3670 782 3742 περὶ
828 3670 935 3724 τῶν
980 3669 1298 3742 στρουθίων.
1362 3670 1720 3740 Ἀπολόγησαι

135 3763 241 3820 οὖν
283 3767 410 3838 περὶ
447 3764 556 3819 τῶν
585 3768 642 3818 ἐν
673 3765 752 3835 τῷ
792 3763 940 3836 ῥητῷ
972 3764 1438 3833 καταλειφθέντων
1472 3765 1578 3818 ὑπὸ
1603 3765 1719 3831 σοῦ,

134 3854 192 3914 ὦ
225 3858 514 3930 Μαρκίων.
553 3859 663 3912 Καὶ
688 3858 980 3929 ἀπόκριναι
1009 3859 1140 3928 ἡμῖν
1169 3857 1221 3910 τί
1251 3857 1432 3929 διανοῇ
1466 3859 1595 3930 περὶ
1625 3857 1721 3911 τοῦ

135 3952 403 4020 ἐξουσίαν
437 3950 670 4021 ἔχοντες.
698 3951 763 4002 Εἰ
787 3949 895 4020 γὰρ
933 3949 1098 4020 φαίης
1131 3950 1292 4004 αὐτὸν
1325 3945 1464 4004 εἶναι
1489 3951 1579 4004 τὸν
1607 3953 1721 4004 Πα-

131 4029 290 4116 Ῐτέρα
314 4040 408 4096 τοῦ
437 4041 693 4114 Χριστοῦ,
717 4041 807 4096 τὸν
839 4043 934 4096 καὶ
971 4041 1122 4114 παρὰ
1160 4043 1241 4096 σοὶ
1268 4042 1469 4111 ἀγαθὸν
1496 4043 1722 4114 λεγόμε-

135 4152 238 4189 νον
260 4134 414 4201 Θεὸν,
438 4135 483 4186 εἰ
505 4135 599 4187 καὶ
619 4133 802 4197 κακῶς
821 4133 1069 4206 διαιρεῖς,
1095 4135 1262 4204 ὅμως,
1290 4135 1475 4205 ἐπειδὴ
1493 4134 1605 4205 ἔχει
1625 4135 1724 4205 τὴν

137 4227 422 4292 ἐξουσίαν,
455 4226 692 4290 δέδωκας
733 4227 894 4280 αὐτὸν
938 4227 1130 4299 κριτὴν
1172 4226 1321 4294 ὄντα,
1372 4229 1466 4282 καὶ
1510 4227 1725 4298 ἑκάστῳ

137 4319 388 4389 νέμοντα
416 4316 476 4370 τὸ
508 4320 628 4370 κατ’
661 4316 838 4382 ἀξίαν.
875 4318 938 4371 Ei
979 4318 1034 4372 δέ
1063 4319 1124 4372 οὐ
1167 4317 1324 4372 τοῦτο
1361 4319 1558 4387 λέγεις,
1591 4319 1725 4373 ἀλλὰ

1816 3216 1996 3274 Nolite
2052 3218 2235 3272 timere
2277 3234 2364 3272 eos
2397 3218 2486 3288 qui
2518 3217 2762 3272 occidunt
2805 3214 3034 3287 corpus:
3069 3219 3243 3274 timete
3265 3236 3385 3274 vero

1813 3329 1930 3367 eum
1962 3313 2054 3382 qui
2081 3321 2355 3382 postquam
2377 3312 2623 3367 occiderit
2649 3328 2856 3382 corpus.
2897 3311 3048 3368 habet
3078 3324 3388 3383 potestatem

1815 3403 2052 3458 mittendi
2085 3404 2318 3458 animam
2349 3404 2405 3458 in
2439 3404 2722 3474 gehennam
2742 3443 2757 3467 ,
2789 3405 3062 3474 parabolas
3097 3407 3260 3461 etiam
3303 3423 3389 3462 re-

1818 3495 1964 3564 liqua
2004 3492 2162 3548 fateri
2192 3501 2247 3546 te
2285 3504 2506 3565 cogunt.
2543 3492 2776 3558 Etenim,
2813 3494 2935 3550 sine
2962 3493 3055 3549 Dei
3092 3503 3228 3549 nutu
3253 3496 3388 3550 nihil
3441 3517 3445 3520 ·

1818 3586 2043 3641 omnino
2070 3585 2299 3657 geritur,
2346 3585 2596 3655 quamvis
2624 3586 2767 3656 quod
2807 3585 2874 3640 de
2904 3585 3217 3655 passeribus
3255 3587 3392 3642 scri-

1819 3687 1968 3748 ptum
2000 3687 2085 3733 est
2109 3676 2346 3733 auferas.
2381 3677 2548 3748 Igitur
2571 3676 2639 3732 de
2667 3678 2734 3733 iis
2763 3691 2883 3747 quae
2912 3677 2968 3731 in
3000 3677 3100 3732 hac
3124 3679 3393 3735 sententia

1819 3770 2078 3824 dicuntur
2094 3768 2368 3824 reddenda
2396 3767 2494 3823 tibi
2520 3769 2660 3821 ratio
2675 3775 2780 3832 est,
2817 3782 2850 3822 ο
2883 3767 3107 3822 Marcio.
3134 3767 3212 3823 Ac
3235 3769 3389 3824 velim

1821 3859 1954 3915 mihi
1975 3859 2328 3930 respondeas,
2358 3859 2488 3930 quid
2510 3859 2577 3914 de
2602 3875 2666 3914 eo
2691 3874 2939 3925 censeas,
2963 3860 3054 3930 qui
3070 3869 3391 3930 potestatem

1820 3951 2024 4006 habere
2055 3951 2274 4006 dicitur.
2309 3949 2365 4005 Si
2401 3952 2546 4006 enim
2581 3949 2799 4005 Patrem
2841 3951 2993 4004 illum
3032 3950 3234 4006 Christi
3272 3968 3394 4007 esse

1823 4040 2049 4108 dixeris,
2097 4041 2478 4111 eumdemque,
2526 4057 2686 4112 quem
2730 4051 2787 4096 tu
2823 4043 3025 4098 bonum
3065 4059 3188 4099 esse
3226 4043 3394 4098 Deum

1823 4132 2090 4203 praedicas
2113 4150 2127 4199 ;
2151 4133 2254 4188 etsi
2275 4134 2414 4190 male
2439 4141 2495 4189 tu
2534 4134 2752 4205 quidem
2775 4150 3018 4206 separas,
3049 4145 3233 4190 tamen
3261 4151 3396 4204 quo-

1823 4219 1969 4276 niam
2021 4229 2292 4293 potestate
2327 4223 2587 4294 prmditus
2625 4235 2740 4290 est,
2782 4224 3025 4294 judicem
3068 4240 3190 4280 esse
3223 4223 3396 4279 conﬁ-

1827 4315 1978 4378 teris,
1998 4314 2090 4384 qui
2123 4331 2222 4384 pro
2249 4315 2457 4374 meritis
2473 4316 2589 4371 suis
2607 4317 3032 4387 unumquodque
3064 4323 3395 4386 compenset.

137 4411 240 4463 τον
267 4409 608 4480 Δημιουργὸν
628 4409 719 4462 τὸν
742 4409 892 4480 παρὰ
922 4410 1005 4463 σοὶ
1035 4409 1195 4480 φύσει
1224 4411 1416 4482 κριτὴν
1445 4411 1625 4482 ᾁδόμετ

1915 4413 1936 4458 ι
1973 4407 2019 4462 si
2057 4406 2224 4460 alium
2267 4421 2392 4462 esse
2429 4408 2737 4478 quempiam
2782 4407 3022 4478 judicas,
3049 4407 3397 4461 Conditorem

136 4499 276 4566 λέγε
314 4514 401 4568 μοι
433 4497 516 4560 τίς
546 4495 718 4567 τούτῳ
747 4495 943 4550 δέδωκε
969 4495 1067 4566 τὴν
1098 4497 1364 4561 ἐξουσίαν.
1401 4499 1464 4550 El
1492 4498 1600 4570 γὰρ
1635 4497 1724 4568 ἀφ’

1830 4495 2060 4561 scilicet,
2092 4511 2252 4566 quem
2285 4504 2343 4550 tu
2380 4496 2600 4567 proprie
2638 4496 2879 4566 judicent
2921 4497 3231 4562 constituis,
3264 4497 3401 4553 cedo

136 4588 348 4644 ἑαυτοῦ
381 4589 514 4658 ἔχει,
549 4588 657 4658 ἄρα
696 4587 870 4658 μέγας
911 4590 1048 4653 ἐστὶ,
1084 4589 1176 4642 καὶ
1215 4589 1462 4656 ἐξουσίαν
1503 4589 1624 4660 ἔχει.

1912 4584 1952 4639 is
1986 4585 2036 4640 ei
2063 4593 2387 4655 potestatem
2425 4586 2782 4643 commiserit.
2816 4585 2968 4643 lianc
2994 4588 3136 4642 enim
3159 4587 3205 4642 si
3240 4587 3400 4642 habet

134 4681 208 4733 δὲ
255 4679 350 4732 τοῦ
415 4678 618 4749 κρίνειν
672 4678 918 4754 ἐξουσίαν
966 4677 1101 4748 ἔχει,
1141 4679 1233 4732 καὶ
1285 4679 1377 4732 τοῦ
1421 4679 1622 4743 σώζειν

1912 4691 1948 4730 .e
1966 4691 2060 4746 per
2098 4693 2238 4743 sese,
2266 4693 2496 4749 magnus
2527 4679 2715 4749 utique
2744 4687 2846 4746 est,
2879 4693 2941 4733 ac
2968 4687 3234 4749 potestate
3261 4695 3400 4750 pra:-

133 4771 265 4841 γὰρ
291 4769 586 4839 δυνάμενος
609 4765 813 4838 κρίνειν
843 4767 1064 4822 δύναται
1091 4771 1184 4822 καὶ
1205 4769 1480 4823 ἀπολύειν.
1507 4769 1616 4823 Καὶ

1909 4789 2000 4827 .us.
2027 4771 2180 4839 Quod
2209 4771 2256 4826 si
2307 4771 2590 4840 judicandi
2645 4786 2812 4842 penes
2853 4785 2978 4825 eum
3025 4769 3261 4827 facultas
3291 4780 3397 4836 est,

136 4863 282 4924 λωςο
320 4862 404 4924 El,
439 4859 532 4913 τοῦ
575 4859 764 4931 κριτοῦ
802 4860 1084 4930 βάλλοντος
1113 4862 1212 4925 τὰς
1252 4861 1430 4934 ψυχὰς
1467 4863 1546 4926 είς
1583 4880 1624 4932 γλ

1915 4872 2012 4919 ιει
2052 4863 2322 4919 servandi.
2377 4861 2478 4929 Qui
2511 4864 2654 4918 enim
2681 4861 3114 4932 iurisdictionem
3146 4878 3403 4918 exercere

135 4967 272 5014 ναν,
305 4951 335 5002 6
361 4949 495 5013 Θεὸς
527 4952 554 5003 6
581 4949 780 5018 ἀγαθὸς
809 4951 870 5004 οὐ
907 4951 1092 5022 ῥύεται
1119 4951 1308 5016 αὐτὰς,
1340 4955 1369 5006 6
1399 4971 1623 5025 πανταχι

1914 4963 2032 5019 test,
2070 4964 2246 5024 potest
2267 4961 2320 5010 et
2357 4954 2658 5010 absolvere.
2687 4941 2976 5016 Praeterea,
3009 4951 3171 5023 335
3193 4953 3236 5006 si
3278 4967 3402 5008 cum

136 5044 263 5097 τῶν
294 5043 476 5096 αὐτῶν
500 5042 922 5115 ἐπιμελούμενος
948 5042 1135 5116 ψυχῶν
1163 5043 1280 5108 πῶς
1301 5044 1366 5098 ἃν
1388 5045 1472 5113 εἴη
1501 5045 1624 5114 ἀγα(

1917 5045 1995 5099 lex
2052 5046 2109 5099 in’
2156 5045 2458 5114 gehennam
2517 5043 2826 5115 praecipites
2868 5043 3115 5098 immittit
3170 5044 3405 5106 animas,

140 5139 184 5209 ἢ
224 5136 337 5206 γὰρ
363 5135 444 5187 ὅτι
474 5135 816 5206 ἰσχυρότερος
843 5133 1006 5188 αὐτοῦ
1038 5136 1175 5198 ἐστι,
1207 5135 1302 5188 καὶ
1333 5135 1395 5189 οὐ
1427 5135 1623 5190 δύνατα

1918 5153 2011 5191 nus
2039 5137 2127 5191 ille
2156 5134 2322 5199 Deus,
2343 5137 2436 5206 qui
2463 5143 2668 5190 tantam
2701 5135 3008 5190 animarum
3032 5149 3220 5190 curam
3248 5133 3406 5205 gerit,

140 5227 343 5299 χειρὸς
385 5225 625 5296 ῥύεσθαι·
661 5225 693 5296 ἥ
729 5226 809 5278 ὅτι.
841 5225 1062 5279 δύναται
1109 5226 1228 5297 μὲν,
1273 5227 1334 5279 οὐ
1375 5227 1621 5295 βούλεται

1921 5245 1948 5281 n
1972 5244 2064 5283 eas
2093 5229 2305 5293 liberat,
2332 5228 2517 5284 haberi
2560 5229 2736 5284 bonus
2759 5227 2848 5299 qui
2873 5227 3111 5298 poterit?
3142 5234 3236 5281 aut
3265 5226 3409 5282 enim

139 5321 271 5376 Καὶ
315 5317 420 5372 ποῦ
461 5320 495 5389 ἡ
542 5319 846 5390 ἀγαθότηςς
889 5320 952 5373 Ei
979 5320 1057 5382 δὲ,
1094 5319 1282 5390 ἐπειδὴ
1310 5319 1469 5385 αὐτὸς
1502 5320 1627 5375 ἐκτιε

1924 5340 1932 5374 2
1979 5320 2174 5376 fortior
2215 5316 2320 5388 est,
2365 5337 2467 5378 nec
2509 5335 2576 5377 ex
2616 5321 2736 5392 ejus
2782 5321 3038 5377 manibus
3083 5328 3412 5389 extorquere

139 5410 414 5476 ἐξουσίαν
441 5408 554 5479 ἔχει
581 5410 674 5463 καὶ
702 5411 908 5481 κρίνειν
964 5410 1080 5474 πῶς
1107 5412 1136 5464 6
1166 5413 1277 5466 ἄνω
1303 5411 1436 5476 Θεὸς
1467 5415 1496 5466 6
1520 5413 1624 5467 ὑπὸ

1927 5422 2061 5480 test;
2099 5421 2191 5469 aut
2226 5423 2284 5469 ut
2315 5413 2548 5470 facultas
2575 5422 2848 5486 suppetat,
2879 5414 3035 5471 deest
3067 5421 3250 5468 tamen
3281 5411 3415 5465 libe-

227 5568 596 5642 ‘gGentxyx,
629 5569 684 5624 9.
755 5570 804 5642 _‘_‘
835 5569 966 5642 ibid.
1001 5586 1121 5642 sqq.
1200 5574 1218 5604 ²
1255 5572 1358 5628 lsa.
1399 5589 1493 5637 vn,
1532 5571 1618 5628 Μ.
1698 5573 1715 5603 ³

1946 5591 1997 5637 v,
2023 5574 2077 5626 2.
2170 5573 2186 5607 ⁸
2221 5572 2448 5631 Malach.
2486 5566 2644 5642 m,l.
2724 5576 2743 5607 ⁵
2769 5573 2910 5631 Psal.
2947 5591 3056 5639 cut,
3085 5575 3130 5628 ί.
3208 5572 3227 5602 ⁸
3253 5569 3409 5624 Joan.

139 5656 208 5707 ν,
245 5640 337 5696 46.
417 5639 438 5670 ⁷
473 5638 604 5693 Luc.
638 5656 713 5702 xu,
741 5640 826 5696 49.
903 5641 923 5672 ⁸
951 5638 1193 5697 ἱὺίἆίίῖΙ.
1273 5647 1291 5676 ⁹
1323 5642 1453 5701 Luc.
1488 5660 1581 5711 xu,
1616 5661 1627 5686 ι

955 5638 1193 5697 ἱὺίιίίΒΙ.
1273 5647 1291 5676 ⁹
1323 5642 1453 5701 Luc.
1488 5660 1581 5711 xu,
1616 5643 1667 5710 4,
1697 5645 1748 5699 5.
1830 5646 1872 5676 '°
1909 5645 2038 5699 ibid.
2061 5645 2112 5698 6.
2435 5671 2443 5681 ε

484 5733 755 5798 Parnm.
805 5735 918 5796 Ca.
969 5737 1129 5800 XLI.
2978 5739 3053 5798 «2!.
3122 5751 3134 5772 ι
