3844 6274
395 243 501 303 7M
1819 236 1877 293 S.
1916 237 2261 295 EPIPHANII
3576 243 3699 298 748

391 358 551 416 randi
579 356 853 413 voluntas.
883 351 1119 410 Ubinam
1158 351 1323 423 igitur
1364 350 1455 405 illa
1489 350 1704 406 bonitas
1733 351 1850 406 est?
1880 350 1973 406 Sin

2094 352 2448 424 μυθευόμενός
2476 368 2629 417 τινας
2656 349 2896 423 μερικῶς
2938 350 3136 418 σώζεις
3180 353 3243 406 Ei
3291 351 3389 423 μὲν
3427 352 3537 407 ἀπὸ
3566 357 3697 409 τῶν

390 451 653 523 quoniam
693 449 832 503 alter
856 447 945 501 illc
977 444 1244 509 condidit,
1284 444 1406 498 ideo
1438 450 1492 497 et
1515 442 1796 513 judicandi
1821 450 1973 512 pote-

2094 443 2379 514 ἀλλοτρίων
2428 442 2721 514 λαμϐάνων
2772 441 2957 507 σώζει,
3012 443 3326 497 πλεονεκτεῖ
3370 443 3695 516 ἀλλοτρίων

391 550 511 598 stas
567 540 615 597 ei
666 538 950 601 tribuitur,
993 534 1269 606 quomodo
1317 549 1612 605 supremus
1666 534 1776 598 ille,
1816 550 1973 604 quem

2094 534 2226 606 ἐρῶν
2250 553 2263 566 ο
2295 535 2343 587 εί
2387 534 2443 588 δὲ
2485 535 2545 588 οὐ
2581 536 2808 604 φάσκεις
2842 533 3153 599 πλεονεξίαν
3179 530 3340 597 εἶναι,
3374 536 3463 591 διὰ
3498 538 3563 589 τὸ
3602 540 3693 601 είς

392 631 578 702 ﬁngis.
615 629 761 685 Deus
792 627 1087 683 nonnullos
1120 639 1185 681 ex
1222 624 1405 695 aliqua
1446 630 1604 693 parte
1636 622 1873 677 liberare
1895 622 1973 676 di-

2094 625 2289 693 ᾰγαθὸν
2312 627 2371 679 τὸ
2396 626 2555 698 ἔργον
2581 626 2826 696 γίνεσθαι
2860 627 2953 680 καὶ
2989 628 3274 698 σωτήριον,
3309 630 3690 700 προσωπολή-

390 724 572 779 citur?
594 721 721 778 Sive
747 721 891 776 enim
913 720 1091 774 aliena
1122 716 1343 788 rapiens
1375 722 1687 781 conservat,
1721 715 1973 784 injuriam

2094 733 2226 787 πτην
2256 718 2418 772 αὐτὸν
2448 720 2645 784 ποιεῖς,
2690 718 2764 789 μὴ
2802 719 2863 771 τὸ
2904 718 3108 787 ἀγαθὸν
3143 720 3273 782 ῐσως
3302 706 3495 785 πᾶσιν,
3535 721 3691 775 ἀλλὰ

387 818 686 886 cupiditate
709 831 805 870 sua
829 813 957 867 facit
983 810 1140 866 alteri
1165 828 1177 863 :
1204 810 1319 864 sive
1347 816 1634 878 propterea
1656 821 1819 875 negas
1838 806 1973 875 inju-

2094 808 2331 879 μερικῶς
2363 808 2638 863 ποιοῦντα.

388 909 525 962 riam
559 922 705 971 esse,
736 902 882 974 quod
939 901 1009 957 ad
1059 902 1261 957 bonum
1304 898 1540 969 alicujus
1586 912 1650 953 ac
1694 897 1924 953 salutem
1965 897 2185 964 referat,
2220 916 2578 970 personarum
2608 900 2760 955 illum
2787 900 2988 958 habere
3014 900 3278 958 rationem
3304 898 3549 969 iudicas,
3581 904 3686 971 qui

388 1013 500 1054 non
536 996 754 1053 benede
784 992 1040 1048 omnibus
1059 989 1362 1060 aequaliter,
1387 988 1483 1044 sed
1545 988 1714 1043 certis
1766 987 2033 1044 duntaxat
2071 992 2268 1047 mereri
2294 992 2527 1048 studeat.

460 1089 646 1147 Schol.
685 1088 775 1142 30.
805 1085 913 1140 Pro
929 1084 1016 1140 his
1051 1083 1270 1139 verbis:
1309 1079 1659 1151 Conﬁtebitur
1683 1097 1862 1136 coram
1886 1099 1973 1136 an-

2156 1086 2312 1156 Σχόλ.
2347 1086 2415 1141 λ’.
2461 1086 2607 1140 Ἀντὶ
2649 1086 2765 1140 τοῖν
2828 1086 3211 1158 Ὀμολογήσει
3245 1088 3509 1145 ἐνώπιον
3552 1089 3687 1146 τῶν

386 1183 579 1254 gelis’,
623 1180 926 1249 rescripsit.
980 1190 1162 1229 coram
1193 1174 1323 1230 Deo.

2094 1176 2373 1245 ἀγγέλων,
2405 1176 2614 1240 ἐκεῖνος
2638 1176 2745 1230 τοῦ
2782 1177 2929 1232 Θεοῦ
2957 1177 3124 1245 λέγει.
3530 1226 3536 1233 .

464 1271 651 1328 Refut.
688 1271 779 1325 50.
840 1268 1079 1337 Apparet
1115 1264 1340 1319 omnino
1365 1303 1380 1325 ,
1441 1276 1785 1333 nequaquam
1825 1261 1973 1317 illum

2157 1267 2376 1338 Ἐλεγχ.
2422 1266 2489 1321 λ’.
2522 1267 2868 1337 Πανταχόθεν
2907 1269 3185 1340 ἐλέγχεται
3226 1270 3302 1342 μὴ
3346 1270 3491 1326 κατὰ
3535 1271 3684 1326 Θεὸν

388 1363 690 1421 secundum
766 1358 937 1414 Deum
990 1355 1307 1421 ambulare,
1360 1353 1488 1409 licet
1544 1354 1837 1410 veritatem
1894 1352 1973 1407 vel

2094 1360 2469 1430 πορευόμενος,
2507 1361 2608 1415 κᾶν
2646 1378 2704 1413 τε
2732 1363 2789 1414 ἐν
2813 1360 3136 1433 βραχυτάτῳ
3172 1362 3315 1433 λόγῳ
3342 1365 3679 1435 παραλλάξῃ

388 1455 593 1526 exiguo
618 1450 886 1509 vocabulo
913 1452 1232 1505 commutet.
1266 1444 1370 1510 Qui
1406 1445 1551 1499 enim
1604 1459 1793 1499 eorum
1855 1459 1973 1513 qua:

2094 1450 2179 1520 τὴν
2216 1450 2494 1521 ἀλήθειαν.
2546 1451 2604 1503 Ὀ
2640 1452 2854 1522 τολμῶν
2892 1452 3003 1522 γάρ
3040 1471 3098 1505 τι
3129 1454 3538 1525 παραλλάσσειν
3558 1455 3681 1508 τῶν

389 1555 521 1603 sunt
551 1546 706 1601 Initio
740 1542 946 1612 scripta
971 1546 1182 1611 partem
1220 1536 1458 1607 aliquam
1475 1550 1828 1605 corrumpere
1865 1549 1975 1588 non

388 1639 624 1700 dubitat,
663 1651 693 1690 a
725 1635 811 1689 via
852 1629 1093 1687 veritatis
1127 1628 1360 1682 aberrat.

2081 1541 2481 1613 γεγραμμένων
2510 1543 2765 1615 ἀπαρχῆς
2793 1544 2895 1597 οὑκ
2924 1545 2981 1597 ἐν
3012 1545 3116 1615 ὀδῷ
3140 1545 3399 1616 ἀληθείας
3424 1548 3677 1607 ἵσταται.

459 1729 647 1785 Schol.
686 1727 776 1781 51.
815 1722 935 1778 Non
970 1720 1135 1776 habet
1175 1718 1279 1774 ista
1309 1736 1322 1772 :
1351 1716 1491 1772 Deus
1534 1718 1682 1775 vestit
1718 1716 1894 1786 fenum
1931 1717 1973 1771 ³.

2149 1710 2303 1782 Σχόλ.
2344 1711 2447 1767 λα’.
2481 1712 2595 1767 Οὐκ
2630 1712 2743 1784 ἔχει
2775 1712 2855 1767 τό’
2894 1713 2955 1769 Ὀ
2990 1713 3136 1781 Θεὸς
3164 1714 3532 1785 ἀμφιέννυσι
3559 1715 3683 1769 τὸν

460 1899 642 1955 Refut.
667 1898 757 1953 3|.
791 1895 943 1950 Licet
972 1907 1034 1947 ea
1075 1906 1197 1962 qum
1225 1891 1431 1961 scripta
1464 1898 1593 1946 sunt
1626 1904 1734 1945 non
1774 1904 1838 1945 ea
1876 1887 1977 1944 (ide

390 1990 626 2051 referas.
661 2002 771 2057 qua
804 2001 835 2039 a
867 1981 1153 2039 Salvatore
1205 1981 1559 2050 pronuntiata
1594 1987 1743 2044 sunt,
1786 1979 1975 2035 eadem

388 2094 574 2138 tamen
604 2080 697 2134 illa
729 2079 849 2132 loca
904 2076 961 2130 in
1011 2073 1330 2145 Evangelio,
1369 2087 1479 2142 quo
1524 2071 1765 2127 Ecclesia
1792 2073 1979 2126 catho-

390 2174 496 2228 lica
531 2170 724 2233 utitur,
766 2168 977 2236 integra
1013 2172 1345 2220 servantur:
1378 2162 1780 2233 quantumlibet
1811 2161 1979 2217 Deum

390 2264 545 2317 illum
596 2260 857 2328 abneges,
897 2254 991 2326 qui
1042 2252 1222 2307 Verbo
1266 2265 1368 2307 suo
1402 2250 1653 2305 condidit
1692 2250 1974 2314 universa,

387 2354 693 2422 eademque
738 2364 874 2405 cura
926 2362 1027 2403 sua
1077 2340 1535 2416 providentiaque
1566 2342 1975 2412 complectitur,

390 2462 457 2502 ne
484 2445 608 2500 leno
643 2443 862 2515 quidem
889 2447 1115 2507 excepto
1141 2453 1157 2502 ;
1186 2451 1346 2506 quem
1379 2436 1604 2506 insuper
1647 2434 1816 2490 Deum
1858 2434 1979 2489 Sal-

388 2546 545 2594 vator
571 2550 671 2593 sua
704 2549 839 2592 voce
883 2531 1171 2588 confessus
1202 2538 1305 2584 est.

462 2628 648 2685 Schol.
672 2626 762 2683 52.
799 2624 961 2681 Pater
986 2632 1153 2678 vester
1188 2623 1327 2676 novit
1373 2621 1635 2689 corporeis
1676 2622 1801 2675 iisce
1834 2619 1977 2675 vobis
2021 2663 2030 2671 .

390 2737 518 2776 onus
532 2735 643 2775 esse
658 2718 702 2775 ³.

422 2738 652 2870 Ριίξοεῗιίῗ.
686 2759 779 2868 .52.
838 2811 997 2868 Novit
1030 2812 1192 2867 Pater
1223 2808 1526 2880 discipulos
1553 2805 1803 2876 corporis
1832 2802 1980 2859 indi-

391 2921 519 2977 gere
556 2904 1043 2961 commoditatibus
1065 2944 1079 2970 ,
1112 2917 1250 2973 quas
1282 2901 1490 2956 idcirco
1523 2903 1783 2968 procurat
1812 2912 1827 2962 ;
1866 2911 1978 2949 non

2078 1803 2318 1871 χόρτον.

2153 1897 2372 1967 Ἐλεγχ.
2406 1896 2509 1951 λα’.
2544 1897 2607 1950 Εί
2637 1898 2730 1951 καὶ
2766 1897 2841 1969 μὴ
2870 1898 2962 1969 ἐᾷς
2981 1898 3050 1952 τὰ
3070 1900 3454 1971 γεγραμμένα,
3479 1900 3557 1965 ὼς
3588 1896 3674 1955 εἷ·-

2077 2007 2171 2060 χεν
2205 1989 2311 2043 ὑπὸ
2337 1989 2433 2043 τοῦ
2467 1990 2718 2061 Σωτῆρος
2749 1990 3035 2062 εἰρημένα,
3058 1991 3174 2045 ἀλλ’
3202 1988 3362 2061 οὖνγε
3396 1992 3671 2057 σώζονται

2076 2085 2125 2137 οἱ
2152 2082 2307 2136 τόποι
2329 2081 2386 2136 ἐν
2414 2082 2493 2152 τῷ
2518 2082 2834 2153 Εὑαγγελίῳ
2860 2082 2958 2153 τῆς
2984 2082 3145 2151 ἁγίας
3179 2084 3531 2155 Ἐκκλησίας·
3560 2084 3679 2140 κᾶν

2078 2175 2288 2247 ἀρνήσῃ
2318 2174 2381 2227 σὺ
2410 2176 2501 2228 τὸν
2524 2174 2656 2229 Θεὸν
2680 2175 2771 2229 τὸν
2801 2176 2979 2230 πάντα
3016 2177 3375 2246 πεποιηκότα,
3405 2179 3503 2231 καὶ
3528 2179 3674 2232 πάν-

2077 2282 2185 2318 των
2218 2264 2608 2335 ἐπιμελόμενον
2627 2264 2705 2335 τῷ
2736 2264 2896 2336 Λόγῳ
2917 2265 3105 2325 αὐτοῦ.
3132 2265 3263 2338 ἄχρι
3290 2270 3385 2323 καὶ
3412 2268 3508 2323 τοῦ
3531 2269 3667 2341 χόρ-

2077 2372 2192 2420 του,
2218 2356 2313 2411 καὶ
2339 2355 2444 2409 ὑπὸ
2468 2355 2562 2409 τοῦ
2586 2355 2836 2426 Σωτῆρος
2863 2357 3311 2429 ὁμολογούμενον.

2152 2618 2307 2689 Σχόλ.
2332 2615 2435 2671 λ6’.
2481 2615 2665 2687 ’Υμῶν
2698 2616 2765 2670 δὲ
2787 2620 2819 2671 ό
2844 2615 3049 2686 Πατὴρ
3078 2612 3265 2674 οἶδεν.
3296 2619 3386 2673 ὅτι
3416 2620 3666 2691 χρῄζετε

2078 2711 2305 2763 τούτων
2336 2707 2456 2779 τῶν
2487 2707 2811 2777 σαρκικῶν.
2893 2718 2907 2729 ⁸

2152 2800 2373 2871 Ἔλεγχ.
2388 2798 2487 2870 λβ’.
2505 2794 2659 2853 Οἶδεν
2675 2801 2703 2852 ό
2720 2799 2929 2873 Πατὴρ,
2948 2801 3027 2854 ὅτι
3041 2802 3329 2873 χρῄζουσιν
3343 2802 3394 2856 οἱ
3420 2803 3665 2874 μαθηταὶ

2078 2891 2187 2948 τῶν
2212 2894 2488 2964 σαρκικῶν
2512 2893 2731 2964 χρειῶν,
2754 2895 2846 2947 καὶ
2866 2898 3079 2966 προνοεῖ
3097 2896 3204 2949 τῶν
3226 2896 3499 2951 τοιούτων
3523 2915 3662 2967 προ-

393 3002 451 3055 in
479 2998 589 3053 alio
608 2997 846 3068 quodam
865 3012 1028 3067 quam
1058 2998 1111 3049 in
1130 2996 1231 3050 hoc
1258 2993 1489 3057 smeulo;
1522 3005 1699 3060 neque
1725 2990 1778 3045 in
1803 2989 1973 3045 aliena

2094 2987 2191 3038 me?
2218 2984 2274 3037 δὲ
2311 2985 2410 3038 οὐκ
2444 2986 2502 3038 ἐν
2529 2985 2672 3054 ἄλλῳ
2702 2985 2876 3050 αἰῶνι,
2908 2985 3019 3039 ἀλλ’
3050 2987 3302 3052 ἐνταῦθα,
3331 2988 3431 3042 οὐκ
3455 2990 3513 3041 ἐν
3544 2991 3659 3052 τοῖς

392 3088 769 3161 possessione,
800 3086 894 3144 sed
922 3088 977 3141 in
1008 3088 1076 3145 iis
1102 3087 1266 3143 rebus
1300 3098 1535 3155 quarum
1580 3082 1695 3153 ipse
1727 3081 1973 3136 conditor

2094 3072 2378 3144 ὶλλοτρίοις
2410 3074 2508 3146 τὴν
2552 3049 2808 3145 πρόνοιαν
2841 3049 2949 3128 τῶν
2995 3076 3188 3130 ἑαυτοῦ
3236 3049 3438 3131 δούλων
3468 3049 3655 3132 cretati:

390 3191 498 3248 est,
525 3196 716 3237 servos
762 3195 894 3235 suos
948 3178 1219 3251 singulari
1251 3175 1596 3248 providentia
1635 3174 1971 3245 gubernans.

465 3271 650 3327 Schol.
691 3270 778 3325 53.
801 3269 1034 3336 Quaerite
1066 3284 1281 3339 regnum
1314 3266 1426 3334 Dei,
1458 3275 1507 3321 et
1534 3266 1642 3321 ha'c
1679 3264 1857 3319 omnia
1886 3263 1977 3316 ad-

378 3365 640 3434 jicientur
669 3364 813 3418 vobis
852 3363 894 3418 ⁸.

465 3454 650 3511 Relut.
683 3455 773 3509 33.
811 3454 868 3509 Si
898 3453 1087 3508 alienis
1123 3460 1499 3511 sustentamur
1534 3450 1749 3521 opibus,
1786 3458 1977 3519 estque

388 3546 534 3603 alius
566 3546 809 3600 caelestis
857 3544 1013 3614 regni
1052 3542 1216 3607 Deus,
1248 3542 1377 3613 quid
1419 3550 1598 3612 potest
1630 3542 1684 3595 in
1717 3540 1821 3595 hoc
1852 3554 1975 3595 esse

394 3652 647 3694 sermone
677 3635 1139 3692 consentaneum?
1164 3633 1297 3688 Nam
1328 3644 1421 3687 aut
1444 3633 1510 3688 ad
1542 3633 1694 3687 illum
1710 3640 1817 3686 tam
1838 3630 1975 3685 infe-

392 3727 540 3783 riora
570 3728 672 3783 ista
698 3727 988 3798 pertinent,
1014 3742 1178 3797 quam
1206 3727 1430 3782 caeleste
1458 3720 1712 3795 regnum,
1744 3723 1975 3792 ideoque

393 3819 655 3875 interiora
692 3821 804 3875 hac
842 3820 1046 3885 omnia,
1075 3834 1196 3891 qua:
1242 3833 1342 3874 sua
1374 3817 1534 3889 335
1582 3824 1730 3883 sunt,
1762 3831 1861 3887 pro
1898 3816 1975 3869 la-

391 3912 525 3968 bore
546 3912 662 3976 illo,
704 3927 865 3983 quem
898 3913 1047 3982 regni
1083 3911 1169 3967 sui
1204 3910 1536 3967 desiderium
1585 3907 1779 3963 all‘erre
1811 3907 1969 3973 solet,

392 4003 707 4060 hominibus
751 4003 1037 4073 rependit;
1088 4010 1183 4058 aut
1212 4001 1286 4057 ita
1350 4015 1578 4072 regnum
1619 3999 1973 4069 futurumque

390 4096 651 4154 saeculum
693 4095 760 4149 ad
793 4095 947 4149 illum
1003 4094 1260 4165 pertinet,
1310 4104 1369 4147 ut
1400 4092 1516 4147 hazc
1550 4092 1734 4145 intima
1765 4090 1971 4146 Condi-

388 4184 499 4239 tori
524 4182 810 4239 tribuenda
825 4183 965 4248 sint;
990 4198 1055 4237 ex
1078 4196 1185 4252 quo
1208 4181 1453 4250 sequitur
1467 4179 1778 4236 Conditoris
1796 4179 1972 4249 ipsius

386 4276 721 4332 voluntatem
767 4274 834 4328 ad
864 4273 1106 4343 supremi
1156 4272 1302 4327 illius
1334 4287 1560 4342 regnum
1591 4272 1971 4328 accommoda-

2081 3182 2261 3238 μενος,
2292 3164 2405 3218 ἀλλ’
2436 3165 2492 3217 ἐν
2519 3168 2632 3229 τοῖς
2659 3166 2749 3218 ὑπ’
2780 3165 2944 3219 αὑτοῦ
2974 3167 3332 3239 ἐκτισμένοις.

2148 3255 2301 3327 Σχόλ.
2332 3256 2432 3326 λγ’.
2462 3256 2699 3325 Ζητεῖτε
2723 3256 2838 3325 τὴν
2852 3258 3182 3322 ,βασιλείαν
3216 3258 3323 3312 τοῦ
3352 3260 3519 3327 Θεοῦ,
3551 3262 3654 3317 καί

2077 3347 2263 3401 ταῦτα
2291 3345 2488 3401 πάντα
2512 3346 2984 3414 προστεθήσεται
3012 3348 3174 3417 ὑμῖν.

2151 3438 2372 3508 Ἔλεγχ.
2410 3436 2513 3507 λγ’.
2562 3439 2625 3491 Εί
2662 3438 2771 3492 τῶν
2792 3438 2951 3492 ἄλλου
2977 3440 2997 3470 ⁸
3016 3438 3345 3511 τρεφόμεθα,
3366 3440 3460 3493 καὶ
3494 3440 3653 3506 ἄλλος

2075 3526 2208 3590 Θεὸς
2242 3527 2339 3597 τῆς
2378 3526 2653 3597 βασιλείας
2682 3528 2790 3581 τῶν
2818 3528 3062 3600 οὐρανῶν
3086 3530 3342 3600 ὑπάρχει,
3368 3530 3484 3594 πῶς
3516 3531 3595 3584 ἔτι
3623 3534 3654 3585 ό

2075 3617 2231 3687 λόγος
2264 3619 2618 3689 συμφωνήσει
2640 3635 2655 3684 ;
2681 3619 2743 3671 El
2781 3619 2889 3689 γὰρ
2910 3618 3111 3672 ταύτοῦ
3142 3621 3257 3673 ἐστι
3296 3620 3364 3673 τὰ
3397 3620 3649 3687 ἐνταῦθα,

2075 3711 2169 3765 καὶ
2207 3710 2372 3764 αὑτοῦ
2418 3712 2564 3765 ἐστιν
2606 3712 2638 3783 ἠ
2674 3710 2937 3780 βασιλεία⁹
2982 3710 3061 3765 διὸ
3104 3712 3426 3784 προστίθησι
3474 3714 3650 3768 πάντα

2072 3803 2141 3857 τὰ
2166 3803 2400 3857 ἐνταῦθα
2422 3801 2550 3855 ὄντα
2575 3802 2739 3855 αὑτοῦ
2761 3802 2849 3856 διὰ
2874 3802 2963 3857 τὸν
2986 3804 3230 3874 κάματον
3249 3804 3341 3857 τοῦ
3363 3804 3525 3858 πόθου
3548 3806 3648 3877 τῆς

2073 3894 2240 3950 αὐτοῦ
2272 3894 2567 3968 βασιλείας·
2602 3896 2635 3967 ἢ
2672 3895 2837 3950 αὑτοῦ
2873 3896 3025 3968 μὲνὴ
3061 3896 3327 3967 βασιλεία,
3363 3899 3456 3953 καὶ
3482 3900 3510 3952 ό
3534 3902 3649 3953 ἐκεῖ

2072 3989 2229 4056 αἰὼν,
2265 3989 2360 4044 τοῦ
2390 3989 2447 4044 δὲ
2476 3987 2819 4059 Δημιουργοῦ
2850 3988 2917 4041 τὰ
2936 3987 3192 4043 ἐνταῦθα·
3222 3988 3318 4042 καὶ
3342 3989 3647 4043 συνευδοκεῖ

2070 4086 2100 4138 ό
2126 4081 2466 4154 Δημιουργὸς
2492 4083 2558 4152 τῇ
2588 4078 2684 4133 τοῦ
2722 4080 2835 4135 ἄνω
2868 4079 3137 4150 βασιλεία,
3177 4081 3641 4153 ἀπιλαμσανόμε-

2071 4193 2161 4239 νος
2190 4177 2299 4229 τῶν
2329 4173 2426 4245 τὴν
2454 4172 2801 4245 δικαιοσύνην
2830 4173 2925 4226 τοῦ
2956 4174 3067 4229 ἄνω
3095 4173 3191 4227 καὶ
3232 4172 3504 4243 βασιλείαν
3544 4176 3643 4246 ζη-

2070 4265 2326 4320 τούντων.
2362 4264 2509 4327 Μιᾶς
2540 4262 2598 4316 δὲ
2629 4260 2795 4333 οὔσης
2824 4262 3090 4328 εὐδοκίας,
3120 4263 3213 4316 καὶ
3246 4263 3364 4333 οὐχὶ
3392 4263 3640 4333 διαφερο-

388 4374 500 4421 tam
523 4383 666 4431 esse,
697 4380 822 4421 cum
884 4366 952 4421 iis
1006 4364 1260 4420 omnibus
1313 4364 1649 4435 gratiﬁcetur
1681 4374 1737 4421 et
1766 4363 1966 4430 faveat,

2094 4358 2262 4429 ιένης,
2307 4356 2491 4411 οὐκέτι
2539 4354 2633 4409 δύο
2669 4355 2835 4427 ἀρχαὶ
2867 4354 2900 4426 ἦ
2934 4357 3100 4426 τρεῖς·
3152 4354 3230 4425 τῷ
3282 4354 3390 4427 γὰρ
3430 4350 3641 4422 evasi;

388 4458 760 4528 quijustitiam
797 4457 969 4528 ipsius
1024 4471 1090 4511 ac
1132 4471 1359 4527 regnum
1402 4456 1700 4527 requirant.
1729 4457 1885 4523 Quod
1917 4459 1965 4514 si

2094 4469 2219 4505 ,στιν
2246 4452 2274 4503 ό
2298 4450 2449 4514 Θεὸς,
2478 4451 2506 4503 ό
2532 4448 2600 4503 τὰ
2628 4450 2806 4503 πάντα
2833 4449 3085 4518 ποιήσαςο
3112 4449 3339 4519 ποιήσας
3363 4448 3419 4501 δὲ
3442 4447 3636 4515 καλῶς,

385 4548 683 4604 voluntatis
712 4549 862 4603 nulla
888 4547 1185 4613 dissensio,
1202 4546 1298 4603 sed
1329 4562 1544 4603 summa
1570 4548 1816 4619 quaedam
1831 4564 1965 4603 con-

385 4640 574 4695 cordia
605 4641 693 4707 sit,
728 4657 834 4696 non
854 4642 966 4710 jam
989 4641 1099 4697 duo
1130 4648 1279 4705 sunt,
1309 4641 1481 4697 triave
1505 4642 1793 4713 principia.
1822 4642 1962 4698 Vere

2070 4543 2164 4597 καὶ
2191 4542 2292 4596 οὐκ
2325 4541 2604 4605 ἐναντίως.
2642 4540 2829 4612 Ἠμῶν
2857 4539 2915 4593 δέ
2937 4542 3055 4593 ἐστι
3083 4539 3145 4592 τὸ
3172 4540 3523 4611 ἁμαρτάνειν,
3546 4544 3640 4596 καὶ

2069 4638 2396 4708 σφάλλεσθαι
2430 4640 2487 4691 ἐν
2512 4636 2591 4707 τῷ
2623 4635 2821 4699 θέλειν,
2853 4636 2948 4688 καὶ
2976 4636 3033 4687 ἐν
3058 4634 3135 4705 τῷ
3176 4635 3250 4706 μὴ
3282 4634 3475 4690 θέλειν.

384 4732 529 4787 enim
552 4732 695 4789 Deus
725 4750 869 4791 unus
888 4742 991 4801 est,
1029 4735 1119 4805 qui
1146 4736 1401 4791 universa
1434 4737 1717 4803 condidit;
1749 4746 1804 4793 et
1868 4737 2090 4809 quidem
2156 4737 2316 4802 bene,
2386 4749 2493 4789 non
2542 4731 2820 4789 contrario
2871 4730 3033 4786 modo
3071 4730 3334 4787 condidit.
3406 4732 3635 4789 Peccare

387 4844 517 4884 vero
550 4840 796 4885 nostrum
851 4840 955 4898 est,
1012 4842 1173 4902 atque
1211 4832 1266 4887 in
1317 4833 1568 4903 eligendo
1598 4833 1961 4905 fugiendoque
1996 4834 2269 4889 aberrare.
2968 4838 2971 4839 ⁷

457 4924 646 4980 Schol.
672 4926 761 4980 54.
790 4925 896 4981 Pro
918 4942 983 4983 eo
1016 4927 1162 4999 quod
1182 4935 1297 4983 cst:
1329 4926 1491 4983 Pater
1524 4938 1689 4984 vester
1717 4931 1760 4995 ',
1790 4930 1956 4986 habe-

383 5015 497 5081 bat,
529 5015 712 5072 Pater.

454 5105 636 5162 Refut.
666 5107 911 5164 54.Nihil
934 5125 1112 5168 causa:
1140 5119 1339 5167 nostra:
1369 5128 1436 5168 ne
1456 5111 1560 5168 hoc
1590 5112 1711 5167 loco
1734 5112 1955 5183 quidem

381 5197 572 5264 oﬂicis,
620 5200 716 5255 sed
756 5216 875 5257 eam
910 5204 1083 5274 magis
1112 5206 1389 5274 sublevas,
1426 5207 1556 5261 dum
1587 5206 1785 5261 horum
1818 5205 1958 5262 infc-

380 5291 588 5346 riorum
611 5306 799 5347 curam
833 5310 865 5349 a
893 5293 1057 5351 Patre
1085 5313 1185 5353 suo
1219 5299 1333 5368 geri
1383 5298 1729 5354 conﬁtentem
1762 5295 1956 5351 Salva-

376 5388 551 5439 torem
582 5384 817 5443 inducis.

452 5557 472 5590 ί
489 5557 640 5631 _Luc.
677 5576 779 5631 xu,
819 5562 907 5620 28.

376 5629 409 5699 ἡ
435 5629 561 5701 γάρ.

1018 5564 1189 5623 ‘ibid.
1229 5567 1281 5622 8.
1392 5565 1410 5595 ’
1441 5567 1571 5623 ibid.
1619 5569 1708 5625 30.

1811 5566 1833 5599 ⁸
1865 5568 1997 5625 ibid.
2024 5567 2112 5627 3i.

2134 4928 2288 4999 Σχόλ.
2320 4926 2415 4985 λό’.
2470 4926 2616 4980 Ἀντὶ
2637 4924 2752 4978 τοῦ·
2810 4922 2874 4976 '0
2905 4920 3108 4990 Πατὴρ
3141 4919 3329 4990 ὑμῶν,
3365 4924 3401 4977 ό
3435 4925 3630 4994 Πατὴρ

2060 5016 2228 5078 εἷγεν.

2148 5040 2228 5078 εν.

2113 5040 2357 5183 χἝλεγχ.
2394 5110 2617 5165 λδ’.Καὶ
2652 5110 2709 5163 ἐν
2746 5108 2920 5178 τούτῳ
2956 5106 3108 5160 οὐδὲν
3144 5107 3293 5177 ἡμᾶς
3333 5106 3620 5179 ἀδικήσεις⁹

2057 5205 2194 5261 ἀλλὰ
2218 5206 2297 5259 ἐτι
2326 5201 2767 5265 ἐπιϐεϐαιώσεις.
2804 5201 2909 5253 Τὸν
2938 5200 3047 5270 γὰρ
3077 5199 3239 5252 αὐτοῦ
3260 5200 3482 5273 Πατέρα
3502 5220 3621 5271 προ-

2057 5301 2198 5351 νοεῖν
2230 5296 2337 5351 τῶν
2376 5294 2610 5350 ἐνταῦθα
2641 5292 3000 5366 ὡμολόγησας
3032 5290 3123 5345 τὸν
3155 5290 3389 5363 Σωτῆρα
3416 5294 3622 5364 είρηκέ.

2055 5407 2161 5450 ναι.

2220 5568 2243 5602 ⁸
2273 5567 2398 5625 ibid.
2443 5566 2531 5623 30.
2649 5565 2672 5598 ⁸
2706 5565 2863 5625 Corr.
2895 5568 2958 5622 ἐκ
2990 5563 3098 5620 τῶν
3126 5561 3306 5618 ἄλλου.
3418 5562 3441 5595 ⁷
3472 5559 3613 5622 Corr.
