3768 6182
92 195 220 257 749
753 197 1121 257 ADVERSLS
1160 198 1499 255 IIAERESES
1537 200 1665 256 LIB.
1701 200 1740 255 1.
1783 200 1945 257 ΤΟΜ.
1987 202 2072 257 lll.
2113 232 2182 244 -—
2222 202 2495 259 ll/ERES.
2536 204 2697 261 XLIl.
3256 205 3362 262 750

178 314 343 386 Σχόλ.
385 315 480 371 λε’.
530 315 678 369 ’Δντὶ
711 316 826 382 τοῦ,
862 316 1112 387 δευτέρᾳ
1155 317 1194 387 ἢ
1223 319 1392 387 τρίτῃ
1421 317 1685 387 φυλακῇ,

1867 317 2051 375 Schol.
2078 320 2167 375 55.
2207 319 2313 376 Pro
2364 337 2430 375 eo
2483 321 2628 389 quod
2670 328 2774 386 est,
2810 323 3060 385 secunda,
3102 323 3177 377 rel
3211 330 3367 383 tertia

93 404 283 479 εἶχεν,
311 407 601 477 ἑσπερινῇ
627 408 897 477 φυλακῇ.
1400 480 1407 485 ⁸

1863 410 2035 464 stadia
2064 412 2103 474 ⁸,
2133 411 2456 480 scripserat,
2497 414 2786 479 vespertina
2808 414 3070 467 custodia.

186 502 411 570 Ἔλεγχ.
437 500 532 555 λε’.
577 500 970 571 Ἐλήλεγκταιὸ
989 502 1286 573 κτηνώδης,
1317 502 1694 574 μεταστρέψας

94 591 243 654 τοὺς
282 590 462 655 θείους
491 591 685 660 λόγους
728 593 971 663 ἀνοήτως
1017 594 1155 665 πρὸς
1197 595 1294 665 τὴν
1331 595 1523 648 ἑαυτοῦ
1564 594 1696 649 ὑπό-

96 702 289 740 νοιαν.
318 684 392 738 Οὐ
423 684 532 756 γὰρ
569 686 826 757 ήμεριναὶ
863 686 1101 755 γίνονται
1124 687 1236 756 (7⁸5)
1272 685 1530 754 φυλακαὶ,
1559 684 1696 740 ἀλλὰ

1864 500 2045 558 Refut.
2082 502 2170 559 '55.
2207 502 2287 558 Ex
2308 502 2411 558 hoc
2434 503 2553 558 loco
2582 502 2869 560 manifeste
2893 506 3069 560 bellua
3105 509 3208 562 ista
3237 525 3369 563 cou-

1795 594 2035 650 vincitur
2063 595 2247 650 divina
2308 595 2375 649 ad
2419 593 2719 666 opiniones
2757 612 2885 655 suas
2918 602 3137 655 oracula
3175 602 3370 671 depra-

1796 701 1975 742 vasse.
2030 686 2217 757 Neque
2277 688 2423 742 enim
2480 688 2691 744 diurnae
2741 699 2871 745 sunt
2913 693 3198 758 custodiae,
3272 695 3368 749 sed

101 778 460 847 νυκτεριναὶ,
511 775 618 829 ἀπὸ
659 775 896 848 ἑσπέρας
940 778 1020 839 είς
1058 776 1156 848 τὴν
1195 776 1417 847 πρώτην
1450 775 1695 847 φυλακὴν

101 872 405 942 προκοπὴν
430 871 528 940 τῆς
558 870 904 933 ἐπεκτάσεως
938 870 1180 949 έχουσαι,
1210 872 1306 926 καὶ
1334 871 1435 925 οὐκ
1463 870 1571 924 ἀπὸ
1595 871 1695 941 τῆς

98 962 190 1015 Et»
242 964 323 1026 είς
358 962 456 1033 τὴν
493 962 754 1033 ἑσπέραν,
803 962 878 1025 ὡς
924 958 1076 1025 οὗτος
1118 962 1397 1016 ἁλίσκεται
1447 962 1698 1036 ῥᾳδιουρ-

100 1059 319 1127 γήσας.

186 1145 349 1217 Σχόλ.
375 1144 483 1209 λς’.
521 1143 682 1209 Ἥξει
715 1147 748 1198 ὀ
777 1144 992 1213 Κύριος
1031 1145 1136 1198 τοῦ
1176 1144 1401 1199 δούλου
1437 1144 1694 1210 ἐκείνου,

101 1237 215 1292 καί
246 1236 631 1307 διχοτομήσει
668 1238 877 1302 αὐτὸν,
910 1236 1008 1291 καί
1035 1238 1100 1292 τὸ
1125 1238 1307 1308 μέρος
1330 1239 1517 1294 αὑτοῦ
1547 1242 1699 1310 μετὰ

104 1328 238 1383 τῶν
262 1330 535 1383 ἀπίστων
567 1329 760 1396 θήσει.

189 1420 411 1490 Ἐλεγχ.
445 1418 552 1485 λς’.
581 1421 677 1485 Τίς
700 1421 729 1473 6
757 1420 1051 1492 διχοτομῶν
1075 1423 1167 1476 τὸν
1197 1422 1416 1490 δούλονς
1452 1424 1598 1495 λέγε.
1634 1425 1698 1479 Εἰ

109 1512 221 1569 μὲν
253 1513 282 1565 6
313 1513 654 1583 Δημιουργὸς
699 1514 797 1566 καὶ
838 1512 1030 1584 κριτὴς
1075 1514 1226 1586 παρὰ
1269 1515 1360 1569 σοῦ
1408 1516 1698 1588 λεγόμενος

104 1602 255 1666 Θεός
277 1605 424 1656 ἐστιν
445 1605 472 1657 6
489 1603 645 1657 τοῦτο
659 1603 867 1674 μέλλων
889 1605 1173 1675 πράσσειν,
1188 1607 1295 1679 ἄρα
1310 1607 1474 1661 αὐτοῦ
1492 1610 1627 1662 εἰσιν
1650 1612 1698 1662 οί

1797 786 2103 843 nocturna),
2133 793 2256 849 qua:
2299 792 2331 832 a
2373 794 2600 850 vespera
2655 779 2887 850 primam
2946 783 3013 837 ad
3059 785 3366 839 custodiam

1797 878 2188 940 prorogantur,
2246 886 2356 926 non
2403 886 2434 925 a
2480 873 2753 927 matutino
2791 872 3035 928 diiuculo
3065 875 3131 928 ad
3172 892 3367 947 vespe-

1798 977 1937 1027 ram,
1962 963 2420 1034 quemadmodum
2452 963 2556 1021 iste
2586 964 2857 1036 ﬂagitiose
2889 968 3189 1024 substituit.

1806 1194 1807 1197 η
1872 1142 2059 1199 Schol.
2100 1144 2189 1201 56.
2231 1144 2409 1200 Veniet
2443 1145 2703 1203 Dominus
2731 1150 2867 1204 servi
2894 1150 3064 1216 illius,
3102 1162 3152 1206 et
3171 1153 3369 1209 secabft

1798 1248 1938 1299 eum,
1974 1243 2024 1288 et
2054 1243 2259 1303 partem
2286 1235 2399 1305 ejus
2416 1247 2570 1306 ponet
2593 1254 2711 1292 cum
2733 1239 3033 1310 inﬁdelibus
3074 1244 3116 1298 ².

1872 1411 2054 1469 llefut.
2075 1411 2166 1471 36.
2197 1412 2332 1479 Quis
2351 1412 2511 1471 istius
2540 1416 2681 1471 servi
2700 1429 2879 1473 sector
2898 1428 3001 1486 est,
3030 1420 3257 1491 agedum
3290 1423 3345 1477 di

1802 1504 1932 1559 cito.
1964 1503 2022 1560 Si
2048 1505 2192 1560 enim
2222 1506 2313 1561 ille
2346 1506 2462 1577 ipse
2488 1506 2735 1574 Creator,
2764 1525 2927 1579 quem
2964 1522 3019 1567 tu
3041 1512 3281 1582 judicem
3305 1530 3371 1570 ac

1803 1596 1971 1652 Deum
2013 1598 2229 1662 statuis,
2282 1598 2385 1654 hoc
2417 1600 2641 1654 omnino
2672 1600 2920 1659 facturus
2969 1613 3075 1668 est,
3119 1605 3186 1659 ad
3228 1606 3372 1662 hunc

106 1694 325 1749 πιστοίο
356 1694 625 1765 ἐπιτιμῶν
646 1696 753 1766 γὰρ
773 1696 849 1768 τῷ
872 1695 949 1769 μὴ
975 1698 1154 1763 καλῶς
1181 1677 1474 1769 πράττοντι
1503 1700 1685 1771 δούλῳ.

1863 1704 1962 1744 ane
1996 1688 2182 1745 ﬁdeles
2215 1688 2587 1760 pertinebunt.
2617 1691 2828 1749 Etenim
2861 1710 3078 1750 servum
3112 1698 3199 1754 ille
3229 1699 3373 1754 haud

102 1786 181 1839 τὸ
206 1785 394 1855 μέρος
420 1786 606 1840 αὐτοῦ
632 1787 784 1856 μετὰ
814 1786 934 1841 τῶν
959 1789 1230 1843 ἀπίστων
1262 1791 1518 1858 τίθησινο
1555 1793 1605 1844 εί
1641 1792 1699 1845 δὲ

106 1880 143 1930 ὀ
169 1877 365 1948 Πατὴρ
394 1877 487 1931 τοῦ
518 1879 757 1948 Χριστοῦ
787 1881 959 1945 ἐστιν,
983 1881 1016 1951 ἢ
1038 1881 1198 1945 αὐτὸς
1224 1882 1251 1935 ὁ
1277 1882 1555 1954 Χριστὸςὸ
1575 1882 1699 1954 μέλ-

106 1970 228 2025 λων
273 1969 433 2023 τοῦτο
477 1971 765 2036 ἐπιτελεῖν,
814 1972 1000 2041 σαφῶς
1045 1972 1143 2044 τὴν
1195 1973 1503 2045 μαρτυρίαν
1549 1974 1702 2047 παρὰ

109 2061 308 2133 σαυτῷ
357 2061 645 2132 φυλάττεις
691 2062 833 2117 κατὰ
868 2063 961 2117 σοῦ
992 2058 1177 2117 οὖσαν·
1212 2063 1486 2135 ὁμολογῶν
1520 2066 1628 2137 γὰρ
1664 2066 1697 2136 ἢ

107 2151 359 2222 Χριστὸν
401 2151 434 2223 ἢ
468 2151 559 2205 τὸν
592 2152 757 2207 αὐτοῦ
802 2153 1022 2225 Πατέρα
1065 2152 1224 2206 τοῦτο
1272 2154 1533 2225 πράττειν
1575 2155 1703 2226 μὲλ-

106 2243 284 2321 λοντα
314 2244 717 2315 ἀναμφιϐόλως,
756 2245 1115 2317 ὡμολόγησας
1156 2246 1248 2299 τὸν
1279 2247 1440 2299 αὑτὸν
1483 2247 1696 2318 κριτὴν,

110 2337 211 2389 καὶ
248 2336 340 2389 τὸν
361 2337 518 2389 αὐτὸν
542 2337 765 2406 ἀγαθὸν,
796 2337 890 2391 καί
912 2337 1014 2391 ἕνα
1040 2336 1187 2403 ὄντα,
1221 2337 1327 2392 τῶν
1358 2332 1460 2393 ὦδε
1481 2339 1702 2393 καὶτῶν

110 2428 238 2481 ὲκει
261 2428 677 2500 προνοούμενον.

191 2521 352 2591 Σχόλ.
381 2520 475 2586 λζ’.
508 2521 605 2588 Μή
636 2534 781 2574 ποτε
806 2522 1116 2590 κατασύρῃ
1153 2538 1229 2576 σε
1253 2522 1404 2589 πρὸς
1440 2521 1549 2575 τὸν
1580 2538 1701 2591 κριο

111 2614 261 2677 τὴν,
296 2612 394 2667 καὶ
416 2615 448 2668 ὀ
472 2612 680 2682 κριτὴς
700 2613 1043 2682 παραδώσει
1070 2628 1144 2667 σε
1173 2612 1253 2678 τῷ
1278 2613 1584 2683 πράκτορι.

197 2704 421 2775 Ἔλεγχ.
445 2705 541 2769 λζ’.
558 2707 606 2758 Κ
615 2704 768 2777 ριτὴν
787 2703 933 2775 λέγει
944 2704 1037 2759 τὸν
1051 2707 1124 2778 Δη
1133 2723 1254 2778 μισυ
1264 2706 1410 2778 ργὺν,
1419 2707 1566 2776 πράκ
1574 2722 1702 2775 τορα

112 2796 180 2851 δὲ
212 2796 443 2850 ἕκαστον
474 2798 579 2852 τῶν
605 2796 771 2850 αὐτοῦ
809 2798 1074 2867 ἀγγέλων,
1118 2799 1417 2869 μέλλοντας
1449 2800 1702 2853 ἀπαιτεῖν

113 2888 255 2952 Διποίις
277 2888 630 2961 ἁμαρτωλοὺς
668 2889 737 2944 τὰ
772 2890 1156 2961 πεπραγμένα.
1185 2892 1319 2945 Ποῖα
1346 2891 1401 2943 δὲ
1428 2890 1543 2944 ἀλλ’
1567 2890 1600 2960 ἢ
1634 2889 1703 2943 τὰ

118 2983 422 3053 σφάλματα
447 2982 542 3036 καὶ
569 2983 963 3054 ἁμαρτήματα,
994 2982 1030 3036 ἃ
1062 2983 1156 3036 καὶ
1179 2985 1207 3035 6
1244 2982 1449 3053 Ἰησοῦς
1486 2981 1703 3052 βδελύσ⁶
1729 3017 1772 3075 C

120 3090 306 3138 σεται,
344 3072 381 3127 ἃ
412 3074 507 3127 καὶ
536 3075 601 3128 σὺ
642 3073 1006 3146 ἀπαγορεύειν
1046 3073 1260 3143 λέγειςς
1303 3074 1367 3127 Et
1406 3073 1583 3127 τοίνυν
1610 3072 1646 3128 ἃ
1674 3074 1703 3126 6

116 3166 334 3235 ἀγαθὸς
373 3165 504 3229 Θεὸς
541 3164 907 3236 βδελύσσεται,
943 3165 1039 3219 καὶ
1084 3166 1112 3217 6
1159 3165 1373 3236 κριτὴς,
1403 3165 1498 3218 καὶ
1533 3167 1562 3218 6
1595 3167 1702 3237 Δη-

119 3259 391 3329 μιουργὸς
428 3257 497 3312 τὰ
531 3259 670 3312 αὐτὰ
703 3258 1070 3329 βδελύσσεται,
1106 3252 1186 3321 εἷς
1218 3258 1334 3310 ἐστι
1362 3258 1455 3310 καὶ
1488 3259 1517 3311 6
1542 3257 1703 3321 αὐτὸς

116 3350 234 3402 ἀπὸ
260 3350 355 3404 τοῦ
383 3350 546 3420 ἔργου
575 3350 940 3419 δεικνύμενος,
966 3348 1181 3419 καὶτῆς
1214 3349 1345 3417 μιᾶς
1378 3348 1645 3411 εὐδοκίας.

200 3441 357 3512 Σχόλ.
384 3442 483 3513 λη’.
516 3438 623 3496 ’Ἤν
656 3442 1151 3513 παρακεκομμένον
1193 3440 1301 3493 ἀπὸ
1338 3440 1454 3505 τοῦ,
1483 3437 1705 3497 Ἦλθον

124 3554 293 3602 τινες
322 3535 799 3605 ἀναγγέλλοντες
832 3534 993 3600 αὺτῷ
1026 3535 1160 3605 περὶ
1193 3535 1313 3587 τῶν
1343 3536 1705 3602 Γαλιλαίων,

121 3623 215 3681 ὧν
248 3626 313 3679 τὸ
343 3622 485 3695 az'ya
527 3625 812 3694 συνέμιξε
853 3624 1135 3692 Πιλᾶτος’
1145 3625 1296 3695 μετὰ
1326 3624 1445 3679 τῶν
1483 3625 1708 3681 θυσιῶν

123 3716 350 3782 αὐτῶν,
378 3718 483 3779 ἕως
507 3717 641 3769 ὅπου
670 3715 816 3784 λέγει
846 3715 976 3787 περὶ
1004 3715 1108 3768 τῶν
1139 3717 1196 3769 ὲν
1225 3715 1302 3787 τῷ
1330 3714 1552 3787 Σιλωὰμ
1575 3715 1708 3769 δέκα

122 3812 223 3865 καὶ
260 3809 404 3862 ὀκτὼ
442 3809 819 3863 ἀποθανόντων
853 3810 911 3862 ὲν
950 3808 1029 3879 τῷ
1068 3809 1279 3880 πύργῳ·
1326 3809 1421 3864 καὶ
1457 3810 1539 3863 ὅτι
1574 3810 1708 3863 Ἐὰν

116 3901 210 3974 μὴ
229 3900 663 3971 μετανοήσητε·
690 3899 784 3955 καὶ
809 3900 912 3963 ἕως
932 3899 1031 3970 τῆς
1054 3917 1128 3953 πα
1141 3899 1371 3971 ραὸολῆς
1393 3900 1490 3970 τῆς
1513 3902 1705 3970 συκῆς,

122 3993 262 4063 περὶ
282 3988 345 4063 ἦ..
377 3984 528 4043 εἶπεν
570 3992 599 4043 6
624 3990 891 4061 γεωργὸς,
934 3990 1016 4043 ὅτι
1059 3989 1329 4055 Σκάπτω,
1360 3989 1459 4043 καὶ
1494 3988 1709 4055 ,βάλλω

122 4086 366 4153 κόπρια,
397 4085 496 4138 καί
530 4082 638 4138 ἐὰν
655 4084 743 4153 μὴ
769 4084 1028 4151 ποιήσει,
1061 4083 1354 4151 ἔκκοψον.

201 4178 422 4247 Ἔλεγχ.
464 4176 568 4249 λη’.
597 4176 815 4229 Τούτων
845 4176 1061 4229 πάντων
1091 4176 1384 4246 ἐποιήσατο
1414 4176 1512 4248 τὴν
1542 4175 1708 4244 ἀφαί-

128 4286 282 4341 ρεσιν
326 4272 355 4323 6
394 4267 650 4340 συλητὴς,
685 4268 899 4339 κρύψας
931 4269 1024 4336 ἀφ’
1060 4266 1255 4322 ἑαυτοῦ
1288 4268 1387 4339 τὴν
1429 4267 1705 4338 ἀλήθειαν,

1802 1788 1949 1835 recte
1978 1796 2097 1837 sese
2116 1789 2385 1852 gerentem
2404 1783 2692 1854 increpans
2708 1795 2909 1855 partem
2930 1789 3076 1843 illius
3106 1806 3224 1844 cum
3249 1793 3370 1861 inﬁ-

1800 1872 2004 1927 detibus
2038 1873 2205 1941 ponit.
2237 1872 2392 1938 Quod
2432 1874 2479 1927 si
2507 1872 2669 1929 Pater
2702 1877 2819 1946 ipse
2842 1878 3070 1945 Christi,
3100 1883 3179 1935 vcl
3211 1884 3373 1937 etiam

1800 1967 2052 2023 Christus
2075 1966 2308 2036 idipsum
2337 1967 2688 2035 praestiturus
2709 1978 2812 2035 est,
2832 1973 3178 2041 perspicuum
3210 1976 3374 2029 habe~

1801 2068 1990 2111 contra
2047 2065 2101 2112 te
2157 2057 2552 2115 testimonium.
2586 2058 2723 2112 Cum
2773 2062 2918 2115 enim
2960 2062 3261 2123 Christum,
3293 2067 3374 2120 vel

1801 2148 1974 2216 ipsius
2000 2145 2215 2203 Patrem
2260 2146 2397 2202 citra
2430 2149 2592 2202 ullam
2629 2152 3059 2207 controversiam
3106 2153 3375 2209 facturum

1802 2239 1855 2292 id
1904 2254 2026 2294 esse
2074 2238 2302 2306 fateare,
2342 2241 2590 2296 eumdem
2624 2242 2828 2311 pariter
2854 2250 2908 2297 et
2934 2243 3174 2313 judicem
3202 2256 3257 2302 ct
3283 2248 3366 2301 bo.

1805 2346 1954 2397 num,
2012 2339 2067 2386 et
2112 2332 2332 2387 unicum
2364 2340 2473 2386 tam
2518 2332 2828 2389 inﬁmorum
2873 2350 3035 2406 quam
3070 2338 3375 2395 ccelcstium

1803 2424 2200 2478 moderatorem
2226 2424 2537 2481 constituis.

1874 2516 2059 2572 Schol.
2093 2518 2181 2572 57.
2216 2516 2299 2571 Ne
2326 2518 2462 2587 forte
2497 2518 2670 2573 trahat
2696 2529 2743 2573 te
2766 2520 2836 2574 ad
2845 2521 3105 2591 judicem,
3127 2535 3176 2579 et
3207 2526 3379 2596 judea.

1804 2607 1982 2660 tradat
2008 2616 2055 2662 te
2073 2608 2310 2661 exactori
2345 2608 2385 2662 ³.

1872 2697 2036 2769 336
2068 2697 2249 2754 Rcfut.
2278 2699 2366 2754 57.
2401 2696 2647 2755 Judicem
2668 2701 2761 2758 hic
2779 2702 3089 2761 Creatorem
3122 2708 3376 2778 appellat,

1802 2799 2112 2846 exactorem
2159 2805 2325 2860 porro
2364 2791 2538 2860 ipsius
2572 2794 2888 2862 angelorum
2923 2797 3242 2865 quemlibet,
3282 2802 3378 2871 qui

1804 2884 2074 2939 factorum
2110 2884 2376 2940 rationem
2422 2886 2851 2955 apeccatoribus
2880 2890 3263 2959 exigentQuaa
3282 2908 3372 2947 au-

1809 2985 1913 3029 tem
1978 2976 2070 3031 illa
2128 2975 2291 3043 facta,
2327 2977 2431 3033 nisi
2485 2978 2682 3033 delicta
2716 2986 2767 3036 et
2802 2990 3024 3050 peccata
3070 2992 3217 3046 sunt,
3258 3001 3377 3054 qua).

1807 3066 1967 3123 Jesus
1993 3068 2418 3133 detestatur,ret,
2445 3079 2505 3124 ut
2544 3069 2734 3128 fateris
2763 3073 2898 3142 ipse,
2925 3074 3212 3144 prohibet?
3240 3075 3378 3148 Ergo

1808 3172 1929 3210 cum
1962 3158 2150 3212 eadem
2184 3157 2296 3221 illa,
2328 3174 2450 3228 qua:
2470 3159 2647 3216 bonus
2685 3160 2828 3217 Deus
2846 3172 3179 3228 exsecratur,
3210 3166 3382 3237 judcr.

1807 3249 2108 3304 detestetur
2135 3258 2191 3305 et
2232 3251 2507 3315 conditor,
2546 3268 2692 3310 unus
2742 3254 2997 3326 idemque
3040 3274 3204 3328 opere
3236 3260 3379 3331 ipso,

1807 3358 1872 3395 ac
1903 3341 2200 3398 voluntatis
2237 3344 2599 3401 consensione
2624 3346 2956 3403 declaratur.

1879 3436 2063 3491 Schol.
2087 3437 2174 3492 38.
2207 3435 2519 3492 Sustulerat
2550 3454 2617 3493 ex
2649 3440 2741 3494 illo
2772 3441 2893 3496 loco
2928 3460 2942 3496 :
2991 3441 3247 3498 Venerunt
3271 3446 3383 3515 qui-

1807 3527 1931 3580 dam
1957 3529 2261 3583 nuntiantes
2302 3529 2403 3598 ipsi
2425 3529 2490 3583 de
2521 3528 2782 3596 Galilaais,
2819 3548 3041 3603 quorum
3076 3536 3383 3606 sanguinem

1810 3620 2093 3674 miscuerat
2142 3619 2353 3675 Pilatus
2396 3637 2513 3675 cum
2543 3622 2824 3692 sacrificiis
2865 3640 3067 3690 eorum,
3104 3642 3280 3697 usque
3312 3628 3381 3682 ad

1808 3728 1894 3777 ea,
1933 3714 2130 3783 quibus
2168 3714 2235 3768 de
2260 3714 2563 3769 octodecim
2601 3714 2708 3770 illis
2735 3722 2818 3771 est
2850 3732 3052 3787 sermo,
3084 3721 3178 3789 qui
3206 3721 3260 3774 in
3296 3720 3383 3776 Si-

1811 3806 1951 3861 loam
1988 3807 2147 3861 ruina
2175 3809 2347 3862 turris
2375 3809 2627 3878 oppressi
2653 3819 2781 3864 sunt
2812 3810 2852 3863 ⁸.
2878 3809 3009 3866 item
3035 3828 3048 3863 :
3081 3811 3206 3867 Nisi
3225 3815 3382 3883 paeni-

1812 3901 2031 3953 tentiam
2056 3899 2284 3968 egeritis,
2313 3913 2489 3968 usque
2529 3899 2595 3953 ad
2634 3901 2947 3969 parabolam
2994 3901 3150 3968 licus,
3187 3905 3254 3959 de
3276 3921 3383 3975 qua

1809 3991 1948 4045 dixit
1978 3990 2216 4061 agricola
2240 4007 2252 4042 :
2279 3988 2527 4057 Fodiam,
2554 3998 2604 4044 et
2626 3992 2836 4045 mittam
2858 4002 3109 4064 stercora,
3132 4004 3183 4050 et
3211 3997 3259 4050 si
3280 4014 3383 4052 non

1810 4084 2011 4153 fecerit,
2043 4082 2220 4138 excide
2251 4083 2293 4137 ⁸.

1880 4175 2063 4233 Refut.
2092 4176 2182 4231 58.
2222 4174 2350 4231 Haec
2396 4176 2516 4233 ideo
2540 4176 2784 4233 nefarius
2807 4176 2990 4248 praedo
3019 4177 3291 4234 subtraxit
3319 4190 3384 4233 ac

1811 4267 2161 4338 semetipsum
2184 4269 2408 4323 veritate
2440 4267 2731 4333 fraudavit,
2754 4269 2899 4339 quod
2925 4268 3183 4323 Dominus
3223 4268 3383 4323 Pilati

125 4364 219 4418 διὰ
248 4363 309 4417 τὸ
348 4363 439 4416 τὸν
471 4362 676 4434 Κύριον
712 4361 1209 4433 ωμπεφωνηκέναι
1239 4361 1318 4432 τῷ
1347 4360 1525 4424 καλῶς
1558 4360 1683 4414 δικά

1863 4361 2141 4415 :ntentiam
2193 4374 2300 4430 qua
2350 4359 2599 4415 homines
2649 4360 2786 4415 istos
2839 4361 2962 4430 jure
3006 4361 3382 4423 damnaverat,

132 4473 285 4509 σαντι
305 4456 437 4518 τοὺς
461 4453 736 4517 τοιούτους
760 4454 999 4524 Πιλάτῳ·
1025 4453 1120 4507 καὶ
1142 4454 1224 4507 ὅτι
1254 4451 1434 4516 καλῶς
1463 4455 1512 4505 οί
1549 4454 1608 4505 ὲν
1636 4451 1714 4522 τῷ

127 4546 356 4617 Σιλωὰμ
400 4545 674 4598 ἀπέθανον
720 4544 1037 4616 ἁμαρτωλοὶ
1081 4543 1252 4608 ὄντες,
1293 4543 1387 4597 καὶ
1431 4543 1533 4597 ὑπὸ
1578 4542 1714 4597 Θεοῦ

126 4638 299 4702 οὕτως
334 4637 758 4711 τιμωρηθέντες.
804 4637 972 4691 Ὅταν
1002 4636 1061 4690 δὲ
1108 4635 1540 4707 ρᾳδιουργήσωσί
1569 4651 1711 4698 τινες

128 4730 387 4801 βασιλικὰ
429 4730 848 4800 προστάγματα,
893 4726 1001 4781 ἀπὸ
1040 4727 1146 4781 τῶν
1189 4728 1430 4801 ἀρχαίων
1464 4727 1532 4780 τὰ
1560 4727 1709 4781 ἀντί-

128 4840 321 4894 γραφα
342 4822 457 4892 (74)
482 4822 869 4894 προφερόμενα
900 4818 1320 4890 ὴσφαλισμένως
1342 4819 1534 4889 ἔχοντα
1561 4819 1715 4888 ἐλέγ-

128 4933 216 4987 χει
246 4915 375 4978 τοὺς
405 4914 665 4986 ἄφρονας.
699 4913 883 4979 Οὕτως
919 4914 1015 4967 καὶ
1043 4912 1150 4967 ἀπὸ
1188 4910 1282 4965 τοῦ
1313 4910 1591 4982 βασιλικοῦ
1630 4912 1711 4965 οῖ-

130 5022 251 5064 κου,
290 5004 538 5057 τουτέστι
576 5004 678 5074 τῆς
715 5005 877 5073 ἁγίας
903 5004 996 5057 τοῦ
1028 5001 1163 5055 Θεοῦ
1203 5001 1550 5073 Ἐκκλησίας,
1580 5020 1713 5073 τρο-

130 5094 433 5164 φερόμενον
456 5094 516 5148 :6
538 5094 867 5163 Εὐαγγὲλιον
897 5092 1107 5163 ἐλέγχει
1126 5091 1257 5167 τοὺς
1281 5090 1581 5161 ἁφανιστάς
1602 5091 1709 5145 τῶν

131 5184 312 5238 καλῶν
345 5186 658 5257 ἐνδυμάτων
688 5186 850 5257 μῡας.

203 5344 220 5375 ¹
251 5341 389 5397 Luc.
427 5357 529 5409 xu,
558 5342 647 5398 58.

202 5499 315 5569 (75)
351 5500 435 5553 Οὐ
474 5499 583 5569 γὰρ
623 5501 901 5573 ἠμεριναὶ
940 5502 1225 5572 γίνονται.
1262 5500 1417 5573 Apud
1456 5497 1705 5570 XenOph.

130 5584 311 5641 tamen
356 5572 735 5641 ἡμεροσκόπος
760 5580 861 5627 est.

200 5640 315 5713 (74)
360 5640 504 5711 Ἀπὸ
526 5640 643 5697 τῶν
671 5642 935 5713 ἀρχαίων
964 5643 1031 5699 τὰ
1050 5644 1185 5698 ἀντί
1258 5660 1400 5713 (τερα.
1429 5642 1582 5699 Corr.
1604 5640 1709 5696 τῶν

1812 4453 2157 4524 approbarit;
2188 4453 2442 4523 quodque
2474 4452 2629 4508 alteri
2659 4452 2757 4514 illi,
2782 4452 2874 4522 qui
2930 4451 2985 4506 in
3019 4449 3223 4504 Siloam
3259 4466 3382 4520 per-

1813 4544 2010 4609 ierant,
2044 4542 2239 4598 merito
2268 4557 2363 4597 eas
2395 4556 2586 4612 paruas
2610 4540 2828 4596 dedisse
2856 4539 3163 4605 videantur,
3194 4548 3385 4610 utpote

1816 4644 2155 4705 peccatores,
2195 4640 2250 4689 et
2288 4631 2556 4703 ejusmodi
2600 4648 2630 4686 a
2686 4630 2796 4687 Deo
2853 4631 3138 4702 suppliciis
3180 4631 3384 4687 all‘ecti.

1816 4725 1923 4781 Sed
1959 4733 2022 4780 ut
2062 4723 2410 4795 imperatoris
2467 4721 2643 4778 edicta
2682 4722 2729 4778 si
2770 4722 2864 4786 qui
2908 4737 3258 4792 corrumpere
3320 4738 3386 4778 ac

1814 4819 2114 4891 depravare
2147 4826 2435 4879 conentur,
2461 4816 2673 4886 prolata
2705 4830 2771 4869 ex
2805 4813 3041 4869 archivis
3070 4813 3386 4870 ﬁdelissima

1814 4908 2145 4979 exemplaria
2167 4908 2391 4965 insanos
2420 4906 2543 4961 illos
2572 4905 2901 4973 redarguunt
2929 4923 2941 4959 :
2975 4905 3057 4961 sic
3097 4920 3128 4959 e
3155 4905 3384 4975 palatio,

1817 4998 1922 5053 hoc
1958 5006 2044 5054 est
2077 4996 2323 5053 Ecclesia
2367 5003 2577 5061 sancta,
2616 4994 2997 5064 depromptum
3031 4993 3384 5067 Evangelium

1815 5089 2180 5161 egregiarum,
2204 5098 2264 5143 ut
2295 5088 2369 5144 ita
2396 5089 2591 5144 dicam.
2631 5087 2865 5142 vestium
2885 5094 3168 5144 arrosores
3198 5103 3383 5145 mures

1816 5183 1971 5238 facile
1999 5182 2219 5254 detegit.

747 5346 769 5375 ²
800 5342 932 5400 ibid.
966 5343 1056 5401 46.
1134 5344 1156 5376 ³
1183 5341 1313 5399 ibid.
1344 5342 1432 5397 58.
1510 5342 1531 5373 ⁵
1560 5340 1692 5396 Luc.
1721 5356 1839 5407 sttt,
1876 5340 1992 5394 1-4.
2071 5339 2091 5370 ⁸
2123 5337 2252 5394 ibid.
2285 5337 2413 5392 5-8.

1817 5498 2071 5570 ἀρχείων,
2099 5512 2166 5570 ex
2194 5498 2461 5570 Archivis.
2495 5498 2732 5570 lgnatius
2764 5500 2932 5570 epist.
2953 5514 3026 5560 vt,
3069 5502 3135 5570 ad
3168 5494 3381 5570 Pliilad.

1817 5568 2024 5640 ἤκουσα
2070 5568 2179 5640 γᾴρ
2201 5586 2361 5622 τινων
2411 5568 2695 5640 λεγόντων,
2748 5571 2848 5626 ὅτι.
2900 5568 3137 5640 Ἐὰν-μὴ
3169 5570 3225 5621 ὲν
3272 5568 3385 5630 τοῖς

1818 5638 2056 5713 ἀρχείοις
2087 5638 2231 5713 εβρω
2262 5640 2351 5694 τοῦ
2386 5639 2740 5709 Εὐαγγελίου,
2771 5641 2830 5693 οὐ
2864 5638 3119 5692 πιστεύω.
