3844 6274
461 238 560 294 751

449 450 595 518 gavit
623 446 855 502 Satanas
903 449 941 502 ¹.
1058 520 1064 523 _

528 536 710 593 Refut.
737 538 826 593 59.
858 537 992 593 Cum
1018 538 1243 594 venicns
1272 538 1533 596 Dominus
1578 539 1870 594 Abrahami
1913 539 2034 595 lilia:

454 625 642 684 curam
711 627 993 700 suscipiat,
1036 645 1146 684 non
1185 631 1292 686 erit
1335 631 1402 685 ab
1433 646 1499 687 eo
1529 630 1740 687 alienus
1783 631 2033 686 Abraha-

454 738 599 778 mus.
627 723 798 788 Quem
850 725 954 778 hoc
1004 722 1126 793 ipso
1155 722 1429 793 placuisse
1459 723 1562 779 sibi
1590 723 1856 787 declarat,
1886 721 2030 792 quod

450 814 570 884 ejus
602 813 726 868 ﬁliae
757 814 1132 870 misericordia
1167 820 1466 869 moveatur.

522 906 704 962 Schol.
767 905 856 961 40.
910 905 1040 961 Item
1111 907 1243 961 illud
1287 905 1529 963 ademit:
1569 903 1717 961 Tunc
1785 903 2031 958 videbitis

450 997 744 1062 Abraham,
792 995 972 1064 Isaac,
1022 1005 1072 1051 et
1105 996 1295 1060 Iacob,
1341 1005 1389 1052 et
1432 1012 1609 1052 omnes
1653 995 1931 1065 prophetas
1974 995 2030 1047 in

449 1106 606 1161 regno
630 1088 725 1143 Dei
747 1090 790 1144 ².
825 1087 932 1143 Pro
969 1104 1078 1160 quo
1114 1089 1398 1160 rescripsit
1435 1108 1449 1142 :
1488 1087 1622 1144 Cum
1650 1104 1826 1142 omnes
1847 1089 2026 1156 justas

446 1181 684 1236 videritis
720 1182 777 1235 in
825 1197 982 1250 regno
1048 1180 1165 1248 Dei,
1208 1195 1297 1236 vos
1341 1190 1518 1236 autem
1557 1181 1818 1236 exclusos.
1866 1177 2030 1247 Adje-

447 1274 652 1343 citque,
683 1273 917 1328 detentos
939 1273 1095 1342 foris.
1143 1272 1233 1331 Et.
1277 1273 1400 1329 Illic
1445 1284 1524 1329 est
1567 1273 1722 1342 ﬂetus
1748 1281 1795 1328 et
1827 1268 2029 1326 stridor

443 1365 702 1421 dentium.

510 1543 672 1615 337
701 1542 884 1600 Relut.
917 1544 1005 1600 40.
1043 1543 1328 1612 Quomodo
1358 1545 1605 1601 veritatis
1642 1542 1871 1615 vestigia
1904 1555 2028 1613 pro-

438 1633 708 1690 duntur!
785 1635 942 1691 Viam
1024 1636 1170 1692 enim
1253 1637 1529 1692 occultare
1604 1649 1767 1691 nemo
1822 1639 2022 1705 potest.

437 1729 518 1784 Ac
559 1729 690 1785 licet
732 1729 983 1785 homines
1017 1729 1086 1784 ab
1139 1743 1204 1784 ea
1245 1743 1540 1792 revocare,
1583 1737 1636 1784 et
1684 1728 1740 1783 in
1774 1741 2017 1783 errorem
2049 1701 2096 1762 Β

440 1819 616 1892 possit
665 1819 970 1884 abducere,
1032 1827 1126 1872 aut
1183 1819 1389 1890 ignaris
1438 1819 1824 1883 dissimulare,
1874 1817 2016 1872 idem

429 1917 622 1967 .tamen
651 1910 908 1967 itinerum
939 1910 1128 1981 peritis
1162 1909 1277 1966 ﬁeri
1325 1912 1551 1982 nequit;
1593 1912 1720 1982 quia
1758 1918 1924 1977 terra,
1960 1911 2016 1965 in

436 2017 545 2075 qua
592 2002 662 2059 sit
687 2003 956 2074 impressa
999 2003 1114 2066 via,
1157 2001 1277 2058 tolli
1324 2001 1570 2058 funditus
1607 2018 1636 2058 e
1682 2003 1861 2059 medio
1905 2017 2015 2058 non

436 2103 637 2166 potest.
678 2093 742 2149 Et
777 2095 1028 2166 quamvis
1070 2095 1217 2151 illam
1258 2096 1516 2152 obscuret
1545 2097 1819 2168 quispiam
1841 2140 1855 2166 ,
1888 2113 2014 2152 cum

436 2185 579 2240 idem
615 2191 796 2240 tamen
833 2185 997 2255 hujus
1024 2185 1176 2242 locus
1207 2195 1508 2251 remaneat,
1541 2189 1635 2259 qui
1665 2204 1782 2244 eam
1821 2191 2014 2260 depra-

432 2275 640 2331 vaverit
673 2289 703 2329 a
738 2276 928 2346 peritis
972 2275 1117 2331 haud
1154 2277 1370 2334 didicile
1420 2282 1754 2351 coarguitur.
1807 2279 2012 2348 Quam-

430 2367 618 2421 obrem
667 2366 934 2422 orationis
1005 2366 1179 2437 ipsius
1230 2368 1457 2440 vestigia
1519 2377 1572 2424 et
1622 2373 2009 2442 consequentia

430 2458 664 2528 respice.
699 2455 855 2512 Illum
887 2457 1029 2512 enim
1059 2459 1237 2528 ipsum
1279 2475 1586 2518 sermonem
1622 2462 1690 2517 ad
1721 2478 2011 2534 quemnam

431 2550 597 2603 alium
629 2557 988 2620 praeterquam
1019 2549 1087 2605 ad
1115 2549 1333 2608 Judseos
1378 2553 1610 2608 habuit?
1649 2554 1804 2623 Quod
1835 2557 1882 2613 si
1910 2555 2009 2612 Ju-

430 2642 576 2697 dteos
627 2643 1038 2712 alloquebatur,
1068 2644 1180 2713 jam
1221 2660 1318 2703 eos
1358 2647 1504 2704 intus
1557 2646 1728 2705 fuisse
1779 2649 2010 2705 demon-

429 2735 658 2798 strabat,
689 2741 742 2790 et
767 2750 794 2787 a
822 2734 1098 2804 iustorum
1124 2739 1404 2795 consortio
1435 2749 1772 2812 segregatos.
1791 2743 1861 2797 At
1881 2759 2011 2800 vero

425 2825 647 2894 quinam
695 2827 730 2880 ii
764 2834 931 2894 sunt,
982 2829 1088 2885 nisi
1139 2830 1448 2895 Abraham,
1483 2830 1668 2898 Isaac,
1709 2832 1914 2900 Iacob,
1955 2827 2010 2889 et

424 2917 746 2988 prophetae?
784 2917 904 2974 Non
947 2921 1094 2976 enim
1132 2923 1249 2975 ait:
1295 2921 1545 2978 Videbitis
1586 2923 1764 2993 justas
1800 2925 2010 2978 intran-

426 3018 498 3066 tes
533 3023 553 3062 :
580 3025 667 3064 vos
710 3017 885 3064 autem
924 3027 1027 3065 non
1058 3011 1353 3079 intrantes;
1390 3015 1520 3079 sed,
1553 3015 1794 3070 videbitis
1831 3017 2008 3084 justas
2036 3049 2079 3108 ο

423 3105 478 3156 in
500 3119 676 3173 regno,
706 3119 794 3157 vos
833 3111 1006 3159 autem
1035 3103 1248 3174 ejectos.
1285 3102 1389 3159 Ubi
1421 3107 1566 3177 quod
1609 3107 1812 3178 ejectos
1839 3109 2007 3177 dicit,
2045 3102 2056 3118 ⁷

421 3193 580 3262 quasi
623 3192 868 3248 futurum
917 3193 1240 3259 denuntiat;
1271 3195 1453 3266 justos
1489 3212 1623 3253 vero
1647 3197 1762 3269 jam
1805 3199 2005 3257 ibidem

421 3283 632 3340 versari
657 3283 953 3356 signiﬁcat,
979 3287 1071 3357 qui
1098 3302 1274 3359 neque
1300 3305 1486 3356 carne,
1519 3306 1696 3364 neque
1719 3295 2006 3352 vocatione

421 3374 492 3428 ab
531 3376 637 3430 illis
687 3376 846 3431 alieni
896 3387 1058 3444 sunt,
1100 3380 1196 3434 sed
1235 3386 1603 3437 communiter
1651 3386 1832 3440 vocati
1882 3393 2007 3444 ante

421 3464 624 3521 Christi
661 3465 963 3524 Salvatoris
997 3468 1291 3524 adventum
1331 3471 1602 3539 justitiam
1643 3476 1824 3546 adepti
1855 3489 2001 3535 sunt.

423 3556 633 3612 Sed-illi
654 3557 789 3613 foris
809 3568 1029 3614 manent
1047 3561 1276 3627 scilicet,
1297 3561 1426 3617 dum
1452 3563 1600 3620 intus
1616 3580 1746 3621 coru
1756 3584 1803 3622 m
1823 3579 2005 3639 patres

422 3649 679 3706 resident.
703 3649 858 3716 Quod
893 3651 993 3708 nisi
1019 3652 1197 3708 futura
1222 3669 1506 3725 corporum
1529 3667 1613 3714 est
1637 3665 1964 3718 resurrectio
1985 3705 2000 3728 ,

419 3741 690 3796 undenam
719 3742 961 3799 dentium
989 3745 1077 3801 ille
1096 3745 1296 3802 stridor
1335 3748 1387 3802 in
1418 3748 1623 3817 judicio
1663 3768 1780 3808 esse
1803 3764 1980 3815 potest

417 3831 583 3886 homo
612 3833 998 3890 stolidissime!

489 3923 670 3980 Schol.
699 3926 788 3981 41.
821 3926 956 3983 lllud
986 3929 1114 3986 item
1144 3932 1365 3989 sustulit
1400 3953 1415 3991 :
1457 3935 1673 3993 Veniant
1695 3941 1759 3993 ab
1799 3943 1999 3998 oriente

413 4025 464 4070 et
517 4017 809 4086 occidente,
851 4028 902 4074 et
949 4025 1246 4078 recumbent
1278 4025 1334 4079 in
1388 4043 1564 4100 regno.
1610 4031 1747 4087 Tum
1803 4035 1934 4092 illud
1980 4057 1992 4092 :

413 4105 589 4160 Erunt
621 4109 892 4164 novissimi
920 4112 1098 4179 primi.
1139 4110 1272 4168 Item
1304 4134 1317 4168 :
1346 4117 1691 4176 Accesserant
1730 4123 1996 4181 Pharistri

332 4220 343 4239 ι
411 4197 643 4253 dicentes
682 4217 702 4254 :
735 4199 872 4266 Exi,
904 4211 954 4256 et
1000 4203 1170 4269 vade;
1205 4209 1455 4276 quoniam
1513 4211 1748 4269 Herodes
1797 4219 1908 4272 vult
1947 4228 1996 4275 te

411 4290 725 4358 interﬁcere.
759 4291 870 4348 Nec
897 4307 1006 4348 non
1035 4302 1091 4349 et
1129 4297 1275 4352 istud
1308 4319 1320 4354 :
1352 4300 1612 4359 Abeuntes
1651 4305 1809 4363 dicite
1851 4311 1992 4380 vulpi

409 4383 567 4447 huic,
607 4399 780 4455 usque
822 4387 888 4441 ad
921 4402 1017 4452 ea,
1050 4405 1153 4443 non
1192 4393 1333 4460 capit
1367 4395 1670 4464 prophetam
1704 4401 1871 4456 occidi
1901 4419 1993 4457 ετ-
2024 4391 2068 4445 D

367 4466 494 4528 Ttra
525 4475 879 4534 Hierusalem.
915 4477 1054 4534 Illud
1105 4481 1271 4537 etiam
1320 4502 1334 4538 :
1373 4484 1736 4559 Hierusalem,
1791 4493 1990 4550 Hieru-

409 4567 544 4630 lcm,
577 4584 696 4638 qua:
725 4570 922 4626 occidis
942 4573 1224 4642 prophetas
1259 4587 1309 4631 et
1355 4578 1564 4649 lapidas
1588 4599 1678 4639 eos
1727 4588 1817 4657 qui
1843 4590 1913 4642 ad
1944 4601 1990 4646 te

407 4661 560 4715 missi
587 4672 710 4717 sunt
734 4679 752 4716 :
780 4663 911 4720 Item
939 4665 1126 4735 :Stepe
1155 4671 1298 4724 volui
1319 4687 1633 4746 congregare
1651 4718 1665 4743 ,
1690 4680 1828 4734 sicut
1873 4685 1990 4754 gal-

406 4751 520 4804 lina
549 4751 724 4818 pullos
749 4769 903 4818 suos,
932 4764 985 4811 et
1011 4755 1382 4830 :Relinquetur
1401 4762 1542 4818 vobis
1572 4765 1760 4822 domus
1782 4751 1988 4840 vestra;

405 4849 499 4896 et:
535 4842 657 4898 Non
688 4863 768 4900 me
796 4847 1056 4916 videbitis,
1092 4856 1255 4908 donec
1300 4854 1490 4910 dicatis
1525 4873 1544 4912 .°
1580 4859 1891 4922 Benedictus
1914 4870 1953 4926 ³.

1857 244 1914 298 S.
1957 243 2298 305 ΕΡΙΡΠΔΝΙΙ

531 353 713 410 Schol.
747 355 835 412 59.
874 353 1024 408 Ilanc
1049 365 1221 411 autem
1244 355 1417 427 [ilium
1468 357 1714 425 Abrahae,
1745 367 1902 431 quam
1927 361 2043 416 alli—
2072 371 2118 426 Α

3620 273 3722 329 752

2216 367 2367 438 Σχόλ.
2391 370 2487 425 λο’.
2529 375 2758 444 Ταύτην
2782 376 2849 430 δὲ
2873 379 3162 449 θυγατέρα
3192 381 3462 454 Ἀϐραὰμ,
3480 383 3560 454 ἣν
3580 387 3720 456 ἔδη-

2135 475 2247 513 σεν
2274 463 2307 514 ὁ
2332 463 2624 531 Σατανᾶς.

2209 551 2428 622 Ἐλεγχ.
2455 554 2557 608 λθ’.
2588 557 2650 611 El
2680 557 2779 628 τῆς
2807 559 3076 630 θυγατρὸς
3111 561 3205 616 τοῦ
3238 564 3490 636 Ἀϐραὰμ
3523 567 3716 637 ἐπιμεο

2131 641 2306 696 λεῖται
2347 644 2517 701 ἐλθὼν
2562 649 2588 701 6
2628 649 2854 720 Κύριος,
2908 653 3008 706 οὐκ
3044 652 3322 725 ἀλλότριος
3365 657 3530 710 αὑτοῦ
3566 661 3714 711 ἐστιν

2145 732 2413 806 Ἀϐραάμ.
2459 738 2740 809 Ὁμολογεῖ
2765 741 2873 814 γὰρ
2900 744 3062 799 αὐτὸν
3089 745 3240 817 αὐτῷ
3262 748 3710 819 εὐηρεστηκέναι,

2131 820 2312 880 οἶκτον
2342 829 2421 892 είς
2448 829 2546 902 τὴν
2580 832 2744 886 αὐτοῦ
2775 834 3049 908 Θυγατέρα
3078 838 3506 908 ἐνδεικνύμενος.

2203 919 2356 988 Σχόλ.
2423 927 2495 992 μ’.
2545 924 2829 995 Παρέκοψε
2893 926 3055 980 πάλιν
3118 930 3199 981 τό·
3275 932 3410 984 Τότε
3486 931 3710 999 ὄψεσθε

2141 1009 2407 1080 Ἀϐραὰμ,
2456 1014 2552 1067 καὶ
2613 1017 2830 1080 Ἰσαὰκ,
2884 1019 2984 1074 καὶ
3052 1017 3266 1085 Ἰακὼϐ,
3325 1019 3425 1073 καὶ
3479 1021 3711 1085 πάντας

2128 1103 2272 1170 τοὺς
2299 1107 2608 1175 προφήτας
2638 1109 2708 1163 ἐν
2739 1108 2812 1179 τῇ
2835 1111 3126 1178 βασιλείᾳ
3146 1111 3252 1166 τοῦ
3285 1113 3454 1167 Θεοῦ·
3494 1115 3608 1167 ἀντὶ
3647 1114 3705 1166 δὲ

2127 1195 2315 1250 τούτου
2345 1197 2618 1270 ἐποίησεν·
2658 1201 2786 1254 Ὅτε
2815 1202 3048 1270 πάντας
3078 1203 3218 1269 τοὺς
3241 1205 3512 1274 δικαίους
3542 1207 3709 1274 ἴδητε

2127 1287 2196 1342 ἐν
2210 1287 2285 1352 τῆ
2294 1289 2586 1358 βασιλείᾳ
2606 1292 2712 1348 τοῦ
2743 1294 2913 1359 Θεοῦ,
2932 1295 3090 1365 ὑμᾶς
3110 1295 3179 1349 δὲ
3197 1297 3701 1369 ἐκϐαλὶομένους.

2126 1379 2444 1452 Προσέοηκε
2489 1382 2566 1448 δὲ,
2621 1385 3064 1454 κρατουμένους
3101 1389 3236 1452 ἕξω·
3287 1389 3418 1442 ἐκεῖ
3454 1391 3622 1444 ἕσται
3670 1395 3708 1445 ό

2127 1476 2458 1544 κλαυθμὸς,
2493 1477 2588 1530 καί
2621 1481 2654 1531 ό
2678 1477 2950 1549 ,βρυγμὸς
2973 1477 3094 1534 τῶν
3117 1480 3397 1535 ὀδόντων.

2201 1567 2420 1639 Ἔλεγχ.
2457 1575 2528 1640 μ’.
2569 1569 2693 1635 Πῶς
2733 1572 2802 1626 τὰ
2845 1573 2964 1643 ἴχνη
2997 1573 3096 1644 τῆς
3125 1573 3382 1645 ἀληθείας
3415 1575 3699 1644 φαίνεταιί

2128 1657 2202 1710 Οὐ
2249 1658 2356 1729 γάρ
2402 1675 2484 1723 τις
2523 1659 2639 1713 ὁδὸν
2679 1661 2899 1715 δύναται
2941 1662 3272 1736 ἀποκρύψαι.
3298 1667 3576 1737 Πλανῆσαι
3605 1669 3705 1739 μὲν

2121 1741 2229 1820 γὰρ
2253 1749 2348 1802 ἀνθ
2359 1749 2570 1821 ρώπους
2599 1752 2820 1806 δύναται
2847 1754 2906 1818 ἐξ
2930 1755 3117 1826 αὐτῆς,
3142 1756 3237 1809 καὶ
3261 1756 3575 1828 ἀποκρύψαι
3601 1760 3702 1812 αὑ-

2114 1831 2215 1906 τὴν
2247 1836 2357 1890 ἀπὸ
2386 1837 2495 1892 τῶν
2527 1839 2862 1908 ἀγνοούντων
2881 1860 2893 1871 ·
2926 1842 3034 1897 ἀπὸ
3055 1844 3109 1897 δὲ
3128 1845 3236 1898 τῶν
3264 1847 3321 1898 ὲν
3344 1846 3511 1918 πείρᾳ
3530 1849 3703 1918 αὐτῆς

2117 1928 2418 1996 γεγονότων
2463 1929 2738 1986 ἀδύνατον.
2771 1933 2844 1986 Οὐ
2876 1933 2985 2004 γὰρ
3011 1934 3231 1989 δύναται
3269 1938 3369 2009 τὴν
3415 1938 3544 2009 γῆν,
3574 1939 3702 1993 ἔνθα

2115 2010 2183 2087 ἦν
2215 2018 2247 2087 ή
2270 2017 2409 2082 ὁδὸς,
2432 2019 2715 2089 ἀφανίσαι,
2750 2022 2852 2076 κᾶν
2879 2039 2938 2076 τε
2965 2023 3136 2096 αὐτὴν
3163 2026 3468 2100 ἀμαυρὼσῃ
3488 2046 3502 2059 ·
3526 2027 3619 2082 τοῦ
3638 2046 3699 2083 τε

2115 2109 2282 2162 τόπου
2316 2109 2726 2180 παραμένοντος
2765 2114 2864 2184 τῆς
2891 2114 3010 2168 ὀδοῦ
3040 2117 3145 2170 ὑπὸ
3189 2118 3297 2172 τῶν
3322 2121 3699 2188 γινωσκόντων

2116 2198 2396 2270 ἐλέγχεται
2431 2202 2459 2254 ὁ
2485 2201 2584 2273 τὴν
2615 2203 2733 2256 ὁδὸν
2762 2203 3176 2278 ρᾳδιουργὴσας.
3203 2206 3347 2277 Ὅρα
3379 2208 3444 2280 δὴ
3477 2209 3545 2264 τὰ
3581 2210 3698 2281 ἴχνη

2113 2291 2215 2362 τῆς
2247 2293 2587 2359 ἀκολουθίας.
2615 2295 2718 2350 Τὸν
2745 2295 2854 2368 γὰρ
2880 2297 3040 2367 λόγον
3064 2297 3249 2353 τοῦτον
3275 2301 3412 2371 πρὸς
3440 2301 3567 2355 τίνα
3588 2303 3699 2354 ἐλε-

2113 2402 2229 2454 γεν,
2265 2385 2382 2439 ἀλλ’
2406 2386 2438 2458 ἧ
2463 2387 2602 2458 πρὸς
2629 2389 2756 2452 τοὺς
2783 2389 3105 2456 Ἰουδαίους;
3140 2393 3250 2446 Καὶ
3294 2394 3343 2445 εἰ
3391 2393 3531 2462 πρὸς
3572 2395 3699 2457 τοὺς

2126 2473 2429 2539 Ἰουδαίους.
2461 2476 2563 2547 ἤδη
2589 2475 2786 2542 ἔδειξεν
2811 2479 3007 2542 αὐτοὺς
3035 2479 3200 2543 ἔνδον,
3229 2480 3321 2534 καὶ
3359 2480 3694 2553 ἐκϐαλλομέ-

2111 2583 2234 2630 νους
2253 2565 2358 2620 ἀπὸ
2385 2567 2491 2621 τῶν
2516 2567 2757 2622 δικαίων.
2788 2567 2940 2632 Τίνες
2978 2570 3024 2623 δ’
3054 2568 3120 2624 ἂν
3147 2565 3277 2638 εἷεν,
3307 2570 3422 2624 ἀλλ’
3452 2571 3487 2642 ἢ
3517 2573 3568 2624 oi
3601 2574 3696 2626 αὑ-

2110 2657 2219 2711 τῶν
2239 2658 2507 2730 δπατέρες,
2526 2659 2796 2732 Ἀϐραὰμ,
2846 2661 2940 2714 καὶ
2971 2661 3175 2727 Ἰσαὰκ,
3225 2661 3318 2715 καὶ
3348 2661 3568 2729 Ἰακὼϐ,
3602 2663 3695 2717 καὶ

2114 2748 2424 2820 προφῆται;
2463 2750 2538 2804 Οὐ
2565 2750 2674 2822 γὰρ
2702 2745 2855 2805 εἴπεν
2875 2768 2891 2783 ο
2921 2751 3176 2821 Ὄψεσθε
3201 2752 3473 2819 δικαίους
3504 2757 3695 2822 εἰσερ-

2109 2838 2425 2908 χομένους,
2450 2841 2547 2895 καὶ
2567 2841 2722 2912 ὑμᾶς
2737 2841 2822 2911 μὴ
2847 2843 3334 2914 εἰσερχομένους·
3373 2845 3692 2916 auraea-

2111 2935 2222 2986 σθε
2247 2931 2388 2999 τοὺς
2410 2932 2680 3000 δικαίους
2699 2935 2769 2987 ἐν
2790 2933 2864 3003 τῇ
2883 2935 3182 3007 βασιλείᾳ,
3208 2935 3363 3006 ὑμᾶς
3387 2935 3456 2990 δὲ
3479 2939 3688 2992 £160.1-

2111 3023 2426 3092 λομένους.
2462 3025 2570 3079 Καὶ
2599 3027 2726 3096 περὶ
2767 3026 2865 3097 μὲν
2906 3026 2999 3080 τοῦ
3030 3027 3460 3100 ἐκϐαλλομένους
3491 3030 3689 3101 μελλη-

2109 3115 2276 3178 τικῶς
2296 3117 2609 3188 ἀπεφήνατο
2627 3134 2642 3151 ο
2672 3117 2798 3192 τοὺς
2825 3118 2882 3172 δὲ
2910 3119 3150 3184 δικαίους
3169 3120 3267 3192 ἤδη
3291 3121 3450 3185 ὄντας
3475 3123 3689 3176 ἀπέδει-

2109 3204 2199 3272 ξεν
2243 3206 2342 3260 οὐκ
2387 3187 2696 3280 ἀλλοτρίους
2723 3187 2945 3265 1τούτων
2993 3211 3135 3264 κατὰ
3322 3212 3523 3284 σάρκα,
3567 3213 3685 3266 οὐδὲ

2108 3298 2249 3352 κατὰ
2279 3299 2377 3371 τὴν
2406 3299 2617 3371 κλῆσιν,
2644 3301 2781 3356 ἀλλὰ
2814 3302 2953 3374 μετὰ
2997 3301 3202 3357 τούτων
3234 3302 3534 3375 κληθέντας
3564 3306 3685 3369 τοὺς

2107 3389 2205 3460 ἤδη
2236 3388 2686 3461 δεδικαιωμένους
2719 3392 2825 3465 πρὸ
2855 3393 2957 3465 τῆς
2987 3394 3250 3466 ὲνσάρκου
3279 3395 3444 3449 αὐτοῦ
3475 3413 3682 3468 παρου-

2108 3481 2246 3545 σίας.
2275 3482 2337 3534 Ei
2366 3482 2423 3535 δὲ
2451 3483 2546 3536 καὶ
2575 3482 2679 3549 ἔξω
2713 3487 2993 3556 μένοντας,
3026 3487 3102 3552 ὡς
3137 3488 3246 3542 τῶν
3287 3489 3536 3562 πατέρων
3579 3488 3684 3543 ἔσω

2103 3571 2292 3626 ὄντων.
2330 3573 2500 3628 Πόθεν
2527 3575 2583 3629 δὲ
2618 3575 2860 3648 βρυγμὸς
2883 3578 3109 3634 ὀδόντων
3149 3580 3355 3648 γίνεται
3382 3582 3439 3633 ὲν
3469 3583 3535 3652 τῆ
3569 3582 3684 3652 arpi.

2105 3681 2208 3730 σει,
2241 3663 2286 3718 ὦ
2311 3665 2502 3737 ἡλίθιε,
2527 3667 2621 3721 ἐὰν
2647 3668 2721 3740 μὴ
2755 3671 3047 3736 ἀνάστασις
3077 3673 3341 3743 σωμάτων
3375 3672 3630 3744 γένηται;

2169 3957 2323 4028 Σχόλ.
2377 3963 2485 4028 μα’.
2540 3957 2828 4031 Παρέκοῲε
2876 3960 3037 4014 πάλιν
3087 3962 3174 4014 τό·
3228 3963 3512 4027 Ἦξουσιν
3563 3967 3678 4021 ἀπὸ

2100 4049 2411 4104 ἀνατολῶν
2445 4050 2546 4105 καὶ
2589 4050 2858 4122 δυσμῶν,
2902 4052 2997 4106 καὶ
3053 4054 3562 4122 ἀνακλιθήσονται
3611 4061 3682 4114 ἐν

2097 4142 2174 4212 τῇ
2204 4144 2526 4212 ,ϐασιλείῳ
2563 4145 2657 4199 καὶ
2689 4145 2780 4200 τόο
2833 4147 2899 4199 Οἱ
2939 4146 3186 4216 ἔσχατοι
3230 4148 3477 4206 ἔσονται
3525 4153 3678 4222 πρῶ-

2097 4251 2183 4287 τοι
2205 4253 2217 4266 ·
2250 4235 2345 4289 καὶ
2371 4235 2430 4289 τό
2447 4252 2462 4268 ο
2489 4236 2846 4306 Προσῆλθον
2866 4237 3171 4306 Φαρισαῖοι
3208 4241 3522 4311 ,λέγοντεςο
3551 4245 3680 4310 Ἔξ-

2094 4329 2252 4390 ελθε,
2289 4327 2386 4381 καὶ
2437 4329 2727 4398 πορεύου⁸
2783 4329 2871 4382 ὅτι
2909 4329 3166 4401 Ἡρώδης
3219 4349 3293 4386 σε
3338 4336 3499 4390 θέλει
3536 4339 3680 4394 ἀπο-

2096 4418 2320 4473 κτεῖναι.
2339 4435 2352 4450 ·
2386 4421 2478 4473 καὶ
2504 4421 2564 4473 τό
2585 4440 2597 4451 ·
2631 4422 3026 4490 Πορευθέντες
3056 4425 3259 4480 εἴπατε
3302 4426 3377 4497 τῇ
3417 4431 3676 4486 ἀλώπεκι

2096 4510 2302 4579 ταύτῃ,
2333 4509 2436 4574 ἕως
2462 4510 2594 4563 ὅπου
2627 4505 2776 4564 εἶπεν
2797 4529 2808 4541 ·
2847 4512 2968 4564 Οὐκ
3005 4511 3308 4581 ἐνδέχεται
3358 4519 3679 4588 προφήτην

2095 4601 2429 4659 ἀπολέσθαι
2476 4603 2594 4668 ἔξω
2637 4603 3060 4676 Ἰερουσαλήμο
3109 4605 3203 4659 καὶ
3243 4607 3331 4660 τό·
3383 4609 3678 4677 Ἰερουσα-

2094 4692 2672 4763 λὴμ,⁹1ερουσαλὴμ,
2698 4695 2736 4760 ἡ
2776 4696 3216 4752 ἀποκτείνουσα
3257 4698 3402 4763 τοὺς
3445 4701 3677 4771 προφή-

2093 4800 2202 4849 τας
2236 4784 2331 4836 καὶ
2375 4785 2777 4840 λιθοϐολοῦσα
2819 4785 2959 4852 τοὺς
2995 4789 3497 4861 ἀπεσταλμένους
3522 4809 3537 4824 ·
3584 4794 3675 4848 καὶ

2095 4875 2155 4927 τό
2175 4892 2186 4903 ·
2219 4875 2523 4942 Πολλάκις
2559 4876 2831 4946 ἠθέλησα
2869 4878 3226 4947 ἐπισυνάξαι
3270 4883 3351 4950 ὡς
3395 4884 3563 4952 ὄρνις
3606 4888 3674 4939 τὰ

404 4938 586 5052 τέκνα
620 4956 767 4996 σου·
800 4945 895 4998 καὶ
923 4945 1013 4999 τόδ
1055 4948 1301 5004 Ἀωίεται
1344 4953 1487 5023 ὑμῖν
1527 4956 1560 5009 ὁ
1601 4953 1765 5013 οἶκος
1797 4963 1996 5019 ὺιιῶν·
2032 4971 2126 5023 καὶ
2153 4970 2245 5023 τὸο
2281 4973 2362 5027 Οὐ
2386 4971 2471 5042 μὴ
2702 4938 2798 5042 με,
2841 4972 2951 5038 ἓως
2981 4971 3052 5031 οὗ
3099 4938 3346 5046 είπητεζ
3397 4938 3671 5052 Eidem-

425 5031 601 5084 téroc.

425 5049 546 5084 ιενο
589 5071 601 5084 .

397 5049 422 5100 1
473 5050 658 5180 Betim.
686 5125 775 5180 41.
805 5125 940 5185 Vide
982 5130 1221 5187 hominis
1270 5132 1583 5200 audaciam,
1620 5149 1683 5190 ac
1725 5148 1984 5207 quantum

2169 5149 2388 5221 Ἐλεγχ.
2421 5157 2529 5221 μα’.
2574 5153 2714 5225 Ὅρα
2760 5155 2856 5226 τὴν
2902 5157 3168 5230 τοσαύτην
3212 5159 3447 5230 τόλμαν,
3497 5161 3667 5230 πόσην

401 5230 464 5270 cx
518 5215 811 5286 Evangelia
857 5222 1164 5277 subtrahat.
1221 5225 1688 5290 Quemadmodum
1756 5230 1802 5284 si
1855 5234 1978 5303 quis

2122 5215 2657 5314 ποιεῖταιϋδιιραίρεσιν.
2675 5245 2769 5299 τοῦ
2804 5215 3260 5317 ὲύαγγελίου.Ὡς
3306 5215 3360 5303 ἔτ
3403 5215 3488 5315 τις
3528 5215 3664 5325 λάειῃ

401 5309 622 5363 animali
648 5311 902 5382 quapiam
940 5313 994 5367 in
1029 5313 1165 5370 duas
1197 5325 1378 5385 partes
1406 5318 1662 5387 dissecto,
1690 5321 1976 5380 dimidium

2122 5329 2245 5395 ὦον,
2281 5333 2372 5386 καὶ
2411 5309 2619 5408 ἐκτέμῃ
2664 5338 2817 5403 αὐτὸ,
2853 5309 3036 5395 italico
3062 5309 3358 5412 ﬁptouvroﬁ
3393 5309 3656 5416 σώματος,

399 5400 519 5468 ejus
572 5400 839 5471 imperitis
889 5403 1176 5470 ostendat,
1227 5422 1290 5462 ac
1344 5411 1672 5478 persuadere
1721 5425 1979 5488 conetur,

2122 5422 2176 5475 αἱ
2209 5424 2267 5478 ὲν
2310 5425 2390 5495 τῷ
2433 5428 2623 5499 ἡμίσει
2668 5433 2792 5496 τοὺς
2826 5433 3153 5502 ἀγνοοῦντας
3191 5435 3509 5505 πειράσεται
3541 5437 3653 5488 πεξ-

397 5492 664 5561 ejusmodi
725 5503 894 5550 totum
955 5497 1154 5552 animal
1205 5514 1363 5565 esse,
1424 5515 1524 5556 nec
1575 5503 1626 5557 ci
1684 5504 1978 5563 ouidouam

2122 5529 2210 5581 ειν,
2242 5515 2454 5571 τοιοῦτο
2483 5515 2624 5575 εἶναι
2655 5523 2715 5576 τὸ
2745 5523 2882 5588 ζῶον
2910 5524 3102 5594 λέγων,
3129 5527 3220 5580 καὶ
3255 5526 3420 5597 μηδὲν
3442 5529 3537 5581 ἀπ’
3559 5527 3651 5580 αὖ-

396 5583 729 5655 ademptum.

2122 5604 2167 5658 >6
2202 5606 2575 5680 ἀφαιρεῖσθαι.

469 5702 488 5733 ί
522 5701 652 5758 Luc.
679 5719 800 5773 xm,
840 5706 926 5761 16.
1007 5705 1025 5735 ⁸
1054 5705 1186 5762 ibid.
1224 5706 1314 5761 29.
1397 5709 1415 5740 ⁸
1441 5709 1576 5765 ibid.
1600 5711 1670 5767 29
1704 5730 1818 5785 sqq.

3113 5755 3152 5786 ο

2937 5794 2956 5816 ι
