3768 6182
87 286 194 341 755

716 287 1107 346 'ADVERSUS
1141 288 1484 346 IIIERESES
1520 289 1648 346 LIB.
1691 291 1734 347 l.
1775 290 1938 348 ΤΟΜ.
1974 290 2061 348 Ill.
2103 321 2165 332 -—
2211 290 2492 347 Il/ERES.
2532 292 2694 347 XLII.

3243 285 3246 290 ’
3271 294 3376 349 754

159 400 316 472 Σχόλ.
356 401 464 472 μβ’.
506 402 676 458 Πάλιν
708 404 987 475 παρέκυψε
1021 407 1203 461 πᾶσαν
1229 406 1329 479 τήν
1363 405 1657 478 παραϐολὴ

1858 409 2026 480 338
2057 406 2244 463 Schol.
2279 407 2370 463 42.
2405 408 2486 462 Ad
2527 409 2642 462 huic
2672 405 2935 477 integram
2967 405 3200 462 abscidit
3237 409 3378 463 duo-

78 493 196 545 τῶν
225 491 320 547 δύο
345 493 497 559 υίῶν,
527 494 621 549 τοῦ
656 496 940 568 εἰληφότος
966 497 1028 552 τὸ
1059 499 1224 570 μέρος
1252 498 1362 553 τῶν
1401 499 1675 572 ὑπαρχόν-

79 601 218 651 των,
259 587 352 639 καὶ
380 585 608 651 ἀσώτως
632 588 1064 662 δαπανήσαντος,
1097 591 1193 645 καὶ
1221 590 1314 645 τοῦ
1348 590 1530 647 ἄλλου.

165 675 385 747 Ἐλεγχ.
419 677 526 748 μβ¹.
572 679 738 733 Οὐδὲν
773 681 963 736 διοίσει
1001 683 1062 737 τὸ
1101 682 1396 738 ἀκόλουθον
1440 684 1540 756 τῆς
1578 685 1678 755 ρᾳ-

79 765 366 838 διουργίας
404 769 514 822 ἀπὸ
544 769 653 824 τῶν
699 772 964 844 πρότερον
1000 773 1181 846 ἑαυτῷ
1227 774 1671 846 τετολμημένων.

91 855 312 929 Ἑαυτῷ
332 858 388 912 δὲ
403 860 474 942 τὸ
493 861 784 934 ἐπιζήμιον
802 863 1089 936 ἐπάγεται,
1111 865 1378 937 μενούσης
1404 865 1504 938 τῆς
1532 865 1674 920 κατὰ

81 946 218 999 Θεὸν
247 947 527 1019 ἀληθείας.

159 1039 317 1109 Σχόλ.
348 1048 458 1112 μγ.
515 1041 568 1095 '0
595 1042 780 1114 νόμος
803 1043 902 1098 καὶ
931 1046 985 1098 οἱ
1010 1045 1312 1116 προφῆται
1343 1045 1456 1112 ἕως
1490 1044 1679 1101 Ἰωάν-

80 1146 222 1185 νου.
251 1169 264 1184 .
298 1171 313 1186 .
356 1132 456 1186 καί
491 1132 612 1199 πᾶς
642 1137 731 1202 εἰς
761 1134 957 1202 αὐτὴν
980 1135 1270 1201 βιάζεται.

114 1299 116 1305 Ι
162 1221 388 1294 Ἔλεγχ.
422 1231 533 1294 μγ.
574 1225 639 1278 Ei
668 1226 832 1305 νόμον
863 1227 1074 1292 τάσσει,
1105 1228 1201 1281 καὶ
1229 1229 1516 1300 προφήτας
1545 1229 1680 1285 ἀπο-

84 1302 271 1376 καλεῖ,
297 1317 392 1369 καὶ
436 1317 536 1369 οὐκ
565 1302 792 1389 ἀνομίαν
819 1318 970 1390 δηλοῖ
999 1320 1092 1374 τὸν
1120 1320 1305 1392 νόμον,
1341 1321 1464 1376 οὐδὲ
1490 1321 1681 1392 ψευδο-

85 1409 382 1480 προφήτας
415 1410 613 1480 φάσκει
644 1414 770 1476 τοὺς
795 1415 1097 1485 προφήτας,
1128 1415 1314 1486 σαφῶς
1338 1415 1680 1486 ὁμολογεῖται

89 1502 587 1574 μεμαρτυρηκέναι
635 1505 727 1559 τὸν
775 1507 1006 1579 Σωτῆρα
1054 1506 1167 1572 τοῖς
1215 1509 1523 1581 προφήταις
1586 1509 1681 1563 καὶ

86 1590 386 1658 δέδεικται,
416 1593 492 1657 ὡς
523 1595 652 1667 περὶ
678 1595 845 1651 αὐτοῦ
873 1599 1311 1671 προεφήτευσαν.

160 1773 323 1844 Σχόλ.
363 1773 468 1845 μδ’.
509 1775 644 1847 Περὶ
694 1777 788 1832 τοῦ
836 1777 1116 1844 πλουσίου,
1151 1777 1246 1834 καὶ
1289 1776 1543 1851 Λαζάρου
1583 1781 1677 1834 τοῦ
1709 1759 1753 1814 Β

87 1865 338 1936 πτωχοῦ,
369 1866 448 1920 ὅτι
474 1867 754 1942 ἀπηνέχθη
788 1869 892 1941 ὑπὸ
918 1869 1028 1926 τῶν
1059 1871 1306 1941 ἀγγέλων
1333 1873 1416 1936 εἰς
1437 1871 1529 1927 τὸν
1555 1872 1680 1926 κόλ-

91 1974 197 2010 πον
226 1957 504 2030 Ἀϐραάμ.

164 2050 392 2121 Ἔλεγχ.
428 2050 532 2122 μδν.
572 2051 705 2106 ’ἰδοὺ
729 2053 824 2106 καὶ
845 2053 904 2108 ὲν
929 2051 1062 2117 ζῶσι
1079 2055 1177 2108 καὶ
1199 2055 1679 2128 μακαριζομένοις,

86 2143 187 2196 καὶ
239 2144 298 2196 ὲν
332 2141 667 2215 κληρονομίᾳ
697 2144 1057 2210 ἀναπαύσεως
1087 2146 1116 2198 ό
1145 2147 1399 2218 Ἀϐραὰμ
1441 2148 1548 2201 ὑπὸ
1586 2146 1680 2200 τοῦ

85 2232 308 2305 ,Κυρίου
341 2233 731 2306 ὲγκατελέχθη.
761 2236 856 2290 καὶ
892 2235 1145 2308 Λάζαρος
1179 2238 1238 2292 ὲν
1271 2238 1493 2304 κόλποις
1518 2237 1682 2294 αὑτοῦ

90 2323 454 2395 κατηξίωται.
501 2325 717 2395 Μηκέτι
757 2327 960 2390 τοίνυν,
996 2327 1281 2400 Μαρκίων,
1314 2329 1406 2383 τὸν
1433 2329 1686 2402 Ἀϐραὰμ

91 2415 312 2488 βλασφή
323 2433 432 2487 μει,
457 2415 550 2470 τὸν
595 2417 883 2487 ἐπιγνόντα
913 2419 1005 2472 τὸν
1033 2419 1230 2474 ἑαυτοῦ
1258 2422 1558 2493 Δεσπότην,
1591 2422 1687 2476 καὶ

89 2509 324 2562 εἰπόντα
357 2508 532 2580 αὐτῷ’
561 2510 762 2578 Κύριε,
799 2513 833 2563 ό
874 2510 1096 2579 κρίνων
1139 2511 1348 2568 πᾶσαν
1387 2510 1503 2581 τὴν
1546 2511 1681 2583 γῆν.

104 2601 244 2655 Ἰδοὺ
291 2600 398 2674 γὰρ
446 2601 539 2654 ὑπ’
567 2601 732 2656 αὐτοῦ
780 2601 877 2655 τοῦ
928 2603 1135 2675 Κυρίου
1167 2604 1520 2676 ἐμαρτυρήθη
1548 2587 1686 2659 εἶναι

90 2696 332 2761 δίκαιος,
356 2696 451 2748 καὶ
493 2694 594 2748 οὐκ
636 2695 915 2767 ἀλλότριος
954 2696 1052 2768 τῆς
1097 2696 1250 2769 παρὰ
1295 2696 1390 2750 τοῦ
1437 2698 1689 2769 Σωτῆρος

91 2787 502 2858 ἐπαινουμένης
530 2788 699 2860 ζωῆς.

163 2875 327 2947 Σχόλ.
363 2883 465 2949 με’.
505 2877 638 2934 Νῦν
661 2877 730 2932 δὲ
761 2868 879 2932 ὧδε
911 2879 1343 2949 παρακαλεῖται
1407 2881 1442 2934 ὁ
1505 2878 1690 2947 αὐτὸς

91 2969 390 3040 Λάζαρος.

173 3062 404 3162 ἶΕλεγχ.
439 3069 544 3162 με’.
585 3063 650 3162 lii
683 3063 1082 3162 παρακαλεῖται
1113 3065 1364 3137 Λάζαρος
1389 3068 1447 3120 ἐν
1470 3068 1692 3133 κόλποις
1717 3105 1759 3162 C

1776 512 1899 552 rum
1961 497 2199 554 ﬁliorum
2255 497 2608 568 parabolam,
2662 497 2786 566 ejus
2843 496 3097 553 videlicet
3159 500 3251 568 qui
3281 501 3379 554 bo-

1777 602 1971 644 norum
2009 595 2218 658 partem
2249 587 2584 650 abstulerat,
2617 593 2672 640 et
2705 585 2929 641 alterius
2957 586 2995 640 ⁸.

1851 679 2032 736 Refut.
2051 679 2143 736 42.
2162 679 2508 735 Simillimum
2536 679 2879 749 maximeque
2889 677 3162 749 geminum
3179 693 3378 733 novum

1778 772 1884 828 hoc
1919 772 2132 830 facinus
2158 780 2244 828 est
2275 772 2341 827 iis
2369 787 2492 842 qua:
2531 771 2584 825 in
2625 770 2816 827 eodem
2847 779 2973 826 ante
2993 785 3192 841 genere
3229 784 3382 823 com-

1779 865 1949 920 misit.
1987 864 2144 931 Quod
2165 865 2290 919 huic
2325 865 2415 918 uni
2448 863 2718 919 duntaxat
2735 860 3069 929 fraudiluit,
3108 875 3234 915 eum
3273 874 3382 912 ea-

1779 957 1903 1014 dem
1930 957 2114 1014 divina
2137 957 2344 1014 veritas
2379 956 2742 1012 nihilominus
2770 961 3109 1026 perseveret.

1850 1045 2037 1103 Schol.
2073 1048 2164 1103 45.
2205 1045 2316 1102 Leo:
2341 1056 2391 1102 et
2416 1049 2684 1118 propheta:
2711 1062 2876 1117 usque
2904 1045 2974 1101 ad
3007 1043 3293 1101 Joannem.
3319 1083 3334 1098 .
3359 1081 3373 1096 .

1775 1157 1828 1204 et
1859 1149 2033 1204 omnis
2074 1149 2129 1204 in
2159 1149 2296 1205 illud
2318 1149 2421 1203 vim
2447 1149 2578 1219 facit
2605 1149 2647 1202 ’.

1852 1239 2032 1297 Refut.
2093 1241 2184 1296 43.
2232 1239 2292 1296 Si
2334 1241 2506 1312 legem
2569 1243 2888 1311 percenset,
2954 1248 3018 1288 ac
3082 1228 3379 1302 prephetas

1779 1342 2205 1399 commemorat,
2267 1348 2446 1405 neque
2492 1341 2590 1387 aut
2635 1331 2718 1387 illi
2758 1327 3083 1400 pravitatem
3121 1321 3379 1382 ascribit,

1781 1432 1875 1480 aut
1917 1425 2049 1481 istos
2092 1425 2263 1482 falsos
2297 1425 2592 1496 prophetas
2633 1423 2911 1494 appellat,
2955 1416 3267 1474 necessario
3299 1414 3382 1466 fa-

1780 1514 2005 1572 tendum
2056 1516 2480 1582 est,Christum
2525 1515 2816 1572 Dominum
2866 1511 3164 1584 prophetas
3228 1507 3382 1562 testi-

1781 1607 1966 1661 monio
1999 1621 2102 1662 suo
2145 1607 2535 1678 comprobasse
2570 1625 2585 1663 :
2626 1621 2767 1676 quos
2813 1618 2882 1659 ex
2917 1600 3108 1658 eodem
3142 1599 3264 1654 loco
3312 1597 3382 1652 de

1779 1695 1999 1753 Christo
2025 1697 2354 1753 vaticinatos
2391 1713 2516 1754 esse
2546 1697 2844 1768 colligitur.

1853 1788 2037 1845 Schol.
2071 1790 2163 1846 44.
2200 1790 2274 1846 De
2303 1789 2474 1846 divite
2496 1829 2511 1854 ,
2541 1797 2596 1845 et
2623 1789 2836 1844 Lazaro
2868 1787 3151 1850 mendico,
3186 1797 3383 1855 quem-

1781 1880 2072 1936 admodum
2110 1879 2320 1937 dclatus
2367 1888 2452 1936 est
2498 1879 2569 1936 ab
2617 1879 2825 1951 angelis
2849 1879 2921 1934 ‘in
2970 1877 3155 1934 sinum
3201 1874 3378 1929 Abra-

1782 1968 1868 2024 hae
1899 1969 1941 2024 ³.
2575 1997 2577 1999 ι

1819 2057 2034 2116 .Refut.
2070 2059 2160 2117 44.
2211 2058 2402 2116 Viden‘
2467 2065 2528 2116 ut
2565 2059 2712 2116 inter
2753 2057 2908 2115 vivos
2959 2070 3024 2112 ac
3073 2055 3264 2112 beatos
3324 2053 3382 2108 in

1783 2151 1875 2206 illa
1922 2149 2066 2208 felici
2105 2153 2452 2224 sempiternae
2504 2151 2708 2224 quietis
2772 2148 3092 2205 haereditate
3132 2147 3385 2202 Abraha-

1781 2257 1908 2298 mus
1941 2257 1972 2297 a
2005 2242 2238 2298 Domino
2268 2252 2611 2310 numeretur,
2641 2251 2697 2299 et
2729 2241 2787 2296 in
2813 2241 2933 2312 ejus
2973 2240 3098 2296 sinu
3139 2238 3383 2294 Lazarus

1784 2334 2136 2405 acquiescat?
2165 2335 2364 2393 Desine
2397 2337 2596 2407 igitur,
2639 2334 2878 2400 Marcio,
2913 2333 3230 2390 Abrahamo
3268 2343 3386 2386 ma-

1786 2426 2021 2484 ledicere
2043 2469 2057 2495 ,
2088 2430 2182 2499 qui
2213 2428 2505 2485 Dominum
2524 2429 2762 2499 agnovit
2781 2443 2959 2483 suum
2983 2467 2998 2491 ,
3033 2440 3268 2496 eumque
3304 2425 3387 2479 sic

1787 2518 2055 2574 allocutus
2087 2526 2172 2576 est
2207 2534 2221 2572 :
2254 2519 2478 2574 Domine
2500 2560 2516 2583 ,
2543 2520 2632 2589 qui
2675 2517 2892 2586 judicas
2938 2518 3239 2572 universam
3281 2524 3386 2570 ter—

1788 2627 1904 2664 ram
1938 2610 1979 2664 ⁸.
2023 2609 2163 2666 Ecce
2209 2611 2307 2667 tibi
2348 2611 2559 2681 justum
2609 2609 2757 2665 hunc
2805 2608 2978 2666 fuisse
3033 2617 3263 2666 testatus
3300 2617 3387 2665 est

1787 2699 2074 2768 Dominus,
2113 2717 2214 2758 nec
2245 2703 2314 2758 ab
2342 2718 2407 2760 ea
2439 2702 2580 2768 vita,
2597 2715 2763 2772 quam
2793 2699 3046 2758 Salvator
3080 2701 3198 2771 ipse
3227 2714 3383 2756 com-

1791 2790 2034 2856 mendat,
2068 2791 2332 2848 alienum.

1865 2881 2052 2939 Schol.
2095 2883 2186 2939 45.
2235 2881 2395 2940 Nunc
2441 2901 2562 2941 vero
2597 2885 2682 2942 hic
2716 2885 3028 2941 consolatur
3063 2881 3309 2938 Lazarus
3413 2936 3418 2942 .

1865 3061 2048 3118 Refut.
2078 3063 2167 3120 45.
2212 3063 2346 3120 Cum
2376 3062 2619 3121 Lazarus
2649 3065 2709 3120 in
2741 3063 3039 3120 Abrahami
3091 3063 3214 3118 sinu
3245 3076 3385 3116 con-

111 3155 407 3228 Ἀϐραὰμ,
458 3155 560 3209 οὐκ
601 3155 760 3219 ἐκτὸς
801 3157 901 3228 τῆς
954 3158 1356 3228 παρακλήσεως
1397 3159 1500 3229 τῆς
1545 3159 1657 3232 ζωῆ

1862 3155 2034 3221 letur,
2094 3155 2343 3224 sequitur
2393 3171 2463 3211 ne
2513 3154 2887 3212 Abrahamum
2937 3154 3158 3226 quidem
3210 3154 3386 3225 ipsum

99 3249 345 3320 ὑπάρχει
365 3250 393 3302 ό
424 3249 696 3321 Ἀϐραάμ.

170 3341 334 3413 Σχόλ.
388 3347 506 3414 pg’.
545 3341 734 3396 Εἶπεν
779 3341 1073 3412 Ἀϐραάμ·
1132 3343 1380 3412 Ἔχουσι
1432 3344 1689 3399 Μωῢσέα

99 3433 200 3486 καὶ
234 3432 383 3499 τοὺς
415 3432 724 3503 προφήτας
748 3448 762 3462 ·
787 3432 1232 3488 ἀκουσάτωσαν
1281 3433 1480 3492 αὐτῶν
1504 3451 1517 3464 ·
1557 3435 1688 3488 ἐπεὶ

100 3523 247 3579 οὐδὲ
275 3525 384 3579 τοῦ
407 3524 785 3596 ἐγειρομένου
822 3525 942 3580 ἀπὸ
966 3524 1196 3595 νεκρῶν
1223 3527 1619 3581 ἀκούσουσιν.

178 3617 404 3688 Ἐλεγχ.
443 3624 563 3687 μς’.
604 3619 717 3689 Οὐχ
742 3618 820 3682 ὡς
844 3618 926 3671 ἔτι
956 3619 1014 3672 ἐν
1041 3618 1120 3690 τῷ
1152 3619 1342 3690 κόσμῳ
1363 3618 1460 3682 ὣν,
1489 3621 1582 3674 καὶ
1619 3619 1695 3684 ὼς

101 3709 464 3780 ἡπατημένος
493 3707 746 3780 ’Λϐραὰμ
791 3711 1058 3780 μαρτυρεῖ
1099 3708 1176 3780 τῷ
1221 3709 1372 3780 νόμῳ
1418 3710 1694 3774 Μωῦσέως

103 3799 198 3851 καὶ
226 3801 345 3862 τοῖς
375 3799 703 3870 προφήταις,
731 3798 854 3851 οὐδὲ
881 3797 956 3862 ὡς
983 3799 1083 3852 οὐκ
1110 3797 1266 3862 εἰδὼς
1292 3801 1362 3854 τὰ
1397 3802 1462 3853 ὲκ
1485 3800 1693 3854 τούτων

102 3891 515 3961 ἀποϐησόμενα,
544 3891 680 3945 ἀλλά
731 3891 869 3961 μετὰ
918 3889 978 3944 τὸ
1023 3892 1082 3943 ὲν
1123 3891 1291 3962 πείρᾳ
1318 3890 1569 3960 γενέσθαι
1599 3892 1696 3963 τῆς

103 3985 222 4038 ἐκεῖ
266 3982 650 4048 ἀναπαύσεως.
698 3985 853 4037 Μετὰ
891 3983 1001 4056 γὰρ
1043 3983 1300 4055 τελευτὴν
1337 3987 1697 4056 μαρτυρεῖται

103 4077 212 4130 ὑπὸ
261 4074 357 4130 τοῦ
410 4075 662 4148 Σωτῆρος
708 4079 766 4130 έν
815 4079 881 4149 τῇ
929 4076 1212 4149 παραϐολῇ
1259 4079 1371 4140 τοῖς
1398 4075 1492 4130 τοῦ
1531 4077 1696 4147 νόμθυ

103 4169 345 4239 δόγμασι
396 4169 492 4222 καὶ
543 4170 851 4240 προφήταις
878 4170 976 4240 τὴν
1009 4169 1284 4240 σωτηρίαν
1315 4169 1655 4241 κτησάμενος
1679 4185 1693 4200 ο

1794 3245 1974 3301 solatii
2007 3260 2131 3301 esse
2157 3245 2320 3315 hujus
2349 3254 2649 3316 expertem.

1867 3340 2053 3396 Schol.
2099 3339 2388 3395 46.'Dixit
2433 3341 2701 3395 Abraham
2741 3355 2760 3395 :
2807 3338 3022 3394 Habent
3061 3337 3287 3410 Moysen
3333 3345 3388 3391 ct

1794 3432 2112 3504 prophetas;
2140 3431 2261 3487 illos
2289 3432 2514 3487 audiant
2541 3449 2562 3488 :
2594 3433 2796 3502 alioqui
2836 3448 2997 3503 neque
3032 3432 3080 3486 si
3107 3448 3140 3485 a
3165 3429 3387 3484 mortuis

1793 3528 1910 3597 quis
1937 3527 2308 3590 resurrexerit,
2335 3525 2551 3580 audient
2584 3525 2626 3578 ⁸.

1868 3615 2050 3672 Refut.
2079 3615 2170 3670 46.
2189 3613 2309 3671 Non
2334 3622 2593 3686 tanquam
2629 3615 2684 3669 in
2718 3615 2821 3672 hoc
2859 3613 3066 3670 mundo
3091 3614 3270 3669 adhuc
3293 3618 3385 3682 sit,

1795 3715 1850 3762 ct
1875 3707 1927 3760 in
1957 3720 2146 3760 errore
2196 3713 2445 3760 versetur
2485 3704 2871 3769 Abrahamus,
2906 3704 3014 3775 legi
3046 3703 3285 3776 Moysis,
3325 3721 3390 3760 ac

1795 3798 2075 3872 prophetis
2110 3797 2485 3854 testimonium
2527 3796 2808 3867 perhibet,
2853 3811 2955 3852 nec
2999 3796 3082 3853 sic
3128 3804 3388 3868 tanquam

1796 3905 1860 3944 ca
1903 3905 2028 3961 quae
2070 3889 2252 3944 futura
2299 3897 2485 3958 postea
2535 3874 2666 3944 sunt
2712 3888 2958 3959 ignoret;
3026 3888 3121 3943 sed
3173 3899 3393 3960 postea-

1796 3996 1956 4054 quam
1991 3979 2299 4050 cujusmodi
2346 3980 2504 4050 quies
2528 3979 2625 4033 illa
2673 3977 2816 4033 foret
2859 3977 3200 4048 experientia
3248 3978 3392 4033 didi-

1780 4075 1893 4130 ‘cit.
1928 4073 2058 4127 Post
2085 4072 2294 4127 obitum
2343 4071 2487 4126 enim
2523 4070 2777 4126 Salvator
2809 4069 2867 4126 in
2912 4070 3174 4141 parabola
3224 4078 3394 4126 testa-

1799 4175 1889 4222 tur
1917 4166 2071 4220 illum
2111 4180 2207 4236 per
2241 4164 2381 4236 legis
2407 4165 2666 4237 dogmata
2714 4165 3124 4237 prophetasque
3158 4165 3391 4220 salutem

106 4259 400 4315 καὶταῦτα
429 4260 535 4331 πρὸ
563 4259 655 4314 τοῦ
679 4260 842 4332 νόμου
875 4260 1109 4332 πράξας.
1128 4260 1359 4333 Ὁμοίως
1381 4261 1438 4315 δὲ
1456 4261 1552 4314 καὶ
1571 4262 1698 4324 τοὺς

108 4353 248 4424 μετά
301 4352 482 4406 ταῦτα
526 4353 618 4408 τὸν
656 4353 822 4424 νόμον
869 4353 1232 4424 φυλάξαντας,
1263 4353 1360 4408 καὶ
1391 4353 1698 4425 προφήταις

1798 4273 1920 4314 esse
1956 4267 2347 4323 consecutum;
2399 4257 2623 4312 tametsi
2674 4264 2802 4312 ante
2856 4256 3030 4326 legem
3091 4255 3191 4312 illa.
3237 4255 3395 4311 factis

1799 4369 1862 4408 ex
1871 4349 2448 4423 pressisset.Similiter
2465 4350 2632 4422 339
2645 4364 2742 4407 eos
2765 4350 2857 4422 qui
2876 4351 3046 4422 legem
3072 4361 3261 4419 postea
3278 4366 3396 4405 ser-

107 4444 534 4509 ὑπακούσαντας
584 4447 664 4509 είς
720 4445 811 4498 τὸν
861 4445 1060 4499 κόλπον
1099 4444 1264 4500 αὐτοῦ
1294 4441 1455 4510 εἶναι,
1489 4445 1582 4497 καὶ
1619 4445 1657 4496 εἰ

1854 4452 2025 4502 issent
2055 4459 2120 4499 ac
2159 4443 2440 4516 prophetis
2485 4445 2958 4514 obtemperassent
3001 4445 3055 4499 in
3101 4444 3226 4499 sinu
3273 4445 3394 4513 ejus

106 4538 204 4608 τὴν
238 4536 392 4608 ζωὴν
425 4537 542 4608 μετ’
568 4537 734 4590 αὐτοῦ
770 4538 1024 4590 ἀπιέναιο
1060 4530 1135 4591 ὧν
1165 4532 1246 4602 εἷς
1271 4533 1340 4609 ἦν
1373 4537 1643 4608 Λάζαρος,

1854 4525 2174 4613 :quiesc'ere,
2211 4549 2266 4594 et
2299 4539 2367 4594 ad
2403 4539 2569 4593 vitam
2599 4552 2727 4592 cum
2759 4538 2878 4607 ipso
2907 4537 3212 4607 pervenire.
3245 4535 3396 4601 Quo-

104 4630 193 4682 διὰ
214 4630 389 4699 νόμου
413 4629 508 4682 καὶ
534 4629 828 4701 προφητῶν
845 4629 1205 4696 καταξιωθεὶς
1235 4628 1468 4696 ζωτικοῦ
1501 4628 1657 4682 κόλπι

1854 4650 1921 4689 im
1947 4643 1984 4690 ‘e
2014 4648 2244 4689 nume-ro
2267 4631 2512 4686 Lazarus
2537 4630 2659 4695 fuit,
2682 4629 2777 4699 qui
2808 4629 2943 4699 legis
2973 4627 3395 4699 prophetarum-

106 4720 206 4792 τῆς
231 4721 332 4774 τοῦ
367 4720 622 4793 Ἀϐραὰμ
659 4721 1080 4794 μακαριότητος.

1854 4742 1913 4782 ne
1964 4725 2230 4782 beneficio
2279 4725 2336 4778 in
2386 4722 2606 4777 vitalem
2654 4719 3012 4776 beatitudinis
3056 4719 3233 4785 illius,
3284 4732 3393 4788 qua

1801 4819 2148 4875 Abrahamus
2184 4816 2406 4880 fruitur,
2443 4814 2624 4870 sinum
2657 4819 2914 4883 receptus
2941 4819 3044 4866 est.

178 4907 345 4978 Σχόλ.
379 4905 487 4978 μζκ
527 4906 815 4976 Παρέκοψε
846 4907 939 4975 τὸ,
973 4906 1220 4978 Λέγετε·
1280 4908 1518 4979 Ὰχρεῖοι
1560 4909 1657 4966 δοῖ

1880 4910 2066 4966 Schol.
2103 4909 2192 4964 47.
2229 4907 2354 4962 llaec
2389 4907 2554 4962 verba
2589 4904 2975 4974 praetermisit:
3001 4901 3170 4958 Dicite
3198 4918 3218 4957 :
3246 4901 3394 4958 Servi

109 5003 209 5055 .ὶοί
240 5002 439 5070 ἐσμεν
458 5018 472 5032 ·
505 5000 538 5054 ὃ
563 5001 900 5069 ὠφείλομεν
928 5000 1178 5070 ποιῆσαι
1212 5002 1646 5073 πεποιήκαμεν.

1854 5003 2018 5057 ιαιὶίεδ
2052 5017 2236 5056 sumus
2280 5014 2300 5054 :
2335 4997 2475 5070 quod
2515 4994 2791 5050 debuimus
2837 4994 3044 5063 facere,
3096 4995 3316 5063 fecimus
3346 4995 3388 5049 ".

184 5096 416 5164 Ἔλεγχ.
457 5092 564 5164 μζ¹.
606 5095 717 5147 Καὶ
745 5093 807 5147 τό
839 5093 1080 5164 ἀσφαλὲς
1108 5094 1209 5165 τῆς
1237 5095 1328 5149 τοῦ
1376 5096 1580 5168 Κυρίου
1623 5097 1651 5150 δ

1877 5095 2062 5152 Refut.
2105 5095 2196 5150 47.
2237 5092 2411 5148 Etiam
2442 5091 2626 5154 illam,
2659 5103 2825 5159 quam
2879 5088 3128 5144 doctrina
3178 5086 3394 5142 Domini

113 5187 416 5248 δασκαλίας
462 5185 522 5238 οὑ
577 5186 965 5258 παραδέχεται.
1011 5186 1546 5259 Ἐπασφαλιζόμενος
1597 5188 1657 5257 γε]

1854 5187 2148 5252 raescribit,
2202 5184 2510 5239 cautionem
2557 5181 2830 5249 repudiat.
2877 5180 3088 5234 Etenim
3142 5178 3394 5236 Christus

113 5283 238 5344 τοὺς
289 5278 490 5333 ἑαυτοῦ
538 5278 810 5350 μαθητὰς,
847 5279 934 5334 ἵνα
971 5279 1046 5350 μὴ
1082 5279 1170 5334 διὰ
1197 5280 1296 5351 τῆς
1329 5281 1657 5352 ὑπερηφανίι

1854 5286 2004 5334 autos
2038 5293 2103 5332 ac
2131 5277 2424 5346 prudentes
2453 5271 2686 5329 reddere
2714 5271 3014 5341 discipulos
3050 5271 3294 5339 studens,
3327 5287 3396 5326 ne

112 5373 432 5426 ἀπολέσωσι
487 5371 577 5424 τὸν
638 5372 830 5442 μισθὸν
876 5371 971 5424 τοῦ
1019 5371 1204 5442 ἔργου,
1268 5389 1656 5444 ταπεινοφρονε

1854 5371 1878 5423 b
1924 5367 2234 5437 superbiam
2283 5364 2466 5435 operis
2527 5363 2613 5419 sui
2683 5364 2938 5418 mercede
2981 5364 3294 5434 privcntur,
3327 5364 3395 5415 ad

114 5467 412 5521 ἐνουθέτει.
445 5459 612 5529 Οὗτος
640 5465 697 5519 δὲ
728 5467 788 5519 οὐ
818 5465 1176 5537 παραδέχεται
1202 5482 1216 5496 ·
1245 5465 1399 5536 τύφῳ
1428 5466 1536 5535 γὰρ
1569 5483 1657 5520 καει

1854 5461 2173 5516 umilitatem
2206 5457 2510 5514 erudiebat.
2536 5457 2696 5522 Quod
2726 5457 2831 5512 iste
2874 5457 3270 5511 documentum
3310 5471 3396 5510 ro-

115 5559 299 5614 πάντα
333 5557 573 5630 ἐπήρθη,
607 5558 701 5612 καὶ
727 5559 830 5612 οὐκ
860 5557 1106 5630 ἀληθείᾳ.

1854 5554 1956 5618 cit,
2000 5559 2188 5609 utpote
2224 5552 2404 5608 elatus
2443 5551 2798 5624 arrogantia,
2840 5565 2950 5605 non
2998 5549 3228 5606 veritate
3267 5549 3398 5603 sub--

1809 5647 1991 5703 nixus.

192 5776 209 5806 ⁸
246 5772 386 5830 Luc.
413 5788 506 5841 xv,
544 5772 626 5828 12.
671 5773 688 5802 ²
715 5769 847 5841 [δή.
887 5787 997 5840 xu,
1038 5770 1119 5827 ιο.
1166 5772 1184 5803 ³
1220 5769 1347 5826 ibid.
1377 5770 1464 5826 22.
1513 5772 1530 5803 δ
1570 5771 1657 5828 {lci

1854 5786 1886 5840 I,
2060 5771 2077 5800 ⁵
2107 5769 2238 5826 Luc.
2285 5785 2396 5835 1m,
2430 5757 2525 5823 25.
2567 5768 2585 5796 θ
2616 5767 2750 5822 ibid.
2778 5765 2865 5822 29.
2918 5773 2936 5804 ⁷
2969 5763 3103 5818 Luc.
3143 5776 3272 5827 xv",
3307 5757 3393 5815 ω.
