3844 6324
397 324 501 383 ’155

1820 331 1877 387 S.
1920 330 2263 389 EPlPllANll

3610 334 3728 393 736

468 442 649 500 Schol.
693 443 780 501 48.
830 445 1061 513 Quando
1103 457 1466 505 occurrerunt
1510 450 1697 507 decem
1754 452 1975 522 leprosi.

2154 454 2307 523 Σχὸλ·
2346 463 2457 527 μη’.
2501 458 2629 512 Ὅτε
2660 462 2999 533 συνήντησαν
3028 463 3077 516 ol
3105 460 3241 517 δέκα
3272 461 3500 534 λεπροί.
3571 459 3723 510 Ἀτε-

393 535 517 602 Quo
540 537 596 592 in
636 539 765 594 loco
787 541 957 595 multa
983 549 1216 597 resecat.
1247 537 1440 613 Itaque
1471 545 1661 600 scribit
1693 564 1707 601 :
1739 543 1807 599 Et
1836 545 1982 598 misit

394 644 482 683 eos
526 631 703 685 dicens
752 648 774 686 :
810 631 1082 687 Ostendite
1132 650 1221 689 vos
1273 636 1636 691 sacerdotibus
1663 638 1678 668 ¹
1715 654 1730 703 ;
1780 653 1845 692 ac
1882 652 1983 710 pro

397 721 522 776 aliis
543 722 649 776 alia
680 725 989 793 supposuit,
1019 724 1094 779 ita
1124 726 1440 797 concipiens
1472 747 1485 782 :
1520 726 1681 782 Multi
1709 741 1862 783 erant
1902 731 1980 786 le-

395 815 541 882 prosi
583 815 636 867 in
679 814 862 870 diebus
902 815 1087 871 Elistei
1131 817 1425 887 prophetae,
1473 829 1522 873 et
1577 836 1725 875 nemo
1765 831 1982 878 curatus

398 916 477 961 est
510 908 613 960 nisi
656 906 913 962 Naaman
946 906 1116 979 Syrus
1147 912 1190 965 ⁸.

472 996 658 1053 Refut.
689 999 778 1055 48.
814 999 927 1056 Hoc
956 1001 1012 1055 in
1047 1002 1167 1059 loco
1206 1003 1528 1075 prophetam
1572 1004 1839 1063 Dominus
1872 1007 1983 1061 Eli-

400 1104 571 1146 saeum
605 1092 853 1146 nominat
874 1132 890 1156 ,
922 1108 1092 1163 seque
1133 1095 1270 1151 adeo
1295 1096 1635 1152 demonstrat
1665 1113 1728 1153 ea
1759 1113 1880 1169 quae
1915 1100 1984 1151 ab

401 1180 495 1237 illo
544 1181 716 1254 signis
758 1190 812 1239 et
852 1182 1151 1242 involucris
1194 1189 1475 1258 mqualiter
1504 1189 1830 1245 adumbrata
1867 1191 1983 1245 fue-

401 1283 562 1341 rant,
606 1276 788 1345 reipsa
827 1276 1166 1346 complesse,
1208 1295 1319 1351 quo
1366 1280 1726 1349 Marcionem,
1764 1299 1828 1339 ac
1875 1299 1982 1339 ca:-

403 1378 549 1425 teros
627 1383 818 1427 omnes
888 1374 1279 1443 prophetarum
1340 1384 1744 1447 contemptores
1824 1376 1984 1431 refel-

402 1460 558 1516 leret.

475 1550 659 1607 Schol.
682 1553 772 1609 49.
798 1552 1014 1609 Veniant
1064 1555 1176 1611 dies
1197 1597 1212 1620 ,
1242 1558 1453 1627 quando
1494 1557 1860 1614 desiderabitis
1909 1558 1984 1611 vi-

403 1640 525 1697 dere
553 1659 716 1698 unum
740 1660 804 1700 ea;
831 1646 1014 1701 diebus
1049 1645 1177 1702 Filii
1208 1648 1437 1703 hominis
1467 1650 1506 1704 '.

474 1733 659 1791 Relut.
708 1738 796 1792 49.
846 1740 980 1795 Cum
1032 1749 1086 1795 et
1142 1740 1260 1797 dies
1318 1750 1600 1806 numeret,
1650 1747 1706 1796 et
1769 1748 1980 1796 certum

403 1833 620 1897 tempus
653 1829 878 1897 indicet,
912 1841 966 1889 et
997 1833 1197 1889 Filium
1225 1848 1289 1888 se
1308 1832 1546 1887 hominis
1576 1832 1832 1902 appellat,
1855 1847 1986 1887 sane

405 1932 721 1973 mensuram
749 1924 1041 1992 quamdam
1085 1923 1262 1979 aetatis
1298 1922 1591 1995 signiﬁcat,
1626 1939 1691 1977 ac
1724 1923 1989 1994 praedica-

407 2010 572 2067 tionis
612 2027 725 2067 sua:
771 2014 1050 2069 deﬁnitum
1095 2015 1238 2071 diem
1289 2016 1596 2071 constituit.
1632 2013 1841 2082 Quare,
1879 2031 1986 2071 non

407 2114 604 2172 expers
633 2105 815 2160 carnis
840 2114 925 2162 est
960 2106 1198 2164 Verbum
1218 2149 1233 2172 ,
1271 2109 1366 2165 sed
1397 2109 1451 2162 in
1486 2124 1717 2180 corpore
1750 2109 1990 2168 benevo-

408 2193 522 2248 lum
555 2195 688 2251 illud
712 2206 795 2253 est
825 2198 920 2255 Dei
947 2202 1243 2256 consilium
1276 2202 1593 2271 perfectum.

482 2286 667 2343 Schol.
694 2289 782 2344 50.
829 2290 981 2346 Dixit
1019 2293 1070 2347 ei
1094 2294 1310 2363 quidam
1337 2310 1355 2347 :
1380 2291 1637 2365 Magister
1669 2294 1837 2351 bone!
1863 2295 1989 2366 quid

410 2377 610 2447 faciens
648 2380 808 2434 vitam
836 2390 1103 2436 aeternam
1135 2383 1453 2451 possidebo.’
1492 2385 1562 2438 At
1611 2385 1705 2439 ille
1745 2402 1763 2441 :
1806 2385 1990 2442 Nolite

410 2485 491 2522 me
535 2466 709 2524 dicere
746 2470 938 2526 bonum
977 2490 995 2527 :
1028 2491 1164 2529 unus
1211 2485 1290 2530 est
1353 2476 1517 2532 bonus
1566 2476 1725 2533 Deus.
1778 2479 1992 2549 Adjecit

410 2560 531 2624 ille,
558 2559 741 2616 Pater.
774 2562 881 2619 Sed
923 2575 977 2620 et
1010 2581 1110 2636 pro
1148 2583 1212 2623 eo
1256 2568 1403 2638 quod
1443 2577 1558 2635 est,
1598 2569 1859 2625 Mandata
1901 2588 1983 2627 no-

406 2652 553 2717 sti‘,
587 2653 809 2725 scripsit
844 2656 955 2721 ille,
988 2656 1251 2713 Mandata
1281 2660 1420 2715 novi.

478 2742 661 2799 Refut.
698 2746 789 2802 50.
823 2747 901 2804 Ne
955 2748 1212 2805 mandata
1270 2762 1427 2808 antea
1473 2753 1772 2825 perscripta
1825 2753 1992 2810 fuisse

409 2846 774 2906 monstraret,
841 2839 916 2894 ita
973 2842 1317 2900 substituit:
1382 2843 1643 2899 Mandata
1687 2847 1823 2901 novi.
1886 2846 1992 2902 Sed

409 2926 679 2994 integrum
722 2938 888 2998 caput
918 2930 1050 2985 illud
1097 2946 1163 2985 ex
1208 2932 1324 3002 ipsa
1364 2936 1634 2990 sermonis
1676 2944 1761 2991 est
1798 2940 1993 2993 conse-

410 3018 629 3085 quentia
674 3020 1045 3077 manifestum.
1089 3021 1155 3077 Et
1207 3025 1467 3093 quoniam
1512 3026 1729 3081 Patrem
1787 3027 1990 3083 bonum

411 3108 666 3178 appellat,
701 3125 767 3165 ac
795 3109 998 3176 Deum,
1040 3110 1303 3182 praeclare
1329 3115 1458 3170 illud
1491 3117 1765 3183 ostendit;
1797 3135 1984 3188 quem-

411 3201 544 3256 libet
572 3218 638 3267 ex
666 3200 845 3258 Patris
877 3204 963 3259 sui
994 3205 1113 3278 lege
1134 3246 1149 3272 ,
1180 3207 1327 3262 velut
1356 3208 1629 3278 quoddam
1662 3210 1787 3265 vitae
1821 3213 1996 3282 patri-

412 3297 653 3352 monium
682 3296 1011 3371 posse3h0
1039 3300 1300 3373 consequi
1320 3318 1335 3365 ;
1357 3317 1454 3356 nec
1470 3302 1615 3356 illam
1643 3304 1992 3371 condemnat,

414 3398 507 3444 aut
534 3390 709 3459 rejicit
743 3409 756 3445 :
790 3391 886 3446 sed
921 3408 1016 3447 eos
1052 3395 1232 3463 potius
1266 3394 1427 3465 quiin
1458 3395 1573 3467 lege
1597 3395 1867 3461 vixerunt,
1894 3399 1997 3452 im-

415 3482 702 3535 mortalem
749 3483 915 3537 vitam
949 3485 1173 3541 sortitos
1214 3501 1337 3542 esse
1374 3496 1627 3555 testatur,
1662 3486 1882 3561 Moysen
1912 3489 1995 3544 vi-

414 3570 628 3638 delicet,
656 3588 719 3626 ac
754 3574 1047 3643 prophetas
1072 3586 1320 3633 caeteros.

487 3660 674 3717 Schol.
710 3666 797 3719 5i.
825 3665 1052 3721 Factum
1082 3680 1258 3724 autem
1289 3681 1367 3726 est
1403 3688 1520 3726 cum
1555 3675 1995 3744 appropinquaret

413 3751 629 3809 Iericho
649 3796 663 3818 ,
694 3772 861 3811 aecus
892 3760 1162 3815 clamabat
1194 3777 1213 3816 :
1241 3760 1394 3827 Jesu,
1418 3765 1499 3833 ﬁli
1529 3765 1721 3830 David,
1753 3768 1998 3823 miserere

415 3846 535 3900 mei.
577 3845 643 3901 Et
675 3864 792 3904 cum
815 3861 1033 3908 curatus
1058 3863 1215 3922 esset,
1241 3858 1318 3910 ait
1346 3875 1364 3911 ξ
1398 3855 1558 3913 Fides
1593 3871 1685 3914 tua
1717 3868 1767 3915 te
1788 3860 1995 3916 salvum

414 3938 542 4010 fecit
572 3941 616 3996 ⁸.

484 4030 667 4087 Refut.
698 4032 786 4088 5i.
817 4032 1037 4093 Nullum
1061 4036 1203 4095 inest
1234 4039 1289 4095 in
1328 4039 1434 4097 ﬁde
1464 4042 1833 4099 mendacium.
1858 4041 1995 4099 Nam

414 4124 461 4177 si
495 4124 778 4189 mentitur,
800 4125 935 4183 fides
950 4112 1071 4182 non
1100 4135 1207 4183 est.
1244 4129 1313 4183 At
1336 4130 1427 4185 ille
1459 4146 1587 4185 cum
1614 4131 1880 4199 dixisset,
1914 4132 1997 4201 fili

412 4210 621 4277 David,
668 4228 699 4267 a
746 4214 969 4270 Christo
1016 4218 1300 4284 laudatur;
1356 4235 1664 4291 nomenque
1710 4222 1997 4279 confessus

414 4299 557 4368 quod
584 4300 815 4370 petierat
845 4301 1121 4373 impetrat.
1151 4304 1269 4361 Non
1296 4307 1385 4363 ille
1418 4310 1736 4379 increpatur
1766 4318 1823 4364 ut
1854 4326 2001 4366 men-

416 4393 556 4455 dax,
593 4392 690 4449 sed
736 4394 1068 4463 praedicatur
1106 4404 1163 4451 ut
1199 4397 1391 4454 ﬁdelis.
1436 4398 1556 4455 Non
1608 4402 1792 4458 carnis
1832 4403 1998 4473 igitur

2085 544 2254 616 έκοψε
2280 546 2338 599 δὲ
2368 548 2557 617 πολλὰ,
2582 551 2677 604 καὶ
2709 552 2984 625 ἐποίησεν·
3016 553 3395 608 Ἀπέστειλεν
3422 552 3726 614 αὐτοὺς.

2081 638 2313 706 λέγων’
2358 641 2599 706 Δείξατε
2629 643 2883 711 ἑαυτοὺς
2920 646 3046 713 τοῖς
3089 645 3350 714 ἱερεῦσι·
3398 648 3507 699 καὶ
3566 643 3725 696 alia

2083 731 2197 785 ἀντ’
2219 730 2395 786 ἄλλων
2417 735 2661 806 ἐποίησε,
2684 736 2879 805 λέγων,
2910 738 2992 791 ὅτι
3030 738 3251 792 Πολλοὶ
3268 738 3484 805 λεπροὶ
3526 733 3727 805 ἦσαν

2081 825 2153 879 ἐν
2200 825 2445 897 ἡμέραις
2486 828 2833 885 Ἐλισσαίου
2878 831 2985 886 τοῦ
3023 833 3356 902 προφήτου,
3407 832 3516 886 καὶ
3588 830 3724 882 οὐχ

2083 918 2449 988 ἐκαθαρίσθη
2486 921 2538 973 εἰ
2559 919 2647 990 μὴ
2671 920 2907 991 Νεεμᾶν
2936 924 2970 976 ό
2994 923 3204 991 Σύρος.

2156 1010 2377 1081 Ἕλεγχ.
2432 1018 2544 1082 ut".
2588 1013 2699 1065 Kal.
2755 1012 2993 1067 ἐνταῦθα
3034 1014 3322 1086 προφήτην
3365 1013 3455 1066 τὸν
3486 1011 3719 1065 Ἐλισ-

2088 1104 2237 1156 σαῖον
2262 1102 2468 1157 καλεῖὸ
2506 1104 2729 1175 Κύριος,
2761 1105 2857 1159 καὶ
2886 1105 3079 1160 ἑαυτὸν
3111 1104 3424 1178 πληροῦντα
3448 1104 3532 1158 τὰ
3575 1105 3717 1156 ἔσο-

2084 1189 2270 1255 τὺπως
2294 1194 2423 1263 παρ’
2448 1192 2653 1247 ἐκείνου
2679 1195 3149 1266 προγεγενημένα,
3182 1195 3269 1249 ἵνα
3294 1195 3487 1266 ἐλέγχῃ
3516 1195 3717 1261 Μαρ-

2086 1283 2276 1349 κίωνα,
2307 1284 2399 1337 καὶ
2432 1285 2642 1347 πάντας
2666 1286 2794 1347 τοὺς
2832 1284 3158 1348 ἀθετοῦντας
3192 1284 3329 1338 Θεοῦ
3357 1285 3710 1354 προφήτας.

2157 1556 2311 1627 Σχόλ.
2345 1554 2452 1627 μθ¹.
2489 1555 2876 1610 Ἐλεύσονται
2923 1552 3154 1624 ήιμέραι,
3194 1551 3341 1607 ὅταν
3382 1548 3712 1621 ἑπιθινμήο

2084 1663 2235 1714 σητε
2252 1645 2401 1716 μίαν
2426 1645 2546 1700 τῶν
2562 1647 2798 1716 ἡμερῶν
2819 1645 2926 1700 τοῦ
2959 1646 3097 1700 Υιοῦ
3128 1643 3234 1698 τοῦ
3259 1642 3615 1712 ἀνθρώπου.
3690 1685 3701 1690 -

2160 1738 2382 1810 Ἔλεγχ.
2435 1739 2543 1811 μθ’.
2584 1739 2649 1793 El
2681 1739 2894 1811 ἡμέρας
2926 1738 3169 1811 ἀριθμεῖ,
3202 1737 3295 1791 καὶ
3341 1736 3531 1807 χρόνον
3583 1750 3709 1805 ση-

2091 1833 2290 1903 μαίνει,
2322 1833 2417 1886 καὶ
2467 1830 2596 1885 Υίδν
2627 1830 2915 1904 ἀνθρώπου
2963 1830 3112 1901 λέγει
3156 1830 3377 1884 ἑαυτὸν·
3425 1828 3531 1900 ἄρα
3585 1825 3706 1879 καὶ

2091 1925 2289 1996 μέτρον
2319 1923 2537 1995 ἡλικίας
2565 1921 2831 1988 ὑπέδειξε,
2861 1922 2957 1977 καὶ
2998 1922 3220 1995 ἡμερῶν
3256 1920 3351 1975 τοῦ
3380 1919 3703 1992 κηρύγμα-

2087 2034 2180 2081 τος
2222 2017 2546 2087 ὑπόδειγμα.
2582 2017 2696 2071 Οὐκ
2740 2017 2978 2089 ἄσαρκος
3019 2010 3111 2069 οὖν
3164 2017 3194 2068 6
3245 2013 3439 2082 Λόγος,
3471 2012 3592 2066 ἀλλ’
3627 2012 3701 2064 ἐν

2089 2107 2361 2180 σώματιὴ
2387 2107 2621 2161 εὐδοκία.

2162 2278 2315 2351 Σχόλ.
2351 2286 2414 2335 ν’.
2455 2275 2602 2334 Εἷπέ
2634 2296 2724 2344 τις
2747 2277 2895 2347 πρὸς
2919 2277 3135 2332 αὐτόν·
3159 2273 3501 2329 Διδάσκαλε
3533 2274 3697 2343 ἀττι-

2090 2370 2156 2427 θέ
2171 2372 2193 2425 .'
2212 2372 2269 2425 τί
2289 2371 2551 2440 ποιήσας
2573 2368 2726 2438 ζωὴν
2745 2370 2985 2424 αιώνιον
3004 2366 3442 2436 κληρονομήσω
3459 2382 3478 2429 ;
3508 2366 3564 2419 '0
3582 2365 3689 2419 δέ·

2090 2465 2185 2532 Mli
2224 2483 2302 2536 με
2346 2466 2486 2535 λέγε
2537 2465 2794 2534 ἀγαθόν’
2852 2460 2940 2529 εἷς
2980 2452 3417 2531 ἑστιν⁶ὰγαθὸςο
3442 2464 3474 2515 ὀ
3506 2461 3689 2525 Oeric.

2091 2557 2395 2629 Προσέθετο
2427 2557 2633 2620 ἐκεῖνος
2659 2573 2672 2587 ⁸
2722 2556 2775 2609 '0
2817 2555 3038 2625 Πατήρ.
3075 2554 3185 2608 Καὶ
3226 2555 3347 2607 ἀντὶ
3394 2555 3526 2608 τοῦ·
3565 2554 3691 2619 Τὰς

2091 2637 2343 2715 ἐντολὰς
2376 2644 2564 2714 οἶδας,
2589 2647 2758 2715 λέγει,
2795 2647 2906 2714 Τὰς
2928 2645 3181 2711 ἐντολὰς
3208 2642 3360 2699 οῖδα.

2166 2740 2384 2811 Ἐλεγχ.
2415 2746 2478 2794 ν’.
2523 2741 2640 2794 Ἵνα
2662 2740 2736 2811 μὴ
2778 2738 2925 2812 δείξῃ
2966 2739 3066 2804 τὰς
3094 2738 3314 2801 ἐντολὰς
3347 2737 3447 2809 ἤδη
3480 2751 3691 2808 προγε-

2091 2832 2440 2905 γραμμένας,
2471 2831 2645 2900 λέγει·
2675 2831 2785 2899 Τὰς
2809 2832 3060 2899 ἐντολὰς
3089 2828 3329 2886 οἷδα.Τὸ
3352 2831 3409 2883 δὲ
3438 2830 3560 2883 ὅλον
3589 2847 3691 2882 κει

2093 2926 2320 2997 φάλαιον
2353 2924 2583 2996 φανερὸν
2609 2924 2844 2996 ὑπάρχει
2873 2924 2981 2977 ἀπὸ
3003 2924 3103 2994 τῆς
3123 2923 3466 2987 ἀκολουθίας.
3499 2923 3610 2975 Καὶ
3630 2923 3687 2975 εἰ

2093 3016 2314 3088 Πατέρα
2363 3015 2567 3084 ἀγαθὸν
2612 3016 2831 3084 φάσκει,
2864 3014 2963 3068 καὶ
3004 3014 3135 3069 Θεὸν
3177 3014 3455 3085 ὀνομάζει,
3495 3014 3687 3077 καλῶς

2019 3140 2061 3198 C
2094 3108 2205 3162 ἀπὸ
2236 3106 2332 3162 τοῦ
2356 3108 2523 3180 νόμου
2555 3106 2650 3161 τοῦ
2678 3107 2892 3179 Πατρὸς
2916 3107 3081 3162 αὐτοῦ
3108 3108 3349 3163 διδάσκει
3374 3108 3469 3160 τὸν
3499 3108 3686 3177 βουλο-

2098 3218 2258 3272 μενον
2286 3199 2383 3272 τὴν
2427 3200 2573 3272 ζωὴν
2604 3199 3041 3272 κληρονομῆσαι*
3071 3199 3164 3253 καὶ
3195 3200 3295 3253 οὐκ
3324 3198 3527 3263 ἀθετεῖ,
3556 3199 3683 3252 οὐδὲ

2095 3292 2427 3346 ἀπωθεῖται’
2472 3291 2607 3346 ἀλλὰ
2654 3292 2852 3364 μᾶλλον
2893 3293 3257 3365 ἐπιμαρτυρεῖ
3278 3292 3403 3355 τοὺς
3439 3294 3499 3345 ὲν
3530 3292 3683 3361 νόμῳ

2096 3384 2584 3456 πολιτευσαμένους
2648 3384 2793 3457 ζωὴν
2849 3385 3065 3440 αεώνιον
3117 3384 3681 3456 κεκληρονομηκέναι,

2096 3476 2334 3531 Μωῦσέα
2358 3494 2417 3531 τε
2447 3477 2543 3532 καὶ
2563 3478 2691 3542 τοὺς
2716 3477 2910 3542 ἄλλους
2945 3478 3250 3550 προφήτας.

2168 3661 2322 3732 Σχόλ.
2351 3669 2452 3717 να’.
2506 3660 2770 3732 Ἐγένετο
2798 3660 2868 3714 δὲ
2896 3659 2967 3715 ἐν
2994 3658 3075 3725 τῷ
3098 3656 3346 3729 ἐγγίζειν
3388 3655 3585 3713 αὐτὸν·
3608 3656 3681 3724 τῆ

2110 3756 2340 3827 Ἰεριχὼ,
2366 3755 2595 3826 τυφλὸς
2625 3756 2765 3810 ἐϐόα
2783 3771 2797 3787 ⁸
2834 3754 3029 3822 Ἰησοῦ
3058 3752 3149 3808 υἱὲ
3181 3752 3377 3817 Δαόὶδ,
3416 3751 3681 3819 ἐλέησόν

2091 3864 2187 3917 με,
2220 3849 2327 3902 Καὶ
2376 3847 2474 3901 ὅτε
2503 3846 2657 3914 ιὰθη,
2689 3846 2882 3916 φησιν
2904 3863 2916 3877 ·
2953 3844 3016 3899 Ἡ
3057 3844 3261 3910 πίστις
3287 3857 3405 3897 σου
3442 3840 3679 3897 σέσωκέ

2098 3956 2192 3995 σε.

2171 4029 2390 4101 Ἐλεγχ.
2429 4036 2528 4084 va'.
2568 4029 2661 4083 Ἐν
2713 4029 2893 4083 πίστει
2939 4028 3039 4080 οὐκ
3083 4026 3163 4081 ἔνι
3203 4025 3428 4089 ψεῦδος·
3474 4027 3523 4078 εἰ
3572 4024 3677 4095 γὰρ

2095 4121 2368 4193 ψεύδεται,
2398 4121 2458 4174 οὐ
2512 4120 2710 4184 πίστις.
2758 4121 2923 4189 Λέγει
2973 4117 3137 4188 γοῦν⁹
3202 4116 3289 4171 Υἱὲ
3343 4115 3543 4180 Δαόιδ,
3589 4115 3678 4166 καὶ

2098 4214 2423 4276 ἐπαινεῖται,
2457 4212 2554 4267 καὶ
2583 4211 2865 4284 κομίζεται
2896 4210 2956 4264 τὸ
2981 4212 3187 4281 αἴτημα
3221 4210 3249 4261 ὁ
3273 4208 3332 4261 τδ
3353 4206 3526 4277 δνομα
3549 4207 3675 4274 ὁμο-

2097 4306 2352 4377 λογήσας.
2381 4304 2492 4359 Καὶ
2543 4304 2645 4359 οὐκ
2695 4302 2999 4375 ἐπετιμήθη
3048 4302 3124 4365 ὡς
3176 4298 3437 4370 ψεύστης,
3466 4296 3676 4359 ἀλλ’ὡς

2100 4399 2289 4464 πιστὸς
2322 4398 2690 4471 ἐμακαρίσθη.
2721 4396 2838 4451 Οὐκ
2869 4397 2977 4467 ἄρα
3002 4396 3237 4466 ἄσαρκος
3266 4396 3294 4447 ὁ
3323 4394 3413 4448 διὰ
3439 4394 3542 4464 τὴν
3566 4392 3678 4446 ἐπε-

414 4494 533 4541 crat
588 4502 786 4558 expers
840 4488 933 4558 qui
985 4489 1252 4568 obillam
1310 4493 1547 4552 nominis
1600 4492 1991 4567 invocationem

2121 4491 2295 4564 ιλησιν
2332 4489 2428 4544 τοῦ
2470 4489 2731 4562 ὀνόματος
2756 4488 3123 4560 χαρισάμενος
3149 4485 3227 4557 τῷ
3255 4483 3442 4555 τυφλῷ
3470 4484 3534 4536 τὸ
3563 4482 3677 4551 βλέ-

414 4591 561 4631 croco
605 4578 783 4634 visum
823 4580 1086 4636 restituit.
1135 4582 1347 4657 Quippe
1398 4603 1506 4642 non
1552 4603 1692 4645 vana
1736 4589 2005 4646 duntaxat

415 4668 619 4737 Specie,
647 4672 743 4725 sed
776 4670 957 4739 reipsa
990 4675 1291 4729 secundum
1324 4692 1544 4734 carnem
1575 4693 1605 4734 e
1645 4680 1819 4751 stirpe
1850 4681 2007 4736 Davi-

414 4758 500 4815 dis
534 4759 800 4830 originem
845 4762 1079 4819 duxerat
1106 4766 1175 4821 de
1211 4767 1529 4824 beatissima
1564 4769 1788 4843 Virgine
1829 4771 1997 4828 Maria

415 4860 609 4916 natus,
651 4860 706 4908 et
744 4868 775 4908 a
800 4865 995 4912 sancto
1045 4858 1252 4928 Spiritu
1282 4860 1571 4918 formatus.

487 4941 673 5002 Schol.
714 4947 804 5001 52.
859 4947 1131 5003 Mutilavit
1183 4951 1330 5005 ista:
1362 4952 1663 5022 Assumptis
1718 4952 1998 5009 duodecim

418 5037 495 5089 ait
527 5053 545 5090 :
582 5036 711 5093 Ecce
734 5042 1069 5097 ascendimus
1103 5042 1559 5114 Hierosolymam,
1590 5053 1638 5101 et
1664 5060 2000 5101 consumma-

419 5128 614 5183 buntur
673 5133 851 5186 omnia
918 5151 1039 5205 quia
1117 5137 1316 5207 scripta
1386 5148 1508 5192 sunt
1566 5154 1658 5209 per
1717 5139 1999 5209 prophetas

416 5221 481 5275 de
523 5220 568 5291 Ε
572 5222 665 5275 ilio
707 5217 977 5281 hominis:
1004 5230 1265 5297 tradetur,
1302 5231 1590 5299 occidetur,
1632 5241 1681 5288 et
1726 5234 1885 5288 tertia
1913 5232 2000 5288 die

418 5315 714 5387 resurget‘.
755 5314 881 5373 Hazc
907 5320 1091 5375 omnia
1127 5323 1374 5379 sustulit.

492 5496 671 5554 Refut.
717 5499 807 5556 52.
854 5499 925 5555 Ut
971 5518 1238 5573 nusquam
1288 5511 1433 5559 recta
1466 5506 1765 5576 gradiatur.
1806 5506 1996 5575 Quan-

419 5603 585 5663 quam
631 5590 779 5649 illius
827 5593 1121 5666 obliquitas
1168 5610 1233 5652 ac
1277 5597 1417 5652 mala
1459 5598 1513 5654 in
1558 5599 1815 5656 omnibus
1864 5600 1998 5656 lides

2103 4602 2246 4639 πειν.
2265 4581 2561 4654 ’Λληθινῶς
2589 4580 2698 4653 γὰρ
2723 4576 2812 4651 ἦν,
2840 4580 2933 4634 καὶ
2959 4580 3020 4633 οὐ
3058 4580 3295 4650 δοκήσει,
3317 4578 3382 4630 ὲκ
3401 4576 3495 4630 τοῦ
3526 4576 3679 4646 σπέρ-

2106 4696 2276 4751 ματος
2320 4677 2489 4731 Δαϐὶδ
2538 4676 2678 4730 κατὰ
2727 4674 2928 4745 σάρκα,
2968 4672 3076 4725 ἀπὸ
3123 4673 3341 4743 Μαρίας
3386 4673 3488 4743 τῆς
3524 4672 3677 4740 ἁγίας

2107 4769 2405 4842 Παρθένου,
2436 4768 2530 4823 καὶ
2557 4767 2644 4822 διὰ
2677 4766 2993 4836 Πνεύματος
3018 4764 3173 4829 ἁγίου
3206 4762 3623 4835 γεγεννημένος.

2174 4950 2333 5023 Σχὸλ.
2366 4949 2465 5021 νβ’.
2507 4948 2793 5021 Παρέκοψε
2830 4948 2924 5001 τόδ
2976 4945 3344 5016 Παραλαϐὼν
3390 4946 3539 5014 τοὺς
3577 4946 3678 5001 δώ-

2103 5043 2271 5109 δεκα,
2293 5043 2503 5113 ἔλεγεν
2518 5060 2531 5073 °
2570 5042 2715 5098 Ἰδοὺ
2737 5042 3136 5110 ἀναϐαίνομεν
3161 5042 3247 5106 εἷς
3280 5040 3673 5110 Ἰεροσόλιψα,

2106 5136 2203 5191 καὶ
2241 5136 2674 5205 τελεσθήσεται
2716 5133 2911 5187 πάντα
2948 5132 3021 5187 τὰ
3063 5129 3434 5202 γεγραμμένα
3468 5133 3538 5185 ἐν
3562 5131 3674 5198 τοῖς

2102 5226 2427 5299 προφήταις
2461 5226 2591 5295 περὶ
2622 5224 2728 5278 τοῦ
2767 5224 2903 5279 Υἰοῦ
2930 5223 3036 5277 τοῦ
3058 5221 3391 5290 ἀνθρώπου.
3416 5223 3672 5291 Παραδο-

2102 5320 2351 5388 θήσεται
2391 5321 2523 5389 γὰρ,
2564 5318 2661 5371 καὶ
2686 5316 3222 5385 armatura-noscat,
3252 5316 3349 5370 καί
3399 5314 3478 5384 τῇ
3519 5318 3669 5385 τρίτῃ

2102 5412 2293 5483 ἡμέρᾳ
2320 5408 2861 5481 ἐγερθήσεται.”ολα
2884 5407 3054 5461 ταῦτα
3080 5406 3379 5480 παρέκυψε.

2176 5505 2398 5575 Ἔλεγχ.
2424 5503 2525 5574 νβ’.
2569 5504 2686 5556 Ἵνα
2712 5502 2769 5554 ὲν
2805 5501 2991 5573 μηδενὶ
3020 5498 3377 5573 ὀρθοποδήσῃ,
3408 5499 3501 5572 Μὴ
3525 5499 3664 5570 ὀρθο-

2104 5598 2280 5651 ποδῶν
2311 5597 2369 5651 δὲ
2394 5595 2678 5667 ἐλέγχεται
2716 5592 3054 5667 ρᾳδιουργῶν
3087 5593 3228 5647 κατὰ
3258 5592 3436 5646 πάντα
3458 5593 3657 5663 τρόπον.

498 5769 517 5805 ⁸
541 5767 676 5831 Luc.
710 5774 937 5842 mnu.
1014 5776 1035 5807 ¹
1069 5774 1201 5832 Luc.
1234 5793 1304 5846 tv,
1340 5780 1426 5847 9.7.
1510 5780 1527 5811 ³
1558 5779 1693 5834 Luc.
1739 5796 1871 5850 xm,
1904 5783 1994 5840 93.
2073 5781 2091 5814 ‘
2126 5780 2257 5838 Luc.
2294 5796 2448 5848 xvut,
2488 5780 2547 5838 18
2582 5796 2702 5853 sqq.
2782 5781 2802 5813 '
2843 5779 2975 5837 ibid.
3006 5780 3093 5839 55.
3168 5778 3346 5835 ‘ibid.
3384 5778 3476 5836 5L
