3768 6182
164 200 274 215 ’0‘

173 200 274 253 757
832 201 1203 259 ADVERSUS
1245 200 1587 258 llERESES
1628 199 1737 256 LIB

1912 196 2044 255 50M.
2084 197 2178 253 lll.
2220 222 2289 237 ι-
2327 196 2602 254 llx’EBES.
2642 194 2809 252 XLII.
2906 198 2913 205 ’

3319 194 3425 251 758

160 320 418 392 Ἐκρυψε
456 320 565 392 γὰρ
590 321 657 375 τὰ
682 321 839 393 ῥητὰ,
863 320 948 375 ἴνα
973 320 1131 393 δῆθεν
1164 322 1232 378 τὰ
1261 324 1388 395 περὶ
1413 320 1508 376 τοῦ
1536 321 1735 385 πάθους

1912 319 2159 391 prehendi
2182 326 2380 390 potest.
2401 317 2733 374 Verbaenim
2754 317 2844 372 illa
2870 316 3234 374 dissimulavit
3262 316 3387 374 ideo
3404 360 3421 384 ,

162 412 763 483 ipvﬁanrat.')‘arepov
801 412 859 465 δὲ
898 412 1243 482 ὁμολογοῦντι
1267 414 1431 467 αὐτὸν
1460 412 1743 484 ἐσταυρῶ-

161 502 319 566 σθαι,
361 504 438 566 εἰς
490 502 718 574 μάταιον
769 501 917 574 αὐτῷ
966 505 995 557 ὁ
1034 502 1197 567 πόνος
1243 503 1346 574 τῆς
1397 503 1745 575 ῥᾳδιουργίας

162 592 189 643 ἐ
200 612 344 648 σται.

134 822 137 825 ,
244 771 400 841 Σχόλ.
452 776 553 839 νγ’.
593 770 882 841 Παρέκοψε
923 771 987 825 τὺ
1029 772 1323 841 κεφάλαιον
1367 773 1428 827 τὸ
1472 773 1602 845 περὶ
1646 774 1742 830 τοῦ

162 861 318 927 Svou,
354 862 445 915 καὶ
473 861 750 933 Βεθφαγὴ,
782 861 877 916 καὶ
914 861 977 915 τὸ
1007 864 1134 934 περὶ
1166 864 1263 935 τῆς
1289 863 1496 928 πόλεως
1528 865 1622 918 καὶ
1649 864 1743 918 τοῦ

161 964 217 1005 ιε
226 953 345 1024 ροῠ.
384 956 537 1007 Διότι
570 952 973 1024 γεγραμμένον
995 950 1104 1025 ἦν’
1159 949 1220 1008 '0
1248 952 1411 1021 οἶκός
1436 973 1553 1025 μου
1582 956 1745 1021 οἶκος

162 1044 524 1113 προσευχῆς
559 1036 925 1113 κληθήονεται
950 1061 965 1076 ·
999 1048 1096 1101 καὶ
1130 1046 1350 1102 ποιεῖτε
1374 1048 1561 1102 αὐτὸν
1590 1048 1746 1114 σπή-

164 1139 350 1189 λαιον
376 1135 639 1206 λῃστῶν.

247 1223 471 1293 Ἐλεγχ.
504 1232 607 1293 νγ’.
648 1224 751 1281 Τὸν
774 1225 993 1297 ἔλεγχον
1018 1227 1217 1299 ἑαυτῆς
1241 1229 1274 1300 ἡ
1302 1228 1470 1284 κακία
1492 1231 1589 1301 οὐχ
1609 1233 1711 1303 ὁρᾷ
1726 1247 1741 1262 ·

160 1313 471 1383 τυφλώττει
503 1317 629 1387 γάρ.
662 1316 846 1371 Οἴεται
868 1318 925 1371 δὲ
951 1317 1209 1372 δύνασθαι
1237 1322 1612 1393 ἀποκρύπτειν
1648 1322 1746 1394 τὴν

157 1403 276 1473 τῆς
304 1405 557 1477 ἀληθείας
597 1407 714 1460 ὁδόν
734 1425 746 1439 ’
781 1408 917 1479 ὅπερ
943 1410 1089 1462 ἐστὶν
1120 1410 1397 1466 ἀδύνατον.
1428 1412 1602 1476 Εὐθὺς
1637 1413 1746 1485 γὰρ

159 1500 501 1570 ἀνεπήδησε,
536 1501 854 1573 παραλιπὼν
881 1503 977 1556 ὅλα
1001 1503 1069 1556 τὰ
1100 1504 1367 1573 κεφάλαια
1391 1504 1460 1558 τὰ
1488 1523 1746 1577 προειρη-

163 1593 315 1662 μένα
342 1592 428 1645 διὰ
452 1593 542 1647 τὸν
577 1594 991 1665 μαρτυρηθέντα
1018 1597 1180 1650 τόπον
1205 1596 1299 1650 τοῦ
1325 1597 1453 1651 ναοῦ
1481 1598 1610 1652 ὄντα
1642 1599 1742 1653 αὒ-

155 1683 268 1736 τοῦ
319 1685 465 1747 ἴδιον,
502 1664 594 1738 καὶ
642 1687 720 1749 εἰς
753 1664 920 1756 ὄνομα
961 1686 1124 1740 αὐτοῦ
1171 1687 1603 1759 ᾠκοδομημένον.
1633 1690 1745 1743 Καὶ
1772 1664 1815 1719 Β

156 1776 285 1829 ἀπὸ
324 1777 423 1847 τῆς
465 1775 669 1848 ἰεριχὼ
698 1776 1011 1831 καταλιπὼν
1057 1780 1239 1832 πᾶσαν
1281 1779 1381 1848 τὴν
1428 1779 1745 1836 ἀκολουθίαν

160 1866 275 1936 τῆς
299 1866 621 1937 ὁδοιπορίας,
650 1864 767 1929 πῶς
806 1884 864 1920 τε
903 1862 1065 1938 ἦλθον
1106 1868 1187 1931 εἰς
1225 1867 1493 1938 Βηθανίαν
1535 1871 1627 1924 καλ⁹
1665 1872 1746 1935 εἰς

160 1959 459 2029 Βηθφαγὴ.
492 1959 653 2012 Φύσει
697 1960 805 2031 γὰρ
850 1959 1122 2031 λεωφόρος
1160 1956 1228 2031 ἦν
1275 1961 1500 2027 παλαιὰ,
1539 1964 1746 2032 ἄγουσα

162 2052 253 2112 εἰς
314 2050 667 2122 Ἰερουσαλὴμ
709 2051 797 2105 διὰ
845 2050 939 2104 τοῦ
989 2052 1147 2122 ὅρους
1188 2053 1295 2107 τῶν
1334 2053 1596 2117 Ἐλαιῶν,
1646 2056 1746 2108 οὐκ

160 2139 449 2206 ἄγνωστος
484 2133 617 2191 οὖσα
646 2141 760 2201 τοῖς
795 2140 888 2191 και¹
916 2137 1007 2191 τὸν
1027 2139 1190 2192 τόπον
1222 2139 1667 2211 ίστορούσιν.⁹ἰνα
1689 2142 1746 2197 δὲ

163 2229 404 2300 ἐλεγχθῇ
432 2229 536 2282 ἀπὸ
567 2230 660 2282 τοῦ
687 2228 815 2282 ἰδίου
852 2230 1134 2300 στόματος,
1161 2230 1323 2301 φησίν
1340 2248 1353 2261 ·
1397 2232 1657 2302 Ἐγένετο
1677 2234 1747 2288 ἐν

162 2318 276 2388 μιᾷ
307 2319 425 2373 τῶν
450 2318 682 2389 ἡμερῶν
712 2319 1109 2386 διδάσκοντος
1146 2321 1331 2375 αὐτοῦ
1362 2321 1434 2375 ἑν
1470 2320 1551 2387 τῷ
1592 2323 1744 2391 ἱερῷ,

159 2403 472 2473 ἐζήτησαν
516 2405 824 2460 ἐπιϐαλεῖν
869 2406 962 2460 ἐπ’
989 2406 1177 2461 αὐτὸν
1218 2408 1324 2474 τὰς
1376 2409 1597 2478 χεῖρας,
1646 2410 1743 2464 καὶ

163 2494 576 2564 ἐφοϐήθησαν,
604 2496 679 2559 ὡς
705 2496 813 2567 ἔχει
859 2497 998 2568 μετά
1034 2498 1191 2551 τοῦτο
1234 2499 1293 2552 τὸ
1328 2490 1619 2569 κεφάλαιον
1652 2501 1743 2557 νδ’.

167 2588 301 2651 Πῶς
345 2582 436 2641 οὖν
484 2588 591 2641 ἀπὸ
628 2588 834 2660 Ἱεριχὼ
876 2589 1091 2657 ἐγένετο
1139 2591 1197 2645 ὲν
1225 2592 1303 2662 τῷ
1332 2592 1482 2663 ἱερῷ,
1514 2592 1621 2646 ἀπὺ
1648 2595 1746 2665 τῆς

165 2678 350 2748 αὐτῆς
386 2678 691 2748 ὁδοιπορίας
713 2679 1105 2750 γνωσθήσεται,
1132 2681 1226 2734 καὶ
1246 2684 1340 2735 τοῦ
1370 2685 1468 2754 τῆς
1487 2684 1606 2737 ὁδοῦ
1633 2684 1747 2738 δια-

168 2771 470 2840 στήματος.
491 2771 626 2823 Ἀλλ’
660 2772 744 2824 ἵνα
783 2772 920 2842 ὀφθῇ
955 2773 983 2824 ὁ
1022 2773 1339 2844 ρᾳδιουργὸς
1384 2775 1746 2846 παρακρύψας

166 2862 240 2915 τὰ
274 2864 335 2915 ἐν
366 2865 431 2933 τῇ
464 2863 566 2934 ὁδῷ
594 2864 882 2934 γενόμενα,
910 2865 1003 2918 καὶ
1032 2866 1089 2918 ὲν
1116 2864 1194 2935 τῷ
1229 2865 1360 2937 ἱερῷ
1392 2865 1626 2937 ῥηθέντα
1653 2867 1745 2919 ὑπ’

165 2952 342 3051 αξιτοῦ
387 2952 481 3006 τοῦ
523 2955 774 3051 Σωτῆρος
815 2954 920 3028 πρὸ
955 2956 1143 3008 τούτου
1182 2955 1360 3025 λόγου,
1385 2956 1529 3025 λέγω
1554 2957 1647 3029 δή·
1688 2958 1744 3011 Ὁ
1772 2994 1815 3051 c

163 3037 341 3107 οἶκός
373 3058 492 3111 μου
536 3037 701 3107 οἶκος
744 3043 1091 3113 προσευχῆς
1132 3044 1516 3113 κληθήσεται,
1543 3045 1638 3099 καὶ
1677 3044 1746 3099 τὰ

168 3129 321 3199 ἑξῆς,
359 3129 433 3192 ὡς
458 3129 569 3199 ἔχει
600 3132 633 3199 ἡ
671 3131 994 3202 προφητεία.

242 3222 402 3293 Σχόλ.
436 3222 526 3275 νδν.
572 3224 680 3277 Καὶ
709 3223 1004 3292 ἐζήτησαν
1047 3223 1354 3280 ἐπιϐαλεῖν
1391 3225 1499 3291 τὰς
1546 3225 1748 3296 χεῖρας

168 3312 265 3366 ἐπ’
302 3313 510 3378 αὐτὸν,
528 3313 628 3366 καὶ
654 3314 1063 3383 ἐφοϐήθησαν.

247 3403 472 3473 Ἐλεγχ.
508 3403 601 3457 νδ’.
642 3403 948 3477 Ἐθεωρήθη
978 3407 1070 3460 καὶ
1099 3406 1416 3479 ήρμηνεύθη
1445 3409 1505 3461 ὲν
1533 3407 1610 3479 τῷ
1641 3409 1748 3480 πρὸ

103 3571 111 3577 ⁸
175 3493 368 3547 τούτου
408 3493 616 3565 ἐλέγχῳ
666 3495 763 3549 σὺν
804 3499 870 3566 τῇ
916 3497 1134 3568 φράσει,
1171 3499 1288 3569 μετ’
1337 3501 1604 3571 ἐπιτομῆς
1648 3500 1747 3571 τῆς

174 3586 583 3657 προσηκούσης.

246 3676 406 3745 Σχόλ.
437 3685 533 3733 va’.
581 3680 749 3734 Πάλιν
781 3678 1021 3749 ἀπέκοψε
1044 3680 1112 3734 τὰ
1148 3680 1274 3754 περὶ
1305 3682 1399 3736 τοῦ
1427 3683 1747 3755 ἀμπελῶνος

175 3767 269 3822 τοῦ
307 3769 651 3841 ὲκδεδομένου
679 3776 945 3844 γεωργοῖς
965 3789 977 3801 ·
1020 3774 1112 3826 καὶ
1141 3774 1232 3827 τόο
1270 3774 1331 3829 Τί
1357 3770 1469 3829 οὖν
1496 3777 1628 3831 ἐστι
1657 3776 1744 3843 τὸ,

179 3861 365 3919 Λίθον
387 3862 458 3915 ὃν
476 3863 931 3932 ἀπεδοκίμασαν
978 3868 1032 3919 οἱ
1064 3865 1559 3935 οὶκοδομοῦντες;

236 3954 457 4024 Ἔλεγχ.
481 3962 573 4011 va’.
597 3957 761 4010 Οὐδὲν
781 3958 927 4027 ἡμᾶς
960 3956 1396 4028 ἀδικήσειτοῖντα
1432 3959 1549 4013 Κᾶν
1565 3976 1624 4011 τε
1642 3958 1747 4029 γὰρ

178 4044 307 4096 αὐτὸ
333 4044 633 4116 περικόψῃ,
678 4047 776 4100 οὐκ
808 4047 900 4117 ἀφ’
944 4046 1098 4118 ἡμῶν
1124 4048 1422 4117 ἀπέκοψεν,
1453 4049 1590 4104 ἀλλά
1622 4051 1748 4102 ἑαυ-

178 4132 267 4187 τὸν
312 4136 407 4187 καὶ
440 4137 565 4199 τοὺς
596 4137 759 4190 αὑτοῦ
789 4138 1113 4208 ἐζημίωσεν.
1164 4138 1390 4203 Ἰκανῶς
1434 4140 1541 4212 γὰρ
1571 4143 1600 4194 ὁ
1628 4141 1749 4194 κατ’

179 4218 343 4273 αὐτοῦ
378 4220 595 4293 ἔλεγχός
619 4224 756 4288 ἐστι,
785 4224 873 4278 διὰ
906 4226 1165 4279 πλειόνων
1194 4228 1528 4300 μαρτυριῶν.

249 4398 405 4467 Σχόλ.
435 4406 526 4463 νς’.
576 4401 839 4472 Ἀπέκοψε
867 4404 957 4457 τό·
986 4407 1114 4462 Ὅτι
1142 4407 1209 4460 δὲ
1230 4407 1557 4478 ἐγείρονται
1574 4411 1627 4462 οἱ
1654 4425 1751 4462 νε-

183 4491 330 4557 κροὶ,
362 4492 621 4562 Μωῢσῆς
656 4494 923 4564 ἐμήνυσε
949 4498 1082 4567 περὶ
1124 4499 1231 4552 τοῦ
1257 4500 1452 4565 ,ϐάτου
1480 4500 1615 4571 (75),
1672 4501 1753 4566 ὡς

181 4582 337 4652 λέγει
388 4586 631 4653 Κύριον,
668 4588 775 4641 τὸν
800 4590 949 4645 Θεὸν
1004 4592 1250 4661 Ἀϐραὰμ
1282 4592 1379 4645 καὶ
1413 4594 1629 4658 Ἰσαὰκ,
1653 4596 1752 4649 καὶ

196 4676 407 4731 Ἰακώϐ.
449 4680 591 4746 Θεὸς
618 4681 681 4733 δ’
701 4681 831 4736 ἐστὶ
861 4681 1109 4749 ζώντων,
1135 4686 1234 4739 καὶ
1257 4686 1394 4755 οὐχὶ
1426 4687 1672 4755 νεκρῶν.

256 4795 476 4866 Ἐλεγχ.
502 4796 609 4861 νς’.
643 4796 932 4868 Θαυμάσαι
957 4798 1106 4852 ἔστιν
1134 4800 1227 4853 ἐπὶ
1254 4803 1321 4872 τῇ
1351 4801 1507 4872 ἀνοίᾳ
1535 4800 1629 4855 τοῦ
1652 4819 1755 4872 μα⁹

188 4886 516 4957 ταιόφρονος,
547 4887 663 4951 πῶς
700 4889 820 4958 οὐχὶ
842 4892 973 4954 νοεῖ,
1015 4889 1096 4943 ὅτι
1125 4891 1215 4959 ἴση
1241 4892 1378 4962 αὕτη
1418 4894 1451 4963 ἡ
1482 4893 1759 4964 μαρτυρία

188 4975 437 5043 τυγχάνει
469 4978 534 5046 τῇ
560 4975 653 5030 τοῦ
683 4976 933 5048 Λαζάρου
959 4975 1055 5031 τοῦ
1086 4978 1325 5049 πτωχοῦ,
1358 4981 1452 5033 καὶ
1483 4984 1548 5053 τῇ
1577 4999 1755 5053 παρα-

191 5066 311 5138 ϐολῇ
328 5067 438 5121 τῶν
463 5067 538 5140 μὴ
566 5069 1029 5140 συγχωρουμένων
1052 5071 1133 5133 εἰς
1157 5069 1254 5140 τὴν
1283 5069 1557 5141 βασιλείαν
1582 5073 1756 5125 εἰσελ-

194 5157 327 5212 θεῖν⁵
357 5176 434 5213 ων
466 5159 786 5230 παραϐολῶν
817 5160 885 5213 τὰ
917 5160 1143 5231 λείψανα
1173 5160 1345 5226 εἴασε,
1379 5164 1473 5215 καὶ
1509 5164 1568 5216 οὐ
1614 5181 1758 5235 παρ-

195 5249 401 5319 έκυψεν,
442 5250 577 5305 ἀλλὰ
606 5252 699 5305 ἐπὶ
728 5254 795 5324 τῇ
830 5250 995 5305 αὑτοῦ
1028 5253 1257 5324 αἰσχύνῃ
1287 5253 1641 5308 καταλέλοιπε
1670 5256 1754 5320 τὸ,

1845 416 1905 463 ιιι
1932 424 2053 479 qua:
2074 408 2141 463 ad
2175 407 2383 463 Christi
2415 406 2735 462 Passionem
2766 405 3002 460 attinent
3040 415 3281 477 negaret.
3316 404 3425 461 Sed

1843 514 1967 556 cum
2020 499 2219 555 deinde
2258 497 2584 555 cruciﬁxum
2637 497 2890 552 eumdem
2938 511 3062 552 esse
3106 498 3419 562 conﬁtetur,

1843 591 2051 647 frustra
2098 598 2182 647 est
2208 590 2386 646 omnis
2420 589 2490 645 ab
2513 602 2580 644 eo
2618 584 2957 658 depravandi
2992 586 3138 643 illius
3167 588 3272 642 loci
3300 603 3424 643 sus-

1842 691 2034 753 ceptus
2058 682 2233 738 labor.
2290 717 2295 723 η

1911 773 2095 829 Schol.
2137 773 2226 830 53.
2277 771 2551 843 Expunxit
2604 778 2658 829 et
2712 778 2879 842 caput
2945 771 3080 826 illud
3140 771 3208 827 de
3263 771 3422 827 asino

1842 863 2189 936 Bethphage,
2255 872 2311 919 et
2370 864 2540 930 urbe,
2611 871 2774 934 atque
2827 863 3090 932 templo‘.
3159 862 3423 929 Quoniam

1844 957 2095 1024 scriptum
2126 964 2204 1010 est
2234 972 2252 1010 :
2288 954 2487 1010 Domus
2527 971 2643 1009 mea
2669 954 2857 1009 domus
2907 955 3163 1008 orationis
3211 954 3421 1009 vocabi-

1847 1058 1951 1102 tur.
1984 1046 2052 1102 Et
2077 1048 2257 1118 facitis
2285 1064 2399 1101 eam
2432 1046 2734 1116 speluncam
2774 1048 3041 1101 latronum
3068 1048 3110 1103 ³.

1916 1221 2099 1278 Refut.
2132 1224 2220 1278 53.
2266 1222 2422 1279 Caeca
2452 1230 2538 1279 cst
2584 1223 2908 1293 improbitas
2945 1222 3159 1289 omnis;
3210 1237 3311 1278 nec
3357 1238 3422 1279 ea

1846 1313 1990 1369 videt
2031 1314 2225 1383 quibus
2264 1313 2516 1385 redargui
2552 1314 2755 1384 possit,
2802 1328 2867 1368 ac
2898 1329 2958 1368 se
3000 1313 3142 1382 quod
3179 1312 3295 1368 fieri
3324 1327 3423 1367 ne—

1845 1405 1964 1475 quit
1987 1404 2240 1470 omnino,
2263 1405 2513 1460 veritatis
2543 1406 2685 1459 viam
2720 1404 3001 1459 occultare
3024 1412 3207 1474 sperat
3237 1417 3419 1478 posse.

1848 1494 1941 1550 Sic
1971 1494 2097 1560 iste,-
2132 1494 2519 1565 prretermissis
2559 1494 2627 1549 iis
2648 1494 2904 1548 omnibus
2930 1510 3051 1565 quae
3083 1494 3192 1549 dixi
3229 1493 3425 1563 capiti-

1846 1584 1972 1649 bus,
2023 1585 2257 1655 abrupte
2303 1586 2604 1649 transiliit,
2648 1592 2709 1639 ut
2739 1586 2873 1640 illud
2920 1585 2987 1639 de
3019 1587 3220 1657 templo
3266 1586 3425 1641 testi-

1846 1678 2088 1732 monium
2126 1678 2360 1743 vitaret,
2399 1692 2510 1747 quo
2542 1678 2817 1748 peculiare
2857 1676 2962 1731 sibi
2997 1677 3129 1731 illud
3151 1692 3309 1742 esse,
3357 1692 3423 1732 ac

1845 1769 2051 1823 nomini
2085 1782 2184 1823 suo
2219 1769 2583 1823 constitutum
2626 1768 2916 1839 signiﬁcat.
2948 1768 3027 1822 Ac
3064 1766 3321 1839 deinceps
3352 1769 3423 1823 ah

1846 1860 2216 1916 llierichuntis
2247 1861 2527 1915 mentione
2554 1868 2725 1915 totam
2780 1859 2996 1914 itineris
3027 1860 3224 1914 seriem
3258 1860 3423 1914 omit-

1844 1952 1959 2015 tit,
2018 1960 2186 2021 utque
2245 1951 2567 2007 Bethaniam
2622 1965 2687 2005 ac
2733 1948 3046 2021 Betbphage
3088 1951 3419 2020 pervenerit.

1846 2043 2014 2100 Vetus
2066 2045 2213 2100 enim
2271 2051 2389 2099 erat
2440 2044 2557 2103 via,
2610 2057 2733 2113 quae
2784 2058 2882 2111 per
2942 2043 3138 2098 Oliveti
3183 2052 3421 2099 montem

1846 2130 2221 2202 Hierosolyma
2246 2131 2510 2198 ducebat,
2553 2130 2709 2202 35.1
2744 2146 2908 2201 quam
2946 2132 3089 2186 haud
3138 2132 3419 2201 ignorant,

1844 2223 1938 2292 qui
1988 2238 2052 2278 ea
2098 2224 2217 2278 loca
2262 2230 2573 2294 peragrant.
2610 2221 2811 2279 Verum
2865 2232 2925 2278 ut
2971 2239 3072 2280 suo
3116 2226 3291 2296 ipsius
3327 2241 3423 2281 ore

1844 2314 2198 2370 convincatur
2230 2333 2245 2369 :
2295 2313 2521 2368 Factum
2560 2322 2675 2377 est,
2718 2316 2929 2385 inquit,
2971 2317 3026 2370 in
3066 2332 3174 2370 una
3214 2318 3423 2371 dierum

1845 2406 2059 2460 docente
2087 2406 2181 2459 illo
2223 2407 2277 2460 in
2331 2405 2521 2475 templo
2548 2445 2563 2470 ,
2614 2415 2934 2477 qua'sterunt
2976 2408 3187 2477 injicere
3246 2410 3299 2462 in
3358 2410 3423 2462 ει.

1848 2497 1955 2551 Ιιιηι
1986 2514 2203 2562 manus,
2249 2507 2298 2551 et
2363 2498 2691 2562 timuerunt,
2734 2508 2795 2553 ut
2838 2500 3087 2570 sequenti
3130 2500 3308 2570 capite
3352 2501 3422 2556 54

1846 2590 2172 2646 declaratur.
2225 2590 2390 2660 Igitur
2439 2589 2899 2660 quemadmodum
2961 2590 3317 2647 llierichunte
3365 2590 3420 2645 iu

1849 2683 2104 2752 templum
2135 2682 2343 2737 venerit
2364 2697 2430 2737 ex
2467 2681 2659 2739 eodem
2681 2683 2776 2738 illo
2804 2683 2998 2738 itinere
3032 2698 3097 2737 ac
3125 2684 3227 2738 via:
3251 2683 3414 2738 inter-

1844 2771 1989 2826 vallo
2014 2772 2383 2843 cognoscitur.
2407 2770 2513 2826 Sed
2546 2787 2611 2827 eo
2638 2788 2727 2828 res
2759 2772 2991 2829 adducta
3008 2780 3121 2837 est,
3142 2781 3199 2827 ut
3228 2773 3425 2844 impro-

1845 2859 1948 2915 bus
1972 2860 2057 2915 ille
2076 2867 2351 2915 veterator
2372 2875 2493 2929 qua:
2512 2860 2564 2913 in
2579 2861 2665 2915 via
2682 2871 2832 2931 gesta
2865 2869 2994 2916 sunt
3032 2869 3086 2916 et
3131 2863 3185 2915 in
3219 2863 3422 2933 templo

1848 2965 1878 3004 a
1899 2949 2179 3006 Salvatore
2198 2959 2324 3007 ante
2356 2951 2503 3005 hunc
2524 2966 2829 3007 sermonem
2857 2952 3142 3007 suntdicta
3171 2953 3424 3009 dissimu-

1849 3041 1993 3096 lasse
2022 3040 2289 3096 videatur.
2329 3039 2598 3094 Nimirum
2626 3055 2643 3093 :
2674 3039 2878 3095 Domus
2924 3057 3039 3095 mea
3068 3041 3255 3096 domus
3296 3058 3423 3097 ora-

1849 3132 2008 3186 tionis
2041 3130 2332 3194 vocabitur,
2364 3138 2491 3195 etc.,
2525 3138 2584 3184 ut
2613 3130 2667 3184 in
2701 3131 2983 3201 prophetia
3011 3132 3281 3203 leguntur.

1920 3221 2104 3278 Schol.
2136 3223 2225 3277 54.
2256 3221 2323 3275 Et
2351 3222 2670 3293 quaesierunt
2703 3222 2917 3292 injicere
2955 3239 3139 3277 manus
3169 3224 3222 3277 in
3249 3224 3422 3291 illum,

1847 3321 1897 3367 et
1936 3314 2224 3367 timuerunt
2241 3313 2282 3367 ⁸.
3018 3326 3021 3329 ‘

1920 3401 2103 3460 Refut.
2145 3405 2232 3460 54.
2264 3404 2397 3472 Qua:
2425 3405 2491 3459 ad
2524 3405 2876 3460 hunc-locum
2910 3412 3181 3475 spectant,
3212 3421 3275 3461 ea
3298 3421 3425 3477 pro-

1849 3494 1993 3549 xima
2027 3478 2356 3550 refutatione
2382 3509 2508 3550 cum
2545 3496 2663 3565 ipsa
2707 3496 2964 3565 loquendi
2999 3496 3227 3563 ratione,
3259 3513 3426 3565 quam

1850 3585 1963 3641 ﬁeri
2010 3587 2186 3656 potuit
2233 3585 2559 3642 brevissime
2606 3600 2846 3655 expensa
2893 3592 3021 3641 sunt
3053 3596 3106 3641 et
3132 3586 3423 3656 explicata.

1923 3675 2109 3732 Schol.
2144 3677 2233 3732 55.
2266 3676 2394 3731 Item
2428 3677 2580 3731 illum
2614 3677 2827 3732 induxit
2853 3677 3053 3743 locum,
3085 3693 3195 3748 quo
3223 3677 3291 3733 de
3317 3678 3426 3732 vite

1852 3767 1943 3821 illa
1974 3768 2153 3838 agitur
2172 3768 2429 3838 agricolis
2450 3768 2649 3825 locata.
2671 3766 2848 3838 Atque
2874 3768 2974 3823 hoc
3004 3768 3225 3837 insuper
3251 3786 3263 3822 :
3286 3767 3425 3834 Quid

1744 3882 1764 3899 ι
1851 3861 2127 3931 estigitur,
2164 3858 2393 3928 lapidem
2428 3876 2579 3929 quem
2598 3863 3003 3926 reprobaverunt
3027 3860 3426 3930 wdi/icantes‘?

1920 3950 2101 4007 Refut.
2137 3951 2226 4007 55.
2256 3949 2404 4005 Nihil
2438 3950 2492 4005 id
2530 3951 2752 4021 quidem
2792 3966 2991 4007 nocere
3028 3952 3188 4007 nobis
3221 3960 3421 4022 potest.

1852 4041 2093 4098 Tametsi
2137 4042 2284 4097 enim
2330 4042 2509 4096 locum
2555 4043 2722 4098 istum
2752 4044 3035 4107 exemerit,
3080 4058 3190 4098 non
3226 4044 3336 4098 ullo
3368 4043 3422 4097 id

1851 4145 2043 4189 nostro
2068 4133 2267 4189 damno
2297 4134 2547 4199 sustulit,
2575 4133 2670 4189 sed
2702 4134 2803 4190 sibi
2845 4134 2949 4205 ipsi
2987 4134 3211 4206 suisque
3246 4134 3424 4191 fraudi

1851 4225 2034 4294 potius
2062 4225 2181 4280 fuit.
2214 4226 2603 4296 Compluribus
2641 4225 2784 4281 enim
2819 4226 3150 4283 testimoniis
3174 4229 3307 4283 satis
3336 4244 3428 4283 su-

1787 4344 1827 4398 ι)
1855 4332 2056 4387 perque
2080 4316 2368 4373 refellitur.

1926 4408 2111 4463 Schol.
2147 4407 2236 4463 56.
2280 4407 2485 4464 Delevit
2514 4409 2646 4464 illud
2679 4426 2693 4464 :
2724 4410 2866 4476 Quia
2888 4427 3005 4465 vero
3035 4410 3227 4464 mortui
3248 4426 3428 4464 resur-

1854 4508 2002 4569 gunt,
2042 4498 2252 4569 Moyses
2284 4499 2514 4553 ostendit
2553 4514 2700 4553 secus
2736 4497 2947 4563 rubum,
2993 4499 3127 4552 sicut
3158 4496 3284 4551 dicit
3316 4495 3427 4550 Do-

1856 4592 2059 4647 minum
2092 4590 2259 4644 Deum
2287 4590 2577 4657 Abraham,
2609 4590 2769 4645 Isaac
2797 4599 2845 4644 et
2866 4589 3058 4647 Iacob.
3090 4588 3227 4643 Deus
3256 4598 3430 4644 autem

1854 4692 1930 4737 est
1963 4684 2215 4747 vivorum,
2249 4699 2352 4737 non
2386 4692 2713 4736 mortuorum
2740 4684 2782 4736 ⁵.

1926 4794 2108 4851 Refut.
2170 4795 2258 4854 56.
2315 4796 2684 4851 Admirandus
2744 4796 2915 4866 plane.
2953 4797 3133 4852 insani
3190 4796 3429 4851 hominis

1852 4897 2060 4960 stupor.
2096 4890 2233 4956 Quid
2277 4889 2458 4945 enim?
2504 4905 2614 4945 non
2661 4890 2793 4945 illud
2836 4890 3302 4956 animadvertisse,
3332 4904 3432 4960 par

1858 4983 2004 5037 istud
2040 4997 2162 5037 esse
2204 4982 2574 5038 testimonium
2623 4983 2795 5047 altero
2830 4982 2907 5037 illi
2946 4983 3013 5037 de
3047 4983 3297 5038 mendico
3337 4980 3433 5035 La-

1860 5086 2023 5137 zaro,
2077 5086 2291 5126 necnon
2361 5079 2415 5125 et
2471 5085 2661 5125 eorum
2715 5070 2980 5140 parabolae
3018 5071 3218 5140 quibus
3277 5070 3433 5139 regni

1860 5165 2040 5220 aditus
2073 5164 2499 5220 intercluditur?
2520 5163 2762 5229 Quarum
2798 5162 3015 5233 quidem
3048 5162 3432 5234 parabolaruln

1858 5256 2120 5327 reliquias
2150 5257 2408 5319 servavit,
2438 5271 2538 5312 nec
2574 5265 2630 5311 ut
2665 5256 2768 5311 alia
2796 5256 3056 5328 pleraque
3083 5255 3322 5311 sustulit.
3353 5252 3435 5311 Ita

316 5430 451 5486 Luc.
490 5406 601 5499 xix,
632 5431 720 5487 29.
796 5432 816 5462 ²
847 5430 976 5488 ibid.
1010 5431 1101 5487 46.
1180 5432 1201 5465 ³
1231 5430 1364 5487 Luc.
1399 5449 1489 5502 xx,
1524 5433 1605 5490 l9.
1686 5434 1706 5465 ⁸

1912 5434 1999 5503 l7;
2044 5437 2180 5506 psal.
2219 5450 2387 5505 cxvu,
2418 5438 2509 5494 22.
2589 5439 2608 5470 ⁸
2642 5436 2772 5494 Luc.
2810 5453 2898 5504 xx,
2933 5438 3023 5505 37,
3065 5437 3151 5493 '58.

265 5612 374 5684 ΠΒ)
412 5614 546 5683 Πιγνὶ
584 5616 689 5686 τῆς
722 5617 934 5683 βάτου.
973 5618 1125 5690 Apud
1164 5617 1362 5675 Lucam
1394 5618 1527 5691 lege.
1562 5617 1651 5671 ἐπὶ
1690 5617 1740 5670 τί

1912 5634 2011 5673 του.
