3844 6340
349 286 451 346 159

1730 283 1790 338 S.
1829 282 2172 341 EPlPllANlI

1995 205 2008 234 ἰ

3549 274 3670 333 760

347 407 556 460 summa
604 416 703 458 sua
743 417 869 458 cum
921 399 1222 473 ignominia
1261 398 1429 456 verba
1462 399 1552 454 illa
1592 398 1924 470 dereliquit:

2057 399 2207 455 Ἐκεῖ
2227 401 2398 455 ἔσται
2427 402 2460 454 ό
2488 398 2795 470 κλαυθμὸς
2828 400 2924 454 καὶ
2951 401 2983 454 ὁ
3009 398 3285 469 ,βρυγμὸς
3309 397 3428 452 τῶν
3457 395 3673 450 ὀδόν*-

348 496 468 551 Itlic
501 497 610 568 erit.
631 496 789 565 ﬂetus
827 504 876 550 ct
911 494 1112 550 stridor
1141 492 1382 547 dentium
1403 493 1442 546 ι.
1474 492 1747 548 Caeterum
1782 491 1930 561 quod

345 595 396 639 et
439 585 645 656 digitus
693 592 820 656 post
865 585 1077 639 obitum
1127 584 1184 638 in
1230 597 1430 654 aquam
1475 581 1843 653 immergitur,
1879 587 1934 636 et

345 694 486 749 aqua
514 679 760 750 linguam
791 675 1098 748 refrigerat,
1132 676 1212 730 uti
1238 676 1306 732 de
1337 675 1546 729 Lazaro
1576 675 1732 730 dives
1763 674 1935 729 Abra-

347 771 509 824 hamo
547 769 800 836 diccbat;
836 768 1094 838 quodque
1121 767 1369 822 dentium
1401 767 1604 836 stridor
1637 777 1724 824 est
1752 784 1816 824 ac
1841 769 1936 826 ﬂe-

347 867 455 922 tus,
483 868 808 930 argumento
837 867 921 914 εει
952 858 1420 914 resurrectionem
1449 875 1574 914 esse
1604 875 1932 932 corporum:

347 949 699 1020 quantumvis
743 966 806 1005 ea
859 966 981 1020 quae
1029 949 1096 1006 de
1133 957 1478 1004 mortuorum
1531 952 1941 1008 resurrectione

348 1058 472 1100 vere
499 1052 628 1098 sunt
654 1056 684 1095 a
718 1040 951 1097 Domino
982 1043 1191 1113 prolata
1228 1059 1400 1114 pecus
1433 1045 1525 1098 illa
1556 1046 1861 1102 sustulerit.

415 1133 578 1205 342
610 1131 796 1189 Schol.
838 1135 926 1188 57.
966 1135 1074 1189 Ista
1114 1151 1335 1205 quoque
1365 1138 1714 1206 praetermisit
1743 1153 1758 1191 :
1794 1138 1937 1204 Quia

347 1237 465 1279 vero
518 1236 794 1295 resurgant
852 1225 1048 1278 mortui
1090 1236 1139 1280 et
1182 1225 1394 1296 Moyses
1433 1228 1684 1295 ostendit,
1733 1210 1935 1298 dicens,

350 1315 515 1371 Deum
555 1315 848 1380 Abraham,
891 1327 940 1374 et
990 1317 1159 1376 Deum
1209 1316 1390 1386 Isaac,
1435 1330 1484 1374 et
1532 1319 1702 1375 Deum
1742 1321 1933 1389 Jacob,

349 1408 515 1465 Deum
549 1409 782 1464 vivorum
806 1411 847 1463 ‘.

419 1502 610 1559 Befut.
645 1503 734 1558 57.
776 1501 1052 1569 Quoniam
1084 1501 1172 1558 bis
1199 1501 1389 1559 eadem
1413 1518 1444 1557 a
1476 1502 1760 1561 Salv-atare
1790 1520 1938 1575 repe-

351 1595 452 1650 tita
476 1594 737 1665 parabola
759 1601 866 1660 est,
901 1593 1025 1648 ideo
1051 1592 1137 1648 bis
1167 1608 1289 1648 eam
1312 1593 1722 1664 preposuimus,
1755 1612 1843 1661 ne,
1878 1604 1938 1650 ut

347 1685 825 1742 circutnforaneus
855 1686 960 1742 iste
999 1684 1227 1752 Marcio,
1265 1686 1566 1757 quidquam
1595 1703 1784 1742 eorum
1814 1703 1936 1759 quae

2033 508 2170 546 των.
2212 490 2488 546 Δακτύλου
2531 491 2587 546 δὲ
2618 491 3025 564 ὲμϐρεχομένου
3059 492 3140 556 είς
3167 491 3314 564 ὕδωρ
3350 489 3510 561 μετὰ
3547 487 3668 559 τὴν

2033 581 2282 636 ἐντεῦθεν
2337 582 2676 653 ἀπαλλαγὴν,
2738 584 2832 637 καὶ
2871 581 3120 652 γλώσσης
3162 579 3666 652 καταψυχομὲνης

2035 673 2208 738 ὕδατι,
2231 675 2302 738 ὡς
2327 674 2356 726 ὁ
2385 673 2637 739 πλούσιος
2673 674 2777 745 ἔφη
2802 673 2878 742 τῷ
2915 674 3166 744 Ἀϐραὰμ
3193 673 3280 727 διὰ
3314 673 3406 726 τὸν
3440 671 3663 734 Λάζα-

2036 785 2150 839 ρον,
2176 768 2269 822 καὶ
2295 767 2540 838 βρυγμοῢ
2571 767 2820 830 ὀδόντων,
2863 767 2958 820 καὶ
3000 766 3281 836 κλαυθμοῦ
3305 765 3662 835 γινομένου,

2035 859 2387 924 ἀναστάσεως
2433 859 2700 936 σωμάτιον
2737 861 2856 912 ὲστὶ
2895 861 3141 929 σημεῖον,
3180 857 3281 911 κᾶν
3323 855 3667 928 παρακὸψῃ,

2035 953 2064 1005 ὁ
2093 951 2375 1023 κτηνὼδης
2402 951 2472 1007 τὰ
2504 953 2609 1006 ὑπὸ
2637 952 2846 1024 Κυρίου
2872 953 3000 1023 περὶ
3031 952 3388 1015 ἀναστάσεως
3412 948 3668 1020 νεκρῶν

2033 1043 2253 1114 ἀληθῶς
2283 1046 2404 1116 είρη
2413 1043 2576 1116 μέναῒ

2085 1135 2265 1205 εΣχόλ.
2295 1133 2393 1200 νζ’.
2443 1135 2559 1189 Ούκ
2593 1129 2704 1205 εἶχε
2729 1134 2901 1188 ταῦτα
2920 1148 2933 1163 °
2963 1133 3093 1187 ⁸οτι
3122 1132 3191 1187 δὲ
3215 1132 3563 1202 ἐγείρονται
3595 1132 3666 1184 οι

2034 1227 2258 1296 νεκροὶ,
2283 1227 2379 1282 καὶ
2401 1226 2663 1296 Μωῦσῆς
2678 1225 2947 1296 ἐμήνυσε
2963 1225 3176 1294 λέγων,
3205 1226 3356 1279 Θεὸν
3380 1221 3664 1292 Ἀϐραὰμ

2036 1317 2136 1371 καὶ
2163 1317 2312 1372 Θεὸν
2345 1319 2561 1385 Ἰσαὰκ,
2605 1318 2706 1372 καὶ
2740 1317 2888 1374 Θεὸν
2937 1316 3152 1382 Ἰακὼϐ,
3194 1318 3342 1372 Θεὸν
3373 1314 3658 1378 ζιὶηρτων-

2114 1499 2336 1571 Ἔλεγχ.
2359 1499 2456 1565 νίζ’.
2487 1497 2587 1553 Διά
2609 1499 2671 1552 τὸ
2694 1497 3024 1570 δευτερῶσαι
3048 1497 3137 1552 τὸν
3161 1496 3393 1569 Σωτῆρα
3414 1495 3508 1567 τὴν
3527 1512 3661 1547 ata-

1997 1585 2023 1603 “
2041 1593 2294 1667 ραϐολὴν,
2319 1591 2510 1656 διττῶς
2530 1593 2658 1663 παρ’
2684 1593 2839 1663 ἡμῶν
2867 1592 3185 1645 ὲντέτακται
3207 1604 3220 1619 '
3246 1590 3334 1642 ἵνα
3369 1589 3445 1660 μὴ
3469 1589 3588 1641 ἀπε
3599 1605 3656 1640 ι-

2039 1686 2331 1758 καζόμενοι
2380 1685 2458 1756 τῷ
2491 1684 2704 1756 ἀγύρτῃ
2738 1684 3046 1756 Μαρκίωνι,
3081 1685 3242 1754 ἡμεῖς
3274 1680 3653 1754 παραλείψω-

348 1779 555 1848 scripta
587 1784 717 1832 sunt
746 1777 1077 1848 praeteriisse
1111 1777 1416 1837 videamur.
1453 1779 1722 1835 Caeterum
1759 1781 1814 1835 in
1842 1799 1934 1836 su—

2057 1776 2142 1830 ιέν
2161 1793 2214 1829 τι
2235 1774 2341 1828 τῶν
2358 1773 2781 1847 γεγραμμένων.
2809 1774 2948 1845 ’Ἤδη
2967 1775 3024 1827 ὲν
3041 1772 3118 1845 τῷ
3138 1772 3401 1843 ἀνωτέρῳ
3420 1771 3650 1840 ἐλέγχῳ

349 1869 550 1940 pcriori
581 1868 913 1925 refutatione
952 1870 1364 1940 improbitatem
1423 1871 1572 1927 illius
1623 1886 1689 1927 ac
1729 1873 1938 1928 calum-

347 1964 497 2018 uiam
525 1963 742 2020 abunde
775 1962 1059 2018 diluimus.

422 2055 610 2111 Schol.
660 2056 749 2112 58.
802 2053 939 2110 Illud
985 2056 1192 2110 ademit
1240 2069 1501 2128 praeterea
1542 2076 1556 2114 :
1600 2057 1843 2129 Capillus
1875 2059 1939 2114 de

351 2149 524 2216 capite
549 2156 721 2204 uestro
753 2165 857 2204 non
885 2148 1074 2216 peribit
1098 2149 1140 2205 ³.

420 2237 1880 2296 Refut.58.............

421 2331 608 2388 Schol.
644 2331 731 2387 59.
768 2331 972 2387 lterum
1006 2330 1121 2386 haec
1157 2331 1384 2387 abstulit
1417 2350 1432 2386 :
1467 2333 1615 2386 Tunc
1643 2334 1732 2403 qui
1761 2333 1814 2387 in
1836 2332 1939 2388 Ju-

349 2424 468 2478 dwa
487 2432 610 2480 sunt
632 2423 842 2494 fugiant
867 2422 935 2477 ad
965 2431 1188 2487 montes,
1216 2429 1349 2488 etc.,
1373 2423 1446 2478 ob
1468 2439 1532 2479 ea
1549 2439 1674 2495 qua:
1701 2441 1939 2496 sequun-

352 2523 464 2582 tur,
497 2515 663 2572 donec
695 2523 1128 2570 consummentur
1162 2516 1339 2570 omnia
1369 2532 1489 2586 qua!
1516 2519 1717 2588 scripta
1746 2530 1868 2572 sunt
1894 2518 1935 2574 ’⁵.

419 2689 607 2753 Refut.
644 2690 735 2748 59.
771 2691 1088 2748 Obliviosus
1123 2691 1211 2748 hic
1244 2691 1412 2747 homo
1439 2700 1667 2750 cancros
1701 2693 1788 2749 sui
1817 2709 1940 2751 esse

351 2785 581 2848 similes,
625 2785 730 2840 hoc
769 2793 854 2842 est
884 2785 1142 2851 stolidos,
1176 2787 1476 2844 existimat.
1514 2787 1626 2844 Nec
1663 2789 1938 2861 intelligit,

349 2877 399 2932 si
429 2877 512 2932 vel
558 2876 839 2932 minimam
888 2877 1138 2932 voculam
1180 2877 1484 2949 reliquerit,
1531 2895 1652 2935 eam
1707 2879 1774 2934 ad
1819 2895 1942 2936 sese

350 2966 784 3023 convincendum
836 2967 1040 3022 facere.
1097 2966 1314 3034 Quanto
1373 2970 1541 3042 igitur
1589 2969 1761 3041 magis
1813 2985 1938 3024 cum

351 3058 587 3130 plurima
631 3058 801 3115 verba
841 3059 910 3115 de
958 3061 1232 3116 sententia
1269 3062 1546 3117 detrahit?
1571 3064 1937 3128 Quamobrem

2039 1868 2330 1940 γεγένηται
2363 1869 2395 1938 ἡ
2429 1868 2570 1922 κατὰ
2589 1868 2689 1939 τῆς
2719 1864 2882 1920 αὑτοῦ
2909 1865 3259 1938 ῥᾳδιουργίας
3281 1866 3643 1936 ἀντίρρησις.

2111 2041 2268 2114 Σχὸλ.
2299 2048 2400 2114 νη’.
2448 2042 2617 2098 Πάλιν
2646 2043 2925 2115 παρέκοψε
2955 2043 3017 2097 τό
3038 2060 3052 2075 ο
3101 2043 3243 2112 Θρίξ
3275 2045 3346 2098 ἐκ
3395 2043 3507 2114 τῆς
3532 2058 3649 2098 κε-

2039 2135 2241 2207 φαλῆς
2268 2135 2437 2208 ὑμῶν
2465 2138 2536 2192 οὐ
2561 2137 2649 2208 μὴ
2677 2139 2996 2207 ἀπόληται.

2115 2230 3638 2302 Ἔλεγχ.νη’.............

2112 2317 2269 2392 Σχόλ.
2297 2321 2394 2376 νθ¹.
2441 2321 2612 2376 Πάλιν
2655 2322 2934 2395 παρὲκοψε
2960 2322 3136 2377 ταῦτα
3155 2340 3166 2352 ·
3217 2324 3354 2376 Τότε
3380 2324 3434 2376 οι
3461 2321 3533 2373 ὲν
3555 2317 3640 2389 τῇ

2053 2413 2305 2481 Ἰουδαίᾳ
2351 2411 2740 2484 φευγέτωσαν
2775 2416 2863 2480 είς
2901 2415 2972 2468 τὰ
3019 2413 3147 2483 ὅρη,
3205 2414 3300 2467 καὶ
3341 2413 3410 2466 τὰ
3451 2411 3584 2480 ἑξῆς
3615 2426 3633 2439 ·

2039 2507 2126 2561 διὰ
2160 2507 2228 2560 τὰ
2265 2507 2638 2580 ἐπιφερόμενα
2677 2509 2734 2562 ὲν
2760 2507 2840 2578 τῷ
2873 2508 3044 2579 ῥητῷ,
3094 2507 3202 2573 ἕως
3237 2504 3527 2574 πληρωθῇ
3558 2506 3637 2559 τὰ

2041 2597 2435 2668 τεῃοαμμέγα.

2114 2691 2334 2760 Ἕλεγχ.
2353 2689 2450 2744 v0'.
2482 2691 2643 2743 Δοκεῖ
2666 2688 2834 2761 λήθην
2867 2689 3204 2761 κεκτημένος
3231 2691 3356 2753 τοὺς
3383 2689 3634 2751 ἅπαντας

2045 2779 2193 2842 ἴσους
2233 2778 2382 2850 αὐτῷ
2426 2781 2684 2850 ἀνοήτους
2733 2778 2892 2834 εἶναι.
2947 2781 3054 2833 Καὶ
3092 2780 3193 2832 ούκ
3231 2775 3376 2833 οἶδεν
3415 2779 3492 2831 ὃτι
3525 2779 3634 2832 κᾶν

2045 2871 2240 2942 μικρὸν
2257 2869 2420 2941 ῥητὸν
2441 2872 2533 2925 ὑπ’
2556 2871 2719 2926 αὐτοῦ
2743 2872 3100 2944 καταλειφθῇ,
3121 2871 3343 2943 ἔλεγχον
3369 2873 3623 2925 ποιεῖται.

2044 2965 2200 3033 Πόσῳ
2237 2964 2436 3035 μᾶλλον
2472 2966 2567 3020 καὶ
2598 2965 2807 3018 πολλῶν
2842 2965 3023 3036 ῥητῶν
3057 2965 3147 3020 ὑπ’
3181 2966 3345 3018 αύτοῦ
3380 2982 3628 3035 παρακο-

2042 3058 2286 3124 πέντωνς
2330 3057 2496 3113 Οὐδὲν
2530 3059 2712 3113 τοίνυν
2746 3059 2946 3112 κωλύει
2976 3057 3068 3112 τὸν
3095 3058 3421 3130 βουλόμενον
3448 3075 3626 3131 παρα-

350 3152 479 3208 licet
525 3150 792 3206 mutilatis
840 3150 909 3207 iis
942 3151 1012 3206 ab
1055 3152 1150 3207 illo
1183 3149 1514 3209 testimoniis
1546 3155 1653 3208 alia
1685 3155 1932 3226 quaedam

2057 3153 2207 3205 ἐἶναι
2234 3151 2459 3216 ταύταις
2489 3155 2610 3215 ταῖς
2641 3151 3166 3224 παρακεκομμέναις
3199 3151 3531 3223 μαρτυρίαις
3561 3150 3631 3204 τὰ

351 3257 475 3314 qua;
505 3242 737 3314 ipsemet
763 3243 1003 3300 admittit
1044 3260 1337 3316 opponere.
1381 3245 1514 3314 Quaa
1550 3262 1676 3303 cum
1707 3247 1940 3304 sublatis

352 3335 423 3392 ab
457 3350 522 3392 eo
555 3335 785 3407 reliquis
817 3338 1044 3394 omnino
1077 3349 1451 3396 consentanea
1485 3355 1608 3396 esse
1640 3340 1931 3396 constabit.

352 3427 639 3500 Ejusmodi
669 3433 799 3487 sunt
830 3431 943 3499 illa,
976 3431 1032 3487 in
1055 3433 1255 3504 quibus
1273 3433 1620 3490 Abrahamus
1644 3441 1767 3505 post
1790 3450 1938 3490 mor-

353 3531 462 3574 tem
498 3520 574 3574 ita
611 3520 844 3590 loquens
879 3520 1161 3576 inducitur
1193 3540 1206 3576 :
1241 3521 1453 3578 Habent
1481 3521 1706 3596 Moysen
1733 3537 1782 3578 et
1810 3541 1938 3593 pro-

352 3611 569 3682 pactas;
621 3613 762 3681 ἔρεθε
815 3612 1039 3668 audiant
1061 3613 1104 3670 '.
1156 3612 1288 3680 Quae
1343 3614 1488 3671 enim
1541 3618 1818 3688 prophetae
1874 3634 1939 3673 ac

353 3703 572 3775 Moyses
601 3703 884 3769 dixerunt,
919 3719 949 3759 a
985 3701 1098 3761 Deo
1134 3713 1264 3762 sunt
1295 3705 1456 3762 Patre
1490 3707 1754 3778 profecta,
1788 3719 1840 3765 et
1871 3712 1938 3764 ah

354 3795 588 3863 ipsomet
625 3792 720 3850 Dei
755 3792 894 3849 Filio
934 3793 1164 3851 Domino
1205 3804 1422 3864 nostro,
1458 3811 1671 3852 necnon
1708 3805 1762 3852 et
1810 3797 1937 3869 Spi-

354 3887 464 3943 ritu
507 3895 733 3956 sancto;
771 3903 894 3959 quae
926 3889 1146 3960 quidem
1180 3889 1433 3946 mandata
1472 3892 1692 3962 scriptis
1723 3891 1936 3963 impleri

355 3981 576 4050 penitus
603 3981 871 4052 oportuit.

425 4073 612 4129 Schol.
644 4073 733 4129 ϐυ.
768 4073 1004 4130 Locutus
1033 4083 1118 4130 est
1146 4091 1265 4130 cum
1301 4078 1731 4150 magistratibus,
1757 4097 1940 4152 quem-

355 4166 649 4222 admodum
677 4167 832 4222 illum
866 4166 1095 4223 traderet
1120 4168 1196 4223 eis
1222 4169 1264 4224 ‘.

423 4259 609 4316 Refut.
641 4261 731 4316 60.
765 4259 812 4315 0
844 4259 1140 4317 Marcionis
1186 4261 1565 4318 incredibilem
1609 4264 1932 4319 amentiam!

353 4352 489 4420 Quis
515 4351 661 4408 enim
685 4350 828 4408 alius
849 4359 1048 4422 praeter
1071 4351 1268 4407 Iudam
1293 4354 1510 4409 loeutus
1539 4355 1659 4409 est?
1693 4362 1784 4409 aut
1804 4357 1934 4426 quid

2041 3244 2170 3315 παρ’
2195 3243 2360 3298 αὐτοῦ
2383 3244 2807 3316 ὁμολογηθέντα.
2844 3244 3198 3315 Δειχθήσεται
3225 3245 3336 3317 γὰρ
3357 3245 3629 3315 σύμφωνα

2039 3336 2169 3390 ὄντα
2211 3337 2421 3401 τούτοις
2465 3340 2577 3402 τοῖς
2619 3339 2710 3390 ὑπ’
2753 3336 2964 3391 ἐκείνου
3010 3341 3408 3406 περικοπεῖσιν,
3457 3331 3630 3401 ὲνόἵς

2040 3428 2223 3498 ἔλεγεν
2246 3431 2274 3483 ὁ
2304 3426 2556 3502 Ἀϐραὰμ
2582 3429 2720 3500 μετὰ
2743 3429 2839 3501 τὴν
2860 3430 3118 3501 τελευτήν
3140 3447 3152 3460 ·
3188 3431 3441 3498 Ἔχουσι
3458 3433 3629 3483 MMD-

2039 3523 2153 3578 σέα
2196 3523 2297 3576 καὶ
2334 3522 2477 3590 τοὺς
2523 3523 2869 3592 προφήτας·
2923 3521 3365 3578 ἀκουσάτωσαν
3405 3520 3626 3574 αὐτῶν.

2046 3616 2114 3668 Ἃ
2135 3615 2322 3685 ἔλεγον
2349 3617 2456 3688 γὰρ
2483 3617 2534 3670 οἱ
2561 3619 2836 3690 προφῆται
2863 3617 2957 3671 καὶ
2973 3615 3234 3686 Μωῦσῆς,
3268 3617 3332 3668 ἐκ
3359 3613 3498 3668 Θεοῦ
3519 3615 3631 3668 Πα-

2037 3708 2166 3779 τρὸς
2189 3705 2278 3780 ἦν,
2301 3710 2394 3763 καὶ
2427 3709 2488 3776 ἐξ
2509 3709 2674 3764 αὐτοῦ
2704 3711 2799 3764 τοῦ
2829 3710 3033 3782 Κυρίου
3061 3709 3192 3762 Υἱοῦ
3217 3707 3313 3762 τοῦ
3338 3708 3502 3769 Θεοῦ,
3532 3706 3630 3760 καὶ

2037 3798 2132 3852 τοῦ
2165 3799 2322 3868 ἁγίου
2344 3799 2683 3871 Πνεύματος,
2718 3800 2754 3854 ὃ.
2786 3799 2893 3854 ἔδει
2925 3799 3291 3871 γεγραμμένα
3330 3798 3462 3852 ὂντα
3496 3799 3630 3868 πλη·

2041 3890 2290 3963 ρουσθαι.

2111 4072 2263 4142 Σχόλ.
2302 4069 2362 4136 ξ’.
2406 4070 2801 4138 Συνελάλησε
2828 4069 2950 4137 τοῖς
2985 4069 3343 4138 στρατηγοῖς
3373 4071 3464 4134 τὸ,
3500 4068 3625 4136 πῶς

2037 4163 2226 4218 αὑτὸν
2248 4163 2493 4233 παραδῷ
2517 4164 2741 4229 αὐτοῖς.

2115 4255 2336 4328 Ἔλεγχ.
2369 4257 2431 4323 ξ’.
2461 4259 2524 4310 Ὦ
2549 4255 2944 4330 φρενοϐλάϐεια
2973 4255 3066 4310 τοῦ
3092 4257 3448 4331 Μαρκίωνοςῖ
3494 4258 3624 4310 Συν-

2039 4352 2266 4424 ελάλησε
2283 4368 2297 4384 ·
2322 4351 2453 4422 τίςῆ
2479 4351 2740 4416 Ίούδαςτς
2763 4350 2816 4404 τί
2833 4349 3077 4421 ποιῆσαι,
3103 4349 3266 4420 ἀλλ’ἢ
3290 4349 3626 4421 παραδοῦναι

352 4445 575 4501 tandem
599 4444 846 4498 facturus
883 4443 1055 4508 aliud,
1104 4443 1211 4500 nisi
1238 4442 1574 4501 Salvatorem
1600 4446 1934 4503 traditurus?

2057 4445 2132 4498 τὸν
2169 4443 2432 4516 Σωτῆρας
2469 4443 2904 4515 Παραδιδομένου
2934 4441 2990 4495 δὲ
3024 4442 3116 4496 τοῦ
3141 4442 3416 4514 Σωτῆρος,
3443 4444 3627 4496 ούκὲτι

350 4538 470 4594 iam
503 4553 638 4594 vero
669 4538 714 4594 si
750 4536 1007 4592 Salvator
1046 4537 1304 4600 traditur,
1354 4537 1602 4608 profecto
1639 4553 1743 4593 non
1779 4540 1939 4597 inane

352 4631 627 4702 quoddam
667 4639 946 4702 spectrum
975 4638 1116 4698 erat,
1146 4631 1242 4686 sed
1268 4630 1443 4686 solida
1476 4633 1712 4688 hominis
1744 4641 1940 4688 natura

351 4724 664 4779 constabat.
687 4722 825 4778 Nam
852 4723 897 4777 si
923 4723 1060 4777 nihil
1085 4731 1283 4792 praeter
1305 4723 1558 4790 spiritum
1584 4722 1745 4787 foret,
1773 4739 1942 4780 carne

352 4816 602 4886 praeditis
643 4815 965 4870 hominibus
1017 4815 1161 4869 tradi
1210 4815 1526 4884 neutiquam
1559 4823 1763 4886 posset.
1792 4814 1940 4870 idem

350 4923 484 4977 θ’·εο
518 4907 664 4963 Deus
693 4922 817 4962 cum
858 4916 1025 4972 esset,
1060 4916 1346 4977 assumpta
1390 4921 1555 4962 carne
1586 4914 1942 4964 contrectan-

351 4998 482 5051 dum
515 5012 576 5052 se
603 4997 857 5066 praebuit,
887 4997 1287 5069 hominumque
1321 4997 1575 5053 manibus
1603 5007 1795 5068 sponte
1819 5014 1942 5067 per-

352 5089 528 5142 misit.
563 5087 670 5142 Sed
711 5088 792 5142 illi
834 5089 970 5143 adeo
1004 5089 1159 5144 stulti
1191 5097 1344 5154 sunt,
1383 5103 1572 5144 secum
1607 5097 1663 5142 ut
1693 5090 1940 5146 oratione

354 5196 456 5235 sua
491 5189 754 5250 pugnent.
798 5181 878 5236 Ac
917 5181 1138 5236 memini
1171 5197 1257 5238 me
1287 5181 1590 5252 aliquando
1619 5180 1780 5254 35.3
1814 5198 1937 5237 cum

354 5274 652 5329 Marcionis
682 5273 920 5345 quodam
963 5274 1236 5346 discipulo
1281 5275 1672 5347 disputantem,
1714 5291 1840 5334 cum
1873 5290 1940 5330 ex

354 5365 652 5437 Evangelio
679 5367 857 5422 locum
893 5366 1044 5421 illum
1078 5368 1398 5435 obiicerem,
1443 5384 1552 5440 quo
1587 5369 1641 5424 in
1679 5368 1802 5423 loco
1841 5368 1942 5422 du-

351 5466 477 5513 ctus
505 5456 557 5510 in
593 5456 870 5512 desertum
901 5472 931 5510 a
965 5457 1160 5528 spiritu
1195 5458 1397 5512 dicitur
1418 5499 1432 5524 ,
1471 5468 1530 5514 ut
1571 5467 1881 5516 tentaretur
1910 5474 1940 5512 a

2040 4536 2260 4600 δὸκησις
2304 4539 2332 4590 ὁ
2391 4536 2853 4608 παραδιδόμενος,
2915 4535 3050 4589 ἀλλὰ
3097 4534 3344 4607 ἀλήθεια.
3409 4537 3474 4589 Et
3520 4537 3627 4607 γὰρ

2040 4629 2256 4700 πνεῦμα
2279 4625 2347 4689 ἦν
2368 4629 2546 4700 μόνον,
2569 4631 2852 4701 σαρκικοῖς
2863 4628 3170 4701 ἀνθρώποις
3194 4630 3254 4682 οὐ
3271 4617 3273 4620 ’
3288 4629 3622 4701 παρεδίδοτο.

2051 4723 2210 4776 Ἀλλὰ
2235 4722 2367 4786 Θεὸς
2397 4721 2474 4776 ὢν
2491 4722 2595 4775 ὑπὸ
2630 4722 2772 4793 ἁφὴν
2801 4721 3012 4791 γέγονε,
3047 4721 3225 4794 σάρκα
3263 4721 3625 4792 ἐνδυσάμενος

2037 4819 2116 4880 εἰς
2160 4818 2349 4887 χεῖρας
2398 4813 2747 4887 ἀνθρωπίνης
2791 4813 3005 4884 φύσεως
3046 4813 3235 4868 ἑαυτὸν
3284 4813 3427 4868 ἑκὼν
3481 4831 3624 4886 παρ-

2035 4908 2230 4963 εδίδου.
2253 4907 2525 4962 Τάναντία
2559 4908 2654 4963 καὶ
2684 4909 2898 4972 ἑαυτοῖς
2933 4907 3039 4962 ὑπὸ
3058 4908 3242 4972 ἀνοίας
3273 4907 3620 4978 φθέγγονται.

2035 5000 2146 5053 Καὶ
2177 4998 2286 5070 γὰρ
2321 4999 2414 5054 καί
2446 5015 2599 5063 ποτε,
2632 4997 3014 5071 διαλεγόμενός
3046 5015 3152 5052 τισι
3187 4998 3294 5053 τῶν
3327 4999 3494 5053 αὐτοῦ
3519 5017 3621 5070 μα-

2036 5089 2215 5162 θητῶν
2243 5092 2634 5162 Μαρκιωνιστῇ
2681 5108 2808 5153 τινι,
2853 5091 2948 5145 καὶ
2985 5091 3180 5160 λέγων,
3211 5091 3286 5156 ὡς
3315 5092 3373 5144 ὲν
3411 5091 3492 5162 τῷ
3524 5093 3622 5145 Εὖ-

2037 5182 2278 5254 αγγελίῳ
2315 5183 2449 5254 ἔχει,
2490 5183 2573 5235 ὅτι
2622 5181 2934 5254 παρέλαϐεν
2972 5183 3134 5237 αὑτὸν
3173 5185 3255 5246 εἰς
3297 5182 3396 5254 τὴν
3419 5185 3614 5254 ἔρημοι

2035 5274 2098 5328 τὸ
2130 5274 2349 5346 πνεῦμα
2397 5274 2760 5347 πειρασθῆναι
2803 5275 2908 5329 ὑπὸ
2953 5277 3048 5329 τοῦ
3087 5276 3356 5340 διαϐόλου,
3417 5276 3615 5340 ἥκουσα

2037 5367 2169 5440 παρ’
2205 5367 2392 5434 αὐτοῦ,
2419 5369 2501 5422 ὅτι
2532 5369 2658 5433 Πῶς
2680 5369 2904 5424 ἐδύνατο
2931 5371 3174 5434 Σατανᾶς
3209 5369 3298 5423 τὸν
3324 5368 3454 5423 ὄντα
3470 5369 3613 5434 Θεὸν,

2039 5460 2135 5512 καὶ
2163 5460 2386 5532 μείζονα
2417 5461 2580 5516 αὐτοῦ
2609 5462 2948 5536 ὑπάρχοντα,
2981 5463 3078 5517 καὶ
3096 5463 3302 5534 Κύριον
3327 5462 3514 5529 αὑτοῦ,
3546 5463 3614 5527 ὠς

430 5636 610 5714 'Luc.
644 5655 764 5714 χιιι.
799 5640 898 5714 28.
979 5645 997 5675 ¹
1029 5641 1162 5698 Luc.
1197 5643 1399 5714 xx,37,
1432 5643 1520 5699 58.
1602 5647 1620 5676 ³
1653 5643 1783 5698 Luc.
1819 5657 1933 5707 xxi,
1975 5640 2060 5697 l9.
2138 5642 2155 5673 "
2192 5643 2322 5698 ibid.
2353 5645 2414 5699 2i
2474 5646 2560 5700 2‘2.
2642 5647 2660 5677 ³
2687 5646 2818 5700 Luc.
2877 5664 2985 5712 xw,
3043 5644 3128 5699 ~29.
3209 5643 3228 5674 ‘
3255 5642 3386 5701 Luc.
3420 5644 3609 5702 mni.

350 5707 378 5746 '
403 5727 498 5783 τρ.
521 5711 584 5766 τὸ
615 5711 669 5764 τὶ
697 5713 944 5785 ποιῆδαι,
