  <div class='ocr_page' id='page_1' title='image "/cluster/home/n/w/nwhite01/storage/ocr_20150623/41/hvd.32044011753001/410.png"; bbox 0 0 3844 6312; ppageno 0'>
   <div class='ocr_carea' id='block_1_1' title="bbox 106 290 224 349">
    <p class='ocr_par' dir='ltr' id='par_1_1' title="bbox 106 290 224 349">
     <span class='ocr_line' id='line_1_1' title="bbox 106 290 224 349; baseline 0.025 -4"><span class='ocrx_word' id='word_1_1' title='bbox 106 290 224 349; x_wconf 72' lang='grc'><strong>’161</strong></span> 
     </span>
    </p>
   </div>
   <div class='ocr_carea' id='block_1_2' title="bbox 836 272 2764 370">
    <p class='ocr_par' dir='ltr' id='par_1_2' title="bbox 836 272 2764 370">
     <span class='ocr_line' id='line_1_2' title="bbox 836 272 2764 370; baseline 0.007 -16"><span class='ocrx_word' id='word_1_2' title='bbox 836 299 1210 360; x_wconf 78' lang='lat' dir='ltr'><strong>ADVERSUS</strong></span> <span class='ocrx_word' id='word_1_3' title='bbox 1250 303 1592 364; x_wconf 73' lang='lat' dir='ltr'><strong>HASRESES</strong></span> <span class='ocrx_word' id='word_1_4' title='bbox 1632 308 1758 364; x_wconf 86' lang='lat' dir='ltr'><strong>LIB.</strong></span> <span class='ocrx_word' id='word_1_5' title='bbox 1803 307 1843 362; x_wconf 93' lang='grc' dir='ltr'><strong>Ι.</strong></span> <span class='ocrx_word' id='word_1_6' title='bbox 1885 307 2048 365; x_wconf 84' lang='grc' dir='ltr'>ΤΟΜ.</span> <span class='ocrx_word' id='word_1_7' title='bbox 2089 309 2251 365; x_wconf 90' lang='lat' dir='ltr'><strong>lll.—-</strong></span> <span class='ocrx_word' id='word_1_8' title='bbox 2293 309 2568 370; x_wconf 66' lang='lat' dir='ltr'><strong>HIEBES.</strong></span> <span class='ocrx_word' id='word_1_9' title='bbox 2602 272 2764 368; x_wconf 79' lang='lat' dir='ltr'><strong>XLll.</strong></span> 
     </span>
    </p>
   </div>
   <div class='ocr_carea' id='block_1_3' title="bbox 3336 313 3441 369">
    <p class='ocr_par' dir='ltr' id='par_1_3' title="bbox 3336 313 3441 369">
     <span class='ocr_line' id='line_1_3' title="bbox 3336 313 3441 369; baseline -0.01 -1"><span class='ocrx_word' id='word_1_10' title='bbox 3336 313 3441 369; x_wconf 72' lang='lat'><strong>762</strong></span> 
     </span>
    </p>
   </div>
   <div class='ocr_carea' id='block_1_4' title="bbox 107 414 1749 498">
    <p class='ocr_par' dir='ltr' id='par_1_4' title="bbox 107 414 1749 491">
     <span class='ocr_line' id='line_1_4' title="bbox 107 414 1749 491; baseline 0.009 -25"><span class='ocrx_word' id='word_1_11' title='bbox 107 414 307 483; x_wconf 77' lang='grc' dir='ltr'>ὑμεῖς</span> <span class='ocrx_word' id='word_1_12' title='bbox 365 414 580 484; x_wconf 83' lang='grc' dir='ltr'><strong>λέγετε,</strong></span> <span class='ocrx_word' id='word_1_13' title='bbox 626 415 909 488; x_wconf 85' lang='grc' dir='ltr'>πειράσαι,</span> <span class='ocrx_word' id='word_1_14' title='bbox 958 418 1052 470; x_wconf 83' lang='grc' dir='ltr'>τὸν</span> <span class='ocrx_word' id='word_1_15' title='bbox 1097 414 1430 491; x_wconf 67' lang='grc' dir='ltr'>Ἰησοῦν-τὸν</span> <span class='ocrx_word' id='word_1_16' title='bbox 1470 425 1636 479; x_wconf 81' lang='grc' dir='ltr'>αὑτοῦ</span> <span class='ocrx_word' id='word_1_17' title='bbox 1659 429 1749 479; x_wconf 87' lang='grc' dir='ltr'><strong>Δε-</strong></span> 
     </span>
    </p>
   </div>
   <div class='ocr_carea' id='block_1_5' title="bbox 1858 414 3435 498">
    <p class='ocr_par' dir='ltr' id='par_1_5' title="bbox 1859 418 3435 498">
     <span class='ocr_line' id='line_1_5' title="bbox 1859 418 3435 498; baseline 0.001 -19"><span class='ocrx_word' id='word_1_18' title='bbox 1859 425 2124 482; x_wconf 79' lang='lat' dir='ltr'><strong>diabolo&#39;</strong></span> <span class='ocrx_word' id='word_1_19' title='bbox 2162 418 2440 496; x_wconf 76' lang='lat' dir='ltr'><strong>ejusmodi</strong></span> <span class='ocrx_word' id='word_1_20' title='bbox 2486 426 2554 482; x_wconf 89' lang='lat' dir='ltr'><strong>de</strong></span> <span class='ocrx_word' id='word_1_21' title='bbox 2588 427 2683 481; x_wconf 89' lang='lat' dir='ltr'><strong>illo</strong></span> <span class='ocrx_word' id='word_1_22' title='bbox 2713 425 3008 483; x_wconf 72' lang='lat' dir='ltr'><strong>abstulisse</strong></span> <span class='ocrx_word' id='word_1_23' title='bbox 3052 441 3381 498; x_wconf 85' lang='lat' dir='ltr'><strong>responsum</strong></span> <span class='ocrx_word' id='word_1_24' title='bbox 3421 444 3435 480; x_wconf 89' lang='lat'>:</span> 
     </span>
    </p>
   </div>
   <div class='ocr_carea' id='block_1_6' title="bbox 108 503 1756 584">
    <p class='ocr_par' dir='ltr' id='par_1_6' title="bbox 108 503 1756 584">
     <span class='ocr_line' id='line_1_6' title="bbox 108 503 1756 584; baseline 0.01 -29"><span class='ocrx_word' id='word_1_25' title='bbox 108 503 400 576; x_wconf 57' lang='lat' dir='ltr'><strong>cadi-qv;</strong></span> <span class='ocrx_word' id='word_1_26' title='bbox 449 505 590 574; x_wconf 87' lang='grc' dir='ltr'><strong>Ἐγὼ</strong></span> <span class='ocrx_word' id='word_1_27' title='bbox 622 506 701 571; x_wconf 80' lang='grc' dir='ltr'><strong>δὲ,</strong></span> <span class='ocrx_word' id='word_1_28' title='bbox 738 507 797 558; x_wconf 79' lang='grc' dir='ltr'>ἐν</span> <span class='ocrx_word' id='word_1_29' title='bbox 825 505 920 560; x_wconf 81' lang='grc' dir='ltr'>τοῦ</span> <span class='ocrx_word' id='word_1_30' title='bbox 952 506 1090 561; x_wconf 82' lang='grc' dir='ltr'><strong>Θεοῦ</strong></span> <span class='ocrx_word' id='word_1_31' title='bbox 1129 509 1350 583; x_wconf 73' lang='grc' dir='ltr'>βοηθείᾳ</span> <span class='ocrx_word' id='word_1_32' title='bbox 1395 513 1455 578; x_wconf 79' lang='grc' dir='ltr'>ἐξ</span> <span class='ocrx_word' id='word_1_33' title='bbox 1492 515 1756 584; x_wconf 88' lang='grc' dir='ltr'>ὑπογυίου</span> 
     </span>
    </p>
   </div>
   <div class='ocr_carea' id='block_1_7' title="bbox 109 595 1756 674">
    <p class='ocr_par' dir='ltr' id='par_1_7' title="bbox 109 595 1756 674">
     <span class='ocr_line' id='line_1_7' title="bbox 109 595 1756 674; baseline 0.01 -27"><span class='ocrx_word' id='word_1_34' title='bbox 109 595 337 649; x_wconf 79' lang='grc' dir='ltr'>λαϐὼν</span> <span class='ocrx_word' id='word_1_35' title='bbox 389 599 633 663; x_wconf 86' lang='grc' dir='ltr'>σύνεσιν,</span> <span class='ocrx_word' id='word_1_36' title='bbox 663 598 1050 670; x_wconf 77' lang='grc' dir='ltr'><strong>ἀπεκρινάμην</strong></span> <span class='ocrx_word' id='word_1_37' title='bbox 1079 602 1260 673; x_wconf 84' lang='grc' dir='ltr'>αὑτῷ,</span> <span class='ocrx_word' id='word_1_38' title='bbox 1291 604 1494 674; x_wconf 80' lang='grc' dir='ltr'>λέγων·</span> <span class='ocrx_word' id='word_1_39' title='bbox 1557 608 1630 661; x_wconf 91' lang='grc' dir='ltr'>Οὑ</span> <span class='ocrx_word' id='word_1_40' title='bbox 1665 625 1756 662; x_wconf 84' lang='grc' dir='ltr'>πι-</span> 
     </span>
    </p>
   </div>
   <div class='ocr_carea' id='block_1_8' title="bbox 109 686 1748 770">
    <p class='ocr_par' dir='ltr' id='par_1_8' title="bbox 109 686 1748 770">
     <span class='ocr_line' id='line_1_8' title="bbox 109 686 1748 770; baseline 0.01 -32"><span class='ocrx_word' id='word_1_41' title='bbox 109 686 406 752; x_wconf 68' lang='grc' dir='ltr'>πεὸετε,</span> <span class='ocrx_word' id='word_1_42' title='bbox 438 689 520 742; x_wconf 79' lang='grc' dir='ltr'>ὅτι</span> <span class='ocrx_word' id='word_1_43' title='bbox 547 689 868 760; x_wconf 75' lang='grc' dir='ltr'><strong>ἐσταυρώθη</strong></span> <span class='ocrx_word' id='word_1_44' title='bbox 904 693 932 744; x_wconf 98' lang='lat'><strong>6</strong></span> <span class='ocrx_word' id='word_1_45' title='bbox 965 693 1233 762; x_wconf 82' lang='grc' dir='ltr'>Χριστός;</span> <span class='ocrx_word' id='word_1_46' title='bbox 1283 695 1340 748; x_wconf 90' lang='grc' dir='ltr'>Ὁ</span> <span class='ocrx_word' id='word_1_47' title='bbox 1368 697 1427 750; x_wconf 83' lang='grc' dir='ltr'>δὲ</span> <span class='ocrx_word' id='word_1_48' title='bbox 1461 696 1588 770; x_wconf 78' lang='grc' dir='ltr'>ἔφη·</span> <span class='ocrx_word' id='word_1_49' title='bbox 1617 700 1748 764; x_wconf 76' lang='grc' dir='ltr'>Ναὶ,</span> 
     </span>
    </p>
   </div>
   <div class='ocr_carea' id='block_1_9' title="bbox 109 775 1756 859">
    <p class='ocr_par' dir='ltr' id='par_1_9' title="bbox 109 775 1756 859">
     <span class='ocr_line' id='line_1_9' title="bbox 109 775 1756 859; baseline 0.012 -33"><span class='ocrx_word' id='word_1_50' title='bbox 109 777 224 827; x_wconf 70' lang='grc' dir='ltr'><strong>καί</strong></span> <span class='ocrx_word' id='word_1_51' title='bbox 261 777 386 830; x_wconf 75' lang='grc' dir='ltr'>οὐκ</span> <span class='ocrx_word' id='word_1_52' title='bbox 417 779 714 849; x_wconf 69' lang='grc' dir='ltr'><strong>⁴ἤρνήσατο.</strong></span> <span class='ocrx_word' id='word_1_53' title='bbox 747 778 904 842; x_wconf 81' lang='grc' dir='ltr'>Τίνες</span> <span class='ocrx_word' id='word_1_54' title='bbox 937 775 1031 834; x_wconf 84' lang='grc' dir='ltr'>οὖν</span> <span class='ocrx_word' id='word_1_55' title='bbox 1065 783 1229 835; x_wconf 78' lang='grc' dir='ltr'>αὑτὸν</span> <span class='ocrx_word' id='word_1_56' title='bbox 1257 784 1650 859; x_wconf 84' lang='grc' dir='ltr'>ὲστάύρωσαν;</span> <span class='ocrx_word' id='word_1_57' title='bbox 1695 789 1756 845; x_wconf 81' lang='lat'><strong>&#39;0</strong></span> 
     </span>
    </p>
   </div>
   <div class='ocr_carea' id='block_1_10' title="bbox 111 863 1753 953">
    <p class='ocr_par' dir='ltr' id='par_1_10' title="bbox 111 863 1753 953">
     <span class='ocr_line' id='line_1_10' title="bbox 111 863 1753 953; baseline 0.011 -36"><span class='ocrx_word' id='word_1_58' title='bbox 111 863 174 918; x_wconf 79' lang='grc' dir='ltr'><strong>δὲ</strong></span> <span class='ocrx_word' id='word_1_59' title='bbox 201 865 360 938; x_wconf 71' lang='grc' dir='ltr'>ἔφη’</span> <span class='ocrx_word' id='word_1_60' title='bbox 384 868 719 941; x_wconf 69' lang='grc' dir='ltr'>Ἄνθρωποι.</span> <span class='ocrx_word' id='word_1_61' title='bbox 741 867 875 924; x_wconf 77' lang='grc' dir='ltr'>Εἶτα</span> <span class='ocrx_word' id='word_1_62' title='bbox 895 871 1032 944; x_wconf 74' lang='grc' dir='ltr'>ἔφην</span> <span class='ocrx_word' id='word_1_63' title='bbox 1054 874 1222 945; x_wconf 78' lang='grc' dir='ltr'>αὐτῷ’</span> <span class='ocrx_word' id='word_1_64' title='bbox 1252 876 1348 940; x_wconf 91' lang='grc' dir='ltr'><strong>Τίς</strong></span> <span class='ocrx_word' id='word_1_65' title='bbox 1364 878 1753 953; x_wconf 74' lang='grc' dir='ltr'><strong>δυνατώτερος,</strong></span> 
     </span>
    </p>
   </div>
   <div class='ocr_carea' id='block_1_11' title="bbox 111 958 1756 1040">
    <p class='ocr_par' dir='ltr' id='par_1_11' title="bbox 111 958 1756 1040">
     <span class='ocr_line' id='line_1_11' title="bbox 111 958 1756 1040; baseline 0.01 -31"><span class='ocrx_word' id='word_1_66' title='bbox 111 959 144 1009; x_wconf 77' lang='grc' dir='ltr'><strong>ὁ</strong></span> <span class='ocrx_word' id='word_1_67' title='bbox 185 958 535 1030; x_wconf 75' lang='grc' dir='ltr'>ἄνθρωπος,</span> <span class='ocrx_word' id='word_1_68' title='bbox 568 962 602 1033; x_wconf 80' lang='grc' dir='ltr'>ἢ</span> <span class='ocrx_word' id='word_1_69' title='bbox 637 964 666 1015; x_wconf 95' lang='lat'><strong>6</strong></span> <span class='ocrx_word' id='word_1_70' title='bbox 711 962 984 1030; x_wconf 88' lang='grc' dir='ltr'>διάϐολος;</span> <span class='ocrx_word' id='word_1_71' title='bbox 1045 965 1104 1018; x_wconf 84' lang='lat'><strong>&#39;0</strong></span> <span class='ocrx_word' id='word_1_72' title='bbox 1135 965 1191 1018; x_wconf 84' lang='grc' dir='ltr'>δὲ</span> <span class='ocrx_word' id='word_1_73' title='bbox 1217 964 1355 1040; x_wconf 74' lang='grc' dir='ltr'>ἔφη·</span> <span class='ocrx_word' id='word_1_74' title='bbox 1413 970 1472 1023; x_wconf 88' lang='lat'><strong>&#39;0</strong></span> <span class='ocrx_word' id='word_1_75' title='bbox 1513 971 1756 1038; x_wconf 88' lang='grc' dir='ltr'>διάϐολος</span> 
     </span>
    </p>
   </div>
   <div class='ocr_carea' id='block_1_12' title="bbox 115 1049 1754 1133">
    <p class='ocr_par' dir='ltr' id='par_1_12' title="bbox 115 1049 1754 1133">
     <span class='ocr_line' id='line_1_12' title="bbox 115 1049 1754 1133; baseline 0.011 -33"><span class='ocrx_word' id='word_1_76' title='bbox 115 1049 536 1122; x_wconf 75' lang='grc' dir='ltr'>ίσχυρότερος.</span> <span class='ocrx_word' id='word_1_77' title='bbox 601 1054 732 1106; x_wconf 86' lang='grc' dir='ltr'><strong>Ὅτε</strong></span> <span class='ocrx_word' id='word_1_78' title='bbox 761 1053 921 1109; x_wconf 79' lang='grc' dir='ltr'>τοῦτο</span> <span class='ocrx_word' id='word_1_79' title='bbox 965 1052 1142 1120; x_wconf 74' lang='grc' dir='ltr'>εἶπεν,</span> <span class='ocrx_word' id='word_1_80' title='bbox 1175 1059 1624 1133; x_wconf 77' lang='grc' dir='ltr'><strong>ἀπεκρινάμεθα·</strong></span> <span class='ocrx_word' id='word_1_81' title='bbox 1692 1063 1754 1118; x_wconf 87' lang='lat' dir='ltr'><strong>El</strong></span> 
     </span>
    </p>
   </div>
   <div class='ocr_carea' id='block_1_13' title="bbox 113 1142 1754 1226">
    <p class='ocr_par' dir='ltr' id='par_1_13' title="bbox 113 1142 1754 1226">
     <span class='ocr_line' id='line_1_13' title="bbox 113 1142 1754 1226; baseline 0.011 -33"><span class='ocrx_word' id='word_1_82' title='bbox 113 1143 145 1193; x_wconf 89' lang='lat'><strong>6</strong></span> <span class='ocrx_word' id='word_1_83' title='bbox 183 1142 474 1206; x_wconf 75' lang='grc' dir='ltr'>διάϐολος</span> <span class='ocrx_word' id='word_1_84' title='bbox 523 1145 870 1217; x_wconf 74' lang='grc' dir='ltr'>ἰσχυρότερος</span> <span class='ocrx_word' id='word_1_85' title='bbox 910 1147 1216 1219; x_wconf 79' lang='grc' dir='ltr'>ἀνθρώπων</span> <span class='ocrx_word' id='word_1_86' title='bbox 1253 1153 1509 1226; x_wconf 83' lang='grc' dir='ltr'><strong>ὑπάρχει,</strong></span> <span class='ocrx_word' id='word_1_87' title='bbox 1540 1154 1754 1226; x_wconf 82' lang='grc' dir='ltr'>άνθρω·</span> 
     </span>
    </p>
   </div>
   <div class='ocr_carea' id='block_1_14' title="bbox 113 1233 1754 1319">
    <p class='ocr_par' dir='ltr' id='par_1_14' title="bbox 113 1233 1754 1319">
     <span class='ocr_line' id='line_1_14' title="bbox 113 1233 1754 1319; baseline 0.012 -36"><span class='ocrx_word' id='word_1_88' title='bbox 113 1249 222 1284; x_wconf 72' lang='grc' dir='ltr'><strong>ποι</strong></span> <span class='ocrx_word' id='word_1_89' title='bbox 249 1233 322 1286; x_wconf 79' lang='grc' dir='ltr'>δὲ</span> <span class='ocrx_word' id='word_1_90' title='bbox 344 1236 400 1287; x_wconf 83' lang='grc' dir='ltr'><strong>οί</strong></span> <span class='ocrx_word' id='word_1_91' title='bbox 420 1235 799 1309; x_wconf 79' lang='grc' dir='ltr'>ἀσθενέστεροι</span> <span class='ocrx_word' id='word_1_92' title='bbox 816 1239 1048 1309; x_wconf 83' lang='grc' dir='ltr'>Χριστὸν</span> <span class='ocrx_word' id='word_1_93' title='bbox 1067 1242 1419 1314; x_wconf 79' lang='grc' dir='ltr'><strong>ἐσταύρωσαν</strong></span> <span class='ocrx_word' id='word_1_94' title='bbox 1439 1263 1452 1276; x_wconf 87' lang='grc'><strong>·</strong></span> <span class='ocrx_word' id='word_1_95' title='bbox 1487 1247 1550 1299; x_wconf 89' lang='grc' dir='ltr'><strong>οὑ</strong></span> <span class='ocrx_word' id='word_1_96' title='bbox 1570 1246 1754 1319; x_wconf 80' lang='grc' dir='ltr'>θαῦμα</span> 
     </span>
    </p>
   </div>
   <div class='ocr_carea' id='block_1_15' title="bbox 117 1324 1752 1409">
    <p class='ocr_par' dir='ltr' id='par_1_15' title="bbox 117 1324 1752 1409">
     <span class='ocr_line' id='line_1_15' title="bbox 117 1324 1752 1409; baseline 0.011 -35"><span class='ocrx_word' id='word_1_97' title='bbox 117 1324 174 1375; x_wconf 71' lang='grc' dir='ltr'>εἰ</span> <span class='ocrx_word' id='word_1_98' title='bbox 206 1327 328 1377; x_wconf 74' lang='grc' dir='ltr'>καὶ</span> <span class='ocrx_word' id='word_1_99' title='bbox 359 1326 472 1379; x_wconf 83' lang='grc' dir='ltr'>ὑπὸ</span> <span class='ocrx_word' id='word_1_100' title='bbox 516 1326 611 1380; x_wconf 81' lang='grc' dir='ltr'>τοῦ</span> <span class='ocrx_word' id='word_1_101' title='bbox 635 1328 884 1382; x_wconf 85' lang='grc' dir='ltr'>διαϐόλου</span> <span class='ocrx_word' id='word_1_102' title='bbox 910 1331 1239 1404; x_wconf 83' lang='grc' dir='ltr'>ὲπειράσθη.</span> <span class='ocrx_word' id='word_1_103' title='bbox 1305 1335 1491 1391; x_wconf 86' lang='grc' dir='ltr'>Πάντα</span> <span class='ocrx_word' id='word_1_104' title='bbox 1523 1337 1630 1409; x_wconf 80' lang='grc' dir='ltr'><strong>γὰρ</strong></span> <span class='ocrx_word' id='word_1_105' title='bbox 1662 1338 1752 1392; x_wconf 81' lang='grc' dir='ltr'><strong>θέ-</strong></span> 
     </span>
    </p>
   </div>
   <div class='ocr_carea' id='block_1_16' title="bbox 114 1416 1753 1495">
    <p class='ocr_par' dir='ltr' id='par_1_16' title="bbox 114 1416 1753 1495">
     <span class='ocr_line' id='line_1_16' title="bbox 114 1416 1753 1495; baseline 0.012 -29"><span class='ocrx_word' id='word_1_106' title='bbox 114 1416 273 1480; x_wconf 78' lang='grc' dir='ltr'>λων,</span> <span class='ocrx_word' id='word_1_107' title='bbox 298 1417 407 1470; x_wconf 81' lang='grc' dir='ltr'>καὶ</span> <span class='ocrx_word' id='word_1_108' title='bbox 428 1419 490 1472; x_wconf 94' lang='grc' dir='ltr'><strong>οὑ</strong></span> <span class='ocrx_word' id='word_1_109' title='bbox 519 1420 658 1489; x_wconf 76' lang='grc' dir='ltr'>μετὰ</span> <span class='ocrx_word' id='word_1_110' title='bbox 678 1421 924 1493; x_wconf 80' lang='grc' dir='ltr'><strong>ἀνάγκης</strong></span> <span class='ocrx_word' id='word_1_111' title='bbox 960 1423 1101 1495; x_wconf 84' lang='grc' dir='ltr'>ὑπὲρ</span> <span class='ocrx_word' id='word_1_112' title='bbox 1133 1425 1291 1495; x_wconf 82' lang='grc' dir='ltr'>ἡμῶν</span> <span class='ocrx_word' id='word_1_113' title='bbox 1315 1428 1507 1482; x_wconf 78' lang='grc' dir='ltr'>ἑαυτὸν</span> <span class='ocrx_word' id='word_1_114' title='bbox 1526 1429 1753 1486; x_wconf 87' lang='grc' dir='ltr'>δέδωκεν</span> 
     </span>
    </p>
   </div>
   <div class='ocr_carea' id='block_1_17' title="bbox 120 1510 1754 1588">
    <p class='ocr_par' dir='ltr' id='par_1_17' title="bbox 120 1510 1754 1588">
     <span class='ocr_line' id='line_1_17' title="bbox 120 1510 1754 1588; baseline 0.009 -26"><span class='ocrx_word' id='word_1_115' title='bbox 120 1510 149 1561; x_wconf 86' lang='lat'><strong>6</strong></span> <span class='ocrx_word' id='word_1_116' title='bbox 170 1510 442 1580; x_wconf 75' lang='grc' dir='ltr'>Χριστὸς</span> <span class='ocrx_word' id='word_1_117' title='bbox 464 1512 690 1582; x_wconf 84' lang='grc' dir='ltr'>πάσχων</span> <span class='ocrx_word' id='word_1_118' title='bbox 709 1513 767 1566; x_wconf 86' lang='grc' dir='ltr'>ὲν</span> <span class='ocrx_word' id='word_1_119' title='bbox 788 1512 1039 1585; x_wconf 61' lang='grc' dir='ltr'>ἀληθείᾳ,</span> <span class='ocrx_word' id='word_1_120' title='bbox 1062 1514 1124 1568; x_wconf 92' lang='grc' dir='ltr'>οὑ</span> <span class='ocrx_word' id='word_1_121' title='bbox 1148 1518 1268 1570; x_wconf 87' lang='grc' dir='ltr'>κατ’</span> <span class='ocrx_word' id='word_1_122' title='bbox 1289 1518 1596 1588; x_wconf 83' lang='grc' dir='ltr'>ἀσθένειαν,</span> <span class='ocrx_word' id='word_1_123' title='bbox 1617 1522 1754 1576; x_wconf 85' lang='grc' dir='ltr'>άλλά</span> 
     </span>
    </p>
   </div>
   <div class='ocr_carea' id='block_1_18' title="bbox 120 1603 1755 1685">
    <p class='ocr_par' dir='ltr' id='par_1_18' title="bbox 120 1603 1755 1685">
     <span class='ocr_line' id='line_1_18' title="bbox 120 1603 1755 1685; baseline 0.009 -32"><span class='ocrx_word' id='word_1_124' title='bbox 120 1603 297 1655; x_wconf 81' lang='grc' dir='ltr'>κατὰ</span> <span class='ocrx_word' id='word_1_125' title='bbox 327 1603 656 1675; x_wconf 85' lang='grc' dir='ltr'>προαίρεσιν</span> <span class='ocrx_word' id='word_1_126' title='bbox 679 1606 759 1667; x_wconf 81' lang='grc' dir='ltr'>είς</span> <span class='ocrx_word' id='word_1_127' title='bbox 786 1605 1150 1677; x_wconf 84' lang='grc' dir='ltr'>ὑπογραμμὸν</span> <span class='ocrx_word' id='word_1_128' title='bbox 1191 1611 1222 1680; x_wconf 85' lang='grc' dir='ltr'>ἡ</span> <span class='ocrx_word' id='word_1_129' title='bbox 1233 1610 1372 1680; x_wconf 85' lang='grc' dir='ltr'>μῶν,</span> <span class='ocrx_word' id='word_1_130' title='bbox 1410 1611 1504 1667; x_wconf 60' lang='grc' dir='ltr'><strong>και</strong></span> <span class='ocrx_word' id='word_1_131' title='bbox 1523 1611 1591 1666; x_wconf 81' lang='grc' dir='ltr'>τὰ</span> <span class='ocrx_word' id='word_1_132' title='bbox 1617 1614 1755 1685; x_wconf 80' lang='grc' dir='ltr'>πρὸς</span> 
     </span>
    </p>
   </div>
   <div class='ocr_carea' id='block_1_19' title="bbox 123 1694 1750 1775">
    <p class='ocr_par' dir='ltr' id='par_1_19' title="bbox 123 1694 1750 1775">
     <span class='ocr_line' id='line_1_19' title="bbox 123 1694 1750 1775; baseline 0.009 -31"><span class='ocrx_word' id='word_1_133' title='bbox 123 1695 231 1746; x_wconf 72' lang='grc' dir='ltr'><strong>τὸν</strong></span> <span class='ocrx_word' id='word_1_134' title='bbox 259 1694 546 1761; x_wconf 79' lang='grc' dir='ltr'>διάϐολον,</span> <span class='ocrx_word' id='word_1_135' title='bbox 572 1697 668 1749; x_wconf 76' lang='grc' dir='ltr'>καὶ</span> <span class='ocrx_word' id='word_1_136' title='bbox 693 1698 773 1760; x_wconf 87' lang='grc' dir='ltr'>είς</span> <span class='ocrx_word' id='word_1_137' title='bbox 795 1701 1072 1772; x_wconf 82' lang='grc' dir='ltr'>σωτηρίαν</span> <span class='ocrx_word' id='word_1_138' title='bbox 1100 1703 1258 1773; x_wconf 85' lang='grc' dir='ltr'>ἡμῶν</span> <span class='ocrx_word' id='word_1_139' title='bbox 1283 1705 1340 1756; x_wconf 83' lang='grc' dir='ltr'>ὲν</span> <span class='ocrx_word' id='word_1_140' title='bbox 1365 1703 1443 1775; x_wconf 80' lang='grc' dir='ltr'><strong>τῷ</strong></span> <span class='ocrx_word' id='word_1_141' title='bbox 1467 1705 1629 1759; x_wconf 85' lang='grc' dir='ltr'>πάθει</span> <span class='ocrx_word' id='word_1_142' title='bbox 1656 1705 1750 1760; x_wconf 85' lang='grc' dir='ltr'>τοῦ</span> 
     </span>
    </p>
   </div>
   <div class='ocr_carea' id='block_1_20' title="bbox 1859 513 3440 587">
    <p class='ocr_par' dir='ltr' id='par_1_20' title="bbox 1859 513 3440 587">
     <span class='ocr_line' id='line_1_20' title="bbox 1859 513 3440 587; baseline 0.001 -18"><span class='ocrx_word' id='word_1_143' title='bbox 1859 515 1966 582; x_wconf 90' lang='lat' dir='ltr'><strong>Qui</strong></span> <span class='ocrx_word' id='word_1_144' title='bbox 2001 515 2120 571; x_wconf 85' lang='lat' dir='ltr'><strong>ﬁeri</strong></span> <span class='ocrx_word' id='word_1_145' title='bbox 2151 523 2354 586; x_wconf 92' lang='lat' dir='ltr'><strong>potest,</strong></span> <span class='ocrx_word' id='word_1_146' title='bbox 2377 523 2438 570; x_wconf 88' lang='grc' dir='ltr'><strong>ιιι</strong></span> <span class='ocrx_word' id='word_1_147' title='bbox 2463 513 2698 570; x_wconf 87' lang='lat' dir='ltr'><strong>Satanas</strong></span> <span class='ocrx_word' id='word_1_148' title='bbox 2725 514 2890 569; x_wconf 82' lang='lat' dir='ltr'><strong>Deum</strong></span> <span class='ocrx_word' id='word_1_149' title='bbox 2917 531 3127 579; x_wconf 87' lang='lat' dir='ltr'><strong>verum,</strong></span> <span class='ocrx_word' id='word_1_150' title='bbox 3161 532 3226 570; x_wconf 90' lang='lat' dir='ltr'><strong>ac</strong></span> <span class='ocrx_word' id='word_1_151' title='bbox 3254 517 3440 587; x_wconf 88' lang='lat' dir='ltr'><strong>seipso</strong></span> 
     </span>
    </p>
   </div>
   <div class='ocr_carea' id='block_1_21' title="bbox 1858 601 3441 672">
    <p class='ocr_par' dir='ltr' id='par_1_21' title="bbox 1858 601 3441 672">
     <span class='ocr_line' id='line_1_21' title="bbox 1858 601 3441 672; baseline 0.003 -17"><span class='ocrx_word' id='word_1_152' title='bbox 1858 602 2018 672; x_wconf 81' lang='lat' dir='ltr'><strong>longe</strong></span> <span class='ocrx_word' id='word_1_153' title='bbox 2052 603 2513 672; x_wconf 58' lang='lat' dir='ltr'><strong>prastautiorem,</strong></span> <span class='ocrx_word' id='word_1_154' title='bbox 2553 601 2956 672; x_wconf 87' lang='lat' dir='ltr'><strong>Dominumque</strong></span> <span class='ocrx_word' id='word_1_155' title='bbox 2985 619 3166 669; x_wconf 90' lang='lat' dir='ltr'><strong>suum,</strong></span> <span class='ocrx_word' id='word_1_156' title='bbox 3208 615 3267 659; x_wconf 92' lang='lat' dir='ltr'><strong>ut</strong></span> <span class='ocrx_word' id='word_1_157' title='bbox 3303 607 3441 660; x_wconf 89' lang='lat' dir='ltr'><strong>dici-</strong></span> 
     </span>
    </p>
   </div>
   <div class='ocr_carea' id='block_1_22' title="bbox 1859 691 3441 765">
    <p class='ocr_par' dir='ltr' id='par_1_22' title="bbox 1859 691 3441 765">
     <span class='ocr_line' id='line_1_22' title="bbox 1859 691 3441 765; baseline 0.004 -19"><span class='ocrx_word' id='word_1_158' title='bbox 1859 695 1950 758; x_wconf 89' lang='lat' dir='ltr'><strong>tis,</strong></span> <span class='ocrx_word' id='word_1_159' title='bbox 1980 691 2168 748; x_wconf 79' lang='lat' dir='ltr'><strong>Jesum</strong></span> <span class='ocrx_word' id='word_1_160' title='bbox 2205 694 2438 758; x_wconf 91' lang='lat' dir='ltr'><strong>scilicet,</strong></span> <span class='ocrx_word' id='word_1_161' title='bbox 2475 695 2808 750; x_wconf 79' lang='lat' dir='ltr'><strong>tentaverit?</strong></span> <span class='ocrx_word' id='word_1_162' title='bbox 2840 696 2953 765; x_wconf 77' lang='lat' dir='ltr'><strong>Ego</strong></span> <span class='ocrx_word' id='word_1_163' title='bbox 2985 711 3115 750; x_wconf 90' lang='lat' dir='ltr'><strong>vero</strong></span> <span class='ocrx_word' id='word_1_164' title='bbox 3146 695 3240 750; x_wconf 81' lang='lat' dir='ltr'><strong>Dei</strong></span> <span class='ocrx_word' id='word_1_165' title='bbox 3271 698 3441 753; x_wconf 82' lang='lat' dir='ltr'><strong>fretus</strong></span> 
     </span>
    </p>
   </div>
   <div class='ocr_carea' id='block_1_23' title="bbox 1858 787 3439 858">
    <p class='ocr_par' dir='ltr' id='par_1_23' title="bbox 1858 787 3439 858">
     <span class='ocr_line' id='line_1_23' title="bbox 1858 787 3439 858; baseline -0.001 -15"><span class='ocrx_word' id='word_1_166' title='bbox 1858 789 2086 853; x_wconf 80' lang='lat' dir='ltr'><strong>auxilio,</strong></span> <span class='ocrx_word' id='word_1_167' title='bbox 2132 787 2282 858; x_wconf 89' lang='lat' dir='ltr'><strong>quod</strong></span> <span class='ocrx_word' id='word_1_168' title='bbox 2316 803 2347 843; x_wconf 93' lang='lat' dir='ltr'><strong>e</strong></span> <span class='ocrx_word' id='word_1_169' title='bbox 2379 802 2441 843; x_wconf 90' lang='lat' dir='ltr'><strong>re</strong></span> <span class='ocrx_word' id='word_1_170' title='bbox 2470 793 2597 841; x_wconf 89' lang='lat' dir='ltr'><strong>nata</strong></span> <span class='ocrx_word' id='word_1_171' title='bbox 2636 787 2770 841; x_wconf 90' lang='lat' dir='ltr'><strong>mihi</strong></span> <span class='ocrx_word' id='word_1_172' title='bbox 2801 787 2854 841; x_wconf 91' lang='lat' dir='ltr'><strong>in</strong></span> <span class='ocrx_word' id='word_1_173' title='bbox 2881 788 3122 842; x_wconf 85' lang='lat' dir='ltr'><strong>animum</strong></span> <span class='ocrx_word' id='word_1_174' title='bbox 3149 787 3439 851; x_wconf 90' lang='lat' dir='ltr'><strong>inciderat,</strong></span> 
     </span>
    </p>
   </div>
   <div class='ocr_carea' id='block_1_24' title="bbox 1858 879 3445 950">
    <p class='ocr_par' dir='ltr' id='par_1_24' title="bbox 1858 879 3445 950">
     <span class='ocr_line' id='line_1_24' title="bbox 1858 879 3445 950; baseline 0.001 -16"><span class='ocrx_word' id='word_1_175' title='bbox 1858 882 1927 935; x_wconf 87' lang='lat' dir='ltr'><strong>ad</strong></span> <span class='ocrx_word' id='word_1_176' title='bbox 1976 881 2080 936; x_wconf 86' lang='lat' dir='ltr'><strong>ista</strong></span> <span class='ocrx_word' id='word_1_177' title='bbox 2127 880 2336 949; x_wconf 88' lang='lat' dir='ltr'><strong>subjeci</strong></span> <span class='ocrx_word' id='word_1_178' title='bbox 2371 897 2386 934; x_wconf 88' lang='lat'><strong>:</strong></span> <span class='ocrx_word' id='word_1_179' title='bbox 2430 879 2689 945; x_wconf 77' lang='lat' dir='ltr'><strong>Creditis,</strong></span> <span class='ocrx_word' id='word_1_180' title='bbox 2726 880 2970 950; x_wconf 84' lang='lat' dir='ltr'><strong>inquam,</strong></span> <span class='ocrx_word' id='word_1_181' title='bbox 2996 879 3273 934; x_wconf 85' lang='lat' dir='ltr'><strong>Christum</strong></span> <span class='ocrx_word' id='word_1_182' title='bbox 3321 896 3445 936; x_wconf 91' lang='lat' dir='ltr'><strong>esse</strong></span> 
     </span>
    </p>
   </div>
   <div class='ocr_carea' id='block_1_25' title="bbox 1857 970 3443 1041">
    <p class='ocr_par' dir='ltr' id='par_1_25' title="bbox 1857 970 3443 1041">
     <span class='ocr_line' id='line_1_25' title="bbox 1857 970 3443 1041; baseline 0 -15"><span class='ocrx_word' id='word_1_183' title='bbox 1857 971 2218 1027; x_wconf 80' lang='lat' dir='ltr'><strong>cruciﬁxum?</strong></span> <span class='ocrx_word' id='word_1_184' title='bbox 2243 971 2357 1028; x_wconf 83' lang='lat' dir='ltr'><strong>Nos</strong></span> <span class='ocrx_word' id='word_1_185' title='bbox 2387 987 2538 1038; x_wconf 87' lang='lat' dir='ltr'><strong>vero,</strong></span> <span class='ocrx_word' id='word_1_186' title='bbox 2571 971 2771 1041; x_wconf 88' lang='lat' dir='ltr'><strong>inquit,</strong></span> <span class='ocrx_word' id='word_1_187' title='bbox 2796 971 3110 1037; x_wconf 84' lang='lat' dir='ltr'><strong>credimus;</strong></span> <span class='ocrx_word' id='word_1_188' title='bbox 3151 986 3252 1025; x_wconf 89' lang='lat' dir='ltr'><strong>nec</strong></span> <span class='ocrx_word' id='word_1_189' title='bbox 3282 970 3443 1026; x_wconf 80' lang='lat' dir='ltr'><strong>fateri</strong></span> 
     </span>
    </p>
   </div>
   <div class='ocr_carea' id='block_1_26' title="bbox 1858 1060 3442 1132">
    <p class='ocr_par' dir='ltr' id='par_1_26' title="bbox 1858 1060 3442 1132">
     <span class='ocr_line' id='line_1_26' title="bbox 1858 1060 3442 1132; baseline 0.001 -16"><span class='ocrx_word' id='word_1_190' title='bbox 1858 1061 2147 1118; x_wconf 81' lang='lat' dir='ltr'><strong>dubitavit.</strong></span> <span class='ocrx_word' id='word_1_191' title='bbox 2178 1060 2224 1114; x_wconf 81' lang='grc' dir='ltr'><strong>Α</strong></span> <span class='ocrx_word' id='word_1_192' title='bbox 2252 1061 2452 1132; x_wconf 88' lang='lat' dir='ltr'><strong>quibus</strong></span> <span class='ocrx_word' id='word_1_193' title='bbox 2481 1077 2611 1132; x_wconf 82' lang='lat' dir='ltr'><strong>ergo</strong></span> <span class='ocrx_word' id='word_1_194' title='bbox 2642 1061 2939 1116; x_wconf 80' lang='lat' dir='ltr'><strong>cruciﬁxus</strong></span> <span class='ocrx_word' id='word_1_195' title='bbox 2959 1061 3082 1117; x_wconf 86' lang='lat' dir='ltr'><strong>est?</strong></span> <span class='ocrx_word' id='word_1_196' title='bbox 3118 1063 3326 1132; x_wconf 78' lang='lat' dir='ltr'><strong>rogavi.</strong></span> <span class='ocrx_word' id='word_1_197' title='bbox 3359 1063 3442 1117; x_wconf 86' lang='lat' dir='ltr'><strong>Ab</strong></span> 
     </span>
    </p>
   </div>
   <div class='ocr_carea' id='block_1_27' title="bbox 1856 1152 3440 1224">
    <p class='ocr_par' dir='ltr' id='par_1_27' title="bbox 1856 1152 3440 1224">
     <span class='ocr_line' id='line_1_27' title="bbox 1856 1152 3440 1224; baseline 0.001 -16"><span class='ocrx_word' id='word_1_198' title='bbox 1856 1154 2192 1219; x_wconf 88' lang='lat' dir='ltr'><strong>hominibus,</strong></span> <span class='ocrx_word' id='word_1_199' title='bbox 2246 1154 2550 1223; x_wconf 86' lang='lat' dir='ltr'><strong>respondit.</strong></span> <span class='ocrx_word' id='word_1_200' title='bbox 2606 1152 2746 1207; x_wconf 88' lang='lat' dir='ltr'><strong>Tum</strong></span> <span class='ocrx_word' id='word_1_201' title='bbox 2795 1169 2936 1224; x_wconf 77' lang='lat' dir='ltr'><strong>ego:</strong></span> <span class='ocrx_word' id='word_1_202' title='bbox 2979 1153 3116 1220; x_wconf 84' lang='lat' dir='ltr'><strong>Quis</strong></span> <span class='ocrx_word' id='word_1_203' title='bbox 3151 1155 3440 1210; x_wconf 88' lang='lat' dir='ltr'><strong>ambormn</strong></span> 
     </span>
    </p>
   </div>
   <div class='ocr_carea' id='block_1_28' title="bbox 1857 1244 3441 1318">
    <p class='ocr_par' dir='ltr' id='par_1_28' title="bbox 1857 1244 3441 1318">
     <span class='ocr_line' id='line_1_28' title="bbox 1857 1244 3441 1318; baseline 0.001 -19"><span class='ocrx_word' id='word_1_204' title='bbox 1857 1247 2138 1318; x_wconf 87' lang='lat' dir='ltr'><strong>potentior</strong></span> <span class='ocrx_word' id='word_1_205' title='bbox 2167 1253 2274 1312; x_wconf 90' lang='lat' dir='ltr'><strong>est,</strong></span> <span class='ocrx_word' id='word_1_206' title='bbox 2308 1245 2492 1310; x_wconf 91' lang='lat' dir='ltr'><strong>homo,</strong></span> <span class='ocrx_word' id='word_1_207' title='bbox 2523 1260 2590 1299; x_wconf 93' lang='lat' dir='ltr'><strong>an</strong></span> <span class='ocrx_word' id='word_1_208' title='bbox 2625 1245 2914 1300; x_wconf 80' lang='lat' dir='ltr'><strong>diabolus?</strong></span> <span class='ocrx_word' id='word_1_209' title='bbox 2946 1244 3230 1311; x_wconf 85' lang='lat' dir='ltr'><strong>Diabolus,</strong></span> <span class='ocrx_word' id='word_1_210' title='bbox 3263 1246 3441 1315; x_wconf 87' lang='lat' dir='ltr'><strong>inquit</strong></span> 
     </span>
    </p>
   </div>
   <div class='ocr_carea' id='block_1_29' title="bbox 1857 1334 3438 1406">
    <p class='ocr_par' dir='ltr' id='par_1_29' title="bbox 1857 1334 3438 1406">
     <span class='ocr_line' id='line_1_29' title="bbox 1857 1334 3438 1406; baseline 0.001 -15"><span class='ocrx_word' id='word_1_211' title='bbox 1857 1337 1968 1401; x_wconf 89' lang='lat' dir='ltr'><strong>ille,</strong></span> <span class='ocrx_word' id='word_1_212' title='bbox 2001 1337 2162 1406; x_wconf 80' lang='lat' dir='ltr'><strong>longe</strong></span> <span class='ocrx_word' id='word_1_213' title='bbox 2189 1343 2413 1405; x_wconf 80' lang='lat' dir='ltr'><strong>praestat</strong></span> <span class='ocrx_word' id='word_1_214' title='bbox 2443 1334 2776 1392; x_wconf 89' lang='lat' dir='ltr'><strong>hominibus.</strong></span> <span class='ocrx_word' id='word_1_215' title='bbox 2807 1334 2918 1405; x_wconf 81' lang='lat' dir='ltr'><strong>Ego</strong></span> <span class='ocrx_word' id='word_1_216' title='bbox 2945 1351 3074 1391; x_wconf 88' lang='lat' dir='ltr'><strong>vero</strong></span> <span class='ocrx_word' id='word_1_217' title='bbox 3101 1337 3166 1391; x_wconf 89' lang='lat' dir='ltr'><strong>ad</strong></span> <span class='ocrx_word' id='word_1_218' title='bbox 3191 1337 3306 1390; x_wconf 69' lang='lat' dir='ltr'><strong>haec</strong></span> <span class='ocrx_word' id='word_1_219' title='bbox 3331 1336 3438 1393; x_wconf 87' lang='lat' dir='ltr'><strong>ista</strong></span> 
     </span>
    </p>
   </div>
   <div class='ocr_carea' id='block_1_30' title="bbox 1855 1425 3436 1498">
    <p class='ocr_par' dir='ltr' id='par_1_30' title="bbox 1855 1425 3436 1498">
     <span class='ocr_line' id='line_1_30' title="bbox 1855 1425 3436 1498; baseline -0.002 -15"><span class='ocrx_word' id='word_1_220' title='bbox 1855 1428 2065 1498; x_wconf 90' lang='lat' dir='ltr'><strong>subjeci</strong></span> <span class='ocrx_word' id='word_1_221' title='bbox 2098 1444 2112 1481; x_wconf 89' lang='lat'><strong>:</strong></span> <span class='ocrx_word' id='word_1_222' title='bbox 2149 1425 2206 1480; x_wconf 95' lang='lat' dir='ltr'><strong>Si</strong></span> <span class='ocrx_word' id='word_1_223' title='bbox 2243 1427 2312 1479; x_wconf 86' lang='lat' dir='ltr'><strong>ab</strong></span> <span class='ocrx_word' id='word_1_224' title='bbox 2347 1425 2684 1491; x_wconf 89' lang='lat' dir='ltr'><strong>hominibus,</strong></span> <span class='ocrx_word' id='word_1_225' title='bbox 2717 1428 2808 1495; x_wconf 87' lang='lat' dir='ltr'><strong>qui</strong></span> <span class='ocrx_word' id='word_1_226' title='bbox 2851 1425 3012 1496; x_wconf 78' lang='lat' dir='ltr'><strong>longe</strong></span> <span class='ocrx_word' id='word_1_227' title='bbox 3051 1426 3436 1481; x_wconf 86' lang='lat' dir='ltr'><strong>imbecilliores</strong></span> 
     </span>
    </p>
   </div>
   <div class='ocr_carea' id='block_1_31' title="bbox 1857 1514 3442 1586">
    <p class='ocr_par' dir='ltr' id='par_1_31' title="bbox 1857 1514 3442 1586">
     <span class='ocr_line' id='line_1_31' title="bbox 1857 1514 3442 1586; baseline -0.002 -12"><span class='ocrx_word' id='word_1_228' title='bbox 1857 1526 2006 1584; x_wconf 89' lang='lat' dir='ltr'><strong>sunt,</strong></span> <span class='ocrx_word' id='word_1_229' title='bbox 2039 1518 2340 1573; x_wconf 72' lang='lat' dir='ltr'><strong>cruciﬁxus</strong></span> <span class='ocrx_word' id='word_1_230' title='bbox 2369 1523 2455 1570; x_wconf 92' lang='lat' dir='ltr'><strong>est</strong></span> <span class='ocrx_word' id='word_1_231' title='bbox 2482 1515 2755 1580; x_wconf 88' lang='lat' dir='ltr'><strong>Christus,</strong></span> <span class='ocrx_word' id='word_1_232' title='bbox 2787 1514 2918 1586; x_wconf 87' lang='lat' dir='ltr'><strong>quid</strong></span> <span class='ocrx_word' id='word_1_233' title='bbox 2953 1516 3150 1570; x_wconf 87' lang='lat' dir='ltr'><strong>mirum</strong></span> <span class='ocrx_word' id='word_1_234' title='bbox 3176 1525 3259 1571; x_wconf 89' lang='lat' dir='ltr'><strong>est</strong></span> <span class='ocrx_word' id='word_1_235' title='bbox 3287 1533 3442 1572; x_wconf 91' lang='lat' dir='ltr'><strong>eum-</strong></span> 
     </span>
    </p>
   </div>
   <div class='ocr_carea' id='block_1_32' title="bbox 1856 1606 3438 1664">
    <p class='ocr_par' dir='ltr' id='par_1_32' title="bbox 1856 1606 3438 1664">
     <span class='ocr_line' id='line_1_32' title="bbox 1856 1606 3438 1664; baseline -0.001 0"><span class='ocrx_word' id='word_1_236' title='bbox 1856 1610 1977 1664; x_wconf 86' lang='lat' dir='ltr'><strong>dem</strong></span> <span class='ocrx_word' id='word_1_237' title='bbox 2008 1624 2038 1663; x_wconf 88' lang='lat' dir='ltr'><strong>a</strong></span> <span class='ocrx_word' id='word_1_238' title='bbox 2069 1608 2292 1663; x_wconf 88' lang='lat' dir='ltr'><strong>diabolo</strong></span> <span class='ocrx_word' id='word_1_239' title='bbox 2325 1622 2449 1664; x_wconf 87' lang='lat' dir='ltr'><strong>esse</strong></span> <span class='ocrx_word' id='word_1_240' title='bbox 2477 1608 2788 1662; x_wconf 85' lang='lat' dir='ltr'><strong>tentatum?</strong></span> <span class='ocrx_word' id='word_1_241' title='bbox 2821 1607 2903 1662; x_wconf 87' lang='lat' dir='ltr'><strong>Ad</strong></span> <span class='ocrx_word' id='word_1_242' title='bbox 2934 1606 3050 1662; x_wconf 76' lang='lat' dir='ltr'><strong>bzec</strong></span> <span class='ocrx_word' id='word_1_243' title='bbox 3079 1609 3224 1663; x_wconf 89' lang='lat' dir='ltr'><strong>enim</strong></span> <span class='ocrx_word' id='word_1_244' title='bbox 3254 1611 3438 1664; x_wconf 86' lang='lat' dir='ltr'><strong>omnia</strong></span> 
     </span>
    </p>
   </div>
   <div class='ocr_carea' id='block_1_33' title="bbox 1859 1698 3436 1768">
    <p class='ocr_par' dir='ltr' id='par_1_33' title="bbox 1859 1698 3436 1768">
     <span class='ocr_line' id='line_1_33' title="bbox 1859 1698 3436 1768; baseline -0.001 -12"><span class='ocrx_word' id='word_1_245' title='bbox 1859 1717 1985 1756; x_wconf 83' lang='lat' dir='ltr'><strong>vere</strong></span> <span class='ocrx_word' id='word_1_246' title='bbox 2005 1716 2070 1756; x_wconf 89' lang='lat' dir='ltr'><strong>ac</strong></span> <span class='ocrx_word' id='word_1_247' title='bbox 2097 1709 2289 1756; x_wconf 89' lang='lat' dir='ltr'><strong>nostra</strong></span> <span class='ocrx_word' id='word_1_248' title='bbox 2318 1715 2486 1755; x_wconf 88' lang='lat' dir='ltr'><strong>causa</strong></span> <span class='ocrx_word' id='word_1_249' title='bbox 2514 1699 2817 1765; x_wconf 82' lang='lat' dir='ltr'><strong>toleranda,</strong></span> <span class='ocrx_word' id='word_1_250' title='bbox 2849 1698 3095 1768; x_wconf 85' lang='lat' dir='ltr'><strong>adeoque</strong></span> <span class='ocrx_word' id='word_1_251' title='bbox 3127 1700 3276 1753; x_wconf 90' lang='lat' dir='ltr'><strong>illum</strong></span> <span class='ocrx_word' id='word_1_252' title='bbox 3310 1715 3436 1754; x_wconf 89' lang='lat' dir='ltr'><strong>cum</strong></span> 
     </span>
    </p>
   </div>
   <div class='ocr_carea' id='block_1_34' title="bbox 124 1781 1749 1866">
    <p class='ocr_par' dir='ltr' id='par_1_34' title="bbox 124 1785 1744 1866">
     <span class='ocr_line' id='line_1_34' title="bbox 124 1785 1744 1866; baseline 0.008 -31"><span class='ocrx_word' id='word_1_253' title='bbox 124 1785 421 1856; x_wconf 72' lang='grc' dir='ltr'>σταυροῦ,</span> <span class='ocrx_word' id='word_1_254' title='bbox 456 1787 539 1849; x_wconf 88' lang='grc' dir='ltr'>είς</span> <span class='ocrx_word' id='word_1_255' title='bbox 571 1788 896 1859; x_wconf 83' lang='grc' dir='ltr'>κατάκρισιν</span> <span class='ocrx_word' id='word_1_256' title='bbox 918 1791 1216 1864; x_wconf 83' lang='grc' dir='ltr'>ἁμαρτίας,</span> <span class='ocrx_word' id='word_1_257' title='bbox 1247 1793 1341 1846; x_wconf 82' lang='grc' dir='ltr'>καὶ</span> <span class='ocrx_word' id='word_1_258' title='bbox 1367 1793 1621 1866; x_wconf 83' lang='grc' dir='ltr'>ἀθέτησιν</span> <span class='ocrx_word' id='word_1_259' title='bbox 1649 1795 1744 1848; x_wconf 81' lang='grc' dir='ltr'>τοῦ</span> 
     </span>
    </p>
   </div>
   <div class='ocr_carea' id='block_1_35' title="bbox 1858 1781 3439 1866">
    <p class='ocr_par' dir='ltr' id='par_1_35' title="bbox 1858 1793 3439 1863">
     <span class='ocr_line' id='line_1_35' title="bbox 1858 1793 3439 1863; baseline -0.001 -15"><span class='ocrx_word' id='word_1_260' title='bbox 1858 1793 2070 1848; x_wconf 78' lang='lat' dir='ltr'><strong>diabolo</strong></span> <span class='ocrx_word' id='word_1_261' title='bbox 2100 1807 2460 1863; x_wconf 78' lang='lat' dir='ltr'><strong>congressum</strong></span> <span class='ocrx_word' id='word_1_262' title='bbox 2510 1806 2620 1848; x_wconf 90' lang='lat' dir='ltr'><strong>non</strong></span> <span class='ocrx_word' id='word_1_263' title='bbox 2670 1804 2898 1846; x_wconf 82' lang='lat' dir='ltr'><strong>coactus</strong></span> <span class='ocrx_word' id='word_1_264' title='bbox 2945 1807 2974 1844; x_wconf 92' lang='lat' dir='ltr'><strong>a</strong></span> <span class='ocrx_word' id='word_1_265' title='bbox 3015 1795 3293 1861; x_wconf 85' lang='lat' dir='ltr'><strong>quopiam,</strong></span> <span class='ocrx_word' id='word_1_266' title='bbox 3343 1793 3439 1848; x_wconf 88' lang='lat' dir='ltr'><strong>sed</strong></span> 
     </span>
    </p>
   </div>
   <div class='ocr_carea' id='block_1_36' title="bbox 124 1875 418 1930">
    <p class='ocr_par' dir='ltr' id='par_1_36' title="bbox 124 1875 418 1930">
     <span class='ocr_line' id='line_1_36' title="bbox 124 1875 418 1930; baseline 0.01 -3"><span class='ocrx_word' id='word_1_267' title='bbox 124 1875 418 1930; x_wconf 74' lang='grc' dir='ltr'>θανάτου.</span> 
     </span>
    </p>
   </div>
   <div class='ocr_carea' id='block_1_37' title="bbox 1855 1882 3437 1953">
    <p class='ocr_par' dir='ltr' id='par_1_37' title="bbox 1855 1882 3437 1953">
     <span class='ocr_line' id='line_1_37' title="bbox 1855 1882 3437 1953; baseline -0.003 -13"><span class='ocrx_word' id='word_1_268' title='bbox 1855 1887 2001 1940; x_wconf 90' lang='lat' dir='ltr'><strong>ultro</strong></span> <span class='ocrx_word' id='word_1_269' title='bbox 2031 1901 2090 1940; x_wconf 91' lang='lat' dir='ltr'><strong>se</strong></span> <span class='ocrx_word' id='word_1_270' title='bbox 2117 1884 2372 1939; x_wconf 88' lang='lat' dir='ltr'><strong>Christus</strong></span> <span class='ocrx_word' id='word_1_271' title='bbox 2402 1882 2650 1953; x_wconf 88' lang='lat' dir='ltr'><strong>objecit:</strong></span> <span class='ocrx_word' id='word_1_272' title='bbox 2715 1882 2862 1951; x_wconf 87' lang='lat' dir='ltr'><strong>quod</strong></span> <span class='ocrx_word' id='word_1_273' title='bbox 2907 1882 3128 1952; x_wconf 89' lang='lat' dir='ltr'><strong>quidem</strong></span> <span class='ocrx_word' id='word_1_274' title='bbox 3174 1897 3286 1936; x_wconf 90' lang='lat' dir='ltr'><strong>non</strong></span> <span class='ocrx_word' id='word_1_275' title='bbox 3325 1883 3437 1937; x_wconf 85' lang='lat' dir='ltr'><strong>ulla</strong></span> 
     </span>
    </p>
   </div>
   <div class='ocr_carea' id='block_1_38' title="bbox 128 1967 3440 2046">
    <p class='ocr_par' dir='ltr' id='par_1_38' title="bbox 128 1967 3440 2046">
     <span class='ocr_line' id='line_1_38' title="bbox 128 1967 3440 2046; baseline 0.002 -24"><span class='ocrx_word' id='word_1_276' title='bbox 128 1967 271 2036; x_wconf 76' lang='lat' dir='ltr'><strong>ejus</strong></span> <span class='ocrx_word' id='word_1_277' title='bbox 299 1969 682 2023; x_wconf 85' lang='lat' dir='ltr'><strong>imbecillitate</strong></span> <span class='ocrx_word' id='word_1_278' title='bbox 717 1969 942 2037; x_wconf 82' lang='lat' dir='ltr'><strong>factum,</strong></span> <span class='ocrx_word' id='word_1_279' title='bbox 964 1973 1059 2028; x_wconf 90' lang='lat' dir='ltr'><strong>sed</strong></span> <span class='ocrx_word' id='word_1_280' title='bbox 1081 1973 1363 2029; x_wconf 84' lang='lat' dir='ltr'><strong>voluntate</strong></span> <span class='ocrx_word' id='word_1_281' title='bbox 1387 1985 1739 2046; x_wconf 89' lang='lat' dir='ltr'><strong>susceptum;</strong></span> <span class='ocrx_word' id='word_1_282' title='bbox 1780 1995 1880 2034; x_wconf 90' lang='lat' dir='ltr'><strong>suo</strong></span> <span class='ocrx_word' id='word_1_283' title='bbox 1913 1985 1972 2031; x_wconf 92' lang='lat' dir='ltr'><strong>ut</strong></span> <span class='ocrx_word' id='word_1_284' title='bbox 1997 1991 2098 2030; x_wconf 88' lang='lat' dir='ltr'><strong>nos</strong></span> <span class='ocrx_word' id='word_1_285' title='bbox 2125 1977 2378 2045; x_wconf 81' lang='lat' dir='ltr'><strong>exemplo</strong></span> <span class='ocrx_word' id='word_1_286' title='bbox 2407 1972 2883 2039; x_wconf 81' lang='lat' dir='ltr'><strong>condocefaceret,</strong></span> <span class='ocrx_word' id='word_1_287' title='bbox 2951 1972 3243 2042; x_wconf 89' lang='lat' dir='ltr'><strong>crucisque</strong></span> <span class='ocrx_word' id='word_1_288' title='bbox 3306 1990 3440 2045; x_wconf 89' lang='lat' dir='ltr'><strong>sup-</strong></span> 
     </span>
    </p>
   </div>
   <div class='ocr_carea' id='block_1_39' title="bbox 131 2058 2663 2138">
    <p class='ocr_par' dir='ltr' id='par_1_39' title="bbox 131 2058 2663 2138">
     <span class='ocr_line' id='line_1_39' title="bbox 131 2058 2663 2138; baseline 0.003 -26"><span class='ocrx_word' id='word_1_289' title='bbox 131 2058 322 2128; x_wconf 82' lang='lat' dir='ltr'><strong>piicio</strong></span> <span class='ocrx_word' id='word_1_290' title='bbox 357 2060 595 2115; x_wconf 85' lang='lat' dir='ltr'><strong>salutem</strong></span> <span class='ocrx_word' id='word_1_291' title='bbox 633 2063 795 2118; x_wconf 90' lang='lat' dir='ltr'><strong>nobis</strong></span> <span class='ocrx_word' id='word_1_292' title='bbox 825 2063 1065 2130; x_wconf 83' lang='lat' dir='ltr'><strong>all&#39;erret,</strong></span> <span class='ocrx_word' id='word_1_293' title='bbox 1101 2065 1389 2122; x_wconf 85' lang='lat' dir='ltr'><strong>damnaret</strong></span> <span class='ocrx_word' id='word_1_294' title='bbox 1436 2077 1745 2138; x_wconf 85' lang='lat' dir='ltr'><strong>peccatum,</strong></span> <span class='ocrx_word' id='word_1_295' title='bbox 1787 2079 2020 2125; x_wconf 86' lang='lat' dir='ltr'><strong>mortem</strong></span> <span class='ocrx_word' id='word_1_296' title='bbox 2057 2067 2295 2135; x_wconf 89' lang='lat' dir='ltr'><strong>denique</strong></span> <span class='ocrx_word' id='word_1_297' title='bbox 2324 2065 2663 2134; x_wconf 79' lang='lat' dir='ltr'><strong>proﬂigaret.</strong></span> 
     </span>
    </p>
   </div>
   <div class='ocr_carea' id='block_1_40' title="bbox 210 2152 1751 2231">
    <p class='ocr_par' dir='ltr' id='par_1_40' title="bbox 210 2152 1751 2231">
     <span class='ocr_line' id='line_1_40' title="bbox 210 2152 1751 2231; baseline 0.009 -27"><span class='ocrx_word' id='word_1_298' title='bbox 210 2152 385 2224; x_wconf 86' lang='grc' dir='ltr'>Σχόλ.</span> <span class='ocrx_word' id='word_1_299' title='bbox 422 2153 524 2219; x_wconf 71' lang='lat' dir='ltr'><strong>Ea’.</strong></span> <span class='ocrx_word' id='word_1_300' title='bbox 544 2157 654 2209; x_wconf 84' lang='lat' dir='ltr'><strong>Kal</strong></span> <span class='ocrx_word' id='word_1_301' title='bbox 684 2152 814 2210; x_wconf 80' lang='grc' dir='ltr'>εἶπε</span> <span class='ocrx_word' id='word_1_302' title='bbox 840 2156 922 2222; x_wconf 83' lang='grc' dir='ltr'>τῷ</span> <span class='ocrx_word' id='word_1_303' title='bbox 954 2158 1179 2227; x_wconf 81' lang='grc' dir='ltr'><strong>Πέτρῳ,</strong></span> <span class='ocrx_word' id='word_1_304' title='bbox 1215 2160 1458 2227; x_wconf 77' lang='grc' dir='ltr'><strong>καὶτοῖς</strong></span> <span class='ocrx_word' id='word_1_305' title='bbox 1485 2163 1751 2231; x_wconf 68' lang='grc' dir='ltr'><strong>λοιποῖς*</strong></span> 
     </span>
    </p>
   </div>
   <div class='ocr_carea' id='block_1_41' title="bbox 143 2248 1748 2325">
    <p class='ocr_par' dir='ltr' id='par_1_41' title="bbox 143 2248 1748 2325">
     <span class='ocr_line' id='line_1_41' title="bbox 143 2248 1748 2325; baseline 0.005 -22"><span class='ocrx_word' id='word_1_306' title='bbox 143 2249 558 2315; x_wconf 76' lang='grc' dir='ltr'>Ἀπελθόντες</span> <span class='ocrx_word' id='word_1_307' title='bbox 579 2248 930 2318; x_wconf 79' lang='grc' dir='ltr'>ἑτοιμάσατε</span> <span class='ocrx_word' id='word_1_308' title='bbox 960 2251 1062 2304; x_wconf 79' lang='grc' dir='ltr'><strong>ἵνα</strong></span> <span class='ocrx_word' id='word_1_309' title='bbox 1095 2251 1377 2322; x_wconf 73' lang='grc' dir='ltr'>φάγωμεν</span> <span class='ocrx_word' id='word_1_310' title='bbox 1408 2253 1476 2308; x_wconf 82' lang='grc' dir='ltr'>τὸ</span> <span class='ocrx_word' id='word_1_311' title='bbox 1510 2254 1748 2325; x_wconf 80' lang='grc' dir='ltr'>Πάσχα.</span> 
     </span>
    </p>
   </div>
   <div class='ocr_carea' id='block_1_42' title="bbox 216 2339 1751 2420">
    <p class='ocr_par' dir='ltr' id='par_1_42' title="bbox 216 2339 1751 2420">
     <span class='ocr_line' id='line_1_42' title="bbox 216 2339 1751 2420; baseline 0.005 -27"><span class='ocrx_word' id='word_1_312' title='bbox 216 2339 458 2411; x_wconf 78' lang='grc' dir='ltr'>Ἔλεγχ.</span> <span class='ocrx_word' id='word_1_313' title='bbox 493 2340 594 2407; x_wconf 72' lang='grc' dir='ltr'>ξαθ.</span> <span class='ocrx_word' id='word_1_314' title='bbox 630 2341 808 2410; x_wconf 81' lang='grc' dir='ltr'><strong>Νέφος</strong></span> <span class='ocrx_word' id='word_1_315' title='bbox 838 2341 1007 2412; x_wconf 82' lang='grc' dir='ltr'>βελῶν</span> <span class='ocrx_word' id='word_1_316' title='bbox 1035 2345 1176 2397; x_wconf 79' lang='grc' dir='ltr'>κατὰ</span> <span class='ocrx_word' id='word_1_317' title='bbox 1209 2345 1302 2398; x_wconf 86' lang='grc' dir='ltr'>σοῦ</span> <span class='ocrx_word' id='word_1_318' title='bbox 1325 2347 1382 2399; x_wconf 83' lang='grc' dir='ltr'>ἐν</span> <span class='ocrx_word' id='word_1_319' title='bbox 1415 2349 1515 2419; x_wconf 81' lang='grc' dir='ltr'>μιᾷ</span> <span class='ocrx_word' id='word_1_320' title='bbox 1543 2364 1751 2420; x_wconf 87' lang='grc' dir='ltr'>μαρτυ-</span> 
     </span>
    </p>
   </div>
   <div class='ocr_carea' id='block_1_43' title="bbox 139 2427 1751 2511">
    <p class='ocr_par' dir='ltr' id='par_1_43' title="bbox 139 2427 1751 2511">
     <span class='ocr_line' id='line_1_43' title="bbox 139 2427 1751 2511; baseline 0.006 -27"><span class='ocrx_word' id='word_1_321' title='bbox 139 2432 246 2504; x_wconf 74' lang='grc' dir='ltr'>ρίᾳ</span> <span class='ocrx_word' id='word_1_322' title='bbox 265 2433 332 2484; x_wconf 74' lang='grc' dir='ltr'><strong>τὸ</strong></span> <span class='ocrx_word' id='word_1_323' title='bbox 349 2433 516 2503; x_wconf 80' lang='grc' dir='ltr'>ῥητὸν</span> <span class='ocrx_word' id='word_1_324' title='bbox 535 2434 800 2504; x_wconf 80' lang='grc' dir='ltr'>περιέχει,</span> <span class='ocrx_word' id='word_1_325' title='bbox 822 2427 866 2486; x_wconf 81' lang='grc' dir='ltr'>ὦ</span> <span class='ocrx_word' id='word_1_326' title='bbox 891 2435 1178 2502; x_wconf 85' lang='grc' dir='ltr'>Μαρκίων.</span> <span class='ocrx_word' id='word_1_327' title='bbox 1202 2438 1266 2490; x_wconf 86' lang='lat' dir='ltr'><strong>El</strong></span> <span class='ocrx_word' id='word_1_328' title='bbox 1283 2439 1392 2509; x_wconf 81' lang='grc' dir='ltr'><strong>γάρ</strong></span> <span class='ocrx_word' id='word_1_329' title='bbox 1419 2442 1751 2511; x_wconf 83' lang='grc' dir='ltr'>προστάσσει</span> 
     </span>
    </p>
   </div>
   <div class='ocr_carea' id='block_1_44' title="bbox 141 2524 1752 2604">
    <p class='ocr_par' dir='ltr' id='par_1_44' title="bbox 141 2524 1752 2604">
     <span class='ocr_line' id='line_1_44' title="bbox 141 2524 1752 2604; baseline 0.006 -28"><span class='ocrx_word' id='word_1_330' title='bbox 141 2524 543 2594; x_wconf 77' lang='grc' dir='ltr'>ἑτοιμάζεσθαι</span> <span class='ocrx_word' id='word_1_331' title='bbox 577 2524 725 2596; x_wconf 80' lang='grc' dir='ltr'>αὐτῷ</span> <span class='ocrx_word' id='word_1_332' title='bbox 761 2531 951 2596; x_wconf 84' lang='grc' dir='ltr'>φαγεῖν</span> <span class='ocrx_word' id='word_1_333' title='bbox 980 2527 1042 2580; x_wconf 86' lang='grc' dir='ltr'>τὸ</span> <span class='ocrx_word' id='word_1_334' title='bbox 1076 2529 1299 2599; x_wconf 86' lang='grc' dir='ltr'>Πάσχα,</span> <span class='ocrx_word' id='word_1_335' title='bbox 1332 2529 1524 2601; x_wconf 88' lang='grc' dir='ltr'>Πάσχα</span> <span class='ocrx_word' id='word_1_336' title='bbox 1553 2532 1610 2584; x_wconf 81' lang='grc' dir='ltr'><strong>δὲ</strong></span> <span class='ocrx_word' id='word_1_337' title='bbox 1644 2532 1752 2604; x_wconf 83' lang='grc' dir='ltr'>πρὸ</span> 
     </span>
    </p>
   </div>
   <div class='ocr_carea' id='block_1_45' title="bbox 142 2614 1753 2688">
    <p class='ocr_par' dir='ltr' id='par_1_45' title="bbox 142 2614 1753 2688">
     <span class='ocr_line' id='line_1_45' title="bbox 142 2614 1753 2688; baseline 0.007 -22"><span class='ocrx_word' id='word_1_338' title='bbox 142 2614 245 2668; x_wconf 83' lang='grc' dir='ltr'>τοῦ</span> <span class='ocrx_word' id='word_1_339' title='bbox 278 2616 478 2669; x_wconf 79' lang='grc' dir='ltr'>παθεῖν</span> <span class='ocrx_word' id='word_1_340' title='bbox 514 2617 605 2670; x_wconf 83' lang='grc' dir='ltr'>τὸν</span> <span class='ocrx_word' id='word_1_341' title='bbox 628 2619 864 2688; x_wconf 81' lang='grc' dir='ltr'>Χριστὸν</span> <span class='ocrx_word' id='word_1_342' title='bbox 891 2621 1233 2674; x_wconf 75' lang='grc' dir='ltr'>άπετελεῖτοο</span> <span class='ocrx_word' id='word_1_343' title='bbox 1271 2623 1492 2686; x_wconf 83' lang='grc' dir='ltr'>πάντως</span> <span class='ocrx_word' id='word_1_344' title='bbox 1531 2625 1612 2676; x_wconf 81' lang='grc' dir='ltr'>ὅτι</span> <span class='ocrx_word' id='word_1_345' title='bbox 1643 2626 1753 2678; x_wconf 86' lang='grc' dir='ltr'><strong>ἀπὸ</strong></span> 
     </span>
    </p>
   </div>
   <div class='ocr_carea' id='block_1_46' title="bbox 147 2704 1753 2783">
    <p class='ocr_par' dir='ltr' id='par_1_46' title="bbox 147 2704 1753 2783">
     <span class='ocr_line' id='line_1_46' title="bbox 147 2704 1753 2783; baseline 0.006 -26"><span class='ocrx_word' id='word_1_346' title='bbox 147 2706 327 2775; x_wconf 77' lang='grc' dir='ltr'>νόμου</span> <span class='ocrx_word' id='word_1_347' title='bbox 355 2705 458 2776; x_wconf 80' lang='grc' dir='ltr'><strong>τὴν</strong></span> <span class='ocrx_word' id='word_1_348' title='bbox 483 2704 742 2760; x_wconf 85' lang='grc' dir='ltr'>σύστασιν</span> <span class='ocrx_word' id='word_1_349' title='bbox 775 2705 910 2778; x_wconf 73' lang='grc' dir='ltr'>εἶχε,</span> <span class='ocrx_word' id='word_1_350' title='bbox 941 2707 1102 2762; x_wconf 84' lang='grc' dir='ltr'>Κατὰ</span> <span class='ocrx_word' id='word_1_351' title='bbox 1130 2710 1292 2780; x_wconf 85' lang='grc' dir='ltr'>νόμον</span> <span class='ocrx_word' id='word_1_352' title='bbox 1313 2709 1370 2763; x_wconf 82' lang='grc' dir='ltr'>δὲ</span> <span class='ocrx_word' id='word_1_353' title='bbox 1393 2711 1490 2764; x_wconf 78' lang='grc' dir='ltr'><strong>τοῦ</strong></span> <span class='ocrx_word' id='word_1_354' title='bbox 1514 2712 1753 2783; x_wconf 81' lang='grc' dir='ltr'>Χριστοῦ</span> 
     </span>
    </p>
   </div>
   <div class='ocr_carea' id='block_1_47' title="bbox 148 2797 1754 2874">
    <p class='ocr_par' dir='ltr' id='par_1_47' title="bbox 148 2797 1754 2874">
     <span class='ocr_line' id='line_1_47' title="bbox 148 2797 1754 2874; baseline 0.002 -20"><span class='ocrx_word' id='word_1_355' title='bbox 148 2801 610 2872; x_wconf 79' lang='grc' dir='ltr'>πολιτευομένου,</span> <span class='ocrx_word' id='word_1_356' title='bbox 628 2802 796 2870; x_wconf 87' lang='grc' dir='ltr'>σαφὲς</span> <span class='ocrx_word' id='word_1_357' title='bbox 815 2797 906 2873; x_wconf 80' lang='grc' dir='ltr'>ἦν,</span> <span class='ocrx_word' id='word_1_358' title='bbox 928 2803 1008 2856; x_wconf 85' lang='grc' dir='ltr'>ὅτι</span> <span class='ocrx_word' id='word_1_359' title='bbox 1026 2803 1088 2854; x_wconf 88' lang='grc' dir='ltr'><strong>οὑ</strong></span> <span class='ocrx_word' id='word_1_360' title='bbox 1107 2804 1270 2874; x_wconf 86' lang='grc' dir='ltr'>νόμον</span> <span class='ocrx_word' id='word_1_361' title='bbox 1281 2798 1414 2874; x_wconf 85' lang='grc' dir='ltr'>ἦλθε</span> <span class='ocrx_word' id='word_1_362' title='bbox 1431 2805 1754 2873; x_wconf 83' lang='grc' dir='ltr'>καταλῦσαι,</span> 
     </span>
    </p>
   </div>
   <div class='ocr_carea' id='block_1_48' title="bbox 149 2893 1753 2964">
    <p class='ocr_par' dir='ltr' id='par_1_48' title="bbox 149 2893 1753 2964">
     <span class='ocr_line' id='line_1_48' title="bbox 149 2893 1753 2964; baseline 0.004 -20"><span class='ocrx_word' id='word_1_363' title='bbox 149 2893 293 2946; x_wconf 76' lang='grc' dir='ltr'>ἀλλὰ</span> <span class='ocrx_word' id='word_1_364' title='bbox 336 2893 646 2962; x_wconf 84' lang='grc' dir='ltr'>πληρῶσαι.</span> <span class='ocrx_word' id='word_1_365' title='bbox 683 2895 747 2946; x_wconf 83' lang='lat' dir='ltr'><strong>Ei</strong></span> <span class='ocrx_word' id='word_1_366' title='bbox 783 2893 839 2946; x_wconf 82' lang='grc' dir='ltr'>δὲ</span> <span class='ocrx_word' id='word_1_367' title='bbox 879 2893 1045 2964; x_wconf 82' lang='grc' dir='ltr'>νόμον</span> <span class='ocrx_word' id='word_1_368' title='bbox 1077 2893 1333 2963; x_wconf 83' lang='grc' dir='ltr'>βασιλεὺς</span> <span class='ocrx_word' id='word_1_369' title='bbox 1369 2897 1430 2949; x_wconf 88' lang='grc' dir='ltr'><strong>οὑ</strong></span> <span class='ocrx_word' id='word_1_370' title='bbox 1470 2897 1753 2961; x_wconf 81' lang='grc' dir='ltr'>καταλύει,</span> 
     </span>
    </p>
   </div>
   <div class='ocr_carea' id='block_1_49' title="bbox 149 2983 1756 3059">
    <p class='ocr_par' dir='ltr' id='par_1_49' title="bbox 149 2983 1756 3059">
     <span class='ocr_line' id='line_1_49' title="bbox 149 2983 1756 3059; baseline 0.002 -22"><span class='ocrx_word' id='word_1_371' title='bbox 149 2985 215 3037; x_wconf 86' lang='grc' dir='ltr'><strong>οὑ</strong></span> <span class='ocrx_word' id='word_1_372' title='bbox 242 2983 580 3050; x_wconf 82' lang='grc' dir='ltr'>καθοσίωτος</span> <span class='ocrx_word' id='word_1_373' title='bbox 597 2987 613 3016; x_wconf 73' lang='grc' dir='ltr'><strong>ι</strong></span> <span class='ocrx_word' id='word_1_374' title='bbox 661 2987 694 3056; x_wconf 82' lang='grc' dir='ltr'>ἠ</span> <span class='ocrx_word' id='word_1_375' title='bbox 717 2986 775 3039; x_wconf 75' lang='grc' dir='ltr'>ὲν</span> <span class='ocrx_word' id='word_1_376' title='bbox 800 2985 880 3056; x_wconf 82' lang='grc' dir='ltr'>τῷ</span> <span class='ocrx_word' id='word_1_377' title='bbox 911 2985 1060 3056; x_wconf 85' lang='grc' dir='ltr'>νόμῳ</span> <span class='ocrx_word' id='word_1_378' title='bbox 1083 2986 1197 3058; x_wconf 88' lang='grc'><strong>(76)</strong></span> <span class='ocrx_word' id='word_1_379' title='bbox 1241 2987 1506 3055; x_wconf 83' lang='grc' dir='ltr'>διάταξις,</span> <span class='ocrx_word' id='word_1_380' title='bbox 1537 2988 1662 3042; x_wconf 82' lang='grc' dir='ltr'>οὑδὲ</span> <span class='ocrx_word' id='word_1_381' title='bbox 1678 2988 1756 3059; x_wconf 83' lang='grc' dir='ltr'>τῷ</span> 
     </span>
    </p>
   </div>
   <div class='ocr_carea' id='block_1_50' title="bbox 227 3162 1749 3236">
    <p class='ocr_par' dir='ltr' id='par_1_50' title="bbox 227 3162 1749 3236">
     <span class='ocr_line' id='line_1_50' title="bbox 227 3162 1749 3236; baseline 0.001 -18"><span class='ocrx_word' id='word_1_382' title='bbox 227 3166 245 3198; x_wconf 80' lang='grc'>⁸</span> <span class='ocrx_word' id='word_1_383' title='bbox 285 3163 416 3219; x_wconf 87' lang='lat' dir='ltr'><strong>For.</strong></span> <span class='ocrx_word' id='word_1_384' title='bbox 451 3163 844 3229; x_wconf 83' lang='grc' dir='ltr'>εὑκαθοσίωτος</span> <span class='ocrx_word' id='word_1_385' title='bbox 875 3174 935 3221; x_wconf 90' lang='grc' dir='ltr'><strong>ιιι</strong></span> <span class='ocrx_word' id='word_1_386' title='bbox 959 3179 1110 3222; x_wconf 78' lang='lat' dir='ltr'><strong>mox.</strong></span> <span class='ocrx_word' id='word_1_387' title='bbox 1183 3167 1205 3198; x_wconf 82' lang='lat'><strong>’</strong></span> <span class='ocrx_word' id='word_1_388' title='bbox 1233 3162 1425 3221; x_wconf 82' lang='lat' dir='ltr'><strong>Matth.</strong></span> <span class='ocrx_word' id='word_1_389' title='bbox 1460 3181 1536 3231; x_wconf 91' lang='lat' dir='ltr'><strong>tv,</strong></span> <span class='ocrx_word' id='word_1_390' title='bbox 1574 3165 1749 3236; x_wconf 77' lang='lat' dir='ltr'><strong>isqq.</strong></span> 
     </span>
    </p>
   </div>
   <div class='ocr_carea' id='block_1_51' title="bbox 1925 2158 3439 2230">
    <p class='ocr_par' dir='ltr' id='par_1_51' title="bbox 1925 2158 3439 2230">
     <span class='ocr_line' id='line_1_51' title="bbox 1925 2158 3439 2230; baseline -0.002 -12"><span class='ocrx_word' id='word_1_391' title='bbox 1925 2162 2111 2218; x_wconf 86' lang='lat' dir='ltr'><strong>Schol.</strong></span> <span class='ocrx_word' id='word_1_392' title='bbox 2153 2162 2243 2217; x_wconf 79' lang='grc'>61..</span> <span class='ocrx_word' id='word_1_393' title='bbox 2283 2160 2353 2213; x_wconf 87' lang='grc' dir='ltr'>Ει</span> <span class='ocrx_word' id='word_1_394' title='bbox 2395 2159 2535 2213; x_wconf 77' lang='lat' dir='ltr'><strong>dixit</strong></span> <span class='ocrx_word' id='word_1_395' title='bbox 2584 2159 2766 2224; x_wconf 83' lang='lat' dir='ltr'><strong>Petro,</strong></span> <span class='ocrx_word' id='word_1_396' title='bbox 2822 2168 2871 2213; x_wconf 84' lang='lat' dir='ltr'><strong>et</strong></span> <span class='ocrx_word' id='word_1_397' title='bbox 2925 2158 3189 2230; x_wconf 77' lang='lat' dir='ltr'><strong>reliquis:</strong></span> <span class='ocrx_word' id='word_1_398' title='bbox 3223 2158 3439 2226; x_wconf 86' lang='lat' dir='ltr'><strong>Euntes,</strong></span> 
     </span>
    </p>
   </div>
   <div class='ocr_carea' id='block_1_52' title="bbox 1850 2250 2952 2327">
    <p class='ocr_par' dir='ltr' id='par_1_52' title="bbox 1850 2250 2952 2327">
     <span class='ocr_line' id='line_1_52' title="bbox 1850 2250 2952 2327; baseline -0.001 -21"><span class='ocrx_word' id='word_1_399' title='bbox 1850 2263 2146 2327; x_wconf 66' lang='lat' dir='ltr'><strong>pra’parate</strong></span> <span class='ocrx_word' id='word_1_400' title='bbox 2180 2262 2237 2306; x_wconf 85' lang='lat' dir='ltr'><strong>ut</strong></span> <span class='ocrx_word' id='word_1_401' title='bbox 2264 2251 2642 2308; x_wconf 81' lang='lat' dir='ltr'><strong>manducemus</strong></span> <span class='ocrx_word' id='word_1_402' title='bbox 2677 2250 2887 2306; x_wconf 81' lang='lat' dir='ltr'><strong>Pascha</strong></span> <span class='ocrx_word' id='word_1_403' title='bbox 2911 2252 2952 2305; x_wconf 85' lang='grc'>³.</span> 
     </span>
    </p>
   </div>
   <div class='ocr_carea' id='block_1_53' title="bbox 1921 2342 3441 2414">
    <p class='ocr_par' dir='ltr' id='par_1_53' title="bbox 1921 2342 3441 2414">
     <span class='ocr_line' id='line_1_53' title="bbox 1921 2342 3441 2414; baseline -0.001 -14"><span class='ocrx_word' id='word_1_404' title='bbox 1921 2347 2107 2403; x_wconf 78' lang='lat' dir='ltr'><strong>Refut.</strong></span> <span class='ocrx_word' id='word_1_405' title='bbox 2144 2345 2233 2399; x_wconf 82' lang='grc'><strong>61.</strong></span> <span class='ocrx_word' id='word_1_406' title='bbox 2293 2343 2576 2414; x_wconf 78' lang='lat' dir='ltr'><strong>Ingentem</strong></span> <span class='ocrx_word' id='word_1_407' title='bbox 2626 2349 2823 2395; x_wconf 90' lang='lat' dir='ltr'><strong>contra</strong></span> <span class='ocrx_word' id='word_1_408' title='bbox 2877 2350 2930 2398; x_wconf 91' lang='lat' dir='ltr'><strong>te</strong></span> <span class='ocrx_word' id='word_1_409' title='bbox 2971 2342 3205 2398; x_wconf 89' lang='lat' dir='ltr'><strong>telorum</strong></span> <span class='ocrx_word' id='word_1_410' title='bbox 3240 2343 3441 2398; x_wconf 90' lang='lat' dir='ltr'><strong>nubem</strong></span> 
     </span>
    </p>
   </div>
   <div class='ocr_carea' id='block_1_54' title="bbox 1853 2433 3442 2505">
    <p class='ocr_par' dir='ltr' id='par_1_54' title="bbox 1853 2433 3442 2505">
     <span class='ocr_line' id='line_1_54' title="bbox 1853 2433 3442 2505; baseline -0.003 -13"><span class='ocrx_word' id='word_1_411' title='bbox 1853 2441 2015 2493; x_wconf 90' lang='lat' dir='ltr'><strong>unius</strong></span> <span class='ocrx_word' id='word_1_412' title='bbox 2051 2436 2283 2505; x_wconf 86' lang='lat' dir='ltr'><strong>hujusce</strong></span> <span class='ocrx_word' id='word_1_413' title='bbox 2316 2434 2618 2490; x_wconf 86' lang='lat' dir='ltr'><strong>testimonii</strong></span> <span class='ocrx_word' id='word_1_414' title='bbox 2656 2433 2961 2487; x_wconf 88' lang='lat' dir='ltr'><strong>auctoritas</strong></span> <span class='ocrx_word' id='word_1_415' title='bbox 2992 2435 3261 2497; x_wconf 89' lang='lat' dir='ltr'><strong>continet,</strong></span> <span class='ocrx_word' id='word_1_416' title='bbox 3299 2434 3442 2488; x_wconf 79' lang='lat' dir='ltr'><strong>Mar-</strong></span> 
     </span>
    </p>
   </div>
   <div class='ocr_carea' id='block_1_55' title="bbox 1851 2519 3442 2597">
    <p class='ocr_par' dir='ltr' id='par_1_55' title="bbox 1851 2519 3442 2597">
     <span class='ocr_line' id='line_1_55' title="bbox 1851 2519 3442 2597; baseline -0.003 -11"><span class='ocrx_word' id='word_1_417' title='bbox 1851 2532 1960 2586; x_wconf 87' lang='lat' dir='ltr'><strong>cio.</strong></span> <span class='ocrx_word' id='word_1_418' title='bbox 1990 2530 2127 2585; x_wconf 90' lang='lat' dir='ltr'><strong>Cum</strong></span> <span class='ocrx_word' id='word_1_419' title='bbox 2163 2528 2311 2582; x_wconf 90' lang='lat' dir='ltr'><strong>enim</strong></span> <span class='ocrx_word' id='word_1_420' title='bbox 2340 2527 2642 2597; x_wconf 69' lang='lat' dir='ltr'><strong>przeparari</strong></span> <span class='ocrx_word' id='word_1_421' title='bbox 2671 2526 2772 2582; x_wconf 85' lang='lat' dir='ltr'><strong>sibi</strong></span> <span class='ocrx_word' id='word_1_422' title='bbox 2803 2523 3015 2579; x_wconf 87' lang='lat' dir='ltr'><strong>Pascha</strong></span> <span class='ocrx_word' id='word_1_423' title='bbox 3036 2519 3442 2597; x_wconf 44' lang='lat' dir='ltr'><strong>j&#39;ubeat,&#39;idque</strong></span> 
     </span>
    </p>
   </div>
   <div class='ocr_carea' id='block_1_56' title="bbox 1850 2617 3443 2689">
    <p class='ocr_par' dir='ltr' id='par_1_56' title="bbox 1850 2617 3443 2689">
     <span class='ocr_line' id='line_1_56' title="bbox 1850 2617 3443 2689; baseline -0.001 -15"><span class='ocrx_word' id='word_1_424' title='bbox 1850 2631 2140 2689; x_wconf 84' lang='lat' dir='ltr'><strong>antequam</strong></span> <span class='ocrx_word' id='word_1_425' title='bbox 2181 2617 2436 2674; x_wconf 85' lang='lat' dir='ltr'><strong>Christus</strong></span> <span class='ocrx_word' id='word_1_426' title='bbox 2478 2625 2759 2686; x_wconf 85' lang='lat' dir='ltr'><strong>pateretur</strong></span> <span class='ocrx_word' id='word_1_427' title='bbox 2805 2623 2891 2670; x_wconf 91' lang='lat' dir='ltr'><strong>est</strong></span> <span class='ocrx_word' id='word_1_428' title='bbox 2922 2618 3281 2680; x_wconf 88' lang='lat' dir='ltr'><strong>celebratum,</strong></span> <span class='ocrx_word' id='word_1_429' title='bbox 3319 2633 3443 2688; x_wconf 85' lang='lat' dir='ltr'><strong>pro-</strong></span> 
     </span>
    </p>
   </div>
   <div class='ocr_carea' id='block_1_57' title="bbox 1853 2707 3442 2782">
    <p class='ocr_par' dir='ltr' id='par_1_57' title="bbox 1853 2707 3442 2782">
     <span class='ocr_line' id='line_1_57' title="bbox 1853 2707 3442 2782; baseline 0 -16"><span class='ocrx_word' id='word_1_430' title='bbox 1853 2713 1996 2768; x_wconf 80' lang='lat' dir='ltr'><strong>fecto</strong></span> <span class='ocrx_word' id='word_1_431' title='bbox 2027 2713 2146 2782; x_wconf 80' lang='lat' dir='ltr'><strong>lege</strong></span> <span class='ocrx_word' id='word_1_432' title='bbox 2192 2713 2341 2768; x_wconf 90' lang='lat' dir='ltr'><strong>istud</strong></span> <span class='ocrx_word' id='word_1_433' title='bbox 2377 2711 2557 2780; x_wconf 89' lang='lat' dir='ltr'><strong>ipsum</strong></span> <span class='ocrx_word' id='word_1_434' title='bbox 2600 2707 2982 2779; x_wconf 61' lang='lat' dir='ltr'><strong>praescriptum</strong></span> <span class='ocrx_word' id='word_1_435' title='bbox 3019 2709 3217 2765; x_wconf 85' lang='lat' dir='ltr'><strong>fuerat.</strong></span> <span class='ocrx_word' id='word_1_436' title='bbox 3259 2710 3442 2776; x_wconf 89' lang='lat' dir='ltr'><strong>Quare</strong></span> 
     </span>
    </p>
   </div>
   <div class='ocr_carea' id='block_1_58' title="bbox 1854 2799 3440 2874">
    <p class='ocr_par' dir='ltr' id='par_1_58' title="bbox 1854 2799 3440 2874">
     <span class='ocr_line' id='line_1_58' title="bbox 1854 2799 3440 2874; baseline -0.001 -16"><span class='ocrx_word' id='word_1_437' title='bbox 1854 2819 1981 2858; x_wconf 87' lang='lat' dir='ltr'><strong>cum</strong></span> <span class='ocrx_word' id='word_1_438' title='bbox 2020 2820 2087 2858; x_wconf 80' lang='lat' dir='ltr'><strong>ex</strong></span> <span class='ocrx_word' id='word_1_439' title='bbox 2128 2805 2264 2874; x_wconf 78' lang='lat' dir='ltr'><strong>legis</strong></span> <span class='ocrx_word' id='word_1_440' title='bbox 2297 2801 2558 2858; x_wconf 87' lang='lat' dir='ltr'><strong>mandato</strong></span> <span class='ocrx_word' id='word_1_441' title='bbox 2589 2800 2851 2854; x_wconf 83' lang='lat' dir='ltr'><strong>Christus</strong></span> <span class='ocrx_word' id='word_1_442' title='bbox 2876 2799 3001 2854; x_wconf 67' lang='lat' dir='ltr'><strong>vitae</strong></span> <span class='ocrx_word' id='word_1_443' title='bbox 3031 2815 3144 2855; x_wconf 76' lang='lat' dir='ltr'><strong>sua:</strong></span> <span class='ocrx_word' id='word_1_444' title='bbox 3175 2804 3440 2857; x_wconf 87' lang='lat' dir='ltr'><strong>rationem</strong></span> 
     </span>
    </p>
   </div>
   <div class='ocr_carea' id='block_1_59' title="bbox 1853 2892 3444 2967">
    <p class='ocr_par' dir='ltr' id='par_1_59' title="bbox 1853 2892 3444 2967">
     <span class='ocr_line' id='line_1_59' title="bbox 1853 2892 3444 2967; baseline 0 -17"><span class='ocrx_word' id='word_1_445' title='bbox 1853 2907 2226 2967; x_wconf 87' lang='lat' dir='ltr'><strong>componeret,</strong></span> <span class='ocrx_word' id='word_1_446' title='bbox 2278 2895 2631 2950; x_wconf 76' lang='lat' dir='ltr'><strong>manifestum</strong></span> <span class='ocrx_word' id='word_1_447' title='bbox 2681 2898 2768 2946; x_wconf 90' lang='lat' dir='ltr'><strong>est</strong></span> <span class='ocrx_word' id='word_1_448' title='bbox 2817 2906 2925 2945; x_wconf 92' lang='lat' dir='ltr'><strong>non</strong></span> <span class='ocrx_word' id='word_1_449' title='bbox 2970 2892 3123 2946; x_wconf 89' lang='lat' dir='ltr'><strong>illum</strong></span> <span class='ocrx_word' id='word_1_450' title='bbox 3163 2894 3444 2950; x_wconf 74' lang='lat' dir='ltr'><strong>solvendae</strong></span> 
     </span>
    </p>
   </div>
   <div class='ocr_carea' id='block_1_60' title="bbox 1855 2982 3442 3061">
    <p class='ocr_par' dir='ltr' id='par_1_60' title="bbox 1855 2982 3442 3061">
     <span class='ocr_line' id='line_1_60' title="bbox 1855 2982 3442 3061; baseline 0 -19"><span class='ocrx_word' id='word_1_451' title='bbox 1855 2990 2014 3060; x_wconf 79' lang='lat' dir='ltr'><strong>legis,</strong></span> <span class='ocrx_word' id='word_1_452' title='bbox 2047 2991 2142 3045; x_wconf 85' lang='lat' dir='ltr'><strong>sed</strong></span> <span class='ocrx_word' id='word_1_453' title='bbox 2177 2989 2465 3061; x_wconf 72' lang='lat' dir='ltr'><strong>implenda:</strong></span> <span class='ocrx_word' id='word_1_454' title='bbox 2493 2986 2667 3058; x_wconf 77' lang='lat' dir='ltr'><strong>gratia</strong></span> <span class='ocrx_word' id='word_1_455' title='bbox 2700 2984 2939 3039; x_wconf 87' lang='lat' dir='ltr'><strong>venisse.</strong></span> <span class='ocrx_word' id='word_1_456' title='bbox 2968 2982 3089 3038; x_wconf 82' lang='lat' dir='ltr'><strong>Jam</strong></span> <span class='ocrx_word' id='word_1_457' title='bbox 3123 2988 3339 3057; x_wconf 80' lang='lat' dir='ltr'><strong>quaties</strong></span> <span class='ocrx_word' id='word_1_458' title='bbox 3365 2988 3442 3042; x_wconf 86' lang='lat' dir='ltr'><strong>le-</strong></span> 
     </span>
    </p>
   </div>
   <div class='ocr_carea' id='block_1_61' title="bbox 1826 3164 2403 3236">
    <p class='ocr_par' dir='ltr' id='par_1_61' title="bbox 1826 3164 2403 3236">
     <span class='ocr_line' id='line_1_61' title="bbox 1826 3164 2403 3236; baseline 0 -16"><span class='ocrx_word' id='word_1_459' title='bbox 1826 3164 1847 3196; x_wconf 83' lang='grc'>³</span> <span class='ocrx_word' id='word_1_460' title='bbox 1875 3165 2010 3221; x_wconf 89' lang='lat' dir='ltr'><strong>Luc.</strong></span> <span class='ocrx_word' id='word_1_461' title='bbox 2050 3180 2189 3232; x_wconf 73' lang='lat' dir='ltr'><strong>uti,</strong></span> <span class='ocrx_word' id='word_1_462' title='bbox 2216 3164 2250 3220; x_wconf 87' lang='grc'><strong>8</strong></span> <span class='ocrx_word' id='word_1_463' title='bbox 2279 3179 2403 3236; x_wconf 88' lang='lat' dir='ltr'><strong>sqq.</strong></span> 
     </span>
    </p>
   </div>
   <div class='ocr_carea' id='block_1_62' title="bbox 228 3320 1749 3394">
    <p class='ocr_par' dir='ltr' id='par_1_62' title="bbox 228 3322 1747 3394">
     <span class='ocr_line' id='line_1_62' title="bbox 228 3322 1747 3394; baseline 0.001 -17"><span class='ocrx_word' id='word_1_464' title='bbox 228 3323 341 3393; x_wconf 79' lang='grc'><strong>(76)</strong></span> <span class='ocrx_word' id='word_1_465' title='bbox 377 3325 464 3378; x_wconf 82' lang='grc' dir='ltr'><strong>Οὐ</strong></span> <span class='ocrx_word' id='word_1_466' title='bbox 494 3324 861 3390; x_wconf 82' lang='grc' dir='ltr'>καθοσίωτος</span> <span class='ocrx_word' id='word_1_467' title='bbox 907 3325 946 3392; x_wconf 79' lang='grc' dir='ltr'><strong><em>ἡ</em></strong></span> <span class='ocrx_word' id='word_1_468' title='bbox 978 3324 1050 3378; x_wconf 79' lang='grc' dir='ltr'><strong>ἐν</strong></span> <span class='ocrx_word' id='word_1_469' title='bbox 1100 3322 1176 3390; x_wconf 81' lang='grc' dir='ltr'>τῷ</span> <span class='ocrx_word' id='word_1_470' title='bbox 1203 3325 1384 3394; x_wconf 77' lang='grc' dir='ltr'>νόμῳ.</span> <span class='ocrx_word' id='word_1_471' title='bbox 1438 3325 1747 3394; x_wconf 81' lang='lat' dir='ltr'><strong>Antequam</strong></span> 
     </span>
    </p>
   </div>
   <div class='ocr_carea' id='block_1_63' title="bbox 1858 3320 3442 3394">
    <p class='ocr_par' dir='ltr' id='par_1_63' title="bbox 1858 3320 3442 3394">
     <span class='ocr_line' id='line_1_63' title="bbox 1858 3320 3442 3394; baseline 0.004 -15"><span class='ocrx_word' id='word_1_472' title='bbox 1858 3332 1906 3379; x_wconf 84' lang='lat' dir='ltr'><strong>et</strong></span> <span class='ocrx_word' id='word_1_473' title='bbox 1933 3320 2063 3379; x_wconf 88' lang='lat' dir='ltr'><strong>alibi</strong></span> <span class='ocrx_word' id='word_1_474' title='bbox 2093 3339 2256 3394; x_wconf 65' lang='lat' dir='ltr'><strong>saepe.</strong></span> <span class='ocrx_word' id='word_1_475' title='bbox 2280 3324 2424 3392; x_wconf 89' lang='lat' dir='ltr'><strong>Quin</strong></span> <span class='ocrx_word' id='word_1_476' title='bbox 2453 3325 2617 3381; x_wconf 87' lang='lat' dir='ltr'><strong>etiam</strong></span> <span class='ocrx_word' id='word_1_477' title='bbox 2645 3326 2700 3381; x_wconf 90' lang='lat' dir='ltr'><strong>in</strong></span> <span class='ocrx_word' id='word_1_478' title='bbox 2719 3324 2909 3381; x_wconf 91' lang='lat' dir='ltr'><strong>eodem</strong></span> <span class='ocrx_word' id='word_1_479' title='bbox 2927 3324 3162 3380; x_wconf 89' lang='lat' dir='ltr'><strong>concilio</strong></span> <span class='ocrx_word' id='word_1_480' title='bbox 3177 3323 3442 3385; x_wconf 81' lang='lat' dir='ltr'><strong>Chalced.</strong></span> 
     </span>
    </p>
   </div>
   <div class='ocr_carea' id='block_1_64' title="bbox 153 3393 1749 3465">
    <p class='ocr_par' dir='ltr' id='par_1_64' title="bbox 153 3393 1749 3465">
     <span class='ocr_line' id='line_1_64' title="bbox 153 3393 1749 3465; baseline -0.001 -18"><span class='ocrx_word' id='word_1_481' title='bbox 153 3393 448 3464; x_wconf 82' lang='lat' dir='ltr'><strong>Epiphanii</strong></span> <span class='ocrx_word' id='word_1_482' title='bbox 480 3395 660 3448; x_wconf 88' lang='lat' dir='ltr'><strong>locum</strong></span> <span class='ocrx_word' id='word_1_483' title='bbox 693 3395 835 3448; x_wconf 90' lang='lat' dir='ltr'><strong>hunc</strong></span> <span class='ocrx_word' id='word_1_484' title='bbox 861 3399 1142 3465; x_wconf 80' lang='lat' dir='ltr'><strong>attingam,</strong></span> <span class='ocrx_word' id='word_1_485' title='bbox 1175 3393 1348 3465; x_wconf 86' lang='lat' dir='ltr'><strong>pauca</strong></span> <span class='ocrx_word' id='word_1_486' title='bbox 1381 3394 1447 3449; x_wconf 92' lang='lat' dir='ltr'><strong>de</strong></span> <span class='ocrx_word' id='word_1_487' title='bbox 1477 3397 1526 3448; x_wconf 92' lang='lat' dir='ltr'><strong>vi</strong></span> <span class='ocrx_word' id='word_1_488' title='bbox 1561 3393 1749 3464; x_wconf 74' lang='lat' dir='ltr'><strong>acpo-</strong></span> 
     </span>
    </p>
   </div>
   <div class='ocr_carea' id='block_1_65' title="bbox 153 3463 1752 3534">
    <p class='ocr_par' dir='ltr' id='par_1_65' title="bbox 153 3463 1752 3534">
     <span class='ocr_line' id='line_1_65' title="bbox 153 3463 1752 3534; baseline 0.003 -20"><span class='ocrx_word' id='word_1_489' title='bbox 153 3463 354 3520; x_wconf 81' lang='lat' dir='ltr'><strong>testate</strong></span> <span class='ocrx_word' id='word_1_490' title='bbox 379 3466 630 3519; x_wconf 84' lang='lat' dir='ltr'><strong>vocabuli</strong></span> <span class='ocrx_word' id='word_1_491' title='bbox 657 3465 754 3534; x_wconf 83' lang='grc' dir='ltr'><strong>τῆς</strong></span> <span class='ocrx_word' id='word_1_492' title='bbox 783 3463 1428 3527; x_wconf 73' lang='grc' dir='ltr'>καθοσιώσεωςίίίςοιιιιιι</span> <span class='ocrx_word' id='word_1_493' title='bbox 1464 3474 1614 3519; x_wconf 90' lang='lat' dir='ltr'><strong>sunt.</strong></span> <span class='ocrx_word' id='word_1_494' title='bbox 1650 3463 1752 3520; x_wconf 82' lang='lat' dir='ltr'><strong>Est</strong></span> 
     </span>
    </p>
   </div>
   <div class='ocr_carea' id='block_1_66' title="bbox 153 3533 1753 3603">
    <p class='ocr_par' dir='ltr' id='par_1_66' title="bbox 153 3533 1753 3603">
     <span class='ocr_line' id='line_1_66' title="bbox 153 3533 1753 3603; baseline 0.003 -18"><span class='ocrx_word' id='word_1_495' title='bbox 153 3533 320 3603; x_wconf 71' lang='lat' dir='ltr'><strong>igitur</strong></span> <span class='ocrx_word' id='word_1_496' title='bbox 357 3533 874 3589; x_wconf 64' lang='lat' dir='ltr'><strong>xaﬂoatmaatidem</strong></span> <span class='ocrx_word' id='word_1_497' title='bbox 907 3550 970 3589; x_wconf 85' lang='lat' dir='ltr'><strong>ac</strong></span> <span class='ocrx_word' id='word_1_498' title='bbox 1013 3552 1340 3599; x_wconf 79' lang='lat' dir='ltr'><strong>consecrare,</strong></span> <span class='ocrx_word' id='word_1_499' title='bbox 1376 3536 1577 3589; x_wconf 85' lang='lat' dir='ltr'><strong>dicare.</strong></span> <span class='ocrx_word' id='word_1_500' title='bbox 1613 3535 1753 3590; x_wconf 55' lang='lat' dir='ltr'><strong>l-linc</strong></span> 
     </span>
    </p>
   </div>
   <div class='ocr_carea' id='block_1_67' title="bbox 160 3605 1752 3674">
    <p class='ocr_par' dir='ltr' id='par_1_67' title="bbox 160 3605 1752 3674">
     <span class='ocr_line' id='line_1_67' title="bbox 160 3605 1752 3674; baseline 0.001 -17"><span class='ocrx_word' id='word_1_501' title='bbox 160 3605 519 3668; x_wconf 74' lang='grc' dir='ltr'>ωθοσίωσις,</span> <span class='ocrx_word' id='word_1_502' title='bbox 551 3607 775 3669; x_wconf 78' lang='lat' dir='ltr'><strong>devotio,</strong></span> <span class='ocrx_word' id='word_1_503' title='bbox 799 3605 1309 3674; x_wconf 75' lang='grc' dir='ltr'>θικαθωσιωμένος,</span> <span class='ocrx_word' id='word_1_504' title='bbox 1347 3606 1583 3660; x_wconf 74' lang='lat' dir='ltr'><strong>devotus.</strong></span> <span class='ocrx_word' id='word_1_505' title='bbox 1627 3623 1752 3660; x_wconf 87' lang='lat' dir='ltr'><strong>con-</strong></span> 
     </span>
    </p>
   </div>
   <div class='ocr_carea' id='block_1_68' title="bbox 160 3675 1753 3746">
    <p class='ocr_par' dir='ltr' id='par_1_68' title="bbox 160 3675 1753 3746">
     <span class='ocr_line' id='line_1_68' title="bbox 160 3675 1753 3746; baseline 0 -18"><span class='ocrx_word' id='word_1_506' title='bbox 160 3692 460 3730; x_wconf 75' lang='lat' dir='ltr'><strong>secraneus.</strong></span> <span class='ocrx_word' id='word_1_507' title='bbox 497 3675 676 3740; x_wconf 89' lang='lat' dir='ltr'><strong>Quare</strong></span> <span class='ocrx_word' id='word_1_508' title='bbox 711 3676 803 3744; x_wconf 89' lang='lat' dir='ltr'><strong>qui</strong></span> <span class='ocrx_word' id='word_1_509' title='bbox 834 3692 893 3729; x_wconf 86' lang='lat' dir='ltr'><strong>se</strong></span> <span class='ocrx_word' id='word_1_510' title='bbox 925 3676 1157 3746; x_wconf 89' lang='lat' dir='ltr'><strong>principi</strong></span> <span class='ocrx_word' id='word_1_511' title='bbox 1203 3678 1493 3738; x_wconf 87' lang='lat' dir='ltr'><strong>devovent,</strong></span> <span class='ocrx_word' id='word_1_512' title='bbox 1527 3693 1591 3730; x_wconf 91' lang='lat' dir='ltr'><strong>ac</strong></span> <span class='ocrx_word' id='word_1_513' title='bbox 1624 3677 1753 3730; x_wconf 90' lang='lat' dir='ltr'><strong>reli-</strong></span> 
     </span>
    </p>
   </div>
   <div class='ocr_carea' id='block_1_69' title="bbox 159 3746 1748 3816">
    <p class='ocr_par' dir='ltr' id='par_1_69' title="bbox 159 3746 1748 3816">
     <span class='ocr_line' id='line_1_69' title="bbox 159 3746 1748 3816; baseline 0 -17"><span class='ocrx_word' id='word_1_514' title='bbox 159 3747 320 3812; x_wconf 71' lang='lat' dir='ltr'><strong>gione</strong></span> <span class='ocrx_word' id='word_1_515' title='bbox 362 3747 544 3816; x_wconf 85' lang='lat' dir='ltr'><strong>aliqua</strong></span> <span class='ocrx_word' id='word_1_516' title='bbox 575 3755 925 3807; x_wconf 80' lang='lat' dir='ltr'><strong>consecrant,</strong></span> <span class='ocrx_word' id='word_1_517' title='bbox 949 3746 1748 3816; x_wconf 55' lang='lat' dir='ltr'><strong>ademimus-Eva:dicebantur,</strong></span> 
     </span>
    </p>
   </div>
   <div class='ocr_carea' id='block_1_70' title="bbox 159 3815 1750 3885">
    <p class='ocr_par' dir='ltr' id='par_1_70' title="bbox 159 3815 1750 3885">
     <span class='ocr_line' id='line_1_70' title="bbox 159 3815 1750 3885; baseline 0.002 -18"><span class='ocrx_word' id='word_1_518' title='bbox 159 3826 218 3869; x_wconf 88' lang='lat' dir='ltr'><strong>ut</strong></span> <span class='ocrx_word' id='word_1_519' title='bbox 245 3815 473 3872; x_wconf 83' lang='lat' dir='ltr'><strong>milites.</strong></span> <span class='ocrx_word' id='word_1_520' title='bbox 507 3815 847 3885; x_wconf 88' lang='lat' dir='ltr'><strong>Capitolinus</strong></span> <span class='ocrx_word' id='word_1_521' title='bbox 886 3817 939 3870; x_wconf 89' lang='lat' dir='ltr'><strong>in</strong></span> <span class='ocrx_word' id='word_1_522' title='bbox 986 3815 1278 3870; x_wconf 77' lang='lat' dir='ltr'><strong>Maximino</strong></span> <span class='ocrx_word' id='word_1_523' title='bbox 1309 3832 1326 3870; x_wconf 91' lang='lat'><em>:</em></span> <span class='ocrx_word' id='word_1_524' title='bbox 1356 3815 1750 3872; x_wconf 84' lang='lat' dir='ltr'><strong>Commilitones</strong></span> 
     </span>
    </p>
   </div>
   <div class='ocr_carea' id='block_1_71' title="bbox 157 3887 1749 3956">
    <p class='ocr_par' dir='ltr' id='par_1_71' title="bbox 157 3887 1749 3956">
     <span class='ocr_line' id='line_1_71' title="bbox 157 3887 1749 3956; baseline 0.001 -18"><span class='ocrx_word' id='word_1_525' title='bbox 157 3889 400 3950; x_wconf 80' lang='lat' dir='ltr'><strong>sacrati;</strong></span> <span class='ocrx_word' id='word_1_526' title='bbox 431 3888 535 3940; x_wconf 87' lang='lat' dir='ltr'><strong>imo</strong></span> <span class='ocrx_word' id='word_1_527' title='bbox 568 3903 686 3940; x_wconf 82' lang='lat' dir='ltr'><strong>vero</strong></span> <span class='ocrx_word' id='word_1_528' title='bbox 731 3888 1089 3941; x_wconf 78' lang='lat' dir='ltr'><strong>consecranei.</strong></span> <span class='ocrx_word' id='word_1_529' title='bbox 1125 3887 1406 3956; x_wconf 85' lang='lat' dir='ltr'><strong>Ejusmodi</strong></span> <span class='ocrx_word' id='word_1_530' title='bbox 1440 3889 1591 3944; x_wconf 80' lang='lat' dir='ltr'><strong>fuere</strong></span> <span class='ocrx_word' id='word_1_531' title='bbox 1620 3887 1749 3941; x_wconf 88' lang='lat' dir='ltr'><strong>Gal-</strong></span> 
     </span>
    </p>
   </div>
   <div class='ocr_carea' id='block_1_72' title="bbox 159 3956 1751 4028">
    <p class='ocr_par' dir='ltr' id='par_1_72' title="bbox 159 3956 1751 4028">
     <span class='ocr_line' id='line_1_72' title="bbox 159 3956 1751 4028; baseline 0.003 -20"><span class='ocrx_word' id='word_1_532' title='bbox 159 3958 332 4010; x_wconf 80' lang='lat' dir='ltr'><strong>lorum</strong></span> <span class='ocrx_word' id='word_1_533' title='bbox 375 3966 621 4028; x_wconf 85' lang='lat' dir='ltr'><strong>veterum</strong></span> <span class='ocrx_word' id='word_1_534' title='bbox 664 3956 1016 4028; x_wconf 38' lang='lat' dir='ltr'><strong>devotitquos</strong></span> <span class='ocrx_word' id='word_1_535' title='bbox 1069 3957 1151 4011; x_wconf 81' lang='lat' dir='ltr'><strong>illi</strong></span> <span class='ocrx_word' id='word_1_536' title='bbox 1193 3957 1460 4012; x_wconf 76' lang='lat' dir='ltr'><strong>soldurios</strong></span> <span class='ocrx_word' id='word_1_537' title='bbox 1509 3958 1751 4028; x_wconf 86' lang='lat' dir='ltr'><strong>appella-</strong></span> 
     </span>
    </p>
   </div>
   <div class='ocr_carea' id='block_1_73' title="bbox 157 4025 1753 4093">
    <p class='ocr_par' dir='ltr' id='par_1_73' title="bbox 157 4025 1753 4093">
     <span class='ocr_line' id='line_1_73' title="bbox 157 4025 1753 4093; baseline 0.001 -14"><span class='ocrx_word' id='word_1_538' title='bbox 157 4030 301 4091; x_wconf 74' lang='lat' dir='ltr'><strong>bant,</strong></span> <span class='ocrx_word' id='word_1_539' title='bbox 329 4029 408 4080; x_wconf 86' lang='lat' dir='ltr'><strong>ait</strong></span> <span class='ocrx_word' id='word_1_540' title='bbox 441 4027 624 4082; x_wconf 64' lang='lat' dir='ltr'><strong>Caesar</strong></span> <span class='ocrx_word' id='word_1_541' title='bbox 662 4028 754 4082; x_wconf 85' lang='lat' dir='ltr'><strong>lib.</strong></span> <span class='ocrx_word' id='word_1_542' title='bbox 791 4043 805 4081; x_wconf 90' lang='grc' dir='ltr'><strong>ι</strong></span> <span class='ocrx_word' id='word_1_543' title='bbox 851 4025 1165 4093; x_wconf 56' lang='lat' dir='ltr'><strong>comment,</strong></span> <span class='ocrx_word' id='word_1_544' title='bbox 1208 4028 1310 4082; x_wconf 89' lang='lat' dir='ltr'><strong>hoc</strong></span> <span class='ocrx_word' id='word_1_545' title='bbox 1353 4037 1437 4083; x_wconf 88' lang='lat' dir='ltr'><strong>est</strong></span> <span class='ocrx_word' id='word_1_546' title='bbox 1470 4025 1753 4082; x_wconf 84' lang='grc' dir='ltr'>καθωσιω-</span> 
     </span>
    </p>
   </div>
   <div class='ocr_carea' id='block_1_74' title="bbox 161 4098 1750 4169">
    <p class='ocr_par' dir='ltr' id='par_1_74' title="bbox 161 4098 1750 4169">
     <span class='ocr_line' id='line_1_74' title="bbox 161 4098 1750 4169; baseline 0.003 -20"><span class='ocrx_word' id='word_1_547' title='bbox 161 4099 312 4168; x_wconf 82' lang='grc' dir='ltr'>μένοι</span> <span class='ocrx_word' id='word_1_548' title='bbox 330 4113 344 4126; x_wconf 75' lang='grc'><strong><em>⁸</em></strong></span> <span class='ocrx_word' id='word_1_549' title='bbox 371 4099 517 4168; x_wconf 88' lang='lat' dir='ltr'><strong>quod</strong></span> <span class='ocrx_word' id='word_1_550' title='bbox 535 4100 726 4169; x_wconf 76' lang='lat' dir='ltr'><strong>aptius</strong></span> <span class='ocrx_word' id='word_1_551' title='bbox 748 4099 880 4152; x_wconf 90' lang='lat' dir='ltr'><strong>mihi</strong></span> <span class='ocrx_word' id='word_1_552' title='bbox 902 4099 1139 4159; x_wconf 83' lang='lat' dir='ltr'><strong>videtur.</strong></span> <span class='ocrx_word' id='word_1_553' title='bbox 1164 4114 1326 4168; x_wconf 87' lang='lat' dir='ltr'><strong>quam</strong></span> <span class='ocrx_word' id='word_1_554' title='bbox 1351 4101 1495 4169; x_wconf 89' lang='lat' dir='ltr'><strong>quod</strong></span> <span class='ocrx_word' id='word_1_555' title='bbox 1528 4098 1750 4155; x_wconf 67' lang='lat' dir='ltr'><strong>Grmcus</strong></span> 
     </span>
    </p>
   </div>
   <div class='ocr_carea' id='block_1_75' title="bbox 157 4167 1746 4238">
    <p class='ocr_par' dir='ltr' id='par_1_75' title="bbox 157 4167 1746 4238">
     <span class='ocr_line' id='line_1_75' title="bbox 157 4167 1746 4238; baseline -0.001 -16"><span class='ocrx_word' id='word_1_556' title='bbox 157 4167 432 4238; x_wconf 77' lang='lat' dir='ltr'><strong>interpres</strong></span> <span class='ocrx_word' id='word_1_557' title='bbox 455 4167 706 4230; x_wconf 87' lang='lat' dir='ltr'><strong>reddidit,</strong></span> <span class='ocrx_word' id='word_1_558' title='bbox 734 4169 1042 4238; x_wconf 81' lang='grc' dir='ltr'>συνωμόται</span> <span class='ocrx_word' id='word_1_559' title='bbox 1069 4185 1082 4200; x_wconf 87' lang='grc'><strong>·</strong></span> <span class='ocrx_word' id='word_1_560' title='bbox 1105 4167 1323 4222; x_wconf 85' lang='lat' dir='ltr'><strong>tametsi</strong></span> <span class='ocrx_word' id='word_1_561' title='bbox 1346 4167 1485 4224; x_wconf 82' lang='lat' dir='ltr'><strong>idem</strong></span> <span class='ocrx_word' id='word_1_562' title='bbox 1513 4169 1625 4224; x_wconf 79' lang='lat' dir='ltr'><strong>fere</strong></span> <span class='ocrx_word' id='word_1_563' title='bbox 1639 4179 1746 4232; x_wconf 91' lang='lat' dir='ltr'><strong>cst,</strong></span> 
     </span>
    </p>
   </div>
   <div class='ocr_carea' id='block_1_76' title="bbox 157 4238 1750 4311">
    <p class='ocr_par' dir='ltr' id='par_1_76' title="bbox 157 4238 1750 4311">
     <span class='ocr_line' id='line_1_76' title="bbox 157 4238 1750 4311; baseline 0.001 -19"><span class='ocrx_word' id='word_1_564' title='bbox 157 4241 284 4311; x_wconf 77' lang='lat' dir='ltr'><strong>quia</strong></span> <span class='ocrx_word' id='word_1_565' title='bbox 329 4241 390 4311; x_wconf 88' lang='lat' dir='ltr'><strong>in_</strong></span> <span class='ocrx_word' id='word_1_566' title='bbox 419 4238 807 4308; x_wconf 84' lang='lat' dir='ltr'><strong>jusjurandum</strong></span> <span class='ocrx_word' id='word_1_567' title='bbox 845 4240 1307 4311; x_wconf 77' lang='lat' dir='ltr'><strong>adigi_sole_bant._</strong></span> <span class='ocrx_word' id='word_1_568' title='bbox 1333 4239 1621 4311; x_wconf 80' lang='lat' dir='ltr'><strong>Egregium</strong></span> <span class='ocrx_word' id='word_1_569' title='bbox 1654 4240 1750 4310; x_wconf 83' lang='grc' dir='ltr'><strong>τῆς</strong></span> 
     </span>
    </p>
   </div>
   <div class='ocr_carea' id='block_1_77' title="bbox 161 4307 1744 4378">
    <p class='ocr_par' dir='ltr' id='par_1_77' title="bbox 161 4307 1744 4378">
     <span class='ocr_line' id='line_1_77' title="bbox 161 4307 1744 4378; baseline 0.002 -17"><span class='ocrx_word' id='word_1_570' title='bbox 161 4307 547 4370; x_wconf 77' lang='grc' dir='ltr'>καθοσιώσεως</span> <span class='ocrx_word' id='word_1_571' title='bbox 581 4311 887 4378; x_wconf 83' lang='lat' dir='ltr'><strong>exemplum</strong></span> <span class='ocrx_word' id='word_1_572' title='bbox 928 4307 1095 4365; x_wconf 73' lang='lat' dir='ltr'><strong>refert</strong></span> <span class='ocrx_word' id='word_1_573' title='bbox 1124 4309 1222 4363; x_wconf 89' lang='lat' dir='ltr'><strong>Dio</strong></span> <span class='ocrx_word' id='word_1_574' title='bbox 1255 4309 1348 4363; x_wconf 90' lang='lat' dir='ltr'><strong>lib.</strong></span> <span class='ocrx_word' id='word_1_575' title='bbox 1381 4307 1509 4375; x_wconf 61' lang='lat' dir='ltr'><strong>Ini,</strong></span> <span class='ocrx_word' id='word_1_576' title='bbox 1547 4311 1612 4364; x_wconf 85' lang='lat' dir='ltr'><strong>ad</strong></span> <span class='ocrx_word' id='word_1_577' title='bbox 1650 4307 1744 4364; x_wconf 87' lang='lat' dir='ltr'><strong>an-</strong></span> 
     </span>
    </p>
   </div>
   <div class='ocr_carea' id='block_1_78' title="bbox 160 4378 1747 4450">
    <p class='ocr_par' dir='ltr' id='par_1_78' title="bbox 160 4378 1747 4450">
     <span class='ocr_line' id='line_1_78' title="bbox 160 4378 1747 4450; baseline 0.001 -18"><span class='ocrx_word' id='word_1_578' title='bbox 160 4396 288 4434; x_wconf 84' lang='lat' dir='ltr'><strong>num</strong></span> <span class='ocrx_word' id='word_1_579' title='bbox 328 4379 490 4433; x_wconf 89' lang='lat' dir='ltr'><strong>Urbis</strong></span> <span class='ocrx_word' id='word_1_580' title='bbox 523 4379 645 4434; x_wconf 65' lang='lat'><strong>7&#39;25.</strong></span> <span class='ocrx_word' id='word_1_581' title='bbox 684 4378 785 4433; x_wconf 89' lang='lat' dir='ltr'><strong>Ubi</strong></span> <span class='ocrx_word' id='word_1_582' title='bbox 828 4381 1053 4435; x_wconf 80' lang='lat' dir='ltr'><strong>Sextum</strong></span> <span class='ocrx_word' id='word_1_583' title='bbox 1096 4379 1388 4450; x_wconf 86' lang='lat' dir='ltr'><strong>quemdam</strong></span> <span class='ocrx_word' id='word_1_584' title='bbox 1427 4381 1747 4447; x_wconf 88' lang='lat' dir='ltr'><strong>Pacuvium,</strong></span> 
     </span>
    </p>
   </div>
   <div class='ocr_carea' id='block_1_79' title="bbox 161 4450 1750 4522">
    <p class='ocr_par' dir='ltr' id='par_1_79' title="bbox 161 4450 1750 4522">
     <span class='ocr_line' id='line_1_79' title="bbox 161 4450 1750 4522; baseline 0.001 -17"><span class='ocrx_word' id='word_1_585' title='bbox 161 4451 274 4505; x_wconf 83' lang='lat' dir='ltr'><strong>sive</strong></span> <span class='ocrx_word' id='word_1_586' title='bbox 297 4450 578 4520; x_wconf 85' lang='lat' dir='ltr'><strong>Apudium</strong></span> <span class='ocrx_word' id='word_1_587' title='bbox 617 4451 745 4522; x_wconf 84' lang='lat' dir='ltr'><strong>trib.</strong></span> <span class='ocrx_word' id='word_1_588' title='bbox 792 4450 964 4519; x_wconf 89' lang='lat' dir='ltr'><strong>plebis</strong></span> <span class='ocrx_word' id='word_1_589' title='bbox 1002 4458 1196 4522; x_wconf 73' lang='lat' dir='ltr'><strong>narrat</strong></span> <span class='ocrx_word' id='word_1_590' title='bbox 1237 4451 1595 4522; x_wconf 87' lang='lat' dir='ltr'><strong>semetipsum</strong></span> <span class='ocrx_word' id='word_1_591' title='bbox 1636 4455 1750 4506; x_wconf 83' lang='lat' dir='ltr'><strong>Au-</strong></span> 
     </span>
    </p>
   </div>
   <div class='ocr_carea' id='block_1_80' title="bbox 159 4520 1750 4589">
    <p class='ocr_par' dir='ltr' id='par_1_80' title="bbox 159 4520 1750 4589">
     <span class='ocr_line' id='line_1_80' title="bbox 159 4520 1750 4589; baseline 0.002 -15"><span class='ocrx_word' id='word_1_592' title='bbox 159 4529 320 4589; x_wconf 76' lang='lat' dir='ltr'><strong>gusto</strong></span> <span class='ocrx_word' id='word_1_593' title='bbox 346 4523 400 4574; x_wconf 90' lang='lat' dir='ltr'><strong>in</strong></span> <span class='ocrx_word' id='word_1_594' title='bbox 436 4531 626 4574; x_wconf 89' lang='lat' dir='ltr'><strong>senatu</strong></span> <span class='ocrx_word' id='word_1_595' title='bbox 660 4521 965 4585; x_wconf 85' lang='lat' dir='ltr'><strong>devovisse,</strong></span> <span class='ocrx_word' id='word_1_596' title='bbox 1000 4520 1253 4588; x_wconf 86' lang='lat' dir='ltr'><strong>idemque</strong></span> <span class='ocrx_word' id='word_1_597' title='bbox 1300 4531 1358 4574; x_wconf 92' lang='grc' dir='ltr'><strong>ιιι</strong></span> <span class='ocrx_word' id='word_1_598' title='bbox 1397 4520 1485 4576; x_wconf 84' lang='lat' dir='ltr'><strong>alii</strong></span> <span class='ocrx_word' id='word_1_599' title='bbox 1528 4532 1750 4577; x_wconf 85' lang='lat' dir='ltr'><strong>senato-</strong></span> 
     </span>
    </p>
   </div>
   <div class='ocr_carea' id='block_1_81' title="bbox 159 4589 1747 4664">
    <p class='ocr_par' dir='ltr' id='par_1_81' title="bbox 159 4589 1747 4664">
     <span class='ocr_line' id='line_1_81' title="bbox 159 4589 1747 4664; baseline 0.001 -21"><span class='ocrx_word' id='word_1_600' title='bbox 159 4606 246 4645; x_wconf 88' lang='lat' dir='ltr'><strong>res</strong></span> <span class='ocrx_word' id='word_1_601' title='bbox 283 4590 531 4664; x_wconf 79' lang='lat' dir='ltr'><strong>facerent</strong></span> <span class='ocrx_word' id='word_1_602' title='bbox 571 4589 1099 4664; x_wconf 64' lang='lat' dir='ltr'><strong>auctoremluisse:</strong></span> <span class='ocrx_word' id='word_1_603' title='bbox 1144 4592 1456 4664; x_wconf 52' lang='lat' dir='ltr'><strong>flia-{diost};</strong></span> <span class='ocrx_word' id='word_1_604' title='bbox 1486 4593 1747 4664; x_wconf 76' lang='grc' dir='ltr'>συνεδρίῳ</span> 
     </span>
    </p>
   </div>
   <div class='ocr_carea' id='block_1_82' title="bbox 1854 3395 3440 3467">
    <p class='ocr_par' dir='ltr' id='par_1_82' title="bbox 1854 3395 3440 3467">
     <span class='ocr_line' id='line_1_82' title="bbox 1854 3395 3440 3467; baseline 0.001 -19"><span class='ocrx_word' id='word_1_605' title='bbox 1854 3405 1960 3467; x_wconf 69' lang='lat' dir='ltr'><strong>act.</strong></span> <span class='ocrx_word' id='word_1_606' title='bbox 1987 3396 2105 3467; x_wconf 44' lang='grc'><strong>51]]</strong></span> <span class='ocrx_word' id='word_1_607' title='bbox 2161 3397 2324 3467; x_wconf 85' lang='grc' dir='ltr'>σχολὴ</span> <span class='ocrx_word' id='word_1_608' title='bbox 2361 3396 2471 3450; x_wconf 84' lang='grc' dir='ltr'>τῶν</span> <span class='ocrx_word' id='word_1_609' title='bbox 2521 3395 2963 3467; x_wconf 82' lang='grc' dir='ltr'>καθωσιωμένων</span> <span class='ocrx_word' id='word_1_610' title='bbox 3009 3397 3440 3467; x_wconf 80' lang='grc' dir='ltr'>μαγιστριανῶν.</span> 
     </span>
    </p>
   </div>
   <div class='ocr_carea' id='block_1_83' title="bbox 1853 3463 3444 3536">
    <p class='ocr_par' dir='ltr' id='par_1_83' title="bbox 1853 3463 3444 3536">
     <span class='ocr_line' id='line_1_83' title="bbox 1853 3463 3444 3536; baseline 0.002 -18"><span class='ocrx_word' id='word_1_611' title='bbox 1853 3464 1987 3520; x_wconf 82' lang='lat' dir='ltr'><strong>Item</strong></span> <span class='ocrx_word' id='word_1_612' title='bbox 2021 3463 2424 3536; x_wconf 53' lang='lat' dir='ltr'><strong>Veronicia&#39;ntts</strong></span> <span class='ocrx_word' id='word_1_613' title='bbox 2456 3467 2654 3521; x_wconf 85' lang='lat' dir='ltr'><strong>ibidem</strong></span> <span class='ocrx_word' id='word_1_614' title='bbox 2677 3469 2705 3520; x_wconf 92' lang='lat'><strong>6</strong></span> <span class='ocrx_word' id='word_1_615' title='bbox 2724 3463 3144 3536; x_wconf 80' lang='grc' dir='ltr'>καθωσιωμένος</span> <span class='ocrx_word' id='word_1_616' title='bbox 3172 3463 3444 3536; x_wconf 85' lang='grc' dir='ltr'>Σηκριτά-</span> 
     </span>
    </p>
   </div>
   <div class='ocr_carea' id='block_1_84' title="bbox 1856 3535 3445 3608">
    <p class='ocr_par' dir='ltr' id='par_1_84' title="bbox 1856 3535 3445 3608">
     <span class='ocr_line' id='line_1_84' title="bbox 1856 3535 3445 3608; baseline 0.004 -20"><span class='ocrx_word' id='word_1_617' title='bbox 1856 3552 1970 3608; x_wconf 69' lang='lat' dir='ltr'><strong>pio;</strong></span> <span class='ocrx_word' id='word_1_618' title='bbox 2015 3535 2110 3589; x_wconf 77' lang='grc' dir='ltr'>τοῦ</span> <span class='ocrx_word' id='word_1_619' title='bbox 2151 3536 2296 3608; x_wconf 81' lang='grc' dir='ltr'>θείου</span> <span class='ocrx_word' id='word_1_620' title='bbox 2342 3537 2763 3608; x_wconf 76' lang='grc' dir='ltr'>Κονσιστωρίου.</span> <span class='ocrx_word' id='word_1_621' title='bbox 2790 3539 2880 3608; x_wconf 68' lang='lat' dir='ltr'><strong>At</strong></span> <span class='ocrx_word' id='word_1_622' title='bbox 2925 3535 3056 3591; x_wconf 87' lang='lat' dir='ltr'><strong>vero</strong></span> <span class='ocrx_word' id='word_1_623' title='bbox 3082 3553 3138 3608; x_wconf 14' lang='grc' dir='ltr'><strong>κοί</strong></span> <span class='ocrx_word' id='word_1_624' title='bbox 3167 3535 3445 3608; x_wconf 82' lang='lat' dir='ltr'><strong>contrario</strong></span> 
     </span>
    </p>
   </div>
   <div class='ocr_carea' id='block_1_85' title="bbox 1854 3606 3445 3678">
    <p class='ocr_par' dir='ltr' id='par_1_85' title="bbox 1854 3606 3445 3678">
     <span class='ocr_line' id='line_1_85' title="bbox 1854 3606 3445 3678; baseline 0.004 -20"><span class='ocrx_word' id='word_1_625' title='bbox 1854 3606 2278 3678; x_wconf 59' lang='grc' dir='ltr'>καθωσιωμένοις</span> <span class='ocrx_word' id='word_1_626' title='bbox 2311 3608 2366 3661; x_wconf 91' lang='lat' dir='ltr'><strong>in</strong></span> <span class='ocrx_word' id='word_1_627' title='bbox 2397 3606 2635 3662; x_wconf 86' lang='lat' dir='ltr'><strong>concilio</strong></span> <span class='ocrx_word' id='word_1_628' title='bbox 2664 3607 2878 3662; x_wconf 90' lang='lat' dir='ltr'><strong>Sardic.</strong></span> <span class='ocrx_word' id='word_1_629' title='bbox 2915 3621 3041 3678; x_wconf 63' lang='lat' dir='ltr'><strong>ean.</strong></span> <span class='ocrx_word' id='word_1_630' title='bbox 3073 3607 3161 3670; x_wconf 84' lang='grc' dir='ltr'><strong>ΓΙ.</strong></span> <span class='ocrx_word' id='word_1_631' title='bbox 3192 3607 3341 3678; x_wconf 78' lang='lat' dir='ltr'><strong>idem</strong></span> <span class='ocrx_word' id='word_1_632' title='bbox 3363 3619 3445 3664; x_wconf 88' lang='lat' dir='ltr'><strong>est</strong></span> 
     </span>
    </p>
   </div>
   <div class='ocr_carea' id='block_1_86' title="bbox 1855 3676 3445 3742">
    <p class='ocr_par' dir='ltr' id='par_1_86' title="bbox 1855 3676 3445 3742">
     <span class='ocr_line' id='line_1_86' title="bbox 1855 3676 3445 3742; baseline 0.001 -13"><span class='ocrx_word' id='word_1_633' title='bbox 1855 3691 1918 3730; x_wconf 89' lang='lat' dir='ltr'><strong>ac</strong></span> <span class='ocrx_word' id='word_1_634' title='bbox 1957 3676 2357 3742; x_wconf 74' lang='lat' dir='ltr'><strong>condemnatus,</strong></span> <span class='ocrx_word' id='word_1_635' title='bbox 2400 3688 2800 3742; x_wconf 74' lang='lat' dir='ltr'><strong>exauctoratus,</strong></span> <span class='ocrx_word' id='word_1_636' title='bbox 2844 3685 2902 3730; x_wconf 90' lang='lat' dir='ltr'><strong>ut</strong></span> <span class='ocrx_word' id='word_1_637' title='bbox 2925 3676 3170 3732; x_wconf 82' lang='lat' dir='ltr'><strong>Zonaras</strong></span> <span class='ocrx_word' id='word_1_638' title='bbox 3215 3684 3268 3732; x_wconf 88' lang='lat' dir='ltr'><strong>et</strong></span> <span class='ocrx_word' id='word_1_639' title='bbox 3322 3676 3445 3731; x_wconf 84' lang='lat' dir='ltr'><strong>Bal-</strong></span> 
     </span>
    </p>
   </div>
   <div class='ocr_carea' id='block_1_87' title="bbox 1855 3749 3443 3818">
    <p class='ocr_par' dir='ltr' id='par_1_87' title="bbox 1855 3749 3443 3818">
     <span class='ocr_line' id='line_1_87' title="bbox 1855 3749 3443 3818; baseline 0.002 -19"><span class='ocrx_word' id='word_1_640' title='bbox 1855 3762 2008 3818; x_wconf 82' lang='lat' dir='ltr'><strong>samo</strong></span> <span class='ocrx_word' id='word_1_641' title='bbox 2066 3749 2515 3818; x_wconf 86' lang='lat' dir='ltr'><strong>interpretantur.</strong></span> <span class='ocrx_word' id='word_1_642' title='bbox 2574 3749 3045 3818; x_wconf 87' lang='lat' dir='ltr'><strong>Quemadmodum</strong></span> <span class='ocrx_word' id='word_1_643' title='bbox 3101 3750 3443 3818; x_wconf 25' lang='lat' dir='ltr'><strong>sacerAapttd</strong></span> 
     </span>
    </p>
   </div>
   <div class='ocr_carea' id='block_1_88' title="bbox 1852 3815 3446 3890">
    <p class='ocr_par' dir='ltr' id='par_1_88' title="bbox 1852 3815 3446 3890">
     <span class='ocr_line' id='line_1_88' title="bbox 1852 3815 3446 3890; baseline 0.001 -19"><span class='ocrx_word' id='word_1_644' title='bbox 1852 3816 2080 3872; x_wconf 82' lang='lat' dir='ltr'><strong>Latinos</strong></span> <span class='ocrx_word' id='word_1_645' title='bbox 2121 3815 2311 3873; x_wconf 71' lang='lat' dir='ltr'><strong>mediae</strong></span> <span class='ocrx_word' id='word_1_646' title='bbox 2347 3820 2775 3890; x_wconf 78' lang='lat' dir='ltr'><strong>signiﬁcationis</strong></span> <span class='ocrx_word' id='word_1_647' title='bbox 2800 3826 2905 3872; x_wconf 89' lang='lat' dir='ltr'><strong>est.</strong></span> <span class='ocrx_word' id='word_1_648' title='bbox 2943 3817 3114 3890; x_wconf 88' lang='lat' dir='ltr'><strong>Quem</strong></span> <span class='ocrx_word' id='word_1_649' title='bbox 3156 3819 3224 3890; x_wconf 85' lang='lat' dir='ltr'><strong>ad</strong></span> <span class='ocrx_word' id='word_1_650' title='bbox 3255 3815 3446 3890; x_wconf 63' lang='lat' dir='ltr'><strong>smn-</strong></span> 
     </span>
    </p>
   </div>
   <div class='ocr_carea' id='block_1_89' title="bbox 1855 3887 3440 3957">
    <p class='ocr_par' dir='ltr' id='par_1_89' title="bbox 1855 3887 3440 3957">
     <span class='ocr_line' id='line_1_89' title="bbox 1855 3887 3440 3957; baseline 0.002 -16"><span class='ocrx_word' id='word_1_651' title='bbox 1855 3903 2078 3943; x_wconf 81' lang='lat' dir='ltr'><strong>censent</strong></span> <span class='ocrx_word' id='word_1_652' title='bbox 2097 3903 2363 3943; x_wconf 87' lang='lat' dir='ltr'><strong>canonem</strong></span> <span class='ocrx_word' id='word_1_653' title='bbox 2392 3887 2624 3944; x_wconf 77' lang='lat' dir='ltr'><strong>fortasse</strong></span> <span class='ocrx_word' id='word_1_654' title='bbox 2647 3887 2846 3943; x_wconf 90' lang='lat' dir='ltr'><strong>Suidas</strong></span> <span class='ocrx_word' id='word_1_655' title='bbox 2871 3889 3135 3957; x_wconf 86' lang='lat' dir='ltr'><strong>respexit,</strong></span> <span class='ocrx_word' id='word_1_656' title='bbox 3162 3889 3290 3941; x_wconf 91' lang='lat' dir='ltr'><strong>dum</strong></span> <span class='ocrx_word' id='word_1_657' title='bbox 3312 3889 3440 3944; x_wconf 85' lang='grc' dir='ltr'>καθ-</span> 
     </span>
    </p>
   </div>
   <div class='ocr_carea' id='block_1_90' title="bbox 1852 3958 3448 4028">
    <p class='ocr_par' dir='ltr' id='par_1_90' title="bbox 1852 3958 3448 4028">
     <span class='ocr_line' id='line_1_90' title="bbox 1852 3958 3448 4028; baseline 0.002 -19"><span class='ocrx_word' id='word_1_658' title='bbox 1852 3958 2200 4028; x_wconf 14' lang='grc' dir='ltr'>οσίωσινίειὶι</span> <span class='ocrx_word' id='word_1_659' title='bbox 2251 3975 2373 4014; x_wconf 84' lang='lat' dir='ltr'><strong>esse</strong></span> <span class='ocrx_word' id='word_1_660' title='bbox 2429 3959 2729 4024; x_wconf 77' lang='grc' dir='ltr'>δικαίωσιν,</span> <span class='ocrx_word' id='word_1_661' title='bbox 2786 3958 3110 4028; x_wconf 72' lang='grc' dir='ltr'>κατάκρισιν</span> <span class='ocrx_word' id='word_1_662' title='bbox 3127 3996 3142 4018; x_wconf 87' lang='lat'><strong>,</strong></span> <span class='ocrx_word' id='word_1_663' title='bbox 3188 3958 3342 4028; x_wconf 83' lang='grc' dir='ltr'>παρὰ</span> <span class='ocrx_word' id='word_1_664' title='bbox 3385 3959 3448 4012; x_wconf 77' lang='grc' dir='ltr'><strong>τὸ</strong></span> 
     </span>
    </p>
   </div>
   <div class='ocr_carea' id='block_1_91' title="bbox 1855 4026 3444 4100">
    <p class='ocr_par' dir='ltr' id='par_1_91' title="bbox 1855 4026 3444 4100">
     <span class='ocr_line' id='line_1_91' title="bbox 1855 4026 3444 4100; baseline 0.001 -20"><span class='ocrx_word' id='word_1_665' title='bbox 1855 4028 1997 4081; x_wconf 85' lang='grc' dir='ltr'>κατὰ</span> <span class='ocrx_word' id='word_1_666' title='bbox 2022 4027 2116 4100; x_wconf 81' lang='grc' dir='ltr'><strong>τοῦ</strong></span> <span class='ocrx_word' id='word_1_667' title='bbox 2143 4029 2290 4082; x_wconf 80' lang='grc' dir='ltr'>ὁσίου</span> <span class='ocrx_word' id='word_1_668' title='bbox 2319 4028 2582 4098; x_wconf 88' lang='grc' dir='ltr'>γίνεσθαι,</span> <span class='ocrx_word' id='word_1_669' title='bbox 2619 4026 2883 4100; x_wconf 39' lang='grc' dir='ltr'><strong>ἡτοι--τοῦ</strong></span> <span class='ocrx_word' id='word_1_670' title='bbox 2921 4026 3213 4090; x_wconf 81' lang='grc' dir='ltr'>Βασιλέως.</span> <span class='ocrx_word' id='word_1_671' title='bbox 3234 4026 3362 4100; x_wconf 72' lang='lat' dir='ltr'><strong>Sed</strong></span> <span class='ocrx_word' id='word_1_672' title='bbox 3390 4031 3444 4082; x_wconf 87' lang='lat' dir='ltr'><strong>in</strong></span> 
     </span>
    </p>
   </div>
   <div class='ocr_carea' id='block_1_92' title="bbox 1853 4097 3444 4166">
    <p class='ocr_par' dir='ltr' id='par_1_92' title="bbox 1853 4097 3444 4166">
     <span class='ocr_line' id='line_1_92' title="bbox 1853 4097 3444 4166; baseline -0.001 -13"><span class='ocrx_word' id='word_1_673' title='bbox 1853 4113 1919 4153; x_wconf 87' lang='lat' dir='ltr'><strong>eo</strong></span> <span class='ocrx_word' id='word_1_674' title='bbox 1951 4099 2106 4154; x_wconf 82' lang='lat' dir='ltr'><strong>valde</strong></span> <span class='ocrx_word' id='word_1_675' title='bbox 2161 4107 2247 4155; x_wconf 90' lang='lat' dir='ltr'><strong>est</strong></span> <span class='ocrx_word' id='word_1_676' title='bbox 2301 4097 2687 4154; x_wconf 80' lang='lat' dir='ltr'><strong>hallucinatus.</strong></span> <span class='ocrx_word' id='word_1_677' title='bbox 2747 4097 2881 4151; x_wconf 82' lang='lat' dir='ltr'><strong>Nam</strong></span> <span class='ocrx_word' id='word_1_678' title='bbox 2935 4108 2989 4152; x_wconf 93' lang='lat' dir='ltr'><strong>et</strong></span> <span class='ocrx_word' id='word_1_679' title='bbox 3033 4097 3284 4166; x_wconf 87' lang='lat' dir='ltr'><strong>exempla</strong></span> <span class='ocrx_word' id='word_1_680' title='bbox 3334 4098 3444 4152; x_wconf 90' lang='lat' dir='ltr'><strong>duo</strong></span> 
     </span>
    </p>
   </div>
   <div class='ocr_carea' id='block_1_93' title="bbox 1853 4165 3448 4240">
    <p class='ocr_par' dir='ltr' id='par_1_93' title="bbox 1853 4165 3448 4240">
     <span class='ocr_line' id='line_1_93' title="bbox 1853 4165 3448 4240; baseline 0.001 -18"><span class='ocrx_word' id='word_1_681' title='bbox 1853 4169 2082 4238; x_wconf 80' lang='lat' dir='ltr'><strong>profert,</strong></span> <span class='ocrx_word' id='word_1_682' title='bbox 2119 4186 2239 4240; x_wconf 70' lang='lat' dir='ltr'><strong>qua:</strong></span> <span class='ocrx_word' id='word_1_683' title='bbox 2271 4186 2378 4225; x_wconf 89' lang='lat' dir='ltr'><strong>non</strong></span> <span class='ocrx_word' id='word_1_684' title='bbox 2416 4171 2690 4240; x_wconf 83' lang='lat' dir='ltr'><strong>intelligit.</strong></span> <span class='ocrx_word' id='word_1_685' title='bbox 2719 4167 2964 4240; x_wconf 78' lang='lat' dir='ltr'><strong>Quorum</strong></span> <span class='ocrx_word' id='word_1_686' title='bbox 2997 4165 3224 4240; x_wconf 76' lang='lat' dir='ltr'><strong>alterum</strong></span> <span class='ocrx_word' id='word_1_687' title='bbox 3253 4184 3317 4240; x_wconf 74' lang='lat' dir='ltr'><strong>ex</strong></span> <span class='ocrx_word' id='word_1_688' title='bbox 3345 4167 3448 4240; x_wconf 86' lang='lat' dir='ltr'><strong>So-</strong></span> 
     </span>
    </p>
   </div>
   <div class='ocr_carea' id='block_1_94' title="bbox 1853 4238 3444 4313">
    <p class='ocr_par' dir='ltr' id='par_1_94' title="bbox 1853 4238 3444 4313">
     <span class='ocr_line' id='line_1_94' title="bbox 1853 4238 3444 4313; baseline -0.001 -21"><span class='ocrx_word' id='word_1_689' title='bbox 1853 4248 2004 4313; x_wconf 77' lang='lat' dir='ltr'><strong>crate</strong></span> <span class='ocrx_word' id='word_1_690' title='bbox 2032 4238 2420 4313; x_wconf 75' lang='lat' dir='ltr'><strong>depromptum</strong></span> <span class='ocrx_word' id='word_1_691' title='bbox 2449 4249 2555 4305; x_wconf 86' lang='lat' dir='ltr'><strong>est,</strong></span> <span class='ocrx_word' id='word_1_692' title='bbox 2580 4238 2676 4299; x_wconf 88' lang='lat' dir='ltr'><strong>lib.</strong></span> <span class='ocrx_word' id='word_1_693' title='bbox 2700 4257 2754 4304; x_wconf 94' lang='lat' dir='ltr'><strong>v,</strong></span> <span class='ocrx_word' id='word_1_694' title='bbox 2788 4255 2846 4313; x_wconf 80' lang='lat' dir='ltr'><strong>c.</strong></span> <span class='ocrx_word' id='word_1_695' title='bbox 2879 4238 2938 4313; x_wconf 83' lang='grc' dir='ltr'><strong>ιδ’</strong></span> <span class='ocrx_word' id='word_1_696' title='bbox 2963 4256 2999 4313; x_wconf 87' lang='lat'><strong>:_</strong></span> <span class='ocrx_word' id='word_1_697' title='bbox 3018 4238 3140 4313; x_wconf 70' lang='grc' dir='ltr'><strong>Ἐπὶ</strong></span> <span class='ocrx_word' id='word_1_698' title='bbox 3162 4238 3444 4313; x_wconf 73' lang='grc' dir='ltr'>Θεοδοσίου</span> 
     </span>
    </p>
   </div>
   <div class='ocr_carea' id='block_1_95' title="bbox 1855 4308 3446 4418">
    <p class='ocr_par' dir='ltr' id='par_1_95' title="bbox 1855 4308 3446 4418">
     <span class='ocr_line' id='line_1_95' title="bbox 1855 4308 3446 4418; baseline -0.002 -54"><span class='ocrx_word' id='word_1_699' title='bbox 1855 4308 2121 4380; x_wconf 65' lang='grc' dir='ltr'>βασιλέωξ</span> <span class='ocrx_word' id='word_1_700' title='bbox 2154 4308 2441 4418; x_wconf 57' lang='grc' dir='ltr'>Ῥωὲιαίων</span> <span class='ocrx_word' id='word_1_701' title='bbox 2486 4313 2784 4418; x_wconf 72' lang='grc' dir='ltr'>Σύμμαχος</span> <span class='ocrx_word' id='word_1_702' title='bbox 2825 4309 2936 4365; x_wconf 78' lang='grc' dir='ltr'><strong>ἀπὸ</strong></span> <span class='ocrx_word' id='word_1_703' title='bbox 2978 4308 3202 4362; x_wconf 86' lang='grc' dir='ltr'>ὑπάτων</span> <span class='ocrx_word' id='word_1_704' title='bbox 3247 4311 3324 4370; x_wconf 84' lang='grc' dir='ltr'>είς</span> <span class='ocrx_word' id='word_1_705' title='bbox 3354 4309 3446 4362; x_wconf 77' lang='grc' dir='ltr'>τὸν</span> 
     </span>
     <span class='ocr_line' id='line_1_96' title="bbox 1855 4378 3446 4418; baseline 0 0"><span class='ocrx_word' id='word_1_706' title='bbox 1855 4382 2115 4418; x_wconf 62' lang='lat' dir='ltr'><strong>minuunt-tu</strong></span> <span class='ocrx_word' id='word_1_707' title='bbox 2161 4383 2251 4418; x_wconf 67' lang='lat' dir='ltr'><strong>Ml:</strong></span> <span class='ocrx_word' id='word_1_708' title='bbox 2291 4401 2412 4418; x_wconf 70' lang='lat' dir='ltr'><strong>“mu</strong></span> <span class='ocrx_word' id='word_1_709' title='bbox 2440 4381 2556 4418; x_wconf 65' lang='lat' dir='ltr'><strong>Qun.</strong></span> <span class='ocrx_word' id='word_1_710' title='bbox 2601 4383 2713 4418; x_wconf 78' lang='grc' dir='ltr'><strong>ινλυ</strong></span> <span class='ocrx_word' id='word_1_711' title='bbox 2739 4381 2895 4418; x_wconf 61' lang='grc' dir='ltr'><strong>Ἅῆνηυ</strong></span> <span class='ocrx_word' id='word_1_712' title='bbox 2939 4378 3181 4418; x_wconf 54' lang='lat' dir='ltr'><strong>ﬁte-F30“:</strong></span> <span class='ocrx_word' id='word_1_713' title='bbox 3242 4379 3328 4418; x_wconf 61' lang='grc' dir='ltr'><strong>νηῒ</strong></span> <span class='ocrx_word' id='word_1_714' title='bbox 3357 4381 3446 4418; x_wconf 59' lang='grc' dir='ltr'>ὃς..</span> 
     </span>
    </p>
   </div>
   <div class='ocr_carea' id='block_1_96' title="bbox 1851 4378 3446 4453">
    <p class='ocr_par' dir='ltr' id='par_1_96' title="bbox 1851 4378 3446 4453">
     <span class='ocr_line' id='line_1_97' title="bbox 1851 4378 3446 4453; baseline -0.001 -19"><span class='ocrx_word' id='word_1_715' title='bbox 1851 4378 2115 4453; x_wconf 77' lang='grc' dir='ltr'>τύραννον</span> <span class='ocrx_word' id='word_1_716' title='bbox 2161 4378 2412 4453; x_wconf 78' lang='grc' dir='ltr'>Μάξιμον</span> <span class='ocrx_word' id='word_1_717' title='bbox 2439 4378 2723 4453; x_wconf 70' lang='grc' dir='ltr'>βασιλικὸν</span> <span class='ocrx_word' id='word_1_718' title='bbox 2739 4381 2895 4453; x_wconf 86' lang='grc' dir='ltr'>λόγον</span> <span class='ocrx_word' id='word_1_719' title='bbox 2939 4378 3204 4453; x_wconf 69' lang='grc' dir='ltr'>διεξῆλθε,</span> <span class='ocrx_word' id='word_1_720' title='bbox 3242 4379 3334 4432; x_wconf 74' lang='grc' dir='ltr'>καὶ</span> <span class='ocrx_word' id='word_1_721' title='bbox 3357 4381 3446 4432; x_wconf 87' lang='grc' dir='ltr'><strong>δε·-</strong></span> 
     </span>
    </p>
   </div>
   <div class='ocr_carea' id='block_1_97' title="bbox 1845 4449 3445 4522">
    <p class='ocr_par' dir='ltr' id='par_1_97' title="bbox 1845 4449 3445 4522">
     <span class='ocr_line' id='line_1_98' title="bbox 1845 4449 3445 4522; baseline -0.005 -14"><span class='ocrx_word' id='word_1_722' title='bbox 1845 4449 1978 4516; x_wconf 77' lang='grc' dir='ltr'><strong>διὼς</strong></span> <span class='ocrx_word' id='word_1_723' title='bbox 2011 4453 2070 4506; x_wconf 84' lang='grc' dir='ltr'>τὸ</span> <span class='ocrx_word' id='word_1_724' title='bbox 2093 4453 2193 4522; x_wconf 77' lang='grc' dir='ltr'>τῆς</span> <span class='ocrx_word' id='word_1_725' title='bbox 2231 4449 2609 4517; x_wconf 81' lang='grc' dir='ltr'>καθοσιώσεως</span> <span class='ocrx_word' id='word_1_726' title='bbox 2640 4455 2752 4516; x_wconf 84' lang='grc' dir='ltr'>τοῖς</span> <span class='ocrx_word' id='word_1_727' title='bbox 2786 4449 2894 4504; x_wconf 86' lang='grc' dir='ltr'>τῶν</span> <span class='ocrx_word' id='word_1_728' title='bbox 2915 4449 3221 4522; x_wconf 57' lang='lat' dir='ltr'><strong>summa»;</strong></span> <span class='ocrx_word' id='word_1_729' title='bbox 3255 4453 3445 4522; x_wconf 68' lang='grc' dir='ltr'>σηκοῖς</span> 
     </span>
    </p>
   </div>
   <div class='ocr_carea' id='block_1_98' title="bbox 1853 4519 3446 4594">
    <p class='ocr_par' dir='ltr' id='par_1_98' title="bbox 1853 4519 3446 4594">
     <span class='ocr_line' id='line_1_99' title="bbox 1853 4519 3446 4594; baseline -0.001 -18"><span class='ocrx_word' id='word_1_730' title='bbox 1853 4519 2355 4594; x_wconf 71' lang='grc' dir='ltr'>προσκαταξρεύγει.</span> <span class='ocrx_word' id='word_1_731' title='bbox 2380 4525 2625 4578; x_wconf 87' lang='lat' dir='ltr'><strong>Alterum</strong></span> <span class='ocrx_word' id='word_1_732' title='bbox 2659 4523 2846 4578; x_wconf 89' lang='lat' dir='ltr'><strong>nescio</strong></span> <span class='ocrx_word' id='word_1_733' title='bbox 2876 4521 3035 4594; x_wconf 84' lang='lat' dir='ltr'><strong>cujus</strong></span> <span class='ocrx_word' id='word_1_734' title='bbox 3063 4519 3350 4594; x_wconf 76' lang='lat' dir='ltr'><strong>scriptoris</strong></span> <span class='ocrx_word' id='word_1_735' title='bbox 3377 4520 3446 4574; x_wconf 90' lang='lat' dir='ltr'><strong>de</strong></span> 
     </span>
    </p>
   </div>
   <div class='ocr_carea' id='block_1_99' title="bbox 1853 4589 3446 4672">
    <p class='ocr_par' dir='ltr' id='par_1_99' title="bbox 1853 4589 3446 4672">
     <span class='ocr_line' id='line_1_100' title="bbox 1853 4589 3446 4672; baseline -0.005 -24"><span class='ocrx_word' id='word_1_736' title='bbox 1853 4589 2074 4672; x_wconf 59' lang='lat' dir='ltr'><strong>Citt&#39;isto</strong></span> <span class='ocrx_word' id='word_1_737' title='bbox 2092 4612 2104 4648; x_wconf 90' lang='lat'><strong>:</strong></span> <span class='ocrx_word' id='word_1_738' title='bbox 2131 4589 2384 4672; x_wconf 43' lang='lat' dir='ltr'><strong>Toi’g&#39;jao</strong></span> <span class='ocrx_word' id='word_1_739' title='bbox 2397 4593 2701 4672; x_wconf 71' lang='grc' dir='ltr'>γινομένοις</span> <span class='ocrx_word' id='word_1_740' title='bbox 2718 4595 2884 4672; x_wconf 60' lang='lat' dir='ltr'><strong>(corr:</strong></span> <span class='ocrx_word' id='word_1_741' title='bbox 2899 4591 3107 4672; x_wconf 70' lang='grc' dir='ltr'>νόμοις)</span> <span class='ocrx_word' id='word_1_742' title='bbox 3129 4589 3290 4642; x_wconf 73' lang='grc' dir='ltr'>αὑτὸν</span> <span class='ocrx_word' id='word_1_743' title='bbox 3312 4607 3446 4672; x_wconf 47' lang='lat' dir='ltr'><strong>trap-</strong></span> 
     </span>
    </p>
   </div>
   <div class='ocr_carea' id='block_1_100' title="bbox 158 4658 3444 4741">
    <p class='ocr_par' dir='ltr' id='par_1_100' title="bbox 158 4658 3444 4741">
     <span class='ocr_line' id='line_1_101' title="bbox 158 4658 3444 4741; baseline -0.001 -26"><span class='ocrx_word' id='word_1_744' title='bbox 158 4662 354 4741; x_wconf 54' lang='grc' dir='ltr'>ὲαιιτῲ(</span> <span class='ocrx_word' id='word_1_745' title='bbox 371 4678 436 4741; x_wconf 68' lang='grc' dir='ltr'><strong>τε</strong></span> <span class='ocrx_word' id='word_1_746' title='bbox 461 4663 510 4714; x_wconf 83' lang='grc' dir='ltr'>οἱ</span> <span class='ocrx_word' id='word_1_747' title='bbox 543 4660 635 4714; x_wconf 79' lang='grc' dir='ltr'>τὸν</span> <span class='ocrx_word' id='word_1_748' title='bbox 659 4661 768 4741; x_wconf 62' lang='grc' dir='ltr'><strong>τῶν</strong></span> <span class='ocrx_word' id='word_1_749' title='bbox 812 4661 1034 4741; x_wconf 74' lang='grc' dir='ltr'>Ἰϐήρων</span> <span class='ocrx_word' id='word_1_750' title='bbox 1057 4658 1270 4741; x_wconf 61' lang='grc' dir='ltr'>τρόπον</span> <span class='ocrx_word' id='word_1_751' title='bbox 1284 4658 1626 4741; x_wconf 70' lang='grc' dir='ltr'>καθωσίωσε,</span> <span class='ocrx_word' id='word_1_752' title='bbox 1651 4658 1752 4718; x_wconf 64' lang='grc' dir='ltr'>’καὶ</span> <span class='ocrx_word' id='word_1_753' title='bbox 1786 4679 1828 4732; x_wconf 80' lang='grc' dir='ltr'>ι)</span> <span class='ocrx_word' id='word_1_754' title='bbox 1857 4663 2152 4741; x_wconf 37' lang='grc' dir='ltr'>εδὼκαμεν.</span> <span class='ocrx_word' id='word_1_755' title='bbox 2178 4658 2290 4741; x_wconf 31' lang='grc' dir='ltr'>’καῖ</span> <span class='ocrx_word' id='word_1_756' title='bbox 2338 4658 2419 4741; x_wconf 65' lang='grc' dir='ltr'>εις</span> <span class='ocrx_word' id='word_1_757' title='bbox 2463 4658 2789 4741; x_wconf 72' lang='grc' dir='ltr'>καθοσίωσιν</span> <span class='ocrx_word' id='word_1_758' title='bbox 2832 4663 2939 4741; x_wconf 36' lang='grc' dir='ltr'><strong>οὐχ.</strong></span> <span class='ocrx_word' id='word_1_759' title='bbox 2960 4658 3297 4740; x_wconf 74' lang='grc' dir='ltr'>ἡμάρτομεν.</span> 
     </span>
    </p>
   </div>
   <div class='ocr_carea' id='block_1_101' title="bbox 157 4731 1753 4804">
    <p class='ocr_par' dir='ltr' id='par_1_101' title="bbox 157 4731 1753 4804">
     <span class='ocr_line' id='line_1_102' title="bbox 157 4731 1753 4804; baseline 0.003 -19"><span class='ocrx_word' id='word_1_760' title='bbox 157 4735 268 4796; x_wconf 79' lang='grc' dir='ltr'>τοῖς</span> <span class='ocrx_word' id='word_1_761' title='bbox 300 4731 484 4795; x_wconf 84' lang='grc' dir='ltr'>ἄλλοις</span> <span class='ocrx_word' id='word_1_762' title='bbox 524 4731 876 4804; x_wconf 83' lang='grc' dir='ltr'>συνεϐούλευε</span> <span class='ocrx_word' id='word_1_763' title='bbox 891 4731 1050 4786; x_wconf 80' lang='grc' dir='ltr'>τοῦτο</span> <span class='ocrx_word' id='word_1_764' title='bbox 1083 4731 1326 4802; x_wconf 79' lang='grc' dir='ltr'>ποιῆσαι.</span> <span class='ocrx_word' id='word_1_765' title='bbox 1365 4733 1470 4790; x_wconf 87' lang='lat' dir='ltr'><strong>Sed</strong></span> <span class='ocrx_word' id='word_1_766' title='bbox 1503 4737 1753 4804; x_wconf 78' lang='lat' dir='ltr'><strong>Augusto</strong></span> 
     </span>
    </p>
   </div>
   <div class='ocr_carea' id='block_1_102' title="bbox 159 4803 1754 4874">
    <p class='ocr_par' dir='ltr' id='par_1_102' title="bbox 159 4803 1754 4874">
     <span class='ocr_line' id='line_1_103' title="bbox 159 4803 1754 4874; baseline 0.003 -18"><span class='ocrx_word' id='word_1_767' title='bbox 159 4805 514 4867; x_wconf 73' lang='lat' dir='ltr'><strong>reclamante,</strong></span> <span class='ocrx_word' id='word_1_768' title='bbox 547 4803 675 4858; x_wconf 86' lang='lat' dir='ltr'><strong>trib.</strong></span> <span class='ocrx_word' id='word_1_769' title='bbox 713 4803 786 4872; x_wconf 91' lang='lat' dir='ltr'><strong>pl.</strong></span> <span class='ocrx_word' id='word_1_770' title='bbox 823 4804 1114 4872; x_wconf 84' lang='lat' dir='ltr'><strong>prosiliens</strong></span> <span class='ocrx_word' id='word_1_771' title='bbox 1158 4805 1226 4858; x_wconf 87' lang='lat' dir='ltr'><strong>ad</strong></span> <span class='ocrx_word' id='word_1_772' title='bbox 1260 4807 1519 4874; x_wconf 89' lang='lat' dir='ltr'><strong>populum</strong></span> <span class='ocrx_word' id='word_1_773' title='bbox 1559 4803 1754 4862; x_wconf 86' lang='lat' dir='ltr'><strong>obvios</strong></span> 
     </span>
    </p>
   </div>
   <div class='ocr_carea' id='block_1_103' title="bbox 158 4874 1754 4948">
    <p class='ocr_par' dir='ltr' id='par_1_103' title="bbox 158 4874 1754 4948">
     <span class='ocr_line' id='line_1_104' title="bbox 158 4874 1754 4948; baseline 0.001 -21"><span class='ocrx_word' id='word_1_774' title='bbox 158 4889 429 4948; x_wconf 72' lang='lat' dir='ltr'><strong>quosque.</strong></span> <span class='ocrx_word' id='word_1_775' title='bbox 457 4888 521 4948; x_wconf 72' lang='lat' dir='ltr'><strong>ac</strong></span> <span class='ocrx_word' id='word_1_776' title='bbox 551 4883 779 4948; x_wconf 61' lang='lat' dir='ltr'><strong>caeteros</strong></span> <span class='ocrx_word' id='word_1_777' title='bbox 818 4874 1023 4948; x_wconf 70' lang='lat' dir='ltr'><strong>deinde</strong></span> <span class='ocrx_word' id='word_1_778' title='bbox 1037 4875 1186 4930; x_wconf 88' lang='lat' dir='ltr'><strong>cives</strong></span> <span class='ocrx_word' id='word_1_779' title='bbox 1216 4878 1392 4948; x_wconf 82' lang='lat' dir='ltr'><strong>coegit</strong></span> <span class='ocrx_word' id='word_1_780' title='bbox 1415 4876 1754 4948; x_wconf 84' lang='grc' dir='ltr'>καθιερῶσαι</span> 
     </span>
    </p>
   </div>
   <div class='ocr_carea' id='block_1_104' title="bbox 160 4937 1756 5017">
    <p class='ocr_par' dir='ltr' id='par_1_104' title="bbox 160 4937 1756 5017">
     <span class='ocr_line' id='line_1_105' title="bbox 160 4937 1756 5017; baseline 0.001 -18"><span class='ocrx_word' id='word_1_781' title='bbox 160 4937 414 5017; x_wconf 56' lang='grc' dir='ltr'><strong>ἀφιᾶς’τῷ</strong></span> <span class='ocrx_word' id='word_1_782' title='bbox 454 4943 774 5017; x_wconf 69' lang='grc' dir='ltr'>Αὐγούστῳ.</span> <span class='ocrx_word' id='word_1_783' title='bbox 819 4944 938 5017; x_wconf 72' lang='lat' dir='ltr'><strong>_&#39;A_cp’</strong></span> <span class='ocrx_word' id='word_1_784' title='bbox 968 4937 1141 5017; x_wconf 75' lang='grc' dir='ltr'>οὗπερ</span> <span class='ocrx_word' id='word_1_785' title='bbox 1183 4946 1276 4998; x_wconf 79' lang='grc' dir='ltr'>καὶ</span> <span class='ocrx_word' id='word_1_786' title='bbox 1307 4937 1402 5000; x_wconf 70' lang='grc' dir='ltr'>ν’ὖν</span> <span class='ocrx_word' id='word_1_787' title='bbox 1448 4937 1756 5017; x_wconf 74' lang='grc' dir='ltr'>προ-τ’ρεπόο</span> 
     </span>
    </p>
   </div>
   <div class='ocr_carea' id='block_1_105' title="bbox 164 5014 1753 5086">
    <p class='ocr_par' dir='ltr' id='par_1_105' title="bbox 164 5014 1753 5086">
     <span class='ocr_line' id='line_1_106' title="bbox 164 5014 1753 5086; baseline 0.001 -17"><span class='ocrx_word' id='word_1_788' title='bbox 164 5014 315 5086; x_wconf 79' lang='grc' dir='ltr'>μενοι</span> <span class='ocrx_word' id='word_1_789' title='bbox 339 5015 430 5086; x_wconf 78' lang='grc' dir='ltr'>τὸν</span> <span class='ocrx_word' id='word_1_790' title='bbox 462 5015 784 5086; x_wconf 82' lang='grc' dir='ltr'>κρατοῦντα,</span> <span class='ocrx_word' id='word_1_791' title='bbox 819 5015 996 5086; x_wconf 80' lang='grc' dir='ltr'>λέγειν</span> <span class='ocrx_word' id='word_1_792' title='bbox 1025 5014 1316 5086; x_wconf 74' lang='grc' dir='ltr'>εἰώθαμεν,</span> <span class='ocrx_word' id='word_1_793' title='bbox 1344 5017 1425 5070; x_wconf 82' lang='grc' dir='ltr'>ὅτι</span> <span class='ocrx_word' id='word_1_794' title='bbox 1459 5014 1541 5070; x_wconf 83' lang='grc' dir='ltr'><strong>τοι</strong></span> <span class='ocrx_word' id='word_1_795' title='bbox 1575 5014 1753 5071; x_wconf 79' lang='grc' dir='ltr'>καθω-</span> 
     </span>
    </p>
   </div>
   <div class='ocr_carea' id='block_1_106' title="bbox 162 5084 1752 5156">
    <p class='ocr_par' dir='ltr' id='par_1_106' title="bbox 162 5084 1752 5156">
     <span class='ocr_line' id='line_1_107' title="bbox 162 5084 1752 5156; baseline 0.001 -17"><span class='ocrx_word' id='word_1_796' title='bbox 162 5084 427 5155; x_wconf 80' lang='grc' dir='ltr'>σιὼμεθα.</span> <span class='ocrx_word' id='word_1_797' title='bbox 454 5085 590 5156; x_wconf 72' lang='lat' dir='ltr'><strong>Hinc</strong></span> <span class='ocrx_word' id='word_1_798' title='bbox 625 5084 1064 5155; x_wconf 76' lang='grc' dir='ltr'>καθωσιωμένων</span> <span class='ocrx_word' id='word_1_799' title='bbox 1099 5084 1393 5156; x_wconf 81' lang='lat' dir='ltr'><strong>appellatio</strong></span> <span class='ocrx_word' id='word_1_800' title='bbox 1423 5088 1752 5152; x_wconf 84' lang='grc' dir='ltr'>ὲπιθετικῶς</span> 
     </span>
    </p>
   </div>
   <div class='ocr_carea' id='block_1_107' title="bbox 160 5155 1754 5226">
    <p class='ocr_par' dir='ltr' id='par_1_107' title="bbox 160 5155 1754 5226">
     <span class='ocr_line' id='line_1_108' title="bbox 160 5155 1754 5226; baseline 0.001 -15"><span class='ocrx_word' id='word_1_801' title='bbox 160 5173 224 5211; x_wconf 81' lang='lat' dir='ltr'><strong>ex</strong></span> <span class='ocrx_word' id='word_1_802' title='bbox 261 5156 497 5210; x_wconf 79' lang='lat' dir='ltr'><strong>formula</strong></span> <span class='ocrx_word' id='word_1_803' title='bbox 533 5155 811 5226; x_wconf 82' lang='lat' dir='ltr'><strong>plerisque.</strong></span> <span class='ocrx_word' id='word_1_804' title='bbox 858 5155 1232 5225; x_wconf 73' lang='lat' dir='ltr'><strong>imperialibits</strong></span> <span class='ocrx_word' id='word_1_805' title='bbox 1263 5158 1453 5214; x_wconf 82' lang='lat' dir='ltr'><strong>ciliciis</strong></span> <span class='ocrx_word' id='word_1_806' title='bbox 1495 5174 1559 5212; x_wconf 88' lang='lat' dir='ltr'><strong>ac</strong></span> <span class='ocrx_word' id='word_1_807' title='bbox 1589 5161 1754 5213; x_wconf 85' lang='lat' dir='ltr'><strong>mini-</strong></span> 
     </span>
    </p>
   </div>
   <div class='ocr_carea' id='block_1_108' title="bbox 162 5227 1747 5292">
    <p class='ocr_par' dir='ltr' id='par_1_108' title="bbox 162 5227 1747 5292">
     <span class='ocr_line' id='line_1_109' title="bbox 162 5227 1747 5292; baseline 0.004 -12"><span class='ocrx_word' id='word_1_808' title='bbox 162 5228 292 5281; x_wconf 88' lang='lat' dir='ltr'><strong>stris</strong></span> <span class='ocrx_word' id='word_1_809' title='bbox 315 5227 613 5290; x_wconf 85' lang='lat' dir='ltr'><strong>attributa;</strong></span> <span class='ocrx_word' id='word_1_810' title='bbox 639 5229 894 5292; x_wconf 85' lang='lat' dir='ltr'><strong>maxime,</strong></span> <span class='ocrx_word' id='word_1_811' title='bbox 927 5227 1004 5279; x_wconf 91' lang='lat' dir='ltr'><strong>uti</strong></span> <span class='ocrx_word' id='word_1_812' title='bbox 1025 5229 1228 5282; x_wconf 88' lang='lat' dir='ltr'><strong>dictum</strong></span> <span class='ocrx_word' id='word_1_813' title='bbox 1256 5237 1362 5292; x_wconf 90' lang='lat' dir='ltr'><strong>est,</strong></span> <span class='ocrx_word' id='word_1_814' title='bbox 1396 5230 1747 5285; x_wconf 87' lang='lat' dir='ltr'><strong>militaribus.</strong></span> 
     </span>
    </p>
   </div>
   <div class='ocr_carea' id='block_1_109' title="bbox 161 5296 1753 5369">
    <p class='ocr_par' dir='ltr' id='par_1_109' title="bbox 161 5296 1753 5369">
     <span class='ocr_line' id='line_1_110' title="bbox 161 5296 1753 5369; baseline 0.003 -19"><span class='ocrx_word' id='word_1_815' title='bbox 161 5296 522 5369; x_wconf 78' lang='lat' dir='ltr'><strong>Augustinus,</strong></span> <span class='ocrx_word' id='word_1_816' title='bbox 557 5297 595 5350; x_wconf 95' lang='lat' dir='ltr'><strong>l.</strong></span> <span class='ocrx_word' id='word_1_817' title='bbox 623 5313 656 5350; x_wconf 91' lang='lat' dir='ltr'><strong>ll</strong></span> <span class='ocrx_word' id='word_1_818' title='bbox 692 5309 878 5351; x_wconf 84' lang='lat' dir='ltr'><strong>contra</strong></span> <span class='ocrx_word' id='word_1_819' title='bbox 915 5302 1066 5366; x_wconf 83' lang='lat' dir='ltr'><strong>epist.</strong></span> <span class='ocrx_word' id='word_1_820' title='bbox 1099 5299 1352 5354; x_wconf 88' lang='lat' dir='ltr'><strong>Parmen.</strong></span> <span class='ocrx_word' id='word_1_821' title='bbox 1377 5315 1396 5354; x_wconf 89' lang='lat'><strong><em>:</em></strong></span> <span class='ocrx_word' id='word_1_822' title='bbox 1421 5297 1600 5369; x_wconf 84' lang='lat' dir='ltr'><strong>Neque</strong></span> <span class='ocrx_word' id='word_1_823' title='bbox 1643 5302 1753 5355; x_wconf 89' lang='lat' dir='ltr'><strong>ullo</strong></span> 
     </span>
    </p>
   </div>
   <div class='ocr_carea' id='block_1_110' title="bbox 160 5367 1747 5438">
    <p class='ocr_par' dir='ltr' id='par_1_110' title="bbox 160 5367 1747 5438">
     <span class='ocr_line' id='line_1_111' title="bbox 160 5367 1747 5438; baseline 0.003 -17"><span class='ocrx_word' id='word_1_824' title='bbox 160 5369 313 5421; x_wconf 81' lang='lat' dir='ltr'><strong>modo</strong></span> <span class='ocrx_word' id='word_1_825' title='bbox 344 5381 436 5434; x_wconf 87' lang='lat' dir='ltr'><strong>per</strong></span> <span class='ocrx_word' id='word_1_826' title='bbox 464 5367 705 5420; x_wconf 74' lang='lat' dir='ltr'><strong>devolant</strong></span> <span class='ocrx_word' id='word_1_827' title='bbox 751 5369 995 5432; x_wconf 79' lang='lat' dir='ltr'><strong>militem,</strong></span> <span class='ocrx_word' id='word_1_828' title='bbox 1027 5369 1166 5438; x_wconf 82' lang='lat' dir='ltr'><strong>quod</strong></span> <span class='ocrx_word' id='word_1_829' title='bbox 1197 5387 1230 5422; x_wconf 93' lang='lat' dir='ltr'><strong>a</strong></span> <span class='ocrx_word' id='word_1_830' title='bbox 1262 5371 1482 5438; x_wconf 82' lang='lat' dir='ltr'><strong>privatis</strong></span> <span class='ocrx_word' id='word_1_831' title='bbox 1516 5367 1747 5437; x_wconf 82' lang='lat' dir='ltr'><strong>usurpa-</strong></span> 
     </span>
    </p>
   </div>
   <div class='ocr_carea' id='block_1_111' title="bbox 161 5439 1743 5509">
    <p class='ocr_par' dir='ltr' id='par_1_111' title="bbox 161 5439 1743 5509">
     <span class='ocr_line' id='line_1_112' title="bbox 161 5439 1743 5509; baseline 0.003 -19"><span class='ocrx_word' id='word_1_832' title='bbox 161 5450 266 5492; x_wconf 83' lang='lat' dir='ltr'><strong>tum</strong></span> <span class='ocrx_word' id='word_1_833' title='bbox 293 5447 394 5500; x_wconf 79' lang='lat' dir='ltr'><strong>est,</strong></span> <span class='ocrx_word' id='word_1_834' title='bbox 423 5440 630 5509; x_wconf 76' lang='lat' dir='ltr'><strong>signum</strong></span> <span class='ocrx_word' id='word_1_835' title='bbox 672 5440 844 5508; x_wconf 85' lang='lat' dir='ltr'><strong>regale</strong></span> <span class='ocrx_word' id='word_1_836' title='bbox 871 5441 1176 5496; x_wconf 80' lang='lat' dir='ltr'><strong>violabitur.</strong></span> <span class='ocrx_word' id='word_1_837' title='bbox 1227 5439 1578 5496; x_wconf 87' lang='lat' dir='ltr'><strong>Protectores</strong></span> <span class='ocrx_word' id='word_1_838' title='bbox 1616 5441 1743 5495; x_wconf 88' lang='lat' dir='ltr'><strong>item</strong></span> 
     </span>
    </p>
   </div>
   <div class='ocr_carea' id='block_1_112' title="bbox 160 5509 1742 5580">
    <p class='ocr_par' dir='ltr' id='par_1_112' title="bbox 160 5509 1742 5580">
     <span class='ocr_line' id='line_1_113' title="bbox 160 5509 1742 5580; baseline 0.002 -18"><span class='ocrx_word' id='word_1_839' title='bbox 160 5511 446 5562; x_wconf 74' lang='lat' dir='ltr'><strong>tiotnestici</strong></span> <span class='ocrx_word' id='word_1_840' title='bbox 479 5512 531 5562; x_wconf 88' lang='lat' dir='ltr'><strong>in</strong></span> <span class='ocrx_word' id='word_1_841' title='bbox 566 5509 691 5563; x_wconf 87' lang='lat' dir='ltr'><strong>cod.</strong></span> <span class='ocrx_word' id='word_1_842' title='bbox 725 5509 932 5563; x_wconf 84' lang='lat' dir='ltr'><strong>&#39;l‘heod.</strong></span> <span class='ocrx_word' id='word_1_843' title='bbox 973 5510 1045 5564; x_wconf 86' lang='lat' dir='ltr'><strong>De</strong></span> <span class='ocrx_word' id='word_1_844' title='bbox 1080 5511 1387 5566; x_wconf 82' lang='lat' dir='ltr'><strong>domesticis</strong></span> <span class='ocrx_word' id='word_1_845' title='bbox 1411 5521 1460 5565; x_wconf 89' lang='lat' dir='ltr'><strong>et</strong></span> <span class='ocrx_word' id='word_1_846' title='bbox 1497 5520 1742 5580; x_wconf 84' lang='lat' dir='ltr'><strong>protect.,</strong></span> 
     </span>
    </p>
   </div>
   <div class='ocr_carea' id='block_1_113' title="bbox 159 5580 1751 5652">
    <p class='ocr_par' dir='ltr' id='par_1_113' title="bbox 159 5580 1751 5652">
     <span class='ocr_line' id='line_1_114' title="bbox 159 5580 1751 5652; baseline 0.002 -19"><span class='ocrx_word' id='word_1_847' title='bbox 159 5581 509 5652; x_wconf 75' lang='lat' dir='ltr'><strong>devotissimi</strong></span> <span class='ocrx_word' id='word_1_848' title='bbox 535 5583 902 5652; x_wconf 67' lang='lat' dir='ltr'><strong>nominantur.</strong></span> <span class='ocrx_word' id='word_1_849' title='bbox 941 5580 996 5634; x_wconf 89' lang='lat' dir='ltr'><strong>In</strong></span> <span class='ocrx_word' id='word_1_850' title='bbox 1027 5582 1262 5637; x_wconf 84' lang='lat' dir='ltr'><strong>concilio</strong></span> <span class='ocrx_word' id='word_1_851' title='bbox 1308 5581 1581 5651; x_wconf 79' lang='lat' dir='ltr'><strong>Epltcsino</strong></span> <span class='ocrx_word' id='word_1_852' title='bbox 1624 5598 1751 5652; x_wconf 85' lang='lat' dir='ltr'><strong>par-</strong></span> 
     </span>
    </p>
   </div>
   <div class='ocr_carea' id='block_1_114' title="bbox 162 5649 1749 5723">
    <p class='ocr_par' dir='ltr' id='par_1_114' title="bbox 162 5649 1749 5723">
     <span class='ocr_line' id='line_1_115' title="bbox 162 5649 1749 5723; baseline 0.003 -21"><span class='ocrx_word' id='word_1_853' title='bbox 162 5658 214 5704; x_wconf 88' lang='lat' dir='ltr'><strong>te</strong></span> <span class='ocrx_word' id='word_1_854' title='bbox 242 5664 302 5712; x_wconf 92' lang='lat' dir='ltr'><strong>ll,</strong></span> <span class='ocrx_word' id='word_1_855' title='bbox 336 5658 445 5723; x_wconf 77' lang='lat' dir='ltr'><strong>act.</strong></span> <span class='ocrx_word' id='word_1_856' title='bbox 490 5649 949 5723; x_wconf 29' lang='lat' dir='ltr'><strong>LACaudidianus</strong></span> <span class='ocrx_word' id='word_1_857' title='bbox 987 5661 1212 5706; x_wconf 83' lang='lat' dir='ltr'><strong>vocatur</strong></span> <span class='ocrx_word' id='word_1_858' title='bbox 1246 5649 1437 5723; x_wconf 61' lang='grc' dir='ltr'>Κύμης</span> <span class='ocrx_word' id='word_1_859' title='bbox 1469 5652 1576 5706; x_wconf 80' lang='grc' dir='ltr'><strong>τῶν</strong></span> <span class='ocrx_word' id='word_1_860' title='bbox 1611 5649 1749 5707; x_wconf 76' lang='grc' dir='ltr'>καθ-</span> 
     </span>
    </p>
   </div>
   <div class='ocr_carea' id='block_1_115' title="bbox 162 5719 1745 5796">
    <p class='ocr_par' dir='ltr' id='par_1_115' title="bbox 162 5719 1745 5796">
     <span class='ocr_line' id='line_1_116' title="bbox 162 5719 1745 5796; baseline 0.002 -20"><span class='ocrx_word' id='word_1_861' title='bbox 162 5719 490 5792; x_wconf 85' lang='grc' dir='ltr'>ωσιωμένων</span> <span class='ocrx_word' id='word_1_862' title='bbox 538 5719 872 5793; x_wconf 83' lang='grc' dir='ltr'>δομεστίκων</span> <span class='ocrx_word' id='word_1_863' title='bbox 897 5762 911 5790; x_wconf 88' lang='grc'><strong>,</strong></span> <span class='ocrx_word' id='word_1_864' title='bbox 967 5729 1025 5776; x_wconf 84' lang='grc' dir='ltr'><strong>ιιι</strong></span> <span class='ocrx_word' id='word_1_865' title='bbox 1068 5730 1122 5779; x_wconf 88' lang='lat' dir='ltr'><strong>ct</strong></span> <span class='ocrx_word' id='word_1_866' title='bbox 1156 5724 1208 5780; x_wconf 87' lang='lat' dir='ltr'><strong>in</strong></span> <span class='ocrx_word' id='word_1_867' title='bbox 1249 5719 1499 5782; x_wconf 60' lang='lat' dir='ltr'><strong>Chalced.</strong></span> <span class='ocrx_word' id='word_1_868' title='bbox 1550 5729 1656 5780; x_wconf 85' lang='lat' dir='ltr'><strong>act.</strong></span> <span class='ocrx_word' id='word_1_869' title='bbox 1693 5725 1745 5796; x_wconf 82' lang='grc'>1,</span> 
     </span>
    </p>
   </div>
   <div class='ocr_carea' id='block_1_116' title="bbox 1857 4731 3444 4804">
    <p class='ocr_par' dir='ltr' id='par_1_116' title="bbox 1857 4731 3444 4804">
     <span class='ocr_line' id='line_1_117' title="bbox 1857 4731 3444 4804; baseline -0.003 -16"><span class='ocrx_word' id='word_1_870' title='bbox 1857 4751 1978 4789; x_wconf 90' lang='lat' dir='ltr'><strong>rum</strong></span> <span class='ocrx_word' id='word_1_871' title='bbox 2014 4731 2302 4804; x_wconf 79' lang='lat' dir='ltr'><strong>utrobique</strong></span> <span class='ocrx_word' id='word_1_872' title='bbox 2318 4734 2645 4798; x_wconf 86' lang='grc' dir='ltr'>καθοσίωσις</span> <span class='ocrx_word' id='word_1_873' title='bbox 2676 4731 2974 4804; x_wconf 69' lang='lat' dir='ltr'><strong>majestatis</strong></span> <span class='ocrx_word' id='word_1_874' title='bbox 2996 4732 3204 4804; x_wconf 79' lang='lat' dir='ltr'><strong>eritnen</strong></span> <span class='ocrx_word' id='word_1_875' title='bbox 3235 4731 3444 4804; x_wconf 82' lang='lat' dir='ltr'><strong>signiti-</strong></span> 
     </span>
    </p>
   </div>
   <div class='ocr_carea' id='block_1_117' title="bbox 1856 4800 3438 4869">
    <p class='ocr_par' dir='ltr' id='par_1_117' title="bbox 1856 4800 3438 4869">
     <span class='ocr_line' id='line_1_118' title="bbox 1856 4800 3438 4869; baseline -0.004 -9"><span class='ocrx_word' id='word_1_876' title='bbox 1856 4813 1966 4861; x_wconf 88' lang='lat' dir='ltr'><strong>cat.</strong></span> <span class='ocrx_word' id='word_1_877' title='bbox 2001 4804 2180 4861; x_wconf 88' lang='lat' dir='ltr'><strong>Gloss.</strong></span> <span class='ocrx_word' id='word_1_878' title='bbox 2213 4800 2440 4862; x_wconf 58' lang='lat' dir='ltr'><strong>&#39;Vetus:</strong></span> <span class='ocrx_word' id='word_1_879' title='bbox 2499 4800 2873 4869; x_wconf 76' lang='grc' dir='ltr'>Καθοσίωσις,</span> <span class='ocrx_word' id='word_1_880' title='bbox 2923 4800 3163 4863; x_wconf 82' lang='lat' dir='ltr'><strong>[)evotio,</strong></span> <span class='ocrx_word' id='word_1_881' title='bbox 3215 4801 3438 4869; x_wconf 86' lang='lat' dir='ltr'><strong>dicatio,</strong></span> 
     </span>
    </p>
   </div>
   <div class='ocr_carea' id='block_1_118' title="bbox 1857 4871 3444 4946">
    <p class='ocr_par' dir='ltr' id='par_1_118' title="bbox 1857 4871 3444 4946">
     <span class='ocr_line' id='line_1_119' title="bbox 1857 4871 3444 4946; baseline -0.003 -16"><span class='ocrx_word' id='word_1_882' title='bbox 1857 4876 2133 4946; x_wconf 84' lang='lat' dir='ltr'><strong>majestas.</strong></span> <span class='ocrx_word' id='word_1_883' title='bbox 2185 4874 2276 4930; x_wconf 84' lang='lat' dir='ltr'><strong>Sic</strong></span> <span class='ocrx_word' id='word_1_884' title='bbox 2307 4877 2362 4930; x_wconf 88' lang='lat' dir='ltr'><strong>in</strong></span> <span class='ocrx_word' id='word_1_885' title='bbox 2405 4876 2659 4932; x_wconf 88' lang='lat' dir='ltr'><strong>Chalced.</strong></span> <span class='ocrx_word' id='word_1_886' title='bbox 2693 4890 2866 4946; x_wconf 51' lang='lat' dir='ltr'><strong>conc.</strong></span> <span class='ocrx_word' id='word_1_887' title='bbox 2892 4881 3009 4946; x_wconf 86' lang='lat' dir='ltr'><strong>act.</strong></span> <span class='ocrx_word' id='word_1_888' title='bbox 3061 4871 3115 4934; x_wconf 81' lang='grc'>5,</span> <span class='ocrx_word' id='word_1_889' title='bbox 3153 4871 3444 4946; x_wconf 86' lang='lat' dir='ltr'><strong>in_l_ibello</strong></span> 
     </span>
    </p>
   </div>
   <div class='ocr_carea' id='block_1_119' title="bbox 1858 4942 3444 5022">
    <p class='ocr_par' dir='ltr' id='par_1_119' title="bbox 1858 4942 3444 5022">
     <span class='ocr_line' id='line_1_120' title="bbox 1858 4942 3444 5022; baseline -0.002 -23"><span class='ocrx_word' id='word_1_890' title='bbox 1858 4942 2133 5022; x_wconf 72' lang='lat' dir='ltr'><strong>Theodori</strong></span> <span class='ocrx_word' id='word_1_891' title='bbox 2162 4947 2527 5022; x_wconf 78' lang='lat' dir='ltr'><strong>Alexandrini</strong></span> <span class='ocrx_word' id='word_1_892' title='bbox 2548 4944 3186 5022; x_wconf 31' lang='lat' dir='ltr'><strong>adversusADioscoz&#39;um:</strong></span> <span class='ocrx_word' id='word_1_893' title='bbox 3217 4942 3296 4994; x_wconf 80' lang='grc' dir='ltr'>Τὰ</span> <span class='ocrx_word' id='word_1_894' title='bbox 3335 4945 3444 5014; x_wconf 79' lang='grc' dir='ltr'>γὰρ</span> 
     </span>
    </p>
   </div>
   <div class='ocr_carea' id='block_1_120' title="bbox 1858 5015 3443 5088">
    <p class='ocr_par' dir='ltr' id='par_1_120' title="bbox 1858 5015 3443 5088">
     <span class='ocr_line' id='line_1_121' title="bbox 1858 5015 3443 5088; baseline -0.003 -18"><span class='ocrx_word' id='word_1_895' title='bbox 1858 5021 1938 5080; x_wconf 80' lang='grc' dir='ltr'><strong>είς</strong></span> <span class='ocrx_word' id='word_1_896' title='bbox 1981 5017 2154 5088; x_wconf 83' lang='grc' dir='ltr'>αὑτὴν</span> <span class='ocrx_word' id='word_1_897' title='bbox 2197 5018 2297 5088; x_wconf 83' lang='grc' dir='ltr'>τὴν</span> <span class='ocrx_word' id='word_1_898' title='bbox 2337 5018 2664 5072; x_wconf 89' lang='grc' dir='ltr'>καθοσίωσιν</span> <span class='ocrx_word' id='word_1_899' title='bbox 2705 5017 2832 5088; x_wconf 79' lang='grc' dir='ltr'>παρ’</span> <span class='ocrx_word' id='word_1_900' title='bbox 2881 5015 3443 5088; x_wconf 20' lang='grc' dir='ltr'>αὑτοῦμκατασκευ-α-</span> 
     </span>
    </p>
   </div>
   <div class='ocr_carea' id='block_1_121' title="bbox 1860 5083 3443 5160">
    <p class='ocr_par' dir='ltr' id='par_1_121' title="bbox 1860 5083 3443 5160">
     <span class='ocr_line' id='line_1_122' title="bbox 1860 5083 3443 5160; baseline -0.003 -20"><span class='ocrx_word' id='word_1_901' title='bbox 1860 5088 2073 5160; x_wconf 83' lang='grc' dir='ltr'>σθέντα,</span> <span class='ocrx_word' id='word_1_902' title='bbox 2093 5083 2173 5160; x_wconf 65' lang='grc' dir='ltr'><strong>Δτά</strong></span> <span class='ocrx_word' id='word_1_903' title='bbox 2214 5083 2585 5160; x_wconf 73' lang='grc' dir='ltr'>πεπραγμένα</span> <span class='ocrx_word' id='word_1_904' title='bbox 2619 5088 2712 5160; x_wconf 66' lang='grc' dir='ltr'><strong>ἐπὶ</strong></span> <span class='ocrx_word' id='word_1_905' title='bbox 2749 5083 3021 5160; x_wconf 52' lang='grc' dir='ltr'>διαφόρων</span> <span class='ocrx_word' id='word_1_906' title='bbox 3057 5083 3331 5160; x_wconf 73' lang='grc' dir='ltr'>ἀρχόντων</span> <span class='ocrx_word' id='word_1_907' title='bbox 3363 5085 3443 5160; x_wconf 77' lang='grc' dir='ltr'><strong>δι-</strong></span> 
     </span>
    </p>
   </div>
   <div class='ocr_carea' id='block_1_122' title="bbox 1856 5156 3442 5229">
    <p class='ocr_par' dir='ltr' id='par_1_122' title="bbox 1856 5156 3442 5229">
     <span class='ocr_line' id='line_1_123' title="bbox 1856 5156 3442 5229; baseline -0.003 -17"><span class='ocrx_word' id='word_1_908' title='bbox 1856 5159 2006 5225; x_wconf 82' lang='grc' dir='ltr'>δάξει</span> <span class='ocrx_word' id='word_1_909' title='bbox 2054 5157 2152 5229; x_wconf 84' lang='grc' dir='ltr'>τὴν</span> <span class='ocrx_word' id='word_1_910' title='bbox 2200 5156 2471 5229; x_wconf 70' lang='grc' dir='ltr'>ὑμετέραν</span> <span class='ocrx_word' id='word_1_911' title='bbox 2531 5158 2803 5227; x_wconf 78' lang='grc' dir='ltr'>ὁσιότητα.</span> <span class='ocrx_word' id='word_1_912' title='bbox 2862 5158 3004 5229; x_wconf 74' lang='lat' dir='ltr'><strong>idem</strong></span> <span class='ocrx_word' id='word_1_913' title='bbox 3056 5165 3122 5229; x_wconf 81' lang='lat' dir='ltr'><strong>et_</strong></span> <span class='ocrx_word' id='word_1_914' title='bbox 3164 5159 3216 5229; x_wconf 74' lang='lat' dir='ltr'><strong>in</strong></span> <span class='ocrx_word' id='word_1_915' title='bbox 3261 5156 3442 5229; x_wconf 58' lang='lat' dir='ltr'><strong>libello</strong></span> 
     </span>
    </p>
   </div>
   <div class='ocr_carea' id='block_1_123' title="bbox 1858 5223 3442 5300">
    <p class='ocr_par' dir='ltr' id='par_1_123' title="bbox 1858 5223 3442 5300">
     <span class='ocr_line' id='line_1_124' title="bbox 1858 5223 3442 5300; baseline -0.005 -16"><span class='ocrx_word' id='word_1_916' title='bbox 1858 5223 2196 5300; x_wconf 37' lang='lat' dir='ltr'><strong>lsc&#39;ltyrio&#39;nis</strong></span> <span class='ocrx_word' id='word_1_917' title='bbox 2223 5223 2436 5284; x_wconf 78' lang='lat' dir='ltr'><strong>diaconi</strong></span> <span class='ocrx_word' id='word_1_918' title='bbox 2466 5247 2484 5300; x_wconf 15' lang='grc' dir='ltr'>γε</span> <span class='ocrx_word' id='word_1_919' title='bbox 2523 5230 2642 5300; x_wconf 79' lang='grc' dir='ltr'>Ὅτι</span> <span class='ocrx_word' id='word_1_920' title='bbox 2675 5223 2784 5298; x_wconf 75' lang='grc' dir='ltr'>γὰρ</span> <span class='ocrx_word' id='word_1_921' title='bbox 2814 5227 2908 5280; x_wconf 74' lang='grc' dir='ltr'>καὶ</span> <span class='ocrx_word' id='word_1_922' title='bbox 2953 5229 3031 5288; x_wconf 89' lang='grc' dir='ltr'>εἰς</span> <span class='ocrx_word' id='word_1_923' title='bbox 3065 5223 3234 5300; x_wconf 78' lang='grc' dir='ltr'>αὑτὴν</span> <span class='ocrx_word' id='word_1_924' title='bbox 3273 5225 3442 5300; x_wconf 68' lang='grc' dir='ltr'>καθο-</span> 
     </span>
    </p>
   </div>
   <div class='ocr_carea' id='block_1_124' title="bbox 1863 5295 3442 5372">
    <p class='ocr_par' dir='ltr' id='par_1_124' title="bbox 1863 5295 3442 5372">
     <span class='ocr_line' id='line_1_125' title="bbox 1863 5295 3442 5372; baseline -0.004 -19"><span class='ocrx_word' id='word_1_925' title='bbox 1863 5295 2051 5353; x_wconf 79' lang='grc' dir='ltr'>σίωσιν</span> <span class='ocrx_word' id='word_1_926' title='bbox 2075 5301 2392 5372; x_wconf 82' lang='grc' dir='ltr'>ἁμαρτῆσαι</span> <span class='ocrx_word' id='word_1_927' title='bbox 2414 5299 2502 5372; x_wconf 77' lang='grc' dir='ltr'><strong>τά</strong></span> <span class='ocrx_word' id='word_1_928' title='bbox 2519 5295 2841 5372; x_wconf 76' lang='grc' dir='ltr'>μέγισταίοὺ</span> <span class='ocrx_word' id='word_1_929' title='bbox 2864 5295 3240 5372; x_wconf 73' lang='grc' dir='ltr'>παρῃτήσατο.</span> <span class='ocrx_word' id='word_1_930' title='bbox 3270 5295 3442 5372; x_wconf 64' lang='lat' dir='ltr'><strong>Luter-</strong></span> 
     </span>
    </p>
   </div>
   <div class='ocr_carea' id='block_1_125' title="bbox 1855 5364 3444 5442">
    <p class='ocr_par' dir='ltr' id='par_1_125' title="bbox 1855 5364 3444 5442">
     <span class='ocr_line' id='line_1_126' title="bbox 1855 5364 3444 5442; baseline -0.004 -18"><span class='ocrx_word' id='word_1_931' title='bbox 1855 5388 2004 5442; x_wconf 89' lang='lat' dir='ltr'><strong>pres,</strong></span> <span class='ocrx_word' id='word_1_932' title='bbox 2034 5364 2379 5426; x_wconf 66' lang='lat' dir='ltr'><strong>deuotionem.</strong></span> <span class='ocrx_word' id='word_1_933' title='bbox 2409 5364 2848 5442; x_wconf 78' lang='lat' dir='ltr'><strong>Meliusomnino</strong></span> <span class='ocrx_word' id='word_1_934' title='bbox 2876 5364 3229 5436; x_wconf 66' lang='lat' dir='ltr'><strong>ntdjéstatem.</strong></span> <span class='ocrx_word' id='word_1_935' title='bbox 3270 5364 3444 5442; x_wconf 70' lang='lat' dir='ltr'><strong>Theo-</strong></span> 
     </span>
    </p>
   </div>
   <div class='ocr_carea' id='block_1_126' title="bbox 1852 5436 3440 5508">
    <p class='ocr_par' dir='ltr' id='par_1_126' title="bbox 1852 5436 3440 5508">
     <span class='ocr_line' id='line_1_127' title="bbox 1852 5436 3440 5508; baseline -0.005 -10"><span class='ocrx_word' id='word_1_936' title='bbox 1852 5436 2078 5498; x_wconf 74' lang='lat' dir='ltr'><strong>doretus</strong></span> <span class='ocrx_word' id='word_1_937' title='bbox 2110 5443 2165 5495; x_wconf 91' lang='lat' dir='ltr'><strong>in</strong></span> <span class='ocrx_word' id='word_1_938' title='bbox 2196 5449 2493 5497; x_wconf 86' lang='lat' dir='ltr'><strong>comment.</strong></span> <span class='ocrx_word' id='word_1_939' title='bbox 2535 5441 2588 5494; x_wconf 87' lang='lat' dir='ltr'><strong>in</strong></span> <span class='ocrx_word' id='word_1_940' title='bbox 2619 5439 2914 5503; x_wconf 84' lang='lat' dir='ltr'><strong>Danielem,</strong></span> <span class='ocrx_word' id='word_1_941' title='bbox 2949 5452 3071 5508; x_wconf 87' lang='lat' dir='ltr'><strong>cap.</strong></span> <span class='ocrx_word' id='word_1_942' title='bbox 3111 5439 3296 5508; x_wconf 37' lang='grc' dir='ltr'>νιηιιό</span> <span class='ocrx_word' id='word_1_943' title='bbox 3325 5436 3440 5508; x_wconf 66' lang='lat' dir='ltr'><strong>haec</strong></span> 
     </span>
    </p>
   </div>
   <div class='ocr_carea' id='block_1_127' title="bbox 1852 5505 3441 5578">
    <p class='ocr_par' dir='ltr' id='par_1_127' title="bbox 1852 5505 3441 5578">
     <span class='ocr_line' id='line_1_128' title="bbox 1852 5505 3441 5578; baseline -0.006 -10"><span class='ocrx_word' id='word_1_944' title='bbox 1852 5512 2018 5568; x_wconf 89' lang='lat' dir='ltr'><strong>verba</strong></span> <span class='ocrx_word' id='word_1_945' title='bbox 2050 5527 2193 5566; x_wconf 87' lang='lat' dir='ltr'><strong>com.</strong></span> <span class='ocrx_word' id='word_1_946' title='bbox 2237 5512 2291 5577; x_wconf 72' lang='grc'>4,</span> <span class='ocrx_word' id='word_1_947' title='bbox 2318 5513 2630 5578; x_wconf 69' lang='lat' dir='ltr'><strong>Quaerebam</strong></span> <span class='ocrx_word' id='word_1_948' title='bbox 2657 5512 3003 5572; x_wconf 87' lang='lat' dir='ltr'><strong>occasionem,</strong></span> <span class='ocrx_word' id='word_1_949' title='bbox 3019 5505 3149 5578; x_wconf 56' lang='lat' dir='ltr'><strong>&#39;etc.</strong></span> <span class='ocrx_word' id='word_1_950' title='bbox 3181 5505 3441 5578; x_wconf 66' lang='grc' dir='ltr'>Τοιιτέστι</span> 
     </span>
    </p>
   </div>
   <div class='ocr_carea' id='block_1_128' title="bbox 1858 5575 3438 5654">
    <p class='ocr_par' dir='ltr' id='par_1_128' title="bbox 1858 5575 3438 5654">
     <span class='ocr_line' id='line_1_129' title="bbox 1858 5575 3438 5654; baseline -0.007 -18"><span class='ocrx_word' id='word_1_951' title='bbox 1858 5583 2037 5636; x_wconf 85' lang='grc' dir='ltr'>πάντα</span> <span class='ocrx_word' id='word_1_952' title='bbox 2060 5575 2543 5654; x_wconf 71' lang='grc' dir='ltr'>ἐπραγματεύοντο</span> <span class='ocrx_word' id='word_1_953' title='bbox 2567 5584 2647 5646; x_wconf 83' lang='grc' dir='ltr'>είς</span> <span class='ocrx_word' id='word_1_954' title='bbox 2669 5584 2792 5644; x_wconf 81' lang='grc' dir='ltr'>τοὺς</span> <span class='ocrx_word' id='word_1_955' title='bbox 2817 5581 2914 5654; x_wconf 68' lang='grc' dir='ltr'><strong>τῆς</strong></span> <span class='ocrx_word' id='word_1_956' title='bbox 2946 5577 3220 5654; x_wconf 76' lang='grc' dir='ltr'>βασιλείας</span> <span class='ocrx_word' id='word_1_957' title='bbox 3241 5575 3438 5654; x_wconf 63' lang='grc' dir='ltr'>νύμους</span> 
     </span>
    </p>
   </div>
   <div class='ocr_carea' id='block_1_129' title="bbox 1855 5647 3439 5724">
    <p class='ocr_par' dir='ltr' id='par_1_129' title="bbox 1855 5647 3439 5724">
     <span class='ocr_line' id='line_1_130' title="bbox 1855 5647 3439 5724; baseline -0.007 -18"><span class='ocrx_word' id='word_1_958' title='bbox 1855 5647 2282 5724; x_wconf 75' lang='grc' dir='ltr'>πλημμελοῦντα</span> <span class='ocrx_word' id='word_1_959' title='bbox 2310 5653 2472 5706; x_wconf 82' lang='grc' dir='ltr'>αὑτὸν</span> <span class='ocrx_word' id='word_1_960' title='bbox 2502 5655 2689 5724; x_wconf 79' lang='grc' dir='ltr'>εὑρεῖν</span> <span class='ocrx_word' id='word_1_961' title='bbox 2709 5647 3018 5724; x_wconf 55' lang='grc' dir='ltr'><strong>ἑφείμενοιζ</strong></span> <span class='ocrx_word' id='word_1_962' title='bbox 3039 5647 3199 5724; x_wconf 41' lang='grc' dir='ltr'>αὑτοὶ</span> <span class='ocrx_word' id='word_1_963' title='bbox 3220 5647 3314 5724; x_wconf 74' lang='grc' dir='ltr'>τοῦ</span> <span class='ocrx_word' id='word_1_964' title='bbox 3339 5660 3439 5716; x_wconf 86' lang='grc' dir='ltr'><strong>την</strong></span> 
     </span>
    </p>
   </div>
   <div class='ocr_carea' id='block_1_130' title="bbox 1856 5714 3436 5798">
    <p class='ocr_par' dir='ltr' id='par_1_130' title="bbox 1856 5714 3436 5798">
     <span class='ocr_line' id='line_1_131' title="bbox 1856 5714 3436 5798; baseline -0.006 -18"><span class='ocrx_word' id='word_1_965' title='bbox 1856 5714 2196 5798; x_wconf 62' lang='grc' dir='ltr'>καλουμένην</span> <span class='ocrx_word' id='word_1_966' title='bbox 2257 5714 2584 5782; x_wconf 74' lang='grc' dir='ltr'>καθοσίωσιν</span> <span class='ocrx_word' id='word_1_967' title='bbox 2637 5714 2846 5790; x_wconf 58' lang='grc' dir='ltr'>πλέξαι</span> <span class='ocrx_word' id='word_1_968' title='bbox 2879 5717 3030 5789; x_wconf 85' lang='grc' dir='ltr'><strong>αὑτῷ</strong></span> <span class='ocrx_word' id='word_1_969' title='bbox 3087 5714 3436 5787; x_wconf 78' lang='grc' dir='ltr'>βουλόμενοι’</span> 
     </span>
    </p>
   </div>
  </div>
