3768 6182
3306 232 3412 292 ιεε

146 225 260 285 73.5
816 227 1189 287 ADVERSUS
1220 228 1566 285 IIERESES
1605 229 1734 288 LIB.
1767 231 1809 288 Ι.
1843 232 2009 290 τΟΜ.
2041 231 2203 288 III.-—
2222 228 2500 287 ΗᾹΞΒΕΒ.
2542 230 2703 289 XLII.

138 343 338 415 ἑτέραν
369 342 463 396 καὶ
494 343 706 414 ἑτέραν,
755 344 858 398 κᾶν
890 361 951 398 τε
976 347 1043 416 τῇ
1092 345 1219 417 ἀξίᾳ
1253 348 1348 400 καὶ
1394 347 1581 419 τρόπῳ
1610 349 1722 419 ἔχοι

1887 350 1978 404 ptio
2012 363 2076 403 ac
2112 353 2359 418 potestas
2394 344 2595 417 allingi,
2626 344 2847 400 tametsi
2881 344 3023 415 quod
3068 344 3137 398 ad
3171 345 3410 417 dignita-

135 436 242 507 τὴν
267 436 543 506 διαφοράν.
578 438 649 488 Ἦ
675 436 783 508 γὰρ
806 436 998 501 δώσεις
1020 438 1114 491 καὶ
1138 439 1264 503 τοὺς
1285 438 1490 493 δώδεκα
1506 440 1719 513 δοκήσει

1887 457 1932 496 m
1962 456 2028 496 ac
2064 439 2289 495 modum
2320 439 2521 494 attinet
2551 437 2804 493 nonnihil
2835 438 3068 493 intersit.
3107 438 3212 493 Aut
3246 439 3412 508 igitur

134 528 613 591 ἀναπεπτωκέναι,
636 528 687 599 ’ἣ
734 530 826 582 καὶ
854 529 1017 583 αὐτὸν
1053 531 1285 603 ἀληθείᾳ
1315 532 1493 604 σάρκα
1532 534 1723 604 ἔχοντα

134 618 412 689 ἀληθινῶς
430 620 903 676 ἀναπεπτωκέναι.
930 623 1039 676 Καὶ
1065 623 1347 692 ἐπιθυμίᾳ
1374 626 1724 694 ἐπεθύμησα

132 711 320 765 τοῦτο
360 712 424 765 τὸ
466 712 682 782 Πάσχα
729 713 944 783 φαγεῖν
975 716 1104 783 μεθ’
1137 715 1306 785 ὑμῶν
1351 716 1465 785 πρὸ
1513 717 1622 771 τοῦ
1646 735 1724 786 με

133 804 377 865 παθεῖν,
418 805 503 857 ἵνα
536 804 685 877 δείξῃ
711 806 906 877 Πάσχα
934 805 1045 877 (79)
1081 808 1187 878 πρὸ
1213 806 1308 859 τοῦ
1332 807 1534 871 πάθους
1557 809 1721 862 αὐτοῦ

133 895 199 947 ὲν
239 894 315 966 τῷ
337 896 485 967 νόμῳ
512 898 790 968 προτυπού
800 916 979 968 μενον,
1011 899 1103 951 καὶ
1128 899 1408 969 γινόμενον
1427 900 1487 951 τὸ
1506 899 1722 970 βέϐαιον

133 986 307 1040 αὑτοῦ
328 987 420 1039 τοῦ
444 987 667 1052 πάθους,
698 989 793 1041 καὶ
821 989 1196 1059 ὲντελὲστερον
1225 989 1718 1060 προσκαλούμενονο

130 1079 236 1131 καὶ
277 1078 659 1143 ὑποδεικνύων,
712 1079 788 1145 ὡς
828 1082 920 1135 καὶ
963 1081 992 1133 6
1035 1082 1188 1151 ἆγιος
1216 1082 1511 1147 ἀπόστολός
1552 1102 1718 1157 φησι·

132 1172 497 1241 Παιδαγωγὸς
530 1176 660 1244 ἡμῖν
694 1174 954 1242 γέγονεν¹
990 1176 1018 1227 6
1066 1175 1229 1244 νόμος
1259 1176 1339 1237 είς
1363 1177 1623 1247 Χριστόν.
1658 1178 1720 1230 Εἰ

132 1263 197 1316 δὲ
236 1264 579 1333 παιδαγωγὸς
622 1267 649 1318 6
689 1264 852 1338 νόμος
893 1267 972 1331 εἰς
1008 1267 1265 1338 Χριστὸν,
1309 1267 1410 1321 οὐκ
1447 1268 1721 1339 ἀλλότριος

132 1351 377 1423 Χριστοῦ
406 1354 434 1406 6
466 1354 647 1424 νόμος.

212 1610 372 1680 Σχόλ.
403 1609 502 1679 ξγ’.
530 1611 815 1683 Παρέκοψε
833 1613 894 1667 τό
913 1631 927 1645 ⁸
963 1615 1123 1685 Λέγω
1142 1635 1284 1686 war
1300 1639 1313 1651 -
1352 1620 1436 1671 Οὐ
1446 1618 1533 1686 μὴ
1555 1618 1721 1688 φάγω

1823 533 2102 589 fatendum
2132 530 2230 586 tibi
2257 538 2362 595 est,
2392 530 2681 585 duodecim
2707 544 2926 600 quoque
2950 529 3254 598 discipulos
3280 547 3403 601 spe-

1822 625 1907 680 cie
1942 634 2100 679 lenus
2129 621 2478 685 accubuisse,
2528 628 2623 675 aut
2671 621 2852 691 ipsum
2896 621 2988 689 qui
3020 636 3145 676 vere
3184 637 3407 677 carnem

1824 716 2096 779 induerat,
2128 729 2256 769 vere
2286 713 2521 783 idipsum
2556 713 2755 784 egisse.
2785 712 2889 779 Qui
2922 713 3003 769 sic
3038 713 3161 768 ideo
3190 715 3408 770 locutus

1822 814 1905 861 est
1937 824 1951 860 :
1987 803 2263 860 Desiderio
2316 802 2615 856 desideravi
2671 802 2768 857 hoc
2822 801 3033 856 Pascha
3087 802 3410 855 manducare

1823 896 2087 950 vobiscum
2129 906 2407 965 antequam
2439 895 2639 963 patiar,
2693 900 2753 949 ιιι
2794 900 2849 949 et
2879 893 3091 948 Pascha
3120 892 3250 947 illud
3281 901 3411 948 ante

1822 989 2131 1059 passionem
2196 1002 2352 1042 suam
2430 988 2659 1057 tigurate
2728 988 2783 1041 in
2862 987 2979 1057 lege
3043 987 3408 1041 constitutum

1823 1080 2169 1145 ostenderet;
2191 1086 2244 1134 et
2269 1079 2500 1133 alterum
2531 1079 2867 1136 successisse
2889 1087 3236 1143 monstraret,
3262 1078 3409 1148 quod

1822 1179 1877 1226 et
1926 1170 1995 1225 ad
2042 1156 2391 1225 astruendam
2441 1169 2761 1226 Passionem
2813 1185 2967 1225 suam
3021 1177 3313 1240 spectaret,
3354 1177 3410 1224 et

1822 1262 2120 1331 perfectius
2148 1263 2539 1332 appellaretur.
2568 1262 2742 1315 Simul
2777 1262 2911 1315 illud
2945 1261 3229 1316 indicans:
3260 1261 3407 1331 quod

1823 1353 2105 1423 apostolus
2134 1351 2339 1407 Paulus
2379 1353 2587 1413 docuit.
2622 1353 2793 1423 legem
2826 1351 3100 1423 paedagogi
3137 1352 3298 1406 nobis
3322 1352 3407 1405 in-

1823 1453 1937 1500 star
1972 1445 2025 1498 in
2053 1443 2275 1499 Christo
2307 1443 2478 1500 fuisse
2506 1445 2548 1497 ³.
2581 1443 2737 1510 Quod
2779 1445 2824 1499 si
2860 1444 3185 1515 pazdagogns
3221 1452 3409 1498 noster

1822 1534 1910 1589 lex
1945 1537 1999 1589 in
2030 1535 2254 1590 Christo
2295 1534 2418 1598 fuit,
2456 1549 2484 1587 a
2520 1534 2743 1590 Christo
2779 1536 3002 1589 minime
3030 1535 3136 1589 erit
3172 1535 3371 1589 aliena.

1895 1626 2080 1680 Schol.
2125 1626 2213 1680 63.
2250 1624 2521 1681 Prmterea
2569 1625 2695 1680 haec
2719 1626 2787 1679 ab
2830 1626 2924 1680 illo
2975 1627 3219 1680 detracta
3256 1633 3406 1681 sunt.

130 1702 288 1756 αὐτὸ
302 1700 538 1772 ἁπάρτι,
556 1703 666 1770 ἕως
695 1701 771 1759 ἂν
794 1707 1077 1777 πληρωθῇ
1103 1709 1173 1762 ἐν
1198 1707 1273 1778 τῇ
1296 1710 1586 1779 βασιλείᾳ
1613 1711 1719 1765 τοῦ

1887 1718 1955 1771 ῐεο
1979 1719 2116 1771 enim
2146 1717 2287 1771 vobis
2311 1733 2329 1771 :
2349 1716 2473 1771 Non
2503 1717 2652 1772 edam
2677 1698 2816 1771 illud
2847 1718 3097 1785 amplius,
3127 1718 3289 1773 donec
3310 1719 3411 1772 im-

133 1795 309 1848 Θεοῦ.

212 1886 436 1957 Ἔλεγχ.
472 1886 570 1956 ξγ’.
607 1889 779 1943 Τοῦτο
806 1891 1067 1963 περιεῖλε,
1095 1893 1187 1945 καὶ
1236 1894 1715 1968 ὲρῤᾳδιούργησεν,

1816 1810 2026 1879 pleatur
2056 1808 2109 1862 in
2137 1825 2296 1879 regno
2323 1808 2422 1863 Dei
2440 1816 2483 1863 ⁸.

1887 1898 2048 1970 345
2088 1898 2273 1954 Refut.
2316 1900 2406 1955 63.
2460 1899 2598 1953 Mala
2649 1900 2754 1956 ista
2809 1900 2914 1955 [ide
2969 1899 3266 1961 subtraxit,
3333 1914 3404 1954 ne

131 1979 229 2032 ἵνα
257 1978 416 2048 δῆθεν
450 1980 525 2053 μὴ
555 1983 753 2054 ποιήσῃ
788 1986 846 2037 ὲν
873 1986 938 2055 τῇ
974 1983 1217 2056 βασιλείᾳ
1247 1986 1338 2039 τοῦ
1368 1986 1501 2040 Θεοῦ
1534 1986 1718 2058 βρωτὰ

1887 1990 2026 2044 ilicet
2071 1990 2243 2044 ullum
2290 1989 2346 2043 in
2395 2005 2565 2059 regno
2626 1989 2721 2044 Dei
2765 1998 2951 2059 potum
3000 2004 3065 2044 ac
3096 1988 3277 2043 cibum
3323 1976 3409 2043 hir-

129 2070 167 2140 ἢ
212 2071 381 2124 ποτά·
407 2073 507 2125 οὐκ
543 2072 699 2138 εἰδὼς
737 2076 764 2127 6
799 2075 1094 2146 κτηνώδης,
1131 2077 1213 2129 ὃτι
1242 2078 1589 2150 ἀντιμεμημα
1612 2076 1720 2129 τῶν

1888 2081 2000 2134 rbis
2031 2087 2309 2150 pateretur
2340 2081 2595 2150 exprimi.
2638 2078 2748 2135 Nec
2791 2079 2925 2133 illud
2962 2079 3125 2134 homo
3154 2078 3410 2148 stupidus

131 2163 398 2231 ἐπιγείων
426 2164 651 2218 δύναται
697 2162 837 2219 εἶναι
882 2167 1228 2237 πνευματικά
1272 2169 1364 2221 καὶ
1401 2168 1718 2238 ἐπουράνια,

136 2255 664 2328 μεταλαμϐανόμενα
709 2258 785 2322 ὡς
815 2260 977 2329 ἡμεῖς
1004 2260 1105 2312 οὐκ
1136 2258 1378 2330 οἴδαμεν.
1436 2261 1724 2329 Μαρτυρεῖ

139 2346 249 2416 γὰρ
275 2346 435 2400 πάλιν
472 2350 500 2400 6
533 2348 741 2419 Σωτὴρ,
791 2351 885 2403 καὶ
931 2351 1098 2419 λέγει,
1139 2352 1221 2404 ὅτι
1252 2353 1586 2407 Καθίσεσθε
1624 2351 1720 2404 ἐπὶ

131 2433 253 2502 τῆς
282 2435 567 2504 τραπέζης
598 2455 738 2507 μου,
773 2438 1082 2506 ἐσθίοντες
1112 2442 1210 2494 καὶ
1245 2443 1524 2507 πίνοντες
1553 2441 1622 2493 ἑν
1647 2438 1723 2509 τῇ

131 2527 428 2595 βασιλείᾳ
450 2528 569 2582 τῶν
601 2528 891 2597 οὐρανῶν.
926 2532 996 2584 Ἥ
1033 2532 1308 2602 παρέκοψε
1336 2532 1497 2586 πάλιν
1529 2530 1722 2597 ταῦτα,

137 2620 231 2672 ἵνα
264 2619 421 2691 δῆθεν
453 2622 654 2694 ποιήσῃ
675 2622 744 2676 τὰ
782 2625 839 2677 ἐν
870 2624 947 2695 τῷ
971 2625 1120 2697 νόμῳ
1152 2626 1227 2697 μὴ
1254 2626 1446 2697 ἔχοντα
1470 2626 1635 2680 τόπον
1664 2629 1723 2679 ὲν

132 2712 204 2780 τῇ
239 2710 486 2783 βασιλείᾳ
511 2711 618 2765 τῶν
640 2713 903 2784 οὐρανῶν.
924 2713 1095 2769 Πόθεν
1123 2712 1216 2769 οὖν
1244 2716 1430 2780 Ἠλίας
1455 2716 1726 2769 κα).Μωῦ-

136 2803 243 2872 σῆς
270 2800 532 2873 ὤφθησαν
565 2804 682 2873 μετ’
722 2803 887 2857 αὐτοῦ
923 2808 981 2858 ὲν
1012 2806 1089 2876 τῷ
1121 2807 1237 2878 ὄρει
1269 2809 1327 2861 ἐν
1370 2806 1494 2878 δόξῃ
1522 2822 1536 2871 ;
1586 2805 1724 2858 Ἀλλ’

134 2895 299 2949 οὐδὲν
334 2896 624 2970 δυνήσεταί
652 2914 737 2961 τις
760 2898 897 2971 πρὸς
924 2899 1024 2969 τὴν
1055 2900 1334 2973 ἀλήθειαν.

1821 2170 2078 2240 agnovit,
2108 2179 2453 2225 terrenorum
2484 2170 2663 2225 simile
2691 2168 2953 2239 quiddam
2982 2169 3035 2222 in
3064 2169 3405 2239 spiritalibus

1822 2276 1886 2316 ac
1938 2261 2260 2317 caelestibus
2320 2261 2534 2325 inesse,
2599 2276 2832 2330 quorum
2896 2260 3435 2330 participandorum'

1823 2351 2040 2406 occulta
2085 2351 2245 2406 nobis
2274 2359 2357 2404 est
2389 2350 2549 2404 ratio.
2599 2349 2677 2403 Ita
2718 2351 2863 2405 enim
2892 2358 2947 2404 et
2999 2347 3253 2403 Salvator
3292 2349 3411 2419 ipse

1826 2450 2060 2495 teStatus
2106 2447 2224 2501 est,
2277 2454 2343 2493 ac
2393 2440 2533 2493 dixit
2579 2456 2594 2493 :
2644 2437 2905 2493 Sedebitis
2955 2440 3009 2491 in
3057 2455 3241 2493 mensa
3292 2454 3409 2492 mea

1823 2533 2033 2589 edentes
2080 2542 2130 2587 et
2169 2532 2402 2586 bibentes
2446 2533 2502 2585 in
2551 2549 2710 2603 regno
2746 2532 3018 2586 caelorum.
3063 2530 3170 2585 Sed
3200 2540 3254 2586 et
3277 2548 3409 2601 pro-

1826 2636 2009 2694 pterea
2064 2624 2171 2678 ista
2221 2622 2466 2686 sustulit,
2520 2623 2727 2676 nullum
2778 2630 2838 2675 ut
2885 2622 2955 2676 iis
2988 2636 3111 2691 qua:
3141 2622 3206 2676 ad
3236 2621 3409 2691 legem

1827 2716 2102 2785 pertinent
2132 2716 2188 2767 in
2215 2728 2386 2782 regno
2430 2714 2695 2767 caelorum
2746 2712 2927 2766 locum
2976 2711 3262 2766 tribueret.
3290 2709 3410 2766 Un-

1828 2805 2026 2858 denam
2068 2803 2233 2872 igitur
2266 2800 2414 2858 Elias
2457 2816 2521 2856 ac
2568 2800 2783 2872 Moyses
2811 2802 2867 2855 in
2908 2809 3097 2856 monte
3126 2816 3251 2855 eum
3290 2801 3410 2870 ipso

1828 2902 2200 2964 apparuerunt
2243 2896 2300 2948 in
2353 2893 2563 2962 gloria?
2602 2891 2705 2948 Sed
2748 2908 2910 2948 nemo
2955 2902 3039 2950 est
3080 2893 3174 2964 qui
3211 2904 3403 2948 contra

1827 2985 2113 3040 veritatem
2145 2984 2343 3039 virium
2378 2984 2675 3053 quidquam
2708 2983 2929 3039 habeat.

206 3077 367 3148 Σχόλ.
399 3077 491 3143 ξδ’.
522 3077 807 3150 Παρέκοψε
827 3077 915 3131 τό·
943 3078 1083 3132 Ὅτε
1106 3077 1426 3133 ἐπέστειλα
1446 3078 1620 3148 ὑμᾶς,
1642 3077 1725 3147 μή

1902 3071 2088 3127 Schol.
2121 3072 2210 3128 64.
2251 3073 2384 3128 Item
2414 3074 2545 3127 illud
2576 3072 2789 3127 induxit
2822 3090 2835 3126 :
2889 3073 3117 3140 Quando
3148 3075 3270 3129 misi
3296 3090 3407 3138 vos,

132 3184 303 3234 τινος
319 3169 714 3237 ὑστερήσατε,
739 3182 837 3222 και
872 3168 946 3221 τὰ
976 3167 1122 3237 ἐξῆς
1139 3187 1153 3201 -
1183 3168 1270 3223 διὰ
1293 3169 1382 3221 τό·
1406 3167 1453 3221 Κ
1460 3169 1518 3223 al
1551 3169 1727 3223 τοῦτο

132 3260 203 3315 τὸ
253 3259 658 3330 γεγραμμένον
697 3259 791 3313 δεῖ
833 3258 1219 3328 τελεσθῆναι,
1267 3252 1357 3312 τόλ
1414 3260 1524 3314 Καὶ
1579 3260 1729 3329 μετὰ

133 3354 382 3421 ἀνόμων
420 3353 853 3421 συνελογίσθη.

210 3446 435 3515 Ἐλεγχ.
470 3443 559 3508 ξδ’.
582 3444 701 3497 Κᾶν
735 3441 1059 3514 παρακόψῃς
1097 3440 1166 3495 τὰ
1217 3443 1455 3514 ῥήματα,
1499 3441 1606 3495 ἀπὸ
1632 3442 1726 3496 τοῦ

134 3538 305 3609 ἔργου
342 3536 620 3605 φαίνονται
650 3534 828 3588 αὐτῶν
856 3535 905 3587 oi
941 3534 1118 3598 τόποι,
1151 3534 1484 3605 προάγοντος
1512 3532 1605 3585 τοῦ
1638 3534 1727 3587 νό-

138 3646 268 3699 μου,
304 3626 400 3680 καὶ
444 3623 931 3697 προκηρυττόντων
979 3622 1085 3677 τῶν
1133 3619 1450 3692 προφητῶν,
1485 3620 1580 3673 καὶ
1616 3622 1727 3674 Κυ-

138 3720 262 3791 ρίου
288 3718 393 3789 πλη
404 3715 644 3787 ροῦντος.

209 3807 367 3878 Σχόλ.
398 3807 491 3873 ξε’.
536 3805 924 3873 Ἀπεσπὰσθη
973 3800 1297 3859 ἀπἀὐτῶν
1350 3802 1490 3857 ὡσεί
1551 3802 1725 3856 λίθου
1774 3850 1781 3859 .

130 3899 373 3968 βολήν*
406 3898 502 3952 καί
537 3899 660 3965 θεὶς
692 3899 764 3952 τὰ
788 3898 1010 3968 γόνατα
1042 3896 1439 3965 προσηύχετο.

212 3991 438 4061 Ἐλεγχ.
477 3990 568 4054 Es’.
601 3990 725 4053 Θεὶς
772 3990 841 4043 τὰ
885 3989 1108 4058 γόνατα,
1144 3988 1355 4059 ὁρατῶς
1392 3987 1575 4058 ἔθηκε,
1633 3987 1726 4041 καὶ

138 4082 417 4154 αἰσθητῶς
460 4082 797 4136 ἐπετέλεσεν.
824 4082 888 4135 Ei
918 4081 975 4134 δὲ
1015 4079 1290 4151 αἰσθητῶς
1321 4080 1466 4134 κατά
1488 4080 1548 4132 τὸ
1589 4077 1726 4144 εἶδος

136 4173 198 4225 τὸ
222 4172 385 4243 ἔργον
407 4173 630 4243 ἐποίησε
656 4172 755 4242 τῆς
779 4170 1145 4241 γονυκλισίας,
1171 4172 1271 4224 οὐκ
1299 4171 1408 4241 ἄρα
1440 4170 1569 4224 ἄνευ
1593 4187 1727 4241 σαρ-

137 4264 237 4327 κὸς
267 4264 599 4336 ὲνεδήμησεν
622 4266 650 4317 6
677 4264 1007 4335 Μονογενής.
1034 4262 1193 4334 Αὐτῷ
1217 4261 1326 4334 γὰρ
1354 4260 1577 4331 κάμψει
1603 4260 1726 4316 πᾶν

141 4355 291 4425 γόνυ
345 4356 737 4425 ἐποιιιοανίων,
779 4356 879 4410 καὶ
932 4356 1227 4425 ἐπιγείων,
1277 4354 1377 4408 καὶ
1431 4357 1722 4423 καταχθο-

140 4446 307 4500 νίων.
341 4446 764 4515 Ἐπουρανίων,
791 4447 1174 4517 πνευματικῶν
1199 4464 1210 4475 ·
1232 4447 1524 4516 ἐπιγείων,
1545 4444 1729 4516 αίσθηο

140 4537 281 4589 τῶν⁵
320 4537 755 4606 καταχθονίων,
781 4536 860 4607 τῷ
897 4536 1012 4608 ίδίῳ
1037 4537 1185 4593 εῖδει.
1209 4530 1336 4590 ’Ὧδε
1370 4536 1427 4590 δὲ
1455 4536 1523 4591 τὰ
1553 4536 1729 4589 πάντα

141 4632 199 4685 ὲν
230 4630 462 4702 ἀληθείᾳ
507 4629 752 4683 ἐπετέλει
801 4629 1097 4701 ὁρώμενος,
1142 4630 1238 4684 καὶ
1278 4628 1381 4683 ὑπὸ
1425 4629 1567 4701 ἁφὴν
1617 4630 1729 4692 τοῖς

146 4722 420 4793 μαθηταῖς
445 4721 852 4793 εὑρισκόμενος,
880 4722 975 4775 καὶ
1007 4721 1080 4793 μὴ
1112 4720 1384 4790 φαντάζου
1418 4723 1461 4775 ’.

1830 3164 2067 3234 nunquid
2108 3165 2279 3233 defuit
2319 3164 2463 3219 vobis
2487 3166 2532 3230 ⁵,
2566 3172 2673 3220 etc.
2706 3163 2788 3221 Ob
2817 3180 2878 3220 ea
2906 3182 3028 3236 qua:
3059 3174 3403 3237 sequuntur:

1831 3255 1900 3308 Et
1944 3257 2042 3311 hoc
2080 3258 2217 3327 quod
2263 3258 2519 3327 scriptam
2551 3267 2651 3316 est.
2681 3266 2885 3312 ouortet
2908 3257 3111 3327 impleri
3148 3273 3168 3312 :
3193 3268 3244 3313 et
3290 3275 3409 3313 cunt

1828 3348 2027 3417 iniquis
2060 3348 2343 3417 deputatus
2366 3356 2444 3403 est
2469 3350 2513 3403 ⁸.

1900 3439 2206 3496 Beiut.64.
2241 3440 2608 3507 Quantumvis
2637 3442 2804 3499 verba
2839 3441 3265 3506 subducas,.res
3289 3441 3408 3511 ipsa

1829 3539 2015 3587 tamen
2062 3532 2315 3602 proprios
2359 3531 2603 3602 ipsorum
2657 3535 2810 3590 locos
2849 3534 3073 3605 aperiet.
3127 3533 3407 3603 Siquidem

1829 3629 2150 3693 antegressa
2175 3624 2263 3678 lex
2291 3631 2396 3687 est,
2420 3638 2484 3680 ac
2514 3626 2796 3696 prophetae
2824 3626 3184 3693 nuntiarunt;
3215 3633 3269 3679 at
3292 3626 3409 3695 ipse

1829 3715 2049 3769 tandem
2076 3713 2344 3770 Dominus
2379 3715 2644 3786 implevit.

1899 3804 2082 3859 Schol.
2120 3805 2211 3860 65.
2250 3804 2479 3859 Avulsus
2518 3817 2596 3860 est
2636 3806 2701 3860 ab
2742 3807 2878 3873 illis,
2925 3816 3181 3878 quantum
3224 3807 3407 3877 jactus

1825 3902 1903 3947 est
1929 3893 2125 3963 lapidis
2154 3910 2172 3947 :
2200 3910 2249 3949 et
2278 3896 2466 3964 positis
2495 3896 2715 3966 genibus
2754 3897 2943 3952 orabat
2968 3899 3009 3950 ".

1898 3980 2086 4037 Refut.
2116 3982 2211 4038 65.
2251 3984 2474 4044 Positis.
2506 3986 2704 4054 inquit,
2738 3987 2977 4057 genibus.
3010 3984 3086 4039 lta
3111 3986 3315 4056 posuit,
3348 3994 3409 4039 ut

1827 4071 1882 4126 id
1910 4073 2081 4128 videri
2106 4084 2309 4144 posset,
2348 4074 2511 4147 idque
2559 4076 2739 4145 ipsum
2784 4077 3031 4133 sensibili
3075 4076 3238 4132 modo
3270 4092 3409 4147 pra:-

1828 4164 1984 4221 stitit.
2032 4165 2189 4232 Quod
2228 4168 2273 4222 si
2323 4183 2499 4239 genua
2545 4170 2617 4223 ita
2675 4168 2843 4233 ﬂexit,
2882 4177 2941 4224 ut
2968 4170 3159 4226 sentiri
3197 4179 3406 4241 posset,

1829 4258 2077 4328 adeoque
2111 4267 2168 4313 ut
2201 4260 2433 4316 actionis
2461 4262 2625 4330 huius
2657 4270 2851 4316 natura
2900 4262 3233 4332 postulabat,
3277 4276 3409 4332 pro-

1830 4347 1973 4403 i‘ecto
2005 4365 2112 4404 non
2140 4350 2257 4404 sine
2280 4366 2447 4405 carne
2476 4348 2730 4405 Salvator
2765 4351 2819 4404 in
2848 4352 2950 4406 hoc
2978 4363 3244 4406 terrarum
3272 4353 3407 4407 orbe

1834 4449 2085 4498 versatus
2134 4450 2239 4498 est.
2297 4441 2434 4497 Iluic
2481 4443 2624 4498 enim
2676 4459 2827 4498 onme
2859 4459 2990 4514 genu
3015 4443 3274 4513 ﬂectetur,
3304 4460 3409 4498 ca:-

1836 4534 2073 4599 lestium,
2125 4536 2454 4589 terrestrium
2515 4544 2565 4589 et
2621 4535 2949 4605 infernarum
2980 4535 3043 4590 ⁸;
3100 4534 3405 4589 leestium

1834 4642 2024 4698 porro,
2072 4628 2176 4682 hoc
2226 4636 2312 4683 est
2360 4628 2733 4699 spiritalium;
2787 4628 3132 4693 terrestrium,
3190 4628 3294 4682 hoc
3322 4635 3409 4683 est

1833 4736 2021 4777 eorum
2045 4737 2165 4793 quae
2199 4724 2302 4778 sub
2342 4739 2540 4780 sensus
2585 4725 2827 4792 cadunt;
2879 4724 3205 4794 infernarum
3254 4723 3409 4777 deni-

142 4832 267 4886 que,
304 4831 373 4871 eo
400 4815 559 4870 modo
598 4815 689 4884 qui
740 4815 957 4869 illorum
986 4825 1069 4870 est
1097 4814 1375 4885 proprius.
1407 4812 1507 4868 Hic
1545 4821 1727 4869 autem
1768 4831 1833 4871 ex
1864 4818 1943 4870 rei
2002 4817 2233 4872 veritate
2272 4815 2512 4873 iaciebat
2575 4810 2780 4883 omnia,
2829 4833 2950 4873 cum
2994 4826 3048 4873 et
3091 4827 3410 4874 cerneretur

141 4908 345 4966 oculis,
379 4913 433 4957 et
460 4919 489 4957 a
519 4904 804 4975 discipulis
837 4911 1292 4969 contrectaretur,
1325 4920 1501 4974 neque
1525 4905 1730 4975 spectri
1762 4906 1939 4962 instar
1972 4907 2244 4963 illuderet.

208 4996 371 5066 Σχόλ.
406 4993 513 5061 Eg’.
534 4994 646 5049 Kal
682 4994 894 5065 ἤγγισε
923 4994 1331 5065 καταφιλῆσαι
1365 4994 1555 5049 αὐτὸν
1585 4994 1734 5050 Ἰού-

140 5089 274 5154 δας,
309 5087 412 5141 καὶ
441 5083 630 5141 εἶπεν.

219 5209 238 5239 ⁸
277 5226 372 5279 πο.
394 5206 624 5279 γένοιτο.
699 5210 720 5243 ⁸
743 5194 871 5263 For.
909 5207 1213 5279 φαντάζων.

1236 5206 1241 5211 ’
1309 5205 1329 5241 ³
1368 5207 1542 5264 Galat.
1588 5224 1684 5274 Ill,
1715 5209 1806 5263 24.

1913 4996 2098 5051 Schol.
2149 4998 2236 5054 66.
2296 4998 2365 5052 Et
2410 5000 2632 5053 accessit
2679 5007 2736 5052 ut
2775 5000 3107 5054 oscularetur
3165 5016 3304 5067 eum,
3356 5008 3408 5056 et

1832 5088 1966 5142 dixit
1992 5090 2033 5144 '.

1913 5209 1937 5241 ⁸
1970 5209 2101 5265 Luc.
2149 5226 2300 5278 χχιι,
2350 5208 2437 5266 16.

2538 5208 2560 5243 ⁵
2586 5209 2718 5268 ibid.
2752 5210 2841 5269 35.
2942 5225 2961 5242 ⁸
2989 5211 3119 5267 ibid.
3154 5211 3259 5278 '57;
3300 5210 3406 5269 Isa.

141 5278 381 5347 Lttt,l2.
459 5280 480 5311 "
507 5278 644 5335 Luc.
680 5295 818 5343 χχιι,
859 5278 949 5334 41⁷.
1023 5278 1284 5349 8Philipp
1346 5295 1406 5345 ιι,
1448 5280 1536 5334 10.
1612 5281 1633 5311 ⁹
1663 5278 1725 5333 Lt

1887 5296 1967 5345 ιιι,
1995 5281 2064 5335 48

216 5394 352 5479 (7ολ
368 5396 502 5479 "Ilua
524 5395 699 5479 δείξῃ.
712 5395 956 5479 μασχα.
1008 5396 1429 5479 δυὺοὶιεειιιιιξη
1446 5395 1533 5479 hic
1560 5395 1729 5479 locus

144 5463 249 5522 est.
317 5463 457 5527 Sed.
520 5478 579 5520 ut
630 5463 763 5520 inibi
818 5463 1053 5527 videtur,
1111 5464 1323 5520 Pascha
1377 5464 1505 5519 illud
1560 5465 1733 5533 legiti-

145 5552 296 5590 mum
331 5536 777 5607 προτυπούμενον
805 5538 971 5591 fuisse
1000 5537 1154 5598 dicit,
1187 5537 1289 5607 hoc
1313 5545 1397 5590 est
1428 5538 1507 5598 είς
1536 5535 1728 5607 τόπον,

145 5620 211 5661 ac
248 5604 479 5675 ﬁguram
511 5604 738 5663 alte—rius
768 5609 1104 5672 adhibitum;
1134 5606 1223 5661 cui
1252 5608 1520 5660 successit
1548 5605 1608 5657 τὸ
1636 5604 1725 5674 βέ-

144 5675 301 5739 6αιον
330 5676 497 5732 αὑτοῦ
527 5678 751 5748 πάθους,
782 5678 883 5737 hoc
910 5685 993 5736 est
1015 5691 1255 5751 perenne
1285 5692 1348 5731 ac
1373 5683 1715 5749 perpetuum,

1842 5394 1987 5463 quod
2018 5395 2293 5467 passionis
2326 5412 2439 5452 sua:
2469 5395 2718 5467 ﬁguram,
2749 5404 2810 5467 et
2847 5404 3248 5467 sacramentum
3285 5410 3410 5449 con-

1837 5468 2005 5537 tinet;
2041 5464 2157 5522 sive
2198 5468 2377 5532 malis,
2422 5464 2564 5537 quod
2608 5465 2853 5523 eamdem
2894 5467 3068 5537 ipsam
3099 5464 3407 5537 passionem

1838 5535 2151 5601 allirmaret,
2184 5538 2412 5608 ejusque
2440 5535 2703 5602 fructum,
2746 5535 2933 5608 usum,
2976 5551 3039 5588 ac
3073 5535 3410 5608 recordatio,-

1834 5622 1961 5661 nem
2000 5613 2173 5661 ratam
2213 5604 2435 5674 laceret,
2469 5616 2523 5664 ct
2556 5608 2622 5664 ad
2658 5607 3046 5677 sempiternam
3087 5604 3407 5664 memoriam

1826 5688 2171 5750 prOpagarct.
