3768 6182
53 238 170 294 769

722 229 1092 286 ADVERSUS
1132 227 1474 285 "ERESES
1512 226 1638 284 LlB.
1685 227 1724 281 l.
1767 225 1932 282 TOM.
1974 226 2061 282 Ill.
2107 259 2170 269 -
2222 227 2495 283 lleliES.
2537 227 2698 283 XLII.

3235 230 3342 285 770

50 374 155 424 τις
177 353 510 422 καταλείψει]
537 351 784 420 πατέρα,
810 351 908 405 καὶ
927 350 1175 422 μητέρα,
1199 351 1296 404 καὶ
1325 349 1651 418 ἀδελφοὺς,

1828 348 1992 402 terit:
2028 346 2251 401 Honora
2302 357 2506 416 patrem
2557 355 2606 400 et
2648 353 2869 398 matrem
2901 345 2958 411 ²;
2993 345 3121 399 item
3152 363 3166 399 :
3209 345 3343 413 Quae

52 449 166 504 καί
199 447 478 518 γυναῖκα,
517 444 617 500 καὶ
660 443 864 506 τέκνα,
910 443 1005 495 καὶ
1050 441 1117 494 τὰ
1161 441 1290 511 ἑξῆς
1315 481 1330 506 ,
1367 442 1479 494 οὐκ
1523 439 1656 494 ἔστι

1828 455 1904 491 ius
1937 439 2236 508 conjunxit,
2267 439 2422 492 homo
2454 455 2555 491 non
2591 447 2795 505 separet
2835 437 2876 488 ³.
2914 436 2990 489 Ac
3018 438 3230 491 tametsi
3267 438 3340 492 ita

47 557 178 608 μου
200 537 504 608 μαθητής*
530 535 628 606 οὐχ
659 535 747 588 ἵνα
766 533 1014 605 μισῶμεν
1041 532 1300 604 πατέρας,
1329 532 1443 585 ἀλλ’
1469 532 1555 585 ἵνα
1584 529 1657 602 μὴ

1832 533 2134 587 enuntiarit
2170 532 2268 586 :Si
2291 527 2413 602 lquis
2464 549 2568 585 non
2621 532 2886 596 reliquerit
2927 538 3129 598 patrem
3151 538 3198 583 et
3235 546 3344 582 ma-

52 629 407 700 ὑπαγώμεθα
435 628 687 700 πατέρων
719 629 733 658 ¹
754 625 1018 696 ἐπιταγὴν
1049 624 1242 693 ἐτέρας
1271 623 1506 686 πίστεως
1522 623 1656 694 (8Ο),

53 724 90 793 ἢ
129 724 319 795 τρόπῳ
353 721 503 794 παρὰ
532 722 631 793 τὴν
651 718 748 773 τοῦ
777 721 1029 789 Σωτῆρος
1059 715 1432 770 διδασκαλίαν.

1765 633 1918 690 trem,
1943 635 1991 677 et
2025 623 2244 693 fratres,
2274 634 2322 678 et
2361 640 2579 677 uxorem
2611 632 2658 677 et
2693 622 2855 692 ﬁlios,
2886 630 3018 683 etc.,
3052 639 3152 675 non
3176 629 3342 689 potest

1765 731 1912 768 meus
1959 732 2072 770 esse
2105 715 2401 785 discipulus
2430 715 2490 781 ις
2522 732 2631 770 non
2666 716 2789 772 ideo
2822 721 3000 768 tamen
3037 714 3339 782 usurpavit,

55 827 125 872 ut
184 826 442 890 parentes
476 817 603 874 odio
649 815 934 871 habendos
970 814 1330 886 prteciperct;
1373 811 1467 866 sed
1503 820 1561 864 ut
1591 826 1661 865 ne
1699 810 1767 864 ad
1791 811 2024 865 alienam
2063 811 2221 866 ﬁdem
2255 811 2668 881 capessendam,
2738 810 3086 881 quidpiamve
3154 806 3344 860 Salva-

56 910 206 964 toris
251 907 560 978 disciplinae
600 905 944 960 contrarium
987 912 1278 974 parentum
1324 919 1424 956 nos
1475 901 1769 971 imperium
1800 913 1965 972 alque
1999 904 2302 957 auctoritas
2337 910 2683 973 provocarct.

132 999 419 1072 Σχόλ.οα¹.
459 1000 564 1054 Καὶ
613 999 899 1063 ἐλθόντες
953 999 1040 1063 είς
1087 999 1276 1050 τόπον
1326 997 1656 1065 λεγόμενον

53 1095 326 1162 Kpariov
365 1093 570 1160 τόπος,
615 1091 1006 1160 ἐσταύρωσαν
1031 1088 1237 1151 αὑτὸν,
1274 1087 1372 1143 καὶ
1409 1087 1656 1156 διεμερί-

53 1182 257 1241 σαντο
289 1186 360 1238 τὰ
385 1184 582 1254 ἱμάτια
611 1181 820 1246 αὐτοῦ,
854 1182 952 1236 καὶ
977 1181 1302 1248 ἐσκοτίσθη
1330 1179 1580 1254 όοῆλιος.

139 1280 365 1351 Ἐλεγχ.
390 1285 492 1333 οα’.
528 1277 664 1342 Δόξα
692 1276 770 1348 τῷ
805 1275 1058 1346 ὲλεήμονι
1076 1274 1214 1345 Θεῷ,
1233 1273 1310 1344 τῷ
1334 1272 1654 1344 συνδήσαντί

56 1388 160 1423 σου
187 1372 259 1424 τὰ
279 1370 519 1441 ἅρματα,
554 1362 598 1421 ὦ
628 1365 827 1438 Φαραὼ
861 1365 1125 1438 Μαρκίων
1151 1367 1164 1419 ί
1192 1365 1300 1418 Καὶ
1330 1362 1653 1434 βουλομένου

57 1484 161 1519 σου
196 1463 522 1536 ἁποδράσαι,
576 1460 962 1515 κατεπόντισεν
998 1457 1137 1513 αὐτὰ
1182 1459 1238 1512 ὲν
1277 1461 1341 1529 τῇ
1387 1457 1652 1528 θαλάσσῃ.

54 1556 548 1628 Προφασιζὸμενος
581 1552 690 1625 γὰρ
735 1552 803 1608 τὰ
845 1551 1048 1614 πάντα,
1093 1551 1191 1620 οὐχ
1230 1549 1372 1613 ἕξεις
1423 1548 1655 1603 ἐνταῦθα

1836 994 2020 1051 Schol.
2061 995 2148 1054 Ἡ.
2193 995 2261 1050 Et
2288 998 2540 1050 venientes
2566 997 2618 1048 in
2655 996 2845 1054 locum,
2882 994 2968 1062 qui
2991 991 3184 1044 dicitur
3213 988 3342 1042 Cal-

1763 1086 1922 1140 varia’.
1958 1086 2126 1150 locus,
2171 1088 2544 1156 cruci/imorum
2591 1102 2729 1150 eum,
2769 1094 2817 1137 et
2855 1085 3146 1137 diviserunt
3187 1082 3344 1135 vesti-

1761 1190 1956 1244 menta,
1983 1191 2031 1233 et
2067 1181 2376 1234 obscuratus
2411 1189 2486 1234 est
2520 1180 2657 1233 sol'.

1833 1269 2017 1327 Refut.
2061 1272 2150 1327 7i.
2191 1271 2407 1327 Gratias
2450 1270 2791 1326 misericordi
2832 1269 2966 1332 Deo,
3003 1269 3096 1338 qui
3146 1283 3346 1322 currus

1763 1371 1886 1418 tuos
1924 1364 2187 1434 alligavit,
2231 1379 2263 1418 o
2296 1361 2510 1418 Pharao
2549 1362 2778 1416 Marcio!
2812 1362 3048 1430 illosque
3094 1359 3222 1413 dum
3261 1358 3346 1412 fu-

1762 1470 1884 1525 gam
1928 1457 2138 1512 moliris
2165 1458 2219 1510 in
2248 1472 2398 1511 mare
2428 1455 2692 1511 demersit
2715 1455 2756 1506 ⁸.
2790 1451 2924 1506 Nam
2954 1467 3078 1506 cum
3126 1466 3342 1504 onmem

1762 1547 2159 1616 tergiversandi
2209 1549 2554 1604 occasionem
2593 1553 2801 1616 captes,
2841 1544 2978 1598 nihil
3017 1544 3106 1598 hic
3153 1557 3260 1613 quo
3291 1551 3345 1596 te

55 1651 328 1722 οὐδεμίαν
374 1649 668 1720 πρόφασιν.
730 1646 788 1700 Ὀ
841 1646 949 1716 γὰρ
1005 1645 1079 1716 μὴ
1111 1644 1287 1715 σάρκα
1335 1643 1494 1713 ἔχων,
1539 1641 1661 1696 ούτε

1834 1656 1996 1696 cuses
2027 1643 2220 1696 atl'crre
2248 1641 2477 1711 poteris.
2516 1638 2727 1694 Etenim
2763 1635 2858 1707 qui
2887 1651 3052 1690 carne
3086 1649 3193 1688 non
3215 1647 3346 1686 con—

58 1741 454 1814 σταυρωθῆναι
508 1739 754 1793 δύναται.
810 1737 936 1800 Πῶς
991 1735 1092 1788 οὐκ
1153 1735 1352 1802 ἔφυγες
1400 1733 1463 1786 τὸ
1517 1732 1660 1804 μέγα

57 1834 228 1888 τοῦτο
255 1831 452 1904 ῥητόν;
497 1829 623 1894 Πῶς
657 1830 759 1883 οὐκ
790 1827 1153 1898 ἐπεχείρησας
1195 1823 1399 1897 κρύψαι
1431 1823 1528 1896 τὴν
1562 1842 1660 1894 με-

56 1927 244 1997 γάλην
269 1923 476 1996 ταύτην
504 1919 911 1994 πραγματείαν,
935 1919 1032 1990 τὴν
1065 1917 1308 1972 λύσασαν
1339 1933 1433 1969 σου
1478 1917 1658 1968 πᾶσαν

54 2020 162 2092 τὴν
195 2015 260 2084 ἐξ
288 2017 464 2090 ἀρχῆς
501 2012 969 2089 μεμηχανημένην
1013 2011 1416 2083 κακοτροπίαν;
1443 2010 1505 2062 Et
1551 2007 1660 2078 γὰρ

55 2115 206 2178 ὅλως
241 2109 586 2183 ἐσταυρώθη,
622 2107 740 2172 πῶς
763 2107 824 2161 οὐ
859 2105 1078 2177 βλέπεις
1113 2104 1204 2159 τὸν
1247 2100 1660 2173 ἐσταυρωμένον

56 2205 215 2276 ἁφὴν
249 2204 461 2276 ἔχοντα,
491 2201 588 2254 καὶ
634 2198 787 2271 ἥλοις
815 2197 915 2259 τὰς
953 2199 1142 2268 χεῖρας
1188 2193 1535 2266 πηγνύμενον
1567 2191 1662 2246 καὶ

59 2297 276 2363 πόδας;
329 2296 442 2350 Ούκ
489 2293 553 2348 ἂν
605 2292 661 2346 δὲ
706 2290 938 2362 ἠδύνατο
985 2289 1206 2360 δόκησις
1255 2286 1414 2341 τοῦτο
1449 2281 1587 2339 εἶναι
1625 2284 1660 2356 ἢ

61 2390 389 2462 φάντασμα,
428 2388 504 2450 ὡς
532 2385 598 2439 σὺ
641 2384 846 2453 λέγεις,
881 2381 1019 2436 ἀλλὰ
1057 2379 1217 2452 σῶμα
1263 2377 1500 2450 ἀληθῶς,
1537 2377 1564 2431 ὃ
1597 2377 1662 2430 ὲκ

61 2483 297 2555 Μαρίας
326 2481 547 2552 εἴληφεν
578 2479 606 2532 ὁ
640 2476 863 2548 Κύριος,
904 2473 1104 2546 σάρκα,
1149 2470 1310 2541 φύσιν
1335 2471 1434 2543 τὴν
1462 2471 1662 2541 ἡμετέ-

68 2594 192 2648 ραν,
226 2577 322 2628 καὶ
348 2571 530 2634 ὀστέα,
566 2570 659 2623 καὶ
683 2567 751 2622 τὰ
780 2567 916 2621 ἄλλα
939 2582 952 2595 ·
982 2563 1168 2636 ἐπειδὴ
1204 2563 1547 2634 ὁμολογεῖται
1569 2560 1662 2614 καὶ

65 2668 231 2741 παρὰ
259 2668 343 2720 eoi.
371 2660 588 2734 σταυρῷ
616 2658 958 2733 προσπαγεὶς
985 2658 1014 2710 ὁ
1053 2656 1278 2728 Κύριος.

141 2865 307 2939 Σχόλ.
343 2862 443 2935 οβ’.
479 2858 770 2932 Παρέκοψε
797 2857 860 2911 τό
879 2874 892 2888 ’
925 2855 1194 2926 Σήμερον
1225 2852 1352 2925 μετ’
1378 2852 1524 2924 ἐμοῦ
1548 2853 1663 2911 ἔσῃ

65 2963 138 3015 ἐν
169 2958 255 3024 τῷ
283 2953 652 3024 παραδείσῳ.

145 3051 375 3118 Ἔλεγχ.
407 3044 506 3115 οβ’.
524 3042 720 3106 Καλῶς
735 3040 894 3095 τοῦτο
909 3041 1003 3095 καὶ
1026 3037 1302 3112 ἁρμοδίως
1318 3035 1660 3107 παρέκοψας’

68 3141 114 3199 ὦ
166 3142 472 3215 Μαρκίων·
530 3137 735 3208 ἐπῆρες
762 3134 868 3206 γὰρ
912 3134 1020 3188 ἀπὸ
1059 3133 1285 3186 σεαυτοῦ
1327 3132 1425 3204 τὴν
1461 3131 1664 3185 εἴσοδον

68 3239 166 3294 τοῦ
203 3233 560 3305 παραδείσου.
596 3228 734 3283 Οῠτε
779 3227 888 3298 γὰρ
924 3226 988 3279 σὺ
1017 3225 1324 3296 είσελεύσῃ,
1377 3223 1500 3277 οὔτε
1539 3224 1666 3286 τοὺς

72 3335 174 3386 σὺν
202 3328 291 3382 σοὶ
322 3326 525 3388 ἐάσεις.
557 3321 719 3375 Φύσει
761 3320 871 3392 γὰρ
903 3319 983 3390 τῷ
1015 3319 1128 3373 ὖντι
1171 3316 1388 3390 μισοῦσι
1431 3316 1494 3370 τὸ
1524 3317 1666 3385 ἀγα.-

72 3426 166 3479 Θὺν
188 3423 245 3476 οἱ
277 3417 590 3479 πλανῶντες
615 3414 710 3468 καὶ
737 3412 984 3484 πεπλανη
995 3412 1163 3482 μένοι.

145 3603 314 3673 Σχόλ.
359 3607 462 3668 ογ’.
517 3596 628 3652 Kal
703 3594 994 3664 φωνήσας
1048 3593 1220 3664 φωνῇ
1272 3593 1506 3665 μεγάλῃ
1567 3591 1669 3657 ἐξ-

73 3700 409 3752 ἐπνευσεν.

151 3791 380 3860 Ἔλεγχ.
406 3795 504 3858 ογ¹.
527 3789 592 3841 Εί
611 3786 955 3854 ἐξέπνευσεν,
981 3777 1026 3837 ὦ
1045 3781 1333 3854 Μαρκίων,
1361 3780 1456 3836 καὶ
1488 3781 1670 3851 φωνὴν

80 3883 331 3955 μεγάλην
362 3880 632 3939 ἀπέδωκε.
658 3878 822 3932 πόθεν
856 3877 1130 3944 ὲξέπνεεν,
1159 3875 1191 3945 ἢ
1228 3874 1281 3927 τί
1310 3873 1370 3928 τδ
1406 3873 1669 3938 ὲκπνέον;

77 3978 253 4049 Δῆλον
284 3976 345 4030 δέ
368 3976 505 4038 ἐστι,
541 3973 645 4028 κᾶν
674 3974 738 4026 σὺ
773 3971 849 4042 μὴ
884 3970 1090 4038 λέγεις.
1115 3969 1172 4020 Ψ
1177 3967 1278 4038 υχὴ
1308 3967 1405 4020 σὺν
1440 3969 1508 4038 τῇ
1553 3965 1674 4020 θεό-

79 4090 205 4143 τητι
239 4069 354 4125 ἀπὸ
383 4067 632 4139 σώματος
657 4063 1074 4137 ἐκπορευθεῖσα,
1105 4060 1200 4115 τοῦ
1229 4060 1477 4132 σώματος
1502 4058 1671 4113 ἄπνου

82 4163 396 4235 μείναντος,
431 4159 546 4230 ἔχει
574 4158 608 4229 ἡ
631 4156 878 4225 ἀλήθεια.

151 4426 322 4498 Σχόλ.
361 4423 456 4478 (ιδ’.
505 4418 653 4476 Ἰδοὺ
677 4416 833 4486 ἀνὴρ
859 4415 1103 4486 ὀνόματι
1142 4410 1366 4481 Ἰωσὴφ
1406 4411 1674 4467 καθελὼν

81 4522 143 4572 τὸ
170 4516 358 4586 σῶμα
404 4509 712 4574 ἐνετύλιξε
754 4505 1010 4572 σινδόνι,
1045 4503 1142 4557 καὶ
1172 4502 1390 4572 ἔθηκεν
1418 4500 1488 4553 ἐν
1521 4516 1674 4568 μνη-

77 4611 229 4681 μείῳ
261 4602 564 4670 λαξευτῷ.

157 4702 391 4769 Ἐλεγχ.
417 4697 507 4752 οδ¹.
541 4696 604 4749 Εἰ
643 4693 724 4759 τὸ,
767 4691 1060 4757 καθελὼν,
1091 4690 1186 4745 καὶ
1216 4688 1561 4755 ἐντυλίξας,
1588 4687 1679 4742 καὶ

83 4797 163 4858 τὸ,
201 4793 399 4849 θεῖναι
429 4790 499 4843 ἐν
540 4787 804 4859 μνήματι
853 4783 1149 4848 λαξευτῷ,
1187 4782 1249 4834 οὐ
1295 4780 1471 4835 πείθει
1519 4797 1602 4845 σε,
1636 4774 1684 4835 ὦ

83 4882 384 4954 Μαρκίων,
407 4878 490 4942 τίς
514 4895 608 4932 σου
643 4873 1030 4947 ἢλιθιώτεροςς
1064 4873 1128 4925 Τί
1155 4873 1211 4926 δὲ
1251 4871 1377 4927 ἄλλο
1416 4871 1682 4942 σαφέστε-

1705 4359 1755 4419 ῐ)

1762 1741 1894 1798 stat,
1930 1747 2000 1787 ne
2037 1732 2178 1803 adigi
2207 1733 2427 1802 quidem
2460 1732 2612 1786 cruci
2644 1737 2839 1801 potest.
2872 1726 3157 1795 Quomodo
3181 1726 3346 1797 igitur

1760 1833 1872 1882 tam
1902 1827 2172 1883 illustrem
2208 1826 2534 1882 sententiam
2560 1826 2785 1880 minime
2813 1823 3103 1880 devitasti?
3136 1829 3230 1875 aut
3260 1822 3346 1875 in-

1761 1937 1896 1993 gens
1935 1921 2042 1974 boc
2076 1918 2356 1990 negotium
2395 1917 2592 1972 callide
2635 1915 2989 1972 dissimulare
3019 1899 3137 1992 non.
3165 1927 3224 1967 es
3261 1925 3349 1982 ag-

1761 2027 2008 2084 gressus,
2040 2026 2150 2083 quo
2178 2018 2267 2065 tua
2299 2009 2454 2066 fraus
2489 2009 2670 2072 omnis
2703 2015 2758 2063 et
2799 2005 3126 2076 improbitas
3160 2001 3347 2056 fundi~

1761 2113 1853 2160 tus
1887 2103 2216 2160 labefactata
2254 2100 2536 2157 concidit?
2573 2098 2706 2154 Nam
2739 2098 2785 2153 si
2823 2096 3049 2152 omnino
3083 2094 3235 2149 cruci
3267 2102 3350 2148 est

1763 2196 1978 2262 aliisue,
2007 2212 2106 2252 cur
2142 2211 2252 2250 non
2277 2194 2413 2249 illud
2446 2193 2619 2260 vides,
2651 2208 2774 2248 cum
2807 2192 2898 2262 qui
2933 2188 3232 2245 cruciﬁxus
3267 2194 3350 2256 est

1764 2290 2072 2353 attrectari,
2093 2289 2324 2360 ejusque
2347 2302 2544 2342 manus
2566 2285 2824 2357 ac~pedes
2849 2283 3020 2339 clavis
3044 2282 3352 2354 perforari?

1765 2387 1943 2456 Quare
1983 2400 2095 2440 non
2126 2385 2242 2438 haec
2273 2383 2453 2438 inanis
2484 2383 2654 2445 larva,
2702 2380 2787 2434 vel
2834 2379 3046 2449 species
3092 2391 3216 2432 esse
3253 2391 3352 2446 po-

1764 2480 1886 2545 tuit,
1926 2486 1986 2532 ut
2018 2475 2259 2544 asseris;
2291 2473 2388 2530 sed
2436 2487 2627 2529 verum
2672 2487 2896 2541 corpus,
2933 2468 3078 2539 quod
3103 2483 3134 2524 e
3181 2466 3372 2522 Maria

1765 2569 2019 2626 Christus
2039 2566 2271 2636 accepit,
2298 2579 2519 2619 carnem
2545 2561 2799 2617 videlicet
2825 2566 3093 2623 nostram,
3121 2566 3176 2613 et
3198 2572 3348 2618 ossa,

1767 2673 2070 2732 caeteraque
2099 2659 2348 2730 corporis
2392 2657 2638 2712 membra
2670 2673 2682 2710 :
2716 2651 3162 2724 quandoquidem
3199 2649 3352 2705 cruci

1767 2753 1984 2807 atlixum
2020 2765 2142 2807 esse
2176 2748 2466 2803 Dominum
2493 2763 2562 2803 ne
2592 2746 2709 2817 ipse
2739 2745 2958 2815 quidem
2982 2741 3252 2801 diﬂiteris.

1843 2843 2027 2908 Schol.
2071 2841 2158 2895 72.
2201 2839 2316 2896 lloc
2366 2840 2590 2912 insuper
2637 2836 2905 2894 abstulit:
2939 2833 3113 2890 Hodie
3152 2848 3353 2890 mecum

1769 2935 1874 2990 eris
1904 2935 1957 2988 in
1985 2933 2299 3002 paradiso".

1847 3027 2032 3083 Refut.
2055 3028 2140 3081 72.
2165 3025 2332 3080 Recte
2355 3025 2460 3080 hoc
2491 3031 2547 3079 et
2575 3030 2946 3079 consentanea
2975 3019 3198 3090 quidem
3225 3018 3358 3074 sub-

1772 3117 2008 3183 traxisti,
2050 3115 2276 3171 Marcio.
2325 3112 2575 3169 Paradisi
2619 3113 2764 3169 enim
2810 3111 2906 3167 tibi
2935 3111 3142 3166 aditum
3184 3111 3356 3165 inter-

1772 3210 2004 3276 clusisti,
2041 3219 2099 3262 ut
2132 3221 2312 3277 neque
2343 3213 2459 3262 tute
2505 3205 2836 3277 ingrediare,
2889 3218 3066 3274 neque
3098 3209 3222 3256 tuos
3261 3215 3359 3272 pa.

1775 3304 1931 3360 tiaris
1956 3301 2168 3374 ingredi
2191 3302 2235 3356 ⁸.
2277 3301 2356 3356 lta
2390 3299 2536 3356 enim
2576 3307 2952 3369 comparatum
2981 3304 3086 3361 est,
3121 3303 3182 3350 ut
3212 3294 3359 3365 quod

1771 3395 1977 3451 bonum
2017 3402 2103 3449 est
2139 3390 2358 3448 oderint
2394 3397 2504 3446 tam
2541 3390 2636 3459 qui
2684 3390 2740 3444 in
2791 3403 3035 3444 errorem
3065 3387 3359 3454 inducunt,

1773 3499 1937 3558 quam
1968 3485 2059 3554 qui
2090 3481 2273 3538 induci
2308 3497 2368 3538 se
2400 3481 2744 3549 permittunt.

1848 3575 2038 3632 Schol.
2097 3574 2182 3630 75.
2247 3571 2317 3626 Et
2372 3571 2681 3626 exclamans
2748 3585 2870 3625 voce
2925 3584 3122 3638 magna
3181 3565 3361 3637 exspi-

1777 3669 1966 3725 ravit’.

1847 3760 2035 3816 Refut.
2073 3757 2162 3812 75.
2205 3757 2344 3814 Cum
2386 3754 2702 3828 exspirarit,
2735 3768 2768 3808 ο
2803 3752 3042 3808 Marcio!
3085 3752 3361 3818 Christus,

1779 3863 1832 3910 et
1875 3854 1932 3908 in
1978 3853 2254 3923 ingentem
2285 3863 2474 3904 vocem
2517 3847 2780 3918 eruperit,
2812 3847 3036 3916 quinam
3083 3845 3366 3916 exspirare

1783 3947 1977 4017 potuit,
2003 3952 2097 3999 aut
2117 3942 2248 4014 quid
2280 3941 2498 3996 tandem
2523 3939 2860 4010 exspiravit?
2887 3937 3158 3992 Nimirum
3179 3951 3367 4007 qnam-

1781 4040 1910 4094 libet
1934 4035 2099 4108 3&8
2121 4043 2326 4102 taceas,
2369 4031 2722 4087 manifestum
2773 4029 2918 4086 istud
2955 4036 3041 4086 est
3074 4045 3088 4083 :
3124 4029 3361 4083 animam

1784 4132 1976 4196 fuisse,
2008 4145 2130 4202 quae
2171 4145 2293 4185 cum
2325 4126 2617 4181 divinitate
2649 4139 2681 4178 a
2730 4137 2960 4193 corpore
3001 4120 3361 4186 discesserit;

1783 4242 1906 4282 cum
1939 4225 2158 4280 interim
2199 4223 2393 4278 animae
2427 4220 2559 4276 illud
2593 4231 2792 4290 expers
2831 4223 3097 4282 maneret,
3133 4223 3194 4269 ut
3224 4213 3367 4270 veri-

1783 4327 1867 4372 tas
1895 4316 2014 4385 ipsa
2045 4313 2312 4368 continet.

1863 4408 2049 4463 Schol.
2108 4406 2194 4460 74.
2239 4403 2371 4458 Ecce
2416 4404 2514 4466 vir,
2561 4400 2769 4455 nomine
2810 4397 3028 4468 Ioseph,
3075 4397 3366 4466 depositum

1789 4514 1976 4566 corpus
2003 4495 2240 4555 involvit.
2271 4503 2319 4548 et
2354 4494 2529 4563 posuit
2549 4493 2606 4546 in
2634 4498 2968 4545 monumento
2989 4487 3166 4541 exciso
3195 4488 3259 4540 ³ο.

1858 4677 2042 4734 Refut.
2081 4676 2167 4730 74.
2211 4671 2269 4727 Si
2297 4618 2592 4736 haz‘voces,
2635 4667 2951 4738 depositum,
2991 4670 3045 4718 et
3081 4662 3364 4724 involvens,

1789 4783 1844 4832 et
1881 4789 2070 4843 ponere
2097 4776 2152 4825 in
2185 4775 2520 4824 monumento
2550 4764 2745 4827 exciso,
2779 4760 3110 4832 persuadere
3137 4756 3235 4810 tibi
3271 4769 3370 4810 ne-

1786 4871 2018 4937 queunt,
2053 4861 2279 4925 Marcio,
2305 4858 2436 4930 quid
2460 4865 2515 4913 te
2545 4856 2671 4925 fingi
2699 4859 2878 4924 potest
2895 4848 3206 4905 amentius?
3227 4845 3368 4914 Quid

87 4940 249 5051 pov‘f;
287 4975 329 5028 Γ
337 4940 482 5046 ραφη
515 4968 628 5042 εἶχε
664 4940 854 5038 δεῖξαι,
891 4940 1052 5024 δπότε
1094 4968 1189 5022 καὶ
1231 4967 1292 5022 τὸ
1335 4940 1550 5039 μνῆμα,
1587 4967 1662 5020 κα¹

1828 4972 1968 5015 utem
2021 4954 2226 5011 clarius
2275 4951 2520 5007 indicare
2565 4947 2847 5017 Scriptura
2890 4940 3087 5015 potuit,
3142 4954 3266 4994 cum
3316 4943 3371 4992 et

84 5030 177 5123 τὸν
201 5030 402 5132 condit,
421 5030 526 5120 ’καὶ
566 5030 626 5119 τὸ
659 5030 795 5127 εἶδος
820 5030 1009 5130 ἔδειξε,
1053 5061 1149 5114 καὶ
1171 5059 1265 5114 τοῦ
1310 5030 1559 5130 σώματος
1583 5059 1662 5130 τὴι

1828 5057 2227 5113 ιοιιιιιιιθιιιιιιη,
2267 5052 2322 5106 et
2364 5043 2564 5106 locum,
2617 5047 2672 5096 et
2716 5038 2837 5108 ejus
2883 5036 3118 5090 formam
3167 5046 3231 5086 ac
3273 5030 3370 5085 de-

86 5121 401 5232 τριήμερον
451 5155 620 5218 θέσιν,
654 5153 750 5207 καὶ⁹
777 5121 849 5205 Et
892 5121 1093 5223 είλημα
1138 5150 1240 5220 τῆς
1288 5121 1551 5214 σινδόνος,
1596 5121 1662 5201 ἵνα

1828 5138 2146 5210 criptionem
2176 5132 2546 5206 expresserit;
2586 5128 2856 5184 addiderit
2899 5126 3126 5196 insuper
3161 5121 3372 5177 tridua-

89 5253 240 5325 δείξῃ
269 5251 581 5326 τῆννπᾶσαν
611 5245 897 5302 ἀλήθειαν

1786 5247 1913 5287 nam
1933 5231 2090 5296 illam
2122 5230 2175 5284 in
2208 5227 2460 5299 sepulcro
2489 5221 2998 5285 commorationem,
3033 5231 3158 5272 cum
3186 5211 3374 5270 sindo-

1786 5326 1875 5382 nis
1900 5323 2206 5387 involucra,
2239 5319 2319 5378 uti
2344 5324 2511 5374 totam
2540 5313 2620 5371 rei
2642 5313 2926 5372 veritatem
2950 5302 3301 5366 ostenderet?

159 5509 175 5540 ι
206 5505 421 5558 Deesse
437 5499 654 5553 videtur
689 5493 960 5562 nonnihil.
1018 5488 1252 5562 'Matth.
1277 5504 1367 5562 xv,
1396 5486 1450 5540 4.
1471 5558 1488 5562 _
1524 5485 1550 5562 ξ’
1582 5483 1769 5538 Matth.
1813 5481 2014 5562 xlx_,n6.
2128 5479 2260 5562 iure.
2294 5494 2405 5562 ἓν,
2438 5476 2527 5532 ‘26.
2595 5476 2615 5506 ⁸
2646 5472 2778 5552 L‘uc.
2809 5486 2963 5538 χχιιι,
2989 5467 3077 5523 55.
3157 5464 3175 5494 ⁸
3199 5459 3370 5516 Exod.

995 5562 1016 5595 ⁸
1041 5561 1173 5617 Luc.
1199 5575 1279 5624 xl,
1303 5545 1395 5614 52.
1469 5558 1490 5588 °
1523 5554 1656 5608 an.
1692 5570 1852 5619 XXIII,
1887 5552 1978 5610 46.
2058 5551 2104 5600 “P
2129 5551 2262 5606 ibid.
2296 5549 2386 5604 55.
2683 5545 2691 5552 ’
2820 5582 2823 5584 -

169 5729 287 5801 (80)
337 5725 665 5798 Ἔπιταγὶμι
711 5723 916 5793 ἐτέρας
953 5721 1229 5787 πῖστεως.
1267 5716 1426 5775 Corr.
1467 5712 1722 5782 ἐπιταγῇ.
