3844 6320
411 244 502 297 771

403 446 527 499 bato
552 442 833 499 secundum
861 441 1172 494 mandatum
1199 439 1238 490 ί.

476 536 656 591 Refut.
701 535 786 589 75.
814 532 986 596 Unde,
1019 546 1222 604 quaeso,
1258 531 1512 586 mulieres
1540 545 1767 585 reversae
1814 526 1977 582 sunt?

404 641 500 685 aut
533 646 633 683 cur
661 628 876 682 demum
917 625 1137 681 siluisse
1183 632 1491 686 narrantur,
1522 623 1626 677 nisi
1667 629 1725 675 ut
1761 621 1975 674 illarum

406 723 739 783 testimonia,
794 717 993 788 quibus
1026 718 1239 771 insania
1278 725 1368 769 tua
1421 714 1786 784 redarguitur,
1830 709 1977 764 Scri-

406 824 565 885 ptura
610 809 957 888 declararet?
998 806 1139 863 Ecce
1169 808 1265 862 tibi
1300 808 1555 861 mulieres
1592 812 1883 865 testantur,
1923 811 1977 857 et

406 906 660 976 apostoli,
700 911 753 959 et
793 901 985 966 Judrei,
1037 909 1091 957 et
1146 901 1344 971 angeli,
1382 906 1436 954 et
1470 897 1669 967 Joseph
1714 897 1850 963 ipse,
1885 895 1976 963 qui

410 997 697 1052 tractabile
728 1010 930 1065 corpus
962 1010 993 1049 e
1034 1008 1198 1047 cruce
1232 991 1473 1054 demisit,
1507 997 1561 1045 et
1582 987 1841 1044 obvolvit.
1872 985 1978 1041 Ve-

408 1103 529 1141 rum
578 1087 692 1156 quis
733 1102 849 1139 eum
894 1084 1145 1153 corrigat,
1173 1082 1262 1151 qui
1292 1082 1519 1148 seipsum
1548 1095 1642 1131 suo
1671 1076 1877 1147 judicio
1917 1092 1980 1130 ac

407 1180 671 1234 voluntate
698 1177 984 1246 pervertit?
1010 1175 1085 1229 uti
1110 1174 1373 1243 scriptum
1410 1171 1697 1242 legimus'.

479 1269 660 1324 Schol.
695 1268 784 1322 76.
830 1268 1085 1322 Dixerunt
1115 1268 1203 1337 qui
1232 1275 1381 1319 erant
1408 1266 1460 1317 in
1488 1273 1624 1317 veste
1657 1261 1817 1316 alba:
1841 1258 1979 1327 Quid

407 1363 643 1439 qtueritis
676 1363 925 1417 viventem
969 1377 1085 1414 cum
1137 1359 1394 1413 mortuis?
1424 1355 1686 1411 Surrexit.
1716 1352 1980 1407 Recorda-

409 1454 537 1505 mini
586 1469 701 1524 qua:
742 1452 947 1506 locutus
996 1460 1094 1515 est,
1141 1467 1260 1504 cum
1309 1448 1479 1501 adhuc
1522 1446 1981 1513 esset:Quoniam

408 1553 609 1611 oportet
638 1544 808 1613 [ilium
833 1543 1059 1597 hominis
1088 1542 1200 1610 pati
1226 1549 1273 1594 et
1297 1540 1438 1593 tradi
1459 1539 1500 1596 ⁸.

1815 233 1872 289 S.
1910 231 2250 287 EPIPIIANII

479 353 663 409 Schol.
708 350 795 405 75.
837 348 903 403 Et
938 355 1243 405 revertentes
1274 346 1519 401 mulieres
1550 345 1809 400 siluerunt
1842 345 1975 400 Sab-
2004 354 2050 408 Α

3575 222 3711 280 772.

2152 343 2305 414 Σχόλ.
2332 348 2424 396 σε’.
2466 341 2574 395 Καὶ
2606 338 3061 409 ὑποστρέψασαι
3094 339 3154 392 al
3188 336 3467 409 γυναῖκες
3508 337 3706 405 ἡσύ-

2077 450 2277 505 χασαν
2313 432 2379 486 τὸ
2411 432 2713 485 σάϐϐατον
2736 431 2886 485 κατὰ
2916 432 3023 483 τὸν
3050 430 3257 498 νόμον.

2153 526 2370 595 Ἔλεγχ.
2400 530 2493 577 σε’.
2532 522 2700 575 Πόθεν
2726 521 3068 594 ὑπέστρεψαν
3088 522 3144 574 αἱ
3169 522 3461 589 γυναῖκες;
3495 518 3609 571 διὰ
3644 516 3701 568 τί

2076 616 2135 669 δὲ
2167 616 2262 669 καὶ⁹
2308 615 2369 667 τὸ
2414 615 2690 686 ἡσύχασαν
2741 614 3085 685 γέγραπται;
3129 611 3244 664 ἀλλ’
3291 611 3379 663 ἴνα
3421 610 3593 681 δείξῃ
3662 610 3699 676 ἡ

2077 706 2266 778 Γραφὴ
2298 706 2394 777 τὴν
2450 705 2628 760 αὐτῶν
2676 704 3003 775 μαρτυρίαν,
3054 703 3383 773 ὲλέγχουσάν
3420 720 3510 755 σου

2077 798 2280 861 ἄνοιαν,
2310 791 2355 849 ὦ
2393 795 2678 867 Μαρκίων.
2718 795 2847 849 Ἰδοὺ
2876 793 2985 863 γὰρ
3019 795 3114 846 καὶ
3142 796 3399 862 γυναῖκες
3446 810 3699 863 μαρτυ-

2080 887 2232 961 ροῦσι
2260 931 2273 954 ,
2316 888 2410 941 καὶ
2466 885 2772 948 ἀπόστολοι,
2832 885 2927 938 καὶ
2976 884 3236 946 Ἰουδαῖοι,
3285 881 3381 936 καὶ
3417 883 3694 950 ἄγγελοι,

2079 979 2174 1029 καὶ
2217 976 2414 1047 Ἰωσὴφ
2440 979 2467 1029 ὁ
2505 975 2821 1047 ψηλαφητὸν
2853 974 3022 1038 ὅντως
3064 973 3223 1043 σῶμα
3270 972 3534 1035 καθελὼν,
3578 972 3699 1023 καὶ

2079 1066 2378 1137 ὲνειλήσας.
2421 1068 2515 1131 Τίς
2544 1064 2613 1118 δὲ
2656 1065 2954 1134 κοσμήσει
3002 1064 3109 1117 τὸν
3148 1065 3701 1131 αὺτοκατακρίτως

2080 1158 2297 1211 ἑαυτὸν
2329 1156 2762 1225 διαστρέφοντα
2778 1156 2900 1221 ub;
2929 1156 3044 1208 ἔστι
3074 1151 3481 1226 γεγραμμένον.

2150 1248 2305 1318 Σχόλ.
2334 1254 2439 1312 ος’.
2478 1244 2675 1301 Εἶπαν
2707 1251 2760 1300 οἱ
2796 1247 2866 1300 ἐν
2897 1246 3109 1315 ἐσθῆτι
3148 1244 3395 1315 λαμπρᾷ
3419 1263 3433 1276 ·
3475 1248 3534 1300 Ti
3575 1244 3699 1312 ἕη-

2081 1358 2114 1394 τ
2116 1340 2230 1394 εἴτε
2260 1332 2366 1392 τὸν
2386 1338 2569 1399 ζῶντα
2593 1340 2743 1408 μετὰ
2770 1336 2891 1393 τῶν
2915 1337 3173 1406 νεκρῶν;
3216 1337 3476 1406 Ἠγέρθη.
3504 1338 3697 1401 Μνή-

2081 1435 2265 1499 σθητε
2303 1431 2417 1484 ὅσα
2448 1430 2756 1511 ἐλάλησεν
2787 1430 2875 1483 ἔτι
2918 1430 3003 1483 ὢν
3025 1432 3153 1499 μεθ’
3191 1427 3379 1498 ὑμῶν’
3414 1430 3541 1483 Ὀτι
3583 1428 3700 1482 δεῖ

2081 1523 2189 1576 τὸν
2230 1523 2367 1575 Υἱὸν
2391 1521 2496 1575 τοῦ
2526 1522 2840 1589 ἀνθρώπου
2867 1522 3067 1576 πολλὰ
3089 1522 3321 1587 παθεῖν,
3352 1522 3455 1575 καὶ
3482 1538 3698 1575 :zaoa-

2084 1613 2354 1681 δοθῆναι.

480 1712 661 1769 Refut.
707 1711 792 1767 76.
832 1710 1019 1766 Fidem
1074 1710 1170 1765 tibi
1209 1708 1385 1764 facere
1436 1723 1504 1763 ne
1549 1706 1723 1778 angeli
1762 1706 1978 1777 quidem

2159 1678 2378 1776 Ἔλεγχ.
2414 1712 2520 1770 οςθ.
2547 1705 2681 1759 Οὐδὲ
2710 1699 2855 1759 οὗτοί
2884 1722 2942 1758 σε
2967 1705 3244 1759 πείθουσιν
3272 1707 3322 1760 οἱ
3345 1704 3596 1775 ἄγγελοι,
3639 1697 3699 1757 ὦ

411 1810 500 1865 isti
526 1812 774 1879 possunt,
800 1819 833 1858 ο
852 1802 1081 1857 Marcio!
1108 1800 1235 1855 dum
1264 1801 1441 1869 ipsum
1468 1798 1650 1854 triduo
1674 1798 1815 1852 inter
1834 1812 1981 1851 mor-

411 1912 535 1956 tuos
568 1904 845 1953 versatum
884 1908 1007 1949 esse
1052 1892 1369 1962 praedicant,
1397 1889 1758 1959 eumdemque
1795 1897 1982 1960 postea

414 1977 736 2053 redivivum,
784 2000 884 2040 nec
927 1983 1159 2053 amplius
1210 1989 1515 2042 mortuum;
1561 1981 1652 2049 qui
1702 1980 1985 2035 divinitate

412 2082 633 2153 quidem
690 2079 809 2148 ipsa
858 2081 1120 2146 perpetuo
1172 2072 1342 2139 vivat,
1399 2087 1575 2142 neque
1628 2081 1857 2127 mortem
1914 2072 1986 2127 sit

411 2178 670 2242 exp‘rtus
698 2165 1010 2237 aliquando,
1049 2179 1216 2218 carne
1246 2178 1377 2218 vero
1407 2162 1590 2217 triduo
1630 2172 1879 2218 mortuus
1900 2165 1985 2232 ja-

414 2263 609 2326 cuerit,
650 2275 713 2313 ac
742 2259 920 2313 denuo
952 2256 1132 2311 vivere
1153 2254 1400 2323 cmperit.
1437 2252 1527 2308 Sic
1552 2253 1697 2309 enim
1732 2254 1986 2309 mulieres

416 2354 808 2422 alloquuntur:
839 2348 1122 2411 Surrexit;
1176 2362 1279 2399 non
1337 2352 1415 2399 est
1460 2344 1563 2397 hic.
1619 2342 1760 2410 Quid
1807 2352 1984 2399 autem

416 2443 562 2499 aliud
588 2441 843 2513 surgendi
886 2455 1011 2503 vox,
1050 2436 1156 2491 nisi
1176 2451 1298 2491 eum
1340 2435 1634 2490 dormiisse
1675 2436 1988 2505 signiﬁcat?

415 2536 572 2603 Quod
613 2535 830 2604 quidem
872 2529 1215 2586 manifestius
1254 2535 1441 2598 postea
1470 2526 1772 2581 declarant.
1806 2527 1989 2582 Recor-

2085 1798 2367 1868 Μαρκίων,
2396 1797 2780 1868 ὁμολογοῦντες
2814 1797 2915 1867 μὲν
2948 1796 3109 1850 αὑτὸν
3137 1799 3433 1869 τριήμεμιν
3461 1797 3695 1866 μεταξὺ

2085 1887 2292 1958 νεκρῶν
2316 1887 2666 1957 γεγενῆσθαι,
2692 1886 2868 1951 ζῶντα
2895 1885 2949 1938 δὲ
2983 1886 3187 1952 λοιπὸν,
3224 1889 3319 1940 καὶ
3350 1888 3536 1941 οὐκέτι
3586 1904 3693 1940 νεα

2086 1980 2250 2049 κρόνο
2294 1980 2381 2033 ἀεὶ
2420 1979 2517 2049 μὲν
2556 1978 2734 2039 ζῶντα
2762 1980 2820 2030 ὲν
2852 1980 2917 2048 τῇ
2956 1978 3188 2048 θεότητι,
3238 1979 3331 2031 καὶ
3371 1980 3493 2050 μηδ’
3533 1979 3697 2039 ὅλως

2086 2068 2446 2141 νεκρωθὲντα,
2490 2068 2832 2140 νεκρωθέντα
2864 2068 2922 2122 δὲ
2951 2070 3092 2125 κατὰ
3134 2070 3312 2141 σάρκα
3340 2071 3403 2124 τὸ
3434 2072 3697 2142 τριήμε-

2091 2178 2204 2233 ρον,
2232 2161 2327 2215 καὶ
2356 2161 2515 2215 πάλιν
2542 2160 2739 2225 ζῶντα.
2758 2161 2988 2229 Λέγουσι
3006 2160 3114 2231 γάρ
3134 2162 3325 2225 αὑταῖς
3343 2178 3358 2193 ο
3397 2161 3693 2226 Ἀνέστη·

2084 2259 2193 2310 οὐκ
2220 2257 2395 2311 ἐστιν
2432 2251 2568 2313 ὧδε.
2601 2257 2674 2311 Τὸ
2705 2256 2761 2309 δὲ
2786 2255 3012 2325 ἀνέστη
3039 2256 3090 2310 τί
3120 2257 3237 2308 ὲστι
3266 2257 3316 2307 εἰ
3345 2253 3418 2325 μὴ
3456 2254 3541 2307 ὅτι
3578 2252 3697 2305 καὶ

2084 2350 2387 2420 ἐκοιμήθη;
2424 2349 2766 2418 Σαφέστερον
2806 2348 2916 2418 γὰρ
2950 2347 3081 2400 αὐτὸ
3132 2345 3464 2417 διηγοῦνται.
3501 2344 3693 2412 Μνή-

2083 2444 2266 2508 σθητε
2316 2442 2443 2513 γάρ,
2486 2440 2672 2512 φησὶν,
2720 2440 2809 2493 ὅτι
2851 2441 2937 2494 ἐτι
2976 2438 3190 2510 περιὼν
3228 2438 3416 2492 ταῦτα
3458 2439 3696 2505 ἔλεγεν

2084 2532 2228 2601 ὑμῖν
2244 2549 2257 2562 ·
2295 2535 2425 2587 ’Ότι
2455 2532 2548 2586 δεῖ
2570 2532 2783 2587 παθεῖν
2808 2532 2917 2586 τὸν
2941 2532 3079 2587 flor
3099 2532 3206 2586 τοῦ
3227 2529 3566 2598 ἀνθρώπου.

414 2630 618 2683 domini
655 2628 799 2683 enim
821 2668 834 2693 ,
867 2625 1137 2696 inquiunt,
1184 2622 1432 2695 quoniam
1461 2638 1579 2675 cum
1605 2622 1775 2676 adhuc
1807 2624 1991 2679 viveret
2032 2628 2164 2682 talia
2190 2630 2395 2683 loeutus
2428 2639 2505 2683 est
2537 2629 2680 2684 vobis
2706 2644 2725 2682 :
2758 2627 2900 2694 Quia
2940 2636 3142 2697 oportet
3176 2629 3289 2698 pati
3336 2625 3540 2681 Filium
3582 2623 3675 2678 bo

418 2742 598 2779 mnus.

492 2816 676 2871 Schol.
710 2816 801 2868 77.
844 2812 985 2878 Quin
1021 2825 1079 2865 ea
1109 2810 1350 2873 sustulit,
1390 2824 1511 2878 qua:
1563 2809 1813 2881 Cleophaa
1843 2811 1984 2879 ejus-

2163 2810 2315 2879 Σχόλ.
2343 2807 2435 2873 οξ.
2455 2808 2737 2881 Παρὲκοῲε
2761 2807 2819 2861 τὸ
2842 2806 3126 2879 εἰρημένον
3151 2807 3286 2878 πρὸς
3309 2807 3564 2862 Κλεόπαν
3583 2812 3687 2864 καὶ

416 2920 522 2975 que
551 2904 703 2959 socio
733 2901 875 2956 dicta
906 2907 1054 2962 sunt,
1089 2915 1212 2952 cum
1254 2899 1362 2954 illis
1386 2901 1627 2953 occurrit
1651 2918 1663 2952 :
1687 2899 1729 2955 0
1755 2901 1907 2954 stulti
1942 2910 1990 2955 et

2108 2903 2184 2956 τὸν
2226 2902 2404 2965 ἄλλον,
2451 2903 2541 2955 ὅτε
2582 2902 2913 2972 συνήντησεν
2958 2900 3164 2962 αὐτοῖς,
3190 2900 3288 2951 τόο
3312 2895 3385 2953 Ὦ
3424 2900 3688 2969 ἀνόητοι

420 2995 562 3047 tardi
608 2993 761 3046 corde
804 2990 871 3044 ad
930 2989 1242 3044 credendum
1288 2991 1343 3044 in
1391 2990 1631 3043 omnibus
1672 3006 1789 3059 quin
1831 2991 1991 3044 locuti

417 3094 538 3139 sunt
581 3084 841 3153 propheta:
856 3083 876 3135 !
909 3081 1095 3135 Nonne
1147 3081 1257 3133 lucc
1309 3082 1540 3147 oportuit
1574 3082 1756 3147 pati‘?
1781 3082 1857 3135 Ac
1888 3097 1990 3152 pro

418 3178 525 3238 his,
555 3174 873 3255 in‘omnibus
899 3190 1014 3243 qua:
1051 3172 1213 3225 locuti
1251 3180 1371 3223 sunt
1410 3171 1672 3239 propheta:
1696 3213 1709 3233 .
1748 3173 1988 3241 scripsit,

417 3269 471 3320 in
502 3248 665 3338 349
688 3267 926 3319 omnibus
976 3280 1091 3335 quae
1126 3264 1330 3318 loculus
1355 3248 1469 3317 sum
1500 3263 1665 3319 vobis.
1693 3264 1799 3319 Sed
1832 3281 1895 3319 ex
1927 3282 1993 3321 eo

416 3360 780 3429 red-arguitur,
830 3355 973 3427 quod
1016 3371 1137 3410 cum
1187 3370 1374 3423 panem
1421 3355 1599 3425 fregit,
1652 3359 1820 3425 aperti
1871 3368 1994 3412 sunt

418 3452 558 3504 oculi
588 3467 790 3513 eorum,
821 3458 868 3502 et
898 3456 1243 3518 coynoverunt
1270 3447 1421 3500 illum
1444 3448 1485 3501 ⁵.

494 3542 676 3597 llefut.
708 3542 794 3594 77.
837 3540 989 3595 Unde
1039 3540 1129 3593 illa
1178 3540 1337 3609 panis
1393 3538 1786 3603 fractio?‘dic,
1836 3540 1996 3595 sodes

421 3634 642 3688 Marcio.
670 3631 809 3686 Num
856 3632 924 3685 ab
972 3631 1118 3684 inani
1150 3631 1326 3700 aliqua
1358 3628 1561 3696 forma;
1599 3645 1668 3683 an
1701 3645 1729 3683 a
1766 3646 1995 3701 corpore

425 3725 563 3778 mole
592 3724 772 3791 aliqua
808 3728 1112 3786 constante,
1142 3734 1205 3774 ac
1239 3735 1426 3774 revera
1457 3719 1603 3774 istud
1649 3728 1843 3789 agente
1872 3735 1997 3789 pro-

422 3817 563 3871 iecta
596 3814 718 3870 est?
741 3814 877 3868 Cum
904 3814 1047 3867 enim
1082 3821 1385 3882 resurgeret
1414 3826 1443 3865 a
1477 3814 1730 3876 mortuis,
1754 3827 1879 3865 eum
1912 3828 1997 3867 eo-

424 3908 545 3962 dem
597 3906 689 3961 illo
732 3904 1080 3961 sanctissimo
1118 3916 1346 3972 corpore
1392 3902 1570 3971 reipsa
1626 3902 1883 3957 surrexit.
1916 3900 1997 3955 Tu

425 4014 553 4053 vero
586 4013 684 4068 pro
708 3997 793 4051 his
813 3995 994 4051 verbis
1024 4013 1036 4048 :
1070 3992 1259 4047 Nonne
1288 3993 1396 4047 [nec
1418 4001 1538 4046 sunt
1560 4010 1677 4063 qua:
1696 3993 1857 4046 locuti
1878 4002 2000 4047 sunt

422 4090 723 4159 prophetw?
763 4086 1087 4141 Reseribere
1137 4100 1304 4140 ausus
1346 4100 1405 4139 es
1440 4104 1453 4138 :
1488 4083 1676 4138 Nonne
1723 4084 1834 4137 htec
1877 4092 1999 4138 sunt

423 4196 541 4249 qua:
571 4179 777 4233 locutus
810 4193 924 4231 sum
950 4175 1130 4231 vobis?
1158 4176 1320 4245 Atqui
1359 4176 1405 4229 si
1453 4175 1554 4233 hoc
1590 4176 1697 4230 illis
1724 4174 1953 4229 dixisset
1982 4192 1997 4229 ι

2092 2994 2189 3048 καὶ
2215 2993 2464 3062 βραδεῖς
2499 2994 2607 3047 τοῦ
2653 2993 2958 3045 πιστεύειν
3004 2989 3191 3045 πᾶσιν
3226 2986 3317 3057 οἷς
3356 2992 3690 3059 ἐλάλησαν

2092 3090 2145 3142 οἱ
2176 3085 2514 3156 προφῆται.ί
2553 3085 2688 3154 οὐχὶ
2734 3082 2921 3138 ταῦτα
2964 3082 3083 3137 ἔδει
3124 3082 3366 3145 παθεῖν;
3401 3085 3492 3136 καὶ
3542 3084 3686 3137 ἀντὶ

2091 3178 2207 3241 τοῦ,
2238 3177 2330 3246 ἐφ’
2376 3173 2466 3244 οἷς
2485 3176 2802 3244 ἐλάλησαν
2832 3180 2884 3229 οἱ
2918 3172 3235 3243 προφῆται,
3268 3175 3544 3244 ἐποίησεν,
3584 3175 3686 3243 ἐφ’

2092 3265 2183 3335 οἷς
2212 3267 2491 3336 ἐλάλησα
2542 3267 2705 3337 ὑμῖν.
2742 3266 3053 3335 Ἐλέγχεται
3085 3265 3160 3326 δὲ,
3189 3266 3289 3330 δτι,
3319 3267 3408 3319 ὅτε
3445 3266 3684 3320 ἔκλεισε

2092 3362 2199 3414 τὸν
2224 3360 2425 3429 ἄρτον,
2470 3359 2850 3428 ἠνοίχθησαν
2890 3357 3090 3412 αὐτῶν
3130 3359 3184 3411 οἱ
3225 3358 3539 3427 ὀφθαλμοὶ,
3572 3360 3687 3413 καὶ

2093 3454 2446 3523 ἐπέγνωσαν
2475 3454 2679 3507 αὐτόν.

2170 3546 2387 3615 Ἔλεγχ.
2419 3543 2510 3608 oC'.
2571 3544 2740 3597 Πόθεν
2784 3544 2817 3614 ὴ
2862 3542 3053 3607 κλάσις
3089 3540 3183 3596 τοῦ
3212 3540 3377 3612 ἄρτου
3418 3541 3683 3610 ἐγένετος

2095 3634 2242 3704 λέγε,
2273 3630 2318 3689 ὦ
2373 3633 2659 3707 Μαρκίων.
2704 3633 2838 3688 ’Λπδ
2880 3635 3178 3705 φαντασίας
3211 3633 3243 3704 ἦ
3276 3632 3385 3687 ἀπὸ
3417 3632 3681 3703 σώματος

2097 3726 2446 3799 ἐνεργοῦντος
2476 3724 2714 3800 ὀγκηροῦ
2762 3726 2905 3781 κατὰ
2946 3726 3232 3798 ἀλήθειανς
3280 3724 3537 3786 Ἀναστὰς
3560 3724 3679 3794 γά(⁵

2098 3819 2162 3871 ὲκ
2187 3818 2293 3871 τῶν
2326 3818 2556 3889 νεκρῶν,
2589 3822 2646 3873 ὲν
2676 3817 2825 3889 αύτῷ
2853 3818 2931 3889 τῷ
2967 3819 3107 3889 άγίῳ
3135 3816 3345 3887 σώματι
3383 3814 3585 3883 ἀνέστη
3618 3816 3681 3867 ὲν

2100 3910 2345 3983 ἀληθείᾳ.
2397 3911 2685 3981 Ἐποίησας
2734 3911 2813 3974 δὲ,
2873 3904 2918 3963 ὦ
2959 3910 3245 3982 Μαρκίων,
3294 3910 3416 3963 ἀντὶ
3458 3909 3551 3962 τοῦ
3589 3913 3681 3963 Οὐ

2098 4003 2283 4057 ταῦτά
2314 4004 2483 4056 ἐστιν
2504 4001 2542 4057 ἃ
2567 4002 2884 4071 ἐλάλησαν
2914 4005 2969 4056 οὶ
2997 4001 3293 4071 προφῆται
3316 4018 3335 4065 ;
3377 4003 3458 4055 Οὐ
3486 4001 3683 4054 ταῦτά

2098 4094 2269 4146 ἐστιν
2296 4090 2335 4145 ά
2364 4091 2639 4159 ἐλάλησα
2664 4092 2829 4161 ὑμῒν;
2861 4093 2922 4146 El
2959 4092 3017 4144 δὲ
3047 4087 3196 4144 εἶπεν
3230 4092 3413 4154 αὐτοῖς
3432 4108 3446 4121 ο
3496 4089 3680 4144 Ἐλά-

2099 4189 2262 4252 λησα
2318 4185 2482 4255 ὑμῖν,
2523 4185 2697 4256 πάντη
2758 4186 3053 4252 ἐγίνωσκον
3100 4185 3263 4237 αὐτὸν
3309 4184 3375 4237 ἂν
3405 4183 3515 4237 ἀπὸ
3575 4182 3678 4235 τοῦ

426 4272 655 4326 Locutus
690 4286 807 4323 sum
837 4267 1000 4332 vobis,
1036 4267 1199 4322 exiis
1234 4268 1420 4336 utique
1452 4266 1633 4322 verbis
1683 4267 1861 4335 ipsum
1908 4280 1991 4320 co-

2108 4277 2259 4346 λόγου
2286 4277 2377 4330 τοῦ
2399 4278 2678 4345 ἐλάλησα
2708 4277 2871 4346 ὑμῖν.
2907 4277 3031 4340 Πῶς
3064 4272 3155 4331 οὖν
3180 4277 3237 4330 ὲν
3260 4279 3326 4347 τῇ
3361 4275 3549 4329 κλάσει
3573 4274 3677 4327 τοῦ

424 4378 687 4434 gnoscere
728 4362 1047 4416 debuerant.
1078 4360 1187 4415 Cur
1234 4360 1398 4429 igitur
1431 4359 1484 4412 in
1530 4358 1829 4428 frangendo
1865 4374 2004 4427 pane

424 4456 669 4525 subjicit,
702 4453 884 4521 Aperti
928 4460 1050 4505 sunt
1094 4451 1309 4505 illorum
1361 4451 1519 4515 oculi,
1566 4458 1615 4504 et
1656 4460 2003 4520 cognoverunt

425 4565 543 4602 eum
572 4555 662 4602 :et
692 4546 902 4600 evanuit
922 4547 948 4601 ll
968 4544 1042 4598 Ita
1071 4544 1273 4614 quippe
1297 4543 1462 4598 Deum
1489 4542 1733 4607 decebat,
1766 4542 1857 4612 qui
1883 4557 2005 4596 eor-

426 4657 528 4711 pus
557 4655 715 4695 suum
762 4639 819 4692 in
867 4636 1111 4707 spiritale
1143 4636 1525 4696 convertisset,
1559 4651 1743 4691 verum
1780 4634 1999 4704 quidem

426 4731 561 4785 illud
590 4729 902 4792 ostendere,
936 4728 1029 4782 sed
1063 4728 1277 4797 quoties
1303 4735 1486 4782 tamen
1517 4728 1765 4781 libuisset
1799 4734 2000 4779 morta-

428 4821 560 4875 lium
579 4820 754 4875 oculis
776 4819 1101 4875 subtrahere
1126 4832 1141 4870 :
1164 4817 1383 4887 quando
1412 4818 1546 4871 nihil
1571 4826 1654 4873 est
1681 4818 1824 4887 quod
1856 4818 2000 4871 illius

430 4920 747 4981 potestatem
799 4910 1041 4980 effugiat.
1072 4907 1206 4962 Nam
1246 4916 1299 4962 et
1322 4907 1552 4962 Elisazus
1574 4908 1837 4977 propheta
1877 4921 2000 4960 cum

428 5013 595 5065 esset,
618 5011 671 5056 et
701 5017 731 5056 a
758 5000 868 5055 Deo
899 5000 1160 5055 beneﬁcio
1184 4997 1451 5069 ejusmodi
1481 5006 1627 5054 esset
1652 4997 1896 5061 allectus,
1936 4996 2005 5051 ab

428 5096 616 5147 eodem
642 5094 954 5163 postulavit,
982 5102 1040 5146 ut
1070 5092 1160 5161 qui
1187 5107 1245 5146 se
1270 5098 1595 5161 quzererent,
1626 5089 1753 5143 caeci
1784 5096 2003 5157 repente

432 5186 621 5239 tierent
650 5203 663 5237 :
699 5184 844 5255 quod
874 5184 946 5238 ita
970 5191 1178 5253 gestum
1206 5171 1310 5245 est,
1339 5191 1398 5236 ut
1424 5197 1547 5237 eum
1580 5181 1656 5235 illi
1691 5179 1995 5247 cuiusmodi

430 5284 547 5331 erat
578 5274 765 5329 videre
796 5289 904 5328 non
950 5274 1228 5343 possent‘.
1269 5272 1578 5339 Quinetiam
1615 5271 1869 5327 Sodomis
1902 5286 1999 5325 an-

430 5365 534 5436 geli
568 5364 688 5418 Loti
716 5366 914 5419 ostium
945 5364 1249 5419 subducere
1293 5365 1468 5419 oculis
1509 5369 1824 5432 potuerunt,
1862 5361 1999 5416 adeo

431 5468 492 5513 ut
520 5456 719 5512 intueri
751 5456 880 5511 illud
913 5454 1205 5511 Sodomita:
1231 5442 1635 5524 nequiverint".
1670 5451 1996 5507 Utrumnam

504 5575 519 5606 ¹
551 5574 678 5630 Luc.
714 5589 869 5635 xuii,
918 5574 1004 5628 56.

432 5642 458 5680 '
494 5641 630 5703 Gen.
664 5662 777 5714 xix,
810 5646 870 5701 11
892 5661 1013 5717 sqq.

2100 4368 2267 4439 ἄρτου
2333 4368 2515 4437 λέγει’
2568 4368 2965 4438 Ἠνοίχθησαν
3021 4367 3219 4422 αὐτῶν
3265 4370 3316 4421 οἱ
3353 4368 3676 4436 ὀφθαλμοὶ,

2100 4459 2197 4513 καὶ
2251 4458 2603 4530 ἐπέγνωσαν
2654 4460 2875 4512 αὐτόν·
2939 4457 3037 4511 καὶ
3088 4457 3349 4527 ἄφαντος
3398 4440 3678 4525 ἐγιένετο;

2104 4552 2350 4622 Ἔπρεπε
2372 4550 2481 4621 γὰρ
2506 4548 2654 4620 αύτῷ
2676 4549 2796 4619 Θεῷ
2819 4549 2952 4609 ὄντι,
2980 4549 3073 4602 καὶ
3097 4548 3475 4619 μεταϐάλλοντι
3506 4547 3679 4600 αὐτοῦ

2098 4642 2160 4694 τὸ
2196 4643 2353 4711 σῶμα
2373 4644 2451 4704 εἰς
2489 4641 2881 4712 πνευματικὸν,
2924 4639 3193 4694 δεικνύναι
3232 4638 3330 4709 μὲν
3356 4638 3487 4691 αὐτὸ
3514 4639 3681 4707 σῶμα

2097 4734 2370 4803 ἀληθινὸν,
2423 4733 2794 4803 ἀφαντοῦσθαι
2842 4733 2900 4786 δὲ
2942 4734 3029 4785 ὅτε
3065 4731 3341 4784 ἐϐούλετοο
3381 4731 3462 4783 ὅτι
3496 4731 3679 4786 πάντα

2098 4824 2245 4895 αὐτῷ
2274 4825 2496 4878 δυνατά.
2528 4825 2636 4879 Καὶ
2655 4825 2763 4896 γὰρ
2802 4824 2896 4876 καὶ
2937 4823 3234 4886 Ἐλισσαῖος
3261 4823 3545 4893 προφήτης
3571 4821 3674 4885 ὢν,

2098 4917 2196 4968 καὶ
2220 4919 2282 4968 ὲκ
2304 4915 2438 4968 Θεοῦ
2460 4915 2639 4969 λαϐὼν
2666 4915 2765 4986 τὴν
2805 4915 2984 4985 χάριν,
3016 4913 3183 4985 Ιᾔτησε
3211 4912 3359 4983 παρὰ
3383 4912 3517 4964 Θεοῦ
3552 4916 3677 4977 τοὺς

2101 5007 2259 5060 αὐτὸν
2328 5006 2625 5077 ζητοῦντας
2681 5006 3019 5077 παταχθῆναι
3070 5004 3337 5076 ἀορασίᾳ·
3398 5004 3493 5056 καὶ
3538 5005 3677 5055 ἐπα-

2107 5096 2402 5168 τάχθησαν,
2446 5098 2538 5150 καὶ
2570 5097 2669 5149 ούκ
2701 5095 2926 5148 ἔϐλεπον
2956 5094 3118 5148 αὐτὸν
3144 5094 3378 5147 τοιοῦτον
3406 5092 3536 5146 ὄντα
3563 5087 3675 5156 οἷος

2095 5181 2181 5257 ἦν.
2224 5186 2384 5239 Ἀλλὰ
2421 5186 2517 5240 καὶ
2552 5188 2609 5240 ὲν
2652 5185 2907 5255 Σοδόμοις
2947 5185 3047 5254 τὴν
3084 5182 3370 5255 θύραντοῦ
3408 5180 3529 5235 Λὼτ
3560 5183 3669 5235 ἀπο

2097 5277 2341 5348 ἐκρυψαν
2376 5278 2425 5330 οἱ
2457 5277 2696 5346 ἄγγελοι,
2726 5276 2818 5329 καὶ
2857 5276 2956 5329 οὐκ
2992 5275 3217 5327 ἔϐλεπον
3247 5272 3414 5347 αὐτὴν
3445 5274 3493 5325 οἱ
3519 5274 3673 5325 Σοδο-

2103 5369 2273 5436 μῖται.
2303 5365 2396 5437 Μὴ
2430 5368 2525 5419 καὶ
2571 5368 2603 5437 η
2630 5364 2768 5435 θύρα
2792 5364 2885 5417 τοῦ
2916 5362 3037 5417 Λὼτ
3070 5363 3289 5433 δόκησις
3321 5357 3410 5433 ἦν,
3436 5355 3482 5414 ὦ
3514 5362 3671 5431 Μαρ-

2101 5457 2273 5523 κίων;
2315 5459 2413 5528 ούχ
2468 5456 2816 5510 ὑπολείπεται
2866 5456 2921 5509 δέ
2972 5472 3053 5508 σοι
3094 5454 3373 5523 ἀντιλογία
3424 5454 3662 5525 οὐδεμία.

1097 5574 1117 5605 ¹
1157 5571 1335 5629 Eccle.
1378 5587 1416 5639 ι,
1456 5573 1540 5627 15.
1619 5570 1792 5627 'Lue.
1828 5588 1975 5641 xxxv,

2139 5578 2160 5609 ⁸
2191 5577 2322 5633 ibid.
2362 5577 2425 5632 15
2450 5593 2571 5648 sqq.
2649 5578 2669 5609 ⁵
2705 5576 2834 5631 ibid.
2866 5577 2954 5631 51.
3032 5576 3053 5606 ⁶
3082 5571 3147 5627 IV
3178 5571 3308 5644 Reg.
3345 5586 3413 5638 vi,
3456 5568 3517 5623 l8
3548 5580 3665 5636 sqq.
