3768 6182
34 235 151 295 773

684 225 1051 286 ADVERSUS
1091 220 1428 279 HAERESES
1468 216 1593 272 LIB.
1636 215 1650 268 l

1828 214 1877 271 ll.
1917 212 2077 268 ιιι-
2112 207 2389 264 llAZRES.
2430 204 2590 261 XLII.

3202 196 3307 251 ⁸17ιὶ

38 355 290 409 Ἐκλασε
306 349 513 425 γὰρτδν
532 348 693 423 ἄρτον
724 347 931 417 σαφῶς,
958 344 1051 399 καί⁸
1086 341 1304 396 διέδωκε
1334 340 1446 400 τοῖς
1467 333 1629 390 αὐτοῦ

1828 346 1899 385 ur
1928 328 2047 382 Loti
2081 326 2247 396 janua
2277 335 2417 375 vana
2448 318 2696 388 quaedam
2737 313 2950 386 species
2973 311 3096 375 fuit,
3126 309 3319 364 oblatu

1835 420 1853 425 -
1883 418 1926 425 _-
2070 417 2079 425 .
2104 414 2117 425 .
2303 411 2312 422 ι
2338 410 2351 425 ι
2402 424 2407 425 ,
2462 416 2570 425 ...Α
2607 408 2714 425 [μ-
2750 405 2957 425 I_2_-..._-_
2991 400 3167 425 -,...,.2,.
3227 396 3280 425 αι

42 445 346 517 μαθηταῖς.

117 702 280 773 Σχὸλ.
310 708 411 773 οηθ.
451 701 512 755 Τί
534 695 953 767 τεταραγμένοι
984 693 1156 758 ἐστέ;
1180 692 1356 747 Ἴδετε
1379 691 1486 757 τὰς
1513 688 1632 759 χεῖ-

34 792 156 860 ράς
171 812 295 862 μου
335 793 433 847 καί
489 792 630 857 τοὺς
687 791 877 857 πόδας
901 804 1048 858 μου*
1090 787 1179 840 ὅτι
1220 783 1453 853 πνεῦμα
1481 780 1633 836 ὀστᾶ,

41 881 162 932 οὐκ
190 880 340 949 ἕχει,
367 879 561 945 καθὼς
586 879 691 949 ἐμὲ
716 877 981 947 θεωρεῖτε
1003 876 1241 945 ἔχοντα.

124 975 352 1043 Ἐλεγχ.
397 980 498 1044 οην.
524 973 619 1036 Τίς
651 973 749 1025 οὐκ
799 972 865 1024 ἂν
913 968 1258 1038 καταγελάσῃ
1301 965 1398 1021 τοῦ
1443 963 1630 1035 λήρου,

42 1070 106 1120 ὲν
141 1066 431 1139 ἀφροσύνῃ
453 1067 645 1118 ἑαυτὸν
680 1065 773 1119 καὶ
800 1064 1000 1134 ἐτέρων
1030 1060 1207 1131 ψυχάς
1246 1056 1634 1118 κατασπῶντος

43 1162 131 1223 εἰς
175 1160 344 1231 ᾅδην;
407 1157 470 1210 Εἰ
525 1157 620 1228 μὲν
667 1156 773 1225 γὰρ
809 1154 908 1224 οὐχ
934 1152 1266 1224 ,ὡμολόγητο
1299 1152 1426 1222 παρ’
1468 1146 1633 1201 αὑτοῦ

43 1254 79 1322 ἡ
114 1251 318 1322 πλάνη,
348 1249 442 1303 καί
484 1246 810 1318 συγγνώμην
855 1242 998 1315 εἶχον
1026 1245 1075 1297 οἰ
1109 1244 1200 1296 ὑπ’
1230 1242 1393 1297 αὑτοῦ
1426 1243 1635 1311 ἠπατη-

50 1344 249 1414 μένοι·
303 1341 397 1396 νῦν
437 1341 493 1394 δὲ
553 1339 740 1409 ἐπειδὴ
786 1339 991 1400 ἐκεῖνος
1043 1335 1384 1405 ὡμολόγησε,
1434 1331 1529 1385 καὶ
1574 1330 1633 1385 ού

47 1436 292 1508 περιῆρε
326 1433 395 1488 τὰ
423 1432 561 1503 ῥητὰ
589 1432 780 1497 ταῦτα,
812 1427 1244 1499 ἀναγινώσκουσι
1285 1426 1342 1478 δὲ
1384 1424 1521 1479 αὐτὰ
1543 1424 1637 1477 καὶ

1731 396 1857 475 cio?
1883 418 2002 473 Non
2032 414 2190 471 video
2222 410 2352 482 quid
2388 416 2579 462 contra
2606 408 2720 459 haec
2750 405 2962 459 hiscere
2991 400 3190 471 possis.
3227 396 3316 451 Si-

1732 508 1951 581 quidem
1996 518 2191 576 panem
2241 496 2532 554 manifeste
2587 493 2768 564 fregit,
2799 500 2854 547 et
2903 491 2961 545 in
3011 487 3315 558 discipulos

1733 615 1866 657 suos
1895 595 2197 653 distribuit.

1805 688 1991 744 Schol.
2011 686 2097 740 78.
2142 682 2282 750 Quid
2309 680 2506 736 turbati
2528 677 2698 732 estis?
2730 672 2912 728 Videte
2937 686 3126 725 manus
3151 680 3333 731 meas,‘

1732 794 1781 849 et
1810 782 1961 850 pedes
2001 794 2160 839 meos,
2187 777 2312 846 quia
2336 774 2556 843 spiritus
2581 785 2703 823 ossa
2728 783 2829 820 non
2853 763 3029 829 habet,
3067 764 3203 817 sicut
3238 778 3320 814 me

1734 872 1916 926 videtis
1955 868 2144 921 habere
2161 869 2204 921 ’.

1805 963 1989 1018 Refut.
2018 960 2105 1014 '78.
2146 958 2278 1025 Quis
2304 951 2732 1026 nugacissimum
2758 948 2905 1001 hunc
2930 960 3037 1000 non
3070 942 3335 1012 irrideat,

1735 1058 1828 1128 qui
1851 1053 2149 1109 stoliditate
2180 1065 2278 1105 sua
2302 1063 2425 1103 cum
2453 1041 2827 1112 semetipsum,
2856 1047 2970 1091 tum
2996 1042 3323 1091 caeterorum

1738 1149 1950 1202 animas
1979 1144 2046 1198 ad
2070 1142 2274 1198 inferos
2303 1135 2588 1195 detrudat?
2621 1133 2757 1187 Nam
2788 1131 2892 1186 nisi
2928 1130 3043 1183 haec
3078 1128 3167 1183 ille
3198 1143 3325 1181 con-

1741 1240 1981 1296 fiteretur
1999 1236 2205 1300 omnia,
2232 1233 2458 1287 haberet
2479 1229 2599 1298 ejus
2620 1241 2776 1282 error
2799 1224 3038 1278 colorem
3064 1222 3324 1290 aliquem,

1739 1347 1802 1387 ac
1830 1330 1985 1387 venia
2011 1328 2160 1399 digni
2192 1336 2469 1394 utcunque
2491 1320 2690 1381 forent,
2714 1317 2809 1387 qui
2835 1332 2894 1370 se
2925 1316 2994 1369 ab
3016 1315 3109 1368 illo
3141 1311 3323 1381 decipi

1739 1430 2077 1496 paterentur.
2110 1420 2266 1475 Nune
2292 1432 2416 1472 cum
2449 1422 2502 1470 et
2528 1414 2633 1469 iste
2658 1412 2825 1467 verba
2861 1410 2951 1463 illa
2989 1424 3088 1479 pro
3118 1402 3328 1478 germa-

45 1530 98 1582 oi
136 1526 329 1591 αὐτοῦ,
359 1527 393 1598 ἡ
420 1524 661 1597 ἁμαρτία
683 1522 847 1577 αὑτοῦ
886 1521 980 1576 καί
1005 1520 1113 1575 τῶν
1142 1519 1321 1575 αὐτῶν
1347 1518 1517 1590 μένει,
1545 1516 1638 1569 καὶ

1828 1556 1829 1563 η
1854 1516 2072 1579 habeat,
2104 1527 2205 1567 nec
2229 1526 2294 1566 ea
2320 1508 2605 1566 sustulerit
2634 1524 2649 1561 :
2683 1514 2739 1561 et
2782 1506 2852 1559 ab
2890 1501 3135 1573 ejusdem
3159 1498 3329 1554 disci-

46 1620 435 1691 ἁπαραίτητον
468 1618 527 1671 τὸ
555 1615 718 1670 αὐτοῦ
771 1615 865 1668 καὶ
894 1615 957 1667 τὸ
987 1612 1166 1667 αὐτῶν
1198 1611 1332 1682 πῦρ,
1368 1608 1640 1662 ἀναπαλο-

1828 1608 1885 1663 lis
1916 1608 2327 1677 lcgantur,cum
2356 1609 2712 1668 utrorumque
2741 1595 3023 1657 delictum,
3060 1601 3174 1646 tum
3197 1604 3329 1645 vero

47 1716 251 1783 γὴτοις
296 1706 415 1765 οὖσι
437 1727 452 1742 ο
503 1708 687 1779 σαφῶς
727 1706 821 1760 τοῦ
852 1706 1104 1777 Σωτῆρος
1141 1701 1471 1769 διδάξαντος,
1496 1698 1636 1771 μετὰ

1828 1701 1884 1756 iis
1923 1698 2013 1752 ille
2041 1704 2243 1761 manet,
2273 1708 2433 1763 quem
2455 1690 2604 1745 nulla
2632 1686 3013 1759 tergiversatio
3048 1684 3222 1755 possit
3244 1681 3301 1736 ef
3316 1711 3327 1721 -

48 1770 357 1861 tivdczactv
393 1803 526 1855 ὀστᾶ
555 1770 649 1855 καὶ
678 1799 856 1871 σάρκα
883 1770 1066 1868 ἕχει-ἶ,
1094 1798 1169 1859 ὼς
1196 1794 1357 1857 αὐτὸς
1386 1791 1635 1864 ἐμαρτύ-

1828 1806 1928 1857 ;ere
1953 1805 1968 1842 :
1996 1795 2183 1858 utpote
2209 1786 2409 1856 quibus
2431 1782 2612 1837 omnis
2639 1781 2889 1850 adempta
2915 1778 2990 1834 sit
3012 1770 3342 1834 excusatio.’

1739 1884 1874 1939 Nam
1908 1881 1962 1935 id
2010 1888 2198 1951 aperte
2242 1878 2495 1932 Salvator
2525 1874 2779 1939 edocuit;
2812 1880 2935 1942 post
2972 1868 3333 1924 resurrectio-

1743 1991 1865 2031 nem
1896 1974 2115 2030 ossibus
2145 1986 2203 2026 se
2233 1984 2298 2023 ac
2325 1983 2492 2023 carne
2523 1975 2802 2029 constare,
2832 1962 2981 2032 quod
3013 1961 3128 2014 haec
3159 1959 3335 2029 ipsius

1743 2070 1909 2125 verba
1931 2066 2315 2122 demonstrant
2346 2082 2361 2118 :
2393 2060 2541 2116 Sicut
2573 2076 2654 2113 me
2684 2057 2869 2112 videtis
2909 2053 3121 2108 habere.

1818 2160 1996 2228 Atque
2022 2156 2127 2211 hoc
2152 2155 2297 2211 illius
2320 2152 2503 2223 operis
2540 2154 2917 2221 argumentum
2933 2154 3038 2211 cst,
3068 2143 3215 2215 quod
3246 2147 3336 2197 ad-

1744 2266 1941 2307 versus
1972 2248 2303 2303 Marcionem
2338 2245 2768 2305 elaboraveram,
2822 2239 3076 2309 quodque
3124 2251 3193 2292 ex
3229 2236 3338 2290 illis

1745 2340 2021 2412 Evangelii
2052 2338 2215 2409 350
2255 2334 2524 2404 reliquiis.
2568 2347 2706 2403 quas
2746 2331 2925 2385 adhuc
2968 2329 3186 2392 retinet,
3219 2341 3342 2382 car-

1746 2434 1880 2504 ptim
1912 2446 1971 2487 se
2002 2432 2261 2499 legeram.
2288 2427 2445 2493 Quod
2478 2425 2695 2496 quidem
2711 2422 2777 2477 ad
2813 2421 3162 2477 refutandum
3190 2419 3338 2484 illius

1747 2538 1988 2581 errorem
2006 2521 2252 2577 sufficere
2265 2515 2703 2574 arbitror.Venio
2719 2530 2862 2569 nunc
2874 2512 2941 2567 ad
2957 2513 3199 2582 reliquas
3214 2526 3342 2580 apo-

1750 2616 1875 2674 stoli
1903 2612 2226 2675 sententias,
2253 2626 2392 2682 quas
2420 2607 2644 2680 perinde
2663 2602 3051 2661 adsciscendas
3082 2601 3292 2672 putavit
3322 2618 3336 2654 :

1750 2722 1851 2779 ego
1883 2721 2012 2761 vero
2046 2712 2227 2759 vestra
2255 2717 2421 2757 causa
2457 2699 2800 2771 potissimum
2827 2694 3097 2765 excerpsi,
3126 2693 3180 2747 iu
3206 2692 3342 2747 iisce

1752 2795 2122 2871 proponendis
2147 2794 2400 2850 eumdem
2433 2807 2543 2863 quo
2578 2791 2668 2845 ille
2696 2803 2829 2844 usus
2855 2795 2961 2851 est,
2988 2785 3232 2840 ordinem
3260 2800 3343 2839 se-

1753 2891 1999 2959 riemque
2034 2887 2204 2951 tenui,
2239 2893 2301 2941 ut
2334 2885 2401 2940 ab
2426 2899 2489 2939 ea
2527 2898 2649 2953 quae
2680 2882 2745 2936 ad
2777 2880 2997 2935 Galatas
3030 2879 3234 2949 scripta
3256 2885 3342 2933 est

52 1915 197 1971 ρησε
255 1897 429 1967 λέγων
447 1911 461 1928 ο
512 1895 605 1961 Ὠς
633 1893 738 1965 ἐμὲ
762 1891 935 1961 ὁρᾶτε
963 1890 1202 1959 ἔχοντα.

130 2158 285 2230 Αὕτη
335 2157 480 2210 ἐστὶν
528 2158 561 2228 ὴ
611 2154 732 2209 κατ’
769 2149 933 2205 αὑτοῦ
964 2149 1072 2205 ἀπὸ
1100 2148 1206 2203 τῶν
1231 2146 1498 2217 λειψάνων
1533 2144 1640 2199 τῶν

54 2250 196 2320 παρ’
227 2245 375 2318 αὐτῷ
422 2243 740 2316 σωζομένων
777 2243 842 2295 ὲκ
883 2240 977 2293 τοῦ
1012 2237 1345 2307 Εὑαγγελίου
1387 2234 1642 2299 ὑπόθεσις

54 2342 163 2410 τῆς
195 2338 355 2410 ἡμῶν
378 2334 754 2405 πεποιημένης
776 2332 842 2397 διῗ
860 2331 1021 2384 αὑτὸν
1050 2327 1452 2401 πραγματείας,
1476 2324 1551 2387 ῶς
1578 2340 1644 2393 γε

55 2430 271 2502 νομίζω
302 2427 498 2492 ἱκανῶς
532 2426 674 2497 ἔχειν
704 2423 840 2495 πρὸς
880 2421 1148 2477 ἀντίθεσιν
1189 2420 1286 2490 τῆς
1313 2416 1475 2471 αὐτοῦ
1504 2416 1648 2470 άπάρ

56 2543 183 2596 της.
231 2522 554 2594 Ἐλεύσομαι
590 2520 648 2573 δὲ
671 2519 765 2573 καὶ
792 2519 871 2582 εἰς
902 2520 969 2571 τὰ
992 2515 1116 2587 ἑξῆς
1137 2514 1243 2568 τῶν
1276 2509 1646 2566 άποστολικῶν

61 2618 254 2691 ῥητῶν
300 2617 430 2688 παρ’
477 2613 627 2685 αὐτῷ
664 2612 747 2666 ἔτι
790 2608 1215 2683 σωμαζομένων,
1252 2606 1346 2660 καὶ
1377 2605 1443 2658 δι’
1490 2602 1647 2675 ήμῶν

62 2712 238 2765 πάλιν
290 2708 464 2777 οὕτως
502 2703 963 2775 ἁναλελεγμένων.
1021 2701 1108 2755 Ἐν
1147 2698 1383 2771 πρώτοις
1419 2697 1476 2751 δὲ
1517 2697 1648 2767 ἡμῖν

63 2807 163 2858 καὶ
214 2801 341 2858 καθ’
384 2799 575 2872 εἱρμὸν
623 2798 687 2869 δὴ
730 2796 853 2850 ὅλου
885 2793 1057 2857 οὕτως
1096 2788 1509 2863 προταχθέντων
1541 2785 1650 2841 ἀπὸ

62 2896 169 2966 τῆς
200 2894 341 2967 πρὸς
385 2892 631 2955 Γαλάτας
676 2887 983 2957 ἐπιστολῆς.
1020 2884 1167 2955 Αὕτη
1195 2883 1305 2953 γάρ
1346 2880 1478 2952 παρ’
1502 2877 1651 2949 αὐτῷ

67 2988 269 3060 πρώτη
296 2988 492 3040 κεῖται.
533 2984 726 3055 Ἡμεῖς
746 2981 805 3035 δὲ
825 2979 921 3051 τὴν
955 2977 1220 3047 ἀναλογὴν
1239 2975 1359 3028 τότε
1394 2973 1653 3044 ἐποιησά-

1828 2981 1970 3035 itium
2004 2979 2263 3034 facerem.
2295 2976 2449 3030 Hanc
2476 2975 2620 3029 enim
2653 2974 2828 3043 primo
2858 2972 2948 3025 ille
2994 2971 3113 3024 loco
3144 2984 3344 3039 propo-

72 3079 243 3149 μεθα,
268 3078 366 3147 οὐχ
402 3075 477 3139 ὡς
523 3073 652 3145 παρ’
680 3071 848 3142 αὐτῷ,
881 3069 995 3124 ἀλλ’
1034 3068 1109 3131 ώς
1137 3066 1251 3137 ἔχει
1282 3064 1343 3119 τὸ
1371 3064 1651 3119 ἀποστολι-

70 3171 166 3224 κὸν
213 3169 400 3241 ῥητὸν,
434 3167 533 3238 τὴν
580 3164 717 3237 πρὸς
748 3161 1053 3233 Ῥωμαίους
1094 3158 1354 3226 τάξαντες
1396 3154 1654 3229 πρώτηνο

70 3256 176 3315 ὧδε
210 3260 268 3313 δὲ
309 3257 450 3313 κατὰ
473 3257 563 3311 τὸν
600 3254 765 3309 αὑτοῦ
800 3251 1122 3325 χαρακτῆρα
1144 3291 1159 3318 ,
1208 3249 1380 3315 οὓτως
1424 3266 1658 3321 παρατι-

72 3352 305 3425 θέμεϐα.

195 3644 336 3701 Ἆπὸ
366 3641 479 3712 τῆς
510 3640 656 3710 πρὸς
679 3637 820 3705 τοὺς
852 3636 1131 3703 Γαλάτας
1166 3633 1551 3705 Ἐπιστολῆς.

148 3758 309 3830 Σχόλ.
341 3763 409 3810 α’.
444 3753 694 3815 Μάθετε,
726 3753 812 3805 ὅτι
841 3753 874 3804 ό
913 3749 1141 3815 δίκαιος
1172 3749 1240 3802 ἐκ
1283 3749 1542 3813 πίστεως
1567 3744 1661 3812 ζή-

76 3866 275 3905 σεται.
309 3848 483 3899 Ὅσοι
515 3842 627 3913 γὰρ
663 3841 783 3896 ὑπὸ
807 3842 1014 3910 νόμον,
1044 3838 1164 3892 ὑπὸ
1191 3837 1455 3907 κατάραν
1478 3837 1657 3891 είσίν.

88 3942 143 3993 Ὁ
165 3938 238 3991 δὲ
253 3934 518 4003 ποιήσας
538 3932 691 3987 αὐτὰ
713 3930 950 3999 ζήσεται
977 3929 1047 3982 ἐν
1075 3927 1299 3993 αὐτοῖς.

152 4031 383 4101 Ἐλεγχ.
406 4035 478 4082 α’.
508 4026 602 4087 Τὺ,
626 4024 875 4087 Μάθετε,
901 4022 989 4076 ὅτι
1012 4024 1044 4076 ό
1067 4020 1296 4086 δίκαιος
1314 4019 1382 4072 ἐκ
1405 4018 1664 4083 πίστεως

79 4127 350 4195 ζήσεται,
378 4120 600 4175 κατὰτὰ
631 4118 735 4171 ὑπὸ
758 4114 852 4170 τοῦ
886 4113 1208 4168 Ἀποστόλου
1232 4110 1497 4183 εἰρημένα
1524 4109 1666 4181 Γρα-

80 4220 190 4290 φῆς
241 4218 363 4271 ἔστι
419 4214 662 4276 Παλαιᾶς
710 4208 952 4263 δεκτικά.
989 4206 1178 4261 Ἂτινά
1222 4206 1339 4258 ἐστι
1388 4201 1537 4273 παρὰ
1569 4198 1664 4253 τοῦ

92 4306 427 4363 Ἀποστόλου
477 4306 556 4368 εἰς
588 4302 860 4375 ἡμετέραν
901 4299 1045 4368 ζωὴν
1083 4297 1191 4350 ἀπὸ
1235 4295 1329 4350 τοῦ
1368 4293 1533 4366 νόμου
1572 4291 1667 4345 καὶ

82 4405 193 4458 τῶν
228 4396 530 4475 προφητῶν
554 4394 818 4469 εἰρημένα
848 4394 975 4465 περὶ
1008 4390 1213 4461 Καινῆς
1251 4387 1545 4459 Διαθήκης,
1572 4383 1666 4436 καὶ

86 4498 307 4567 σύζυγα
337 4494 466 4549 ὅντα
494 4493 595 4562 τῆς
626 4489 784 4560 ἡμῶν
822 4485 1058 4548 ἐλπίδος.
1091 4481 1202 4536 Καὶ
1225 4481 1306 4543 τὸ,
1336 4476 1456 4534 ὑπὸ
1488 4474 1667 4532 κατά-

79 4608 203 4663 ραν
253 4586 399 4651 εἰσί,
444 4584 628 4656 φησὶν,
668 4583 750 4635 ὅτι
787 4580 845 4633 ἐν
886 4576 964 4648 τῷ
990 4576 1139 4647 νόμῳ
1167 4572 1361 4642 ἀπειλὴ
1408 4568 1671 4639 ετύγχανε

87 4683 234 4739 κατὰ
258 4683 363 4751 τῆς
387 4676 482 4733 τοῦ
522 4675 690 4748 Ἀδάμ
707 4673 1008 4746 παρακοῆς,
1040 4669 1146 4732 ἕως
1172 4670 1259 4722 ὅτε
1285 4663 1446 4738 ἦλθεν
1470 4666 1497 4717 ὁ
1530 4663 1672 4716 ἄνω·

1758 3073 1889 3130 suit.
1923 3070 2031 3125 Sed
2074 3086 2176 3126 nos
2223 3069 2352 3123 olim
2397 3073 2652 3135 excerpta
2694 3071 2881 3119 nostra
2916 3062 2996 3117 sic
3028 3061 3344 3117 instituera-

1756 3180 1900 3232 mus,
1936 3180 2043 3219 non
2094 3171 2152 3217 ut
2201 3161 2348 3215 illius
2388 3159 2633 3213 ordinem
2683 3171 3057 3227 sequeremur,
3088 3154 3185 3209 sed
3216 3170 3340 3209 eunt

1759 3272 1919 3327 quem
1951 3254 2245 3324 apostolica
2275 3251 2478 3321 scripta
2504 3255 2916 3319 repraesentant,
2951 3248 3209 3302 nimirum
3234 3248 3345 3316 pri-

1760 3365 1906 3405 mum
1937 3354 1997 3401 ut
2028 3346 2207 3400 locum
2242 3359 2304 3399 ea
2334 3358 2457 3413 quae
2487 3343 2553 3395 ad
2582 3341 2861 3395 Romanos
2889 3339 3093 3408 scripta
3125 3345 3211 3393 est
3242 3337 3343 3391 ob-

1760 3440 1974 3495 tineret.
2006 3436 2162 3492 Nunc
2196 3442 2376 3489 autem
2407 3432 2592 3488 omnia
2623 3433 2689 3486 ad
2725 3431 2875 3485 illius
2906 3445 3008 3485 nos
3032 3428 3261 3483 formam
3290 3436 3345 3482 et

1758 3531 2068 3601 exemplum
2098 3526 2508 3584 accommodata
2536 3536 2924 3595 proponemus.

2182 3641 2266 3696 Ea:
2301 3640 2545 3710 Epistola
2572 3638 2639 3692 ad
2675 3636 2922 3692 Galatas.

1832 3755 2018 3812 Schol.
2053 3756 2103 3810 1.
2146 3754 2350 3809 Discite
2379 3755 2504 3824 quia
2541 3753 2725 3822 justus
2764 3766 2829 3805 ea:
2858 3749 2961 3819 ﬁde
3003 3751 3147 3805 vivet.
3181 3750 3350 3816 Quot—

1760 3858 1883 3921 quot
1919 3848 2057 3901 enim
2087 3846 2180 3899 sub
2214 3844 2322 3915 lege
2348 3852 2492 3905 sunt,
2519 3842 2614 3896 sub
2642 3840 2923 3896 maledicto
2951 3849 3096 3895 sunt.
3124 3840 3229 3906 Qui
3248 3856 3349 3892 au~

1765 3953 1865 3995 tem
1893 3941 2070 4009 fecerit
2097 3939 2224 4001 ista,
2259 3938 2390 3989 vivet
2424 3936 2479 3988 in
2508 3936 2581 3987 eis
2601 3934 2643 3986 ³.

1835 4032 2021 4087 Refut.
2056 4032 2109 4086 1.
2152 4029 2279 4083 lla'c
2308 4028 2426 4096 ipsa
2454 4026 2618 4082 verba
2646 4043 2658 4077 :
2696 4024 2899 4078 Discite
2933 4023 3056 4093 quia
3076 4020 3257 4089 justus
3286 4034 3351 4071 ea:

1767 4124 1869 4194 ﬁde
1896 4123 2042 4185 vivet,
2076 4121 2144 4176 ab
2168 4118 2427 4189 Apostolo
2456 4122 2715 4186 usurpata
2745 4113 3157 4168 Testamentum
3187 4109 3352 4163 Vetus

1767 4214 2144 4284 comprobant.
2174 4211 2303 4267 Haec
2330 4211 2475 4265 enim
2509 4208 2577 4263 ab
2611 4208 2702 4264 illo
2734 4213 2863 4263 sunt
2891 4221 2955 4260 ex
2986 4204 3195 4274 lege'ac
3224 4218 3351 4272 pro-

1771 4309 1950 4380 phetis
1986 4305 2053 4360 ad
2085 4306 2251 4359 vitam
2282 4302 2441 4358 nobis
2473 4299 2870 4357 conciliandam
2901 4297 2969 4352 de
2992 4297 3143 4350 Novo
3165 4291 3352 4349 Testa-

1772 4408 1953 4455 mento
1978 4398 2353 4469 pronuntiata,
2386 4404 2439 4450 et
2468 4394 2686 4465 quidem
2722 4407 2845 4446 cum
2877 4403 2973 4459 spe
3006 4398 3193 4443 nostra
3228 4402 3354 4441 con-

1768 4502 2050 4551 sentanea.
2080 4489 2234 4556 Quod
2270 4498 2450 4542 autem
2498 4485 2594 4540 sub
2638 4484 2919 4538 maledicto
2959 4497 3071 4535 esse
3102 4479 3254 4544 dicit,
3288 4493 3354 4531 eo

1768 4583 2116 4640 referendum
2147 4589 2250 4645 est,
2277 4578 2423 4649 quod
2453 4577 2719 4631 adversus
2749 4574 2941 4628 Adami
2971 4572 3229 4627 delictqu
3259 4569 3353 4623 Dei

1769 4672 2230 4729 comminationes
2264 4669 2318 4722 in
2357 4668 2473 4739 lege
2503 4665 2949 4725 continebantur,
2982 4661 3156 4715 donec
3189 4677 3219 4714 e
3247 4674 3356 4714 coe-

88 4776 179 4828 θεν
221 4769 420 4832 ἐλθὼν,
471 4765 566 4821 καί
610 4763 799 4819 ἑαυτὸν
856 4761 963 4816 ἀπὸ
995 4757 1090 4812 τοῦ
1142 4756 1311 4827 Ἀδὰμ
1356 4754 1653 4825 φυράματο‹

1854 4766 2056 4820 missus
2106 4760 2390 4815 adveniret
2418 4758 2693 4820 Christus,
2725 4755 2819 4826 qui
2848 4769 2912 4809 ex
2947 4751 3142 4806 Adami
3173 4765 3357 4806 massa

86 4866 253 4937 σῶμα
307 4860 615 4932 ἀμφιάσας,
665 4852 926 4927 μετέϐαλε
969 4849 1067 4922 τὴν
1102 4847 1346 4919 κατάραν
1406 4845 1485 4907 εἰς
1524 4841 1653 4896 εὑλο

1828 4863 2076 4911 μιηιοιιιιη
2109 4855 2209 4909 sibi
2241 4866 2442 4922 corpus
2473 4850 2705 4905 induens
2734 4845 3083 4902 maledictum
3110 4842 3165 4897 in
3201 4842 3359 4897 bene-

86 4973 235 5027 γιαν.

156 5044 326 5118 Σχόλ.
359 5042 423 5113 β’.
470 5036 925 5105 Ἐπικατάρατος
956 5032 1075 5100 πᾶς
1108 5032 1142 5087 ὀ
1180 5026 1541 5098 κρεμάμενος
1574 5021 1672 5077 επὶ

90 5117 311 5207 ξύλου.
354 5136 407 5189 '0
453 5133 521 5188 δὲ
548 5134 617 5186 ἐκ
662 5128 775 5199 τῆς
805 5126 1165 5198 ἐπαγγελίας
1209 5121 1306 5175 διὰ
1344 5118 1457 5189 τῆς
1503 5117 1674 5170 ἐλευ-

91 5234 293 5303 θέρας.

166 5325 402 5393 Ἐλεγχ.
434 5318 497 5388 β’.
534 5314 759 5378 Δεικνὺς
786 5311 947 5367 πάλιν
978 5311 1007 5363 ὁ
1038 5307 1189 5378 ἅγιος
1226 5303 1545 5366 Ἀπόστολος
1573 5301 1672 5371 τὴν

92 5392 418 5486 οἰκονομίαν
443 5410 544 5481 τῆς
571 5407 834 5478 ὲνσάρκου
862 5400 1161 5476 παρουσίας
1192 5398 1284 5452 καὶ
1315 5396 1409 5450 τοῦ
1444 5392 1676 5465 σταυροῦ

96 5513 189 5567 ἐπὶ
219 5512 290 5565 τῆ
316 5508 469 5560 λύσει
497 5502 595 5574 τῆς
620 5498 862 5568 κατάρας
884 5494 1195 5567 γινομένην,
1224 5489 1397 5563 ταύτῃ
1423 5487 1480 5541 δὲ
1517 5502 1679 5557 προσ-

1781 4950 2075 5006 dictionem
2106 4945 2397 5001 convertit.

1855 5038 2039 5095 Schol.
2072 5037 2129 5091 2.
2172 5032 2493 5089 Matedictus
2535 5029 2704 5084 omnis
2749 5028 2839 5098 qui
2863 5025 3054 5097 'pendet
3094 5024 3150 5078 in
3192 5022 3357 5093 ligno.

1784 5128 1887 5195 Qui
1922 5136 2097 5182 autem
2131 5140 2195 5180 ex
2219 5121 2619 5193 repromissione
2639 5128 2736 5184 est,
2762 5133 2826 5172 ea:
2848 5116 3014 5171 libera
3031 5114 3072 5171 ⁸.

1851 5299 2034 5355 Refut.
2071 5298 2124 5351 τ.
2150 5286 2302 5351 Ὀυῐη
2334 5294 2439 5348 hoc
2468 5292 2589 5347 loco
2613 5305 2809 5345 rursus
2836 5286 3131 5359 Apostolus
3161 5282 3360 5357 signifi-

1784 5401 1888 5458 cet;
1924 5395 2193 5457 suscepta:
2222 5384 2407 5439 carnis
2453 5379 2980 5436 administrationem
3028 5389 3264 5440 omnem,
3296 5386 3360 5425 ac

1786 5497 2006 5539 crucem
2058 5481 2125 5536 ad
2176 5478 2473 5535 tollendum
2513 5473 2861 5529 maledictum
2896 5470 3253 5540 pertinuisse;
3284 5466 3361 5519 id-

171 5674 190 5705 ¹
215 5668 354 5727 For.
388 5666 550 5737 ἔχειν,
580 5662 665 5719 vel
694 5663 774 5716 ὅτι
810 5660 941 5730 ἔχει.
1021 5657 1041 5689 '
1071 5652 1203 5710 Luc.
1233 5664 1383 5717 xxtv,
1411 5646 1497 5707 '59.
1576 5646 1595 5677 ³
1628 5643 1653 5700 ί

1835 5656 1919 5712 tu,
1947 5639 2015 5697 i0
2044 5652 2167 5711 sqq.
2247 5635 2269 5669 ‘
2294 5632 2429 5694 ibid.
2456 5632 2555 5700 M;
2589 5630 2746 5691 Deut.
2783 5645 2900 5693 xxx,
2932 5628 3022 5683 25.
