3844 6334
416 266 517 324 775
1784 259 1845 314 S.
1886 254 2231 311 EPlPHANll
3638 252 3746 308 Titi

416 398 516 455 que
552 379 731 450 ipsum
757 386 810 433 et
840 377 895 431 in
931 376 1048 448 lege
1093 383 1252 430 antea
1281 362 1551 444 scriptum
1571 386 1634 426 ac
1668 370 1926 441 praedicta

2217 385 2399 422 ιαπται
2428 370 2447 400 ⁸
2478 370 2537 423 ἐν
2566 370 2644 442 τῷ
2673 370 2824 442 νόμῳ
2849 372 2943 427 καὶ
2977 376 3496 446 προπεφητεῦσθαι
3530 373 3735 441 ἐσομὲ

416 473 616 534 luisse;
651 486 714 523 ac
741 470 959 523 demum
989 469 1042 522 in
1070 467 1350 521 Salvatore
1381 465 1704 536 perfectum,
1726 463 1870 517 haud
1897 478 1931 516 ο

2230 458 2347 515 εἶτα
2369 462 2712 519 τελεσθεῖσαν
2739 466 2831 518 ἐπὶ
2853 465 2930 536 τῷ
2952 467 3181 538 Σωτῆρι.
3204 468 3474 534 ἐπέδειξε
3503 464 3738 535 carpi-23;:

417 579 572 618 scure
601 561 862 624 declarat,
899 574 1004 613 non
1053 559 1288 613 alienam
1343 574 1373 612 a
1422 556 1707 611 Salvatore
1751 569 1872 609 esse
1920 553 1935 606 l

2227 555 2308 606 tim
2365 554 2642 626 ἀλλότριος
2695 558 2723 609 ὁ
2762 557 2926 627 νόμος
2971 558 3066 611 τοῦ
3103 560 3373 630 Σωτῆρος.
3425 560 3745 629 [lpos—cpi;—

419 670 551 724 gem,
586 664 770 722 utpote
813 667 933 720 qua:
981 651 1050 705 ab
1102 652 1193 703 illo
1226 649 1456 717 gerenda
1489 649 1670 702 omnia
1699 647 1933 728 vaticina

2229 661 2253 696 ε
2291 644 2400 716 γὰρ
2453 647 2549 700 καὶ
2582 646 2930 718 ἐμαρτύρησε
2955 652 3066 712 τοῖς
3107 650 3200 703 ὑπ’
3230 651 3395 704 αὑτοῦ
3435 648 3745 722 μέλλουσι

418 742 596 803 luerit,
630 757 692 795 ac
721 741 1034 796 testimonio
1069 740 1462 794 corroborarit.

852 741 1034 793 monio
1069 740 1462 794 corroborarit.
2095 736 2361 805 γίνεσθαι.

483 832 670 889 Schol.
707 834 759 887 '5.
805 832 1082 900 Testiﬁcor
1131 847 1365 891 rursum,
1391 831 1638 900 quoniam
1685 829 1840 882 homo
1885 828 1996 880 cir-

2225 829 2323 899 (όλ.
2355 836 2424 898 γ’.
2474 833 2856 903 Μαρτύρομαι
2902 834 2971 890 δὲ
3002 837 3209 900 πάλιν,
3252 837 3341 891 ὅτι
3369 838 3743 906 ἅνθρωπος

420 927 672 979 :umcisus
697 925 901 978 debitor
932 934 1008 977 est
1034 924 1286 976 universa:
1321 921 1446 992 legis
1474 920 1802 989 implendw‘.

2227 922 2592 990 τεμνόμενος
2627 924 2939 993 ὀφειλέτης
2967 927 3140 983 ἐστίν
3167 929 3316 982 ὅλον
3358 930 3488 983 τὸν
3527 929 3745 999 νόμον

2099 1011 2434 1066 πληρῶσαι.

483 1106 638 1178 351
680 1101 863 1158 Relut.
899 1102 949 1156 '5.
989 1097 1141 1166 Quod
1180 1102 1292 1160 ait,
1329 1097 1534 1152 debitor
1577 1107 1676 1161 est,
1723 1112 1830 1150 non
1876 1103 1998 1148 tan-

2228 1029 2434 1078 ρωσαι.

2228 1104 2392 1175 Ῑλεγχ.
2426 1113 2496 1174 γ’.
2530 1107 2624 1168 Τὸ,
2653 1109 2966 1178 ὀφειλέτης
3000 1112 3190 1177 ἐστὶν,
3222 1112 3404 1168 οὐκέτι
3435 1116 3542 1178 ὡς
3597 1116 3746 1184 περὶ

420 1214 579 1270 quam
618 1196 686 1250 de
737 1209 798 1248 re
840 1193 1092 1262 quapiam
1141 1190 1420 1260 prohibita
1451 1188 1606 1252 dixit,
1642 1187 1737 1244 sed
1775 1188 1841 1242 de
1874 1203 1937 1258 gr

2228 1197 2472 1267 κρημένου
2521 1198 2690 1266 λέγει,
2733 1200 2870 1253 ἀλλὰ
2913 1203 3040 1273 περὶ
3099 1202 3401 1276 βαρυτέρου
3466 1205 3746 1274 φορτίου

421 1292 566 1346 vicre
609 1289 840 1359 quodam
899 1299 1084 1348 onere,
1127 1283 1268 1353 quod
1327 1282 1600 1338 sublevari
1642 1288 1840 1351 potest.
1893 1280 1939 1335 Si

2225 1289 2398 1358 ιμένου
2457 1288 2874 1360 ὲλαφρυνθῆναι.
2917 1293 3064 1357 Ἐνὺς
3105 1295 3163 1347 δὲ
3196 1296 3350 1359 ὄντος
3383 1298 3743 1363 Δεσπότου,

416 1390 509 1445 ita,
543 1395 688 1434 unus
731 1389 788 1432 ut
822 1379 894 1432 sit
926 1376 1210 1442 Dominus,
1243 1375 1335 1445 qui
1365 1385 1419 1430 et
1450 1388 1681 1428 onerare
1721 1373 1914 1443 possit,

2229 1379 2400 1447 μένου
2457 1379 2551 1432 καὶ
2614 1381 2866 1452 βαρύνειν
2917 1383 3014 1436 καὶ
3056 1382 3384 1455 ἒλαφρύνειν
3439 1386 3560 1440 διὰ
3628 1388 3747 1454 τῆς

419 1472 481 1528 de
511 1486 675 1526 onere
711 1469 1016 1534 detrahere,
1054 1483 1152 1538 pro
1199 1480 1388 1521 eorum
1424 1465 1722 1528 voluntate,
1762 1464 1855 1532 qui
1904 1479 1935 1516 ο

2224 1469 2476 1542 ιιρέσεως
2503 1471 2610 1524 τῶν
2651 1474 2726 1546 μὴ
2762 1477 3254 1548 παραιτησαμένων
3285 1479 3742 1545 καταδέξασθαι

419 1564 577 1617 latam
606 1576 702 1632 per
733 1560 853 1629 ejus
893 1558 1122 1629 gratiam
1156 1558 1331 1628 ipsius
1364 1554 1599 1610 adventu
1633 1553 1866 1612 salutem
1895 1569 1937 1607 ιη

2252 1562 2338 1614 διὰ
2387 1563 2487 1632 τῆς
2524 1564 2746 1635 χάριτος
2799 1567 2962 1620 αὑτοῦ
3003 1570 3061 1622 ἐν
3106 1573 3171 1641 τῇ
3215 1572 3470 1642 ὲνσάρκῳ
3535 1571 3742 1625 αὐτοῦ

421 1656 562 1710 nime
585 1652 1015 1723 repudiaverint.

2027 1705 2074 1724 ﬁ
2105 1650 2378 1722 παρουσίᾳ
2409 1656 2703 1724 σωτηρίαν.

799 1705 923 1799 l’ro
945 1758 1010 1799 eo
1037 1740 1183 1813 quod
1217 1747 1300 1795 est
1329 1755 1344 1794 :
1383 1738 1655 1792 Modicum
1688 1737 1998 1807 fermentum

2223 1741 2326 1812 [ὀλ.
2353 1707 2424 1795 ιδ’.
2469 1705 2614 1796 Ἀντί
2642 1744 2757 1810 τοῦ,
2790 1749 2982 1816 Μικρὰ
3009 1748 3153 1819 ζύμη
3172 1751 3320 1806 ὅλον
3343 1753 3413 1807 τὸ
3439 1755 3741 1826 φύραμα

423 1848 582 1896 totam
609 1852 840 1892 massam
872 1835 1161 1902 corrumpit
1193 1833 1234 1895 ',
1265 1830 1547 1900 rescripsit
1575 1827 1861 1882 adulterat.

1322 1830 1547 1900 scripsit
1575 1827 1861 1882 adulterat.
2103 1830 2287 1900 ζυμοῖ,
2324 1832 2548 1904 ἐποίησε
2579 1834 2620 1899 ⁸,
2653 1834 2840 1889 δολοῖ.

488 1930 755 1987 RefutJ.
783 1927 860 1984 Ne
896 1927 1041 1998 quod
1071 1925 1143 1980 sit
1178 1922 1320 1993 apud
1373 1922 1523 1976 illum
1563 1918 1807 1974 veritatis
1837 1917 2004 1973 vestio

2215 1923 2396 1995 Βλεγχ.
2424 1925 2487 1978 δ’.
2522 1926 2639 1978 ’Ίνα
2669 1927 2833 1998 μηδὲν
2860 1929 3054 2001 ἀληθὲς
3080 1933 3210 2004 παρ’
3225 1935 3375 2007 αύτῷ
3405 1937 3733 2008 εὑρεθείη,

422 2026 588 2096 gium,
628 2037 898 2092 nusquam
939 2019 1051 2074 fere
1100 2017 1412 2086 Scripturas
1447 2012 1645 2082 attigit,
1678 2010 1808 2081 quin
1847 2025 1933 2064 ma

2217 2017 2338 2088 ιμοῦ
2369 2019 2553 2088 σχεδὸν
2579 2021 2706 2074 ἄνευ
2734 2023 3081 2094 ῥᾳδιουργίας
3102 2031 3220 2090 ταῖς
3247 2028 3286 2079 Γ
3293 2033 3496 2100 ραφαίς
3526 2048 3735 2103 προσ-

425 2117 558 2170 tiose
612 2112 814 2183 aliquid
864 2113 1212 2172 immutaret;
1239 2105 1360 2185 ‘sed
1392 2121 1457 2160 ex
1486 2119 1551 2158 eo
1583 2103 1728 2173 quod
1759 2102 1943 2172 sequitl

2211 2125 2406 2161 νεκται.
2462 2109 2621 2163 Ἀλλὰ
2650 2111 2745 2163 ἀπ’
2776 2113 2946 2181 αὐτῆς
2967 2114 3065 2185 τῆς
3092 2117 3416 2181 ἀκολουθίας
3447 2123 3482 2192 ἡ
3521 2102 3729 2190 φανέ-

427 2205 688 2261 orationis
718 2203 889 2259 series
917 2202 1033 2271 ipsa
1063 2198 1354 2254 manifesta
1400 2195 1664 2250 redditur.
1712 2192 1847 2248 Nam
1899 2192 1945 2248 fe

2210 2216 2272 2262 rt;
2300 2199 2392 2252 τοῦ
2427 2199 2585 2269 λόγου
2616 2201 2844 2270 γίνεται.
2885 2205 2948 2258 Ἥ
2970 2207 3077 2279 γὰρ
3095 2207 3237 2281 ζύμη
3266 2210 3328 2264 τὸ
3350 2209 3491 2278 εἶδος
3526 2232 3614 2282 cpt.-
3626 2216 3728 2287 ρά-

427 2305 703 2363 mentum,
758 2291 902 2348 velut
962 2291 1136 2345 forma
1187 2287 1465 2360 quaedam,
1522 2301 1716 2341 massae
1763 2285 1945 2340 subact

2202 2309 2278 2357 τος
2308 2291 2497 2363 ἔργονο
2536 2295 2630 2348 καὶ
2651 2295 2758 2348 ἀπὸ
2785 2296 2878 2350 τοῦ
2908 2301 3224 2371 φυράματος
3255 2304 3318 2356 τὸ
3346 2285 3720 2376 ζυμοῦσθαιο

427 2404 557 2460 opus
589 2394 694 2452 est,
723 2393 778 2441 ct
809 2381 1150 2438 fermentatio
1177 2381 1293 2450 ipsa
1333 2395 1363 2434 e
1420 2377 1646 2434 subacta
1678 2392 1858 2432 massa
1906 2376 1945 2431 ῆι

2257 2385 2358 2438 οὐκ
2403 2389 2460 2440 ὲν
2485 2388 2600 2451 τοῖς
2639 2389 3014 2459 πρωτοτύποις
3045 2393 3108 2445 τὸ
3171 2389 3309 2458 εἶδος
3353 2399 3644 2467 ἠφάνιζεν
3689 2402 3723 2452 ὁ

431 2495 596 2550 neque
629 2475 1002 2549 primigeniam
1044 2471 1273 2527 formam
1309 2470 1600 2532 destruxit,
1644 2469 1736 2538 qui
1775 2468 1946 2538 prude

2196 2476 2349 2542 ιετῶς
2401 2478 2499 2550 τὴν
2557 2481 2873 2552 παραὸολὴν
2929 2483 3024 2536 τοῦ
3076 2485 3394 2559 αἰνίγματος
3449 2492 3714 2562 ποιησά-

422 2591 504 2630 ιει·
544 2568 954 2628 similitudinem
1022 2565 1170 2637 illam
1219 2564 1789 2635 comparationemque
1827 2569 2020 2616 transp
2108 2584 2288 2639 μενος.

429 2667 562 2722 .ulit.

493 2756 675 2812 Schol.
729 2753 781 2808 5.
833 2751 1018 2807 Omnis
1043 2749 1182 2804 enim
1218 2747 1304 2802 lea:
1345 2747 1399 2800 in
1438 2764 1498 2800 eo
1530 2746 1673 2801 vobis
1719 2745 2006 2815 impleur:

2187 2750 2335 2822 Σχόλ.
2362 2755 2424 2803 ε’.
2460 2751 2514 2803 '0
2537 2731 2674 2822 ⁶γὰρ
2721 2752 2839 2818 πᾶς
2875 2753 3058 2822 νόμος
3088 2756 3230 2826 ὑμῖν
3267 2760 3705 2829 πεπλτὴωται·

433 2851 620 2920 Diliges
647 2847 945 2917 proximum
982 2853 1128 2897 tuum
1161 2843 1298 2896 sicut
1335 2841 1619 2908 teipsum’.

2107 2843 2128 2874 '
2166 2843 2529 2914 Ἀγαπήσεις
2553 2842 2658 2896 τὸν
2692 2846 2960 2912 πλησίον
2985 2860 3100 2900 σου
3132 2849 3212 2914 ὡς
3241 2853 3524 2907 σεαυτόν.

491 2943 674 2998 Belus.
708 2940 762 2996 5.
806 2938 944 3005 Quid
985 2935 1248 2992 attinebat
1285 2935 1606 3003 Apostolum
1641 2934 1811 3004 legem
1855 2932 2006 2986 adhi-

2241 2936 2399 3007 ελεγχ,
2427 2942 2484 2990 ε’.
2514 2937 2610 3000 Τίς
2635 2938 2749 2989 ἐστι
2777 2939 2935 3010 χρεία
2957 2939 3034 3010 τῷ
3055 2939 3192 3011 ἁγίῳ
3207 2941 3512 3014 ’Λποστόλῳ
3538 2944 3705 3015 νόμῳ
3749 2994 3759 2999 -

433 3051 572 3103 aere,
618 3035 664 3089 si
718 3048 748 3087 a
794 3030 1071 3086 veteribus
1117 3026 1390 3082 mandatis
1431 3025 1654 3080 .Novum
1688 3024 1951 3079 Testamet

2182 3029 2367 3099 ἧσθαι,
2397 3031 2445 3082 εί
2497 3024 2904 3100 ἁπηλλοτρίωτο
2942 3031 3118 3102 Καινὴ
3159 3033 3398 3106 Διαθήκη
3450 3037 3554 3107 τῆς
3591 3056 3700 3091 πα-

431 3144 537 3184 tum
568 3124 928 3182 abhorreret?
957 3121 1064 3178 Sed
1097 3129 1156 3174 ut
1190 3127 1375 3183 aperte
1416 3123 1744 3172 monstraret
1777 3117 1885 3172 duo
1916 3117 1949 3169 il

2181 3119 2264 3181 ιᾶς
2292 3118 2643 3189 νομοθεσίας;
2691 3119 2830 3173 Ἀλλ’
2859 3121 2948 3175 ἵνα
2978 3122 3146 3196 δείξῃ,
3177 3123 3255 3176 ὅτι
3283 3125 3374 3177 τοῦ
3404 3126 3526 3190 ἐνὸς
3550 3127 3699 3180 Θεοῦ

434 3220 773 3276 Testamenta
796 3217 863 3271 ab
889 3229 998 3270 uno
1019 3213 1318 3282 eodemque
1346 3219 1573 3264 auctore
1600 3208 1708 3264 Deo
1733 3225 1952 3264 manass

2196 3210 2288 3264 δύο
2313 3211 2600 3280 Διαθῆκαι,
2637 3211 2783 3283 καὶὴ
2814 3214 3100 3284 συμφωνία
3125 3214 3184 3268 τὸ
3216 3217 3564 3289 πληρωτικὸν
3596 3220 3698 3273 τοῦ

433 3324 801 3379 summamque
833 3307 1116 3361 amborqu
1145 3318 1267 3358 esse
1304 3301 1679 3365 concordiam,
1721 3301 1951 3370 llll'OleI

2177 3320 2276 3374 μου
2307 3303 2397 3357 διὰ
2423 3303 2526 3374 τῆς
2551 3304 2772 3377 ἀγάπης
2799 3305 2892 3359 τοῦ
2908 3306 3134 3379 πλησίον
3161 3310 3462 3382 ἰσορρόπως
3489 3315 3549 3366 ἐν
3569 3316 3695 3376 ταῖς

433 3403 798 3471 proximorum
833 3398 1097 3453 charitate
1148 3395 1318 3465 legem
1372 3393 1585 3464 impleri
1639 3391 1948 3463 signiﬁcatu

2176 3396 2517 3468 οΔιαθήκαις
2569 3398 2914 3469 γνωρίζεται,
2967 3400 3027 3452 τὺ
3075 3401 3256 3455 τέλεον
3312 3406 3694 3475 ἐργαζομένου

433 3509 550 3563 quae
605 3492 904 3562 perfectura
972 3488 1337 3557 omnibusque
1401 3487 1646 3541 numeris
1701 3486 1951 3542 absolutu

2171 3486 2420 3557 κάγαθὸν,
2458 3487 2623 3559 νόμου
2655 3488 2932 3543 τελείωσιν
2961 3485 3114 3544 εἶπεν
3135 3487 3275 3547 εἶναι
3303 3496 3404 3565 τὴν
3441 3497 3689 3568 ἀγάπην.

434 3593 630 3640 bonum
679 3582 892 3638 elliciat.
948 3579 1070 3635 Ideo
1109 3577 1499 3650 perfectionem
1542 3577 1678 3648 legis
1717 3577 2012 3648 Apostolus

433 3677 751 3730 charitatem
783 3688 906 3728 esse
930 3670 1142 3728 deﬁnit.

501 3767 689 3821 Schol.
719 3765 772 3819 ϐ.
804 3763 1093 3832 Manifesta
1125 3770 1248 3817 sunt
1277 3770 1450 3815 autem
1482 3775 1638 3828 opera
1665 3761 1862 3826 carnis,
1898 3779 2014 3833 qua:

2184 3753 2338 3825 Σχόλ.
2385 3761 2460 3819 ς’.
2487 3753 2718 3823 Φανερὰ
2745 3753 2813 3809 δέ
2857 3753 2991 3810 ἐστι
3023 3756 3095 3811 τὰ
3124 3757 3269 3828 ἔργα
3298 3744 3406 3826 τῆς
3427 3763 3656 3829 σαρκός
3673 3779 3686 3793 ·

437 3853 550 3914 sunt
579 3859 882 3929 fornicatio,
906 3855 1265 3920 immunditia,
1318 3853 1566 3916 luxuria,
1610 3852 1876 3907 idolorum
1909 3873 1955 3909 se

2166 3847 2285 3902 ard
2323 3847 2454 3902 ἐστι
2504 3848 2769 3915 πορνεία,
2806 3849 3164 3920 ἀκαθαρσία,
3195 3851 3500 3923 ἀσέλγεια,
3522 3856 3684 3909 εἰδω-

437 3954 586 4015 vitus,
621 3949 897 4018 veneﬁcia,
924 3947 1252 4012 iuimicitiw,
1298 3944 1672 4007 contentiones,
1717 3944 1954 3999 aemulati

2166 3942 2483 4013 ολατρείαι,
2535 3940 2926 4010 φαρμακεῑὶιι,
2985 3942 3228 4012 ἔχθραι,
3266 3945 3443 4013 ἕρεις,
3497 3946 3684 4016 ζῆλοι,

435 4060 541 4106 nes,
573 4045 688 4102 iraa.
723 4043 874 4105 rixa’,
905 4039 1280 4101 dissensiones,
1315 4045 1490 4099 sectw,
1516 4035 1820 4101 homicidia,
1849 4035 1953 4090 ebri

2163 4035 2308 4106 υμοὶ,
2358 4034 2617 4104 ἐριθεῖαι,
2652 4033 3053 4104 διχοστασίαι,
3104 4035 3386 4104 αἱρέσεις,
3452 4038 3681 4107 φθόνοι,

435 4147 586 4201 tates,
612 4133 1073 4189 commessationes
1103 4143 1121 4184 :
1150 4145 1265 4199 quae
1292 4126 1523 4198 prwdico
1553 4125 1693 4180 vobis
1721 4129 1855 4181 sicut
1885 4144 1953 4196 pr.

2163 4130 2302 4192 έθαι,
2363 4127 2546 4197 κῶμοι
2568 4143 2580 4155 ⁸
2628 4127 2823 4193 καθὼς
2875 4127 2972 4181 καὶ
3028 4128 3334 4196 προεῖπον,
3393 4129 3485 4184 ὅτι
3528 4134 3586 4185 cl
3617 4130 3681 4186 τὰ

440 4228 565 4291 dixi,
594 4227 842 4296 quoniam
869 4223 958 4294 qui
987 4221 1121 4274 talia
1141 4227 1303 4290 agunt
1333 4215 1680 4289 regnum.Dei
1711 4235 1813 4273 non
1843 4234 1958 4288 post

2157 4220 2358 4276 οιαῦτα
2383 4218 2768 4288 πράσσοντες
2786 4219 3113 4283 βασιλείαν
3135 4220 3282 4275 Θεοῦ
3303 4222 3376 4275 οὐ
3401 4225 3675 4292 κληρονο-

438 4319 624 4372 debuul
655 4316 694 4370 δ.

2110 4313 2442 4385 μήσουσιν.
2989 4325 2993 4332 ·

504 4407 686 4462 Relut.
713 4404 768 4459 6.
798 4402 842 4458 Ο
882 4399 1201 4457 admiranda
1240 4399 1332 4456 Dei
1372 4401 1649 4472 mysteria,
1690 4414 1752 4455 ac
1790 4398 2014 4454 Marcio-

2192 4407 2411 4480 Ἐλεγχ.
2440 4414 2514 4472 ς’.
2539 4408 2604 4458 Ὢ
2619 4404 2936 4477 θαυμασίων
2963 4405 3274 4478 μυστηρίων
3293 4407 3682 4463 καὶάντιθέτων

440 4501 522 4556 ais
567 4497 844 4555 erroribus
895 4494 1122 4550 adversa
1167 4493 1451 4562 dogmata!
1495 4492 1706 4547 Etenim
1737 4492 1878 4546 mala
1906 4507 1958 4545 οι

2163 4501 2250 4554 εοῦ
2299 4498 2737 4568 ὑποδειγμάτων.
2798 4499 2876 4568 Τῇ
2943 4497 3052 4568 γὰρ
3123 4499 3285 4570 σαρκὶ
3333 4501 3574 4572 περιῆψε
3622 4501 3681 4555 τὰ

440 4593 522 4644 nia
545 4589 698 4644 carni
721 4587 1058 4642 tribuuntur.
1081 4583 1155 4636 Ea
1183 4597 1347 4654 porro
1363 4591 1623 4653 perpetuo
1641 4597 1748 4636 non
1775 4583 1956 4637 exstiti

2162 4595 2294 4649 ἀντα
2324 4593 2492 4647 δεινά.
2531 4591 2596 4644 Ἡ
2618 4589 2756 4661 σὰρξ
2778 4589 2833 4644 δὲ
2856 4591 2958 4644 οὐκ
2988 4591 3073 4645 ἀεὶ
3099 4587 3167 4664 ἦν
3187 4610 3200 4623 ·
3233 4593 3347 4646 ἀλλ’
3382 4595 3439 4646 ὲν
3465 4598 3530 4665 τῇ
3557 4596 3680 4667 ἕκτῃ

442 4683 530 4739 sed
551 4689 704 4737 sexto
720 4682 938 4735 demum
958 4677 1066 4740 die,
1087 4685 1344 4729 tumcum
1363 4675 1602 4730 Adamus
1621 4673 1885 4731 formatus
1905 4691 1960 4731 cs

2161 4683 2296 4754 μέρᾳ
2339 4681 2436 4752 τὴς
2471 4680 2846 4751 κοσμοποιίας,
2888 4679 2983 4732 τοῦ
3040 4681 3211 4752 ’Λδὰμ
3261 4681 3615 4749 πλασθέντος,
3653 4685 3679 4755 ἡ

440 4790 556 4830 esse
576 4773 762 4843 cmpit.
782 4769 856 4824 Ex
881 4784 989 4839 quo
1013 4769 1086 4822 illi
1115 4765 1460 4832 refelluntur,
1483 4766 1576 4837 qui
1599 4767 1798 4820 malum
1823 4767 1890 4821 ab
1915 4765 1958 4821 in

2160 4773 2256 4846 ὰρξ
2304 4772 2487 4826 ἔκτοτε
2553 4772 2678 4842 ἔσχε
2717 4772 2815 4841 τὴν
2860 4771 3055 4844 ἀρχὴν,
3090 4773 3234 4843 φημὶ
3266 4773 3366 4841 τῆς
3398 4773 3678 4840 πλάσεως.

442 4866 512 4921 ιὶο
531 4880 593 4919 ac
609 4879 821 4934 semper
836 4861 1112 4917 exstitisse
1128 4859 1442 4930 praedicant.
1464 4858 1626 4928 Atqui
1648 4873 1823 4929 neque
1848 4858 1960 4914 siml

2159 4883 2204 4919 ια
2253 4863 2579 4935 ἐλεγχθῶσιν
2615 4865 2664 4916 οἱ
2711 4862 2960 4932 λέγοντες
2997 4863 3084 4916 ἀεὶ
3120 4864 3214 4916 καὶ
3253 4863 3313 4928 ἐξ
3352 4866 3527 4935 ἀρχῆς
3553 4861 3677 4919 εἶναι

444 4971 500 5010 ac
539 4956 769 5009 formata
799 4969 928 5008 caro
969 4960 1072 5018 est,
1103 4959 1387 5024 peccatum
1432 4949 1674 5015 admisit,
1701 4967 1769 5006 ne
1799 4966 1962 5020 pecca

2137 4957 2175 5010 :b
2208 4957 2392 5012 κακόν.
2424 4957 2534 5008 Καὶ
2564 4955 2672 5030 γὰρ
2697 4953 2819 5007 οὒτε
2854 4953 2998 5019 ὲξύτε
3027 4954 3269 5025 ἐπλάσθη
3293 4957 3325 5026 ἡ
3347 4956 3486 5026 σὰρξ
3511 4958 3655 5028 ἦμαρ

445 5059 627 5101 auctor
671 5047 765 5118 qui
807 5047 953 5101 illam
983 5046 1210 5100 tinxerat
1252 5042 1759 5113 haberetur;quasi
1799 5058 1963 5113 pecca

2155 5061 2226 5106 εν,
2269 5044 2358 5096 ἵνα
2421 5043 2496 5115 μὴ
2540 5044 2567 5096 ὁ
2617 5043 2860 5114 πλάστης
2908 5045 3080 5108 αἴτιος
3127 5044 3356 5114 νομισθῇ
3393 5046 3673 5118 ἁμαρτίαςι

445 5153 584 5194 ream
633 5153 852 5193 carnem
899 5137 1122 5193 molitus
1172 5147 1346 5202 esset;
1394 5150 1571 5206 neque
1623 5134 1824 5188 malum
1873 5149 1963 5204 opt

2152 5132 2324 5197 ;λάσας
2385 5135 2562 5204 σάρκα
2621 5135 2995 5206 ἁμαρτωλήν·
3054 5134 3177 5189 οὔτε
3231 5136 3554 5207 προϋπῆρχε
3591 5135 3670 5189 τοῦ

441 5245 616 5301 tpsum
644 5229 955 5284 antecessit.
982 5228 1181 5284 Verum
1211 5229 1493 5298 aliquanto
1528 5225 1688 5298 352
1728 5233 1849 5296 post
1884 5236 1959 5282 tet

2151 5226 2431 5297 ςλάσματος
2489 5227 2550 5279 τὸ
2584 5227 2772 5281 κακόν.
2805 5227 2961 5281 Μετὰ
2985 5228 3173 5298 χρόνον
3204 5227 3259 5279 δὲ
3288 5229 3346 5279 ὲν
3381 5229 3669 5299 παρακοῇί

443 5337 568 5394 pore
595 5337 622 5375 a
648 5321 740 5376 Dei
764 5321 1025 5391 obsequio
1057 5321 1368 5377 desciscens
1398 5319 1641 5374 Adamus
1670 5332 1733 5372 ac
1763 5317 1961 5373 liberta:

2148 5318 2300 5389 Αδὰμ
2350 5317 2606 5388 γεγονὼς,
2669 5318 2806 5390 ἔχων
2842 5319 2904 5373 τὸ
2951 5317 3329 5385 αὐτεξούσιον,
3371 5319 3666 5392 προαιρέσει

437 5413 713 5488 praeditus,
746 5428 841 5484 per
868 5428 1006 5479 sese,
1051 5428 1114 5468 ac
1152 5419 1344 5483 sponte
1381 5427 1480 5468 sua
1526 5419 1784 5482 certoque
1824 5425 1955 5472 eous

2151 5411 2225 5482 Si;
2255 5411 2348 5480 ἀφ’
2388 5411 2581 5465 ἑαυτοῦ
2612 5412 2707 5483 τὴν
2739 5413 3010 5485 ἁμαρτίαν
3042 5414 3122 5476 είς
3161 5411 3353 5466 ἑαυτὸν
3390 5411 3669 5483 διανοηθεὶς

508 5599 523 5629 ⁸
549 5597 720 5652 Galat.
747 5616 799 5663 ν,
841 5603 890 5658 5.
969 5603 987 5632 ³
1018 5598 1146 5655 ἱὶήιΙ.
1172 5597 1225 5653 9.
1316 5596 1337 5630 ⁸
1359 5597 1491 5656 ibid.
1521 5599 1607 5654 Η.
1719 5598 1895 5654 ⁸ἰ1)ἰι1.
1925 5598 2004 5653 19-

486 5667 645 5726 Deest
665 5673 722 5724 ἐν
744 5672 836 5726 τῶ.

2222 5601 2241 5633 ⁵
2278 5600 2401 5657 For.
2429 5603 2630 5676 ταύτην
2657 5613 2704 5659 ct
2738 5604 3163 5676 προγεγράφθαι,
3244 5605 3264 5636 ⁶
3289 5622 3377 5674 γρ.
3407 5603 3666 5675 ἐποίησαν.
