  <div class='ocr_page' id='page_1' title='image "/cluster/home/n/w/nwhite01/storage/ocr_20150623/41/hvd.32044011753001/418.png"; bbox 0 0 3768 6182; ppageno 0'>
   <div class='ocr_carea' id='block_1_1' title="bbox 70 232 172 284">
    <p class='ocr_par' dir='ltr' id='par_1_1' title="bbox 70 232 172 284">
     <span class='ocr_line' id='line_1_1' title="bbox 70 232 172 284; baseline -0.039 0"><span class='ocrx_word' id='word_1_1' title='bbox 70 232 172 284; x_wconf 84' lang='grc'>777</span> 
     </span>
    </p>
   </div>
   <div class='ocr_carea' id='block_1_2' title="bbox 738 226 2701 285">
    <p class='ocr_par' dir='ltr' id='par_1_2' title="bbox 738 226 2701 285">
     <span class='ocr_line' id='line_1_2' title="bbox 738 226 2701 285; baseline -0.001 -1"><span class='ocrx_word' id='word_1_2' title='bbox 738 229 1107 285; x_wconf 73' lang='lat' dir='ltr'><strong>ADVERSUS</strong></span> <span class='ocrx_word' id='word_1_3' title='bbox 1148 228 1490 284; x_wconf 69' lang='lat' dir='ltr'><strong>llASRESES</strong></span> <span class='ocrx_word' id='word_1_4' title='bbox 1530 228 1658 284; x_wconf 86' lang='lat' dir='ltr'><strong>LIB.</strong></span> <span class='ocrx_word' id='word_1_5' title='bbox 1694 230 1734 283; x_wconf 88' lang='lat' dir='ltr'><strong>l.</strong></span> <span class='ocrx_word' id='word_1_6' title='bbox 1779 228 1942 283; x_wconf 79' lang='lat' dir='ltr'><strong>TOM.</strong></span> <span class='ocrx_word' id='word_1_7' title='bbox 1986 228 2075 282; x_wconf 88' lang='lat' dir='ltr'><strong>lll.</strong></span> <span class='ocrx_word' id='word_1_8' title='bbox 2116 259 2184 267; x_wconf 95' lang='lat'><strong><em>—</em></strong></span> <span class='ocrx_word' id='word_1_9' title='bbox 2223 226 2499 283; x_wconf 68' lang='lat' dir='ltr'><strong>HAERES.</strong></span> <span class='ocrx_word' id='word_1_10' title='bbox 2540 226 2701 282; x_wconf 78' lang='lat' dir='ltr'><strong>XLII.</strong></span> 
     </span>
    </p>
   </div>
   <div class='ocr_carea' id='block_1_3' title="bbox 3213 224 3314 278">
    <p class='ocr_par' dir='ltr' id='par_1_3' title="bbox 3213 224 3314 278">
     <span class='ocr_line' id='line_1_3' title="bbox 3213 224 3314 278; baseline 0.01 -1"><span class='ocrx_word' id='word_1_11' title='bbox 3213 224 3314 278; x_wconf 77' lang='lat'><strong>778</strong></span> 
     </span>
    </p>
   </div>
   <div class='ocr_carea' id='block_1_4' title="bbox 69 342 1666 420">
    <p class='ocr_par' dir='ltr' id='par_1_4' title="bbox 69 346 1635 420">
     <span class='ocr_line' id='line_1_4' title="bbox 69 346 1635 420; baseline 0 -19"><span class='ocrx_word' id='word_1_12' title='bbox 69 346 266 419; x_wconf 67' lang='grc' dir='ltr'>ἔπραξε</span> <span class='ocrx_word' id='word_1_13' title='bbox 293 364 304 377; x_wconf 72' lang='grc'><strong><em>⁸</em></strong></span> <span class='ocrx_word' id='word_1_14' title='bbox 332 348 473 419; x_wconf 71' lang='grc' dir='ltr'>φημὶ</span> <span class='ocrx_word' id='word_1_15' title='bbox 493 349 574 413; x_wconf 74' lang='grc' dir='ltr'><strong>δὲ,</strong></span> <span class='ocrx_word' id='word_1_16' title='bbox 603 348 704 420; x_wconf 82' lang='grc' dir='ltr'>τὴν</span> <span class='ocrx_word' id='word_1_17' title='bbox 751 350 1006 419; x_wconf 74' lang='grc' dir='ltr'><strong>ἀθέτησιν</strong></span> <span class='ocrx_word' id='word_1_18' title='bbox 1036 346 1125 402; x_wconf 74' lang='grc' dir='ltr'>τοῦ</span> <span class='ocrx_word' id='word_1_19' title='bbox 1164 347 1330 402; x_wconf 71' lang='grc' dir='ltr'>αὐτοῦ</span> <span class='ocrx_word' id='word_1_20' title='bbox 1365 349 1635 402; x_wconf 82' lang='grc' dir='ltr'>Δεσπότου</span> 
     </span>
    </p>
   </div>
   <div class='ocr_carea' id='block_1_5' title="bbox 1853 342 3321 420">
    <p class='ocr_par' dir='ltr' id='par_1_5' title="bbox 1853 342 3321 419">
     <span class='ocr_line' id='line_1_5' title="bbox 1853 342 3321 419; baseline -0.002 -18"><span class='ocrx_word' id='word_1_21' title='bbox 1853 354 2065 419; x_wconf 79' lang='lat' dir='ltr'><strong>peccato</strong></span> <span class='ocrx_word' id='word_1_22' title='bbox 2109 360 2167 400; x_wconf 92' lang='lat' dir='ltr'><strong>se</strong></span> <span class='ocrx_word' id='word_1_23' title='bbox 2206 345 2517 412; x_wconf 72' lang='lat' dir='ltr'><strong>obstrinxit,</strong></span> <span class='ocrx_word' id='word_1_24' title='bbox 2556 345 2684 401; x_wconf 91' lang='lat' dir='ltr'><strong>dum</strong></span> <span class='ocrx_word' id='word_1_25' title='bbox 2714 359 2810 416; x_wconf 86' lang='lat' dir='ltr'><strong>per</strong></span> <span class='ocrx_word' id='word_1_26' title='bbox 2846 342 3010 399; x_wconf 87' lang='lat' dir='ltr'><strong>animi</strong></span> <span class='ocrx_word' id='word_1_27' title='bbox 3041 351 3321 399; x_wconf 86' lang='lat' dir='ltr'><strong>contuma-</strong></span> 
     </span>
    </p>
   </div>
   <div class='ocr_carea' id='block_1_6' title="bbox 69 437 1641 512">
    <p class='ocr_par' dir='ltr' id='par_1_6' title="bbox 69 437 1641 512">
     <span class='ocr_line' id='line_1_6' title="bbox 69 437 1641 512; baseline 0.001 -19"><span class='ocrx_word' id='word_1_28' title='bbox 69 438 155 494; x_wconf 77' lang='grc' dir='ltr'>5ιά</span> <span class='ocrx_word' id='word_1_29' title='bbox 188 443 283 512; x_wconf 85' lang='grc' dir='ltr'><strong>τῆς</strong></span> <span class='ocrx_word' id='word_1_30' title='bbox 340 441 624 511; x_wconf 72' lang='grc' dir='ltr'>παρακοῆς</span> <span class='ocrx_word' id='word_1_31' title='bbox 681 442 1065 512; x_wconf 80' lang='grc' dir='ltr'>ποιησάμενος.</span> <span class='ocrx_word' id='word_1_32' title='bbox 1121 440 1231 495; x_wconf 75' lang='grc' dir='ltr'><strong>Ποῦ</strong></span> <span class='ocrx_word' id='word_1_33' title='bbox 1270 442 1452 494; x_wconf 79' lang='grc' dir='ltr'>τοίνυν</span> <span class='ocrx_word' id='word_1_34' title='bbox 1480 437 1546 511; x_wconf 78' lang='grc' dir='ltr'>ἦν</span> <span class='ocrx_word' id='word_1_35' title='bbox 1579 441 1641 495; x_wconf 80' lang='grc' dir='ltr'><strong>τὸ</strong></span> 
     </span>
    </p>
   </div>
   <div class='ocr_carea' id='block_1_7' title="bbox 70 530 1643 606">
    <p class='ocr_par' dir='ltr' id='par_1_7' title="bbox 70 530 1643 606">
     <span class='ocr_line' id='line_1_7' title="bbox 70 530 1643 606; baseline -0.001 -20"><span class='ocrx_word' id='word_1_36' title='bbox 70 533 259 596; x_wconf 70' lang='grc' dir='ltr'>κακὸν,</span> <span class='ocrx_word' id='word_1_37' title='bbox 315 532 480 604; x_wconf 77' lang='grc' dir='ltr'>πρινὴ</span> <span class='ocrx_word' id='word_1_38' title='bbox 512 536 608 604; x_wconf 77' lang='grc' dir='ltr'>τὴν</span> <span class='ocrx_word' id='word_1_39' title='bbox 644 534 823 606; x_wconf 85' lang='grc' dir='ltr'>σάρκα</span> <span class='ocrx_word' id='word_1_40' title='bbox 864 530 1033 597; x_wconf 78' lang='grc' dir='ltr'>εἷναι;</span> <span class='ocrx_word' id='word_1_41' title='bbox 1074 532 1199 596; x_wconf 83' lang='grc' dir='ltr'><strong>Πῶς</strong></span> <span class='ocrx_word' id='word_1_42' title='bbox 1226 532 1281 585; x_wconf 78' lang='grc' dir='ltr'><strong>δὲ</strong></span> <span class='ocrx_word' id='word_1_43' title='bbox 1314 533 1474 597; x_wconf 74' lang='grc' dir='ltr'>εὐθὺς</span> <span class='ocrx_word' id='word_1_44' title='bbox 1507 533 1643 585; x_wconf 82' lang='grc' dir='ltr'>πλα-</span> 
     </span>
    </p>
   </div>
   <div class='ocr_carea' id='block_1_8' title="bbox 69 626 1640 698">
    <p class='ocr_par' dir='ltr' id='par_1_8' title="bbox 69 626 1640 698">
     <span class='ocr_line' id='line_1_8' title="bbox 69 626 1640 698; baseline -0.001 -18"><span class='ocrx_word' id='word_1_45' title='bbox 69 626 257 680; x_wconf 83' lang='grc' dir='ltr'>σθεῖσα</span> <span class='ocrx_word' id='word_1_46' title='bbox 315 628 376 681; x_wconf 84' lang='grc' dir='ltr'><strong>οὐ</strong></span> <span class='ocrx_word' id='word_1_47' title='bbox 421 628 483 680; x_wconf 79' lang='grc' dir='ltr'><strong>τὸ</strong></span> <span class='ocrx_word' id='word_1_48' title='bbox 523 626 695 680; x_wconf 74' lang='grc' dir='ltr'>κακὸν</span> <span class='ocrx_word' id='word_1_49' title='bbox 744 627 1074 698; x_wconf 78' lang='grc' dir='ltr'><strong>εἰργάσατο,</strong></span> <span class='ocrx_word' id='word_1_50' title='bbox 1116 626 1253 680; x_wconf 88' lang='grc' dir='ltr'><strong>ἀλλά</strong></span> <span class='ocrx_word' id='word_1_51' title='bbox 1291 627 1466 697; x_wconf 82' lang='grc' dir='ltr'>χρόνῳ</span> <span class='ocrx_word' id='word_1_52' title='bbox 1513 644 1640 697; x_wconf 88' lang='grc' dir='ltr'>μετ-</span> 
     </span>
    </p>
   </div>
   <div class='ocr_carea' id='block_1_9' title="bbox 68 717 1644 791">
    <p class='ocr_par' dir='ltr' id='par_1_9' title="bbox 68 717 1644 791">
     <span class='ocr_line' id='line_1_9' title="bbox 68 717 1644 791; baseline 0 -19"><span class='ocrx_word' id='word_1_53' title='bbox 68 718 295 786; x_wconf 70' lang='grc' dir='ltr'>ἐπειτας</span> <span class='ocrx_word' id='word_1_54' title='bbox 326 721 467 791; x_wconf 84' lang='grc' dir='ltr'>Ἀρα</span> <span class='ocrx_word' id='word_1_55' title='bbox 502 719 631 788; x_wconf 75' lang='grc' dir='ltr'>γοῦν</span> <span class='ocrx_word' id='word_1_56' title='bbox 656 719 918 790; x_wconf 78' lang='grc' dir='ltr'><strong>ἀνῄρηται</strong></span> <span class='ocrx_word' id='word_1_57' title='bbox 943 722 970 772; x_wconf 87' lang='grc' dir='ltr'>ὁ</span> <span class='ocrx_word' id='word_1_58' title='bbox 996 720 1235 791; x_wconf 74' lang='grc' dir='ltr'>περὶτῆς</span> <span class='ocrx_word' id='word_1_59' title='bbox 1253 719 1449 782; x_wconf 81' lang='grc' dir='ltr'>κακίας</span> <span class='ocrx_word' id='word_1_60' title='bbox 1472 717 1644 789; x_wconf 79' lang='grc' dir='ltr'>ἀρχῆς</span> 
     </span>
    </p>
   </div>
   <div class='ocr_carea' id='block_1_10' title="bbox 68 810 1645 882">
    <p class='ocr_par' dir='ltr' id='par_1_10' title="bbox 68 810 1645 882">
     <span class='ocr_line' id='line_1_10' title="bbox 68 810 1645 882; baseline 0 -20"><span class='ocrx_word' id='word_1_61' title='bbox 68 810 247 879; x_wconf 74' lang='grc' dir='ltr'>λόγος.</span> <span class='ocrx_word' id='word_1_62' title='bbox 282 811 355 864; x_wconf 85' lang='grc' dir='ltr'>ού</span> <span class='ocrx_word' id='word_1_63' title='bbox 390 811 497 882; x_wconf 81' lang='grc' dir='ltr'>γὰρ</span> <span class='ocrx_word' id='word_1_64' title='bbox 522 810 741 863; x_wconf 84' lang='grc' dir='ltr'>δύναται</span> <span class='ocrx_word' id='word_1_65' title='bbox 769 812 1069 881; x_wconf 74' lang='grc' dir='ltr'>ἀρχαῖζειν,</span> <span class='ocrx_word' id='word_1_66' title='bbox 1096 811 1279 881; x_wconf 76' lang='grc' dir='ltr'>ἐπειδὴ</span> <span class='ocrx_word' id='word_1_67' title='bbox 1302 813 1358 863; x_wconf 83' lang='grc' dir='ltr'><strong>ἐν</strong></span> <span class='ocrx_word' id='word_1_68' title='bbox 1386 813 1452 881; x_wconf 79' lang='grc' dir='ltr'>τῇ</span> <span class='ocrx_word' id='word_1_69' title='bbox 1482 810 1645 881; x_wconf 69' lang='grc' dir='ltr'>σαρκὶ</span> 
     </span>
    </p>
   </div>
   <div class='ocr_carea' id='block_1_11' title="bbox 72 902 1645 974">
    <p class='ocr_par' dir='ltr' id='par_1_11' title="bbox 72 902 1645 974">
     <span class='ocr_line' id='line_1_11' title="bbox 72 902 1645 974; baseline 0.001 -21"><span class='ocrx_word' id='word_1_70' title='bbox 72 904 135 971; x_wconf 82' lang='grc' dir='ltr'>τῇ</span> <span class='ocrx_word' id='word_1_71' title='bbox 178 902 609 973; x_wconf 73' lang='grc' dir='ltr'>μεταγενεστέρᾳ</span> <span class='ocrx_word' id='word_1_72' title='bbox 658 902 719 955; x_wconf 85' lang='grc' dir='ltr'>τὺ</span> <span class='ocrx_word' id='word_1_73' title='bbox 771 902 1017 971; x_wconf 74' lang='grc' dir='ltr'>γίνεσθαι</span> <span class='ocrx_word' id='word_1_74' title='bbox 1064 902 1175 973; x_wconf 77' lang='grc' dir='ltr'>ἔχει</span> <span class='ocrx_word' id='word_1_75' title='bbox 1205 904 1238 973; x_wconf 76' lang='grc' dir='ltr'>ἡ</span> <span class='ocrx_word' id='word_1_76' title='bbox 1274 903 1463 968; x_wconf 77' lang='grc' dir='ltr'>κακία,</span> <span class='ocrx_word' id='word_1_77' title='bbox 1501 903 1533 974; x_wconf 80' lang='grc' dir='ltr'>ἦ</span> <span class='ocrx_word' id='word_1_78' title='bbox 1570 902 1645 973; x_wconf 86' lang='grc' dir='ltr'>μὴ</span> 
     </span>
    </p>
   </div>
   <div class='ocr_carea' id='block_1_12' title="bbox 68 986 1645 1063">
    <p class='ocr_par' dir='ltr' id='par_1_12' title="bbox 68 986 1645 1063">
     <span class='ocr_line' id='line_1_12' title="bbox 68 986 1645 1063; baseline 0.002 -20"><span class='ocrx_word' id='word_1_79' title='bbox 68 986 323 1059; x_wconf 77' lang='grc' dir='ltr'>γενεσθαι</span> <span class='ocrx_word' id='word_1_80' title='bbox 345 1008 359 1020; x_wconf 64' lang='grc'><strong>⁸</strong></span> <span class='ocrx_word' id='word_1_81' title='bbox 383 992 477 1044; x_wconf 73' lang='grc' dir='ltr'><strong>καὶ</strong></span> <span class='ocrx_word' id='word_1_82' title='bbox 490 990 614 1044; x_wconf 73' lang='grc' dir='ltr'>οὔτε</span> <span class='ocrx_word' id='word_1_83' title='bbox 645 993 678 1062; x_wconf 79' lang='grc' dir='ltr'>ἠ</span> <span class='ocrx_word' id='word_1_84' title='bbox 710 990 845 1061; x_wconf 81' lang='grc' dir='ltr'>σὰρξ</span> <span class='ocrx_word' id='word_1_85' title='bbox 866 992 1027 1047; x_wconf 83' lang='grc' dir='ltr'>πάλιν</span> <span class='ocrx_word' id='word_1_86' title='bbox 1060 992 1502 1063; x_wconf 75' lang='grc' dir='ltr'>ἀκληρονόμητός</span> <span class='ocrx_word' id='word_1_87' title='bbox 1530 992 1645 1046; x_wconf 79' lang='grc' dir='ltr'>ἐστι</span> 
     </span>
    </p>
   </div>
   <div class='ocr_carea' id='block_1_13' title="bbox 66 1080 1646 1154">
    <p class='ocr_par' dir='ltr' id='par_1_13' title="bbox 66 1080 1646 1154">
     <span class='ocr_line' id='line_1_13' title="bbox 66 1080 1646 1154; baseline 0.002 -22"><span class='ocrx_word' id='word_1_88' title='bbox 66 1080 185 1133; x_wconf 85' lang='grc' dir='ltr'><strong>τῶν</strong></span> <span class='ocrx_word' id='word_1_89' title='bbox 208 1083 565 1152; x_wconf 78' lang='grc' dir='ltr'>ἐπουρανίων.</span> <span class='ocrx_word' id='word_1_90' title='bbox 595 1082 706 1136; x_wconf 77' lang='grc' dir='ltr'><strong>Καὶ</strong></span> <span class='ocrx_word' id='word_1_91' title='bbox 728 1084 807 1154; x_wconf 88' lang='grc' dir='ltr'>μή</span> <span class='ocrx_word' id='word_1_92' title='bbox 830 1100 913 1145; x_wconf 87' lang='grc' dir='ltr'><strong>τις</strong></span> <span class='ocrx_word' id='word_1_93' title='bbox 928 1082 1159 1154; x_wconf 77' lang='grc' dir='ltr'>λάὸηται</span> <span class='ocrx_word' id='word_1_94' title='bbox 1180 1084 1273 1137; x_wconf 81' lang='grc' dir='ltr'>τοῦ</span> <span class='ocrx_word' id='word_1_95' title='bbox 1298 1083 1450 1152; x_wconf 75' lang='grc' dir='ltr'>ἁγίου</span> <span class='ocrx_word' id='word_1_96' title='bbox 1484 1085 1646 1136; x_wconf 77' lang='grc' dir='ltr'>Ἀπο-</span> 
     </span>
    </p>
   </div>
   <div class='ocr_carea' id='block_1_14' title="bbox 68 1169 1649 1244">
    <p class='ocr_par' dir='ltr' id='par_1_14' title="bbox 68 1169 1649 1244">
     <span class='ocr_line' id='line_1_14' title="bbox 68 1169 1649 1244; baseline 0.003 -20"><span class='ocrx_word' id='word_1_97' title='bbox 68 1172 269 1225; x_wconf 83' lang='grc' dir='ltr'>στόλου</span> <span class='ocrx_word' id='word_1_98' title='bbox 320 1173 569 1236; x_wconf 78' lang='grc' dir='ltr'>εἰπόντος</span> <span class='ocrx_word' id='word_1_99' title='bbox 593 1187 609 1203; x_wconf 78' lang='grc'><strong>⁸</strong></span> <span class='ocrx_word' id='word_1_100' title='bbox 641 1172 801 1241; x_wconf 77' lang='grc' dir='ltr'><strong>Σὰρξ</strong></span> <span class='ocrx_word' id='word_1_101' title='bbox 841 1172 940 1227; x_wconf 77' lang='grc' dir='ltr'>καὶ</span> <span class='ocrx_word' id='word_1_102' title='bbox 970 1169 1114 1244; x_wconf 77' lang='grc' dir='ltr'>αἷμα</span> <span class='ocrx_word' id='word_1_103' title='bbox 1145 1175 1471 1239; x_wconf 72' lang='grc' dir='ltr'>,ϐασιλείαν</span> <span class='ocrx_word' id='word_1_104' title='bbox 1500 1172 1649 1228; x_wconf 86' lang='grc' dir='ltr'><strong>Θεοῦ</strong></span> 
     </span>
    </p>
   </div>
   <div class='ocr_carea' id='block_1_15' title="bbox 66 1263 1651 1337">
    <p class='ocr_par' dir='ltr' id='par_1_15' title="bbox 66 1263 1651 1337">
     <span class='ocr_line' id='line_1_15' title="bbox 66 1263 1651 1337; baseline 0.001 -20"><span class='ocrx_word' id='word_1_105' title='bbox 66 1265 148 1317; x_wconf 83' lang='grc' dir='ltr'>οὐ</span> <span class='ocrx_word' id='word_1_106' title='bbox 214 1263 806 1333; x_wconf 70' lang='grc' dir='ltr'>κληρονομήσουσιν.</span> <span class='ocrx_word' id='word_1_107' title='bbox 848 1264 923 1317; x_wconf 85' lang='grc' dir='ltr'><strong>Οὐ</strong></span> <span class='ocrx_word' id='word_1_108' title='bbox 963 1265 1072 1336; x_wconf 85' lang='grc' dir='ltr'><strong>γὰρ</strong></span> <span class='ocrx_word' id='word_1_109' title='bbox 1124 1266 1303 1318; x_wconf 79' lang='grc' dir='ltr'>πᾶσαν</span> <span class='ocrx_word' id='word_1_110' title='bbox 1357 1266 1533 1337; x_wconf 83' lang='grc' dir='ltr'>σάρκα</span> <span class='ocrx_word' id='word_1_111' title='bbox 1567 1266 1651 1319; x_wconf 76' lang='grc' dir='ltr'><strong>αἱ·</strong></span> 
     </span>
    </p>
   </div>
   <div class='ocr_carea' id='block_1_16' title="bbox 67 1352 1651 1427">
    <p class='ocr_par' dir='ltr' id='par_1_16' title="bbox 67 1352 1651 1427">
     <span class='ocr_line' id='line_1_16' title="bbox 67 1352 1651 1427; baseline 0.001 -20"><span class='ocrx_word' id='word_1_112' title='bbox 67 1355 279 1408; x_wconf 79' lang='grc' dir='ltr'>τιᾶται.</span> <span class='ocrx_word' id='word_1_113' title='bbox 321 1354 446 1418; x_wconf 84' lang='grc' dir='ltr'><strong>Πῶς</strong></span> <span class='ocrx_word' id='word_1_114' title='bbox 469 1353 578 1424; x_wconf 86' lang='grc' dir='ltr'>γὰρ</span> <span class='ocrx_word' id='word_1_115' title='bbox 617 1353 990 1425; x_wconf 77' lang='grc' dir='ltr'>αἰτιαθήσεται</span> <span class='ocrx_word' id='word_1_116' title='bbox 1021 1352 1176 1424; x_wconf 73' lang='grc' dir='ltr'>σάρξ,</span> <span class='ocrx_word' id='word_1_117' title='bbox 1214 1357 1245 1426; x_wconf 86' lang='grc' dir='ltr'>ὴ</span> <span class='ocrx_word' id='word_1_118' title='bbox 1291 1355 1364 1427; x_wconf 79' lang='grc' dir='ltr'>μὴ</span> <span class='ocrx_word' id='word_1_119' title='bbox 1398 1355 1651 1426; x_wconf 80' lang='grc' dir='ltr'>πράξασα</span> 
     </span>
    </p>
   </div>
   <div class='ocr_carea' id='block_1_17' title="bbox 68 1447 1653 1521">
    <p class='ocr_par' dir='ltr' id='par_1_17' title="bbox 68 1447 1653 1521">
     <span class='ocr_line' id='line_1_17' title="bbox 68 1447 1653 1521; baseline 0.001 -22"><span class='ocrx_word' id='word_1_120' title='bbox 68 1448 145 1500; x_wconf 77' lang='grc' dir='ltr'>τὰ</span> <span class='ocrx_word' id='word_1_121' title='bbox 172 1448 573 1521; x_wconf 74' lang='grc' dir='ltr'>προειρημένας</span> <span class='ocrx_word' id='word_1_122' title='bbox 605 1447 715 1502; x_wconf 70' lang='grc' dir='ltr'><strong>Καὶ</strong></span> <span class='ocrx_word' id='word_1_123' title='bbox 733 1449 793 1512; x_wconf 80' lang='grc' dir='ltr'>ἐξ</span> <span class='ocrx_word' id='word_1_124' title='bbox 810 1450 1016 1520; x_wconf 74' lang='grc' dir='ltr'>ἐτέρων</span> <span class='ocrx_word' id='word_1_125' title='bbox 1046 1449 1104 1502; x_wconf 76' lang='grc' dir='ltr'><strong>δὲ</strong></span> <span class='ocrx_word' id='word_1_126' title='bbox 1133 1448 1455 1513; x_wconf 76' lang='grc' dir='ltr'>ἀποδείξεων</span> <span class='ocrx_word' id='word_1_127' title='bbox 1477 1465 1653 1519; x_wconf 83' lang='grc' dir='ltr'>παρα-</span> 
     </span>
    </p>
   </div>
   <div class='ocr_carea' id='block_1_18' title="bbox 73 1541 1653 1612">
    <p class='ocr_par' dir='ltr' id='par_1_18' title="bbox 73 1541 1653 1612">
     <span class='ocr_line' id='line_1_18' title="bbox 73 1541 1653 1612; baseline 0.001 -20"><span class='ocrx_word' id='word_1_128' title='bbox 73 1541 266 1611; x_wconf 84' lang='grc' dir='ltr'>στήσω</span> <span class='ocrx_word' id='word_1_129' title='bbox 296 1541 357 1594; x_wconf 81' lang='grc' dir='ltr'>τδ</span> <span class='ocrx_word' id='word_1_130' title='bbox 402 1541 750 1612; x_wconf 79' lang='grc' dir='ltr'>ζητούμενον.</span> <span class='ocrx_word' id='word_1_131' title='bbox 799 1543 897 1609; x_wconf 80' lang='grc' dir='ltr'><em>Τίς</em></span> <span class='ocrx_word' id='word_1_132' title='bbox 937 1542 1067 1610; x_wconf 70' lang='grc' dir='ltr'>γὰρ,</span> <span class='ocrx_word' id='word_1_133' title='bbox 1108 1542 1291 1612; x_wconf 78' lang='grc' dir='ltr'>φησὶν,</span> <span class='ocrx_word' id='word_1_134' title='bbox 1340 1541 1653 1610; x_wconf 70' lang='grc' dir='ltr'><strong>ἐγκαλέσει</strong></span> 
     </span>
    </p>
   </div>
   <div class='ocr_carea' id='block_1_19' title="bbox 73 1631 1655 1705">
    <p class='ocr_par' dir='ltr' id='par_1_19' title="bbox 73 1631 1655 1705">
     <span class='ocr_line' id='line_1_19' title="bbox 73 1631 1655 1705; baseline 0 -20"><span class='ocrx_word' id='word_1_135' title='bbox 73 1634 233 1686; x_wconf 81' lang='grc' dir='ltr'>κατὰ</span> <span class='ocrx_word' id='word_1_136' title='bbox 263 1633 563 1687; x_wconf 77' lang='grc' dir='ltr'><strong>ἐκλεκτῶν</strong></span> <span class='ocrx_word' id='word_1_137' title='bbox 588 1631 771 1697; x_wconf 79' lang='grc' dir='ltr'>Θεοῦ;</span> <span class='ocrx_word' id='word_1_138' title='bbox 794 1633 918 1696; x_wconf 85' lang='grc' dir='ltr'><strong>Πῶς</strong></span> <span class='ocrx_word' id='word_1_139' title='bbox 950 1633 1011 1685; x_wconf 77' lang='grc' dir='ltr'><strong>οὐ</strong></span> <span class='ocrx_word' id='word_1_140' title='bbox 1041 1632 1436 1705; x_wconf 75' lang='grc' dir='ltr'>κληρονομήσει</span> <span class='ocrx_word' id='word_1_141' title='bbox 1464 1633 1655 1702; x_wconf 80' lang='grc' dir='ltr'>Μαρία</span> 
     </span>
    </p>
   </div>
   <div class='ocr_carea' id='block_1_20' title="bbox 1744 435 3319 508">
    <p class='ocr_par' dir='ltr' id='par_1_20' title="bbox 1744 435 3319 508">
     <span class='ocr_line' id='line_1_20' title="bbox 1744 435 3319 508; baseline -0.003 -13"><span class='ocrx_word' id='word_1_142' title='bbox 1744 440 1883 495; x_wconf 83' lang='lat' dir='ltr'><strong>ciam</strong></span> <span class='ocrx_word' id='word_1_143' title='bbox 1941 437 2153 495; x_wconf 84' lang='lat' dir='ltr'><strong>Domini</strong></span> <span class='ocrx_word' id='word_1_144' title='bbox 2202 439 2288 493; x_wconf 86' lang='lat' dir='ltr'><strong>sui</strong></span> <span class='ocrx_word' id='word_1_145' title='bbox 2346 437 2684 508; x_wconf 88' lang='lat' dir='ltr'><strong>majestatcm</strong></span> <span class='ocrx_word' id='word_1_146' title='bbox 2737 437 3030 491; x_wconf 74' lang='lat' dir='ltr'><strong>imminuit.</strong></span> <span class='ocrx_word' id='word_1_147' title='bbox 3087 435 3319 493; x_wconf 85' lang='lat' dir='ltr'><strong>Ubinam</strong></span> 
     </span>
    </p>
   </div>
   <div class='ocr_carea' id='block_1_21' title="bbox 1743 528 3320 601">
    <p class='ocr_par' dir='ltr' id='par_1_21' title="bbox 1743 528 3320 601">
     <span class='ocr_line' id='line_1_21' title="bbox 1743 528 3320 601; baseline -0.001 -16"><span class='ocrx_word' id='word_1_148' title='bbox 1743 546 1873 601; x_wconf 85' lang='lat' dir='ltr'><strong>ergo</strong></span> <span class='ocrx_word' id='word_1_149' title='bbox 1920 545 2123 593; x_wconf 86' lang='lat' dir='ltr'><strong>rerum,</strong></span> <span class='ocrx_word' id='word_1_150' title='bbox 2175 538 2463 599; x_wconf 81' lang='lat' dir='ltr'><strong>antequam</strong></span> <span class='ocrx_word' id='word_1_151' title='bbox 2520 542 2649 583; x_wconf 87' lang='lat' dir='ltr'><strong>caro</strong></span> <span class='ocrx_word' id='word_1_152' title='bbox 2694 528 3003 598; x_wconf 88' lang='lat' dir='ltr'><strong>prodiisset,</strong></span> <span class='ocrx_word' id='word_1_153' title='bbox 3038 540 3320 600; x_wconf 86' lang='lat' dir='ltr'><strong>peccatum</strong></span> 
     </span>
    </p>
   </div>
   <div class='ocr_carea' id='block_1_22' title="bbox 1746 620 3322 691">
    <p class='ocr_par' dir='ltr' id='par_1_22' title="bbox 1746 620 3322 691">
     <span class='ocr_line' id='line_1_22' title="bbox 1746 620 3322 691; baseline -0.001 -16"><span class='ocrx_word' id='word_1_154' title='bbox 1746 621 1879 677; x_wconf 84' lang='lat' dir='ltr'><strong>fuit?</strong></span> <span class='ocrx_word' id='word_1_155' title='bbox 1918 621 2025 675; x_wconf 87' lang='lat' dir='ltr'><strong>Aut</strong></span> <span class='ocrx_word' id='word_1_156' title='bbox 2049 635 2284 691; x_wconf 88' lang='lat' dir='ltr'><strong>quanam</strong></span> <span class='ocrx_word' id='word_1_157' title='bbox 2331 621 2542 675; x_wconf 83' lang='lat' dir='ltr'><strong>ratione</strong></span> <span class='ocrx_word' id='word_1_158' title='bbox 2574 636 2680 675; x_wconf 91' lang='lat' dir='ltr'><strong>non</strong></span> <span class='ocrx_word' id='word_1_159' title='bbox 2715 620 2877 674; x_wconf 87' lang='lat' dir='ltr'><strong>simul</strong></span> <span class='ocrx_word' id='word_1_160' title='bbox 2909 630 3069 690; x_wconf 87' lang='lat' dir='ltr'><strong>atque</strong></span> <span class='ocrx_word' id='word_1_161' title='bbox 3102 622 3322 675; x_wconf 88' lang='lat' dir='ltr'><strong>condita</strong></span> 
     </span>
    </p>
   </div>
   <div class='ocr_carea' id='block_1_23' title="bbox 1744 713 3327 784">
    <p class='ocr_par' dir='ltr' id='par_1_23' title="bbox 1744 713 3327 784">
     <span class='ocr_line' id='line_1_23' title="bbox 1744 713 3327 784; baseline -0.003 -14"><span class='ocrx_word' id='word_1_162' title='bbox 1744 723 1847 776; x_wconf 87' lang='lat' dir='ltr'><strong>est,</strong></span> <span class='ocrx_word' id='word_1_163' title='bbox 1873 714 1966 769; x_wconf 90' lang='lat' dir='ltr'><strong>sed</strong></span> <span class='ocrx_word' id='word_1_164' title='bbox 2003 714 2281 783; x_wconf 88' lang='lat' dir='ltr'><strong>aliquanto</strong></span> <span class='ocrx_word' id='word_1_165' title='bbox 2312 722 2499 784; x_wconf 91' lang='lat' dir='ltr'><strong>postea</strong></span> <span class='ocrx_word' id='word_1_166' title='bbox 2542 713 2827 767; x_wconf 90' lang='lat' dir='ltr'><strong>intervallo</strong></span> <span class='ocrx_word' id='word_1_167' title='bbox 2870 713 3073 765; x_wconf 88' lang='lat' dir='ltr'><strong>malum</strong></span> <span class='ocrx_word' id='word_1_168' title='bbox 3103 713 3327 766; x_wconf 84' lang='lat' dir='ltr'><strong>commi-</strong></span> 
     </span>
    </p>
   </div>
   <div class='ocr_carea' id='block_1_24' title="bbox 1746 804 3326 876">
    <p class='ocr_par' dir='ltr' id='par_1_24' title="bbox 1746 804 3326 876">
     <span class='ocr_line' id='line_1_24' title="bbox 1746 804 3326 876; baseline -0.003 -15"><span class='ocrx_word' id='word_1_169' title='bbox 1746 808 1864 861; x_wconf 88' lang='lat' dir='ltr'><strong>sit?</strong></span> <span class='ocrx_word' id='word_1_170' title='bbox 1890 806 2252 874; x_wconf 85' lang='lat' dir='ltr'><strong>Quamobrem</strong></span> <span class='ocrx_word' id='word_1_171' title='bbox 2285 807 2462 862; x_wconf 91' lang='lat' dir='ltr'><strong>omnis</strong></span> <span class='ocrx_word' id='word_1_172' title='bbox 2509 806 2598 860; x_wconf 90' lang='lat' dir='ltr'><strong>illa</strong></span> <span class='ocrx_word' id='word_1_173' title='bbox 2635 806 2701 861; x_wconf 92' lang='lat' dir='ltr'><strong>de</strong></span> <span class='ocrx_word' id='word_1_174' title='bbox 2734 805 3001 876; x_wconf 87' lang='lat' dir='ltr'><strong>principio</strong></span> <span class='ocrx_word' id='word_1_175' title='bbox 3042 804 3165 857; x_wconf 88' lang='lat' dir='ltr'><strong>mali</strong></span> <span class='ocrx_word' id='word_1_176' title='bbox 3203 820 3326 858; x_wconf 88' lang='lat' dir='ltr'><strong>sen-</strong></span> 
     </span>
    </p>
   </div>
   <div class='ocr_carea' id='block_1_25' title="bbox 1748 896 3327 966">
    <p class='ocr_par' dir='ltr' id='par_1_25' title="bbox 1748 896 3327 966">
     <span class='ocr_line' id='line_1_25' title="bbox 1748 896 3327 966; baseline -0.003 -16"><span class='ocrx_word' id='word_1_177' title='bbox 1748 898 1915 951; x_wconf 90' lang='lat' dir='ltr'><strong>tentia</strong></span> <span class='ocrx_word' id='word_1_178' title='bbox 1954 897 2181 951; x_wconf 91' lang='lat' dir='ltr'><strong>corruit.</strong></span> <span class='ocrx_word' id='word_1_179' title='bbox 2220 896 2335 950; x_wconf 69' lang='lat' dir='ltr'><strong>Non</strong></span> <span class='ocrx_word' id='word_1_180' title='bbox 2363 898 2504 951; x_wconf 85' lang='lat' dir='ltr'><strong>enim</strong></span> <span class='ocrx_word' id='word_1_181' title='bbox 2542 896 2821 966; x_wconf 90' lang='lat' dir='ltr'><strong>antiquum</strong></span> <span class='ocrx_word' id='word_1_182' title='bbox 2850 910 2971 950; x_wconf 89' lang='lat' dir='ltr'><strong>esse</strong></span> <span class='ocrx_word' id='word_1_183' title='bbox 2998 902 3173 964; x_wconf 88' lang='lat' dir='ltr'><strong>potest</strong></span> <span class='ocrx_word' id='word_1_184' title='bbox 3214 910 3327 947; x_wconf 90' lang='lat' dir='ltr'><strong>ma-</strong></span> 
     </span>
    </p>
   </div>
   <div class='ocr_carea' id='block_1_26' title="bbox 1748 988 3327 1059">
    <p class='ocr_par' dir='ltr' id='par_1_26' title="bbox 1748 988 3327 1059">
     <span class='ocr_line' id='line_1_26' title="bbox 1748 988 3327 1059; baseline -0.001 -17"><span class='ocrx_word' id='word_1_185' title='bbox 1748 988 1882 1053; x_wconf 88' lang='lat' dir='ltr'><strong>lum,</strong></span> <span class='ocrx_word' id='word_1_186' title='bbox 1910 988 2055 1059; x_wconf 88' lang='lat' dir='ltr'><strong>quod</strong></span> <span class='ocrx_word' id='word_1_187' title='bbox 2096 990 2149 1043; x_wconf 90' lang='lat' dir='ltr'><strong>in</strong></span> <span class='ocrx_word' id='word_1_188' title='bbox 2181 989 2468 1044; x_wconf 71' lang='lat' dir='ltr'><strong>recentiori</strong></span> <span class='ocrx_word' id='word_1_189' title='bbox 2502 1004 2631 1042; x_wconf 87' lang='lat' dir='ltr'><strong>caro</strong></span> <span class='ocrx_word' id='word_1_190' title='bbox 2667 988 2828 1043; x_wconf 85' lang='lat' dir='ltr'><strong>habet</strong></span> <span class='ocrx_word' id='word_1_191' title='bbox 2870 996 2925 1041; x_wconf 91' lang='lat' dir='ltr'><strong>ut</strong></span> <span class='ocrx_word' id='word_1_192' title='bbox 2978 990 3066 1050; x_wconf 83' lang='lat' dir='ltr'><strong>sit,</strong></span> <span class='ocrx_word' id='word_1_193' title='bbox 3094 996 3187 1041; x_wconf 89' lang='lat' dir='ltr'><strong>aut</strong></span> <span class='ocrx_word' id='word_1_194' title='bbox 3220 1003 3327 1041; x_wconf 91' lang='lat' dir='ltr'><strong>non</strong></span> 
     </span>
    </p>
   </div>
   <div class='ocr_carea' id='block_1_27' title="bbox 1749 1079 3327 1149">
    <p class='ocr_par' dir='ltr' id='par_1_27' title="bbox 1749 1079 3327 1149">
     <span class='ocr_line' id='line_1_27' title="bbox 1749 1079 3327 1149; baseline -0.003 -12"><span class='ocrx_word' id='word_1_195' title='bbox 1749 1082 1821 1137; x_wconf 88' lang='lat' dir='ltr'><strong>sit</strong></span> <span class='ocrx_word' id='word_1_196' title='bbox 1852 1082 2093 1135; x_wconf 88' lang='lat' dir='ltr'><strong>omnino.</strong></span> <span class='ocrx_word' id='word_1_197' title='bbox 2133 1080 2319 1149; x_wconf 82' lang='lat' dir='ltr'><strong>Neque</strong></span> <span class='ocrx_word' id='word_1_198' title='bbox 2356 1096 2484 1135; x_wconf 85' lang='lat' dir='ltr'><strong>vero</strong></span> <span class='ocrx_word' id='word_1_199' title='bbox 2513 1094 2542 1133; x_wconf 91' lang='lat' dir='ltr'><strong>a</strong></span> <span class='ocrx_word' id='word_1_200' title='bbox 2581 1079 2788 1133; x_wconf 81' lang='lat' dir='ltr'><strong>caelesti</strong></span> <span class='ocrx_word' id='word_1_201' title='bbox 2819 1080 3167 1149; x_wconf 88' lang='lat' dir='ltr'><strong>possessione</strong></span> <span class='ocrx_word' id='word_1_202' title='bbox 3198 1094 3327 1134; x_wconf 90' lang='lat' dir='ltr'><strong>caro</strong></span> 
     </span>
    </p>
   </div>
   <div class='ocr_carea' id='block_1_28' title="bbox 1750 1171 3330 1243">
    <p class='ocr_par' dir='ltr' id='par_1_28' title="bbox 1750 1171 3330 1243">
     <span class='ocr_line' id='line_1_28' title="bbox 1750 1171 3330 1243; baseline -0.003 -15"><span class='ocrx_word' id='word_1_203' title='bbox 1750 1173 2020 1243; x_wconf 87' lang='lat' dir='ltr'><strong>dcjicitur.</strong></span> <span class='ocrx_word' id='word_1_204' title='bbox 2061 1172 2170 1227; x_wconf 87' lang='lat' dir='ltr'><strong>Nec</strong></span> <span class='ocrx_word' id='word_1_205' title='bbox 2204 1182 2283 1227; x_wconf 88' lang='lat' dir='ltr'><strong>est</strong></span> <span class='ocrx_word' id='word_1_206' title='bbox 2320 1172 2464 1241; x_wconf 88' lang='lat' dir='ltr'><strong>quod</strong></span> <span class='ocrx_word' id='word_1_207' title='bbox 2499 1172 2741 1242; x_wconf 83' lang='lat' dir='ltr'><strong>Apostoli</strong></span> <span class='ocrx_word' id='word_1_208' title='bbox 2774 1171 3097 1225; x_wconf 81' lang='lat' dir='ltr'><strong>auctoritate</strong></span> <span class='ocrx_word' id='word_1_209' title='bbox 3138 1171 3330 1225; x_wconf 86' lang='lat' dir='ltr'><strong>abuta-</strong></span> 
     </span>
    </p>
   </div>
   <div class='ocr_carea' id='block_1_29' title="bbox 1751 1262 3331 1335">
    <p class='ocr_par' dir='ltr' id='par_1_29' title="bbox 1751 1262 3331 1335">
     <span class='ocr_line' id='line_1_29' title="bbox 1751 1262 3331 1335; baseline -0.001 -17"><span class='ocrx_word' id='word_1_210' title='bbox 1751 1273 1841 1319; x_wconf 85' lang='lat' dir='ltr'><strong>tur</strong></span> <span class='ocrx_word' id='word_1_211' title='bbox 1868 1264 2158 1335; x_wconf 84' lang='lat' dir='ltr'><strong>quispiam,</strong></span> <span class='ocrx_word' id='word_1_212' title='bbox 2191 1265 2316 1318; x_wconf 91' lang='lat' dir='ltr'><strong>dum</strong></span> <span class='ocrx_word' id='word_1_213' title='bbox 2345 1265 2419 1317; x_wconf 90' lang='lat' dir='ltr'><strong>ait</strong></span> <span class='ocrx_word' id='word_1_214' title='bbox 2450 1283 2463 1319; x_wconf 89' lang='lat'>:</span> <span class='ocrx_word' id='word_1_215' title='bbox 2495 1262 2633 1319; x_wconf 83' lang='lat' dir='ltr'><strong>Caro</strong></span> <span class='ocrx_word' id='word_1_216' title='bbox 2666 1274 2714 1317; x_wconf 87' lang='lat' dir='ltr'><strong>et</strong></span> <span class='ocrx_word' id='word_1_217' title='bbox 2744 1264 2957 1333; x_wconf 79' lang='lat' dir='ltr'><strong>sanguis</strong></span> <span class='ocrx_word' id='word_1_218' title='bbox 2990 1280 3202 1334; x_wconf 83' lang='lat' dir='ltr'><strong>regnum</strong></span> <span class='ocrx_word' id='word_1_219' title='bbox 3232 1263 3331 1317; x_wconf 89' lang='lat' dir='ltr'><strong>Dei</strong></span> 
     </span>
    </p>
   </div>
   <div class='ocr_carea' id='block_1_30' title="bbox 1752 1354 3331 1426">
    <p class='ocr_par' dir='ltr' id='par_1_30' title="bbox 1752 1354 3331 1426">
     <span class='ocr_line' id='line_1_30' title="bbox 1752 1354 3331 1426; baseline -0.001 -16"><span class='ocrx_word' id='word_1_220' title='bbox 1752 1373 1853 1410; x_wconf 86' lang='lat' dir='ltr'><strong>nou</strong></span> <span class='ocrx_word' id='word_1_221' title='bbox 1884 1356 2217 1426; x_wconf 80' lang='lat' dir='ltr'><strong>possidebunt</strong></span> <span class='ocrx_word' id='word_1_222' title='bbox 2248 1357 2285 1409; x_wconf 84' lang='lat'><strong>&#39;.</strong></span> <span class='ocrx_word' id='word_1_223' title='bbox 2320 1354 2453 1409; x_wconf 88' lang='lat' dir='ltr'><strong>Nam</strong></span> <span class='ocrx_word' id='word_1_224' title='bbox 2500 1370 2604 1409; x_wconf 89' lang='lat' dir='ltr'><strong>non</strong></span> <span class='ocrx_word' id='word_1_225' title='bbox 2658 1371 2876 1410; x_wconf 88' lang='lat' dir='ltr'><strong>carnem</strong></span> <span class='ocrx_word' id='word_1_226' title='bbox 2924 1370 3137 1411; x_wconf 91' lang='lat' dir='ltr'><strong>omnem</strong></span> <span class='ocrx_word' id='word_1_227' title='bbox 3171 1371 3331 1410; x_wconf 90' lang='lat' dir='ltr'><strong>accu-</strong></span> 
     </span>
    </p>
   </div>
   <div class='ocr_carea' id='block_1_31' title="bbox 1753 1447 3334 1519">
    <p class='ocr_par' dir='ltr' id='par_1_31' title="bbox 1753 1447 3334 1519">
     <span class='ocr_line' id='line_1_31' title="bbox 1753 1447 3334 1519; baseline 0 -16"><span class='ocrx_word' id='word_1_228' title='bbox 1753 1455 1857 1503; x_wconf 87' lang='lat' dir='ltr'><strong>sat.</strong></span> <span class='ocrx_word' id='word_1_229' title='bbox 1893 1449 2004 1502; x_wconf 88' lang='lat' dir='ltr'><strong>Cur</strong></span> <span class='ocrx_word' id='word_1_230' title='bbox 2055 1448 2199 1503; x_wconf 88' lang='lat' dir='ltr'><strong>enim</strong></span> <span class='ocrx_word' id='word_1_231' title='bbox 2230 1454 2516 1502; x_wconf 88' lang='lat' dir='ltr'><strong>accusetur</strong></span> <span class='ocrx_word' id='word_1_232' title='bbox 2544 1462 2606 1502; x_wconf 88' lang='lat' dir='ltr'><strong>ea</strong></span> <span class='ocrx_word' id='word_1_233' title='bbox 2636 1462 2756 1516; x_wconf 65' lang='lat' dir='ltr'><strong>qute</strong></span> <span class='ocrx_word' id='word_1_234' title='bbox 2813 1447 2948 1502; x_wconf 85' lang='lat' dir='ltr'><strong>nihil</strong></span> <span class='ocrx_word' id='word_1_235' title='bbox 2975 1462 3163 1503; x_wconf 87' lang='lat' dir='ltr'><strong>eorum</strong></span> <span class='ocrx_word' id='word_1_236' title='bbox 3211 1464 3334 1519; x_wconf 61' lang='lat' dir='ltr'><strong>qua}</strong></span> 
     </span>
    </p>
   </div>
   <div class='ocr_carea' id='block_1_32' title="bbox 1755 1539 3333 1596">
    <p class='ocr_par' dir='ltr' id='par_1_32' title="bbox 1755 1539 3333 1596">
     <span class='ocr_line' id='line_1_32' title="bbox 1755 1539 3333 1596; baseline 0.001 -3"><span class='ocrx_word' id='word_1_237' title='bbox 1755 1548 1912 1595; x_wconf 87' lang='lat' dir='ltr'><strong>antea</strong></span> <span class='ocrx_word' id='word_1_238' title='bbox 1946 1549 2369 1595; x_wconf 88' lang='lat' dir='ltr'><strong>commemorata</strong></span> <span class='ocrx_word' id='word_1_239' title='bbox 2421 1547 2549 1595; x_wconf 90' lang='lat' dir='ltr'><strong>sunt</strong></span> <span class='ocrx_word' id='word_1_240' title='bbox 2594 1539 2909 1595; x_wconf 84' lang='lat' dir='ltr'><strong>admiserit?</strong></span> <span class='ocrx_word' id='word_1_241' title='bbox 2954 1539 3059 1595; x_wconf 91' lang='lat' dir='ltr'><strong>Sed</strong></span> <span class='ocrx_word' id='word_1_242' title='bbox 3119 1551 3172 1596; x_wconf 92' lang='lat' dir='ltr'><strong>et</strong></span> <span class='ocrx_word' id='word_1_243' title='bbox 3211 1543 3333 1596; x_wconf 88' lang='lat' dir='ltr'><strong>aliis</strong></span> 
     </span>
    </p>
   </div>
   <div class='ocr_carea' id='block_1_33' title="bbox 1755 1632 3334 1703">
    <p class='ocr_par' dir='ltr' id='par_1_33' title="bbox 1755 1632 3334 1703">
     <span class='ocr_line' id='line_1_33' title="bbox 1755 1632 3334 1703; baseline 0.003 -18"><span class='ocrx_word' id='word_1_244' title='bbox 1755 1646 1974 1702; x_wconf 89' lang='lat' dir='ltr'><strong>quoque</strong></span> <span class='ocrx_word' id='word_1_245' title='bbox 2013 1632 2317 1687; x_wconf 88' lang='lat' dir='ltr'><strong>rationibus</strong></span> <span class='ocrx_word' id='word_1_246' title='bbox 2352 1632 2496 1703; x_wconf 91' lang='lat' dir='ltr'><strong>quod</strong></span> <span class='ocrx_word' id='word_1_247' title='bbox 2544 1632 2805 1702; x_wconf 62' lang='lat' dir='ltr'><strong>quaeritur</strong></span> <span class='ocrx_word' id='word_1_248' title='bbox 2842 1634 3121 1689; x_wconf 79' lang='lat' dir='ltr'><strong>evidenter</strong></span> <span class='ocrx_word' id='word_1_249' title='bbox 3146 1643 3334 1690; x_wconf 86' lang='lat' dir='ltr'><strong>osten-</strong></span> 
     </span>
    </p>
   </div>
   <div class='ocr_carea' id='block_1_34' title="bbox 69 1720 1666 1797">
    <p class='ocr_par' dir='ltr' id='par_1_34' title="bbox 69 1724 1653 1797">
     <span class='ocr_line' id='line_1_34' title="bbox 69 1724 1653 1797; baseline -0.002 -19"><span class='ocrx_word' id='word_1_250' title='bbox 69 1726 109 1793; x_wconf 81' lang='grc' dir='ltr'><strong>ἡ</strong></span> <span class='ocrx_word' id='word_1_251' title='bbox 161 1726 295 1793; x_wconf 79' lang='grc' dir='ltr'>ἀγία</span> <span class='ocrx_word' id='word_1_252' title='bbox 342 1726 487 1795; x_wconf 83' lang='grc' dir='ltr'><strong>μετά</strong></span> <span class='ocrx_word' id='word_1_253' title='bbox 518 1726 721 1795; x_wconf 78' lang='grc' dir='ltr'>σαρκὸς</span> <span class='ocrx_word' id='word_1_254' title='bbox 763 1727 862 1797; x_wconf 81' lang='grc' dir='ltr'><strong>τὴν</strong></span> <span class='ocrx_word' id='word_1_255' title='bbox 892 1724 1168 1795; x_wconf 82' lang='grc' dir='ltr'>βασιλείαν</span> <span class='ocrx_word' id='word_1_256' title='bbox 1194 1725 1301 1777; x_wconf 77' lang='grc' dir='ltr'>τῶν</span> <span class='ocrx_word' id='word_1_257' title='bbox 1332 1724 1594 1794; x_wconf 79' lang='grc' dir='ltr'>οὐρανῶν,</span> <span class='ocrx_word' id='word_1_258' title='bbox 1622 1724 1653 1795; x_wconf 83' lang='grc' dir='ltr'>ή</span> 
     </span>
    </p>
   </div>
   <div class='ocr_carea' id='block_1_35' title="bbox 1853 1720 3339 1797">
    <p class='ocr_par' dir='ltr' id='par_1_35' title="bbox 1853 1725 3339 1796">
     <span class='ocr_line' id='line_1_35' title="bbox 1853 1725 3339 1796; baseline 0.004 -17"><span class='ocrx_word' id='word_1_259' title='bbox 1853 1741 1924 1779; x_wconf 73' lang='grc' dir='ltr'>η.</span> <span class='ocrx_word' id='word_1_260' title='bbox 1959 1725 2115 1792; x_wconf 82' lang='lat' dir='ltr'><strong>Quis,</strong></span> <span class='ocrx_word' id='word_1_261' title='bbox 2150 1726 2345 1796; x_wconf 88' lang='lat' dir='ltr'><strong>inquit,</strong></span> <span class='ocrx_word' id='word_1_262' title='bbox 2372 1726 2640 1780; x_wconf 79' lang='lat' dir='ltr'><strong>accusabit</strong></span> <span class='ocrx_word' id='word_1_263' title='bbox 2671 1728 2917 1782; x_wconf 86' lang='lat' dir='ltr'><strong>adversus</strong></span> <span class='ocrx_word' id='word_1_264' title='bbox 2948 1728 3136 1783; x_wconf 85' lang='lat' dir='ltr'><strong>electos</strong></span> <span class='ocrx_word' id='word_1_265' title='bbox 3168 1729 3339 1785; x_wconf 79' lang='lat' dir='ltr'><strong>Dei’?</strong></span> 
     </span>
    </p>
   </div>
   <div class='ocr_carea' id='block_1_36' title="bbox 77 1814 1653 1887">
    <p class='ocr_par' dir='ltr' id='par_1_36' title="bbox 77 1814 1653 1887">
     <span class='ocr_line' id='line_1_36' title="bbox 77 1814 1653 1887; baseline 0 -20"><span class='ocrx_word' id='word_1_266' title='bbox 77 1815 160 1885; x_wconf 85' lang='grc' dir='ltr'>μὴ</span> <span class='ocrx_word' id='word_1_267' title='bbox 200 1815 564 1887; x_wconf 85' lang='grc' dir='ltr'>πορνεύσασα,</span> <span class='ocrx_word' id='word_1_268' title='bbox 623 1817 698 1885; x_wconf 81' lang='grc' dir='ltr'>μὴ</span> <span class='ocrx_word' id='word_1_269' title='bbox 743 1814 1115 1885; x_wconf 83' lang='grc' dir='ltr'>ἀσελγήσασα,</span> <span class='ocrx_word' id='word_1_270' title='bbox 1155 1815 1230 1885; x_wconf 83' lang='grc' dir='ltr'>μὴ</span> <span class='ocrx_word' id='word_1_271' title='bbox 1285 1814 1653 1886; x_wconf 68' lang='grc' dir='ltr'>μοιχευθεῖσα,</span> 
     </span>
    </p>
   </div>
   <div class='ocr_carea' id='block_1_37' title="bbox 68 1903 1656 1978">
    <p class='ocr_par' dir='ltr' id='par_1_37' title="bbox 68 1903 1656 1978">
     <span class='ocr_line' id='line_1_37' title="bbox 68 1903 1656 1978; baseline -0.003 -17"><span class='ocrx_word' id='word_1_272' title='bbox 68 1903 255 1973; x_wconf 78' lang='grc' dir='ltr'>,μηδέν</span> <span class='ocrx_word' id='word_1_273' title='bbox 275 1923 328 1958; x_wconf 90' lang='grc' dir='ltr'><strong>τι</strong></span> <span class='ocrx_word' id='word_1_274' title='bbox 352 1906 462 1959; x_wconf 88' lang='grc' dir='ltr'><strong>τῶν</strong></span> <span class='ocrx_word' id='word_1_275' title='bbox 492 1907 806 1977; x_wconf 79' lang='grc' dir='ltr'><strong>ἀνηκέστων</strong></span> <span class='ocrx_word' id='word_1_276' title='bbox 837 1908 1038 1978; x_wconf 75' lang='grc' dir='ltr'>σαρκὸς</span> <span class='ocrx_word' id='word_1_277' title='bbox 1074 1907 1252 1976; x_wconf 74' lang='grc' dir='ltr'>ἔργων</span> <span class='ocrx_word' id='word_1_278' title='bbox 1285 1906 1656 1978; x_wconf 74' lang='grc' dir='ltr'>ἐργασαμένη,</span> 
     </span>
    </p>
   </div>
   <div class='ocr_carea' id='block_1_38' title="bbox 72 1995 1659 2071">
    <p class='ocr_par' dir='ltr' id='par_1_38' title="bbox 72 1995 1659 2071">
     <span class='ocr_line' id='line_1_38' title="bbox 72 1995 1659 2071; baseline 0.002 -23"><span class='ocrx_word' id='word_1_279' title='bbox 72 1995 221 2049; x_wconf 83' lang='grc' dir='ltr'>ἀλλὰ</span> <span class='ocrx_word' id='word_1_280' title='bbox 249 1997 512 2069; x_wconf 75' lang='grc' dir='ltr'>ἄχραντος</span> <span class='ocrx_word' id='word_1_281' title='bbox 536 1998 797 2069; x_wconf 81' lang='grc' dir='ltr'>μείνασα;</span> <span class='ocrx_word' id='word_1_282' title='bbox 823 2000 936 2053; x_wconf 77' lang='grc' dir='ltr'><strong>Οὐκ</strong></span> <span class='ocrx_word' id='word_1_283' title='bbox 963 2001 1070 2070; x_wconf 84' lang='grc' dir='ltr'><strong>ἀρα</strong></span> <span class='ocrx_word' id='word_1_284' title='bbox 1084 1999 1262 2053; x_wconf 76' lang='grc' dir='ltr'>τοίνυν</span> <span class='ocrx_word' id='word_1_285' title='bbox 1293 2001 1421 2071; x_wconf 79' lang='grc' dir='ltr'>περὶ</span> <span class='ocrx_word' id='word_1_286' title='bbox 1458 2000 1659 2071; x_wconf 78' lang='grc' dir='ltr'>σαρκὸς</span> 
     </span>
    </p>
   </div>
   <div class='ocr_carea' id='block_1_39' title="bbox 76 2089 1660 2164">
    <p class='ocr_par' dir='ltr' id='par_1_39' title="bbox 76 2089 1660 2164">
     <span class='ocr_line' id='line_1_39' title="bbox 76 2089 1660 2164; baseline 0.003 -23"><span class='ocrx_word' id='word_1_287' title='bbox 76 2089 237 2157; x_wconf 84' lang='grc' dir='ltr'>λέγει</span> <span class='ocrx_word' id='word_1_288' title='bbox 268 2091 343 2162; x_wconf 83' lang='grc' dir='ltr'>μὴ</span> <span class='ocrx_word' id='word_1_289' title='bbox 375 2091 733 2164; x_wconf 78' lang='grc' dir='ltr'>κληρονομεῖν</span> <span class='ocrx_word' id='word_1_290' title='bbox 766 2092 1038 2163; x_wconf 79' lang='grc' dir='ltr'>βασιλείαν</span> <span class='ocrx_word' id='word_1_291' title='bbox 1061 2094 1324 2162; x_wconf 78' lang='grc' dir='ltr'>οὐρανῶν,</span> <span class='ocrx_word' id='word_1_292' title='bbox 1365 2092 1499 2145; x_wconf 87' lang='grc' dir='ltr'><strong>ἀλλά</strong></span> <span class='ocrx_word' id='word_1_293' title='bbox 1531 2094 1660 2163; x_wconf 70' lang='grc' dir='ltr'>περὶ</span> 
     </span>
    </p>
   </div>
   <div class='ocr_carea' id='block_1_40' title="bbox 78 2183 1661 2256">
    <p class='ocr_par' dir='ltr' id='par_1_40' title="bbox 78 2183 1661 2256">
     <span class='ocr_line' id='line_1_40' title="bbox 78 2183 1661 2256; baseline 0.002 -21"><span class='ocrx_word' id='word_1_294' title='bbox 78 2183 366 2253; x_wconf 76' lang='grc' dir='ltr'>σαρκικῶν</span> <span class='ocrx_word' id='word_1_295' title='bbox 418 2184 723 2256; x_wconf 80' lang='grc' dir='ltr'>ἀνθρώπων</span> <span class='ocrx_word' id='word_1_296' title='bbox 750 2186 859 2237; x_wconf 81' lang='grc' dir='ltr'><strong>τῶν</strong></span> <span class='ocrx_word' id='word_1_297' title='bbox 882 2186 953 2240; x_wconf 80' lang='grc' dir='ltr'>τὰ</span> <span class='ocrx_word' id='word_1_298' title='bbox 992 2185 1170 2255; x_wconf 76' lang='grc' dir='ltr'>φαῦλα</span> <span class='ocrx_word' id='word_1_299' title='bbox 1217 2186 1304 2240; x_wconf 84' lang='grc' dir='ltr'>διά</span> <span class='ocrx_word' id='word_1_300' title='bbox 1330 2186 1427 2256; x_wconf 82' lang='grc' dir='ltr'>τῆς</span> <span class='ocrx_word' id='word_1_301' title='bbox 1461 2185 1661 2256; x_wconf 72' lang='grc' dir='ltr'>σαρκὸς</span> 
     </span>
    </p>
   </div>
   <div class='ocr_carea' id='block_1_41' title="bbox 78 2277 1661 2349">
    <p class='ocr_par' dir='ltr' id='par_1_41' title="bbox 78 2277 1661 2349">
     <span class='ocr_line' id='line_1_41' title="bbox 78 2277 1661 2349; baseline 0 -20"><span class='ocrx_word' id='word_1_302' title='bbox 78 2277 466 2345; x_wconf 61' lang='grc' dir='ltr'>πραττόντων</span> <span class='ocrx_word' id='word_1_303' title='bbox 505 2277 663 2330; x_wconf 81' lang='grc' dir='ltr'>ἀτινά</span> <span class='ocrx_word' id='word_1_304' title='bbox 690 2280 805 2332; x_wconf 82' lang='grc' dir='ltr'>ἐστι</span> <span class='ocrx_word' id='word_1_305' title='bbox 834 2279 1078 2349; x_wconf 80' lang='grc' dir='ltr'>πορνεία,</span> <span class='ocrx_word' id='word_1_306' title='bbox 1108 2277 1536 2348; x_wconf 77' lang='grc' dir='ltr'>εἰδωλολατρεία,</span> <span class='ocrx_word' id='word_1_307' title='bbox 1567 2278 1661 2331; x_wconf 75' lang='grc' dir='ltr'><strong>καὶ</strong></span> 
     </span>
    </p>
   </div>
   <div class='ocr_carea' id='block_1_42' title="bbox 84 2369 1660 2440">
    <p class='ocr_par' dir='ltr' id='par_1_42' title="bbox 84 2369 1660 2440">
     <span class='ocr_line' id='line_1_42' title="bbox 84 2369 1660 2440; baseline -0.001 -18"><span class='ocrx_word' id='word_1_308' title='bbox 84 2371 159 2424; x_wconf 69' lang='grc' dir='ltr'>τὰ</span> <span class='ocrx_word' id='word_1_309' title='bbox 198 2369 409 2432; x_wconf 83' lang='grc' dir='ltr'>τούτοις</span> <span class='ocrx_word' id='word_1_310' title='bbox 437 2369 615 2439; x_wconf 82' lang='grc' dir='ltr'>ὃμοια.</span> <span class='ocrx_word' id='word_1_311' title='bbox 652 2370 764 2421; x_wconf 79' lang='grc' dir='ltr'><strong>Καὶ</strong></span> <span class='ocrx_word' id='word_1_312' title='bbox 810 2369 1108 2435; x_wconf 75' lang='grc' dir='ltr'>ἐξάπαντος</span> <span class='ocrx_word' id='word_1_313' title='bbox 1142 2369 1464 2440; x_wconf 79' lang='grc' dir='ltr'>ὲλήλεγκταε</span> <span class='ocrx_word' id='word_1_314' title='bbox 1498 2387 1590 2421; x_wconf 88' lang='grc' dir='ltr'><strong>σου</strong></span> <span class='ocrx_word' id='word_1_315' title='bbox 1627 2372 1660 2440; x_wconf 83' lang='grc' dir='ltr'>ἡ</span> 
     </span>
    </p>
   </div>
   <div class='ocr_carea' id='block_1_43' title="bbox 83 2454 1666 2531">
    <p class='ocr_par' dir='ltr' id='par_1_43' title="bbox 83 2454 1666 2531">
     <span class='ocr_line' id='line_1_43' title="bbox 83 2454 1666 2531; baseline 0.001 -19"><span class='ocrx_word' id='word_1_316' title='bbox 83 2460 391 2531; x_wconf 81' lang='grc' dir='ltr'>σκευωρία,</span> <span class='ocrx_word' id='word_1_317' title='bbox 443 2454 488 2513; x_wconf 83' lang='grc' dir='ltr'>ὧ</span> <span class='ocrx_word' id='word_1_318' title='bbox 528 2460 793 2531; x_wconf 76' lang='grc' dir='ltr'>Μαρκίων</span> <span class='ocrx_word' id='word_1_319' title='bbox 822 2459 1227 2531; x_wconf 80' lang='grc' dir='ltr'>πεπλανημένε,</span> <span class='ocrx_word' id='word_1_320' title='bbox 1274 2454 1373 2530; x_wconf 82' lang='grc' dir='ltr'>τῆς</span> <span class='ocrx_word' id='word_1_321' title='bbox 1410 2459 1666 2529; x_wconf 80' lang='grc' dir='ltr'>ἀληθείας</span> 
     </span>
    </p>
   </div>
   <div class='ocr_carea' id='block_1_44' title="bbox 80 2551 1666 2623">
    <p class='ocr_par' dir='ltr' id='par_1_44' title="bbox 80 2551 1666 2623">
     <span class='ocr_line' id='line_1_44' title="bbox 80 2551 1666 2623; baseline -0.002 -16"><span class='ocrx_word' id='word_1_322' title='bbox 80 2554 265 2623; x_wconf 80' lang='grc' dir='ltr'>πάντη</span> <span class='ocrx_word' id='word_1_323' title='bbox 296 2552 693 2623; x_wconf 81' lang='grc' dir='ltr'>προλαὸούσης,</span> <span class='ocrx_word' id='word_1_324' title='bbox 730 2554 825 2606; x_wconf 72' lang='grc' dir='ltr'><strong>καὶ</strong></span> <span class='ocrx_word' id='word_1_325' title='bbox 857 2552 915 2606; x_wconf 85' lang='grc' dir='ltr'><strong>τὸ</strong></span> <span class='ocrx_word' id='word_1_326' title='bbox 945 2552 1162 2623; x_wconf 74' lang='grc' dir='ltr'>στερεὸν</span> <span class='ocrx_word' id='word_1_327' title='bbox 1189 2551 1281 2605; x_wconf 77' lang='grc' dir='ltr'>τοῦ</span> <span class='ocrx_word' id='word_1_328' title='bbox 1315 2551 1666 2623; x_wconf 84' lang='grc' dir='ltr'>κηρύγματος</span> 
     </span>
    </p>
   </div>
   <div class='ocr_carea' id='block_1_45' title="bbox 82 2644 844 2716">
    <p class='ocr_par' dir='ltr' id='par_1_45' title="bbox 82 2644 844 2716">
     <span class='ocr_line' id='line_1_45' title="bbox 82 2644 844 2716; baseline 0 -18"><span class='ocrx_word' id='word_1_329' title='bbox 82 2647 188 2716; x_wconf 80' lang='grc' dir='ltr'>τῆς</span> <span class='ocrx_word' id='word_1_330' title='bbox 214 2645 361 2715; x_wconf 83' lang='grc' dir='ltr'><strong>ζωῆς</strong></span> <span class='ocrx_word' id='word_1_331' title='bbox 391 2644 844 2715; x_wconf 72' lang='grc' dir='ltr'>ἀσφαλιζομένης.</span> 
     </span>
    </p>
   </div>
   <div class='ocr_carea' id='block_1_46' title="bbox 1758 1815 3338 1890">
    <p class='ocr_par' dir='ltr' id='par_1_46' title="bbox 1758 1815 3338 1890">
     <span class='ocr_line' id='line_1_46' title="bbox 1758 1815 3338 1890; baseline 0.004 -21"><span class='ocrx_word' id='word_1_332' title='bbox 1758 1815 1949 1871; x_wconf 87' lang='lat' dir='ltr'><strong>Nonne</strong></span> <span class='ocrx_word' id='word_1_333' title='bbox 2002 1818 2347 1873; x_wconf 89' lang='lat' dir='ltr'><strong>sanctissima</strong></span> <span class='ocrx_word' id='word_1_334' title='bbox 2387 1815 2552 1886; x_wconf 78' lang='lat' dir='ltr'><strong>Virgo</strong></span> <span class='ocrx_word' id='word_1_335' title='bbox 2611 1816 2778 1872; x_wconf 86' lang='lat' dir='ltr'><strong>Maria</strong></span> <span class='ocrx_word' id='word_1_336' title='bbox 2830 1833 2953 1873; x_wconf 89' lang='lat' dir='ltr'><strong>cum</strong></span> <span class='ocrx_word' id='word_1_337' title='bbox 3010 1821 3128 1890; x_wconf 88' lang='lat' dir='ltr'><strong>ipsa</strong></span> <span class='ocrx_word' id='word_1_338' title='bbox 3173 1836 3338 1876; x_wconf 89' lang='lat' dir='ltr'><strong>carne</strong></span> 
     </span>
    </p>
   </div>
   <div class='ocr_carea' id='block_1_47' title="bbox 1759 1909 3341 1981">
    <p class='ocr_par' dir='ltr' id='par_1_47' title="bbox 1759 1909 3341 1981">
     <span class='ocr_line' id='line_1_47' title="bbox 1759 1909 3341 1981; baseline 0.003 -17"><span class='ocrx_word' id='word_1_339' title='bbox 1759 1909 1981 1965; x_wconf 64' lang='lat' dir='ltr'><strong>caeleste</strong></span> <span class='ocrx_word' id='word_1_340' title='bbox 2006 1925 2231 1980; x_wconf 78' lang='lat' dir='ltr'><strong>regnum</strong></span> <span class='ocrx_word' id='word_1_341' title='bbox 2262 1918 2541 1979; x_wconf 84' lang='lat' dir='ltr'><strong>capesset;</strong></span> <span class='ocrx_word' id='word_1_342' title='bbox 2576 1911 2666 1963; x_wconf 88' lang='lat' dir='ltr'><strong>cui</strong></span> <span class='ocrx_word' id='word_1_343' title='bbox 2696 1926 2871 1981; x_wconf 90' lang='lat' dir='ltr'><strong>neque</strong></span> <span class='ocrx_word' id='word_1_344' title='bbox 2898 1913 3089 1967; x_wconf 79' lang='lat' dir='ltr'><strong>vitium</strong></span> <span class='ocrx_word' id='word_1_345' title='bbox 3122 1923 3207 1969; x_wconf 90' lang='lat' dir='ltr'><strong>est</strong></span> <span class='ocrx_word' id='word_1_346' title='bbox 3238 1931 3341 1969; x_wconf 83' lang='lat' dir='ltr'><strong>un-</strong></span> 
     </span>
    </p>
   </div>
   <div class='ocr_carea' id='block_1_48' title="bbox 1760 1999 3341 2069">
    <p class='ocr_par' dir='ltr' id='par_1_48' title="bbox 1760 1999 3341 2069">
     <span class='ocr_line' id='line_1_48' title="bbox 1760 1999 3341 2069; baseline 0.006 -17"><span class='ocrx_word' id='word_1_347' title='bbox 1760 2015 1923 2069; x_wconf 88' lang='lat' dir='ltr'><strong>quam</strong></span> <span class='ocrx_word' id='word_1_348' title='bbox 1952 2000 2232 2068; x_wconf 87' lang='lat' dir='ltr'><strong>oblatum;</strong></span> <span class='ocrx_word' id='word_1_349' title='bbox 2266 2016 2365 2054; x_wconf 89' lang='lat' dir='ltr'><strong>nec</strong></span> <span class='ocrx_word' id='word_1_350' title='bbox 2414 1999 2637 2054; x_wconf 87' lang='lat' dir='ltr'><strong>libidine</strong></span> <span class='ocrx_word' id='word_1_351' title='bbox 2667 2009 2747 2057; x_wconf 89' lang='lat' dir='ltr'><strong>est</strong></span> <span class='ocrx_word' id='word_1_352' title='bbox 2788 2002 2915 2064; x_wconf 87' lang='lat' dir='ltr'><strong>ulla,</strong></span> <span class='ocrx_word' id='word_1_353' title='bbox 2944 2011 3037 2057; x_wconf 88' lang='lat' dir='ltr'><strong>aut</strong></span> <span class='ocrx_word' id='word_1_354' title='bbox 3073 2006 3341 2061; x_wconf 85' lang='lat' dir='ltr'><strong>adulterio</strong></span> 
     </span>
    </p>
   </div>
   <div class='ocr_carea' id='block_1_49' title="bbox 1764 2092 3344 2166">
    <p class='ocr_par' dir='ltr' id='par_1_49' title="bbox 1764 2092 3344 2166">
     <span class='ocr_line' id='line_1_49' title="bbox 1764 2092 3344 2166; baseline 0.006 -20"><span class='ocrx_word' id='word_1_355' title='bbox 1764 2092 1996 2158; x_wconf 70' lang='lat' dir='ltr'><strong>fmdata;</strong></span> <span class='ocrx_word' id='word_1_356' title='bbox 2051 2110 2227 2165; x_wconf 88' lang='lat' dir='ltr'><strong>neque</strong></span> <span class='ocrx_word' id='word_1_357' title='bbox 2294 2096 2589 2166; x_wconf 85' lang='lat' dir='ltr'><strong>quidquam</strong></span> <span class='ocrx_word' id='word_1_358' title='bbox 2642 2110 2706 2150; x_wconf 80' lang='lat' dir='ltr'><strong>ex</strong></span> <span class='ocrx_word' id='word_1_359' title='bbox 2738 2096 2963 2151; x_wconf 73' lang='lat' dir='ltr'><strong>nefariis</strong></span> <span class='ocrx_word' id='word_1_360' title='bbox 2998 2097 3103 2152; x_wconf 91' lang='lat' dir='ltr'><strong>illis</strong></span> <span class='ocrx_word' id='word_1_361' title='bbox 3160 2102 3344 2155; x_wconf 83' lang='lat' dir='ltr'><strong>carnis</strong></span> 
     </span>
    </p>
   </div>
   <div class='ocr_carea' id='block_1_50' title="bbox 1766 2184 3344 2261">
    <p class='ocr_par' dir='ltr' id='par_1_50' title="bbox 1766 2184 3344 2261">
     <span class='ocr_line' id='line_1_50' title="bbox 1766 2184 3344 2261; baseline 0.007 -25"><span class='ocrx_word' id='word_1_362' title='bbox 1766 2184 2023 2253; x_wconf 83' lang='lat' dir='ltr'><strong>Operibus</strong></span> <span class='ocrx_word' id='word_1_363' title='bbox 2071 2186 2311 2249; x_wconf 72' lang='lat' dir='ltr'><strong>admisit,</strong></span> <span class='ocrx_word' id='word_1_364' title='bbox 2366 2188 2459 2242; x_wconf 91' lang='lat' dir='ltr'><strong>sed</strong></span> <span class='ocrx_word' id='word_1_365' title='bbox 2497 2188 2702 2257; x_wconf 81' lang='lat' dir='ltr'><strong>integra</strong></span> <span class='ocrx_word' id='word_1_366' title='bbox 2744 2187 3110 2260; x_wconf 89' lang='lat' dir='ltr'><strong>inviolataque</strong></span> <span class='ocrx_word' id='word_1_367' title='bbox 3148 2194 3344 2261; x_wconf 87' lang='lat' dir='ltr'><strong>persti-</strong></span> 
     </span>
    </p>
   </div>
   <div class='ocr_carea' id='block_1_51' title="bbox 1768 2274 3343 2351">
    <p class='ocr_par' dir='ltr' id='par_1_51' title="bbox 1768 2274 3343 2351">
     <span class='ocr_line' id='line_1_51' title="bbox 1768 2274 3343 2351; baseline 0.007 -22"><span class='ocrx_word' id='word_1_368' title='bbox 1768 2276 1875 2330; x_wconf 90' lang='lat' dir='ltr'><strong>tit?</strong></span> <span class='ocrx_word' id='word_1_369' title='bbox 1915 2274 2034 2330; x_wconf 88' lang='lat' dir='ltr'><strong>Non</strong></span> <span class='ocrx_word' id='word_1_370' title='bbox 2085 2277 2249 2348; x_wconf 79' lang='lat' dir='ltr'><strong>igitur</strong></span> <span class='ocrx_word' id='word_1_371' title='bbox 2294 2286 2571 2349; x_wconf 88' lang='lat' dir='ltr'><strong>utcunque</strong></span> <span class='ocrx_word' id='word_1_372' title='bbox 2608 2281 2675 2334; x_wconf 91' lang='lat' dir='ltr'><strong>de</strong></span> <span class='ocrx_word' id='word_1_373' title='bbox 2719 2295 2883 2335; x_wconf 88' lang='lat' dir='ltr'><strong>carne</strong></span> <span class='ocrx_word' id='word_1_374' title='bbox 2923 2282 3179 2351; x_wconf 89' lang='lat' dir='ltr'><strong>loquitur,</strong></span> <span class='ocrx_word' id='word_1_375' title='bbox 3218 2300 3343 2340; x_wconf 91' lang='lat' dir='ltr'><strong>cum</strong></span> 
     </span>
    </p>
   </div>
   <div class='ocr_carea' id='block_1_52' title="bbox 1770 2369 3344 2441">
    <p class='ocr_par' dir='ltr' id='par_1_52' title="bbox 1770 2369 3344 2441">
     <span class='ocr_line' id='line_1_52' title="bbox 1770 2369 3344 2441; baseline 0.008 -21"><span class='ocrx_word' id='word_1_376' title='bbox 1770 2380 1889 2420; x_wconf 90' lang='lat' dir='ltr'><strong>eam</strong></span> <span class='ocrx_word' id='word_1_377' title='bbox 1920 2375 2079 2436; x_wconf 85' lang='lat' dir='ltr'><strong>negat</strong></span> <span class='ocrx_word' id='word_1_378' title='bbox 2109 2369 2333 2422; x_wconf 80' lang='lat' dir='ltr'><strong>caeleste</strong></span> <span class='ocrx_word' id='word_1_379' title='bbox 2362 2386 2583 2440; x_wconf 80' lang='lat' dir='ltr'><strong>regnum</strong></span> <span class='ocrx_word' id='word_1_380' title='bbox 2611 2373 2924 2441; x_wconf 88' lang='lat' dir='ltr'><strong>possidere;</strong></span> <span class='ocrx_word' id='word_1_381' title='bbox 2954 2375 3049 2429; x_wconf 86' lang='lat' dir='ltr'><strong>sed</strong></span> <span class='ocrx_word' id='word_1_382' title='bbox 3088 2374 3154 2430; x_wconf 89' lang='lat' dir='ltr'><strong>de</strong></span> <span class='ocrx_word' id='word_1_383' title='bbox 3191 2379 3344 2433; x_wconf 88' lang='lat' dir='ltr'><strong>carni</strong></span> 
     </span>
    </p>
   </div>
   <div class='ocr_carea' id='block_1_53' title="bbox 1771 2457 3346 2532">
    <p class='ocr_par' dir='ltr' id='par_1_53' title="bbox 1771 2457 3346 2532">
     <span class='ocr_line' id='line_1_53' title="bbox 1771 2457 3346 2532; baseline 0.01 -22"><span class='ocrx_word' id='word_1_384' title='bbox 1771 2457 2045 2514; x_wconf 89' lang='lat' dir='ltr'><strong>immersis</strong></span> <span class='ocrx_word' id='word_1_385' title='bbox 2089 2460 2421 2525; x_wconf 89' lang='lat' dir='ltr'><strong>hominibus,</strong></span> <span class='ocrx_word' id='word_1_386' title='bbox 2453 2463 2548 2532; x_wconf 87' lang='lat' dir='ltr'><strong>qui</strong></span> <span class='ocrx_word' id='word_1_387' title='bbox 2594 2464 2925 2521; x_wconf 89' lang='lat' dir='ltr'><strong>adminiculo</strong></span> <span class='ocrx_word' id='word_1_388' title='bbox 2957 2468 3140 2523; x_wconf 88' lang='lat' dir='ltr'><strong>carnis</strong></span> <span class='ocrx_word' id='word_1_389' title='bbox 3175 2470 3346 2525; x_wconf 89' lang='lat' dir='ltr'><strong>scele-</strong></span> 
     </span>
    </p>
   </div>
   <div class='ocr_carea' id='block_1_54' title="bbox 1772 2552 3345 2629">
    <p class='ocr_par' dir='ltr' id='par_1_54' title="bbox 1772 2552 3345 2629">
     <span class='ocr_line' id='line_1_54' title="bbox 1772 2552 3345 2629; baseline 0.01 -27"><span class='ocrx_word' id='word_1_390' title='bbox 1772 2555 1855 2602; x_wconf 90' lang='lat' dir='ltr'><strong>sta</strong></span> <span class='ocrx_word' id='word_1_391' title='bbox 1888 2552 2131 2619; x_wconf 78' lang='lat' dir='ltr'><strong>quredam</strong></span> <span class='ocrx_word' id='word_1_392' title='bbox 2160 2562 2472 2624; x_wconf 81' lang='lat' dir='ltr'><strong>perpetrant</strong></span> <span class='ocrx_word' id='word_1_393' title='bbox 2498 2572 2510 2608; x_wconf 91' lang='lat'>:</span> <span class='ocrx_word' id='word_1_394' title='bbox 2541 2554 2843 2623; x_wconf 88' lang='lat' dir='ltr'><strong>eujusmodi</strong></span> <span class='ocrx_word' id='word_1_395' title='bbox 2874 2569 3001 2614; x_wconf 90' lang='lat' dir='ltr'><strong>sunt</strong></span> <span class='ocrx_word' id='word_1_396' title='bbox 3031 2560 3345 2629; x_wconf 79' lang='lat' dir='ltr'><strong>fornicatio,</strong></span> 
     </span>
    </p>
   </div>
   <div class='ocr_carea' id='block_1_55' title="bbox 1773 2640 3347 2724">
    <p class='ocr_par' dir='ltr' id='par_1_55' title="bbox 1773 2640 3347 2724">
     <span class='ocr_line' id='line_1_55' title="bbox 1773 2640 3347 2724; baseline 0.01 -30"><span class='ocrx_word' id='word_1_397' title='bbox 1773 2640 2103 2709; x_wconf 83' lang='lat' dir='ltr'><strong>idololatria,</strong></span> <span class='ocrx_word' id='word_1_398' title='bbox 2128 2656 2233 2699; x_wconf 88' lang='lat' dir='ltr'><strong>etc.</strong></span> <span class='ocrx_word' id='word_1_399' title='bbox 2266 2646 2418 2701; x_wconf 88' lang='lat' dir='ltr'><strong>Unde</strong></span> <span class='ocrx_word' id='word_1_400' title='bbox 2449 2654 2561 2712; x_wconf 85' lang='lat' dir='ltr'><strong>tua,</strong></span> <span class='ocrx_word' id='word_1_401' title='bbox 2598 2646 2822 2712; x_wconf 84' lang='lat' dir='ltr'><strong>Marcio,</strong></span> <span class='ocrx_word' id='word_1_402' title='bbox 2852 2650 3002 2707; x_wconf 80' lang='lat' dir='ltr'><strong>fraus</strong></span> <span class='ocrx_word' id='word_1_403' title='bbox 3031 2661 3195 2724; x_wconf 84' lang='lat' dir='ltr'><strong>atque.</strong></span> <span class='ocrx_word' id='word_1_404' title='bbox 3231 2657 3347 2710; x_wconf 85' lang='lat' dir='ltr'><strong>cal-</strong></span> 
     </span>
    </p>
   </div>
   <div class='ocr_carea' id='block_1_56' title="bbox 82 2737 3346 2820">
    <p class='ocr_par' dir='ltr' id='par_1_56' title="bbox 82 2737 3346 2820">
     <span class='ocr_line' id='line_1_56' title="bbox 82 2737 3346 2820; baseline 0.004 -27"><span class='ocrx_word' id='word_1_405' title='bbox 82 2738 279 2794; x_wconf 88' lang='lat' dir='ltr'><strong>liditas</strong></span> <span class='ocrx_word' id='word_1_406' title='bbox 315 2741 536 2794; x_wconf 90' lang='lat' dir='ltr'><strong>omnino</strong></span> <span class='ocrx_word' id='word_1_407' title='bbox 563 2739 851 2809; x_wconf 76' lang='lat' dir='ltr'><strong>detegitur,</strong></span> <span class='ocrx_word' id='word_1_408' title='bbox 882 2752 1007 2792; x_wconf 85' lang='lat' dir='ltr'><strong>eum</strong></span> <span class='ocrx_word' id='word_1_409' title='bbox 1031 2752 1220 2793; x_wconf 88' lang='lat' dir='ltr'><strong>omnes</strong></span> <span class='ocrx_word' id='word_1_410' title='bbox 1236 2740 1452 2793; x_wconf 82' lang='lat' dir='ltr'><strong>erroris</strong></span> <span class='ocrx_word' id='word_1_411' title='bbox 1481 2737 1662 2794; x_wconf 88' lang='lat' dir='ltr'><strong>aditus</strong></span> <span class='ocrx_word' id='word_1_412' title='bbox 1697 2738 2018 2808; x_wconf 84' lang='lat' dir='ltr'><strong>jamdudum</strong></span> <span class='ocrx_word' id='word_1_413' title='bbox 2040 2742 2236 2796; x_wconf 87' lang='lat' dir='ltr'><strong>veritas</strong></span> <span class='ocrx_word' id='word_1_414' title='bbox 2267 2744 2569 2813; x_wconf 87' lang='lat' dir='ltr'><strong>occuparit,</strong></span> <span class='ocrx_word' id='word_1_415' title='bbox 2631 2744 3142 2820; x_wconf 58' lang='lat' dir='ltr'><strong>praedicationisque</strong></span> <span class='ocrx_word' id='word_1_416' title='bbox 3200 2750 3346 2818; x_wconf 78' lang='lat' dir='ltr'><strong>eius,</strong></span> 
     </span>
    </p>
   </div>
   <div class='ocr_carea' id='block_1_57' title="bbox 84 2828 1824 2900">
    <p class='ocr_par' dir='ltr' id='par_1_57' title="bbox 84 2828 1824 2900">
     <span class='ocr_line' id='line_1_57' title="bbox 84 2828 1824 2900; baseline -0.001 -17"><span class='ocrx_word' id='word_1_417' title='bbox 84 2846 215 2900; x_wconf 70' lang='lat' dir='ltr'><strong>qua:</strong></span> <span class='ocrx_word' id='word_1_418' title='bbox 262 2831 427 2883; x_wconf 84' lang='lat' dir='ltr'><strong>vitam</strong></span> <span class='ocrx_word' id='word_1_419' title='bbox 484 2828 656 2893; x_wconf 77' lang='lat' dir='ltr'><strong>a&#39;lIert,</strong></span> <span class='ocrx_word' id='word_1_420' title='bbox 704 2828 1013 2884; x_wconf 79' lang='lat' dir='ltr'><strong>ﬁrmitatem</strong></span> <span class='ocrx_word' id='word_1_421' title='bbox 1054 2828 1514 2897; x_wconf 85' lang='lat' dir='ltr'><strong>stabilitatemque</strong></span> <span class='ocrx_word' id='word_1_422' title='bbox 1547 2830 1824 2884; x_wconf 86' lang='lat' dir='ltr'><strong>munierit.</strong></span> 
     </span>
    </p>
   </div>
   <div class='ocr_carea' id='block_1_58' title="bbox 157 2918 1666 3007">
    <p class='ocr_par' dir='ltr' id='par_1_58' title="bbox 157 2920 1666 2993">
     <span class='ocr_line' id='line_1_58' title="bbox 157 2920 1666 2993; baseline -0.001 -18"><span class='ocrx_word' id='word_1_423' title='bbox 157 2922 320 2993; x_wconf 77' lang='grc' dir='ltr'>Σχόλ.</span> <span class='ocrx_word' id='word_1_424' title='bbox 353 2920 417 2985; x_wconf 76' lang='grc' dir='ltr'><strong>ζ’.</strong></span> <span class='ocrx_word' id='word_1_425' title='bbox 458 2924 521 2975; x_wconf 80' lang='grc' dir='ltr'><em>Οἱ</em></span> <span class='ocrx_word' id='word_1_426' title='bbox 575 2920 643 2973; x_wconf 82' lang='grc' dir='ltr'><strong>δὲ</strong></span> <span class='ocrx_word' id='word_1_427' title='bbox 670 2920 777 2974; x_wconf 80' lang='grc' dir='ltr'>τοῦ</span> <span class='ocrx_word' id='word_1_428' title='bbox 807 2922 1064 2989; x_wconf 81' lang='grc' dir='ltr'>Χριστοῦ</span> <span class='ocrx_word' id='word_1_429' title='bbox 1107 2922 1223 2990; x_wconf 76' lang='grc' dir='ltr'><strong>τὴν</strong></span> <span class='ocrx_word' id='word_1_430' title='bbox 1244 2920 1441 2988; x_wconf 82' lang='grc' dir='ltr'>σάρκα</span> <span class='ocrx_word' id='word_1_431' title='bbox 1459 2921 1666 2974; x_wconf 85' lang='grc' dir='ltr'>ἐσταύ-</span> 
     </span>
    </p>
   </div>
   <div class='ocr_carea' id='block_1_59' title="bbox 1853 2918 3349 3007">
    <p class='ocr_par' dir='ltr' id='par_1_59' title="bbox 1853 2918 3349 3007">
     <span class='ocr_line' id='line_1_59' title="bbox 1853 2918 3349 3007; baseline 0.011 -34"><span class='ocrx_word' id='word_1_432' title='bbox 1853 2918 2024 2975; x_wconf 73' lang='lat' dir='ltr'><strong>Schol.</strong></span> <span class='ocrx_word' id='word_1_433' title='bbox 2060 2923 2109 2976; x_wconf 89' lang='lat'><strong>7.</strong></span> <span class='ocrx_word' id='word_1_434' title='bbox 2144 2922 2249 2990; x_wconf 81' lang='lat' dir='ltr'><strong>Qui</strong></span> <span class='ocrx_word' id='word_1_435' title='bbox 2290 2934 2465 2978; x_wconf 82' lang='lat' dir='ltr'><strong>autem</strong></span> <span class='ocrx_word' id='word_1_436' title='bbox 2508 2924 2709 2982; x_wconf 81' lang='lat' dir='ltr'><strong>Christi</strong></span> <span class='ocrx_word' id='word_1_437' title='bbox 2741 2938 2860 2982; x_wconf 86' lang='lat' dir='ltr'><strong>sunt</strong></span> <span class='ocrx_word' id='word_1_438' title='bbox 2892 2946 3102 2985; x_wconf 82' lang='lat' dir='ltr'><strong>carnem</strong></span> <span class='ocrx_word' id='word_1_439' title='bbox 3132 2936 3349 3007; x_wconf 78' lang='lat' dir='ltr'><strong>cruciﬁ-</strong></span> 
     </span>
    </p>
   </div>
   <div class='ocr_carea' id='block_1_60' title="bbox 81 3008 1597 3083">
    <p class='ocr_par' dir='ltr' id='par_1_60' title="bbox 81 3008 1597 3083">
     <span class='ocr_line' id='line_1_60' title="bbox 81 3008 1597 3083; baseline 0.001 -18"><span class='ocrx_word' id='word_1_440' title='bbox 81 3029 301 3083; x_wconf 71' lang='lat' dir='ltr'><strong>pwa&#39;ar</strong></span> <span class='ocrx_word' id='word_1_441' title='bbox 328 3012 455 3067; x_wconf 73' lang='grc' dir='ltr'><strong>σὺν</strong></span> <span class='ocrx_word' id='word_1_442' title='bbox 473 3011 598 3077; x_wconf 82' lang='grc' dir='ltr'>τοῖς</span> <span class='ocrx_word' id='word_1_443' title='bbox 624 3010 933 3080; x_wconf 77' lang='grc' dir='ltr'>παθήμασι</span> <span class='ocrx_word' id='word_1_444' title='bbox 967 3011 1065 3064; x_wconf 78' lang='grc' dir='ltr'>καὶ</span> <span class='ocrx_word' id='word_1_445' title='bbox 1092 3011 1218 3077; x_wconf 82' lang='grc' dir='ltr'>ταῖς</span> <span class='ocrx_word' id='word_1_446' title='bbox 1243 3008 1597 3081; x_wconf 60' lang='grc' dir='ltr'>ἐπέιθυμίαις.</span> 
     </span>
    </p>
   </div>
   <div class='ocr_carea' id='block_1_61' title="bbox 166 3102 1673 3173">
    <p class='ocr_par' dir='ltr' id='par_1_61' title="bbox 166 3102 1673 3173">
     <span class='ocr_line' id='line_1_61' title="bbox 166 3102 1673 3173; baseline 0.001 -16"><span class='ocrx_word' id='word_1_447' title='bbox 166 3106 390 3173; x_wconf 78' lang='grc' dir='ltr'>Ἐλεγχ.</span> <span class='ocrx_word' id='word_1_448' title='bbox 433 3104 497 3168; x_wconf 80' lang='grc' dir='ltr'><strong>ζ’.</strong></span> <span class='ocrx_word' id='word_1_449' title='bbox 540 3104 605 3157; x_wconf 82' lang='grc' dir='ltr'><strong>Εἰ</strong></span> <span class='ocrx_word' id='word_1_450' title='bbox 658 3104 1049 3171; x_wconf 80' lang='grc' dir='ltr'>ἐσταύρωσαν</span> <span class='ocrx_word' id='word_1_451' title='bbox 1090 3104 1193 3172; x_wconf 63' lang='grc' dir='ltr'><strong>τὴν</strong></span> <span class='ocrx_word' id='word_1_452' title='bbox 1230 3102 1427 3172; x_wconf 80' lang='grc' dir='ltr'>σάρκα</span> <span class='ocrx_word' id='word_1_453' title='bbox 1472 3108 1525 3159; x_wconf 79' lang='grc' dir='ltr'>οἱ</span> <span class='ocrx_word' id='word_1_454' title='bbox 1565 3105 1673 3159; x_wconf 80' lang='grc' dir='ltr'>τοῦ</span> 
     </span>
    </p>
   </div>
   <div class='ocr_carea' id='block_1_62' title="bbox 91 3192 1673 3270">
    <p class='ocr_par' dir='ltr' id='par_1_62' title="bbox 91 3192 1673 3270">
     <span class='ocr_line' id='line_1_62' title="bbox 91 3192 1673 3270; baseline 0.001 -21"><span class='ocrx_word' id='word_1_455' title='bbox 91 3192 447 3265; x_wconf 75' lang='grc' dir='ltr'>Χμστοῦ,·ὦ</span> <span class='ocrx_word' id='word_1_456' title='bbox 478 3198 766 3269; x_wconf 76' lang='grc' dir='ltr'>Μαρκίων,</span> <span class='ocrx_word' id='word_1_457' title='bbox 794 3198 953 3267; x_wconf 84' lang='grc' dir='ltr'>δῆλον</span> <span class='ocrx_word' id='word_1_458' title='bbox 1005 3193 1095 3268; x_wconf 76' lang='grc' dir='ltr'>ἦν,</span> <span class='ocrx_word' id='word_1_459' title='bbox 1123 3199 1205 3250; x_wconf 82' lang='grc' dir='ltr'>ὅτι</span> <span class='ocrx_word' id='word_1_460' title='bbox 1236 3199 1286 3251; x_wconf 91' lang='grc' dir='ltr'>οἰ</span> <span class='ocrx_word' id='word_1_461' title='bbox 1309 3198 1402 3251; x_wconf 79' lang='grc' dir='ltr'><strong>τοῦ</strong></span> <span class='ocrx_word' id='word_1_462' title='bbox 1435 3197 1673 3270; x_wconf 82' lang='grc' dir='ltr'>Χριστοῦ</span> 
     </span>
    </p>
   </div>
   <div class='ocr_carea' id='block_1_63' title="bbox 90 3288 1676 3360">
    <p class='ocr_par' dir='ltr' id='par_1_63' title="bbox 90 3288 1676 3360">
     <span class='ocr_line' id='line_1_63' title="bbox 90 3288 1676 3360; baseline -0.001 -17"><span class='ocrx_word' id='word_1_463' title='bbox 90 3289 274 3343; x_wconf 75' lang='grc' dir='ltr'>δοῦλοι</span> <span class='ocrx_word' id='word_1_464' title='bbox 305 3291 403 3343; x_wconf 72' lang='grc' dir='ltr'><strong>σὺν</strong></span> <span class='ocrx_word' id='word_1_465' title='bbox 436 3291 555 3352; x_wconf 82' lang='grc' dir='ltr'>ταῖς</span> <span class='ocrx_word' id='word_1_466' title='bbox 583 3288 900 3358; x_wconf 75' lang='grc' dir='ltr'>ἐπιθυμίαις</span> <span class='ocrx_word' id='word_1_467' title='bbox 932 3288 1026 3342; x_wconf 75' lang='grc' dir='ltr'><strong>καὶ</strong></span> <span class='ocrx_word' id='word_1_468' title='bbox 1057 3291 1168 3351; x_wconf 85' lang='grc' dir='ltr'>τοῖς</span> <span class='ocrx_word' id='word_1_469' title='bbox 1193 3288 1473 3360; x_wconf 72' lang='grc' dir='ltr'>παθήμασι</span> <span class='ocrx_word' id='word_1_470' title='bbox 1502 3288 1676 3341; x_wconf 84' lang='grc' dir='ltr'>καθα-</span> 
     </span>
    </p>
   </div>
   <div class='ocr_carea' id='block_1_64' title="bbox 88 3379 1676 3452">
    <p class='ocr_par' dir='ltr' id='par_1_64' title="bbox 88 3379 1676 3452">
     <span class='ocr_line' id='line_1_64' title="bbox 88 3379 1676 3452; baseline 0 -19"><span class='ocrx_word' id='word_1_471' title='bbox 88 3382 198 3452; x_wconf 79' lang='grc' dir='ltr'><strong>ράν</strong></span> <span class='ocrx_word' id='word_1_472' title='bbox 235 3381 339 3451; x_wconf 84' lang='grc' dir='ltr'><strong>τὴν</strong></span> <span class='ocrx_word' id='word_1_473' title='bbox 371 3380 550 3450; x_wconf 84' lang='grc' dir='ltr'>σάρκα</span> <span class='ocrx_word' id='word_1_474' title='bbox 584 3380 870 3444; x_wconf 78' lang='grc' dir='ltr'>ἀπέδειξαν</span> <span class='ocrx_word' id='word_1_475' title='bbox 890 3396 905 3410; x_wconf 92' lang='grc'><strong>·</strong></span> <span class='ocrx_word' id='word_1_476' title='bbox 936 3380 1032 3433; x_wconf 70' lang='grc' dir='ltr'>καὶ</span> <span class='ocrx_word' id='word_1_477' title='bbox 1056 3380 1394 3450; x_wconf 71' lang='grc' dir='ltr'>ἐμιμήσαντο</span> <span class='ocrx_word' id='word_1_478' title='bbox 1416 3379 1507 3433; x_wconf 83' lang='grc' dir='ltr'><strong>τὸν</strong></span> <span class='ocrx_word' id='word_1_479' title='bbox 1538 3381 1676 3450; x_wconf 81' lang='grc' dir='ltr'>Χρι-</span> 
     </span>
    </p>
   </div>
   <div class='ocr_carea' id='block_1_65' title="bbox 98 3473 1679 3544">
    <p class='ocr_par' dir='ltr' id='par_1_65' title="bbox 98 3473 1679 3544">
     <span class='ocr_line' id='line_1_65' title="bbox 98 3473 1679 3544; baseline -0.001 -17"><span class='ocrx_word' id='word_1_480' title='bbox 98 3475 245 3537; x_wconf 69' lang='grc' dir='ltr'>στὸν,</span> <span class='ocrx_word' id='word_1_481' title='bbox 272 3473 545 3537; x_wconf 77' lang='grc' dir='ltr'>δείξαντες</span> <span class='ocrx_word' id='word_1_482' title='bbox 597 3473 757 3529; x_wconf 77' lang='grc' dir='ltr'>αὑτὸν</span> <span class='ocrx_word' id='word_1_483' title='bbox 800 3473 978 3544; x_wconf 81' lang='grc' dir='ltr'>σάρκα</span> <span class='ocrx_word' id='word_1_484' title='bbox 1013 3474 1435 3543; x_wconf 81' lang='grc' dir='ltr'>ἐσταυρωκέναι.</span> <span class='ocrx_word' id='word_1_485' title='bbox 1470 3474 1559 3527; x_wconf 78' lang='grc' dir='ltr'>Διὸ</span> <span class='ocrx_word' id='word_1_486' title='bbox 1583 3475 1679 3527; x_wconf 76' lang='grc' dir='ltr'>καὶ</span> 
     </span>
    </p>
   </div>
   <div class='ocr_carea' id='block_1_66' title="bbox 94 3564 1679 3638">
    <p class='ocr_par' dir='ltr' id='par_1_66' title="bbox 94 3564 1679 3638">
     <span class='ocr_line' id='line_1_66' title="bbox 94 3564 1679 3638; baseline -0.001 -18"><span class='ocrx_word' id='word_1_487' title='bbox 94 3566 274 3629; x_wconf 73' lang='grc' dir='ltr'>αὐτοὶ,</span> <span class='ocrx_word' id='word_1_488' title='bbox 298 3564 369 3617; x_wconf 81' lang='grc' dir='ltr'><strong>τὰ</strong></span> <span class='ocrx_word' id='word_1_489' title='bbox 399 3565 489 3617; x_wconf 80' lang='grc' dir='ltr'><strong>ἴσα</strong></span> <span class='ocrx_word' id='word_1_490' title='bbox 520 3564 597 3634; x_wconf 84' lang='grc' dir='ltr'>τῷ</span> <span class='ocrx_word' id='word_1_491' title='bbox 628 3565 873 3638; x_wconf 80' lang='grc' dir='ltr'>Δεσπότῃ</span> <span class='ocrx_word' id='word_1_492' title='bbox 927 3565 1107 3619; x_wconf 78' lang='grc' dir='ltr'>αὐτῶν</span> <span class='ocrx_word' id='word_1_493' title='bbox 1150 3568 1535 3637; x_wconf 81' lang='grc' dir='ltr'>φρονήσαντες,</span> <span class='ocrx_word' id='word_1_494' title='bbox 1579 3565 1679 3638; x_wconf 85' lang='grc' dir='ltr'><strong>τὴν</strong></span> 
     </span>
    </p>
   </div>
   <div class='ocr_carea' id='block_1_67' title="bbox 100 3654 1676 3726">
    <p class='ocr_par' dir='ltr' id='par_1_67' title="bbox 100 3654 1676 3726">
     <span class='ocr_line' id='line_1_67' title="bbox 100 3654 1676 3726; baseline 0.001 -20"><span class='ocrx_word' id='word_1_495' title='bbox 100 3656 283 3724; x_wconf 79' lang='grc' dir='ltr'>σάρκα</span> <span class='ocrx_word' id='word_1_496' title='bbox 338 3654 707 3723; x_wconf 86' lang='grc' dir='ltr'>ἐσταύρωσαν.</span> <span class='ocrx_word' id='word_1_497' title='bbox 737 3654 850 3706; x_wconf 69' lang='grc' dir='ltr'><strong>Καὶ</strong></span> <span class='ocrx_word' id='word_1_498' title='bbox 884 3655 932 3705; x_wconf 74' lang='grc' dir='ltr'>εἰ</span> <span class='ocrx_word' id='word_1_499' title='bbox 958 3655 1057 3724; x_wconf 78' lang='grc' dir='ltr'><strong>τὴν</strong></span> <span class='ocrx_word' id='word_1_500' title='bbox 1095 3654 1275 3725; x_wconf 80' lang='grc' dir='ltr'>σάρκα</span> <span class='ocrx_word' id='word_1_501' title='bbox 1306 3654 1676 3726; x_wconf 63' lang='grc' dir='ltr'>ἐσταύρωσαν,</span> 
     </span>
    </p>
   </div>
   <div class='ocr_carea' id='block_1_68' title="bbox 96 3744 1680 3818">
    <p class='ocr_par' dir='ltr' id='par_1_68' title="bbox 96 3744 1680 3818">
     <span class='ocr_line' id='line_1_68' title="bbox 96 3744 1680 3818; baseline 0 -19"><span class='ocrx_word' id='word_1_502' title='bbox 96 3745 420 3799; x_wconf 81' lang='grc' dir='ltr'>ἀνένδεκτον</span> <span class='ocrx_word' id='word_1_503' title='bbox 450 3744 548 3815; x_wconf 78' lang='grc' dir='ltr'>τὴν</span> <span class='ocrx_word' id='word_1_504' title='bbox 602 3746 780 3816; x_wconf 82' lang='grc' dir='ltr'>σάρκα</span> <span class='ocrx_word' id='word_1_505' title='bbox 830 3746 969 3816; x_wconf 81' lang='grc' dir='ltr'>ὑπὲρ</span> <span class='ocrx_word' id='word_1_506' title='bbox 1015 3746 1250 3816; x_wconf 82' lang='grc' dir='ltr'>Χριστοῦ</span> <span class='ocrx_word' id='word_1_507' title='bbox 1296 3745 1573 3799; x_wconf 77' lang='grc' dir='ltr'>παθοῦσαν</span> <span class='ocrx_word' id='word_1_508' title='bbox 1606 3746 1680 3818; x_wconf 84' lang='grc' dir='ltr'><strong>μὴ</strong></span> 
     </span>
    </p>
   </div>
   <div class='ocr_carea' id='block_1_69' title="bbox 104 3835 1682 3909">
    <p class='ocr_par' dir='ltr' id='par_1_69' title="bbox 104 3835 1682 3909">
     <span class='ocr_line' id='line_1_69' title="bbox 104 3835 1682 3909; baseline 0 -20"><span class='ocrx_word' id='word_1_509' title='bbox 104 3841 198 3890; x_wconf 73' lang='grc' dir='ltr'><strong>σὺν</strong></span> <span class='ocrx_word' id='word_1_510' title='bbox 249 3835 471 3907; x_wconf 82' lang='grc' dir='ltr'>Χριστῷ</span> <span class='ocrx_word' id='word_1_511' title='bbox 508 3835 847 3905; x_wconf 82' lang='grc' dir='ltr'>βασιλεύειν·</span> <span class='ocrx_word' id='word_1_512' title='bbox 901 3836 1086 3900; x_wconf 87' lang='grc' dir='ltr'>καθὼς</span> <span class='ocrx_word' id='word_1_513' title='bbox 1129 3838 1223 3891; x_wconf 79' lang='grc' dir='ltr'><strong>καὶ</strong></span> <span class='ocrx_word' id='word_1_514' title='bbox 1265 3839 1323 3891; x_wconf 87' lang='grc' dir='ltr'><strong>ἐν</strong></span> <span class='ocrx_word' id='word_1_515' title='bbox 1363 3838 1506 3909; x_wconf 79' lang='grc' dir='ltr'>ἄλλῳ</span> <span class='ocrx_word' id='word_1_516' title='bbox 1534 3838 1682 3909; x_wconf 78' lang='grc' dir='ltr'>ῥητῷ</span> 
     </span>
    </p>
   </div>
   <div class='ocr_carea' id='block_1_70' title="bbox 97 3929 1684 4000">
    <p class='ocr_par' dir='ltr' id='par_1_70' title="bbox 97 3929 1684 4000">
     <span class='ocr_line' id='line_1_70' title="bbox 97 3929 1684 4000; baseline 0.002 -20"><span class='ocrx_word' id='word_1_517' title='bbox 97 3929 376 3983; x_wconf 79' lang='grc' dir='ltr'>δείκνυσιν</span> <span class='ocrx_word' id='word_1_518' title='bbox 409 3932 438 3983; x_wconf 79' lang='grc' dir='ltr'><strong>ὁ</strong></span> <span class='ocrx_word' id='word_1_519' title='bbox 484 3930 637 3997; x_wconf 74' lang='grc' dir='ltr'>ἅγιος</span> <span class='ocrx_word' id='word_1_520' title='bbox 694 3929 1011 3992; x_wconf 70' lang='grc' dir='ltr'>’Δπὸστολος</span> <span class='ocrx_word' id='word_1_521' title='bbox 1054 3929 1248 3998; x_wconf 85' lang='grc' dir='ltr'>λέγων.</span> <span class='ocrx_word' id='word_1_522' title='bbox 1297 3932 1380 3983; x_wconf 82' lang='grc' dir='ltr'>ὅτι</span> <span class='ocrx_word' id='word_1_523' title='bbox 1407 3930 1684 4000; x_wconf 81' lang='grc' dir='ltr'>Καθάπερ</span> 
     </span>
    </p>
   </div>
   <div class='ocr_carea' id='block_1_71' title="bbox 101 4019 1684 4091">
    <p class='ocr_par' dir='ltr' id='par_1_71' title="bbox 101 4019 1684 4091">
     <span class='ocr_line' id='line_1_71' title="bbox 101 4019 1684 4091; baseline 0.001 -17"><span class='ocrx_word' id='word_1_524' title='bbox 101 4022 382 4075; x_wconf 71' lang='grc' dir='ltr'>κοινωνοί</span> <span class='ocrx_word' id='word_1_525' title='bbox 431 4022 572 4075; x_wconf 76' lang='grc' dir='ltr'>ἐστε</span> <span class='ocrx_word' id='word_1_526' title='bbox 605 4019 724 4075; x_wconf 76' lang='grc' dir='ltr'><strong>τῶν</strong></span> <span class='ocrx_word' id='word_1_527' title='bbox 750 4020 1110 4091; x_wconf 75' lang='grc' dir='ltr'>παθημάτων</span> <span class='ocrx_word' id='word_1_528' title='bbox 1126 4020 1236 4075; x_wconf 79' lang='grc' dir='ltr'>τοῦ</span> <span class='ocrx_word' id='word_1_529' title='bbox 1271 4022 1548 4090; x_wconf 80' lang='grc' dir='ltr'>Χριστοῦ,</span> <span class='ocrx_word' id='word_1_530' title='bbox 1582 4023 1684 4076; x_wconf 85' lang='grc' dir='ltr'><strong>οὕ-</strong></span> 
     </span>
    </p>
   </div>
   <div class='ocr_carea' id='block_1_72' title="bbox 100 4109 710 4178">
    <p class='ocr_par' dir='ltr' id='par_1_72' title="bbox 100 4109 710 4178">
     <span class='ocr_line' id='line_1_72' title="bbox 100 4109 710 4178; baseline 0 -15"><span class='ocrx_word' id='word_1_531' title='bbox 100 4126 213 4174; x_wconf 82' lang='grc' dir='ltr'><strong>τως</strong></span> <span class='ocrx_word' id='word_1_532' title='bbox 234 4111 333 4166; x_wconf 78' lang='grc' dir='ltr'>καὶ</span> <span class='ocrx_word' id='word_1_533' title='bbox 365 4109 474 4178; x_wconf 81' lang='grc' dir='ltr'>τῆς</span> <span class='ocrx_word' id='word_1_534' title='bbox 504 4109 710 4177; x_wconf 76' lang='grc' dir='ltr'>δόξης.</span> 
     </span>
    </p>
   </div>
   <div class='ocr_carea' id='block_1_73' title="bbox 172 4201 1686 4274">
    <p class='ocr_par' dir='ltr' id='par_1_73' title="bbox 172 4201 1686 4274">
     <span class='ocr_line' id='line_1_73' title="bbox 172 4201 1686 4274; baseline 0.001 -18"><span class='ocrx_word' id='word_1_535' title='bbox 172 4203 335 4273; x_wconf 86' lang='grc' dir='ltr'>Σχόλ.</span> <span class='ocrx_word' id='word_1_536' title='bbox 374 4202 444 4273; x_wconf 88' lang='grc' dir='ltr'><strong>η’.</strong></span> <span class='ocrx_word' id='word_1_537' title='bbox 479 4202 627 4255; x_wconf 78' lang='grc' dir='ltr'>Οὔτε</span> <span class='ocrx_word' id='word_1_538' title='bbox 652 4202 762 4271; x_wconf 70' lang='grc' dir='ltr'>γὰρ</span> <span class='ocrx_word' id='word_1_539' title='bbox 788 4205 842 4256; x_wconf 82' lang='grc' dir='ltr'>οἱ</span> <span class='ocrx_word' id='word_1_540' title='bbox 873 4205 1353 4274; x_wconf 70' lang='grc' dir='ltr'>πεοιτεμνόμενοι</span> <span class='ocrx_word' id='word_1_541' title='bbox 1374 4201 1551 4258; x_wconf 74' lang='grc' dir='ltr'>αὐτοὶ</span> <span class='ocrx_word' id='word_1_542' title='bbox 1583 4203 1686 4257; x_wconf 76' lang='grc' dir='ltr'><strong>νό-</strong></span> 
     </span>
    </p>
   </div>
   <div class='ocr_carea' id='block_1_74' title="bbox 99 4294 706 4364">
    <p class='ocr_par' dir='ltr' id='par_1_74' title="bbox 99 4294 706 4364">
     <span class='ocr_line' id='line_1_74' title="bbox 99 4294 706 4364; baseline 0 -17"><span class='ocrx_word' id='word_1_543' title='bbox 99 4312 217 4363; x_wconf 80' lang='grc' dir='ltr'>μον</span> <span class='ocrx_word' id='word_1_544' title='bbox 246 4294 706 4364; x_wconf 69' lang='grc' dir='ltr'>φυλάσσουσιν.</span> 
     </span>
    </p>
   </div>
   <div class='ocr_carea' id='block_1_75' title="bbox 178 4384 1685 4458">
    <p class='ocr_par' dir='ltr' id='par_1_75' title="bbox 178 4384 1685 4458">
     <span class='ocr_line' id='line_1_75' title="bbox 178 4384 1685 4458; baseline 0 -19"><span class='ocrx_word' id='word_1_545' title='bbox 178 4387 403 4458; x_wconf 85' lang='grc' dir='ltr'>Ἐλεγχ.</span> <span class='ocrx_word' id='word_1_546' title='bbox 427 4392 496 4457; x_wconf 86' lang='grc' dir='ltr'>η’.</span> <span class='ocrx_word' id='word_1_547' title='bbox 519 4386 631 4438; x_wconf 84' lang='grc' dir='ltr'>Οὐκ</span> <span class='ocrx_word' id='word_1_548' title='bbox 651 4386 992 4457; x_wconf 85' lang='grc' dir='ltr'>ἀπηγόρευτο</span> <span class='ocrx_word' id='word_1_549' title='bbox 1010 4384 1187 4438; x_wconf 81' lang='grc' dir='ltr'>τοίνυν</span> <span class='ocrx_word' id='word_1_550' title='bbox 1210 4388 1243 4456; x_wconf 85' lang='grc' dir='ltr'><strong>ἡ</strong></span> <span class='ocrx_word' id='word_1_551' title='bbox 1263 4385 1503 4457; x_wconf 81' lang='grc' dir='ltr'>προτέρα</span> <span class='ocrx_word' id='word_1_552' title='bbox 1528 4403 1685 4457; x_wconf 87' lang='grc' dir='ltr'>περι-</span> 
     </span>
    </p>
   </div>
   <div class='ocr_carea' id='block_1_76' title="bbox 107 4477 1683 4551">
    <p class='ocr_par' dir='ltr' id='par_1_76' title="bbox 107 4477 1683 4551">
     <span class='ocr_line' id='line_1_76' title="bbox 107 4477 1683 4551; baseline 0.001 -19"><span class='ocrx_word' id='word_1_553' title='bbox 107 4480 245 4551; x_wconf 76' lang='grc' dir='ltr'>τομὴ</span> <span class='ocrx_word' id='word_1_554' title='bbox 279 4482 339 4532; x_wconf 80' lang='grc' dir='ltr'><strong>ἐν</strong></span> <span class='ocrx_word' id='word_1_555' title='bbox 368 4478 444 4548; x_wconf 81' lang='grc' dir='ltr'><strong>τῷ</strong></span> <span class='ocrx_word' id='word_1_556' title='bbox 472 4477 586 4548; x_wconf 77' lang='grc' dir='ltr'><strong>ἰδίῳ</strong></span> <span class='ocrx_word' id='word_1_557' title='bbox 612 4477 811 4549; x_wconf 83' lang='grc' dir='ltr'>καιρῷ,</span> <span class='ocrx_word' id='word_1_558' title='bbox 850 4480 900 4530; x_wconf 72' lang='grc' dir='ltr'>εἰ</span> <span class='ocrx_word' id='word_1_559' title='bbox 930 4477 1093 4548; x_wconf 87' lang='grc' dir='ltr'>νόμον</span> <span class='ocrx_word' id='word_1_560' title='bbox 1130 4477 1381 4547; x_wconf 81' lang='grc' dir='ltr'>ἐφύλαξε.</span> <span class='ocrx_word' id='word_1_561' title='bbox 1414 4478 1596 4549; x_wconf 81' lang='grc' dir='ltr'>Νόμος</span> <span class='ocrx_word' id='word_1_562' title='bbox 1624 4479 1683 4533; x_wconf 87' lang='grc' dir='ltr'><strong>δὲ</strong></span> 
     </span>
    </p>
   </div>
   <div class='ocr_carea' id='block_1_77' title="bbox 109 4569 1683 4643">
    <p class='ocr_par' dir='ltr' id='par_1_77' title="bbox 109 4569 1683 4643">
     <span class='ocr_line' id='line_1_77' title="bbox 109 4569 1683 4643; baseline 0 -18"><span class='ocrx_word' id='word_1_563' title='bbox 109 4571 343 4643; x_wconf 70' lang='grc' dir='ltr'>Χριστὸν</span> <span class='ocrx_word' id='word_1_564' title='bbox 398 4569 764 4640; x_wconf 80' lang='grc' dir='ltr'>κατήγγελλεν</span> <span class='ocrx_word' id='word_1_565' title='bbox 813 4569 1105 4640; x_wconf 76' lang='grc' dir='ltr'>ἐρχόμενον</span> <span class='ocrx_word' id='word_1_566' title='bbox 1160 4570 1323 4640; x_wconf 87' lang='grc' dir='ltr'>νόμον</span> <span class='ocrx_word' id='word_1_567' title='bbox 1372 4570 1683 4642; x_wconf 81' lang='grc' dir='ltr'>ἐλευθερίας</span> 
     </span>
    </p>
   </div>
   <div class='ocr_carea' id='block_1_78' title="bbox 109 4660 1681 4733">
    <p class='ocr_par' dir='ltr' id='par_1_78' title="bbox 109 4660 1681 4733">
     <span class='ocr_line' id='line_1_78' title="bbox 109 4660 1681 4733; baseline 0 -18"><span class='ocrx_word' id='word_1_568' title='bbox 109 4661 513 4733; x_wconf 75' lang='grc' dir='ltr'>παρασχέσθαι,</span> <span class='ocrx_word' id='word_1_569' title='bbox 557 4660 653 4715; x_wconf 74' lang='grc' dir='ltr'><strong>καὶ</strong></span> <span class='ocrx_word' id='word_1_570' title='bbox 697 4660 879 4714; x_wconf 77' lang='grc' dir='ltr'>οὐκέτι</span> <span class='ocrx_word' id='word_1_571' title='bbox 910 4663 944 4731; x_wconf 79' lang='grc' dir='ltr'>ἡ</span> <span class='ocrx_word' id='word_1_572' title='bbox 992 4663 1260 4733; x_wconf 82' lang='grc' dir='ltr'>περιτομὴ</span> <span class='ocrx_word' id='word_1_573' title='bbox 1304 4663 1361 4715; x_wconf 89' lang='grc' dir='ltr'><strong>ἐν</strong></span> <span class='ocrx_word' id='word_1_574' title='bbox 1403 4663 1565 4733; x_wconf 80' lang='grc' dir='ltr'>σαρκὶ</span> <span class='ocrx_word' id='word_1_575' title='bbox 1603 4662 1681 4733; x_wconf 85' lang='grc' dir='ltr'>τῷ</span> 
     </span>
    </p>
   </div>
   <div class='ocr_carea' id='block_1_79' title="bbox 110 4749 1688 4825">
    <p class='ocr_par' dir='ltr' id='par_1_79' title="bbox 110 4749 1688 4825">
     <span class='ocr_line' id='line_1_79' title="bbox 110 4749 1688 4825; baseline 0.002 -21"><span class='ocrx_word' id='word_1_576' title='bbox 110 4756 284 4825; x_wconf 66' lang='grc' dir='ltr'>χρόνῳ</span> <span class='ocrx_word' id='word_1_577' title='bbox 306 4753 405 4807; x_wconf 79' lang='grc' dir='ltr'><strong>τοῦ</strong></span> <span class='ocrx_word' id='word_1_578' title='bbox 430 4750 668 4824; x_wconf 79' lang='grc' dir='ltr'>Χριστοῦ</span> <span class='ocrx_word' id='word_1_579' title='bbox 698 4752 1173 4823; x_wconf 79' lang='grc' dir='ltr'>ὲξυπηρετήσειεν.</span> <span class='ocrx_word' id='word_1_580' title='bbox 1205 4749 1374 4806; x_wconf 86' lang='grc' dir='ltr'>Ἦλθε</span> <span class='ocrx_word' id='word_1_581' title='bbox 1399 4754 1510 4825; x_wconf 88' lang='grc' dir='ltr'><strong>γὰρ</strong></span> <span class='ocrx_word' id='word_1_582' title='bbox 1535 4756 1568 4824; x_wconf 86' lang='grc' dir='ltr'>ἡ</span> <span class='ocrx_word' id='word_1_583' title='bbox 1599 4755 1688 4807; x_wconf 83' lang='grc' dir='ltr'><strong>διὰ</strong></span> 
     </span>
    </p>
   </div>
   <div class='ocr_carea' id='block_1_80' title="bbox 111 4840 1687 4917">
    <p class='ocr_par' dir='ltr' id='par_1_80' title="bbox 111 4840 1687 4917">
     <span class='ocr_line' id='line_1_80' title="bbox 111 4840 1687 4917; baseline -0.002 -17"><span class='ocrx_word' id='word_1_584' title='bbox 111 4846 350 4917; x_wconf 74' lang='grc' dir='ltr'>Χριστοῦ</span> <span class='ocrx_word' id='word_1_585' title='bbox 386 4844 637 4916; x_wconf 83' lang='grc' dir='ltr'>ἀληθινὴ,</span> <span class='ocrx_word' id='word_1_586' title='bbox 664 4840 732 4917; x_wconf 80' lang='grc' dir='ltr'>ἧς</span> <span class='ocrx_word' id='word_1_587' title='bbox 773 4844 942 4908; x_wconf 81' lang='grc' dir='ltr'>τύπος</span> <span class='ocrx_word' id='word_1_588' title='bbox 989 4840 1292 4915; x_wconf 78' lang='grc' dir='ltr'>ἐκεινηῆν.</span> <span class='ocrx_word' id='word_1_589' title='bbox 1322 4847 1385 4897; x_wconf 80' lang='grc' dir='ltr'>υἱ</span> <span class='ocrx_word' id='word_1_590' title='bbox 1424 4845 1480 4897; x_wconf 80' lang='grc' dir='ltr'><strong>δὲ</strong></span> <span class='ocrx_word' id='word_1_591' title='bbox 1515 4844 1596 4899; x_wconf 76' lang='grc' dir='ltr'>ἔτι</span> <span class='ocrx_word' id='word_1_592' title='bbox 1629 4848 1687 4898; x_wconf 85' lang='grc' dir='ltr'><strong>ἐν</strong></span> 
     </span>
    </p>
   </div>
   <div class='ocr_carea' id='block_1_81' title="bbox 112 4937 1689 5011">
    <p class='ocr_par' dir='ltr' id='par_1_81' title="bbox 112 4937 1689 5011">
     <span class='ocr_line' id='line_1_81' title="bbox 112 4937 1689 5011; baseline -0.001 -19"><span class='ocrx_word' id='word_1_593' title='bbox 112 4941 289 5011; x_wconf 80' lang='grc' dir='ltr'>ἐκείνῃ</span> <span class='ocrx_word' id='word_1_594' title='bbox 323 4937 771 5009; x_wconf 79' lang='grc' dir='ltr'>σφραγιζόμενοι,</span> <span class='ocrx_word' id='word_1_595' title='bbox 805 4938 908 4991; x_wconf 82' lang='grc' dir='ltr'><strong>κάν</strong></span> <span class='ocrx_word' id='word_1_596' title='bbox 941 4954 1000 4990; x_wconf 87' lang='grc' dir='ltr'><strong>τε</strong></span> <span class='ocrx_word' id='word_1_597' title='bbox 1029 4938 1204 4990; x_wconf 88' lang='grc' dir='ltr'>πάντα</span> <span class='ocrx_word' id='word_1_598' title='bbox 1226 4938 1317 4991; x_wconf 78' lang='grc' dir='ltr'><strong>τὸν</strong></span> <span class='ocrx_word' id='word_1_599' title='bbox 1337 4937 1499 5009; x_wconf 82' lang='grc' dir='ltr'>νόμον</span> <span class='ocrx_word' id='word_1_600' title='bbox 1520 4937 1689 5006; x_wconf 81' lang='grc' dir='ltr'>φυλά-</span> 
     </span>
    </p>
   </div>
   <div class='ocr_carea' id='block_1_82' title="bbox 114 5027 1685 5100">
    <p class='ocr_par' dir='ltr' id='par_1_82' title="bbox 114 5027 1685 5100">
     <span class='ocr_line' id='line_1_82' title="bbox 114 5027 1685 5100; baseline -0.001 -16"><span class='ocrx_word' id='word_1_601' title='bbox 114 5034 295 5097; x_wconf 79' lang='grc' dir='ltr'>ξωσιν,</span> <span class='ocrx_word' id='word_1_602' title='bbox 328 5030 520 5085; x_wconf 80' lang='grc' dir='ltr'>οὐκέτι</span> <span class='ocrx_word' id='word_1_603' title='bbox 560 5031 745 5093; x_wconf 82' lang='grc' dir='ltr'>αὐτοῖς</span> <span class='ocrx_word' id='word_1_604' title='bbox 797 5028 1176 5100; x_wconf 80' lang='grc' dir='ltr'>λογισθήσεται</span> <span class='ocrx_word' id='word_1_605' title='bbox 1225 5030 1387 5100; x_wconf 85' lang='grc' dir='ltr'>νόμου</span> <span class='ocrx_word' id='word_1_606' title='bbox 1436 5027 1685 5098; x_wconf 16' lang='grc' dir='ltr'>νιρύλαξις.</span> 
     </span>
    </p>
   </div>
   <div class='ocr_carea' id='block_1_83' title="bbox 128 5117 1689 5191">
    <p class='ocr_par' dir='ltr' id='par_1_83' title="bbox 128 5117 1689 5191">
     <span class='ocr_line' id='line_1_83' title="bbox 128 5117 1689 5191; baseline -0.002 -17"><span class='ocrx_word' id='word_1_607' title='bbox 128 5121 348 5191; x_wconf 78' lang='grc' dir='ltr'>Ἐπειδὴ</span> <span class='ocrx_word' id='word_1_608' title='bbox 379 5120 490 5191; x_wconf 82' lang='grc' dir='ltr'>γὰρ</span> <span class='ocrx_word' id='word_1_609' title='bbox 523 5121 553 5172; x_wconf 84' lang='grc' dir='ltr'>ὁ</span> <span class='ocrx_word' id='word_1_610' title='bbox 585 5118 747 5189; x_wconf 87' lang='grc' dir='ltr'>νόμος</span> <span class='ocrx_word' id='word_1_611' title='bbox 776 5117 929 5186; x_wconf 79' lang='grc' dir='ltr'>ἔλεγε</span> <span class='ocrx_word' id='word_1_612' title='bbox 974 5118 1105 5186; x_wconf 70' lang='grc' dir='ltr'>περὶ</span> <span class='ocrx_word' id='word_1_613' title='bbox 1131 5118 1388 5190; x_wconf 84' lang='grc' dir='ltr'>Χριστοῦ,</span> <span class='ocrx_word' id='word_1_614' title='bbox 1414 5119 1497 5171; x_wconf 80' lang='grc' dir='ltr'><strong>ὅτι</strong></span> <span class='ocrx_word' id='word_1_615' title='bbox 1546 5122 1689 5185; x_wconf 87' lang='grc' dir='ltr'>Προ-</span> 
     </span>
    </p>
   </div>
   <div class='ocr_carea' id='block_1_84' title="bbox 117 5207 1689 5280">
    <p class='ocr_par' dir='ltr' id='par_1_84' title="bbox 117 5207 1689 5280">
     <span class='ocr_line' id='line_1_84' title="bbox 117 5207 1689 5280; baseline 0.007 -29"><span class='ocrx_word' id='word_1_616' title='bbox 117 5212 314 5280; x_wconf 54' lang='grc' dir='ltr'><em>φήτην</em></span> <span class='ocrx_word' id='word_1_617' title='bbox 349 5209 546 5279; x_wconf 77' lang='grc' dir='ltr'>ἐγερεῖ</span> <span class='ocrx_word' id='word_1_618' title='bbox 582 5209 725 5277; x_wconf 83' lang='grc' dir='ltr'><strong>ὑμῖν</strong></span> <span class='ocrx_word' id='word_1_619' title='bbox 758 5210 973 5276; x_wconf 76' lang='grc' dir='ltr'>Κύριος</span> <span class='ocrx_word' id='word_1_620' title='bbox 1015 5211 1048 5262; x_wconf 92' lang='lat' dir='ltr'><strong>o&#39;</strong></span> <span class='ocrx_word' id='word_1_621' title='bbox 1081 5207 1223 5275; x_wconf 80' lang='grc' dir='ltr'>Θεὸς</span> <span class='ocrx_word' id='word_1_622' title='bbox 1252 5209 1319 5261; x_wconf 73' lang='grc' dir='ltr'>ἐκ</span> <span class='ocrx_word' id='word_1_623' title='bbox 1346 5207 1465 5261; x_wconf 80' lang='grc' dir='ltr'><strong>τῶν</strong></span> <span class='ocrx_word' id='word_1_624' title='bbox 1512 5207 1689 5262; x_wconf 76' lang='grc' dir='ltr'>ἀδελ-</span> 
     </span>
    </p>
   </div>
   <div class='ocr_carea' id='block_1_85' title="bbox 119 5300 1686 5376">
    <p class='ocr_par' dir='ltr' id='par_1_85' title="bbox 119 5300 1686 5376">
     <span class='ocr_line' id='line_1_85' title="bbox 119 5300 1686 5376; baseline -0.004 -16"><span class='ocrx_word' id='word_1_625' title='bbox 119 5308 242 5376; x_wconf 54' lang='grc' dir='ltr'><strong>φῶν</strong></span> <span class='ocrx_word' id='word_1_626' title='bbox 273 5324 402 5376; x_wconf 79' lang='grc' dir='ltr'><strong>μου</strong></span> <span class='ocrx_word' id='word_1_627' title='bbox 430 5305 509 5370; x_wconf 87' lang='grc' dir='ltr'>ὡς</span> <span class='ocrx_word' id='word_1_628' title='bbox 539 5304 676 5372; x_wconf 85' lang='grc' dir='ltr'>ἐμέ·</span> <span class='ocrx_word' id='word_1_629' title='bbox 708 5302 892 5357; x_wconf 85' lang='grc' dir='ltr'>αὐτοῦ</span> <span class='ocrx_word' id='word_1_630' title='bbox 925 5302 1255 5357; x_wconf 78' lang='grc' dir='ltr'>ἀκούσετεο</span> <span class='ocrx_word' id='word_1_631' title='bbox 1289 5300 1467 5355; x_wconf 76' lang='grc' dir='ltr'>αὐτῶν</span> <span class='ocrx_word' id='word_1_632' title='bbox 1501 5300 1558 5354; x_wconf 83' lang='grc' dir='ltr'><strong>δὲ</strong></span> <span class='ocrx_word' id='word_1_633' title='bbox 1592 5300 1686 5354; x_wconf 81' lang='grc' dir='ltr'>τοῦ</span> 
     </span>
    </p>
   </div>
   <div class='ocr_carea' id='block_1_86' title="bbox 120 5393 1692 5472">
    <p class='ocr_par' dir='ltr' id='par_1_86' title="bbox 120 5393 1692 5472">
     <span class='ocr_line' id='line_1_86' title="bbox 120 5393 1692 5472; baseline -0.005 -18"><span class='ocrx_word' id='word_1_634' title='bbox 120 5398 357 5472; x_wconf 75' lang='grc' dir='ltr'>Χριστοῦ</span> <span class='ocrx_word' id='word_1_635' title='bbox 399 5397 474 5469; x_wconf 80' lang='grc' dir='ltr'>μὴ</span> <span class='ocrx_word' id='word_1_636' title='bbox 520 5394 907 5460; x_wconf 77' lang='grc' dir='ltr'>ἀκουσάντων,</span> <span class='ocrx_word' id='word_1_637' title='bbox 952 5396 985 5465; x_wconf 89' lang='grc' dir='ltr'>ή</span> <span class='ocrx_word' id='word_1_638' title='bbox 1038 5394 1304 5466; x_wconf 82' lang='grc' dir='ltr'>περιτομὴ</span> <span class='ocrx_word' id='word_1_639' title='bbox 1358 5393 1692 5464; x_wconf 76' lang='grc' dir='ltr'>ἀκροϐυστία</span> 
     </span>
    </p>
   </div>
   <div class='ocr_carea' id='block_1_87' title="bbox 119 5487 1693 5561">
    <p class='ocr_par' dir='ltr' id='par_1_87' title="bbox 119 5487 1693 5561">
     <span class='ocr_line' id='line_1_87' title="bbox 119 5487 1693 5561; baseline -0.003 -16"><span class='ocrx_word' id='word_1_640' title='bbox 119 5493 321 5561; x_wconf 81' lang='grc' dir='ltr'>γίνεται</span> <span class='ocrx_word' id='word_1_641' title='bbox 380 5492 597 5555; x_wconf 79' lang='grc' dir='ltr'>αὐτοῖς,</span> <span class='ocrx_word' id='word_1_642' title='bbox 650 5489 743 5543; x_wconf 71' lang='grc' dir='ltr'><strong>καὶ</strong></span> <span class='ocrx_word' id='word_1_643' title='bbox 793 5491 826 5560; x_wconf 79' lang='grc' dir='ltr'>ἡ</span> <span class='ocrx_word' id='word_1_644' title='bbox 870 5487 1095 5558; x_wconf 82' lang='grc' dir='ltr'>φύλαξις</span> <span class='ocrx_word' id='word_1_645' title='bbox 1152 5488 1243 5542; x_wconf 73' lang='grc' dir='ltr'><strong>τοῦ</strong></span> <span class='ocrx_word' id='word_1_646' title='bbox 1297 5490 1463 5560; x_wconf 88' lang='grc' dir='ltr'>νόμου</span> <span class='ocrx_word' id='word_1_647' title='bbox 1512 5488 1693 5542; x_wconf 82' lang='grc' dir='ltr'>οὐκέτι</span> 
     </span>
    </p>
   </div>
   <div class='ocr_carea' id='block_1_88' title="bbox 1773 3016 2869 3085">
    <p class='ocr_par' dir='ltr' id='par_1_88' title="bbox 1773 3016 2869 3085">
     <span class='ocr_line' id='line_1_88' title="bbox 1773 3016 2869 3085; baseline 0.009 -22"><span class='ocrx_word' id='word_1_648' title='bbox 1773 3022 1962 3064; x_wconf 72' lang='lat' dir='ltr'><strong>xerunt</strong></span> <span class='ocrx_word' id='word_1_649' title='bbox 1995 3030 2111 3065; x_wconf 88' lang='lat' dir='ltr'><strong>cum</strong></span> <span class='ocrx_word' id='word_1_650' title='bbox 2143 3016 2279 3069; x_wconf 78' lang='lat' dir='ltr'><strong>vitiis</strong></span> <span class='ocrx_word' id='word_1_651' title='bbox 2307 3026 2355 3069; x_wconf 90' lang='lat' dir='ltr'><strong>et</strong></span> <span class='ocrx_word' id='word_1_652' title='bbox 2385 3019 2815 3085; x_wconf 69' lang='lat' dir='ltr'><strong>conrupiscentiis</strong></span> <span class='ocrx_word' id='word_1_653' title='bbox 2849 3020 2869 3051; x_wconf 89' lang='grc'><em>³</em></span> 
     </span>
    </p>
   </div>
   <div class='ocr_carea' id='block_1_89' title="bbox 1842 3100 3350 3188">
    <p class='ocr_par' dir='ltr' id='par_1_89' title="bbox 1842 3100 3350 3188">
     <span class='ocr_line' id='line_1_89' title="bbox 1842 3100 3350 3188; baseline 0.013 -34"><span class='ocrx_word' id='word_1_654' title='bbox 1842 3100 2025 3157; x_wconf 83' lang='lat' dir='ltr'><strong>Refut.</strong></span> <span class='ocrx_word' id='word_1_655' title='bbox 2052 3104 2101 3159; x_wconf 91' lang='lat'><strong>7.</strong></span> <span class='ocrx_word' id='word_1_656' title='bbox 2130 3104 2183 3159; x_wconf 91' lang='lat' dir='ltr'><strong>Si</strong></span> <span class='ocrx_word' id='word_1_657' title='bbox 2208 3108 2297 3177; x_wconf 80' lang='lat' dir='ltr'><strong>qui</strong></span> <span class='ocrx_word' id='word_1_658' title='bbox 2329 3105 2528 3161; x_wconf 84' lang='lat' dir='ltr'><strong>Christi</strong></span> <span class='ocrx_word' id='word_1_659' title='bbox 2551 3119 2692 3174; x_wconf 86' lang='lat' dir='ltr'><strong>sunt,</strong></span> <span class='ocrx_word' id='word_1_660' title='bbox 2716 3127 2924 3167; x_wconf 83' lang='lat' dir='ltr'><strong>carnem</strong></span> <span class='ocrx_word' id='word_1_661' title='bbox 2948 3117 3350 3188; x_wconf 69' lang='lat' dir='ltr'><strong>cruci/iurum,</strong></span> 
     </span>
    </p>
   </div>
   <div class='ocr_carea' id='block_1_90' title="bbox 1775 3193 3351 3267">
    <p class='ocr_par' dir='ltr' id='par_1_90' title="bbox 1775 3193 3351 3267">
     <span class='ocr_line' id='line_1_90' title="bbox 1775 3193 3351 3267; baseline 0.014 -21"><span class='ocrx_word' id='word_1_662' title='bbox 1775 3193 2003 3261; x_wconf 80' lang='lat' dir='ltr'><strong>Marcio,</strong></span> <span class='ocrx_word' id='word_1_663' title='bbox 2036 3200 2379 3267; x_wconf 88' lang='lat' dir='ltr'><strong>perspicuum</strong></span> <span class='ocrx_word' id='word_1_664' title='bbox 2421 3200 2744 3257; x_wconf 83' lang='lat' dir='ltr'><strong>estChristi</strong></span> <span class='ocrx_word' id='word_1_665' title='bbox 2789 3219 2974 3260; x_wconf 87' lang='lat' dir='ltr'><strong>servos</strong></span> <span class='ocrx_word' id='word_1_666' title='bbox 3010 3207 3351 3267; x_wconf 80' lang='lat' dir='ltr'><strong>circumcisis</strong></span> 
     </span>
    </p>
   </div>
   <div class='ocr_carea' id='block_1_91' title="bbox 1777 3285 3351 3364">
    <p class='ocr_par' dir='ltr' id='par_1_91' title="bbox 1777 3285 3351 3364">
     <span class='ocr_line' id='line_1_91' title="bbox 1777 3285 3351 3364; baseline 0.01 -24"><span class='ocrx_word' id='word_1_667' title='bbox 1777 3285 2169 3356; x_wconf 88' lang='lat' dir='ltr'><strong>cupiditatibus</strong></span> <span class='ocrx_word' id='word_1_668' title='bbox 2224 3298 2277 3343; x_wconf 90' lang='lat' dir='ltr'><strong>et</strong></span> <span class='ocrx_word' id='word_1_669' title='bbox 2324 3288 2702 3346; x_wconf 73' lang='lat' dir='ltr'><strong>aliectionibus</strong></span> <span class='ocrx_word' id='word_1_670' title='bbox 2745 3295 3187 3364; x_wconf 84' lang='lat' dir='ltr'><strong>purgatissimam</strong></span> <span class='ocrx_word' id='word_1_671' title='bbox 3228 3314 3351 3354; x_wconf 86' lang='lat' dir='ltr'><strong>car-</strong></span> 
     </span>
    </p>
   </div>
   <div class='ocr_carea' id='block_1_92' title="bbox 1777 3378 3348 3455">
    <p class='ocr_par' dir='ltr' id='par_1_92' title="bbox 1777 3378 3348 3455">
     <span class='ocr_line' id='line_1_92' title="bbox 1777 3378 3348 3455; baseline 0.009 -24"><span class='ocrx_word' id='word_1_672' title='bbox 1777 3389 1899 3431; x_wconf 85' lang='lat' dir='ltr'><strong>nem</strong></span> <span class='ocrx_word' id='word_1_673' title='bbox 1947 3392 2102 3431; x_wconf 86' lang='lat' dir='ltr'><strong>suam</strong></span> <span class='ocrx_word' id='word_1_674' title='bbox 2149 3378 2475 3447; x_wconf 87' lang='lat' dir='ltr'><strong>reddidisse,</strong></span> <span class='ocrx_word' id='word_1_675' title='bbox 2505 3382 2851 3453; x_wconf 87' lang='lat' dir='ltr'><strong>imitatosque</strong></span> <span class='ocrx_word' id='word_1_676' title='bbox 2893 3399 3015 3441; x_wconf 90' lang='lat' dir='ltr'><strong>esse</strong></span> <span class='ocrx_word' id='word_1_677' title='bbox 3049 3387 3348 3455; x_wconf 88' lang='lat' dir='ltr'><strong>Christum,</strong></span> 
     </span>
    </p>
   </div>
   <div class='ocr_carea' id='block_1_93' title="bbox 1778 3466 3348 3538">
    <p class='ocr_par' dir='ltr' id='par_1_93' title="bbox 1778 3466 3348 3538">
     <span class='ocr_line' id='line_1_93' title="bbox 1778 3466 3348 3538; baseline 0.01 -19"><span class='ocrx_word' id='word_1_678' title='bbox 1778 3466 1906 3520; x_wconf 90' lang='lat' dir='ltr'><strong>dum</strong></span> <span class='ocrx_word' id='word_1_679' title='bbox 1933 3469 2106 3538; x_wconf 90' lang='lat' dir='ltr'><strong>ipsum</strong></span> <span class='ocrx_word' id='word_1_680' title='bbox 2148 3485 2366 3525; x_wconf 89' lang='lat' dir='ltr'><strong>carnem</strong></span> <span class='ocrx_word' id='word_1_681' title='bbox 2407 3488 2559 3526; x_wconf 92' lang='lat' dir='ltr'><strong>suam</strong></span> <span class='ocrx_word' id='word_1_682' title='bbox 2592 3474 2739 3527; x_wconf 88' lang='lat' dir='ltr'><strong>cruci</strong></span> <span class='ocrx_word' id='word_1_683' title='bbox 2779 3474 3013 3532; x_wconf 70' lang='lat' dir='ltr'><strong>aﬂivisse</strong></span> <span class='ocrx_word' id='word_1_684' title='bbox 3049 3479 3348 3536; x_wconf 87' lang='lat' dir='ltr'><strong>declarant.</strong></span> 
     </span>
    </p>
   </div>
   <div class='ocr_carea' id='block_1_94' title="bbox 1778 3559 3354 3635">
    <p class='ocr_par' dir='ltr' id='par_1_94' title="bbox 1778 3559 3354 3635">
     <span class='ocr_line' id='line_1_94' title="bbox 1778 3559 3354 3635; baseline 0.01 -21"><span class='ocrx_word' id='word_1_685' title='bbox 1778 3559 1935 3616; x_wconf 87' lang='lat' dir='ltr'><strong>Unde</strong></span> <span class='ocrx_word' id='word_1_686' title='bbox 1965 3570 2019 3617; x_wconf 90' lang='lat' dir='ltr'><strong>et</strong></span> <span class='ocrx_word' id='word_1_687' title='bbox 2054 3564 2131 3616; x_wconf 91' lang='lat' dir='ltr'><strong>illi</strong></span> <span class='ocrx_word' id='word_1_688' title='bbox 2164 3563 2351 3619; x_wconf 87' lang='lat' dir='ltr'><strong>eodem</strong></span> <span class='ocrx_word' id='word_1_689' title='bbox 2379 3581 2486 3635; x_wconf 94' lang='lat' dir='ltr'><strong>quo</strong></span> <span class='ocrx_word' id='word_1_690' title='bbox 2516 3564 2779 3622; x_wconf 87' lang='lat' dir='ltr'><strong>Dominus</strong></span> <span class='ocrx_word' id='word_1_691' title='bbox 2817 3584 2951 3625; x_wconf 92' lang='lat' dir='ltr'><strong>suus</strong></span> <span class='ocrx_word' id='word_1_692' title='bbox 2985 3572 3215 3627; x_wconf 90' lang='lat' dir='ltr'><strong>consilio</strong></span> <span class='ocrx_word' id='word_1_693' title='bbox 3240 3588 3354 3629; x_wconf 87' lang='lat' dir='ltr'><strong>car-</strong></span> 
     </span>
    </p>
   </div>
   <div class='ocr_carea' id='block_1_95' title="bbox 1780 3654 3353 3729">
    <p class='ocr_par' dir='ltr' id='par_1_95' title="bbox 1780 3654 3353 3729">
     <span class='ocr_line' id='line_1_95' title="bbox 1780 3654 3353 3729; baseline 0.008 -22"><span class='ocrx_word' id='word_1_694' title='bbox 1780 3668 1902 3708; x_wconf 88' lang='lat' dir='ltr'><strong>nem</strong></span> <span class='ocrx_word' id='word_1_695' title='bbox 1938 3654 1994 3709; x_wconf 89' lang='lat' dir='ltr'><strong>in</strong></span> <span class='ocrx_word' id='word_1_696' title='bbox 2023 3670 2185 3711; x_wconf 91' lang='lat' dir='ltr'><strong>cruce</strong></span> <span class='ocrx_word' id='word_1_697' title='bbox 2223 3657 2480 3729; x_wconf 77' lang='lat' dir='ltr'><strong>deligunt.</strong></span> <span class='ocrx_word' id='word_1_698' title='bbox 2506 3657 2626 3713; x_wconf 85' lang='lat' dir='ltr'><strong>Jam</strong></span> <span class='ocrx_word' id='word_1_699' title='bbox 2674 3675 2805 3715; x_wconf 88' lang='lat' dir='ltr'><strong>vero</strong></span> <span class='ocrx_word' id='word_1_700' title='bbox 2853 3662 2898 3716; x_wconf 92' lang='lat' dir='ltr'><strong>si</strong></span> <span class='ocrx_word' id='word_1_701' title='bbox 2938 3678 3156 3719; x_wconf 86' lang='lat' dir='ltr'><strong>carnem</strong></span> <span class='ocrx_word' id='word_1_702' title='bbox 3196 3679 3353 3720; x_wconf 90' lang='lat' dir='ltr'><strong>suam</strong></span> 
     </span>
    </p>
   </div>
   <div class='ocr_carea' id='block_1_96' title="bbox 1781 3746 3354 3825">
    <p class='ocr_par' dir='ltr' id='par_1_96' title="bbox 1781 3746 3354 3825">
     <span class='ocr_line' id='line_1_96' title="bbox 1781 3746 3354 3825; baseline 0.008 -26"><span class='ocrx_word' id='word_1_703' title='bbox 1781 3746 2174 3811; x_wconf 80' lang='lat' dir='ltr'><strong>cruciﬁxerint,</strong></span> <span class='ocrx_word' id='word_1_704' title='bbox 2206 3748 2319 3804; x_wconf 85' lang='lat' dir='ltr'><strong>ﬁeri</strong></span> <span class='ocrx_word' id='word_1_705' title='bbox 2351 3764 2458 3803; x_wconf 89' lang='lat' dir='ltr'><strong>non</strong></span> <span class='ocrx_word' id='word_1_706' title='bbox 2506 3759 2683 3820; x_wconf 91' lang='lat' dir='ltr'><strong>potest</strong></span> <span class='ocrx_word' id='word_1_707' title='bbox 2721 3752 2853 3822; x_wconf 87' lang='lat' dir='ltr'><strong>quin</strong></span> <span class='ocrx_word' id='word_1_708' title='bbox 2891 3769 3020 3809; x_wconf 90' lang='lat' dir='ltr'><strong>caro</strong></span> <span class='ocrx_word' id='word_1_709' title='bbox 3060 3771 3158 3825; x_wconf 91' lang='lat' dir='ltr'><strong>pro</strong></span> <span class='ocrx_word' id='word_1_710' title='bbox 3197 3756 3354 3811; x_wconf 89' lang='lat' dir='ltr'><strong>Chri-</strong></span> 
     </span>
    </p>
   </div>
   <div class='ocr_carea' id='block_1_97' title="bbox 1783 3840 3353 3917">
    <p class='ocr_par' dir='ltr' id='par_1_97' title="bbox 1783 3840 3353 3917">
     <span class='ocr_line' id='line_1_97' title="bbox 1783 3840 3353 3917; baseline 0.006 -23"><span class='ocrx_word' id='word_1_711' title='bbox 1783 3848 1868 3895; x_wconf 89' lang='lat' dir='ltr'><strong>sto</strong></span> <span class='ocrx_word' id='word_1_712' title='bbox 1900 3853 2155 3909; x_wconf 88' lang='lat' dir='ltr'><strong>perpessa</strong></span> <span class='ocrx_word' id='word_1_713' title='bbox 2190 3855 2313 3894; x_wconf 91' lang='lat' dir='ltr'><strong>eum</strong></span> <span class='ocrx_word' id='word_1_714' title='bbox 2356 3840 2572 3897; x_wconf 86' lang='lat' dir='ltr'><strong>Christo</strong></span> <span class='ocrx_word' id='word_1_715' title='bbox 2606 3843 2807 3912; x_wconf 88' lang='lat' dir='ltr'><strong>pariter</strong></span> <span class='ocrx_word' id='word_1_716' title='bbox 2850 3853 3039 3915; x_wconf 86' lang='lat' dir='ltr'><strong>regnet</strong></span> <span class='ocrx_word' id='word_1_717' title='bbox 3068 3865 3078 3899; x_wconf 95' lang='lat'>:</span> <span class='ocrx_word' id='word_1_718' title='bbox 3115 3847 3168 3901; x_wconf 93' lang='lat' dir='ltr'><strong>id</strong></span> <span class='ocrx_word' id='word_1_719' title='bbox 3208 3849 3353 3917; x_wconf 89' lang='lat' dir='ltr'><strong>quod</strong></span> 
     </span>
    </p>
   </div>
   <div class='ocr_carea' id='block_1_98' title="bbox 1784 3931 3356 4004">
    <p class='ocr_par' dir='ltr' id='par_1_98' title="bbox 1784 3931 3356 4004">
     <span class='ocr_line' id='line_1_98' title="bbox 1784 3931 3356 4004; baseline 0.006 -21"><span class='ocrx_word' id='word_1_720' title='bbox 1784 3931 1889 3985; x_wconf 89' lang='lat' dir='ltr'><strong>alio</strong></span> <span class='ocrx_word' id='word_1_721' title='bbox 1918 3933 1968 3983; x_wconf 92' lang='lat' dir='ltr'><strong>in</strong></span> <span class='ocrx_word' id='word_1_722' title='bbox 1998 3932 2117 3985; x_wconf 89' lang='lat' dir='ltr'><strong>loco</strong></span> <span class='ocrx_word' id='word_1_723' title='bbox 2147 3932 2233 3987; x_wconf 88' lang='lat' dir='ltr'><strong>his</strong></span> <span class='ocrx_word' id='word_1_724' title='bbox 2262 3932 2442 3986; x_wconf 83' lang='lat' dir='ltr'><strong>verbis</strong></span> <span class='ocrx_word' id='word_1_725' title='bbox 2468 3932 2803 3989; x_wconf 87' lang='lat' dir='ltr'><strong>demonstrat</strong></span> <span class='ocrx_word' id='word_1_726' title='bbox 2826 3934 3122 4004; x_wconf 88' lang='lat' dir='ltr'><strong>Apostolus</strong></span> <span class='ocrx_word' id='word_1_727' title='bbox 3155 3956 3166 3991; x_wconf 95' lang='lat'>:</span> <span class='ocrx_word' id='word_1_728' title='bbox 3204 3938 3356 3994; x_wconf 82' lang='lat' dir='ltr'><strong>Sicut</strong></span> 
     </span>
    </p>
   </div>
   <div class='ocr_carea' id='block_1_99' title="bbox 1784 4024 3113 4099">
    <p class='ocr_par' dir='ltr' id='par_1_99' title="bbox 1784 4024 3113 4099">
     <span class='ocr_line' id='line_1_99' title="bbox 1784 4024 3113 4099; baseline 0.005 -21"><span class='ocrx_word' id='word_1_729' title='bbox 1784 4025 1913 4078; x_wconf 81' lang='lat' dir='ltr'><strong>socii</strong></span> <span class='ocrx_word' id='word_1_730' title='bbox 1938 4026 2241 4092; x_wconf 81' lang='lat' dir='ltr'><strong>passionum</strong></span> <span class='ocrx_word' id='word_1_731' title='bbox 2269 4024 2469 4079; x_wconf 81' lang='lat' dir='ltr'><strong>Christi</strong></span> <span class='ocrx_word' id='word_1_732' title='bbox 2504 4029 2649 4086; x_wconf 85' lang='lat' dir='ltr'><strong>estis.</strong></span> <span class='ocrx_word' id='word_1_733' title='bbox 2681 4028 2759 4081; x_wconf 89' lang='lat' dir='ltr'><strong>ita</strong></span> <span class='ocrx_word' id='word_1_734' title='bbox 2790 4037 2837 4082; x_wconf 86' lang='lat' dir='ltr'><strong>et</strong></span> <span class='ocrx_word' id='word_1_735' title='bbox 2867 4028 3051 4099; x_wconf 69' lang='lat' dir='ltr'><strong>gloria:</strong></span> <span class='ocrx_word' id='word_1_736' title='bbox 3073 4030 3113 4085; x_wconf 73' lang='grc'><strong>⁸.</strong></span> 
     </span>
    </p>
   </div>
   <div class='ocr_carea' id='block_1_100' title="bbox 1858 4202 3357 4285">
    <p class='ocr_par' dir='ltr' id='par_1_100' title="bbox 1858 4202 3357 4285">
     <span class='ocr_line' id='line_1_100' title="bbox 1858 4202 3357 4285; baseline 0.008 -27"><span class='ocrx_word' id='word_1_737' title='bbox 1858 4203 2043 4258; x_wconf 87' lang='lat' dir='ltr'><strong>Schol.</strong></span> <span class='ocrx_word' id='word_1_738' title='bbox 2090 4203 2149 4258; x_wconf 91' lang='lat'><strong>&#39;8.</strong></span> <span class='ocrx_word' id='word_1_739' title='bbox 2198 4202 2376 4275; x_wconf 82' lang='lat' dir='ltr'><strong>Neque</strong></span> <span class='ocrx_word' id='word_1_740' title='bbox 2424 4207 2561 4259; x_wconf 84' lang='lat' dir='ltr'><strong>enim</strong></span> <span class='ocrx_word' id='word_1_741' title='bbox 2615 4208 2703 4278; x_wconf 84' lang='lat' dir='ltr'><strong>qui</strong></span> <span class='ocrx_word' id='word_1_742' title='bbox 2752 4209 3199 4266; x_wconf 83' lang='lat' dir='ltr'><strong>circumciduntur</strong></span> <span class='ocrx_word' id='word_1_743' title='bbox 3252 4216 3357 4285; x_wconf 83' lang='lat' dir='ltr'><strong>ipsi</strong></span> 
     </span>
    </p>
   </div>
   <div class='ocr_carea' id='block_1_101' title="bbox 1713 4264 2353 4366">
    <p class='ocr_par' dir='ltr' id='par_1_101' title="bbox 1713 4264 2353 4366">
     <span class='ocr_line' id='line_1_101' title="bbox 1713 4264 2353 4366; baseline 0.002 -16"><span class='ocrx_word' id='word_1_744' title='bbox 1713 4264 1759 4321; x_wconf 64' lang='grc' dir='ltr'><strong><em>Β</em></strong></span> <span class='ocrx_word' id='word_1_745' title='bbox 1789 4297 1949 4366; x_wconf 85' lang='lat' dir='ltr'><strong>legem</strong></span> <span class='ocrx_word' id='word_1_746' title='bbox 1983 4264 2353 4351; x_wconf 59' lang='lat' dir='ltr'><strong>custodiunt&quot;.</strong></span> 
     </span>
    </p>
   </div>
   <div class='ocr_carea' id='block_1_102' title="bbox 1859 4387 3358 4465">
    <p class='ocr_par' dir='ltr' id='par_1_102' title="bbox 1859 4387 3358 4465">
     <span class='ocr_line' id='line_1_102' title="bbox 1859 4387 3358 4465; baseline 0.009 -27"><span class='ocrx_word' id='word_1_747' title='bbox 1859 4387 2211 4459; x_wconf 63' lang='lat' dir='ltr'><strong>353‘Befut.</strong></span> <span class='ocrx_word' id='word_1_748' title='bbox 2225 4388 2277 4443; x_wconf 91' lang='lat'><strong>8.</strong></span> <span class='ocrx_word' id='word_1_749' title='bbox 2298 4387 2415 4443; x_wconf 88' lang='lat' dir='ltr'><strong>Non</strong></span> <span class='ocrx_word' id='word_1_750' title='bbox 2437 4388 2601 4461; x_wconf 85' lang='lat' dir='ltr'><strong>igitur</strong></span> <span class='ocrx_word' id='word_1_751' title='bbox 2614 4406 2712 4445; x_wconf 92' lang='lat' dir='ltr'><strong>suo</strong></span> <span class='ocrx_word' id='word_1_752' title='bbox 2730 4398 2971 4462; x_wconf 88' lang='lat' dir='ltr'><strong>tempore</strong></span> <span class='ocrx_word' id='word_1_753' title='bbox 2988 4396 3255 4465; x_wconf 88' lang='lat' dir='ltr'><strong>prohibita</strong></span> <span class='ocrx_word' id='word_1_754' title='bbox 3274 4413 3358 4451; x_wconf 51' lang='lat' dir='ltr'><strong>ve.</strong></span> 
     </span>
    </p>
   </div>
   <div class='ocr_carea' id='block_1_103' title="bbox 1784 4479 3354 4555">
    <p class='ocr_par' dir='ltr' id='par_1_103' title="bbox 1784 4479 3354 4555">
     <span class='ocr_line' id='line_1_103' title="bbox 1784 4479 3354 4555; baseline 0.006 -20"><span class='ocrx_word' id='word_1_755' title='bbox 1784 4488 1873 4536; x_wconf 89' lang='lat' dir='ltr'><strong>tus</strong></span> <span class='ocrx_word' id='word_1_756' title='bbox 1894 4482 1981 4534; x_wconf 91' lang='lat' dir='ltr'><strong>illa</strong></span> <span class='ocrx_word' id='word_1_757' title='bbox 2002 4480 2349 4535; x_wconf 87' lang='lat' dir='ltr'><strong>circumcisio</strong></span> <span class='ocrx_word' id='word_1_758' title='bbox 2376 4479 2495 4547; x_wconf 87' lang='lat' dir='ltr'><strong>fuit,</strong></span> <span class='ocrx_word' id='word_1_759' title='bbox 2520 4482 2564 4535; x_wconf 93' lang='lat' dir='ltr'><strong>si</strong></span> <span class='ocrx_word' id='word_1_760' title='bbox 2592 4481 2809 4551; x_wconf 90' lang='lat' dir='ltr'><strong>quidem</strong></span> <span class='ocrx_word' id='word_1_761' title='bbox 2844 4485 3012 4555; x_wconf 75' lang='lat' dir='ltr'><strong>legem</strong></span> <span class='ocrx_word' id='word_1_762' title='bbox 3036 4487 3354 4545; x_wconf 81' lang='lat' dir='ltr'><strong>custodiret.</strong></span> 
     </span>
    </p>
   </div>
   <div class='ocr_carea' id='block_1_104' title="bbox 1785 4566 3356 4640">
    <p class='ocr_par' dir='ltr' id='par_1_104' title="bbox 1785 4566 3356 4640">
     <span class='ocr_line' id='line_1_104' title="bbox 1785 4566 3356 4640; baseline 0.004 -15"><span class='ocrx_word' id='word_1_763' title='bbox 1785 4570 1955 4625; x_wconf 84' lang='lat' dir='ltr'><strong>Porro</strong></span> <span class='ocrx_word' id='word_1_764' title='bbox 2003 4570 2086 4625; x_wconf 81' lang='lat' dir='ltr'><strong>lex</strong></span> <span class='ocrx_word' id='word_1_765' title='bbox 2130 4566 2406 4625; x_wconf 85' lang='lat' dir='ltr'><strong>Christum</strong></span> <span class='ocrx_word' id='word_1_766' title='bbox 2449 4571 2736 4626; x_wconf 87' lang='lat' dir='ltr'><strong>nuntiabat</strong></span> <span class='ocrx_word' id='word_1_767' title='bbox 2782 4574 2987 4628; x_wconf 90' lang='lat' dir='ltr'><strong>ideirco</strong></span> <span class='ocrx_word' id='word_1_768' title='bbox 3027 4577 3356 4640; x_wconf 86' lang='lat' dir='ltr'><strong>venientem.</strong></span> 
     </span>
    </p>
   </div>
   <div class='ocr_carea' id='block_1_105' title="bbox 1786 4662 3360 4738">
    <p class='ocr_par' dir='ltr' id='par_1_105' title="bbox 1786 4662 3360 4738">
     <span class='ocr_line' id='line_1_105' title="bbox 1786 4662 3360 4738; baseline 0.004 -20"><span class='ocrx_word' id='word_1_769' title='bbox 1786 4671 1845 4718; x_wconf 91' lang='lat' dir='ltr'><strong>ut</strong></span> <span class='ocrx_word' id='word_1_770' title='bbox 1886 4664 2053 4734; x_wconf 79' lang='lat' dir='ltr'><strong>leg€m</strong></span> <span class='ocrx_word' id='word_1_771' title='bbox 2084 4663 2352 4719; x_wconf 86' lang='lat' dir='ltr'><strong>libertatis</strong></span> <span class='ocrx_word' id='word_1_772' title='bbox 2388 4662 2618 4728; x_wconf 73' lang='lat' dir='ltr'><strong>aﬂerret,</strong></span> <span class='ocrx_word' id='word_1_773' title='bbox 2668 4665 2826 4735; x_wconf 90' lang='lat' dir='ltr'><strong>cujus</strong></span> <span class='ocrx_word' id='word_1_774' title='bbox 2866 4666 2954 4719; x_wconf 90' lang='lat' dir='ltr'><strong>illa</strong></span> <span class='ocrx_word' id='word_1_775' title='bbox 3000 4667 3223 4738; x_wconf 70' lang='lat' dir='ltr'><strong>figuram</strong></span> <span class='ocrx_word' id='word_1_776' title='bbox 3265 4686 3360 4724; x_wconf 77' lang='lat' dir='ltr'><strong>ex-</strong></span> 
     </span>
    </p>
   </div>
   <div class='ocr_carea' id='block_1_106' title="bbox 1790 4753 3359 4827">
    <p class='ocr_par' dir='ltr' id='par_1_106' title="bbox 1790 4753 3359 4827">
     <span class='ocr_line' id='line_1_106' title="bbox 1790 4753 3359 4827; baseline 0.001 -16"><span class='ocrx_word' id='word_1_777' title='bbox 1790 4755 2011 4827; x_wconf 87' lang='lat' dir='ltr'><strong>pressit.</strong></span> <span class='ocrx_word' id='word_1_778' title='bbox 2064 4753 2388 4825; x_wconf 84' lang='lat' dir='ltr'><strong>Quieunque</strong></span> <span class='ocrx_word' id='word_1_779' title='bbox 2432 4769 2560 4810; x_wconf 87' lang='lat' dir='ltr'><strong>vero</strong></span> <span class='ocrx_word' id='word_1_780' title='bbox 2604 4755 2781 4810; x_wconf 88' lang='lat' dir='ltr'><strong>adhuc</strong></span> <span class='ocrx_word' id='word_1_781' title='bbox 2819 4756 2873 4809; x_wconf 90' lang='lat' dir='ltr'><strong>in</strong></span> <span class='ocrx_word' id='word_1_782' title='bbox 2915 4756 3031 4810; x_wconf 73' lang='lat' dir='ltr'><strong>illa~</strong></span> <span class='ocrx_word' id='word_1_783' title='bbox 3050 4759 3359 4827; x_wconf 85' lang='lat' dir='ltr'><strong>signantur.</strong></span> 
     </span>
    </p>
   </div>
   <div class='ocr_carea' id='block_1_107' title="bbox 1790 4846 3361 4916">
    <p class='ocr_par' dir='ltr' id='par_1_107' title="bbox 1790 4846 3361 4916">
     <span class='ocr_line' id='line_1_107' title="bbox 1790 4846 3361 4916; baseline 0.002 -15"><span class='ocrx_word' id='word_1_784' title='bbox 1790 4846 2005 4901; x_wconf 86' lang='lat' dir='ltr'><strong>tametsi</strong></span> <span class='ocrx_word' id='word_1_785' title='bbox 2060 4846 2233 4916; x_wconf 82' lang='lat' dir='ltr'><strong>legem</strong></span> <span class='ocrx_word' id='word_1_786' title='bbox 2277 4860 2491 4901; x_wconf 90' lang='lat' dir='ltr'><strong>omnem</strong></span> <span class='ocrx_word' id='word_1_787' title='bbox 2545 4848 2857 4910; x_wconf 85' lang='lat' dir='ltr'><strong>observent,</strong></span> <span class='ocrx_word' id='word_1_788' title='bbox 2910 4863 3018 4902; x_wconf 91' lang='lat' dir='ltr'><strong>non</strong></span> <span class='ocrx_word' id='word_1_789' title='bbox 3062 4858 3242 4903; x_wconf 89' lang='lat' dir='ltr'><strong>tamen</strong></span> <span class='ocrx_word' id='word_1_790' title='bbox 3294 4852 3361 4904; x_wconf 83' lang='lat' dir='ltr'><strong>iis</strong></span> 
     </span>
    </p>
   </div>
   <div class='ocr_carea' id='block_1_108' title="bbox 1790 4935 3363 5005">
    <p class='ocr_par' dir='ltr' id='par_1_108' title="bbox 1790 4935 3363 5005">
     <span class='ocr_line' id='line_1_108' title="bbox 1790 4935 3363 5005; baseline -0.002 -13"><span class='ocrx_word' id='word_1_791' title='bbox 1790 4935 2099 4993; x_wconf 84' lang='lat' dir='ltr'><strong>observatio</strong></span> <span class='ocrx_word' id='word_1_792' title='bbox 2126 4937 2229 4991; x_wconf 86' lang='lat' dir='ltr'><strong>ista</strong></span> <span class='ocrx_word' id='word_1_793' title='bbox 2258 4935 2393 5005; x_wconf 72' lang='lat' dir='ltr'><strong>legis</strong></span> <span class='ocrx_word' id='word_1_794' title='bbox 2430 4936 2804 5004; x_wconf 86' lang='lat' dir='ltr'><strong>imputabitur.</strong></span> <span class='ocrx_word' id='word_1_795' title='bbox 2837 4936 2972 4989; x_wconf 83' lang='lat' dir='ltr'><strong>Cum</strong></span> <span class='ocrx_word' id='word_1_796' title='bbox 3003 4938 3147 4991; x_wconf 89' lang='lat' dir='ltr'><strong>enim</strong></span> <span class='ocrx_word' id='word_1_797' title='bbox 3178 4937 3261 4990; x_wconf 82' lang='lat' dir='ltr'><strong>lex</strong></span> <span class='ocrx_word' id='word_1_798' title='bbox 3295 4939 3363 4991; x_wconf 86' lang='lat' dir='ltr'><strong>de</strong></span> 
     </span>
    </p>
   </div>
   <div class='ocr_carea' id='block_1_109' title="bbox 1789 5025 3362 5096">
    <p class='ocr_par' dir='ltr' id='par_1_109' title="bbox 1789 5025 3362 5096">
     <span class='ocr_line' id='line_1_109' title="bbox 1789 5025 3362 5096; baseline -0.002 -14"><span class='ocrx_word' id='word_1_799' title='bbox 1789 5029 2010 5083; x_wconf 83' lang='lat' dir='ltr'><strong>Christo</strong></span> <span class='ocrx_word' id='word_1_800' title='bbox 2042 5025 2350 5096; x_wconf 56' lang='lat' dir='ltr'><strong>praedixerit</strong></span> <span class='ocrx_word' id='word_1_801' title='bbox 2383 5044 2394 5079; x_wconf 77' lang='grc' dir='ltr'><strong>ε</strong></span> <span class='ocrx_word' id='word_1_802' title='bbox 2430 5025 2747 5094; x_wconf 73' lang='lat' dir='ltr'><strong>Prop/ictam</strong></span> <span class='ocrx_word' id='word_1_803' title='bbox 2773 5027 3048 5080; x_wconf 86' lang='lat' dir='ltr'><strong>suscitabit</strong></span> <span class='ocrx_word' id='word_1_804' title='bbox 3077 5027 3219 5082; x_wconf 83' lang='lat' dir='ltr'><strong>vobis</strong></span> <span class='ocrx_word' id='word_1_805' title='bbox 3251 5027 3362 5080; x_wconf 83' lang='lat' dir='ltr'><strong>Do-</strong></span> 
     </span>
    </p>
   </div>
   <div class='ocr_carea' id='block_1_110' title="bbox 1793 5116 3364 5187">
    <p class='ocr_par' dir='ltr' id='par_1_110' title="bbox 1793 5116 3364 5187">
     <span class='ocr_line' id='line_1_110' title="bbox 1793 5116 3364 5187; baseline -0.001 -14"><span class='ocrx_word' id='word_1_806' title='bbox 1793 5120 1967 5174; x_wconf 81' lang='lat' dir='ltr'><strong>minus</strong></span> <span class='ocrx_word' id='word_1_807' title='bbox 1997 5119 2138 5173; x_wconf 87' lang='lat' dir='ltr'><strong>Deus</strong></span> <span class='ocrx_word' id='word_1_808' title='bbox 2171 5135 2199 5172; x_wconf 89' lang='lat' dir='ltr'><strong>e</strong></span> <span class='ocrx_word' id='word_1_809' title='bbox 2230 5117 2487 5187; x_wconf 81' lang='lat' dir='ltr'><strong>fratribus</strong></span> <span class='ocrx_word' id='word_1_810' title='bbox 2520 5118 2645 5170; x_wconf 80' lang='lat' dir='ltr'><strong>meis</strong></span> <span class='ocrx_word' id='word_1_811' title='bbox 2673 5116 2810 5169; x_wconf 86' lang='lat' dir='ltr'><strong>sicut</strong></span> <span class='ocrx_word' id='word_1_812' title='bbox 2841 5133 2951 5179; x_wconf 87' lang='lat' dir='ltr'><strong>me;</strong></span> <span class='ocrx_word' id='word_1_813' title='bbox 2984 5119 3153 5186; x_wconf 85' lang='lat' dir='ltr'><strong>ipsum</strong></span> <span class='ocrx_word' id='word_1_814' title='bbox 3181 5118 3364 5172; x_wconf 85' lang='lat' dir='ltr'><strong>audie-</strong></span> 
     </span>
    </p>
   </div>
   <div class='ocr_carea' id='block_1_111' title="bbox 1794 5203 3362 5279">
    <p class='ocr_par' dir='ltr' id='par_1_111' title="bbox 1794 5203 3362 5279">
     <span class='ocr_line' id='line_1_111' title="bbox 1794 5203 3362 5279; baseline -0.001 -16"><span class='ocrx_word' id='word_1_815' title='bbox 1794 5211 1861 5264; x_wconf 86' lang='lat' dir='ltr'><strong>tis</strong></span> <span class='ocrx_word' id='word_1_816' title='bbox 1894 5210 1914 5240; x_wconf 80' lang='grc'>⁸</span> <span class='ocrx_word' id='word_1_817' title='bbox 1948 5228 1959 5264; x_wconf 93' lang='lat'><strong>:</strong></span> <span class='ocrx_word' id='word_1_818' title='bbox 1993 5209 2086 5279; x_wconf 89' lang='lat' dir='ltr'><strong>qui</strong></span> <span class='ocrx_word' id='word_1_819' title='bbox 2123 5224 2187 5264; x_wconf 82' lang='lat' dir='ltr'><strong>ex</strong></span> <span class='ocrx_word' id='word_1_820' title='bbox 2228 5208 2336 5261; x_wconf 88' lang='lat' dir='ltr'><strong>illis</strong></span> <span class='ocrx_word' id='word_1_821' title='bbox 2365 5205 2641 5260; x_wconf 88' lang='lat' dir='ltr'><strong>Christum</strong></span> <span class='ocrx_word' id='word_1_822' title='bbox 2683 5221 2792 5259; x_wconf 92' lang='lat' dir='ltr'><strong>non</strong></span> <span class='ocrx_word' id='word_1_823' title='bbox 2837 5203 3127 5271; x_wconf 82' lang='lat' dir='ltr'><strong>audierint,</strong></span> <span class='ocrx_word' id='word_1_824' title='bbox 3164 5206 3362 5261; x_wconf 89' lang='lat' dir='ltr'><strong>horum</strong></span> 
     </span>
    </p>
   </div>
   <div class='ocr_carea' id='block_1_112' title="bbox 1792 5299 3364 5371">
    <p class='ocr_par' dir='ltr' id='par_1_112' title="bbox 1792 5299 3364 5371">
     <span class='ocr_line' id='line_1_112' title="bbox 1792 5299 3364 5371; baseline -0.001 -14"><span class='ocrx_word' id='word_1_825' title='bbox 1792 5302 2140 5357; x_wconf 88' lang='lat' dir='ltr'><strong>circumcisio</strong></span> <span class='ocrx_word' id='word_1_826' title='bbox 2178 5299 2425 5371; x_wconf 66' lang='lat' dir='ltr'><strong>praeputii</strong></span> <span class='ocrx_word' id='word_1_827' title='bbox 2464 5299 2636 5353; x_wconf 90' lang='lat' dir='ltr'><strong>instar</strong></span> <span class='ocrx_word' id='word_1_828' title='bbox 2666 5299 2987 5363; x_wconf 69' lang='lat' dir='ltr'><strong>aastimatur,</strong></span> <span class='ocrx_word' id='word_1_829' title='bbox 3027 5302 3254 5371; x_wconf 87' lang='lat' dir='ltr'><strong>ipsaque</strong></span> <span class='ocrx_word' id='word_1_830' title='bbox 3288 5302 3364 5355; x_wconf 83' lang='lat' dir='ltr'><strong>le-</strong></span> 
     </span>
    </p>
   </div>
   <div class='ocr_carea' id='block_1_113' title="bbox 1796 5392 3365 5466">
    <p class='ocr_par' dir='ltr' id='par_1_113' title="bbox 1796 5392 3365 5466">
     <span class='ocr_line' id='line_1_113' title="bbox 1796 5392 3365 5466; baseline -0.001 -17"><span class='ocrx_word' id='word_1_831' title='bbox 1796 5396 1879 5466; x_wconf 87' lang='lat' dir='ltr'><strong>gis</strong></span> <span class='ocrx_word' id='word_1_832' title='bbox 1921 5396 2249 5459; x_wconf 87' lang='lat' dir='ltr'><strong>observatio,</strong></span> <span class='ocrx_word' id='word_1_833' title='bbox 2298 5392 2605 5448; x_wconf 87' lang='lat' dir='ltr'><strong>observatio</strong></span> <span class='ocrx_word' id='word_1_834' title='bbox 2646 5408 2769 5448; x_wconf 89' lang='lat' dir='ltr'><strong>esse</strong></span> <span class='ocrx_word' id='word_1_835' title='bbox 2809 5393 3028 5448; x_wconf 91' lang='lat' dir='ltr'><strong>desinit.</strong></span> <span class='ocrx_word' id='word_1_836' title='bbox 3068 5392 3161 5448; x_wconf 87' lang='lat' dir='ltr'><strong>Est</strong></span> <span class='ocrx_word' id='word_1_837' title='bbox 3201 5394 3365 5464; x_wconf 84' lang='lat' dir='ltr'><strong>igitur</strong></span> 
     </span>
    </p>
   </div>
   <div class='ocr_carea' id='block_1_114' title="bbox 1799 5486 3364 5558">
    <p class='ocr_par' dir='ltr' id='par_1_114' title="bbox 1799 5486 3364 5558">
     <span class='ocr_line' id='line_1_114' title="bbox 1799 5486 3364 5558; baseline -0.003 -14"><span class='ocrx_word' id='word_1_838' title='bbox 1799 5489 1940 5544; x_wconf 87' lang='lat' dir='ltr'><strong>bona</strong></span> <span class='ocrx_word' id='word_1_839' title='bbox 1962 5487 2181 5558; x_wconf 89' lang='lat' dir='ltr'><strong>quidem</strong></span> <span class='ocrx_word' id='word_1_840' title='bbox 2232 5488 2318 5542; x_wconf 80' lang='lat' dir='ltr'><strong>lex</strong></span> <span class='ocrx_word' id='word_1_841' title='bbox 2339 5525 2355 5553; x_wconf 90' lang='lat'><strong>,</strong></span> <span class='ocrx_word' id='word_1_842' title='bbox 2387 5486 2636 5557; x_wconf 86' lang='lat' dir='ltr'><strong>bonaque</strong></span> <span class='ocrx_word' id='word_1_843' title='bbox 2679 5486 3026 5542; x_wconf 89' lang='lat' dir='ltr'><strong>circumcisio</strong></span> <span class='ocrx_word' id='word_1_844' title='bbox 3060 5505 3073 5541; x_wconf 90' lang='lat'><strong>:</strong></span> <span class='ocrx_word' id='word_1_845' title='bbox 3108 5502 3204 5556; x_wconf 87' lang='lat' dir='ltr'><strong>per</strong></span> <span class='ocrx_word' id='word_1_846' title='bbox 3229 5502 3364 5556; x_wconf 88' lang='lat' dir='ltr'><strong>quas</strong></span> 
     </span>
    </p>
   </div>
   <div class='ocr_carea' id='block_1_115' title="bbox 192 5620 1666 5714">
    <p class='ocr_par' dir='ltr' id='par_1_115' title="bbox 192 5644 1666 5714">
     <span class='ocr_line' id='line_1_115' title="bbox 192 5644 1666 5714; baseline -0.004 -11"><span class='ocrx_word' id='word_1_847' title='bbox 192 5648 249 5703; x_wconf 77' lang='grc'><strong>⁸1</strong></span> <span class='ocrx_word' id='word_1_848' title='bbox 278 5650 411 5707; x_wconf 90' lang='lat' dir='ltr'><strong>Cor.</strong></span> <span class='ocrx_word' id='word_1_849' title='bbox 450 5663 539 5714; x_wconf 77' lang='lat' dir='ltr'><strong>xv,</strong></span> <span class='ocrx_word' id='word_1_850' title='bbox 570 5648 657 5703; x_wconf 81' lang='lat'><strong>50.</strong></span> <span class='ocrx_word' id='word_1_851' title='bbox 734 5649 755 5679; x_wconf 78' lang='lat'>&#39;</span> <span class='ocrx_word' id='word_1_852' title='bbox 788 5644 945 5700; x_wconf 80' lang='lat' dir='ltr'><strong>Rom.</strong></span> <span class='ocrx_word' id='word_1_853' title='bbox 976 5662 1092 5712; x_wconf 73' lang='lat' dir='ltr'><strong>vui,</strong></span> <span class='ocrx_word' id='word_1_854' title='bbox 1128 5646 1213 5702; x_wconf 77' lang='lat'><strong>33.</strong></span> <span class='ocrx_word' id='word_1_855' title='bbox 1292 5646 1311 5678; x_wconf 81' lang='grc'>³</span> <span class='ocrx_word' id='word_1_856' title='bbox 1350 5645 1526 5700; x_wconf 86' lang='lat' dir='ltr'><strong>Galat.</strong></span> <span class='ocrx_word' id='word_1_857' title='bbox 1558 5663 1589 5701; x_wconf 89' lang='lat' dir='ltr'><strong>v</strong></span> <span class='ocrx_word' id='word_1_858' title='bbox 1650 5644 1666 5697; x_wconf 76' lang='grc' dir='ltr'>Ε</span> 
     </span>
    </p>
   </div>
   <div class='ocr_carea' id='block_1_116' title="bbox 1853 5620 3361 5714">
    <p class='ocr_par' dir='ltr' id='par_1_116' title="bbox 1861 5639 3361 5710">
     <span class='ocr_line' id='line_1_116' title="bbox 1861 5639 3361 5710; baseline -0.003 -13"><span class='ocrx_word' id='word_1_859' title='bbox 1861 5643 1903 5698; x_wconf 85' lang='grc' dir='ltr'><strong>ιι</strong></span> <span class='ocrx_word' id='word_1_860' title='bbox 1938 5642 2061 5699; x_wconf 92' lang='lat' dir='ltr'><strong>Cor.</strong></span> <span class='ocrx_word' id='word_1_861' title='bbox 2096 5658 2135 5708; x_wconf 89' lang='lat' dir='ltr'><strong>I,</strong></span> <span class='ocrx_word' id='word_1_862' title='bbox 2167 5644 2218 5699; x_wconf 88' lang='lat'><strong>7.</strong></span> <span class='ocrx_word' id='word_1_863' title='bbox 2307 5642 2327 5674; x_wconf 85' lang='grc'><em>³</em></span> <span class='ocrx_word' id='word_1_864' title='bbox 2352 5641 2528 5698; x_wconf 88' lang='lat' dir='ltr'><strong>Galat.</strong></span> <span class='ocrx_word' id='word_1_865' title='bbox 2562 5656 2635 5710; x_wconf 70' lang='grc' dir='ltr'>γι,</span> <span class='ocrx_word' id='word_1_866' title='bbox 2662 5640 2749 5695; x_wconf 82' lang='grc'><strong>15.</strong></span> <span class='ocrx_word' id='word_1_867' title='bbox 2827 5641 2847 5673; x_wconf 79' lang='grc'><strong><em>⁸</em></strong></span> <span class='ocrx_word' id='word_1_868' title='bbox 2878 5640 3033 5695; x_wconf 87' lang='lat' dir='ltr'><strong>Deut.</strong></span> <span class='ocrx_word' id='word_1_869' title='bbox 3076 5656 3231 5704; x_wconf 76' lang='lat' dir='ltr'><strong>xvm,</strong></span> <span class='ocrx_word' id='word_1_870' title='bbox 3274 5639 3361 5695; x_wconf 75' lang='grc'><strong>15.</strong></span> 
     </span>
    </p>
   </div>
   <div class='ocr_carea' id='block_1_117' title="bbox 449 5740 1068 5803">
    <p class='ocr_par' dir='ltr' id='par_1_117' title="bbox 449 5740 1068 5803">
     <span class='ocr_line' id='line_1_117' title="bbox 449 5740 1068 5803; baseline -0.002 -1"><span class='ocrx_word' id='word_1_871' title='bbox 449 5743 719 5803; x_wconf 74' lang='grc' dir='ltr'>ΡΑτιιοι..</span> <span class='ocrx_word' id='word_1_872' title='bbox 753 5742 868 5803; x_wconf 77' lang='lat' dir='ltr'><strong>Gn.</strong></span> <span class='ocrx_word' id='word_1_873' title='bbox 904 5740 1068 5802; x_wconf 78' lang='lat' dir='ltr'><strong>XLI.</strong></span> 
     </span>
    </p>
   </div>
   <div class='ocr_carea' id='block_1_118' title="bbox 2975 5735 3054 5794">
    <p class='ocr_par' dir='ltr' id='par_1_118' title="bbox 2975 5735 3054 5794">
     <span class='ocr_line' id='line_1_118' title="bbox 2975 5735 3054 5794; baseline 0.025 -2"><span class='ocrx_word' id='word_1_874' title='bbox 2975 5735 3054 5794; x_wconf 74' lang='grc'><strong>23</strong></span> 
     </span>
    </p>
   </div>
  </div>
