3768 6182
439 261 546 317 τ⁷9
1841 269 1896 326 s.
1936 270 2017 325 nr

2162 273 2280 327 lMl
3631 286 3704 339 730

432 374 710 433 Christum
731 377 1051 450 Christique
1075 380 1460 450 perfectiorem
1483 385 1680 459 legem,
1708 400 1770 443 ac
1795 387 2017 443 cireum-

2162 392 2375 458 ηἰλαξις.
2420 393 2600 459 Καλὸς
2643 395 2819 450 τοίνυν
2852 399 2880 449 ό
2925 396 3105 468 νόμος,
3148 398 3248 452 καὶ
3298 398 3456 469 καλὴ
3503 399 3541 469 ἡ
3583 415 3701 471 περι-

431 471 693 528 cisionem
726 475 1107 545 cognovimus.

437 757 518 812 E3
549 757 790 828 Epistola
827 759 896 814 ad
932 759 1254 826 Corinthios,
1293 778 1450 832 quam
1475 762 1564 816 isti
1588 761 1801 830 perinde
1836 745 1896 816 ac
1926 779 2019 819 nos

864 832 1092 886 secundo
1132 833 1244 887 loco
1277 843 1580 888 numerant.

502 943 694 1001 Schol.
738 946 764 1000 1
819 953 872 1000 et
903 945 954 1000 9.
1001 945 1268 1016 Scriptum
1309 956 1388 1001 est
1425 947 1565 1002 enim
1597 964 1614 1001 :
1653 945 1886 1001 Perdant
1926 965 2019 1002 sa~

431 1037 684 1101 pientiam
711 1037 1028 1106 sapientum,
1075 1047 1124 1092 et
1169 1037 1510 1107 prudentiam
1555 1037 1896 1108 prudentium
1949 1056 2024 1092 re-

430 1128 658 1194 probabo
700 1128 739 1181 ¹.

500 1219 683 1275 Refut.
719 1222 741 1275 l
776 1229 829 1276 et
859 1221 911 1276 9.
946 1220 1397 1294 Quandoquidem
1441 1241 1504 1281 ex
1555 1227 1622 1282 iis
1664 1243 1784 1298 quae
1827 1244 1855 1282 a
1897 1243 2022 1299 pro-

438 1314 617 1382 phetis
645 1313 847 1383 scripta
880 1323 1009 1370 sunt
1041 1317 1340 1386 Apostolus
1371 1318 1440 1372 ad
1475 1318 1723 1375 veritatis
1761 1321 2018 1375 sincera:-

428 1420 535 1473 que
551 1403 814 1460 doctrina:
845 1404 1147 1461 faciendam
1175 1406 1356 1472 (idem,
1383 1412 1738 1468 auctoritates
1764 1407 2017 1479 arcessit,

428 1513 775 1568 nequaquam
812 1514 840 1552 a
875 1501 1126 1564 veritate,
1168 1515 1268 1554 nec
1308 1516 1338 1554 a
1375 1503 1542 1569 bono,
1584 1504 1834 1576 bonaque
1871 1505 2017 1562 illius

428 1592 724 1663 disciplina
754 1594 1035 1664 propheta:
1071 1597 1391 1666 segregandi
1428 1605 1578 1652 sunt.

499 1683 687 1739 Schol.
727 1684 762 1738 2
792 1692 847 1739 et
888 1685 974 1740 10.
1003 1684 1092 1751 L't,
1120 1687 1559 1756 quemadmodum
1598 1689 1853 1758 scriptum
1892 1702 1968 1744 est
2000 1707 2016 1743 :

430 1777 536 1844 Qui
554 1778 837 1848 gloriatur,
865 1779 918 1832 in
942 1777 1164 1833 Domino
1192 1780 1448 1850 glorietur
1475 1783 1518 1835 '.

499 1869 683 1924 Refut.
713 1869 748 1923 9.
771 1880 823 1926 et
857 1870 942 1924 10.
979 1870 1116 1926 Cum
1152 1873 1198 1926 is
1244 1873 1335 1942 qui
1381 1874 1646 1943 gloriatur
1687 1871 1742 1931 in
1786 1873 2016 1929 Domino

427 1963 569 2033 apud
603 1963 899 2035 prophetas
941 1964 1104 2020 laude
1155 1963 1353 2035 dignus
1395 1965 1681 2032 habeatur,
1726 1967 2014 2020 Dominum

426 2071 594 2128 porro
629 2054 914 2126 Scriptura
957 2073 1080 2112 eum
1122 2057 1410 2130 intelligat,
1443 2059 1534 2129 qui
1572 2060 1706 2132 legis
1746 2061 1817 2115 sit
1846 2059 2013 2123 Deus,

426 2165 591 2220 quem
622 2157 703 2214 tu,
735 2149 964 2212 Marcio,
993 2149 1235 2220 judicem
1267 2160 1320 2206 et
1353 2161 1678 2216 creatorem,
1712 2168 1774 2207 ac
1803 2153 2014 2224 justum

426 2242 713 2307 nominas;
760 2258 869 2296 non
909 2250 1089 2312 potest
1133 2243 1221 2298 hic
1257 2245 1398 2299 alius
1445 2260 1567 2300 esse
1606 2261 1770 2315 quam
1811 2245 2015 2300 Christi

426 2333 611 2397 Pater,
644 2334 804 2404 cujus
837 2334 1144 2405 discipulus
1179 2344 1263 2390 est
1297 2335 1529 2402 Paulus;
1572 2337 2015 2408 quandoquidem

424 2441 457 2482 e
497 2425 776 2496 prephette
813 2423 1066 2479 doctrina
1107 2425 1354 2496 gentium
1395 2425 1681 2482 institutus
1723 2444 1752 2480 a
1793 2428 2017 2482 Christo

426 2517 690 2588 magister
722 2516 944 2581 Paulus,
971 2533 1040 2572 ex
1069 2517 1284 2583 iisdem,
1323 2518 1567 2588 inquam,
1601 2520 1866 2576 doctrinae
1897 2519 2016 2574 fon-

426 2609 575 2665 tibus
610 2610 759 2664 velut
797 2609 1162 2665 clarissimam
1201 2625 1398 2682 aquam
1437 2612 1720 2678 hauriens,
1756 2615 2016 2671 commis-

426 2717 543 2759 sam
575 2702 682 2758 sibi
715 2701 997 2774 perl‘nndit
1022 2703 1344 2759 Ecclesiam.

498 2795 685 2850 Schol.
708 2796 743 2851 '5
774 2806 827 2852 et
853 2795 941 2850 ll.
1000 2795 1309 2870 Principum
1333 2800 1491 2870 hujus
1521 2799 1724 2868 saeculi,
1765 2804 1856 2873 qui
1893 2820 2015 2857 etta-

425 2899 654 2943 cuantur
675 2888 716 2942 ³.

494 2979 660 3052 354
678 2979 862 3037 Refut.
889 2982 922 3037 5
941 2990 992 3038 et
1012 2985 1098 3040 ll.
1121 2983 1178 3040 Si
1199 2985 1363 3056 hujus
1383 2987 1566 3044 saeculi
1587 2988 1861 3058 principes
1885 2997 2014 3045 sunt

2123 486 2284 558 τομὴν
2321 488 2416 557 ἀφ’
2447 481 2506 542 οὗ
2554 488 2650 542 κα’ι
2685 491 2774 558 ἀφ’
2816 485 2884 562 ἧς
2915 489 3159 562 ἔγνωμεν
3194 492 3469 563 Χριστὸν,
3507 493 3600 546 καὶ
3637 495 3700 545 τὶν.

2124 580 2501 653 ἐντελέστερον
2566 581 2733 635 αὐτοῦ
2781 583 2973 653 νόμον,
3034 583 3130 636 καὶ
3173 584 3276 656 τὴν
3335 583 3700 654 ἐντελεστέραν

2123 673 2289 726 αὑτοῦ
2319 677 2644 746 περιτομήν.

2137 787 2279 842 Ἀπὸ
2309 787 2420 855 τῆς
2446 787 2594 856 πρὸς
2624 790 2974 856 Κορινθίους
2992 787 3368 856 Ἐπιστολῆς
3388 804 3402 818 ·
3437 803 3598 857 αυτη
3619 791 3698 856 pri;

2211 877 2218 881 ’
2334 861 2472 926 παρ’
2502 859 2711 925 αὐτοῖς
2740 857 2987 928 δευτέρα
3031 859 3130 912 καὶ
3159 861 3297 927 παρ’
3336 859 3516 928 ἡμῖν.

2192 974 2239 1020 α’
2279 968 2372 1020 καὶ
2401 966 2446 1019 θ’
2480 967 2626 1039 σχόλ.
2670 966 3007 1038 Γέγραπται
3035 968 3163 1038 γάρ·
3208 967 3455 1023 Ἀπολῶ
3497 969 3692 1036 τὴνσίι

2123 1063 2272 1128 μίαν
2304 1060 2422 1114 τῶν
2460 1061 2692 1130 σοφῶν,
2734 1061 2832 1115 καὶ
2867 1061 2983 1130 τὴν
3019 1063 3283 1117 σύνεσιν
3299 1061 3429 1115 τῶν
3455 1064 3690 1117 avrem:

2123 1153 2422 1221 ἀθετήσω.

2193 1253 2241 1298 a'
2277 1247 2369 1298 καὶ
2398 1245 2462 1300 θ’.
2491 1245 2673 1316 ἕλεγχ.
2703 1246 2767 1299 Εἰ
2796 1246 2906 1299 ἀπὸ
2939 1245 3047 1299 τῶν
3069 1247 3494 1319 γεγραμμένων
3523 1249 3579 1301 ἐν
3616 1253 3692 1309 τιεί.

2124 1339 2434 1409 προφήταις
2476 1338 2803 1407 ἁναλέγεται
2833 1341 2863 1392 ὁ
2915 1339 3238 1404 Ἀπόστολος
3284 1343 3613 1412 μαρτυρίας
3643 1345 3694 1396 εἰ.

2121 1416 2466 1503 παράστασιν
2500 1431 2760 1503 ἀληθείας
2801 1435 2896 1488 καὶ
2943 1434 3154 1506 ἀγαθῆς
3206 1435 3600 1502 διδασκαλίας,
3625 1439 3693 1490 οἱ)

2121 1524 2390 1595 ἀλλότριοι
2421 1526 2470 1576 οἱ
2498 1526 2773 1596 προφῆται
2803 1527 2901 1596 τῆς
2931 1526 3213 1597 ἀληθείας,
3241 1531 3344 1582 καὶ
3373 1528 3474 1582 τοῦ
3500 1529 3696 1596 ἀγαὴᾷ

2122 1618 2217 1670 καὶ
2251 1619 2349 1688 τῆς
2375 1619 2584 1690 ἀγαθῆς
2623 1618 2790 1672 αὑτοῦ
2818 1621 3184 1684 διδασκαλίας.

2052 1746 2092 1800 Β
2195 1709 2238 1780 β’
2273 1710 2365 1764 καλ¹
2406 1717 2435 1762 ι’
2466 1712 2614 1782 σχὸλ.
2668 1713 2781 1766 Καὶ
2828 1715 2963 1778 ἵνα,
3000 1714 3200 1781 καθὼς
3241 1715 3607 1784 γέπκιπται,
3654 1716 3699 1765 '0

2122 1801 2528 1870 καυχώμενος,
2562 1804 2633 1856 ἐν
2661 1805 2856 1872 Κυρίῳ
2883 1806 3229 1876 καυχάσθω.

2189 1896 2233 1966 β’
2268 1897 2362 1950 καὶ
2395 1905 2424 1950 ι’
2452 1899 2629 1969 ἕλεγχ.
2650 1900 2712 1952 Εἰ
2739 1899 3020 1962 ἐπαινετὸς
3038 1899 3276 1972 ὑπάρχει
3300 1902 3335 1954 ὁ
3362 1899 3697 1970 καυχώμενος

2118 1990 2175 2040 ἐν
2205 1990 2396 2060 Κυρίῳ
2425 1991 2577 2061 παρά
2612 1993 2728 2053 τοῖς
2759 1991 3086 2062 προφήταις.
3124 1991 3340 2062 Κύριον
3388 1991 3453 2045 δὲ
3485 1986 3593 2044 οἶδε
3629 1991 3696 2041 τὸι

2118 2081 2249 2134 Θεὸν
2275 2081 2370 2135 τοῦ
2409 2083 2573 2152 νόμου
2613 2081 2708 2136 τὸν
2740 2082 2892 2154 ποιρά
2925 2082 3030 2147 σοὶ,
3055 2077 3100 2136 ὧ
3129 2083 3439 2154 Μαρκίων,
3475 2083 3573 2135 καὶ
3603 2100 3698 2151 κρε-

2116 2174 2236 2245 τὴν,
2273 2174 2370 2228 καὶ
2415 2175 2769 2248 δημιουργὸν,
2811 2179 2906 2232 καὶ
2952 2178 3160 2232 δίκαιον
3208 2175 3587 2246 καλούμενον,
3623 2177 3699 2227 οὐκ

2117 2269 2275 2333 ἄλλος
2299 2271 2447 2324 ἐστὶν
2476 2263 2632 2335 οὗτος
2667 2273 2817 2344 παρὰ
2848 2273 2940 2326 τὸν
2978 2271 3072 2326 τοῦ
3110 2269 3361 2342 Χριστοῦ
3389 2269 3636 2339 Πατέρα,
3655 2261 3698 2317 οἱ

2121 2363 2368 2434 μαθητὴς
2407 2365 2644 2436 ὑπάρχει
2691 2365 2936 2430 Παῦλος·
2983 2364 3288 2436 ἐπειδήπερ
3333 2363 3455 2417 ἀπὸ
3499 2362 3597 2431 τῆς
3623 2359 3697 2412 τιῦ

2116 2457 2401 2525 προφήτου
2425 2454 2775 2519 διδασκαλίας
2801 2456 2830 2508 ό
2853 2455 3173 2518 διδάσκαλος
3205 2451 3590 2514 aratas-mae};
3613 2450 3697 2501 et?»

2118 2545 2288 2599 ἐθνῶν
2322 2546 2428 2600 ὑπὸ
2455 2547 2692 2617 Χριστοῦ
2720 2546 2950 2611 Παῦλος,
2975 2546 3084 2600 ἀπὸ
3109 2546 3220 2598 τῶν
3240 2543 3462 2614 ὁμοίων
3491 2541 3584 2594 καὶ
3611 2540 3698 2591 τῶν

2116 2637 2296 2690 αὐτῶν
2330 2637 2688 2693 διδασκαλιῶν
2729 2637 3075 2709 ἀνιμώμενος
3112 2636 3190 2700 ὼς
3234 2633 3496 2706 καθαρὸν
3543 2631 3693 2701 ὕδωρ.

2117 2731 2333 2800 ἀρδεύει
2371 2733 2436 2804 ἣν
2465 2731 2826 2785 πεπίστευται
2859 2729 3208 2800 Ἐκκλησίαν.

2186 2825 2237 2893 γ’
2263 2826 2358 2880 καὶ
2394 2832 2462 2878 ια’
2487 2825 2634 2897 σχόλ.
2682 2825 2805 2880 Τῶν
2833 2825 3145 2894 ἀρχόντων
3182 2822 3295 2876 τοῦ
3330 2821 3557 2888 αἰῶνος
3583 2822 3684 2874 reis

2117 2935 2224 2972 του
2253 2915 2375 2970 τῶν
2399 2919 2918 2988 καταργουμένων.

2186 3013 2234 3075 γ’
2267 3007 2362 3062 καὶ
2406 3011 2480 3061 ια’
2505 3007 2683 3078 ἐλεγχ.
2718 3009 2779 3060 El
2809 3008 3070 3078 ἄρχοντες
3119 3005 3220 3060 τοῦ
3270 3005 3482 3069 αἰῶνος
3525 3003 3689 3058 τούτου

427 3073 616 3134 multi,
649 3073 742 3145 qui
771 3073 991 3144 quidem
1021 3087 1392 3144 evacuantur,
1429 3094 1536 3133 non
1569 3080 1736 3134 trium
1774 3081 2007 3150 amplius

2162 3101 2319 3163 ολλοὶ,
2350 3101 2754 3173 καταργοῦνται
2800 3101 2856 3155 δὲ
2898 3103 2947 3154 οἱ
2981 3100 3248 3164 τοιοῦτοι,
3281 3100 3688 3171 divam-seta

425 3163 848 3235 principiorum,
876 3163 1113 3233 Marcio,
1160 3165 1360 3237 stirpes
1407 3183 1472 3222 ac
1508 3168 1720 3224 radices
1752 3168 2010 3240 indagare

425 3257 669 3328 cogeris;
730 3257 825 3312 sed
885 3257 1049 3312 aliam
1107 3259 1452 3315 comminisci
1515 3259 1786 3330 fabulam,
1847 3268 2012 3332 atque

425 3349 495 3404 ad
529 3348 826 3403 multorum
863 3349 1278 3421 principiorum,
1311 3359 1366 3407 et
1393 3354 1664 3421 radicum,
1693 3366 1746 3411 et
1772 3357 2012 3428 ingentis

426 3439 661 3509 alicujus
717 3440 998 3511 tragtndiae
1068 3443 1478 3513 inquisitionem
1552 3453 1607 3502 te
1663 3460 2006 3506 convertere.

425 3531 674 3602 Cumque
708 3533 896 3588 nescio
931 3532 1062 3604 quid
1100 3534 1436 3592 calumniose
1483 3540 1789 3608 struxeris;
1832 3555 2012 3611 neque

426 3623 574 3679 enim
619 3623 868 3681 invenire
911 3626 1120 3696 poteris
1173 3627 1632 3698 quemadmodum
1684 3633 1851 3688 verba
1894 3633 2008 3700 illa,

424 3716 516 3783 qui
547 3727 904 3783 evacuantur,
933 3719 1337 3784 accommodes,
1367 3736 1433 3776 ex
1455 3722 1557 3777 hoc
1580 3725 1698 3794 ipso
1718 3727 2011 3780 evacuandi

423 3808 696 3864 vocabulo
725 3819 851 3865 ruat
876 3811 967 3865 illa
994 3826 1223 3868 necesse
1254 3820 1360 3878 est,
1391 3829 1554 3884 quam
1587 3816 1765 3887 lingis,
1799 3818 2007 3888 princi-

422 3901 638 3972 piorum
663 3901 817 3958 radix
844 3917 1038 3958 carens
1073 3903 1194 3974 ipso
1228 3905 1516 3978 principio.
1552 3906 1828 3979 Quidquid
1861 3910 2006 3965 enim

421 3993 625 4050 desinit
669 3994 986 4065 aliquando.
1033 3997 1428 4067 sempiternum
1468 4014 1592 4054 esse
1635 4014 1747 4055 non
1797 4009 2006 4070 potest;

420 4086 518 4143 sed
541 4087 585 4144 si
614 4087 943 4158 principium
971 4089 1190 4159 aliquod
1219 4090 1363 4146 unde
1386 4107 1510 4147 esse
1538 4093 1706 4164 cmpit
1730 4093 2006 4159 habuerit,

421 4180 584 4236 tinem
631 4179 857 4251 insuper
901 4181 1190 4236 obtinebit.
1241 4180 1385 4236 Fieri
1451 4183 1654 4254 quippe
1702 4186 1892 4256 nequit
1947 4193 2007 4242 nt

419 4271 566 4342 quod
595 4270 928 4342 principium
964 4272 1129 4329 habet
1166 4289 1402 4344 perenne
1439 4276 1508 4331 sit
1553 4291 1618 4331 ac
1658 4289 2001 4348 perpetuum.

417 4362 637 4432 Alioqui
662 4362 790 4433 quid
827 4362 961 4418 illud
989 4364 1091 4419 sibi
1121 4365 1280 4420 vellet
1300 4365 1446 4436 quod
1505 4367 1738 4424 dicitur:
1773 4371 1826 4424 id
1857 4371 2003 4441 quod

414 4462 502 4510 est
522 4455 644 4525 ejus
672 4470 796 4512 esse
825 4471 1070 4518 causam,
1098 4457 1246 4528 quod
1271 4459 1566 4528 aliquando
1598 4476 1708 4516 non
1741 4461 1928 4530 fuerit,
1950 4472 2004 4518 et
2035 4451 2082 4508 Ι)

414 4564 540 4604 esse
587 4547 806 4603 demum
863 4549 1126 4620 cmperit?
1181 4550 1421 4622 ldipsnm
1477 4567 1642 4623 porro
1699 4555 1844 4626 quod
1895 4564 2002 4622 est,

414 4639 578 4696 Pater
625 4648 709 4696 est
755 4648 810 4696 et
858 4641 1054 4709 Filius,
1104 4651 1159 4698 et
1211 4644 1454 4714 Spiritus
1497 4656 1743 4704 sanctus.
1796 4649 2003 4705 Cretera

417 4732 620 4797 omnia,
651 4749 773 4805 quae
800 4734 1020 4790 condita
1051 4745 1198 4800 sunt,
1222 4751 1332 4792 non
1359 4753 1482 4794 esse
1511 4739 1790 4806 dicuntur,
1818 4758 1938 4812 quae
1971 4759 2006 4797 a

420 4824 686 4895 principio
719 4826 955 4896 quodam
995 4836 1175 4882 ortum
1214 4828 1550 4897 habuerunt;
1575 4833 1718 4888 inter
1739 4851 1860 4904 qua:
1887 4851 2006 4890 ma-

417 4916 527 4971 lum
556 4919 718 4973 etiam
753 4919 900 4990 quod
931 4921 1130 4976 dicitur
1168 4921 1512 4978 referendum
1540 4934 1643 4982 est.
1672 4927 2000 4996 Malum,iu-

411 5025 599 5078 quam,
630 5011 775 5080 quod
806 5013 874 5068 ab
903 5013 1218 5070 hominibus
1243 5015 1356 5086 jam
1376 5033 1432 5072 tn
1471 5017 1646 5074 lucem
1679 5021 1841 5078 editis
1878 5031 2000 5078 tan-

411 5117 574 5172 quam
616 5118 646 5156 a
684 5105 952 5176 principio
983 5114 1225 5164 manavit
1256 5129 1269 5164 :
1304 5125 1430 5165 cum
1458 5122 1512 5166 et
1535 5113 1638 5183 ipsi
1669 5117 1998 5189 quandoque

412 5210 524 5248 non
568 5193 796 5262 fuerint,
837 5209 892 5253 et
927 5207 1041 5254 tum
1089 5217 1214 5258 esse
1255 5204 1458 5258 malum
1491 5207 1740 5276 cmperit,
1777 5225 1902 5264 eum
1941 5220 1997 5267 et

412 5285 596 5352 homo,
625 5289 715 5358 qui
750 5297 906 5344 antea
941 5307 1048 5346 non
1077 5303 1215 5356 erat,
1249 5297 1516 5367 originem
1545 5300 1777 5370 accepit.
1810 5302 1994 5369 Quare

411 5378 592 5432 veniet
625 5387 842 5449 tempus
878 5397 1002 5436 cum
1037 5385 1239 5439 malum
1276 5389 1510 5458 amplius
1546 5406 1655 5445 non
1689 5394 1821 5461 erit;
1863 5412 1989 5450 cum

409 5469 637 5539 principi
673 5471 772 5539 ipsi
811 5474 1032 5529 minime
1063 5475 1207 5531 istud
1242 5479 1530 5547 placuerit,
1561 5485 1706 5553 quod
1747 5495 1926 5542 ortum
1959 5505 1991 5544 a

407 5563 676 5635 principio
707 5565 882 5636 ipsum
921 5567 976 5621 in
1018 5569 1286 5624 malorum
1320 5588 1549 5628 numero
1589 5585 1750 5633 atoue
1798 5581 1992 5638 ordine

748 5686 937 5780 1,119;
975 5688 1081 5745 lsa.
1144 5705 1293 5762 xxxx,
1335 5691 1401 5747 l4
1505 5695 1524 5725 ²
1556 5695 1574 5749 l
1603 5697 1732 5752 Cor.
1797 5717 1834 5769 ι,
1898 5703 1998 5776 5i;

2204 5727 2279 5779 ιι,
2335 5711 2425 5780 23,
2479 5711 2569 5765 24.

405 5750 427 5785 ⁸
464 5749 526 5808 F.
571 5757 915 5817 κεκτισμὲνα.

2055 3261 2060 3266 ,
2113 3189 2158 3250 ὧ
2191 3195 2480 3266 Μαρκίων,
2505 3194 2686 3248 οὐκέτι
2713 3195 2885 3266 τριῶν
2914 3195 3101 3266 ἀρχῶν
3121 3196 3143 3226 δ
3171 3195 3367 3265 ζητεῖν
3397 3193 3502 3255 τὰς

2112 3286 2227 3340 ἀλλ’
2259 3287 2558 3358 ἐρευνήσας
2584 3286 2744 3340 ἀλλον
2781 3287 2949 3358 μῦθον
2982 3283 3195 3341 πολλῶν
3232 3287 3427 3358 ἀρχῶν
3459 3289 3552 3339 καὶ
3579 3285 3690 3338 πολ·

2112 3376 2223 3434 λῶν
2253 3376 2441 3449 ῥιζῶν,
2474 3379 2570 3433 καὶ
2609 3378 2809 3451 πολλῆς
2848 3378 3178 3451 τραγῳδίας.
3221 3379 3340 3432 Καὶ
3381 3379 3516 3432 ὅταν
3553 3393 3690 3428 συκο-

2113 3469 2329 3540 φαντῶν
2362 3470 2578 3542 πλάσῃς
2599 3489 2614 3502 ·
2648 3472 2710 3525 οὐ
2760 3470 2870 3543 γὰρ
2907 3472 3090 3543 εὕροις
3131 3469 3480 3541 συναντῆσαι
3516 3486 3595 3522 σοι
3621 3469 3687 3526 τὸ.

2111 3561 2611 3634 καταργουμένων
2635 3579 2649 3594 ·
2704 3563 2770 3616 ἐκ
2824 3563 2883 3617 δὲ
2936 3561 3032 3616 τοῦ
3078 3561 3242 3631 λόγου
3294 3562 3399 3616 τοῦ
3461 3561 3686 3629 λέγοντος

2111 3653 2614 3724 καταργουμένων
2642 3653 3065 3727 ἀναιρεθήσεται
3098 3657 3132 3726 ἡ
3169 3653 3330 3726 παρὰ
3369 3653 3471 3708 σοῦ
3508 3670 3682 3723 φαντί·

2111 3742 2311 3816 ζομὲνη
2339 3744 2577 3816 ἄναρχος
2604 3745 2714 3799 τῶν
2744 3745 2931 3817 ἀρχῶν
2965 3745 3112 3817 ῥίζα.
3147 3746 3267 3800 Πᾶν
3294 3745 3414 3817 γὰρ
3439 3746 3506 3800 τὸ
3543 3745 3683 3815 λῆγον

2109 3838 2212 3891 οὐκ
2243 3838 2414 3892 ἀΐδιον
2446 3838 2712 3910 ὑπάρχει·
2741 3838 2882 3892 ἀλλά
2918 3841 2967 3893 εί
3013 3840 3192 3912 ἀρχὴν
3237 3837 3373 3910 ἔσχε.
3405 3838 3506 3893 τοῦ
3542 3835 3681 3898 εἶναι,

2111 3931 2208 3984 καὶ
2233 3931 2386 3996 τέλος
2427 3931 2634 4002 ὑφέξει.
2681 3925 2964 3988 Ἀδύνατον
2991 3931 3103 4004 γὰρ
3140 3931 3203 3986 τὸ
3250 3933 3436 4005 ἀρχὴν
3474 3930 3684 4002 armis;

2109 4024 2438 4089 διαιωνίζειν
2485 4024 2707 4090 ἀϊδίως·
2739 4027 2789 4079 εί
2840 4026 2997 4098 μήτι
3045 4024 3113 4079 ἂν
3142 4024 3286 4078 θέλοι
3318 4024 3387 4078 τὸ
3428 4025 3492 4079 ὃν
3534 4027 3679 4077 aii-tas

2106 4118 2400 4189 γενόμενον
2453 4118 2626 4190 τοῦμή
2673 4135 2804 4172 ποτε
2871 4117 3057 4184 ὄντος,
3105 4117 3427 4189 ἀρξαμένου
3497 4117 3555 4171 δὲ
3602 4115 3677 4168 τοῦ

2108 4205 2268 4264 εἶναι.
2315 4209 2389 4264 Τὸ
2421 4209 2478 4263 δὲ
2523 4209 2584 4264 ὃν
2617 4211 2735 4264 ἐστὶ
2791 4210 3009 4283 Πατὴρ,
3039 4211 3136 4264 καὶ
3184 4209 3352 4272 Υἱὸς,
3392 4211 3495 4262 καὶ
3545 4211 3676 4275 ἅγιον

2109 4301 2368 4374 Πνεῦμα·
2409 4303 2470 4356 τὺ
2499 4302 2557 4357 δὲ
2594 4303 2667 4376 μὴ
2712 4302 2772 4357 ὃν
2822 4303 2942 4356 ἐστὶ
2981 4303 3164 4356 πάντα
3196 4302 3267 4355 τὰ
3311 4304 3622 4373 κεκτημένα
3643 4301 3674 4358 ⁵.

2110 4395 2284 4466 ἀρχὴν
2334 4397 2608 4468 ἐσχηκότα
2635 4395 2730 4450 τοῦ
2775 4393 2934 4461 εἶναι,
2970 4397 3028 4449 ἐν
3058 4389 3141 4460 οἷς
3186 4395 3257 4448 ἂν
3294 4398 3396 4450 καὶ
3437 4396 3502 4448 τὸ

2115 4507 2275 4561 μενον
2300 4491 2467 4544 κακόν
2489 4507 2502 4521 ·
2536 4493 2632 4546 καί
2651 4490 2710 4544 ὃν
2738 4491 2906 4546 κακὸν
2927 4491 3040 4544 ἀπὸ
3062 4489 3370 4562 ἀνθρώπων
3391 4490 3678 4564 ἀρξάμενεν

2105 4582 2214 4636 τῶν
2244 4584 2572 4655 γενομένων,
2606 4585 2707 4637 οὐκ
2737 4584 2907 4638 ὅντων
2941 4584 3090 4648 ποτὲ,
3120 4583 3296 4655 ἀρχὴν
3317 4583 3378 4636 δὲ
3399 4583 3494 4636 τοῦ
3523 4578 3674 4636 κατιςῦ

2105 4674 2436 4746 ἐσχηκότος,
2487 4675 2637 4740 ἐξότε
2676 4677 2770 4728 καὶ
2813 4676 2842 4728 ὁ
2879 4674 3165 4748 ἄνθρωπος
3204 4676 3235 4727 ὁ
3276 4674 3382 4726 οὐκ
3421 4671 3502 4726 ὢν
3535 4687 3673 4728 ποτε.

2105 4762 2288 4815 οὐκέτι
2330 4763 2483 4817 ἔσται
2529 4763 2592 4816 τὸ
2633 4763 2822 4817 κακόν.
2874 4762 3287 4834 Ἀναμφιῦόλως
3327 4765 3441 4833 γὰρ
3477 4764 3675 4830 ἀναιρε-

2106 4854 2365 4926 θήσεται,
2421 4855 2509 4910 διὰ
2561 4855 2624 4908 τὸ
2680 4855 2754 4927 μὴ
2808 4855 3147 4909 συνευδοκεῖν
3192 4853 3286 4906 τὸν
3341 4855 3571 4925 ἄρχοντα

2103 4951 2282 5022 ἀρχὴν
2327 4949 2616 5020 ἐσχηκότι,
2657 4950 2751 5002 καὶ
2805 4950 2864 5002 ὲν
2902 4947 3128 5018 φαύλοις
3172 4945 3370 5000 ἑαυτὸν
3415 4947 3673 5013 καταπή-

2104 5057 2260 5095 σαντι
2281 5056 2294 5070 ·
2329 5040 2671 5110 ’καυθήσεται
2700 5040 2810 5111 γὰρ
2857 5037 2997 5108 μετὰ
3032 5039 3134 5110 τὴν
3165 5038 3466 5092 ἀνάστασιν
3498 5037 3556 5088 οὐ
3586 5035 3670 5104 μό-

2102 5149 2227 5195 νον,
2271 5131 2410 5185 ἀλλά
2458 5133 2553 5185 καὶ
2599 5132 2708 5186 ἀπὸ
2741 5132 2840 5202 τῆς
2878 5129 2974 5184 τοῦ
3018 5131 3184 5201 νόμου
3237 5129 3547 5201 κηρῦξεως·
3586 5129 3670 5178 καὶ

2103 5222 2210 5294 πρὸ
2238 5222 2392 5276 τοῦδε
2429 5223 2595 5294 νόμου
2635 5223 2743 5277 ἀπὸ
2777 5222 2987 5276 πολλῶν
3013 5222 3122 5276 τῶν
3157 5220 3298 5276 κατά
3327 5221 3417 5273 τὸν
3458 5220 3669 5291 eum»

2101 5316 2264 5386 νόμον
2321 5317 2830 5388 πεπολιτευμένων·
2883 5317 2980 5370 καὶ
3047 5317 3125 5369 ἔτι
3168 5332 3231 5384 γε
3285 5312 3670 5385 τξερισπτέρως

2100 5408 2209 5461 ἀπὸ
2238 5408 2337 5481 τῆς
2370 5407 2461 5462 τοῦ
2497 5408 2736 5480 Χριστοῦ
2780 5409 3049 5480 ὲνσάρκου
3097 5407 3432 5478 παρουσίας·
3483 5402 3664 5455 τελειᾶ-

2099 5516 2236 5554 τατα
2252 5501 2307 5553 δὲ
2325 5500 2431 5554 ἀπὸ
2447 5501 2543 5570 τῆς
2555 5500 2663 5554 τῶν
2677 5500 2886 5572 νεκρῶν
2897 5499 3264 5562 ἀναστάσεως.
3283 5496 3496 5568 Ἐπειδὴ
3510 5493 3662 5547 exet-‘-

2094 5608 2306 5658 ρονται
2331 5592 2401 5646 ἐν
2420 5592 2629 5662 φθορᾷ,
2661 5593 2990 5664 ἐγείρονται
3028 5591 3096 5644 ἐν
3127 5591 3458 5660 ἀφθαρσίᾳ,
3483 5584 3662 5657 μηκέτι

2685 5713 2704 5743 ³
2734 5710 2752 5764 l
2778 5712 2902 5766 Cor.
2938 5726 2997 5780 tt,
3028 5709 3079 5765 6.
3181 5706 3204 5737 ⁸
3233 5726 3322 5768 ro.
3383 5706 3637 5768 ἀῡγάντιια
