3768 6182
127 201 236 259 781
805 204 1170 271 ΔΒΫΕΙὶΞουΒ
1209 206 1550 262 ΙΙΑΞΒΕΞΕΒ
1588 206 1701 261 ΜΒ.

1862 197 1999 262 ΓΟΜ.
2039 208 2128 263 Ill.
2161 208 2520 265 ~ll1ERES.
2569 208 2730 264 XLII.
3301 210 3408 267 782

123 321 190 376 τὸ
221 321 390 376 κακὸν
427 322 821 394 ἐργαζόμενοι,
866 327 1062 396 μηκέτι
1117 326 1572 397 ἀποθνήσκοντες.
1612 329 1699 381 Κα

1864 327 2149 383 ollocarat.
2183 329 2353 400 Igitur
2382 345 2492 382 non
2529 330 2706 382 solum
2746 337 2868 399 post
2898 344 3186 400 corporum
3224 348 3409 390 resur—

123 412 214 467 ὅτι
255 413 313 466 δὲ
358 414 722 485 παυθήσεται,
770 419 1111 488 μαρτυρήσει
1149 421 1177 473 6
1220 420 1382 482 αὐτὸς
1423 419 1580 487 λόγος
1616 419 1701 472 τοῦ

1862 420 2112 474 ιοιίοιιθηι
2141 419 2376 484 desinet,
2409 421 2503 476 sed
2524 421 2849 490 jamdudum
2880 424 2948 479 ab
2972 425 3087 495 ipsa
3113 425 3250 493 legis
3277 442 3406 496 pro-

138 502 468 556 Ἀποστόλου
515 506 774 572 φάσκων
822 504 954 559 Τῶν
986 509 1294 575 ἀρχόντων
1345 509 1450 562 τοῦ
1497 509 1701 576 αἰῶνος

1862 511 2186 580 ιυῐεειίοηε;
2243 515 2353 567 imo
2401 521 2527 569 ante
2578 514 2749 584 legem
2805 515 2978 584 ipsam
3029 516 3082 570 in
3134 518 3408 588 pleriqu

122 595 347 647 τούτου
371 592 491 646 τῶν
524 595 1036 663 καταργουμένων.
1069 599 1177 652 Καὶ
1207 597 1474 670 ἀνῄρηται
1509 617 1701 654 παντα·

1862 604 1998 664 esiit,
2031 605 2123 674 qui
2157 605 2317 658 vitam
2342 621 2496 660 suam
2520 621 2583 659 ex
2617 607 2882 659 naturalis
2915 607 3050 675 legis
3081 610 3406 678 prtescripto

122 685 287 756 χόθεν
310 688 343 755 ἡ
370 685 510 739 κατά
530 685 612 750 σὲ,
637 680 681 739 ὦ
715 687 1000 758 Μαρκίων,
1026 690 1302 753 ὑπόῗεσις,
1334 690 1701 762 φαντασιώδης

1862 705 2212 766 :mperarunt.
2269 696 2372 753 Sed
2409 699 2579 752 multo
2619 699 2790 768 magis
2829 707 2952 767 post
2984 700 3188 754 Christi
3221 700 3410 754 Salva-

121 792 213 839 τις
240 771 374 828 οὖσα
403 776 494 828 καὶ
525 775 746 846 ψευδὴς,
780 778 874 830 καὶ
899 777 1152 843 ᾶ-στατος,
1179 779 1271 832 καὶ
1297 779 1506 847 ἄλογος.

1862 788 1948 842 uris
1972 786 2301 853 adventum;
2335 803 2398 841 ac
2429 787 2665 857 denique
2697 798 2819 860 post
2849 796 3190 844 mortuorum
3225 806 3411 845 resur-

119 865 426 920 rectionem
453 867 610 936 longe
675 866 728 920 id
795 870 1129 924 cumulatius
1198 870 1430 924 accidet.
1487 869 1942 943 Quandoquidem
1986 879 2316 932 seminanwr
2363 880 2419 932 in
2464 881 2817 944 corruptione,
2857 890 3078 950 surgunt
3125 897 3300 936 autem
3354 883 3410 948 in

119 959 570 1028 incorruptione’,
593 975 695 1016 nec
730 963 932 1016 malum
952 965 1184 1034 amplius
1211 972 1544 1035 perpetrant,
1598 983 1776 1038 neque
1828 972 2161 1027 moriuntur.
2199 976 2275 1027 Ac
2310 983 2650 1029 cessaturum
2687 974 2904 1044 quidem
2946 975 3166 1030 omnino
3205 974 3408 1029 malum

119 1056 316 1111 eadem
352 1059 442 1112 illa
476 1059 720 1129 Apostoli
799 1067 1031 1114 testatur
1091 1059 1272 1114 oratio
1325 1079 1337 1114 :
1380 1059 1690 1130 Principum
1751 1062 1909 1133 hujus
1959 1068 2159 1131 siccati,
2208 1069 2297 1138 qui
2346 1082 2681 1122 evacuantur.
2726 1068 2801 1122 Ex
2849 1085 2956 1138 quo
3001 1085 3195 1124 vanum
3248 1077 3405 1123 tuum

120 1153 258 1209 illud
293 1155 499 1226 fdogma
538 1155 799 1218 concidit,
845 1154 1069 1220 Marcio,
1103 1157 1248 1227 quod
1287 1157 1544 1227 opinione
1579 1160 1695 1214 sola
1733 1163 2049 1227 conﬁctum,
2081 1163 2346 1228 mendax,
2405 1164 2749 1230 inconstans,
2818 1166 3126 1237 rationique
3182 1165 3406 1220 minime

119 1254 556 1301 consentaneum
587 1255 691 1300 (351.

196 1335 240 1389 δ’
261 1337 354 1392 καὶ
375 1336 440 1407 ιβ’
477 1337 625 1408 σχόλ.
662 1335 1124 1406 ΓέῗῬσπτιιιγάρ
1146 1356 1159 1368 ·
1193 1340 1246 1390 '0
1281 1338 1702 1412 δρασσόμενος

117 1429 270 1496 τοὺς
296 1430 528 1499 σοφοὺς
557 1432 626 1483 ἐν
659 1431 734 1500 τῇ
760 1433 1093 1500 πανουργίᾳ
1119 1433 1317 1486 αὐτῶν
1341 1451 1353 1464 ·
1382 1436 1475 1488 καὶ
1509 1438 1698 1491 πάλιν·

117 1524 343 1590 Κύριος
381 1523 658 1592 γινώσκει
686 1523 828 1590 τοὺς
859 1523 1288 1593 διαλογισμοὺς
1329 1527 1450 1580 τῶν
1484 1529 1706 1598 ἀνθρώο

118 1625 276 1674 πων,
301 1611 391 1665 ὅτι
417 1611 533 1664 εἰσὶ
555 1611 815 1680 μάταιοι.

192 1703 240 1758 δ’
265 1705 358 1757 καὶ
390 1703 454 1774 ιβ’
480 1704 661 1776 ἐλεγχ.
694 1705 787 1766 Τὸ,
809 1705 1147 1775 remaneat,
1177 1709 1256 1772 εἰς
1276 1709 1472 1780 χρῆσιν
1501 1727 1705 1783 προφε-

122 1792 380 1863 ρόμενον.
410 1795 614 1862 καὶτὸ,
661 1796 940 1866 γινώσκει
986 1798 1213 1866 Κύριος,
1254 1801 1702 1872 ὁμολογούμενον,

117 1886 229 1940 οὐκ
268 1886 548 1958 ἀλλότριον
605 1873 842 1961 ὑπάρχει
890 1889 968 1960 τῷ
1008 1891 1393 1964 ἀναλεξαμένῳ
1440 1892 1500 1946 τὸ
1543 1893 1705 1964 ῥητὸν

115 1977 219 2030 τοῦ
259 1977 418 2046 λόγου
443 1994 458 2009 °
481 1980 626 2048 φημὶ
655 1980 713 2034 δὲ
752 1981 828 2052 τῷ
866 1982 1001 2053 ἁγίῳ
1045 1983 1375 2056 ’Δποστόλῳ,
1408 1987 1540 2056 παρ’
1585 1979 1631 2054 ᾧ
1669 1986 1703 2056 ἡ

117 2068 322 2139 χρῆσις
350 2069 668 2142 ἐμφέρεται.
711 2071 802 2140 Ἐξ
834 2067 898 2144 ἦς
944 2075 1190 2147 χρήσεως
1219 2077 1247 2129 6
1282 2076 1567 2149 χαρακτὴρ
1598 2095 1704 2146 φα-

115 2162 294 2214 νεῖται
320 2161 419 2214 οὐκ
446 2161 726 2233 ἀλλοτρίου
757 2163 849 2217 τοῦ
877 2165 1233 2236 κηρύγματος
1254 2167 1346 2221 τοῦ
1381 2169 1703 2222 Ἀποστόλου

117 2251 235 2304 ἀπὸ
266 2254 362 2323 τῆς
389 2253 632 2318 Παλαιᾶς
670 2254 966 2328 Διαθήκης.
1007 2257 1129 2311 ὃθεν
1162 2257 1313 2311 αὐτῶ
1360 2260 1394 2330 ἡ
1432 2263 1703 2333 μαρτυρία

119 2344 381 2415 συνέστη.

194 2436 242 2490 ε’
268 2436 364 2490 καὶ
389 2436 458 2506 ιγ’
483 2436 632 2510 σχόλ.
660 2439 770 2494 Καὶ
803 2440 912 2512 γὰρ
941 2442 1005 2494 τὸ
1056 2443 1272 2514 Πάσχα
1314 2444 1486 2514 ημῶν
1521 2445 1701 2515 ἐτύθη

113 2527 377 2595 Χριστός

193 2625 236 2671 ε’
265 2619 360 2673 καὶ
393 2627 460 2690 ιγ’
487 2620 666 2694 ἔλεγχ.
702 2621 766 2677 Εἰ
802 2623 994 2696 Πάσχα
1018 2626 1046 2678 ὁ
1074 2627 1394 2692 Ἀπόστολος
1429 2629 1702 2699 ὁμολογεῖ,

116 2709 222 2765 καὶ
243 2708 472 2764 τυθέντα
501 2710 595 2764 τὸν
619 2712 855 2784 Χριστὸν
884 2716 984 2768 οὐκ
1007 2715 1271 2786 ἀρνεῖται,
1295 2718 1396 2771 οὐκ
1427 2717 1703 2790 ἀλλότριον

113 2801 182 2853 τὸ
214 2802 408 2872 Πάσχα
435 2801 529 2856 τοῦ
565 2805 826 2876 Χριστοῦ,
857 2805 952 2859 τοῦ
979 2807 1120 2860 κατὰ
1151 2809 1313 2879 νόμον
1342 2809 1533 2880 Πάσχα
1566 2810 1704 2883 πρό-

115 2891 288 2948 ϐατον
315 2895 530 2960 θύοντος
564 2896 856 2968 ἀληθινῶς,
894 2900 989 2953 καὶ
1012 2899 1073 2953 ού
1099 2899 1340 2972 δοκήσει,
1371 2902 1432 2954 ού
1454 2903 1470 2933 ¹
1496 2901 1704 2974 προϐά-

1882 1334 2066 1390 Srhol.
2111 1335 2144 1390 4
2199 1343 2253 1390 et
2317 1335 2404 1390 12.
2455 1337 2718 1408 Scriptum
2755 1348 2830 1392 est
2878 1341 3016 1394 enim
3054 1357 3071 1395 :
3120 1342 3223 1408 Qui
3261 1358 3405 1400 unn-

1807 1427 2077 1497 prehendit
2101 1428 2361 1496 sapientes
2393 1430 2448 1482 in
2479 1431 2676 1483 astutia
2722 1447 2899 1484 eorum
2932 1433 2971 1487 ³.
3003 1433 3163 1505 355
3205 1435 3269 1490 Et
3298 1438 3401 1493 ile-

1809 1535 1930 1574 rum
1967 1537 1980 1573 :
2016 1517 2276 1574 Dominus
2335 1521 2476 1574 novit
2537 1524 2858 1593 cognitiones
2921 1525 3214 1591 hominum,
3273 1531 3401 1600 quia

1809 1624 1957 1662 uana:
1987 1619 2107 1662 sum
2134 1608 2155 1639 ⁸

1880 1697 2064 1753 Rel‘ut.
2099 1699 2133 1752 4
2166 1700 2321 1754 θιιε.
2372 1700 2520 1758 Istud
2567 1701 2777 1771 ipsum,
2816 1701 3077 1772 Scriptum
3127 1716 3224 1773 est,
3263 1716 3398 1774 etc.,

1811 1789 1880 1845 ad
1915 1806 2072 1847 usum
2105 1793 2468 1860 translatum;
2502 1794 2760 1864 itemque,
2793 1798 2932 1850 novit
2957 1797 3234 1860 Dominus,
3263 1809 3395 1865 etc.,

1811 1882 1914 1936 hac
1956 1883 2249 1938 autoritate
2291 1885 2727 1955 comprobatum,
2782 1889 3017 1941 alienum
3065 1889 3133 1942 ab
3176 1905 3243 1944 eo
3290 1890 3398 1944 mi-

1809 1973 1958 2029 nime
2004 1982 2280 2039 censetur,
2331 1975 2427 2046 qui
2478 1977 2621 2031 hanc
2669 1993 2701 2032 e
2741 1975 3026 2048 Scriptura
3070 1981 3396 2036 sententiam

1810 2065 2056 2134 protulit,
2107 2067 2369 2136 Apostolo
2431 2067 2706 2133 videlicet,
2764 2085 2792 2122 a
2850 2085 2958 2140 quo
3017 2072 3121 2125 ista
3165 2071 3397 2127 collecta

1810 2163 1962 2211 sunt.
2011 2157 2190 2227 Atque
2244 2158 2347 2214 hoc
2408 2175 2474 2214 ex
2512 2175 2613 2214 usu
2647 2161 2890 2215 locorum
2957 2163 3093 2217 satis
3147 2174 3393 2233 apparet,

1809 2248 2125 2318 apostolicae
2161 2249 2428 2306 doctrinae
2477 2250 2709 2306 formam
2749 2253 2885 2308 nihil
2917 2268 2947 2308 a
2983 2252 3174 2310 Vetere
3202 2253 3397 2311 Testa-

1808 2345 1995 2392 mento
2025 2337 2315 2404 dissidere,
2344 2340 2503 2410 cujus
2530 2341 2620 2397 ille
2653 2343 3023 2399 testimonium
3050 2345 3320 2402 adhibuit.

1883 2427 2068 2486 Schol.
2098 2431 2131 2485 5
2151 2439 2206 2485 et
2232 2432 2320 2487 15.
2351 2431 2558 2488 Etenim
2590 2433 2798 2490 Pascha
2821 2446 3061 2492 nostrum
3090 2438 3393 2494 immolatus

1806 2530 1885 2575 est
1921 2520 2167 2577 Christus
2195 2523 2238 2576 ⁵.
2613 2562 2619 2565 -

1879 2613 2062 2672 Refut.
2133 2618 2167 2673 5
2231 2625 2284 2672 et
2354 2618 2441 2674 l3.
2499 2619 2635 2674 Cum
2699 2628 2754 2676 et
2816 2619 3027 2678 Pascha
3097 2623 3393 2694 Apostolus

1808 2716 2091 2780 agnoscat,
2135 2717 2188 2764 et
2230 2709 2565 2764 immolatum
2601 2710 2882 2769 Christum
2922 2729 3032 2769 non
3059 2701 3238 2787 neget,
3283 2730 3391 2771 non

1807 2807 1892 2854 est
1922 2799 2340 2856 abalienaudum
2367 2816 2398 2854 a
2420 2801 2643 2858 Christo
2668 2801 2880 2858 Pascha
2902 2805 2997 2874 qui
3017 2821 3085 2860 ex
3106 2805 3391 2864 Paschatis

1807 2893 1926 2964 lege
1957 2908 2152 2948 verum
2193 2893 2408 2965 Agnum
2442 2909 2552 2950 non
2582 2896 2762 2967 specie
2786 2905 2945 2953 tenus
2974 2897 3218 2954 immolat
3248 2919 3262 2954 :
3295 2915 3365 2956 cu

112 3001 218 3039 του
261 2985 431 3051 τύπος
480 2983 550 3062 ἦν
576 2991 606 3043 6
647 2990 709 3044 ού
740 2989 962 3061 δοκήσει
991 2991 1252 3063 θυόμενος
1286 2993 1540 3064 Χριστὸς,
1578 2993 1701 3048 οὐδὲ

1870 3000 1896 3040 s
1934 2985 2058 3057 agni
2096 2984 2326 3040 formam
2367 3002 2476 3042 non
2525 2988 2706 3058 specie
2748 2988 2876 3044 item
2926 2989 3046 3044 sola
3078 2989 3394 3049 immolatus

113 3075 251 3130 ἄνευ
308 3077 510 3149 σαρκός
559 3080 805 3151 πάσχων.
851 3083 977 3147 Πῶς
1031 3084 1140 3156 γὰρ
1199 3085 1430 3156 ἠδύνατο
1483 3085 1702 3158 πνεῦμα

117 3167 386 3239 θύεσθαι,
425 3172 594 3246 Δῆλον
625 3173 724 3229 οὐκ
748 3174 1011 3246 ⁴ἠδύνατο·
1047 3175 1123 3248 μὴ
1148 3177 1448 3249 δυναμένου
1481 3179 1539 3233 δὲ
1573 3178 1701 3233 ἀνευ

118 3266 330 3336 σαρκὸς
363 3267 609 3339 τυθῆναι,
645 3271 896 3334 τυθέντος
925 3271 982 3326 δὲ
1016 3272 1077 3326 ἐν
1113 3269 1344 3344 ἀληθείᾳ
1367 3271 1481 3341 (81)
1514 3271 1706 3342 ὁμολο-

114 3360 300 3426 γεῖται
328 3356 419 3411 διὰ
442 3358 544 3430 τῆς
569 3359 666 3415 τοῦ
707 3361 1035 3435 Ἀποστόλου
1074 3360 1480 3434 ἀναμφιλέκτου
1509 3361 1702 3432 ὁμολο-

115 3450 263 3518 γίας.
315 3449 526 3504 Οὐκοῦν
567 3453 634 3505 ὲκ
691 3454 891 3518 παντὸς
935 3454 1124 3524 σαφῶς
1175 3455 1553 3510 ἀποδέδεικται
1602 3455 1704 3510 οὐκ

115 3540 404 3611 ἀλλότριος
423 3543 453 3595 6
485 3541 648 3612 νόμος
679 3543 835 3613 τύπῳ
863 3544 1162 3618 φερόμενος
1187 3545 1364 3618 χρόνῳ
1409 3548 1574 3618 μέχρι
1605 3543 1700 3600 τοῦ

115 3631 500 3704 ὲντελεστὲρου
545 3633 643 3686 καὶ
691 3635 959 3706 ἐναργοῦς
1008 3625 1282 3709 προϐάτου
1335 3639 1589 3701 τυθέντος
1642 3641 1700 3693 ὲν

112 3725 353 3798 ἀληθείᾳ
381 3725 643 3798 Χριστοῦ,
682 3721 744 3782 οῦ
775 3730 1018 3799 προῆγεν
1057 3731 1114 3782 ὲν
1145 3733 1258 3794 τοῖς
1289 3729 1539 3794 παλαιοῖς
1575 3729 1702 3802 χρό-

114 3836 231 3881 νοις
252 3818 435 3882 ἀλλοις
459 3818 719 3890 θυόμενον
740 3819 802 3873 τὸ
816 3820 1090 3892 πρόϐατον
1116 3821 1178 3876 τὸ
1203 3821 1479 3894 αἰσθητόν.
1512 3821 1702 3893 Ἠμῶν

113 3911 186 3966 ἓὲ
219 3911 288 3966 τὸ
321 3911 539 3982 Πάσχα
573 3911 754 3982 ἐτύθη
789 3914 1061 3983 Χριστός.

188 4188 245 4247 ς’
281 4182 379 4236 καὶ
413 4181 471 4234 ιδ’
496 4181 644 4252 σχόλ.
686 4182 810 4236 οὐκ
835 4180 1057 4244 οἴδατε,
1109 4179 1200 4235 ὅτι
1239 4183 1274 4234 ὀ
1317 4179 1702 4249 κολλώμενος

112 4272 192 4343 τῇ
234 4273 430 4342 πόρνῃ
472 4271 540 4326 ἐν
561 4271 734 4342 σῶμά
778 4272 984 4336 ἐστιν;
1016 4272 1300 4326 Ἔσονται
1344 4270 1456 4339 γὰρ
1491 4272 1545 4323 ot
1590 4269 1700 4322 δύο

111 4369 204 4433 εἰς
228 4364 435 4435 σάρκα
463 4365 630 4435 μίαν.

187 4463 244 4523 ς’
280 4457 376 4510 καὶ
405 4456 464 4510 ιδ’
489 4456 667 4526 ἐλεγχ.
703 4458 767 4511 Εἰ
798 4457 916 4510 οὐκ
943 4455 1150 4528 ἀληθὴς
1175 4458 1204 4509 6
1247 4455 1430 4524 νόμος,
1470 4453 1577 4508 τίνι
1619 4454 1699 4526 τῷ

111 4550 262 4620 λόγῳ
293 4551 346 4602 oi
379 4549 598 4617 ἀληθεῖς
625 4548 725 4613 τὰς
762 4550 1065 4622 μαρτυρίας
1094 4549 1203 4603 ἀπὸ
1234 4547 1330 4601 τοῦ
1363 4547 1529 4617 νόμου
1561 4544 1700 4618 λαμ-

112 4643 410 4709 6ἀνουσινς
467 4635 542 4695 ὧν
578 4635 659 4704 εἷς
699 4642 933 4714 ὑπάρχει
965 4643 994 4694 6
1032 4640 1188 4709 ἅγιος
1226 4639 1362 4692 Θεοῦ
1403 4638 1700 4699 ἀπόστολος

111 4733 357 4798 Παῦλος,
384 4735 414 4786 ὁ
452 4733 551 4805 τὴν
585 4734 890 4806 μαρτυρίαν
934 4733 1140 4804 ταύτην
1176 4732 1314 4804 μετά
1355 4733 1450 4785 καὶ
1488 4731 1698 4786 πολλῶν

112 4827 295 4881 ἄλλων
327 4825 509 4880 λαϐὼν
550 4829 628 4890 εἰς
668 4828 870 4899 ἐναργῆ
917 4825 1262 4898 παράστασιν
1301 4824 1561 4894 ἀληθείας
1608 4826 1699 4879 καὶ

113 4919 478 4990 κηρύγματος
511 4919 717 4988 ἀγαθοῦ
752 4918 910 4974 Θεοῦ.

185 5009 230 5075 ζ’
257 5009 361 5064 καὶ
396 5009 456 5063 ιε’
486 5009 631 5080 σχόλ.
671 5009 1168 5080 Μετηλλαγμένως·
1190 5009 1311 5063 ἀντὶ
1342 5008 1452 5081 γὰρ
1480 5006 1597 5072 τοῦ,
1627 5007 1698 5060 ἐν

115 5101 196 5168 τῷ
224 5103 410 5171 νόμῳ,
457 5102 626 5171 λέγει,
653 5102 724 5157 ὲν
751 5101 830 5167 τῷ
882 5101 1178 5168 Μωῢσέως
1222 5101 1400 5170 νόμῳ.
1435 5101 1597 5170 Λέγει
1637 5100 1696 5154 δὲ

115 5194 225 5266 πρὸ
253 5193 448 5248 τούτου
465 5209 484 5228 ο
515 5197 569 5249 εὶ
595 5195 694 5249 καὶ
734 5197 768 5248 ό
795 5195 978 5264 νόμος
1012 5194 1198 5249 ταῦτα
1221 5196 1293 5248 οὐ
1323 5193 1506 5264 λέγει.

189 5413 207 5444 ¹
236 5411 302 5469 F.
322 5430 396 5488 ou
429 5414 1144 5488 Rpopuanattlngpmg
1170 5413 1239 5488 ἦν
1271 5431 1299 5468 ο
1333 5416 1576 5488 δοκήσει.

117 5497 274 5547 xcm,
316 5484 401 5538 ll.
479 5487 499 5516 '
537 5484 558 5538 l
586 5485 714 5542 Cor.
745 5503 800 5552 ν,
831 5487 882 5541 7.
913 5484 930 5486 ἡ
959 5485 1028 5538 ⁸⁵1
1066 5484 1290 5550 υοτζνι,
1324 5486 1411 5543 16.

1691 5421 1711 5451 ³
1749 5416 1767 5471 l
1799 5417 1925 5471 Cor.
1959 5433 2050 5479 xv,
2083 5417 2170 5470 42.

1504 5487 1522 5514 ⁷
1554 5488 1689 5545 Cen.
1733 5503 1793 5554 ιι,
1819 5489 1917 5554 2t;
1950 5487 2141 5543 Matth.
2174 5501 2290 5552 xxx,
2335 5486 2388 5543 5.
2463 5486 2484 5517 ⁸
2509 5483 2529 5537 l
2559 5487 2686 5541 Cor.
2717 5503 2793 5553 Ix,
2827 5487 2879 5542 9.

1804 3073 2058 3130 Christus
2087 3090 2188 3130 nec
2219 3076 2339 3132 sine
2366 3090 2532 3131 carne
2561 3092 2758 3147 passus
2792 3079 3079 3148 expressit.
3112 3075 3214 3144 Qui
3244 3080 3392 3135 enim

1805 3167 2034 3221 mactari
2079 3166 2309 3237 spiritus
2353 3167 2578 3236 posset?
2629 3165 2773 3224 Sane
2809 3167 2924 3224 ﬁeri
2969 3167 3118 3224 istud
3165 3169 3396 3226 omnino

1805 3259 2031 3328 nequit;
2071 3260 2169 3317 sed
2207 3275 2385 3332 neque
2424 3261 2543 3317 sine
2575 3277 2741 3318 carne
2777 3269 2959 3333 potest
3001 3262 3201 3318 occidi.
3239 3262 3392 3320 Occi-

1805 3364 1926 3406 sum
1955 3357 2137 3406 autem
2170 3366 2294 3408 esse
2326 3366 2538 3418 revera,
2578 3352 2722 3408 haud
2754 3353 2920 3408 dubia
2965 3354 3211 3425 Apostpli
3252 3370 3393 3412 con-

1805 3441 2046 3500 fessione
2092 3444 2424 3500 declaratur.
2477 3444 2843 3512 Quamobrem
2888 3450 3202 3505 necessaria
3253 3451 3391 3507 illud

1802 3538 2018 3593 ratione
2060 3537 2332 3608 colligitur
2373 3557 2386 3593 :
2424 3553 2535 3594 non
2582 3539 2814 3595 alienam
2858 3554 2980 3596 esse
3021 3541 3216 3613 legem,
3265 3558 3390 3614 quas

1804 3618 2142 3689 adumbratis
2183 3631 2348 3690 rebus
2376 3647 2441 3688 ac
2476 3631 2666 3705 ﬁguris
2701 3632 2892 3688 tandiu
2936 3633 3259 3702 constabat,
3289 3633 3390 3689 do-

1802 3737 1904 3777 nec
1954 3722 2264 3793 perfectior,
2317 3723 2570 3794 idemque
2609 3724 2937 3780 manifestus
2982 3741 3156 3796 agnus
3195 3740 3389 3782 succe-

1803 3812 1986 3878 deret,
2034 3815 2138 3870 hoc
2184 3825 2269 3871 est
2318 3815 2572 3872 Christus
2621 3818 2804 3888 reipsa
2854 3827 3160 3883 mactatus,
3219 3834 3384 3890 quem

1801 3906 2002 3976 priscis
2025 3907 2364 3978 temporibus
2396 3909 2694 3964 antecessit
2723 3909 2858 3964 alter
2890 3910 2978 3963 ille
3007 3911 3097 3980 qui
3132 3910 3384 3965 immola-

1801 3997 1960 4052 batur
1991 4013 2185 4068 agnus,
2211 3999 2412 4068 quique
2440 4014 2606 4054 sensu
2638 4000 2842 4070 percipi
2867 4010 3095 4069 poterat.
3124 3999 3386 4056 Nostrum

1801 4105 1920 4142 uero
1956 4087 2165 4146 Pascha
2199 4089 2504 4144 immolatus
2533 4099 2610 4145 est
2638 4088 2880 4144 Christus

1875 4180 2056 4235 Schol.
2090 4181 2123 4234 6
2151 4187 2205 4235 et
2237 4181 2323 4234 14.
2366 4180 2596 4235 Nescitis
2636 4182 2774 4251 quod
2811 4183 2900 4252 qui
2941 4183 3172 4238 adhaeret
3225 4200 3386 4238 mere-

1805 4272 1943 4337 trici,
1979 4288 2140 4326 unum
2163 4287 2349 4340 corpus
2377 4283 2455 4327 est
2478 4274 2520 4327 ⁶.
2566 4272 2733 4327 Erunt
2767 4275 2927 4341 enim,
2963 4275 3154 4346 inquit,
3194 4274 3300 4330 duo
3329 4276 3385 4330 in

1732 4369 1776 4424 D
1804 4380 2016 4418 carnem
2044 4381 2206 4418 unam
2237 4365 2279 4418 ⁷.

1874 4453 2057 4510 Refut.
2090 4454 2124 4510 6
2150 4462 2204 4509 et
2226 4454 2314 4509 M.
2344 4453 2462 4510 Nisi
2491 4469 2619 4510 vera
2653 4455 2738 4510 lex
2770 4454 2862 4519 sit,
2889 4455 3014 4526 quid
3049 4462 3134 4511 est
3159 4457 3379 4512 tandem

1805 4546 1950 4618 quod
1978 4544 2069 4616 qui
2101 4545 2313 4600 veritati
2348 4543 2569 4600 student
2595 4544 2948 4600 auctoritates
2985 4560 3054 4599 ex
3075 4545 3168 4600 illa
3189 4545 3384 4616 depro-

1804 4639 1998 4696 munt?
2029 4637 2338 4711 eujusmodi
2368 4650 2593 4693 sanctus
2622 4636 2716 4692 Dei
2763 4637 3045 4706 apostolus
3066 4645 3150 4692 est
3178 4635 3383 4690 Paulus

1804 4732 2047 4802 quicum
2082 4729 2204 4784 aliis
2237 4728 2542 4784 innumeris
2572 4727 2677 4782 hoc
2710 4729 2874 4784 etiam
2905 4726 3276 4782 testimonium
3313 4726 3383 4780 ad

1804 4824 2089 4880 veritatem
2121 4822 2358 4891 bonique
2383 4819 2473 4874 Dei
2519 4819 2960 4891 praedicationem
2987 4817 3265 4875 evidenter
3286 4833 3382 4873 as-

1807 4916 2164 4971 severandam
2198 4929 2307 4968 non
2336 4912 2606 4967 dubitavit
2637 4910 2852 4966 atl‘erre.

1875 5004 2059 5061 Schol.
2109 5004 2217 5059 7et
2264 5003 2352 5059 15.
2401 5001 2639 5057 Mutatus
2684 5010 2768 5056 est
2805 5001 2975 5055 locus.
3017 4997 3152 5053 Nam
3183 5015 3280 5070 pro
3312 5014 3381 5054 eo

1802 5098 1946 5169 quod
2007 5105 2127 5161 est,
2175 5095 2242 5150 1η
2293 5096 2460 5166 tege“,
2507 5093 2746 5162 scripsit,
2772 5094 2826 5146 in
2864 5091 3067 5162 Moysis
3101 5093 3228 5162 tege.
3271 5090 3378 5146 Sed

1799 5199 1960 5247 antea
1993 5190 2225 5253 dixerat,
2258 5188 2468 5242 tametsi
2494 5186 2581 5240 lea:
2602 5203 2666 5240 ea
2693 5202 2796 5240 non
2823 5185 2990 5241 dicat.

2282 5417 2303 5447 ³
2331 5413 2349 5466 1
2377 5414 2624 5485 Coram,
2660 5416 2763 5483 19;
2799 5415 2900 5472 Job
2928 5434 2979 5485 ν,
3018 5416 3101 5471 15.
3181 5414 3202 5445 ⁸
3228 5412 3376 5471 Psal.

186 5638 312 5710 (8|)
358 5640 642 5708 Τυθέντος
673 5641 739 5696 δὲ
782 5642 851 5695 ἐν
893 5644 1069 5712 anno.
1116 5643 1309 5703 Dccssc
1338 5645 1581 5701 nonnihil
1623 5644 1688 5700 ad
1725 5643 2090 5704 integritatem
2128 5645 2297 5700 huius
2331 5643 2432 5698 loci
2460 5642 2696 5695 videtur.
