3844 6270
385 254 487 311 733

1774 250 1832 307 S.
1875 249 2221 305 EPlPllANll

3544 241 3669 303 731

461 373 646 429 Refut.
678 373 708 427 7
729 383 783 430 et
804 374 890 429 i5.
917 373 1063 430 Licet
1092 374 1144 430 in
1174 372 1417 429 secunda
1442 373 1707 428 sententia
1736 372 1965 427 formam

2140 374 2185 436 ζ’
2222 374 2315 426 καὶ
2348 378 2407 425 ιε’
2446 373 2626 442 ἕλεγχ.
2672 372 2789 427 Κάν
2828 390 2886 427 τε
2927 372 2986 424 ὲν
3025 370 3091 443 τῇ
3122 369 3350 441 δευτέρα
3378 366 3669 437 ἀποφάσει

385 466 650 522 orationis
683 466 1078 530 immutaveris,
1102 464 1322 529 Marcio,
1358 473 1519 534 atque
1549 481 1612 519 ex
1652 479 1717 519 eo
1745 463 1888 533 quod
1914 465 1968 515 in

388 557 496 628 lege
526 555 728 627 Moysis
762 556 1071 626 scripseris,
1099 557 1198 609 hac
1236 569 1389 618 voce,
1415 552 1641 623 Moysis,
1666 553 1901 607 alienum
1936 568 1966 605 a

386 650 503 719 lege
537 648 702 702 Deum
732 646 947 703 ostendi
977 647 1254 717 putaveris
1288 660 1470 717 posse,
1506 654 1689 698 tamen
1717 644 1969 713 superior

388 741 480 794 illa
531 739 847 809 conjunctio
896 739 1172 793 vesaniam
1225 745 1373 791 tuam
1418 736 1721 808 redarguit,
1758 737 1968 790 tametsi

388 831 472 884 lex
496 839 602 884 ista
624 846 724 883 non
747 829 911 883 dicat.
932 827 1096 898 356
1120 828 1174 881 In
1196 827 1311 898 lege
1334 828 1533 897 quippe
1558 827 1819 896 scriptum
1848 833 1965 880 est:

390 920 513 977 Non
545 921 794 993 alligabis
822 938 878 976 os
908 920 1020 974 bovi
1051 922 1324 973 trituranti
1357 920 1396 973 ί.
1432 921 1697 975 Ctetertun
1729 917 1875 988 quod
1910 925 1968 971 tu

387 1014 558 1086 legem
588 1013 791 1085 Moysis
824 1014 1064 1068 scribere
1097 1011 1359 1076 maluiSIi,
1395 1012 1530 1065 nihil
1560 1011 1717 1066 nobis
1745 1010 1970 1065 omnino

390 1106 663 1172 nocuisti,
694 1105 787 1161 sed
813 1105 1065 1176 profuisti
1098 1104 1300 1174 potius,
1337 1103 1749 1157 aeluculentius
1779 1109 1969 1156 contra

387 1206 441 1255 te
471 1199 841 1255 testimonium
870 1195 1202 1259 ohiirmasti,
1246 1204 1307 1249 ut
1352 1196 1436 1249 vel
1478 1194 1793 1263 imprudens
1837 1208 1970 1247 con-

388 1289 603 1345 ﬁterere
646 1289 848 1359 Moysis
894 1288 1064 1359 legem
1116 1302 1145 1340 a
1192 1285 1303 1341 Deo
1341 1285 1664 1348 derivatum,
1712 1286 1814 1339 hoc
1851 1286 1970 1354 ipso

387 1382 553 1452 quod,
608 1382 662 1435 in
714 1382 819 1452 lege
874 1378 1066 1447 Hosis,
1116 1378 1423 1448 scripseris.
1476 1376 1629 1441 Item,
1675 1377 1759 1430 lex
1814 1376 1964 1430 dicit.

388 1473 730 1543 Astipulatur
779 1472 921 1525 enim
958 1478 1014 1524 et
1052 1470 1345 1539 Apostolus
1381 1477 1566 1538 postea
1618 1466 1917 1535 subjiciens
1954 1486 1966 1523 :

388 1561 642 1633 Nunquid
696 1563 759 1616 de
799 1562 961 1616 bobus
1006 1576 1133 1614 cura
1174 1570 1249 1613 est
1303 1558 1453 1614 Deo?
1506 1558 1587 1612 An
1629 1567 1838 1626 propter
1876 1572 1968 1611 nos

387 1658 561 1725 utique
590 1655 790 1708 dicit’?
863 1654 1019 1719 Quod
1053 1654 1096 1707 si
1147 1660 1367 1722 propter
1412 1653 1688 1721 apostolos
1731 1659 1839 1704 tam
1883 1650 1964 1703 lect

2071 462 2305 535 ἀλλάξῃς
2338 464 2399 517 τὸ
2440 461 2599 530 εἶδος,
2632 459 2675 517 ὦ
2710 464 2997 536 Μαρκίων,
3034 462 3127 516 καὶ
3159 463 3387 534 νομίσῃς
3420 460 3528 514 ἀπὸ
3553 459 3665 513 τοῦ

2070 553 2429 623 πεποιηκέναι
2482 572 2540 606 σε
2565 595 2577 614 .
2629 555 2697 607 ἐν
2729 553 2809 618 τῷ
2852 553 3013 621 νόμῳ
3047 551 3373 616 Μωῦσέως,
3409 549 3664 603 ἀπαλλοο

2068 643 2253 714 τριοῦν
2279 644 2366 696 διὰ
2406 643 2496 696 τόν
2546 643 2798 698 Μωῒνσέα
2829 643 2962 696 Θεοῦ
3005 644 3097 696 τὸν
3145 643 3343 713 νόμον,
3380 640 3587 695 ἄνωθεν
3636 642 3668 691 6

2073 732 2367 804 σύνδεσμος
2400 734 2609 805 ἐλέγχει
2638 753 2729 787 σου
2765 735 2863 804 τὴν
2889 734 3219 805 ἀφροσύνην,
3257 735 3361 797 ὅτι,
3393 737 3443 786 εἱ
3482 736 3585 786 καὶ
3628 736 3665 787 d

2069 829 2253 897 νόμος
2285 826 2472 882 ταῦτα
2525 829 2596 880 οὺ
2634 827 2815 897 λέγει.
2862 826 2951 878 Ἐν
2985 825 3093 896 γὰρ
3133 825 3209 896 τῷ
3262 826 3412 895 νόμῳ
3446 826 3666 895 γέγρα·

2071 933 2201 969 πται
2222 934 2235 946 ο
2270 920 2349 971 Οὐ
2380 916 2668 986 φιμώσεις
2703 914 2864 980 βοῦν
2888 915 3179 970 ἀλοῶντα.
3210 915 3377 967 Οὐδὲν
3411 915 3465 967 δὲ
3504 914 3665 983 ἡμᾶς

2069 1009 2357 1079 ἠδίκησας,
2398 1008 2500 1061 κάν
2527 1026 2582 1060 τε
2610 1009 2867 1078 προσθεὶς
2894 1008 2953 1060 τὸ
2981 1007 3149 1077 ὄνομα
3180 1006 3483 1069 Μωύσέως·
3516 1006 3669 1058 ἀλλὰ

2072 1100 2216 1169 ἡμᾶς
2254 1098 2351 1169 μὲν
2380 1097 2691 1169 ὠφέλησας,
2723 1098 2864 1152 κατά
2895 1097 3090 1150 σαυτοῦ
3121 1097 3175 1149 δὲ
3209 1096 3307 1166 τὴν
3348 1097 3664 1167 μαρτυρίαν

2070 1191 2367 1259 ἕσφιγξας,
2406 1190 2744 1260 πανταχόθεν
2783 1190 2842 1244 δὲ
2884 1190 3261 1259 ὡμολόγησας,
3303 1189 3515 1256 ἀγνοῶν
3552 1189 3663 1241 τοῦ

2070 1283 2202 1337 Θεοῦ
2254 1278 2392 1336 εἶναι
2434 1284 2524 1335 τὸν
2562 1283 2840 1347 Μωῦσέως
2893 1283 3057 1352 νόμον
3114 1282 3220 1334 ἀπὸ
3262 1281 3389 1343 τοῦ,
3441 1282 3539 1332 Ἐν
3568 1278 3665 1344 τῷ

2069 1375 2230 1442 νόμῳ
2259 1372 2571 1439 Μωεισέως.
2608 1374 2736 1437 Καὶ,
2766 1376 2797 1425 ό
2827 1374 3009 1440 νόμος
3041 1370 3219 1441 λέγει.
3266 1370 3664 1423 Ἑπακολουθεῖ

2069 1466 2177 1537 γάρ
2228 1468 2257 1518 6
2309 1466 2629 1528 ’Λπόστολος
2696 1464 3075 1534 συντιθέμενος
3120 1466 3176 1515 ὲν
3214 1462 3291 1531 τῷ
3351 1463 3662 1533 μετέπειτα.

2071 1558 2347 1628 εἰρηκέναι
2369 1576 2380 1587 ·
2415 1556 2511 1625 Μὴ
2544 1555 2659 1609 τῶν
2683 1555 2852 1620 ,βοῶν
2874 1557 3044 1625 μέλει
3077 1556 3155 1621 τῷ
3185 1553 3305 1620 Θεῷ
3332 1570 3350 1618 ;
3397 1558 3472 1609 Ἣ
3499 1554 3663 1608 πάν-

2070 1667 2183 1717 τως
2210 1650 2282 1702 δι’
2310 1647 2469 1719 ἡμᾶς
2504 1648 2778 1716 εἴρηκεν;
2813 1650 2874 1700 Εἰ
2909 1648 2965 1700 δὲ
3001 1647 3087 1700 διὰ
3150 1650 3274 1708 τοὺς
3307 1648 3652 1709 ἀποστόλους

386 1758 547 1817 quam
583 1746 675 1816 qui
716 1747 770 1800 in
811 1746 927 1815 lege
964 1745 1179 1797 locutus
1216 1752 1299 1796 est
1358 1741 1500 1795 Deus
1547 1742 1650 1796 ista
1690 1740 1966 1803 dixerunt,

2073 1742 2291 1811 εἴρηκεν
2329 1743 2357 1791 6
2394 1739 2577 1808 νόμος,
2627 1739 2720 1792 καὶ
2751 1740 2779 1789 6
2819 1740 2874 1791 ὲν
2916 1739 2994 1808 τῷ
3034 1737 3182 1807 νόμῳ
3216 1738 3348 1800 Θεὸς
3384 1738 3659 1805 λαλήσας,

387 1848 618 1905 uterque
670 1834 910 1905 profecto
953 1835 1321 1902 apostolorum
1367 1831 1569 1885 Christi
1615 1845 1801 1884 curam
1846 1846 1973 1885 διε·

387 1927 536 1995 cipit,
578 1927 703 1979 dum
742 1926 848 1979 illis
910 1940 973 1980 os
1030 1924 1238 1994 alligari
1284 1923 1564 1994 prohibet;
1618 1921 1730 1978 sive
1770 1935 1800 1975 a
1838 1936 1972 1993 prce-

395 2015 627 2071 dicanda
659 2016 862 2070 Christi
897 2015 1146 2069 doctrina
1182 2014 1428 2084 impediri
1468 2020 1647 2080 vetat;
1690 2015 1804 2068 sive
1837 2027 1971 2083 quo-

391 2104 596 2157 tidiana
627 2104 761 2174 ipsis
800 2104 1059 2157 alimenta
1099 2102 1435 2173 suppeditari
1479 2103 1801 2174 pOpulorum
1834 2104 1969 2157 libe-

389 2196 605 2249 ralitate
655 2194 920 2265 praecipit.
969 2191 1154 2262 itaque
1199 2207 1298 2247 nec
1364 2193 1570 2248 alienos
1613 2208 1643 2246 a
1687 2193 1971 2248 divinitate

391 2300 488 2340 sua
515 2286 793 2355 apostolos
819 2284 907 2339 ille
929 2291 1101 2354 putat,
1127 2298 1225 2338 nec
1254 2283 1343 2338 isti
1372 2285 1607 2338 alienum
1641 2284 1817 2352 ipsum
1847 2299 1969 2338 esse

389 2385 658 2431 statuunt.
687 2374 763 2429 Ex
788 2374 891 2428 hoc
916 2389 1044 2429 vero
1067 2373 1344 2428 communi
1372 2373 1626 2427 omnibus
1650 2374 1968 2428 testimonio

391 2469 472 2523 sic
499 2466 701 2535 colligit
741 2466 1034 2537 Apostolus
1073 2484 1085 2519 :
1122 2464 1376 2535 Nunquid
1415 2464 1478 2519 de
1514 2464 1678 2518 bobus
1719 2481 1848 2519 cura
1889 2476 1967 2520 est

392 2560 537 2615 Deo?
576 2558 681 2615 Sed
712 2568 933 2631 propter
964 2558 1240 2630 apostolos
1275 2556 1433 2612 dixit.

460 2742 640 2810 Quare
669 2741 713 2799 si
748 2750 969 2813 pr0pter
1006 2742 1285 2812 apostolos
1326 2742 1611 2814 usurpavit
1633 2785 1647 2809 ,
1684 2745 1965 2800 hominum

390 2848 555 2904 porro
601 2832 979 2904 pecudumque
1040 2833 1292 2887 conditor
1336 2845 1444 2898 est,
1478 2850 1507 2887 e
1559 2835 1761 2905 quibus
1802 2837 1967 2893 boves

393 2934 520 2981 sunt
554 2940 617 2979 ac
669 2939 943 2995 passeres,
989 2931 1293 2993 serpentes,
1348 2925 1554 2990 bestiae,
1609 2927 1803 2994 pisces,
1851 2929 1969 2980 ani-

393 3016 707 3085 mantiaque
763 3016 1007 3084 reliqua,
1063 3028 1405 3083 consequens
1454 3024 1537 3072 est
1588 3032 1774 3070 curam
1818 3018 1964 3071 illum

393 3108 634 3161 omnium
706 3120 804 3176 pro
852 3105 1119 3175 cujusque
1184 3107 1394 3161 ratione
1457 3121 1763 3178 capessere.
1831 3108 1965 3163 Nam

394 3206 450 3251 et
516 3196 895 3267 universorum
964 3197 1015 3251 ci
1097 3211 1283 3250 curam
1352 3210 1474 3252 esse
1551 3200 1685 3254 satis
1758 3214 1828 3254 ex
1902 3215 1968 3255 eo

398 3290 543 3359 quod
606 3289 868 3359 scriptum
924 3297 1008 3343 est
1064 3287 1371 3342 ostenditur
1421 3304 1434 3341 :
1495 3286 1745 3343 Homines
1800 3300 1848 3343 et
1876 3290 1969 3360 ju-

394 3389 570 3433 menta
614 3378 865 3443 εαιιιαὺὶε,
908 3376 1129 3431 Domine
1166 3377 1205 3429 3.
1232 3376 1363 3431 Item
1402 3390 1555 3431 exeo
1601 3395 1613 3431 :
1652 3378 1785 3443 Quis
1822 3379 1968 3433 dedit

396 3482 547 3523 corvo
574 3470 746 3523 cibum
772 3470 827 3521 δῖ
849 3476 902 3522 et
934 3487 947 3521 :
977 3462 1119 3521 Pulli
1145 3484 1413 3521 corvorum
1455 3470 1522 3520 ad
1546 3468 1823 3523 Dominum
1855 3474 1968 3525 cla-

394 3572 540 3615 mant
595 3561 734 3615 cibos
792 3560 1122 3628 postulantes
1157 3558 1178 3591 '
1211 3577 1225 3627 ;
1265 3570 1319 3613 et
1353 3578 1366 3614 :
1404 3560 1568 3615 Dabis
1623 3574 1965 3631 opportunam

394 3668 567 3708 escam
606 3652 845 3707 omnibus
879 3652 920 3705 ⁸.
950 3644 1136 3722 Neque
1194 3662 1322 3705 vero
1364 3652 1524 3706 boum
1565 3654 1621 3707 in
1654 3655 1967 3711 obterendis

396 3743 645 3811 frugibus
664 3740 927 3812 obstringi
952 3739 1209 3810 capistris
1232 3754 1327 3795 ora
1348 3742 1664 3811 simpliciter
1685 3744 1963 3812 prohibet:

403 3835 604 3905 alioqui
653 3834 820 3887 Deum
870 3833 1101 3888 conditis
1144 3847 1173 3887 a
1212 3850 1271 3890 se
1320 3836 1688 3891 animantibus
1728 3838 1967 3907 premere

398 3929 650 3983 alimenta
675 3942 781 3980 non
816 3940 980 3997 posse
1012 3934 1341 3982 monstraret
1372 3945 1385 3982 :
1418 3943 1595 3998 neque
1618 3930 1774 3984 aliter
1803 3945 1964 4003 quam

395 4034 499 4089 ope
522 4019 799 4073 hominum
827 4030 881 4074 et
910 4020 1114 4073 auxilio
1146 4034 1399 4090 pecorum
1432 4020 1633 4089 pabulo
1659 4022 1962 4091 providere.

398 4109 501 4165 Sed
530 4110 659 4164 illud
690 4110 980 4180 Apostolus
1002 4109 1262 4171 declarat,
1294 4124 1399 4164 non
1424 4112 1752 4167 cibariorum
1783 4114 1964 4184 impia

393 4198 563 4255 Deum
613 4200 790 4255 bobus
833 4201 1041 4255 triturae
1078 4208 1319 4271 tempere
1355 4205 1665 4258 consultum
1705 4206 1963 4273 voluisse,

395 4301 557 4361 atque
588 4291 816 4361 obligari
852 4292 1121 4359 vetuisse;
1165 4307 1353 4347 verum
1398 4294 1501 4349 hoc
1533 4296 1760 4365 aenigma
1788 4304 1963 4356 totum

395 4381 462 4435 ad
512 4384 789 4452 apostolos
837 4382 1067 4452 quadam
1115 4384 1431 4440 habitudine
1483 4387 1847 4442 referendum.
1893 4389 1963 4444 At

394 4488 523 4529 vero
570 4473 753 4528 inﬁma
807 4473 1011 4539 omnia,
1061 4488 1180 4543 quae
1231 4489 1396 4531 sensu
1452 4480 1654 4549 percipi
1709 4489 1961 4551 possunt,

393 4563 538 4621 Deus
569 4563 907 4635 providentia
938 4579 1037 4620 sua
1070 4566 1466 4636 complectitur,
1492 4576 1549 4624 et
1584 4571 1963 4627 universorum

395 4670 582 4709 curam
636 4656 842 4725 pariter
890 4656 1138 4725 suscipit.
1186 4655 1302 4712 Non
1344 4661 1488 4714 enim
1534 4660 1799 4717 Salvatori
1837 4678 1965 4719 eon-

394 4745 559 4799 traria
587 4746 808 4816 scripsit
836 4748 1152 4816 Apostolus,
1184 4756 1244 4801 ut
1271 4748 1411 4803 hanc
1446 4752 1549 4806 sibi
1592 4754 1835 4825 plerique
1877 4773 1964 4811 ex-

396 4834 694 4889 cusationis
724 4836 985 4891 latebram
1020 4844 1285 4906 quazrant.
1328 4836 1535 4894 Etenim
1591 4843 1746 4914 longe
1787 4845 1964 4901 bobus

397 4925 634 4980 minores
651 4939 776 4980 sunt
794 4942 1065 4996 passeres,
1082 4930 1149 4985 de
1170 4930 1369 4999 quibus
1398 4945 1427 4983 a
1447 4930 1727 4989 Salvatorc
1757 4936 1964 4993 dictum

394 5024 505 5069 est:
528 5016 765 5085 Quinque
793 5034 1027 5085 passeres
1055 5031 1271 5075 veneunt
1286 5016 1592 5091 dipondio'.
1627 5025 1690 5080 Et
1710 5043 1924 5083 rursum
1949 5051 1961 5086 :

397 5103 587 5161 Nonne
621 5102 782 5177 357
830 5108 935 5164 duo
986 5127 1222 5179 passeres
1279 5130 1398 5169 asse
1440 5128 1678 5181 veneunt,
1732 5130 1781 5174 et
1830 5137 1965 5178 unus

393 5210 457 5249 ea:
486 5196 616 5263 ipsis
647 5213 748 5250 non
769 5200 919 5253 cadet
941 5201 994 5253 in
1018 5200 1259 5270 laqueum
1282 5205 1394 5259 sine
1420 5205 1583 5261 Patre
1606 5219 1772 5265 uestro
1798 5215 1886 5281 qui
1911 5216 1967 5267 in
2014 5242 2017 5247 ι

394 5284 536 5339 caelis
590 5294 665 5338 est
706 5284 776 5338 ⁸⁸3
824 5286 915 5341 Sic
957 5288 1121 5359 igitur
1162 5290 1415 5347 universa
1449 5292 1590 5350 Deus
1626 5298 1962 5365 providentia

394 5390 491 5431 sua
515 5376 801 5448 gubernat.
828 5379 960 5445 Qua:
987 5394 1119 5435 vero
1159 5382 1364 5450 majora
1410 5394 1555 5451 sunt,
1603 5389 1795 5445 altiore
1835 5408 1964 5461 qua-

467 5531 484 5565 ί
518 5528 675 5586 Deut.
716 5532 923 5603 πιπτει.
999 5533 1019 5563 ’
1047 5531 1067 5585 ι
1100 5534 1224 5587 Cor.
1262 5552 1336 5596 Ix.
1374 5537 1429 5598 9,
1464 5539 1525 5593 l0
1614 5541 1634 5571 ³
1663 5540 1801 5596 Psal.
1844 5561 1966 5600 τιν.
2001 5548 2049 5603 7.

394 5603 711 5691 cummis.
771 5604 807 5691 "'
832 5602 1093 5691 Pucaxn,
1304 5606 1491 5691 lilattb.
1528 5626 1581 5673 ι,
1605 5610 1696 5667 22!).
1772 5614 1870 5670 ’F.
1905 5620 1967 5670 ἐπ

2073 5640 2091 5672 J
2102 5638 2191 5691 ρου
2199 5624 2374 5691 μένων

401 5672 653 5744 στρουθία
685 5673 941 5729 πωλεῖται
967 5676 1225 5746 ἀσσαρίου
1251 5677 1367 5739 ἑνός

2073 1832 2407 1902 ἐπιμελεῖται
2438 1830 2543 1901 ἄρα
2578 1830 2684 1882 τῶν
2726 1830 3037 1883 ἀποστόλων
3070 1827 3165 1881 τοῦ
3210 1828 3447 1898 Χριστοῦ
3476 1830 3537 1880 ἑν
3572 1830 3662 1899 τῷ

2076 1924 2150 1993 μὴ
2189 1914 2387 1993 φιμοῦν
2436 1922 2635 1985 αὐτοὺς
2672 1919 3158 1992 παρακελεύεσθαι,
3197 1921 3314 1989 ἦτοι
3344 1919 3436 1972 τοῦ
3464 1920 3660 1973 λαλεῖν

2080 2012 2178 2083 τὴν
2221 2012 2313 2065 τοῦ
2351 2010 2587 2083 Χριστοῦ
2648 2010 2813 2065 αὐτοῦ
2863 2010 3224 2070 διδασκαλίαν.
3256 2011 3375 2080 ἦτοι
3413 2011 3514 2081 τὴν
3554 2012 3661 2079 ἐφ-

2070 2104 2274 2174 ήμερον
2319 2102 2526 2173 τροφὴν
2572 2101 2727 2172 παρά
2775 2102 2882 2155 τῶν
2935 2100 3079 2155 λαῶν
3130 2102 3391 2164 ἀνενὸεῶς
3448 2103 3659 2164 αὐτοὺς

2069 2195 2232 2265 ἔχειν.
2270 2195 2384 2246 Οὐκ
2428 2194 2535 2264 ἄρα
2577 2192 2888 2263 ἀλλοτρίους
2917 2196 3042 2256 τοὺς
3089 2192 3415 2255 ἀποστόλους
3451 2192 3658 2245 ἑαυτοῦ

2069 2287 2167 2356 τῆς
2216 2285 2470 2355 θεότητος
2516 2281 2692 2347 οἶδεν,
2742 2285 2864 2337 οὐδὲ
2918 2287 2968 2337 οἱ
3027 2285 3313 2338 ἀπόστολοι
3364 2284 3658 2351 ἀλλότριον

2069 2378 2231 2430 αὐτὸν
2261 2377 2392 2430 Θεὸν
2429 2377 2709 2447 ἡγοῦνται.
2750 2377 2840 2445 Ἐξ
2875 2375 3057 2450 ¹ἧσπερ
3091 2379 3231 2449 ὑπὲρ
3262 2378 3473 2429 πάντων
3502 2393 3659 2446 μαρ-

2068 2465 2257 2535 τυρίας
2307 2468 2335 2519 ό
2377 2466 2530 2533 am;
2560 2466 2884 2531 Ἀπόστολος
2936 2467 3243 2521 ἀποδέδωκε
3296 2468 3517 2537 φήσαςο
3548 2466 3655 2534 Μὴ

2069 2558 2200 2626 περὶ
2227 2556 2345 2611 τῶν
2371 2559 2539 2624 βοῶν
2560 2560 2729 2629 μέλει
2759 2558 2840 2625 τῷ
2864 2559 3021 2625 Θεῷ;
3056 2560 3215 2613 Ἀλλά
3246 2560 3331 2612 διὰ
3360 2560 3483 2622 τοὺς
3509 2559 3658 2611 ἀπο-

2070 2650 2286 2714 στόλους
2314 2652 2524 2723 εἴρηκε.

2139 2744 2250 2797 Καὶ
2296 2745 2345 2796 εί
2394 2744 2483 2797 διὰ
2521 2744 2647 2807 τοὺς
2686 2743 3015 2807 ἀποστόλους
3054 2742 3245 2813 εἴρηκε
3273 2783 3286 2805 ,
3322 2742 3547 2812 κτίστης
3592 2743 3655 2796 δέ

2070 2837 2183 2888 ἐστι
2235 2834 2539 2906 ἀνθρώπων
2594 2837 2686 2889 καὶ
2730 2837 2944 2907 κτηνῶν
2974 2877 2989 2898 ,
3030 2834 3089 2900 ἐξ
3140 2830 3215 2888 ὧν
3264 2835 3387 2905 βόες
3430 2852 3488 2887 τε
3551 2835 3655 2887 καὶ

2071 2926 2339 2997 στρουθοὶ,
2370 2928 2581 3000 ἑρπετά
2624 2945 2680 2980 τε
2713 2929 2805 2981 καὶ
2845 2927 3110 2991 κνώδαλα,
3146 2927 3328 2979 ὲνόιλιά
3358 2943 3415 2978 τε
3452 2928 3550 2978 καὶ
3581 2926 3655 2978 τά

2070 3019 2229 3075 ἄλλα·
2265 3020 2374 3091 ἄρα
2421 3020 2572 3091 μέλει
2609 3019 2757 3090 αύτῷ
2787 3020 2916 3091 περὶ
2948 3020 3161 3073 πάντων
3195 3020 3335 3073 κατὰ
3371 3018 3468 3089 τὴν
3504 3019 3649 3071 ἒ.κά-

2072 3124 2200 3162 στου
2229 3110 2541 3179 ἀναλογίαν.
2564 3110 2673 3162 Καὶ
2701 3109 2849 3178 μέλει
2890 3110 2988 3180 μὲν
3016 3109 3164 3179 αύτῷ
3194 3110 3319 3178 περὶ
3342 3108 3558 3161 πάντων
3589 3110 3652 3161 ἐν
3686 3098 3691 3103 ’

2067 3199 2144 3270 τῷ
2165 3199 2341 3268 λέγειν
2361 3217 2374 3231 ·
2423 3199 2786 3267 Ἀνθρώπους
2814 3200 2909 3252 καὶ
2944 3200 3134 3268 κτήνη
3165 3200 3402 3265 σώσεις,
3426 3202 3608 3267 Κύριε
3631 3220 3649 3232 ο

2070 3290 2164 3343 καὶ
2207 3292 2264 3343 ὲν
2304 3290 2383 3360 τῷ
2428 3291 2738 3363 είρηκέναι·
2781 3290 2875 3355 Τίς
2917 3290 3135 3344 δέδωκε
3168 3292 3371 3358 κόρακι
3404 3292 3651 3358 βοράν;

2070 3382 2466 3451 καὶχΝε-οσσοὶ
2498 3382 2767 3450 κοράκων
2794 3383 2942 3450 πρὸς
2957 3385 3177 3451 Κύριον
3200 3384 3541 3454 κεκράγασι,
3575 3387 3652 3440 τὰ

2069 3471 2206 3525 σῖτα
2231 3472 2561 3540 ζητοῦντες·
2588 3476 2701 3538 καὶ,
2726 3473 2943 3539 Δώσεις
2973 3473 3090 3542 τὴν
3110 3476 3337 3544 τροφὴν
3360 3478 3649 3544 εὐκαιρον

2068 3565 2191 3631 τοῖς
2218 3564 2429 3622 πᾶσιν.
2467 3567 2626 3619 Ἀλλά
2660 3568 2762 3620 οὐκ
2791 3569 2851 3619 ἑν
2879 3567 2957 3636 τῷ
2987 3568 3151 3640 ἀλοᾷν
3190 3571 3312 3630 τοὺς
3338 3568 3463 3638 βοῦς
3494 3586 3649 3640 παρ-

2069 3657 2346 3710 εκελεύετο
2384 3658 2457 3729 μὴ
2498 3658 2697 3728 φιμοῦν
2732 3658 2858 3728 βοῦν
2882 3660 3158 3713 ἀλοῶντα·
3194 3660 3316 3713 ἐπεὶ
3370 3660 3648 3715 ἐδείκνυεν

2068 3748 2133 3801 ἂν
2159 3749 2234 3820 μὴ
2261 3748 2515 3801 δύνασθαι
2550 3750 2641 3801 τὸν
2681 3750 2813 3803 Θεὸν
2836 3751 3057 3822 τρέφειν
3085 3751 3247 3803 αὑτοῦ
3281 3751 3379 3821 τὴν
3410 3751 3647 3820 κτῆσιν·

2069 3838 2205 3892 ἀλλά
2243 3823 2290 3891 εί
2323 3840 2416 3892 καὶ
2453 3840 2526 3911 μὴ
2555 3839 2646 3893 διὰ
2689 3841 2786 3909 τῆς
2820 3841 2928 3895 τῶν
2963 3840 3263 3911 ἀνθρώπων
3296 3842 3404 3904 τοῖς
3443 3846 3647 3911 κτήνει-

2071 3948 2153 3984 σιν
2205 3932 2694 4002 ἐπικουρουμένους
2737 3932 2757 3963 ⁹
2797 3931 3023 4003 τροφῆς.
3065 3933 3271 3998 Ἐδειξε
3309 3932 3365 3984 δὲ
3406 3933 3437 3984 ό
3485 3931 3647 3998 ἅγιος

2082 4022 2398 4086 Ἀπόστολος
2436 4024 2497 4076 ού
2524 4023 2590 4075 δι’
2632 4025 2865 4094 ἀπορίαν
2898 4023 3105 4095 τροφῆς
3138 4024 3230 4078 τὸν
3262 4023 3390 4077 θεὸν
3426 4023 3512 4076 διὰ
3541 4023 3644 4077 τοῦ

2072 4113 2300 4184 ἁλοητοῦ
2327 4113 2680 4184 ἐπιμέλεσθαι
2710 4114 2865 4184 βοῶν,
2891 4116 2947 4166 ὲν
2969 4116 3045 4185 τῷ
3070 4113 3529 4185 παρακελεύεσθαι
3563 4115 3643 4185 μὴ

2069 4204 2270 4273 φιμοῦν
2312 4206 2437 4267 τοὺς
2484 4205 2791 4269 τοιούτους·
2851 4198 2985 4259 ἀλλά
3031 4206 3120 4259 διὰ
3172 4205 3266 4258 τοῦ
3320 4204 3645 4273 αἰνίγματος

2070 4298 2198 4366 περὶ
2240 4295 2350 4347 τῶν
2392 4297 2706 4351 ἀποστόλων
2750 4297 3111 4369 σημαίνεσθαι
3141 4299 3241 4369 τὴν
3288 4296 3486 4367 σχέσιν.
3516 4295 3645 4351 Τῶν

1994 4416 2037 4471 D
2067 4389 2173 4459 γὰρ
2212 4389 2353 4442 κατά
2382 4390 2445 4443 τὸ
2471 4391 2513 4421 ¹⁸
2543 4391 2816 4460 αἰσθητῶν
2857 4392 3071 4445 πάντων
3110 4392 3340 4443 ποιεῖται
3385 4391 3481 4454 τὴν
3502 4390 3645 4459 πρό·

2068 4497 2238 4547 νοιαν,
2282 4482 2374 4533 καὶ
2401 4482 2599 4551 ὁμοίως
2636 4484 2789 4553 μέλει
2821 4472 2969 4553 αύτῷ
2996 4485 3123 4553 περὶ
3152 4484 3382 4537 πάντων.
3416 4484 3491 4535 οὐ
3525 4482 3642 4553 γὰρ

2069 4571 2357 4635 ἀντιθέτως
2392 4574 2421 4625 6
2459 4574 2777 4638 Ἀπόστολος
2823 4574 2959 4645 πρὸς
3003 4575 3091 4626 τὸν
3133 4574 3355 4645 Σωτῆρα
3378 4573 3641 4643 ἔγραφεν,

2071 4663 2157 4715 ἵνα
2187 4662 2359 4727 οὕτως
2391 4667 2833 4736 προφασίσωνται
2867 4668 2916 4719 οἱ
2952 4665 3154 4719 πολλοί.
3182 4667 3492 4737 Μικρότερα
3526 4665 3641 4736 γὰρ

2066 4754 2177 4807 τῶν
2209 4755 2345 4824 βοῶν
2374 4760 2441 4809 τὰ
2477 4759 2757 4828 στρουθία,
2790 4759 2919 4831 περὶ
2946 4752 3022 4811 ὧν
3043 4762 3070 4812 ό
3097 4759 3288 4828 Σωτὴρ
3328 4758 3530 4824 ἔλεγεν,
3551 4759 3640 4809 ὅτι

2068 4846 2253 4900 Πέντε
2302 4853 2590 4917 στρουθία
2644 4851 2922 4906 πωλεῖται
2982 4852 3296 4917 ἀσσαρίων
3346 4848 3488 4903 δύο·
3540 4850 3640 4901 καὶ

2070 4937 2267 4991 πάλιν·
2322 4941 2467 5010 Οὐχὶ
2504 4942 2613 4996 δύο
2669 4945 2956 5011 στρουοιά
3005 4944 3281 4996 πωλεῖται
3335 4942 3640 5008 ἀσσαρίου

2069 5031 2235 5095 crde;
2262 5033 2307 5063 “
2329 5034 2427 5085 καὶ
2464 5030 2534 5086 ἐν
2563 5035 2633 5098 ἐξ
2653 5034 2851 5089 αὐτῶν
2885 5039 2959 5089 οὐ
2996 5035 3258 5088 πεσεῖται
3310 5035 3395 5098 είς
3420 5032 3640 5099 παγίδα

2070 5121 2215 5176 ἄνευ
2270 5124 2372 5177 τοῦ
2422 5127 2652 5195 Πατρός
2695 5126 2861 5196 ὑμῶν
2907 5129 3012 5180 τοῦ
3070 5128 3139 5179 ὲν
3186 5126 3311 5192 τοῖς
3338 5122 3635 5192 οὐρανοῖς.

2083 5211 2245 5282 Ὁμοῦ
2290 5214 2387 5285 μὲν
2422 5217 2640 5270 πάντων
2695 5221 2945 5289 προνοεῖ·
2984 5217 3090 5271 τῶν
3128 5218 3184 5270 δὲ
3229 5216 3485 5287 μειζόνων
3519 5215 3637 5264 ὲπι-

2072 5306 2351 5375 μελεῖται,
2406 5309 2548 5362 κατά
2596 5310 2655 5363 τὸ
2702 5309 2885 5381 μεῖζον
2933 5306 3071 5373 εἶδος
3119 5310 3220 5379 τῆς
3264 5305 3634 5377 πνευματικῆς

2066 5398 2403 5464 ἀκολουθίας.
2457 5401 2609 5455 Ὤστ⁹
2659 5399 2751 5456 οὖν
2805 5405 2870 5455 ἐκ
2918 5402 3115 5465 παντὸς
3160 5400 3497 5471 ὁμολογεῖται
3545 5398 3632 5449 τὸν

2150 5550 2167 5581 ⁸
2203 5550 2303 5605 Joh
2373 5571 2600 5617 xxxvm,
2634 5557 2721 5610 Η.
2800 5559 2819 5589 ⁵
2857 5556 3001 5611 Psal.
3056 5574 3234 5619 chvI,
3299 5556 3352 5609 9.
3432 5550 3625 5605 ‘Psal.

2477 5630 2519 5657 ¹⁰
2553 5626 2612 5682 ι’.
2643 5629 2814 5684 κάτω.
2893 5631 2931 5660 “
2966 5628 3086 5683 Vat.
3120 5628 3269 5683 addit
3326 5626 3389 5678 Εἰ
3422 5620 3515 5677 οὖν
3541 5623 3629 5675 δύο
