3768 6182
113 255 228 312 785

827 254 1202 311 ADVERSUS
1238 251 1580 310 HIEBESES
1605 251 1669 306 LI

1810 291 1817 305 .
1859 249 2025 308 TOH.
2067 251 2157 308 Ill.
2193 280 2260 293 -—
2300 251 2575 307 HERES.
2619 251 2776 308 XLII.

3271 256 3373 312 736

109 377 284 431 αὑτὸν
327 373 576 445 ποιητὴν,
602 373 696 428 καὶ
734 373 1086 445 δημιουργὸν,
1124 373 1218 429 καὶ
1252 371 1547 442 νομοθέτην
1583 370 1675 422 Πα-

1810 367 1919 422 lam
1947 385 2078 424 cura
2109 378 2162 425 et
2192 370 2446 441 spiritali,
2489 384 2610 440 qua
2643 370 2859 430 illorum
2891 378 3140 432 naturam
3171 384 3370 428 conse-

110 465 278 530 λαιᾶς
320 465 413 518 καὶ
461 465 671 534 Καινῆς
713 464 989 535 Διαθήκης
1023 465 1182 531 ὄντα,
1228 463 1360 517 Θεὸν
1392 461 1596 516 ἀγαθόν
1635 478 1694 514 τε

111 559 215 613 καὶ
243 558 449 612 δίκαιον
481 557 573 610 καὶ¹
603 557 708 612 τῶν
733 557 948 611 πάντων
979 556 1202 628 Κύριον.

198 828 252 892 η’
283 821 376 875 καλ⁹
402 827 477 886 ις’
518 820 666 892 οχόλ.
697 823 754 876 Μ
761 821 793 891 ὴ
820 821 941 876 τῶν
959 822 1130 887 ,βοῶν
1151 821 1322 894 μέλει
1355 821 1434 888 τῷ
1468 821 1623 888 Θε·ῷ;

185 1011 239 1074 η’
268 1005 361 1059 καὶ
393 1011 466 1071 ις’
499 1003 676 1074 ἔλεγχ.
700 1004 836 1075 Ἤδη
867 1004 1465 1075 διαπεπραγμόιτευται,
1501 1005 1593 1058 καὶ
1609 1003 1694 1057 διὰ

113 1095 359 1160 πλάτους
407 1099 742 1168 ἡρμήνευται
792 1098 850 1148 ἐν
893 1095 970 1166 τῷ
1023 1097 1128 1166 πρὸ
1174 1095 1335 1148 αὐτοῦ
1390 1096 1557 1168 ῥητῷ.
1587 1099 1696 1158 Διὸ

115 1190 376 1260 περιττὸν
408 1190 752 1261 ἡγησάμενος
781 1183 935 1252 αὖθις
965 1189 1092 1260 περὶ
1119 1187 1282 1241 αὐτοῦ
1329 1187 1528 1258 λέγειν,
1592 1191 1694 1260 ἡρ-

113 1281 322 1351 κέσθην
350 1284 461 1344 τοῖς
489 1271 949 1350 προειρημένοις.’

190 1371 237 1424 θ’
270 1371 360 1426 καὶ⁴
393 1370 454 1436 ιζ’
478 1372 622 1442 σχόλ.
651 1375 732 1426 Οὺ
758 1373 908 1426 θέλω
929 1371 1036 1442 γὰρ
1064 1371 1221 1442 ὑμᾶς
1241 1372 1502 1443 ἀγνοεῖν,
1523 1374 1696 1434 ἀδελ-

112 1463 242 1530 gcl,
279 1463 366 1515 ὅτι
393 1466 444 1516 οἱ
473 1461 720 1530 πατέρες
751 1461 916 1532 ὑμῶν
936 1464 1054 1518 ὑπὸ
1080 1463 1194 1532 τὴν
1223 1465 1486 1533 νεφέλην
1509 1462 1691 1536 ἦσαν,

111 1556 220 1608 καὶ
252 1554 474 1619 πάντες
509 1554 608 1608 διὰ
633 1553 740 1623 τῆς
772 1555 1089 1624 θαλάσσης
1126 1555 1394 1624 διῆλθον,
1420 1557 1517 1612 καὶ
1547 1557 1696 1611 πάν-

111 1664 218 1712 τες
267 1647 331 1699 τὸ
377 1647 522 1700 αὐτὸ
572 1648 974 1716 πνευματικὸν
1027 1647 1253 1717 ἔφαγον
1307 1649 1542 1718 βρῶμα,
1594 1649 1693 1703 καὶ

1798 460 2006 530 quitur,
2033 459 2399 516 administrat.
2432 458 2880 516 Concludendum
2904 460 3068 530 igitur
3093 467 3198 528 est,
3222 475 3375 516 eum-

1798 552 1919 607 dem
1954 551 2313 616 conditorem,
2359 561 2413 608 et
2451 553 2721 622 opiﬁcem,
2756 567 2820 607 ac
2850 553 3216 624 legislatorem
3249 569 3373 610 esse

1803 643 2014 700 Veteris
2050 659 2113 699 ac
2137 643 2273 699 Novi
2305 644 2638 700 Testamenti
2661 687 2674 709 ,
2708 645 2872 699 Deum
2905 645 3138 713 bonum,
3181 653 3235 702 et
3273 647 3368 718 ju-

1797 747 1964 800 stum.
1996 737 2486 808 universorumque
2520 730 2830 792 Dominum.

1872 829 2059 886 Schol.
2115 830 2148 884 8
2198 841 2253 888 et
2319 829 2406 884 l6.
2451 826 2708 900 Nunquid
2764 827 2827 883 de
2901 827 3063 883 bobus
3117 844 3247 884 cura
3298 837 3377 888 est

1808 920 1924 974 Deo'
1951 920 1988 974 ¹.

1868 1011 2059 1067 Refut.
2089 1011 2122 1067 8
2148 1021 2203 1066 et
2238 1011 2324 1068 16.
2379 1010 2610 1072 Abunde
2659 1016 2929 1066 tractatus
2959 1009 3050 1064 hic
3081 1010 3236 1065 locus
3269 1017 3374 1074 est,

1797 1113 1852 1164 et
1891 1105 1945 1159 in
1979 1105 2249 1176 superiori
2304 1104 2483 1174 capite
2532 1121 2563 1159 a
2610 1104 2769 1160 nobis
2799 1102 3104 1173 expositus.
3137 1102 3377 1172 Ideoque

1798 1210 2271 1265 supervacaneum
2302 1179 2406 1248 rati
2435 1195 2623 1250 eadem
2657 1194 2839 1249 denuo
2863 1204 3128 1265 repetere,
3159 1194 3226 1249 iis
3254 1208 3378 1266 quae

1796 1285 1939 1340 dicta
1971 1291 2100 1339 sunt
2129 1285 2367 1340 contenti
2401 1300 2523 1340 esse
2552 1267 2835 1341 debemus.

1869 1375 2054 1431 Schol.
2089 1377 2121 1432 9
2151 1383 2204 1430 et
2234 1376 2320 1429 l7.
2373 1374 2515 1436 Nolo
2562 1377 2699 1432 enim
2726 1395 2814 1432 vos
2848 1379 3114 1448 ignorare,
3152 1377 3370 1447 fratres,

1795 1467 2043 1538 quoniam
2089 1475 2270 1536 patres,
2315 1469 2486 1522 nostri
2525 1467 2620 1522 sub
2669 1467 2802 1526 nube
2841 1468 3074 1538 fuerunt,
3109 1477 3158 1522 et
3187 1485 3366 1523 omnes

1763 1574 1941 1638 ‘mare
1963 1559 2310 1626 transierunt,
2334 1567 2383 1613 et
2410 1575 2585 1614 omnes
2612 1559 2849 1613 eamdem
2871 1576 3045 1614 escam
3077 1560 3372 1629 spiritalem

1797 1651 2284 1716 manducaverunt,
2344 1660 2394 1706 et
2450 1667 2625 1706 omnes
2681 1651 2920 1707 eumdem
2964 1664 3148 1722 potum
3218 1653 3376 1721 spiri-

111 1739 342 1803 πάντες
366 1739 431 1791 τὸ
464 1739 609 1792 αὑτύ
643 1740 1046 1809 πνευματικὸν
1077 1741 1250 1795 ἔπιον
1290 1743 1470 1811 πόμα.
1526 1744 1675 1804 Ἔπιι

1810 1740 1954 1793 talem
2003 1740 2262 1795 biberunt.
2332 1740 2589 1798 Bibebant
2629 1743 2767 1796 enim
2819 1746 2882 1796 de
2918 1711 3152 1812 spiritali
3193 1711 3376 1798 ροηδε-

109 1849 234 1884 νον
265 1832 374 1901 γὰρ
406 1833 473 1885 ἐκ
501 1832 906 1901 πνευματικῆς
946 1834 1403 1902 ἀκολουθούσης
1439 1835 1690 1905 πέτρας·

109 1924 152 1986 οἱ
204 1923 273 1975 δέ
315 1923 499 1991 πέτρα
548 1920 628 1993 ἦν
678 1927 710 1977 ὁ
761 1927 1031 1992 Χριστός.
1078 1927 1238 1980 Ἀλλ’
1279 1931 1391 1982 οὐκ
1447 1928 1516 1981 ἐν
1570 1929 1695 1996 τοῖς

107 2013 398 2066 πλείοσιν
427 2012 624 2068 αὐτῶν
654 2015 979 2082 ηὐδόκησε.
1009 2018 1198 2072 Ταῦτα
1236 2019 1302 2072 δέ
1334 2021 1505 2073 τύποι
1528 2019 1696 2090 ἡμῶν

105 2106 511 2174 ἐγενήθησαν,
539 2107 624 2176 μὴ
668 2107 816 2175 πρὸς
848 2109 912 2163 τὸ
949 2107 1099 2164 εἶναι
1134 2111 1292 2181 ἡμᾶς
1332 2113 1696 2183 ἐπιθυμητὰς

106 2196 350 2262 κακῶν,
403 2199 595 2265 καθὼς
652 2199 749 2252 καὶ
807 2201 1022 2255 ἐκεῖνοι
1066 2205 1476 2274 ἐπεθύμησαν·
1534 2206 1692 2277 μηδὲ

106 2288 538 2356 εἰδωλολάτραι
580 2290 840 2359 γίνεσθε,
881 2292 1071 2359 καθώς
1122 2311 1279 2361 τινες
1336 2296 1552 2361 αὐτῶν,
1591 2315 1694 2350 κα-

105 2379 230 2446 θὼς
277 2380 592 2450 γέκραπται
617 2398 630 2410 ·
685 2382 999 2437 Ἐκάθισεν
1051 2388 1084 2438 ὁ
1139 2386 1290 2452 λαὸς
1343 2389 1557 2457 φαγεῖν
1593 2390 1691 2444 καὶ

105 2474 296 2539 πιεῖν,
347 2474 444 2527 καὶ
473 2474 825 2543 ἀνέστησαν
856 2475 1100 2537 παίζειν.
1135 2478 1303 2547 Μηδὲ
1342 2480 1692 2549 ἐκπειράζω-

98 2584 224 2636 μεν
249 2566 357 2620 τὸν
383 2569 641 2635 Χριστόν
660 2583 672 2596 ·
710 2568 842 2622 ὅπου
883 2567 1030 2638 λέγει
1058 2586 1071 2599 ·
1101 2569 1284 2624 ταῦτα
1333 2571 1402 2624 δέ
1431 2573 1693 2640 τυπικῶς

102 2657 476 2712 συνέϐαινεν
521 2657 801 2724 ἐκείνοις·
850 2658 1078 2730 ἐγράφη
1123 2661 1193 2715 δὲ
1243 2663 1418 2732 ἡμῖν,
1475 2665 1570 2718 καὶ
1623 2666 1693 2722 τὰ

103 2749 262 2820 ἑξῆς.

181 2843 228 2896 θ’
275 2844 372 2897 καὶ
425 2843 488 2908 ιζ’
535 2843 714 2914 ελεγχ.
758 2845 820 2896 ’Ὠ
857 2843 1057 2916 πολλῆς
1103 2847 1556 2917 φρενοϐλαϐείαςς
1593 2850 1690 2915 Τίς

106 2935 255 3004 ἔχων
318 2935 648 3014 ὀφθαλμοὺς,
692 2935 842 3006 ἡλίου
883 2937 1287 3003 ἀνατέλλοντος,
1347 2940 1536 2994 ἑαυτὸν
1578 2941 1690 2995 ἀπὸ

1792 1840 1976 1902 quente
2004 1848 2091 1885 eos
2121 1841 2308 1898 petra;
2352 1843 2506 1901 petra
2550 1840 2728 1888 autem
2778 1843 2895 1888 erat
2943 1833 3204 1888 Christus.
3259 1832 3364 1886 Sed

1795 1937 1895 1975 non
1926 1922 1980 1975 in
2009 1921 2251 1990 pluribus
2293 1937 2473 1976 eorum
2515 1921 2897 1991 beneplacitum
2937 1931 3015 1976 est
3059 1921 3189 1976 Deo.
3238 1920 3366 1977 ch

1795 2025 1971 2070 autem
1995 2015 2050 2069 in
2075 2017 2248 2086 ﬁgura
2278 2016 2425 2085 facta
2461 2025 2583 2071 sunt
2624 2017 2816 2083 nostri,
2848 2025 2906 2070 ut
2932 2034 3036 2072 non
3057 2019 3224 2073 simus
3249 2035 3366 2074 con-

1793 2109 2114 2176 cupiscentes
2149 2108 2433 2175 malorum,
2479 2111 2618 2164 sicut
2655 2110 2739 2164 illi
2783 2110 3036 2180 fuerunt;
3072 2128 3230 2181 neque
3254 2113 3371 2165 ido-

1795 2200 1968 2254 lorum
2026 2199 2252 2255 cultores
2303 2201 2622 2270 eﬁiciamini,
2662 2201 2798 2256 sicut
2842 2202 3059 2271 quidam
3107 2217 3170 2256 ea:
3211 2203 3361 2272 ipsis,

1793 2293 2232 2364 quemadmodum
2261 2296 2511 2364 sqriptum
2537 2304 2652 2349 est:
2695 2294 2841 2350 Sedit
2884 2295 3107 2374 populus
3149 2294 3368 2349 mandu-

1793 2399 1912 2438 care
1965 2393 2013 2437 et
2042 2383 2236 2447 bibere,
2265 2391 2314 2437 et
2344 2395 2687 2439 surrexerunt
2725 2384 2923 2447 ludere.
2971 2383 3154 2456 Neque
3199 2396 3357 2440 tente-

1793 2492 1909 2530 mus
1957 2475 2247 2538 Christum,
2302 2491 2476 2546 usque
2525 2477 2592 2530 ad
2642 2477 2732 2530 illa
2774 2477 2940 2532 verba
2971 2497 2984 2532 :
3015 2477 3142 2532 [hec
3181 2488 3357 2533 autem

1794 2566 1974 2618 omnia
2008 2566 2062 2618 in
2091 2566 2265 2636 ligura
2296 2566 2664 2636 contingebant
2697 2567 2830 2634 illis,
2870 2569 3071 2638 scripta
3102 2579 3224 2624 sunt
3261 2587 3364 2627 aut

1794 2666 1896 2710 tem
1928 2655 2078 2710 nobis
2111 2658 2155 2724 ',
2181 2666 2287 2712 etc.

1860 2837 2042 2893 Refut.
2094 2838 2127 2894 9
2158 2846 2212 2894 et
2273 2839 2360 2893 17.
2407 2838 2773 2896 Oinauditam
2835 2841 3161 2896 amentiam!
3204 2841 3362 2908 Quis,

1791 2928 2002 2985 oriente
2051 2931 2186 2994 sole,
2217 2931 2265 2985 si
2292 2931 2454 2986 modo
2492 2933 2682 2987 oculos
2724 2933 2940 2998 habeat,
2975 2947 3005 2986 a
3040 2933 3160 2987 luce
3195 2935 3363 3003 possit

102 3027 204 3080 τοῦ
238 3027 418 3096 φωτὸς
449 3027 744 3100 πλανήσει;
788 3030 850 3082 Ei
880 3029 988 3102 γὰρ
1029 3031 1272 3104 πατέρας
1300 3031 1512 3084 -ἐαυτοῦ
1561 3034 1675 3097 τοὺς

1810 3023 2087 3078 iberrare?
2122 3022 2263 3078 Num
2295 3023 2340 3079 si
2372 3031 2556 3094 patres
2591 3038 2723 3079 suos
2750 3031 2962 3080 veteres
2987 3023 3110 3080 illos
3139 3024 3178 3077 Α
3187 3032 3357 3094 posto

99 3120 228 3172 τότε
271 3119 420 3187 λέγει
468 3121 498 3172 ὁ
549 3120 703 3190 ἅγιος
765 3121 1105 3188 Ἀπόστολος,
1145 3125 1238 3177 καὶ
1284 3124 1389 3179 ὑπὸ
1439 3126 1685 3198 νεφέλης,

101 3213 204 3264 καὶ
251 3212 344 3265 διὰ
403 3212 676 3284 Θαλάσσης
726 3213 1126 3286 διεληλυθέναι,
1177 3217 1272 3270 καὶ
1324 3219 1689 3290 πνευματικὸν

103 3306 310 3378 βρῶμα
344 3307 437 3360 καὶ
478 3308 629 3378 πόμα
662 3304 822 3376 εἶναι,
858 3309 1189 3382 βεϐρωκέναι
1241 3311 1298 3364 δὲ
1347 3314 1441 3366 καὶ⁹
1497 3331 1688 3367 πεπω-

99 3399 260 3452 κέναι
291 3401 356 3451 ὲκ
384 3400 758 3470 πνευματικῆς
777 3402 1176 3475 ἀκολουθούσης
1203 3403 1428 3476 πέτρας,
1453 3406 1687 3478 Χριστὸν

97 3490 157 3543 δὲ
189 3487 335 3545 εἶναι
375 3490 472 3562 τὴν
510 3491 715 3563 πέτραν
756 3493 986 3562 φάσκει·
1031 3497 1115 3560 τίς
1145 3496 1500 3568 πεισθήσεται
1527 3500 1685 3571 Μαρε-

97 3584 303 3646 κίωνος
337 3587 402 3654 τῇ
441 3585 687 3656 ἀπονοίᾳ,
717 3585 812 3639 τοῦ
855 3587 1191 3652 σκοτίζοντος
1221 3589 1412 3643 ἑαυτοῦ
1440 3590 1532 3645 τὸν
1562 3591 1686 3645 νοῦν

97 3677 196 3728 καὶ
247 3675 362 3728 τῶν
412 3677 715 3732 ἀκουόντων
763 3677 950 3744 αὐτοῦ,
991 3680 1267 3753 ἀλλότριον
1312 3683 1542 3752 φάσκειν
1593 3684 1685 3737 τὸν

95 3768 344 3838 Χριστὸν
372 3765 480 3819 τῶν
513 3769 570 3820 ὲν
603 3767 750 3839 νόμῳ
776 3770 1103 3838 γενομένων,
1141 3772 1585 3844 ὁμολογουμένων
1627 3773 1684 3827 δὲ

95 3858 254 3929 παρὰ
301 3857 396 3910 τοῦ
446 3857 770 3912 Ἀποστόλου
796 3860 853 3913 ὲν
881 3859 1129 3933 ἀληθεία,
1158 3863 1251 3917 καὶ
1299 3863 1400 3917 οὐκ
1440 3866 1499 3918 ὲν
1527 3864 1684 3936 δοκή-

95 3963 219 4012 σει;
271 3946 476 4000 Φάσκει
519 3945 576 4000 δὲ
614 3949 643 4000 ὁ
688 3947 843 4016 ἅγιος
906 3950 1247 4016 Ἀπόστολος,
1305 3952 1392 4022 μὴ
1444 3953 1515 4007 ἐν
1559 3955 1684 4022 τοῖς

93 4039 418 4105 πλείστοις
450 4039 555 4094 τόν
600 4040 857 4109 Χριστὸν
893 4042 1312 4112 ηὐδοκηκέναι,
1343 4047 1562 4111 πάντως
1593 4047 1682 4104 διὰ

94 4133 427 4204 παράνομον
452 4134 650 4205 πρᾶξιν
681 4135 791 4189 τῶν
831 4138 1030 4192 αὐτῶν.
1073 4139 1136 4192 Et
1165 4138 1221 4192 δὲ
1255 4139 1354 4193 οὐκ
1383 4141 1682 4213 ηὐδόκησεν

92 4226 152 4279 ἐν
176 4229 299 4288 τοῖς
321 4226 462 4280 κατὰ
491 4227 579 4281 τὸν
606 4228 766 4299 νόμον
791 4231 1083 4302 παράνομα
1116 4233 1526 4304 ἐργασαμένοις,
1573 4235 1680 4307 ἄρα

91 4318 406 4385 ἀγανακτεί
444 4321 578 4390 πρὸς
604 4323 729 4386 τοὺς
755 4323 1048 4387 τοιούτους,
1080 4325 1157 4388 ὼς
1183 4325 1351 4380 αὑτοῦ
1386 4325 1678 4392 δεδωκότος

1791 3116 1876 3172 lus
1902 3117 2170 3183 nominat,
2195 3123 2250 3172 et
2275 3117 2383 3172 sub
2403 3117 2547 3173 nube
2570 3113 2762 3181 fuisse,
2797 3132 2862 3170 ac
2896 3131 3046 3171 mare
3076 3115 3362 3172 transiisse

1790 3210 2080 3279 praedicat;
2125 3210 2173 3265 si
2217 3211 2518 3281 spiritalem
2557 3225 2740 3266 escam
2793 3219 2847 3266 et
2899 3218 3084 3280 potum
3126 3224 3355 3265 comme-

1789 3310 1974 3357 morat
2005 3321 2018 3358 :
2053 3305 2294 3372 itemque
2325 3303 2690 3358 manducasse
2715 3317 2779 3357 ac
2809 3302 3013 3358 bibisse
3037 3303 3103 3357 de
3127 3303 3360 3372 spiritali

1787 3402 2157 3463 consequente
2203 3393 2326 3450 illos
2367 3404 2540 3463 petra,
2577 3409 2809 3464 eamque
2836 3401 3048 3464 petram
3073 3393 3364 3450 Christum

1787 3502 1910 3542 esse
1933 3487 2154 3553 scribit;
2181 3487 2305 3556 quis
2329 3485 2620 3541 Marcionis
2643 3486 2868 3541 insania:
2888 3485 3045 3541 ﬁdem
3071 3486 3356 3542 adhibeat:

1786 3578 1879 3648 qui
1931 3594 2087 3635 suam
2141 3593 2206 3633 ac
2253 3586 2587 3634 sectatorum
2647 3593 2872 3633 suorum
2922 3585 3158 3632 mentem
3193 3579 3360 3633 tantis

1785 3669 2029 3725 tenebris
2081 3660 2346 3738 implicat,
2400 3678 2458 3723 ut
2494 3667 2774 3722 Christum
2809 3668 2876 3723 ab
2904 3667 2973 3722 iis
3026 3668 3120 3738 qui
3157 3667 3212 3722 in
3244 3669 3359 3739 lege

1784 3763 1988 3819 versati
2036 3770 2166 3818 sunt
2215 3763 2528 3817 abalienare
2563 3761 2858 3817 contendat
2892 3780 2904 3816 :
2944 3777 3083 3832 quos
3135 3761 3356 3832 quidem

1783 3857 2076 3927 Apostolus
2124 3871 2334 3923 revera,
2378 3871 2489 3910 non
2540 3855 2661 3910 ﬁcta
2705 3855 2942 3925 quadam
2983 3856 3185 3935 specie,
3207 3871 3354 3910 com-

1784 3948 2094 4005 mendavit?
2129 3947 2281 4015 Quod
2334 3955 2517 4002 autem
2564 3949 2621 4002 in
2660 3947 2924 4017 plerisque
2965 3948 3159 4002 scribit
3211 3947 3354 4003 idem

1783 4057 1886 4094 non
1919 4040 2083 4110 fuisse
2112 4040 2368 4109 placitum
2391 4039 2625 4104 Christo,
2660 4039 2819 4110 plane
2851 4038 3017 4110 358
3042 4039 3108 4094 ad
3136 4038 3353 4094 illorum

1782 4132 1992 4187 scelera
2025 4133 2299 4202 pertinere
2332 4131 2636 4202 putandum
2665 4139 2770 4187 est.
2794 4130 2915 4186 Jam
2946 4147 3074 4187 vero
3103 4132 3150 4186 si
3202 4133 3256 4186 in
3287 4132 3354 4186 iis

1781 4224 1874 4294 qui
1904 4223 1960 4278 in
2002 4225 2119 4294 lege
2154 4225 2420 4282 scelerate
2459 4241 2518 4280 se
2553 4233 2842 4296 gesserunt
2899 4241 3242 4297 nequaquam
3274 4227 3350 4280 illi

1782 4317 2041 4386 placitum
2072 4325 2177 4384 est,
2216 4317 2339 4373 ideo
2363 4317 2472 4372 illis
2497 4318 2875 4373 succensuerit
2920 4326 3156 4388 Oportet,
3207 4320 3350 4388 quod

92 4408 183 4461 τὸν
217 4412 410 4482 νόμον,
443 4387 538 4467 καὶ
565 4415 803 4470 διδάσκει
840 4417 1030 4470 ἑαυτοῦ
1065 4387 1155 4472 τὸν
1185 4420 1348 4489 νόμον
1391 4387 1675 4493 ὑπάρχειν,

1810 4424 1961 4480 egem
2039 4411 2156 4479 ipse
2221 4411 2450 4475 tulerit;
2505 4425 2670 4479 quam
2733 4387 2971 4468 omnino
3025 4425 3180 4466 suam
3228 4387 3351 4474 esse

91 4507 273 4581 καιρῷ
322 4507 544 4562 δοθέντα
591 4511 684 4563 καὶ
727 4509 952 4574 δικαίως
997 4511 1502 4585 ὲξυπηρετηθέντα,
1552 4515 1679 4586 ἄχρι

89 4602 192 4670 τῆς
248 4601 522 4670 ὲνσάρκου
563 4600 727 4653 αὐτοῦ
770 4603 1090 4674 παρουσίας.
1128 4604 1343 4676 Πρέπον
1385 4605 1494 4676 γάρ
1533 4607 1678 4662 ἐστιν

89 4693 454 4765 οἰκοδεσπότῃ
498 4692 620 4746 καθ’
652 4695 880 4748 ἕκαστον
924 4695 1112 4767 καιρὸν
1140 4697 1412 4769 ἁρμοδίως
1455 4701 1678 4754 ἐπιτάσ-

93 4803 207 4839 σειν
255 4788 375 4844 τοῖς
419 4785 612 4838 ἑαυτοῦ
655 4785 894 4850 οἰκέταις
941 4787 1009 4841 τὰ
1053 4790 1348 4860 πρέποντα.
1400 4792 1576 4856 Εὐθὺς
1619 4794 1677 4848 δὲ

88 4879 372 4949 ἐπιφέρει,
400 4876 572 4946 λέγων
593 4893 608 4907 ·
648 4879 839 4932 Ταῦτα
871 4878 940 4933 δὲ
970 4882 1142 4934 τύποι
1182 4882 1352 4950 ἡμῶν
1396 4884 1676 4954 ἐγενήθη-

88 4985 231 5030 σαν,
267 4969 424 5037 πρὸς
452 4969 518 5022 τὸ
540 4968 627 5038 μὴ
664 4963 816 5023 εἶναι
846 4969 1004 5040 ἡμᾶς
1047 4972 1413 5041 ἐπιθυμητὰς
1453 4976 1672 5043 κακῶν,

90 5060 292 5127 καθὼς
323 5058 588 5114 κάκεῖνοι
617 5059 1007 5129 ἐπεθύμησαν
1035 5078 1048 5091 ·
1075 5061 1231 5131 μηδὲ
1258 5057 1677 5132 εἰδωλολάτραι

90 5153 366 5219 γίνεσθε,
412 5149 607 5215 καθώς
637 5167 793 5216 τινες
825 5151 1056 5205 αὐτῶν·
1105 5152 1224 5224 οὐχὶ
1271 5153 1411 5208 κατὰ
1458 5155 1677 5210 πάντων

89 5243 186 5315 τὴν
210 5244 401 5314 ψῆφον
436 5243 667 5310 διεξιών.
696 5245 806 5298 Καὶ
840 5246 1002 5300 πόθεν
1033 5241 1178 5310 οἶδας
1204 5247 1394 5312 ταῦτα,
1433 5241 1479 5303 ὦ
1521 5251 1679 5304 Ἀπό-

93 5337 285 5404 στολε;
324 5336 629 5407 Ἐπιφέρει,
686 5337 781 5402 Ὡς
819 5337 1157 5406 γέγραπται,
1196 5341 1406 5412 φήσας·
1450 5342 1675 5399 Ἐκάθι-

90 5443 203 5482 σεν
237 5432 272 5482 ό
324 5428 478 5495 λαὸς
527 5428 740 5499 φαγεῖν
791 5429 888 5483 καὶ
937 5430 1124 5495 πιεῖν,
1175 5432 1272 5485 καὶ
1323 5433 1676 5504 ἀνέστησαν

89 5520 344 5583 παίζειν.

166 5722 180 5753 ¹
210 5717 234 5776 ι
270 5720 404 5778 Cor.
442 5737 519 5788 Ix,
543 5722 596 5780 9.
675 5725 694 5758 ⁹
731 5724 904 5784 lCor.
935 5743 990 5796 ι,
1033 5726 1058 5781 1
1099 5743 1251 5800 sqq.;
1284 5729 1454 5788 Exod.
1495 5749 1665 5805 xxxu,
1697 5737 1749 5791 6.

1786 4500 2096 4574 conﬁrmat,
2160 4516 2282 4570 quae
2326 4515 2425 4570 pro
2474 4500 2738 4570 temporis
2775 4501 3183 4570 Opportunitate
3222 4515 3340 4555 con-

1779 4607 1958 4658 cessa,
2005 4591 2192 4646 tandiu
2239 4591 2578 4648 iunctionem
2607 4605 2763 4653 suam
2800 4599 2884 4646 est
2919 4591 3348 4647 administratio-

1781 4699 2020 4754 nemque
2052 4683 2272 4748 sortita,
2304 4682 2480 4739 donec
2506 4684 2597 4738 ille
2629 4697 2796 4738 carne
2821 4683 3080 4753 praeditus
3112 4683 3350 4738 advenit.

1787 4778 1924 4833 Nam
1999 4787 2053 4833 et
2099 4777 2492 4849 paterfamilias
2555 4775 2732 4832 servis
2793 4776 2910 4832 suis
2987 4784 3349 4834 consentanea

1781 4875 1981 4945 cuique
2011 4874 2243 4946 tempori
2282 4873 2445 4930 debet
2487 4873 2744 4928 mandata
2790 4871 3167 4943 praescribere.
3211 4871 3344 4927 Sub'

1780 4965 1908 5022 inde
1931 4981 2061 5022 vero
2087 4967 2191 5022 ista
2221 4966 2530 5023 subtexuit:
2554 4965 2679 5019 Haec
2710 4973 2886 5018 autem
2910 4964 2964 5016 in
2990 4964 3160 5032 figura
3184 4975 3347 5016 nosti"

1781 5061 2159 5128 contigerunt,
2215 5074 2278 5112 ne
2343 5059 2510 5112 simus
2581 5056 3002 5126 concupiscentes
3053 5056 3346 5119 malorum,

1781 5153 1914 5206 sicut
1948 5153 2028 5206 illi
2057 5152 2468 5220 concupierunt;
2503 5166 2663 5220 neque
2697 5149 2958 5203 idolorum
2987 5147 3212 5202 cultores
3246 5149 3333 5216 efﬁ-

1781 5245 2020 5308 ciamini,
2074 5245 2210 5298 sicut
2252 5243 2472 5313 quidam
2509 5257 2574 5297 ea:
2610 5243 2759 5311 ipsis.
2795 5240 2852 5294 In
2885 5255 2992 5311 quo
3021 5255 3129 5294 non
3160 5254 3344 5294 Otones

1783 5335 2052 5391 sententia
2082 5350 2180 5389 sua
2211 5334 2612 5390 condemnavit.
2641 5333 2747 5390 Sed
2773 5334 3066 5396 undenam,
3099 5331 3328 5386 obsecro

1781 5412 1930 5492 haec,
1972 5426 2250 5496 Apostole,
2307 5425 2489 5481 nosti?
2531 5424 2677 5481 Sicut
2709 5426 2960 5494 scriptum
2998 5433 3098 5488 est,
3132 5422 3341 5492 inquitf

1782 5521 1931 5578 Sedit
1959 5521 2183 5591 populus
2216 5519 2535 5576 manducare
2571 5530 2621 5576 et
2665 5519 2855 5588 bibere,
2907 5528 2956 5574 et
3001 5532 3342 5575 surrexerun'

1784 5619 1982 5673 ludere.
