3844 6290
410 328 512 383 787

407 539 508 596 dos
565 539 846 610 improbos
900 538 1104 595 Paulus
1156 549 1475 610 argumenta
1526 539 1751 611 colligit.
1799 538 2002 594 Deinde

404 648 603 689 rursus
632 650 644 686 :
678 629 861 701 Neque
891 639 1152 685 tentemus
1175 631 1485 685 Dominum.
1518 630 1723 685 Marcio
1754 646 1883 687 vero
1905 645 2002 699 pro

406 724 638 779 Domino
684 722 966 779 Christum
1017 723 1325 779 substituit.
1387 722 1494 778 Sed
1543 722 1685 777 idem
1724 732 1809 778 est
1841 723 2002 793 plane

406 814 664 868 Christus
711 828 775 868 ac
824 812 1110 877 Dominus,
1162 813 1268 870 etsi
1326 812 1591 869 Marcioni
1632 814 1792 869 aliter
1821 814 2001 868 visum

406 907 499 971 sit,
527 921 651 960 cum
679 905 881 961 Christi
910 906 1204 976 appellatio
1231 906 1477 976 subjecta
1506 906 1578 961 sit
1605 907 1659 961 in
1688 906 1755 961 iis
1785 906 1998 969 verbis:

407 996 573 1051 Petra
627 1006 802 1051 autem
852 1006 967 1050 erat
1017 996 1294 1062 Christus;
1363 1006 1442 1059 et,
1491 1014 1595 1052 non
1642 998 1698 1051 in
1740 997 2004 1067 plerisque

407 1083 625 1137 illorum
676 1083 1058 1152 beneplacilum
1101 1094 1181 1139 est
1216 1085 1345 1140 Deo.
1382 1084 1511 1141 Post
1553 1087 1668 1142 lucc
1698 1087 2002 1156 Apostolus

407 1176 502 1231 ubi
548 1185 723 1232 totum
774 1178 908 1233 illud
966 1186 1345 1248 argumentum
1394 1180 1685 1251 percurrit,
1740 1178 1998 1248 subiicit:

410 1267 543 1324 Haec
600 1278 777 1323 autem
833 1270 888 1323 in
936 1270 1113 1340 ﬁgura
1172 1272 1547 1342 contingebant
1598 1272 1748 1336 illis;
1803 1273 2003 1342 scripta

409 1372 538 1417 sum
581 1372 759 1416 autem
810 1362 878 1415 ad
921 1347 1307 1430 correptionem
1340 1373 1602 1419 nostram.
1664 1363 1800 1419 Cum
1839 1364 2006 1434 igitur

409 1470 532 1525 qua:
561 1455 672 1509 illis
706 1454 760 1508 in
823 1453 997 1525 ﬁgura
1042 1456 1435 1527 contingebant
1484 1455 1553 1511 ad
1604 1457 2004 1526 correptionem

406 1556 656 1602 nostram
708 1547 914 1618 scripta
954 1548 1085 1613 sint,
1124 1550 1216 1619 qui
1245 1564 1319 1604 ea
1338 1564 1461 1619 qua:
1532 1558 1646 1603 tum
1688 1548 2007 1604 acciderunt

408 1639 479 1695 ad
530 1641 931 1711 correptionem
984 1650 1233 1718 nostram
1287 1642 1653 1712 praescripsit,
1716 1640 1824 1695 illis
1858 1640 2004 1697 haud

407 1731 577 1787 dubie
608 1732 903 1788 consulere
943 1732 1179 1799 studuit,
1218 1749 1357 1805 quos
1391 1734 1671 1806 corrigere
1714 1743 1876 1804 atque
1911 1733 2005 1788 ad-

1812 325 1871 381 S.
1918 323 2264 379 EPIPHANH

480 446 621 503 Vera
648 454 732 503 est
764 446 947 517 itaque
980 445 1288 518 Scriptura,
1327 445 1395 503 de
1426 462 1534 518 qua
1562 445 1630 500 ad
1661 445 1991 502 convincen-
2026 449 2073 505 Α

3613 318 3726 374 788

2175 444 2315 515 Ἀρα
2342 440 2473 512 γοῦν
2504 441 2711 514 ἀληθὴς
2734 442 2767 515 ἡ
2794 440 3012 514 Γραφὴ,
3046 438 3106 506 ἐξ
3138 430 3206 510 ἦς
3230 437 3325 492 καὶ
3350 436 3441 491 τὸν
3478 435 3727 505 ἔλεγχον

2105 540 2246 592 κατὰ
2276 538 2383 591 τῶν
2416 537 2634 607 ἀνόμων
2660 537 2689 589 ὁ
2729 533 3049 597 Ἀπόστολος
3089 530 3378 603 λαμϐάνει.
3422 525 3578 582 Εἶτα
3614 528 3725 581 πά-

2104 633 2189 688 λιν
2208 650 2220 663 ·
2260 630 2430 700 Μηδὲ
2459 626 2820 699 πειράζωμεν
2838 627 2946 681 τόν
2971 628 3213 694 Κύριον.
3257 625 3316 679 '0
3344 626 3399 679 δὲ
3424 622 3725 693 Μαρκίων

2104 726 2225 780 ἀντὶ
2260 723 2376 791 τοῦ,
2411 723 2655 790 Κύριον,
2690 721 2923 792 Χριστὸν
2955 719 3203 791 ἐποίησε.
3248 719 3487 789 Χριστὸν
3528 717 3595 770 δὲ
3628 718 3726 769 καὶ

2105 818 2311 888 Κύριον
2350 815 2548 871 ταυτὸν
2579 814 2870 885 ὑπάρχειν,
2916 813 3021 867 κᾶν
3058 811 3131 883 μὴ
3180 811 3364 882 δοκοίη
3410 809 3495 878 τῷ
3552 810 3722 878 Μαρ-

2105 910 2284 973 κίωνι,
2316 906 2871 980 προὺποτεταγμένης
2905 905 3005 975 τῆς
3052 904 3145 957 τοῦ
3192 901 3431 975 Χριστοῦ
3489 902 3726 955 ἐπωνυ-

2108 1002 2259 1073 μίας,
2293 1003 2351 1055 ὲν
2383 999 2461 1071 τῷ
2494 1001 2669 1053 εἰπεῖν
2691 1015 2704 1029 ·
2760 999 2820 1053 Ἡ
2846 997 3032 1065 πέτρα
3059 993 3139 1067 ἦν
3178 999 3212 1050 ὀ
3254 997 3557 1064 Χριστός’
3599 995 3723 1057 καὶ,

2100 1096 2221 1149 Οὐκ
2263 1094 2333 1147 ὲν
2377 1092 2502 1159 τοῖς
2549 1093 2833 1147 πλείοσιν
2865 1088 3065 1145 αὐτῶν
3101 1088 3431 1155 ηὑδόκησε.
3472 1086 3723 1154 Διεξιὼν

2103 1186 2161 1240 δὲ
2190 1186 2353 1239 πάλιν
2395 1185 2424 1237 ὁ
2474 1186 2630 1254 ἅγιος
2672 1184 2993 1247 Ἀπόστολος
3026 1183 3205 1236 πᾶσαν
3250 1183 3352 1254 τὴν
3393 1182 3489 1236 τοῦ
3539 1199 3725 1250 κειρα-

2105 1279 2258 1333 λαίου
2292 1278 2571 1340 ὑπόθεσιν,
2604 1277 2767 1348 φησί’
2815 1276 3005 1331 Ταῦτα
3033 1274 3102 1327 δὲ
3129 1273 3394 1340 τυπικῶς
3420 1274 3724 1329 συνέϐαι-

2106 1390 2213 1428 νεν
2240 1373 2497 1439 ἐκεινοις
2519 1388 2532 1401 ·
2572 1370 2800 1442 ὲῃράφη
2834 1368 2902 1422 δὲ
2931 1367 3076 1437 ἡμῖν
3109 1369 3197 1433 εἰς
3235 1369 3603 1422 νουθεσίαν.
3656 1367 3724 1421 Εἰ

2105 1467 2283 1520 τοίνυν
2341 1465 2411 1519 τὰ
2458 1464 2704 1527 τυπικῶς
2757 1462 2994 1523 ἐκείνοις
3030 1459 3417 1532 συμϐεϐηκότα
3481 1462 3723 1533 ἐγράφη

2104 1562 2237 1632 ἡμῖν
2283 1560 2363 1623 εἰς
2401 1556 2702 1622 νουθεσίαν,
2735 1559 2762 1611 ὁ
2796 1555 3015 1627 γράψας
3052 1556 3122 1609 τὰ
3156 1553 3420 1624 γεγονότα
3447 1554 3585 1607 τότε
3639 1556 3724 1617 εἰς

2106 1651 2389 1706 νουθεσίαν
2439 1650 2595 1723 ἡμῶν
2638 1650 2959 1722 ἐπεμελεῖτο
2994 1644 3068 1705 ὧν
3121 1652 3214 1704 καὶ
3262 1647 3365 1720 τὴν
3414 1647 3741 1703 νουθεσίαν-

2107 1745 2365 1810 ὲποιεῖτο,
2405 1743 2466 1796 τὸ
2513 1744 2590 1815 μὴ
2624 1742 2871 1813 γίνεσθαι
2906 1745 3056 1814 ἡμᾶς
3102 1740 3449 1813 ἐπιθυμητὰς
3490 1739 3718 1794 κακῶν.

408 1838 638 1880 monere
701 1825 999 1895 cupiebat,
1067 1842 1138 1882 ne
1200 1827 1471 1881 malorum
1547 1827 2004 1897 concupiscentes

2136 1838 2177 1891 Ο
2208 1837 2266 1890 δὲ
2298 1836 2373 1910 μὴ
2397 1836 2567 1890 θέλων
2597 1836 2785 1890 κακῶν
2809 1834 3154 1907 ἐπιθυμητὰς
3188 1836 3339 1907 ἡμᾶς
3402 1828 3574 1897 εἶναι,
3605 1835 3723 1905 ἄρα

409 1931 682 1973 essemus.
742 1916 1113 1984 Quamobrem
1164 1919 1346 1976 bonus
1400 1919 1583 1985 idem,
1650 1933 1760 1973 non
1827 1919 2005 1975 malus

410 2004 580 2061 fuerit
604 2015 838 2077 oportet.
879 2007 1095 2075 Quibus
1125 2010 1271 2064 enim
1305 2007 1537 2066 aliectus
1572 2016 1679 2074 est,
1718 2009 1915 2065 iisdem
1949 2016 2008 2064 ut

409 2099 628 2170 praediti
667 2115 791 2157 esse
817 2101 1051 2157 velimus
1086 2101 1359 2167 hortatur,
1393 2103 1571 2158 bonus
1617 2102 1707 2157 ille
1747 2102 2005 2157 nimirum

412 2189 583 2254 Deus,
626 2206 691 2248 ac
712 2191 939 2263 justus;
988 2208 1054 2249 ac
1083 2200 1195 2249 tam
1233 2209 1423 2249 eorum
1452 2210 1590 2265 quos
1620 2204 1745 2250 ante
1771 2195 2009 2264 scripse-

413 2291 504 2339 rat
553 2284 717 2353 Deus,
768 2301 931 2357 quam
981 2287 1371 2356 posteriorum,
1444 2287 1540 2358 qui
1586 2288 1822 2358 correpti
1857 2295 2006 2351 sunt,

414 2380 703 2440 conditor:
743 2381 1051 2436 communis
1113 2378 1354 2451 denique
1401 2391 1596 2435 auctor
1648 2382 1895 2437 omnium
1945 2399 2009 2438 ac

414 2474 727 2547 legislalor;
759 2474 853 2544 qui
883 2480 938 2529 et
969 2472 1265 2545 Evangelia
1300 2472 1531 2544 largitus
1561 2481 1666 2542 cst,
1702 2480 1757 2530 et
1782 2482 2006 2545 aposto-

412 2569 597 2624 lorum
630 2568 740 2622 dux
773 2581 838 2623 ac
872 2565 1189 2623 moderator
1212 2566 1448 2621 exstitit.

489 2680 680 2737 Schol.
724 2680 793 2735 10
821 2686 876 2735 et
902 2678 989 2734 18.
1024 2676 1180 2745 Quod
1232 2694 1355 2749 ergo
1398 2677 1561 2735 dico.’
1597 2678 1751 2746 Quod
1781 2678 1835 2732 in
1878 2688 2011 2733 tem-

415 2774 506 2846 plo
531 2773 864 2828 immolatum
895 2770 1099 2841 aliquid
1138 2771 1230 2834 sit,
1267 2779 1361 2824 aut
1403 2770 1759 2841 idolotllytum
1806 2770 2010 2838 aliquid

418 2868 532 2924 sit?
562 2865 664 2922 Sed
684 2882 801 2938 qua:
826 2865 1108 2920 immolant
1129 2862 1428 2928 daemoniis,
1462 2872 1513 2917 et
1545 2880 1649 2918 non
1684 2863 1794 2918 Deo
1830 2865 1871 2916 ί.
1907 2862 2009 2918 Ubi

417 2960 627 3016 Marcio
647 2960 702 3014 in
731 2960 902 3013 sacris
940 2956 1277 3012 immolatum
1314 2956 1536 3025 adjecit.

491 3050 677 3107 Refut.
712 3050 778 3106 10
800 3058 856 3105 et
885 3050 974 3105 18.
1007 3049 1152 3117 Quid
1178 3065 1303 3120 ergo
1334 3049 1495 3105 dico?
1518 3045 1690 3103 Idalis
1721 3048 1887 3119 359
1911 3049 2013 3102 im-

2109 1928 2312 1998 ἀγαθὸς
2341 1929 2597 2000 ὑπάρχει,
2634 1930 2729 1982 καὶ
2754 1928 2813 1981 οὑ
2844 1928 3034 1991 κακός.
3085 1927 3173 1981 Ἐν
3198 1922 3277 1991 οἷς
3306 1925 3416 1997 γὰρ
3440 1926 3716 1996 ὑπάρχει,

2110 2022 2169 2075 ὲν
2196 2018 2409 2084 τούτοις
2442 2018 2814 2091 προτρέπεται
2852 2021 3006 2091 ἡμᾶς
3040 2013 3201 2087 εἶναι,
3234 2022 3262 2073 ὁ
3298 2019 3463 2083 αὑτὸς
3495 2018 3721 2088 ἀγαθὸς

2109 2110 2242 2177 Θεὸς
2268 2111 2344 2165 ὢν
2372 2112 2467 2165 καὶ
2506 2112 2733 2176 δίκαιος,
2768 2114 2796 2166 ὁ
2826 2110 2935 2165 τῶν
2963 2112 3390 2184 προγραφέντων
3414 2111 3579 2176 Θεὸς,
3618 2111 3717 2165 καὶ

2110 2204 2218 2258 τῶν
2282 2204 2575 2274 μετέπειτα
2629 2203 3067 2275 νουθετουμένων
3137 2204 3363 2275 κτίστης
3421 2202 3497 2256 ῶν
3523 2246 3541 2270 ,
3604 2200 3718 2257 τῶν

2112 2295 2331 2349 πάντων
2364 2295 2459 2348 καὶ
2506 2294 2838 2366 δημιουργὸς
2870 2294 2968 2348 καὶ
3009 2293 3335 2366 νομοθέτης,
3382 2296 3478 2348 καὶ
3523 2295 3715 2365 δωρη-

2110 2385 2262 2450 τικὸς
2311 2386 2419 2439 τῶν
2472 2385 2841 2456 Εὑαγγελίων,
2898 2384 2994 2440 κιίἰ⁷
3048 2385 3351 2458 καθοδηγὸς
3398 2385 3509 2439 τῶν
3567 2386 3713 2439 ἁπο-

2114 2479 2339 2535 στόλων.

2187 2691 2217 2736 ι’
2248 2684 2341 2738 καὶ
2379 2691 2446 2754 ιη’
2478 2683 2626 2755 εχόλ.
2664 2685 2724 2740 Τί
2744 2679 2859 2739 οὖν
2907 2700 3092 2757 φημκ
3121 2685 3252 2738 Ὅτι
3304 2684 3622 2752 ἱερόθυτόν
3652 2681 3713 2736 τι

2111 2777 2313 2841 ἐστιν,
2374 2775 2413 2844 ἢ
2477 2776 2875 2830 εἰδωλόθυτόν
2926 2778 2984 2830 τί
3038 2776 3243 2840 eatur;
3298 2775 3459 2829 Ἀλλ’
3519 2775 3623 2829 ὅτι
3673 2774 3713 2828 ἆ

2113 2869 2329 2924 θύουσι
2370 2865 2722 2937 δαιμονίοις,
2775 2866 2874 2919 καὶ
2920 2867 2993 2921 οὐ
3042 2863 3183 2931 Θεῷ.
3219 2864 3521 2918 Ποοσέθετο
3571 2863 3634 2918 δὲ
3681 2864 3711 2917 ὁ

2112 2955 2379 3027 Μαρκίων
2410 2957 2489 3018 τὸ,
2519 2956 2846 3025 ἱερόθυτον.

2186 3069 2205 3104 ιη
2262 3050 2354 3104 καὶ
2408 3056 2474 3122 ιη’
2524 3049 2704 3121 ἔλεγχ.
2740 3051 2801 3104 Τί
2829 3046 2942 3106 οὖν
2977 3067 3170 3120 φημι;
3204 3048 3626 3104 Εὶδωλόθυτόν
3656 3046 3713 3101 τί

420 3144 684 3198 molatum
719 3140 925 3213 aliquid
955 3144 1078 3198 est?
1125 3140 1231 3197 Sed
1263 3157 1381 3212 qua:
1415 3140 1693 3195 immolant
1732 3142 2011 3195 dwmouiis

2136 3147 2320 3207 ἑστιν-ξ
2384 3145 2546 3200 Ἀλλ’
2598 3144 2687 3199 ὅτι
2743 3143 2781 3199 ἂ
2829 3146 3045 3201 θύουσι
3085 3145 3432 3215 δαιμονίοις,
3482 3144 3589 3198 καὶ
3637 3144 3710 3197 οὐ

420 3244 609 3290 etnon
658 3235 789 3290 Deo.
833 3233 953 3289 Non
987 3234 1169 3304 prisca
1211 3234 1303 3289 illa
1349 3244 1567 3305 patrum
1600 3241 1843 3305 tempora
1878 3248 2014 3289 con-

423 3326 704 3383 demnavit
738 3326 1057 3397 Apostolus,
1108 3341 1232 3397 qua!
1278 3326 1345 3380 ad
1387 3333 1600 3381 aetatem
1634 3342 1806 3396 usque
1836 3342 2013 3391 suam,

424 3424 671 3491 adeoque
733 3419 977 3489 quandiu
1026 3426 1228 3475 stetere
1269 3417 1669 3492 Hierosolyma,
1706 3419 2012 3485 ﬂuxerunt,

425 3526 554 3567 cum
607 3526 702 3567 eos
758 3510 917 3578 dixit,
968 3511 1063 3582 qui
1125 3510 1287 3565 idolis
1336 3511 1682 3567 immolarent
1732 3511 2018 3568 daemoniis

426 3603 738 3666 immolare,
794 3617 904 3658 non
959 3601 1089 3656 Deo.
1144 3600 1263 3656 Non
1298 3602 1445 3667 illos,
1474 3603 1718 3673 inquam,
1758 3603 2019 3659 damnare

427 3697 625 3762 voluit,
654 3697 746 3767 qui
780 3695 892 3752 Deo
937 3695 1342 3761 sacriﬁcarent,
1391 3711 1502 3766 quo
1532 3704 1780 3767 tempore
1811 3697 2020 3752 sacriﬁ—

429 3789 547 3845 cari
577 3789 845 3860 oportuit.
892 3787 1000 3844 Sed
1030 3802 1128 3844 eos
1163 3787 1432 3843 duntaxat
1465 3796 1711 3854 accusat,
1745 3788 2019 3860 quiidolis

429 3884 737 3948 immolant,
772 3898 883 3939 non
916 3883 986 3939 ob
1023 3884 1128 3940 hoc
1162 3883 1365 3955 ipsum,
1396 3883 1543 3954 quod
1572 3883 1881 3948 immolant,
1920 3883 2019 3939 sed

433 3979 579 4049 quod
626 3978 789 4035 idolis
831 3978 979 4034 istud
1028 3977 1207 4048 ipsum
1260 3992 1361 4047 pro
1410 3976 1519 4032 Deo
1568 3984 1848 4047 praestant.
1900 3974 2019 4031 Non

432 4072 582 4127 enim
637 4072 760 4128 ideo
814 4070 1153 4135 sacrificant,
1211 4079 1271 4126 ut
1321 4070 1580 4126 alimenta
1641 4069 1903 4124 divinitus
1952 4069 2021 4125 ad

435 4182 597 4222 usum
625 4180 889 4223 concessa
914 4165 1019 4221 sibi
1051 4172 1394 4234 comparent,
1427 4163 1526 4220 sed
1559 4163 1925 4228 daemonibus,
1956 4179 2022 4219 ac

433 4259 747 4317 vanissimis
777 4259 1093 4315 numinibus
1123 4273 1279 4315 sacra
1310 4258 1542 4321 iaciunt.
1575 4256 1659 4313 Tu
1690 4272 1849 4323 vero,
1884 4255 2027 4311 Mar-

434 4353 543 4418 cio,
572 4366 763 4407 vocem
812 4350 983 4413 illam,
1027 4351 1083 4405 in
1128 4349 1319 4415 templo
1350 4349 1709 4412 immolatum,
1746 4348 2019 4419 adjecisti,

434 4461 508 4507 ex
524 4460 590 4501 eo
614 4452 789 4507 ratus,
844 4443 991 4515 quod
1043 4443 1153 4499 duo
1198 4442 1314 4498 haec
1345 4442 1630 4507 vocabula,
1661 4442 1925 4513 templum
1954 4448 2009 4497 et

2122 3235 2261 3302 Θεῷ.
2314 3237 2427 3291 Οὑκ
2469 3236 2819 3308 ἀπηγόρευσε
2871 3237 2963 3291 τὸν
3018 3237 3247 3292 παλαιὸν
3289 3237 3397 3292 τῶν
3451 3238 3710 3309 πατέρων

2120 3330 2310 3401 χρόνον
2338 3332 2366 3383 ὁ
2404 3330 2723 3393 Ἀπόστολος
2755 3329 2859 3393 ἕως
2896 3329 3083 3395 αὑτοῦ,
3118 3330 3213 3384 καὶ
3257 3330 3361 3395 ἕως
3403 3330 3707 3399 ἀνέστηκεν

2132 3422 2519 3495 Ἰερουσαλὴμ,
2570 3422 2681 3477 ἀπὸ
2726 3420 2821 3475 τοῦ
2870 3423 3044 3478 εἰπεῖν
3091 3423 3220 3488 τοὺς
3261 3424 3340 3486 εἰς
3386 3421 3457 3475 τὰ
3508 3420 3707 3476 εἴδωλα

2121 3515 2349 3579 θύοντας
2402 3514 2699 3585 δαιμονίοις
2752 3514 2923 3581 θύειν,
2979 3514 3072 3567 καὶ
3119 3515 3181 3568 οὑ
3238 3512 3377 3585 Θεῷ.
3430 3512 3547 3567 υὺκ
3603 3512 3706 3581 ἄρα

2122 3606 2408 3677 κατέκρινε
2436 3604 2513 3676 τῷ
2540 3604 2659 3677 Θεῷ
2701 3605 3000 3671 θυσάντων,
3046 3606 3134 3659 ὅτε
3169 3604 3331 3675 χρεία
3371 3602 3574 3658 θυσιῶν
3618 3598 3703 3674 ἦν.

2120 3698 2457 3770 Κατακρίνει
2487 3698 2542 3751 δὲ
2585 3699 2713 3762 τοὺς
2760 3697 2987 3761 θύοντας
3029 3696 3289 3761 εἰδώλοις,
3323 3696 3385 3750 οὑ
3421 3696 3510 3751 διὰ
3536 3694 3702 3758 θύειν,

2122 3792 2259 3847 ἀλλὰ
2307 3791 2395 3846 διὰ
2428 3791 2488 3844 τὸ
2531 3791 2654 3845 ἀντί
2695 3790 2814 3862 Θεῷ
2844 3792 2865 3821 ⁸
2920 3789 3162 3853 εἰδώλοις
3200 3788 3366 3844 θύειν.
3411 3789 3547 3844 Οὑτε
3604 3788 3707 3860 γὰρ

2124 3884 2362 3947 θύουσιν,
2404 3884 2492 3937 ἵνα
2524 3882 2730 3957 τροφὴν
2764 3884 2979 3948 ἑαυτοῖς
3024 3885 3087 3937 ὲκ
3134 3883 3269 3937 Θεοῦ
3304 3884 3707 3955 κεχαρισμένην

2123 3980 2204 4043 εἰς
2234 3976 2535 4049 μετάληψιν
2565 3977 2925 4049 ἐργάσωνται,
2958 3976 3094 4030 ἀλλὰ
3120 3976 3341 4049 δαίμοσι
3370 3976 3591 4041 θύοντες
3618 3975 3707 4030 καὶ

2128 4068 2593 4143 ματαιοφροσύνῃ.
2630 4070 2702 4122 Σὺ
2737 4070 2813 4133 δὲ,
2856 4064 2901 4125 ὦ
2941 4069 3231 4143 Μαρκίων.
3277 4069 3627 4143 προσέθηκας
3650 4068 3706 4121 τὸ

2126 4164 2452 4233 ἱερόθυτον,
2502 4162 2731 4234 νομίσας
2767 4163 2876 4217 ἀπὸ
2920 4162 3014 4218 τοῦ
3064 4161 3327 4234 μεμίχθαι
3354 4161 3424 4215 τά
3458 4162 3551 4215 δύο
3600 4161 3707 4215 eve-

2130 4274 2298 4329 ματα,
2351 4254 2499 4327 ἱεροῦ
2528 4272 2589 4308 τε
2641 4256 2736 4309 καὶ
2769 4254 3014 4319 εἰδώλου,
3066 4253 3431 4308 συνάπτεσθαι
3478 4253 3593 4307 τῶν
3624 4252 3706 4306 δύο

2127 4349 2345 4423 τρόπων
2390 4348 2490 4421 τὴν
2532 4349 2735 4421 σχέσιν.
2781 4349 2893 4403 Καὶ
2946 4348 3047 4402 οὑκ
3098 4346 3214 4401 ἔστι
3257 4346 3437 4401 τοῦτο.
3502 4348 3565 4400 Ei
3618 4347 3706 4418 μὲν

2128 4439 2258 4508 γὰρ,
2302 4438 2442 4509 μετὰ
2478 4439 2541 4492 τὸ
2575 4438 2749 4493 ἐλθεῖν
2787 4437 2885 4509 τὴν
2931 4437 3140 4511 Καινὴν
3178 4438 3473 4509 Διαθήκην,
3525 4437 3705 4491 ἐθύετο

436 4540 607 4605 idola,
654 4537 916 4609 permista
972 4537 1206 4594 invicem
1238 4535 1440 4603 forent,
1474 4534 1763 4590 ambarum
1803 4549 2019 4605 quoque

2136 4531 2208 4603 τῷ
2258 4532 2479 4604 Χριστῷ
2527 4535 2646 4587 κατ’
2701 4532 2858 4599 ἰδίαν,
2917 4533 3010 4586 καὶ
3043 4534 3122 4596 εἰς
3176 4532 3345 4603 ὄνομα
3395 4530 3557 4585 αὑτοῦ
3600 4531 3705 4597 ζῶα

436 4635 715 4693 rationum
764 4631 1114 4687 habitudines
1165 4646 1331 4702 posse
1379 4627 1671 4686 confundi.
1725 4627 1832 4683 Sed
1863 4628 2023 4699 longe

437 4727 697 4797 opinione
727 4734 820 4780 tua
850 4724 1077 4780 falleris.
1114 4723 1329 4779 Etenim
1387 4722 1433 4779 si
1478 4730 1772 4792 postquam
1814 4719 2024 4774 Novum

438 4818 852 4875 Testamentum
903 4816 1113 4871 illatum
1158 4823 1263 4879 est,
1314 4815 1568 4885 privatim
1598 4814 1819 4871 Christo
1847 4813 2026 4869 adhuc

440 4909 838 4971 immolaretur,
872 4916 926 4963 et
966 4908 1021 4962 in
1049 4908 1170 4978 ejus
1206 4907 1426 4962 nomine
1459 4905 1787 4961 olierrentur
1816 4906 2028 4959 anima-

439 5001 536 5064 lia,
583 4998 939 5069 probabiliter
986 5000 1085 5055 abs
1124 5009 1176 5054 te
1228 4988 1664 5054 mendacissimaa
1694 4997 1799 5052 illa:
1821 4997 2029 5051 calum-

441 5093 549 5147 niae
578 5099 806 5161 reperta:
834 5091 1173 5157 viderentur,
1209 5100 1268 5147 ut
1301 5103 1355 5147 et
1385 5092 1477 5163 qui
1509 5090 1611 5147 hoc
1640 5103 1883 5162 tempore
1916 5088 2028 5145 Deo

445 5183 843 5249 sacriﬁcarent,
882 5190 936 5239 et
973 5184 1076 5239 hoc
1106 5185 1236 5239 olim
1276 5184 1774 5256 Hierosolymitano
1802 5184 1855 5238 in
1886 5192 2027 5239 tem-

443 5278 538 5350 plo
571 5276 831 5332 fecissent
857 5285 911 5332 et
941 5275 1103 5331 idolis
1136 5277 1507 5342 immolarent,
1540 5277 1594 5332 in
1626 5294 1794 5332 unum
1828 5278 2029 5333 misce-

444 5375 640 5424 rentur
669 5382 881 5431 omnes,
912 5384 975 5422 ac
1008 5368 1313 5433 daemoniis,
1366 5386 1473 5424 non
1516 5369 1627 5425 Deo
1662 5385 1816 5426 sacra
1852 5369 2030 5425 facere

447 5459 793 5515 dicerentun
836 5456 943 5515 Sed
990 5474 1115 5513 cum
1162 5460 1418 5515 animalia
1465 5477 1626 5516 nemo
1658 5461 1877 5517 Christo
1906 5469 2036 5531 post-

447 5550 570 5620 ejus
610 5550 901 5606 adventum
939 5566 1004 5606 ac
1055 5549 1264 5605 Novum
1300 5550 1713 5607 Testamentum
1745 5550 2028 5607 conditum

543 5730 611 5817 ξι
656 5730 783 5788 Cor.
836 5751 890 5802 x,
934 5734 1022 5791 i9.

464 5819 696 5875 κρινετο.

1135 5734 1154 5764 ¹
1204 5731 1263 5788 F.
1320 5731 1411 5786 τοῦ
1459 5732 1614 5785 Θεοῦ.

2132 4624 2427 4696 ἀνεφέρετο
2452 4642 2464 4655 ·
2510 4623 2736 4679 πιθανὸν
2778 4624 2842 4680 ἄν
2883 4641 2965 4679 σοι
3011 4625 3297 4695 εὑρίσκετο
3324 4624 3385 4678 τὺ
3422 4626 3519 4696 τῆς
3553 4642 3707 4678 συκο-

2134 4719 2366 4791 φαντίας
2399 4718 2594 4790 ψεῦδος
2613 4736 2625 4749 ·
2659 4719 2737 4781 ὡς
2764 4717 2873 4773 τῶν
2907 4718 3003 4773 νῦν
3036 4718 3157 4790 Θεῷ
3183 4718 3415 4773 θυόντων
3452 4718 3495 4781 ³,
3525 4718 3637 4773 τῶν
3659 4716 3707 4770 δὲ

2133 4813 2256 4866 τότε
2304 4813 2581 4868 θυσάντων
2624 4814 2681 4866 ἐν
2722 4812 2800 4884 τῷ
2848 4811 2976 4885 ἱερῷ
3032 4812 3441 4883 Ἰεροσολύμων,
3479 4811 3570 4865 καὶ
3610 4810 3706 4865 τῶν

2136 4907 2250 4969 τοῖς
2287 4903 2527 4970 εἰδώλοις
2568 4904 2806 4959 θυόντων
2844 4906 2979 4977 ὁμοῦ
3019 4904 3461 4976 συναπτομένων,
3494 4904 3589 4957 καί
3628 4904 3707 4975 61]-

2141 4999 2502 5071 μοσιευόντων
2529 4999 2572 5064 ⁸,
2614 5000 2709 5052 καὶ
2745 4999 2864 5069 οὑχ).
2896 4998 3034 5070 Θεῷ.
3079 4998 3322 5070 Μηδενδς
3357 4997 3413 5051 δὲ
3456 4998 3707 5058 θύσαντος

2136 5092 2252 5157 ζῶα
2286 5091 2511 5165 Χριστῷ
2541 5092 2647 5145 ἀπὸ
2673 5093 2773 5163 τῆς
2813 5091 3052 5163 Χριστοῦ
3094 5091 3357 5163 ὲνδημίας
3396 5090 3490 5144 καὶ
3510 5087 3705 5155 Καινῆς

2138 5186 2434 5258 Διαθὴκης,
2470 5186 2685 5257 φανερὰ
2713 5188 2745 5255 ἠ
2790 5186 2942 5257 παρὰ
2986 5186 3089 5258 σοι-
3112 5184 3418 5256 προσθήκη.
3450 5184 3514 5236 Ei
3542 5182 3599 5236 δὲ
3630 5180 3707 5233 καὶ

2141 5253 2304 5344 φύσει
2342 5253 2523 5327 ἔκειτο
2552 5276 2584 5345 ἡ
2614 5253 2755 5341 λέξις
2775 5276 2831 5327 ἐν
3010 5253 3321 5342 Ἀ’ποστόλῷ
3353 5253 3480 5343 περὶ
3517 5269 3705 5341 ἱεροθύο

2141 5385 2248 5421 των
2283 5367 2379 5421 κοιλ⁵
2410 5366 2785 5431 εἰδωλοθύτου,
2834 5366 2970 5439 ὁμοῦ
3005 5366 3064 5419 ἓν
3105 5368 3197 5420 καὶ
3229 5366 3290 5419 τὸ
3329 5365 3459 5419 αὑτὸ
3495 5364 3666 5435 ἔκρινε
3688 5359 3704 5391 ⁵

2143 5462 2293 5533 παρὰ
2324 5462 2436 5523 τοῖς
2466 5458 2686 5528 εὑλογον
2716 5458 2977 5529 λογισμὸν
3024 5456 3401 5527 κεκτημένοις,
3449 5471 3704 5524 καταχρη-

2146 5550 2345 5616 στικῶς
2390 5551 2692 5623 λεγομένης
2742 5550 2842 5621 τῆς
2878 5549 3077 5615 λέξεως
3108 5550 3212 5603 ὑπὸ
3251 5547 3346 5602 τοῦ
3403 5547 3703 5603 ’Λποστὸλου

1724 5734 1743 5765 ³
1782 5732 1929 5787 Var.’
1956 5732 2019 5787 ad

2138 5771 2151 5795 ,
2190 5732 2410 5803 Χριστῷ
2438 5731 2694 5787 θυόντων.
2776 5734 2795 5763 ⁸
2815 5728 2855 5784 F
2913 5729 3209 5801 δαιμονίοις
3236 5726 3495 5782 θυόντων.
3604 5724 3624 5759 ³
3654 5718 3700 5778 Ρ.
