3768 6182
99 237 218 296 739
790 238 1163 296 ADVERSUR
1202 238 1545 296 ll/ERESES
1584 238 1711 295 LIB.
1755 238 1796 295 I.
1838 238 2000 295 ΤΟΜ.
2034 239 2123 295 Ill.
2164 269 2236 284 -
2272 239 2547 297 HERES.
2587 240 2744 297 XLII.
3305 242 3408 297 790

96 358 197 411 διὰ
229 356 335 429 τὴν
361 355 471 412 τῶν
511 356 816 430 ἀνθρώπων
847 360 1157 431 συνήθειαν,
1192 360 1299 415 τῶν
1342 362 1433 414 ἀεὶ
1462 361 1521 414 τὸ
1550 361 1703 413 εἴδω-

1894 360 2134 426 molat-it,
2174 360 2308 414 illud
2334 368 2387 415 te
2408 360 2687 415 addidisse
2718 358 3076 417 manifestum
3112 366 3217 417 est.
3248 358 3406 427 Quod

96 449 199 503 λον
233 449 384 520 ἱερὸν
412 446 746 503 καλούντων.

1894 460 1940 506 et
1982 455 2085 507 ista
2130 452 2301 507 dictio
2340 452 2414 506 ita
2468 460 2527 506 ut
2569 452 2845 521 concipis,
2870 453 2938 506 ab
2961 453 3228 523 Apostolo
3257 460 3409 509 esset

96 554 398 611 expressa,
429 549 592 611 atque
626 540 897 613 ἱερόθυτον
964 542 1031 595 ad
1079 541 1427 596 εἰδωλόθυτον
1499 541 1706 611 adjunx

1928 558 2098 597 unum
2176 550 2357 597 tamen
2396 542 2649 612 idemque
2689 556 2813 597 esse
2883 542 3196 611 judicarent
3234 544 3269 598 ii
3313 526 3407 615 qui

95 632 350 687 rationis
398 632 679 701 paululum
725 633 1025 688 haberem:
1059 636 1141 690 sic
1201 644 1261 689 ut
1339 634 1602 690 abusione
1659 635 1900 705 quadam
1970 636 2124 691 vocis
2198 635 2333 690 illud
2375 649 2671 706 usurpasse
2720 633 3039 690 crederetur
3086 635 3405 705 Apostolus,

96 728 259 797 quod
288 727 542 783 homines
574 728 778 783 idolum
813 729 979 801 ἱερόν,
1016 730 1121 785 hoc
1153 737 1237 786 est
1277 746 1520 795 sacrum,
1561 732 1837 802 appellare
1866 730 2061 788 solent.

178 824 301 877 Καὶ
343 824 618 895 πανταχοῦ
649 825 862 879 διέπεσε
903 844 998 879 σου
1030 829 1063 898 ἡ
1104 826 1442 900 ψευδηγόρος
1482 828 1712 892 διάνοια,

1894 830 2163 896 Quocirca
2212 827 2350 884 falsa
2399 829 2491 884 illa
2524 838 2615 884 tua
2665 830 2808 885 ratio
2855 830 3121 894 concidit,
3180 844 3305 884 cum
3359 839 3411 883 ιιι

98 916 535 988 ἀποδειχθείσης
561 917 661 987 τῆς
694 917 985 988 ἀληθείας⁶
1020 920 1101 972 ὅτι
1128 920 1177 972 οἱ
1206 919 1423 983 θύοντες
1452 917 1712 984 εἰδώλοις,

1894 924 2111 978 rissime
2158 923 2231 978 sit
2277 922 2655 993 patefactum,
2720 925 2814 994 qui
2883 924 3047 979 idolis
3098 925 3408 984 inunolaut,

99 1009 233 1080 ἦτοι
274 1010 418 1063 κατά
462 1010 553 1062 τὸν
586 1011 766 1064 αὐτῶν
802 1010 962 1080 λόγον
998 1011 1271 1083 ἱερόθυτον
1316 1012 1345 1064 ὃ
1393 1011 1613 1065 ἐποίουν
1679 1012 1712 1084 ἢ

1899 1013 1966 1068 οι]
2019 1013 2295 1085 ἱερόθυτον
2331 1014 2423 1070 isti
2459 1026 2678 1079 vocant,
2712 1015 2919 1085 quique
2950 1017 3054 1070 hoc
3089 1032 3148 1070 se
3186 1013 3412 1070 menda-

103 1098 362 1165 ποιοῦσι,
398 1098 593 1169 ψεῦδος
627 1100 1008 1173 ἐργαζόμενοι,
1047 1100 1346 1172 δαιμονίοις
1385 1099 1593 1165 Θύουσι,
1620 1102 1712 1154 καὶ

1894 1123 1907 1160 ι
1936 1107 2208 1179 obstringi
2241 1108 2389 1178 passi
2414 1116 2565 1172 sunt,
2615 1116 2710 1163 aut
2744 1107 2925 1163 adhuc
2956 1109 3259 1178 patiuntur,
3298 1108 3410 1163 d18-

100 1195 238 1265 οὑχὶ
268 1194 514 1269 Χριστῷ.
558 1195 697 1249 Ἀλλ’
737 1196 835 1267 οὐχ
887 1196 941 1250 οἵ
983 1214 1113 1250 ποτε
1152 1195 1294 1252 κατὰ
1325 1196 1489 1268 νόμον
1527 1195 1712 1250 θύσαν-

1894 1199 2021 1255 >niis
2064 1200 2370 1261 immolare.
2401 1214 2511 1254 non
2540 1199 2790 1255 Christo.
2810 1200 2964 1266 Quod
2996 1201 3214 1271 quidem
3252 1202 3413 1271 longe

102 1306 204 1351 τες
270 1288 609 1347 δικαιότατα.
653 1286 763 1342 Νῦν
816 1287 874 1341 δὲ
919 1288 1109 1341 τούτου
1143 1290 1341 1360 μηκέτι
1395 1289 1712 1359 γενομένου,

1919 1291 2028 1345 illis
2062 1291 2252 1346 aberat
2308 1294 2402 1361 qui
2445 1306 2511 1345 ex
2558 1290 2677 1361 lege
2717 1299 2831 1345 tum
2864 1292 3173 1361 justissime
3194 1292 3409 1348 sacriﬁ-

103 1380 285 1433 αὑτοῦ
319 1380 563 1443 Θέλοντος
586 1397 600 1410 ·
630 1380 705 1443 ὡς
738 1380 832 1433 καὶ
860 1380 968 1434 ἀπὸ
1000 1379 1107 1434 τῶν
1132 1379 1394 1434 ἀνέκαθεν
1427 1378 1514 1433 διὰ
1555 1380 1712 1451 Ἱερε-

1894 1381 2042 1437 bant.
2100 1380 2255 1449 Quod
2316 1380 2497 1451 ipsum
2543 1391 2727 1438 tamen
2783 1383 2976 1439 eodem
3027 1386 3246 1441 volente
3293 1384 3411 1440 ﬁeri

108 1472 245 1544 μίου
276 1471 370 1526 τοῦ
402 1472 687 1544 προφήτου
719 1471 902 1541 ἔλεγεν
924 1487 937 1501 '
986 1472 1118 1526 Ἵνα
1158 1472 1215 1525 τί
1237 1489 1339 1541 μοι
1366 1473 1619 1526 λίϐανον
1649 1470 1712 1525 ἐκ

1894 1473 2029 1528 siit:
2062 1472 2527 1543 quemadmodum
2592 1475 2704 1545 jam
2771 1475 2900 1530 olim
2950 1490 3046 1546 per
3090 1476 3411 1545 prophetam

106 1564 283 1620 Σαϐᾶ
331 1566 555 1634 φέρεις,
588 1565 687 1620 καὶ
739 1566 1083 1635 κινάμωμον
1124 1565 1191 1618 ἐκ
1234 1563 1347 1635 γῆς
1384 1564 1712 1635 μακρόθεν,

1894 1563 2111 1618 remiam
2135 1562 2461 1619 vaticinatus
2483 1573 2600 1619 est.
2628 1563 2694 1618 Ut
2726 1565 2853 1635 quid
2883 1567 3010 1620 mihi
3039 1569 3157 1621 thus
3181 1566 3243 1620 de
3266 1565 3411 1621 Saba

105 1657 214 1710 καὶ
252 1658 448 1712 πάλινο
479 1661 545 1713 Al
584 1658 790 1713 θυσίαι
826 1672 943 1712 σου
984 1659 1099 1727 οὐχ
1149 1656 1388 1725 ἥδυνὰν
1428 1674 1531 1727 μοι
1556 1674 1569 1687 ·
1612 1656 1708 1709 καὶ

1894 1658 1995 1721 ers,
2043 1662 2092 1707 et
2146 1654 2503 1709 cinamomum
2550 1654 2614 1708 de
2670 1665 2812 1710 terra
2844 1656 3125 1727 longinqua
3151 1657 3208 1710 "2
3238 1656 3409 1713 ltum:

106 1751 344 1804 ἀλλοτε·
383 1747 561 1819 Ἆρόν
590 1767 707 1807 σου
738 1752 846 1819 τὰς
879 1752 1117 1818 θυσίας,
1155 1750 1427 1819 Ἰσραὴλ,
1461 1750 1561 1804 καὶ
1595 1748 1710 1819 φά-

1894 1749 2068 1803 ctimw
2103 1754 2208 1801 tua:
2236 1765 2335 1802 non
2373 1749 2687 1818 placuerunt
2723 1750 2855 1804 mihi
2885 1750 2927 1804 ³.
2954 1750 3119 1822 360
3151 1750 3215 1805 Et
3243 1751 3408 1805 alibi:

108 1860 254 1914 τετε
300 1845 464 1912 κρέα.
517 1845 601 1898 Οὐ
638 1844 749 1913 γὰρ
804 1844 1199 1914 ἐνετειλάμην
1243 1842 1367 1909 τοῖς
1414 1841 1712 1912 πατράσιν

1899 1839 1965 1894 lle
1992 1840 2236 1895 victimas
2255 1850 2401 1904 tuas,
2426 1840 2629 1906 Israel,
2676 1852 2725 1896 et
2753 1843 3008 1897 comedite
3036 1860 3244 1897 carnes.
3276 1843 3408 1897 Non

107 1932 290 2003 ὑμῶν
335 1934 405 1987 ἐν
447 1933 638 2003 ἡμέρᾳ
684 1934 1125 2004 ἐπιλαϐομένου
1202 1952 1323 2003 μου
1361 1929 1471 2001 τῆς
1515 1930 1712 2001 χειρὸς

1894 1936 1952 1989 r'nt
1982 1935 2205 2005 pracepi
2242 1935 2486 2004 patribus
2518 1936 2700 1989 vestris
2727 1938 2779 1989 in
2812 1936 2896 1989 die
2956 1952 3061 2001 qua
3090 1935 3410 2005 apprehendi

108 2027 341 2092 αὐτῶν,
384 2026 701 2097 ἐξαγαγεῖν
727 2028 953 2095 αὐτοὺς
986 2027 1056 2081 ἐκ
1080 2026 1194 2096 τῆς
1225 2026 1546 2097 Αἰγύπτου,
1580 2023 1712 2092 περὶ

1894 2044 2040 2081 mum
2066 2044 2271 2090 eorum,
2304 2036 2363 2081 ut
2383 2027 2658 2081 educerem
2685 2044 2773 2083 eos
2807 2028 2872 2081 de
2894 2037 3040 2081 terra
3075 2026 3317 2098 At‘gypti,
3348 2028 3414 2081 de

109 2119 385 2175 θυσιῶν·
432 2120 594 2175 ἀλλὰ
642 2120 818 2176 τοῦτο
872 2119 1264 2190 ἐνετειλάμην
1310 2117 1535 2183 αὐτοῖς,
1578 2117 1712 2172 ἐκα-

1900 2120 2079 2185 timis;
2107 2118 2197 2174 sed
2220 2120 2316 2175 hoc
2346 2121 2570 2189 praecepi
2595 2119 2727 2185 illis,
2762 2134 3184 2188 unumquemque
3240 2120 3415 2187 facere

110 2228 275 2265 στον
298 2210 492 2265 ποιεῖν
522 2211 923 2280 δικαιοσύνην
961 2211 1113 2280 πρὸς
1157 2211 1261 2265 τὸν
1288 2212 1576 2279 πλησίον.
1611 2210 1712 2263 Αὐ-

1894 2215 2085 2268 uitiam
2142 2230 2262 2268 cum
2304 2215 2549 2282 proximo
2591 2230 2686 2268 suo
2726 2213 2775 2269 ⁸.
2833 2213 2972 2268 Cum
3022 2213 3189 2283 igitur
3236 2212 3411 2267 dicit:

108 2304 215 2358 τοῦ
251 2304 309 2357 δὲ
347 2303 622 2374 λέγοντος,
663 2305 746 2357 ὅτι
797 2306 920 2359 Οὐκ
962 2303 1379 2373 ἐνετειλάμην,
1411 2304 1503 2357 καὶ
1551 2300 1712 2357 αὑτοῦ

1894 2323 1946 2360 m
1973 2309 2198 2377 praecepi
2229 2308 2387 2373 illis;
2449 2316 2503 2363 et
2555 2308 2696 2363 idem
2743 2316 2924 2362 tamen
2975 2308 3030 2361 in
3079 2307 3195 2379 lege
3242 2305 3415 2378 Moysi

111 2401 174 2451 ὲν
210 2398 289 2469 τῷ
318 2399 465 2470 νόμῳ
500 2398 749 2467 λέγοντος
784 2397 863 2469 τῷ
894 2399 1125 2468 Μωῦσῇ,
1154 2397 1238 2450 ὅτι
1265 2397 1559 2462 Ἕκαστος
1600 2394 1712 2447 τῶν

1894 2399 2068 2470 recipit
2096 2418 2109 2454 :
2141 2398 2373 2465 Quilibet
2415 2400 2652 2470 ﬁliorum
2698 2398 2894 2462 Israel,
2930 2400 2978 2454 si
3029 2401 3220 2470 oﬂ'erat
3244 2400 3414 2455 sacri-

112 2491 270 2546 υἱῶν
331 2491 592 2559 Ἰσραὴλ,
624 2491 733 2547 ἐὰν
773 2491 1150 2561 προσενέγκῃ
1192 2490 1415 2545 θυσίαν
1443 2490 1511 2543 ἐκ
1549 2486 1712 2553 βοῶν

1894 2494 2001 2546 ium
2031 2493 2095 2547 de
2120 2493 2280 2547 bobus
2309 2503 2401 2546 aut
2430 2492 2632 2557 ovibus,
2667 2492 2967 2546 masculum
2995 2492 3412 2546 immaculatum

112 2584 154 2652 ἢ
214 2584 548 2652 προϐάτων,
600 2584 793 2653 ἄρσεν
840 2583 1085 2654 ἄμωμον
1135 2581 1518 2652 προσφερέτω
1552 2598 1565 2610 ·
1624 2582 1712 2634 καὶ

1894 2586 2012 2638 'erat
2038 2585 2080 2639 ⁵.
2113 2584 2192 2640 Ac
2227 2599 2488 2640 rursum:
2522 2582 2583 2637 Si
2613 2584 2731 2654 quis
2765 2585 3074 2651 peccaverit,
3115 2592 3164 2637 ct
3214 2583 3277 2637 in»
3312 2583 3416 2637 ali-

117 2677 322 2731 πάλιν⁸
376 2675 519 2730 Ἐάν
576 2694 668 2743 τις
725 2675 982 2745 ἁμάρτῃ,
1032 2675 1129 2729 καὶ
1182 2672 1423 2745 γένηται
1480 2675 1550 2728 ἐν
1602 2691 1712 2727 τινι

1894 2697 1923 2734 ο
1969 2678 2237 2732 inventum
2259 2687 2335 2733 est
2367 2676 2642 2741 delictum,
2673 2677 2852 2747 offeret
2883 2693 3097 2747 agnum.
3141 2676 3269 2732 Item
3302 2694 3316 2731 :
3354 2674 3427 2731 Si.

111 2770 525 2839 πλημμελείᾳ,
578 2768 932 2839 προσαγάγῃ
984 2770 1317 2837 πρόϐατον
1374 2770 1468 2821 καὶ
1521 2767 1712 2822 πάλιν·

1894 2771 2117 2825 ccaverit
2174 2769 2422 2841 populus.
2483 2770 2663 2839 o/feret
2714 2770 2983 2824 vitulum:
3017 2770 3109 2825 his
3157 2769 3415 2825 omnibus

126 2867 278 2921 Ἐὰν
310 2866 541 2936 ἁμάρτῃ
576 2870 608 2921 ὀ
637 2865 808 2931 λαὸς,
842 2863 1219 2933 προσενέγκῃ
1244 2865 1486 2933 μόσχον
1505 2880 1517 2892 ·
1552 2860 1712 2925 ἔδειξε

1894 2871 1981 2918 ata
2016 2863 2120 2919 sibi
2161 2862 2337 2918 fuisse
2370 2861 2643 2917 sacrilicia
2679 2860 2944 2927 declarat,
2996 2876 3118 2932 quae
3168 2870 3282 2915 tum
3313 2874 3415 2931 pro

116 2958 224 3029 μὲν
266 2958 683 3028 εὐπροσδέκτως
722 2957 883 3011 αὑτὸν
915 2956 1241 3027 κομίζεσθαι
1280 2954 1380 3018 τὰς
1426 2954 1567 3025 ὑπὲρ
1615 2970 1712 3006 σω-

1894 2961 2005 3014 lute
2029 2958 2216 3029 populi
2248 2958 2415 3013 istius
2438 2958 2624 3012 oblata
2656 2965 2785 3011 sunt
2815 2976 2828 3011 :
2865 2971 2976 3011 non
3014 2956 3161 3027 quod
3194 2957 3302 3013 illis
3331 2957 3417 3010 in-

112 3049 317 3122 τηρίας
346 3050 439 3104 τοῦ
492 3048 620 3103 λαοῦ
648 3066 779 3103 ποτε
810 3047 1158 3112 τελεσθείσας
1205 3046 1397 3109 θυσίας
1416 3058 1432 3073 ⁸
1482 3047 1583 3099 οὐκ
1613 3044 1712 3096 αὑ-

1894 3060 2060 3124 geret,
2091 3059 2186 3106 aut
2211 3051 2507 3107 admodum
2540 3059 2783 3121 cuperet,
2827 3048 2922 3104 sed
2953 3056 3011 3103 ut
3042 3049 3109 3104 ad
3138 3063 3328 3105 eorum
3355 3063 3416 3104 se

112 3144 216 3195 τοῦ
264 3143 619 3213 ἐπιδεομένου
661 3141 887 3197 τούτων.
915 3140 1035 3194 οὐδὲ
1071 3139 1317 3202 θέλοντος
1347 3137 1539 3202 ταῦτα,
1585 3136 1712 3190 ἀλλά

1894 3146 2254 3201 ιὺεοίιιὶιιιιεηι
2288 3151 2343 3199 et
2384 3144 2739 3214 anticipatam
2775 3142 3029 3197 humana:
3062 3142 3263 3196 mentis
3295 3140 3414 3211 opi-

115 3236 649 3304 συγκαταϐαίνοντος
672 3232 851 3287 αὐτῶν
876 3236 942 3305 τῇ
971 3232 1249 3305 ἀσθενείᾳ,
1281 3232 1378 3285 καὶ
1403 3234 1468 3301 τῇ
1498 3230 1599 3301 τῆς
1628 3231 1712 3283 ἀν-

1894 3253 2039 3292 )ιιειιι
2104 3235 2569 3298 accommodaret,
2643 3243 2807 3303 atque
2858 3240 2919 3287 ut
2968 3248 2999 3287 a
3053 3232 3413 3303 plurimorum

114 3328 477 3399 θρωπότητος
524 3326 823 3399 προλήψει·
870 3326 958 3379 ἵνα
1007 3326 1116 3379 ἀπὸ
1160 3329 1263 3397 τῆς
1315 3323 1605 3386 πολυθεῒας
1635 3325 1712 3387 εἰς

1894 3330 1981 3383 ιω
2036 3327 2322 3382 numinum
2357 3327 2424 3383 ad
2460 3328 2629 3382 unius
2657 3326 2753 3382 Dei
2789 3326 3156 3397 cognitionem
3193 3326 3413 3381 illorum

112 3422 217 3491 τὴν
264 3419 362 3473 τοῦ
393 3420 522 3491 περὶ
557 3419 675 3483 ἑνὸς
711 3417 846 3472 Θεοῦ
881 3416 1081 3487 γνῶσιν
1132 3418 1432 3489 μετενέγκῃ
1482 3417 1580 3489 τὴν
1610 3416 1712 3470 τῶν

1894 3424 2048 3478 ιὶιηοε
2081 3422 2417 3478 traduceret.
2512 3430 2515 3433 ’
2564 3430 2573 3439 ⁴

114 3513 216 3567 ἀνθ
227 3511 427 3585 ρώπων
456 3512 713 3566 διάνοιαν.

168 3626 179 3639 ι
201 3605 424 3675 Ἐπειδὴ
458 3606 567 3676 γὰρ
601 3606 837 3677 ἰσχυρῶς
865 3604 1255 3676 ὲτεθεμελίωτο
1294 3606 1327 3676 ἡ
1372 3604 1579 3660 διάνοια
1618 3604 1721 3658 αὐ-

113 3698 229 3751 τῶν
259 3699 319 3750 ὲν
348 3701 414 3769 τῇ
444 3697 629 3769 θυσίᾳ,
655 3699 731 3762 ὡς
760 3696 1014 3769 εὐσεϐείᾳ
1050 3700 1116 3768 τῇ
1152 3697 1294 3769 ὑπὲρ
1325 3697 1569 3768 ίλασμῶν
1592 3699 1720 3751 ἑαυ-

111 3790 228 3843 τῶν
270 3789 367 3843 καὶ
418 3790 692 3861 σωτηρίας
741 3789 982 3853 εἰδώλοις
1041 3789 1466 3862 προσφερομένῃ
1536 3791 1616 3851 είς
1664 3788 1721 3841 δὲ

113 3884 175 3945 τὸ
208 3881 286 3952 μὴ
318 3881 466 3946 ἅπαξ
490 3883 600 3952 (8:2)
633 3882 885 3952 χαλεπῶς
918 3883 1074 3954 φέρει
1111 3884 1153 3947 ⁸,
1187 3881 1274 3933 διά
1305 3881 1401 3951 τὴν
1434 3881 1721 3952 συνήθειαν

112 3972 213 4037 τοῦ
243 3972 609 4043 ἀποστρέψαι,
642 3971 802 4025 τοῦτο
834 3975 1007 4025 ποιεῖν
1040 3972 1147 4037 ἓως
1182 3972 1377 4043 καιροῦ
1405 3974 1483 4035 εἰς
1528 3972 1718 4043 ὄνομα.

113 4064 230 4117 ἀπὸ
276 4064 380 4135 τῆς
433 4064 696 4119 πολυθέου
754 4064 1054 4135 φαντασίας
1106 4064 1350 4136 ἠθέλησα
1384 4066 1427 4096 ί·
1481 4065 1551 4118 τὰ
1597 4064 1719 4117 κατ’

115 4157 241 4221 ἔτος
265 4158 451 4221 αὐτοῖς
478 4158 740 4228 γινόμενα
774 4158 855 4221 είς
880 4157 973 4211 τὸν
1008 4156 1369 4227 μεταλλάξαι·
1406 4157 1493 4211 ἵνα
1532 4156 1720 4211 λοιπὸν

115 4251 341 4318 γνόντες
370 4250 461 4303 τὸν
494 4249 611 4312 ἕνα,
644 4252 738 4303 καὶ
784 4249 1174 4313 πιστεύσαντες
1228 4247 1488 4317 ἀσφαλῶς
1531 4248 1610 4319 τῷ
1641 4250 1719 4303 ἑνὶ

1898 3600 2111 3657 Etenim
2153 3601 2412 3673 quoniam
2455 3601 2509 3657 in
2554 3601 2847 3658 sacriﬁciis
2888 3602 3240 3658 vehementer
3266 3600 3414 3673 ipso-

1824 3710 1946 3749 rum
1982 3694 2159 3751 delixa
2194 3712 2348 3752 mens
2377 3706 2513 3760 erat,
2545 3694 2808 3766 tauquam
2840 3695 3059 3766 pietatis
3088 3696 3204 3750 haec
3229 3702 3414 3750 essent

1828 3786 2025 3848 ollicia,
2079 3801 2199 3856 qua:
2248 3784 2409 3841 idolis
2462 3801 2562 3855 pro
2615 3787 2926 3856 expiatione
2973 3801 3072 3841 sua
3126 3800 3190 3841 ac
3240 3787 3415 3843 salute

1822 3884 2185 3946 praestarent,
2223 3875 2388 3929 sin'ml
2420 3892 2490 3931 ne
2519 3876 2589 3930 ob
2616 3877 3073 3931 consuetudinem
3102 3877 3412 3947 extorqueri

1824 3969 2009 4024 subito
2058 3967 2162 4023 sibi
2200 3968 2307 4023 ista
2338 3969 2525 4023 omnia
2575 3970 2861 4025 molestius
2914 3969 3159 4038 ferrent;
3210 3987 3312 4028 suo
3353 3972 3408 4028 in

1825 4060 2047 4114 nomine
2086 4059 2203 4114 ﬁeri
2250 4060 2357 4115 ista
2408 4060 2691 4131 aliquanto
2736 4070 2984 4133 tempore
3010 4063 3203 4128 voluit,
3233 4079 3344 4134 quo
3377 4081 3409 4119 a

1822 4151 2063 4221 plurium
2113 4151 2341 4206 deorum
2387 4153 2536 4207 inani
2573 4154 2723 4209 cultu
2752 4170 2965 4210 annuas
3001 4155 3122 4210 illas
3154 4171 3411 4213 estremo-

1824 4244 1946 4300 nias
1998 4244 2065 4299 ad
2116 4244 2441 4316 obsequium
2494 4263 2654 4302 suum
2709 4251 3117 4305 transferrent:
3154 4260 3320 4321 atque
3352 4260 3413 4305 ut

113 4345 251 4415 παρ’
285 4342 451 4396 αὑτοῦ
480 4342 801 4414 ἀκούσωμεν
822 4359 835 4373 ’
870 4342 968 4409 Μὴ
1002 4341 1264 4411 ράγομαι
1294 4340 1436 4409 κρέα
1458 4343 1712 4410 ταύρων,

1894 4353 1937 4392 ιο
1981 4337 2201 4393 demum
2236 4340 2461 4410 cognito
2493 4340 2627 4405 Deo,
2661 4342 3134 4413 corroborataque
3168 4344 3220 4398 in
3256 4344 3410 4398 illum

114 4436 155 4503 ἢ
217 4429 362 4503 αἷμα
412 4433 640 4504 τράγων
675 4434 918 4502 πίομαι;
965 4435 1079 4500 καὶ,
1105 4431 1156 4485 Μ
1170 4432 1203 4501 ὴ
1258 4432 1715 4501 τεσσαράκοντα

115 4531 223 4594 ἐτη
267 4527 491 4581 θυσίαν
542 4525 999 4595 προσηνέγκατέ
1030 4544 1131 4596 μοι
1182 4527 1252 4580 ἐν
1284 4525 1501 4595 ἐρήμῳ,
1549 4521 1713 4592 οἶκος

129 4618 383 4687 Ἰσραήλ
405 4636 423 4683 ;

188 4891 450 4957 Καίτοιγε
485 4889 696 4943 πολλῶν
768 4889 970 4943 θυσιῶν
1037 4890 1157 4943 τότε
1230 4892 1706 4961 προσενεχθεισῶν

118 4985 267 5054 ξὸὂ),
328 4983 415 5036 ἵνα
472 4982 649 5055 δείξῃ,
707 4984 789 5036 ὅτι
842 4984 941 5035 οὐκ
999 4983 1147 5054 αῦτῷ
1178 4984 1538 5057 προσέφερον.
1574 4988 1707 5039 Καί-

209 5144 227 5174 ¹
253 5140 381 5213 Cor.
412 5140 619 5209 φέρειν.
683 5144 721 5173 ¹⁶
742 5141 846 5195 Pro
884 5140 1167 5213 ἠθέλησα,

121 5229 261 5279 mr,
296 5212 381 5266 l9.
459 5213 480 5243 ‘
518 5213 661 5267 l’sal.
694 5228 843 5279 χιιι,
880 5212 962 5268 l5.
1039 5215 1057 5243 ⁷
1095 5212 1264 5268 Amos
1298 5212 1349 5279 ν,
1376 5216 1465 5269 25.

191 5401 303 5469 (8:2)
329 5402 432 5465 Εις
468 5398 536 5451 δὲ
562 5399 628 5452 τὸ
652 5399 737 5468 μὴ
767 5398 952 5464 ἅπαξ.
984 5399 1188 5454 Vitium
1222 5400 1387 5470 hujus
1412 5400 1513 5455 loci
1549 5418 1709 5459 nemo

120 5490 231 5527 non
275 5471 441 5524 videt.
494 5470 800 5541 Quodego
845 5486 910 5525 ex
960 5472 1279 5541 traiectione
1324 5489 1518 5527 vocum
1568 5473 1707 5529 irre-

120 5545 302 5615 psisse
348 5544 621 5615 suspicor.
672 5540 809 5615 Vide
849 5541 1017 5615 igitur
1037 5540 1193 5615 :num
1241 5543 1315 5615 ita
1370 5546 1704 5599 conformari

121 5612 333 5687 debeat.
364 5613 457 5675 Είς
494 5612 555 5687 δε
577 5612 638 5665 τὸ
667 5614 743 5684 μὴ
778 5612 926 5687 ἀπαξ
965 5612 1215 5687 χαλεπῶς
1252 5614 1459 5687 φέρειν,
1489 5615 1579 5668 διὰ
1613 5618 1711 5687 τὴν

120 5686 439 5757 συνήθειαν,
466 5684 627 5737 τοῦτο
659 5685 832 5738 ποιεῖν
864 5684 965 5747 ἕως
1003 5684 1195 5757 καιροῦ
1228 5684 1515 5759 εἰς’δνομα
1545 5684 1712 5741 αὑτοῦ

884 5140 1283 5215 ἠθέλησα,,108.
1317 5144 1568 5215 ἠθέλησε.
1644 5146 1664 5177 ²
1694 5144 1805 5200 Jer.
1839 5162 1913 5211 γι,
1950 5147 2042 5205 20.
2118 5148 2139 5179 ³
2165 5147 2295 5204 ibid.

1825 4430 1930 4484 lide
1976 4438 2189 4497 nostra,
2242 4430 2503 4503 deinceps
2547 4435 2616 4487 ab
2656 4434 2849 4488 eodem
2885 4435 3218 4492 audiamus:
3256 4436 3413 4491 Nun-

1820 4521 1948 4594 quid
2004 4522 2341 4578 mauducabo
2392 4540 2579 4579 carnes
2627 4534 2929 4593 taurorum,
2977 4538 3070 4581 aut
3099 4531 3411 4599 sanguinem

1819 4615 2084 4669 hircorum
2112 4616 2306 4683 putabo
2330 4618 2390 4671 ⁸2
2418 4618 2553 4671 Item
2583 4636 2594 4671 :
2631 4616 2889 4688 Nunquid
2927 4620 3286 4691 quadraginta
3317 4641 3412 4677 an-

1819 4710 1900 4761 nis
1954 4709 2284 4779 sacriﬁcium
2339 4712 2605 4767 obtulislis
2663 4709 2795 4766 mihi
2839 4714 2893 4767 in
2925 4713 3175 4785 deserto,
3221 4716 3411 4771 domus

1820 4800 2070 4855 Israel'?

1888 4892 2213 4963 Quanquam
2264 4896 2474 4952 inliuita
2510 4896 2624 4967 jam
2674 4905 2832 4953 erant
2882 4899 3068 4954 oblata
3106 4901 3407 4967 sacriﬁcia;

1817 4987 1912 5043 sed
1942 4995 2000 5041 ut
2027 4989 2341 5046 ostenderet
2363 4992 2466 5047 sibi
2498 4991 2613 5046 haec
2642 4991 2825 5046 oblata
2859 5008 2970 5049 non
3007 4990 3179 5049 fuisse
3213 5011 3225 5046 :
3269 5002 3409 5049 tam-

2394 5148 2415 5180 ‘
2439 5146 2639 5203 Jerem.
2674 5164 2825 5213 χχιιι,
2854 5148 2923 5204 52
2951 5166 3072 5222 sqq.
3175 5152 3195 5182 ⁸
3226 5149 3400 5207 Levit.

1815 5406 2046 5475 ἠθέλησε
2070 5444 2084 5461 ,
2117 5403 2209 5475 τοῦ
2237 5403 2578 5475 ἀποστρέψαι
2608 5404 2715 5457 ἀπὸ
2754 5406 2852 5475 τῆς
2887 5406 3150 5459 πολυθέου
3196 5423 3402 5473 φαντα-

1817 5473 2098 5548 σίαςίκαὶ
2142 5473 2211 5526 τά
2247 5477 2367 5528 κατ’
2412 5473 2530 5539 ἔτος
2563 5476 2747 5539 αὐτοῖς
2781 5473 3045 5548 γινόμενα
3088 5480 3166 5541 είς
3209 5478 3401 5531 ἑαυτὸν

1817 5544 2167 5617 μεταλλάξαι,

1897 5616 2319 5687 (ὃόὶγΚαιζτοιγε
2366 5617 2615 5671 πολλῶν
2656 5618 2883 5671 θυσιῶν
2929 5618 3063 5671 τότε
3117 5634 3402 5685 προσενε-

1824 5686 2107 5758 Materina
2144 5686 2283 5744 Toto
2316 5688 2406 5743 illo
2447 5689 2654 5759 spatio,
2684 5705 2795 5760 quo
2838 5690 3403 5746 iudesertolsrael’itai
