3844 6348
387 323 479 380 791
1765 321 1821 374 S.
1866 318 1905 370 Ε

2187 314 2203 368 ι
3316 332 3328 342 ·
3587 310 3705 368 793

388 443 491 501 etsi
530 449 585 499 et
624 442 898 513 acciperet
941 442 1079 513 ipse,
1110 449 1165 498 et
1190 443 1245 499 in
1278 443 1500 499 nomine
1529 442 1648 513 ejus
1675 440 1906 496 oli‘crren

2190 457 2213 492 ε
2243 439 2407 494 αὑτοῦ
2464 438 2779 510 δεχομένου,
2824 439 2919 492 xu‘t
2955 439 3035 502 εἰς
3063 438 3233 508 δνομα
3264 434 3441 491 αὐτοῦ
3492 432 3708 488 αὐτῶν

386 534 546 601 Quod
585 533 803 604 quidem
852 533 924 588 ob
973 534 1328 589 inveteratam
1370 532 1680 589 istiusmodi
1712 532 1767 586 in
1797 531 1904 587 rehi

2187 531 2511 603 ςφερὸντωνο
2563 531 2700 587 ἀλλὰ
2752 530 2840 585 διὰ
2887 531 2988 603 τὴν
3037 530 3214 585 αὐτῶν
3250 531 3465 593 ἐντοῖς
3504 524 3705 581 τοιού·

388 626 609 682 illorum
656 623 1112 680 consuetudinem
1157 632 1242 680 est
1289 624 1518 689 factum,
1569 625 1745 679 donec
1775 638 1807 676 a
1840 623 1906 693 ph

2232 622 2554 694 ἀναχθεῖσαν
2614 623 2923 695 συνήθειαν,
2978 623 3086 686 ἕως
3142 622 3507 694 μεταλλεύσῃ
3578 618 3705 687 (81)

389 721 531 774 rium
575 718 804 773 deorum
836 732 940 772 usu
973 718 1236 788 paulatim
1282 719 1340 773 in
1386 718 1551 773 unius
1585 717 1766 772 cultus
1794 714 1907 771 refo

2184 714 2403 781 ελκύσας
2452 716 2559 770 ἀπὸ
2600 716 2889 787 συνηθείας
2932 716 3208 787 (τοιαύτης
3234 715 3344 768 τῶν
3366 711 3630 767 πολλῶν
3656 711 3702 777 ⁸)

390 816 570 864 ῐυοῑοε
592 808 950 880 perduceret;
979 816 1035 863 et
1065 809 1133 863 ab
1162 808 1257 863 illo
1287 807 1546 879 deinceps
1579 807 1908 877 intelligeren

2189 806 2264 860 τὸν
2293 806 2410 870 ἕνα,
2440 806 2535 860 καὶ
2571 805 2665 859 τοῦ
2711 806 2828 870 ὲνὸς
2861 806 3045 860 λοιπὸν
3094 807 3358 878 μάθωσιν,
3396 806 3508 858 ὅτι
3563 800 3707 855 οὔτε

394 901 529 956 nihil
594 902 740 955 hunc
789 898 1060 969 ejusmodi
1106 899 1307 954 ritibus
1354 913 1495 968 opus
1546 898 1829 960 habuisse,
1871 913 1912 950 ηε

2188 896 2298 969 γζεν
2336 896 2460 952 οὒτε
2507 898 2731 970 χρῄζει·
2765 899 2859 952 καὶ
2908 898 3093 951 λοιπὸν
3133 898 3382 967 ἀποκόψῃ
3433 894 3550 949 διὰ
3593 893 3706 961 τῆς

393 993 640 1047 habere:
675 1001 838 1061 atque
887 990 962 1043 ita
1006 990 1224 1045 demum
1272 1006 1368 1061 per
1406 990 1611 1045 Christi
1646 990 1732 1044 sui
1770 987 1911 1043 adve:

2186 991 2337 1062 ιρκου
2370 992 2675 1063 παρουσίας
2716 992 2816 1061 τῆς
2841 990 2935 1044 τοῦ
2966 989 3205 1062 Χριστοῦ
3253 988 3416 1042 αὐτοῦ
3463 986 3545 1039 τὸ
3584 986 3704 1038 πᾶν

396 1094 536 1148 tum,
585 1093 757 1139 totum
802 1083 935 1139 illud
978 1083 1372 1139 sacriﬁciorum
1432 1082 1708 1153 negotium
1742 1081 1914 1136 circur

2204 1082 2515 1147 ὑποθέσεως
2541 1082 2647 1136 τῶν
2674 1076 2897 1145 θυσιῶν,
2925 1084 3025 1154 τῆς
3054 1083 3180 1152 μιᾶς
3211 1080 3402 1143 θυσίας
3433 1078 3704 1133 τελειω-

398 1177 707 1232 scriberet:
739 1184 1027 1246 postquam
1076 1177 1298 1230 unicum
1342 1191 1407 1230 ac
1452 1174 1728 1245 singulare
1767 1173 1910 1227 sacri

2189 1182 2246 1245 ne
2291 1173 2390 1237 τὰς
2428 1172 2860 1246 προϋπαρξάσας
2904 1175 3117 1237 πάσαςο
3168 1173 3289 1244 ἥτις
3324 1172 3450 1225 ἐστὶ
3514 1169 3707 1224 ουσία

396 1268 548 1323 cium
602 1268 981 1324 antecedentia
1043 1268 1226 1323 omnia
1276 1274 1753 1332 consummasset;
1817 1267 1914 1320 nin

2184 1265 2330 1320 στοῦ.
2382 1266 2505 1319 Ὅτι
2550 1265 2621 1320 Τὸ
2668 1264 2888 1334 Πάσχα
2932 1266 3101 1335 ἡμῶν
3142 1265 3323 1333 ἐτύθη
3371 1261 3701 1332 Χριστὸς.

400 1378 522 1416 rum
584 1361 791 1417 Christi
846 1361 1199 1416 sacriﬁcium.
1250 1359 1552 1428 Quoniam,
1600 1367 1660 1414 ut
1705 1359 1913 1430 scriptu

2186 1358 2215 1411 ὰ
2246 1358 2307 1411 τὸ
2335 1357 2741 1430 γεγραμμένον.
2779 1354 2890 1423 'H;
2928 1358 3135 1422 θυσίας,
3173 1358 3267 1411 xul
3307 1357 3549 1426 Πάσχα.
3594 1355 3704 1407 καὶ

399 1464 503 1518 est,
558 1453 764 1508 Pascha
796 1463 1034 1507 nostrum
1065 1453 1370 1507 immolatus
1399 1462 1474 1506 est
1500 1450 1742 1507 Christus
1773 1429 1832 1504 ⁵.
1857 1448 1917 1503 Ill

2195 1450 2419 1514 σκαλίας
2445 1429 2813 1521 παιδαγωγὸς
2856 1452 3071 1520 ἐγένετο
3118 1435 3167 1505 ὁ
3193 1450 3389 1522 νόμος,
3447 1449 3707 1517 ὁδηγῶν

399 1545 488 1616 jus
511 1560 672 1616 porro
699 1545 981 1609 sacriﬁcii,
1027 1554 1082 1601 et
1127 1544 1437 1610 Paschatis,
1495 1553 1548 1600 et
1579 1544 1845 1599 doctrinae
1868 1559 1917 1614 p:

2193 1543 2283 1596 τὸν
2315 1542 2504 1608 τύπον,
2541 1544 2634 1597 καὶ
2658 1543 3039 1599 ἀποκαθιστῶν
3087 1545 3166 1606 εἰς
3206 1541 3305 1596 τὴν
3349 1541 3582 1603 ἑτέρων
3615 1539 3704 1592 δι-

398 1636 645 1707 dagogus
674 1636 761 1692 lex
790 1635 911 1700 fuit,
945 1635 1103 1707 361
1156 1651 1276 1707 qum
1316 1651 1413 1706 per
1446 1635 1740 1707 ﬁgurarum
1785 1634 1977 1688 adum-
2075 1634 2375 1689 δασκαλίαν

399 1729 685 1785 brationes
713 1729 1029 1795 deduceret,
1063 1736 1117 1784 et
1157 1728 1227 1782 ad
1266 1728 1412 1783 aliud
1459 1727 1763 1798 disciplinze
1804 1741 1977 1798 genus

402 1820 700 1875 conferret.
2010 1798 2055 1856 Β
2110 1864 2115 1867 .

474 1835 526 1875 ιιι
566 1835 700 1875 rret.

436 1835 659 1967 083ml.
694 1912 752 1966 11
789 1918 843 1967 et
876 1911 961 1966 19.
1012 1910 1105 1964 Vir
1133 1926 1337 1965 comam
1388 1927 1491 1964 non
1535 1909 1761 1975 nutriat,
1809 1907 1954 1980 gloril

2181 1897 2219 1953 ι’
2253 1899 2349 1952 καὶ
2385 1897 2448 1952 ιθ¹
2482 1899 2630 1968 σχὸλ.
2669 1896 2852 1966 Ἀνὴρ
2874 1897 2987 1951 οὐκ
3012 1895 3237 1965 ὀφείλει
3267 1892 3491 1965 κομᾶν,
3523 1891 3699 1957 δόξα

405 2014 453 2060 u
486 2003 660 2072 imago
690 2002 786 2057 Dei
816 2018 934 2056 cum
958 2003 1085 2055 sit’.

2082 1991 2184 2045 καὶ
2208 1990 2384 2045 εἰκὼν
2410 1990 2558 2045 Θεοῦ
2583 1989 2887 2058 ὑπάρχων.

478 2093 659 2150 ltefut.
696 2094 757 2147 11
785 2101 839 2148 et
883 2093 971 2150 19.
1009 2092 1130 2148 Non
1180 2094 1358 2149 solum
1396 2091 1490 2149 Dei
1534 2093 1845 2163 imaginem,
1886 2091 1983 2148 sed

2178 2091 2224 2137 u'
2258 2083 2352 2137 καὶ
2379 2080 2442 2136 ιϐ’
2471 2081 2651 2151 ἐλεγχ.
2693 2080 2889 2134 Είκόνα
2924 2076 2997 2133 οὗ
3053 2078 3213 2149 μόνον
3250 2077 3343 2131 τὸν
3373 2077 3696 2148 ἄνθρωτιυν

407 2193 463 2242 et
507 2184 735 2256 gloriam
773 2185 1070 2255 Apostolus
1128 2185 1404 2241 hominem
1450 2200 1575 2241 esse
1617 2184 1829 2241 deﬁnit.
1876 2183 1925 2239 Cu

2175 2177 2218 2230 νῦ
2244 2176 2485 2248 ὁρίζεται
2518 2178 2548 2228 ὁ
2582 2173 2922 2237 Ἀπὸστολος,
2950 2172 3084 2226 ἀλλὰ
3106 2173 3201 2225 καὶ
3230 2171 3407 2236 δόξαν.
3432 2171 3561 2242 Τὴν
3590 2171 3693 2224 xo-

410 2288 554 2329 mam
584 2289 715 2331 vero
744 2275 933 2346 utique
965 2290 1306 2348 corpoream,
1345 2290 1451 2330 non
1481 2275 1677 2330 animae
1706 2273 1925 2346 propria

2177 2288 2198 2323 ν
2224 2269 2280 2321 δὲ
2306 2266 2691 2337 ὑποτιθέμενος
2735 2264 3051 2336 σωματικὴν
3094 2260 3257 2317 οὖσαν
3287 2264 3407 2317 κατ’
3439 2262 3695 2315 ίδίανέν

409 2382 537 2422 cum
571 2369 838 2433 nominat,
877 2383 987 2423 non
1025 2369 1260 2424 alienum
1302 2383 1331 2421 a
1359 2368 1505 2422 bono
1543 2366 1651 2422 Deo
1680 2381 1817 2437 opus
1850 2366 1927 2420 ἱΙΙι

2174 2378 2318 2433 ματι,
2347 2360 2442 2413 καὶ
2467 2360 2567 2413 οὐκ
2595 2361 2652 2411 ἐν
2674 2358 2841 2428 ψυχῇ.
2871 2358 2985 2410 Οὐκ
3016 2357 3292 2428 ἀλλότριον
3317 2355 3424 2427 ἄρα
3444 2355 3602 2408 Θεοῦ
3626 2354 3692 2408 τὸ

411 2473 536 2515 esse
568 2459 857 2529 signiﬁcat.
899 2474 964 2515 eo
991 2460 1135 2530 quod
1167 2477 1289 2531 quae
1322 2460 1377 2516 in
1405 2459 1600 2514 Vetere
1637 2457 1925 2514 Testamen

2175 2453 2295 2523 ἷημα
2324 2449 2560 2521 ὁρίζεται
2592 2448 2686 2502 τοῦ
2719 2447 2953 2517 ἀγαθοῦ·
2985 2448 3071 2500 διὰ
3098 2447 3159 2499 τὸ
3185 2447 3463 2517 ὁμολογεῖν
3507 2446 3693 2501 αὐτὸν

410 2551 835 2605 continebantur
863 2551 918 2605 in
940 2550 1092 2607 Novo
1117 2552 1337 2622 impleta
1367 2568 1489 2607 esse
1519 2550 1776 2606 fateatur.

2084 2544 2155 2597 τὰ
2184 2544 2291 2597 ἀπὸ
2314 2542 2559 2605 Παλαιᾶς
2588 2543 2647 2594 ὲν
2677 2541 2853 2610 Καινῇ
2884 2538 3236 2610 πληρούμενα
3257 2538 3509 2611 Διαϐήκςς

484 2638 669 2695 Schol.
704 2640 773 2694 i2
803 2649 858 2695 et
877 2640 967 2696 20.
1012 2641 1117 2696 Sed
1150 2642 1291 2697 Deus
1326 2644 1630 2713 temperavit
1660 2658 1849 2713 corpus
1870 2642 1915 2696 ³.

2172 2635 2230 2705 ιβ’
2266 2634 2360 2689 καὶ
2399 2642 2446 2687 κ’
2496 2632 2641 2704 σχὸλ.
2679 2630 2867 2687 Ἀλλὰ
2916 2635 2949 2685 ὁ
2998 2630 3142 2697 Θεὸς
3184 2629 3574 2700 συνεκέρασε
3614 2646 3690 2682 το

2088 2742 2279 2795 σωμα.

482 2816 665 2873 Refut.
713 2818 782 2872 {2
810 2826 864 2873 et
899 2818 987 2874 20.
1032 2816 1089 2873 Si
1138 2833 1339 2889 corpus
1386 2834 1418 2872 a
1468 2818 1579 2874 Deo
1625 2826 1985 2886 temperatum

2168 2817 2229 2887 ιβ’
2261 2818 2356 2871 καὶ
2405 2824 2453 2871 κ’
2479 2817 2658 2888 ἕλεγχ.
2700 2818 2763 2871 El
2789 2819 2817 2871 ὀ
2848 2814 2982 2879 Θεὸς
3015 2814 3344 2885 συνεκέρασε
3384 2814 3446 2867 τὸ
3483 2813 3686 2882 σῶμα,

394 2916 520 2975 .est,
556 2923 657 2961 nec
690 2908 854 2965 alium
889 2922 1049 2977 quam
1098 2923 1280 2963 verum
1322 2906 1487 2963 Deum
1526 2909 1822 2978 Apostolus
1851 2923 1912 2978 pr

2164 2927 2189 2963 κ
2218 2909 2375 2965 ἄλλον
2401 2908 2459 2963 δὲ
2496 2910 2629 2963 Θεὸν
2670 2910 2700 2961 ὁ
2731 2907 3059 2971 Ἀπόστολος
3083 2906 3369 2978 κηρύσσει,
3409 2905 3556 2961 ἀλλὰ
3586 2905 3682 2959 τὸν

417 2999 583 3062 dicat,
609 2999 856 3057 eumdem
895 3014 1057 3069 porro
1081 2998 1249 3054 Deum
1290 3000 1538 3069 corporis
1582 3000 1822 3055 membra
1854 3007 1935 3054 ten

2163 3019 2218 3055 ια
2240 3017 2255 3032 ο
2282 3002 2534 3073 ὁμολογεῖ
2560 3001 2617 3055 δὲ
2646 3002 2736 3055 τὸν
2768 3001 2899 3057 Θεὸν
2921 2999 2984 3053 τὸ
3014 2998 3171 3069 σῶμα
3200 3001 3311 3063 τοῖς
3350 2999 3543 3069 μέλεσι
3583 3015 3681 3051 κε·-

420 3105 639 3160 perasse
678 3105 739 3145 ac
797 3090 1063 3146 formasse
1115 3094 1438 3157 conﬁtetur;
1489 3106 1597 3146 non
1649 3093 1815 3146 alium
1864 3108 1938 3162 pri

2152 3095 2384 3166 ,puxévut
2406 3110 2421 3124 '
2451 3095 2551 3147 ούκ
2581 3094 2737 3150 ἄλλον
2765 3090 2871 3147 οἶδε
2904 3093 3034 3147 Θεὸν
3061 3091 3173 3145 ἀλλ’
3209 3092 3242 3163 ἢ
3272 3092 3362 3146 τὸν
3404 3092 3670 3163 δημιουρ-

420 3183 558 3235 lecto
604 3179 789 3245 Deum,
841 3194 1005 3250 quam
1056 3179 1404 3238 Conditorem
1443 3183 1643 3252 ipsum,
1690 3183 1934 3250 etquide

2161 3207 2189 3243 ν
2221 3188 2381 3242 αὑτὸν
2413 3187 2635 3256 ἀγαθὸν,
2673 3188 2767 3241 καὶ
2791 3188 3037 3257 κτίστην,
3068 3187 3161 3240 καὶ
3198 3186 3422 3249 δίκαιον,
3453 3187 3679 3238 πάντων

422 3281 644 3337 bonum,
700 3280 753 3328 et
804 3281 1132 3339 creatorem,
1182 3282 1235 3329 et
1264 3275 1499 3344 justum,
1545 3283 1602 3330 et
1655 3276 1940 3331 conditore

2143 3281 2326 3353 οιητήν
2346 3299 2359 3314 ο
2391 3280 2451 3346 ἐξ
2475 3274 2548 3335 ὧν
2582 3280 2803 3334 πάντων
2843 3279 2901 3334 ἓν
2942 3279 3101 3351 ἔργον
3141 3278 3374 3349 ὑπάρχει
3404 3279 3435 3331 ὁ
3462 3276 3661 3347 ἄνθρω

420 3366 662 3420 omnium
707 3368 977 3435 agnoscit.
1023 3364 1231 3433 Quibus
1267 3382 1334 3422 ex
1383 3367 1636 3425 erunibus
1670 3367 1833 3423 homo
1869 3384 1938 3424 ce:

2108 3388 2216 3438 ηος,
2249 3373 2278 3425 ὁ
2302 3375 2413 3435 τοῖς
2441 3371 2657 3444 μέλεσιν
2685 3372 2775 3425 ὑπ’
2805 3368 2968 3424 αὑτοῦ
2995 3368 3175 3433 καλῶς
3196 3367 3626 3440 κεκερασμένος.

418 3456 623 3509 sendus
650 3464 735 3509 est
773 3455 841 3509 ab
870 3453 1060 3510 eodem
1091 3464 1215 3525 apte
1264 3457 1381 3513 suis
1419 3457 1669 3528 partibus
1707 3460 1997 3515 membris-
3251 3448 3260 3454 ὁ

417 3560 525 3615 que
563 3552 917 3614 temperatus.

493 3636 679 3693 Schol.
714 3637 781 3691 15
807 3645 861 3692 et
889 3636 980 3693 2t.
1018 3634 1309 3708 Perperam
1346 3639 1450 3695 ista
1481 3640 1733 3712 concepit
1763 3661 1777 3697 :
1805 3642 1912 3699 Sed
1941 3643 1996 3698 in

2170 3655 2239 3719 ιγ’
2261 3647 2357 3703 καὶ
2378 3646 2464 3702 κα⁹
2484 3646 2633 3719 σχὸλ.
2672 3646 2928 3717 Πεπλανη
2939 3643 3113 3716 μένως
3131 3645 3161 3697 ὁ
3177 3642 3442 3713 Μαρκίων
3460 3658 3473 3673 ·
3494 3640 3671 3696 nua

420 3728 662 3786 Ecclesia
701 3727 817 3782 volo
845 3728 1071 3799 quinque
1118 3728 1275 3782 verba
1310 3746 1466 3785 sensu
1500 3748 1611 3786 meo
1644 3733 1867 3805 loqui‘;
1895 3736 1938 3789 al

2150 3758 2168 3781 ρ
2192 3739 2516 3808 Ἐκκλησία
2548 3736 2699 3793 θέλω
2726 3737 2906 3791 πέντε
2940 3738 3160 3805 λόγους
3188 3733 3270 3801 τῷ
3293 3735 3527 3804 votum;
3558 3736 3668 3788 Ja-

421 3834 505 3881 ter
533 3822 679 3880 enim
712 3821 933 3893 scripsit
972 3831 1027 3878 et
1054 3822 1116 3878 ob
1151 3823 1337 3895 legem,
1378 3826 1600 3897 adjecit.

1590 3866 1600 3881 -
2096 3832 2285 3903 λῆσαι
2304 3849 2317 3862 ο
2351 3831 2553 3902 ἑτέρως
2576 3830 2632 3883 δὲ
2662 3828 2761 3884 διὰ
2776 3829 2884 3884 τὸν
2900 3829 3108 3899 νόμον.

491 3913 679 3970 Refut.
717 3915 784 3971 15
815 3921 870 3972 et
901 3913 993 3970 21.
1037 3912 1261 3987 Linguae
1287 3916 1452 3987 igitur
1482 3934 1512 3973 a
1537 3918 1779 3989 Spiritus
1818 3921 1996 3976 sancti

2174 3929 2239 3993 ιγ’
2268 3924 2360 3977 καὶ
2388 3921 2471 3975 xu’
2502 3922 2682 3992 ἕλεγχ.
2726 3921 2867 3992 ’Ἄρα
2893 3920 2989 3974 καὶ
3016 3920 3072 3972 αἱ
3100 3916 3338 3988 γλῶσσαι
3360 3917 3424 3970 ὲκ
3452 3915 3547 3971 τοῦ
3574 3932 3667 3987 χα-

420 4008 597 4080 gratia
625 4007 967 4063 derivantur.
999 4006 1283 4079 Ejusmodi
1316 4025 1505 4081 porro,
1536 4011 1603 4065 de
1626 4013 1828 4081 quibus
1852 4014 1938 4082 Apr

2144 4020 2363 4091 ίσματος
2394 4017 2486 4072 τοῦ
2512 4016 2827 4088 Πνεύματός
2859 4017 2983 4069 εισι.
3009 4012 3264 4076 Γλώσσας
3290 4012 3348 4066 δὲ
3373 4011 3564 4074 ὁποίας
3586 4008 3662 4061 λέο

420 4102 597 4157 stolus
642 4100 909 4171 loquitur,
975 4101 1175 4174 lingua:
1220 4110 1375 4166 sunt,
1422 4114 1483 4159 ut
1545 4119 1655 4159 non
1703 4103 1938 4160 Hebraic.

2144 4127 2187 4163 ει
2207 4111 2234 4163 ὁ
2250 4107 2590 4171 Ἀπόστολος,
2617 4107 2766 4168 ὅπως
2787 4105 2902 4178 γνῷ
2922 4106 2981 4157 ού
3011 4104 3104 4168 τὰς
3127 4102 3309 4173 φωνὰς
3334 4102 3433 4166 τὰς
3466 4100 3662 4173 126911-

420 4195 583 4249 modo
609 4210 772 4250 voces
810 4196 1296 4266 comprehendant,
1332 4212 1453 4266 quae
1481 4196 1535 4251 in
1567 4197 1798 4266 singulis
1843 4211 1938 4252 voc

2147 4219 2193 4266 ις
2222 4201 2322 4265 τὰς
2350 4200 2621 4271 διαφόρως
2671 4198 2766 4253 καὶ
2809 4198 3068 4261 ποικίλως
3091 4199 3147 4250 ὲν
3175 4196 3381 4269 ἑκάστῃ
3403 4194 3542 4259 λέξει
3573 4210 3665 4245 κα-

421 4287 566 4343 bulis
596 4288 914 4357 praeclaram
944 4288 1234 4357 quamdam
1262 4303 1325 4342 ac
1353 4290 1653 4358 sapientem
1681 4289 1939 4344 varietate

2142 4293 2206 4356 In;
2232 4289 2371 4364 μετὰ
2404 4290 2595 4360 σοφίας
2628 4288 3016 4353 ποικιλθείσας,
3051 4288 3187 4342 ἀλλὰ
3205 4288 3299 4341 xui.
3322 4287 3417 4357 τὴν
3444 4283 3660 4356 κομπώ-

422 4376 714 4444 exhibent;
766 4377 865 4434 sed
917 4385 974 4433 et
1018 4377 1126 4432 alia
1172 4392 1390 4448 quoque
1432 4378 1750 4433 idiomatum
1801 4379 1940 4435 discr

2146 4403 2162 4456 π
2189 4383 2440 4454 γλῶσσαν
2474 4381 2584 4435 τῶν
2626 4381 2892 4453 Ἑλλήνων
2920 4379 3242 4452 αὐχοῦντες,
3277 4378 3339 4432 τὸ
3380 4377 3664 4441 ἀττικίζειν

423 4470 593 4535 mina,
624 4485 745 4541 quae
791 4469 1041 4526 nonnulli
1077 4468 1281 4528 Graeca:
1309 4470 1506 4541 linguae
1532 4471 1714 4540 periti,
1744 4472 1832 4527 cui
1868 4472 1941 4528 ins

2142 4475 2195 4528 ul.
2247 4473 2528 4538 αἰολίζειν,
2562 4473 2659 4527 καὶ
2699 4472 2956 4545 Δωρικῶς
3001 4470 3331 4542 φθέγγεσθαί
3380 4486 3525 4532 τινες
3563 4466 3660 4520 τῶν

424 4568 514 4618 tus
556 4562 776 4633 quidam
812 4560 987 4619 fastus
1037 4576 1103 4618 ac
1152 4562 1369 4617 vanitas
1407 4570 1514 4626 est,
1562 4562 1795 4632 gloriose
1825 4563 1939 4632 jact

2143 4566 2254 4638 αρὰ
2282 4569 2394 4630 τοῖς
2420 4564 2721 4639 Κορινθίοις
2741 4564 2841 4628 τὰς
2868 4563 3127 4636 πτύρσεις
3155 4564 3247 4618 καὶ
3272 4564 3485 4625 στάσεις
3507 4563 3661 4633 ἐργα-

424 4654 605 4710 bant:
648 4654 827 4725 qualis
878 4664 962 4711 est
991 4655 1195 4718 Attica,
1238 4653 1476 4719 Eolica,
1518 4670 1583 4710 ac
1636 4653 1833 4712 Dorica
1878 4671 1942 4725 pr

2141 4652 2472 4731 αμένων,οἷς
2499 4656 2833 4729 ἠἘπιστολὴ
2865 4656 3197 4712 ἐπετέλλετο.
3221 4654 3330 4708 Καὶ
3358 4653 3659 4724 ὡμολόγησε

422 4749 652 4819 prietes,
679 4763 914 4818 quarum
944 4747 1069 4805 freti
1095 4748 1326 4804 scientia
1364 4747 1616 4803 nonnulli
1653 4747 1842 4805 turbas
1879 4749 1940 4803 ill

2142 4752 2207 4804 ,ὲν
2253 4751 2497 4823 χάρισμα
2540 4747 2680 4803 εἶναι
2720 4748 3087 4820 πνευματικὸν
3113 4747 3174 4800 τὸ
3210 4750 3330 4809 ταῖς
3363 4745 3660 4817 Ἑϐραϊκαῖς

423 4838 673 4893 Corinthi
715 4856 779 4895 ac
828 4841 1127 4896 seditiones
1177 4840 1484 4895 excitarant
1514 4860 1528 4896 :
1561 4840 1628 4895 ad
1679 4855 1820 4911 quos
1878 4842 1941 4896 ἰός

2141 4842 2283 4906 ἑξεσι
2308 4841 2607 4914 κεχρῆσθαί
2627 4858 2686 4895 τε
2721 4842 2814 4894 καὶ
2850 4840 2939 4893 τὸν
2967 4840 3128 4909 νόμον
3152 4838 3421 4891 διδάσκειν
3440 4854 3453 4868 ·
3482 4834 3659 4906 ούιμὴν

424 4932 568 4987 hanc
612 4932 910 4999 Apostolus
957 4932 1258 5007 Epistolam
1300 4934 1470 4991 dedit.
1512 4934 1570 4989 In
1616 4949 1725 5005 qua
1764 4934 1942 5005 primu

2134 4934 2244 4988 ιλλὰ
2274 4936 2369 4993 καὶ
2396 4935 2465 4989 τὰ
2497 4934 2631 4990 ἄλλα
2666 4932 2928 5005 κομπώδη
2953 4930 3194 4988 καθελὼν
3220 4930 3322 5002 τῆς
3348 4929 3454 4985 τῶν
3497 4928 3652 4998 Ἐλλήο

498 5089 514 5119 ¹
547 5086 565 5140 I
594 5087 719 5145 Cor.
758 5106 810 5155 ν,
838 5092 890 5145 7.
966 5095 986 5123 ²
1016 5090 1035 5144 l
1069 5091 1196 5148 Cor.
1228 5109 1303 5157 xu,
1345 5091 1431 5146 11.
1510 5091 1530 5122 ³
1558 5089 1575 5144 l
1606 5090 1737 5146 Cor.
1774 5091 1998 5159 xu,’24.

1838 5091 1998 5159 I,'24.
2074 5095 2097 5123 ⁸
2129 5093 2149 5147 1
2182 5090 2310 5147 Cor.
2344 5108 2458 5158 xxv,
2492 5092 2577 5147 19.
2654 5092 2674 5123 ⁸
2706 5089 2943 5146 Aberan.
2976 5088 3091 5144 brec
3123 5104 3153 5143 a
3181 5086 3356 5143 Vatic.

422 5222 628 5301 gersati
676 5232 841 5301 sunt,
892 5242 1049 5301 sacra
1097 5229 1317 5301 quidem
1363 5228 1630 5284 obtulisse
1679 5225 1791 5301 Deo
1845 5234 2002 5301 putat
2111 5228 2254 5295 lisse,
2291 5244 2391 5301 non
2421 5227 2708 5301 voluntate,
2749 5226 2840 5301 sed
2868 5225 3402 5301 paenarumfecerunt
3429 5232 3583 5286 metu,
3614 5231 3657 5277 et

423 5294 799 5369 Epiphanius;
859 5298 951 5369 sed
1005 5294 1151 5369 quod
1207 5314 1268 5351 ea
1323 5314 1418 5368 per
1461 5315 1584 5355 sese
1633 5294 1863 5354 minimé
1899 5298 2003 5367 ipsi
2108 5294 2288 5369 eorum
2340 5299 2702 5367 interfectionc
2745 5298 2836 5367 qui
2870 5294 3090 5365 ’propter
3144 5296 3291 5350 idola
3341 5304 3651 5369 corruerunt.

424 5368 733 5447 placerent,
769 5366 1124 5447 quodqueuut
1154 5366 1705 5447 abnidololatrianeos
1736 5366 2003 5447 auerteret
2108 5368 2372 5447 Dominus
2399 5366 2574 5447 autem
2606 5385 2708 5447 non
2740 5366 2802 5421 ea
2829 5369 3302 5447 quianolferunmr,‘
3322 5366 3410 5419 sed
3435 5366 3652 5447 volunta-

428 5436 634 5507 potius,
664 5451 825 5509 quam
856 5439 1001 5505 quod
1032 5440 1136 5495 illis
1166 5439 1491 5504 aliiecretur,
1520 5438 1704 5495 oﬁ'erri
1750 5439 1853 5495 sibi
1876 5455 2001 5509 pas-
2108 5448 2209 5493 tem
2235 5440 2446 5508 respicit
2463 5436 3068 5508 oﬁ’emttiumllyrillus
3086 5453 3213 5492 vero
3233 5436 3302 5489 ad
3320 5454 3349 5489 ν
3370 5453 3485 5504 cap.
3517 5440 3650 5509 Amos

430 5522 526 5563 sus
560 5518 739 5579 esset,
773 5507 896 5563 ideo
944 5526 1143 5579 negare
1177 5509 1275 5579 sibi
1327 5510 1441 5563 haec
1486 5511 1665 5565 oblata
1696 5507 2001 5579 fuisseiper
2108 5511 2180 5563 ita
2216 5510 2410 5565 statuit
2442 5529 2453 5563 :
2492 5510 2657 5563 Deum
2703 5510 2757 5562 in
2802 5507 2931 5561 illud
2974 5510 3239 5562 duntaxat
3278 5507 3650 5579 tempusgcelec

429 5576 749 5649 prophetam
779 5576 1074 5634 existimat.
1092 5578 1724 5635 Atllieron.comment.
1749 5580 1817 5633 ad
1838 5576 1998 5634 Amos
2108 5580 2317 5634 hranda
2376 5579 2779 5649 praescripsisse
2808 5580 3138 5649 sacriﬁcia,
3185 5592 3301 5649 quo
3348 5576 3650 5646 promissam

430 5647 625 5703 scribit
662 5648 935 5704 lsraelitas
984 5660 1097 5705 toto
1144 5651 1237 5705 illo
1275 5666 1385 5719 quo
1429 5651 1481 5703 in
1529 5650 1747 5705 deserto
1786 5650 2007 5706 l‘uerunt
2114 5662 2314 5705 terram
2345 5647 2700 5719 occuparent,
2730 5648 2822 5703 sed
2848 5649 2971 5702 illos
3001 5665 3100 5703 nec
3128 5648 3438 5717 postulante
3460 5662 3555 5701 nec
3576 5660 3647 5701 cu-

430 5725 694 5788 tempore,
738 5736 846 5774 non
892 5720 1024 5786 Deo,
1072 5721 1166 5778 sed
1195 5720 1357 5777 idolis
1392 5720 1723 5776 immolasse.
1758 5719 1826 5773 Et
1866 5720 2005 5789 quod
2112 5729 2269 5777 rante
2304 5718 2434 5781 Deo,
2472 5721 2525 5772 in
2557 5718 3155 5789 desertornihilominus
3181 5719 3466 5789 obtulisse.

418 5787 650 5869 postea,
689 5790 894 5862 inquit,
942 5793 1184 5864 quaedam
1220 5790 1448 5847 Domino
1477 5807 1563 5845 eos
1609 5791 1825 5860 legimus
1854 5787 1936 5845 o'bt

1908 5802 2005 5844 itu-
2182 5791 2294 5861 (8i)
2337 5791 2482 5856 Ἕως
2500 5788 2905 5859 μεταλλεύσῃ.
2948 5787 3071 5844 For.
3106 5787 3426 5860 μεταλλάξῃ.
