3768 6182
102 267 222 329 793

775 278 1159 339 ADVERSUS
1196 282 1524 340 HERESEE

1831 284 1997 342 TOM.
2032 286 2117 340 Ill.
2155 316 2222 327 -—
2264 284 2537 341 "IERES.
2575 283 2735 341 XLII.

3266 281 3376 340 794‘.

99 399 223 473 νων
256 384 532 459 γλώσσης,
556 388 757 461 ἔφησεν
794 393 995 462 μᾶλλον
1017 393 1289 464 γλώσσαις
1325 398 1489 452 αὐτὸν
1518 424 1524 451 ι

1804 401 2097 473 singularis
2131 400 2420 469 cujusdam
2459 413 2584 453 esse
2604 397 2851 453 beneficii
2879 397 3056 461 docet,
3083 395 3367 453 Hebraicis

99 472 406 539 λαλοῦντα,
440 478 528 531 διὰ
555 479 615 532 τὸ
654 479 792 535 εἶναι
833 484 997 538 αὐτὸν
1035 487 1283 557 Ἑϐραῖον
1314 489 1374 554 ἐξ
1412 491 1697 563 Ἐϐραίων,

100 565 270 635 ’παρά
338 570 463 630 τοὺς
510 570 679 633 πόδας
727 573 1008 647 Γαμαλιὴλ
1053 578 1565 651 ἀνατεθραμμένον·
1626 577 1700 637 ὧν

100 657 471 732 (Ἑϐραίοιῌ)
492 662 560 714 τὰ
580 664 881 735 γράμματα
903 670 961 721 ὲν
984 668 1223 733 ἐπαίνοις
1250 672 1451 743 τίθησι,
1484 675 1576 726 καὶ
1601 675 1700 745 τῆς

97 747 206 800 τοῦ
240 750 557 820 Πνεῦματος
581 753 789 825 δωρεᾶς
808 757 936 810 ὄντα
964 760 1295 830 χαρίσματα.
1326 764 1415 815 Διὸ
1445 765 1699 835 περὶτῶν

97 837 297 890 αὐτῶν
323 839 415 891 καὶ
445 840 690 913 Τιμοθέῳ
721 846 966 915 γράφων,
996 849 1199 917 ἔλεγεν⁸
1234 851 1315 903 ὅτι
1343 852 1476 905 Ἁπό
1498 854 1698 922 νεότη-

98 944 216 993 τος
278 930 407 997 ιερὰ
443 932 765 1002 Γράμματα
812 938 1047 1006 ἔμαθες.
1109 942 1231 995 Ὀτι
1279 943 1336 995 δὲ
1383 945 1696 1015 προστιθεὶς

98 1021 245 1084 τοὺς
304 1023 412 1075 ἀπὸ
456 1024 721 1096 Ἑλλήνων
765 1031 1004 1100 ποιητῶν
1031 1034 1125 1087 καὶ
1157 1035 1399 1105 ρητόρων
1438 1037 1695 1106 ὁρμωμέ-

100 1130 240 1176 νους
288 1115 361 1168 τὰ
401 1116 488 1170 ἴσα
539 1120 780 1187 φάσκων,
811 1123 1011 1192 ὁμοίως
1054 1126 1155 1196 ἔφη
1179 1142 1192 1157 ο
1219 1126 1467 1180 Πάντων
1504 1127 1695 1181 πλέον

101 1204 283 1266 ὑμῶν
310 1209 477 1262 λαλῶ
511 1209 834 1279 γλώσσαις,
867 1214 954 1267 ἵνα
982 1215 1130 1289 δείξῃ
1181 1219 1275 1271 καὶ
1317 1220 1419 1289 τῆς
1452 1220 1695 1290 Ἐλληνι-

102 1298 215 1367 xii;
242 1301 493 1369 παιδείας
525 1304 683 1358 αὑτὸν
714 1307 772 1359 ὲν
801 1308 965 1379 πείρα
1001 1310 1447 1383 ὑπερϐαλλόντως
1471 1318 1696 1387 γεγενῆ-

104 1389 260 1443 σθαι.
300 1393 406 1445 Καὶ
428 1395 535 1466 γὰρ
566 1397 659 1449 καὶ
684 1399 712 1449 6
736 1400 1021 1473 χαρακτὴρ
1053 1404 1220 1457 αὑτοῦ
1251 1407 1505 1476 σημαίνει
1534 1408 1693 1462 αὑτὸν

102 1482 384 1553 ὑπάρχειν
410 1488 466 1538 ὲν
492 1492 838 1565 προπαιδεία,
862 1490 921 1549 οὗ
952 1497 1051 1549 οὐκ
1080 1498 1424 1569 ἠδυνήθησαν
1445 1500 1695 1554 Ἐπικού-

104 1590 251 1645 ρειοι
285 1577 381 1631 καὶ
408 1579 633 1633 Στωϊκοὶ
658 1584 992 1656 ἀντιστῆναι,
1021 1588 1450 1659 ἀνατρεπόμενοι
1480 1590 1567 1644 διὰ
1592 1591 1693 1661 τῆς

99 1664 311 1734 λογίως
340 1671 468 1739 παρ’
489 1673 637 1744 αὐτῷ
660 1677 1098 1749 ἀναγνωσθείσης
1122 1678 1213 1733 τοῦ
1244 1680 1427 1751 βωμοῦ
1457 1684 1691 1754 ἐπιγρα-

100 1756 218 1824 φῆς
246 1759 347 1828 τῆς
398 1762 880 1838 ἐπιγεγραμμένης
932 1767 1013 1833 τῷ
1069 1767 1190 1834 Θεῷ
1239 1771 1559 1839 amcam
1613 1774 1688 1837 υ,

104 1850 423 1919 ῥητορικῶς
470 1852 911 1929 ἀναγνωσθείσης
974 1862 1103 1931 παρ’
1148 1861 1334 1924 αὑτοῦ,
1392 1863 1487 1916 καὶ
1533 1864 1696 1928 εὐθὺς

105 1945 574 2011 μεταφραστικῶς
622 1948 908 2020 ῥηθείσης’
955 1951 1055 2003 Ὃν
1108 1951 1470 2021 ἀγνοοῦντες
1522 1956 1696 2008 εὐσε-

104 2032 287 2097 ϐεῖτε,
335 2035 550 2093 τοῦτον
596 2038 711 2107 ἐγὼ
749 2042 1137 2112 καταγγέλλω
1166 2045 1342 2114 ὑμῖνο
1387 2048 1482 2099 καὶ
1530 2045 1695 2101 πάλιν

102 2127 381 2196 φήσαντος
403 2144 417 2157 θ
465 2124 610 2182 Eine
639 2148 728 2197 τις
752 2132 901 2197 ιδιος
930 2133 1131 2188 αὐτῶν
1180 2137 1491 2206 προφήτης
1510 2155 1524 2168 ’

1802 496 1880 549 uti
1918 494 2199 549 vocabulis
2242 507 2424 562 posse,
2470 506 2533 545 ac
2564 492 2733 559 legem
2784 491 3000 545 docere.
3055 489 3261 545 Deinde
3307 495 3369 544 ut

1801 583 1976 637 Grieci
2006 583 2276 637 sermonis
2315 592 2580 635 minorem
2614 579 3095 649 arrogantiamque
3132 579 3367 647 compri-

1800 683 1991 737 meret,
2033 687 2153 729 sese
2194 673 2501 742 linguarum
2541 670 2756 724 illorum
2810 683 2913 725 usu
2957 669 3365 725 instructiorem

1799 765 1910 820 illis
1942 765 2079 835 ipsis
2105 779 2228 820 esse
2275 762 2505 827 monuit,
2537 762 2685 831 quod
2727 760 2992 817 Hebraeus
3015 761 3085 815 ab
3123 758 3365 814 ηοω-πίε

1797 864 1942 912 esset
1983 856 2270 919 oriundus,
2315 863 2365 910 et
2403 856 2468 910 ad
2503 859 2669 927 pedes
2703 854 3015 909 Gamal'telis
3058 853 3360 910 institutus.

1797 947 1875 1002 Ita
1912 947 2191 1003 llebraieae
2230 948 2427 1016 linguae
2460 947 2745 1002 scientiam
2778 946 2831 1000 in
2860 946 3022 1000 laude
3066 945 3267 1015 posuit,
3310 951 3365 998 et

1798 1040 1941 1095 inter
1992 1038 2231 1109 Spiritus
2285 1039 2460 1095 sancti
2505 1040 2769 1094 beneﬁcia
2832 1038 3162 1093 numeravit.
3203 1036 3364 1106 362

1797 1130 1953 1186 Unde
1994 1140 2048 1187 et
2082 1132 2147 1186 ad
2203 1131 2546 1187 Timotheum
2589 1132 2655 1186 de
2699 1130 2894 1186 iisdem
2941 1130 3231 1186 scribens:
3263 1129 3362 1194 Tu,

1796 1221 1993 1290 inquit,
2053 1221 2119 1274 ab
2168 1222 2522 1276 adolescentia
2564 1237 2746 1275 sacras
2780 1220 3009 1275 Litteras
3057 1218 3362 1273 didicisti‘.

1795 1313 1951 1381 Quod
1979 1329 2110 1368 vero
2144 1313 2212 1367 ad
2245 1314 2392 1366 illam
2434 1312 2794 1367 eruditionem
2829 1311 3108 1381 politiores
3147 1322 3365 1380 quoque

1794 1404 2107 1459 Graecorum
2140 1401 2370 1465 litteras,
2419 1401 2522 1455 hoc
2551 1409 2634 1456 est
2661 1400 2903 1470 poeticas
2947 1414 3010 1453 ac
3039 1398 3362 1461 rhetoricas,

1792 1496 2072 1565 adiecerit,
2106 1495 2241 1551 iisce
2264 1493 2446 1548 verbis
2483 1492 2795 1561 expressit:
2828 1490 3200 1544 Abundantius
3226 1488 3365 1544 vobis

1793 1586 2033 1643 omnibus
2072 1587 2266 1656 linguis
2316 1586 2519 1654 loquor,
2559 1584 2635 1639 uti
2684 1598 2745 1645 se
2774 1580 3085 1639 Graecarum
3127 1579 3342 1649 discipli

1793 1694 1986 1735 narum
2043 1678 2412 1733 escellentiori
2460 1674 2693 1745 quodam
2748 1688 2851 1727 usu
2908 1670 3193 1742 praeditum
3245 1686 3369 1727 esse

1722 1753 1763 1808 Β
1793 1778 2141 1826 monstraret.
2194 1768 2328 1823 Nam
2385 1776 2439 1823 et
2496 1764 2770 1823 scribendi
2816 1780 2989 1837 genus
3032 1765 3213 1835 ipsum
3259 1777 3370 1832 quo

1792 1863 1983 1927 utitur,
2025 1861 2381 1915 humanitatis
2412 1859 2566 1913 illum
2605 1859 2801 1913 studiis
2837 1857 2980 1911 haud
3020 1854 3369 1911 mediocriter

1790 1954 2061 2009 imbutum
2108 1952 2280 2007 fuisse
2323 1952 2588 2015 declarat,
2630 1959 2691 2005 ut
2730 1966 2799 2007 ne
2851 1949 3101 2020 Epicurei
3145 1948 3366 2018 quidem

1788 2046 1893 2116 ipsi
1936 2044 2178 2099 Stoicive
2225 2052 2452 2113 possent
2494 2044 2793 2109 resistere;
2831 2056 2971 2111 quos
3019 2056 3211 2096 omnes
3243 2054 3367 2095 eum

1789 2152 1898 2191 arat
1941 2137 2090 2192 illius
2136 2136 2549 2205 inscriptionem
2600 2132 2894 2204 ejusmodi,
2940 2131 3132 2203 Ignoto
3191 2130 3301 2186 Deo
3319 2132 3365 2195 ',

101 2218 325 2273 erudite
357 2220 597 2290 legisset,
649 2238 862 2278 summa
906 2241 1032 2280 cum
1071 2227 1381 2298 eloquentia
1415 2230 1819 2299 artiﬁcioscque
1858 2228 2136 2294 refutavit,
2203 2228 2256 2282 id
2292 2228 2583 2298 ipsumque
2648 2228 2723 2280 ita
2779 2225 3096 2295 declaravit.
3135 2242 3148 2278 :
3200 2224 3368 2290 Quem

102 2312 416 2381 ignorantes
459 2315 654 2383 colitis,
694 2316 834 2371 [tunc
878 2321 1139 2376 annuntio
1164 2322 1309 2378 vobis
1331 2324 1370 2377 ‘.
1440 2326 1573 2379 Item
1619 2321 1751 2378 illud
1815 2319 1926 2375 alio
1976 2320 2098 2378 loco
2141 2320 2299 2386 dixit,
2361 2319 2513 2374 Dixit
2591 2319 2806 2389 quidam
2854 2316 3099 2385 proprius
3152 2315 3367 2371 illorum

109 2407 372 2474 Dropketa
389 2411 408 2441 "
453 2428 467 2464 :

103 2525 340 2592 Itpﬁtec
356 2526 443 2580 ἀεί
463 2527 741 2596 ψεῦσται,
762 2532 918 2586 κακὰ
943 2533 1137 2601 θηρία,
1165 2531 1449 2603 γαστέρες
1477 2530 1651 2601 ἀργαί
1666 2544 1680 2559 ·

101 2637 197 2691 ἵνα
226 2638 321 2691 τὸν
342 2640 689 2713 Ἐπιμενίδην
713 2643 861 2719 δείξῃ
892 2646 1023 2718 (85),
1057 2647 1283 2719 ἀρχαῖον
1320 2647 1447 2701 ὄντα
1477 2646 1690 2715 φιλόςο-

102 2746 230 2798 φον,
272 2732 368 2784 καὶ
398 2732 581 2802 Μίθρα
600 2732 693 2787 τοῦ
726 2736 878 2807 παρὰ
910 2738 1123 2809 Κρησὶν
1162 2735 1376 2791 εἰδώλου
1400 2740 1440 2790 ².
1461 2738 1576 2807 Ἀφ’
1600 2729 1689 2790 οῦ-

100 2838 215 2893 περ
243 2820 337 2874 καί
366 2822 710 2895 Καλλίμαχος
741 2828 769 2878 6
795 2826 961 2891 Λίϐυς
989 2828 1087 2900 τὴν
1116 2830 1423 2899 μαρτυρίαν
1452 2830 1530 2892 εἰς
1564 2830 1689 2881 ἐαυ-

99 2917 195 2969 τὸν
228 2918 592 2985 συνανέτεινε,
626 2920 834 2990 ψευδῶς
864 2922 992 2995 περὶ
1015 2924 1135 2988 Διὸς
1161 2923 1335 2993 λέγων
1356 2939 1369 2953 '

101 3094 337 3169 Κρῆτες
356 3094 446 3151 ἀεὶ
480 3097 757 3165 ψεῦσται.
796 3098 903 3152 Καὶ
938 3098 1047 3169 γὰρ
1076 3098 1285 3169 τάφον,
1315 3095 1361 3155 ὦ
1382 3099 1518 3161 ἄνα,
1554 3099 1683 3154 σεῖο

101 3116 337 3163 ηρητες
356 3116 446 3151 ast
480 3116 757 3165 ψευσται.
796 3116 903 3152 nat
1006 3118 1047 3168 p
1076 3117 1285 3169 ταφον,
1315 3116 1361 3155 ω
1382 3116 1518 3161 τινα,
1554 3116 1683 3154 σειο

99 3166 337 3236 Κρῆτες
362 3168 755 3239 ἐτεκτήναντο
776 3185 792 3202 ο
825 3170 905 3224 σὺ
938 3116 1100 3226 pot;
1143 3172 1351 3237 θάνες-ο
1409 3170 1548 3313 ergo}
1568 3170 1684 3294 ἶὰρ

1474 3259 1565 3295 ate
1596 3282 1611 3296 .

1474 3259 1611 3296 αιει.

99 3352 216 3405 Καὶ
244 3354 379 3424 ὁρᾷς
404 3352 521 3418 πῶς
547 3353 810 3425 διηγεῖται
842 3354 970 3427 περὶ
999 3354 1260 3424 γλωσσῶν
1286 3357 1314 3408 6
1340 3354 1493 3424 ἅγιος
1526 3355 1686 3408 Ἀπόι

103 3445 292 3508 στολος
312 3462 326 3475 ο
359 3445 533 3499 Ἀλλὰ
551 3446 701 3501 θέλω
726 3447 905 3501 πέντε
924 3450 1148 3518 λόγους
1169 3448 1237 3501 ἐν
1256 3448 1577 3515 Ἐκκλησία
1605 3446 1685 3512 τῷ

99 3539 209 3591 νοΐ
220 3555 362 3607 μου,
388 3539 634 3592 τουτέστι
662 3540 749 3594 διὰ
784 3542 886 3610 τῆς
932 3542 1247 3613 ἑρμηνείας,
1270 3541 1496 3612 φράσαι
1515 3559 1528 3574 ·
1555 3542 1631 3604 ὡς
1657 3543 1685 3594 6

102 3629 415 3699 προφήτης,
443 3631 501 3682 ἐν
530 3630 806 3701 Πνεῦμα-ει
851 3632 991 3703 ἁγίῳ
1035 3633 1115 3696 είς
1145 3633 1237 3686 τὸν
1264 3633 1387 3686 νοῦν
1419 3648 1685 3703 προκεκο-

102 3721 396 3792 ρηγημὲνα
428 3720 609 3791 φέρων
646 3722 726 3785 είς
766 3721 903 3791 φῶς,
936 3722 1023 3775 διὰ
1048 3725 1147 3793 τῆς
1178 3722 1512 3794 προφητείας
1540 3721 1685 3791 ὠφε-

101 3813 189 3865 λεῖ
237 3813 365 3876 τοὺς
403 3813 720 3877 ἀκούοντας.
748 3813 935 3879 Οὕτως
961 3816 1135 3885 κάγὼ,
1166 3817 1319 3887 φησὶ,
1347 3814 1575 3886 λαλῆσαι
1607 3815 1685 3876 εἰς

101 3902 280 3973 ἀκοὴν
310 3902 408 3973 τῆς
441 3903 764 3975 Ἐκκλησίας
797 3905 890 3958 καὶ
915 3904 1219 3976 οἰκοδομὴν,
1258 3904 1347 3958 καὶ⁸
1377 3904 1450 3975 μὴ
1478 3904 1565 3956 διὰ
1589 3900 1683 3954 τοῦ

101 3996 326 4062 κόμπου
368 3992 670 4064 Ἑλληνίδος
700 4012 759 4048 τε
792 3996 888 4049 καὶ
928 3994 1208 4066 Ἐϐραῖδος
1252 3995 1442 4049 ἑαυτὸν
1483 3993 1685 4046 οίκοδο-

106 4087 234 4154 μεῖν
260 4085 353 4138 τὸν
377 4084 572 4152 εἰδότα,
602 4086 697 4140 καὶ⁸
734 4086 855 4157 οὐχὶ
881 4086 979 4159 τὴν
1002 4086 1348 4158 Ἐκκλησίαν,
1374 4086 1442 4138 δι’
1464 4081 1532 4157 ἧς
1565 4085 1684 4138 ἐπί-

105 4191 304 4228 σταται
332 4175 603 4247 γλώσσης.
631 4176 703 4230 Σὺ
729 4177 785 4229 δὲ
828 4177 1191 4248 προσέθηκας,
1217 4172 1262 4230 ὦ
1288 4176 1572 4248 Μαρκίων,
1601 4177 1682 4240 τὸ,

102 4266 209 4319 διὰ
233 4266 340 4319 τὸν
363 4269 581 4336 νόμονο
617 4267 694 4330 ὼς
722 4266 817 4321 τοῦ
845 4268 1168 4320 Ἀποστόλου
1210 4267 1486 4335 λέγοντος’
1524 4266 1684 4321 Θέλω

1792 2521 2063 2580 Cretenses
2078 2539 2280 2593 semper
2294 2524 2590 2588 mendaces,
2616 2525 2772 2579 mala:
2789 2524 2984 2592 bestia,
2998 2536 3195 2581 ventres
3210 2526 3366 2596 pigri.

1792 2637 2170 2712 Epimenidem
2201 2645 2437 2693 veterem
2474 2636 2854 2706 philosophum
2890 2637 3229 2709 intelligens,
3268 2636 3369 2692 lli-

1792 2731 1931 2785 thrte
1976 2728 2257 2801 cujusdam
2307 2727 2446 2798 apud
2486 2727 2776 2784 Cretenses
2820 2728 2950 2783 idoli
3003 2728 3365 2785 sacerdotem.

1794 2819 1871 2875 De
1901 2834 2010 2889 quo
2039 2827 2092 2875 et
2125 2818 2494 2874 Callimachus
2547 2816 2781 2890 Libycus
2814 2826 2975 2889 poeta
3023 2817 3164 2873 idem
3209 2816 3367 2873 testi-

1794 2914 2039 2967 monium
2089 2912 2227 2967 falso
2256 2910 2323 2965 ad
2364 2911 2675 2965 institutum
2716 2926 2875 2967 suum
2916 2909 3211 2976 transtulit,
3242 2926 3365 2966 cum

1794 3004 1867 3058 ita
1902 3004 1971 3060 de
1997 3002 2129 3058 Jove
2145 3003 2381 3058 cecinit:

1786 3117 1944 3188 Creta
1960 3115 2165 3188 quidem
2192 3117 2404 3188 assidue
2433 3113 2678 3188 mendax.
2707 3112 2814 3167 Rex
2839 3127 3043 3188 magne,
3073 3111 3368 3188 sepulcrum

1787 3187 1945 3244 Creta
1972 3182 2121 3241 tuum
2148 3187 2441 3253 exstruxit,
2467 3184 2555 3238 sed
2584 3194 2631 3238 te
2657 3200 2797 3237 mors
2833 3182 2985 3237 nulla
3011 3182 3233 3254 subegit.

1857 3362 2021 3418 Vides
2044 3377 2303 3434 quorsum
2325 3362 2411 3415 ille
2432 3359 2498 3415 de
2523 3360 2721 3430 linguis
2741 3358 2982 3430 Apostoli
3005 3372 3185 3414 sermo
3199 3357 3369 3429 perti-

1785 3463 1911 3507 neat
1934 3471 1947 3506 :
1970 3452 2098 3505 Volo
2114 3453 2334 3523 quinque
2349 3448 2503 3503 verba
2517 3450 2571 3502 in
2590 3448 2824 3502 Ecclesia
2842 3464 2997 3503 sensu
3015 3465 3148 3513 meo,
3165 3448 3264 3502 hoc
3282 3455 3366 3503 est

1785 3559 1909 3599 cum
1938 3541 2591 3612 interpretationc,loqui.
2611 3539 3078 3606 Quemadmodum
3104 3540 3365 3611 propheta

1787 3650 1909 3707 quae
1937 3634 2039 3689 sibi
2074 3633 2246 3688 sancti
2275 3632 2513 3702 Spiritus
2542 3633 2724 3687 atllatu
2752 3632 2806 3687 in
2835 3633 3079 3686 animum
3111 3632 3363 3687 immissa

1787 3721 1993 3777 fuerint
2030 3719 2086 3774 in
2118 3720 2356 3775 medium
2394 3719 2697 3790 proferens,
2737 3721 3084 3778 auditoribus
3121 3722 3237 3778 suis
3266 3737 3365 3793 per

1783 3798 2125 3884 prophetiam
2165 3811 2311 3866 illam
2346 3812 2505 3866 aliert
2545 3813 2857 3877 utilitatem,
2900 3813 2976 3866 ita
3007 3826 3128 3884 ego,
3164 3812 3362 3882 inquit,

1782 3905 1934 3974 lsqui
1980 3904 2061 3959 sic
2089 3904 2274 3974 cupio,
2311 3910 2371 3956 ut
2414 3916 2500 3956 me
2539 3900 2785 3957 Ecclesia
2824 3902 3005 3958 omnis
3054 3902 3263 3969 audiat,
3310 3910 3365 3958 et

1789 3995 2050 4050 azdilicari
2080 3994 2272 4064 possit,
2291 4007 2401 4047 non
2432 4001 2490 4048 ut
2515 3992 2715 4048 Graecae
2740 4000 2834 4046 aut
2860 3991 3142 4048 llebraicae
3170 3994 3365 4065 linguas

1784 4086 2011 4143 scientia
2044 4086 2222 4139 elatus
2265 4100 2352 4140 me
2390 4100 2582 4149 unum,
2616 4085 2710 4154 qui
2753 4099 2873 4139 eam
2917 4085 3125 4141 scilicet
3160 4086 3365 4140 intelli-

1783 4190 1927 4247 gam,
1957 4189 2067 4229 non
2110 4173 2410 4230 Ecclesium
2443 4176 2642 4245 ipsam,
2680 4172 2965 4229 aediﬁcent.
3000 4173 3085 4229 'l‘u
3123 4187 3255 4230 vero
3298 4172 3369 4228 il-

1786 4266 1880 4322 lud
1912 4265 2195 4331 addidisti,
2239 4265 2465 4330 Marcio,
2498 4266 2560 4319 ob
2600 4265 2783 4336 legem,
2815 4266 2975 4337 quasi
3004 4266 3077 4321 ita
3126 4266 3363 4336 scripse-

102 4358 289 4413 πέντε
312 4361 534 4430 λόγους
558 4360 628 4413 ἐν
649 4360 971 4429 Ἐκκλησία
1009 4358 1105 4413 διὰ
1146 4361 1253 4412 τὸν
1292 4358 1499 4428 νόμον.

1804 4360 1860 4413 rit
1883 4360 2178 4425 Apostolus
2206 4378 2219 4413 :
2258 4358 2387 4413 Volo
2422 4361 2647 4429 quinque
2682 4358 2838 4413 verba
2864 4360 2921 4413 in
2963 4357 3203 4413 Ecclesia
3238 4370 3362 4427 pro~

104 4450 291 4520 σθητι,
326 4448 579 4503 Βαϐυλὼν
604 4449 850 4521 δευτέρα,
882 4449 973 4501 καὶ
996 4449 1155 4521 καινὴ
1190 4448 1434 4519 Σοδόμων
1456 4449 1686 4520 πολυμι-

105 4540 372 4607 ξία.”Εως
391 4541 522 4594 πότε
546 4539 813 4611 συνέχεις³
829 4539 927 4602 τὰς
949 4538 1197 4607 γλώσσας
1215 4556 1229 4604 ;
1250 4539 1395 4602 Ἕως
1418 4540 1545 4592 πότε
1564 4538 1685 4592 τολ-

107 4638 224 4706 μᾶς
250 4632 394 4688 κατὰ
435 4633 545 4687 τῶν
592 4632 695 4685 ὑπὸ
728 4631 821 4685 σοῦ
860 4631 1025 4702 μηδὲν
1064 4630 1458 4700 ἀδικουμένων;
1495 4632 1686 4699 Ζητεῖς

104 4735 220 4797 γὰρ
251 4724 537 4797 βιάσασθαι
570 4724 863 4792 ἀγγελικάς
887 4723 1160 4793 δυνάμεις,
1191 4722 1433 4776 ἐκϐαλὼν
1455 4723 1581 4786 τοὺς
1600 4721 1687 4775 λό-

104 4836 243 4887 γους
271 4818 369 4886 τῆς
394 4815 648 4887 ἀληθείας
677 4817 787 4869 ἀπὸ
828 4816 928 4886 τῆς
952 4815 1279 4886 Ἐκκλησίας
1309 4814 1531 4884 φάσκων
1562 4814 1686 4868 Λὼτ

101 4912 186 4983 τῷ
232 4909 399 4980 ἁγίῳ·
437 4907 719 4977 Ἐξὰγαγε
749 4907 890 4973 τοὺς
918 4907 1156 4975 ἄνδρας.
1185 4906 1291 4961 Καὶ
1317 4909 1344 4961 ὃ
1365 4908 1681 4978 ἐπιχειρεῖς,

103 5002 253 5056 κατὰ
288 4999 515 5053 σεαυτοῦ
546 5002 872 5071 ἐπιχειρεῖς·
913 5000 1037 5063 τοὺς
1077 4998 1134 5051 δὲ
1177 4999 1367 5067 λόγους
1407 4999 1506 5068 τῆς
1551 4998 1683 5068 ἀλη-

104 5094 262 5156 θείας
287 5093 387 5146 οῦκ
425 5092 694 5158 ἐκϐαλεῖς,
723 5090 858 5145 ἀλλά
880 5091 1100 5145 σεαυτὸν
1128 5092 1423 5154 πατάσσεις
1440 5093 1496 5144 ἐν
1516 5093 1683 5164 dropa—

105 5189 226 5258 σία,
270 5186 367 5241 καὶ
400 5190 458 5241 ὲν
498 5187 651 5241 νυκτὶ
682 5185 1002 5258 ἱζοςρωμένῃ
1034 5186 1258 5254 διάγεις,
1288 5184 1553 5256 ψηλαφῶν
1584 5186 1684 5257 τὴν

183 5344 203 5373 ¹
223 5340 386 5397 Forte
422 5334 495 5396 ὧν
521 5340 866 5411 (Ἐϐραίων).
904 5367 916 5376 α

104 5414 198 5469 25.
276 5415 297 5445 ⁸
324 5412 456 5468 ibid.
531 5413 550 5445 ⁷
582 5411 689 5469 Tit.
717 5428 755 5477 ι,
784 5411 871 5465 12.

178 5550 295 5623 (85)
330 5551 462 5623 ΔἽνα
498 5549 605 5623 τὸν
643 5551 878 5623 Ἐπιμεν

107 5618 293 5678 dotem
329 5620 476 5674 hunc
508 5621 679 5676 fuisse
709 5618 907 5689 scribit
944 5618 1314 5689 Epiphanius,
1349 5619 1496 5689 quod
1537 5620 1680 5688 apud

93 5692 407 5768 .Cretenses
431 5690 635 5748 idolum
665 5691 850 5749 fuerit.
878 5688 1213 5761 Quad’apud
1238 5688 1404 5747 alium
1428 5706 1539 5747 non
1568 5704 1683 5745 me-

882 5547 1018 5615 ίδην
1043 5548 1235 5617 δείξῃ.
1260 5547 1469 5603 Mithrae
1502 5562 1684 5604 sacer-

1788 4465 1901 4522 pter
1916 4453 2097 4523 legem.
2122 4451 2327 4507 Pudeat
2351 4460 2423 4520 te,
2453 4451 2692 4508 secunda
2716 4451 2976 4521 Babylon,
3002 4465 3067 4504 ac
3095 4450 3363 4505 Sodomo-

1792 4562 1913 4600 rum
1961 4559 2102 4599 nova
2149 4544 2421 4599 confusio.
2472 4544 2770 4614 Quousque
2811 4544 3026 4615 linguas
3059 4543 3193 4599 istas
3233 4558 3363 4596 con-

1790 4635 2021 4692 fundes?
2049 4635 2346 4706 Quousque
2374 4644 2566 4691 contra
2606 4652 2701 4692 eos
2748 4636 2948 4706 quibus
2986 4649 3183 4690 nocere
3226 4634 3361 4689 nihil

1792 4739 1946 4802 potes
1980 4737 2127 4784 tuam
2178 4730 2417 4784 armabis
2464 4730 2789 4784 audaciam?
2839 4728 2975 4783 Nam
3017 4727 3222 4797 angelis
3252 4727 3362 4783 vim

1792 4821 2002 4876 moliris
2053 4820 2271 4884 all‘erre,
2305 4820 2458 4876 etab
2504 4821 2749 4877 Ecclesia
2799 4819 3047 4874 veritatis
3080 4832 3365 4875 sermones

1788 4913 2090 4981 abjudicas,
2116 4913 2276 4984 363
2309 4913 2469 4981 quasi
2506 4913 2578 4965 ita
2613 4917 2863 4967 sanctum
2900 4909 3003 4963 Lot
3045 4909 3359 4979 alloquare:

1790 5001 1941 5056 Educ
1970 5003 2107 5057 viros
2132 5003 2275 5056 illos.
2313 5000 2514 5056 Verum
2548 5010 2672 5055 tuus
2703 4999 2756 5053 in
2792 5008 2842 5054 te
2866 5004 3097 5053 conatus
3122 4993 3362 5059 recidet;

1790 5110 1892 5149 nec
1934 5094 2055 5150 ideo
2085 5095 2331 5149 veritatis
2370 5094 2492 5149 illos
2544 5106 2826 5149 sermones
2867 5090 3044 5162 ejicis,
3090 5088 3188 5145 sed
3228 5086 3360 5142 tibi-

1791 5188 2009 5258 metipsi
2037 5188 2336 5243 caecitatem
2368 5185 2587 5260 intligis,
2620 5194 2782 5257 atque
2811 5184 2867 5241 in
2894 5184 3223 5243 densissima
3257 5193 3358 5237 nov

959 5339 998 5371 "
1035 5337 1098 5394 F.
1128 5338 1409 5412 ἀγνώστῳ.
1489 5342 1508 5373 ⁸

1804 5340 1945 5397 λίου.
2024 5343 2045 5375 ³
2090 5340 2149 5397 F.
2184 5344 2426 5414 συγχεῖς.
2486 5343 2508 5375 ⁸
2531 5343 2728 5399 llTim.
2758 5360 2843 5410 ut,
2877 5344 2964 5400 15.
3010 5345 3032 5377 ⁸
3059 5344 3183 5402 Act.
3220 5358 3356 5409 xvu,

3121 5545 3357 5604 ro.verbii

1788 5547 1922 5602 mini
1963 5545 2140 5615 legere
2164 5584 2180 5607 ,
2213 5561 2391 5614 neque
2423 5562 2611 5602 verum
2660 5547 2915 5603 arbitror.
2963 5546 3039 5603 De
3121 5560 3231 5604 rom

1788 5618 1937 5672 illius
1970 5616 2179 5672 origine
2230 5617 2445 5672 Κρῆτες
2483 5618 2569 5672 ἀεὶ
2607 5616 2872 5672 ψεῦσται.
2913 5617 3037 5672 vide
3076 5562 3231 5672 Ehoti

3159 5627 3357 5684 ouum,

1788 5618 1937 5690 illius
1970 5616 2445 5690 0rigiue_i{_pijteg
2483 5618 2569 5673 ἀεὶ
2607 5616 2872 5689 ψεῦσται,
2913 5617 3037 5673 vide

1788 5703 1847 5745 n.
1878 5689 1998 5755 190,
2030 5702 2153 5760 pag.
2188 5687 2314 5744 249.
