3844 6330
427 294 532 352 795

1865 297 1924 353 S.
1959 295 2302 353 EPlPIlANll

3670 286 3769 345 7‘36

426 414 531 470 etis
560 411 797 485 caligine
822 412 1088 479 versaris,
1117 412 1265 472 fores
1285 415 1540 487 palpans,
1572 430 1674 472 nec
1702 415 2011 483 inveniens,

2159 416 2313 488 ὑραν,
2348 414 2443 470 καὶ
2491 412 2587 487 μὴν
2614 413 2889 486 εὑρίσκων
2914 412 3025 477 ἕως
3052 410 3310 483 ἀνατείλῃ
3355 411 3383 465 6
3434 406 3653 477 ἥλιος.
3680 406 3769 457 καὶ

433 508 613 565 donec
638 508 722 565 sol
751 515 908 564 ortus
938 498 1129 573 fuerit,
1158 514 1330 579 tuque
1349 508 1549 578 judicii
1581 508 1725 565 diem
1758 508 2018 581 aspicias,

427 603 488 659 in
534 616 644 675 quo
680 601 986 659 mendaciis
1028 602 1135 657 tuis
1162 601 1360 657 vindex
1386 602 1529 673 ignis
1563 613 1844 659 occurrat.
1884 602 2020 659 Nam

428 695 523 753 hic
553 703 629 760 te,
660 695 742 750 uti
768 693 946 761 vides,
971 701 1273 764 exspectat.
1306 692 1578 750 Cancrum
1609 694 1751 765 apud
1783 696 2020 767 Aposto-

430 790 545 844 lum
574 801 687 844 non
721 788 940 858 legitur,
971 797 1184 857 propter
1212 787 1413 857 legem;
1449 787 1547 844 sed
1580 788 1713 843 illud
1742 804 1773 843 a
1820 796 1875 845 te
1901 804 2025 860 per-

429 895 620 953 peram
652 888 737 936 est
772 880 1069 949 adjectum.
1095 877 1251 945 Quod
1282 879 1329 933 si
1361 878 1509 934 istud
1538 880 1865 945 addidisset,
1889 897 2025 937 con-

431 981 756 1029 sentaneum
804 973 854 1028 ei
900 972 1063 1038 foret,
1108 970 1254 1041 quod
1295 971 1364 1026 ab
1407 972 1528 1042 ejus
1572 972 1802 1029 Domino
1844 973 2024 1029 fuerat

431 1064 671 1120 dictum:
709 1063 828 1119 Non
860 1064 1080 1121 venisse
1124 1079 1185 1120 se
1218 1072 1280 1119 ut
1323 1064 1497 1136 legem
1528 1065 1786 1130 solveret,
1835 1064 1933 1120 sed
1967 1072 2024 1119 ut

432 1158 759 1228 adimpleret
778 1158 818 1213 ³.

506 1249 693 1307 Schol.
726 1250 795 1304 14
826 1258 884 1305 et
909 1248 1001 1304 22.
1047 1248 1114 1304 In
1161 1249 1268 1320 lege
1300 1251 1560 1320 scriptum
1602 1260 1679 1305 est
1709 1264 1729 1304 :
1757 1249 2025 1317 Quoniam

431 1343 487 1397 in
518 1343 641 1397 aliis
671 1342 866 1413 linguis
916 1355 969 1398 et
992 1342 1148 1397 labiis
1171 1343 1295 1397 aliis
1326 1342 1517 1412 loquar
1542 1342 1733 1411 populo
1763 1342 1885 1397 huic
1906 1345 1950 1397 '.

506 1525 692 1581 Refut.
730 1524 798 1580 14
841 1532 895 1581 et
917 1524 1009 1579 22.
1050 1522 1166 1578 Nisi
1202 1524 1294 1578 illa
1332 1540 1454 1594 qua:
1495 1524 1551 1579 in
1600 1525 1718 1595 lege
1763 1532 2023 1596 prtemcta

432 1618 653 1675 fuerant
687 1616 954 1678 Dominus
984 1617 1287 1687 implesset,
1313 1617 1444 1687 quid
1488 1618 1754 1673 attinebat
1790 1617 2025 1689 Aposto-

432 1709 548 1765 lum
596 1724 662 1765 ea
700 1722 1155 1772 commemorare,
1184 1722 1307 1777 qua:
1347 1723 1415 1763 ex
1452 1707 1571 1779 lege
1604 1707 1773 1763 veteri
1806 1706 2024 1764 fuerant

2126 511 2243 583 ἴδῃς
2271 510 2370 581 τὴν
2392 508 2608 580 ἡμέραν
2630 508 2729 579 τῆς
2755 507 2990 578 κρίσεως
3007 525 3021 537 ·
3046 500 3161 579 ὲνῇ
3190 507 3284 559 καὶ
3312 505 3376 557 τὸ
3403 502 3553 571 πῦρ
3586 499 3758 552 ἁπαν

2121 605 2345 676 τήσεται
2374 605 2439 672 τῇ
2482 603 2549 671 σῇ
2577 598 2934 671 ψευδηγορίᾳ.
2968 597 3140 651 Τοῦτο
3164 597 3273 668 γάρ
3309 612 3371 649 σε
3415 592 3772 661 ἐκδέχεται,

2122 694 2198 758 ὡς
2224 696 2378 765 ὁρᾷς.
2406 690 2545 746 Οὑτε
2579 690 2688 761 γὰρ
2722 692 2902 744 κεῖται
2948 689 3102 761 παρὰ
3138 687 3217 759 τῷ
3248 683 3639 753 Ἀποστὸλῳ,
3677 679 3775 733 διὰ

2122 790 2230 845 τὸν
2252 788 2461 857 νόμον,
2494 786 2589 839 καὶ⁵
2620 782 2772 856 παρὰ
2815 782 2898 836 σοὶ
2938 782 3097 835 τοῦτο
3122 781 3576 851 πεποιήτευτειι.
3624 777 3695 831 Ei
3722 775 3776 825 δὲ

2122 883 2217 937 καὶ
2242 880 2428 948 ἔλεγεν
2453 880 2482 932 6
2508 877 2853 942 Ἀπόστολος,
2883 875 2983 930 διὰ
3006 875 3114 928 τὸν
3137 874 3348 944 νόμον,
3376 871 3777 944 συνᾳδόντως

2122 973 2275 1041 ἔλεγε
2302 970 2382 1042 τῷ
2407 970 2601 1025 ἑαυτοῦ
2623 968 2832 1040 Κυρίῳ·
2858 966 2971 1037 υὺχ
3002 967 3091 1021 ἵνα
3118 966 3396 1036 καταλύσῃ
3415 966 3535 1019 τὸν
3570 962 3779 1030 νόμον,

2122 1066 2238 1121 ἀλλ’
2274 1066 2360 1119 ἵνα
2388 1062 2674 1135 πληρώσῃ.

2194 1251 2253 1307 ιδ’
2284 1252 2380 1306 καὶ
2408 1250 2492 1322 κβ¹
2528 1251 2675 1323 σχόλ.
2713 1252 2818 1309 Ἐν
2838 1253 2920 1319 τῷ
2948 1250 3111 1321 νόμῳ
3128 1249 3487 1320 γέπκιπταε,
3527 1249 3643 1300 ὅτι
3668 1248 3770 1301 Ἦ)

2122 1344 2600 1413 ἑτερογλώσσοις
2623 1386 2639 1411 ,
2692 1345 2791 1399 καὶ
2850 1344 3125 1415 χείλεσιν
3182 1342 3408 1411 ἑτέροις
3469 1339 3776 1407 ,λαλήσω

2072 1475 2083 1485 .
2124 1434 2279 1505 πρὸς
2304 1434 2412 1488 τὸν
2438 1435 2596 1489 λαόν
2625 1436 2865 1491 τοῦτον.

2197 1526 2257 1581 ιδ’
2293 1528 2386 1581 καὶ
2413 1526 2497 1598 κβ¹
2525 1526 2705 1599 ἔλεγχ.
2747 1526 2813 1581 El
2858 1526 2933 1598 μὴ
2976 1525 3264 1597 ἐπλήρωσε
3306 1524 3539 1595 Κύριος
3593 1522 3677 1575 τὰ
3715 1523 3773 1573 ἐν

2120 1618 2200 1690 τῷ
2248 1617 2399 1688 νόμῳ
2430 1616 2828 1689 προειρημένα,
2860 1616 2944 1679 τίς
2968 1611 3037 1687 ἦν
3068 1614 3226 1685 χρεία
3269 1614 3362 1667 τὸν
3396 1612 3775 1667 Ἀττὸστολον

2123 1711 2440 1782 ὑπομνῆσαι
2470 1708 2538 1763 τὰ
2568 1709 2678 1763 ἀπὸ
2699 1707 2866 1779 νόμου
2894 1709 2954 1762 ὲν
2980 1708 3159 1777 Καινῇ
3188 1704 3438 1778 Διαθῆκῃ
3485 1703 3769 1775 πληροῦ-

396 1818 399 1819 '
432 1800 492 1857 in
539 1798 692 1856 Novo
736 1798 1093 1855 Testamento
1131 1799 1408 1869 perfecta?
1449 1798 1922 1865 Quemadmodum
1968 1810 2023 1856 et

2159 1821 2301 1871 Lava;
2341 1803 2429 1866 Ὦς
2458 1801 2553 1856 καὶ
2578 1801 2609 1854 6
2642 1800 2836 1873 Σωτὴρ
2864 1799 3089 1864 ἔδειξεν,
3116 1799 3201 1853 ὅτι
3230 1796 3394 1860 αὑτὸς
3437 1792 3523 1867 ἦν
3580 1799 3620 1849 6
3672 1795 3769 1848 καὶ

436 1888 691 1945 Salvator
722 1889 842 1960 ipse
862 1888 1227 1955 demonstrat,
1256 1889 1510 1945 eumdem
1540 1904 1600 1947 se
1623 1906 1765 1958 esse,
1793 1892 1886 1961 qui
1908 1899 2025 1947 tum

435 1982 494 2038 in
526 1983 647 2054 lege
683 1982 901 2037 locutus
928 1989 1032 2046 est,
1062 1981 1119 2037 in
1147 1981 1295 2037 hunc
1315 1982 1537 2037 modum
1579 1982 1971 2041 interminatus
2007 2002 2023 2040 :

437 2072 570 2130 Ideo
603 2073 837 2143 offensus
870 2071 949 2142 fui
991 2072 1319 2143 generationi
1363 2073 1508 2139 huic,
1543 2083 1596 2129 et
1627 2072 1745 2129 dixi
1765 2089 1785 2129 :
1811 2072 2028 2144 Semper

435 2165 690 2221 hierraut
718 2167 876 2221 corde
897 2166 956 2233 ³;
990 2172 1047 2221 et
1071 2181 1086 2220 :
1112 2162 1305 2219 εἴαταυὶ
1323 2165 1372 2220 si
1397 2164 1694 2220 introibant
1715 2167 1771 2221 in
1798 2168 2029 2239 requiem

436 2259 678 2315 meam‘.
731 2257 1027 2329 Propterea
1084 2258 1141 2312 in
1190 2256 1317 2314 aliis
1353 2257 1554 2329 linguis
1607 2259 1918 2315 locuturum
1970 2275 2031 2316 se

438 2367 568 2409 esse
598 2349 968 2413 denuntiavit,
998 2358 1057 2403 ut
1086 2357 1144 2405 et
1170 2349 1391 2405 locutus
1412 2358 1535 2420 est;
1560 2365 1662 2407 nec
1690 2351 1924 2420 ingressi
1951 2352 2031 2407 illi

440 2452 592 2499 sunt.
663 2439 996 2511 Huiusmodi
1048 2440 1195 2496 enim
1249 2440 1511 2511 quiddam
1568 2441 1859 2513 discipulis
1912 2445 2030 2501 suis

436 2536 645 2591 dixisse
670 2533 870 2606 legitur
898 2552 913 2585 :
957 2531 1112 2587 Vobis
1141 2530 1328 2586 datum
1358 2542 1439 2587 est
1479 2548 1633 2588 nosse
1651 2535 1906 2605 mysteria
1950 2550 2033 2590 rc-

438 2627 527 2699 gui
564 2625 698 2691 Dei;
732 2624 842 2679 illis
879 2633 1057 2678 autem
1101 2625 1158 2678 in
1200 2624 1495 2695 parabolis,
1544 2634 1605 2679 ut
1646 2627 1879 2682 videntes
1926 2644 2033 2682 non

437 2720 648 2776 videant
669 2719 713 2783 ⁸,
746 2726 853 2775 etc.
904 2716 1042 2772 Cum
1075 2716 1261 2787 itaque
1310 2717 1363 2772 in
1394 2716 1547 2773 Novo
1580 2717 1934 2776 Testamento
1967 2736 2032 2776 ea

442 2813 647 2883 ubique
682 2812 795 2868 sint
831 2811 1076 2882 impleta,
1117 2828 1240 2882 qua:
1271 2812 1326 2866 in
1360 2808 1551 2866 Vetere
1576 2811 2029 2878 continebantur,

438 2906 695 2961 dubitare
745 2920 905 2961 nemo
941 2910 1143 2976 potest,
1177 2904 1311 2973 quin
1360 2900 1608 2973 ejusdem
1644 2903 1808 2959 ambo
1840 2903 2035 2960 Testa-

439 3005 625 3054 menta
662 2996 756 3051 Dei
793 2997 924 3062 sint,
960 3012 1070 3051 non
1106 2997 1332 3051 alterius
1360 3010 1425 3050 ac
1456 2995 1678 3050 diversi.

513 3089 702 3146 Schol.
756 3089 821 3144 15
870 3096 924 3144 et
966 3088 1058 3146 23.
1100 3086 1351 3142 Mulieres
1402 3088 1459 3142 in
1502 3088 1725 3142 ecclesia
1796 3096 2026 3143 taceant.

442 3182 569 3239 Non
613 3182 751 3237 enim
779 3180 1103 3250 permittitur
1134 3180 1244 3234 illis
1276 3179 1455 3250 loqui;
1486 3180 1575 3234 sed
1620 3178 1849 3235 subdita:
1898 3182 2028 3247 sint,

440 3276 576 3331 sicut
604 3284 653 3329 et
689 3276 773 3327 lex
798 3271 928 3325 dicit
946 3272 988 3324 ⁸.

514 3366 701 3423 Ιὶεῐυι.
734 3366 801 3421 15
835 3374 891 3421 et
923 3366 1015 3421 ‘23.
1057 3364 1113 3419 Si
1155 3379 1219 3419 ex
1265 3362 1398 3433 legis
1430 3363 1754 3434 praescripto
1795 3360 2033 3419 sanctis-

441 3460 615 3516 simus
644 3458 738 3514 Dei
777 3460 1076 3528 Apostolus
1111 3455 1370 3511 Ecclesiae
1399 3455 1645 3511 ordinem
1700 3471 1765 3511 ac
1794 3454 2035 3526 discipli-

443 3568 573 3609 nam
605 3553 913 3615 constituit,
958 3568 1068 3606 non
1102 3551 1206 3606 erit
1233 3550 1323 3604 lex
1352 3549 1565 3606 ordinis
1609 3565 1827 3621 expers,
1862 3565 1894 3606 e
1926 3563 2034 3621 qua

444 3645 694 3701 ordinem
723 3644 1021 3715 Apostolus
1050 3642 1367 3709 transtulit;
1398 3656 1574 3712 neque
1620 3643 1689 3696 ab
1718 3642 1897 3697 alieno
1923 3641 2033 3697 Deo

445 3738 865 3811 proﬁciscetur,
915 3752 1037 3808 qua:
1082 3738 1202 3791 viro
1246 3734 1505 3790 feminam
1562 3750 1683 3791 esse
1729 3735 2033 3803 subjectam

447 3830 711 3903 praecipit.
746 3828 862 3885 lloc
896 3831 1044 3885 enim
1082 3838 1137 3886 et
1168 3828 1435 3899 Apostolo
1480 3829 1536 3883 in
1598 3826 1902 3882 condendis
1935 3825 2036 3880 Ec-

448 3924 631 3980 clesiae
664 3924 875 3995 legibus
904 3922 1132 3994 placuit,
1171 3931 1228 3976 ut
1257 3923 1375 3992 ipse
1404 3928 1662 3987 testatur,
1687 3917 1854 3992 364
1882 3917 2035 3973 Sicut

446 4026 498 4073 et
527 4017 612 4071 lex
634 4016 782 4070 dicit.
819 4015 926 4072 Sed
969 4016 1194 4071 ubinam
1218 4015 1438 4070 demum
1468 4014 1571 4069 ista
1604 4014 1689 4069 lex
1728 4013 1906 4069 dicit?
1941 4010 2038 4066 Ni-

448 4111 648 4165 mirum
692 4124 757 4163 eo
792 4109 847 4162 in
876 4109 1018 4172 loco,
1059 4107 1152 4162 ubi
1198 4108 1271 4160 ita
1300 4106 1565 4161 Dominus
1600 4105 1763 4159 Evam
1802 4104 2037 4174 alloqui-

446 4213 539 4258 tur
567 4222 581 4258 :
615 4200 696 4254 Ad
729 4202 899 4253 virum
927 4201 1027 4255 erit
1073 4199 1341 4252 conversio
1382 4207 1496 4263 tua,
1529 4206 1578 4252 et
1602 4198 1711 4267 ipse
1738 4197 2039 4252 dominabi-

450 4306 539 4349 tur
570 4294 722 4347 tibi'.
775 4292 935 4355 Nam,
984 4292 1088 4347 etsi
1128 4290 1407 4360 plerisque
1455 4289 1579 4343 aliis
1612 4289 1668 4343 in
1710 4288 1845 4353 locis
1896 4288 2036 4344 idem

449 4388 744 4459 repetitum
788 4384 998 4449 fuerit;
1032 4383 1143 4437 illic
1182 4389 1365 4436 tamen
1409 4382 1644 4451 primum
1690 4388 1773 4436 est
1812 4394 2041 4448 usurpa-

2125 1897 2248 1951 τότε
2273 1898 2332 1950 ὲν
2359 1896 2511 1966 νόμῳ
2532 1893 2796 1965 λαλήσας,
2826 1893 2921 1947 καὶ
2949 1891 3092 1946 κατὰ
3123 1888 3357 1961 ἀπειλὴν
3387 1890 3615 1959 ὁρίσας
3666 1887 3769 1940 αὑ-

2125 1970 2239 2051 τοῖς
2261 1986 2466 2055 λέγων·
2492 1985 2590 2039 Διὸ
2618 1983 3027 2054 προσώχθησα
3058 1980 3135 2051 τῇ
3161 1979 3340 2051 γενεᾷ
3370 1981 3616 2047 ταύτῃ.
3662 1978 3767 2032 zal

2126 2074 2328 2133 εἷπον-ο
2346 2075 2466 2131 ‘Asl
2504 2072 2851 2130 πλανῶνται
2886 2071 2961 2142 τῇ
2989 2070 3203 2141 καρδίᾳ
3226 2084 3240 2097 ·
3274 2070 3391 2134 καὶ,
3415 2070 3689 2139 Ὠμοσα
3710 2068 3767 2119 ει

2126 2170 2580 2228 είσελεύσονται
2621 2168 2709 2234 είς
2752 2165 2868 2235 τὴν
2913 2154 3302 2218 κατάπαυσίν
3322 2178 3466 2231 μου.
3511 2158 3633 2213 Διδ
3665 2158 3763 2210 καὶ

2129 2267 2189 2320 ὲν
2216 2260 2639 2335 ἑτερογλώσσοις
2658 2257 3026 2329 ἐπηγγείλατο
3044 2256 3275 2327 λαλῆσαι
3296 2256 3507 2318 αὑτοῖς,
3540 2255 3635 2319 ὡς
3661 2254 3759 2307 καὶ

2129 2358 2392 2428 ἐλάλησεο
2422 2355 2519 2409 καὶ
2567 2354 2669 2407 οὑκ
2715 2350 2985 2422 εἰσῆλθον.
3023 2349 3195 2403 Τοῦτο
3248 2348 3357 2420 γὰρ
3406 2348 3759 2419 salapiae-:1:

2130 2449 2307 2518 λέγων
2326 2448 2439 2509 τοῖς
2466 2444 2633 2499 αὑτοῦ
2666 2442 2936 2515 μαθηταῖς
2951 2459 2965 2471 ο
3009 2440 3169 2509 Ὑμῖν
3188 2439 3425 2494 dederat
3449 2435 3759 2506 λαλῆσαι

2129 2540 2203 2595 τὰ
2221 2538 2529 2609 μυστήρια
2556 2532 2667 2603 τῆς
2690 2532 3015 2600 ,βασιλείας
3034 2549 3048 2564 ·
3082 2532 3337 2597 ἐκείνοις
3358 2530 3427 2583 δὲ
3447 2531 3525 2583 ἐν
3549 2543 3745 2597 παρα

2132 2630 2362 2697 ϐολαῖς,
2391 2631 2493 2683 ἵνα
2515 2626 2852 2693 ,βλέποντες
2887 2625 2975 2695 μὴ
3012 2625 3312 2689 βλέπωσι,
3356 2624 3447 2676 καὶ
3476 2624 3556 2677 τὰ
3593 2622 3750 2692 ἑξῆς.

2132 2721 2419 2793 Πανταχοῦ
2453 2719 2635 2773 τοίνυν
2665 2720 2724 2771 ὲν
2758 2720 2824 2789 τῇ
2858 2719 3036 2789 Καινῇ
3063 2716 3133 2769 τὰ
3162 2716 3271 2770 ἀπὸ
3299 2714 3556 2778 Hala'j;
3607 2714 3749 2783 πληο

2136 2816 2398 2891 ροὺμενα,
2432 2812 2590 2868 παντί
2615 2830 2692 2883 τῳ
2720 2810 2888 2880 σαφές
2915 2812 3082 2869 ἐστιν.
3120 2810 3201 2863 ὅτι
3232 2810 3329 2879 οὑχ
3366 2809 3559 2880 ἑτέρου
3606 2806 3751 2860 Θεοῦ

2134 2912 2229 2966 καὶ
2257 2912 2472 2987 ἐτέρου,
2506 2908 2641 2963 ἀλλὰ
2661 2904 2754 2961 τοῦ
2781 2903 2947 2961 αὑτοῦ
2971 2905 3026 2958 αἱ
3048 2904 3141 2958 δύο
3156 2903 3421 2974 Διαθῆκαι
3444 2902 3744 2957 συνίσταν-

2133 3023 2244 3060 ται.

2207 3104 2268 3152 ιε’
2300 3097 2394 3151 καὶ
2422 3101 2509 3162 κγ’
2538 3094 2688 3167 σχόλ.
2728 3095 2797 3147 ΑΙ
2827 3090 3115 3161 γυναῖκες
3161 3088 3233 3143 ἐν
3289 3087 3608 3155 ἐκκλησίᾳ
3652 3100 3732 3139 σι-

2134 3189 2435 3261 γάτωσαν.
2463 3189 2546 3242 Οὐ
2576 3186 2688 3258 γὰρ
2716 3183 3091 3253 ἐπιτρέπεται
3114 3182 3325 3245 αὑταῖς
3348 3179 3599 3244 λαλεῖν,
3634 3179 3742 3232 ἀλ-

2131 3282 2214 3337 λὰ
2238 3280 2824 3343 ὑποτασσέσθωσαν,
2855 3276 3051 3343 καθὼς
3075 3276 3173 3330 καί
3198 3277 3231 3329 ὀ
3263 3275 3457 3343 νόμος
3488 3272 3691 3342 λέγει.

2207 3383 2268 3430 ιε’
2298 3376 2391 3430 καὶ
2416 3380 2501 3444 κγ’
2537 3374 2718 3443 ἔλεγχ.
2761 3373 2823 3426 El
2855 3371 2998 3426 κατὰ
3036 3370 3129 3423 τὸν
3167 3368 3332 3439 νόμον
3374 3366 3736 3421 διατάσσετιν

2134 3471 2163 3525 6
2203 3470 2358 3538 ἆγιος
2390 3467 2487 3520 τοῦ
2535 3465 2671 3520 Θεοῦ
2702 3463 3025 3526 Ἀπόστολος
3066 3460 3164 3532 τὴν
3210 3457 3463 3523 εὐταξίαν
3491 3462 3566 3529 τῇ
3606 3456 3732 3525 ἁγὶᾳ

2134 3560 2228 3613 τοῦ
2264 3556 2400 3613 Θεοῦ
2433 3554 2755 3627 Ἐκκλησία,
2783 3554 2884 3607 οὑκ
2909 3554 3145 3615 ἄτακτος
3167 3552 3196 3604 6
3221 3550 3404 3622 νόμος,
3434 3550 3531 3617 ἀφ’
3562 3541 3735 3617 οὗπερ

2134 3652 2234 3723 τὴν
2255 3648 2507 3717 εὐταξίαν
2538 3646 2961 3720 μετακομίζεται
2976 3660 2990 3674 ⁸
3017 3644 3139 3698 οὑδὲ
3165 3642 3446 3713 ἀλλοτρίου
3470 3640 3616 3695 Θεοῦ
3639 3641 3734 3692 ὑπ-

2137 3744 2295 3815 άρχει
2329 3747 2357 3797 ὁ
2385 3743 2569 3815 νόμος,
2599 3741 2698 3813 τὴν
2727 3742 2962 3809 γυναῖκα
3000 3734 3383 3800 καθυποτάξας
3428 3733 3506 3804 τῷ
3555 3732 3730 3803 ἀνδρί.

2136 3835 2469 3908 Συναρέσκει
2512 3833 2619 3905 γὰρ
2652 3833 2745 3886 καὶ
2771 3831 3082 3902 ’Δποστόλῳ
3111 3829 3272 3882 τοῦτο
3300 3829 3358 3881 ἐν
3383 3829 3449 3898 τῇ
3474 3826 3579 3897 τῆς
3613 3824 3734 3877 Ἐκ-

2137 3929 2363 4000 κλησίας
2398 3926 2708 3998 νομοθεσίᾳ,
2736 3926 2812 3990 ὦς
2854 3941 2985 3996 φησι
3011 3941 3024 3954 ’
3072 3921 3279 3987 Καθὼς
3316 3919 3415 3976 καὶ
3464 3923 3497 3972 ό
3550 3921 3733 3988 νόμος

2138 4017 2321 4088 λέγει.
2363 4018 2474 4073 Ποῦ
2524 4019 2581 4073 δὲ
2633 4021 2661 4072 6
2696 4014 2849 4071 εἶπεν
2883 4019 2913 4070 6
2940 4016 3136 4088 νόμος;
3173 4014 3339 4068 Ἀλλὰ
3365 4016 3422 4067 ὲν
3453 4013 3535 4085 τῷ
3560 4012 3732 4067 εἰπεῖν

2140 4110 2231 4164 τὸν
2264 4109 2396 4163 Θεὸν
2427 4111 2565 4182 πρὸς
2588 4110 2686 4181 τὴν
2711 4108 2854 4165 Εὔαν
2873 4108 3036 4171 εὐθύς
3054 4124 3069 4139 ·
3098 4108 3255 4176 Πρὸς
3274 4107 3383 4161 τὸν
3402 4104 3600 4172 ἄνδρα
3620 4120 3729 4158 σου

2138 4202 2179 4270 ἡ
2212 4200 2565 4269 ἀποστροφή
2619 4216 2760 4266 σου,
2804 4200 2901 4254 καὶ
2946 4199 3128 4264 αὑτός
3157 4214 3275 4252 σου
3303 4197 3635 4266 κυριεύσει,
3673 4195 3729 4248 El

2140 4293 2250 4365 γὰρ
2295 4293 2389 4346 καὶ
2422 4294 2479 4345 ὲν
2504 4292 2683 4356 ἄλλοις
2712 4292 2917 4357 τόποις,
2950 4290 3086 4346 ἀλλὰ
3121 4289 3372 4343 ἐντεῦθεν
3403 4291 3437 4359 ἡ
3471 4291 3642 4361 ἀρχή.
3671 4285 3728 4339 Εἰ

2141 4388 2320 4441 τοίνυν
2353 4386 2459 4439 ἀπὸ
2502 4387 2624 4439 τότε
2670 4388 2701 4456 ἡ
2752 4388 2890 4459 γυνὴ
2942 4386 3187 4455 ὑπετάγη
3221 4386 3285 4437 ὲκ
3309 4384 3729 4454 προστάγματος

450 4487 589 4533 tum.
618 4476 738 4530 Jam
766 4491 891 4531 cum
922 4490 988 4529 ex
1031 4473 1124 4528 illo
1155 4480 1403 4543 tempore
1432 4472 1692 4541 deinceps
1726 4472 1922 4527 mulier
1951 4472 2029 4526 di-

2159 4478 2285 4533 Θεοῦ
2314 4478 2391 4548 τῷ
2419 4478 2592 4549 ἀνδρὶ,
2622 4478 2715 4531 καὶ
2743 4477 3052 4541 ἀκολούθως
3082 4479 3110 4530 ὁ
3131 4474 3455 4536 Ἀπόστολος
3490 4472 3728 4526 καθυπο-

449 4569 579 4624 vino
609 4566 868 4622 mandato
897 4566 1015 4621 viro
1045 4564 1295 4634 subjecta
1325 4579 1448 4619 esse
1479 4563 1732 4633 cmperit,
1774 4571 1828 4617 et
1869 4563 1920 4617 id
1959 4580 2048 4619 se-

451 4671 614 4717 cutus
656 4660 956 4731 Apostolus
998 4658 1246 4715 eamdem
1290 4657 1612 4727 subjecerit,
1654 4672 1753 4712 nec
1793 4657 1871 4711 illi
1914 4656 2045 4721 Deo,

451 4758 544 4827 qui
570 4757 743 4811 virum
769 4752 1393 4823 feminamquecondidit
1417 4752 1756 4807 contrarium
1783 4750 2047 4822 quiddam

454 4842 797 4911 praeceperit,
859 4839 1018 4909 plane
1068 4838 1217 4893 istud
1266 4836 1507 4903 indicat,
1563 4837 1809 4906 ejusdem
1860 4852 1918 4891 se
1954 4835 2049 4891 Dei

452 4934 761 5004 apostolum
788 4948 852 4987 ac
880 4931 1250 5002 legislatorem
1284 4944 1429 4993 esse,
1459 4944 1490 4983 a
1525 4942 1635 4999 quo
1675 4928 1757 4981 lex
1788 4927 1907 4997 ipsa
1936 4923 2043 4981 Ve-

452 5034 653 5095 tusque
687 5033 773 5081 est
802 5025 1214 5080 Testamentum
1250 5037 1413 5077 omne
1438 5020 1746 5077 derivatum
1776 5038 1786 5074 :
1819 5020 1904 5074 cui
1933 5019 2043 5073 No-

453 5134 581 5174 vum
623 5118 812 5184 etiam,
844 5116 1090 5187 adeoque
1116 5126 1410 5185 utrumque
1434 5113 1844 5170 Testamentum
1879 5112 2045 5167 tribui

451 5218 724 5280 oporteat,
764 5208 911 5278 quod
946 5208 1254 5275 mulierem,
1284 5215 1344 5261 ut
1389 5206 1539 5268 olim,
1582 5207 1657 5260 ita
1693 5212 1746 5258 et
1788 5217 1935 5257 nunc
1975 5201 2048 5257 ob

455 5302 601 5372 piam
641 5310 805 5370 atque
836 5300 1159 5370 :equabilem
1201 5300 1634 5355 moderationem
1683 5296 1802 5352 viro
1856 5297 2047 5353 subdi-

454 5407 566 5453 tam
594 5411 717 5454 esse
741 5394 1041 5465 praecipiat.

528 5486 711 5543 Schol.
754 5484 821 5539 16
868 5493 921 5539 et
968 5484 1060 5540 24.
1102 5483 1179 5540 De
1223 5484 1627 5540 resurrectione
1676 5489 2039 5536 mortuorum.

455 5582 661 5638 Notum
692 5588 869 5634 autem
890 5578 1032 5634 vobis
1068 5578 1229 5649 facio,
1261 5578 1477 5648 fratres,
1510 5576 1877 5644 Evangelium,
1904 5574 2043 5645 quod

531 5707 548 5735 ι
581 5702 769 5759 Matth.
798 5680 976 5765 "v.17.

462 5776 549 5831 ιι.
627 5776 647 5807 ⁸
689 5764 865 5831 lCor.
901 5787 1018 5843 nv,
1050 5770 1140 5827 54.
1217 5771 1237 5803 τ
1275 5767 1411 5823 Gen.
1445 5779 1526 5834 ιιι,
1562 5764 1649 5819 16,

1124 5698 1144 5729 ¹
1174 5698 1191 5754 1
1225 5695 1352 5752 Cor.
1385 5710 1498 5756 xw,
1534 5692 1597 5746 21
1630 5711 1643 5758 ;
1685 5692 1789 5750 lsa.
1828 5706 2021 5759 xxvm,
2064 5690 2151 5746 li.

2142 4572 2334 4625 τάσσει
2366 4571 2570 4642 ταύτην
2590 4588 2604 4601 ·
2641 4571 2742 4624 οὑκ
2772 4570 3068 4633 ἀντιθέτως
3097 4568 3175 4640 τῷ
3209 4570 3496 4638 ποιήσαντι
3526 4568 3622 4620 τὸν
3647 4566 3727 4620 ἄν·

2146 4664 2364 4736 θρωπον
2393 4665 2487 4718 καὶ
2514 4664 2611 4735 τὴν
2644 4667 2881 4734 γυναῖκα
2905 4663 3023 4735 Θεῷ
3056 4664 3217 4725 αὑτὸς
3249 4660 3511 4725 κελεύων,
3535 4660 3722 4714 δείκνυι

2149 4772 2233 4808 σιν
2265 4755 2588 4822 ἐξάπαντος,
2620 4757 2702 4809 ὅτι
2756 4755 2849 4809 τοῦ
2896 4754 3058 4809 αὑτοῦ
3094 4753 3229 4807 Θεοῦ
3258 4754 3491 4825 ὑπάρχει
3521 4754 3551 4805 6
3580 4750 3723 4806 Ἀπό-

2150 4848 2336 4913 στολος
2357 4849 2651 4920 νομοθέτης
2669 4846 2826 4912 Θεοῦ,
2850 4840 2911 4901 οὗ
2934 4847 3029 4900 καὶ
3054 4848 3082 4897 6
3104 4846 3267 4916 νόμος
3287 4840 3373 4915 ἦν,
3404 4846 3499 4899 καὶ
3523 4846 3556 4915 ἡ
3590 4845 3722 4897 πᾶσα

2151 4941 2363 4996 Παλαιὰ
2409 4942 2684 5013 Διαθήκη·
2721 4942 2817 4993 καὶ
2848 4940 2941 4994 τοῦ
2975 4938 3138 4993 αὑτοῦ
3182 4940 3215 5008 ἡ
3253 4936 3427 5007 Καινὴ
3470 4936 3720 5007 Διαθῆκη.

2150 5032 2428 5087 τουτέστιν
2465 5033 2520 5086 αἱ
2551 5032 2644 5086 δύο
2671 5032 2957 5100 Διαθῆκαι,
2989 5034 3043 5085 αἱ
3074 5032 3171 5102 τὴν
3206 5032 3436 5101 γυναῖκα
3481 5028 3603 5081 τότε
3644 5027 3720 5082 καὶ

2154 5124 2248 5178 νῦν
2273 5123 2720 5190 καθυποτάξασαι
2752 5123 2831 5195 τῷ
2863 5123 3018 5196 ἀνδρὶ
3050 5122 3116 5176 δι’
3144 5122 3345 5192 εὑσεῦἧ
3374 5120 3469 5175 καὶ
3498 5120 3719 5193 ἀντίρρο·

2157 5232 2256 5270 πον
2278 5214 2547 5282 εὐταξίαν.

2228 5487 2303 5546 ις’
2335 5479 2430 5534 καὶ
2456 5480 2533 5534 κδ’
2568 5480 2716 5552 σχόλ.
2760 5480 2897 5551 Περὶ
2921 5479 3269 5540 ἁναστασεως
3302 5475 3536 5545 νεκρῶν.
3575 5475 3619 5527 Γ
3622 5491 3707 5526 νω-

2144 5572 2281 5641 ρὶζω
2313 5574 2381 5628 δὲ
2418 5573 2581 5639 ὑμῖν,
2615 5573 2889 5642 ἀδελφοὶ,
2923 5574 2989 5626 τὸ
3022 5569 3399 5639 Ebur-ralem,"
3444 5566 3475 5619 ὃ
3499 5568 3713 5635 simne.

2304 5692 2323 5724 ³
2357 5689 2504 5747 Psal.
2541 5706 2690 5761 χειν,
2726 5689 2792 5745 l0
2926 5688 2946 5720 "
2982 5686 3116 5745 ibid.
3148 5685 3234 5744 ll.
3334 5686 3355 5719 '
3381 5686 3570 5743 Matth.
3611 5700 3708 5750 xm,
