3768 6182
21 192 176 251 797
807 205 1185 267 ADVERSUS
1221 200 1565 272 IIAZRESES
1596 215 1726 274 LIB.
1766 213 1810 271 ι.
1858 211 2025 270 TOM.
2068 210 2161 266 Ill.
2190 238 2261 251 —
2300 208 2572 266 omnes.
2613 207 2777 265 xw.
3292 202 3397 261 798

21 310 369 387 λισάμην
412 318 558 389 ὑμῖν
584 336 600 353 ·
630 320 747 389 καὶ,
780 321 864 377 ὅτι
904 325 977 378 Et
1000 325 1256 395 Χριστὸς
1298 330 1411 385 οὐκ
1453 331 1629 403 ἐγήγε

1833 330 2085 388 rwdicavi
2132 328 2297 386 vobis.
2330 325 2464 382 Item
2498 345 2513 381 :
2544 325 2605 382 Si
2647 325 2892 382 Christus
2929 343 3034 381 non
3077 325 3392 395 resurrexit,

21 419 189 470 ται,
227 410 509 479 μάταιον,
537 414 633 468 καὶ
663 414 731 468 τὰ
758 416 904 488 ἑξῆς.
936 418 1136 484 Οὕτως
1157 422 1566 494 κηρύσσομεν,
1588 444 1629 480 κ

1833 427 1994 489 ranis,
2028 432 2137 481 etc.
2171 423 2262 478 Sic
2282 421 2658 489 prtedicamus,
2689 429 2743 473 et
2771 419 2849 474 sic
2878 420 3216 475 credidistis:
3247 419 3392 486 Quo-

21 495 284 567 οῦτως
326 503 727 561 ἐπιστεύσατε
747 523 761 537 ο
798 509 918 562 Ὅτι
966 511 1223 579 Χριστὸς
1263 513 1547 582 ἀπέθανε,
1591 535 1625 571 κ

1833 520 1937 573 iam
1965 516 2213 573 Christus
2242 524 2484 569 mortuus
2524 524 2623 580 est,
2654 522 2704 567 et
2738 513 2996 577 sepultus,
3023 520 3073 567 et
3104 514 3393 569 resurrexit

22 592 308 664 ἑτάρη,
336 597 433 649 καὶ
457 598 769 668 ἐγήγερται
798 600 873 671 τῇ
900 603 1065 672 τρίτη
1099 605 1499 675 ἡμέρᾳ.⁹’οταν
1534 609 1629 663 es:

1833 611 1955 664 ertia
1985 610 2092 664 die.
2129 607 2266 663 Cum
2302 615 2478 661 autem
2512 604 2743 659 mortale
2772 604 2869 657 hoc
2906 602 3138 658 induerit
3167 604 3391 658 immor-

22 686 320 754 θνητὸν
348 689 520 744 τοῦτο
549 692 877 761 ἐνδύσηται
900 696 1260 761 ἀθανασίαν,
1282 701 1416 755 τότε
1441 702 1629 772 γενήσ

1833 702 2051 755 ιίίιαιεηι
2072 739 2088 765 ,
2155 710 2279 753 tunc
2308 701 2395 768 ﬁet
2424 714 2627 764 sermo,
2663 697 2753 769 qui
2773 697 3000 766 scriptus
3039 705 3159 752 est:
3193 695 3392 752 Absor-

28 794 155 831 ται
236 784 273 836 ό
313 784 496 853 λόγος
533 787 567 838 ὁ
604 785 1048 856 γεγραμμένος·
1095 786 1409 862 Κατεπόθη
1446 797 1479 849 δ
1512 794 1694 852 θάνα-
1792 800 1886 861 pta
1910 800 1988 846 est
2022 808 2164 847 mors
2185 792 2240 846 in
2270 791 2491 846 victoria
2512 793 2553 844 ².

25 886 197 938 τος.
1518 909 1524 915 -

135 972 239 1031 ις’
277 968 374 1022 καὶ
418 969 495 1022 κδ’
522 968 703 1043 ἔλεγχ.
744 974 1014 1043 Γνωρίζω
1067 977 1136 1031 δὲ
1184 978 1349 1049 ὑμῖν,
1393 980 1648 1053 ἀδελφοὶ
1673 1025 1689 1050 ,

32 1056 121 1110 τὸ
172 1061 589 1131 Εὐαγγέλιον,
626 1064 657 1118 ὂ
691 1067 1185 1140 εὐηγγελισάμην
1217 1072 1379 1143 ὑμῖν.
1421 1075 1485 1128 Et
1527 1077 1693 1149 εὐηγ-

38 1151 382 1220 veli-3am,
433 1158 530 1212 καὶ
575 1158 708 1213 αὐτὸ
764 1161 925 1215 πάλιν
973 1166 1271 1237 γνωρίζει,
1317 1168 1417 1222 οὐκ
1467 1170 1690 1224 ἄλλοθεν

37 1243 447 1332 Εὐαγγέλιον,
478 1248 601 1304 οὒτε
623 1252 756 1325 ἄλλη
788 1254 989 1323 γνῶσις
1021 1258 1159 1327 μετά
1191 1258 1290 1332 τὴν
1326 1261 1476 1331 μίαν,
1506 1264 1599 1317 καὶ
1629 1264 1691 1318 τὸ

43 1337 119 1390 ὲν
160 1329 341 1411 ᾧπερ
369 1343 720 1414 ἐντυγχάνει¹
759 1346 848 1402 διὰ
874 1348 983 1401 τῶν
1002 1329 1284 1422 τεσσάρων
1317 1329 1688 1423 Εὐαγγελίων,

42 1427 166 1480 καὶ
226 1430 345 1484 τῶν
392 1432 706 1488 ἀποστόλων
727 1451 740 1464 ⁸
772 1436 860 1491 ἵνα
902 1438 1098 1511 ἐλέγξῃ
1127 1440 1218 1495 τὸν
1262 1442 1567 1513 Μαρκίωνα
1599 1462 1629 1497 τ

1833 1451 1920 1492 ιον
1950 1435 2259 1507 Evangeliis
2305 1440 2361 1491 et
2422 1433 2689 1505 apostolis
2719 1432 2978 1487 omnibus
3008 1432 3233 1487 unicum
3279 1437 3386 1485 est.

50 1520 229 1590 μετὰ
260 1523 505 1579 τοσαῦτα
545 1524 642 1598 ἔτη
687 1528 912 1598 ἥκοντα,
946 1531 1085 1602 μετά
1119 1532 1343 1603 χρόνους
1370 1534 1465 1589 τοῦ
1494 1536 1628 1590 καλο

1833 1533 1875 1585 ιι
1912 1544 2022 1599 quo
2054 1529 2264 1584 Marcio
2294 1526 2584 1592 refellitur,
2615 1527 2707 1598 qui
2744 1532 2897 1580 tanto
2938 1525 3226 1581 intervallo
3259 1539 3390 1596 pro-

48 1614 255 1682 μένου
286 1616 599 1687 Ἀνικήτου,
634 1619 728 1673 τοῦ
768 1621 1056 1694 Ῥωμαίων
1078 1625 1398 1694 ἐπισκόπου,
1423 1628 1517 1682 τοῦ
1548 1646 1629 1683 καί

1839 1621 1996 1687 ierit;
2055 1622 2315 1676 nimirum
2369 1627 2494 1690 post
2553 1619 2768 1674 Aniceti
2825 1616 3061 1672 Romani
3110 1616 3388 1687 pontiﬁcis

46 1702 348 1780 διαδοχὴν
394 1709 585 1764 ἐνάτου
630 1689 926 1784 γενομένου
955 1716 1063 1771 ἀπὸ
1101 1718 1202 1789 τῆς
1231 1718 1342 1773 τῶν
1374 1689 1629 1776 ἀποστόλι

1833 1728 2036 1784 tmpus,
2067 1712 2164 1784 qui
2193 1712 2262 1767 ab
2289 1689 2666 1783 apostolorum
2689 1709 2836 1767 Petri
2869 1724 2932 1765 ac
2953 1707 3104 1764 Pauli
3129 1708 3389 1780 passione

49 1797 304 1870 Πέτρου
336 1802 431 1855 καὶ
460 1802 674 1857 Παύλου
701 1805 1054 1873 τελειώσεως.
1072 1810 1163 1865 Διὸ
1185 1811 1626 1886 ὲπασφαλιζόμεν

1833 1820 1971 1862 onus
2012 1805 2207 1861 ordine
2258 1812 2601 1860 numeratur.
2655 1802 2924 1870 Quocirca
2974 1810 3034 1857 ut
3089 1816 3192 1856 nos
3240 1800 3386 1857 idem

48 1888 85 1940 ὁ
117 1890 312 1955 αὐτὸς
344 1892 687 1959 ’Δπόστολος,
713 1895 894 1965 ἔλεγε·
920 1898 1050 1953 Κάν
1070 1918 1133 1954 τε
1156 1902 1348 1970 ἡμεῖς,
1371 1904 1410 1973 ἢ
1432 1904 1688 1977 ἄγγελος

1862 972 2053 1031 Refut.
2097 972 2165 1028 16
2207 980 2262 1029 et
2298 973 2388 1030 24.
2436 972 2640 1028 Notum
2680 982 2855 1028 autem
2893 978 3040 1028 vobis
3078 972 3242 1042 facio,
3273 972 3389 1044 fra-

1794 1075 1923 1133 tres,
1982 1065 2331 1138 Evangelium
2390 1066 2529 1137 quod
2580 1067 2867 1137 prtedicavi
2937 1066 3103 1121 vobis.
3170 1063 3228 1120 Si
3285 1064 3390 1119 ali-

1792 1159 2015 1232 quando
2055 1156 2392 1230 prmdicavit,
2427 1165 2481 1213 et
2506 1157 2560 1211 id
2581 1159 2757 1226 ipsum
2785 1165 2974 1213 notum
2994 1156 3144 1223 facit,
3175 1155 3387 1211 nullum

1791 1249 2016 1308 aliunde
2039 1250 2347 1307 derivatum
2383 1248 2737 1320 Evangelium
2778 1259 2884 1316 est,
2930 1249 3105 1305 aliave
3145 1247 3388 1318 cognitio

1791 1352 1993 1416 praeter
2037 1359 2199 1399 unam
2235 1343 2406 1409 illam,
2463 1356 2744 1411 unumque
2767 1341 2923 1405 illud,
2963 1339 3112 1411 quod
3160 1341 3216 1394 in
3252 1353 3389 1409 qua-

1788 1897 2147 1969 praamuniret
2178 1896 2498 1967 Apostolus,
2524 1895 2737 1951 aiebat:
2766 1892 2998 1947 Etiamsi
3022 1910 3138 1957 nos,
3166 1900 3261 1947 aut
3288 1909 3390 1948 an-

52 1981 559 2054 εὑατγελίσηται
591 1987 736 2057 ὑμῖν
761 1988 900 2057 παρ’
932 1988 964 2043 ὃ
995 1992 1381 2061 παρελάϐετε,
1420 1996 1688 2067 ἀνάθεμα

53 2072 243 2165 ἔστω
266 2090 283 2105 ⁸
318 2075 605 2145 γινώσκων
651 2080 935 2153 Πνεύματι
982 2083 1144 2156 ἁγίῳ,
1181 2087 1265 2141 ὅτι
1311 2088 1494 2159 μέλλει
1523 2092 1685 2165 Μαρ-

58 2164 219 2255 κίων
254 2168 359 2222 καὶ
387 2169 437 2222 οἱ
463 2170 585 2224 κατ’
616 2172 782 2227 αὐτὸν
806 2169 1151 2248 διαστρέφειν
1183 2178 1283 2248 τὴν
1313 2179 1431 2235 ὁδὸν
1454 2181 1554 2255 τήν
1586 2164 1688 2238 κα-

56 2253 183 2319 λῶς
216 2256 793 2332 ἐδραιωμένην.⁹Ὀθεν
818 2264 1002 2320 οὐκέτι
1028 2263 1199 2323 εἶπν*
1219 2253 1687 2345 Εὑαγγελίζομαι

60 2348 251 2417 ὑμῖνο
275 2350 414 2405 ἀλλά
431 2392 445 2414 ,
470 2352 739 2422 Γνωρίζω
759 2356 906 2427 ὑμῖν
921 2359 990 2413 τὸ
1012 2361 1377 2432 Εὐαγγέλιω
1439 2365 1539 2419 οὐκ
1557 2367 1685 2422 ἄλλο

61 2439 155 2504 ὃν,
192 2440 345 2496 ἀλλὰ
375 2442 402 2495 δ
426 2442 526 2515 ἤδη
557 2445 1001 2523 εὐηγγελισάμην
1039 2451 1187 2523 ὑμῖν,
1216 2446 1278 2507 οὗ
1308 2454 1408 2527 τὴν
1436 2456 1684 2530 ὑπόμνη-

68 2548 163 2587 σιν
188 2532 334 2604 ὑμῖν
364 2534 644 2606 ποιοῦμαι.
662 2537 918 2610 Γνωρίζω
947 2541 1075 2613 ὑμῖν
1096 2544 1200 2597 τίνι
1227 2543 1371 2617 λόγῳ
1395 2548 1683 2620 εὐηγγελι-

68 2624 277 2696 σάμην
312 2626 459 2698 ὑμῖν,
503 2631 555 2683 εὶ
601 2632 922 2700 κατέχετεο
966 2634 1142 2703 ἐκτὸς
1180 2640 1234 2691 εί
1264 2638 1352 2708 μὴ
1391 2641 1523 2712 εικῆ
1556 2644 1683 2698 ἐπι-

69 2720 409 2775 στεύσατε.
442 2720 508 2774 Et
559 2722 633 2794 μὴ
684 2723 794 2795 γὰρ
841 2728 1121 2799 κατέχετε,
1151 2729 1226 2793 ὡς
1259 2734 1501 2806 ὲκήρυξα
1531 2736 1679 2807 ὑμῖν,

69 2812 255 2883 χωρὶς
304 2813 471 2867 αὑτοῦ
518 2816 643 2887 είκῆ
672 2817 1053 2876 ἐπιστεύσατε.
1086 2821 1545 2901 Εὑηγγελισάμην
1572 2830 1681 2903 γὰρ

75 2903 238 2973 ὑμῖν,
261 2903 347 2957 ὅτι
372 2902 605 2976 Χριστὸς
625 2906 896 2963 ἀπέθανεν
919 2911 1060 2984 ὑπὲρ
1085 2912 1195 2969 τῶν
1215 2917 1500 2989 ἁμαρτιῶν
1522 2902 1679 2993 ἡμῶν

1786 1990 1935 2061 gelus
1959 1989 2401 2061 evangetizaverit
2432 1990 2574 2043 vobis
2605 1996 2798 2057 prreter
2821 2003 2979 2057 quam
3010 1986 3149 2057 quod
3177 1985 3387 2056 accepi-

1786 2081 1909 2146 stis,
1933 2080 2218 2135 anathema
2239 2079 2368 2135 sit’.
2402 2076 2590 2133 Sancti
2612 2078 2816 2149 quippe
2848 2075 3088 2149 Spiritus
3112 2076 3380 2134 instinctu

1787 2180 2017 2230 noverat
2068 2180 2361 2228 venturum
2411 2170 2711 2242 aliquando
2742 2185 2868 2226 cum
2920 2169 3208 2241 discipulis
3244 2169 3389 2225 Mar-

1786 2263 2025 2331 cionem,
2061 2263 2155 2337 qui
2186 2263 2404 2334 egregie
2439 2261 2707 2317 munitam
2742 2262 2883 2317 viam
2916 2261 3226 2317 niterentur
3254 2275 3385 2331 per-

1787 2364 2021 2413 vertere.
2056 2356 2239 2423 Quare
2269 2370 2378 2411 non
2423 2356 2620 2412 iterum
2653 2355 2825 2420 dixit,
2862 2355 3185 2426 Evangetizo
3216 2355 3386 2423 vobis,

1785 2451 1904 2516 sed,
1933 2450 2134 2505 Notum
2166 2450 2309 2505 vobis
2336 2448 2477 2518 facio
2503 2446 2882 2519 Evangetium;
2915 2463 3024 2503 non
3058 2447 3202 2502 aliud
3231 2447 3386 2505 abeo

1789 2546 1981 2618 utique
2021 2544 2171 2617 quod
2216 2546 2330 2621 jam
2368 2541 2665 2614 praedicavi
2697 2542 2879 2607 vobis,
2920 2556 2985 2597 ac
3014 2541 3195 2597 denuo
3226 2541 3386 2598 vobis

1786 2639 1843 2695 in
1889 2637 2210 2695 memoriam
2240 2651 2457 2694 revoco.
2505 2635 2704 2692 Notum
2738 2634 2896 2690 vobis
2942 2633 3109 2701 facio,
3145 2648 3386 2706 quanam

1785 2733 2001 2790 ratione
2055 2731 2545 2804 evangelizaverim
2605 2729 2781 2791 vobis.
2810 2728 2976 2801 365
3015 2730 3064 2784 si
3110 2729 3385 2793 retinetis,

1785 2827 1891 2881 nisi
1936 2827 2076 2897 forte
2120 2826 2328 2897 frustra
2381 2822 2709 2879 credidistis.
2762 2820 2879 2878 Nisi
2931 2822 3077 2877 enim
3130 2821 3387 2877 retinetis

1782 2918 2251 2988 quemadmodum
2304 2917 2597 2989 prmdicavi
2648 2914 2825 2984 vobis,
2879 2916 2999 2971 sine
3046 2915 3139 2969 illo
3181 2914 3387 2970 frustra

74 2994 229 3049 κατά
260 2996 363 3103 τάξ
391 2996 636 3103 Γραφ-ἀς,
666 2998 760 3103 καὶ
808 3001 890 3055 ὅτι
938 3006 1003 3076 τῇ
1038 3005 1192 3079 τρίτῃ
1224 3009 1407 3083 ἡμέρᾳ
1440 3012 1629 3085 ἐγήγεε

1833 3012 2120 3068 redidistis.
2155 3011 2271 3067 Hoc
2300 3012 2447 3067 enim
2475 3009 2725 3065 nuntiavi
2754 3008 2913 3063 vobis
2941 3025 2955 3063 :
2980 3007 3258 3064 Christum
3284 3024 3385 3079 pro

75 3105 172 3142 ται
208 3088 359 3142 κατὰ
385 3090 485 3153 τὰς
519 3092 762 3163 Γραφάς,
796 3096 892 3149 καὶ
916 3097 977 3150 οὐ
1013 3100 1155 3154 κατά
1192 3102 1379 3172 μῦθον.
1424 3109 1516 3161 καὶ
1563 3109 1685 3163 οὐδὲ

77 3181 227 3235 κατά
258 3182 361 3255 τὴν
388 3183 737 3241 διδασκαλίαν
759 3189 870 3245 τῶν
904 3189 1205 3263 μελλόντων
1238 3196 1331 3265 ἀφ’
1352 3198 1561 3253 ἑαυτῶν
1594 3201 1690 3255 λα-

78 3273 194 3328 λεῖν
218 3275 258 3330 ἃ
293 3276 366 3348 μὴ
390 3278 723 3351 γέγραπται.
744 3284 808 3337 Οί
832 3284 930 3355 μὲν
959 3285 1069 3357 γὰρ
1096 3287 1340 3343 Ἰουδαῖοι
1366 3292 1457 3361 ἀφ’
1479 3294 1687 3351 ἑαυτῶν

81 3371 309 3442 λέγουσι
349 3374 422 3448 μὴ
447 3377 782 3451 ὲγηγέρθαι’
815 3384 1084 3457 Μαρκίων
1116 3386 1173 3441 δὲ
1210 3389 1302 3441 καὶ
1331 3390 1379 3442 oi
1402 3388 1549 3443 ἄλλοι
1594 3389 1685 3442 λέ-

83 3482 279 3534 γουσιν
301 3468 392 3538 ἀφ’
414 3471 631 3526 ἑαυτῶν
654 3473 877 3547 δοκήσει
901 3478 1252 3544 πεπονθέναι,
1280 3482 1373 3534 καὶ
1394 3481 1682 3551 τεθάφθαι.

97 3555 244 3625 Ἐγὼ
273 3559 332 3612 δὲ
361 3561 502 3615 κατά
527 3562 628 3627 τὰς
657 3564 881 3636 Γραφάς
911 3568 1283 3641 ἀσφαλὶζομαι
1309 3571 1475 3642 ὑμᾶς.
1510 3571 1688 3638 Εὐθὺς

84 3649 195 3723 γὰρ
230 3652 508 3726 ἐπιφέρει,
546 3655 723 3727 λέγων
742 3676 757 3693 ο
788 3660 987 3728 Οὕτως
1011 3665 1422 3735 κηρύσσομεν,
1450 3666 1550 3721 καὶ
1583 3667 1687 3722 οῦ-

86 3761 201 3811 τως
230 3746 655 3817 ἐπιστεύσατε,
685 3750 775 3806 ὅτι
815 3755 1073 3822 Χριστὸς
1098 3756 1378 3823 ἀπέθανε,
1412 3760 1511 3815 καὶ
1550 3759 1682 3815 ἐτά-

88 3855 190 3907 φη,
232 3840 334 3894 καὶ
378 3841 690 3914 ἐγήγερται
735 3843 813 3915 τῇ
850 3847 1019 3917 τρίτῃ
1066 3850 1290 3919 ἡμέρᾳ·
1345 3854 1440 3907 καὶ
1484 3853 1681 3919 εὐθύςο

89 3932 158 3983 Εἰ
201 3933 407 4001 νεκροὶ
448 3938 561 3990 οὐκ
598 3937 954 4008 ἐγείρονται,
981 3942 1120 3997 οὐδὲ
1166 3946 1421 4014 Χριστὸς
1446 3947 1688 4019 ἐγήγερ-

87 4038 180 4075 ται
207 4041 219 4055 ’
265 4024 367 4079 καὶ
410 4029 463 4079 εί
506 4029 763 4097 Χριστὸς
807 4033 918 4086 οὐκ
958 4033 1288 4106 ἐγήγερται,
1314 4038 1571 4107 μάταιον
1618 4041 1684 4096 τὸ

90 4116 365 4189 κήρυγμα
391 4122 561 4191 ἡμῶν
583 4139 597 4154 ⁶
626 4124 721 4177 καὶ
754 4124 891 4193 μετά
919 4126 1092 4181 ταῦτα
1123 4131 1303 4183 πάντα
1323 4147 1335 4160 ·
1365 4132 1467 4185 Δεῖ
1481 4133 1590 4202 γὰρ
1616 4132 1682 4187 τὸ

90 4211 314 4278 θνητὸν
372 4214 550 4268 τοῦτο
594 4216 969 4274 ἐνδύσασθαι
1011 4221 1352 4277 ἀθανασίαν
1377 4265 1392 4289 ,
1448 4225 1550 4280 καὶ
1613 4227 1681 4281 τὸ

91 4304 353 4373 φθαρτὸν
382 4306 561 4362 τοῦτο
586 4308 957 4366 ἐνδύσασθαι
984 4313 1347 4384 ἀφθαρσίαν.

158 4574 265 4629 Καὶ
296 4575 397 4629 οὐκ
422 4571 541 4629 εἷπε
562 4620 576 4644 ,
605 4578 678 4631 Τὸ
706 4577 902 4651 θνητὸν
942 4579 1100 4635 τοῦτο
1125 4583 1372 4655 χωρῆσαι
1403 4584 1501 4657 τὴν
1538 4587 1675 4642 ἀθα-

94 4668 298 4731 νασίαν,
338 4668 370 4739 ἢ
400 4668 460 4721 τὸ
487 4669 721 4742 φθαρτὸν
746 4671 907 4725 τοῦτο
943 4675 1188 4746 χωρῆσαι
1217 4675 1315 4747 τὴν
1345 4678 1674 4749 ἀφθαρσίαν·

96 4758 223 4813 ἀλλὰ
251 4760 315 4812 τὸ
341 4757 532 4829 θνητὸν
566 4761 659 4813 καὶ
682 4761 959 4833 ἄφθαρτον
998 4765 1322 4820 ἐνδύσασθαι
1363 4770 1678 4842 ἀφθαρσίαν

98 4852 182 4904 καὶ
206 4852 526 4908 ἀθανασίαν.
560 4854 716 4907 Ποῖον
743 4854 799 4907 δέ
836 4857 953 4909 ἐστι
980 4856 1171 4929 θνητὸν
1205 4860 1321 4913 ἀλλ’
1355 4861 1384 4932 ἢ
1421 4862 1482 4916 τὸ
1514 4865 1676 4936 σῶμα

97 4945 150 4997 to
174 4947 231 4999 οὐ
280 4947 539 5018 χωρῆσαν
571 4948 629 4999 ὲν
669 4948 819 5019 αὐτῷ
856 4949 1016 5019 μόνον
1044 4950 1347 5009 ἀθανασίαν
1367 4996 1381 5020 ,
1410 4957 1548 5012 ἀλλὰ
1577 4960 1674 5013 καὶ

101 5038 314 5109 οἱκῆσαν
338 5080 353 5104 ,
387 5039 482 5092 καὶ
531 5039 722 5110 μέλλον
761 5040 1041 5097 ἐνδύεσθαι
1093 5044 1190 5115 τὴν
1234 5044 1527 5102 ἀθανασίαν
1551 5092 1566 5115 ,
1611 5052 1672 5104 οὐ

100 5129 183 5181 τοῦ
209 5131 458 5202 σώματος
488 5132 955 5204 ἀποϐαλλομένου,
998 5136 1089 5190 καὶ¹
1121 5138 1219 5208 τῆς
1247 5138 1428 5211 ψυχῆς
1459 5141 1560 5212 τῆς
1597 5144 1672 5214 μὴ

103 5220 571 5295 ὰποθνησκούσης,
608 5224 934 5297 ἐνδυομένης
985 5227 1327 5297 ἀθανασίαν,
1388 5232 1524 5287 ἀλλά
1578 5235 1672 5288 τοῦ

104 5315 281 5387 θνητοῦ
316 5321 637 5393 ἐνδυομένου
688 5321 788 5393 τὴν
823 5322 1155 5387 ἀθανασίαν,
1187 5323 1282 5376 καὶ
1309 5324 1401 5377 τοῦ
1434 5324 1674 5396 φθαρτοῦ

106 5407 398 5483 ἀφθαρσίαν
423 5454 438 5479 ,
469 5413 715 5467 τουτέστι
749 5414 844 5468 τοῦ
883 5413 1172 5485 σώματος;
1215 5415 1391 5469 Αὐτοῦ
1437 5418 1545 5490 γὰρ
1580 5419 1676 5473 καὶ

108 5497 317 5569 θάνατός
350 5505 468 5557 ἐστι
515 5506 609 5559 καὶ
637 5505 813 5578 φθορά
846 5505 1180 5577 πρόσκαιρος
1238 5505 1329 5561 διὰ
1377 5506 1475 5580 τὴν
1522 5507 1675 5562 λύσιν

1789 3105 2035 3177 peccatis
2068 3105 2277 3161 nostris
2302 3102 2605 3161 secundum
2645 3102 2963 3173 Scripturas
2998 3101 3203 3156 obiisse
3230 3116 3383 3155 mor-

1790 3205 1919 3263 tem,
1951 3212 2016 3252 ac
2047 3196 2352 3253 secundum
2392 3197 2615 3253 easdem
2651 3195 2812 3250 tertia
2855 3193 2945 3250 die
2994 3192 3385 3260 resurrexisse,

1787 3307 1900 3348 non
1945 3292 2254 3348 secundum
2284 3291 2523 3347 fabulam
2554 3290 2813 3360 aliquam,
2840 3288 2925 3343 vel
2957 3301 3148 3342 eorum
3181 3286 3389 3341 doctri-

1789 3400 1917 3439 nam
1966 3385 2059 3456 qui
2098 3400 2166 3441 ex
2206 3400 2329 3442 sese
2380 3399 2502 3456 qua:
2531 3383 2756 3438 minime
2791 3378 2996 3450 scripta
3039 3387 3169 3435 sunt
3195 3378 3387 3449 profe-

1786 3486 1928 3534 rent.
1978 3477 2193 3534 Etenim
2236 3477 2409 3533 Judaei
2449 3493 2516 3534 ex
2576 3492 2699 3533 sese
2750 3474 3032 3532 Christum
3076 3474 3388 3528 surrexisse

1788 3578 2017 3638 negant,
2047 3569 2251 3625 Marcio
2287 3585 2352 3626 ac
2382 3568 2562 3625 caeteri
2590 3567 2819 3639 perinde
2854 3582 2917 3623 ex
2950 3580 3072 3623 sese
3094 3565 3277 3635 specie
3300 3572 3386 3617 te-

1786 3676 1894 3718 nus
1924 3677 2049 3719 esse
2077 3677 2302 3734 passum
2337 3677 2401 3717 ac
2442 3661 2718 3732 sepultum
2743 3659 3068 3731 praedicant.
3110 3656 3223 3727 Ego
3254 3670 3387 3711 vero

1786 3768 1855 3808 ex
1887 3751 2301 3823 Scripturarum
2324 3766 2422 3807 vos
2452 3751 2780 3805 auctoritate
2810 3747 3100 3803 conﬁrmo.
3136 3747 3212 3802 Ac
3244 3747 3380 3802 sub-

1786 3847 1914 3903 inde
1941 3847 2131 3902 scribit
2154 3864 2169 3898 :
2193 3844 2283 3902 Sic
2303 3843 2682 3914 prcedicamus,
2708 3850 2759 3895 et
2780 3842 2858 3896 sic
2883 3840 3209 3903 credidistis,
3234 3840 3382 3906 Quo-

1786 3942 1933 3996 niam
1976 3938 2221 3994 Christus
2266 3947 2507 3992 mortuus
2546 3945 2645 4001 est,
2693 3944 2742 3989 et
2793 3935 3052 4003 sepultus,
3116 3942 3165 3987 et
3202 3949 3385 3987 resur-

1786 4036 1925 4089 rexit
1953 4032 2108 4088 tertia
2137 4029 2242 4086 die.
2276 4029 2341 4084 Et
2368 4031 2530 4100 paulo
2564 4035 2689 4099 post
2718 4045 2730 4082 :
2763 4024 2823 4081 Si
2853 4025 3052 4080 mortui
3078 4041 3180 4078 non
3214 4041 3387 4078 resur-

1784 4136 1937 4198 gunt,
1978 4142 2139 4196 neque
2184 4124 2431 4181 Christus
2460 4120 2774 4176 resurrexit.
2809 4117 2876 4172 Et
2911 4118 2958 4172 si
2996 4116 3241 4173 Christus
3280 4134 3385 4172 non

1787 4220 2103 4284 resurrexit,
2144 4218 2322 4272 inanis
2370 4224 2449 4271 est
2479 4214 2794 4285 prwa'icatio
2828 4220 3034 4268 nostra.
3082 4210 3219 4265 Tum
3261 4220 3387 4282 post

1786 4312 1902 4366 haec
1937 4311 2118 4364 omnia
2153 4328 2165 4363 :
2202 4308 2419 4377 Oportet
2466 4308 2605 4361 enim
2629 4305 2854 4360 mortale
2903 4305 2998 4359 hoc
3032 4305 3250 4358 induere
3281 4304 3386 4357 im-

1718 4405 1761 4460 D
1789 4403 2198 4469 mortalitatem,
2245 4410 2294 4455 et
2350 4398 2691 4467 corruptibile
2744 4397 2841 4451 hoc
2884 4396 3101 4451 induere
3149 4396 3386 4449 incorru-

1783 4496 2037 4565 ptionem.

1853 4585 1962 4641 Nec
2011 4586 2087 4639 ita
2135 4583 2273 4640 dixit
2322 4583 2591 4641 :Mortale
2642 4583 2748 4638 hoc
2813 4598 3010 4655 capere
3057 4583 3384 4637 immortali-

1778 4681 1986 4735 litatem
2039 4684 2135 4731 aut
2184 4676 2544 4747 corruptibile
2604 4676 2709 4731 hoc
2760 4691 2957 4745 capere
3016 4677 3385 4746 incorruptio-

1784 4788 1935 4835 nem,
1997 4770 2093 4826 sed
2128 4770 2360 4825 mortale
2396 4776 2449 4826 et
2478 4768 2834 4839 corruptibile
2871 4768 3097 4823 induere
3130 4769 3382 4823 incorru-

1782 4866 2021 4937 ptionem
2051 4871 2105 4919 et
2137 4864 2625 4919 immortalitatem.
2655 4862 2810 4929 Quod
2836 4870 2920 4917 est
2942 4870 3122 4917 autem
3153 4863 3381 4916 mortale

1782 4956 1915 5011 illud
1951 4954 2057 5010 nisi
2094 4969 2328 5024 corpus,
2360 4954 2506 5024 quod
2539 4954 3006 5010 immortalitatem
3032 4969 3141 5008 non
3189 4953 3380 5008 induat

1784 5047 1970 5109 modo,
2014 5046 2107 5101 sed
2136 5048 2191 5100 in
2216 5062 2277 5101 ea
2327 5047 2492 5101 etiam
2525 5046 2762 5102 habitet:
2795 5046 2941 5116 quod
2995 5046 3379 5102 immortalita-

1784 5151 1913 5205 tem,
1945 5140 2197 5210 inquam,
2225 5138 2370 5193 illam
2403 5140 2483 5195 sic
2514 5139 2733 5207 induat,
2765 5150 2824 5194 ut
2855 5155 2964 5195 non
3017 5142 3223 5212 rejecto
3256 5157 3378 5196 cor-

1784 5247 1938 5303 pore,
1969 5232 2150 5286 anima
2187 5232 2304 5289 sola
2339 5247 2462 5303 quae
2489 5234 2686 5289 mortis
2719 5240 2805 5289 est
2833 5248 3062 5304 expers,
3091 5235 3347 5290 immorta

1782 5326 1992 5381 litatem
2046 5325 2269 5395 induat;
2303 5325 2400 5382 sed
2450 5334 2509 5381 ut
2549 5327 2603 5381 id
2630 5327 2810 5397 ipsum
2850 5327 2997 5399 quod
3026 5329 3259 5384 mortale
3292 5336 3377 5384 est

1782 5418 2270 5484 immortalitatem,
2304 5425 2359 5474 et
2397 5421 2753 5491 corruptibile
2788 5421 3253 5493 incorruptionem
3290 5422 3347 5478 in

1782 5511 1915 5567 duat
1947 5529 1960 5566 :
1991 5510 2094 5566 boc
2133 5520 2219 5568 est
2267 5527 2468 5585 corpus
2502 5513 2720 5586 ipsum;
2766 5515 2926 5587 cujus
2967 5514 3186 5592 propria
3225 5529 3378 5576 mors

174 5660 266 5719 ’F.
299 5664 361 5719 τὸ
386 5664 445 5720 ἒν
470 5666 607 5737 ὅπερ
635 5665 692 5721 ἓν
721 5666 999 5739 τυγχάνει.
1079 5669 1098 5702 ’
1136 5666 1155 5721 l
1181 5666 1309 5724 Cor.
1348 5684 1436 5736 xv,
1468 5674 1491 5724 i
1531 5686 1629 5743 sqq

1833 5713 1843 5727 .
1879 5687 2004 5741 xm,
2038 5674 2124 5730 14.
2208 5674 2228 5707 ³
2255 5672 2433 5731 Galat.
2470 5692 2511 5743 ι,
2546 5675 2601 5731 9.
