  <div class='ocr_page' id='page_1' title='image "/cluster/home/n/w/nwhite01/storage/ocr_20150623/41/hvd.32044011753001/429.png"; bbox 0 0 3768 6182; ppageno 0'>
   <div class='ocr_carea' id='block_1_1' title="bbox 534 203 639 262">
    <p class='ocr_par' dir='ltr' id='par_1_1' title="bbox 534 203 639 262">
     <span class='ocr_line' id='line_1_1' title="bbox 534 203 639 262; baseline 0 -1"><span class='ocrx_word' id='word_1_1' title='bbox 534 203 639 262; x_wconf 82' lang='lat'><strong>799</strong></span> 
     </span>
    </p>
   </div>
   <div class='ocr_carea' id='block_1_2' title="bbox 1849 200 2084 277">
    <p class='ocr_par' dir='ltr' id='par_1_2' title="bbox 1849 200 2084 277">
     <span class='ocr_line' id='line_1_2' title="bbox 1849 200 2084 277; baseline -0.009 -10"><span class='ocrx_word' id='word_1_2' title='bbox 1849 200 2084 277; x_wconf 37' lang='lat' dir='ltr'><strong>&#39;S.Ei</strong></span> 
     </span>
    </p>
   </div>
   <div class='ocr_carea' id='block_1_3' title="bbox 2213 200 3671 277">
    <p class='ocr_par' dir='ltr' id='par_1_3' title="bbox 2213 208 3671 273">
     <span class='ocr_line' id='line_1_3' title="bbox 2213 208 3671 273; baseline 0.005 -8"><span class='ocrx_word' id='word_1_3' title='bbox 2213 208 2373 271; x_wconf 63' lang='lat' dir='ltr'><strong>IAN“</strong></span> <span class='ocrx_word' id='word_1_4' title='bbox 3624 219 3671 273; x_wconf 68' lang='grc' dir='ltr'><strong>ιιι</strong></span> 
     </span>
    </p>
   </div>
   <div class='ocr_carea' id='block_1_4' title="bbox 534 325 2084 401">
    <p class='ocr_par' dir='ltr' id='par_1_4' title="bbox 534 325 2084 400">
     <span class='ocr_line' id='line_1_4' title="bbox 534 325 2084 400; baseline -0.001 -15"><span class='ocrx_word' id='word_1_5' title='bbox 534 334 653 394; x_wconf 77' lang='lat' dir='ltr'><strong>est,</strong></span> <span class='ocrx_word' id='word_1_6' title='bbox 687 340 752 381; x_wconf 88' lang='lat' dir='ltr'><strong>ac</strong></span> <span class='ocrx_word' id='word_1_7' title='bbox 780 326 1111 396; x_wconf 73' lang='lat' dir='ltr'><strong>temporaria</strong></span> <span class='ocrx_word' id='word_1_8' title='bbox 1143 325 1238 383; x_wconf 86' lang='lat' dir='ltr'><strong>illa</strong></span> <span class='ocrx_word' id='word_1_9' title='bbox 1270 326 1580 399; x_wconf 84' lang='lat' dir='ltr'><strong>corruptio,</strong></span> <span class='ocrx_word' id='word_1_10' title='bbox 1614 327 2015 400; x_wconf 75' lang='lat' dir='ltr'><strong>d‘issoiutioque</strong></span> <span class='ocrx_word' id='word_1_11' title='bbox 2041 330 2084 387; x_wconf 80' lang='grc' dir='ltr'>ο]</span> 
     </span>
    </p>
   </div>
   <div class='ocr_carea' id='block_1_5' title="bbox 2213 325 3670 401">
    <p class='ocr_par' dir='ltr' id='par_1_5' title="bbox 2213 326 3670 401">
     <span class='ocr_line' id='line_1_5' title="bbox 2213 326 3670 401; baseline -0.005 -18"><span class='ocrx_word' id='word_1_12' title='bbox 2213 330 2312 401; x_wconf 80' lang='grc' dir='ltr'><strong>τὴν</strong></span> <span class='ocrx_word' id='word_1_13' title='bbox 2340 327 2723 398; x_wconf 70' lang='grc' dir='ltr'><strong>ἐπενεχθεῖσαν</strong></span> <span class='ocrx_word' id='word_1_14' title='bbox 2754 327 2902 397; x_wconf 76' lang='grc' dir='ltr'>αὐτῷ</span> <span class='ocrx_word' id='word_1_15' title='bbox 2926 326 3015 387; x_wconf 68' lang='grc' dir='ltr'><strong>διὰ</strong></span> <span class='ocrx_word' id='word_1_16' title='bbox 3030 326 3132 399; x_wconf 75' lang='grc' dir='ltr'>τῆς</span> <span class='ocrx_word' id='word_1_17' title='bbox 3154 327 3247 383; x_wconf 85' lang='grc' dir='ltr'><strong>τοῦ</strong></span> <span class='ocrx_word' id='word_1_18' title='bbox 3290 328 3460 399; x_wconf 68' lang='grc' dir='ltr'><strong>’Ᾱδὲιμ</strong></span> <span class='ocrx_word' id='word_1_19' title='bbox 3480 338 3670 401; x_wconf 23' lang='lat' dir='ltr'><strong>army</strong></span> 
     </span>
    </p>
   </div>
   <div class='ocr_carea' id='block_1_6' title="bbox 533 419 2109 483">
    <p class='ocr_par' dir='ltr' id='par_1_6' title="bbox 533 419 2109 483">
     <span class='ocr_line' id='line_1_6' title="bbox 533 419 2109 483; baseline 0.001 -9"><span class='ocrx_word' id='word_1_20' title='bbox 533 419 727 474; x_wconf 74' lang='lat' dir='ltr'><strong>Adami</strong></span> <span class='ocrx_word' id='word_1_21' title='bbox 776 421 1177 476; x_wconf 77' lang='lat' dir='ltr'><strong>contumaciam</strong></span> <span class='ocrx_word' id='word_1_22' title='bbox 1227 435 1291 475; x_wconf 90' lang='lat' dir='ltr'><strong>ac</strong></span> <span class='ocrx_word' id='word_1_23' title='bbox 1335 421 1515 477; x_wconf 78' lang='lat' dir='ltr'><strong>scelus</strong></span> <span class='ocrx_word' id='word_1_24' title='bbox 1550 420 1794 481; x_wconf 80' lang='lat' dir='ltr'><strong>inﬂicta?</strong></span> <span class='ocrx_word' id='word_1_25' title='bbox 1820 419 1938 475; x_wconf 82' lang='lat' dir='ltr'><strong>Jam</strong></span> <span class='ocrx_word' id='word_1_26' title='bbox 1979 437 2109 483; x_wconf 81' lang='lat' dir='ltr'><strong>vero</strong></span> 
     </span>
    </p>
   </div>
   <div class='ocr_carea' id='block_1_7' title="bbox 533 511 2110 583">
    <p class='ocr_par' dir='ltr' id='par_1_7' title="bbox 533 511 2110 583">
     <span class='ocr_line' id='line_1_7' title="bbox 533 511 2110 583; baseline -0.001 -16"><span class='ocrx_word' id='word_1_27' title='bbox 533 513 603 567; x_wconf 86' lang='lat' dir='ltr'><strong>de</strong></span> <span class='ocrx_word' id='word_1_28' title='bbox 634 512 833 567; x_wconf 81' lang='lat' dir='ltr'><strong>futuris</strong></span> <span class='ocrx_word' id='word_1_29' title='bbox 859 512 986 567; x_wconf 89' lang='lat' dir='ltr'><strong>olim</strong></span> <span class='ocrx_word' id='word_1_30' title='bbox 1023 512 1318 575; x_wconf 77' lang='lat' dir='ltr'><strong>beneﬁciis,</strong></span> <span class='ocrx_word' id='word_1_31' title='bbox 1349 527 1470 583; x_wconf 86' lang='lat' dir='ltr'><strong>quae</strong></span> <span class='ocrx_word' id='word_1_32' title='bbox 1500 513 1553 565; x_wconf 89' lang='lat' dir='ltr'><strong>in</strong></span> <span class='ocrx_word' id='word_1_33' title='bbox 1581 526 1784 582; x_wconf 86' lang='lat' dir='ltr'><strong>corpus</strong></span> <span class='ocrx_word' id='word_1_34' title='bbox 1812 511 2110 567; x_wconf 89' lang='lat' dir='ltr'><strong>derivanda</strong></span> 
     </span>
    </p>
   </div>
   <div class='ocr_carea' id='block_1_8' title="bbox 532 601 2111 673">
    <p class='ocr_par' dir='ltr' id='par_1_8' title="bbox 532 601 2111 673">
     <span class='ocr_line' id='line_1_8' title="bbox 532 601 2111 673; baseline -0.003 -14"><span class='ocrx_word' id='word_1_35' title='bbox 532 614 698 670; x_wconf 85' lang='lat' dir='ltr'><strong>sunt,</strong></span> <span class='ocrx_word' id='word_1_36' title='bbox 726 605 1045 673; x_wconf 78' lang='lat' dir='ltr'><strong>Apostolum</strong></span> <span class='ocrx_word' id='word_1_37' title='bbox 1080 604 1256 673; x_wconf 82' lang='lat' dir='ltr'><strong>loqui,</strong></span> <span class='ocrx_word' id='word_1_38' title='bbox 1292 620 1357 659; x_wconf 82' lang='lat' dir='ltr'><strong>ex</strong></span> <span class='ocrx_word' id='word_1_39' title='bbox 1387 618 1452 658; x_wconf 88' lang='lat' dir='ltr'><strong>eo</strong></span> <span class='ocrx_word' id='word_1_40' title='bbox 1475 608 1643 672; x_wconf 81' lang='lat' dir='ltr'><strong>patet,</strong></span> <span class='ocrx_word' id='word_1_41' title='bbox 1667 601 1813 671; x_wconf 77' lang='lat' dir='ltr'><strong>quod</strong></span> <span class='ocrx_word' id='word_1_42' title='bbox 1843 602 2111 672; x_wconf 81' lang='lat' dir='ltr'><strong>pollicita-</strong></span> 
     </span>
    </p>
   </div>
   <div class='ocr_carea' id='block_1_9' title="bbox 533 692 2112 766">
    <p class='ocr_par' dir='ltr' id='par_1_9' title="bbox 533 692 2112 766">
     <span class='ocr_line' id='line_1_9' title="bbox 533 692 2112 766; baseline -0.004 -15"><span class='ocrx_word' id='word_1_43' title='bbox 533 697 700 751; x_wconf 83' lang='lat' dir='ltr'><strong>tionis</strong></span> <span class='ocrx_word' id='word_1_44' title='bbox 750 697 979 750; x_wconf 77' lang='lat' dir='ltr'><strong>formula</strong></span> <span class='ocrx_word' id='word_1_45' title='bbox 1036 695 1089 751; x_wconf 89' lang='lat' dir='ltr'><strong>id</strong></span> <span class='ocrx_word' id='word_1_46' title='bbox 1150 694 1293 766; x_wconf 88' lang='lat' dir='ltr'><strong>quod</strong></span> <span class='ocrx_word' id='word_1_47' title='bbox 1347 692 1523 749; x_wconf 87' lang='lat' dir='ltr'><strong>eidem</strong></span> <span class='ocrx_word' id='word_1_48' title='bbox 1583 693 1900 762; x_wconf 87' lang='lat' dir='ltr'><strong>contingere</strong></span> <span class='ocrx_word' id='word_1_49' title='bbox 1950 692 2112 746; x_wconf 83' lang='lat' dir='ltr'><strong>debet</strong></span> 
     </span>
    </p>
   </div>
   <div class='ocr_carea' id='block_1_10' title="bbox 533 782 2112 858">
    <p class='ocr_par' dir='ltr' id='par_1_10' title="bbox 533 782 2112 858">
     <span class='ocr_line' id='line_1_10' title="bbox 533 782 2112 858; baseline -0.006 -16"><span class='ocrx_word' id='word_1_50' title='bbox 533 788 885 858; x_wconf 79' lang='lat' dir='ltr'><strong>expresserit.</strong></span> <span class='ocrx_word' id='word_1_51' title='bbox 914 786 1077 851; x_wconf 87' lang='lat' dir='ltr'><strong>Tunc,</strong></span> <span class='ocrx_word' id='word_1_52' title='bbox 1098 786 1293 854; x_wconf 85' lang='lat' dir='ltr'><strong>inquit,</strong></span> <span class='ocrx_word' id='word_1_53' title='bbox 1314 786 1402 854; x_wconf 79' lang='lat' dir='ltr'><strong>ﬁet</strong></span> <span class='ocrx_word' id='word_1_54' title='bbox 1422 799 1614 847; x_wconf 80' lang='lat' dir='ltr'><strong>sermo,</strong></span> <span class='ocrx_word' id='word_1_55' title='bbox 1636 783 1725 853; x_wconf 86' lang='lat' dir='ltr'><strong>qui</strong></span> <span class='ocrx_word' id='word_1_56' title='bbox 1741 782 1965 849; x_wconf 79' lang='lat' dir='ltr'><strong>scriptus</strong></span> <span class='ocrx_word' id='word_1_57' title='bbox 1986 787 2066 834; x_wconf 82' lang='lat' dir='ltr'><strong>est</strong></span> <span class='ocrx_word' id='word_1_58' title='bbox 2092 794 2112 833; x_wconf 93' lang='lat'><strong><em>:</em></strong></span> 
     </span>
    </p>
   </div>
   <div class='ocr_carea' id='block_1_11' title="bbox 532 872 2111 947">
    <p class='ocr_par' dir='ltr' id='par_1_11' title="bbox 532 872 2111 947">
     <span class='ocr_line' id='line_1_11' title="bbox 532 872 2111 947; baseline -0.006 -14"><span class='ocrx_word' id='word_1_59' title='bbox 532 880 797 947; x_wconf 83' lang='lat' dir='ltr'><strong>Absorpta</strong></span> <span class='ocrx_word' id='word_1_60' title='bbox 826 888 903 931; x_wconf 83' lang='lat' dir='ltr'><strong>est</strong></span> <span class='ocrx_word' id='word_1_61' title='bbox 936 894 1075 930; x_wconf 88' lang='lat' dir='ltr'><strong>mors</strong></span> <span class='ocrx_word' id='word_1_62' title='bbox 1129 879 1181 929; x_wconf 88' lang='lat' dir='ltr'><strong>in</strong></span> <span class='ocrx_word' id='word_1_63' title='bbox 1224 878 1465 930; x_wconf 85' lang='lat' dir='ltr'><strong>victoria.</strong></span> <span class='ocrx_word' id='word_1_64' title='bbox 1498 874 1707 940; x_wconf 83' lang='lat' dir='ltr'><strong>Quibus</strong></span> <span class='ocrx_word' id='word_1_65' title='bbox 1746 873 1928 927; x_wconf 84' lang='lat' dir='ltr'><strong>verbis</strong></span> <span class='ocrx_word' id='word_1_66' title='bbox 1962 872 2111 925; x_wconf 83' lang='lat' dir='ltr'><strong>futu-</strong></span> 
     </span>
    </p>
   </div>
   <div class='ocr_carea' id='block_1_12' title="bbox 530 961 2112 1033">
    <p class='ocr_par' dir='ltr' id='par_1_12' title="bbox 530 961 2112 1033">
     <span class='ocr_line' id='line_1_12' title="bbox 530 961 2112 1033; baseline -0.004 -12"><span class='ocrx_word' id='word_1_67' title='bbox 530 984 646 1025; x_wconf 86' lang='lat' dir='ltr'><strong>ram</strong></span> <span class='ocrx_word' id='word_1_68' title='bbox 666 978 795 1022; x_wconf 90' lang='lat' dir='ltr'><strong>tunc</strong></span> <span class='ocrx_word' id='word_1_69' title='bbox 808 976 1150 1023; x_wconf 82' lang='lat' dir='ltr'><strong>mortuorum</strong></span> <span class='ocrx_word' id='word_1_70' title='bbox 1168 965 1617 1020; x_wconf 83' lang='lat' dir='ltr'><strong>resurrectionem</strong></span> <span class='ocrx_word' id='word_1_71' title='bbox 1637 961 2112 1033; x_wconf 80' lang='lat' dir='ltr'><strong>signiﬁcat.Quan-</strong></span> 
     </span>
    </p>
   </div>
   <div class='ocr_carea' id='block_1_13' title="bbox 530 1054 2103 1129">
    <p class='ocr_par' dir='ltr' id='par_1_13' title="bbox 530 1054 2103 1129">
     <span class='ocr_line' id='line_1_13' title="bbox 530 1054 2103 1129; baseline -0.003 -16"><span class='ocrx_word' id='word_1_72' title='bbox 530 1061 825 1129; x_wconf 79' lang='lat' dir='ltr'><strong>doquidem</strong></span> <span class='ocrx_word' id='word_1_73' title='bbox 883 1073 950 1114; x_wconf 83' lang='lat' dir='ltr'><strong>ex</strong></span> <span class='ocrx_word' id='word_1_74' title='bbox 1003 1059 1186 1127; x_wconf 86' lang='lat' dir='ltr'><strong>aliqua</strong></span> <span class='ocrx_word' id='word_1_75' title='bbox 1231 1069 1382 1127; x_wconf 86' lang='lat' dir='ltr'><strong>parte</strong></span> <span class='ocrx_word' id='word_1_76' title='bbox 1420 1057 1473 1110; x_wconf 92' lang='lat' dir='ltr'><strong>in</strong></span> <span class='ocrx_word' id='word_1_77' title='bbox 1507 1056 1709 1112; x_wconf 84' lang='lat' dir='ltr'><strong>Christi</strong></span> <span class='ocrx_word' id='word_1_78' title='bbox 1743 1054 2103 1110; x_wconf 88' lang='lat' dir='ltr'><strong>resurrectio-</strong></span> 
     </span>
    </p>
   </div>
   <div class='ocr_carea' id='block_1_14' title="bbox 531 1146 2100 1219">
    <p class='ocr_par' dir='ltr' id='par_1_14' title="bbox 531 1146 2100 1219">
     <span class='ocr_line' id='line_1_14' title="bbox 531 1146 2100 1219; baseline -0.004 -15"><span class='ocrx_word' id='word_1_79' title='bbox 531 1166 619 1216; x_wconf 85' lang='lat' dir='ltr'><strong>ne,</strong></span> <span class='ocrx_word' id='word_1_80' title='bbox 653 1166 950 1219; x_wconf 89' lang='lat' dir='ltr'><strong>eorumque</strong></span> <span class='ocrx_word' id='word_1_81' title='bbox 978 1151 1070 1219; x_wconf 91' lang='lat' dir='ltr'><strong>qui</strong></span> <span class='ocrx_word' id='word_1_82' title='bbox 1100 1166 1222 1205; x_wconf 90' lang='lat' dir='ltr'><strong>cum</strong></span> <span class='ocrx_word' id='word_1_83' title='bbox 1252 1150 1471 1203; x_wconf 86' lang='lat' dir='ltr'><strong>Christo</strong></span> <span class='ocrx_word' id='word_1_84' title='bbox 1499 1154 1627 1203; x_wconf 86' lang='lat' dir='ltr'><strong>sunt</strong></span> <span class='ocrx_word' id='word_1_85' title='bbox 1653 1147 1720 1202; x_wconf 88' lang='lat' dir='ltr'><strong>ad</strong></span> <span class='ocrx_word' id='word_1_86' title='bbox 1751 1148 1918 1203; x_wconf 85' lang='lat' dir='ltr'><strong>vitam</strong></span> <span class='ocrx_word' id='word_1_87' title='bbox 1951 1146 2100 1201; x_wconf 79' lang='lat' dir='ltr'><strong>exci-</strong></span> 
     </span>
    </p>
   </div>
   <div class='ocr_carea' id='block_1_15' title="bbox 531 1237 2105 1309">
    <p class='ocr_par' dir='ltr' id='par_1_15' title="bbox 531 1237 2105 1309">
     <span class='ocr_line' id='line_1_15' title="bbox 531 1237 2105 1309; baseline -0.002 -18"><span class='ocrx_word' id='word_1_88' title='bbox 531 1239 656 1305; x_wconf 89' lang='lat' dir='ltr'><strong>tati,</strong></span> <span class='ocrx_word' id='word_1_89' title='bbox 687 1240 940 1309; x_wconf 81' lang='lat' dir='ltr'><strong>absorpta</strong></span> <span class='ocrx_word' id='word_1_90' title='bbox 982 1254 1129 1295; x_wconf 84' lang='lat' dir='ltr'><strong>mors</strong></span> <span class='ocrx_word' id='word_1_91' title='bbox 1159 1244 1259 1293; x_wconf 86' lang='lat' dir='ltr'><strong>est.</strong></span> <span class='ocrx_word' id='word_1_92' title='bbox 1291 1237 1465 1292; x_wconf 79' lang='lat' dir='ltr'><strong>Multa</strong></span> <span class='ocrx_word' id='word_1_93' title='bbox 1492 1239 1629 1292; x_wconf 83' lang='lat' dir='ltr'><strong>enim</strong></span> <span class='ocrx_word' id='word_1_94' title='bbox 1657 1246 1961 1292; x_wconf 84' lang='lat' dir='ltr'><strong>sanctorum</strong></span> <span class='ocrx_word' id='word_1_95' title='bbox 1990 1252 2105 1288; x_wconf 89' lang='lat' dir='ltr'><strong>cor-</strong></span> 
     </span>
    </p>
   </div>
   <div class='ocr_carea' id='block_1_16' title="bbox 526 1328 2105 1400">
    <p class='ocr_par' dir='ltr' id='par_1_16' title="bbox 526 1328 2105 1400">
     <span class='ocr_line' id='line_1_16' title="bbox 526 1328 2105 1400; baseline -0.003 -15"><span class='ocrx_word' id='word_1_96' title='bbox 526 1345 661 1399; x_wconf 82' lang='lat' dir='ltr'><strong>pora</strong></span> <span class='ocrx_word' id='word_1_97' title='bbox 688 1338 1061 1398; x_wconf 74' lang='lat' dir='ltr'><strong>surrexerunt,</strong></span> <span class='ocrx_word' id='word_1_98' title='bbox 1086 1330 1221 1384; x_wconf 88' lang='lat' dir='ltr'><strong>utin</strong></span> <span class='ocrx_word' id='word_1_99' title='bbox 1254 1329 1546 1400; x_wconf 83' lang='lat' dir='ltr'><strong>Evangelio</strong></span> <span class='ocrx_word' id='word_1_100' title='bbox 1574 1329 1847 1399; x_wconf 88' lang='lat' dir='ltr'><strong>proditum</strong></span> <span class='ocrx_word' id='word_1_101' title='bbox 1876 1336 1960 1383; x_wconf 88' lang='lat' dir='ltr'><strong>est</strong></span> <span class='ocrx_word' id='word_1_102' title='bbox 1988 1328 2029 1392; x_wconf 78' lang='grc' dir='ltr'>ί,</span> <span class='ocrx_word' id='word_1_103' title='bbox 2056 1336 2105 1381; x_wconf 80' lang='lat' dir='ltr'><strong>et</strong></span> 
     </span>
    </p>
   </div>
   <div class='ocr_carea' id='block_1_17' title="bbox 2219 421 3669 493">
    <p class='ocr_par' dir='ltr' id='par_1_17' title="bbox 2219 421 3669 493">
     <span class='ocr_line' id='line_1_17' title="bbox 2219 421 3669 493; baseline 0.003 -18"><span class='ocrx_word' id='word_1_104' title='bbox 2219 422 2340 475; x_wconf 82' lang='grc' dir='ltr'>Ὅτι</span> <span class='ocrx_word' id='word_1_105' title='bbox 2370 421 2426 475; x_wconf 78' lang='grc' dir='ltr'>δὲ</span> <span class='ocrx_word' id='word_1_106' title='bbox 2456 422 2586 493; x_wconf 77' lang='grc' dir='ltr'>περὶ</span> <span class='ocrx_word' id='word_1_107' title='bbox 2613 422 2719 475; x_wconf 81' lang='grc' dir='ltr'><strong>τῶν</strong></span> <span class='ocrx_word' id='word_1_108' title='bbox 2750 421 3061 492; x_wconf 77' lang='grc' dir='ltr'><strong>μελλουσῶν</strong></span> <span class='ocrx_word' id='word_1_109' title='bbox 3088 440 3250 493; x_wconf 82' lang='grc' dir='ltr'>φησιν</span> <span class='ocrx_word' id='word_1_110' title='bbox 3292 425 3353 477; x_wconf 80' lang='grc' dir='ltr'>ὲν</span> <span class='ocrx_word' id='word_1_111' title='bbox 3382 422 3518 493; x_wconf 75' lang='grc' dir='ltr'>αὐτῷ</span> <span class='ocrx_word' id='word_1_112' title='bbox 3534 427 3669 481; x_wconf 53' lang='grc' dir='ltr'>τελετᾷ</span> 
     </span>
    </p>
   </div>
   <div class='ocr_carea' id='block_1_18' title="bbox 2217 510 3671 585">
    <p class='ocr_par' dir='ltr' id='par_1_18' title="bbox 2217 510 3671 585">
     <span class='ocr_line' id='line_1_18' title="bbox 2217 510 3671 585; baseline 0.006 -22"><span class='ocrx_word' id='word_1_113' title='bbox 2217 510 2341 564; x_wconf 88' lang='grc' dir='ltr'>σθαι</span> <span class='ocrx_word' id='word_1_114' title='bbox 2375 512 2734 583; x_wconf 80' lang='grc' dir='ltr'>εὐεργεσιῶν,</span> <span class='ocrx_word' id='word_1_115' title='bbox 2770 513 2857 567; x_wconf 76' lang='grc' dir='ltr'>διὰ</span> <span class='ocrx_word' id='word_1_116' title='bbox 2911 514 3011 584; x_wconf 81' lang='grc' dir='ltr'>τῆς</span> <span class='ocrx_word' id='word_1_117' title='bbox 3044 513 3394 584; x_wconf 76' lang='grc' dir='ltr'><strong>ὑποσχέσεως</strong></span> <span class='ocrx_word' id='word_1_118' title='bbox 3436 514 3492 566; x_wconf 77' lang='grc' dir='ltr'>τὸ</span> <span class='ocrx_word' id='word_1_119' title='bbox 3533 518 3671 585; x_wconf 46' lang='lat' dir='ltr'><strong>alia}.</strong></span> 
     </span>
    </p>
   </div>
   <div class='ocr_carea' id='block_1_19' title="bbox 2217 602 3669 677">
    <p class='ocr_par' dir='ltr' id='par_1_19' title="bbox 2217 602 3669 677">
     <span class='ocr_line' id='line_1_19' title="bbox 2217 602 3669 677; baseline 0.004 -20"><span class='ocrx_word' id='word_1_120' title='bbox 2217 602 2341 657; x_wconf 73' lang='lat' dir='ltr'><strong>creati</strong></span> <span class='ocrx_word' id='word_1_121' title='bbox 2371 621 2438 671; x_wconf 89' lang='grc' dir='ltr'>με</span> <span class='ocrx_word' id='word_1_122' title='bbox 2460 605 2481 635; x_wconf 82' lang='grc'>⁸</span> <span class='ocrx_word' id='word_1_123' title='bbox 2520 605 2773 676; x_wconf 80' lang='grc' dir='ltr'><strong>σημαίνει</strong></span> <span class='ocrx_word' id='word_1_124' title='bbox 2796 605 2969 674; x_wconf 82' lang='grc' dir='ltr'>λέγων</span> <span class='ocrx_word' id='word_1_125' title='bbox 2990 623 3004 636; x_wconf 80' lang='grc'><em>’</em></span> <span class='ocrx_word' id='word_1_126' title='bbox 3036 608 3173 661; x_wconf 81' lang='grc' dir='ltr'>Τότε</span> <span class='ocrx_word' id='word_1_127' title='bbox 3204 604 3511 676; x_wconf 60' lang='grc' dir='ltr'>γενήσεται</span> <span class='ocrx_word' id='word_1_128' title='bbox 3530 611 3555 661; x_wconf 78' lang='grc' dir='ltr'><em>ὁ</em></span> <span class='ocrx_word' id='word_1_129' title='bbox 3575 614 3669 677; x_wconf 55' lang='grc' dir='ltr'>λεῖπε</span> 
     </span>
    </p>
   </div>
   <div class='ocr_carea' id='block_1_20' title="bbox 2216 698 3672 771">
    <p class='ocr_par' dir='ltr' id='par_1_20' title="bbox 2216 698 3672 771">
     <span class='ocr_line' id='line_1_20' title="bbox 2216 698 3672 771; baseline -0.009 -4"><span class='ocrx_word' id='word_1_130' title='bbox 2216 698 2249 749; x_wconf 72' lang='grc' dir='ltr'><em>δ</em></span> <span class='ocrx_word' id='word_1_131' title='bbox 2276 698 2610 767; x_wconf 71' lang='grc' dir='ltr'><strong>τεὶῬαμμέν</strong></span> <span class='ocrx_word' id='word_1_132' title='bbox 2610 716 2678 765; x_wconf 83' lang='grc' dir='ltr'><em>ος</em></span> <span class='ocrx_word' id='word_1_133' title='bbox 2697 714 2709 727; x_wconf 93' lang='grc'><strong>·</strong></span> <span class='ocrx_word' id='word_1_134' title='bbox 2752 699 3063 767; x_wconf 77' lang='grc' dir='ltr'><strong>Κατεπόθη</strong></span> <span class='ocrx_word' id='word_1_135' title='bbox 3108 702 3142 753; x_wconf 83' lang='lat' dir='ltr'><strong>d</strong></span> <span class='ocrx_word' id='word_1_136' title='bbox 3173 698 3428 766; x_wconf 78' lang='grc' dir='ltr'>θάνατος</span> <span class='ocrx_word' id='word_1_137' title='bbox 3456 703 3529 766; x_wconf 81' lang='grc' dir='ltr'><strong>είς</strong></span> <span class='ocrx_word' id='word_1_138' title='bbox 3559 704 3672 771; x_wconf 56' lang='grc' dir='ltr'>γῖιίςι</span> 
     </span>
    </p>
   </div>
   <div class='ocr_carea' id='block_1_21' title="bbox 2214 788 3676 865">
    <p class='ocr_par' dir='ltr' id='par_1_21' title="bbox 2214 788 3676 865">
     <span class='ocr_line' id='line_1_21' title="bbox 2214 788 3676 865; baseline 0.004 -22"><span class='ocrx_word' id='word_1_139' title='bbox 2214 790 2302 843; x_wconf 77' lang='grc' dir='ltr'><strong>ἴνα</strong></span> <span class='ocrx_word' id='word_1_140' title='bbox 2332 790 2549 859; x_wconf 77' lang='grc' dir='ltr'>σημάνῃ</span> <span class='ocrx_word' id='word_1_141' title='bbox 2581 788 2676 858; x_wconf 81' lang='grc' dir='ltr'><strong>τὴν</strong></span> <span class='ocrx_word' id='word_1_142' title='bbox 2700 788 2822 843; x_wconf 80' lang='grc' dir='ltr'>τότε</span> <span class='ocrx_word' id='word_1_143' title='bbox 2855 790 3153 861; x_wconf 82' lang='grc' dir='ltr'>μέλλουσαν</span> <span class='ocrx_word' id='word_1_144' title='bbox 3178 791 3399 845; x_wconf 72' lang='grc' dir='ltr'>ἔσεσθαι</span> <span class='ocrx_word' id='word_1_145' title='bbox 3428 793 3676 865; x_wconf 61' lang='grc' dir='ltr'>νεκριῖτεὲιρι-</span> 
     </span>
    </p>
   </div>
   <div class='ocr_carea' id='block_1_22' title="bbox 2214 878 3676 951">
    <p class='ocr_par' dir='ltr' id='par_1_22' title="bbox 2214 878 3676 951">
     <span class='ocr_line' id='line_1_22' title="bbox 2214 878 3676 951; baseline 0.001 -19"><span class='ocrx_word' id='word_1_146' title='bbox 2214 895 2424 932; x_wconf 87' lang='grc' dir='ltr'>στασιν.</span> <span class='ocrx_word' id='word_1_147' title='bbox 2473 878 2687 948; x_wconf 82' lang='grc' dir='ltr'>Ἐπειδὴ</span> <span class='ocrx_word' id='word_1_148' title='bbox 2722 880 2999 951; x_wconf 80' lang='grc' dir='ltr'><strong>κατεπόθη</strong></span> <span class='ocrx_word' id='word_1_149' title='bbox 3031 881 3059 931; x_wconf 84' lang='grc' dir='ltr'><strong>ὁ</strong></span> <span class='ocrx_word' id='word_1_150' title='bbox 3095 880 3326 943; x_wconf 78' lang='grc' dir='ltr'>θάνατος</span> <span class='ocrx_word' id='word_1_151' title='bbox 3357 880 3461 934; x_wconf 77' lang='grc' dir='ltr'><strong>ἀπὸ</strong></span> <span class='ocrx_word' id='word_1_152' title='bbox 3496 883 3676 950; x_wconf 50' lang='grc' dir='ltr'>μέσιιδὲλ</span> 
     </span>
    </p>
   </div>
   <div class='ocr_carea' id='block_1_23' title="bbox 2210 969 3673 1043">
    <p class='ocr_par' dir='ltr' id='par_1_23' title="bbox 2210 969 3673 1043">
     <span class='ocr_line' id='line_1_23' title="bbox 2210 969 3673 1043; baseline 0.004 -20"><span class='ocrx_word' id='word_1_153' title='bbox 2210 973 2277 1043; x_wconf 79' lang='grc' dir='ltr'>τῇ</span> <span class='ocrx_word' id='word_1_154' title='bbox 2308 971 2403 1024; x_wconf 86' lang='grc' dir='ltr'><strong>τοῦ</strong></span> <span class='ocrx_word' id='word_1_155' title='bbox 2437 969 2673 1041; x_wconf 80' lang='grc' dir='ltr'><strong>Χριστοῦ</strong></span> <span class='ocrx_word' id='word_1_156' title='bbox 2704 973 2996 1025; x_wconf 78' lang='grc' dir='ltr'>ἀναστάσει</span> <span class='ocrx_word' id='word_1_157' title='bbox 3045 973 3154 1025; x_wconf 77' lang='grc' dir='ltr'><strong>τῶν</strong></span> <span class='ocrx_word' id='word_1_158' title='bbox 3196 975 3293 1027; x_wconf 72' lang='grc' dir='ltr'><strong>καὶ</strong></span> <span class='ocrx_word' id='word_1_159' title='bbox 3341 973 3436 1026; x_wconf 75' lang='grc' dir='ltr'><strong>σῦν</strong></span> <span class='ocrx_word' id='word_1_160' title='bbox 3476 974 3589 1035; x_wconf 73' lang='grc' dir='ltr'>αὑτῷ</span> <span class='ocrx_word' id='word_1_161' title='bbox 3611 980 3673 1029; x_wconf 64' lang='lat' dir='ltr'><strong>in-</strong></span> 
     </span>
    </p>
   </div>
   <div class='ocr_carea' id='block_1_24' title="bbox 2208 1060 3679 1133">
    <p class='ocr_par' dir='ltr' id='par_1_24' title="bbox 2208 1060 3679 1133">
     <span class='ocr_line' id='line_1_24' title="bbox 2208 1060 3679 1133; baseline 0.003 -19"><span class='ocrx_word' id='word_1_162' title='bbox 2208 1061 2468 1115; x_wconf 75' lang='grc' dir='ltr'>στάντωψ</span> <span class='ocrx_word' id='word_1_163' title='bbox 2487 1060 2738 1129; x_wconf 73' lang='grc' dir='ltr'>Ἀνέστη</span> <span class='ocrx_word' id='word_1_164' title='bbox 2762 1061 2871 1130; x_wconf 79' lang='grc' dir='ltr'>γὰρ</span> <span class='ocrx_word' id='word_1_165' title='bbox 2888 1066 3087 1119; x_wconf 68' lang='grc' dir='ltr'>πολλὰ</span> <span class='ocrx_word' id='word_1_166' title='bbox 3106 1061 3346 1133; x_wconf 81' lang='grc' dir='ltr'>σώματα</span> <span class='ocrx_word' id='word_1_167' title='bbox 3367 1062 3478 1117; x_wconf 80' lang='grc' dir='ltr'>τῶν</span> <span class='ocrx_word' id='word_1_168' title='bbox 3489 1064 3633 1133; x_wconf 66' lang='grc' dir='ltr'><strong>ἁγίων,</strong></span> <span class='ocrx_word' id='word_1_169' title='bbox 3648 1070 3679 1129; x_wconf 71' lang='lat'><strong>1;</strong></span> 
     </span>
    </p>
   </div>
   <div class='ocr_carea' id='block_1_25' title="bbox 2209 1152 3679 1223">
    <p class='ocr_par' dir='ltr' id='par_1_25' title="bbox 2209 1152 3679 1223">
     <span class='ocr_line' id='line_1_25' title="bbox 2209 1152 3679 1223; baseline 0.003 -17"><span class='ocrx_word' id='word_1_170' title='bbox 2209 1167 2342 1221; x_wconf 83' lang='grc' dir='ltr'>φησι</span> <span class='ocrx_word' id='word_1_171' title='bbox 2370 1154 2429 1203; x_wconf 85' lang='grc' dir='ltr'><strong>τὸ</strong></span> <span class='ocrx_word' id='word_1_172' title='bbox 2452 1152 2797 1221; x_wconf 82' lang='grc' dir='ltr'>Εὑαγγέλιον,</span> <span class='ocrx_word' id='word_1_173' title='bbox 2827 1155 2923 1209; x_wconf 77' lang='grc' dir='ltr'><strong>καί</strong></span> <span class='ocrx_word' id='word_1_174' title='bbox 2944 1154 3355 1223; x_wconf 75' lang='grc' dir='ltr'>συνεισῆλθογ</span> <span class='ocrx_word' id='word_1_175' title='bbox 3380 1154 3521 1221; x_wconf 71' lang='grc' dir='ltr'>αὐτῷ</span> <span class='ocrx_word' id='word_1_176' title='bbox 3540 1160 3601 1221; x_wconf 75' lang='grc' dir='ltr'><strong>εἰς</strong></span> <span class='ocrx_word' id='word_1_177' title='bbox 3622 1160 3679 1223; x_wconf 62' lang='lat' dir='ltr'><strong>r‘qr</strong></span> 
     </span>
    </p>
   </div>
   <div class='ocr_carea' id='block_1_26' title="bbox 2210 1240 3679 1309">
    <p class='ocr_par' dir='ltr' id='par_1_26' title="bbox 2210 1240 3679 1309">
     <span class='ocr_line' id='line_1_26' title="bbox 2210 1240 3679 1309; baseline 0.005 -18"><span class='ocrx_word' id='word_1_178' title='bbox 2210 1240 2602 1309; x_wconf 71' lang='grc' dir='ltr'>ἀγίανπόλιν.</span> <span class='ocrx_word' id='word_1_179' title='bbox 2652 1241 2787 1294; x_wconf 83' lang='grc' dir='ltr'>Τότε</span> <span class='ocrx_word' id='word_1_180' title='bbox 2839 1243 2895 1295; x_wconf 82' lang='grc' dir='ltr'>δὲ</span> <span class='ocrx_word' id='word_1_181' title='bbox 2936 1245 3015 1306; x_wconf 82' lang='grc' dir='ltr'><strong>είς</strong></span> <span class='ocrx_word' id='word_1_182' title='bbox 3064 1246 3211 1305; x_wconf 83' lang='grc' dir='ltr'>νῖκος</span> <span class='ocrx_word' id='word_1_183' title='bbox 3257 1246 3603 1307; x_wconf 70' lang='grc' dir='ltr'>καταπίνεται,</span> <span class='ocrx_word' id='word_1_184' title='bbox 3637 1250 3679 1299; x_wconf 71' lang='lat' dir='ltr'><strong>Et:</strong></span> 
     </span>
    </p>
   </div>
   <div class='ocr_carea' id='block_1_27' title="bbox 2213 1330 3279 1403">
    <p class='ocr_par' dir='ltr' id='par_1_27' title="bbox 2213 1330 3279 1403">
     <span class='ocr_line' id='line_1_27' title="bbox 2213 1330 3279 1403; baseline 0.005 -19"><span class='ocrx_word' id='word_1_185' title='bbox 2213 1330 2320 1384; x_wconf 75' lang='grc' dir='ltr'><strong>ἀπὸ</strong></span> <span class='ocrx_word' id='word_1_186' title='bbox 2354 1330 2573 1384; x_wconf 73' lang='grc' dir='ltr'>πάντων</span> <span class='ocrx_word' id='word_1_187' title='bbox 2601 1332 2903 1398; x_wconf 76' lang='grc' dir='ltr'>καθολικῶς</span> <span class='ocrx_word' id='word_1_188' title='bbox 2929 1334 3279 1403; x_wconf 71' lang='grc' dir='ltr'>ἁφαντοῦται.</span> 
     </span>
    </p>
   </div>
   <div class='ocr_carea' id='block_1_28' title="bbox 529 1422 3679 1496">
    <p class='ocr_par' dir='ltr' id='par_1_28' title="bbox 529 1422 3679 1496">
     <span class='ocr_line' id='line_1_28' title="bbox 529 1422 3679 1496; baseline 0 -14"><span class='ocrx_word' id='word_1_189' title='bbox 529 1442 649 1482; x_wconf 86' lang='lat' dir='ltr'><strong>cum</strong></span> <span class='ocrx_word' id='word_1_190' title='bbox 674 1442 735 1481; x_wconf 85' lang='lat' dir='ltr'><strong>eo</strong></span> <span class='ocrx_word' id='word_1_191' title='bbox 761 1431 997 1496; x_wconf 78' lang='lat' dir='ltr'><strong>ingressa</strong></span> <span class='ocrx_word' id='word_1_192' title='bbox 1025 1434 1148 1481; x_wconf 84' lang='lat' dir='ltr'><strong>sunt</strong></span> <span class='ocrx_word' id='word_1_193' title='bbox 1173 1426 1225 1478; x_wconf 85' lang='lat' dir='ltr'><strong>in</strong></span> <span class='ocrx_word' id='word_1_194' title='bbox 1263 1434 1505 1478; x_wconf 82' lang='lat' dir='ltr'><strong>sanctam</strong></span> <span class='ocrx_word' id='word_1_195' title='bbox 1536 1424 1823 1479; x_wconf 83' lang='lat' dir='ltr'><strong>civitatem.</strong></span> <span class='ocrx_word' id='word_1_196' title='bbox 1894 1422 1999 1478; x_wconf 88' lang='lat' dir='ltr'><strong>Sed</strong></span> <span class='ocrx_word' id='word_1_197' title='bbox 2064 1428 2175 1474; x_wconf 89' lang='lat' dir='ltr'><strong>tum</strong></span> <span class='ocrx_word' id='word_1_198' title='bbox 2217 1423 2539 1480; x_wconf 87' lang='lat' dir='ltr'><strong>absorbetur</strong></span> <span class='ocrx_word' id='word_1_199' title='bbox 2586 1426 2644 1480; x_wconf 89' lang='lat' dir='ltr'><strong>in</strong></span> <span class='ocrx_word' id='word_1_200' title='bbox 2679 1426 2959 1496; x_wconf 58' lang='lat' dir='ltr'><strong>,victoria,</strong></span> <span class='ocrx_word' id='word_1_201' title='bbox 2999 1442 3126 1482; x_wconf 88' lang='lat' dir='ltr'><strong>cum</strong></span> <span class='ocrx_word' id='word_1_202' title='bbox 3164 1429 3233 1485; x_wconf 81' lang='lat' dir='ltr'><strong>ab</strong></span> <span class='ocrx_word' id='word_1_203' title='bbox 3271 1430 3512 1485; x_wconf 87' lang='lat' dir='ltr'><strong>omnibus</strong></span> <span class='ocrx_word' id='word_1_204' title='bbox 3546 1436 3679 1483; x_wconf 65' lang='lat' dir='ltr'><strong>omnim</strong></span> 
     </span>
    </p>
   </div>
   <div class='ocr_carea' id='block_1_29' title="bbox 528 1522 1437 1597">
    <p class='ocr_par' dir='ltr' id='par_1_29' title="bbox 528 1522 1437 1597">
     <span class='ocr_line' id='line_1_29' title="bbox 528 1522 1437 1597; baseline -0.006 -17"><span class='ocrx_word' id='word_1_205' title='bbox 528 1525 753 1597; x_wconf 86' lang='lat' dir='ltr'><strong>depulsa</strong></span> <span class='ocrx_word' id='word_1_206' title='bbox 781 1523 1107 1592; x_wconf 86' lang='lat' dir='ltr'><strong>corporibus</strong></span> <span class='ocrx_word' id='word_1_207' title='bbox 1138 1522 1437 1579; x_wconf 76' lang='lat' dir='ltr'><strong>evanescit.</strong></span> 
     </span>
    </p>
   </div>
   <div class='ocr_carea' id='block_1_30' title="bbox 756 1630 1867 1704">
    <p class='ocr_par' dir='ltr' id='par_1_30' title="bbox 756 1630 1867 1704">
     <span class='ocr_line' id='line_1_30' title="bbox 756 1630 1867 1704; baseline 0.001 -18"><span class='ocrx_word' id='word_1_208' title='bbox 756 1634 920 1704; x_wconf 76' lang='lat'><strong>366</strong></span> <span class='ocrx_word' id='word_1_209' title='bbox 956 1632 1038 1688; x_wconf 81' lang='lat' dir='ltr'><strong>Ea:</strong></span> <span class='ocrx_word' id='word_1_210' title='bbox 1065 1630 1306 1701; x_wconf 84' lang='lat' dir='ltr'><strong>Epistola</strong></span> <span class='ocrx_word' id='word_1_211' title='bbox 1339 1631 1401 1685; x_wconf 87' lang='lat' dir='ltr'><strong><em>ll</em></strong></span> <span class='ocrx_word' id='word_1_212' title='bbox 1435 1631 1503 1685; x_wconf 83' lang='lat' dir='ltr'><strong>ad</strong></span> <span class='ocrx_word' id='word_1_213' title='bbox 1544 1630 1867 1688; x_wconf 76' lang='lat' dir='ltr'><strong>Corinthios.</strong></span> 
     </span>
    </p>
   </div>
   <div class='ocr_carea' id='block_1_31' title="bbox 598 1743 2111 1812">
    <p class='ocr_par' dir='ltr' id='par_1_31' title="bbox 598 1743 2111 1812">
     <span class='ocr_line' id='line_1_31' title="bbox 598 1743 2111 1812; baseline -0.001 -13"><span class='ocrx_word' id='word_1_214' title='bbox 598 1744 751 1799; x_wconf 79' lang='lat' dir='ltr'><strong>Hanc</strong></span> <span class='ocrx_word' id='word_1_215' title='bbox 810 1743 1013 1799; x_wconf 80' lang='lat' dir='ltr'><strong>Marcio</strong></span> <span class='ocrx_word' id='word_1_216' title='bbox 1055 1745 1267 1798; x_wconf 84' lang='lat' dir='ltr'><strong>tertiam</strong></span> <span class='ocrx_word' id='word_1_217' title='bbox 1329 1743 1523 1798; x_wconf 87' lang='lat' dir='ltr'><strong>ordine</strong></span> <span class='ocrx_word' id='word_1_218' title='bbox 1576 1745 1898 1808; x_wconf 78' lang='lat' dir='ltr'><strong>collocavit,</strong></span> <span class='ocrx_word' id='word_1_219' title='bbox 1947 1743 2111 1812; x_wconf 86' lang='lat' dir='ltr'><strong>idque</strong></span> 
     </span>
    </p>
   </div>
   <div class='ocr_carea' id='block_1_32' title="bbox 527 1835 2107 1906">
    <p class='ocr_par' dir='ltr' id='par_1_32' title="bbox 527 1835 2107 1906">
     <span class='ocr_line' id='line_1_32' title="bbox 527 1835 2107 1906; baseline -0.003 -11"><span class='ocrx_word' id='word_1_220' title='bbox 527 1847 860 1895; x_wconf 85' lang='lat' dir='ltr'><strong>commutata</strong></span> <span class='ocrx_word' id='word_1_221' title='bbox 891 1839 1050 1893; x_wconf 88' lang='lat' dir='ltr'><strong>serie.</strong></span> <span class='ocrx_word' id='word_1_222' title='bbox 1082 1838 1212 1904; x_wconf 68' lang='lat' dir='ltr'><strong>Qua:</strong></span> <span class='ocrx_word' id='word_1_223' title='bbox 1249 1837 1392 1891; x_wconf 91' lang='lat' dir='ltr'><strong>enim</strong></span> <span class='ocrx_word' id='word_1_224' title='bbox 1422 1836 1485 1890; x_wconf 89' lang='lat' dir='ltr'><strong>ad</strong></span> <span class='ocrx_word' id='word_1_225' title='bbox 1516 1835 1735 1891; x_wconf 84' lang='lat' dir='ltr'><strong>Galatas</strong></span> <span class='ocrx_word' id='word_1_226' title='bbox 1769 1836 1970 1906; x_wconf 84' lang='lat' dir='ltr'><strong>scripta</strong></span> <span class='ocrx_word' id='word_1_227' title='bbox 2003 1842 2107 1899; x_wconf 83' lang='lat' dir='ltr'><strong>est,</strong></span> 
     </span>
    </p>
   </div>
   <div class='ocr_carea' id='block_1_33' title="bbox 525 1932 1237 2005">
    <p class='ocr_par' dir='ltr' id='par_1_33' title="bbox 525 1932 1237 2005">
     <span class='ocr_line' id='line_1_33' title="bbox 525 1932 1237 2005; baseline 0 -17"><span class='ocrx_word' id='word_1_228' title='bbox 525 1949 648 1988; x_wconf 83' lang='lat' dir='ltr'><strong>eam</strong></span> <span class='ocrx_word' id='word_1_229' title='bbox 673 1933 851 2005; x_wconf 88' lang='lat' dir='ltr'><strong>primo</strong></span> <span class='ocrx_word' id='word_1_230' title='bbox 884 1933 1003 1987; x_wconf 90' lang='lat' dir='ltr'><strong>loco</strong></span> <span class='ocrx_word' id='word_1_231' title='bbox 1037 1932 1237 2003; x_wconf 87' lang='lat' dir='ltr'><strong>posuit.</strong></span> 
     </span>
    </p>
   </div>
   <div class='ocr_carea' id='block_1_34' title="bbox 600 2021 2111 2093">
    <p class='ocr_par' dir='ltr' id='par_1_34' title="bbox 600 2021 2111 2093">
     <span class='ocr_line' id='line_1_34' title="bbox 600 2021 2111 2093; baseline -0.003 -14"><span class='ocrx_word' id='word_1_232' title='bbox 600 2025 783 2080; x_wconf 83' lang='lat' dir='ltr'><strong>Schol.</strong></span> <span class='ocrx_word' id='word_1_233' title='bbox 822 2027 846 2079; x_wconf 77' lang='lat' dir='ltr'><strong>i</strong></span> <span class='ocrx_word' id='word_1_234' title='bbox 897 2036 950 2081; x_wconf 82' lang='lat' dir='ltr'><strong>et.</strong></span> <span class='ocrx_word' id='word_1_235' title='bbox 993 2025 1083 2080; x_wconf 79' lang='lat'><strong>25.</strong></span> <span class='ocrx_word' id='word_1_236' title='bbox 1134 2024 1397 2093; x_wconf 84' lang='lat' dir='ltr'><strong>Quotquot</strong></span> <span class='ocrx_word' id='word_1_237' title='bbox 1424 2024 1562 2078; x_wconf 87' lang='lat' dir='ltr'><strong>enim</strong></span> <span class='ocrx_word' id='word_1_238' title='bbox 1603 2022 1978 2092; x_wconf 85' lang='lat' dir='ltr'><strong>promissiones</strong></span> <span class='ocrx_word' id='word_1_239' title='bbox 2016 2021 2111 2077; x_wconf 96' lang='lat' dir='ltr'><strong>Dei</strong></span> 
     </span>
    </p>
   </div>
   <div class='ocr_carea' id='block_1_35' title="bbox 526 2116 1977 2186">
    <p class='ocr_par' dir='ltr' id='par_1_35' title="bbox 526 2116 1977 2186">
     <span class='ocr_line' id='line_1_35' title="bbox 526 2116 1977 2186; baseline -0.002 -13"><span class='ocrx_word' id='word_1_240' title='bbox 526 2128 649 2173; x_wconf 81' lang='lat' dir='ltr'><strong>sunt</strong></span> <span class='ocrx_word' id='word_1_241' title='bbox 684 2119 740 2173; x_wconf 87' lang='lat' dir='ltr'><strong>in</strong></span> <span class='ocrx_word' id='word_1_242' title='bbox 769 2119 864 2173; x_wconf 90' lang='lat' dir='ltr'><strong>illo</strong></span> <span class='ocrx_word' id='word_1_243' title='bbox 886 2127 963 2175; x_wconf 82' lang='lat' dir='ltr'><strong>est</strong></span> <span class='ocrx_word' id='word_1_244' title='bbox 993 2133 1010 2171; x_wconf 89' lang='lat'><strong><em>:</em></strong></span> <span class='ocrx_word' id='word_1_245' title='bbox 1042 2117 1156 2171; x_wconf 82' lang='lat' dir='ltr'><strong>ideo</strong></span> <span class='ocrx_word' id='word_1_246' title='bbox 1186 2127 1233 2171; x_wconf 88' lang='lat' dir='ltr'><strong>et</strong></span> <span class='ocrx_word' id='word_1_247' title='bbox 1267 2133 1358 2186; x_wconf 88' lang='lat' dir='ltr'><strong>per</strong></span> <span class='ocrx_word' id='word_1_248' title='bbox 1388 2116 1559 2185; x_wconf 79' lang='lat' dir='ltr'><strong>ipsum</strong></span> <span class='ocrx_word' id='word_1_249' title='bbox 1598 2119 1763 2169; x_wconf 84' lang='lat' dir='ltr'><strong>Amen</strong></span> <span class='ocrx_word' id='word_1_250' title='bbox 1806 2116 1903 2169; x_wconf 88' lang='lat' dir='ltr'><strong>Dei</strong></span> <span class='ocrx_word' id='word_1_251' title='bbox 1934 2117 1977 2170; x_wconf 75' lang='lat'><strong>’.</strong></span> 
     </span>
    </p>
   </div>
   <div class='ocr_carea' id='block_1_36' title="bbox 597 2290 2090 2362">
    <p class='ocr_par' dir='ltr' id='par_1_36' title="bbox 597 2290 2090 2362">
     <span class='ocr_line' id='line_1_36' title="bbox 597 2290 2090 2362; baseline 0 -15"><span class='ocrx_word' id='word_1_252' title='bbox 597 2293 779 2350; x_wconf 80' lang='lat' dir='ltr'><strong>Refut.</strong></span> <span class='ocrx_word' id='word_1_253' title='bbox 816 2293 839 2346; x_wconf 81' lang='grc'><strong>1</strong></span> <span class='ocrx_word' id='word_1_254' title='bbox 878 2300 931 2348; x_wconf 87' lang='lat' dir='ltr'><strong>et</strong></span> <span class='ocrx_word' id='word_1_255' title='bbox 965 2291 1055 2345; x_wconf 80' lang='lat'><strong>25.</strong></span> <span class='ocrx_word' id='word_1_256' title='bbox 1089 2290 1249 2362; x_wconf 80' lang='lat' dir='ltr'><strong>Aperi</strong></span> <span class='ocrx_word' id='word_1_257' title='bbox 1280 2290 1470 2346; x_wconf 84' lang='lat' dir='ltr'><strong>oculos</strong></span> <span class='ocrx_word' id='word_1_258' title='bbox 1499 2299 1551 2347; x_wconf 88' lang='lat' dir='ltr'><strong>et</strong></span> <span class='ocrx_word' id='word_1_259' title='bbox 1592 2291 1837 2357; x_wconf 86' lang='lat' dir='ltr'><strong>salvare,</strong></span> <span class='ocrx_word' id='word_1_260' title='bbox 1867 2290 2090 2347; x_wconf 83' lang='lat' dir='ltr'><strong>Marcio.</strong></span> 
     </span>
    </p>
   </div>
   <div class='ocr_carea' id='block_1_37' title="bbox 526 2384 2111 2456">
    <p class='ocr_par' dir='ltr' id='par_1_37' title="bbox 526 2384 2111 2456">
     <span class='ocr_line' id='line_1_37' title="bbox 526 2384 2111 2456; baseline 0 -15"><span class='ocrx_word' id='word_1_261' title='bbox 526 2387 683 2455; x_wconf 85' lang='lat' dir='ltr'><strong>Quod</strong></span> <span class='ocrx_word' id='word_1_262' title='bbox 737 2386 782 2443; x_wconf 90' lang='lat' dir='ltr'><strong>si</strong></span> <span class='ocrx_word' id='word_1_263' title='bbox 836 2385 1016 2441; x_wconf 80' lang='lat' dir='ltr'><strong>facere</strong></span> <span class='ocrx_word' id='word_1_264' title='bbox 1073 2385 1217 2439; x_wconf 86' lang='lat' dir='ltr'><strong>istud</strong></span> <span class='ocrx_word' id='word_1_265' title='bbox 1268 2384 1431 2438; x_wconf 87' lang='lat' dir='ltr'><strong>modo</strong></span> <span class='ocrx_word' id='word_1_266' title='bbox 1480 2400 1588 2439; x_wconf 92' lang='lat' dir='ltr'><strong>non</strong></span> <span class='ocrx_word' id='word_1_267' title='bbox 1629 2393 1812 2454; x_wconf 87' lang='lat' dir='ltr'><strong>potes,</strong></span> <span class='ocrx_word' id='word_1_268' title='bbox 1862 2400 1928 2441; x_wconf 87' lang='lat' dir='ltr'><strong>eo</strong></span> <span class='ocrx_word' id='word_1_269' title='bbox 1966 2386 2111 2456; x_wconf 89' lang='lat' dir='ltr'><strong>quod</strong></span> 
     </span>
    </p>
   </div>
   <div class='ocr_carea' id='block_1_38' title="bbox 526 2475 2110 2547">
    <p class='ocr_par' dir='ltr' id='par_1_38' title="bbox 526 2475 2110 2547">
     <span class='ocr_line' id='line_1_38' title="bbox 526 2475 2110 2547; baseline 0 -15"><span class='ocrx_word' id='word_1_270' title='bbox 526 2478 765 2543; x_wconf 82' lang='lat' dir='ltr'><strong>obieris,</strong></span> <span class='ocrx_word' id='word_1_271' title='bbox 796 2477 871 2533; x_wconf 90' lang='lat' dir='ltr'><strong>illi</strong></span> <span class='ocrx_word' id='word_1_272' title='bbox 913 2478 1103 2533; x_wconf 87' lang='lat' dir='ltr'><strong>saltem</strong></span> <span class='ocrx_word' id='word_1_273' title='bbox 1156 2475 1433 2546; x_wconf 85' lang='lat' dir='ltr'><strong>aperiant,</strong></span> <span class='ocrx_word' id='word_1_274' title='bbox 1485 2491 1623 2547; x_wconf 91' lang='lat' dir='ltr'><strong>quos</strong></span> <span class='ocrx_word' id='word_1_275' title='bbox 1663 2484 1722 2531; x_wconf 89' lang='lat' dir='ltr'><strong>tu</strong></span> <span class='ocrx_word' id='word_1_276' title='bbox 1762 2477 1817 2531; x_wconf 91' lang='lat' dir='ltr'><strong>in</strong></span> <span class='ocrx_word' id='word_1_277' title='bbox 1866 2492 2110 2533; x_wconf 88' lang='lat' dir='ltr'><strong>errorem</strong></span> 
     </span>
    </p>
   </div>
   <div class='ocr_carea' id='block_1_39' title="bbox 524 2570 2113 2642">
    <p class='ocr_par' dir='ltr' id='par_1_39' title="bbox 524 2570 2113 2642">
     <span class='ocr_line' id='line_1_39' title="bbox 524 2570 2113 2642; baseline -0.001 -16"><span class='ocrx_word' id='word_1_278' title='bbox 524 2570 821 2641; x_wconf 89' lang='lat' dir='ltr'><strong>impulisti,</strong></span> <span class='ocrx_word' id='word_1_279' title='bbox 857 2578 1038 2640; x_wconf 88' lang='lat' dir='ltr'><strong>teque,</strong></span> <span class='ocrx_word' id='word_1_280' title='bbox 1075 2579 1133 2625; x_wconf 89' lang='lat' dir='ltr'><strong>ut</strong></span> <span class='ocrx_word' id='word_1_281' title='bbox 1166 2579 1494 2626; x_wconf 76' lang='lat' dir='ltr'><strong>venenatum</strong></span> <span class='ocrx_word' id='word_1_282' title='bbox 1533 2578 1841 2641; x_wconf 84' lang='lat' dir='ltr'><strong>serpentem</strong></span> <span class='ocrx_word' id='word_1_283' title='bbox 1865 2610 1879 2633; x_wconf 92' lang='lat'><strong>,</strong></span> <span class='ocrx_word' id='word_1_284' title='bbox 1929 2578 1984 2626; x_wconf 91' lang='lat' dir='ltr'><strong>et</strong></span> <span class='ocrx_word' id='word_1_285' title='bbox 2015 2585 2113 2642; x_wconf 90' lang='lat' dir='ltr'><strong>ap-</strong></span> 
     </span>
    </p>
   </div>
   <div class='ocr_carea' id='block_1_40' title="bbox 523 2662 2113 2734">
    <p class='ocr_par' dir='ltr' id='par_1_40' title="bbox 523 2662 2113 2734">
     <span class='ocr_line' id='line_1_40' title="bbox 523 2662 2113 2734; baseline 0.002 -19"><span class='ocrx_word' id='word_1_286' title='bbox 523 2662 1017 2733; x_wconf 84' lang='lat' dir='ltr'><strong>propinquantibus</strong></span> <span class='ocrx_word' id='word_1_287' title='bbox 1048 2662 1275 2716; x_wconf 81' lang='lat' dir='ltr'><strong>noxium</strong></span> <span class='ocrx_word' id='word_1_288' title='bbox 1318 2663 1576 2717; x_wconf 89' lang='lat' dir='ltr'><strong>devitent.</strong></span> <span class='ocrx_word' id='word_1_289' title='bbox 1614 2662 1747 2716; x_wconf 86' lang='lat' dir='ltr'><strong>Nam</strong></span> <span class='ocrx_word' id='word_1_290' title='bbox 1783 2662 1829 2718; x_wconf 91' lang='lat' dir='ltr'><strong>si</strong></span> <span class='ocrx_word' id='word_1_291' title='bbox 1858 2672 2113 2734; x_wconf 80' lang='lat' dir='ltr'><strong>quotquot</strong></span> 
     </span>
    </p>
   </div>
   <div class='ocr_carea' id='block_1_41' title="bbox 522 2754 2111 2825">
    <p class='ocr_par' dir='ltr' id='par_1_41' title="bbox 522 2754 2111 2825">
     <span class='ocr_line' id='line_1_41' title="bbox 522 2754 2111 2825; baseline 0.002 -18"><span class='ocrx_word' id='word_1_292' title='bbox 522 2755 895 2824; x_wconf 82' lang='lat' dir='ltr'><strong>promissiones</strong></span> <span class='ocrx_word' id='word_1_293' title='bbox 930 2754 1026 2808; x_wconf 88' lang='lat' dir='ltr'><strong>Dei</strong></span> <span class='ocrx_word' id='word_1_294' title='bbox 1051 2764 1197 2819; x_wconf 89' lang='lat' dir='ltr'><strong>sunt,</strong></span> <span class='ocrx_word' id='word_1_295' title='bbox 1248 2755 1301 2807; x_wconf 87' lang='lat' dir='ltr'><strong>in</strong></span> <span class='ocrx_word' id='word_1_296' title='bbox 1337 2754 1428 2808; x_wconf 77' lang='lat' dir='ltr'><strong>illo</strong></span> <span class='ocrx_word' id='word_1_297' title='bbox 1472 2755 1672 2818; x_wconf 84' lang='lat' dir='ltr'><strong>etiam;</strong></span> <span class='ocrx_word' id='word_1_298' title='bbox 1718 2755 2111 2825; x_wconf 83' lang='lat' dir='ltr'><strong>promissiones</strong></span> 
     </span>
    </p>
   </div>
   <div class='ocr_carea' id='block_1_42' title="bbox 523 2844 2112 2918">
    <p class='ocr_par' dir='ltr' id='par_1_42' title="bbox 523 2844 2112 2918">
     <span class='ocr_line' id='line_1_42' title="bbox 523 2844 2112 2918; baseline 0.001 -18"><span class='ocrx_word' id='word_1_299' title='bbox 523 2861 688 2917; x_wconf 89' lang='lat' dir='ltr'><strong>porro</strong></span> <span class='ocrx_word' id='word_1_300' title='bbox 721 2844 814 2900; x_wconf 87' lang='lat' dir='ltr'><strong>Dei</strong></span> <span class='ocrx_word' id='word_1_301' title='bbox 844 2861 937 2901; x_wconf 88' lang='lat' dir='ltr'><strong>eas</strong></span> <span class='ocrx_word' id='word_1_302' title='bbox 966 2846 1259 2915; x_wconf 72' lang='lat' dir='ltr'><strong>Aposrolus</strong></span> <span class='ocrx_word' id='word_1_303' title='bbox 1294 2846 1565 2916; x_wconf 81' lang='lat' dir='ltr'><strong>intelligit,</strong></span> <span class='ocrx_word' id='word_1_304' title='bbox 1597 2861 1718 2917; x_wconf 66' lang='lat' dir='ltr'><strong>quae</strong></span> <span class='ocrx_word' id='word_1_305' title='bbox 1746 2847 1859 2918; x_wconf 88' lang='lat' dir='ltr'><strong>lege</strong></span> <span class='ocrx_word' id='word_1_306' title='bbox 1889 2862 1953 2901; x_wconf 89' lang='lat' dir='ltr'><strong>ac</strong></span> <span class='ocrx_word' id='word_1_307' title='bbox 1985 2862 2112 2917; x_wconf 76' lang='lat' dir='ltr'><strong>pro-</strong></span> 
     </span>
    </p>
   </div>
   <div class='ocr_carea' id='block_1_43' title="bbox 523 2939 2111 3011">
    <p class='ocr_par' dir='ltr' id='par_1_43' title="bbox 523 2939 2111 3011">
     <span class='ocr_line' id='line_1_43' title="bbox 523 2939 2111 3011; baseline 0.003 -20"><span class='ocrx_word' id='word_1_308' title='bbox 523 2939 701 3010; x_wconf 89' lang='lat' dir='ltr'><strong>phetis</strong></span> <span class='ocrx_word' id='word_1_309' title='bbox 737 2939 1106 3006; x_wconf 88' lang='lat' dir='ltr'><strong>continentur,</strong></span> <span class='ocrx_word' id='word_1_310' title='bbox 1149 2940 1417 3008; x_wconf 88' lang='lat' dir='ltr'><strong>sequitur,</strong></span> <span class='ocrx_word' id='word_1_311' title='bbox 1452 2941 1615 2995; x_wconf 88' lang='lat' dir='ltr'><strong>etiam</strong></span> <span class='ocrx_word' id='word_1_312' title='bbox 1653 2939 1786 2995; x_wconf 87' lang='lat' dir='ltr'><strong>illud</strong></span> <span class='ocrx_word' id='word_1_313' title='bbox 1820 2942 2111 3011; x_wconf 81' lang='lat' dir='ltr'><strong>implenda-</strong></span> 
     </span>
    </p>
   </div>
   <div class='ocr_carea' id='block_1_44' title="bbox 523 3030 2114 3100">
    <p class='ocr_par' dir='ltr' id='par_1_44' title="bbox 523 3030 2114 3100">
     <span class='ocr_line' id='line_1_44' title="bbox 523 3030 2114 3100; baseline 0.002 -16"><span class='ocrx_word' id='word_1_314' title='bbox 523 3044 645 3084; x_wconf 86' lang='lat' dir='ltr'><strong>rum</strong></span> <span class='ocrx_word' id='word_1_315' title='bbox 692 3030 1095 3099; x_wconf 89' lang='lat' dir='ltr'><strong>pr0phetiarum</strong></span> <span class='ocrx_word' id='word_1_316' title='bbox 1140 3032 1420 3100; x_wconf 89' lang='lat' dir='ltr'><strong>proprium</strong></span> <span class='ocrx_word' id='word_1_317' title='bbox 1463 3032 1516 3085; x_wconf 92' lang='lat' dir='ltr'><strong>in</strong></span> <span class='ocrx_word' id='word_1_318' title='bbox 1555 3031 1775 3088; x_wconf 84' lang='lat' dir='ltr'><strong>Christo</strong></span> <span class='ocrx_word' id='word_1_319' title='bbox 1820 3033 2114 3087; x_wconf 83' lang='lat' dir='ltr'><strong>conﬁrma-</strong></span> 
     </span>
    </p>
   </div>
   <div class='ocr_carea' id='block_1_45' title="bbox 525 3120 2119 3195">
    <p class='ocr_par' dir='ltr' id='par_1_45' title="bbox 525 3120 2119 3195">
     <span class='ocr_line' id='line_1_45' title="bbox 525 3120 2119 3195; baseline 0.004 -21"><span class='ocrx_word' id='word_1_320' title='bbox 525 3130 639 3174; x_wconf 90' lang='lat' dir='ltr'><strong>tum</strong></span> <span class='ocrx_word' id='word_1_321' title='bbox 672 3122 861 3176; x_wconf 79' lang='lat' dir='ltr'><strong>fuisse.</strong></span> <span class='ocrx_word' id='word_1_322' title='bbox 895 3120 1075 3187; x_wconf 85' lang='lat' dir='ltr'><strong>Quare</strong></span> <span class='ocrx_word' id='word_1_323' title='bbox 1107 3137 1206 3176; x_wconf 88' lang='lat' dir='ltr'><strong>nec</strong></span> <span class='ocrx_word' id='word_1_324' title='bbox 1240 3136 1269 3175; x_wconf 89' lang='lat' dir='ltr'><strong>a</strong></span> <span class='ocrx_word' id='word_1_325' title='bbox 1308 3123 1478 3178; x_wconf 86' lang='lat' dir='ltr'><strong>veteri</strong></span> <span class='ocrx_word' id='word_1_326' title='bbox 1511 3124 1658 3194; x_wconf 90' lang='lat' dir='ltr'><strong>lege,</strong></span> <span class='ocrx_word' id='word_1_327' title='bbox 1696 3140 1799 3179; x_wconf 91' lang='lat' dir='ltr'><strong>nec</strong></span> <span class='ocrx_word' id='word_1_328' title='bbox 1821 3140 1851 3178; x_wconf 89' lang='lat' dir='ltr'><strong>a</strong></span> <span class='ocrx_word' id='word_1_329' title='bbox 1883 3126 2119 3195; x_wconf 83' lang='lat' dir='ltr'><strong>prophe-</strong></span> 
     </span>
    </p>
   </div>
   <div class='ocr_carea' id='block_1_46' title="bbox 525 3209 2119 3286">
    <p class='ocr_par' dir='ltr' id='par_1_46' title="bbox 525 3209 2119 3286">
     <span class='ocr_line' id='line_1_46' title="bbox 525 3209 2119 3286; baseline 0.005 -23"><span class='ocrx_word' id='word_1_330' title='bbox 525 3209 598 3265; x_wconf 85' lang='lat' dir='ltr'><strong>tis</strong></span> <span class='ocrx_word' id='word_1_331' title='bbox 618 3251 631 3275; x_wconf 94' lang='lat'><strong>,</strong></span> <span class='ocrx_word' id='word_1_332' title='bbox 668 3212 875 3267; x_wconf 88' lang='lat' dir='ltr'><strong>alienus</strong></span> <span class='ocrx_word' id='word_1_333' title='bbox 906 3220 989 3266; x_wconf 86' lang='lat' dir='ltr'><strong>est</strong></span> <span class='ocrx_word' id='word_1_334' title='bbox 1020 3211 1275 3268; x_wconf 83' lang='lat' dir='ltr'><strong>Christus</strong></span> <span class='ocrx_word' id='word_1_335' title='bbox 1300 3252 1313 3276; x_wconf 91' lang='lat'><strong>,</strong></span> <span class='ocrx_word' id='word_1_336' title='bbox 1339 3228 1439 3267; x_wconf 89' lang='lat' dir='ltr'><strong>nec</strong></span> <span class='ocrx_word' id='word_1_337' title='bbox 1476 3228 1506 3266; x_wconf 91' lang='lat' dir='ltr'><strong>a</strong></span> <span class='ocrx_word' id='word_1_338' title='bbox 1535 3213 1646 3268; x_wconf 84' lang='lat' dir='ltr'><strong>Deo</strong></span> <span class='ocrx_word' id='word_1_339' title='bbox 1670 3254 1685 3276; x_wconf 88' lang='lat'><strong>,</strong></span> <span class='ocrx_word' id='word_1_340' title='bbox 1706 3216 1800 3285; x_wconf 79' lang='lat' dir='ltr'><strong>qui</strong></span> <span class='ocrx_word' id='word_1_341' title='bbox 1835 3225 1890 3270; x_wconf 81' lang='lat' dir='ltr'><strong>et</strong></span> <span class='ocrx_word' id='word_1_342' title='bbox 1925 3216 1980 3269; x_wconf 89' lang='lat' dir='ltr'><strong>in</strong></span> <span class='ocrx_word' id='word_1_343' title='bbox 2004 3217 2119 3286; x_wconf 89' lang='lat' dir='ltr'><strong>lege</strong></span> 
     </span>
    </p>
   </div>
   <div class='ocr_carea' id='block_1_47' title="bbox 524 3304 2112 3377">
    <p class='ocr_par' dir='ltr' id='par_1_47' title="bbox 524 3304 2112 3377">
     <span class='ocr_line' id='line_1_47' title="bbox 524 3304 2112 3377; baseline -0.001 -16"><span class='ocrx_word' id='word_1_344' title='bbox 524 3305 741 3361; x_wconf 88' lang='lat' dir='ltr'><strong>locutus</strong></span> <span class='ocrx_word' id='word_1_345' title='bbox 772 3310 888 3368; x_wconf 90' lang='lat' dir='ltr'><strong>est,</strong></span> <span class='ocrx_word' id='word_1_346' title='bbox 933 3311 986 3358; x_wconf 89' lang='lat' dir='ltr'><strong>et</strong></span> <span class='ocrx_word' id='word_1_347' title='bbox 1035 3318 1130 3358; x_wconf 88' lang='lat' dir='ltr'><strong>sua</strong></span> <span class='ocrx_word' id='word_1_348' title='bbox 1180 3305 1235 3358; x_wconf 87' lang='lat' dir='ltr'><strong>in</strong></span> <span class='ocrx_word' id='word_1_349' title='bbox 1285 3304 1505 3359; x_wconf 82' lang='lat' dir='ltr'><strong>Christo</strong></span> <span class='ocrx_word' id='word_1_350' title='bbox 1552 3307 1824 3375; x_wconf 88' lang='lat' dir='ltr'><strong>promissa</strong></span> <span class='ocrx_word' id='word_1_351' title='bbox 1866 3308 2112 3377; x_wconf 76' lang='lat' dir='ltr'><strong>perfecit.</strong></span> 
     </span>
    </p>
   </div>
   <div class='ocr_carea' id='block_1_48' title="bbox 478 3395 2118 3469">
    <p class='ocr_par' dir='ltr' id='par_1_48' title="bbox 478 3395 2118 3469">
     <span class='ocr_line' id='line_1_48' title="bbox 478 3395 2118 3469; baseline 0.001 -19"><span class='ocrx_word' id='word_1_352' title='bbox 478 3424 485 3427; x_wconf 96' lang='lat'><strong><em>-</em></strong></span> <span class='ocrx_word' id='word_1_353' title='bbox 546 3396 653 3451; x_wconf 85' lang='lat' dir='ltr'><strong>Sed</strong></span> <span class='ocrx_word' id='word_1_354' title='bbox 700 3412 876 3465; x_wconf 89' lang='lat' dir='ltr'><strong>neque</strong></span> <span class='ocrx_word' id='word_1_355' title='bbox 911 3395 1020 3450; x_wconf 90' lang='lat' dir='ltr'><strong>Deo</strong></span> <span class='ocrx_word' id='word_1_356' title='bbox 1074 3396 1148 3450; x_wconf 90' lang='lat' dir='ltr'><strong>illi</strong></span> <span class='ocrx_word' id='word_1_357' title='bbox 1202 3399 1295 3466; x_wconf 90' lang='lat' dir='ltr'><strong>qui</strong></span> <span class='ocrx_word' id='word_1_358' title='bbox 1338 3397 1509 3468; x_wconf 82' lang='lat' dir='ltr'><strong>legem</strong></span> <span class='ocrx_word' id='word_1_359' title='bbox 1542 3413 1605 3453; x_wconf 90' lang='lat' dir='ltr'><strong>ac</strong></span> <span class='ocrx_word' id='word_1_360' title='bbox 1647 3399 1943 3469; x_wconf 85' lang='lat' dir='ltr'><strong>prophetas</strong></span> <span class='ocrx_word' id='word_1_361' title='bbox 1968 3400 2118 3455; x_wconf 85' lang='lat' dir='ltr'><strong>dedit</strong></span> 
     </span>
    </p>
   </div>
   <div class='ocr_carea' id='block_1_49' title="bbox 526 3487 2114 3562">
    <p class='ocr_par' dir='ltr' id='par_1_49' title="bbox 526 3487 2114 3562">
     <span class='ocr_line' id='line_1_49' title="bbox 526 3487 2114 3562; baseline 0.003 -20"><span class='ocrx_word' id='word_1_362' title='bbox 526 3488 671 3542; x_wconf 87' lang='lat' dir='ltr'><strong>idem</strong></span> <span class='ocrx_word' id='word_1_363' title='bbox 718 3488 807 3541; x_wconf 89' lang='lat' dir='ltr'><strong>ille</strong></span> <span class='ocrx_word' id='word_1_364' title='bbox 843 3487 1096 3542; x_wconf 84' lang='lat' dir='ltr'><strong>Christus</strong></span> <span class='ocrx_word' id='word_1_365' title='bbox 1149 3489 1491 3543; x_wconf 77' lang='lat' dir='ltr'><strong>adversatur.</strong></span> <span class='ocrx_word' id='word_1_366' title='bbox 1526 3488 1661 3542; x_wconf 87' lang='lat' dir='ltr'><strong>Nam</strong></span> <span class='ocrx_word' id='word_1_367' title='bbox 1714 3506 1816 3561; x_wconf 89' lang='lat' dir='ltr'><strong>pro</strong></span> <span class='ocrx_word' id='word_1_368' title='bbox 1864 3507 1929 3546; x_wconf 89' lang='lat' dir='ltr'><strong>eo</strong></span> <span class='ocrx_word' id='word_1_369' title='bbox 1969 3492 2114 3562; x_wconf 91' lang='lat' dir='ltr'><strong>quod</strong></span> 
     </span>
    </p>
   </div>
   <div class='ocr_carea' id='block_1_50' title="bbox 529 3578 2117 3650">
    <p class='ocr_par' dir='ltr' id='par_1_50' title="bbox 529 3578 2117 3650">
     <span class='ocr_line' id='line_1_50' title="bbox 529 3578 2117 3650; baseline 0.004 -18"><span class='ocrx_word' id='word_1_370' title='bbox 529 3578 679 3633; x_wconf 90' lang='lat' dir='ltr'><strong>illius</strong></span> <span class='ocrx_word' id='word_1_371' title='bbox 716 3579 1139 3648; x_wconf 84' lang='lat' dir='ltr'><strong>pollicitationes</strong></span> <span class='ocrx_word' id='word_1_372' title='bbox 1190 3580 1245 3633; x_wconf 93' lang='lat' dir='ltr'><strong>in</strong></span> <span class='ocrx_word' id='word_1_373' title='bbox 1281 3580 1398 3649; x_wconf 90' lang='lat' dir='ltr'><strong>ipso</strong></span> <span class='ocrx_word' id='word_1_374' title='bbox 1444 3589 1845 3649; x_wconf 62' lang='lat' dir='ltr'><strong>repraesentata:</strong></span> <span class='ocrx_word' id='word_1_375' title='bbox 1874 3594 2030 3650; x_wconf 88' lang='lat' dir='ltr'><strong>sunt,</strong></span> <span class='ocrx_word' id='word_1_376' title='bbox 2066 3592 2117 3638; x_wconf 88' lang='lat' dir='ltr'><strong>et</strong></span> 
     </span>
    </p>
   </div>
   <div class='ocr_carea' id='block_1_51' title="bbox 528 3671 2116 3746">
    <p class='ocr_par' dir='ltr' id='par_1_51' title="bbox 528 3671 2116 3746">
     <span class='ocr_line' id='line_1_51' title="bbox 528 3671 2116 3746; baseline 0.005 -23"><span class='ocrx_word' id='word_1_377' title='bbox 528 3686 619 3739; x_wconf 88' lang='lat' dir='ltr'><strong>per</strong></span> <span class='ocrx_word' id='word_1_378' title='bbox 648 3671 818 3739; x_wconf 85' lang='lat' dir='ltr'><strong>ipsum</strong></span> <span class='ocrx_word' id='word_1_379' title='bbox 840 3715 854 3737; x_wconf 88' lang='lat'><strong>,</strong></span> <span class='ocrx_word' id='word_1_380' title='bbox 873 3672 1045 3742; x_wconf 87' lang='lat' dir='ltr'><strong>inquit</strong></span> <span class='ocrx_word' id='word_1_381' title='bbox 1065 3712 1079 3735; x_wconf 93' lang='lat'><strong>,</strong></span> <span class='ocrx_word' id='word_1_382' title='bbox 1105 3671 1268 3727; x_wconf 77' lang='lat' dir='ltr'><strong>Amen</strong></span> <span class='ocrx_word' id='word_1_383' title='bbox 1304 3673 1419 3728; x_wconf 85' lang='lat' dir='ltr'><strong>Dei.</strong></span> <span class='ocrx_word' id='word_1_384' title='bbox 1454 3674 1596 3732; x_wconf 86' lang='lat' dir='ltr'><strong>Deus</strong></span> <span class='ocrx_word' id='word_1_385' title='bbox 1621 3674 1766 3731; x_wconf 81' lang='lat' dir='ltr'><strong>enim</strong></span> <span class='ocrx_word' id='word_1_386' title='bbox 1794 3675 1953 3729; x_wconf 72' lang='lat' dir='ltr'><strong>Pater</strong></span> <span class='ocrx_word' id='word_1_387' title='bbox 1990 3692 2116 3746; x_wconf 87' lang='lat' dir='ltr'><strong>pro-</strong></span> 
     </span>
    </p>
   </div>
   <div class='ocr_carea' id='block_1_52' title="bbox 530 3762 2111 3832">
    <p class='ocr_par' dir='ltr' id='par_1_52' title="bbox 530 3762 2111 3832">
     <span class='ocr_line' id='line_1_52' title="bbox 530 3762 2111 3832; baseline 0.004 -16"><span class='ocrx_word' id='word_1_388' title='bbox 530 3764 715 3828; x_wconf 81' lang='lat' dir='ltr'><strong>misit,</strong></span> <span class='ocrx_word' id='word_1_389' title='bbox 747 3762 1001 3821; x_wconf 90' lang='lat' dir='ltr'><strong>Christus</strong></span> <span class='ocrx_word' id='word_1_390' title='bbox 1048 3780 1178 3821; x_wconf 82' lang='lat' dir='ltr'><strong>vero</strong></span> <span class='ocrx_word' id='word_1_391' title='bbox 1230 3766 1494 3821; x_wconf 85' lang='lat' dir='ltr'><strong>Dominus</strong></span> <span class='ocrx_word' id='word_1_392' title='bbox 1546 3772 1667 3821; x_wconf 84' lang='lat' dir='ltr'><strong>rata</strong></span> <span class='ocrx_word' id='word_1_393' title='bbox 1718 3768 1809 3822; x_wconf 87' lang='lat' dir='ltr'><strong>illa</strong></span> <span class='ocrx_word' id='word_1_394' title='bbox 1850 3769 2009 3832; x_wconf 82' lang='lat' dir='ltr'><strong>t‘ecit,</strong></span> <span class='ocrx_word' id='word_1_395' title='bbox 2059 3777 2111 3824; x_wconf 92' lang='lat' dir='ltr'><strong>et</strong></span> 
     </span>
    </p>
   </div>
   <div class='ocr_carea' id='block_1_53' title="bbox 530 3857 2110 3932">
    <p class='ocr_par' dir='ltr' id='par_1_53' title="bbox 530 3857 2110 3932">
     <span class='ocr_line' id='line_1_53' title="bbox 530 3857 2110 3932; baseline 0.003 -20"><span class='ocrx_word' id='word_1_396' title='bbox 530 3857 703 3912; x_wconf 69' lang='lat' dir='ltr'><strong>Amen</strong></span> <span class='ocrx_word' id='word_1_397' title='bbox 736 3858 983 3914; x_wconf 88' lang='lat' dir='ltr'><strong>adhibuit</strong></span> <span class='ocrx_word' id='word_1_398' title='bbox 1035 3860 1142 3915; x_wconf 92' lang='lat' dir='ltr'><strong>illis</strong></span> <span class='ocrx_word' id='word_1_399' title='bbox 1183 3876 1322 3931; x_wconf 91' lang='lat' dir='ltr'><strong>quos</strong></span> <span class='ocrx_word' id='word_1_400' title='bbox 1358 3861 1447 3915; x_wconf 87' lang='lat' dir='ltr'><strong>illa</strong></span> <span class='ocrx_word' id='word_1_401' title='bbox 1483 3862 1774 3932; x_wconf 85' lang='lat' dir='ltr'><strong>promissio</strong></span> <span class='ocrx_word' id='word_1_402' title='bbox 1817 3862 2110 3917; x_wconf 82' lang='lat' dir='ltr'><strong>conﬁrma-</strong></span> 
     </span>
    </p>
   </div>
   <div class='ocr_carea' id='block_1_54' title="bbox 529 3948 2111 4025">
    <p class='ocr_par' dir='ltr' id='par_1_54' title="bbox 529 3948 2111 4025">
     <span class='ocr_line' id='line_1_54' title="bbox 529 3948 2111 4025; baseline 0.006 -25"><span class='ocrx_word' id='word_1_403' title='bbox 529 3948 651 4005; x_wconf 87' lang='lat' dir='ltr'><strong>vit:</strong></span> <span class='ocrx_word' id='word_1_404' title='bbox 688 3951 890 4021; x_wconf 90' lang='lat' dir='ltr'><strong>quique</strong></span> <span class='ocrx_word' id='word_1_405' title='bbox 938 3950 1150 4007; x_wconf 87' lang='lat' dir='ltr'><strong>Patrem</strong></span> <span class='ocrx_word' id='word_1_406' title='bbox 1191 3953 1341 4007; x_wconf 92' lang='lat' dir='ltr'><strong>illum</strong></span> <span class='ocrx_word' id='word_1_407' title='bbox 1382 3969 1542 4008; x_wconf 91' lang='lat' dir='ltr'><strong>suum</strong></span> <span class='ocrx_word' id='word_1_408' title='bbox 1592 3962 1965 4025; x_wconf 85' lang='lat' dir='ltr'><strong>agnoverunt,</strong></span> <span class='ocrx_word' id='word_1_409' title='bbox 2018 3956 2111 4025; x_wconf 92' lang='lat' dir='ltr'><strong>qui</strong></span> 
     </span>
    </p>
   </div>
   <div class='ocr_carea' id='block_1_55' title="bbox 531 4042 2111 4113">
    <p class='ocr_par' dir='ltr' id='par_1_55' title="bbox 531 4042 2111 4113">
     <span class='ocr_line' id='line_1_55' title="bbox 531 4042 2111 4113; baseline 0.001 -13"><span class='ocrx_word' id='word_1_410' title='bbox 531 4042 587 4100; x_wconf 83' lang='lat' dir='ltr'><strong>in</strong></span> <span class='ocrx_word' id='word_1_411' title='bbox 623 4044 737 4113; x_wconf 86' lang='lat' dir='ltr'><strong>lege</strong></span> <span class='ocrx_word' id='word_1_412' title='bbox 776 4044 990 4099; x_wconf 89' lang='lat' dir='ltr'><strong>locutus</strong></span> <span class='ocrx_word' id='word_1_413' title='bbox 1028 4052 1131 4111; x_wconf 87' lang='lat' dir='ltr'><strong>est,</strong></span> <span class='ocrx_word' id='word_1_414' title='bbox 1162 4059 1223 4099; x_wconf 86' lang='lat' dir='ltr'><strong>ac</strong></span> <span class='ocrx_word' id='word_1_415' title='bbox 1262 4045 1611 4101; x_wconf 89' lang='lat' dir='ltr'><strong>credentibus</strong></span> <span class='ocrx_word' id='word_1_416' title='bbox 1661 4046 1922 4101; x_wconf 85' lang='lat' dir='ltr'><strong>salutaria</strong></span> <span class='ocrx_word' id='word_1_417' title='bbox 1967 4046 2111 4102; x_wconf 88' lang='lat' dir='ltr'><strong>dona</strong></span> 
     </span>
    </p>
   </div>
   <div class='ocr_carea' id='block_1_56' title="bbox 531 4136 2107 4207">
    <p class='ocr_par' dir='ltr' id='par_1_56' title="bbox 531 4136 2107 4207">
     <span class='ocr_line' id='line_1_56' title="bbox 531 4136 2107 4207; baseline 0.001 -16"><span class='ocrx_word' id='word_1_418' title='bbox 531 4138 783 4191; x_wconf 90' lang='lat' dir='ltr'><strong>contulit.</strong></span> <span class='ocrx_word' id='word_1_419' title='bbox 814 4136 911 4192; x_wconf 85' lang='lat' dir='ltr'><strong>His</strong></span> <span class='ocrx_word' id='word_1_420' title='bbox 941 4138 1084 4192; x_wconf 88' lang='lat' dir='ltr'><strong>enim</strong></span> <span class='ocrx_word' id='word_1_421' title='bbox 1120 4138 1210 4193; x_wconf 91' lang='lat' dir='ltr'><strong>ille</strong></span> <span class='ocrx_word' id='word_1_422' title='bbox 1234 4139 1418 4193; x_wconf 83' lang='lat' dir='ltr'><strong>verbis</strong></span> <span class='ocrx_word' id='word_1_423' title='bbox 1449 4155 1580 4195; x_wconf 90' lang='lat' dir='ltr'><strong>usus</strong></span> <span class='ocrx_word' id='word_1_424' title='bbox 1610 4148 1695 4194; x_wconf 90' lang='lat' dir='ltr'><strong>est</strong></span> <span class='ocrx_word' id='word_1_425' title='bbox 1728 4158 1742 4194; x_wconf 90' lang='lat'><strong>:</strong></span> <span class='ocrx_word' id='word_1_426' title='bbox 1770 4140 1889 4207; x_wconf 86' lang='lat' dir='ltr'><strong>Ita,</strong></span> <span class='ocrx_word' id='word_1_427' title='bbox 1924 4138 2107 4206; x_wconf 81' lang='lat' dir='ltr'><strong>Pater,</strong></span> 
     </span>
    </p>
   </div>
   <div class='ocr_carea' id='block_1_57' title="bbox 530 4231 1450 4303">
    <p class='ocr_par' dir='ltr' id='par_1_57' title="bbox 530 4231 1450 4303">
     <span class='ocr_line' id='line_1_57' title="bbox 530 4231 1450 4303; baseline 0.003 -19"><span class='ocrx_word' id='word_1_428' title='bbox 530 4232 656 4303; x_wconf 77' lang='lat' dir='ltr'><strong>quia</strong></span> <span class='ocrx_word' id='word_1_429' title='bbox 688 4233 764 4285; x_wconf 84' lang='lat' dir='ltr'><strong>ita</strong></span> <span class='ocrx_word' id='word_1_430' title='bbox 788 4231 1042 4300; x_wconf 86' lang='lat' dir='ltr'><strong>placitum</strong></span> <span class='ocrx_word' id='word_1_431' title='bbox 1073 4241 1151 4285; x_wconf 84' lang='lat' dir='ltr'><strong>est</strong></span> <span class='ocrx_word' id='word_1_432' title='bbox 1181 4241 1302 4286; x_wconf 82' lang='lat' dir='ltr'><strong>ante</strong></span> <span class='ocrx_word' id='word_1_433' title='bbox 1331 4241 1379 4286; x_wconf 86' lang='lat' dir='ltr'><strong>te</strong></span> <span class='ocrx_word' id='word_1_434' title='bbox 1408 4232 1450 4287; x_wconf 83' lang='grc'><strong>⁸.</strong></span> 
     </span>
    </p>
   </div>
   <div class='ocr_carea' id='block_1_58' title="bbox 604 4480 2108 4556">
    <p class='ocr_par' dir='ltr' id='par_1_58' title="bbox 604 4480 2108 4556">
     <span class='ocr_line' id='line_1_58' title="bbox 604 4480 2108 4556; baseline 0.003 -20"><span class='ocrx_word' id='word_1_435' title='bbox 604 4480 789 4537; x_wconf 91' lang='lat' dir='ltr'><strong>Schol.</strong></span> <span class='ocrx_word' id='word_1_436' title='bbox 819 4482 855 4535; x_wconf 86' lang='lat'><strong>2</strong></span> <span class='ocrx_word' id='word_1_437' title='bbox 879 4490 932 4537; x_wconf 89' lang='lat' dir='ltr'><strong>et</strong></span> <span class='ocrx_word' id='word_1_438' title='bbox 962 4480 1052 4537; x_wconf 81' lang='lat'><strong>26.</strong></span> <span class='ocrx_word' id='word_1_439' title='bbox 1097 4481 1219 4537; x_wconf 87' lang='lat' dir='ltr'><strong>Non</strong></span> <span class='ocrx_word' id='word_1_440' title='bbox 1247 4485 1386 4538; x_wconf 85' lang='lat' dir='ltr'><strong>enim</strong></span> <span class='ocrx_word' id='word_1_441' title='bbox 1425 4501 1516 4540; x_wconf 88' lang='lat' dir='ltr'><strong>nos</strong></span> <span class='ocrx_word' id='word_1_442' title='bbox 1550 4485 1688 4556; x_wconf 84' lang='lat' dir='ltr'><strong>ipsos</strong></span> <span class='ocrx_word' id='word_1_443' title='bbox 1721 4487 2074 4555; x_wconf 77' lang='lat' dir='ltr'><strong>prwdicamus</strong></span> <span class='ocrx_word' id='word_1_444' title='bbox 2094 4529 2108 4553; x_wconf 92' lang='lat'><strong>,</strong></span> 
     </span>
    </p>
   </div>
   <div class='ocr_carea' id='block_1_59' title="bbox 530 4577 2110 4650">
    <p class='ocr_par' dir='ltr' id='par_1_59' title="bbox 530 4577 2110 4650">
     <span class='ocr_line' id='line_1_59' title="bbox 530 4577 2110 4650; baseline 0.004 -17"><span class='ocrx_word' id='word_1_445' title='bbox 530 4578 620 4633; x_wconf 81' lang='lat' dir='ltr'><strong>sed</strong></span> <span class='ocrx_word' id='word_1_446' title='bbox 655 4577 923 4633; x_wconf 81' lang='lat' dir='ltr'><strong>Christum</strong></span> <span class='ocrx_word' id='word_1_447' title='bbox 960 4579 1177 4646; x_wconf 84' lang='lat' dir='ltr'><strong>Jesum,</strong></span> <span class='ocrx_word' id='word_1_448' title='bbox 1220 4597 1315 4636; x_wconf 87' lang='lat' dir='ltr'><strong>nos</strong></span> <span class='ocrx_word' id='word_1_449' title='bbox 1352 4582 1492 4650; x_wconf 79' lang='lat' dir='ltr'><strong>ipsos</strong></span> <span class='ocrx_word' id='word_1_450' title='bbox 1531 4599 1649 4637; x_wconf 83' lang='lat' dir='ltr'><strong>vero</strong></span> <span class='ocrx_word' id='word_1_451' title='bbox 1697 4600 1869 4637; x_wconf 83' lang='lat' dir='ltr'><strong>servos</strong></span> <span class='ocrx_word' id='word_1_452' title='bbox 1914 4594 2110 4639; x_wconf 83' lang='lat' dir='ltr'><strong>vestros</strong></span> 
     </span>
    </p>
   </div>
   <div class='ocr_carea' id='block_1_60' title="bbox 530 4669 2113 4740">
    <p class='ocr_par' dir='ltr' id='par_1_60' title="bbox 530 4669 2113 4740">
     <span class='ocr_line' id='line_1_60' title="bbox 530 4669 2113 4740; baseline 0.005 -18"><span class='ocrx_word' id='word_1_453' title='bbox 530 4686 623 4740; x_wconf 85' lang='lat' dir='ltr'><strong>per</strong></span> <span class='ocrx_word' id='word_1_454' title='bbox 657 4669 860 4725; x_wconf 83' lang='lat' dir='ltr'><strong>Jesum.</strong></span> <span class='ocrx_word' id='word_1_455' title='bbox 894 4671 1158 4737; x_wconf 83' lang='lat' dir='ltr'><strong>Quoniam</strong></span> <span class='ocrx_word' id='word_1_456' title='bbox 1196 4671 1334 4727; x_wconf 86' lang='lat' dir='ltr'><strong>Deus</strong></span> <span class='ocrx_word' id='word_1_457' title='bbox 1364 4675 1455 4727; x_wconf 80' lang='lat' dir='ltr'><strong>aui</strong></span> <span class='ocrx_word' id='word_1_458' title='bbox 1491 4675 1626 4729; x_wconf 67' lang='lat' dir='ltr'><strong>dixit</strong></span> <span class='ocrx_word' id='word_1_459' title='bbox 1674 4676 1737 4730; x_wconf 87' lang='lat' dir='ltr'><strong>de</strong></span> <span class='ocrx_word' id='word_1_460' title='bbox 1781 4676 2002 4730; x_wconf 86' lang='lat' dir='ltr'><strong>tenebris</strong></span> <span class='ocrx_word' id='word_1_461' title='bbox 2030 4676 2113 4730; x_wconf 89' lang='lat' dir='ltr'><strong>lu-</strong></span> 
     </span>
    </p>
   </div>
   <div class='ocr_carea' id='block_1_61' title="bbox 532 4763 1095 4830">
    <p class='ocr_par' dir='ltr' id='par_1_61' title="bbox 532 4763 1095 4830">
     <span class='ocr_line' id='line_1_61' title="bbox 532 4763 1095 4830; baseline 0.004 -15"><span class='ocrx_word' id='word_1_462' title='bbox 532 4777 642 4815; x_wconf 85' lang='lat' dir='ltr'><strong>cem</strong></span> <span class='ocrx_word' id='word_1_463' title='bbox 674 4763 1026 4830; x_wconf 81' lang='lat' dir='ltr'><strong>splendescere</strong></span> <span class='ocrx_word' id='word_1_464' title='bbox 1053 4764 1095 4817; x_wconf 74' lang='grc'>⁸.</span> 
     </span>
    </p>
   </div>
   <div class='ocr_carea' id='block_1_62' title="bbox 606 4855 2109 4927">
    <p class='ocr_par' dir='ltr' id='par_1_62' title="bbox 606 4855 2109 4927">
     <span class='ocr_line' id='line_1_62' title="bbox 606 4855 2109 4927; baseline 0.003 -20"><span class='ocrx_word' id='word_1_465' title='bbox 606 4855 787 4909; x_wconf 77' lang='lat' dir='ltr'><strong>Refut.</strong></span> <span class='ocrx_word' id='word_1_466' title='bbox 820 4856 857 4908; x_wconf 85' lang='lat'><strong>2</strong></span> <span class='ocrx_word' id='word_1_467' title='bbox 895 4865 947 4909; x_wconf 88' lang='lat' dir='ltr'><strong>et</strong></span> <span class='ocrx_word' id='word_1_468' title='bbox 979 4857 1069 4912; x_wconf 87' lang='lat'><strong>26.</strong></span> <span class='ocrx_word' id='word_1_469' title='bbox 1104 4855 1223 4912; x_wconf 89' lang='lat' dir='ltr'><strong>Non</strong></span> <span class='ocrx_word' id='word_1_470' title='bbox 1267 4857 1512 4927; x_wconf 89' lang='lat' dir='ltr'><strong>seipsos,</strong></span> <span class='ocrx_word' id='word_1_471' title='bbox 1563 4858 1660 4913; x_wconf 90' lang='lat' dir='ltr'><strong>sed</strong></span> <span class='ocrx_word' id='word_1_472' title='bbox 1707 4857 1892 4914; x_wconf 80' lang='lat' dir='ltr'><strong>Jesum</strong></span> <span class='ocrx_word' id='word_1_473' title='bbox 1945 4859 2109 4914; x_wconf 86' lang='lat' dir='ltr'><strong>Chri—</strong></span> 
     </span>
    </p>
   </div>
   <div class='ocr_carea' id='block_1_63' title="bbox 535 4946 2114 5033">
    <p class='ocr_par' dir='ltr' id='par_1_63' title="bbox 535 4946 2114 5033">
     <span class='ocr_line' id='line_1_63' title="bbox 535 4946 2114 5033; baseline 0.004 -32"><span class='ocrx_word' id='word_1_474' title='bbox 535 4956 679 5001; x_wconf 88' lang='lat' dir='ltr'><strong>stum</strong></span> <span class='ocrx_word' id='word_1_475' title='bbox 710 4946 996 5002; x_wconf 91' lang='lat' dir='ltr'><strong>Dominum</strong></span> <span class='ocrx_word' id='word_1_476' title='bbox 1038 4958 1282 5005; x_wconf 89' lang='lat' dir='ltr'><strong>nostrum</strong></span> <span class='ocrx_word' id='word_1_477' title='bbox 1313 4951 1613 5021; x_wconf 64' lang='lat' dir='ltr'><strong>praedicant</strong></span> <span class='ocrx_word' id='word_1_478' title='bbox 1649 4952 1903 5033; x_wconf 75' lang='lat' dir='ltr'><strong>apostoli.</strong></span> <span class='ocrx_word' id='word_1_479' title='bbox 1935 4954 2114 5018; x_wconf 77' lang='lat' dir='ltr'><strong>Quare</strong></span> 
     </span>
    </p>
   </div>
   <div class='ocr_carea' id='block_1_64' title="bbox 535 5041 2115 5113">
    <p class='ocr_par' dir='ltr' id='par_1_64' title="bbox 535 5041 2115 5113">
     <span class='ocr_line' id='line_1_64' title="bbox 535 5041 2115 5113; baseline 0.003 -22"><span class='ocrx_word' id='word_1_480' title='bbox 535 5054 713 5107; x_wconf 88' lang='lat' dir='ltr'><strong>neque</strong></span> <span class='ocrx_word' id='word_1_481' title='bbox 738 5048 885 5094; x_wconf 88' lang='lat' dir='ltr'><strong>secta</strong></span> <span class='ocrx_word' id='word_1_482' title='bbox 920 5048 1005 5095; x_wconf 88' lang='lat' dir='ltr'><strong>est</strong></span> <span class='ocrx_word' id='word_1_483' title='bbox 1053 5041 1191 5105; x_wconf 87' lang='lat' dir='ltr'><strong>ulla,</strong></span> <span class='ocrx_word' id='word_1_484' title='bbox 1226 5059 1403 5113; x_wconf 86' lang='lat' dir='ltr'><strong>neque</strong></span> <span class='ocrx_word' id='word_1_485' title='bbox 1449 5042 1695 5098; x_wconf 88' lang='lat' dir='ltr'><strong>Ecclesia</strong></span> <span class='ocrx_word' id='word_1_486' title='bbox 1742 5045 2115 5113; x_wconf 89' lang='lat' dir='ltr'><strong>apostolorum</strong></span> 
     </span>
    </p>
   </div>
   <div class='ocr_carea' id='block_1_65' title="bbox 538 5129 2112 5206">
    <p class='ocr_par' dir='ltr' id='par_1_65' title="bbox 538 5129 2112 5206">
     <span class='ocr_line' id='line_1_65' title="bbox 538 5129 2112 5206; baseline 0.003 -23"><span class='ocrx_word' id='word_1_487' title='bbox 538 5129 797 5201; x_wconf 86' lang='lat' dir='ltr'><strong>insignita</strong></span> <span class='ocrx_word' id='word_1_488' title='bbox 839 5134 1076 5195; x_wconf 87' lang='lat' dir='ltr'><strong>nomine.</strong></span> <span class='ocrx_word' id='word_1_489' title='bbox 1116 5133 1225 5190; x_wconf 88' lang='lat' dir='ltr'><strong>Nec</strong></span> <span class='ocrx_word' id='word_1_490' title='bbox 1260 5151 1501 5206; x_wconf 87' lang='lat' dir='ltr'><strong>unquam</strong></span> <span class='ocrx_word' id='word_1_491' title='bbox 1531 5134 1768 5191; x_wconf 80' lang='lat' dir='ltr'><strong>Petraeus</strong></span> <span class='ocrx_word' id='word_1_492' title='bbox 1808 5135 1952 5190; x_wconf 92' lang='lat' dir='ltr'><strong>ullos</strong></span> <span class='ocrx_word' id='word_1_493' title='bbox 1975 5174 1990 5200; x_wconf 90' lang='lat'><strong>,</strong></span> <span class='ocrx_word' id='word_1_494' title='bbox 2018 5143 2112 5187; x_wconf 84' lang='lat' dir='ltr'><strong>aut</strong></span> 
     </span>
    </p>
   </div>
   <div class='ocr_carea' id='block_1_66' title="bbox 538 5221 2114 5289">
    <p class='ocr_par' dir='ltr' id='par_1_66' title="bbox 538 5221 2114 5289">
     <span class='ocr_line' id='line_1_66' title="bbox 538 5221 2114 5289; baseline 0.003 -14"><span class='ocrx_word' id='word_1_495' title='bbox 538 5221 850 5288; x_wconf 88' lang='lat' dir='ltr'><strong>Paulianos,</strong></span> <span class='ocrx_word' id='word_1_496' title='bbox 881 5233 973 5277; x_wconf 90' lang='lat' dir='ltr'><strong>aut</strong></span> <span class='ocrx_word' id='word_1_497' title='bbox 996 5224 1449 5289; x_wconf 69' lang='lat' dir='ltr'><strong>Bartholomaeos,</strong></span> <span class='ocrx_word' id='word_1_498' title='bbox 1476 5234 1569 5281; x_wconf 90' lang='lat' dir='ltr'><strong>aut</strong></span> <span class='ocrx_word' id='word_1_499' title='bbox 1602 5225 1864 5281; x_wconf 74' lang='lat' dir='ltr'><strong>Taddzeos</strong></span> <span class='ocrx_word' id='word_1_500' title='bbox 1901 5224 2114 5280; x_wconf 85' lang='lat' dir='ltr'><strong>audivi-</strong></span> 
     </span>
    </p>
   </div>
   <div class='ocr_carea' id='block_1_67' title="bbox 539 5314 2112 5387">
    <p class='ocr_par' dir='ltr' id='par_1_67' title="bbox 539 5314 2112 5387">
     <span class='ocr_line' id='line_1_67' title="bbox 539 5314 2112 5387; baseline 0.001 -20"><span class='ocrx_word' id='word_1_501' title='bbox 539 5328 691 5377; x_wconf 88' lang='lat' dir='ltr'><strong>mus,</strong></span> <span class='ocrx_word' id='word_1_502' title='bbox 744 5314 838 5369; x_wconf 90' lang='lat' dir='ltr'><strong>sed</strong></span> <span class='ocrx_word' id='word_1_503' title='bbox 891 5330 999 5369; x_wconf 88' lang='lat' dir='ltr'><strong>una</strong></span> <span class='ocrx_word' id='word_1_504' title='bbox 1038 5316 1152 5384; x_wconf 88' lang='lat' dir='ltr'><strong>jam</strong></span> <span class='ocrx_word' id='word_1_505' title='bbox 1209 5325 1323 5373; x_wconf 87' lang='lat' dir='ltr'><strong>tum</strong></span> <span class='ocrx_word' id='word_1_506' title='bbox 1373 5318 1529 5372; x_wconf 90' lang='lat' dir='ltr'><strong>iuitio</strong></span> <span class='ocrx_word' id='word_1_507' title='bbox 1581 5318 1684 5373; x_wconf 84' lang='lat' dir='ltr'><strong>fuit</strong></span> <span class='ocrx_word' id='word_1_508' title='bbox 1743 5318 2112 5387; x_wconf 88' lang='lat' dir='ltr'><strong>apostolorum</strong></span> 
     </span>
    </p>
   </div>
   <div class='ocr_carea' id='block_1_68' title="bbox 539 5405 2114 5479">
    <p class='ocr_par' dir='ltr' id='par_1_68' title="bbox 539 5405 2114 5479">
     <span class='ocr_line' id='line_1_68' title="bbox 539 5405 2114 5479; baseline 0.003 -19"><span class='ocrx_word' id='word_1_509' title='bbox 539 5405 783 5460; x_wconf 78' lang='lat' dir='ltr'><strong>onmium</strong></span> <span class='ocrx_word' id='word_1_510' title='bbox 833 5406 1145 5476; x_wconf 60' lang='lat' dir='ltr'><strong>praedicatio</strong></span> <span class='ocrx_word' id='word_1_511' title='bbox 1179 5425 1191 5461; x_wconf 89' lang='lat'><strong>:</strong></span> <span class='ocrx_word' id='word_1_512' title='bbox 1223 5423 1344 5477; x_wconf 68' lang='lat' dir='ltr'><strong>quae</strong></span> <span class='ocrx_word' id='word_1_513' title='bbox 1374 5424 1483 5462; x_wconf 91' lang='lat' dir='ltr'><strong>non</strong></span> <span class='ocrx_word' id='word_1_514' title='bbox 1524 5410 1786 5479; x_wconf 86' lang='lat' dir='ltr'><strong>ipsosmet</strong></span> <span class='ocrx_word' id='word_1_515' title='bbox 1820 5410 1977 5473; x_wconf 86' lang='lat' dir='ltr'><strong>illos,</strong></span> <span class='ocrx_word' id='word_1_516' title='bbox 2018 5409 2114 5465; x_wconf 88' lang='lat' dir='ltr'><strong>sed</strong></span> 
     </span>
    </p>
   </div>
   <div class='ocr_carea' id='block_1_69' title="bbox 537 5496 2115 5570">
    <p class='ocr_par' dir='ltr' id='par_1_69' title="bbox 537 5496 2115 5570">
     <span class='ocr_line' id='line_1_69' title="bbox 537 5496 2115 5570; baseline 0.006 -20"><span class='ocrx_word' id='word_1_517' title='bbox 537 5497 699 5570; x_wconf 76' lang='lat'><strong>367</strong></span> <span class='ocrx_word' id='word_1_518' title='bbox 745 5496 1035 5553; x_wconf 90' lang='lat' dir='ltr'><strong>Dominum</strong></span> <span class='ocrx_word' id='word_1_519' title='bbox 1081 5497 1269 5557; x_wconf 73' lang='lat' dir='ltr'><strong>Iesum</strong></span> <span class='ocrx_word' id='word_1_520' title='bbox 1302 5499 1575 5556; x_wconf 90' lang='lat' dir='ltr'><strong>Christum</strong></span> <span class='ocrx_word' id='word_1_521' title='bbox 1610 5503 1989 5558; x_wconf 87' lang='lat' dir='ltr'><strong>tantummodo</strong></span> <span class='ocrx_word' id='word_1_522' title='bbox 2026 5518 2115 5559; x_wconf 88' lang='lat' dir='ltr'><strong>ce-</strong></span> 
     </span>
    </p>
   </div>
   <div class='ocr_carea' id='block_1_70' title="bbox 615 5653 1291 5723">
    <p class='ocr_par' dir='ltr' id='par_1_70' title="bbox 615 5653 1291 5723">
     <span class='ocr_line' id='line_1_70' title="bbox 615 5653 1291 5723; baseline 0.009 -16"><span class='ocrx_word' id='word_1_523' title='bbox 615 5655 629 5685; x_wconf 85' lang='grc'>¹</span> <span class='ocrx_word' id='word_1_524' title='bbox 661 5653 1048 5722; x_wconf 64' lang='grc' dir='ltr'>Μιλιιιμχινιι,</span> <span class='ocrx_word' id='word_1_525' title='bbox 1085 5656 1173 5723; x_wconf 78' lang='lat'><strong>52,</strong></span> <span class='ocrx_word' id='word_1_526' title='bbox 1206 5656 1291 5713; x_wconf 79' lang='lat'><strong>55.</strong></span> 
     </span>
    </p>
   </div>
   <div class='ocr_carea' id='block_1_71' title="bbox 1371 5657 2949 5730">
    <p class='ocr_par' dir='ltr' id='par_1_71' title="bbox 1371 5657 2949 5730">
     <span class='ocr_line' id='line_1_71' title="bbox 1371 5657 2949 5730; baseline 0.004 -18"><span class='ocrx_word' id='word_1_527' title='bbox 1371 5660 1390 5690; x_wconf 83' lang='lat'>&#39;</span> <span class='ocrx_word' id='word_1_528' title='bbox 1430 5657 1473 5713; x_wconf 78' lang='lat' dir='ltr'><strong>ll</strong></span> <span class='ocrx_word' id='word_1_529' title='bbox 1502 5657 1627 5717; x_wconf 87' lang='lat' dir='ltr'><strong>Cor.</strong></span> <span class='ocrx_word' id='word_1_530' title='bbox 1664 5659 1817 5727; x_wconf 82' lang='lat'><strong>1,20.</strong></span> <span class='ocrx_word' id='word_1_531' title='bbox 1895 5661 1914 5693; x_wconf 81' lang='grc'><em>³</em></span> <span class='ocrx_word' id='word_1_532' title='bbox 1954 5660 2142 5717; x_wconf 82' lang='lat' dir='ltr'><strong>Matth.</strong></span> <span class='ocrx_word' id='word_1_533' title='bbox 2173 5676 2226 5718; x_wconf 71' lang='grc' dir='ltr'>χι</span> <span class='ocrx_word' id='word_1_534' title='bbox 2280 5660 2369 5715; x_wconf 85' lang='lat'><strong>26.</strong></span> <span class='ocrx_word' id='word_1_535' title='bbox 2446 5661 2468 5695; x_wconf 75' lang='grc' dir='ltr'><strong>δ</strong></span> <span class='ocrx_word' id='word_1_536' title='bbox 2504 5660 2546 5715; x_wconf 87' lang='grc' dir='ltr'><strong>ιι</strong></span> <span class='ocrx_word' id='word_1_537' title='bbox 2616 5662 2741 5716; x_wconf 86' lang='lat' dir='ltr'><strong>Cor.</strong></span> <span class='ocrx_word' id='word_1_538' title='bbox 2781 5677 2864 5730; x_wconf 86' lang='lat' dir='ltr'><strong>nt,</strong></span> <span class='ocrx_word' id='word_1_539' title='bbox 2897 5662 2949 5718; x_wconf 82' lang='lat'><strong>5.</strong></span> 
     </span>
    </p>
   </div>
   <div class='ocr_carea' id='block_1_72' title="bbox 2424 1624 3568 1700">
    <p class='ocr_par' dir='ltr' id='par_1_72' title="bbox 2424 1624 3568 1700">
     <span class='ocr_line' id='line_1_72' title="bbox 2424 1624 3568 1700; baseline 0.007 -21"><span class='ocrx_word' id='word_1_540' title='bbox 2424 1624 2559 1679; x_wconf 78' lang='grc' dir='ltr'><strong>Ἀπὸ</strong></span> <span class='ocrx_word' id='word_1_541' title='bbox 2590 1625 2701 1696; x_wconf 72' lang='grc' dir='ltr'>τῆς</span> <span class='ocrx_word' id='word_1_542' title='bbox 2736 1629 2888 1696; x_wconf 74' lang='grc' dir='ltr'>πρὸς</span> <span class='ocrx_word' id='word_1_543' title='bbox 2918 1629 3269 1697; x_wconf 80' lang='grc' dir='ltr'>Κορινθίους</span> <span class='ocrx_word' id='word_1_544' title='bbox 3299 1631 3568 1700; x_wconf 68' lang='grc' dir='ltr'>δευτέρας.</span> 
     </span>
    </p>
   </div>
   <div class='ocr_carea' id='block_1_73' title="bbox 2284 1735 3679 1817">
    <p class='ocr_par' dir='ltr' id='par_1_73' title="bbox 2284 1735 3679 1817">
     <span class='ocr_line' id='line_1_73' title="bbox 2284 1735 3679 1817; baseline 0.004 -28"><span class='ocrx_word' id='word_1_545' title='bbox 2284 1735 2431 1807; x_wconf 77' lang='grc' dir='ltr'>Λῦτη</span> <span class='ocrx_word' id='word_1_546' title='bbox 2463 1736 2520 1790; x_wconf 80' lang='grc' dir='ltr'>δὲ</span> <span class='ocrx_word' id='word_1_547' title='bbox 2545 1738 2704 1809; x_wconf 79' lang='grc' dir='ltr'>τρίτη</span> <span class='ocrx_word' id='word_1_548' title='bbox 2742 1742 2919 1792; x_wconf 76' lang='grc' dir='ltr'>κεῖται</span> <span class='ocrx_word' id='word_1_549' title='bbox 2950 1740 3103 1812; x_wconf 78' lang='grc' dir='ltr'>παρὰ</span> <span class='ocrx_word' id='word_1_550' title='bbox 3136 1741 3215 1811; x_wconf 82' lang='grc' dir='ltr'><strong>τῷ</strong></span> <span class='ocrx_word' id='word_1_551' title='bbox 3244 1742 3527 1814; x_wconf 70' lang='grc' dir='ltr'>Μαρκίωνι.</span> <span class='ocrx_word' id='word_1_552' title='bbox 3550 1747 3679 1817; x_wconf 64' lang='lat' dir='ltr'><strong>Matr}.</strong></span> 
     </span>
    </p>
   </div>
   <div class='ocr_carea' id='block_1_74' title="bbox 2213 1828 3681 1909">
    <p class='ocr_par' dir='ltr' id='par_1_74' title="bbox 2213 1828 3681 1909">
     <span class='ocr_line' id='line_1_74' title="bbox 2213 1828 3681 1909; baseline 0.007 -28"><span class='ocrx_word' id='word_1_553' title='bbox 2213 1828 2498 1899; x_wconf 83' lang='grc' dir='ltr'>λαγμένως</span> <span class='ocrx_word' id='word_1_554' title='bbox 2526 1829 2603 1894; x_wconf 87' lang='grc' dir='ltr'>δὲ,</span> <span class='ocrx_word' id='word_1_555' title='bbox 2631 1831 2722 1885; x_wconf 76' lang='grc' dir='ltr'>διὰ</span> <span class='ocrx_word' id='word_1_556' title='bbox 2746 1832 2807 1884; x_wconf 84' lang='grc' dir='ltr'><strong>τὸ</strong></span> <span class='ocrx_word' id='word_1_557' title='bbox 2837 1832 3060 1903; x_wconf 77' lang='grc' dir='ltr'>πρώτην</span> <span class='ocrx_word' id='word_1_558' title='bbox 3088 1834 3220 1905; x_wconf 84' lang='grc' dir='ltr'>παρ’</span> <span class='ocrx_word' id='word_1_559' title='bbox 3243 1836 3392 1905; x_wconf 69' lang='grc' dir='ltr'>αὐτῷ</span> <span class='ocrx_word' id='word_1_560' title='bbox 3416 1838 3681 1909; x_wconf 57' lang='grc' dir='ltr'>τετάχθαιτὴ.</span> 
     </span>
    </p>
   </div>
   <div class='ocr_carea' id='block_1_75' title="bbox 2216 1921 2649 1992">
    <p class='ocr_par' dir='ltr' id='par_1_75' title="bbox 2216 1921 2649 1992">
     <span class='ocr_line' id='line_1_75' title="bbox 2216 1921 2649 1992; baseline 0.005 -19"><span class='ocrx_word' id='word_1_561' title='bbox 2216 1921 2353 1992; x_wconf 83' lang='grc' dir='ltr'>πρὸς</span> <span class='ocrx_word' id='word_1_562' title='bbox 2383 1921 2649 1986; x_wconf 82' lang='grc' dir='ltr'>Γαλάτας.</span> 
     </span>
    </p>
   </div>
   <div class='ocr_carea' id='block_1_76' title="bbox 2281 2016 3677 2091">
    <p class='ocr_par' dir='ltr' id='par_1_76' title="bbox 2281 2016 3677 2091">
     <span class='ocr_line' id='line_1_76' title="bbox 2281 2016 3677 2091; baseline 0.002 -23"><span class='ocrx_word' id='word_1_563' title='bbox 2281 2022 2330 2067; x_wconf 80' lang='grc' dir='ltr'>α’</span> <span class='ocrx_word' id='word_1_564' title='bbox 2361 2016 2455 2069; x_wconf 73' lang='grc' dir='ltr'><strong>καὶ</strong></span> <span class='ocrx_word' id='word_1_565' title='bbox 2496 2023 2575 2069; x_wconf 83' lang='grc' dir='ltr'>κε’</span> <span class='ocrx_word' id='word_1_566' title='bbox 2609 2016 2755 2087; x_wconf 83' lang='grc' dir='ltr'>σχόλ.</span> <span class='ocrx_word' id='word_1_567' title='bbox 2792 2017 2989 2072; x_wconf 80' lang='grc' dir='ltr'>Πᾶσαι</span> <span class='ocrx_word' id='word_1_568' title='bbox 3024 2020 3138 2089; x_wconf 75' lang='grc' dir='ltr'>γὰρ</span> <span class='ocrx_word' id='word_1_569' title='bbox 3172 2023 3231 2074; x_wconf 81' lang='grc' dir='ltr'>αἱ</span> <span class='ocrx_word' id='word_1_570' title='bbox 3265 2022 3575 2091; x_wconf 62' lang='grc' dir='ltr'>ἐπαγγελίαι</span> <span class='ocrx_word' id='word_1_571' title='bbox 3598 2031 3677 2080; x_wconf 42' lang='lat' dir='ltr'><strong>ea:</strong></span> 
     </span>
    </p>
   </div>
   <div class='ocr_carea' id='block_1_77' title="bbox 2210 2105 3679 2186">
    <p class='ocr_par' dir='ltr' id='par_1_77' title="bbox 2210 2105 3679 2186">
     <span class='ocr_line' id='line_1_77' title="bbox 2210 2105 3679 2186; baseline 0.007 -25"><span class='ocrx_word' id='word_1_572' title='bbox 2210 2107 2281 2161; x_wconf 80' lang='grc' dir='ltr'><em>ἐν</em></span> <span class='ocrx_word' id='word_1_573' title='bbox 2323 2105 2482 2171; x_wconf 80' lang='grc' dir='ltr'>αὐτῷ</span> <span class='ocrx_word' id='word_1_574' title='bbox 2511 2108 2577 2165; x_wconf 84' lang='grc' dir='ltr'>τὸ</span> <span class='ocrx_word' id='word_1_575' title='bbox 2609 2109 2710 2163; x_wconf 81' lang='grc' dir='ltr'><strong>ναι</strong></span> <span class='ocrx_word' id='word_1_576' title='bbox 2741 2126 2753 2142; x_wconf 89' lang='grc'><strong>·</strong></span> <span class='ocrx_word' id='word_1_577' title='bbox 2788 2109 2878 2163; x_wconf 80' lang='grc' dir='ltr'>διὸ</span> <span class='ocrx_word' id='word_1_578' title='bbox 2917 2111 3014 2164; x_wconf 77' lang='grc' dir='ltr'><strong>καί</strong></span> <span class='ocrx_word' id='word_1_579' title='bbox 3053 2112 3129 2165; x_wconf 81' lang='grc' dir='ltr'>δι’</span> <span class='ocrx_word' id='word_1_580' title='bbox 3154 2113 3341 2168; x_wconf 82' lang='grc' dir='ltr'>αὑτοῦ</span> <span class='ocrx_word' id='word_1_581' title='bbox 3383 2114 3445 2167; x_wconf 80' lang='grc' dir='ltr'>τὸ</span> <span class='ocrx_word' id='word_1_582' title='bbox 3485 2116 3679 2186; x_wconf 69' lang='grc' dir='ltr'><strong>Ἀμὴνιῲ</strong></span> 
     </span>
    </p>
   </div>
   <div class='ocr_carea' id='block_1_78' title="bbox 2214 2196 2355 2262">
    <p class='ocr_par' dir='ltr' id='par_1_78' title="bbox 2214 2196 2355 2262">
     <span class='ocr_line' id='line_1_78' title="bbox 2214 2196 2355 2262; baseline -0.007 -12"><span class='ocrx_word' id='word_1_583' title='bbox 2214 2196 2355 2262; x_wconf 83' lang='grc' dir='ltr'>Θεῷ.</span> 
     </span>
    </p>
   </div>
   <div class='ocr_carea' id='block_1_79' title="bbox 2284 2286 3674 2365">
    <p class='ocr_par' dir='ltr' id='par_1_79' title="bbox 2284 2286 3674 2365">
     <span class='ocr_line' id='line_1_79' title="bbox 2284 2286 3674 2365; baseline 0.004 -21"><span class='ocrx_word' id='word_1_584' title='bbox 2284 2294 2331 2344; x_wconf 83' lang='grc' dir='ltr'>α’</span> <span class='ocrx_word' id='word_1_585' title='bbox 2364 2288 2458 2341; x_wconf 71' lang='grc' dir='ltr'><strong>καὶ</strong></span> <span class='ocrx_word' id='word_1_586' title='bbox 2496 2286 2577 2341; x_wconf 80' lang='grc' dir='ltr'>κε’</span> <span class='ocrx_word' id='word_1_587' title='bbox 2616 2288 2798 2360; x_wconf 79' lang='grc' dir='ltr'>ἔλεγχ.</span> <span class='ocrx_word' id='word_1_588' title='bbox 2848 2290 3121 2356; x_wconf 82' lang='grc' dir='ltr'>Διάνοιξον</span> <span class='ocrx_word' id='word_1_589' title='bbox 3167 2292 3295 2357; x_wconf 74' lang='grc' dir='ltr'>τοὺς</span> <span class='ocrx_word' id='word_1_590' title='bbox 3329 2309 3597 2365; x_wconf 69' lang='grc' dir='ltr'>οφοαλμους</span> <span class='ocrx_word' id='word_1_591' title='bbox 3630 2316 3674 2349; x_wconf 64' lang='grc' dir='ltr'><strong>ιιι</strong></span> 
     </span>
    </p>
   </div>
   <div class='ocr_carea' id='block_1_80' title="bbox 2213 2375 3679 2452">
    <p class='ocr_par' dir='ltr' id='par_1_80' title="bbox 2213 2375 3679 2452">
     <span class='ocr_line' id='line_1_80' title="bbox 2213 2375 3679 2452; baseline 0.005 -18"><span class='ocrx_word' id='word_1_592' title='bbox 2213 2381 2308 2435; x_wconf 74' lang='grc' dir='ltr'><strong>καὶ</strong></span> <span class='ocrx_word' id='word_1_593' title='bbox 2358 2380 2582 2451; x_wconf 82' lang='grc' dir='ltr'>σώθητι,</span> <span class='ocrx_word' id='word_1_594' title='bbox 2617 2375 2662 2435; x_wconf 82' lang='grc' dir='ltr'>ὦ</span> <span class='ocrx_word' id='word_1_595' title='bbox 2692 2383 2981 2452; x_wconf 85' lang='grc' dir='ltr'>Μαρκίων.</span> <span class='ocrx_word' id='word_1_596' title='bbox 3024 2384 3086 2437; x_wconf 77' lang='lat' dir='ltr'><strong>Et</strong></span> <span class='ocrx_word' id='word_1_597' title='bbox 3147 2384 3205 2437; x_wconf 83' lang='grc' dir='ltr'><strong>δὲ</strong></span> <span class='ocrx_word' id='word_1_598' title='bbox 3240 2388 3305 2440; x_wconf 86' lang='grc' dir='ltr'><strong>σὺ</strong></span> <span class='ocrx_word' id='word_1_599' title='bbox 3350 2388 3512 2441; x_wconf 74' lang='grc' dir='ltr'>οὐκέτι</span> <span class='ocrx_word' id='word_1_600' title='bbox 3541 2390 3679 2442; x_wconf 63' lang='lat' dir='ltr'><strong>6m.</strong></span> 
     </span>
    </p>
   </div>
   <div class='ocr_carea' id='block_1_81' title="bbox 2215 2472 3680 2549">
    <p class='ocr_par' dir='ltr' id='par_1_81' title="bbox 2215 2472 3680 2549">
     <span class='ocr_line' id='line_1_81' title="bbox 2215 2472 3680 2549; baseline 0.005 -24"><span class='ocrx_word' id='word_1_601' title='bbox 2215 2472 2630 2543; x_wconf 81' lang='grc' dir='ltr'>(τετελεύτηκας</span> <span class='ocrx_word' id='word_1_602' title='bbox 2662 2473 2816 2545; x_wconf 85' lang='grc' dir='ltr'>γὰρ),</span> <span class='ocrx_word' id='word_1_603' title='bbox 2848 2477 2896 2528; x_wconf 77' lang='lat' dir='ltr'><strong>oi</strong></span> <span class='ocrx_word' id='word_1_604' title='bbox 2921 2475 3027 2528; x_wconf 83' lang='grc' dir='ltr'><strong>ἀπὸ</strong></span> <span class='ocrx_word' id='word_1_605' title='bbox 3052 2476 3148 2530; x_wconf 88' lang='grc' dir='ltr'><strong>σοῦ</strong></span> <span class='ocrx_word' id='word_1_606' title='bbox 3183 2478 3527 2549; x_wconf 63' lang='grc' dir='ltr'>ἀπατηθέντος</span> <span class='ocrx_word' id='word_1_607' title='bbox 3548 2482 3680 2544; x_wconf 64' lang='grc' dir='ltr'>ἀνοιξά-</span> 
     </span>
    </p>
   </div>
   <div class='ocr_carea' id='block_1_82' title="bbox 2212 2564 3675 2639">
    <p class='ocr_par' dir='ltr' id='par_1_82' title="bbox 2212 2564 3675 2639">
     <span class='ocr_line' id='line_1_82' title="bbox 2212 2564 3675 2639; baseline 0.003 -22"><span class='ocrx_word' id='word_1_608' title='bbox 2212 2582 2390 2618; x_wconf 83' lang='grc' dir='ltr'>τωσαν</span> <span class='ocrx_word' id='word_1_609' title='bbox 2416 2566 2542 2629; x_wconf 83' lang='grc' dir='ltr'>τοὺς</span> <span class='ocrx_word' id='word_1_610' title='bbox 2576 2564 2886 2636; x_wconf 76' lang='grc' dir='ltr'>ὀφθαλμοὺς</span> <span class='ocrx_word' id='word_1_611' title='bbox 2918 2568 3099 2620; x_wconf 82' lang='grc' dir='ltr'>αὐτῶν</span> <span class='ocrx_word' id='word_1_612' title='bbox 3125 2608 3142 2633; x_wconf 83' lang='grc'>,</span> <span class='ocrx_word' id='word_1_613' title='bbox 3175 2570 3269 2621; x_wconf 76' lang='grc' dir='ltr'>καὶ</span> <span class='ocrx_word' id='word_1_614' title='bbox 3314 2571 3587 2639; x_wconf 69' lang='grc' dir='ltr'>φυγέτωσσν</span> <span class='ocrx_word' id='word_1_615' title='bbox 3618 2575 3675 2624; x_wconf 68' lang='grc' dir='ltr'>ἁτε.</span> 
     </span>
    </p>
   </div>
   <div class='ocr_carea' id='block_1_83' title="bbox 2215 2654 3678 2731">
    <p class='ocr_par' dir='ltr' id='par_1_83' title="bbox 2215 2654 3678 2731">
     <span class='ocr_line' id='line_1_83' title="bbox 2215 2654 3678 2731; baseline 0.003 -23"><span class='ocrx_word' id='word_1_616' title='bbox 2215 2654 2311 2709; x_wconf 88' lang='grc' dir='ltr'><strong>σοῦ</strong></span> <span class='ocrx_word' id='word_1_617' title='bbox 2336 2696 2351 2720; x_wconf 88' lang='grc'><em>,</em></span> <span class='ocrx_word' id='word_1_618' title='bbox 2382 2656 2457 2719; x_wconf 86' lang='grc' dir='ltr'>ὡς</span> <span class='ocrx_word' id='word_1_619' title='bbox 2491 2655 2601 2709; x_wconf 84' lang='grc' dir='ltr'>ἀπὸ</span> <span class='ocrx_word' id='word_1_620' title='bbox 2630 2656 2859 2727; x_wconf 78' lang='grc' dir='ltr'>ἑρπετοῦ</span> <span class='ocrx_word' id='word_1_621' title='bbox 2888 2658 3081 2722; x_wconf 84' lang='grc' dir='ltr'>δεινοῦ,</span> <span class='ocrx_word' id='word_1_622' title='bbox 3118 2660 3214 2713; x_wconf 76' lang='grc' dir='ltr'>καὶ</span> <span class='ocrx_word' id='word_1_623' title='bbox 3241 2660 3589 2731; x_wconf 66' lang='grc' dir='ltr'>λυμαινομένου</span> <span class='ocrx_word' id='word_1_624' title='bbox 3610 2666 3678 2723; x_wconf 62' lang='grc' dir='ltr'>τοὶς</span> 
     </span>
    </p>
   </div>
   <div class='ocr_carea' id='block_1_84' title="bbox 2213 2746 3675 2818">
    <p class='ocr_par' dir='ltr' id='par_1_84' title="bbox 2213 2746 3675 2818">
     <span class='ocr_line' id='line_1_84' title="bbox 2213 2746 3675 2818; baseline 0 -18"><span class='ocrx_word' id='word_1_625' title='bbox 2213 2746 2552 2816; x_wconf 76' lang='grc' dir='ltr'>ὲγγίζοντας.</span> <span class='ocrx_word' id='word_1_626' title='bbox 2590 2747 2653 2799; x_wconf 78' lang='lat' dir='ltr'><strong>Et</strong></span> <span class='ocrx_word' id='word_1_627' title='bbox 2680 2746 2790 2816; x_wconf 81' lang='grc' dir='ltr'>γὰρ</span> <span class='ocrx_word' id='word_1_628' title='bbox 2828 2746 2969 2801; x_wconf 84' lang='grc' dir='ltr'>ὅσαι</span> <span class='ocrx_word' id='word_1_629' title='bbox 3003 2748 3351 2818; x_wconf 69' lang='grc' dir='ltr'><strong>ἐπαγγελίαι</strong></span> <span class='ocrx_word' id='word_1_630' title='bbox 3383 2751 3539 2813; x_wconf 78' lang='grc' dir='ltr'>Θεοῦ,</span> <span class='ocrx_word' id='word_1_631' title='bbox 3570 2751 3608 2800; x_wconf 72' lang='grc' dir='ltr'>ἐν</span> <span class='ocrx_word' id='word_1_632' title='bbox 3628 2754 3675 2801; x_wconf 61' lang='grc' dir='ltr'><strong>τι·</strong></span> 
     </span>
    </p>
   </div>
   <div class='ocr_carea' id='block_1_85' title="bbox 2212 2836 3675 2909">
    <p class='ocr_par' dir='ltr' id='par_1_85' title="bbox 2212 2836 3675 2909">
     <span class='ocr_line' id='line_1_85' title="bbox 2212 2836 3675 2909; baseline 0.001 -18"><span class='ocrx_word' id='word_1_633' title='bbox 2212 2837 2293 2909; x_wconf 82' lang='grc' dir='ltr'>τῷ</span> <span class='ocrx_word' id='word_1_634' title='bbox 2336 2838 2398 2891; x_wconf 81' lang='grc' dir='ltr'><strong>τὸ</strong></span> <span class='ocrx_word' id='word_1_635' title='bbox 2426 2838 2517 2891; x_wconf 80' lang='grc' dir='ltr'><strong>ναὶ</strong></span> <span class='ocrx_word' id='word_1_636' title='bbox 2542 2878 2555 2902; x_wconf 93' lang='grc'><strong>,</strong></span> <span class='ocrx_word' id='word_1_637' title='bbox 2601 2839 2935 2907; x_wconf 80' lang='grc' dir='ltr'><strong>ἐπαγγελίας</strong></span> <span class='ocrx_word' id='word_1_638' title='bbox 2967 2839 3024 2893; x_wconf 79' lang='grc' dir='ltr'>δὲ</span> <span class='ocrx_word' id='word_1_639' title='bbox 3061 2840 3197 2894; x_wconf 84' lang='grc' dir='ltr'>Θεοῦ</span> <span class='ocrx_word' id='word_1_640' title='bbox 3229 2836 3365 2895; x_wconf 81' lang='grc' dir='ltr'>οἶδεν</span> <span class='ocrx_word' id='word_1_641' title='bbox 3390 2845 3417 2895; x_wconf 85' lang='grc' dir='ltr'><strong>ὀ</strong></span> <span class='ocrx_word' id='word_1_642' title='bbox 3464 2841 3675 2901; x_wconf 58' lang='lat' dir='ltr'><strong>use-.m-</strong></span> 
     </span>
    </p>
   </div>
   <div class='ocr_carea' id='block_1_86' title="bbox 2214 2930 3673 3004">
    <p class='ocr_par' dir='ltr' id='par_1_86' title="bbox 2214 2930 3673 3004">
     <span class='ocr_line' id='line_1_86' title="bbox 2214 2930 3673 3004; baseline 0 -20"><span class='ocrx_word' id='word_1_643' title='bbox 2214 2931 2302 2984; x_wconf 74' lang='grc' dir='ltr'><strong>διὰ</strong></span> <span class='ocrx_word' id='word_1_644' title='bbox 2334 2930 2427 2984; x_wconf 83' lang='grc' dir='ltr'><strong>τοῦ</strong></span> <span class='ocrx_word' id='word_1_645' title='bbox 2453 2930 2620 2999; x_wconf 86' lang='grc' dir='ltr'>νόμου</span> <span class='ocrx_word' id='word_1_646' title='bbox 2651 2930 2742 2983; x_wconf 75' lang='grc' dir='ltr'><strong>καὶ</strong></span> <span class='ocrx_word' id='word_1_647' title='bbox 2772 2930 2879 2983; x_wconf 80' lang='grc' dir='ltr'><strong>τῶν</strong></span> <span class='ocrx_word' id='word_1_648' title='bbox 2906 2932 3202 3001; x_wconf 68' lang='grc' dir='ltr'>προφητῶν</span> <span class='ocrx_word' id='word_1_649' title='bbox 3222 2949 3236 2962; x_wconf 75' lang='grc' dir='ltr'><strong>ο</strong></span> <span class='ocrx_word' id='word_1_650' title='bbox 3261 2934 3364 3004; x_wconf 76' lang='grc' dir='ltr'>ἄρα</span> <span class='ocrx_word' id='word_1_651' title='bbox 3389 2950 3446 3002; x_wconf 86' lang='grc' dir='ltr'><strong>γε</strong></span> <span class='ocrx_word' id='word_1_652' title='bbox 3472 2934 3522 2985; x_wconf 80' lang='grc' dir='ltr'>ἐν</span> <span class='ocrx_word' id='word_1_653' title='bbox 3540 2932 3673 3003; x_wconf 54' lang='lat' dir='ltr'><strong>Xpm}</strong></span> 
     </span>
    </p>
   </div>
   <div class='ocr_carea' id='block_1_87' title="bbox 2220 3019 3671 3093">
    <p class='ocr_par' dir='ltr' id='par_1_87' title="bbox 2220 3019 3671 3093">
     <span class='ocr_line' id='line_1_87' title="bbox 2220 3019 3671 3093; baseline -0.001 -20"><span class='ocrx_word' id='word_1_654' title='bbox 2220 3020 2282 3073; x_wconf 73' lang='grc' dir='ltr'>τὸ</span> <span class='ocrx_word' id='word_1_655' title='bbox 2312 3021 2401 3074; x_wconf 72' lang='grc' dir='ltr'><strong>ναὶ</strong></span> <span class='ocrx_word' id='word_1_656' title='bbox 2431 3021 2540 3073; x_wconf 84' lang='grc' dir='ltr'><strong>τῶν</strong></span> <span class='ocrx_word' id='word_1_657' title='bbox 2574 3019 2917 3089; x_wconf 78' lang='grc' dir='ltr'>ἐπαγγελιῶν</span> <span class='ocrx_word' id='word_1_658' title='bbox 2944 3021 3037 3075; x_wconf 80' lang='grc' dir='ltr'><strong>τοῦ</strong></span> <span class='ocrx_word' id='word_1_659' title='bbox 3069 3021 3425 3093; x_wconf 79' lang='grc' dir='ltr'>πληρώματος</span> <span class='ocrx_word' id='word_1_660' title='bbox 3450 3022 3671 3076; x_wconf 69' lang='grc' dir='ltr'>ὲὸεὸαιοῦτς.</span> 
     </span>
    </p>
   </div>
   <div class='ocr_carea' id='block_1_88' title="bbox 2222 3110 3672 3186">
    <p class='ocr_par' dir='ltr' id='par_1_88' title="bbox 2222 3110 3672 3186">
     <span class='ocr_line' id='line_1_88' title="bbox 2222 3110 3672 3186; baseline -0.001 -20"><span class='ocrx_word' id='word_1_661' title='bbox 2222 3112 2335 3166; x_wconf 79' lang='grc' dir='ltr'>Οὐκ</span> <span class='ocrx_word' id='word_1_662' title='bbox 2368 3111 2645 3183; x_wconf 84' lang='grc' dir='ltr'>ἀλλότριος</span> <span class='ocrx_word' id='word_1_663' title='bbox 2678 3110 2771 3166; x_wconf 76' lang='grc' dir='ltr'><strong>οὖν</strong></span> <span class='ocrx_word' id='word_1_664' title='bbox 2798 3114 2826 3165; x_wconf 82' lang='grc' dir='ltr'>ὁ</span> <span class='ocrx_word' id='word_1_665' title='bbox 2853 3114 3088 3184; x_wconf 81' lang='grc' dir='ltr'>Χριστὸς</span> <span class='ocrx_word' id='word_1_666' title='bbox 3126 3116 3221 3169; x_wconf 86' lang='grc' dir='ltr'><strong>τοῦ</strong></span> <span class='ocrx_word' id='word_1_667' title='bbox 3251 3115 3465 3170; x_wconf 78' lang='grc' dir='ltr'>παλαιοῦ</span> <span class='ocrx_word' id='word_1_668' title='bbox 3486 3116 3605 3186; x_wconf 75' lang='grc' dir='ltr'><strong>νόμω</strong></span> <span class='ocrx_word' id='word_1_669' title='bbox 3623 3124 3672 3165; x_wconf 69' lang='grc' dir='ltr'>ιςὶ</span> 
     </span>
    </p>
   </div>
   <div class='ocr_carea' id='block_1_89' title="bbox 2220 3204 3672 3279">
    <p class='ocr_par' dir='ltr' id='par_1_89' title="bbox 2220 3204 3672 3279">
     <span class='ocr_line' id='line_1_89' title="bbox 2220 3204 3672 3279; baseline -0.001 -23"><span class='ocrx_word' id='word_1_670' title='bbox 2220 3204 2328 3256; x_wconf 85' lang='grc' dir='ltr'><strong>τῶν</strong></span> <span class='ocrx_word' id='word_1_671' title='bbox 2361 3204 2683 3276; x_wconf 68' lang='grc' dir='ltr'>προφητῶν,</span> <span class='ocrx_word' id='word_1_672' title='bbox 2711 3204 2831 3257; x_wconf 77' lang='grc' dir='ltr'>οὐδὲ</span> <span class='ocrx_word' id='word_1_673' title='bbox 2868 3205 2965 3258; x_wconf 88' lang='grc' dir='ltr'><strong>τοῦ</strong></span> <span class='ocrx_word' id='word_1_674' title='bbox 2999 3206 3134 3259; x_wconf 79' lang='grc' dir='ltr'>Θεοῦ</span> <span class='ocrx_word' id='word_1_675' title='bbox 3157 3205 3251 3261; x_wconf 83' lang='grc' dir='ltr'><strong>τοῦ</strong></span> <span class='ocrx_word' id='word_1_676' title='bbox 3280 3207 3672 3279; x_wconf 54' lang='grc' dir='ltr'>λαλήσαντοςὲντξλ</span> 
     </span>
    </p>
   </div>
   <div class='ocr_carea' id='block_1_90' title="bbox 2220 3295 3670 3369">
    <p class='ocr_par' dir='ltr' id='par_1_90' title="bbox 2220 3295 3670 3369">
     <span class='ocr_line' id='line_1_90' title="bbox 2220 3295 3670 3369; baseline 0.001 -22"><span class='ocrx_word' id='word_1_677' title='bbox 2220 3296 2368 3365; x_wconf 85' lang='grc' dir='ltr'><strong>νόμῳ</strong></span> <span class='ocrx_word' id='word_1_678' title='bbox 2388 3334 2401 3357; x_wconf 93' lang='grc'><em>,</em></span> <span class='ocrx_word' id='word_1_679' title='bbox 2436 3296 2527 3348; x_wconf 77' lang='grc' dir='ltr'><strong>καὶ</strong></span> <span class='ocrx_word' id='word_1_680' title='bbox 2557 3298 2611 3348; x_wconf 81' lang='grc' dir='ltr'>ὲν</span> <span class='ocrx_word' id='word_1_681' title='bbox 2644 3295 2866 3366; x_wconf 83' lang='grc' dir='ltr'>Χριστῷ</span> <span class='ocrx_word' id='word_1_682' title='bbox 2893 3296 2989 3360; x_wconf 78' lang='grc' dir='ltr'>τὰς</span> <span class='ocrx_word' id='word_1_683' title='bbox 3020 3298 3191 3352; x_wconf 81' lang='grc' dir='ltr'>αὑτοῦ</span> <span class='ocrx_word' id='word_1_684' title='bbox 3222 3300 3518 3369; x_wconf 69' lang='grc' dir='ltr'>ἐπαγγελίας</span> <span class='ocrx_word' id='word_1_685' title='bbox 3543 3301 3670 3363; x_wconf 53' lang='lat' dir='ltr'><strong>ceris-</strong></span> 
     </span>
    </p>
   </div>
   <div class='ocr_carea' id='block_1_91' title="bbox 2222 3385 3670 3461">
    <p class='ocr_par' dir='ltr' id='par_1_91' title="bbox 2222 3385 3670 3461">
     <span class='ocr_line' id='line_1_91' title="bbox 2222 3385 3670 3461; baseline 0.009 -25"><span class='ocrx_word' id='word_1_686' title='bbox 2222 3385 2478 3455; x_wconf 84' lang='grc' dir='ltr'>ρωκότος.</span> <span class='ocrx_word' id='word_1_687' title='bbox 2543 3385 2681 3439; x_wconf 79' lang='grc' dir='ltr'>Ἀλλ’</span> <span class='ocrx_word' id='word_1_688' title='bbox 2727 3387 2847 3440; x_wconf 73' lang='grc' dir='ltr'>οὐδὲ</span> <span class='ocrx_word' id='word_1_689' title='bbox 2900 3388 3176 3451; x_wconf 85' lang='grc' dir='ltr'>ἁντίθετος</span> <span class='ocrx_word' id='word_1_690' title='bbox 3230 3390 3257 3441; x_wconf 81' lang='grc' dir='ltr'>ὁ</span> <span class='ocrx_word' id='word_1_691' title='bbox 3292 3390 3502 3461; x_wconf 80' lang='grc' dir='ltr'>Χριστὸς</span> 
     </span>
    </p>
   </div>
   <div class='ocr_carea' id='block_1_92' title="bbox 2217 3476 3668 3553">
    <p class='ocr_par' dir='ltr' id='par_1_92' title="bbox 2217 3476 3668 3553">
     <span class='ocr_line' id='line_1_92' title="bbox 2217 3476 3668 3553; baseline 0 -24"><span class='ocrx_word' id='word_1_692' title='bbox 2217 3476 2295 3547; x_wconf 77' lang='grc' dir='ltr'><strong>τῷ</strong></span> <span class='ocrx_word' id='word_1_693' title='bbox 2322 3478 2571 3531; x_wconf 71' lang='grc' dir='ltr'>δεδωκότι</span> <span class='ocrx_word' id='word_1_694' title='bbox 2599 3478 2760 3549; x_wconf 83' lang='grc' dir='ltr'>νόμον</span> <span class='ocrx_word' id='word_1_695' title='bbox 2786 3480 2878 3532; x_wconf 69' lang='grc' dir='ltr'><strong>καὶ</strong></span> <span class='ocrx_word' id='word_1_696' title='bbox 2910 3482 3218 3553; x_wconf 80' lang='grc' dir='ltr'>προφήτας.</span> <span class='ocrx_word' id='word_1_697' title='bbox 3250 3482 3346 3536; x_wconf 83' lang='grc' dir='ltr'><strong>Διὰ</strong></span> <span class='ocrx_word' id='word_1_698' title='bbox 3373 3483 3469 3552; x_wconf 84' lang='grc' dir='ltr'>γὰρ</span> <span class='ocrx_word' id='word_1_699' title='bbox 3495 3480 3543 3534; x_wconf 77' lang='grc' dir='ltr'>τὸ</span> <span class='ocrx_word' id='word_1_700' title='bbox 3563 3482 3668 3531; x_wconf 67' lang='grc' dir='ltr'>ἐνιζ-</span> 
     </span>
    </p>
   </div>
   <div class='ocr_carea' id='block_1_93' title="bbox 2215 3570 3667 3645">
    <p class='ocr_par' dir='ltr' id='par_1_93' title="bbox 2215 3570 3667 3645">
     <span class='ocr_line' id='line_1_93' title="bbox 2215 3570 3667 3645; baseline -0.001 -22"><span class='ocrx_word' id='word_1_701' title='bbox 2215 3570 2295 3642; x_wconf 79' lang='grc' dir='ltr'>τῷ</span> <span class='ocrx_word' id='word_1_702' title='bbox 2331 3571 2429 3635; x_wconf 73' lang='grc' dir='ltr'>τὰς</span> <span class='ocrx_word' id='word_1_703' title='bbox 2456 3572 2886 3641; x_wconf 79' lang='grc' dir='ltr'>ἐπαγγελθείσας</span> <span class='ocrx_word' id='word_1_704' title='bbox 2916 3574 3239 3644; x_wconf 81' lang='grc' dir='ltr'>ὑποσχέσεις</span> <span class='ocrx_word' id='word_1_705' title='bbox 3275 3573 3465 3645; x_wconf 74' lang='grc' dir='ltr'>(εἶναι)</span> <span class='ocrx_word' id='word_1_706' title='bbox 3501 3572 3667 3642; x_wconf 48' lang='grc' dir='ltr'>γίνεται</span> 
     </span>
    </p>
   </div>
   <div class='ocr_carea' id='block_1_94' title="bbox 2215 3659 3666 3735">
    <p class='ocr_par' dir='ltr' id='par_1_94' title="bbox 2215 3659 3666 3735">
     <span class='ocr_line' id='line_1_94' title="bbox 2215 3659 3666 3735; baseline -0.003 -17"><span class='ocrx_word' id='word_1_707' title='bbox 2215 3664 2303 3718; x_wconf 76' lang='grc' dir='ltr'>διὰ</span> <span class='ocrx_word' id='word_1_708' title='bbox 2336 3663 2492 3716; x_wconf 86' lang='grc' dir='ltr'>τοῦτό</span> <span class='ocrx_word' id='word_1_709' title='bbox 2517 3681 2677 3733; x_wconf 65' lang='grc' dir='ltr'>φησι*</span> <span class='ocrx_word' id='word_1_710' title='bbox 2714 3663 2824 3717; x_wconf 81' lang='grc' dir='ltr'><strong>Καὶ</strong></span> <span class='ocrx_word' id='word_1_711' title='bbox 2852 3663 2927 3717; x_wconf 78' lang='grc' dir='ltr'>δι’</span> <span class='ocrx_word' id='word_1_712' title='bbox 2957 3665 3145 3719; x_wconf 85' lang='grc' dir='ltr'>αὑτοῦ</span> <span class='ocrx_word' id='word_1_713' title='bbox 3192 3665 3258 3718; x_wconf 87' lang='grc' dir='ltr'>τὸ</span> <span class='ocrx_word' id='word_1_714' title='bbox 3301 3664 3464 3735; x_wconf 76' lang='grc' dir='ltr'><strong>Ἀμὴν</strong></span> <span class='ocrx_word' id='word_1_715' title='bbox 3492 3662 3551 3727; x_wconf 77' lang='grc' dir='ltr'>τῷ</span> 
     </span>
    </p>
   </div>
   <div class='ocr_carea' id='block_1_95' title="bbox 2216 3749 3666 3829">
    <p class='ocr_par' dir='ltr' id='par_1_95' title="bbox 2216 3749 3666 3829">
     <span class='ocr_line' id='line_1_95' title="bbox 2216 3749 3666 3829; baseline -0.002 -21"><span class='ocrx_word' id='word_1_716' title='bbox 2216 3757 2350 3809; x_wconf 84' lang='grc' dir='ltr'>Θεοῦ</span> <span class='ocrx_word' id='word_1_717' title='bbox 2403 3756 2503 3827; x_wconf 85' lang='grc' dir='ltr'>μὲν</span> <span class='ocrx_word' id='word_1_718' title='bbox 2551 3756 2762 3828; x_wconf 80' lang='grc' dir='ltr'>Πατρὸς</span> <span class='ocrx_word' id='word_1_719' title='bbox 2797 3757 3269 3828; x_wconf 78' lang='grc' dir='ltr'>ἐπαγγειλαμένου</span> <span class='ocrx_word' id='word_1_720' title='bbox 3294 3797 3309 3821; x_wconf 90' lang='grc'><strong><em>,</em></strong></span> <span class='ocrx_word' id='word_1_721' title='bbox 3347 3755 3542 3829; x_wconf 78' lang='grc' dir='ltr'>Χριστοῦ</span> <span class='ocrx_word' id='word_1_722' title='bbox 3563 3749 3666 3805; x_wconf 65' lang='grc' dir='ltr'><strong>ὁὲτᾶ</strong></span> 
     </span>
    </p>
   </div>
   <div class='ocr_carea' id='block_1_96' title="bbox 2216 3842 3666 3919">
    <p class='ocr_par' dir='ltr' id='par_1_96' title="bbox 2216 3842 3666 3919">
     <span class='ocr_line' id='line_1_96' title="bbox 2216 3842 3666 3919; baseline -0.003 -21"><span class='ocrx_word' id='word_1_723' title='bbox 2216 3846 2309 3899; x_wconf 73' lang='grc' dir='ltr'><strong>καὶ</strong></span> <span class='ocrx_word' id='word_1_724' title='bbox 2344 3845 2705 3913; x_wconf 77' lang='grc' dir='ltr'>βεϐαιοῦντος,</span> <span class='ocrx_word' id='word_1_725' title='bbox 2739 3847 2831 3899; x_wconf 80' lang='grc' dir='ltr'><strong>καὶ</strong></span> <span class='ocrx_word' id='word_1_726' title='bbox 2864 3848 3073 3919; x_wconf 81' lang='grc' dir='ltr'>Κυρίου</span> <span class='ocrx_word' id='word_1_727' title='bbox 3096 3848 3158 3900; x_wconf 84' lang='grc' dir='ltr'><strong>τὸ</strong></span> <span class='ocrx_word' id='word_1_728' title='bbox 3203 3848 3369 3919; x_wconf 76' lang='grc' dir='ltr'><strong>Ἀμὴν</strong></span> <span class='ocrx_word' id='word_1_729' title='bbox 3400 3842 3666 3917; x_wconf 56' lang='grc' dir='ltr'>περιποιουμέ-</span> 
     </span>
    </p>
   </div>
   <div class='ocr_carea' id='block_1_97' title="bbox 2214 3934 3665 4012">
    <p class='ocr_par' dir='ltr' id='par_1_97' title="bbox 2214 3934 3665 4012">
     <span class='ocr_line' id='line_1_97' title="bbox 2214 3934 3665 4012; baseline 0.002 -22"><span class='ocrx_word' id='word_1_730' title='bbox 2214 3955 2305 3990; x_wconf 88' lang='grc' dir='ltr'><strong>νου</strong></span> <span class='ocrx_word' id='word_1_731' title='bbox 2330 3977 2344 4001; x_wconf 86' lang='grc'><em>,</em></span> <span class='ocrx_word' id='word_1_732' title='bbox 2391 3938 2457 3991; x_wconf 80' lang='grc' dir='ltr'>δι’</span> <span class='ocrx_word' id='word_1_733' title='bbox 2495 3936 2657 3991; x_wconf 78' lang='grc' dir='ltr'>αὐτοῦ</span> <span class='ocrx_word' id='word_1_734' title='bbox 2712 3940 2768 3993; x_wconf 88' lang='grc' dir='ltr'>ὲν</span> <span class='ocrx_word' id='word_1_735' title='bbox 2801 3943 2914 4003; x_wconf 83' lang='grc' dir='ltr'>τοῖς</span> <span class='ocrx_word' id='word_1_736' title='bbox 2954 3939 3020 3993; x_wconf 79' lang='grc' dir='ltr'>δι’</span> <span class='ocrx_word' id='word_1_737' title='bbox 3059 3939 3223 3993; x_wconf 75' lang='grc' dir='ltr'>αὑτοῦ</span> <span class='ocrx_word' id='word_1_738' title='bbox 3273 3944 3337 4012; x_wconf 79' lang='grc' dir='ltr'><strong>τῇ</strong></span> <span class='ocrx_word' id='word_1_739' title='bbox 3374 3936 3603 4007; x_wconf 58' lang='grc' dir='ltr'>ἐπαγγελίᾳ</span> <span class='ocrx_word' id='word_1_740' title='bbox 3620 3934 3665 4001; x_wconf 64' lang='grc' dir='ltr'><strong>βί-</strong></span> 
     </span>
    </p>
   </div>
   <div class='ocr_carea' id='block_1_98' title="bbox 2215 4026 3665 4104">
    <p class='ocr_par' dir='ltr' id='par_1_98' title="bbox 2215 4026 3665 4104">
     <span class='ocr_line' id='line_1_98' title="bbox 2215 4026 3665 4104; baseline 0.004 -23"><span class='ocrx_word' id='word_1_741' title='bbox 2215 4030 2493 4085; x_wconf 75' lang='grc' dir='ltr'>ϐαιωθεῖσι</span> <span class='ocrx_word' id='word_1_742' title='bbox 2545 4032 2638 4084; x_wconf 75' lang='grc' dir='ltr'><strong>καὶ</strong></span> <span class='ocrx_word' id='word_1_743' title='bbox 2683 4032 3067 4100; x_wconf 76' lang='grc' dir='ltr'>ἑπιγνωσθείσι</span> <span class='ocrx_word' id='word_1_744' title='bbox 3116 4033 3209 4087; x_wconf 81' lang='grc' dir='ltr'><strong>τὸν</strong></span> <span class='ocrx_word' id='word_1_745' title='bbox 3250 4034 3452 4104; x_wconf 79' lang='grc' dir='ltr'>Πατέρα</span> <span class='ocrx_word' id='word_1_746' title='bbox 3490 4026 3604 4086; x_wconf 73' lang='grc' dir='ltr'><strong>αὖτοῦ</strong></span> <span class='ocrx_word' id='word_1_747' title='bbox 3636 4028 3665 4075; x_wconf 53' lang='grc' dir='ltr'><strong>ἐι</strong></span> 
     </span>
    </p>
   </div>
   <div class='ocr_carea' id='block_1_99' title="bbox 2213 4122 3663 4195">
    <p class='ocr_par' dir='ltr' id='par_1_99' title="bbox 2213 4122 3663 4195">
     <span class='ocr_line' id='line_1_99' title="bbox 2213 4122 3663 4195; baseline -0.006 -17"><span class='ocrx_word' id='word_1_748' title='bbox 2213 4122 2364 4192; x_wconf 78' lang='grc' dir='ltr'>νόμῳ</span> <span class='ocrx_word' id='word_1_749' title='bbox 2390 4122 2747 4193; x_wconf 81' lang='grc' dir='ltr'>λελαληκότα,</span> <span class='ocrx_word' id='word_1_750' title='bbox 2777 4124 2873 4178; x_wconf 76' lang='grc' dir='ltr'>καὶ</span> <span class='ocrx_word' id='word_1_751' title='bbox 2919 4126 2976 4177; x_wconf 85' lang='grc' dir='ltr'>ὲν</span> <span class='ocrx_word' id='word_1_752' title='bbox 3002 4125 3322 4195; x_wconf 79' lang='grc' dir='ltr'>Εὐαγγελίῳ</span> <span class='ocrx_word' id='word_1_753' title='bbox 3351 4129 3447 4188; x_wconf 81' lang='grc' dir='ltr'>τοῖς</span> <span class='ocrx_word' id='word_1_754' title='bbox 3478 4137 3663 4176; x_wconf 49' lang='lat'><strong>7:27.72;-</strong></span> 
     </span>
    </p>
   </div>
   <div class='ocr_carea' id='block_1_100' title="bbox 2213 4210 3665 4287">
    <p class='ocr_par' dir='ltr' id='par_1_100' title="bbox 2213 4210 3665 4287">
     <span class='ocr_line' id='line_1_100' title="bbox 2213 4210 3665 4287; baseline -0.001 -21"><span class='ocrx_word' id='word_1_755' title='bbox 2213 4215 2334 4267; x_wconf 71' lang='grc' dir='ltr'>κὸσι</span> <span class='ocrx_word' id='word_1_756' title='bbox 2362 4214 2736 4286; x_wconf 81' lang='grc' dir='ltr'>δεδωρημένον</span> <span class='ocrx_word' id='word_1_757' title='bbox 2769 4215 2837 4269; x_wconf 78' lang='grc' dir='ltr'>τὰ</span> <span class='ocrx_word' id='word_1_758' title='bbox 2876 4218 3119 4287; x_wconf 84' lang='grc' dir='ltr'>σωτήρια</span> <span class='ocrx_word' id='word_1_759' title='bbox 3150 4217 3260 4271; x_wconf 86' lang='grc' dir='ltr'><strong>τῶν</strong></span> <span class='ocrx_word' id='word_1_760' title='bbox 3296 4218 3524 4286; x_wconf 82' lang='grc' dir='ltr'>λεγόντων</span> <span class='ocrx_word' id='word_1_761' title='bbox 3549 4213 3593 4287; x_wconf 50' lang='grc' dir='ltr'>δέ</span> <span class='ocrx_word' id='word_1_762' title='bbox 3616 4210 3665 4260; x_wconf 69' lang='grc' dir='ltr'><strong>ιζ-</strong></span> 
     </span>
    </p>
   </div>
   <div class='ocr_carea' id='block_1_101' title="bbox 2143 4303 3663 4402">
    <p class='ocr_par' dir='ltr' id='par_1_101' title="bbox 2143 4303 3663 4402">
     <span class='ocr_line' id='line_1_101' title="bbox 2143 4303 3663 4402; baseline 0 -43"><span class='ocrx_word' id='word_1_763' title='bbox 2143 4347 2188 4402; x_wconf 79' lang='lat' dir='ltr'><strong>D</strong></span> <span class='ocrx_word' id='word_1_764' title='bbox 2212 4306 2304 4359; x_wconf 85' lang='grc' dir='ltr'><strong>τοῦ</strong></span> <span class='ocrx_word' id='word_1_765' title='bbox 2356 4306 2606 4375; x_wconf 77' lang='grc' dir='ltr'>λέγοντος</span> <span class='ocrx_word' id='word_1_766' title='bbox 2632 4308 2871 4379; x_wconf 87' lang='grc' dir='ltr'>Χριστοῦ</span> <span class='ocrx_word' id='word_1_767' title='bbox 2901 4323 2914 4337; x_wconf 83' lang='lat'><strong><em>°</em></strong></span> <span class='ocrx_word' id='word_1_768' title='bbox 2960 4311 3072 4362; x_wconf 83' lang='grc' dir='ltr'>Ναί</span> <span class='ocrx_word' id='word_1_769' title='bbox 3123 4313 3157 4364; x_wconf 84' lang='grc' dir='ltr'><strong><em>ό</em></strong></span> <span class='ocrx_word' id='word_1_770' title='bbox 3205 4308 3423 4378; x_wconf 74' lang='grc' dir='ltr'>πατὴρ,</span> <span class='ocrx_word' id='word_1_771' title='bbox 3457 4306 3525 4360; x_wconf 82' lang='grc' dir='ltr'><strong>ὅτι</strong></span> <span class='ocrx_word' id='word_1_772' title='bbox 3557 4303 3663 4359; x_wconf 54' lang='lat' dir='ltr'><strong>cite:</strong></span> 
     </span>
    </p>
   </div>
   <div class='ocr_carea' id='block_1_102' title="bbox 2214 4397 3228 4469">
    <p class='ocr_par' dir='ltr' id='par_1_102' title="bbox 2214 4397 3228 4469">
     <span class='ocr_line' id='line_1_102' title="bbox 2214 4397 3228 4469; baseline 0.003 -19"><span class='ocrx_word' id='word_1_773' title='bbox 2214 4397 2449 4469; x_wconf 78' lang='grc' dir='ltr'>ἐγένετο</span> <span class='ocrx_word' id='word_1_774' title='bbox 2478 4398 2515 4464; x_wconf 76' lang='grc' dir='ltr'><strong><em>ή</em></strong></span> <span class='ocrx_word' id='word_1_775' title='bbox 2538 4397 2782 4452; x_wconf 75' lang='grc' dir='ltr'>εὐδοκία</span> <span class='ocrx_word' id='word_1_776' title='bbox 2804 4397 3061 4452; x_wconf 77' lang='grc' dir='ltr'><strong>ἐνώπιόν</strong></span> <span class='ocrx_word' id='word_1_777' title='bbox 3088 4416 3228 4467; x_wconf 70' lang='grc' dir='ltr'>σου.</span> 
     </span>
    </p>
   </div>
   <div class='ocr_carea' id='block_1_103' title="bbox 2291 4486 3661 4558">
    <p class='ocr_par' dir='ltr' id='par_1_103' title="bbox 2291 4486 3661 4558">
     <span class='ocr_line' id='line_1_103' title="bbox 2291 4486 3661 4558; baseline -0.005 -16"><span class='ocrx_word' id='word_1_778' title='bbox 2291 4487 2332 4558; x_wconf 82' lang='grc' dir='ltr'><strong>β’</strong></span> <span class='ocrx_word' id='word_1_779' title='bbox 2368 4488 2461 4541; x_wconf 67' lang='grc' dir='ltr'><strong>καὶ</strong></span> <span class='ocrx_word' id='word_1_780' title='bbox 2491 4486 2584 4541; x_wconf 66' lang='lat' dir='ltr'><strong>xC’</strong></span> <span class='ocrx_word' id='word_1_781' title='bbox 2624 4487 2770 4557; x_wconf 81' lang='grc' dir='ltr'>σχόλ.</span> <span class='ocrx_word' id='word_1_782' title='bbox 2815 4489 2898 4540; x_wconf 86' lang='grc' dir='ltr'><strong>Οὺ</strong></span> <span class='ocrx_word' id='word_1_783' title='bbox 2936 4487 3047 4557; x_wconf 65' lang='grc' dir='ltr'>γὰρ</span> <span class='ocrx_word' id='word_1_784' title='bbox 3095 4489 3344 4553; x_wconf 74' lang='grc' dir='ltr'>ἑαυτοὺς</span> <span class='ocrx_word' id='word_1_785' title='bbox 3384 4486 3661 4556; x_wconf 53' lang='lat' dir='ltr'><strong>miserit”.</strong></span> 
     </span>
    </p>
   </div>
   <div class='ocr_carea' id='block_1_104' title="bbox 2216 4576 3657 4649">
    <p class='ocr_par' dir='ltr' id='par_1_104' title="bbox 2216 4576 3657 4649">
     <span class='ocr_line' id='line_1_104' title="bbox 2216 4576 3657 4649; baseline -0.007 -14"><span class='ocrx_word' id='word_1_786' title='bbox 2216 4582 2378 4635; x_wconf 70' lang='grc' dir='ltr'><strong>ἀλλὰ</strong></span> <span class='ocrx_word' id='word_1_787' title='bbox 2438 4580 2696 4649; x_wconf 78' lang='grc' dir='ltr'>Χριστὸν</span> <span class='ocrx_word' id='word_1_788' title='bbox 2762 4580 2996 4647; x_wconf 80' lang='grc' dir='ltr'>Ἰησοῦν</span> <span class='ocrx_word' id='word_1_789' title='bbox 3030 4622 3044 4644; x_wconf 86' lang='grc'><em>,</em></span> <span class='ocrx_word' id='word_1_790' title='bbox 3102 4582 3357 4648; x_wconf 80' lang='grc' dir='ltr'>ἑαυτοὺς</span> <span class='ocrx_word' id='word_1_791' title='bbox 3403 4581 3460 4634; x_wconf 74' lang='grc' dir='ltr'>δὲ</span> <span class='ocrx_word' id='word_1_792' title='bbox 3505 4576 3657 4629; x_wconf 37' lang='lat' dir='ltr'><strong>tle-elui;</strong></span> 
     </span>
    </p>
   </div>
   <div class='ocr_carea' id='block_1_105' title="bbox 2216 4668 3661 4743">
    <p class='ocr_par' dir='ltr' id='par_1_105' title="bbox 2216 4668 3661 4743">
     <span class='ocr_line' id='line_1_105' title="bbox 2216 4668 3661 4743; baseline -0.01 -16"><span class='ocrx_word' id='word_1_793' title='bbox 2216 4672 2383 4743; x_wconf 70' lang='grc' dir='ltr'><strong>ὑμῶν</strong></span> <span class='ocrx_word' id='word_1_794' title='bbox 2408 4671 2506 4726; x_wconf 85' lang='grc' dir='ltr'>διὰ</span> <span class='ocrx_word' id='word_1_795' title='bbox 2547 4672 2774 4740; x_wconf 83' lang='grc' dir='ltr'>Ἰησοῦ.</span> <span class='ocrx_word' id='word_1_796' title='bbox 2818 4672 2939 4725; x_wconf 82' lang='grc' dir='ltr'>Ὅτι</span> <span class='ocrx_word' id='word_1_797' title='bbox 2972 4672 3109 4740; x_wconf 73' lang='grc' dir='ltr'>Θεὸς</span> <span class='ocrx_word' id='word_1_798' title='bbox 3158 4676 3191 4728; x_wconf 86' lang='grc' dir='ltr'><em>ὀ</em></span> <span class='ocrx_word' id='word_1_799' title='bbox 3222 4673 3399 4735; x_wconf 69' lang='grc' dir='ltr'>εἰπὼν</span> <span class='ocrx_word' id='word_1_800' title='bbox 3418 4674 3474 4727; x_wconf 60' lang='grc' dir='ltr'>ἐκ</span> <span class='ocrx_word' id='word_1_801' title='bbox 3504 4668 3661 4723; x_wconf 50' lang='lat' dir='ltr'><strong>elata;</strong></span> 
     </span>
    </p>
   </div>
   <div class='ocr_carea' id='block_1_106' title="bbox 2216 4767 2628 4837">
    <p class='ocr_par' dir='ltr' id='par_1_106' title="bbox 2216 4767 2628 4837">
     <span class='ocr_line' id='line_1_106' title="bbox 2216 4767 2628 4837; baseline -0.005 -18"><span class='ocrx_word' id='word_1_802' title='bbox 2216 4767 2344 4837; x_wconf 68' lang='grc' dir='ltr'>φῶς</span> <span class='ocrx_word' id='word_1_803' title='bbox 2372 4768 2628 4835; x_wconf 69' lang='grc' dir='ltr'>λάμψαι.</span> 
     </span>
    </p>
   </div>
   <div class='ocr_carea' id='block_1_107' title="bbox 2290 4846 3657 4930">
    <p class='ocr_par' dir='ltr' id='par_1_107' title="bbox 2290 4846 3657 4930">
     <span class='ocr_line' id='line_1_107' title="bbox 2290 4846 3657 4930; baseline -0.01 -17"><span class='ocrx_word' id='word_1_804' title='bbox 2290 4860 2334 4930; x_wconf 83' lang='grc' dir='ltr'><strong>β’</strong></span> <span class='ocrx_word' id='word_1_805' title='bbox 2361 4862 2453 4914; x_wconf 67' lang='grc' dir='ltr'><strong>καὶ</strong></span> <span class='ocrx_word' id='word_1_806' title='bbox 2483 4870 2573 4927; x_wconf 82' lang='grc' dir='ltr'>κς¹</span> <span class='ocrx_word' id='word_1_807' title='bbox 2608 4863 2784 4930; x_wconf 82' lang='grc' dir='ltr'>ἕλεγχ.</span> <span class='ocrx_word' id='word_1_808' title='bbox 2819 4864 2894 4913; x_wconf 83' lang='lat' dir='ltr'><strong>Ou</strong></span> <span class='ocrx_word' id='word_1_809' title='bbox 2932 4876 3298 4930; x_wconf 85' lang='grc' dir='ltr'>κηρυσσουσιν</span> <span class='ocrx_word' id='word_1_810' title='bbox 3327 4857 3515 4917; x_wconf 74' lang='grc' dir='ltr'>ἑαυτοὺς</span> <span class='ocrx_word' id='word_1_811' title='bbox 3529 4852 3563 4904; x_wconf 78' lang='grc' dir='ltr'>οἱ</span> 
     </span>
    </p>
   </div>
   <div class='ocr_carea' id='block_1_108' title="bbox 2223 4936 3659 5023">
    <p class='ocr_par' dir='ltr' id='par_1_108' title="bbox 2223 4936 3659 5023">
     <span class='ocr_line' id='line_1_108' title="bbox 2223 4936 3659 5023; baseline -0.017 -9"><span class='ocrx_word' id='word_1_812' title='bbox 2223 4951 2397 5005; x_wconf 78' lang='grc' dir='ltr'>στολοι</span> <span class='ocrx_word' id='word_1_813' title='bbox 2424 4992 2438 5016; x_wconf 90' lang='grc'>,</span> <span class='ocrx_word' id='word_1_814' title='bbox 2494 4952 2630 5005; x_wconf 84' lang='grc' dir='ltr'>ἀλλὰ</span> <span class='ocrx_word' id='word_1_815' title='bbox 2678 4952 2910 5022; x_wconf 82' lang='grc' dir='ltr'>Χριστὸν</span> <span class='ocrx_word' id='word_1_816' title='bbox 2948 4951 3153 5023; x_wconf 82' lang='grc' dir='ltr'>Ἰησοῦν</span> <span class='ocrx_word' id='word_1_817' title='bbox 3195 4950 3409 5023; x_wconf 73' lang='grc' dir='ltr'>Κύριον.</span> <span class='ocrx_word' id='word_1_818' title='bbox 3438 4948 3506 5001; x_wconf 77' lang='grc' dir='ltr'>Διὸ</span> <span class='ocrx_word' id='word_1_819' title='bbox 3529 4945 3593 4995; x_wconf 66' lang='grc' dir='ltr'><strong>οὐχ</strong></span> 
     </span>
    </p>
   </div>
   <div class='ocr_carea' id='block_1_109' title="bbox 2223 5032 3657 5123">
    <p class='ocr_par' dir='ltr' id='par_1_109' title="bbox 2223 5032 3657 5123">
     <span class='ocr_line' id='line_1_109' title="bbox 2223 5032 3657 5123; baseline -0.011 -27"><span class='ocrx_word' id='word_1_820' title='bbox 2223 5043 2438 5114; x_wconf 81' lang='grc' dir='ltr'>αἵρεσις</span> <span class='ocrx_word' id='word_1_821' title='bbox 2462 5083 2475 5107; x_wconf 89' lang='grc'><em>,</em></span> <span class='ocrx_word' id='word_1_822' title='bbox 2530 5045 2652 5098; x_wconf 77' lang='grc' dir='ltr'>οὐδὲ</span> <span class='ocrx_word' id='word_1_823' title='bbox 2708 5044 3003 5114; x_wconf 82' lang='grc' dir='ltr'>Ἐκκλησία</span> <span class='ocrx_word' id='word_1_824' title='bbox 3035 5045 3116 5105; x_wconf 80' lang='grc' dir='ltr'><strong>είς</strong></span> <span class='ocrx_word' id='word_1_825' title='bbox 3151 5043 3322 5113; x_wconf 73' lang='grc' dir='ltr'>ὄνομα</span> <span class='ocrx_word' id='word_1_826' title='bbox 3357 5036 3588 5095; x_wconf 67' lang='grc' dir='ltr'>ἀποστῶων</span> 
     </span>
    </p>
   </div>
   <div class='ocr_carea' id='block_1_110' title="bbox 2219 5126 3655 5206">
    <p class='ocr_par' dir='ltr' id='par_1_110' title="bbox 2219 5126 3655 5206">
     <span class='ocr_line' id='line_1_110' title="bbox 2219 5126 3655 5206; baseline -0.013 -10"><span class='ocrx_word' id='word_1_827' title='bbox 2219 5134 2590 5206; x_wconf 71' lang='grc' dir='ltr'>ηγορευμένη.</span> <span class='ocrx_word' id='word_1_828' title='bbox 2618 5136 2886 5188; x_wconf 77' lang='grc' dir='ltr'>Οὐδέποτε</span> <span class='ocrx_word' id='word_1_829' title='bbox 2916 5133 3023 5205; x_wconf 80' lang='grc' dir='ltr'>γὰρ</span> <span class='ocrx_word' id='word_1_830' title='bbox 3046 5133 3357 5205; x_wconf 78' lang='grc' dir='ltr'>ἠκούσαμεν</span> <span class='ocrx_word' id='word_1_831' title='bbox 3382 5135 3410 5202; x_wconf 74' lang='grc' dir='ltr'>ἢ</span> <span class='ocrx_word' id='word_1_832' title='bbox 3436 5126 3655 5197; x_wconf 49' lang='lat' dir='ltr'><strong>[largitati</strong></span> 
     </span>
    </p>
   </div>
   <div class='ocr_carea' id='block_1_111' title="bbox 2215 5210 3658 5298">
    <p class='ocr_par' dir='ltr' id='par_1_111' title="bbox 2215 5210 3658 5298">
     <span class='ocr_line' id='line_1_111' title="bbox 2215 5210 3658 5298; baseline -0.017 -4"><span class='ocrx_word' id='word_1_833' title='bbox 2215 5226 2516 5289; x_wconf 73' lang='grc' dir='ltr'>Παυλίους,</span> <span class='ocrx_word' id='word_1_834' title='bbox 2564 5226 2598 5297; x_wconf 80' lang='grc' dir='ltr'><strong>ἢ</strong></span> <span class='ocrx_word' id='word_1_835' title='bbox 2653 5226 3090 5298; x_wconf 80' lang='grc' dir='ltr'>Βαρθολομαίους</span> <span class='ocrx_word' id='word_1_836' title='bbox 3122 5266 3137 5291; x_wconf 90' lang='grc'><em>,</em></span> <span class='ocrx_word' id='word_1_837' title='bbox 3192 5226 3225 5297; x_wconf 81' lang='grc' dir='ltr'>ἢ</span> <span class='ocrx_word' id='word_1_838' title='bbox 3279 5222 3554 5282; x_wconf 61' lang='grc' dir='ltr'>Θαδδαὼνς·</span> <span class='ocrx_word' id='word_1_839' title='bbox 3584 5210 3658 5262; x_wconf 43' lang='grc' dir='ltr'><strong>ἀλλ</strong></span> 
     </span>
    </p>
   </div>
   <div class='ocr_carea' id='block_1_112' title="bbox 2216 5305 3655 5401">
    <p class='ocr_par' dir='ltr' id='par_1_112' title="bbox 2216 5316 3655 5401">
     <span class='ocr_line' id='line_1_112' title="bbox 2216 5316 3655 5401; baseline 0.003 -29"><span class='ocrx_word' id='word_1_840' title='bbox 2216 5319 2467 5391; x_wconf 84' lang='grc' dir='ltr'>ἀπαρχῆς</span> <span class='ocrx_word' id='word_1_841' title='bbox 2498 5320 2555 5373; x_wconf 82' lang='grc' dir='ltr'>ἓν</span> <span class='ocrx_word' id='word_1_842' title='bbox 2594 5322 2858 5393; x_wconf 81' lang='grc' dir='ltr'>κήρυγμα</span> <span class='ocrx_word' id='word_1_843' title='bbox 2896 5322 3112 5375; x_wconf 77' lang='grc' dir='ltr'>πάντων</span> <span class='ocrx_word' id='word_1_844' title='bbox 3145 5321 3255 5375; x_wconf 82' lang='grc' dir='ltr'><strong>τῶν</strong></span> <span class='ocrx_word' id='word_1_845' title='bbox 3303 5316 3574 5376; x_wconf 72' lang='grc' dir='ltr'>ἀποστόλων.</span> 
     </span>
    </p>
   </div>
   <div class='ocr_carea' id='block_1_113' title="bbox 2217 5402 3654 5485">
    <p class='ocr_par' dir='ltr' id='par_1_113' title="bbox 2217 5402 3654 5485">
     <span class='ocr_line' id='line_1_113' title="bbox 2217 5402 3654 5485; baseline -0.01 -21"><span class='ocrx_word' id='word_1_846' title='bbox 2217 5413 2413 5475; x_wconf 74' lang='grc' dir='ltr'>αὐτοὺς</span> <span class='ocrx_word' id='word_1_847' title='bbox 2439 5412 2734 5484; x_wconf 84' lang='grc' dir='ltr'>κηρύσσον,</span> <span class='ocrx_word' id='word_1_848' title='bbox 2770 5413 2907 5465; x_wconf 77' lang='grc' dir='ltr'>ἀλλὰ</span> <span class='ocrx_word' id='word_1_849' title='bbox 2930 5414 3162 5484; x_wconf 78' lang='grc' dir='ltr'>Χριστὸν</span> <span class='ocrx_word' id='word_1_850' title='bbox 3204 5412 3403 5485; x_wconf 82' lang='grc' dir='ltr'>Ἰησοῦν</span> <span class='ocrx_word' id='word_1_851' title='bbox 3432 5408 3584 5478; x_wconf 65' lang='grc' dir='ltr'>Κύριοι.</span> <span class='ocrx_word' id='word_1_852' title='bbox 3606 5402 3654 5446; x_wconf 63' lang='grc' dir='ltr'><strong>Δῖύ</strong></span> 
     </span>
    </p>
   </div>
   <div class='ocr_carea' id='block_1_114' title="bbox 2219 5486 3651 5577">
    <p class='ocr_par' dir='ltr' id='par_1_114' title="bbox 2219 5497 3651 5577">
     <span class='ocr_line' id='line_1_114' title="bbox 2219 5497 3651 5577; baseline -0.001 -19"><span class='ocrx_word' id='word_1_853' title='bbox 2219 5505 2314 5558; x_wconf 73' lang='grc' dir='ltr'><strong>καὶ</strong></span> <span class='ocrx_word' id='word_1_854' title='bbox 2341 5505 2509 5577; x_wconf 76' lang='grc' dir='ltr'>ὄνομα</span> <span class='ocrx_word' id='word_1_855' title='bbox 2538 5506 2635 5577; x_wconf 80' lang='grc' dir='ltr'>τῆς</span> <span class='ocrx_word' id='word_1_856' title='bbox 2672 5506 2997 5576; x_wconf 81' lang='grc' dir='ltr'>Ἑκκλησίας</span> <span class='ocrx_word' id='word_1_857' title='bbox 3046 5507 3096 5559; x_wconf 84' lang='grc' dir='ltr'>οἱ</span> <span class='ocrx_word' id='word_1_858' title='bbox 3138 5505 3336 5569; x_wconf 82' lang='grc' dir='ltr'>πάντες</span> <span class='ocrx_word' id='word_1_859' title='bbox 3372 5504 3516 5558; x_wconf 78' lang='grc' dir='ltr'>ἔθεντο</span> <span class='ocrx_word' id='word_1_860' title='bbox 3534 5497 3651 5556; x_wconf 55' lang='lat' dir='ltr'><strong>Et.“</strong></span> 
     </span>
    </p>
   </div>
   <div class='ocr_carea' id='block_1_115' title="bbox 3026 5660 3384 5733">
    <p class='ocr_par' dir='ltr' id='par_1_115' title="bbox 3026 5660 3384 5733">
     <span class='ocr_line' id='line_1_115' title="bbox 3026 5660 3384 5733; baseline -0.003 -18"><span class='ocrx_word' id='word_1_861' title='bbox 3026 5664 3045 5695; x_wconf 83' lang='grc'><strong><em>⁸</em></strong></span> <span class='ocrx_word' id='word_1_862' title='bbox 3086 5660 3146 5717; x_wconf 80' lang='lat' dir='ltr'><strong>F.</strong></span> <span class='ocrx_word' id='word_1_863' title='bbox 3181 5660 3384 5733; x_wconf 80' lang='grc' dir='ltr'>μέλλον.</span> 
     </span>
    </p>
   </div>
  </div>
