3846 6286
16 270 117 328 In?!
742 269 1115 328 ADVERSUS
1152 268 1495 325 llAthESES
1532 264 1661 324 LIB.
1703 266 1745 324 1.
1785 258 1951 323 ΤΟΜ.
1983 265 2069 323 lll.
2105 298 2174 308 —
2212 267 2487 324 H/ERES.
2528 266 2686 324 XLII.
3217 270 3324 327 802

16 392 295 454 ἑαυτῶν.
332 392 485 447 ἀλλὰ
530 391 627 445 τοῦ
675 390 885 461 Κυρίου
927 388 1106 443 αὐτῶν
1166 388 1341 459 Ἰησοῦ
1388 386 1646 457 Χριστοῦ,
1677 415 1682 448 ;

1782 382 2005 439 ebrare't.
2042 382 2123 439 0b
2156 383 2207 438 id
2242 381 2503 437 Ecclesia:
2543 397 2737 439 nomen
2788 392 2970 438 unum'
2995 399 3185 455 omnes
3222 388 3325 441 im-

18 486 129 540 ἐιπὸ
175 484 546 556 Ἀντιοχείας
598 482 916 555 ἀρξαμένων
949 480 1289 553 Χριστιανῶν
1334 478 1639 533 καλεῖσθαι·

1782 483 2215 541 ιοευοῐυηιηιωι
2254 490 2414 530 suum
2446 475 2652 544 utique,
2680 474 2775 529 sed
2796 474 2997 530 Christi
3019 476 3166 543 Jesu,
3198 492 3325 532 cum

18 578 161 644 ἐπερ
192 574 377 626 ἐστὶν
406 575 440 644 ἡ
474 574 606 643 μόνη
634 570 894 641 καθολικὴ
933 568 1226 639 Ἐκκλησία
1245 607 1260 632 ,
1299 570 1399 622 οὐκ
1439 568 1568 621 ἄλλο
1592 585 1644 621 τι

1782 568 2053 624 intiocbiae
2093 569 2330 639 primum
2365 568 2627 638 appellari
2678 567 2974 623 Christiani
3023 582 3324 639 coeperunt.

20 666 261 733 ἔλουσα,
307 666 461 717 ἀλλὰ
487 661 752 735 Χριστοῦ,
788 661 1129 732 Χριστιανῶν
1155 656 1287 733 οὖσα
1329 659 1643 730 Ἐκκλησία,

1782 660 1907 727 Quod
1942 661 2159 731 quidem
2191 660 2363 716 solam
2391 660 2457 714 ad
2498 659 2820 714 catholicam
2866 659 3162 715 Ecelesiam
3194 676 3327 715 con-

29 760 89 809 0-3
122 752 420 825 Χριστῶν
446 795 461 819 ,
519 753 657 808 ἀλλά
671 751 1010 822 Χριστιανῶν
1035 767 1051 783 ⁶
1080 749 1175 805 τοῦ
1210 754 1307 821 μὲν
1338 750 1454 814 ἐνὸς
1484 751 1650 821 ὑπάρ-

23 858 253 917 χοντος,
289 847 412 900 τῶν
433 846 489 899 δὲ
518 844 626 898 ἀπὸ
649 842 743 897 τοῦ
769 842 885 905 ἐνὸς
912 840 1251 913 Χριστιανῶν
1279 841 1646 910 καλουμένων.

30 940 195 992 Μετὰ
231 938 465 1007 ταύτην
499 936 556 989 δὲ
594 936 690 989 καὶ
713 934 840 997 τοὺς
866 934 1034 1004 αὐτῆς
1068 933 1316 1004 κήρυκας
1354 933 1523 985 πᾶσαι
1560 930 1651 984 οὐ-

30 1031 151 1082 κέτι
185 1028 297 1082 τοῦ
341 1026 513 1081 αὑτοῦ
552 1025 896 1097 χαρακτῆρος
921 1024 1244 1095 φαινόμεναι
1274 1022 1360 1075 διὰ
1391 1022 1497 1075 τῶν
1531 1024 1653 1075 ὲπι-

32 1124 213 1175 ῦέτων
262 1119 567 1191 ὀνομάτων
606 1112 959 1188 Μανιχαίων,
1006 1116 1100 1170 καὶ
1141 1114 1524 1185 Σιμωνιανῶν,
1558 1113 1652 1167 καὶ

33 1214 443 1266 (Βαλεντίνων
463 1254 477 1279 ,
514 1211 608 1265 καὶ
655 1208 983 1264 Ἕϐιωναίων
1005 1223 1018 1239 ·
1054 1201 1127 1260 ὧν
1157 1202 1236 1269 εἷς
1261 1206 1354 1260 καὶ
1379 1206 1463 1271 σὺ,
1496 1207 1654 1276 Map-

1754 755 1901 808 venit
1929 794 1941 816 ,
1969 769 2089 823 qua:
2122 753 2270 807 nullo
2296 753 2401 807 alio
2433 768 2595 823 quam
2621 752 2822 807 Christi
2856 753 3075 807 nomine
3104 753 3333 822 praedito

1754 846 2196 900 Christianorum
2232 843 2507 908 Ecclesia,
2536 858 2645 897 non
2674 842 3020 897 Cbristorum
3043 884 3058 907 ,
3088 843 3288 897 dicitur
3316 859 3330 895 :

1757 937 1892 992 adeo
1937 945 1997 992 ut
2052 952 2173 991 cum
2214 952 2355 991 unus
2408 937 2497 991 ille
2534 936 2638 999 sit,
2689 936 2873 1005 plures
2924 946 3104 990 tamen
3152 936 3221 990 ab
3270 951 3336 990 eo

1758 1025 2052 1080 Christiani
2103 1025 2475 1080 nominentur.
2525 1025 2605 1077 Ab
2664 1024 2767 1078 hac
2811 1023 3053 1079 Ecclesia
3109 1024 3339 1095 ejusque

1758 1116 2101 1186 praeconibus
2152 1116 2243 1170 ubi
2295 1115 2648 1178 discesseris,
2706 1116 2925 1183 reliqua:
2961 1130 3153 1171 omnes
3192 1115 3338 1169 haud

1759 1206 1945 1262 eadem
2001 1215 2128 1259 nota
2183 1213 2470 1268 constant,
2519 1221 2639 1275 qua:
2696 1207 2966 1273 adjunctis
3024 1207 3340 1262 nominibus

36 1304 198 1365 κίων,
235 1301 548 1371 ὑπάρχεις.
581 1299 690 1353 Καί
738 1316 833 1351 σου
864 1297 925 1350 τὸ
970 1297 1139 1367 ὄνομα
1190 1295 1574 1364 ἐπικεκληνται
1602 1295 1653 1346 οἱ

37 1393 147 1445 ὑπὸ
204 1391 321 1445 σοῦ
359 1389 743 1461 ἠπατημένοι,
771 1388 847 1452 ὡς
895 1386 1117 1440 σεαυτὸν
1152 1385 1520 1457 κηρύξαντος,
1564 1384 1656 1437 καὶ

38 1484 165 1553 οὐχὶ
202 1483 487 1555 Χριστόν.
520 1476 657 1534 Εἶτά
676 1496 872 1550 φασιν,
907 1480 989 1533 ὅτι
1029 1479 1083 1530 Ὁ
1124 1477 1266 1543 θεὸς
1300 1479 1332 1529 ό
1369 1475 1552 1529 εἰπὼν
1589 1475 1656 1529 ἐκ

41 1580 338 1642 σκότους
371 1573 501 1644 φῶς
527 1574 778 1643 λάμψαι.
830 1573 886 1624 Ὀ
908 1570 1042 1633 Θεὸς
1077 1570 1134 1623 δὲ
1176 1571 1324 1633 ποῖος
1363 1568 1474 1622 ἀλλ’
1518 1570 1545 1620 ὁ
1578 1565 1657 1631 εἷς

44 1673 73 1723 ὁ
112 1671 177 1721 ἐν
208 1667 303 1739 τῷ
336 1669 593 1740 προφήτῃ
620 1664 802 1732 δείξας
842 1667 907 1718 ἐκ
951 1663 1171 1725 σκότους
1213 1662 1357 1731 φῶς,
1384 1663 1657 1716 τουτέστιν

1762 1308 1925 1369 atque
1957 1297 2211 1367 epithetis
2250 1306 2547 1365 vocantur;
2592 1297 3012 1353 Manichaiorum
3053 1298 3338 1363 videlicet,

1765 1388 2204 1443 Simonianorum
2228 1429 2243 1455 ,
2280 1388 2690 1444 Valentin'orum
2716 1429 2732 1456 ,
2764 1390 3140 1444 Ebionmorum
3163 1430 3176 1455 ,
3215 1384 3343 1459 qui-

1764 1480 1865 1536 bus
1897 1489 1950 1535 et
1978 1490 2056 1545 tu,
2085 1480 2306 1545 Marcio,
2335 1481 2777 1536 annumerandus
2812 1498 2873 1536 es
2904 1499 2915 1535 :
2953 1483 3111 1552 cujus
3143 1498 3342 1538 nomen

1766 1568 2074 1622 inscribunt
2103 1568 2138 1622 ii
2168 1568 2309 1631 sibi,
2341 1584 2480 1638 quos
2503 1578 2620 1623 tute
2652 1570 2704 1621 in
2733 1584 2972 1623 errorem
3014 1569 3292 1625 induxeris
3327 1589 3341 1624 :

1770 1666 1955 1730 mpote
2002 1661 2094 1731 qui
2146 1662 2418 1730 teipsum,
2460 1676 2568 1714 non
2623 1660 2899 1716 Christum
2946 1660 3342 1731 praedicaveris.

49 1764 164 1814 ἀπὸ
195 1761 318 1829 τῆς
349 1758 462 1812 τῶν
488 1756 791 1830 ἀνθρώπων
828 1754 1085 1818 ἀπιστίας
1124 1755 1217 1807 καὶ
1241 1755 1512 1821 ἀγνωσίας
1542 1753 1657 1822 φῶς

1782 1751 1900 1806 l‘um
1931 1751 2146 1806 demum
2188 1752 2441 1822 inquiunt
2492 1770 2505 1806 :
2554 1752 2691 1805 Deus
2732 1754 2820 1820 qui
2866 1754 2998 1805 dixit
3030 1753 3091 1806 de
3127 1753 3349 1807 tenebris

50 1853 146 1906 καὶ
183 1851 412 1920 γνῶσιν
458 1851 519 1903 ἐν
563 1847 783 1923 Χριστῷ
811 1846 1030 1916 λάμψαν
1066 1848 1082 1878 ¹
1134 1848 1192 1900 ὲν
1249 1844 1369 1910 ταῖς
1414 1846 1664 1916 καρδίαις

58 1944 228 2015 ἡμῶν
288 1943 403 1995 τῶν
450 1958 581 1993 ποτε
629 1938 796 1993 ἐθνῶν
850 1934 1405 2008 εἰδωλολατρούντων,
1454 1935 1555 1989 ’νῦν
1604 1932 1666 1988 δὲ

58 2035 201 2087 Θεὸν
244 2032 347 2086 τὸν
384 2030 508 2084 τότε
538 2031 596 2083 ὲν
632 2028 708 2100 τῷ
735 2029 986 2101 προφήτῃ
1014 2026 1585 2099 προεπαγγειλὰμενον
1608 2024 1668 2079 τὸ

60 2128 182 2197 φῶς
216 2124 427 2180 ἑαυτοῦ
461 2124 519 2177 ὲν
552 2121 631 2192 τῷ
658 2121 845 2192 κόσμῳ
876 2120 1087 2190 λάμψαι
1114 2137 1127 2184 ;
1158 2120 1233 2183 ὡς
1261 2121 1361 2173 οὐκ
1384 2119 1664 2187 ἀλλοτρίου

59 2220 221 2281 ὄντος
258 2216 515 2278 Παλαιᾶς
567 2214 661 2266 καὶ
696 2211 905 2279 Καινῆς
927 2210 1228 2279 Διαθήκης,
1259 2209 1334 2273 ὡς
1388 2210 1517 2278 ἡμῖν
1547 2207 1666 2271 ἔθος

66 2312 274 2379 γέγονε
309 2307 524 2360 πείθειν
548 2322 628 2369 σε,
654 2298 699 2357 ὦ
726 2302 1010 2375 Μαρκίων,
1042 2304 1133 2371 ἀφ’
1158 2296 1230 2355 ὧν
1260 2301 1404 2373 ἔχεις
1423 2317 1670 2372 γεγραμο

71 2402 265 2470 μένων
300 2399 576 2467 λειψάνων
622 2388 717 2449 τοῦ
764 2393 1096 2463 Εὐαγγελίου
1121 2432 1137 2459 ,
1166 2394 1260 2446 καὶ
1310 2391 1391 2464 μὴ
1419 2391 1523 2445 ὑπὸ
1574 2391 1669 2445 σοῦ

70 2490 425 2544 ἀπατᾶσθαι.

1769 1844 2125 1913 splendescere
2143 1844 2329 1897 lucem.
2364 1845 2498 1910 Quis
2520 1845 2607 1898 hic
2638 1844 2780 1900 Deus
2809 1855 2890 1901 est
2946 1846 3052 1901 nisi
3085 1863 3228 1901 unus
3262 1847 3352 1902 ille

1770 1936 1862 2007 qui
1890 1936 2029 2005 apud
2065 1935 2359 2005 prophetas
2388 1951 2417 1990 e
2448 1937 2688 1991 tenebris
2722 1938 2905 1993 lumen
2942 1938 3220 1994 ostendit?
3246 1938 3350 1993 hoc

1771 2034 1853 2084 est
1886 2043 1947 2083 ex
1984 2027 2269 2081 hominum
2320 2027 2642 2084 infidelitate
2672 2038 2727 2085 et
2768 2030 3021 2094 inscitia,
3060 2044 3157 2100 per
3194 2030 3355 2084 Chri-

1773 2127 1917 2176 stum
1952 2119 2127 2174 lucem
2160 2134 2223 2173 ac
2261 2118 2545 2174 scientiam
2582 2121 2637 2175 in
2682 2120 2939 2177 cordibus
2974 2122 3178 2176 nostris
3208 2121 3357 2175 exci-

1774 2209 1923 2264 tavit.
1949 2210 2050 2276 Qui
2088 2226 2210 2264 eum
2232 2212 2357 2265 olim
2383 2213 2522 2267 inter
2540 2221 2727 2284 gentes
2746 2230 3157 2269 numeraremur
3187 2212 3356 2268 simu-

1776 2301 1941 2355 lacris
1967 2303 2247 2370 addictas,
2299 2304 2464 2359 Deum
2500 2306 2651 2359 illum
2682 2307 2845 2360 modo
2876 2322 3224 2370 veneramur,
3262 2306 3354 2375 qui

1777 2408 1874 2463 per
1904 2394 2219 2463 prophetam
2258 2397 2434 2451 lucem
2466 2413 2618 2451 suam
2657 2397 2933 2451 illaturum
2983 2414 3104 2453 sese
3154 2397 3359 2451 mundo

1778 2487 2125 2555 promiserat,
2158 2495 2216 2542 ut
2250 2489 2522 2560 intelligas
2563 2489 2813 2545 eumdem
2864 2507 3039 2561 neque
3070 2507 3099 2544 a
3138 2490 3358 2573 Veteri,

74 2597 266 2653 impie
290 2595 320 2635 a
349 2578 502 2634 Novo
532 2576 883 2633 Testamento
912 2572 1178 2630 dissidere
1208 2591 1221 2628 :
1250 2568 1307 2628 id
1328 2571 1475 2644 quod
1504 2572 1672 2629 certis
1713 2574 1811 2630 tibi
1852 2577 2157 2632 rationibus
2202 2579 2433 2634 suadere
2453 2622 2467 2645 ,
2494 2578 2695 2635 Marcio
2717 2620 2731 2644 ,
2780 2584 3019 2636 solemus
3039 2625 3053 2647 ,
3115 2598 3179 2636 ex
3252 2568 3359 2635 illis

77 2679 223 2748 ipsis
255 2673 538 2748 Evangelii
564 2670 848 2744 reliquiis,
881 2686 1000 2742 quae
1027 2669 1169 2741 apud
1200 2680 1252 2727 te
1298 2672 1514 2742 scriptae
1542 2672 1894 2745 reperiuntur
1923 2713 1939 2739 ,
1977 2690 2155 2744 neque
2203 2675 2396 2732 fraude
2466 2685 2559 2732 tua
2622 2695 2721 2734 nos
2780 2679 3165 2733 circumveniri
3218 2680 3360 2750 pati-

79 2786 229 2829 mur.

150 2870 206 2933 γ’
235 2862 333 2917 καὶ
359 2861 443 2926 κζ’
470 2857 615 2932 σχόλ.
642 2855 923 2928 Ἔχοντες
948 2857 1017 2912 δὲ
1040 2859 1105 2913 τὸ
1128 2858 1272 2914 αὐτὸ
1305 2860 1540 2931 πνεῦμα
1565 2860 1676 2930 τῆς

87 2958 355 3019 πίστεως
390 2952 488 3006 καὶ
537 2953 709 3021 ἡμεῖς
742 2952 1101 3021 πιστεύομεν
1126 2964 1141 2982 "
1198 2951 1289 3005 διὸ
1326 2952 1422 3006 καὶ
1453 2954 1676 3009 λαλοῦ-

84 3066 223 3117 μεν,
273 3044 529 3114 Ἑξὲκοψε
563 3043 620 3097 δὲ
643 3043 725 3105 τὸ,
764 3044 913 3096 κατὰ
938 3042 1002 3096 τό
1028 3042 1455 3113 γεγραμμένον.

159 3146 211 3207 γ’
240 3138 337 3192 καὶ
373 3135 455 3199 κζ’
488 3135 665 3204 ἐλεγχ.
698 3134 776 3185 Οὐ
814 3131 1094 3201 δοθήσεται
1125 3150 1205 3186 σοι
1228 3135 1387 3198 τόπος
1409 3137 1465 3187 ὲν
1500 3131 1577 3198 οἷς
1608 3130 1673 3189 ἂν

91 3232 445 3303 τολμήσειας.
475 3228 593 3281 Κᾶν
637 3243 697 3280 τε
743 3226 853 3297 γὰρ
883 3226 1119 3296 ἐκκόψῃς
1147 3226 1204 3280 τὸ
1225 3268 1240 3292 ,
1287 3230 1436 3281 κατὰ
1480 3227 1545 3281 τό
1580 3245 1675 3298 γε-

95 3322 458 3392 παμμένον,
488 3319 739 3387 φαίνεται
773 3321 807 3389 ἡ
834 3318 933 3388 τῆς
961 3320 1457 3391 προγεγραμμένης
1482 3320 1676 3386 λέξεως

94 3413 409 3468 ἀκολουθία.
460 3409 592 3463 ’Λπὸ
644 3408 737 3462 τοῦ
788 3408 937 3479 γὰρ,
1004 3410 1364 3463 Ἐπίστευσα
1394 3451 1406 3471 ,
1442 3410 1533 3464 διὸ
1580 3411 1677 3464 καὶ

97 3504 416 3571 ὲλάίησα,
459 3500 619 3563 εὐθὺς
664 3499 734 3552 τά
788 3497 877 3552 ίσα
921 3497 1223 3567 ἐπενέγκας
1274 3502 1301 3553 ὁ
1360 3500 1678 3564 Ἀπὸστολος

100 3598 236 3667 ἔφη’
272 3598 558 3663 Ἔχοντες
587 3591 651 3645 τὸ
681 3592 827 3645 αὐτὸ
881 3591 1115 3660 πνεῦμα
1148 3589 1259 3657 τῆς
1291 3593 1547 3658 πίστεως
1581 3593 1678 3647 καὶ

100 3688 272 3757 ἡμεῖς
310 3688 705 3755 πιστεύομεν,
750 3684 843 3737 διὸ
884 3683 988 3736 καὶ
1045 3685 1372 3753 λαλοῦμεν.
1420 3685 1589 3737 Παντὶ
1620 3684 1677 3736 δέ
1712 3696 1721 3703 ‘

102 3796 178 3849 τῳ
210 3777 384 3847 σαφές
416 3777 533 3828 ἐστι
560 3774 738 3835 τοῦτο,
773 3774 855 3827 ὅτι
891 3774 949 3826 ὲν
979 3772 1056 3843 τῷ
1089 3774 1364 3844 ἑκατοστῷ
1396 3788 1681 3827 πεντεκαι-

104 3869 312 3940 δεκάτῳ
340 3866 543 3937 ψαλμῷ
591 3868 648 3918 ὲν
695 3865 775 3935 τῷ
820 3865 920 3935 τὴν
974 3864 1284 3936 ἐπιγραφὴν
1330 3866 1680 3931 Ἀλληλούϊα

106 3960 300 4032 ἔχοντι,
338 3960 438 4030 τῆς
478 3958 536 4011 δὲ
563 3956 656 4010 τοῦ
691 3956 855 4009 Δαϐὶδ
889 3954 1072 4025 βίϐλου
1102 3955 1233 4019 ὄντι,
1272 3957 1362 4008 καὶ
1396 3957 1487 4009 ὑπ’
1517 3954 1679 4009 αὑτοῦ

106 4050 631 4125 προπεφητευμένῳ,
666 4051 695 4102 ὀ
721 4048 876 4116 λόγος
918 4046 1034 4111 τοῦ,
1053 4047 1425 4100 Ἐπίστευσα
1456 4046 1571 4099 ἐστὶ
1594 4063 1681 4114 γε·

108 4144 447 4217 γραμμένος.
481 4140 643 4194 Ὅθεν
671 4142 766 4193 καὶ
793 4142 822 4192 ὁ
863 4139 1183 4203 Ἀπόστολος
1220 4138 1377 4191 ἔλαϐε
1407 4139 1466 4191 τὸ
1499 4139 1680 4209 ῥητὸν,

107 4238 200 4291 καὶ
222 4236 428 4306 ὁμοίως
456 4233 559 4304 ἔφη
591 4232 682 4297 τὸ,
712 4232 810 4286 Διὸ
855 4232 1220 4301 πιστεύομεν
1254 4232 1350 4284 καὶ
1380 4230 1549 4299 ἡμεῖς
1584 4231 1681 4284 καί

108 4328 438 4397 λαλοῦμεν,
461 4321 542 4389 εἷς
568 4324 643 4378 ὢν
665 4324 757 4378 τοῦ
784 4322 1016 4397 ἀριθμοῦ
1041 4324 1148 4376 τῶν
1167 4322 1496 4376 ἀποστόλων.
1524 4321 1686 4375 Ὅθεν

1854 2862 2038 2920 Schol.
2068 2854 2102 2920 5
2133 2872 2184 2918 et
2214 2860 2303 2915 9.7.
2337 2860 2597 2917 Habentes
2641 2872 2815 2916 autem
2852 2880 3088 2919 eumaem
3117 2868 3360 2935 spiritum

1788 2955 1906 3026 ﬁdei
1961 2964 2010 3009 et
2048 2971 2141 3008 nos
2184 2953 2479 3016 credimus,
2523 2964 2733 3021 propter
2757 2955 2895 3024 quod
2930 2970 2976 3009 et
3017 2958 3279 3027 loquimur
3315 2962 3359 3017 ³.

1784 3045 1885 3101 Ubi
1915 3061 2077 3101 voees
2107 3046 2227 3100 illas
2252 3046 2496 3109 sustulit,
2544 3046 2681 3099 sicut
2712 3050 2967 3115 scriptum
2994 3060 3092 3103 est.

1850 3136 2033 3193 Relut.
2071 3139 2103 3192 5
2144 3146 2195 3192 et
2230 3136 2320 3193 27.
2349 3137 2686 3207 Quocunque
2729 3139 3013 3194 audaciam
3058 3151 3205 3196 tuam
3232 3157 3363 3199 con-

1779 3230 2030 3293 verteris,
2086 3231 2292 3284 nullum
2336 3245 2444 3299 quo
2499 3238 2548 3282 te
2589 3230 2797 3285 inseras
2846 3233 3051 3286 aditum
3095 3234 3361 3292 invenies.

1782 3324 1908 3379 Sive
1953 3323 2095 3377 enim
2146 3323 2237 3376 illa
2290 3323 2485 3388 verba,
2521 3322 2653 3375 sicut
2694 3324 2947 3392 scriptum
2989 3335 3098 3393 est,
3144 3328 3360 3395 deleas,

1780 3413 2217 3468 antecedentium
2269 3414 2560 3466 verborum
2604 3411 2720 3482 ipsa
2757 3415 2926 3469 series
2958 3427 3198 3485 apparet.
3234 3417 3365 3474 Post

1780 3507 1893 3560 haec
1915 3505 2056 3559 enim
2090 3504 2252 3558 verba
2288 3524 2300 3559 :
2332 3503 2565 3571 Credidi,
2588 3516 2798 3576 propter
2820 3508 2958 3577 quod
2985 3509 3186 3563 locutus
3215 3527 3361 3577 sum,

1780 3597 2010 3654 subinde
2037 3597 2267 3666 aequalia
2301 3597 2637 3668 subjungcus
2663 3603 2737 3652 ait
2765 3599 3063 3670 Apostolus
3094 3619 3106 3655 :
3147 3601 3363 3657 [luben-

1782 3700 1856 3741 tes
1888 3687 2121 3739 eumdem
2163 3687 2407 3756 spiritum
2449 3687 2575 3756 ﬁdei
2605 3697 2653 3740 et
2690 3704 2781 3741 nos
2820 3689 3113 3756 credimus,
3156 3701 3367 3757 propter

1780 3780 1917 3850 quod
1951 3780 2233 3849 loquimur.
2280 3774 2448 3833 Nemo
2482 3788 2660 3833 autem
2685 3779 2814 3833 illud
2850 3781 3113 3849 ignorate
3154 3782 3365 3851 psalmo

1782 3888 1904 3935 cxv,
1932 3872 2015 3926 cui
2048 3872 2369 3940 inscriptum
2405 3879 2487 3925 est
2520 3870 2781 3937 Alleluia,
2816 3874 3018 3942 quique
3056 3875 3108 3927 in
3145 3872 3365 3930 Davidis

1784 3964 1923 4017 libro
1970 3963 2186 4032 legitur,
2212 3969 2264 4015 et
2306 3961 2445 4015 inter
2474 3962 2592 4029 ejus
2623 3963 2843 4015 oracula
2879 3973 3169 4028 censetur,
3202 3967 3365 4020 verba

1785 4055 1873 4106 illa
1904 4070 2025 4108 esse
2068 4054 2381 4124 deprompta
2401 4096 2415 4118 ,
2450 4053 2686 4118 Credidi,
2718 4063 2823 4109 etc.
2853 4056 3008 4112 Unde
3035 4065 3088 4111 et
3130 4058 3364 4127 Aposto-

1784 4147 1869 4201 lus
1900 4146 2165 4215 ejusmodi
2200 4145 2526 4200 sententiam
2551 4148 2831 4203 transtulit
2856 4189 2869 4211 ,
2902 4163 2965 4203 ac
2996 4149 3366 4204 similiterexo

1784 4238 1981 4309 pressit
2016 4258 2029 4293 :
2066 4237 2288 4310 Propter
2314 4242 2451 4311 quod
2484 4240 2744 4295 credimus
2790 4250 2837 4296 et
2883 4240 3047 4312 368
3087 4258 3178 4295 nos
3212 4251 3258 4295 et
3289 4242 3368 4296 lo-

1785 4330 1995 4397 quimur
2027 4342 2045 4382 .·
2078 4330 2169 4385 ille
2213 4331 2434 4401 inquam
2486 4329 2720 4395 Paulus,
2750 4331 2840 4401 qui
2884 4346 2949 4384 ex
2992 4331 3365 4401 apostolorum

108 4422 166 4474 (αὖ
192 4422 345 4488 λέγει
375 4434 393 4451 θ
424 4417 515 4470 Διὸ
562 4417 658 4471 καὶ
708 4418 1026 4479 ἐπίστευσα,
1084 4412 1180 4468 καὶ
1229 4414 1488 4485 ἐλάλησεν
1519 4413 1676 4479 ἀλλὰ,

1790 4438 2016 4475 numero
2063 4439 2205 4478 unus
2240 4424 2466 4479 exstitit.
2522 4423 2726 4479 Idcirco
2774 4440 2881 4478 non
2917 4424 3055 4477 dixit
3090 4444 3102 4477 :
3140 4422 3369 4491 Propter

122 4510 319 4581 Ἡμεῖς
345 4508 731 4575 πιστεύομεν,
764 4505 858 4560 διὸ
886 4507 985 4560 καὶ
1018 4505 1344 4575 λαλοῦμεν,
1382 4506 1468 4559 ἴνα
1497 4506 1687 4559 ἑαυτὸν

116 4603 250 4674 μετά
296 4600 409 4654 τῶν
457 4600 634 4653 ἄλλων
684 4598 999 4653 ἀποστόλων
1052 4599 1286 4670 συνάψῃ.
1333 4598 1441 4651 Καί
1481 4614 1682 4669 φησιν·

116 4698 405 4766 Ἔχοντες
447 4690 517 4745 δὲ
549 4690 614 4745 τὸ
646 4692 789 4746 αὐτὸ
821 4688 1085 4759 πνεῦμα·
1129 4691 1214 4743 ἵνα
1244 4689 1393 4763 δείξῃ
1436 4690 1495 4744 τὸ
1524 4691 1581 4744 ἐν
1607 4688 1687 4760 τῷ

113 4788 275 4842 Δαὸὶδ
294 4786 535 4856 λαλῆσαν
553 4783 774 4857 Πνεῦμα
798 4782 860 4836 τὸ
889 4783 1017 4836 αὐτὸ
1038 4782 1095 4836 ὃν
1123 4784 1342 4854 Πνεῦμα
1368 4784 1460 4837 καὶ
1490 4784 1545 4835 ὲν
1575 4785 1687 4847 τοῖς

116 4880 430 4942 ἀποστόλοις
458 4917 473 4944 ,
529 4878 622 4946 ἀφ’
672 4871 842 4947 οὗπερ
897 4876 1017 4928 τότε
1068 4877 1276 4939 ἐκεῖνος
1332 4874 1688 4946 προφητεύων

115 4973 430 5025 ἐπίστευεν·
482 4970 539 5022 ἐν
591 4961 635 5036 ᾧ
698 4968 975 5037 Πνεῦματι
1034 4968 1128 5021 καὶ
1183 4968 1335 5021 αὐτοὶ
1386 4969 1537 5031 ὄντες
1595 4987 1690 5022 πι-

118 5062 363 5116 στεύουσι
390 5059 485 5113 καὶ
528 5057 767 5113 λαλοῦσι.
810 5058 986 5129 Πολλὴ
1022 5058 1080 5110 δὲ
1107 5058 1290 5111 ἀδικία
1342 5060 1437 5112 καὶ
1498 5059 1689 5113 πλεον-

117 5154 252 5219 εξία,
282 5152 359 5215 ὡς
393 5152 586 5214 εἰπεῖν,
618 5150 704 5203 διὰ
730 5149 1015 5220 νοημάτων
1031 5153 1071 5202 ⁸.
1101 5149 1204 5201 Τοῦ
1227 5148 1333 5219 γὰρ
1363 5149 1685 5203 Ἀποστόλου

118 5246 170 5295 ἓν
202 5244 298 5296 καὶ
323 5241 387 5294 τὸ
420 5240 551 5293 αὐτὸ
580 5238 801 5310 Πνεῦμα
828 5239 1127 5309 φάσκοντος
1146 5279 1159 5303 ,
1197 5239 1312 5303 πῶς
1343 5240 1375 5310 ἡ
1414 5240 1504 5292 τοῦ
1532 5242 1691 5311 Μαρι-

118 5335 309 5395 κίωνος
339 5333 515 5395 ἄνοια,
536 5330 871 5403 ὁμολογοῦσα
899 5331 1084 5385 τοῦτον
1109 5332 1197 5384 τὸν
1226 5330 1381 5398 λόγον
1411 5331 1502 5383 τὸν
1535 5331 1688 5398 ἅγιον

128 5422 447 5477 Ἀπὸστολον
478 5422 755 5494 εἰρηκέναι
782 5463 796 5487 ,
825 5416 997 5494 τολμᾷ
1035 5422 1211 5491 λέγειν
1240 5422 1367 5476 ἄλλο
1402 5419 1538 5477 εἶναι
1569 5422 1689 5475 τότε

116 5516 176 5572 τὸ
212 5514 454 5585 Πνεῦμα,
481 5515 576 5567 καὶ
609 5514 736 5569 ἄλλο
758 5515 819 5568 τὸ
844 5518 901 5569 ὲν
925 5519 1037 5580 τοῖς
1064 5517 1381 5580 ἀποστόλοις
1398 5520 1427 5583 ;'-

191 5677 206 5706 ⁸
238 5672 298 5729 F.
334 5672 574 5747 λάμψας,
618 5673 713 5731 sed
754 5673 908 5731 deest
931 5675 1159 5748 aliquid.

1792 4515 1934 4585 quod
1966 4524 2017 4568 et
2047 4515 2274 4581 credidi,
2305 4526 2357 4569 et
2393 4518 2607 4571 locutus
2644 4532 2784 4582 sum,
2819 4516 2910 4571 sed
2931 4556 2946 4581 ,
2969 4516 3078 4570 Nos
3109 4516 3367 4569 credimus

1790 4615 1998 4675 propter
2025 4607 2161 4676 quod
2203 4618 2251 4661 et
2296 4607 2577 4675 loquimur,
2619 4616 2678 4661 ut
2712 4623 2771 4664 se
2815 4623 2938 4662 cum
2978 4608 3201 4678 reliquis
3238 4622 3370 4676 apo.

1793 4700 1947 4754 stolis
2000 4696 2373 4767 conjungeret.
2422 4701 2602 4765 Quare
2652 4700 2723 4754 ita
2786 4700 3038 4769 scripsit,
3108 4699 3368 4753 [labentes

1794 4789 2028 4843 eumdem
2072 4789 2350 4858 spiritum,
2400 4799 2459 4843 ut
2506 4791 2814 4845 ostenderet
2841 4791 2990 4845 illum
3035 4791 3241 4860 ipsum,
3276 4791 3369 4861 qui

1796 4894 1892 4949 per
1947 4877 2205 4933 Davidem
2256 4879 2616 4949 loquebatur,
2667 4894 2763 4949 per
2819 4880 3095 4951 apostolos
3152 4896 3371 4951 quoque

1800 4968 2063 5038 Spiritum
2083 4985 2205 5024 esse
2226 4970 2465 5024 locutum
2494 4990 2507 5026 :
2539 4972 2696 5040 cujus
2719 4972 2808 5025 ille
2830 4972 3103 5041 quondam
3131 4973 3368 5043 impulsu

1797 5061 2101 5117 vaticinans
2130 5062 2386 5127 credidit,
2420 5074 2473 5118 et
2523 5065 2589 5118 ad
2624 5066 2876 5120 eumdem
2909 5066 3244 5136 pertinentes
3277 5066 3370 5123 isti

1799 5153 1961 5209 modo
1998 5154 2229 5209 credunt
2260 5165 2314 5210 ct
2343 5156 2661 5223 loquuntur.
2686 5156 2949 5212 Versatur
2974 5167 3153 5214 autem
3179 5158 3371 5212 inhoc

1797 5244 1918 5299 loco
1975 5247 2308 5317 intelligendi
2357 5262 2421 5302 ac
2459 5248 2774 5318 disputandi
2823 5265 3077 5320 perversa
3120 5250 3371 5320 quaedam

1798 5350 1862 5391 ac
1912 5336 2121 5394 fraudis
2167 5339 2323 5408 plena
2356 5341 2514 5395 ratio.
2555 5340 2686 5394 Nam
2712 5358 2835 5397 cum
2878 5343 3167 5412 Apostolus
3200 5359 3368 5396 unum

1797 5429 2157 5498 eumdemque
2209 5428 2471 5501 Spiritum
2533 5447 2655 5487 esse
2711 5433 2962 5498 defirniat,
3018 5448 3124 5505 qua
3192 5432 3372 5487 fronte

1794 5536 1986 5577 vecors
2020 5522 2109 5579 ille
2150 5523 2392 5592 Marcio,
2441 5524 2533 5597 qui
2582 5526 2728 5580 illam
2764 5540 3085 5598 germanam
3121 5524 3369 5599 Apostoli

1238 5679 1259 5709 ³
1298 5674 1359 5730 F.
1388 5676 1787 5750 διανοημάτων.
