3846 6322
461 259 565 318 805

1868 262 1928 319 S.
1969 261 2316 320 EPIPHANII

3665 271 3799 328 89“

454 377 764 433 ’orationem
793 391 916 434 esse
943 384 1136 450 negat,
1163 377 1331 434 alium
1362 385 1494 435 tunc
1523 377 1788 450 Spiritum
1853 378 2064 446 fuisse,
2137 395 2304 452 quam
2354 395 2446 451 qui
2481 381 2746 451 apostolis
2795 379 3055 454 deinceps
3102 385 3377 455 adfuerit,
3431 404 3638 448 ausus
3679 403 3760 447 est

463 471 747 546 proﬁteri?

645 591 888 662 Epistola
912 592 981 645 ad
1007 591 1289 656 Romanos,
1311 607 1429 662 quin
1457 601 1533 647 est
1561 594 1743 648 ordine
1772 592 1877 647 IV.

533 701 650 758 Hoc
679 704 820 757 enim
852 703 1043 758 ordine
1071 718 1100 756 a
1141 703 1415 759 Marcione
1461 704 1686 773 ponitur
1730 721 1742 758 :
1787 718 1855 759 ne
1919 702 2052 774 quid

463 803 671 851 rectum
700 795 842 865 apud
873 796 1024 848 illum
1053 810 1116 849 ac
1152 809 1467 864 germanum
1500 796 1831 865 reperiatur.

536 886 719 950 Schol,
758 886 780 939 1
817 895 871 939 et
899 885 993 940 28.
1034 884 1343 955 Quicunque
1380 885 1492 938 sine
1529 887 1636 956 lege
1677 894 2048 956 peccaverunt,

463 977 574 1031 tiae
606 976 712 1046 lege
741 985 789 1029 et
831 975 1094 1043 peribunt.
1136 974 1202 1027 Et
1237 975 1531 1045 quicunque
1573 977 1630 1029 in
1665 976 1775 1046 lege
1810 991 2060 1049 ρεεεηυετ

463 1076 605 1132 runt,
625 1084 713 1136 per
731 1067 890 1137 legem
910 1064 1444 1142 jydicabuntur.Non
1466 1067 1602 1120 enim
1632 1067 1899 1120 auditores
1925 1067 2050 1137 legis

463 1161 593 1226 iusti
621 1160 760 1231 apud
792 1159 958 1212 Deum
978 1201 992 1224 ,
1023 1157 1111 1212 sed
1144 1160 1364 1229 [actores
1393 1159 1518 1227 legis
1539 1158 1976 1228 justi/icabuntur
2007 1160 2046 1215 ‘.

534 1357 715 1415 Rel‘ut.
740 1358 763 1412 l
792 1365 845 1412 et
874 1357 964 1411 28.
992 1356 1047 1412 Si
1075 1357 1386 1427 quicunque
1416 1357 1537 1412 sine
1571 1357 1687 1419 lege
1717 1364 2044 1428 peecarunt,

463 1451 582 1508 sine
615 1452 728 1521 lege
761 1450 987 1522 perituri
1023 1458 1172 1511 sunt,
1194 1448 1441 1519 profecto
1472 1450 1556 1503 lex
1597 1451 1827 1503 salutem
1854 1450 2046 1504 obser-

463 1549 588 1598 vata
619 1543 893 1603 conciliat,
919 1557 1020 1596 nec
1044 1557 1140 1596 eos
1175 1541 1268 1610 qui
1301 1550 1520 1595 servant
1555 1540 1732 1610 perire
1761 1541 2043 1609 permittit.

463 1636 595 1690 item
635 1633 680 1690 si
713 1635 806 1704 qui
840 1634 893 1688 in
927 1634 1043 1703 lege
1070 1640 1402 1704 peccarunt,
1437 1648 1532 1702 per
1565 1633 1732 1702 legem
1760 1630 2048 1701 judicandi

462 1735 617 1792 sunt,
667 1725 836 1796 judex
870 1726 1033 1796 igitur
1083 1725 1580 1795 transgressionum
1634 1725 1717 1778 lex
1772 1734 1891 1790 est,
1925 1739 2048 1794 quae

462 1833 574 1875 non
611 1817 888 1872 interitum
925 1815 1078 1871 affert
1117 1832 1184 1870 ex
1231 1832 1386 1882 sese,
1437 1815 1530 1870 sed
1572 1815 1869 1886 legitimum
1900 1814 2047 1884 judi—

461 1909 607 1965 cium
635 1914 884 1972 exercet,
918 1907 1093 1976 deque
1129 1906 1195 1960 iis
1228 1908 1319 1976 qui
1373 1905 1628 1960 mandata
1681 1906 1933 1961 violarint
1952 1907 2045 1976 ju-

463 2007 605 2058 stam
642 1998 1006 2069 cognitionem
1035 1997 1291 2051 instituit.
1339 1994 1464 2050 Non
1507 1997 1646 2051 enim
1676 1996 1943 2050 auditores
1973 1996 2047 2051 le-

463 2093 542 2164 gis
563 2090 699 2161 justi
730 2087 870 2159 apud
901 2087 1065 2142 Deum
1086 2127 1100 2151 ,
1129 2087 1218 2143 sed
1252 2089 1479 2158 [actores
1509 2088 1635 2159 legis
1670 2087 2047 2158 justiﬁcabun-

465 2193 571 2238 tur.
608 2180 728 2237 Jam
762 2195 891 2235 vero
943 2195 1068 2234 cum
1132 2179 1216 2235 lex
1276 2179 1436 2235 factis
1487 2181 1728 2250 praestita
1787 2180 2046 2236 factorem

463 2275 641 2346 ipsum
669 2271 964 2342 justilicet,
999 2286 1108 2326 non
1137 2271 1339 2340 injusta
1360 2310 1374 2334 ,
1409 2286 1585 2346 neque
1609 2271 1923 2342 pcenitenda
1962 2271 2049 2325 lex

461 2344 589 2433 erit,
621 2371 842 2436 propter
865 2378 1028 2434 quam
1073 2363 1206 2434 justi
1241 2361 1419 2428 ﬁunt,
1449 2344 1540 2435 qui
1569 2363 1619 2419 ei
1646 2363 2046 2434 obtemperant.

463 2459 733 2516 Caeterum
763 2455 832 2510 ad
862 2458 1031 2528 legem
1066 2457 1263 2512 attinet
1289 2456 1423 2512 ﬁdes
1466 2457 1628 2511 etiam
1675 2457 1728 2511 in
1769 2453 2047 2511 Christum

467 2552 523 2608 in
555 2549 744 2609 eadem
793 2549 910 2622 lege
938 2548 1201 2620 praedicta
1222 2591 1238 2615 ,
1272 2549 1391 2604 sine
1428 2563 1538 2620 quo
1566 2547 1861 2618 justiﬁcari
1890 2561 2048 2602 nemo

467 2651 671 2716 potest;
705 2652 758 2699 et
791 2642 842 2697 ei
871 2643 1095 2712 insuper
1119 2641 1436 2714 quicunque
1485 2640 1810 2706 crediderit,
1842 2641 2050 2710 absque

464 2737 600 2808 legis
661 2735 755 2791 illo
804 2734 1118 2791 testimonio
1160 2733 1458 2803 iustiﬁcari
1509 2733 1729 2804 nequit;
1788 2733 2049 2803 quoniam

462 2831 718 2890 Christus
746 2829 882 2900 legis
915 2828 1373 2898 complementum
1399 2833 1518 2890 est,
1550 2833 1610 2880 ut
1641 2825 1936 2896 Apostolus
1963 2824 2049 2881 his

467 2924 649 2982 verbis
669 2922 910 2978 declarat
937 2939 952 2975 :
977 2918 1260 2974 Plenitudo
1283 2919 1410 2989 legis
1431 2918 1677 2974 Christus
1701 2925 1778 2971 est
1800 2916 1868 2971 ad
1885 2917 2052 2987 justi-

464 3018 598 3072 tiam
622 3018 667 3072 ³.
702 3013 868 3086 369
891 3011 1104 3079 Quibus
1137 3010 1266 3064 illud
1299 3011 1530 3074 indicat,
1579 3009 1697 3065 sine
1728 3010 1844 3081 lege
1888 3019 2052 3079 atque

463 3107 684 3166 Christo
713 3106 920 3162 nullam
940 3119 1063 3159 esse
1079 3099 1571 3174 justitiam.Neque
1599 3100 1745 3156 enim
1771 3097 2050 3174 Judaciqui

464 3201 744 3259 Christum
769 3196 1079 3269 repudiant,
1111 3196 1230 3253 sine
1261 3210 1326 3251 eo
1353 3194 1846 3265 justiﬁcabuntur;
1877 3209 2054 3266 neque

465 3303 526 3350 tu
553 3289 954 3364 justiﬁeabere,
987 3286 1223 3353 Marcio,
1254 3286 1348 3358 qui
1379 3287 1549 3357 legem
1577 3287 1835 3357 abnegas.

540 3382 727 3439 Schol.
758 3381 796 3436 ἓ
826 3388 880 3437 et
905 3379 997 3434 29.
1030 3379 1378 3435 Circumcisio
1407 3379 1544 3432 enim
1574 3377 1786 3448 prodest
1817 3377 1864 3432 si
1889 3377 2053 3448 legem

467 3475 672 3546 facias;
710 3471 758 3527 si
782 3479 958 3525 autem
988 3470 1369 3538 pravaricator
1418 3470 1491 3524 sis
1520 3470 1648 3541 legis
1669 3509 1684 3537 ,
1714 3468 2047 3524 circumcisio

469 3570 562 3615 tua
589 3559 908 3629 preputium
931 3558 1078 3626 facta
1102 3566 1180 3611 est
1214 3557 1258 3611 ⁸.

539 3649 723 3706 Refut.
763 3649 800 3703 2
850 3656 905 3704 et
943 3649 1036 3705 29.
1079 3646 1530 3719 Quandoquidem
1577 3647 1923 3720 profuturam
1947 3652 2057 3707 cir-

467 3741 859 3800 cumcisionem
907 3740 1204 3812 Apostolus
1233 3740 1579 3811 pronuntiat,
1608 3740 1734 3812 quis
1757 3741 2056 3800 fructuosis

469 3836 636 3893 rebus
681 3833 1012 3890 calumniam
1058 3841 1273 3890 struere
1337 3833 1575 3889 audeat?
1623 3833 1782 3890 llunc
1831 3836 2055 3906 quidem

469 3928 740 4000 serpentis
795 3926 1028 3982 similem
1078 3931 1294 3996 oportet
1349 3941 1505 3991 esse,
1541 3941 1573 3980 a
1626 3941 1736 3998 quo
1787 3943 1963 4000 neque
1998 3937 2057 3984 tu

469 4017 767 4084 abhorres,
798 4015 1026 4072 Marcio.
1077 4013 1360 4088 Siquidem
1412 4017 1503 4072 ille
1536 4016 1628 4073 Dei
1666 4019 1833 4074 verba
1872 4019 2060 4074 detor-

466 4127 643 4186 quens
690 4109 854 4165 Evam
889 4109 1245 4181 persuasione
1289 4125 1389 4164 sua
1435 4110 1681 4181 decepit,
1716 4111 1790 4165 ita
1817 4113 2057 4182 compel-

469 4205 638 4263 laus:
681 4201 1032 4273 Nequaquam
1085 4202 1380 4255 moriemini
1410 4201 1454 4256 ⁸.
1505 4201 1716 4258 Etenim
1761 4203 2057 4274 Apostolus

471 4298 642 4369 legem
665 4295 734 4350 ad
762 4293 1239 4350 circumcisionem
1265 4293 1556 4360 astrinxit,
1591 4302 1647 4350 et
1679 4295 2057 4351 circumcisio-

471 4405 611 4444 nem.
631 4389 735 4460 legi
782 4395 1206 4443 consentaneum
1244 4401 1366 4442 esse
1395 4388 1750 4451 monstravit,
1784 4387 2058 4457 ejusdem-

470 4497 578 4556 que
632 4481 950 4536 mandatum
1002 4495 1124 4536 esse
1157 4477 1286 4544 Dei,
1337 4479 1432 4550 qui
1479 4488 1534 4535 et
1581 4480 2057 4537 circumcisionem

470 4575 601 4630 olim
632 4573 905 4637 instituit,
935 4579 988 4628 et
1026 4572 1199 4643 legem
1238 4570 1478 4644 praesidii
1505 4585 1672 4627 causa
1701 4572 1861 4639 tulit,
1895 4573 2056 4642 cujus

474 4667 735 4723 beneﬁcio
795 4665 1038 4722 creditus
1099 4663 1354 4720 Christus
1406 4663 1757 4720 credentibus
1810 4665 2052 4736 perfecta

472 4777 700 4835 quaeque
738 4759 921 4815 dicere
948 4773 1013 4814 ac
1045 4757 1226 4814 facere
1253 4757 1525 4814 concedit.

547 4873 732 4930 Schol.
776 4876 810 4931 5
840 4882 894 4928 et
941 4873 1030 4928 50.
1084 4869 1350 4952 Habentes
1389 4871 1822 4941 informationem
1873 4874 2060 4944 cogni-

474 4965 633 5018 tionis
659 4977 706 5018 et
745 4964 982 5018 veritatis
1006 4964 1060 5017 in
1097 4961 1268 5034 lege'.

547 5075 732 5132 Refut.
759 5077 868 5132 5st
893 5076 983 5131 50.
1019 5074 1077 5131 Si
1106 5075 1348 5146 cognitio
1394 5073 1836 5132 informationem
1879 5078 2055 5132 conti-

478 5177 572 5224 net
608 5208 623 5230 .
645 5167 829 5222 forma
860 5183 991 5224 vero
1032 5169 1102 5225 ab
1149 5169 1536 5226 informatione
1572 5170 1781 5237 oritur;
1817 5169 2056 5236 Aposto-

479 5263 515 5317 li
553 5276 714 5333 porro
743 5260 1055 5332 cognitione
1095 5276 1161 5316 ac
1208 5261 1436 5318 veritate
1463 5261 1675 5334 praediti
1701 5279 1766 5318 ex
1800 5263 1934 5333 legis
1973 5263 2058 5317 in-

481 5350 804 5407 formatione
836 5349 1064 5405 formam
1096 5351 1267 5420 ipsam
1293 5351 1572 5418 obtinent,
1605 5351 1710 5407 hoc
1753 5361 1838 5408 est
1867 5353 2056 5423 cogni-

481 5442 683 5495 tionem
708 5454 772 5494 ac
792 5439 1073 5494 veritatem
1088 5439 1374 5509 {sequitur
1402 5441 1574 5511 legem
1610 5455 1639 5494 a
1666 5441 1978 5510 cognitione
2002 5449 2057 5494 et

482 5535 710 5592 veritate
736 5533 960 5588 minime
992 5532 1224 5588 alienam
1254 5532 1446 5589 videri.
1491 5533 1593 5589 Per
1621 5533 1755 5605 legis
1793 5533 1938 5590 enim
1966 5534 2053 5588 in-

2068 598 2118 656 A

2086 4637 2133 4692 D

2257 592 2368 662 Τῆς
2399 594 2549 663 πρὸς
2581 596 2904 665 Ῥωμαίους
2936 596 3218 666 τετάρτης
3247 601 3660 671 Ἐπιστολῆς.

2225 705 2414 793 Οὕτως
2439 706 2547 779 γάρ
2582 709 2697 761 ἐστι
2733 710 2882 783 παρὰ
2927 709 3312 784 τῷΜαρκίωνι
3349 717 3642 786 κειμένη,
3681 717 3760 773 in

2158 797 2321 868 μηδὲν
2347 797 2504 868 ὀρθὸν
2539 799 2668 870 παρ’
2697 800 2845 871 αὑτῷ
2881 802 2988 874 εἴη.

2223 888 2270 946 α’
2304 891 2397 944 καὶ
2435 897 2521 960 κη’
2568 891 2716 962 σχόλ.
2759 893 2932 947 Ὅσοι
2975 895 3208 965 ἀνόμως
3252 897 3575 967 ἥμαρτον,
3622 901 3761 954 ἀνό-

2145 999 2272 1050 μως
2309 983 2407 1036 καὶ
2442 983 2838 1041 ἀπολοῦνται·
2872 985 2971 1040 καὶ
3003 987 3133 1042 ὅσοι
3157 989 3226 1042 ἐν
3247 994 3410 1060 νόμῳ
3445 992 3758 1061 ἥμαρτον,

2151 1072 2249 1126 διὰ
2280 1073 2466 1143 νόμον
2511 1075 2916 1142 κριθήσονται.
2954 1081 3036 1133 Οὐ
3066 1082 3177 1149 γὰρ
3215 1085 3270 1136 oi
3320 1083 3634 1152 ἀκροαταὶ
3663 1086 3761 1138 νό-

2145 1180 2266 1230 μου
2299 1162 2512 1219 δίκαιοι
2569 1170 2730 1236 παρὰ
2771 1168 2850 1235 τῷ
2891 1168 3043 1236 Θεῷ,
3093 1173 3230 1226 ἀλλ’
3258 1176 3311 1227 οι
3353 1176 3620 1244 ποιηταὶ
3661 1178 3760 1230 νό-

2144 1271 2264 1322 μου
2303 1253 2819 1329 δικαιωθήσονται.

2219 1343 2270 1397 α’
2303 1349 2394 1401 καὶ
2419 1356 2503 1421 κη’
2541 1351 2718 1422 ἓλεγχ.
2747 1353 2808 1406 Εἰ
2840 1353 2951 1406 ὅσοι
2972 1355 3188 1426 ἀνόμως
3213 1357 3483 1429 ἥμαρτον,
3525 1360 3759 1430 ἀνόμως

2150 1439 2243 1492 καὶ
2270 1440 2593 1497 ἀπολοῦνται
2618 1485 2632 1506 ,
2666 1446 2936 1518 σωτηρίας
2965 1450 2993 1501 ὀ
3021 1449 3182 1519 νόμος
3211 1450 3507 1524 παραίτιος
3542 1452 3759 1521 φυλατ-

2147 1533 2404 1602 τόμενος,
2435 1536 2529 1589 καὶ
2576 1537 2651 1608 μὴ
2693 1538 2797 1591 ἐῶν
2821 1541 2945 1604 τοὺς
2971 1540 3337 1610 φυλάττοντας
3371 1545 3752 1600 ἀπόλλυσθαι.

2149 1623 2259 1676 καὶ
2289 1627 2338 1678 εἰ
2363 1627 2411 1678 οἱ
2440 1625 2526 1679 διὰ
2563 1630 2726 1700 νόμου
2765 1630 3180 1702 ἁμαρτήσαντες
3208 1633 3296 1687 διὰ
3323 1627 3491 1706 νόμού
3549 1635 3756 1706 κρηή-

2150 1731 2353 1781 σονται,
2401 1717 2509 1787 ἄρα
2551 1720 2741 1792 κριτὴς
2789 1722 2895 1776 τῶν
2928 1722 3292 1794 παραϐάσεων
3323 1727 3352 1778 ὁ
3393 1728 3613 1798 νόμος,
3648 1729 3752 1780 οὐκ

2148 1808 2420 1875 ἀπωλείας
2443 1810 2538 1876 ὢν,
2573 1813 2708 1867 ἀλλὰ
2739 1814 3151 1887 δικαιοκρισίας,
3182 1817 3343 1882 ὁσίως
3373 1819 3594 1890 κρένων
3622 1821 3751 1882 τοὺς

2149 1901 2621 1974 παραϐεϐηκότας.
2660 1907 2742 1960 Οὐ
2769 1904 2880 1974 γὰρ
2906 1909 2960 1960 οἱ
2984 1907 3268 1975 ἀκροαταὶ
3295 1911 3486 1980 νόμου
3514 1913 3748 1968 δίκαιοι

2149 1993 2306 2061 παρὰ
2329 1993 2469 2060 Θεῷ,
2499 1995 2637 2050 ἀλλ’
2659 1998 2712 2049 οἱ
2737 1997 2972 2065 ποιηταὶ
2995 2000 3180 2069 νόμου
3209 1999 3746 2072 δικαιωθήσονται.

2148 2085 2211 2137 Εἰ
2239 2083 2294 2137 δὲ
2336 2085 2654 2157 ποιούμενος
2675 2089 2702 2140 ὁ
2730 2088 2892 2160 νόμος
2924 2089 3124 2144 δικαιοῖ
3157 2092 3245 2145 τὸν
3275 2094 3613 2163 ποιήσαντα,
3645 2096 3744 2147 οὐκ

2148 2175 2331 2239 ἄδικος
2357 2178 2385 2231 ὁ
2409 2177 2601 2249 νόμος,
2635 2178 2759 2232 οὗτε
2790 2180 3021 2250 φαῦλος,
3053 2183 3118 2236 δι’
3156 2183 3214 2237 ὃν
3243 2188 3293 2238 οἱ
3325 2186 3623 2251 τελοῦντες
3654 2187 3744 2238 τὸν

2149 2266 2312 2337 νόμον
2360 2266 2558 2321 δίκαιοι
2597 2269 2972 2327 καθίστανται.
3017 2275 3112 2328 Ἐκ
3159 2275 3216 2329 δὲ
3247 2277 3341 2330 τοῦ
3389 2278 3568 2348 νόμου
3622 2280 3739 2332 ἐστὶ

2149 2358 2298 2430 καὶὴ
2330 2360 2410 2424 εἰς
2448 2361 2681 2431 Χριστὸν
2715 2365 3164 2438 προφητευομένη
3211 2369 3416 2432 πίστις’
3454 2372 3642 2443 χωρὶς
3681 2365 3741 2426 οὗ

2148 2453 2209 2507 οὐ
2235 2453 2653 2527 δικαιωθήσεται
2683 2457 2892 2522 οὐδεὶς,
2939 2461 3035 2513 καὶ
3071 2462 3129 2514 ὲν
3170 2453 3216 2530 ᾧ
3240 2462 3541 2530 πιστεύσας
3583 2467 3742 2535 παρά

2147 2546 2247 2619 τὴν
2268 2547 2360 2600 τοῦ
2391 2547 2554 2620 νόμου
2585 2553 3070 2625 προφητευομένην
3104 2557 3407 2628 μαρτυρίαν
3429 2597 3445 2622 ,
3473 2557 3542 2611 οὐ
3575 2558 3740 2612 66v:-

2149 2659 2238 2695 ται
2271 2642 2432 2696 πάλιν
2466 2643 2838 2710 δικαιοῦσθαι,
2876 2647 2923 2716 (ὃ
2975 2649 3090 2719 καί)
3125 2650 3201 2712 ὡς
3238 2649 3617 2723 πληρώματος
3654 2652 3740 2706 ὃν·

2148 2751 2242 2797 τος
2285 2733 2378 2788 τοῦ
2416 2736 2651 2807 Χριστοῦ
2686 2737 2780 2791 τοῦ
2811 2738 2978 2809 νόμου
3010 2739 3151 2794 κατὰ
3178 2741 3240 2795 τὸ
3269 2743 3424 2813 παρὰ
3450 2743 3532 2814 τῷ
3574 2745 3737 2797 Ἀπο-

2152 2825 2322 2896 στόλῳ
2364 2827 2672 2898 εἰρημένον,
2728 2828 2809 2882 ὅτι
2838 2827 3135 2900 Πλ-ήρωμα
3149 2831 3333 2902 νόμου
3361 2833 3627 2902 Χριστὸς
3652 2836 3738 2899 εις

2151 2918 2547 2988 δικαιοσύνην
2569 2961 2584 2986 ,
2616 2921 2918 2986 δεικνύντι,
2953 2923 3037 2976 ὅτι
3089 2922 3217 2977 ἄνευ
3255 2924 3423 2997 νόμον
3455 2929 3554 2981 καὶ¹
3595 2928 3732 2999 Χριο

2155 3010 2280 3064 στοῦ
2334 3013 2433 3065 οὑκ
2473 3011 2552 3067 ἔνι
2589 3013 2923 3086 δικαιοσύνη.
2967 3014 3105 3070 υῦτε
3151 3017 3259 3088 γὰρ
3315 3018 3564 3073 ἰουδαῖοι
3605 3019 3732 3073 ἄνευ

2153 3103 2391 3176 Χριστοῦ
2426 3105 2874 3178 δικαιωθήσονται
2916 3106 2990 3180 μὴ
3032 3107 3284 3173 λαϐόντες
3325 3109 3731 3182 Χριστδν,οῦτε

2155 3195 2244 3262 σὺ,
2273 3195 2537 3268 Μαρκίων
2562 3237 2577 3261 ,
2612 3195 2953 3272 δικαιωθήσῃ
2981 3197 3390 3271 ἀπαρνούμενος
3417 3200 3512 3254 τὸν
3545 3200 3731 3272 νόμον.

2227 3367 2271 3440 β’
2301 3369 2397 3423 καὶ
2426 3367 2506 3423 κο’
2542 3369 2691 3441 σχόλ.
2744 3372 3029 3444 asparagi]
3067 3375 3185 3445 μὲν
3215 3375 3326 3446 γὰρ
3343 3376 3584 3448 ὠφελεῖ,
3625 3377 3731 3433 ἐὰν

2154 3465 2343 3532 νόμον
2377 3462 2662 3550 πράσσῃς
2682 3480 2696 3494 ·
2730 3463 2838 3518 ἐὰν
2882 3464 2952 3518 δὲ
2993 3466 3336 3538 παραϐάτης
3407 3472 3599 3542 νόμον
3633 3466 3724 3544 ᾖς’

2155 3553 2439 3623 περιτομή
2473 3570 2589 3608 σου
2619 3555 2991 3625 ἀκροϐυστία
3020 3557 3286 3630 γέγονεν.
3707 3599 3712 3602 -

2229 3664 2273 3735 β’
2300 3665 2394 3719 καὶ
2419 3663 2498 3718 κθ¹
2523 3665 2702 3736 ἐλεγχ.
2723 3667 2787 3721 Εἰ
2807 3668 3167 3738 ἀποφαίνεται
3190 3673 3218 3726 ὁ
3246 3672 3397 3742 ἅγιος
3415 3675 3724 3742 ’Δπόστολος

2155 3758 2255 3830 τὴν
2294 3759 2595 3830 περιτομὴν
2627 3759 2952 3834 ὠφελήσειν,
2983 3764 3068 3828 τίς
3095 3767 3154 3817 ὲν
3179 3767 3292 3829 τοῖς
3320 3767 3594 3837 ὠφελοῦσι
3621 3769 3725 3840 μῶ-

2160 3866 2260 3920 μον
2281 3848 2496 3921 θήσειεν
2519 3866 2534 3915 ;
2569 3850 2728 3904 Ἀλλὰ
2757 3853 2806 3906 εἰ
2833 3853 2941 3924 ἄρα
2962 3854 3234 3926 ὅμοιοςτῷ
3260 3856 3382 3926 ὄφει
3409 3861 3692 3931 γενήσεται
3709 3875 3724 3890 ’

2157 3941 2343 4006 ἔοικας
2377 3941 2485 4014 γὰρ
2513 3942 2709 4016 τούτῳ,
2735 3937 2780 3998 ὦ
2805 3947 3090 4015 Μαρκίων.
3127 3949 3392 4014 Κάκεῖνος
3418 3952 3552 4023 γὰρ,
3583 3957 3725 4008 ἀντι-

2160 4035 2406 4106 στρέφων
2423 4036 2492 4090 τὰ
2522 4036 2674 4108 παρὰ
2695 4037 2830 4092 Θεοῦ
2850 4041 3136 4111 εἰρημένα,
3159 4043 3459 4114 παρέπειθε
3473 4045 3573 4117 τὴν
3593 4045 3727 4101 Εὔαν

2157 4126 2362 4196 λέγων·
2416 4129 2499 4182 Οὐ
2544 4128 2779 4196 θανάτῳ
2823 4131 3240 4189 ἀποθανεῖσθε.
3292 4135 3476 4204 Νόμον
3515 4137 3625 4209 γὰρ
3663 4136 3721 4206 τῇ

2158 4222 2428 4292 περιτομῇ
2456 4220 2732 4292 συνέδησε,
2754 4223 2848 4276 καὶ⁹
2867 4221 2965 4294 τὴν
2988 4223 3287 4295 περιτομὴν
3309 4224 3386 4295 τῷ
3413 4226 3566 4298 νόμῳ
3595 4245 3723 4297 συμ-

2159 4312 2474 4384 πρέπουσαν
2524 4313 2788 4380 ἐπέδειξε,
2832 4315 2928 4369 καὶ
2965 4314 3062 4368 τοῦ
3099 4315 3263 4370 αὑτοῦ
3303 4316 3439 4371 Θεοῦ
3471 4318 3532 4372 τὸ
3574 4321 3722 4392 πρόσω

2158 4420 2342 4476 ταγμα
2389 4405 2654 4478 ὑπάρχειν
2696 4407 2939 4478 ὑπέφηνε
2967 4407 3063 4461 τοῦ
3109 4408 3208 4478 τὴν
3239 4411 3542 4482 περιτομήν
3605 4426 3724 4464 ποτε

2159 4495 2465 4561 δεδωκότος,
2513 4500 2605 4552 καὶ
2651 4499 2814 4570 νόμον
2853 4501 2934 4564 εἰς
2977 4499 3224 4572 βοήθειαν
3263 4500 3588 4566 δεδωκότος·
3643 4504 3721 4570 ἀφ’

2159 4581 2330 4659 οὗπερ
2351 4588 2584 4660 Χριστὸς
2609 4590 2996 4660 πιστευόμενος
3012 4591 3078 4643 τὰ
3094 4591 3211 4644 τέλε
3222 4609 3277 4646 ια
3291 4594 3402 4656 τοῖς
3421 4595 3721 4650 πιστεύουσι

2160 4680 2339 4736 λαλεῖν
2377 4698 2434 4735 τε
2462 4683 2553 4736 καὶ
2581 4687 2752 4737 ποιεῖν
2782 4682 3099 4754 παρέχεται.

2231 4872 2278 4935 γ’
2307 4868 2402 4920 καὶ
2435 4865 2478 4919 λ’
2502 4867 2654 4938 σχόλ.
2693 4869 2948 4937 Ἕχοντα
2978 4867 3091 4936 τὴν
3114 4870 3426 4938 μόρφωσιν
3448 4869 3562 4939 τῆς
3584 4870 3717 4942 πώ-

2157 4975 2332 5024 σεως,
2359 4959 2459 5011 καὶ
2495 4960 2605 5025 τῆς
2633 4960 2916 5026 ἀληθείας
2940 4960 3011 5012 ἐν
3038 4959 3116 5023 τῷ
3145 4962 3325 5029 νόμῳ.

2229 5070 2278 5139 γ’
2306 5071 2400 5124 καὶ
2436 5071 2480 5123 λ’
2509 5071 2689 5142 ἐλεγχ.
2732 5072 2796 5124 Εἰ
2830 5073 2862 5141 ή
2904 5071 3104 5140 γνῶσις
3136 5076 3416 5144 μόρφωσιν
3460 5075 3594 5148 ἔχει,
3628 5079 3718 5133 ἀπὸ

2157 5165 2214 5219 δὲ
2241 5166 2339 5236 τῆς
2363 5166 2693 5238 μορφώσεως
2716 5166 2776 5219 τὸ
2799 5161 2940 5229 εἶδος
2965 5165 3235 5235 φαίνεται,
3261 5169 3310 5220 οἱ
3336 5168 3394 5221 δὲ
3417 5169 3518 5239 τὴν
3536 5171 3717 5239 γνῶσιν

2159 5257 2256 5311 καὶ
2293 5258 2390 5330 τὴν
2428 5259 2684 5330 ἀλήθειαν
2728 5257 2942 5328 ἔχοντες
2982 5258 3265 5313 ἀπόστολοι
3305 5260 3399 5313 καὶ
3445 5261 3497 5313 οι
3535 5263 3717 5315 τούτων

2163 5351 2398 5422 μαθηταὶ
2443 5351 2647 5404 οἴδασιν
2695 5351 2804 5404 ἀπὸ
2845 5352 2944 5422 τῆς
2980 5350 3313 5422 μορφώσεως
3351 5351 3446 5405 τοῦ
3485 5355 3645 5423 νόμου
3670 5351 3716 5404 τὸ

2159 5440 2296 5506 εἶδος
2323 5443 2640 5514 κεκτῆσθαι,
2685 5444 2933 5496 τουτέστι
2970 5443 3070 5515 τὴν
3103 5443 3304 5512 γνῶσιν
3335 5446 3432 5498 καὶ
3468 5446 3568 5517 τὴν
3603 5445 3712 5514 ἀλήο

2167 5534 2345 5588 Οειανο
2371 5534 2472 5588 οὐκ
2497 5535 2605 5606 ἄρα
2627 5534 2906 5606 ἀλλότριος
2935 5537 2962 5588 ό
2981 5535 3146 5606 νόμος
3175 5534 3267 5587 τοῦ
3294 5535 3458 5605 νόμου
3481 5537 3499 5568 ⁸
3527 5538 3711 5605 καὶτῆς

457 5741 471 5791 χ
557 5724 575 5749 ³
609 5715 766 5771 (tom.
803 5732 861 5783 ιι,
895 5714 978 5770 12.
1032 5717 1076 5799 ..⁸
1107 5713 1264 5772 Ιὶοιιι.
1300 5731 1353 5784 x,
1379 5715 1430 5768 4.
1513 5715 1532 5748 ³
1563 5713 1719 5770 Rom.
1757 5729 1818 5787 ιι,
1847 5714 1936 5771 25.
2017 5715 2035 5747 ⁵

2169 5733 2198 5770 ι.
2236 5731 2314 5785 ιιι,
2337 5716 2389 5772 4.
2467 5719 2486 5748 ⁵
2519 5716 2676 5772 Rom.
2715 5732 2770 5784 Il,
2803 5715 2887 5771 ‘20.
2971 5717 2991 5746 θ
3027 5714 3084 5772 F.
3116 5714 3212 5782 τῆς
3248 5713 3520 5782 γνώσεως.
