3768 6182
91 232 179 289 105
757 239 1127 298 ADVERSUS
1163 239 1510 297 HERESES
1543 240 1673 298 LIB.
1710 240 1757 298 1,
1793 239 1959 300 ΤΟΜ.
1997 244 2082 300 Ill.
2116 276 2185 295 —-.
2207 246 2482 306 H/ERES.
2528 250 2694 309 XLII.

3292 256 3395 312 806

87 352 365 425 ίίιηθείας.
396 350 494 406 Διά
520 351 631 425 γὰρ
663 352 766 423 τῆς
794 354 854 406 ὲν
886 351 1037 423 αὐτῷ
1078 356 1414 425 μορφώσεως
1441 352 1660 421 ἐπέγνω

1815 357 2178 413 ormationem
2241 360 2494 417 veritatis
2552 378 2839 433 pmconcs
2898 366 3269 438 cognitionem
3329 386 3393 429 ac

85 458 181 499 σαν
226 445 276 497 οί
327 444 569 514 κήρυκες
604 444 707 516 τῆς
744 444 1001 515 ἀληθείας
1045 446 1148 518 τὴν
1201 445 1404 516 γνῶσιν
1452 448 1545 500 καὶ
1587 447 1688 519 τὴν

83 536 367 606 ἀλήθειαν.

146 631 189 682 δ’
220 631 316 683 καὶ
345 630 426 683 λα’
458 629 603 701 σχόλ.
670 631 794 684 Ἔτι
833 632 943 702 γὰρ
981 634 1238 703 Χριστός
1273 631 1467 687 ὄντων
1521 629 1689 700 ἡμῶν

79 722 379 788 ἀσθενῶν,
400 723 487 775 ἔτι
514 724 667 777 κατὰ
684 725 894 794 καιρόν
916 726 1069 795 ὑπὲρ
1091 723 1330 779 ἀσεϐῶν
1356 723 1683 780 ἀπέθανεν.

146 904 187 956 δ’
223 906 318 957 καὶ
355 903 434 957 λα’
463 904 645 975 ἔλεγχ.
690 906 783 970 Τὸ,
815 906 903 960 ἔτι
938 907 1035 962 καί
1072 906 1395 970 ἀπέθανεν,
1428 906 1487 958 οὐ
1516 906 1681 977 δοκη-

72 1012 242 1059 σεως,
273 998 408 1052 ἀλλά
434 998 693 1069 ἀληθείας
715 1000 830 1052 ἐστὶ
849 1001 1205 1070 σημαντικόν.
1239 1001 1301 1053 Ei
1327 998 1434 1071 γὰρ
1457 999 1682 1067 δόκησις

70 1081 166 1159 ἦν,
194 1090 279 1150 τίς
293 1089 451 1159 χρεία
470 1089 565 1142 τοῦ
589 1089 674 1143 ἔτι
696 1090 976 1157 λέγεσθαι,
1002 1090 1302 1161 δυναμένου
1324 1088 1417 1143 τοῦ
1442 1088 1678 1159 Χριστοῦ

70 1182 313 1233 πὰντοτε
346 1181 440 1234 καὶ
456 1181 551 1233 νῦν
576 1182 793 1252 δοκήσει
830 1182 1135 1250 φαίνεσθαι,
1168 1181 1262 1234 καὶ
1286 1181 1361 1252 μὴ
1392 1180 1676 1249 λέγεσθαι,

68 1272 165 1327 ἔτι
186 1273 378 1326 ὄντων
398 1272 567 1343 ἡμῶν
581 1273 881 1338 ἀσθενῶοτ
925 1273 1055 1325 Ἀπὸ
1081 1272 1167 1325 τοῦ
1190 1272 1321 1344 γὰρ,
1340 1271 1449 1335 ἔτι,
1474 1271 1535 1326 τὸ
1559 1272 1680 1325 τότε

68 1360 261 1416 θανεῖν
288 1364 558 1429 ἀπέδωκε,
590 1364 682 1416 καὶ
711 1364 993 1417 ἐδικαίωσε
1030 1364 1107 1433 τῷ
1142 1362 1389 1433 θανάτιρο
1419 1363 1505 1415 ἶνα
1540 1381 1681 1434 μηκ-

66 1456 155 1510 ἐτι
185 1457 376 1527 χρείαν
405 1457 501 1530 ἔχῃ
532 1457 713 1511 θανεῖν
735 1459 764 1510 ό
784 1458 924 1528 ὑπὲρ
978 1456 1316 1527 ἁμαρτωλῶν
1365 1455 1514 1517 ἅπαξ
1543 1456 1679 1510 ἀπο-

65 1544 277 1609 θανὼν,
315 1546 410 1600 καὶ
447 1547 513 1599 δι’
552 1546 762 1599 ἑαυτῶν
804 1546 1000 1616 μηκέτι
1035 1546 1413 1615 ἀποθνήσκων.

1793 448 2079 502 veritatem
2114 456 2244 505 sunt
2276 447 2479 519 adepti.

1868 625 2053 679 Schol.
2088 626 2121 680 4
2170 634 2223 682 ct
2254 627 2343 680 5|.
2382 626 2573 680 Adhuc
2620 628 2760 680 enim
2813 626 3059 682 Christus
3095 647 3209 683 cum
3250 647 3362 687 esse

1789 732 1909 771 mus
1951 718 2175 787 inﬁrmi.
2224 719 2396 772 adhuc
2426 721 2481 773 in
2523 730 2756 790 tempore
2805 736 2900 786 pro
2932 722 3110 789 impiis
3151 734 3389 779 mortuus

1788 818 1866 863 est
1894 810 1932 861 ί.

1858 900 2044 956 Refut.
2077 903 2110 957 4
2140 911 2193 958 et
2222 904 2310 958 5|.
2356 904 2637 959 Vocabula
2686 906 2836 972 haec,
2888 906 3101 970 adhuc,
3145 917 3195 962 et
3245 926 3391 964 mor-

1790 1000 1907 1046 tuus
1947 1003 2063 1060 est,
2108 1010 2217 1047 non
2254 994 2455 1049 nudam
2502 998 2778 1065 speciem,
2821 997 2917 1052 sed
2968 1000 3255 1053 veritatem
3295 1016 3388 1053 ar-

1788 1093 1982 1155 guunt.
2035 1085 2092 1138 Si
2124 1086 2269 1141 enim
2305 1089 2423 1142 sola
2476 1089 2689 1157 species
2724 1090 3062 1157 exstitisset,
3092 1092 3221 1161 quid
3266 1084 3387 1147 eam

1789 1178 2136 1249 particulam,
2162 1178 2364 1243 adhuc,
2386 1180 2697 1249 exprimere
2730 1196 2870 1252 opus
2905 1193 3045 1248 erat,
3080 1200 3203 1238 cum
3236 1186 3387 1242 omni

1790 1278 2024 1338 tempore
2088 1269 2336 1339 adeoque
2376 1287 2523 1325 nunc
2581 1272 2764 1341 specie
2797 1284 2960 1329 tenus
3006 1277 3182 1345 possit
3216 1294 3385 1347 appac

1788 1377 1908 1414 rere
1941 1361 2195 1416 Christus
2216 1402 2229 1423 .
2274 1377 2453 1432 neque
2486 1370 2667 1418 tamen
2723 1364 2962 1433 adjicere
3012 1383 3240 1423 necesse
3273 1370 3382 1434 sit,

1788 1468 1907 1505 cum
1943 1452 2113 1505 adhuc
2139 1453 2339 1521 inﬁrmi
2375 1455 2649 1507 essemus?
2688 1454 2801 1509 llac
2830 1456 2975 1510 enim
3010 1472 3163 1524 voce,
3188 1458 3380 1524 adhuc,

1783 1551 1897 1596 tum
1928 1544 2081 1597 illum
2113 1554 2346 1598 mortem
2380 1545 2587 1601 obiisse
2622 1548 2899 1617 signiﬁcat
2921 1591 2936 1615 ,
2968 1564 3032 1604 ac
3063 1560 3240 1605 morte
3281 1568 3381 1607 sua

64 1636 409 1707 justiﬁcasse
434 1681 447 1702 ,
498 1656 600 1695 nec
638 1640 874 1710 amplius
924 1641 1063 1695 mori
1093 1656 1321 1696 necesse
1376 1638 1450 1693 sit
1490 1638 1680 1704 illum,
1722 1637 1815 1710 qui
1856 1653 1953 1708 pro
1987 1638 2373 1708 peccatoribus
2400 1640 2569 1695 semel
2602 1651 2685 1696 est
2709 1651 2983 1707 mortuus,
3040 1659 3103 1698 ac
3133 1660 3229 1715 per
3257 1659 3383 1699 sese

66 1751 185 1791 non
226 1737 461 1807 amplius
494 1738 781 1791 moriatur.

141 1836 185 1880 ε’
218 1829 311 1882 καὶ
333 1828 410 1900 λβ¹
444 1828 591 1899 σχόλ.
650 1829 829 1881 Ὥστε
864 1831 897 1882 ὀ
924 1827 1042 1896 μὲν
1066 1828 1250 1898 νόμος
1284 1826 1475 1898 ἅγιος,
1508 1824 1603 1879 καὶ
1630 1825 1662 1893 ἡ

1847 1820 2013 1892 370
2045 1821 2231 1875 Schol.
2268 1821 2301 1875 5
2338 1828 2391 1875 et
2430 1821 2517 1875 52.
2552 1820 2683 1876 Ideo
2736 1823 2821 1876 lex
2850 1835 3038 1879 sancta
3066 1838 3117 1882 et
3163 1834 3382 1889 manda-

67 1918 296 1986 ἐντολὴ
328 1918 485 1987 ἁγία,
523 1918 621 1970 καὶ
654 1917 855 1972 δικαία
894 1917 991 1971 καὶ
1023 1917 1240 1985 ἀγαθή.

144 2020 187 2063 ε’
233 2010 324 2064 καὶ
365 2009 442 2079 λβν
487 2009 669 2079 ἔλεγχ.
725 2009 1039 2064 Συντίθεται
1092 2009 1169 2079 τῷ
1225 2009 1371 2083 νόμῳ
1410 2012 1471 2065 τὺ
1515 2012 1673 2080 ἅγιον

68 2100 243 2154 αὑτὸν
284 2095 445 2165 εἶναι,
489 2101 584 2152 καὶ
616 2102 683 2170 τῇ
726 2100 784 2152 ὲν
807 2098 954 2168 αὑτῷ
985 2096 1170 2169 ἐντολῇ
1198 2098 1491 2172 γενομένῃ,
1524 2100 1671 2170 τρισὶ

72 2195 403 2264 μαρτυρίαις
446 2192 884 2263 ἀσφαλισάμενος
917 2192 1145 2260 ταύτην,
1187 2193 1349 2260 ἁγίαν
1381 2192 1550 2261 αὐτὴν
1582 2191 1673 2245 λέ-

67 2302 186 2355 γων
225 2287 319 2338 καὶ
355 2285 569 2338 δικαίαν
608 2285 706 2339 καὶ
741 2283 989 2353 ἀγαθήνο
1050 2284 1134 2335 ἵνα
1180 2282 1374 2356 ἐλέγξῃ
1413 2299 1493 2347 σε,
1522 2284 1673 2355 Μαρ-

70 2381 235 2442 κίων,
294 2378 388 2431 καὶ
421 2378 570 2449 ἡμᾶς
605 2376 793 2449 διδάξῃ
823 2376 918 2429 τοῦ
953 2376 1109 2446 ἁγίου
1157 2371 1294 2428 εἶναι
1342 2375 1433 2428 τὸν
1478 2375 1661 2446 νόμον,

68 2465 134 2523 οὗ
186 2471 347 2541 καὶὴ
402 2469 589 2541 ἐντολή
621 2468 773 2537 ἁγία,
832 2470 926 2523 καὶ
981 2468 1144 2521 αὑτὸν
1184 2468 1277 2522 τὸν
1326 2468 1481 2535 ἆγιον
1529 2464 1669 2521 εἶναι

68 2565 169 2615 καὶ
203 2562 423 2629 ἀγαθόν.
470 2561 562 2614 Διὸ
608 2560 815 2630 ἀγαθοῦ
848 2557 985 2615 οὖσα
1012 2561 1223 2631 ἐντολὴ,
1266 2562 1449 2634 ἀγαθὴ
1481 2562 1669 2616 καλεῖ-

64 2671 156 2706 sat
182 2672 197 2683 ·
241 2654 338 2706 καὶ⁸
371 2653 528 2722 ἁγίου
561 2648 717 2713 οὖσα,
762 2653 891 2722 ἀγία
924 2654 1073 2706 ἐστί’
1119 2655 1212 2707 καὶ
1248 2654 1456 2706 δικαίου
1493 2655 1671 2727 ὑπάρ-

63 2762 259 2815 χυνσα,
309 2744 493 2797 δικαία
538 2743 725 2815 ἐντολὴ
772 2744 1036 2804 καλεῖται,
1074 2743 1191 2807 ἑνὸς
1223 2743 1375 2805 ὄντος
1415 2744 1510 2797 τοῦ
1540 2746 1665 2799 τότε

63 2838 160 2888 καὶ
198 2835 327 2899 νῦν,
388 2834 484 2887 τοῦ
516 2833 668 2899 ὄντος
711 2835 867 2904 ἁγίου
909 2836 1002 2889 καὶ
1049 2836 1259 2888 δικαίου
1305 2835 1401 2889 καὶ
1435 2836 1664 2903 ἀγαθοῦ.

61 2928 154 2979 Διὸ
185 2925 282 2979 καὶ
303 2927 336 2992 ἡ
366 2924 532 2978 αὐτοῦ
560 2924 771 2995 ἐντολὴ,
813 2926 845 2994 ἡ
881 2925 988 2978 ἀπ’)
1016 2925 1135 2977 τότε
1176 2926 1271 2978 καὶ
1298 2925 1397 2979 νῦν
1426 2927 1485 2978 ὲν
1515 2930 1667 2998 νόμῳ

61 3020 157 3072 καὶ
186 3021 245 3070 ὲν
272 3019 449 3089 Fam]
479 3015 745 3088 Διαθήκῃ,
795 3015 925 3082 ἁγία
966 3016 1201 3087 ὑπάρχει
1230 3016 1324 3070 καὶ
1361 3016 1546 3073 δικαία
1571 3020 1668 3073 καὶ

58 3108 267 3181 ἀγαθή.

133 3298 188 3355 ς’
208 3292 309 3345 καὶ
334 3290 414 3360 λγ
433 3289 583 3361 σχόλ.
613 3290 741 3345 Ἵνα
761 3288 830 3343 τὸ
852 3289 1142 3358 δικαίωμα
1166 3291 1272 3345 τοῦ
1294 3294 1484 3362 νόμον
1508 3295 1660 3363 πλη-

55 3383 220 3458 ρωθῇ
251 3387 324 3439 ἐν
362 3383 529 3454 ἡμῖν.

130 3484 187 3540 ς’
215 3477 312 3531 καὶ
336 3475 414 3545 λγ¹
438 3476 616 3547 ἕλε-(χ.
652 3475 716 3529 El
741 3475 801 3531 ὲν
825 3478 940 3541 τοῖς
965 3475 1287 3540 ἀποστόλοις
1318 3478 1411 3531 καὶ
1436 3478 1494 3531 ὲν
1524 3480 1658 3550 ἡμῖν

53 3569 117 3622 τὸ
147 3570 429 3639 δικαίωμα
452 3567 545 3621 τοῦ
585 3568 751 3639 νόμου
783 3567 1109 3638 πληροῦται,
1152 3568 1269 3633 πῶς
1304 3569 1392 3632 σὺ,
1420 3563 1467 3624 ὦ
1496 3572 1657 3643 Μαρ-

53 3662 214 3725 κίων,
266 3660 471 3731 τολμᾷς
506 3660 687 3728 λέγειν
730 3662 824 3713 τὸν
856 3661 1020 3731 νόμον
1051 3660 1335 3733 ἀλλότριον
1368 3662 1476 3717 τῶν
1516 3664 1658 3717 κατά

52 3754 113 3807 τὺ
136 3751 418 3823 πλήρωμα
464 3748 558 3805 τοῦ
595 3750 762 3823 νόμου
786 3751 1180 3825 δικαιουμένων
1210 3754 1527 3810 ἀποστόλων
1558 3757 1654 3811 τοῦ

50 3846 191 3900 Θεοῦ
210 3863 229 3912 ;

123 3938 168 4003 ζ’
194 3939 295 3993 καὶ
320 3939 394 3994 λδ¹
417 3939 564 4012 σχόλ.
602 3938 787 4006 Τέλος
818 3938 929 4009 γὰρ
958 3941 1151 4010 νόμου
1169 3942 1425 4011 Χριστὸς
1452 3944 1538 4010 είς
1564 3941 1654 3999 δι-

50 4032 403 4101 καωσὺνην
433 4032 613 4086 παντί
640 4030 721 4097 τῷ
751 4032 1120 4088 πιστεύοντι.

124 4125 172 4191 ζ’
196 4126 299 4179 καὶ
319 4126 391 4180 λδ¹
414 4126 594 4197 ζλεγχ.
616 4127 772 4191 Elei;
794 4126 1145 4199 δικαιοσύνην
1170 4127 1403 4199 Χριστὸς
1427 4127 1653 4200 ἐλήλυθε

49 4220 223 4273 παντὶ
251 4218 330 4289 τῷ
360 4218 688 4284 πιστεύοντι,
721 4220 783 4273 οὐ
816 4219 912 4273 τοῦ
960 4221 1127 4291 νόμου
1171 4221 1570 4293 τελειουμένου,
1604 4224 1654 4277 εί

52 4313 127 4385 μὴ
157 4312 398 4382 Χριστὸς
426 4310 685 4385 τελειώσῃ
717 4316 784 4385 τῇ
816 4312 1011 4367 ἑαυτοῦ
1046 4314 1324 4385 παρουσίᾳ
1349 4330 1364 4344 ο
1416 4314 1516 4367 οὐκ
1544 4316 1653 4387 ἄρα

48 4402 504 4475 τελειωθήσεσθε,
552 4397 598 4458 ὧ
647 4404 914 4471 Ἰουδαῖοι,
963 4406 1024 4457 ἐν
1060 4405 1211 4476 νόμῳ
1247 4404 1526 4476 μένοντες,
1558 4406 1654 4461 ἐὰν

52 4498 126 4569 μὴ
169 4497 413 4561 Χριστὸν
448 4497 827 4570 ὲνδημήσαντα
865 4496 1259 4561 πιστεύσαντες
1292 4497 1647 4570 ὑποδέξησθε.

1777 1918 1889 1962 tum
1929 1921 2170 1964 sanctum
2202 1924 2252 1964 et
2273 1912 2515 1979 justum,
2551 1920 2601 1964 et
2632 1915 2829 1965 bonum
2856 1916 2899 1966 ².

1847 2002 2032 2059 Refut.
2066 2003 2100 2057 5
2140 2011 2194 2058 et
2248 2002 2339 2057 52.
2372 2001 2503 2074 Legi
2556 2002 2660 2057 hoc
2710 2005 3008 2075 Apostolus
3064 2011 3286 2075 tribuit,
3317 2025 3379 2071 ut

1776 2106 1967 2156 sancta
2024 2098 2130 2163 sit,
2185 2095 2548 2166 eiusdemque
2600 2099 2859 2153 mandato
2906 2118 2919 2154 :
2970 2104 3117 2170 quod
3172 2107 3377 2177 triplici

1773 2188 2091 2245 testimonio
2125 2188 2448 2253 conﬁrmat,
2486 2196 2743 2244 sanctum
2788 2205 2913 2246 esse
2944 2194 3284 2265 praedicans,
3324 2209 3379 2255 et

1768 2283 2005 2354 justum,
2036 2291 2091 2337 et
2116 2282 2320 2338 bonum
2341 2322 2355 2347 ,
2390 2288 2450 2335 ut
2476 2291 2550 2350 te,
2584 2281 2829 2349 Marcio,
2871 2272 3241 2357 condemnet,
3274 2309 3378 2350 nos

1772 2392 1905 2433 vero
1954 2377 2105 2448 ipsos
2172 2376 2432 2442 edoceat,
2471 2377 2647 2447 legem
2699 2379 2943 2436 auctoris
2991 2396 3115 2437 esse
3162 2388 3374 2453 sancti,

1773 2470 1931 2541 cujus
1989 2468 2309 2523 mandatum
2378 2478 2632 2525 sanctum
2689 2470 2791 2535 sit;
2864 2474 3230 2545 eumdemque
3277 2480 3374 2550 qui

1771 2574 2000 2619 sanctus
2035 2570 2139 2629 est,
2166 2578 2290 2619 esse
2315 2561 2542 2618 bonum.
2570 2562 2868 2633 Propterea
2900 2581 3024 2620 cum
3053 2570 3371 2627 mandatum

1771 2670 1801 2710 a
1849 2655 1995 2711 bono
2052 2653 2358 2725 profectum
2418 2654 2623 2717 fuerit,
2679 2654 2884 2709 bonum
2937 2653 3176 2723 dieitur;
3233 2668 3289 2715 ct
3340 2677 3372 2717 a

1771 2755 1984 2811 sancto,
2006 2756 2257 2802 sanctum
2283 2763 2297 2812 ;
2322 2757 2376 2802 et
2400 2763 2432 2802 a
2452 2748 2602 2817 justo
2617 2746 2926 2803 derivatum
2942 2788 2957 2811 ,
2972 2748 3184 2818 justum
3204 2751 3370 2807 etiam

1769 2840 2107 2910 appellatur;
2131 2854 2257 2893 cum
2287 2854 2430 2894 unus
2460 2839 2716 2910 idemque
2745 2840 2910 2894 modo
2943 2840 3036 2904 sit,
3067 2841 3160 2911 qui
3188 2856 3369 2912 quon-

1768 2931 1893 2985 dam
1920 2930 2165 2996 exstitit,
2220 2940 2486 2998 sanctus,
2525 2933 2713 3002 justus
2762 2948 2827 2988 ac
2877 2933 3078 2991 bonus.
3118 2934 3275 2992 Unde
3313 2944 3370 2992 et

1768 3021 2086 3077 mandatum
2113 3022 2289 3094 ipsius
2321 3030 2434 3078 tam
2470 3025 2619 3094 quod
2648 3026 2803 3090 olim,
2834 3043 3000 3097 quam
3028 3030 3176 3099 quod
3204 3029 3369 3085 modo

1768 3123 1851 3171 est
1930 3117 2137 3171 editum
2169 3156 2184 3182 ,
2244 3116 2301 3171 in
2370 3126 2606 3190 utroque
2657 3119 2920 3176 videlicet
2975 3121 3365 3191 Testamento,
3452 3120 3453 3123 “

1675 3211 1722 3272 C
1754 3214 2006 3261 sanctum
2040 3246 2056 3271 ,
2093 3208 2296 3276 iustum
2328 3223 2392 3263 ac
2421 3209 2627 3264 bonum
2658 3210 3089 3267 existimandum
3118 3224 3225 3271 est.

1830 3298 2019 3440 (Schol.
2056 3300 2091 3357 6
2121 3308 2176 3358 et
2221 3302 2310 3357 55.
2351 3300 2421 3357 Ut
2460 3302 2780 3359 iustiﬁcatio
2825 3305 2954 3376 legis
2993 3307 3278 3376 impleatur
3308 3310 3367 3365 in

1865 3388 1910 3440 is
1938 3388 1959 3420 ³

1760 3388 1910 3443 nobis
1938 3388 1959 3420 ³

1832 3476 2016 3534 Refut.
2047 3477 2081 3534 6
2109 3487 2164 3535 et
2197 3481 2287 3537 55.
2319 3482 2377 3537 Si
2414 3481 2470 3537 in
2501 3484 2769 3554 apostolis
2804 3494 2861 3542 et
2899 3486 2955 3542 in
3005 3488 3167 3546 nobis
3196 3489 3364 3557 iusti-

1759 3568 1945 3625 ﬁcatio
1980 3571 2117 3642 legis
2147 3574 2433 3645 impletur,
2462 3590 2570 3647 qua
2595 3576 2743 3634 istud
2790 3576 2976 3636 fronte
2998 3584 3363 3652 pronuntiare

1758 3663 1961 3729 audes,
2003 3664 2210 3719 Marcio
2232 3707 2246 3731 ,
2284 3666 2458 3738 legem
2499 3668 2570 3724 ab
2599 3670 2866 3741 apostolis
2897 3671 3029 3741 Dei,
3058 3675 3154 3745 qui
3179 3692 3246 3732 ex
3278 3676 3362 3734 le-

1757 3759 1840 3831 gis
1868 3760 2275 3831 complementa
2306 3760 2709 3833 justiﬁcantur,
2744 3765 2981 3823 alienam
3013 3768 3223 3825 videri?

1831 3931 2019 3992 Schol.
2049 3935 2081 3989 7
2110 3943 2166 3991 et
2198 3936 2287 3992 5L
2307 3935 2463 3994 Finis
2485 3940 2628 3995 enim
2661 3940 2794 4013 legis
2826 3939 3075 3998 Christus
3105 3943 3175 3998 ad
3192 3944 3361 4014 justi-

1759 4028 1890 4082 tiam
1925 4028 2073 4082 omni
2094 4029 2331 4083 credenti
2362 4030 2404 4084 ⁸.

1828 4119 2015 4177 Refut.
2054 4122 2085 4176 7
2114 4132 2168 4177 et
2200 4122 2292 4178 54.
2326 4121 2385 4178 Si
2413 4122 2484 4179 ad
2521 4124 2865 4181 credentium
2908 4126 3154 4182 omnium
3189 4127 3358 4200 justi-

1757 4214 1890 4268 tiam
1929 4214 2185 4271 Christus
2220 4216 2475 4281 advenit,
2507 4216 2583 4272 ita
2607 4225 2668 4273 ut
2702 4217 2891 4290 perﬁci
2936 4218 3021 4275 lex
3065 4221 3227 4278 aliter
3256 4240 3355 4280 ne-

1756 4314 1941 4378 queat,
1962 4308 2070 4363 nisi
2098 4322 2219 4363 eam
2249 4308 2506 4366 Christus
2538 4325 2641 4367 suo
2670 4311 2907 4368 adventu
2927 4313 3200 4384 perﬁciat,
3225 4331 3352 4385 per-

1757 4400 1844 4454 ﬁci
1888 4415 2018 4468 vos,
2064 4398 2276 4468 Judaei,
2321 4403 2476 4458 nullo
2529 4404 2695 4459 modo
2743 4405 3013 4474 potestis,
3061 4407 3109 4463 si
3148 4406 3202 4461 in
3235 4408 3353 4478 lege

1756 4495 2050 4558 maneatis,
2085 4495 2193 4549 nisi
2224 4494 2506 4551 Christum
2527 4534 2543 4559 ,
2576 4497 2671 4567 qui
2700 4496 2813 4567 jam
2840 4500 3028 4564 venit,
3060 4499 3350 4557 credentes

60 4592 227 4645 ’Λιλλά
247 4592 370 4645 οὐδὲ
398 4592 486 4657 σὺ,
508 4592 789 4664 Μαρκίων,
820 4593 1025 4666 δυνήσῃ
1053 4592 1293 4663 σωθῆναι
1317 4595 1376 4646 ὲν
1414 4592 1655 4666 Χριστῷ,

1845 4600 1968 4640 eum
2000 4586 2179 4641 velitis
2208 4586 2476 4656 recipere.
2510 4586 2617 4643 Sed
2649 4604 2753 4644 nec
2786 4596 2848 4643 tu
2872 4629 2888 4654 ,
2922 4587 3165 4655 Marcio,
3201 4592 3350 4647 salu-

45 4684 140 4737 τοῦ
165 4684 531 4756 κηρύγματος
559 4686 658 4756 τὴν
688 4684 863 4757 ἀρχὴν
893 4686 988 4739 καί
1023 4685 1123 4757 τὴν
1160 4684 1314 4757 ῥίζαν
1342 4684 1647 4740 ἀποϐαλλό-

49 4795 238 4849 μενος,
268 4778 403 4850 ὅπερ
432 4778 551 4830 ἐστὶ
574 4778 761 4849 νόμος,
798 4778 891 4846 ἀφ’
918 4770 1092 4849 οὗπερ
1118 4777 1353 4849 Χριστὸς
1383 4778 1651 4847 γινωσκό-

48 4888 211 4943 μενος
234 4870 433 4924 τελειοῖ
450 4870 540 4923 τὸν
565 4869 640 4941 μὴ
656 4871 747 4923 τὸν
770 4870 932 4941 νόμον
955 4870 1211 4943 βδελυσσό
1218 4888 1377 4942 μενον
1394 4870 1470 4933 ὡς
1486 4870 1645 4924 ἀλλό-

43 4983 200 5037 τριον
228 4962 471 5037 Χριστοῦ
502 4964 840 5035 ὑπάρχοντα.

113 5066 164 5130 η’
196 5059 297 5111 καὶ
323 5058 395 5111 λε’
426 5058 574 5130 σχόλ.
617 5058 670 5111 '0
693 5058 807 5129 γὰρ
825 5056 1076 5127 ἀγαπῶν
1101 5058 1208 5112 τὸν
1227 5056 1517 5126 πλησίον,
1541 5058 1645 5112 νό-

40 5168 158 5218 μων
196 5146 581 5216 πεπλήρωκε.

114 5250 163 5315 η’
196 5241 297 5295 καὶ⁵
325 5240 400 5293 λε’
425 5241 605 5311 ἐλεγχ.
667 5240 730 5295 ΕΞ
764 5238 854 5294 διὰ
885 5237 979 5292 τοῦ
1036 5239 1261 5310 ἀγαπᾷν
1295 5237 1387 5291 τὸν
1422 5236 1650 5308 πλησίον

47 5339 209 5408 νόμος
259 5336 585 5409 πληροῦται,
629 5338 729 5391 οὐκ
773 5335 1053 5407 ἀλλότριος
1091 5333 1330 5405 Χριστοῦ
1377 5335 1472 5387 καὶ
1514 5331 1650 5387 Θεοῦ

45 5426 267 5498 Πατρὸς
312 5428 407 5479 τοῦ
446 5425 653 5498 Κυρίου
693 5426 853 5497 ἡμῶν
894 5424 1068 5495 Ἰησοῦ
1113 5422 1352 5496 Χριστοῦ
1388 5424 1484 5479 καὶ
1511 5422 1647 5476 Θεοῦ
1684 5449 1702 5458 -

1753 4686 1861 4732 tem
1895 4679 1950 4731 in
1983 4678 2206 4734 Christo
2231 4686 2387 4748 potes
2416 4679 2673 4749 adipisci,
2702 4695 2827 4736 cum
2862 4681 2987 4737 ﬁdei
3018 4683 3346 4753 principium

1750 4786 1815 4825 ac
1849 4772 2089 4826 radicem
2124 4772 2421 4842 abieceris,
2450 4772 2711 4826 nimirum
2745 4773 2939 4844 legem,
2971 4788 3003 4827 e
3028 4788 3137 4843 qua
3165 4774 3348 4844 cogni-

1752 4872 1840 4918 tus
1898 4862 2154 4921 Christus
2197 4880 2322 4920 eum
2390 4864 2603 4935 perﬁcit
2660 4865 2756 4936 qui
2798 4866 2971 4937 legem
3020 4865 3243 4921 minime
3290 4874 3349 4920 ut

1750 4958 1984 5012 alienam
2010 4973 2039 5011 a
2068 4956 2290 5014 Christo
2323 4958 2597 5029 repudiat.

1827 5048 2013 5105 Schol.
2043 5050 2077 5105 8
2103 5061 2157 5108 et
2186 5052 2277 5110 55.
2315 5052 2422 5119 Qui
2450 5054 2592 5109 enim
2625 5052 2808 5125 diligit
2835 5052 3164 5123 proximum,
3183 5050 3346 5123 legem

1752 5144 1981 5211 implevit
2006 5145 2047 5198 ⁸.

1822 5234 2133 5291 Refut.8et
2162 5235 2405 5291 55.Cum
2446 5252 2541 5308 per
2560 5252 2803 5293 amorem
2835 5235 3073 5309 proximi
3113 5236 3197 5289 lex
3236 5235 3343 5289 im-

1750 5330 1999 5399 pleatur,
2049 5346 2157 5384 non
2204 5338 2288 5385 est
2316 5346 2345 5385 a
2392 5332 2616 5388 Christo
2669 5340 2723 5387 et
2766 5331 2876 5386 Deo
2926 5328 3091 5385 Patre
3124 5329 3339 5383 Domini

1748 5423 1927 5479 nostri
1972 5421 2103 5478 .lesu
2134 5422 2343 5478 Christi
2378 5423 2740 5481 abalienanda
2784 5424 2868 5480 lex
2892 5462 2907 5489 ,
2958 5437 3080 5494 quae
3118 5420 3344 5493 diligere

117 5679 134 5711 ⁸
170 5676 338 5732 Rom.
380 5693 432 5739 ν,
466 5676 519 5734 6.
596 5680 615 5709 ²
648 5676 807 5733 Rom.
842 5691 937 5743 ru,
974 5675 1058 5732 12.
1139 5676 1159 5709 ³
1195 5674 1352 5731 Rom.
1397 5690 1515 5743 vut,
1549 5674 1603 5731 4.

1815 5691 1885 5732 m.
1920 5693 1975 5742 x,
2004 5676 2056 5731 4.
2135 5678 2154 5711 ⁸
2188 5676 2345 5733 llom.
2382 5692 2502 5743 xm,
2535 5676 2588 5731 8.
