3846 6320
407 251 512 309 80'!
1824 248 1886 307 S.
1921 248 2020 307 EPl

2143 251 2267 306 \Nll
3624 252 3733 309 εδδ

406 370 714 443 proximum
756 368 933 439 jubet.
975 367 1246 435 Quoniam
1305 367 1448 423 Deus
1474 366 1713 422 charitas
1733 378 1812 422 est
1839 376 1892 432 ί,
1950 376 2006 423 et

2162 371 2347 442 νόμος,
2369 372 2397 424 ὃ
2420 370 2658 425 κελεύων
2680 370 2904 443 ἀγαπᾷν
2924 369 3019 425 τὸν
3047 369 3299 443 πλησίον.
3334 370 3491 424 Διότι
3522 372 3564 424 ὀ
3581 371 3731 434 Θεὸς

408 480 530 537 quae
555 465 624 520 ab
663 465 783 535 ipso
830 462 1220 533 praedicantur,
1272 462 1460 516 omnia
1495 463 1687 517 eodem
1735 469 2002 531 perpetuo

2151 463 2308 535 γάπη
2338 464 2469 518 ἐστὶ
2493 503 2507 529 ,
2561 464 2657 519 καὶ
2686 464 2865 518 πάντα
2891 463 2961 517 τὰ
2991 463 3080 517 ὑπ’
3106 462 3276 517 αὑτοῦ
3308 464 3731 534 κηρυττόμενσ.

408 554 570 612 modo
602 552 986 624 praedicantur,
1021 551 1131 622 jam
1166 559 1281 606 tum
1313 552 1442 607 olim
1476 552 1711 615 scilicet,
1741 560 1795 606 et
1828 566 2000 617 nunc,

2143 555 2307 626 μοίως
2330 556 2418 608 ἀεὶ
2448 556 2797 627 κηρύττεται,
2830 555 2924 610 καὶ
2946 555 3089 622 τότε,
3119 556 3213 609 καὶ
3236 555 3355 622 νῦν,
3380 556 3483 609 καὶ
3510 558 3581 608 ἐν
3617 556 3729 608 H.1-

407 654 464 704 et
492 646 547 700 in
585 643 771 700 Veteri
795 642 1053 713 Novoque
1081 640 1453 696 Testamento.

2143 650 2233 719 οιιᾷ
2250 649 2343 701 καὶ
2374 652 2551 720 Καινῇ
2580 648 2841 720 ΔιαἸήκῃ.

480 736 635 808 37]
705 733 782 787 Ex
820 733 1061 804 Epistoia
1108 732 1177 787 ad
1222 732 1786 797 Thessaionicenses,
1839 748 2004 803 quam

2185 740 2297 810 Τῆς
2327 741 2464 811 πρὸς
2479 740 2895 805 Θεσσαλονικεῖς
2918 742 3178 812 πέμπτης
3199 741 3499 814 ἐπιστολῆς
3524 758 3544 775 ο
3580 740 3734 793 οετω

411 832 616 887 Marcio
660 830 891 900 septimo
928 829 1048 883 loco
1092 826 1285 897 ponit,
1323 835 1382 880 ut
1416 827 1715 896 Apostolus
1772 833 2004 891 octavo,

2143 830 2219 904 ’ἀρ
2255 834 2432 886 κεῖται
2476 835 2534 886 ὲν
2577 832 2654 903 τῷ
2674 834 2992 905 Μαρκίωνι,
3024 834 3217 904 ὀγδόης
3250 835 3305 886 δὲ
3340 833 3521 904 οῠσης
3568 832 3732 900 παρὰ

412 928 548 985 nihil
582 927 789 982 idcirco
819 924 1136 995 selegimus,
1178 923 1326 995 quod
1357 924 1572 995 integra
1627 924 1721 979 illa
1775 940 1807 980 a
1856 923 2007 979 Mar-

2144 927 2188 998 ῷ
2224 927 2554 998 Ἀποστόλῳ,
2607 926 2677 981 τὰ
2713 928 2889 982 πάντα
2914 925 3006 980 τοῦ
3038 926 3365 999 Μαρκίωνος
3403 926 3732 996 διεστραμ-

411 1022 574 1077 cionc
603 1021 898 1090 depravata
930 1017 1029 1074 sit.

484 1110 955 1179 Quemadmodum
998 1120 1176 1178 neque
1213 1123 1280 1162 ex
1322 1107 1566 1163 secunda
1605 1107 1671 1162 ad
1707 1105 2008 1165 Thessalo-

415 1207 671 1262 nicen‘ses
718 1201 996 1273 Epistula,
1053 1214 1219 1271 quam
1279 1197 1485 1254 Marcio
1540 1199 1737 1254 ordine
1794 1207 2008 1255 sextam

415 1299 681 1362 collocat,
726 1295 1018 1366 Apostolus
1072 1307 1202 1347 vero
1230 1307 1459 1356 nonam,
1493 1292 1904 1361 excerpsimus,
1944 1306 2011 1348 eo

417 1390 563 1463 quod
594 1387 817 1460 penitus
852 1386 921 1441 ab
948 1380 1137 1441 eodem
1170 1383 1265 1438 illo
1311 1390 1571 1453 corrupta
1605 1384 1698 1440 sit.

452 1500 538 1559 Ex
571 1502 813 1574 Epistola
841 1498 909 1554 ad
947 1498 1228 1574 Ephesios,
1260 1514 1375 1574 quo:
1406 1506 1484 1551 est
1507 1496 1790 1574 diarcioni
1825 1495 1937 1553 VII
1960 1536 1976 1563 ,

737 1572 987 1641 Apostolo
1027 1586 1144 1624 vero
1186 1569 1225 1624 V
1247 1568 1402 1635 ,ista
1434 1568 1764 1639 collegimus.

2113 1020 2293 1091 μένως
2320 1019 2416 1073 ἀπ’
2436 1018 2606 1089 αὐτῆς
2623 1017 2857 1089 ἔχοντος,
2871 1017 3028 1071 οὐδὲν
3051 1016 3110 1082 ἐξ
3134 1016 3306 1087 αὐτῆς
3325 1015 3733 1088 παρεθέμεθα.

2184 1110 2298 1180 Τῆς
2341 1109 2478 1181 πρὸς
2514 1109 2931 1172 Θεσσαλονικεῖς
2967 1108 3245 1180 δευτέρας,
3281 1108 3449 1179 ἕκτης
3497 1108 3569 1160 δὲ
3606 1124 3737 1159 κει-

2116 1202 2285 1275 μένης
2317 1202 2469 1276 παρὰ
2498 1202 2576 1274 τῷ
2599 1202 2909 1274 Μαρκίωνι,
2937 1202 3135 1273 ἐνάτης
3166 1202 3223 1256 δὲ
3252 1200 3421 1272 οὔσης
3447 1200 3629 1272 παρὰ
3659 1200 3737 1270 τῷ

2126 1294 2454 1365 Ἀποστόλῳ,
2469 1294 2670 1364 ὁμοίως
2680 1292 3105 1364 διαστραφείσης
3124 1292 3215 1346 ὑπ’
3239 1292 3405 1346 αὑτοῦ
3426 1290 3534 1345 τοῦ
3557 1292 3737 1361 Map-

2113 1386 2331 1453 κίωνος,
2360 1387 2521 1442 πάλιν
2546 1387 2699 1442 οὐδὲν
2728 1385 3050 1458 ὲξεθέμεθα.

2121 1497 2235 1567 Τῆς
2250 1499 2401 1569 πρὸς
2416 1498 2748 1569 Ἐφεσίους.
2769 1496 3026 1569 ἑϐδόμης
3053 1498 3246 1569 οὔσης
3273 1496 3437 1564 παρὰ
3455 1494 3543 1559 τῷ
3570 1499 3737 1569 Μαρ-

2187 1565 2690 1694 κίωνι,άσὲἐμπτης
2714 1569 2782 1622 δὲ
2821 1567 2984 1635 παρὰ
3012 1566 3093 1633 τῷ
3133 1569 3473 1635 Ἀποστόλῳ
3518 1565 3735 1634 κειμέ-

2187 1658 2319 1694 νηιν.
2354 1658 2387 1693 τ
2467 1658 2496 1693 ε
2517 1655 2530 1670 ο

2186 1658 2319 1708 νης,
2354 1655 2496 1694 ταοέ
2517 1655 2530 1670 ⁸

491 1732 680 1789 Schol.
726 1730 750 1784 1
784 1737 839 1785 et
871 1728 961 1785 ⁸56.
1010 1726 1273 1782 Mentorea
1312 1734 1476 1780 estote
1498 1765 1512 1789 ,
1547 1726 1685 1797 quod
1720 1724 2009 1796 aliquando

2185 1741 2231 1786 a.’
2256 1733 2349 1785 καὶ
2375 1732 2464 1798 λς’
2485 1733 2631 1803 σχόλ.
2659 1734 3076 1803 Μνημονεύετε
3096 1732 3263 1801 ὑμεῖς
3284 1747 3429 1784 ποτε
3448 1731 3528 1784 τὰ
3545 1730 3731 1796 ἔθνη,

418 1843 509 1883 vos
548 1833 725 1898 gentes
746 1864 762 1889 ,
788 1824 879 1894 qui
909 1821 1150 1876 dicimim'
1191 1820 1533 1890 pra'putium,
1567 1818 1631 1871 ab
1687 1834 1751 1873 ea
1780 1834 1897 1888 qme
1922 1817 2014 1871 di-

2116 1826 2171 1878 oi
2194 1826 2509 1894 λεγόμενοι
2534 1825 2923 1893 ἀκροϐυστία,
2951 1826 3072 1880 ὑπὸ
3100 1824 3212 1893 τῆς
3242 1823 3594 1893 λεγομένης
3624 1839 3737 1874 πε-

419 1923 559 1977 citur
587 1918 922 1973 circumcisio
940 1916 1002 1969 in
1021 1928 1182 1967 carne
1212 1912 1527 1980 manufacta
1547 1948 1562 1973 ,
1587 1911 1715 1981 quia
1734 1910 1898 1964 eratis
1920 1911 2015 1965 ιιιο

2143 1915 2361 1985 »ιτομῆς
2391 1916 2460 1969 ἐν
2489 1916 2668 1984 σαρκὶ
2694 1917 3106 1987 χειροποιήτῳ,
3136 1917 3227 1971 ὅτι
3254 1912 3361 1987 ἦτε
3398 1914 3477 1982 τῷ
3527 1914 3733 1983 καιρῷ

418 2014 477 2068 in
494 2022 722 2079 tempore
739 2010 854 2064 sine
874 2008 1108 2070 Christo,
1135 2006 1357 2060 alienati
1380 2004 1782 2058 canuersatione
1816 2002 2013 2067 Israel,

419 2114 471 2160 et
517 2104 750 2172 hospites
790 2108 1229 2154 testamentorum
1275 2096 1680 2167 promissionis,
1722 2109 1864 2163 spem
1913 2112 2018 2150 non

422 2195 707 2271 habentes,
733 2202 783 2248 et
813 2194 926 2248 sine
954 2191 1065 2246 Deo
1089 2193 1145 2245 in
1191 2190 1287 2244 hoc
1320 2187 1538 2242 muudo.
1573 2184 1731 2241 Nunc
1755 2198 1931 2241 autem
1962 2188 2017 2241 in

422 2289 635 2345 Christo
668 2285 835 2351 Iesu,
877 2302 967 2339 uos
999 2285 1088 2355 qui
1137 2283 1428 2353 aliquando
1468 2280 1632 2335 eratis
1677 2279 1863 2350 longe,
1887 2280 2021 2350 facti

422 2382 547 2435 estis
573 2394 732 2449 prope
752 2380 807 2432 in
834 2378 1093 2448 sanguine
1123 2377 1311 2443 ipsius.
1343 2373 1462 2442 Ipse
1491 2374 1631 2428 enim
1665 2381 1744 2427 est
1774 2388 1882 2443 pax
1923 2389 2021 2428 no-

423 2484 561 2538 stra,
585 2473 676 2543 qui
714 2470 838 2541 fecit
864 2480 1089 2540 utraque
1126 2484 1289 2522 unum
1327 2469 1371 2531 ³,
1395 2474 1502 2523 etc.

493 2656 680 2712 Refut.
715 2655 740 2708 1
778 2662 833 2710 et
856 2652 1097 2709 30.’Vox
1126 2653 1247 2719 illa,
1274 2650 1535 2707 humores
1564 2661 1750 2718 estote,
1780 2649 2020 2722 speciem

425 2751 590 2807 habet
640 2750 924 2820 temporis.
962 2747 1099 2802 Tum
1157 2747 1297 2810 ista,
1349 2748 1439 2817 qui
1485 2746 1758 2809 dicimiui.
1811 2752 1866 2799 et
1904 2758 2022 2813 qua?

425 2845 649 2911 dicitur,
701 2854 887 2897 rerum
938 2841 1144 2913 ﬁguras
1192 2841 1533 2911 exprimunt.
1581 2841 1713 2894 Item
1754 2837 1925 2899 illud,
1968 2837 2023 2890 iu

427 2952 622 2999 ante,
653 2949 720 2989 eo
752 2942 1002 3004 spectat,
1035 2943 1094 2987 ut
1143 2932 1385 2988 inustam
1434 2931 1588 2985 carni
1631 2938 1818 2985 notam
1859 2936 2024 2998 atque

427 3028 721 3098 imaginem
772 3026 1049 3088 ostendat,
1091 3038 1213 3093 quae
1263 3025 1477 3079 venturi
1524 3023 1763 3092 Spiritus
1804 3031 2021 3092 tempus

2115 2010 2326 2072 ἐκείνῳ
2354 2008 2533 2078 χωρὶς
2554 2010 2835 2078 Χριστοῦ,
2867 2010 3420 2079 ἀπηλλοτριωμένοι
3448 2008 3574 2075 τῆς
3619 2024 3732 2059 που

2117 2101 2344 2167 λιτείας
2372 2100 2479 2155 τοῦ
2512 2100 2772 2170 Ἰσραὴλ,
2800 2101 2897 2155 καὶ
2929 2100 3087 2165 ξένοι
3118 2099 3238 2154 τῶν
3265 2100 3581 2168 διαθηκῶν
3613 2097 3729 2166 τῆς

2117 2190 2506 2261 ἐπαγγελίας*
2549 2191 2768 2246 ἐλπίδα
2795 2192 2882 2262 μὴ
2913 2192 3180 2262 ἔχοντες,
3213 2192 3309 2245 καὶ
3335 2190 3498 2245 ἄθεοι
3533 2192 3616 2243 ἐν
3650 2188 3731 2255 τῷ

2120 2281 2347 2352 κόσμῳ.
2391 2283 2545 2337 Νυνὶ
2578 2282 2647 2335 δὲ
2682 2280 3001 2351 ὲνΧριστῷ
3038 2281 3230 2349 Ἰησοῦ
3262 2280 3435 2351 ὑμεῖς
3476 2284 3538 2334 cl
3572 2279 3729 2332 ποτε

2122 2373 2294 2441 ὄντες
2315 2376 2555 2445 μακρὰν
2583 2374 2904 2446 ἐγενήθητε
2932 2373 3113 2445 ἐγγὺς
3143 2372 3223 2440 τῷ
3252 2375 3454 2443 αἵματι
3491 2371 3725 2426 αὐτοῦ.

2121 2468 2316 2535 Αὐτὸς
2340 2467 2452 2540 γάρ
2474 2470 2694 2538 ἐστινὴ
2716 2467 2923 2539 εἰρήνη
2951 2466 3138 2537 ήμῶν,
3167 2466 3199 2521 ὁ
3220 2467 3483 2534 ποιήσας
3508 2470 3591 2520 τὰ
3613 2466 3727 2535 ἁμ-

2121 2564 2364 2631 φότερα,
2393 2560 2487 2614 καὶ
2512 2560 2580 2614 τὰ
2612 2560 2756 2631 ἑξῆς.

2193 2661 2241 2709 α’
2271 2654 2365 2708 καὶ
2388 2652 2475 2718 λς’
2507 2652 2683 2723 ἐλεγχ.
2714 2653 2806 2715 Τὸ,
2827 2653 3268 2722 Μνημονεύετε,
3292 2669 3485 2724 καιρου
3512 2651 3727 2723 σημαί-

2123 2766 2202 2804 νει
2224 2747 2284 2801 τὸ
2312 2743 2471 2810 εἶδος.
2503 2746 2631 2811 Καὶ,
2661 2748 2714 2800 οἱ
2734 2747 3067 2816 λεγόμενοι,
3086 2747 3203 2800 ἀπὸ
3228 2745 3335 2812 τῆς
3355 2747 3721 2816 λεγομένης,

2123 2840 2233 2895 τῶν
2272 2839 2613 2912 πραγμάτων
2652 2838 2779 2901 τοὺς
2817 2838 3023 2902 τύπους
3065 2841 3342 2910 σημαίνει.
3385 2840 3496 2893 Καὶ
3529 2840 3621 2903 τὸ,
3655 2839 3726 2891 ἐν

2123 2932 2328 3002 σαρκὶ,
2360 2933 2449 2986 ἵνα
2475 2930 2621 3003 δείξῃ
2654 2932 2743 2985 τὸν
2775 2932 2944 2985 τύπον
2978 2932 3068 2985 τὸν
3093 2933 3151 2985 ἑν
3180 2935 3245 3003 τῇ
3277 2933 3441 3002 σαρκὶ
3478 2930 3723 2985 araxes-

2125 3026 2355 3097 χύμενον
2391 3025 2484 3078 τὸν
2524 3024 2619 3077 τοῦ
2650 3024 2963 3095 Πνεύματος
3015 3024 3239 3096 καιρόν·
3292 3024 3381 3077 ἵνα
3408 3023 3478 3076 τὰ
3503 3022 3725 3075 ἐντελές

425 3129 795 3189 exspectaret,
826 3129 886 3175 ut
913 3136 981 3174 ex
1012 3120 1187 3189 figura
1216 3118 1544 3188 perfectiora
1584 3117 1876 3188 significet.
1930 3115 2020 3169 Et-

2143 3136 2295 3190 ςτεροι
2315 3118 2424 3172 ἀπὸ
2448 3117 2544 3171 τοῦ
2570 3117 2741 3170 τύπου
2771 3116 2940 3190 δείξῃ.
2981 3116 3166 3188 Χωρὶς
3199 3116 3305 3187 γὰρ
3339 3114 3585 3187 Χριστοῦ
3618 3132 3717 3166 πο-

426 3218 578 3273 eiiim
608 3218 729 3273 sine
772 3216 990 3271 Christo
1017 3212 1210 3282 procul
1245 3211 1313 3265 ab
1349 3210 1568 3265 Israelis
1604 3207 2026 3264 conversatione

426 3320 747 3381 separatum
783 3315 907 3364 erat
931 3304 1290 3377 praeputium;
1323 3317 1387 3357 ac
1426 3300 1669 3372 proinde
1721 3314 1750 3353 a
1788 3299 2027 3371 promis-

430 3405 587 3461 sione
634 3417 698 3457 ac
734 3406 1066 3456 testamento
1110 3395 1482 3467 peregrinum.
1518 3394 1594 3447 Ac
1633 3393 1729 3462 qui
1764 3393 1857 3445 illa
1886 3405 2026 3445 con-

426 3495 638 3551 ditione
684 3491 1084 3551 censebantur,
1119 3485 1269 3539 omni
1312 3498 1412 3554 spe
1455 3483 1749 3547 carebant,
1800 3489 1859 3536 et
1909 3480 2028 3534 sine

428 3589 542 3643 Deo
569 3594 728 3642 erant
754 3585 816 3639 in
848 3583 953 3635 hoc
986 3581 1192 3635 mundo
1214 3622 1228 3644 ,
1264 3586 1325 3633 ut
1356 3577 1602 3647 Apostoli
1646 3576 1809 3630 verba
1845 3574 2029 3629 decla-

426 3689 578 3737 rant.
616 3677 724 3733 Sed
757 3676 892 3730 nihil
924 3674 1110 3739 vides,
1146 3672 1283 3726 nihil
1307 3671 1504 3733 audis,
1538 3669 1740 3724 Marcio
1770 3687 1785 3724 :
1822 3667 2028 3737 alioqui

430 3774 566 3831 illud
598 3772 1085 3833 animadverteres,
1106 3773 1311 3837 quanta
1349 3765 1417 3819 ab
1449 3764 1565 3833 lege
1592 3764 1738 3817 bona
1770 3776 2027 3818 manasse

432 3870 582 3924 dicat
611 3864 931 3935 Apostolus,
964 3876 1085 3931 quze
1116 3859 1382 3929 singulari
1416 3856 1508 3911 Dei
1541 3854 1883 3925 providentia
1916 3854 2026 3909 illis

422 3957 772 4028 temporibus
799 3952 1183 4007 administrata
1217 3957 1368 4004 sunt.
1396 3946 1527 4001 Nam
1559 3945 1850 4001 in‘C/tristo
1873 3943 2026 4011 Jesu,

432 4052 521 4123 qui
546 4050 672 4103 otirn
704 4047 852 4107 lonqe
892 4053 1073 4108 erant,
1119 4058 1256 4096 nunc
1296 4054 1454 4111 prope
1491 4048 1646 4101 sunt,
1676 4040 1731 4091 in
1774 4038 2029 4108 sanguine

422 4142 603 4197 “illius.
656 4138 777 4209 Ipse
815 4138 951 4191 enim
998 4143 1079 4190 est
1127 4149 1235 4202 pas:
1273 4144 1479 4194 nostra,
1516 4133 1606 4201 qui
1648 4130 1767 4199 fecit
1806 4139 2030 4199 utraque

433 4244 622 4286 unum.
651 4228 810 4296 Quod
840 4228 885 4283 si
917 4240 1085 4280 unum
1132 4231 1365 4292 utraque
1395 4222 1555 4285 lecit,
1590 4222 1725 4275 adeo
1758 4230 1814 4275 ut
1856 4220 2029 4275 altero

428 4323 723 4379 destructo
756 4321 984 4374 minime
1010 4318 1252 4371 alterum
1297 4313 1679 4375 constituerit,
1711 4326 1819 4367 non
1862 4313 2030 4387 igitur

434 4415 589 4485 prius
616 4429 648 4467 a
689 4428 749 4468 se
798 4411 1039 4465 alienum
1077 4407 1318 4471 exstitit,
1352 4421 1527 4475 neque
1557 4404 1719 4474 372
1752 4405 2028 4473 posterius

2126 3211 2331 3275 λιτείας
2376 3210 2472 3264 τοῦ
2531 3210 2749 3282 Ἰσραὴλ
2799 3211 2832 3279 ἡ
2877 3209 3215 3280 ἀκροϐυστία
3264 3207 3714 3278 ἀπηλλοτρίωτο·

2127 3304 2618 3377 ἀπηλλοτριωμένη
2638 3305 2694 3358 δὲ
2717 3303 2842 3374 ξένη
2858 3298 2926 3375 ἦν
2948 3302 3278 3372 ἐπαγγελίας
3300 3301 3391 3356 καὶ
3412 3300 3712 3373 διαθήκης·

2129 3401 2223 3453 καὶ
2250 3402 2295 3453 oi
2322 3400 2430 3453 ἀπὸ
2458 3397 2660 3469 ταύτης
2689 3396 2999 3469 ὁρμώμενοι
3041 3396 3231 3449 ἐλπίδα
3263 3396 3361 3450 οὐκ
3394 3391 3563 3467 εἶχον,
3602 3393 3716 3447 ἀλλ’

2127 3494 2278 3548 ἄθεοι
2304 3489 2444 3565 ἦσαν
2479 3494 2537 3545 ὲν
2580 3491 2661 3563 τῷ
2693 3490 2903 3563 κόσμῳ,
2954 3491 3031 3555 ὡς
3068 3490 3446 3544 ἀποδέδεικται
3475 3488 3585 3541 ἀπὸ
3606 3486 3712 3540 τῶν

2127 3587 2221 3641 τοῦ
2268 3586 2594 3640 Ἀποστόλου
2631 3584 2910 3656 ῥημάτων.
2966 3582 3126 3636 Ἀλλὰ
3150 3582 3237 3649 σὺ,
3270 3580 3562 3653 Μαρκίων,
3592 3578 3711 3633 οὔτε

2128 3682 2281 3752 ὁρᾷς,
2324 3679 2449 3732 οὔτε
2491 3675 2739 3741 ἀκούεις·
2794 3676 2916 3729 ἐπεὶ
2958 3675 3023 3730 ἂν
3057 3676 3226 3738 ἐνόεις
3268 3676 3451 3728 πόσων
3491 3672 3709 3742 ἀγαθῶν

2130 3772 2421 3845 παραίτιον
2451 3770 2544 3823 τὸν
2576 3769 2740 3839 νόμον
2768 3767 2969 3837 φάσκει
2992 3770 3019 3821 ὁ
3050 3767 3204 3835 ἅγιος
3242 3765 3589 3831 Ἀπόστολος,
3612 3765 3711 3818 τῶν

2131 3868 2189 3919 ἐν
2220 3863 2297 3935 τῷ
2326 3865 2475 3935 νόμῳ
2508 3861 2645 3933 πρὸς
2684 3862 2777 3914 τὸν
2811 3862 2932 3915 τότε
2982 3861 3174 3933 καιρὸν
3212 3860 3706 3930 πεπολιτευμένων.

2143 3962 2240 4014 Ἐν
2267 3959 2374 4030 γὰρ
2391 3958 2621 4027 Χριστῷ
2662 3959 2855 4026 Ἰησοῦ
2885 3961 2939 4012 οἱ
2964 3959 3108 4013 ποτε
3126 3959 3365 4027 μακρὰν
3388 3958 3510 4013 νῦν
3536 3958 3711 4027 ἐγγὺς

2128 4054 2198 4107 ὲν
2230 4055 2309 4121 τῷ
2343 4055 2543 4124 αἵματι
2574 4051 2779 4107 αὐτοῦ.
2830 4053 3025 4118 Αὐτὸς
3056 4052 3168 4122 γάρ
3206 4053 3379 4106 ἐστιν
3424 4052 3463 4121 ἠ
3508 4050 3707 4121 εἰρήνη

2128 4146 2320 4216 ἡμῶν,
2360 4151 2392 4201 ὁ
2419 4146 2681 4213 ποιήσας
2707 4149 2778 4202 τὰ
2807 4148 3110 4217 ἀμφότερα
3143 4146 3228 4202 ἓν.
3269 4146 3332 4199 Et
3356 4145 3415 4199 δὲ
3446 4146 3517 4200 τὰ
3539 4144 3707 4217 duci

2128 4258 2263 4315 τερα
2296 4241 2555 4311 ἐποίησεν
2588 4240 2666 4305 ἓν,
2688 4240 2783 4294 καὶ
2814 4241 2874 4293 οὐ
2906 4241 2967 4294 τὸ
2992 4240 3090 4311 μὲν
3121 4239 3319 4303 ἀνεῖλε,
3353 4240 3415 4293 τὸ
3446 4240 3506 4293 δὲ
3532 4240 3709 4309 ἕτερον

2131 4335 2534 4406 συνεστήσατο·
2604 4334 2711 4404 ἄρα
2750 4350 2814 4401 γε
2851 4333 2973 4387 οὐδὲ
3018 4332 3079 4386 τὸ
3122 4332 3388 4405 πρότερον
3436 4332 3708 4403 ἀλλότριον

2131 4425 2319 4488 αὐτοῦ,
2344 4425 2465 4477 οὐδὲ
2485 4424 2544 4477 τὸ
2561 4424 2811 4495 δεύτερον
2834 4424 3026 4478 διεῖλεν
3043 4424 3150 4478 ἀπὸ
3184 4423 3277 4477 τοῦ
3304 4423 3521 4477 πρώτου
3541 4442 3554 4454 ο
3584 4422 3707 4477 ἀλλὰ

435 4522 468 4561 a
506 4510 690 4578 priore
731 4506 1035 4574 separavit;
1076 4501 1171 4557 sed
1215 4500 1272 4555 in
1305 4514 1474 4553 unum
1505 4500 1668 4552 ambo
1700 4498 1790 4551 illa
1824 4496 2020 4552 conﬂa-

2143 4517 2199 4570 τὰ
2223 4517 2505 4588 ἀμφότερα
2541 4519 2620 4579 εἰς
2654 4488 3074 4588 ἒνυσυνήγαγεν,
3108 4517 3206 4586 οὐχ
3240 4516 3445 4579 ἁπλῶς,
3472 4517 3533 4570 οὐ
3557 4517 3701 4587 δοκή-

432 4598 547 4662 νίι,
579 4613 689 4652 non
741 4610 964 4666 quoquo
1000 4592 1191 4655 modo,
1243 4590 1327 4644 vel
1370 4589 1556 4658 specie
1597 4594 1759 4643 tenus
1802 4588 2021 4657 aliqua,

438 4692 534 4745 sed
566 4691 851 4760 perspicue
878 4688 935 4740 in
964 4686 1219 4755 sanguine
1242 4698 1363 4746 suo,
1384 4680 1847 4751 quemadmodum
1874 4689 2027 4736 certa

436 4798 502 4838 ac
533 4783 706 4837 solida
738 4780 982 4852 Apostoli
1015 4777 1267 4832 doctrina
1307 4775 1670 4830 demonstrat.

510 4873 696 4929 Schol.
730 4873 766 4926 2
800 4883 857 4927 et
895 4874 985 4927 57.
1028 4870 1155 4924 Ideo
1189 4868 1320 4921 dicit
1362 4884 1379 4921 :
1407 4866 1598 4937 Surge,
1632 4869 1736 4936 {qui
1781 4868 1984 4923 dormis
2008 4906 2030 4934 ,

436 4972 486 5018 et
525 4981 734 5033 resurgo
767 4983 800 5018 ιι
839 4964 1061 5019 mortuis
1085 5003 1099 5029 ,
1135 4972 1184 5018 et
1230 4960 1556 5016 illuminabit
1608 4969 1655 5014 te
1704 4959 1947 5015 Christus
1980 4961 2029 5015 ³.

510 5161 696 5217 Refut.
736 5164 846 5217 ﬂet
883 5162 973 5216 57.
1004 5160 1286 5217 Undenam
1322 5163 1412 5217 illa
1444 5162 1642 5225 verba,
1696 5159 1825 5215 Ideo
1854 5160 2026 5225 dicit,

440 5254 778 5326 deprompsit
819 5253 1148 5323 Apostolus?
1182 5251 1300 5307 Non
1344 5255 1566 5309 aliunde
1605 5256 1824 5324 utique,
1859 5270 2025 5324 quam

437 5365 507 5405 ex
540 5347 893 5403 Testamento
929 5346 1139 5402 Vetere.
1185 5346 1313 5401 llaec
1360 5348 1505 5402 enim
1550 5349 1694 5418 apud
1748 5348 1919 5402 Eliam
1952 5350 2029 5403 le-

440 5452 663 5515 guntur.
694 5439 813 5494 Jam
844 5456 972 5495 vero
1001 5455 1109 5511 quo
1135 5456 1199 5495 ex
1234 5457 1393 5512 grege
1422 5441 1571 5495 Elias
1603 5441 1852 5497 exstitit?
1883 5441 2030 5498 Non-

439 5552 511 5592 ne
534 5552 564 5592 e
592 5535 875 5607 prephetis
907 5550 1073 5599 unus,
1107 5535 1200 5604 qui
1230 5550 1297 5590 ex
1337 5535 1473 5605 legis
1520 5536 1839 5605 praescripto
1873 5538 2027 5591 vixe-

439 5637 591 5695 runt,
618 5637 677 5685 ut
703 5638 757 5686 et
796 5629 886 5685 ille
921 5628 1023 5701 legi
1068 5643 1134 5682 ac
1175 5628 1458 5699 prophetis
1494 5627 1752 5684 inhaesit?
1792 5627 1947 5694 Quod
1980 5629 2027 5683 si

515 5746 530 5779 ’
571 5746 775 5805 lJoan.
805 5764 879 5816 IV,
912 5746 965 5802 8.
1043 5748 1063 5779 ³
1092 5744 1289 5816 Ephcs.
1323 5761 1382 5813 ιι,
1422 5745 1480 5801 il
1512 5761 1665 5819 seqq.

2134 4627 2235 4663 σει.
2255 4609 2391 4663 ἀλλὰ
2406 4610 2651 4680 ἐναργῶς
2674 4610 2745 4663 ἐν
2763 4609 2841 4673 τῷ
2860 4610 3061 4678 αἵματι
3080 4609 3287 4672 αὐτοῦ,
3311 4610 3385 4674 ὡς
3410 4612 3442 4681 ἡ
3470 4609 3705 4679 ἀσφαλὴς

2132 4703 2228 4757 τοῦ
2276 4703 2597 4758 Ἀποστόλου
2629 4702 2973 4756 ὑποδείκνυσι
3003 4702 3340 4757 διδασκαλία.

2210 4888 2249 4957 β’
2271 4888 2365 4940 καὶ
2381 4887 2456 4952 λζ’
2472 4886 2617 4957 σχόλ.
2634 4886 2727 4939 Διὸ
2757 4885 2939 4953 λέγει·
2964 4885 3209 4953 Ἔγειρε,
3229 4886 3261 4938 ό
3272 4882 3600 4945 καθεύδων,
3616 4882 3697 4937 καὶ

2130 4979 2365 5035 ἀνάστα
2381 4980 2449 5033 ἐκ
2482 4978 2600 5031 τῶν
2628 4977 2879 5047 νεκρῶν,
2912 4977 3011 5031 καὶ
3042 4976 3363 5046 ἐπιφαύσει
3390 4992 3491 5030 σοι
3524 4980 3559 5031 ό
3589 4980 3702 5045 Χριο

2128 5072 2301 5137 στὸς.

2205 5166 2247 5237 β’
2275 5166 2371 5220 καὶ
2402 5166 2478 5230 λζ’
2509 5166 2688 5237 ἔλεγχ.
2729 5166 2900 5220 Πόθεν
2931 5163 3007 5235 τῷ
3042 5163 3351 5234 Ἀποστόλῳ
3383 5164 3464 5224 τὸ,
3501 5163 3597 5215 Διὸ
3619 5160 3698 5213 καὶ

2129 5259 2311 5330 λέγει,
2342 5259 2474 5312 ἀλλὰ
2496 5259 2603 5312 ἀπὸ
2629 5260 2727 5331 τῆς
2756 5258 2996 5320 Παλαιᾶς
3022 5257 3177 5329 δῆλον
3204 5255 3479 5325 Διαθήκης
3503 5272 3518 5318 ;
3547 5253 3699 5306 Τοῦτο

2130 5353 2186 5406 δὲ
2234 5352 2532 5423 ἐμφέρεται
2587 5351 2739 5424 παρὰ
2777 5351 2856 5421 τῷ
2896 5351 3073 5423 Ἠλίᾳ.
3125 5349 3296 5402 Πόθεν
3331 5349 3386 5402 δὲ
3420 5349 3643 5419 ὡρμᾶτο
3677 5346 3699 5395 ὁ

2145 5445 2361 5510 Ἦλίας;
2394 5444 2555 5498 Ἀλλὰ
2583 5440 2664 5507 εἷς
2689 5440 2756 5516 ἦν
2777 5444 2886 5497 τῶν
2910 5442 3226 5515 προφητῶν,
3245 5441 3353 5494 τῶν
3375 5442 3519 5494 κατὰ
3555 5440 3694 5509 νόμον

2132 5533 2629 5604 πεπολιτευμένων,
2677 5533 2786 5587 ἀπὸ
2828 5534 2996 5605 νόμου
3054 5536 3149 5587 καὶ
3196 5532 3494 5605 προφητῶν
3535 5528 3696 5602 ὁρμώ-

2135 5644 2311 5699 μενος.
2354 5627 2414 5680 Εἰ
2449 5625 2505 5679 δὲ
2531 5627 2589 5681 ὲν
2616 5625 2839 5699 Χριστῷ
2872 5626 3247 5698 προειρήτευσε
3282 5625 3365 5689 τὸ,
3406 5625 3645 5692 Ἔγειρε,
3670 5622 3697 5674 ό

1742 5744 1761 5775 ³
1796 5743 1992 5813 Ephcs.
2028 5760 2079 5811 v,
2120 5744 2204 5799 li.
