3768 6182
64 271 170 331 ίθθ

725 271 1096 331 ADVERSUS
1135 270 1479 329 HERESES
1516 269 1634 325 LIB.

1838 268 1936 327 )M.
1974 270 2059 326 III.
2100 301 2170 312 ο-
2210 270 2487 326 ΗᾸΞΒΕΞ.
2524 270 2682 329 XLII.

3216 254 3344 329 "8:0

66 394 391 459 καθεύδων,
434 392 534 448 καὶ
566 394 804 450 ἀνάστα
846 396 915 448 ἐκ
948 393 1070 449 τῶν
1105 392 1356 462 νεκρῶν,
1397 392 1494 447 καὶ
1520 391 1634 445 sm.

1876 392 1929 443 in
1975 389 2197 445 Christo
2237 388 2574 443 vaticinatus
2620 395 2703 444 est
2740 372 2954 458 {Surge
2980 389 3068 459 qui
3099 387 3300 444 dormis
3326 430 3341 454 .

66 483 287 556 φαύσει
316 501 414 541 σοι
449 490 482 540 ό
506 487 759 555 Χριστός
779 504 791 517 ·
838 486 946 557 ἄρα
986 504 1047 555 γε
1087 486 1146 539 τὸ
1178 484 1533 558 πρωτότυπον
1559 482 1634 536 διδ

1838 497 2036 551 "exurge
2060 498 2091 533 a
2123 481 2435 547 mortuis,et
2462 478 2783 532 illuminabit
2810 489 2857 532 te
2880 477 3124 535 Christus
3143 521 3158 544 ,
3185 481 3346 551 plane

68 579 318 650 Λαζάρου
362 579 456 633 καὶ
500 578 607 633 τῶν
642 579 817 635 ἄλλων
867 579 1260 650 ὲπεπλήρωτοσ
1315 578 1444 649 περὶ
1480 570 1554 630 ὧν
1599 576 1647 629 οἱ

67 671 221 724 αὐτοὶ
234 671 702 742 (εἱε)άμφέ6αλλον
714 671 910 743 Μάρθα
924 672 1015 726 καὶ
1023 671 1211 743 Μαρία
1224 671 1494 739 λέγουσαι·
1506 669 1648 738 Ἤδη

66 763 183 824 ὄζει
202 780 216 795 ο
252 763 589 833 τπαρταῖός
612 764 772 818 ἐστι·
815 763 1039 816 καὶτῶν
1068 764 1162 816 τοῦ
1199 761 1648 835 ἀρχισυναγώγου

66 856 334 924 λεγόντων
356 874 371 887 ·
393 856 617 924 Μηκέτι
641 857 944 910 σκύλλετε
977 857 1085 909 τὸν
1117 854 1522 909 διδάσκαλον
1556 853 1651 906 καὶ

66 946 234 1000 αὑτοῦ
264 947 511 1015 λέγοντος
529 962 545 977 ·
594 945 692 1015 Μὴ
723 946 1005 1016 φοϐεῖσθε
1029 961 1045 978 ο
1090 947 1161 1000 οὐ
1187 946 1298 1016 γὰρ
1327 945 1648 1010 ἀπέθανεν,

64 1041 228 1095 ἀλλὰ
256 1040 547 1095 καθεύδει.
588 1040 783 1110 Σαφῶς
804 1040 913 1112 γὰρ
937 1038 1214 1093 ἔκτοτε”τὸ
1241 1040 1502 1111 κήρυγμα
1520 1038 1653 1092 ἐκά-

64 1131 147 1184 λει
178 1131 475 1185 ἀνάστασιν
502 1131 589 1185 διὰ
623 1131 861 1201 Χριστοῦ
892 1130 1132 1185 ἔσεσθαι.
1180 1132 1288 1184 Καὶ
1320 1130 1380 1183 τὸ
1408 1129 1654 1195 ἐξουσια-

64 1221 254 1274 στικὸν
280 1222 379 1291 τῆς
406 1221 687 1292 εὐχερείας
710 1221 1078 1285 ὑπεδείκνυεν,
1114 1222 1199 1274 ἵνα
1229 1222 1288 1275 τὸ
1310 1222 1532 1275 δυνατὸν
1557 1220 1651 1274 τοῦ

64 1312 308 1383 Χριστοῦ
339 1313 616 1384 ὑποδείξῃ,
647 1314 750 1377 ὅτι,
788 1314 864 1377 ὡς
898 1313 976 1385 τῷ
1009 1313 1284 1385 ἀνθρώπῳ
1314 1314 1555 1385 εὐχερὲς,
1593 1314 1652 1367 οὐ

62 1406 155 1458 τὸν
179 1405 546 1468 ἀποθανόντα,
570 1405 705 1460 ἀλλὰ
727 1407 816 1460 τὸν
839 1407 1172 1462 καθεύδοντα
1200 1405 1289 1460 διὰ
1312 1408 1495 1478 φωνῆς
1518 1408 1657 1476 ἐγεῖ-

63 1516 176 1569 ραι,
209 1497 384 1562 οὕτως
409 1498 501 1552 καὶ
534 1497 612 1569 τῷ
643 1498 862 1571 Χριστῷ
888 1495 956 1570 ἦν
990 1499 1316 1571 ἑτοιμότατα
1353 1498 1416 1552 τὸ
1448 1500 1618 1553 εἰπεῖν
1639 1514 1650 1525 ·

63 1589 317 1658 Λάζαρε,
367 1590 541 1658 δεῦρο
564 1591 701 1655 ἔξω,
736 1590 829 1644 καὶ
856 1592 935 1654 τὸ,
968 1591 1177 1661 Κουμὶ,
1212 1590 1389 1661 κουμὶ
1423 1590 1654 1657 ταλιθὰ,

58 1681 367 1746 τουτέστιν,
415 1681 746 1751 Ἀνάστηθι,
774 1684 812 1752 ἡ
849 1683 1008 1749 παῖς.
1030 1682 1183 1755 (Καὶ)
1215 1683 1282 1737 δι’
1306 1677 1381 1737 ὧν
1411 1682 1657 1755 ἐναργῶν

1755 573 1933 643 ipsqu
1962 573 2259 643 exemplar,
2284 573 2431 644 quod
2463 572 2652 643 ﬁguris
2690 573 2799 627 illis
2826 572 3210 628 adumbratum
3237 582 3344 642 est,

1756 665 1811 719 iu
1863 664 2100 729 Lazaro,
2135 665 2459 736 caeterisque
2491 664 2543 719 id
2584 680 2758 735 genus
2803 665 3088 736 impletum
3124 676 3228 722 est.
3271 666 3347 721 De

1756 754 1966 811 Lazaro
1996 756 2217 826 quidem
2245 755 2454 810 Martha
2486 770 2550 809 ac
2584 755 2752 809 Maria
2799 755 3118 827 dubitantes
3153 756 3227 811 ita
3263 757 3347 811 lo-

1757 857 1897 904 culte
1925 857 2052 905 sunt
2086 867 2100 904 :
2128 847 2254 901 Iam
2297 848 2443 917 fetet,
2472 847 2865 918 quatriduamts
2893 858 2971 903 est
3016 850 3054 904 ⁸.
3089 848 3157 902 At
3185 864 3348 919 syna-

1758 956 1907 1013 gogae
1941 940 2207 1011 principis
2247 939 2477 994 comites
2511 958 2523 994 :
2562 940 2772 1004 Nolite,
2807 939 3165 1010 inquiebant,
3220 942 3349 1010 [ati-

1757 1051 1882 1105 gare
1914 1035 2261 1104 magistrum;
2288 1034 2381 1089 sed
2418 1031 2682 1089 Dominus
2710 1033 2812 1088 ista
2853 1034 3088 1103 subjecit
3120 1054 3133 1090 :
3166 1032 3349 1089 Nolite

1761 1129 1945 1182 timere
1978 1145 1997 1192 ,'
2038 1144 2139 1181 non
2175 1134 2312 1181 enim
2365 1136 2579 1180 mortua
2615 1136 2731 1191 est,
2777 1125 2867 1180 sed
2906 1126 3100 1181 dormit
3143 1133 3183 1181 ².
3228 1127 3348 1182 1am

1762 1229 1876 1274 tum
1924 1221 2069 1276 enim
2105 1220 2288 1275 futura
2341 1235 2440 1291 per
2480 1218 2759 1274 Christum
2810 1221 3145 1276 resurrectio
3176 1221 3348 1276 divini

1760 1312 1910 1368 verbi
1963 1313 2241 1383 pneconio
2296 1312 2700 1367 celebrabatur.
2760 1309 2867 1366 Sed
2929 1320 2983 1367 et
3028 1322 3349 1382 potestatem

1763 1405 1945 1472 illius,
1995 1403 2301 1476 agendique
2355 1402 2672 1458 facilitatem
2716 1406 3024 1474 expressit,
3080 1415 3138 1461 ut
3186 1424 3350 1478 quam

1763 1506 1957 1569 potens
1989 1506 2136 1553 esset
2178 1497 2432 1552 Christus
2479 1496 2837 1559 ostenderet,
2861 1514 2927 1553 ex
2976 1515 3041 1556 eo
3090 1504 3235 1571 quod
3274 1506 3353 1560 uti

1763 1590 1967 1644 homini
2001 1590 2321 1644 facillimum
2347 1597 2431 1643 est
2466 1605 2578 1643 non
2610 1598 2888 1645 mortuum
2910 1634 2924 1655 ,
2953 1594 3048 1648 sed
3073 1594 3351 1654 dormien-

1765 1689 1872 1737 tem
1932 1697 2066 1737 voce
2124 1682 2433 1747 suscitare,
2493 1681 2565 1736 ita
2605 1681 2823 1737 Christo
2878 1689 3352 1757 promptissimum

60 1773 399 1838 ἀποδείξεων
430 1775 701 1846 ὲήμανεν
738 1778 768 1829 ὁ
804 1776 959 1845 λόγος
989 1776 1087 1847 τὴν
1122 1775 1280 1847 ἡμῶν
1317 1775 1507 1846 κλῆσιν
1547 1776 1634 1828 ἀπὲ

1838 1781 1876 1828 ιι
1926 1773 2112 1828 dicere
2146 1792 2161 1829 :
2194 1772 2437 1838 Lazare,
2488 1776 2604 1828 veni
2660 1775 2806 1844 foras
2844 1782 2894 1845 ³;
2958 1789 3106 1843 ιιιιιι,
3158 1781 3352 1852 Kumi,

58 1865 278 1937 νεκρῶν
315 1866 511 1938 ἔργων,
570 1868 664 1920 καὶ
700 1866 868 1920 ὕπνου
911 1866 1140 1938 βαρέως,
1187 1865 1344 1937 ἡμῶν
1376 1865 1485 1919 τῶν
1522 1884 1654 1920 ποτε

60 1956 440 2010 καθευδόντων
481 1957 834 2029 ἀνεγείροντα
873 1958 966 2011 τὸν
1004 1957 1260 2029 Χριστὸν.
1312 1956 1408 2010 καὶ
1445 1955 1534 2010 διὰ
1561 1956 1657 2028 τῆς

57 2049 319 2118 κλήσεως
349 2048 650 2118 φωτίζοντα
678 2051 825 2121 ἡμᾶς
845 2065 861 2080 ·
890 2050 1011 2121 ἥτις
1036 2050 1225 2119 γέγονε
1258 2050 1483 2121 δευτέρα
1519 2048 1659 2120 αὕτη

60 2140 274 2210 σχέσις.
319 2140 393 2193 Τὸ
425 2140 481 2194 δὲ
504 2141 708 2195 τέλειον
742 2143 836 2196 καὶ
866 2142 1153 2196 καθολικὸν
1188 2141 1659 2214 προσδοκώμενον,

56 2230 193 2283 ὅταν
217 2233 249 2285 ὁ
283 2231 447 2295 αὐτὸς
471 2233 501 2284 ὀ
543 2230 739 2301 λέγων,
765 2232 910 2302 Ἐγώ
932 2236 1047 2297 ειμι
1071 2233 1110 2301 ἠ
1132 2232 1491 2297 ἀνάστασις,
1521 2232 1662 2286 πάν-

57 2339 158 2385 τας
207 2322 420 2395 καλέσῃ
478 2324 572 2376 καὶ
612 2323 801 2396 ἐγείρῃ
840 2323 1054 2396 σώματι
1097 2326 1192 2379 καὶ
1218 2323 1387 2395 ψυχῇ,
1424 2324 1516 2377 καὶ
1545 2341 1661 2393 φω-

57 2413 186 2484 τίσῃ
218 2416 284 2468 ὲν
317 2416 383 2486 τῇ
412 2413 574 2468 αὑτοῦ
613 2414 884 2488 μελλούσῃ
910 2416 1205 2488 παρουσίᾳ.

1761 1863 1927 1919 Kumt'
1960 1864 2319 1931 Talitha,hoc
2347 1872 2452 1930 est,
2487 1866 2675 1939 Surge,
2710 1869 2886 1938 puella
2908 1871 3145 1943 ‘.lisque
3178 1879 3355 1932 mani-

1763 1957 2078 2012 festissimis
2116 1960 2458 2028 argumentis
2493 1958 2584 2014 Dei
2614 1960 2837 2015 verbum
2882 1965 3224 2021 vocationem
3272 1968 3354 2023 in-

1763 2047 1983 2102 dicabat
2029 2056 2314 2112 nostram,
2358 2046 2752 2120 Christumque
2789 2050 3077 2109 Dominum
3126 2057 3196 2111 ab
3226 2074 3358 2129 ope-

1767 2139 1920 2194 ribus
1960 2139 2223 2205 mortuis,
2258 2148 2313 2196 et
2353 2140 2626 2197 altissimo
2666 2159 2777 2214 quo
2811 2147 3134 2203 tenebamur
3163 2166 3358 2209 somno

1768 2230 2140 2300 nosmetipsos
2188 2232 2556 2297 excitantcm.
2607 2247 2671 2287 ac
2718 2236 3007 2293 vocatione
3048 2255 3149 2295 sua
3179 2244 3355 2298 collu-

1766 2330 2033 2378 strantem
2068 2341 2083 2377 :
2113 2338 2233 2393 quae
2261 2324 2479 2393 quidem
2505 2324 2745 2380 secunda
2771 2324 2873 2383 fuit
2907 2328 3191 2387 habitudo.
3219 2333 3355 2401 Nam

1764 2411 2069 2483 perlectum
2131 2428 2196 2467 ac
2251 2414 2507 2482 generale
2558 2414 2690 2469 illud
2742 2421 3177 2486 exspectandum
3235 2433 3352 2489 est,

54 2526 187 2564 cum
223 2510 490 2565 nnuirum
539 2511 628 2567 ille
672 2512 791 2582 ipse
820 2512 913 2583 qui
946 2512 1130 2566 dixit;
1180 2510 1294 2583 Ego
1333 2527 1450 2565 sum
1506 2510 1853 2577 resurrectio,
1921 2508 2215 2564 universos
2259 2508 2608 2575 evocaverit,
2661 2516 2717 2565 et
2787 2525 3019 2582 corpore
3059 2529 3123 2569 ae
3177 2524 3359 2572 mente

54 2606 277 2678 pariter
306 2603 597 2670 excitarit,
630 2611 797 2674 atque
837 2607 891 2658 in
921 2602 1103 2658 futuro
1129 2603 1368 2658 adventu
1406 2619 1506 2658 sua
1548 2605 1671 2659 luce
1708 2599 2032 2675 perfuderit.

127 2708 181 2769 γ’
217 2701 321 2753 καὶ
347 2699 427 2770 λη’
451 2699 599 2771 σχόλ.
642 2700 790 2754 Ἀντὶ
815 2699 930 2761 τοῦ,
959 2700 1323 2767 Καταλείψει
1350 2698 1663 2768 ἅνθρωπος

56 2792 170 2846 τὸν
216 2790 451 2859 πατέρα
494 2789 683 2845 αὑτοῦ
729 2788 829 2843 καὶ
870 2788 985 2858 τὴν
1010 2788 1259 2859 μητέρα,
1300 2789 1399 2843 καὶ
1438 2793 1662 2859 κολλη-

54 2884 322 2950 θήσεται
350 2882 426 2953 τῇ
448 2884 688 2953 γυναικί
700 2899 716 2914 ο
757 2883 857 2936 καὶ
877 2882 1120 2936 ἔσονται
1153 2886 1206 2938 al
1229 2884 1339 2937 δύο
1359 2886 1445 2951 εὶς
1465 2883 1663 2953 σάρκα

61 2977 230 3040 οιιάν,
267 2974 423 3045 παρὰ
455 2974 536 3039 τὸ,
571 2970 646 3043 τῇ
680 2973 942 3043 γυναικί.

128 3075 181 3138 γ
215 3067 319 3121 καὶ
339 3067 421 3140 λη’
449 3066 632 3137 ἔλεγχ.
691 3065 1090 3120 ’Δποδέδεικται
1116 3065 1379 3130 πολλάκις
1408 3065 1486 3137 μὴ
1511 3063 1660 3119 ἀλλό-

1837 2693 2026 2752 Schol.
2068 2696 2102 2752 3
2131 2704 2186 2752 et
2230 2695 2321 2753 38.
2350 2696 2409 2751 In
2437 2712 2504 2753 eo
2544 2696 2691 2769 quod
2725 2700 2990 2772 scriptum
3016 2713 3105 2759 est
3133 2726 3148 2760 :
3181 2705 3360 2762 Relin-

1740 2800 1886 2857 rquet
1927 2788 2082 2843 homo
2127 2800 2333 2860 patrem
2379 2806 2533 2843 suum
2561 2801 2612 2844 et
2667 2803 2929 2858 matrem,
2974 2804 3024 2849 et
3071 2797 3359 2853 adita'rebt't

1764 2882 1924 2935 uxori
1941 2897 1961 2947 ;
2007 2890 2055 2935 et
2087 2891 2238 2936 erant
2266 2882 2372 2935 duo
2400 2882 2456 2936 in
2491 2898 2704 2938 carnem
2743 2900 2904 2939 unam
2927 2887 2970 2951 ⁵,
3030 2891 3357 2946 vocabulum

1763 2974 1922 3026 uxori
1957 2973 2204 3028 sustutit.

1832 3062 2018 3119 Relut.
2036 3064 2070 3119 3
2085 3071 2138 3120 et
2164 3063 2252 3118 58.
2274 3061 2663 3135 Smpenumero
2691 3066 3004 3134 docuimus,
3020 3068 3163 3125 haud
3181 3072 3358 3127 aliena

51 3177 190 3231 τρια
226 3157 373 3214 εἶναι
407 3161 477 3215 τὰ
515 3161 572 3213 ἐν
598 3158 678 3230 τῷ
723 3159 875 3231 νόμῳ
915 3163 1031 3223 τοίς
1060 3159 1170 3213 ἀπὸ
1201 3159 1296 3213 τοῦ
1340 3159 1632 3213 Ἀποστόλο

1838 3172 1889 3212 se
1922 3170 2044 3226 qua:
2084 3156 2140 3209 in
2186 3156 2301 3226 lege
2349 3163 2477 3211 sunt
2516 3156 2679 3228 373
2710 3158 2779 3211 ab
2812 3158 2880 3213 iis
2912 3176 3034 3229 quae
3063 3161 3361 3231 Apostolus

49 3249 509 3321 διδασκομένοιςο
562 3248 666 3302 κάν
696 3265 758 3302 τε
791 3249 878 3315 σὺ,
926 3242 971 3301 ὧ
1004 3247 1293 3320 Μαρκίων,
1342 3245 1668 3318 παρακόψῃς

52 3344 136 3410 τὸ,
164 3344 439 3415 γυναικί.
471 3341 602 3397 Ἀπὸ
628 3341 723 3395 τοῦ
746 3340 876 3412 γὰρ,
898 3342 1143 3396 ἔσονται
1172 3343 1259 3409 εἰς
1283 3340 1482 3411 σάρκα
1496 3342 1664 3411 μίαν,

50 3436 194 3507 δήλη
223 3453 323 3490 σου
351 3435 504 3490 ἔσται
527 3436 560 3506 ἡ
588 3436 738 3488 πᾶσα
765 3432 1102 3507 ῥᾳδιουργία.

58 3549 181 3619 Τῆς
219 3551 378 3629 πρὸς
417 3547 755 3629 Κολοσσαῖς
1044 3548 1203 3629 παρά
1239 3547 1667 3629 τῷηιζαρκίωνι

126 3618 443 3693 κειμένης,
473 3619 635 3690 παρὰ
672 3618 743 3674 δὲ
764 3618 851 3686 τῷ
900 3620 1239 3684 Ἀποστόλῳ
1264 3619 1520 3690 ἑϐδόμης
1546 3636 1667 3674 κει-

122 3693 355 3764 μένης.

126 3805 183 3861 α’
218 3805 321 3860 καὶ
353 3802 432 3857 λθ¹
486 3802 632 3874 σχόλ.
671 3800 771 3871 Μὴ
805 3794 920 3858 οὖν
961 3820 1053 3870 τις
1099 3800 1256 3873 ὑμᾶς
1301 3802 1547 3873 κρινέτω
1596 3804 1666 3859 ἐν

48 3898 315 3966 βρώσει,
347 3897 385 3965 ἢ
416 3897 486 3950 ἐν
520 3898 723 3963 πόσει,
755 3896 794 3966 ἢ
840 3896 911 3950 ἐν
938 3894 1136 3965 ἑορτῇ,
1184 3895 1224 3965 ἢ
1269 3896 1339 3951 ἐν
1379 3896 1667 3967 νεομηνία

49 3992 153 4045 καὶ
194 3988 503 4054 Σαϐϐάτῳ,
534 3988 569 4042 ὅ
597 3989 731 4043 ἐστι
758 3987 906 4043 σκιὰ
941 3986 1061 4042 τῶν
1094 3990 1466 4057 μελλόντων.

129 4091 182 4137 α’
231 4082 335 4137 καὶ
367 4081 444 4135 λθ¹
475 4081 658 4153 ἑλεγχ.
714 4079 1027 4152 Οὐὼμόθεν
1066 4080 1366 4135 ὑποπίπτει
1426 4079 1574 4143 σκιὰ,
1619 4073 1665 4134 ὦ

48 4176 359 4250 Μαρκίων,
406 4174 523 4230 ἀλλ’
555 4176 590 4244 ἢ
630 4174 740 4229 ἀπὸ
768 4172 1053 4245 σώματος·
1102 4174 1198 4228 καὶ
1230 4173 1389 4245 σῶμα
1421 4173 1480 4226 οὐ
1510 4172 1667 4226 δύνα-

45 4287 146 4324 ται
200 4265 372 4331 εἶναι,
425 4268 586 4332 σκιᾶς
633 4267 728 4320 ἀπ’
764 4264 930 4319 αὑτοῦ
982 4264 1058 4337 μὴ
1104 4265 1455 4336 φαινομένης.
1502 4264 1666 4319 Ὅθεν

45 4359 365 4432 πεισθῆναι
392 4359 699 4430 ὀφείλουσιν
729 4359 778 4411 οἱ
808 4356 918 4411 ἀπὸ
945 4355 1040 4409 σοῦ
1068 4356 1409 4427 ἠπατημένοι
1442 4353 1529 4409 διὰ
1557 4355 1666 4408 τῶν

46 4456 134 4509 ἔτι
167 4452 335 4527 παρὰ
362 4450 456 4505 σοῦ
498 4450 919 4521 φυλαττομένων
945 4448 1044 4520 τῆς
1072 4447 1330 4521 ἀληθείας
1368 4436 1478 4502 τῶν
1503 4446 1664 4501 θείων

1772 3249 2023 3316 tradidit;
2059 3248 2198 3311 etsi,
2257 3248 2481 3316 Marcio,
2524 3264 2721 3304 nomen
2773 3253 2961 3306 uxoris
3002 3256 3356 3324 expuuxeris.

1769 3344 1985 3399 Etenim
2032 3341 2124 3396 illa
2179 3344 2299 3412 ipsa
2342 3342 2542 3408 verba,
2592 3353 2745 3396 erunt
2798 3345 2853 3398 in
2909 3362 3122 3400 carnem
3160 3363 3356 3413 unant,

1770 3435 2014 3491 fraudem
2051 3442 2198 3489 tuam
2232 3434 2368 3491 satis
2401 3450 2676 3506 superque
2704 3435 2966 3509 detegunt

1772 3549 1855 3605 Ea:
1889 3548 2132 3620 Epistola
2170 3549 2238 3602 ad
2275 3547 2635 3606 Colosseuses.
2675 3566 2837 3620 quam
2867 3560 3106 3606 octavam
3151 3551 3360 3609 Marcio

2118 3621 2365 3685 collocat,
2394 3619 2680 3689 Apostolus
2719 3637 2837 3676 vero
2882 3619 2991 3676 VII

1843 3796 2030 3854 Schol.
2073 3798 2099 3853 1
2134 3806 2197 3863 et_
2229 3797 2319 3853 39.
2363 3796 2533 3852 Nemo
2578 3815 2701 3869 ergo
2754 3816 2842 3855 vos
2887 3801 3095 3871 judicet
3130 3805 3183 3859 in
3219 3805 3356 3871 cibo,

1769 3891 1938 3943 autin
1966 3900 2115 3959 potu,
2161 3898 2254 3943 aut
2286 3891 2337 3943 in
2370 3891 2526 3959 festo.
2573 3901 2666 3944 aut
2702 3893 2757 3946 in
2793 3891 3107 3963 Neontenia,
3137 3906 3187 3951 et
3222 3897 3360 3953 Sab-

1768 3981 1912 4048 bato,
1944 3998 2060 4052 qua:
2089 3991 2166 4035 est
2203 3982 2389 4035 umbra
2419 3983 2723 4051 futurorum
2743 3986 2783 4042 ⁸.

1842 4073 2024 4130 [{elut.
2076 4076 2101 4129 1
2139 4084 2190 4130 et
2220 4076 2310 4133 59.
2354 4077 2537 4148 Neque
2582 4080 2803 4137 aliunde
2838 4098 3003 4152 quam
3048 4099 3079 4138 a
3126 4099 3358 4157 corpore

1770 4168 1965 4222 umbra
2002 4169 2312 4239 spargitur;
2359 4186 2536 4241 neque
2582 4187 2784 4243 corpus
2822 4188 2947 4229 esse
2979 4185 3179 4245 potest,
3222 4180 3357 4249 quin

1768 4260 1838 4314 ab
1871 4274 1937 4314 eo
1980 4259 2175 4320 umbra
2215 4272 2519 4330 promanet.
2570 4263 2938 4329 Quamobrem
2973 4282 3037 4321 ex
3082 4269 3190 4325 illis
3224 4271 3357 4340 ipsis

1768 4348 2015 4405 veritatis
2073 4364 2137 4405 ac
2188 4366 2471 4406 sacrarum
2518 4352 2850 4409 Litterarum
2904 4356 3172 4428 reliquiis,
3216 4375 3356 4431 quas

1769 4442 1915 4513 apud
1946 4454 1998 4498 te
2039 4444 2266 4510 retines,
2310 4443 2524 4499 discere
2559 4445 2921 4501 circumventi
2958 4448 3056 4504 abs
3096 4458 3148 4504 te
3178 4450 3355 4505 homi-

44 4548 303 4622 Γραφῶν
343 4546 632 4617 λειψάνων,
676 4546 779 4608 ὅτι,
836 4543 1137 4616 μελλόντων
1184 4543 1405 4614 ἀγαθῶν
1456 4544 1634 4597 ἀποκα

1838 4553 1871 4592 :s
1898 4536 2121 4604 debent,
2155 4537 2225 4592 ab
2257 4536 2325 4592 iis
2351 4536 2511 4592 bouis
2541 4554 2662 4608 quae
2692 4539 2985 4611 retegenda
3016 4541 3148 4596 olim
3173 4550 3353 4608 erant,

43 4640 396 4704 λύπτεσθαι,
450 4638 550 4693 οὐκ
602 4637 860 4710 ἀλλότρια
907 4631 976 4709 ἦν
1028 4635 1098 4690 τὰ
1145 4636 1266 4690 τότε
1317 4635 1664 4707 δικαιώματα

44 4732 426 4809 προσκαίρως
464 4728 921 4802 προστεταγμένα
966 4716 1096 4800 περὶ
1149 4727 1405 4800 βρώσεως
1438 4729 1532 4782 καὶ
1563 4728 1662 4781 πό-

45 4841 226 4887 σεως,
265 4822 364 4875 καὶ
395 4819 595 4892 μέρους
626 4818 832 4892 ἑορτῶν
866 4820 960 4872 καὶ
989 4819 1288 4890 νεομηνιῶν
1329 4820 1424 4873 καὶ
1449 4820 1662 4874 Σαϐϐά-

40 4936 185 4979 των,
215 4908 298 4969 ὧν
327 4911 550 4982 ἀγαθῶν
593 4912 723 4967 σκιὰ
761 4908 901 4985 ἦσαν
939 4912 1006 4966 τὰ
1038 4912 1442 4985 προειρημένα·
1489 4914 1555 4967 δι’
1587 4908 1662 4968 ὧν

45 5009 237 5064 σκιῶν
287 5008 353 5062 τὸ
401 5006 560 5075 σῶμα
590 5005 999 5077 κατειλήφαμεν
1038 5005 1145 5058 τῶν
1188 5005 1499 5059 ἐνεστώτων
1529 5008 1662 5077 ἀγα-

43 5102 164 5156 θῶν
220 5104 283 5154 ὲν
314 5101 468 5172 νόμῳ
515 5099 615 5173 μὲν
658 5098 1199 5171 σκιαγραφηθέντων,
1241 5102 1299 5154 ὲν
1342 5099 1563 5173 Χριστῷ
1605 5101 1662 5154 δὲ

39 5193 489 5249 τελειωθέντων.

487 5303 645 5372 Πρὸς
674 5302 981 5373 Φιλήμονα
1010 5303 1249 5373 ἐνάτης.

116 5418 328 5481 Οὕτως
377 5415 487 5487 γὰρ
518 5415 669 5488 παρὰ
709 5414 788 5487 τῷ
816 5417 1105 5488 Μαρκίωνι
1158 5419 1356 5471 κεῖται.
1404 5416 1561 5489 Παρὰ
1600 5415 1657 5469 δὲ

48 5512 123 5585 τῷ
170 5508 502 5579 ’Δποστόλῳ
542 5510 747 5580 ἐσχάτη
778 5512 989 5563 κεῖται·
1025 5510 1084 5563 ὲν
1124 5510 1270 5581 τρισὶ
1300 5508 1355 5563 δὲ
1395 5508 1655 5582 ἀντιγρά-

1771 4628 2032 4683 mandata
2063 4631 2153 4684 illa
2184 4644 2532 4701 nequaquam
2560 4632 2944 4700 abhorruisse,
2986 4651 3106 4706 qua:
3132 4635 3200 4692 de
3229 4636 3355 4691 cibo

1772 4736 1837 4775 ac
1869 4734 2022 4792 potu,
2058 4722 2235 4789 festis,
2268 4738 2333 4777 ac
2358 4722 2691 4792 Neomeniis,
2724 4736 2780 4782 et
2808 4724 3064 4784 Sabbatis
3089 4745 3189 4800 pro
3215 4738 3355 4785 tem-

1769 4817 1922 4885 poris
1968 4817 2180 4871 ratione
2228 4817 2548 4887 praescripta
2595 4827 2725 4874 sunt
2756 4837 2769 4874 :
2803 4835 3033 4889 quarum
3077 4837 3179 4876 nos
3228 4838 3351 4877 um-

1770 4909 1993 4965 brarum
2028 4910 2294 4966 beneﬁcio
2330 4914 2682 4983 praesentium
2728 4914 3020 4977 bonorum,
3058 4921 3117 4968 ut
3164 4916 3236 4969 ita
3265 4917 3352 4971 di-

1768 5016 1913 5062 cam.
1947 5018 2150 5075 corpus
2178 5004 2360 5076 adepti
2390 5021 2603 5074 sumus,
2633 5023 2754 5076 quae
2783 5008 2837 5061 in
2868 5007 2988 5078 lege
3024 5007 3353 5065 adumbrata

1768 5103 2051 5163 postremo
2085 5098 2141 5156 in
2174 5096 2397 5154 Christo
2428 5097 2672 5170 perfecta
2704 5107 2849 5184 sunt.

1938 5303 2010 5357 De
2041 5303 2282 5375 Epistula
2311 5304 2419 5372 IX,
2450 5323 2566 5375 qua:
2594 5317 2671 5360 est
2700 5307 2767 5359 ad
2800 5305 3176 5362 Philemonem.

1836 5415 1951 5469 lloc
1986 5416 2133 5470 illam
2181 5417 2374 5473 ordine
2416 5416 2621 5473 Marcio
2670 5419 2994 5487 collocavit,
3040 5437 3165 5475 eum
3205 5421 3353 5490 Apo-

1765 5509 1941 5564 stolus
1969 5508 2161 5565 ultimo
2193 5509 2315 5565 loco
2346 5512 2609 5581 posuerit.
2645 5510 2751 5569 Sed
2788 5515 2841 5568 in
2889 5516 3169 5570 nonnullis
3199 5514 3348 5568 codi-

122 5689 141 5721 ¹
182 5685 359 5741 Joan.
398 5700 475 5749 xu,
516 5682 603 5738 39.
684 5685 704 5713 '
748 5682 917 5739 λίπε.
954 5700 1009 5747 v,
1043 5685 1132 5744 55.
1158 5687 1245 5742 39.
1325 5687 1344 5716 ³
1378 5684 1538 5741 Joan.
1572 5701 1622 5740 τι

1856 5688 1874 5717 ⁸
1903 5685 2065 5741 Marc.
2094 5703 2148 5753 ν,
2191 5686 2279 5743 Μ.
2360 5689 2379 5718 ⁵
2409 5688 2607 5760 Ephcs.
2642 5708 2692 5751 ν,
2717 5691 2803 5745 3i.
2885 5692 2904 5720 ⁸
2937 5692 3127 5747 Coluss
3158 5706 3215 5757 ιι,
3255 5691 3336 5747 l6.

414 5829 683 5888 Pnaoc.
742 5826 863 5890 Cn.
918 5826 1083 5889 XLI.

2968 5831 3047 5894 26
