3846 6282
486 267 584 327 8H

1885 262 1940 318 S.
1986 259 2328 318 EPIPHANII
3641 260 3734 315 8&2

486 382 645 439 cibus
671 377 789 433 Xlll
809 385 935 433 ante
955 377 1257 450 Epistolam
1281 376 1346 431 ad
1365 376 1642 440 Hebraeos,
1670 391 1791 447 qum
1813 383 1898 433 est
1912 374 2052 439 XIV,

2175 393 2278 443 ροις
2327 379 2748 449 τρισκαιδεκάτῃ
2799 381 2906 451 πρὸ
2951 381 3048 450 τῆς
3094 380 3232 453 πρὸς
3289 379 3583 452 Ἑϐραίους
3623 397 3732 432 τεσ-

486 483 828 528 numeratur.
871 471 991 524 Alia
1033 486 1228 526 rursus
1271 467 1604 539 exemplaria
1642 467 1940 536 Epistolam
1993 468 2061 521 ad

487 563 744 620 Hebraeos
791 561 1058 622 decimam
1108 567 1339 630 ponunt,
1388 556 1558 612 ante]
1610 565 1662 610 ct
1699 554 1738 606 Il
1775 555 1841 609 ad
1883 553 2064 607 Timo-

485 657 698 721 theum,
756 655 823 709 ad
867 654 1069 719 Titum,
1113 661 1165 707 et
1209 651 1598 704 Philemonem.
1655 647 1759 701 Sed
1794 645 2059 716 quidquid

485 758 570 806 est
601 750 938 819 integrorum
981 761 1044 798 ac
1085 745 1186 800 (ide
1217 745 1502 818 dignorum
1545 740 1794 796 codicum
1829 738 2058 807 primam

487 842 555 897 ad
593 840 870 895 Romanos
903 837 1199 908 Epistolam
1233 835 1489 898 collocat,
1525 848 1634 887 non
1669 847 1787 887 eam
1837 846 1958 900 qua:
1994 829 2060 883 ad

486 931 706 988 Galatas
728 939 833 993 est,
862 945 1022 1000 quam
1056 936 1112 982 tu
1136 929 1364 996 primam
1397 940 1541 990 esse,
1567 924 1790 987 Marcio,
1818 921 2058 977 voluisti.

487 1027 755 1081 (latterum
789 1023 925 1076 nihil
957 1037 1019 1076 ex
1062 1019 1304 1090 Epistola
1333 1018 1398 1072 ad
1424 1016 1797 1072 Philemonem
1832 1014 2062 1069 adnota-

488 1117 687 1182 vimus,
718 1115 862 1186 quod
899 1113 1042 1184 apud
1074 1112 1227 1165 illum
1258 1110 1480 1165 omnino
1511 1108 1809 1179 depravata
1839 1107 2056 1178 legitur.

804 1249 888 1302 Ea:
919 1248 1156 1317 Epistola
1184 1246 1253 1300 ad
1287 1245 1646 1315 Philippenses
1672 1243 1744 1297 X.

554 1365 680 1421 Haec
713 1365 857 1420 enim
905 1364 1047 1432 apud
1080 1361 1412 1416 Marcionem
1457 1359 1668 1414 decima
1709 1365 1792 1413 est
1818 1356 1982 1429 3⁸14Ι
2009 1363 2063 1412 et

486 1458 698 1521 ultima,
744 1455 886 1526 apud
921 1455 1242 1524 Apostolum
1287 1460 1462 1508 sexta.
1503 1452 1587 1507 Ab
1637 1451 1761 1517 hac,
1795 1451 1942 1521 quod
1981 1451 2064 1504 vi-

483 1550 617 1603 tiata
661 1549 879 1618 penitus
913 1553 1059 1602 esset
1111 1559 1176 1599 ac
1227 1551 1504 1615 corrupta,
1553 1542 1691 1597 nihil
1726 1539 2060 1611 seligendum

484 1642 761 1698 duximus.

2163 472 2657 543 σαρεσκαιδεκάτης
2685 473 2963 528 τέτακται.
3005 474 3174 528 Ἀλλα
3205 476 3262 528 δὲ
3288 475 3607 544 ἀντίγραφα
3632 475 3731 543 ἔχει

2161 563 2258 633 τὴν
2289 565 2424 635 πρὸς
2478 565 2762 636 Ἐϐραίους
2803 567 3036 638 δεκάτην
3062 567 3167 637 πρὸ
3204 568 3312 620 τῶν
3343 566 3436 619 δύο
3463 567 3575 618 τῶν
3607 566 3731 639 utﬁt;

2162 655 2444 723 Τιμόθεον,
2496 659 2590 710 καὶ
2633 658 2813 724 Τίτον,
2862 661 2957 713 καὶ
3003 661 3304 730 Φιλήμονα.
3346 659 3535 712 Πάντα
3573 659 3628 710 δὲ
3671 660 3731 710 τὰ

2098 809 2104 814 η
2161 747 2470 820 ἀντίγραφα
2503 749 2570 802 τὰ
2613 750 2728 803 σῶα
2771 753 2867 804 καὶ
2897 752 3068 822 ἀληθῆ
3107 752 3208 822 τὴν
3249 752 3388 822 πρὸς
3435 751 3730 819 Ῥωμαὲῦυς

2161 837 2341 911 ἔχουσι
2377 839 2618 911 πρώτην,
2648 843 2747 912 οὐχ
2777 842 2853 906 ὡς
2882 844 2968 906 σὺ,
3015 842 3294 908 Μαρκίων,
3321 843 3417 911 τὴν
3451 841 3590 911 πρὸς
3633 840 3712 892 Γα-

2162 931 2332 996 λάτας
2356 931 2552 998 ἔταξας
2585 933 2828 1005 πρώτην.
2876 935 3064 1004 Ὅμως
3092 933 3200 986 ἀπὸ
3239 932 3444 1002 ταύτης
3465 933 3567 1001 τῆς
3605 931 3729 1000 πρὶς

2160 1024 2436 1094 Φιλήμονα
2464 1025 2616 1077 οὐδὲν
2646 1024 3018 1096 παρεθέμεθα,
3045 1025 3131 1077 διὰ
3150 1025 3208 1077 τὸ
3239 1024 3536 1096 ὁλοσχερῶς
3569 1024 3729 1092 αὐτὴν

2160 1113 2497 1186 διαστρόφως
2537 1116 2665 1186 παρ’
2694 1115 2841 1187 αὑτῷ
2865 1114 3104 1179 κεῖσθαι.

2478 1252 2634 1320 Πρὸς
2677 1253 3119 1319 Φιλιππησίους
3143 1251 3416 1319 δεκάτης.

2232 1364 2418 1429 Οὕτως
2463 1365 2570 1437 γὰρ
2629 1369 2804 1420 κεῖται
2859 1364 3010 1436 παρὰ
3059 1364 3136 1434 τῷ
3187 1365 3474 1434 Μαρκίωνι
3532 1364 3728 1433 ἐσχάτη

2163 1457 2258 1510 καὶ
2297 1457 2520 1527 δεκάτη,
2551 1458 2701 1528 παρὰ
2721 1458 2777 1510 δὲ
2803 1457 2880 1528 τῷ
2922 1456 3229 1526 Ἀποστόλῳ
3255 1457 3407 1526 ἕκτη.
3467 1455 3727 1516 Ὡσαύτως

2163 1546 2282 1600 οὐδὲ
2314 1548 2406 1600 ἀπ’
2447 1549 2636 1618 αὺτῆςο
2669 1547 2758 1600 διὰ
2787 1548 2846 1600 τὸ
2884 1548 3221 1620 διαστρόφως
3267 1550 3395 1618 παρ’
3437 1546 3582 1618 αὐτῷ
3620 1549 3724 1599 κεῖ-

2167 1637 2310 1702 σθαι,
2341 1637 2489 1691 οὐδὲν
2518 1638 2896 1709 ἐξελεξάμεθα.

562 1730 840 1787 Hactenus
879 1727 1171 1784 Marcionis
1204 1742 1343 1798 opus
1369 1743 1433 1782 ex
1467 1723 1744 1795 Evangelii
1779 1721 1962 1784 Lucae,
2008 1728 2062 1775 et

2235 1730 2382 1801 Αὕτη
2416 1731 2766 1802 πεπλήρωται
2802 1733 2834 1802 ἡ
2873 1731 2965 1784 τοῦ
3001 1732 3323 1803 Μαρκίωνος
3352 1732 3598 1798 σύνταξις
3627 1731 3725 1783 ἀπ’»

488 1823 736 1895 Apostoli
774 1821 1127 1891 scriptorum,
1159 1835 1222 1873 ac
1249 1818 1484 1886 denique
1511 1829 1792 1870 sacrorum
1825 1813 2059 1867 volumi-

485 1930 616 1968 num
652 1911 898 1981 reliquiis
933 1915 1271 1963 contextum.
1306 1905 1383 1957 Ex
1411 1903 1612 1973 quibus
1657 1901 1724 1955 ab
1753 1915 1819 1956 eo
1859 1897 2062 1954 relictis

485 2005 795 2078 particulis,
835 2017 956 2072 quae
982 2000 1048 2055 ad
1083 2001 1233 2053 illum
1277 1994 1708 2052 convincendum
1743 1992 1921 2046 facere
1964 2005 2063 2061 po-

485 2104 668 2153 terant
702 2095 1023 2165 delegimus.
1061 2091 1264 2145 Praeter
1297 2091 1413 2144 haec
1463 2103 1595 2143 vero
1630 2102 1694 2142 ex
1734 2100 1798 2141 ea
1843 2098 1963 2155 qua:
1996 2083 2063 2137 ad

487 2189 854 2244 Laodicenses
886 2186 1145 2255 inscripta
1177 2195 1259 2238 est
1282 2183 1546 2252 Epistola,
1577 2179 1822 2250 quazdam
1854 2177 1909 2230 in
1938 2191 2062 2230 eum

486 2284 707 2346 librum,
738 2295 898 2352 quem
927 2278 1284 2348 Apostoh‘cum
1319 2283 1496 2339 vocat,
1529 2271 1828 2326 transtulit.

557 2372 743 2429 Schol.
784 2374 808 2427 1
853 2383 905 2427 et
934 2373 1025 2426 40.
1071 2369 1216 2424 Unus
1255 2369 1537 2434 Dominus,
1579 2386 1684 2422 una
1715 2369 1865 2438 ﬁdes,
1901 2385 2061 2422 unum

486 2468 769 2535 baptisma,
817 2481 951 2519 unus
999 2463 1262 2527 Christus,
1298 2479 1432 2517 unus
1475 2462 1616 2516 Deus
1663 2472 1711 2515 et
1757 2461 1921 2515 Pater
1954 2478 2066 2514 om-

485 2563 630 2616 nium
657 2578 670 2615 :
697 2560 787 2630 qui
809 2575 963 2629 super
987 2557 1163 2612 omnia
1191 2566 1241 2610 et
1277 2572 1368 2625 per
1394 2555 1571 2609 omn-ia
1600 2564 1646 2608 et
1677 2556 1727 2607 in
1759 2552 1998 2607 omnibus
2020 2553 2060 2605 ί.

553 2745 734 2800 Refut.
765 2745 791 2799 1
830 2752 884 2800 et
911 2743 1000 2798 40.
1043 2741 1410 2797 Consentiunt
1449 2754 1572 2794 cum
1601 2739 1668 2793 iis
1703 2752 1823 2807 quae
1854 2737 1908 2792 in
1937 2736 2064 2806 Epi-
2097 2726 2113 2741 ⁸

497 2840 635 2894 stola
661 2837 772 2892 adE
791 2837 1012 2908 phesios
1039 2835 1314 2904 leguntur,
1339 2846 1458 2902 quae
1477 2847 1541 2884 ex
1570 2829 1810 2900 Epistola
1839 2829 1903 2883 ad
1927 2827 2065 2883 Lao-

495 2933 724 2987 dicenos
765 2929 866 3000 (sic
903 2927 1048 2983 enim
1081 2924 1421 2994 inscribitur)
1453 2930 1645 2977 contra
1676 2930 1728 2976 te
1754 2921 2064 2974 testimonia

487 3024 785 3095 protulisti,
831 3029 891 3076 ut
930 3023 983 3075 in
1033 3019 1139 3074 ﬁne
1189 3017 1410 3072 tandem
1435 3029 1557 3086 quae
1605 3013 1672 3068 ad
1706 3021 1760 3067 te
1789 3012 2064 3084 pertinent

485 3118 716 3190 legendo
747 3115 1049 3178 discamus,
1080 3122 1311 3182 tuasque
1339 3125 1429 3164 res
1468 3106 1820 3178 intelligendo
1847 3107 1950 3160 tria
1974 3105 2066 3159 illa

487 3221 694 3266 temere
717 3209 815 3264 abs
845 3215 898 3263 te
933 3206 1244 3276 excogitata
1275 3201 1542 3274 principia
1573 3200 1843 3270 principio
1866 3213 2066 3254 caren-

487 3303 583 3366 tia,
644 3310 697 3356 et
735 3316 764 3353 a
827 3315 886 3357 se
950 3298 1182 3352 invisent
1229 3296 1444 3351 diversa
1498 3294 1841 3348 damnemus.
1884 3290 2068 3362 Longe

487 3396 634 3450 enim
672 3394 778 3447 alia
825 3398 910 3448 est
943 3390 1188 3461 Apostoli
1218 3388 1491 3451 doctrina,
1537 3401 1602 3441 ac
1643 3385 1839 3456 dogma
1875 3383 2068 3438 ﬁrmis-

489 3488 711 3550 simum,
769 3483 914 3554 quod
959 3498 990 3536 a
1020 3481 1183 3552 nugis
1237 3481 1344 3536 tuis
1381 3495 1444 3534 ac
1489 3479 1687 3534 fabulis
1740 3491 2069 3549 magnopere

489 3577 737 3633 dissidet.
771 3575 986 3628 Etenim
1017 3572 1308 3644 perspicue
1349 3586 1518 3625 unum
1551 3569 1840 3625 Dominum
1880 3569 2069 3625 deﬁnit

489 3684 635 3733 esse,
694 3681 860 3722 unam
901 3666 1085 3730 tidem,
1129 3679 1296 3718 unum
1345 3663 1637 3733 baptisma,
1684 3678 1852 3716 unum
1898 3661 2067 3717 Deum

489 3759 852 3830 eumdemque
889 3758 1104 3812 Patrem
1139 3755 1409 3820 omnium,
1461 3755 1555 3825 qui
1591 3769 1756 3825 super
1792 3754 1976 3809 omnia
2014 3762 2070 3809 et

490 3853 548 3908 in
573 3852 825 3908 omnibus
854 3860 959 3914 est,
998 3859 1107 3904 tam
1135 3849 1189 3902 in
1223 3849 1337 3918 lege
1365 3863 1527 3919 quam
1572 3847 1628 3906 in
1669 3846 1970 3916 prophetis,
2015 3854 2071 3902 et

490 3946 548 4000 in
577 3943 843 4015 apostolis
878 3941 1156 4008 omnibus,
1196 3955 1260 3995 ac
1294 3939 1556 4007 deinceps
1588 3938 1818 3993 caeteris.

561 4037 688 4092 Haec
717 4036 883 4108 igitur
910 4049 940 4088 e
968 4047 1252 4088 sacrarum
1287 4031 1622 4086 Litterarum
1653 4029 1920 4099 reliquiis,
1947 4043 2069 4098 quae

490 4127 635 4198 apud
675 4125 1004 4180 Marcionem
1035 4122 1213 4176 adhuc
1248 4121 1621 4191 reperiuntur,
1655 4136 1685 4174 a
1715 4121 1874 4176 nobis
1903 4119 2072 4175 colle-

494 4228 582 4274 cta
627 4219 674 4274 si
704 4217 830 4288 quis
869 4214 1201 4280 consideret,
1242 4212 1442 4268 divinae
1467 4212 1824 4283 providentiae
1857 4210 2070 4282 magni-

496 4308 764 4375 licentiam
798 4307 1164 4376 obstupescet.
1197 4303 1334 4358 Cum
1377 4303 1522 4358 enim
1553 4303 1806 4373 quaelibet
1854 4317 1943 4358 res
1980 4301 2074 4356 tri-

494 4402 600 4458 bus
631 4399 960 4457 testimoniis
987 4397 1304 4469 approbari,
1338 4403 1392 4451 et
1431 4395 1620 4450 haberi
1651 4411 1749 4466 pro
1791 4405 2066 4466 comperta

495 4493 687 4554 soleat,
724 4491 986 4562 singulari
1022 4497 1105 4545 est
1144 4487 1239 4543 Dei
1285 4487 1572 4550 beneﬁcio,
1621 4496 1676 4541 et
1719 4486 2068 4542 administra-

494 4585 662 4649 tione,
692 4584 771 4637 uti
809 4583 1069 4646 diximus,
1107 4582 1333 4643 factum,
1380 4588 1439 4634 ut
1469 4580 1574 4634 hoc
1605 4581 1660 4634 in
1691 4580 1914 4650 negotio
1942 4589 2068 4634 octo

495 4677 657 4732 nobis
692 4690 755 4730 ac
788 4675 1130 4746 septuaginta
1161 4673 1476 4728 testimonia
1509 4687 1573 4726 ex
1609 4670 1903 4742 Evangelio
1939 4687 2070 4742 sup-

493 4774 764 4837 peterent,
796 4781 863 4820 ex
888 4763 1148 4833 Apostolo
1187 4762 1571 4833 quadraginta.
1602 4761 1733 4828 Quae
1784 4763 1965 4816 omnia
1999 4763 2068 4817 ad

495 4859 637 4912 hanc
667 4873 840 4928 usque
867 4856 1008 4912 diem
1048 4856 1190 4926 apud
1228 4855 1378 4908 illum
1417 4863 1654 4921 servata,
1696 4869 1796 4910 nec
1845 4855 1900 4910 in
1939 4871 2071 4910 con-

494 4951 816 5006 troversiam
861 4948 1094 5004 adducta
1125 4955 1272 5012 sunt,
1319 4946 1454 5001 adeo
1485 4955 1543 5001 ut
1587 4955 1809 5002 centum
1844 4950 2068 5003 omnino

496 5051 660 5113 atque
704 5043 1004 5099 octodecim
1048 5050 1285 5098 exstent.
1332 5041 1465 5108 Quae
1502 5043 1718 5113 quidem
1769 5043 2065 5098 Marcionis

496 5135 845 5207 opinionibus
877 5135 1261 5191 contradicunt
1289 5154 1302 5190 :
1339 5135 1420 5191 sic
1451 5143 1708 5204 tanquam
1737 5150 1800 5191 ex
1831 5115 2066 5206 persona

496 5227 709 5281 Domini
744 5226 952 5297 prolata
987 5228 1112 5281 sint.
1147 5225 1254 5282 Sed
1295 5234 1350 5282 et
1381 5226 1526 5280 aliud
1558 5227 1783 5297 insuper
1817 5227 2067 5282 additum

497 5327 580 5375 est
639 5328 830 5390 praeter
875 5318 1187 5389 Evangelii,
1219 5319 1380 5390 375
1410 5319 1767 5389 Apostolirue
1821 5322 2070 5378 testimo-

570 5504 582 5532 ¹
613 5501 808 5571 Ephes.
844 5517 918 5566 tv,
954 5501 1005 5554 5.
1083 5503 1102 5532 ³
1132 5499 1257 5564 For.
1288 5517 1376 5570 ης.
1453 5501 1473 5532 ³
1499 5500 1628 5571 Leg.
1659 5503 1759 5555 οὐκ
1789 5503 1929 5572 ἀμφ.

2163 1822 2256 1876 τοῦ
2301 1824 2442 1878 κατὰ
2478 1826 2690 1878 Λουκᾶν
2733 1825 3087 1894 Εὐαγγελίου,
3137 1826 3231 1879 καὶ
3276 1826 3369 1878 τοῦ
3417 1825 3725 1878 Ἀποστόλω

2166 1914 2486 1985 σωζομένων
2527 1915 2814 1985 λειψάνων.
2845 1916 3017 1985 λόγων
3055 1934 3115 1969 τε
3159 1917 3493 1979 ὑποθέσεως·
3543 1918 3633 1980 ἀφ’
3664 1910 3723 1985 ἧς

2164 2006 2552 2077 ἀναλεξάμενοι
2601 2008 2668 2061 τὰ
2716 2010 2835 2061 κατ’
2880 2009 3043 2062 αὑτοῦ
3089 2010 3196 2062 ἀπὸ
3242 2009 3350 2062 τῶν
3392 2009 3522 2080 παρ’
3569 2007 3722 2065 αὐτοῦ

2167 2098 2506 2169 σωζομένων,
2551 2099 2677 2159 τοὺς
2723 2099 2975 2169 ἐλέγχους
3017 2100 3387 2172 παρεθέμεθα,
3439 2100 3726 2172 Προσέθετο

2163 2189 2220 2241 δὲ
2257 2190 2312 2242 έν
2338 2187 2414 2258 τῷ
2458 2188 2569 2258 ἰδίῳ
2599 2189 2707 2260 (86)
2756 2191 3153 2257 Ἀποστολικῷ
3182 2192 3496 2263 καλουμένῳ
3519 2193 3609 2245 καὶ
3635 2191 3724 2260 τῆς

2166 2278 2505 2350 καλουμένης
2536 2281 2671 2350 πρὸς
2699 2281 3018 2350 Λαοδικέας.

2236 2381 2284 2427 α’
2325 2375 2419 2427 καὶ
2468 2381 2522 2444 μ’
2576 2374 2722 2444 σχόλ.
2781 2371 2883 2441 Εἷς
2939 2377 3176 2444 Κύριος,
3225 2375 3335 2444 μία
3389 2374 3618 2440 πίστις,
3661 2373 3724 2426 ἓν

2112 2543 2116 2548 η
2160 2453 2508 2535 βάπτισμα,
2564 2462 2654 2532 εἷς
2704 2468 2974 2534 Χριστὸς,
3027 2464 3114 2534 εἷς
3178 2469 3320 2533 Θεὸς
3387 2469 3484 2520 καὶ
3538 2466 3725 2531 Harin

2167 2558 2428 2624 πάντων,
2475 2562 2508 2612 ό
2550 2559 2648 2613 ἐπὶ
2694 2559 2935 2614 πάντων
2964 2561 3061 2614 καὶ
3102 2559 3200 2614 διὰ
3247 2559 3485 2615 πάντων
3531 2560 3621 2612 καὶ
3663 2559 3725 2609 ἐν

2166 2665 2373 2704 πᾶσιν.

2237 2748 2286 2795 α’
2316 2742 2410 2794 καὶ
2459 2741 2511 2814 μ’
2551 2741 2730 2814 ἕλεγχ.
2764 2743 3105 2814 Συνᾳδὸντως
3141 2745 3236 2814 μὲν
3277 2747 3344 2815 τῇ
3389 2743 3522 2813 πρὸς
3579 2743 3719 2809 Ἐφε-

2171 2830 2337 2894 σίους,
2367 2822 2411 2882 ὦ
2441 2830 2727 2901 Μαρκίων,
2755 2831 2849 2884 καὶ
2875 2830 3078 2894 ταύτας
3103 2832 3199 2894 τὰς
3227 2831 3370 2884 κατὰ
3399 2830 3492 2883 σοῦ
3533 2846 3721 2901 μαρτυ-

2171 2923 2290 2995 ρίας
2321 2923 2428 2976 άπὸ
2470 2924 2571 2995 τῆς
2603 2924 2902 2995 λεγομένης
2935 2924 3070 2996 πρὸς
3104 2924 3398 2986 Λαοδικέας
3437 2925 3720 2993 συνήγαγες

2169 3015 2309 3069 κατὰ
2361 3015 2455 3068 σοῦ
2488 3016 2824 3087 μαρτυρίας·
2858 3016 2941 3068 ἵνα
2999 3017 3091 3068 ἐπὶ
3121 3015 3197 3084 τῷ
3243 3014 3383 3067 τέλει
3425 3013 3517 3066 τοῦ
3563 3030 3717 3084 σφρα-

2170 3108 2437 3179 γίσματος
2495 3107 2755 3179 μάθωμεν
2801 3109 3126 3178 ἀναγνόντες
3176 3107 3243 3160 τὰ
3291 3107 3441 3177 παρὰ
3485 3106 3597 3167 σοί,
3640 3105 3718 3156 καὶ

2170 3199 2387 3267 γνόντες
2419 3198 2486 3252 τὰ
2528 3198 2670 3252 κατὰ
2700 3199 2778 3266 σὲ,
2811 3199 3169 3268 καταγνῶμεν
3207 3197 3314 3250 τῶν
3338 3197 3425 3250 διὰ
3459 3194 3550 3248 σοῦ
3584 3193 3720 3248 ἀλλο-

2168 3292 2335 3362 τρίως
2367 3291 2797 3362 ὲπινενοημένων
2831 3291 2996 3361 τριῶν
3041 3291 3291 3362 ἀνάρχων
3331 3288 3512 3359 ἀρχῶν
3556 3287 3718 3354 διαφο-

2172 3382 2272 3456 ρὰς
2316 3383 2452 3453 πρὸς
2480 3383 2714 3453 ἀλλήλας
2756 3382 3014 3453 ἐχουσῶν.
3048 3383 3158 3453 Οὐχ
3201 3381 3374 3444 οὕτως
3419 3382 3526 3452 γὰρ
3551 3379 3651 3449 ἔχει
3690 3378 3718 3444 ἡ

2167 3474 2262 3528 τοῦ
2315 3476 2471 3545 ἁγίου
2529 3475 2851 3529 Ἀποστόλου
2900 3474 3152 3537 ὑπόθεσις
3207 3474 3300 3527 καὶ
3343 3473 3716 3542 ἠσφαλισμένην

2170 3567 2448 3638 κήρυγμα,
2491 3567 2627 3622 ἀλλὰ
2657 3567 2850 3631 ἄλλως,
2882 3567 3030 3637 παρὰ
3062 3566 3122 3619 τὸ
3152 3566 3242 3619 σὺν
3273 3567 3594 3638 ποιήτευμα.
3631 3564 3716 3615 Σα-

2171 3659 2286 3728 φῶς
2316 3660 2422 3731 γὰρ
2469 3659 2570 3730 ἔφη
2601 3661 2694 3712 ἕνα
2720 3661 2943 3731 Κύριον,
2979 3660 3103 3730 μίαν
3128 3661 3328 3724 πίστιν,
3358 3658 3415 3711 ἓν
3439 3659 3713 3728 βάπτισμα,

2169 3752 2266 3804 ἕνα
2301 3751 2436 3805 Θεὸν
2469 3751 2558 3805 τὸν
2587 3752 2749 3806 αὑτὸν
2784 3753 3005 3823 Πατέρα
3049 3753 3287 3813 πάντων,
3325 3752 3420 3804 τὸν
3461 3752 3614 3805 αὐτὸν
3638 3747 3715 3800 ἐπὶ

2169 3841 2409 3907 πάντων,
2456 3841 2551 3896 καὶ
2595 3845 2652 3895 ὲν
2684 3843 2817 3896 πᾶσι
2849 3842 2936 3896 διά
2979 3859 3037 3894 τε
3079 3843 3241 3913 νόμου
3288 3843 3381 3895 καὶ
3427 3837 3714 3912 προφητῶν,

2171 3934 2266 3987 καὶ
2296 3935 2354 3986 ὲν
2382 3936 2548 3988 πᾶσιν
2586 3935 2923 4000 ἀποστόλοις,
2956 3935 3052 3988 καὶ
3079 3935 3135 3986 ὲν
3170 3937 3282 3998 τοῖς
3312 3933 3562 4002 καθεξῆς.

2242 4026 2390 4097 Αὕτη
2422 4025 2520 4096 μὲν
2559 4027 2713 4097 ήμῶν
2743 4028 2777 4098 ή
2825 4024 3266 4097 προθεωρηθεῖσα
3309 4026 3366 4077 ὲν
3409 4027 3520 4088 τοῖς
3559 4037 3714 4093 προει-

2174 4119 2433 4191 ρημένοις
2461 4118 2829 4190 ἅναλεχθεῖσιν
2855 4119 2962 4171 ἀπὸ
3003 4119 3102 4190 τῆς
3140 4117 3270 4189 παρ’
3297 4115 3445 4187 αὐτῷ
3489 4115 3565 4186 τῷ
3590 4113 3713 4182 Μαρ-

2172 4213 2327 4266 κίωνι
2376 4212 2456 4265 ἔτι
2513 4211 2826 4283 σωζομένης
2873 4211 3116 4284 Γραφῆς,
3161 4211 3241 4274 εἰς
3298 4212 3318 4241 ’
3354 4211 3452 4280 τὴν
3499 4207 3712 4271 ἀνάλεξιν

2175 4306 2451 4375 σκοπήσας
2485 4322 2566 4369 τις
2605 4304 2904 4375 ἐκπλαγείη
2930 4303 3029 4368 τὰς
3055 4300 3461 4375 μεγαλοδώρους
3499 4299 3622 4355 Θεοῦ
3649 4299 3710 4349 οξ-

2173 4405 2450 4476 κονομίας.
2497 4405 2755 4459 Ἑκάστου
2791 4405 2897 4476 γὰρ
2932 4403 3251 4475 πράγματος
3281 4402 3367 4454 διὰ
3400 4400 3562 4471 τριῶν
3601 4413 3712 4468 μαρ-

2173 4499 2374 4570 τυριῶν
2416 4498 2917 4569 ὲπιϐεϐαιουμένου,
2962 4497 3056 4550 καὶ
3100 4495 3505 4566 συνισταμένου,
3538 4494 3607 4556 ὠς
3644 4493 3712 4543 ὲν⁴

2171 4593 2348 4648 ταῦθα
2386 4592 2557 4662 ψιλῶς
2598 4592 2626 4644 ὁ
2665 4591 2796 4654 Θεὸς
2843 4591 3136 4660 ἐχαρίσατο
3189 4591 3442 4659 συνάψαι,
3481 4588 3553 4651 ὠς
3582 4585 3709 4654 ἔφην,

2172 4689 2321 4758 ἡμᾶς
2369 4685 2489 4738 κατ’
2535 4683 2841 4754 οἰκονομίαν
2892 4683 3258 4758 ἐϐδομήκοντα
3315 4683 3413 4754 μὲν
3462 4683 3552 4736 καὶ
3595 4677 3710 4734 ὀκτὼ

2178 4755 2480 4848 μαρτυρίας
2526 4773 2633 4828 ἀπὸ
2679 4773 2770 4826 τοῦ
2814 4755 3198 4842 Εὐαγγελίουξ
3232 4772 3623 4844 τεσσαράκοντα
3666 4769 3708 4822 δὲ

2175 4868 2282 4922 ἀπὸ
2313 4867 2405 4920 τοῦ
2449 4865 2791 4926 Ἀποστόλου,
2824 4864 2918 4916 καὶ
2960 4863 3162 4926 ταύτας
3196 4863 3326 4932 παρ’
3355 4861 3500 4932 αὐτῷ
3546 4862 3616 4923 εξς
3647 4858 3707 4910 ἔτι

2175 4957 2270 5011 καὶ
2297 4956 2455 5028 δεῦρο
2488 4953 2798 5025 σωζομένοις
2843 4971 2900 5006 τε
2948 4953 3041 5005 καὶ
3070 4952 3545 5023 ἁμφιόαλλομένας
3574 4951 3620 4980 ³·
3651 4949 3708 5006 ὡς

2175 5047 2312 5104 εἶναι
2341 5049 2437 5113 τὰς
2469 5049 2650 5111 πάσας
2682 5047 2873 5100 ἑκατὸν
2920 5042 3196 5098 δεκαοκτώ
3215 5061 3228 5074 ο
3263 5043 3631 5112 ἁντιλεγούσας
3665 5038 3705 5092 δὲ

2174 5142 2354 5204 πάσας
2382 5144 2448 5212 τῇ
2480 5140 2646 5194 αὐτοῦ
2699 5138 3024 5210 Μαρκίωνος
3072 5135 3287 5210 γνώμῃ.
3320 5136 3395 5200 ὡς
3443 5135 3705 5203 ἀπὺ-προσο

2172 5234 2322 5287 ώπου
2352 5233 2614 5302 ὀνόματος
2643 5230 2846 5304 Κυρίου
2881 5231 2922 5292 ⁸,
2953 5229 3040 5281 διὰ
3069 5227 3176 5281 τῶν
3201 5227 3494 5290 δεκαοκτὼ,
3529 5225 3610 5279 καὶ
3633 5223 3705 5290 τῆς

2175 5321 2338 5376 αὑτοῦ
2373 5321 2606 5387 ὲνδεξίου
2649 5319 2895 5388 εὐλογίας
2941 5319 3028 5372 διὰ
3059 5319 3166 5370 τῶν
3195 5318 3408 5373 ἑκατόν.
3450 5315 3594 5370 Ἀλλὰ
3635 5311 3701 5365 xa‘

2010 5502 2029 5533 ⁸
2059 5501 2318 5558 Mendosa
2355 5501 2491 5555 haze.

546 5682 682 5754 ,(86)
722 5682 1049 5751 Προσέθετο
1089 5680 1158 5734 δὲ
1195 5679 1263 5734 ἐν
1311 5677 1388 5744 τῷ
1421 5677 1566 5743 ἰδίῳ.
1610 5677 1682 5733 De
1714 5679 1950 5749 Epistola
1992 5681 2058 5735 ad

2175 5679 2466 5737 odiecnscs
2501 5685 2758 5735 accurate
2786 5676 3032 5747 disputat
3066 5675 3264 5732 Baron.
3291 5692 3381 5733 an.
3414 5677 3500 5732 GU.
