3768 6182
106 252 229 311 815

810 248 1183 305 ADVERSUS
1224 247 1563 305 [UERESES
1599 247 1729 303 LIB.
1774 246 1810 303 Ι.
1854 246 2017 303 ΤΟΜ.
2054 248 2511 306 lll.—-ll:ERES.
2561 251 2721 307 XLII.

3313 262 3347 316 8
3359 261 3425 316 ιι

107 374 207 428 ἐπ’
228 373 401 444 ἄλλης
432 373 697 444 περισσῆς
726 371 861 443 πρὸς
879 372 975 425 ἐπὶ
999 373 1215 436 τούτοις
1236 373 1392 436 ἐκτὸς
1420 371 1513 426 τοῦ
1542 371 1711 439 Εὐαγ-

1886 383 1996 422 ιιιη.
2032 366 2220 438 Neque
2257 371 2404 423 enim
2444 369 2649 425 infelici
2692 371 2954 429 Mareioni
2995 375 3174 431 visum
3217 386 3302 433 est
3350 397 3415 435 ex

108 467 309 536 γελίου
339 467 431 519 καί⁹
457 465 553 519 τοῦ
597 465 940 519 Ἀποστόλου.
975 466 1050 519 Οὐ
1076 465 1185 538 γὰρ
1212 465 1356 530 ἔδοξε
1386 465 1463 536 τῷ
1490 464 1720 519 ἐλεεινο-

110 562 277 631 τάτῳ
310 559 596 630 Μαρκίωνι
629 559 737 612 ἀπὸ
764 559 866 628 τῆς
902 559 1040 630 πρὸς
1078 559 1360 628 Ἐφεσίους
1389 557 1595 628 ταύτην
1620 557 1719 628 τὴν

58 666 65 672 '
117 651 439 724 μαρτυρίαν
468 650 670 719 λέγειν,
704 650 841 704 ἀλλὰ
874 651 973 722 τῆς
1002 650 1138 722 πρὸς
1168 650 1486 715 Λαοδικέας,
1515 652 1613 722 τῆς
1642 649 1718 722 μὴ

112 744 298 816 οῦσης
329 744 387 796 ἐν
415 742 492 814 τῷ
526 742 851 814 Ἀποστόλῳο
892 735 973 806 οἷς
1006 741 1081 814 μὴ
1112 742 1456 814 ἐντυγχάνων
1497 742 1718 812 ἠλιθίως

110 839 143 890 ὁ
178 836 485 908 κτηνώδης,
519 837 615 891 καὶ
643 838 702 890 ἐν
731 836 948 900 πολλοῖς
975 836 1156 892 πεσὼν
1182 837 1210 889 ὁ
1239 836 1429 903 τάλας,
1469 837 1569 907 οὐχ
1614 836 1717 908 ὁρᾷ

109 926 220 997 τὴν
257 927 377 979 κατ’
410 924 577 979 αὐτοῦ
615 924 930 996 ἀνατροπὴν
982 924 1103 980 καθ’
1146 925 1384 997 ἑκάστην
1427 926 1719 995 ὁμολογου-

114 1018 319 1089 μένην.
372 1017 483 1070 Καὶ
537 1016 728 1088 μηδεὶς
775 1015 1103 1087 θαυμαζέτω
1154 1017 1282 1088 περὶ
1332 1015 1544 1069 τούτου.
1592 1014 1716 1078 Πῶς

110 1112 233 1183 γὰρ
293 1109 528 1180 ἠδύνατο
571 1103 751 1175 οὗτος,
803 1109 1271 1181 ἐπαγγειλάμενος
1314 1110 1459 1180 ἔχειν
1512 1127 1567 1162 τι
1620 1108 1715 1162 τοῦ

110 1202 460 1273 Εὑαγγελίου
510 1202 606 1256 καὶ
638 1202 733 1255 τοῦ
780 1203 1123 1266 ’Λποστόλου,
1178 1202 1251 1274 μὴ
1279 1202 1399 1273 οὐχ).
1428 1202 1533 1255 κᾶν
1560 1202 1716 1272 ὀλίγα

110 1298 220 1363 τῆς
262 1297 489 1368 Γραφῆς
529 1295 724 1360 σώζειν
763 1296 1018 1367 priuata;
1053 1294 1216 1349 Ὄλου
1248 1295 1358 1367 γὰρ
1386 1295 1480 1349 τοῦ
1529 1294 1716 1366 σώμα-

110 1405 213 1451 τος
251 1386 519 1451 σώζοντος
553 1388 592 1453 ⁸,
625 1387 701 1449 ὼς
735 1388 930 1451 εἰπεῖν,
960 1386 1060 1456 τῆς
1093 1385 1247 1449 θείας
1279 1387 1524 1458 Γραφῆς,
1564 1390 1715 1440 ποῖον

109 1480 351 1550 εὕρισκε
391 1479 552 1549 μέλος
584 1477 777 1553 νεκρὸν
816 1477 960 1531 κατὰ
998 1477 1097 1549 τὴν
1132 1476 1298 1531 αὐτοῦ
1345 1476 1592 1547 γνώμην,
1628 1478 1715 1530 ἴνα

110 1571 516 1644 παρεισαγάγῃ
535 1570 729 1640 ψεῦδος
754 1570 895 1625 κατὰ
929 1570 1026 1641 τῆς
1066 1569 1360 1640 ἁληθείας;
1418 1568 1669 1633 Ἀλλοίως
1694 1571 1715 1601 ²

106 1666 301 1716 εἰπεῖν
329 1662 593 1733 ἐλώὸησε,
636 1663 729 1715 καὶ
760 1661 1170 1733 ἁκροτηριὰσας
1218 1660 1498 1733 παρέκοψε
1542 1661 1714 1716 πολλὰ

1822 460 2067 531 Epistola
2116 462 2185 516 ad
2233 461 2501 532 Ephesios
2561 465 2944 521 auctoritatem
2985 468 3133 529 illam
3186 469 3413 537 afferre;

1821 553 1916 608 sed
1947 569 2014 609 ex
2043 568 2105 608 ea
2139 553 2204 607 ad
2237 552 2599 622 Laodiccnos,
2636 572 2757 626 quae
2793 574 3065 630 nusquam
3095 564 3237 633 apud
3268 565 3414 635 Apo-

1820 647 2025 700 stolum
2057 648 2323 702 cernitur.
2359 647 2490 714 Qua:
2531 664 2655 703 cum
2683 666 2853 721 pecus
2886 652 2978 706 illa
3020 669 3115 723 per
3142 672 3414 711 summam

1823 739 2184 794 sloliditatem
2241 740 2467 796 minime
2523 742 2736 813 legerit,
2809 746 2866 800 in
2926 747 3203 818 plerisque
3263 751 3414 820 lapsa

1823 847 1986 902 quam
2036 832 2329 889 manifeste
2381 835 2437 889 in
2478 835 2710 906 singulis
2746 837 2997 893 convinci
3053 856 3118 895 ac
3159 842 3413 912 redargui

1822 936 2009 997 posset
2058 941 2405 998 nequaquam
2456 929 2866 985 animadvertit.
2904 930 3092 1004 Neque
3135 950 3266 990 vero
3292 938 3413 991 cui—

1821 1018 1965 1087 piam
2000 1018 2200 1072 mirum
2234 1018 2367 1073 illud
2395 1020 2571 1074 videri
2598 1022 2779 1079 debet.
2821 1023 2926 1090 Qui
2955 1027 3100 1081 enim
3130 1027 3412 1099 Evangelii

1819 1109 2027 1179 aliquid
2067 1121 2123 1165 et
2160 1111 2412 1182 Apostoli
2460 1113 2660 1169 habere
2707 1130 2766 1170 se
2809 1117 3179 1187 proﬁteretur,
3224 1120 3415 1178 ﬁerine

1820 1204 2020 1274 potuit,
2056 1211 2117 1259 ut
2144 1220 2254 1259 non
2284 1220 2456 1276 pauca
2502 1209 2699 1262 saltem
2748 1207 3048 1281 Scripturae
3084 1214 3251 1269 verba
3281 1217 3413 1271 reti-

1817 1295 2012 1350 neret?
2062 1293 2278 1366 Quippe
2327 1311 2450 1350 cum
2507 1304 2686 1352 totum
2742 1297 3041 1371 Scriptura:
3086 1302 3271 1357 vivum
3318 1305 3412 1370 sit,

1818 1392 1878 1438 ut
1929 1385 2005 1439 ita
2050 1384 2310 1450 dixerim,
2362 1401 2586 1457 corpus,
2628 1389 2875 1458 potuitne
2919 1399 3199 1445 mortuum
3238 1393 3412 1446 ullum

1817 1475 2123 1530 membrum
2153 1491 2253 1547 pro
2290 1477 2458 1532 animi
2486 1479 2570 1532 sui
2607 1479 2831 1535 libidine
2878 1482 3139 1551 reperire,
3166 1485 3313 1554 quod
3344 1485 3414 1537 ad

1815 1567 2204 1627 stabiliendum
2255 1569 2603 1625 mendacium
2641 1582 2833 1627 contra
2870 1575 3152 1630 veritatem
3199 1576 3414 1646 profer-

1816 1660 1936 1715 ret?
1985 1658 2168 1725 Quare
2220 1676 2422 1732 corpus
2465 1662 2645 1732 ipsum
2708 1666 2983 1731 mutilare,
3041 1681 3105 1720 ac
3152 1668 3412 1738 pleraque

105 1754 228 1809 τῶν
274 1754 474 1827 μελῶν.
504 1754 737 1824 κατέσχε
769 1754 826 1808 δὲ
867 1754 986 1809 ἔνιά
1029 1772 1151 1808 τινα
1187 1757 1319 1826 παρ’
1363 1755 1560 1826 ἐαυτῷ.
1608 1757 1711 1809 Καὶ

1885 1749 2063 1805 embra
2114 1767 2364 1808 resecare
2415 1754 2677 1821 instituit,
2740 1774 2977 1829 quorum
3027 1761 3290 1814 nonnulla
3344 1746 3413 1817 ad

103 1847 265 1900 αὐτὰ
303 1844 359 1899 δὲ
382 1845 452 1898 τὰ
498 1844 906 1915 κατασχεθέντα
945 1843 1025 1897 ἔτι
1056 1845 1234 1915 ζῷντα
1274 1846 1335 1899 ού
1375 1846 1597 1901 δύναται
1630 1864 1716 1901 νε-

103 1938 422 2011 κροῦσθαιο
474 1937 591 1993 ἀλλ’
632 1940 749 1991 ἐκεῖ
791 1938 811 1969 ³
867 1938 968 2008 μὲν
1011 1938 1072 1992 τὸ
1118 1938 1348 2003 ζωτικὸν
1390 1939 1493 2011 τῆς
1532 1940 1713 2011 ἐμφά-

106 2049 285 2097 σεως,
315 2032 416 2087 κᾶν
464 2049 523 2086 τε
556 2032 764 2104 μυρίως
800 2033 931 2104 παρ’
969 2031 1119 2104 αὐτῷ
1154 2032 1297 2088 κατὰ
1342 2032 1538 2088 λεπτὸν
1579 2035 1715 2089 ἁπο-

107 2144 142 2178 τ
150 2124 386 2197 μηθεὶη.

188 2300 291 2354 lI".
335 2302 457 2355 Ἔτι
486 2302 543 2356 δὲ
583 2301 723 2374 μετὰ
751 2304 921 2358 ταῦτα
953 2285 1134 2360 πάντα
1166 2307 1612 2380 ἐπεμνήσθημεν,
1639 2309 1715 2375 ὥς

109 2409 270 2455 τινες
298 2393 408 2446 ἀπὸ
433 2393 543 2448 τῶν
567 2396 749 2449 αὐτῶν
774 2398 1229 2467 Μαρκιωνιστῶν,
1257 2401 1337 2462 εἰς
1366 2399 1525 2469 βυθὸν
1552 2400 1716 2471 βλασά

112 2484 338 2555 φημίας
382 2488 906 2559 παραπεπτωκότες,
937 2489 1031 2542 καὶ¹
1070 2491 1178 2544 ἀπὸ
1206 2492 1306 2562 τῆς
1355 2492 1568 2548 ἑαυτῶν
1593 2495 1712 2547 δαι-

113 2577 423 2648 μονιώδους
464 2580 813 2645 διδασκαλίας
860 2581 1221 2655 ἐμϐρόντητοι
1254 2585 1571 2639 παντάπασι
1620 2604 1715 2655 γε-

112 2670 367 2739 γονότες,
402 2672 497 2725 καὶ
527 2667 589 2728 οὗ
622 2673 843 2729 ἐδόκουν
896 2675 1105 2744 Κυρίου
1142 2677 1307 2747 μόνου
1354 2678 1458 2732 κᾶν
1502 2679 1570 2732 δι’
1602 2679 1717 2732 ὀνό-

114 2781 298 2834 ματος
327 2764 712 2836 μνημονεύειν,
738 2766 835 2820 καὶ
858 2766 1023 2821 αὐτοῦ
1053 2767 1484 2838 ἀθυρογλώσσως
1513 2770 1717 2841 ἑτέρως

122 2855 230 2926 τὴν
258 2856 424 2910 αὑτοῦ
452 2856 681 2929 θεότητα
708 2858 1164 2932 ἀποστρέφοντες,
1184 2859 1245 2913 τὸ
1259 2860 1429 2931 ὄνομα
1452 2861 1552 2932 τῆς
1578 2862 1717 2916 ἄνω-

126 2949 226 3003 θεν
259 2952 567 3021 γεννήσεως
599 2951 847 3016 κακίζειν
870 2952 970 3005 οὐκ
1019 2952 1395 3024 ἐντρέπονται.
1428 2953 1584 3017 Τινὲς
1608 2953 1715 3026 γὰρ

124 3042 317 3096 αὐτῶν
344 3043 762 3115 τετολμήκασιν,
794 3044 870 3107 ὡς
907 3043 1065 3115 ἔφην,
1101 3045 1263 3098 αὑτὸν
1289 3044 1379 3099 τὸν
1411 3044 1614 3118 Κύριον
1638 3042 1717 3100 εῐ-

118 3154 215 3189 ναι
245 3135 361 3189 υἱὸν
391 3135 487 3189 τοῦ
524 3136 769 3208 Πονηροῦ
793 3138 993 3207 λέγειν,
1023 3139 1121 3192 οὐκ
1154 3140 1552 3211 αἰσχυνόμενοι.
1588 3138 1716 3192 ’Ἄλ-

112 3230 203 3283 λοι
240 3229 299 3282 δὲ
345 3229 501 3300 οὐχὶ,
552 3229 688 3284 ἀλλὰ
730 3230 823 3285 τοῦ
880 3230 1069 3303 κριτοῦ
1121 3249 1180 3284 τε
1230 3232 1324 3285 καὶ
1369 3231 1713 3303 Δημιουργοῦ

115 3320 599 3392 ἀσπλαγχνότερον
624 3321 646 3353 ⁵
669 3321 955 3390 γεγονότα,
994 3322 1087 3375 καὶ
1118 3322 1322 3391 ἀγαθὸν
1360 3322 1510 3388 ὄντα,
1544 3340 1716 3377 κατα-

116 3413 307 3483 λεῖψαι
344 3414 443 3485 μὲν
484 3413 575 3467 τὸν
621 3414 752 3467 ῐδιον
796 3412 960 3468 αὐτοῦ
1008 3415 1229 3487 Πατέρα
1273 3417 1445 3483 κάτω,
1489 3417 1567 3489 πὴ
1616 3418 1714 3489 μὲν

115 3506 393 3574 λεγόντων
426 3505 520 3558 τὸν
562 3506 930 3577 Δημιουργδν,
966 3506 1141 3560 ἄλλων
1181 3507 1242 3560 δὲ
1289 3507 1383 3562 τὸν
1430 3510 1673 3581 Πονηρόν
1697 3527 1712 3542 ·

114 3599 236 3653 ἄνω
263 3598 319 3651 δὲ
343 3597 843 3671 ἀναδεδραμηκέναι
871 3599 1007 3671 πρὸς
1041 3600 1133 3654 τὸν
1159 3602 1219 3654 ἐν
1251 3602 1715 3673 ἀκατονομάστοις

116 3692 310 3755 τόποις
352 3691 559 3761 ἀγαθὸν
614 3691 784 3759 Θεὸν,
825 3694 921 3747 καὶ
978 3694 1128 3765 αύτῷ
1180 3695 1709 3768 προσκεκολλῆσθαι.

119 3783 454 3854 Πεμφθέντα
492 3784 551 3838 δὲ
591 3784 685 3837 ὑπ’
714 3784 880 3838 αὐτοῦ
923 3785 1004 3849 είς
1042 3786 1134 3838 τὸν
1167 3787 1392 3858 κόσμον,
1437 3788 1531 3841 καὶ
1576 3788 1715 3861 πρὸς

116 3877 423 3932 ἁντιδικίαν
462 3876 558 3932 τοῦ
612 3877 743 3932 ἰδίου
795 3879 1007 3950 Πατρὸς
1053 3878 1277 3933 ἐλθόντα
1323 3880 1413 3934 τὸν
1453 3883 1708 3952 Χριστὸν,

116 3970 585 4025 καὶ³καταλύοντα
612 3969 779 4024 αὐτοῦ
817 3970 886 4023 τὰ
927 3972 1126 4037 πάντα,
1160 3973 1260 4025 ὅσα
1303 3974 1332 4025 ὁ
1373 3973 1515 4027 κατὰ
1550 3974 1711 4043 φύσιν

120 4063 315 4135 Πατὴρ
360 4063 529 4116 αὑτοῦ
591 4062 934 4135 ἐνομοθέτει,
992 4064 1110 4132 ἤτοι
1164 4067 1193 4118 ό
1242 4065 1484 4137 λαλήσας
1528 4070 1584 4120 ἐν
1634 4067 1713 4138 τῷ

118 4159 294 4230 νόμῳ,
329 4159 448 4229 ἦτοι
482 4159 511 4212 ό
539 4158 638 4229 τῆς
683 4158 882 4222 κακίας
914 4158 1065 4225 Θεὸς,
1114 4162 1143 4212 ό
1181 4162 1309 4232 παρ’
1339 4160 1520 4216 αὐτῶν
1558 4164 1615 4215 ἐν
1644 4165 1709 4234 τῇ

116 4253 280 4324 τρίτῃ
313 4253 456 4323 ἀρχῇ
491 4252 838 4323 ταττόμενος.
880 4251 1091 4317 ’Ἄλλως
1125 4254 1235 4324 γὰρ
1273 4254 1367 4308 καὶ
1414 4254 1586 4319 ἄλλως
1614 4257 1711 4309 ἐκ·

114 4343 384 4405 τίθενται,
423 4343 499 4406 ὡς
529 4343 686 4415 ἔφην,
716 4343 873 4408 ἄλλος
907 4342 1007 4414 μὲν
1038 4343 1132 4398 τὸν
1158 4345 1521 4416 Δημιουργὸν,
1553 4346 1710 4410 ἄλλος

115 4440 176 4493 δὲ
213 4438 303 4491 τὸν
341 4437 604 4507 Πονηρόν.

192 4624 377 4680 Ταῦτα
394 4624 451 4678 δέ
479 4624 615 4696 δῆλα
641 4640 807 4677 παντι
832 4621 910 4694 τῷ
940 4622 1158 4676 σύνεσιν
1181 4621 1506 4694 κεκτημένῳ
1531 4622 1707 4695 ὑπάρ-

115 4740 225 4791 χει,
261 4720 343 4771 ὅτι
367 4717 679 4789 ἀκαθάρτου
720 4715 1032 4787 πνεύματός
1066 4716 1213 4769 ἐστιν
1241 4719 1273 4787 ή
1313 4716 1577 4788 φρόνησις
1612 4719 1706 4771 καὶ

115 4816 149 4885 ή
195 4810 550 4866 διδασκαλία·
598 4810 694 4864 καὶ
741 4809 865 4865 οὔτε
894 4811 1052 4881 χρεία
1087 4806 1158 4882 ἦν
1194 4810 1322 4883 περὶ
1355 4810 1560 4882 ταύτης
1604 4810 1706 4879 τῆς

115 4904 429 4968 ὑποθέσεως
476 4903 880 4974 ἀπολογεῖσθαι,
915 4904 949 4974 ἢ
996 4904 1218 4975 ἔλεγχον
1270 4905 1541 4975 παριστᾷν
1583 4905 1704 4956 κατ’

111 4999 344 5070 ἀντικρὺ
368 4996 825 5068 Μαρκίωνος,τοῦ
858 4996 1053 5050 ἐαυτοῦ
1082 4998 1224 5051 κατὰ
1256 4998 1435 5053 πάντα
1454 4998 1553 5070 τὴν
1585 5000 1706 5051 ἐπι-

110 5088 390 5162 λησμονὴν
420 5088 523 5158 τῆς
560 5087 704 5160 ζωῆς
740 5087 1133 5159 ποιησαμένου.
1167 5087 1557 5158 Φωραθήσεται
1595 5088 1704 5159 γὰρ

110 5182 261 5253 παρὰ
296 5181 432 5234 πᾶσι
466 5181 578 5243 τοῖς
610 5182 853 5242 συνετοίς
882 5178 940 5231 τὸ
987 5177 1306 5248 βλάσφημον
1343 5176 1510 5231 αὑτοῦ
1544 5193 1701 5229 κενο-

110 5276 380 5347 φώνημα,
430 5274 525 5326 καὶ
574 5272 847 5344 τολμηρὸν
909 5270 1010 5342 τῆς
1071 5271 1346 5333 ἀπωλείας
1395 5270 1696 5341 ἐνέργημα.

123 5368 260 5424 Ἀλλ’
291 5366 481 5437 ἐπειδὴ
513 5364 785 5436 εἰώθαμεν
819 5364 894 5436 μὴ
926 5366 1022 5437 ὲᾷν
1058 5362 1309 5416 ἀκανθῶν
1340 5362 1523 5424 τόπον,
1559 5360 1697 5413 ἀλλὰ

107 5464 390 5533 ἐκτέμνειν
443 5464 509 5532 τῇ
560 5458 652 5513 τοῦ
693 5457 829 5513 Θεοῦ
884 5457 1151 5529 μαχαίρᾳ,
1182 5460 1248 5528 τῇ
1298 5454 1451 5524 ὑπὲρ
1493 5454 1700 5509 πᾶσαν

101 5553 405 5623 μάχαιραν
451 5550 763 5621 δίστομον,
797 5550 895 5603 καὶ
938 5549 1323 5618 διικνουμέιῃ
1367 5550 1504 5618 ἄχρι
1534 5565 1698 5617 μερι-

1816 1857 1987 1923 usum,
2012 1857 2174 1896 suum
2199 1843 2447 1898 retinuit.
2474 1845 2606 1911 Qua:
2633 1848 2853 1917 quidem
2886 1849 2956 1903 ab
2981 1848 3073 1903 illo
3107 1864 3410 1915 reservata,

1815 1943 1870 1989 et
1901 1934 2082 1991 adhuc
2116 1936 2384 2006 spirantia
2423 1939 2643 2008 penitus
2676 1941 2953 2011 exstingui
2982 1953 3281 2012 nequeunt,
3316 1943 3413 1999 sed

1816 2025 1999 2082 vitalis
2022 2026 2113 2081 ille
2153 2026 2500 2083 declarandae
2543 2031 2791 2088 veritatis
2829 2035 2983 2105 vigor
3011 2049 3280 2103 remanet,
3325 2048 3411 2091 ta-

1816 2117 1978 2173 metsi
2000 2119 2405 2176 minutissimas
2446 2122 2501 2176 in
2528 2132 2714 2194 partes
2746 2126 2959 2184 infinite
2991 2137 3164 2195 secta,
3204 2128 3412 2185 divisa-

1816 2223 1924 2278 que
1950 2210 2174 2265 fuerint.

1888 2294 2027 2358 Xlll.
2072 2302 2280 2360 Praater
2320 2306 2412 2362 illa
2446 2326 2580 2366 vero
2619 2313 2803 2367 omnia
2834 2312 2963 2368 .hoc
2997 2313 3227 2386 insuper
3260 2332 3413 2372 com-

1819 2396 2243 2454 memoravimus
2272 2418 2285 2453 :
2318 2402 2614 2457 nonnullos
2650 2418 2681 2457 e
2719 2402 3196 2460 Marcionistarum
3249 2422 3412 2479 grege

1817 2503 1871 2542 in
1906 2489 2236 2546 altissimum
2286 2492 2635 2563 blasphemiae
2666 2497 2935 2565 gurgitem
2980 2497 3294 2564 immersos,
3329 2509 3413 2554 at-

1817 2600 1924 2655 que
1958 2600 2024 2640 ex
2056 2587 2315 2656 pestifera
2365 2588 2457 2642 illa
2492 2588 2799 2644 daemonum
2840 2590 3093 2646 doctrina
3137 2593 3286 2647 velut
3328 2592 3413 2645 fu-

1817 2692 1945 2734 rore
1988 2688 2043 2735 et
2078 2682 2320 2735 amentia
2352 2682 2615 2751 percitos,
2646 2699 2807 2753 quem
2840 2700 3008 2738 unum
3052 2685 3133 2739 vel
3188 2686 3412 2740 nomine

1818 2777 1979 2826 tenus
2019 2770 2313 2827 Dominum
2371 2775 2638 2828 memoria
2700 2776 3003 2831 retinuisse
3056 2776 3408 2846 videbantur,

1818 2863 1986 2934 hujus
2033 2863 2208 2935 ipsius
2250 2865 2596 2922 divinitatem
2647 2868 2891 2922 inaudita
2922 2868 3159 2938 quadam
3208 2870 3410 2941 linguae

1818 2954 2117 3023 petulantia
2165 2957 2528 3025 pervertisse;
2572 2973 2672 3014 nec
2716 2959 2960 3015 caelestis
2991 2960 3141 3017 illius
3178 2978 3409 3033 genera-

1822 3047 1991 3103 tionis
2052 3064 2250 3104 nomen
2303 3051 2619 3121 vituperare
2672 3051 2844 3108 fuisse
2894 3053 3120 3109 veritos.
3173 3053 3409 3121 Quidam

1824 3143 1970 3196 enim
2023 3156 2089 3196 ex
2140 3141 2250 3198 illis
2298 3142 2590 3198 Dominum
2638 3142 2818 3213 ipsum
2883 3144 3012 3199 mali
3062 3144 3232 3200 ﬁlium
3285 3164 3409 3203 csse

1834 3233 1955 3288 sine
1982 3234 2093 3288 ullo
2116 3234 2326 3305 pudore
2352 3235 2621 3304 iactitant.
2650 3234 2805 3301 Quod
2828 3235 2917 3290 alii
2942 3237 3126 3292 minus
3150 3239 3404 3307 probant,

1814 3326 2016 3395 quibus
2050 3327 2230 3397 placet
2254 3327 2445 3397 judice
2474 3328 2629 3382 illum
2664 3343 2728 3383 ac
2758 3327 3019 3384 Creatore
3046 3339 3236 3384 natum
3259 3348 3403 3388 esse.

1814 3417 1920 3484 Qui
1945 3432 2070 3472 cum
2102 3418 2157 3472 in
2188 3419 2627 3475 misericordiam
2656 3428 2803 3476 esset
2832 3423 3180 3492 propensior,
3221 3440 3285 3479 ac
3310 3443 3406 3479 na-

1814 3517 1939 3563 tura
1974 3509 2173 3574 bonus,
2209 3508 2372 3565 Patre
2416 3526 2538 3577 suo,
2584 3526 2747 3581 quem
2791 3511 2882 3565 alii
2938 3511 3277 3582 Creatorem,
3310 3516 3403 3569 alii

1814 3602 2019 3657 malum
2064 3585 2399 3668 existimant,
2443 3592 2692 3659 inferiori
2745 3602 2874 3658 sede
2925 3605 3141 3670 relicto,
3181 3623 3405 3662 sursum

1813 3696 1883 3750 ad
1922 3697 2077 3751 illum
2112 3697 2327 3764 bonum
2358 3698 2608 3752 evolasse
2649 3696 2839 3759 Deum,
2870 3698 2962 3768 qui
3002 3699 3406 3772 ineXplicabili-

1814 3788 1921 3843 bus
1954 3789 2009 3843 in
2041 3789 2178 3845 locis
2213 3789 2435 3853 residet,
2474 3796 2529 3843 et
2569 3788 2747 3844 eidem
2781 3790 3088 3846 inhaesisse.
3120 3792 3166 3844 A
3202 3809 3312 3863 quo
3350 3794 3404 3850 in

1813 3881 1962 3937 liunc
1999 3882 2188 3939 orbem
2226 3882 2551 3946 demissum,
2603 3879 2657 3936 et
2691 3888 2750 3936 ut
2786 3881 2933 3937 Patri
2971 3899 3073 3938 suo
3118 3887 3404 3942 resisteret
3475 3905 3478 3909 ‘

1813 3973 2097 4044 delapsum
2128 3973 2183 4026 in
2207 3979 2384 4028 terras
2411 3972 2719 4038 Christum,
2767 3974 2950 4027 omnia
2977 3972 3071 4027 illa
3103 3974 3401 4046 abrogasse

1812 4066 2053 4130 decreta,
2085 4081 2206 4136 quae
2239 4065 2309 4119 ab
2354 4052 2588 4119 naturali
2617 4079 2719 4118 suo
2748 4063 2911 4120 Patre
2942 4064 3160 4121 fuerant
3190 4072 3401 4123 consti-

1811 4167 1951 4223 tuta,
1999 4159 2115 4215 sive
2150 4159 2197 4215 is
2241 4166 2326 4213 est
2355 4158 2448 4227 qui
2491 4159 2544 4212 in
2590 4158 2708 4226 lege
2758 4158 2973 4213 locutus
3007 4156 3233 4231 dicitur,
3284 4165 3400 4217 sive

1812 4251 2034 4306 malitiae
2065 4249 2207 4307 Deus
2243 4250 2354 4316 ille,
2396 4266 2559 4321 quem
2588 4251 2732 4306 inter
2774 4251 3044 4323 principia
3079 4255 3242 4309 tertio
3276 4255 3398 4310 loco

1812 4354 2082 4403 statuunt.
2116 4342 2253 4399 Nam
2301 4344 2481 4409 aliter,
2518 4344 2597 4398 uti
2619 4342 2842 4401 .dictum
2882 4355 2987 4412 est,
3035 4353 3198 4416 atque
3240 4348 3401 4403 aliter

1741 4477 1787 4534 θ
1814 4441 1919 4496 ista
1951 4439 2254 4495 declarant.
2289 4439 2477 4507 Itaque
2507 4437 2649 4494 alius
2693 4437 2966 4508 opiﬁcem,
2998 4438 3140 4494 alius
3189 4441 3393 4494 malum

1814 4546 1937 4586 esse
1966 4530 2178 4585 statuit.

1883 4623 2049 4694 376
2071 4621 2203 4689 Quae
2230 4637 2356 4678 cum
2394 4622 2471 4677 ita
2513 4620 2645 4687 sint,
2684 4619 3036 4676 manifestum
3075 4636 3201 4677 esse
3240 4621 3397 4676 cuili-

1814 4714 1904 4771 bet
1928 4722 2127 4785 potest,
2151 4714 2246 4786 qui
2281 4713 2486 4788 ingenii
2517 4728 2581 4768 ac
2603 4712 2905 4783 prudentiae
2932 4712 3138 4782 aliquid
3174 4713 3394 4782 habeat,

1811 4816 1982 4861 totam
2026 4807 2175 4861 illam
2220 4806 2526 4862 doctrinam
2582 4814 2745 4875 atque
2793 4806 2989 4877 dogma
3024 4806 3094 4861 ab
3136 4806 3423 4877 impuris-i

1812 4896 1951 4953 simo
1988 4896 2186 4967 spiritu
2222 4911 2597 4969 promanasse.
2645 4895 2914 4962 Quocirca
2962 4897 3099 4953 nihil
3138 4906 3258 4952 erat
3300 4900 3397 4952 ad-

1811 4991 2031 5045 modum
2054 5005 2281 5046 necesse
2310 4990 2367 5044 in
2402 5005 2468 5044 eo
2500 4996 2827 5059 argumento
2856 4990 3147 5043 tractando
3179 5004 3243 5044 ac
3274 5006 3392 5060 pro-

1810 5083 2101 5154 pugnanda
2132 5084 2236 5139 ﬁde
2272 5084 2473 5138 morari
2506 5082 2736 5150 diutius,
2774 5090 2868 5137 aut
2900 5098 3030 5139 vero
3061 5082 3390 5139 Marcionem

1809 5176 2077 5242 refellere,
2107 5177 2201 5247 qui
2235 5177 2393 5247 juxta
2429 5176 2515 5232 sui
2560 5176 2732 5246 ipsius
2762 5192 2827 5232 ac
2852 5176 2978 5232 vitae
3022 5192 3146 5233 esse
3176 5176 3396 5232 videtur

1806 5270 2029 5324 oblitus.
2066 5268 2239 5323 Nemo
2274 5268 2543 5339 siquidem
2575 5278 2681 5333 est,
2726 5269 2819 5341 qui
2848 5269 3111 5323 nonnulla
3138 5269 3209 5325 sit
3235 5269 3394 5324 intel-

1805 5362 2029 5435 ligentia
2059 5361 2343 5432 przeditus,
2379 5361 2515 5431 quin
2542 5361 2892 5417 contumelia:
2918 5362 2974 5416 in
3004 5360 3174 5417 Deum
3201 5361 3391 5431 plenas

1805 5457 1955 5511 illius
1984 5455 2219 5519 fabulas,
2254 5470 2319 5510 ac
2352 5456 2677 5512 temerarios
2704 5464 2758 5511 et
2790 5456 3131 5527 perniciosos
3160 5462 3393 5509 conatus

1806 5549 2040 5620 delegat.
2072 5547 2273 5603 Verum
2300 5550 2563 5619 quoniam
2588 5551 2797 5607 nullum
2834 5550 3011 5622 spinis
3043 5549 3283 5605 obsitum
3312 5549 3392 5601 lo—

191 5707 380 5765 ‘Forte
408 5707 630 5774 ζῶντος.
710 5712 730 5741 ¹
762 5708 923 5765 Forte
949 5709 1063 5763 ἀλλ’
1099 5709 1193 5773 ὡς.
1276 5709 1294 5738 ³
1329 5707 1487 5763 Forte
1516 5706 1648 5778 ἔχει.

1885 5716 1940 5762 te
1971 5707 2500 5782 εὐσπλαγχνότερον.
