3768 6182
1841 248 1897 306 S.
1942 247 2281 308 EPIPHANII

3577 244 3674 303 εκ

378 393 506 437 cum
545 392 655 433 non
685 384 1039 448 repurgatum
1073 387 1196 432 esse
1227 374 1489 444 patimur,
1522 373 1618 430 sed
1645 372 1741 429 Dei
1780 373 1962 442 gladio

2075 375 2241 446 σμῶν
2275 374 2488 446 ψυχῆς
2518 372 2620 428 καί
2647 373 3012 443 πνεύματος,
3047 365 3254 440 ἁρμῶν
3291 383 3361 423 τε
3394 364 3503 420 καί
3534 382 3670 434 μνε-

379 469 664 528 succidere
707 469 948 525 solemus
982 470 1292 530 universas,
1331 468 1424 537 qui
1459 466 1676 537 quidem
1719 475 1965 534 penetra-

379 567 538 622 bilior
564 573 642 619 est
686 562 830 618 omni
870 561 1049 632 gladio
1098 562 1339 629 ancipiti,
1377 569 1427 615 et
1459 561 1756 630 pertingens
1800 577 1966 631 usque

2073 468 2220 533 λῶν,
2265 467 2407 521 κατά
2459 465 2521 520 τὸ
2571 465 2993 537 γεγραμμένον·
3047 462 3205 531 ὀλίγα
3251 459 3351 514 καὶ
3391 459 3478 522 είς
3523 455 3674 510 τοῦτο

2072 561 2248 614 είπεῖν
2273 560 2376 613 οὐκ
2410 560 2811 629 ἀποκνήσομεν.

379 660 449 712 ad
488 657 772 711 divisiones
819 655 1013 708 anima:
1043 663 1093 707 et
1137 653 1381 720 spiritus,
1427 667 1735 722 compagum
1768 669 1969 722 quoque
2008 668 2071 706 ac
2103 651 2456 706 medullarum
2482 652 2524 716 ⁸,
2551 657 2613 704 ut
2643 649 2930 721 Scriptura
2977 648 3244 718 loquitur,
3305 644 3438 701 ideo
3504 657 3668 716 palla

380 752 450 808 de
481 767 544 806 ea
572 766 628 805 re
650 749 834 803 dicere
863 763 972 800 non
1005 746 1377 817 gravabimur.

453 841 592 899 XIV.
634 841 714 897 Ac
749 841 984 911 primum
1047 837 1181 891 illud
1231 835 1618 906 opponendum
1663 845 1768 898 est,
1834 834 1880 889 si
1932 850 1964 890 e

383 934 527 990 malo
569 933 747 987 bonus
800 928 914 985 ﬁeri
951 926 1210 998 potuerit,
1264 933 1430 979 totam
1474 925 1619 978 illam
1663 922 1964 993 principio-

381 1042 501 1082 rum
543 1025 810 1078 rationem
846 1020 1036 1077 everti.
1083 1019 1270 1074 Potest
1316 1018 1460 1073 enim
1511 1027 1565 1072 et
1605 1017 1749 1071 illius
1780 1016 1964 1080 Pater,

384 1119 430 1174 si
457 1118 633 1172 malus
674 1127 758 1172 est
787 1114 956 1185 (quod
999 1114 1144 1168 absit
1173 1122 1233 1166 ut
1277 1126 1516 1182 unquam
1549 1109 1834 1165 dicamus:
1869 1109 1966 1163 bo-

383 1228 489 1267 nus
517 1211 662 1266 enim
686 1207 814 1278 est),
845 1213 1186 1261 commutare
1205 1203 1468 1268 animum,
1499 1200 1961 1272 quemadmodum

379 1305 503 1376 ejus
545 1311 630 1357 est
680 1301 1002 1355 immutatus
1045 1296 1239 1351 Filius.
1293 1294 1498 1350 Deinde
1532 1295 1576 1350 si
1627 1304 1687 1348 ut
1717 1300 1961 1348 servaret

381 1397 666 1453 hominum
716 1408 892 1464 genus
933 1389 1261 1460 Unigenitus
1295 1387 1386 1441 ille
1432 1384 1742 1448 descendit,
1795 1392 1852 1438 et
1900 1391 1961 1437 ut

382 1491 648 1546 latronem
679 1487 734 1540 in
766 1483 1076 1556 paradisum
1098 1481 1495 1544 introduceret,
1521 1493 1586 1533 ac
1606 1478 1957 1548 publicanum

381 1599 413 1637 e
440 1578 642 1635 telonio
669 1581 890 1632 vocaret
916 1573 983 1628 ad
1014 1572 1414 1642 paenitentiam,
1455 1585 1521 1624 ac
1559 1569 1864 1626 meretricis
1903 1568 1965 1621 il-

2140 833 2240 886 ιιι.
2272 830 2496 902 Πρῶτον
2547 829 2648 900 μὲν
2683 827 2794 899 γὰρ
2833 827 2937 889 ὃτι,
2970 827 3020 879 εἰ
3065 824 3272 893 ἀγαθὸς
3309 824 3383 874 ἐκ
3427 819 3666 892 πονηροῦ

2070 921 2386 991 γεγένηται,
2435 918 2618 972 οὐκέτι
2663 917 2772 970 τῶν
2810 915 2995 988 ἀρχῶν
3031 914 3364 985 σταθήσεται
3416 914 3446 966 6
3492 913 3664 978 1670;.

2070 1011 2303 1064 Δύναται
2339 1007 2450 1079 γὰρ
2486 1007 2581 1060 καὶ
2617 1007 2646 1058 ὁ
2675 1005 2841 1059 αὑτοῦ
2876 1003 3086 1076 Πατὴρ,
3121 1005 3170 1057 εί
3201 1002 3450 1073 πονηρὸς
3494 1002 3668 1070 ὑπάρ-

2069 1119 2154 1172 χει
2190 1101 2347 1170 (ὅπερ
2381 1099 2455 1169 μὴ
2493 1097 2724 1166 γένοιτο,
2778 1095 2914 1149 ἀλλά
2945 1095 3148 1164 ἀγαθός
3190 1095 3362 1164 ἐστι),
3401 1092 3668 1165 μεταϐλη-

2072 1192 2230 1261 θῆναι
2253 1189 2350 1260 τὴν
2377 1188 2626 1260 γνώμην,
2659 1187 2847 1259 ὥσπερ
2877 1189 2906 1241 6
2935 1189 3029 1240 ὑπ’
3061 1184 3226 1240 αὑτοῦ
3254 1186 3665 1256 γεγεννημένος

2071 1281 2490 1352 μεταϐέϐληται.
2542 1279 2614 1331 Τὸ
2645 1277 2701 1330 δὲ
2733 1278 2940 1349 ἕτερον,
2975 1279 3025 1330 εί
3057 1277 3192 1340 ὅλως
3231 1273 3404 1347 ἦλθεν
3431 1280 3464 1329 ὁ
3497 1277 3668 1329 Μονο-

2066 1371 2230 1442 γενὴς
2265 1369 2586 1442 ἀνθρώπους
2621 1368 2813 1431 σῶσαι,
2849 1370 2944 1422 καὶ
2981 1368 3184 1439 λῃστὴν
3222 1371 3553 1436 εἰσαγαγεῖν
3594 1370 3664 1429 εἰς

2070 1463 2414 1533 παράδεισον,
2455 1463 2548 1516 καὶ
2595 1462 2834 1533 τελώνην
2865 1462 3092 1516 καλέσαι
3136 1461 3247 1514 ἀπὸ
3275 1461 3547 1515 τελωνίου
3592 1462 3664 1523 εἰς

2070 1556 2378 1626 μετάνοιαν,
2419 1555 2513 1608 καὶ
2551 1555 2757 1627 πόρνην
2785 1554 3112 1623 ἀλείφουσαν
3142 1552 3310 1608 αὑτοῦ
3340 1554 3472 1616 τοὺς
3506 1551 3664 1613 ιιι-λάδος

384 1673 489 1727 [ius
516 1684 634 1742 qua:
668 1665 832 1737 pedes
864 1679 996 1720 suos
1019 1663 1196 1727 unxit,
1223 1671 1443 1716 sanaret
1472 1661 1803 1730 nequitiam;
1824 1674 1961 1729 pnev

2075 1645 2325 1702 ίάσασθαι
2363 1647 2472 1702 ἀπὸ
2511 1647 2774 1719 πονηρίας
2796 1664 2812 1681 ο
2865 1647 2946 1700 ἔτι
2984 1647 3041 1701 δὲ
3074 1647 3169 1700 καί
3200 1644 3393 1715 ἀγαθά
3431 1646 3665 1716 πράττει

383 1739 609 1820 terea—si
641 1758 991 1815 commodare
1026 1757 1283 1811 omnibus
1322 1753 1506 1810 studet
1543 1754 1686 1809 idem
1722 1753 1832 1818 ille,
1871 1752 1963 1822 qui

2075 1741 2218 1808 Θεὸς,
2246 1741 2450 1811 ἀγαθὸς
2485 1742 2742 1813 ὑπάρχει,
2779 1741 2874 1795 καὶ
2923 1740 3321 1811 εὔσπλαγχνος,
3370 1739 3472 1793 καὶ
3511 1739 3664 1807 ἐλεή-

385 1857 564 1912 honus
593 1853 735 1908 Deus
761 1857 868 1914 est,
904 1865 971 1904 ac
1001 1848 1340 1912 misericors,
1365 1854 1420 1902 et
1445 1845 1717 1915 benignus
1743 1863 1756 1899 :
1793 1845 1964 1898 multo

385 1945 560 2016 magis
589 1957 719 2014 erga
750 1947 1031 2012 parentem
1074 1936 1384 1993 adhibenda
1430 1933 1807 1991 misericordia
1839 1934 1962 2000 fuit,

381 2047 441 2094 ut
469 2038 616 2092 hunc
640 2034 876 2106 primum
900 2031 1144 2087 omnium
1177 2037 1460 2085 revocaret
1485 2028 1551 2083 ad
1589 2028 1841 2094 salutem,
1873 2039 1964 2080 eo-

380 2146 489 2204 que
522 2144 630 2200 prae
661 2127 874 2204 caeteris
907 2123 976 2178 ad
1018 2123 1246 2180 meliora
1281 2137 1551 2177 converso
1586 2120 1840 2191 perfectae
1861 2120 1963 2174 bo-

380 2223 573 2280 nitatis
601 2212 878 2291 specimen
905 2216 1191 2287 praeberet,
1231 2215 1362 2270 dum
1399 2215 1645 2284 parentis
1686 2213 1771 2268 sui
1806 2212 1966 2268 mise-

383 2313 596 2369 ratione
641 2316 974 2372 moveretur,
1024 2303 1486 2376 quemadmodum
1529 2303 1794 2374 scriptum
1826 2309 1958 2358 est:

378 2407 521 2462 Bene
549 2405 723 2474 facere
762 2400 1001 2456 omnibus
1044 2407 1302 2468 oportere,
1343 2398 1572 2450 maxime
1620 2411 1739 2450 vero
1779 2394 1963 2448 dante-

378 2499 526 2553 sticis
549 2497 708 2568 ﬁdei’
738 2513 754 2549 :
780 2500 986 2566 quanto
1007 2491 1174 2562 igitur
1197 2490 1369 2561 magis
1391 2495 1683 2559 parentum
1710 2486 1961 2543 misereri

379 2589 678 2646 convenit?

448 2679 556 2738 Sed
591 2677 738 2734 aliud
768 2684 876 2742 est,
906 2674 1052 2745 quod
1086 2673 1154 2729 ad
1177 2677 1320 2728 hanc
1352 2671 1650 2728 Marcionis
1675 2671 1963 2727 refutatio-

375 2788 502 2830 nem
527 2771 831 2828 addendum
857 2768 1094 2825 videtur.
1126 2765 1262 2820 Nam
1299 2765 1368 2830 si,
1396 2779 1520 2819 cum
1553 2765 1779 2821 alterius
1813 2771 1962 2820 esset

377 2865 469 2922 ille
499 2864 664 2929 Illius,
699 2876 822 2918 sese
857 2859 924 2914 ad
957 2860 1191 2912 alterum
1225 2857 1546 2921 contulerit,
1587 2870 1658 2911 ne
1692 2855 1824 2910 huic
1855 2855 1959 2924 ipsi

376 2959 598 3031 quidem
646 2955 806 3012 fidem
843 2953 1190 3025 praestiturus
1218 2951 1450 3005 videtur.
1506 2949 1612 3016 Qui
1644 2949 1792 3005 enim
1827 2947 1962 3003 fide-

2070 1853 2188 1907 μων
2207 1851 2222 1866 ·
2257 1833 2436 1905 πολλῷ
2488 1830 2583 1888 οὖν
2635 1835 2834 1905 μᾶλλον
2879 1833 2989 1887 ἔδει
3039 1834 3131 1886 ἐπὶ
3166 1833 3261 1886 τὸν
3311 1833 3450 1885 ἴδιον
3502 1831 3664 1883 αὑτοῦ

2070 1927 2289 2002 Πατέρα
2321 1925 2415 1980 τὸν
2445 1922 2626 1981 οἶκτον
2649 1925 2962 1993 ἀναλαϐεῖν,
2988 1925 3083 1978 καὶ
3121 1925 3288 1979 αὐτὸν
3315 1924 3547 1996 πρῶτον
3580 1942 3667 1994 p.2-

2064 2021 2308 2077 ταθεϊναι
2340 2022 2420 2084 είς
2461 2021 2524 2074 τὸ
2573 2019 2954 2090 σωτηριῶδες·
3011 2020 3121 2084 ἵνα,
3159 2018 3380 2090 πρῶτον
3421 2018 3522 2071 τὸν
3561 2017 3665 2070 Πα-

2063 2111 2199 2184 τέρα
2246 2110 2414 2166 αὐτοῦ
2471 2109 2811 2182 μεταὸαλὼν,
2859 2110 3082 2174 τελείως
3113 2108 3416 2174 ἐνδείξεται
3446 2111 3555 2180 τὴν
3583 2126 3665 2162 τε·

2064 2202 2214 2258 λείαν
2253 2201 2587 2274 ἀγαθότητα,
2628 2202 2721 2257 τὸν
2764 2203 2985 2275 Πατέρα
3031 2201 3196 2256 αὐτοῦ
3244 2201 3555 2272 οἰκτείρας,
3594 2202 3663 2264 ὡς

2063 2295 2159 2352 καὶ
2192 2297 2501 2369 γέγραπται
2516 2313 2536 2374 Ι·
2563 2295 2766 2350 Ποιεῒν
2794 2295 2861 2349 τὸ
2893 2295 3121 2365 ἀγαθὸν
3149 2295 3500 2366 πρῶτοι-εἰς
3527 2295 3661 2359 τοὺς

2063 2389 2325 2455 οἰκείους
2379 2387 2492 2457 τῆς
2541 2389 2840 2454 πίστεως·
2895 2388 3046 2460 πόσῳ
3093 2404 3161 2457 γε
3224 2387 3431 2458 μᾶλλον
3494 2387 3662 2441 ἐλεεῖν

2061 2484 2187 2547 τοὺς
2219 2481 2427 2537 ἑαυτῶν
2454 2481 2736 2553 πατέρας;

2134 2663 2209 2718 Τὸ
2239 2662 2297 2717 δὲ
2345 2663 2533 2736 ἕτερον
2574 2662 2690 2717 ἔστι
2723 2662 2747 2696 ⁸
2789 2662 3156 2735 προστέθεικα
3194 2667 3266 2736 τῇ
3305 2663 3541 2736 φράσει,
3572 2667 3658 2718 καὶ

2063 2755 2143 2828 τῷ
2193 2755 2401 2828 ἐλέγχῳ
2442 2754 2521 2827 τῷ
2571 2755 2709 2828 πρὸς
2775 2755 2868 2810 τὸν
2915 2757 3255 2828 Μαρκίωνα·
3313 2759 3420 2822 ὅτι,
3467 2760 3526 2810 εί
3569 2760 3656 2828 μὲν

2061 2849 2157 2904 τοῦ
2194 2849 2312 2914 ἑνός
2343 2851 2459 2902 ὲστι
2487 2849 2623 2914 υίὸς,
2653 2848 2748 2902 καὶ
2779 2847 2917 2920 πρὸς
2951 2848 3043 2902 τὸν
3069 2849 3258 2918 ἕτερον
3289 2851 3653 2922 προσέφυγεν,

2063 2944 2124 2997 οὐ
2154 2942 2348 3007 πιστὸς
2378 2942 2877 3014 παραδειχθήσεται
2906 2942 3057 3015 παρά
3096 2942 3175 3013 τῷ
3221 2943 3417 3014 ἑτέρῳ.
3461 2943 3526 2995 ’0
3555 2941 3655 3011 γὰρ

375 3024 483 3111 lem
521 3069 582 3109 se
612 3066 740 3123 erga
770 3057 1052 3120 parentem
1085 3046 1309 3101 minime
1344 3045 1598 3116 praebuit,
1637 3060 1706 3100 ex
1739 3043 1808 3099 iis
1839 3058 1962 3114 quae

2075 3037 2372 3108 συνείδησιν
2407 3038 2488 3102 είς
2538 3037 2630 3090 τὸν
2665 3036 2794 3090 ἴδιον
2829 3035 2996 3091 αὐτοῦ
3046 3036 3268 3108 Πατέρα
3307 3036 3385 3109 μὴ
3415 3036 3652 3107 φυλάξας

377 3154 538 3202 antea
579 3143 768 3216 gessit,
817 3157 888 3197 ne
922 3139 1065 3212 apud
1089 3139 1322 3194 alterum
1367 3137 1592 3208 quidem
1627 3135 1732 3192 fide
1760 3136 1961 3209 dignus

374 3236 686 3294 habebitur.
726 3231 809 3288 Ad
859 3232 974 3286 haec
1027 3229 1134 3284 alio
1170 3228 1297 3282 licet
1350 3233 1672 3298 argumento
1715 3239 1959 3280 errorem

374 3339 553 3396 tuum,
598 3325 827 3387 Marcio,
861 3324 1212 3384 convincere,
1255 3335 1323 3376 ex
1369 3333 1435 3374 eo
1475 3317 1726 3372 videlicet
1757 3317 1957 3388 capite,

375 3418 519 3490 quod
552 3417 622 3472 ob
656 3412 892 3482 alicujus
916 3411 1010 3482 qui
1039 3410 1346 3464 mitteretur
1375 3406 1612 3476 inopiam
1645 3418 1814 3475 negas
1843 3417 1960 3459 ser-

374 3525 507 3566 vare
534 3509 736 3564 bonum
760 3503 930 3560 Deum
954 3503 1081 3556 illos
1101 3501 1368 3571 potuisse,
1397 3513 1537 3569 quos
1567 3497 1774 3567 servari
1795 3510 1961 3566 opor-

374 3602 500 3668 tuit,
529 3599 691 3671 377
722 3605 777 3653 et
824 3596 1025 3666 quibus
1067 3608 1164 3663 per
1199 3591 1481 3647 Christum
1522 3588 1956 3645 misericordiam

376 3693 589 3748 tribuit.
632 3689 751 3745 Nisi
805 3687 952 3744 enim
1011 3685 1272 3740 Christus
1318 3681 1386 3737 ad
1443 3695 1755 3750 supremum
1804 3679 1956 3734 illum

374 3785 548 3842 Deum
596 3799 662 3839 ex
716 3779 1012 3837 Marcionis
1064 3775 1336 3834 sententia
1387 3774 1744 3845 confugisset,
1794 3787 1957 3844 quem

374 3874 466 3930 ille
495 3873 672 3928 bonus
704 3870 967 3934 mitteret,
997 3867 1285 3922 habuisset
1315 3865 1613 3928 neminem,
1655 3864 1703 3919 si
1732 3879 1841 3918 non
1869 3865 1959 3918 in-

375 3975 458 4023 ter
484 3964 702 4019 Patrem
745 3976 808 4016 ac
839 3959 1037 4014 Filium
1079 3957 1357 4014 Christum
1399 3957 1720 4013 otl'ensionis
1751 3955 1956 4026 aliquid

373 4056 785 4114 intervenisset.
823 4053 1026 4109 Deinde
1067 4052 1115 4107 si
1148 4051 1424 4108 Creatoris
1472 4059 1556 4107 est
1593 4050 1759 4114 filius,
1791 4048 1958 4102 idem-

372 4166 480 4222 que
519 4148 786 4205 creationi
818 4146 924 4217 ipsi
967 4159 1032 4200 ac
1073 4144 1316 4216 paternis
1346 4145 1606 4214 operibus
1655 4149 1739 4198 est
1767 4141 1955 4196 inimi-

372 4255 494 4306 cus,
541 4239 873 4309 simulatque
907 4238 961 4292 in
989 4237 1137 4291 hunc
1185 4237 1373 4292 orbem
1421 4235 1675 4306 delapsus
1719 4243 1826 4299 est,
1861 4234 1957 4288 hu-

338 4324 597 4386 'manum
649 4329 704 4384 in
750 4329 944 4400 primis
998 4343 1171 4399 genus
1214 4327 1581 4382 exterminare
1628 4327 1835 4392 debuit,
1895 4335 1954 4381 ut

373 4423 656 4481 conditum
717 4420 848 4477 illud
901 4437 1042 4492 opus
1106 4436 1137 4475 a
1189 4420 1347 4475 Patre
1408 4418 1655 4476 funditus
1710 4420 1950 4489 deleret,

376 4525 564 4588 utpote
605 4523 957 4587 paternarum
1006 4512 1347 4567 lnolitionum
1401 4511 1575 4568 hostis
1628 4513 1951 4569 acerrimus.

377 4611 484 4666 Aut
539 4617 601 4664 ut
653 4606 984 4681 persanandi
1031 4621 1096 4660 ac
1147 4605 1377 4660 curandi
1424 4606 1789 4677 servandique
1842 4607 1952 4661 vim

377 4715 644 4771 usurpare
691 4699 884 4763 vellet,
933 4697 1037 4752 hoc
1085 4697 1263 4767 ipsum
1310 4697 1666 4754 humanitatis
1716 4697 1952 4754 ofﬁcium

375 4791 587 4863 parenti
641 4801 766 4846 ante
823 4799 1048 4846 caeteros
1091 4804 1283 4846 omnes
1325 4789 1690 4845 exhibendum
1750 4789 1950 4855 fuerat,

371 4883 533 4955 eique
556 4882 1017 4954 persuadendum.
1049 4881 1148 4937 ﬁlii
1178 4890 1238 4937 ut
1267 4897 1390 4938 esse
1423 4882 1620 4938 similis
1651 4881 1857 4947 mallet,
1887 4889 1950 4937 ut

377 4984 486 5028 tam
522 4973 639 5044 ipse
668 4974 771 5029 sibi
803 4989 968 5045 quam
1004 4972 1153 5028 Patri
1187 4973 1386 5038 bonus,
1417 4980 1471 5028 et
1498 4973 1737 5028 humano
1762 4973 1951 5044 generi

376 5062 635 5119 salutaris
675 5071 838 5128 esset,
889 5071 1053 5133 atque
1098 5062 1175 5117 ita
1231 5078 1340 5118 una
1385 5070 1442 5119 et
1484 5063 1677 5119 eadem
1732 5064 1951 5120 bonitas

374 5153 684 5210 exsisteret.
743 5154 908 5224 Atqui
971 5155 1128 5225 longe
1178 5154 1283 5211 ista
1339 5171 1461 5211 sese
1520 5156 1678 5212 aliter
1723 5157 1945 5224 habent,

372 5260 539 5318 quam
582 5245 728 5303 illius
763 5245 866 5303 fert
895 5248 1126 5302 conﬁcta
1161 5261 1225 5302 ac
1260 5246 1509 5304 fabulosa
1547 5251 1812 5306 narratio.
1851 5251 1949 5307 Ne-

372 5355 478 5412 que
503 5339 650 5397 enim
682 5338 787 5394 tria
833 5347 962 5395 sunt
993 5340 1282 5410 principia,
1317 5355 1418 5396 nec
1458 5341 1600 5398 alius
1629 5350 1714 5399 est
1741 5342 1943 5399 Christi

370 5433 556 5500 Pater,
586 5445 687 5488 nec
717 5431 808 5486 ille
837 5432 1094 5504 nequitiae
1128 5433 1344 5489 soboles
1369 5435 1598 5502 exstitit,
1627 5436 1769 5493 absit
1803 5446 1860 5491 ut
1892 5436 1946 5490 id

2062 3130 2183 3184 οὐδὲ
2231 3128 2382 3202 παρά
2428 3127 2507 3200 τῷ
2541 3127 2714 3200 ἑτέρῳ
2754 3126 3176 3199 πιστευθήσεται
3225 3129 3334 3182 ἀπὸ
3384 3127 3498 3180 τῶν
3535 3128 3653 3196 παρ’

2063 3221 2227 3276 αὐτοῦ
2259 3221 2612 3293 προαγόντως
2656 3220 3085 3292 πεπραγμένων.
3135 3219 3302 3274 Ἀλλά
3347 3222 3444 3274 καὶ
3481 3220 3650 3283 ωλως

2062 3315 2247 3378 πάλιν,
2277 3309 2323 3368 ὢ
2360 3313 2648 3386 Μαρκίων,
2683 3312 2751 3366 δι’
2784 3313 3019 3384 ἀπορίαν
3055 3312 3150 3366 τοῦ
3186 3313 3548 3384 πεμπομένου
3582 3313 3649 3382 μὴ

2060 3406 2379 3479 δυνηθέντος
2410 3406 2582 3461 σῶσαι
2630 3408 2759 3470 τοὺς
2795 3405 2927 3477 παρ’
2966 3405 3116 3476 αὐτῷ
3164 3406 3532 3476 σωζομένους,
3564 3407 3648 3458 καὶ

2062 3501 2194 3572 παρ’
2248 3499 2413 3553 αὐτοῦ
2467 3499 2556 3553 διὰ
2609 3497 2848 3570 Χριστοῦ
2897 3496 3243 3570 έλεηθέντας.
3303 3498 3372 3551 Ei
3419 3498 3496 3569 μὴ
3544 3499 3649 3567 γὰρ

2061 3594 2312 3664 ἀπέφυγε
2346 3592 2488 3648 κατά
2520 3592 2612 3647 τὸν
2658 3592 2754 3646 τοῦ
2793 3592 3119 3662 Μαρκίωνος
3157 3590 3318 3660 λόγον
3361 3593 3392 3644 6
3420 3591 3646 3662 Χριστὸς

2071 3686 2210 3760 πρὸς
2233 3686 2324 3739 τὸν
2350 3685 2462 3740 ἀνω
2491 3684 2644 3748 Θεὸν,
2677 3685 2777 3738 οὐκ
2810 3683 3042 3756 ηὐπόρει
3071 3685 3100 3737 6
3130 3682 3334 3752 ἀγαθὸς
3371 3682 3506 3747 Θεὸς
3531 3683 3645 3734 τινὰ

2065 3778 2403 3840 ἀποστεῖλαι,
2423 3780 2472 3831 εί
2503 3777 2577 3850 μὴ
2609 3779 2668 3831 έν
2697 3775 3063 3850 προσκρούσει
3087 3777 3115 3830 6
3145 3775 3240 3830 τοῦ
3272 3774 3509 3847 Χριστοῦ
3537 3777 3643 3828 Πα-

2057 3872 2183 3945 τὴρ,
2220 3872 2294 3935 ὡς
2322 3871 2350 3924 6
2378 3869 2644 3941 Μαρκίων
2674 3868 2844 3939 λέγει,
2876 3868 3014 3940 πρὸς
3044 3868 3135 3922 τὸν
3166 3867 3296 3920 ἴδιον
3326 3866 3498 3921 αὐτοῦ
3523 3868 3642 3921 res

2057 3966 2372 4036 γεγένηται.
2413 3964 2526 4018 Καὶ
2568 3963 2746 4027 ἄλλως
2789 3962 2869 4027 δὲ,
2917 3960 3094 4016 εἰτοῦ
3143 3961 3490 4034 Δημιουργοῦ
3532 3962 3641 4023 υἱός

2058 4058 2225 4123 ἐστιν,
2264 4055 2564 4109 ἀντίκειται
2605 4053 2662 4108 δὲ
2687 4057 2752 4125 τῇ
2782 4053 3118 4125 δημιουργίᾳ
3153 4053 3249 4106 καὶ
3290 4053 3368 4124 τῷ
3398 4053 3494 4106 τοῦ
3528 4055 3635 4108 [Iac

2057 4150 2186 4219 τρὸς
2223 4147 2390 4220 ἔργῳ,
2425 4146 2642 4219 πρῶτον
2688 4146 2786 4217 μὲν
2819 4144 2990 4198 ἐλθὼν
3018 4147 3099 4208 είς
3135 4145 3226 4200 τὸν
3261 4146 3483 4215 κόσμον,
3517 4149 3634 4209 τοὺς

2056 4238 2379 4313 ἀνθρώπους
2422 4238 2642 4310 πρῶτον
2676 4233 2822 4310 εἶχεν
2847 4237 3226 4311 έξολοθρεῦσαι
3246 4254 3262 4271 ο
3295 4240 3382 4292 ἵνα
3407 4241 3634 4312 aenis!)

2055 4332 2118 4385 τὸ
2171 4332 2330 4406 ἔργον
2371 4332 2435 4386 τὸ
2465 4332 2574 4386 ἀπὸ
2606 4331 2700 4386 τοῦ
2747 4332 2877 4385 ἰδίου
2919 4331 3132 4404 Πατρὸς
3176 4332 3634 4404 δεδημιουργημέ-

2057 4441 2166 4490 νον,
2201 4424 2276 4488 ὡς
2321 4423 2590 4488 ἀντίδικος
2635 4423 2925 4495 γενόμενος
2957 4423 3055 4495 τῆς
3090 4424 3185 4477 τοῦ
3225 4425 3436 4496 Πατρδς
3461 4426 3622 4478 διαθέ-

2058 4534 2216 4580 σεως.
2253 4517 2324 4569 Ἦ
2350 4515 2512 4569 πάλιν
2536 4515 2715 4569 λαϐὼν
2743 4516 2970 4587 δύναμιν
3000 4517 3195 4581 ἰάσεως
3225 4517 3321 4570 καὶ
3349 4518 3631 4589 θεραηΞας

2055 4609 2149 4661 καὶ
2181 4607 2474 4680 σωτηρίας,
2507 4607 2737 4678 ὠφειλεν
2770 4607 3104 4672 ἐνδείξασθαι
3142 4611 3222 4672 είς
3253 4611 3347 4662 τὸν
3386 4611 3508 4664 ἴδιον
3537 4613 3618 4666 αὖ·

2054 4699 2149 4752 τοῦ
2193 4700 2412 4772 Πατέρα
2457 4699 2563 4771 πρὸ
2591 4698 2808 4753 πάντων
2843 4700 2941 4772 τὴν
2970 4699 3071 4769 τῆς
3102 4699 3504 4772 φιλανθρωπίας
3539 4703 3626 4772 ἐρν

2052 4792 2272 4861 γασίαν,
2309 4791 2402 4845 καὶ
2451 4790 2666 4864 πρῶτον
2713 4794 2898 4847 πεῖσαι
2936 4791 3028 4846 τὸν
3060 4794 3281 4866 Πατέρα
3309 4794 3466 4849 αὑτοῦ
3509 4797 3625 4847 κατ’

2053 4884 2217 4940 αὑτὸν
2245 4884 2498 4953 γενέσθαι
2517 4901 2530 4915 ο
2563 4884 2674 4953 ἵνα,
2705 4886 2993 4957 γενόμενος
3020 4886 3168 4957 αὑτῷ
3196 4905 3253 4940 τε
3295 4889 3390 4941 καὶ
3413 4887 3482 4957 τῷ
3516 4889 3610 4940 Πα-

2055 4977 2145 5048 τρὶ
2192 4975 2357 5031 αὐτοῦ
2401 4975 2627 5046 ἀγαθὸς,
2672 4978 2768 5049 τῆς
2818 4977 2954 5048 πρὸς
3005 4977 3327 5051 ἀνθρώπους
3365 4979 3619 5050 σωτηρία,

2053 5072 2088 5142 ἡ
2129 5069 2229 5142 μία
2257 5070 2350 5124 καὶ
2381 5072 2413 5142 ἡ
2455 5070 2594 5142 αὑτὴ
2629 5071 2900 5142 ἀγαθότης
2933 5073 3183 5144 γένηται.
3232 5074 3366 5126 Ἀλλ’
3397 5073 3486 5142 οὐχ
3529 5073 3618 5124 οὗ.

2054 5179 2162 5226 τως
2197 5161 2438 5233 ἔχει,’ὠς
2466 5163 2496 5216 6
2522 5162 2714 5215 τούτου
2748 5163 3222 5236 κενοφωνούμενος
3269 5165 3504 5237 μυθώδης
3536 5165 3602 5217 λο

2054 5273 2171 5324 γος.
2216 5255 2351 5310 Οὔτε
2379 5257 2489 5329 γὰρ
2520 5259 2668 5329 τρεῖς
2711 5258 2898 5330 ἀρχαὶ,
2929 5257 3052 5314 οὔτε
3093 5261 3250 5326 ἄλλος
3289 5261 3457 5331 Πατὴρ
3488 5261 3612 5330 Χρι-

2057 5347 2204 5411 στοῦ,
2253 5349 2375 5402 οὐδὲ
2414 5349 2616 5413 κακίας
2651 5349 2768 5402 ἐστὶ
2791 5349 3056 5423 γέννημα,
3094 5355 3170 5425 μὴ
3210 5354 3436 5422 γένοιτοὲ
3480 5353 3611 5420 Φησὶ

2055 5441 2195 5512 γάρ·
2247 5439 2394 5510 Ἐγὼ
2429 5441 2500 5495 ἐν
2535 5442 2616 5508 τῷ
2666 5444 2872 5512 Πατρὶ,
2915 5447 3016 5500 καί
3059 5449 3093 5500 ὁ
3134 5447 3334 5517 Πατὴρ
3367 5446 3431 5500 ἐν
3460 5443 3605 5514 ἐμοὶ.

371 5543 611 5600 unquam
642 5529 1040 5587 existimemus.
1089 5527 1166 5584 lta
1199 5534 1344 5586 enim
1383 5533 1498 5603 ipse
1530 5540 1800 5591 testatur:
1834 5533 1947 5607 Ego
1989 5537 2039 5590 in
2081 5537 2266 5602 Patre,
2297 5551 2346 5592 et
2381 5538 2546 5594 Pater
2579 5541 2632 5594 in
2675 5557 2754 5596 me
2779 5551 2856 5596 est
2877 5541 2920 5594 ³.

455 5684 663 5745 *ﬂebr.
698 5705 778 5757 ιν,
803 5689 888 5745 12.
929 5756 931 5758 η
967 5693 988 5724 ’
1020 5689 1199 5748 Galat.
1233 5707 1307 5758 vi,
1345 5690 1432 5747 12.
1513 5692 1533 5723 ³
1561 5691 1718 5749 Joan.
1757 5710 1867 5762 xiv,
1905 5695 1963 5752 l0

2075 5696 2086 5727 ‘
2111 5694 2237 5752 For.
2267 5697 2362 5752 ἔτι.
