  <div class='ocr_page' id='page_1' title='image "/cluster/home/n/w/nwhite01/storage/ocr_20150623/41/hvd.32044011753001/439.png"; bbox 0 0 3846 6360; ppageno 0'>
   <div class='ocr_carea' id='block_1_1' title="bbox 314 372 416 429">
    <p class='ocr_par' dir='ltr' id='par_1_1' title="bbox 314 372 416 429">
     <span class='ocr_line' id='line_1_1' title="bbox 314 372 416 429; baseline -0.039 0"><span class='ocrx_word' id='word_1_1' title='bbox 314 372 416 429; x_wconf 76' lang='grc'><strong>819</strong></span> 
     </span>
    </p>
   </div>
   <div class='ocr_carea' id='block_1_2' title="bbox 1721 365 2166 421">
    <p class='ocr_par' dir='ltr' id='par_1_2' title="bbox 1721 365 2166 421">
     <span class='ocr_line' id='line_1_2' title="bbox 1721 365 2166 421; baseline -0.002 -1"><span class='ocrx_word' id='word_1_2' title='bbox 1721 367 1776 420; x_wconf 89' lang='lat' dir='ltr'><strong>S.</strong></span> <span class='ocrx_word' id='word_1_3' title='bbox 1828 365 2166 421; x_wconf 72' lang='lat' dir='ltr'><strong>EPIPHANII</strong></span> 
     </span>
    </p>
   </div>
   <div class='ocr_carea' id='block_1_3' title="bbox 3491 362 3613 418">
    <p class='ocr_par' dir='ltr' id='par_1_3' title="bbox 3491 362 3613 418">
     <span class='ocr_line' id='line_1_3' title="bbox 3491 362 3613 418; baseline -0.016 0"><span class='ocrx_word' id='word_1_4' title='bbox 3491 362 3613 418; x_wconf 66' lang='lat'><strong>820</strong></span> 
     </span>
    </p>
   </div>
   <div class='ocr_carea' id='block_1_4' title="bbox 314 479 1912 555">
    <p class='ocr_par' dir='ltr' id='par_1_4' title="bbox 314 483 1892 555">
     <span class='ocr_line' id='line_1_4' title="bbox 314 483 1892 555; baseline -0.003 -12"><span class='ocrx_word' id='word_1_5' title='bbox 314 486 660 551; x_wconf 91' lang='lat' dir='ltr'><strong>condemnat,</strong></span> <span class='ocrx_word' id='word_1_6' title='bbox 707 494 761 541; x_wconf 91' lang='lat' dir='ltr'><strong>et</strong></span> <span class='ocrx_word' id='word_1_7' title='bbox 799 484 1181 541; x_wconf 76' lang='lat' dir='ltr'><strong>castimoniam</strong></span> <span class='ocrx_word' id='word_1_8' title='bbox 1233 483 1541 555; x_wconf 90' lang='lat' dir='ltr'><strong>proﬁtetur,</strong></span> <span class='ocrx_word' id='word_1_9' title='bbox 1584 498 1694 538; x_wconf 93' lang='lat' dir='ltr'><strong>non</strong></span> <span class='ocrx_word' id='word_1_10' title='bbox 1725 483 1892 553; x_wconf 84' lang='lat' dir='ltr'><strong>hujus</strong></span> 
     </span>
    </p>
   </div>
   <div class='ocr_carea' id='block_1_5' title="bbox 2028 479 3611 555">
    <p class='ocr_par' dir='ltr' id='par_1_5' title="bbox 2030 479 3611 552">
     <span class='ocr_line' id='line_1_5' title="bbox 2030 479 3611 552; baseline -0.005 -16"><span class='ocrx_word' id='word_1_11' title='bbox 2030 483 2344 537; x_wconf 84' lang='grc' dir='ltr'>ιδασκαλίαν</span> <span class='ocrx_word' id='word_1_12' title='bbox 2400 483 2723 552; x_wconf 85' lang='grc' dir='ltr'>απαρνεῖται</span> <span class='ocrx_word' id='word_1_13' title='bbox 2774 479 2866 532; x_wconf 72' lang='grc' dir='ltr'>τὸν</span> <span class='ocrx_word' id='word_1_14' title='bbox 2921 498 3097 550; x_wconf 80' lang='grc' dir='ltr'>γαμον</span> <span class='ocrx_word' id='word_1_15' title='bbox 3126 520 3139 543; x_wconf 95' lang='grc'><strong>,</strong></span> <span class='ocrx_word' id='word_1_16' title='bbox 3208 479 3301 532; x_wconf 69' lang='grc' dir='ltr'><strong>καὶ</strong></span> <span class='ocrx_word' id='word_1_17' title='bbox 3358 479 3611 545; x_wconf 79' lang='grc' dir='ltr'>ἀγνεξαν</span> 
     </span>
    </p>
   </div>
   <div class='ocr_carea' id='block_1_6' title="bbox 310 575 1889 646">
    <p class='ocr_par' dir='ltr' id='par_1_6' title="bbox 310 575 1889 646">
     <span class='ocr_line' id='line_1_6' title="bbox 310 575 1889 646; baseline -0.005 -12"><span class='ocrx_word' id='word_1_18' title='bbox 310 594 500 634; x_wconf 76' lang='lat' dir='ltr'><strong>amore</strong></span> <span class='ocrx_word' id='word_1_19' title='bbox 549 578 791 640; x_wconf 84' lang='lat' dir='ltr'><strong>virtutis,</strong></span> <span class='ocrx_word' id='word_1_20' title='bbox 852 577 947 632; x_wconf 90' lang='lat' dir='ltr'><strong>sed</strong></span> <span class='ocrx_word' id='word_1_21' title='bbox 998 584 1057 630; x_wconf 94' lang='lat' dir='ltr'><strong>ut</strong></span> <span class='ocrx_word' id='word_1_22' title='bbox 1115 589 1279 646; x_wconf 82' lang='lat' dir='ltr'><strong>opera</strong></span> <span class='ocrx_word' id='word_1_23' title='bbox 1329 575 1608 629; x_wconf 76' lang='lat' dir='ltr'><strong>Creatoris</strong></span> <span class='ocrx_word' id='word_1_24' title='bbox 1660 582 1889 628; x_wconf 86' lang='lat' dir='ltr'><strong>evertat.</strong></span> 
     </span>
    </p>
   </div>
   <div class='ocr_carea' id='block_1_7' title="bbox 313 666 1897 739">
    <p class='ocr_par' dir='ltr' id='par_1_7' title="bbox 313 666 1897 739">
     <span class='ocr_line' id='line_1_7' title="bbox 313 666 1897 739; baseline -0.004 -15"><span class='ocrx_word' id='word_1_25' title='bbox 313 672 497 738; x_wconf 80' lang='lat' dir='ltr'><strong>Quare</strong></span> <span class='ocrx_word' id='word_1_26' title='bbox 528 670 803 739; x_wconf 77' lang='lat' dir='ltr'><strong>coniugiis</strong></span> <span class='ocrx_word' id='word_1_27' title='bbox 832 670 1132 723; x_wconf 87' lang='lat' dir='ltr'><strong>interdicit.</strong></span> <span class='ocrx_word' id='word_1_28' title='bbox 1177 667 1252 719; x_wconf 87' lang='lat' dir='ltr'><strong>Ex</strong></span> <span class='ocrx_word' id='word_1_29' title='bbox 1289 668 1511 736; x_wconf 88' lang='lat' dir='ltr'><strong>quibus,</strong></span> <span class='ocrx_word' id='word_1_30' title='bbox 1542 666 1739 736; x_wconf 86' lang='lat' dir='ltr'><strong>inquit,</strong></span> <span class='ocrx_word' id='word_1_31' title='bbox 1774 680 1897 736; x_wconf 91' lang='lat' dir='ltr'><strong>pro-</strong></span> 
     </span>
    </p>
   </div>
   <div class='ocr_carea' id='block_1_8' title="bbox 323 758 1894 834">
    <p class='ocr_par' dir='ltr' id='par_1_8' title="bbox 323 758 1894 834">
     <span class='ocr_line' id='line_1_8' title="bbox 323 758 1894 834; baseline -0.004 -19"><span class='ocrx_word' id='word_1_32' title='bbox 323 773 518 834; x_wconf 79' lang='lat' dir='ltr'><strong>pagata</strong></span> <span class='ocrx_word' id='word_1_33' title='bbox 549 763 736 818; x_wconf 85' lang='lat' dir='ltr'><strong>sobole</strong></span> <span class='ocrx_word' id='word_1_34' title='bbox 758 765 933 829; x_wconf 82' lang='lat' dir='ltr'><strong>major</strong></span> <span class='ocrx_word' id='word_1_35' title='bbox 965 762 1018 814; x_wconf 93' lang='lat' dir='ltr'><strong>in</strong></span> <span class='ocrx_word' id='word_1_36' title='bbox 1053 760 1256 814; x_wconf 90' lang='lat' dir='ltr'><strong>mundo</strong></span> <span class='ocrx_word' id='word_1_37' title='bbox 1272 759 1555 813; x_wconf 90' lang='lat' dir='ltr'><strong>Conditori</strong></span> <span class='ocrx_word' id='word_1_38' title='bbox 1589 758 1810 812; x_wconf 85' lang='lat' dir='ltr'><strong>ubertas</strong></span> <span class='ocrx_word' id='word_1_39' title='bbox 1830 771 1894 809; x_wconf 90' lang='lat' dir='ltr'><strong>ac</strong></span> 
     </span>
    </p>
   </div>
   <div class='ocr_carea' id='block_1_9' title="bbox 311 848 1895 926">
    <p class='ocr_par' dir='ltr' id='par_1_9' title="bbox 311 848 1895 926">
     <span class='ocr_line' id='line_1_9' title="bbox 311 848 1895 926; baseline -0.003 -17"><span class='ocrx_word' id='word_1_40' title='bbox 311 856 468 926; x_wconf 89' lang='lat' dir='ltr'><strong>copia</strong></span> <span class='ocrx_word' id='word_1_41' title='bbox 509 855 768 925; x_wconf 86' lang='lat' dir='ltr'><strong>suppetit.</strong></span> <span class='ocrx_word' id='word_1_42' title='bbox 814 853 928 907; x_wconf 84' lang='lat' dir='ltr'><strong>Hoc</strong></span> <span class='ocrx_word' id='word_1_43' title='bbox 964 854 1128 924; x_wconf 83' lang='lat' dir='ltr'><strong>igitur</strong></span> <span class='ocrx_word' id='word_1_44' title='bbox 1154 855 1207 905; x_wconf 93' lang='lat' dir='ltr'><strong>in</strong></span> <span class='ocrx_word' id='word_1_45' title='bbox 1235 850 1450 919; x_wconf 89' lang='lat' dir='ltr'><strong>opiﬁcis</strong></span> <span class='ocrx_word' id='word_1_46' title='bbox 1480 864 1545 904; x_wconf 91' lang='lat' dir='ltr'><strong>ac</strong></span> <span class='ocrx_word' id='word_1_47' title='bbox 1579 848 1895 904; x_wconf 84' lang='lat' dir='ltr'><strong>Conditoris</strong></span> 
     </span>
    </p>
   </div>
   <div class='ocr_carea' id='block_1_10' title="bbox 312 939 1897 1015">
    <p class='ocr_par' dir='ltr' id='par_1_10' title="bbox 312 939 1897 1015">
     <span class='ocr_line' id='line_1_10' title="bbox 312 939 1897 1015; baseline -0.003 -17"><span class='ocrx_word' id='word_1_48' title='bbox 312 946 499 999; x_wconf 87' lang='lat' dir='ltr'><strong>odimn</strong></span> <span class='ocrx_word' id='word_1_49' title='bbox 559 946 825 1015; x_wconf 84' lang='lat' dir='ltr'><strong>suscipit,</strong></span> <span class='ocrx_word' id='word_1_50' title='bbox 903 960 972 999; x_wconf 91' lang='lat' dir='ltr'><strong>ne</strong></span> <span class='ocrx_word' id='word_1_51' title='bbox 1034 959 1102 998; x_wconf 82' lang='lat' dir='ltr'><strong>ex</strong></span> <span class='ocrx_word' id='word_1_52' title='bbox 1151 943 1451 997; x_wconf 86' lang='lat' dir='ltr'><strong>liberorum</strong></span> <span class='ocrx_word' id='word_1_53' title='bbox 1515 939 1897 1010; x_wconf 88' lang='lat' dir='ltr'><strong>procreatione</strong></span> 
     </span>
    </p>
   </div>
   <div class='ocr_carea' id='block_1_11' title="bbox 313 1027 1899 1106">
    <p class='ocr_par' dir='ltr' id='par_1_11' title="bbox 313 1027 1899 1106">
     <span class='ocr_line' id='line_1_11' title="bbox 313 1027 1899 1106; baseline -0.007 -16"><span class='ocrx_word' id='word_1_54' title='bbox 313 1036 479 1106; x_wconf 82' lang='lat'><strong>379</strong></span> <span class='ocrx_word' id='word_1_55' title='bbox 528 1035 677 1090; x_wconf 90' lang='lat' dir='ltr'><strong>illius</strong></span> <span class='ocrx_word' id='word_1_56' title='bbox 725 1049 856 1104; x_wconf 91' lang='lat' dir='ltr'><strong>opes</strong></span> <span class='ocrx_word' id='word_1_57' title='bbox 890 1041 1212 1102; x_wconf 82' lang='lat' dir='ltr'><strong>augeantur.</strong></span> <span class='ocrx_word' id='word_1_58' title='bbox 1276 1027 1481 1082; x_wconf 83' lang='lat' dir='ltr'><strong>Verum</strong></span> <span class='ocrx_word' id='word_1_59' title='bbox 1533 1027 1695 1097; x_wconf 83' lang='lat' dir='ltr'><strong>hujus</strong></span> <span class='ocrx_word' id='word_1_60' title='bbox 1743 1040 1899 1081; x_wconf 91' lang='lat' dir='ltr'><strong>error</strong></span> 
     </span>
    </p>
   </div>
   <div class='ocr_carea' id='block_1_12' title="bbox 316 1116 1897 1196">
    <p class='ocr_par' dir='ltr' id='par_1_12' title="bbox 316 1116 1897 1196">
     <span class='ocr_line' id='line_1_12' title="bbox 316 1116 1897 1196; baseline -0.006 -17"><span class='ocrx_word' id='word_1_61' title='bbox 316 1127 469 1181; x_wconf 84' lang='lat' dir='ltr'><strong>nullo</strong></span> <span class='ocrx_word' id='word_1_62' title='bbox 522 1126 743 1196; x_wconf 82' lang='lat' dir='ltr'><strong>negotio</strong></span> <span class='ocrx_word' id='word_1_63' title='bbox 792 1123 1078 1194; x_wconf 80' lang='lat' dir='ltr'><strong>detegetur</strong></span> <span class='ocrx_word' id='word_1_64' title='bbox 1107 1138 1171 1176; x_wconf 91' lang='lat' dir='ltr'><strong>ac</strong></span> <span class='ocrx_word' id='word_1_65' title='bbox 1209 1120 1489 1176; x_wconf 82' lang='lat' dir='ltr'><strong>refelletur</strong></span> <span class='ocrx_word' id='word_1_66' title='bbox 1516 1134 1581 1174; x_wconf 82' lang='lat' dir='ltr'><strong>ex</strong></span> <span class='ocrx_word' id='word_1_67' title='bbox 1612 1134 1674 1174; x_wconf 90' lang='lat' dir='ltr'><strong>ea</strong></span> <span class='ocrx_word' id='word_1_68' title='bbox 1704 1116 1897 1173; x_wconf 85' lang='lat' dir='ltr'><strong>confu-</strong></span> 
     </span>
    </p>
   </div>
   <div class='ocr_carea' id='block_1_13' title="bbox 315 1216 1899 1287">
    <p class='ocr_par' dir='ltr' id='par_1_13' title="bbox 315 1216 1899 1287">
     <span class='ocr_line' id='line_1_13' title="bbox 315 1216 1899 1287; baseline -0.007 -15"><span class='ocrx_word' id='word_1_69' title='bbox 315 1218 541 1281; x_wconf 89' lang='lat' dir='ltr'><strong>tatione,</strong></span> <span class='ocrx_word' id='word_1_70' title='bbox 582 1232 743 1287; x_wconf 89' lang='lat' dir='ltr'><strong>quam</strong></span> <span class='ocrx_word' id='word_1_71' title='bbox 770 1222 962 1271; x_wconf 90' lang='lat' dir='ltr'><strong>contra</strong></span> <span class='ocrx_word' id='word_1_72' title='bbox 996 1216 1169 1284; x_wconf 87' lang='lat' dir='ltr'><strong>ipsius</strong></span> <span class='ocrx_word' id='word_1_73' title='bbox 1201 1223 1593 1284; x_wconf 71' lang='lat' dir='ltr'><strong>praeceptorem</strong></span> <span class='ocrx_word' id='word_1_74' title='bbox 1622 1218 1747 1263; x_wconf 89' lang='lat' dir='ltr'><strong>ante</strong></span> <span class='ocrx_word' id='word_1_75' title='bbox 1779 1223 1899 1278; x_wconf 92' lang='lat' dir='ltr'><strong>pro-</strong></span> 
     </span>
    </p>
   </div>
   <div class='ocr_carea' id='block_1_14' title="bbox 315 1300 1899 1382">
    <p class='ocr_par' dir='ltr' id='par_1_14' title="bbox 315 1300 1899 1382">
     <span class='ocr_line' id='line_1_14' title="bbox 315 1300 1899 1382; baseline -0.008 -15"><span class='ocrx_word' id='word_1_76' title='bbox 315 1312 620 1382; x_wconf 89' lang='lat' dir='ltr'><strong>posuimus.</strong></span> <span class='ocrx_word' id='word_1_77' title='bbox 677 1309 848 1377; x_wconf 85' lang='lat' dir='ltr'><strong>Cujus</strong></span> <span class='ocrx_word' id='word_1_78' title='bbox 913 1309 1203 1378; x_wconf 86' lang='lat' dir='ltr'><strong>opiniones</strong></span> <span class='ocrx_word' id='word_1_79' title='bbox 1263 1307 1514 1379; x_wconf 84' lang='lat' dir='ltr'><strong>pluribus</strong></span> <span class='ocrx_word' id='word_1_80' title='bbox 1567 1300 1899 1373; x_wconf 90' lang='lat' dir='ltr'><strong>disputando</strong></span> 
     </span>
    </p>
   </div>
   <div class='ocr_carea' id='block_1_15' title="bbox 314 1394 1896 1471">
    <p class='ocr_par' dir='ltr' id='par_1_15' title="bbox 314 1394 1896 1471">
     <span class='ocr_line' id='line_1_15' title="bbox 314 1394 1896 1471; baseline -0.006 -14"><span class='ocrx_word' id='word_1_81' title='bbox 314 1402 689 1467; x_wconf 85' lang='lat' dir='ltr'><strong>convicimus;</strong></span> <span class='ocrx_word' id='word_1_82' title='bbox 747 1400 913 1471; x_wconf 90' lang='lat' dir='ltr'><strong>idque</strong></span> <span class='ocrx_word' id='word_1_83' title='bbox 960 1401 1137 1471; x_wconf 92' lang='lat' dir='ltr'><strong>ipsum</strong></span> <span class='ocrx_word' id='word_1_84' title='bbox 1169 1398 1534 1463; x_wconf 89' lang='lat' dir='ltr'><strong>ostendimus,</strong></span> <span class='ocrx_word' id='word_1_85' title='bbox 1566 1394 1896 1464; x_wconf 88' lang='lat' dir='ltr'><strong>cujnsmodi,</strong></span> 
     </span>
    </p>
   </div>
   <div class='ocr_carea' id='block_1_16' title="bbox 317 1484 1900 1564">
    <p class='ocr_par' dir='ltr' id='par_1_16' title="bbox 317 1484 1900 1564">
     <span class='ocr_line' id='line_1_16' title="bbox 317 1484 1900 1564; baseline -0.008 -15"><span class='ocrx_word' id='word_1_86' title='bbox 317 1511 380 1549; x_wconf 82' lang='lat' dir='ltr'><strong>ac</strong></span> <span class='ocrx_word' id='word_1_87' title='bbox 408 1509 569 1564; x_wconf 89' lang='lat' dir='ltr'><strong>quam</strong></span> <span class='ocrx_word' id='word_1_88' title='bbox 607 1494 776 1546; x_wconf 88' lang='lat' dir='ltr'><strong>multa</strong></span> <span class='ocrx_word' id='word_1_89' title='bbox 817 1493 945 1557; x_wconf 87' lang='lat' dir='ltr'><strong>sint,</strong></span> <span class='ocrx_word' id='word_1_90' title='bbox 979 1493 1033 1545; x_wconf 91' lang='lat' dir='ltr'><strong>in</strong></span> <span class='ocrx_word' id='word_1_91' title='bbox 1063 1491 1264 1561; x_wconf 88' lang='lat' dir='ltr'><strong>quibus</strong></span> <span class='ocrx_word' id='word_1_92' title='bbox 1296 1503 1508 1543; x_wconf 89' lang='lat' dir='ltr'><strong>summa</strong></span> <span class='ocrx_word' id='word_1_93' title='bbox 1542 1493 1624 1540; x_wconf 87' lang='lat' dir='ltr'><strong>est</strong></span> <span class='ocrx_word' id='word_1_94' title='bbox 1658 1484 1900 1555; x_wconf 82' lang='lat' dir='ltr'><strong>Evange-</strong></span> 
     </span>
    </p>
   </div>
   <div class='ocr_carea' id='block_1_17' title="bbox 318 1577 1899 1654">
    <p class='ocr_par' dir='ltr' id='par_1_17' title="bbox 318 1577 1899 1654">
     <span class='ocr_line' id='line_1_17' title="bbox 318 1577 1899 1654; baseline -0.006 -17"><span class='ocrx_word' id='word_1_95' title='bbox 318 1585 372 1637; x_wconf 94' lang='lat' dir='ltr'><strong>lii</strong></span> <span class='ocrx_word' id='word_1_96' title='bbox 418 1583 742 1654; x_wconf 85' lang='lat' dir='ltr'><strong>Veterisque</strong></span> <span class='ocrx_word' id='word_1_97' title='bbox 790 1581 1131 1637; x_wconf 85' lang='lat' dir='ltr'><strong>Testamenti</strong></span> <span class='ocrx_word' id='word_1_98' title='bbox 1180 1580 1494 1635; x_wconf 60' lang='lat' dir='ltr'><strong>consensio.</strong></span> <span class='ocrx_word' id='word_1_99' title='bbox 1531 1577 1899 1643; x_wconf 83' lang='lat' dir='ltr'><strong>Quemadmo-</strong></span> 
     </span>
    </p>
   </div>
   <div class='ocr_carea' id='block_1_18' title="bbox 316 1673 1900 1745">
    <p class='ocr_par' dir='ltr' id='par_1_18' title="bbox 316 1673 1900 1745">
     <span class='ocr_line' id='line_1_18' title="bbox 316 1673 1900 1745; baseline -0.004 -16"><span class='ocrx_word' id='word_1_100' title='bbox 316 1679 445 1731; x_wconf 86' lang='lat' dir='ltr'><strong>dum</strong></span> <span class='ocrx_word' id='word_1_101' title='bbox 504 1676 666 1731; x_wconf 89' lang='lat' dir='ltr'><strong>etiam</strong></span> <span class='ocrx_word' id='word_1_102' title='bbox 741 1676 1007 1731; x_wconf 86' lang='lat' dir='ltr'><strong>Dominus</strong></span> <span class='ocrx_word' id='word_1_103' title='bbox 1064 1676 1179 1745; x_wconf 92' lang='lat' dir='ltr'><strong>ipse</strong></span> <span class='ocrx_word' id='word_1_104' title='bbox 1236 1673 1473 1728; x_wconf 78' lang='lat' dir='ltr'><strong>fateatur</strong></span> <span class='ocrx_word' id='word_1_105' title='bbox 1544 1685 1699 1725; x_wconf 89' lang='lat' dir='ltr'><strong>suam</strong></span> <span class='ocrx_word' id='word_1_106' title='bbox 1777 1683 1900 1723; x_wconf 91' lang='lat' dir='ltr'><strong>esse</strong></span> 
     </span>
    </p>
   </div>
   <div class='ocr_carea' id='block_1_19' title="bbox 323 1760 1906 1836">
    <p class='ocr_par' dir='ltr' id='par_1_19' title="bbox 323 1760 1906 1836">
     <span class='ocr_line' id='line_1_19' title="bbox 323 1760 1906 1836; baseline -0.004 -17"><span class='ocrx_word' id='word_1_107' title='bbox 323 1768 511 1823; x_wconf 88' lang='lat' dir='ltr'><strong>mundi</strong></span> <span class='ocrx_word' id='word_1_108' title='bbox 562 1768 999 1831; x_wconf 81' lang='lat' dir='ltr'><strong>fabricationem,</strong></span> <span class='ocrx_word' id='word_1_109' title='bbox 1064 1781 1128 1819; x_wconf 90' lang='lat' dir='ltr'><strong>ac</strong></span> <span class='ocrx_word' id='word_1_110' title='bbox 1169 1763 1434 1836; x_wconf 87' lang='lat' dir='ltr'><strong>quidquid</strong></span> <span class='ocrx_word' id='word_1_111' title='bbox 1489 1760 1767 1815; x_wconf 88' lang='lat' dir='ltr'><strong>conditum</strong></span> <span class='ocrx_word' id='word_1_112' title='bbox 1820 1768 1906 1813; x_wconf 90' lang='lat' dir='ltr'><strong>est</strong></span> 
     </span>
    </p>
   </div>
   <div class='ocr_carea' id='block_1_20' title="bbox 1999 569 3613 644">
    <p class='ocr_par' dir='ltr' id='par_1_20' title="bbox 1999 569 3613 644">
     <span class='ocr_line' id='line_1_20' title="bbox 1999 569 3613 644; baseline -0.004 -17"><span class='ocrx_word' id='word_1_113' title='bbox 1999 575 2193 627; x_wconf 86' lang='grc' dir='ltr'>ἀσκεῖ·</span> <span class='ocrx_word' id='word_1_114' title='bbox 2232 575 2293 626; x_wconf 79' lang='grc' dir='ltr'><strong>οὐ</strong></span> <span class='ocrx_word' id='word_1_115' title='bbox 2345 572 2411 625; x_wconf 77' lang='grc' dir='ltr'>δι’</span> <span class='ocrx_word' id='word_1_116' title='bbox 2455 573 2699 640; x_wconf 78' lang='grc' dir='ltr'>ἁγνείαν,</span> <span class='ocrx_word' id='word_1_117' title='bbox 2743 571 2859 623; x_wconf 82' lang='grc' dir='ltr'>ἀλλ’</span> <span class='ocrx_word' id='word_1_118' title='bbox 2906 572 2991 624; x_wconf 87' lang='lat' dir='ltr'><strong>l.&#39;va</strong></span> <span class='ocrx_word' id='word_1_119' title='bbox 3048 571 3291 644; x_wconf 82' lang='grc' dir='ltr'>ἀθετήσῃ</span> <span class='ocrx_word' id='word_1_120' title='bbox 3336 569 3409 622; x_wconf 84' lang='grc' dir='ltr'><strong>τά</strong></span> <span class='ocrx_word' id='word_1_121' title='bbox 3456 570 3613 639; x_wconf 69' lang='grc' dir='ltr'>ἔργα</span> 
     </span>
    </p>
   </div>
   <div class='ocr_carea' id='block_1_21' title="bbox 1998 659 3605 733">
    <p class='ocr_par' dir='ltr' id='par_1_21' title="bbox 1998 659 3605 733">
     <span class='ocr_line' id='line_1_21' title="bbox 1998 659 3605 733; baseline 0 -19"><span class='ocrx_word' id='word_1_122' title='bbox 1998 661 2092 714; x_wconf 74' lang='grc' dir='ltr'>τοῦ</span> <span class='ocrx_word' id='word_1_123' title='bbox 2135 661 2515 733; x_wconf 84' lang='grc' dir='ltr'>Δημιουργοῦ,</span> <span class='ocrx_word' id='word_1_124' title='bbox 2548 661 2815 713; x_wconf 81' lang='grc' dir='ltr'><strong>διδάσκων</strong></span> <span class='ocrx_word' id='word_1_125' title='bbox 2862 660 2936 731; x_wconf 82' lang='grc' dir='ltr'>μὴ</span> <span class='ocrx_word' id='word_1_126' title='bbox 2987 660 3357 713; x_wconf 70' lang='grc' dir='ltr'><strong>συνάπτεσθαι</strong></span> <span class='ocrx_word' id='word_1_127' title='bbox 3397 659 3605 729; x_wconf 77' lang='grc' dir='ltr'>γάμῳ.</span> 
     </span>
    </p>
   </div>
   <div class='ocr_carea' id='block_1_22' title="bbox 2010 746 3611 823">
    <p class='ocr_par' dir='ltr' id='par_1_22' title="bbox 2010 746 3611 823">
     <span class='ocr_line' id='line_1_22' title="bbox 2010 746 3611 823; baseline -0.001 -17"><span class='ocrx_word' id='word_1_128' title='bbox 2010 754 2127 822; x_wconf 77' lang='grc' dir='ltr'><strong>Ἀφ’</strong></span> <span class='ocrx_word' id='word_1_129' title='bbox 2161 746 2221 805; x_wconf 76' lang='grc' dir='ltr'>οὗ</span> <span class='ocrx_word' id='word_1_130' title='bbox 2257 754 2435 823; x_wconf 85' lang='grc' dir='ltr'>γάμου</span> <span class='ocrx_word' id='word_1_131' title='bbox 2486 752 2738 822; x_wconf 82' lang='grc' dir='ltr'>εὐθηνία,</span> <span class='ocrx_word' id='word_1_132' title='bbox 2779 752 2936 823; x_wconf 78' lang='grc' dir='ltr'>φησὶ,</span> <span class='ocrx_word' id='word_1_133' title='bbox 2971 752 3060 806; x_wconf 85' lang='grc' dir='ltr'>διὰ</span> <span class='ocrx_word' id='word_1_134' title='bbox 3102 753 3201 822; x_wconf 82' lang='grc' dir='ltr'>τῆς</span> <span class='ocrx_word' id='word_1_135' title='bbox 3237 752 3611 815; x_wconf 84' lang='grc' dir='ltr'>παιδοποιίας</span> 
     </span>
    </p>
   </div>
   <div class='ocr_carea' id='block_1_23' title="bbox 2000 844 3612 916">
    <p class='ocr_par' dir='ltr' id='par_1_23' title="bbox 2000 844 3612 916">
     <span class='ocr_line' id='line_1_23' title="bbox 2000 844 3612 916; baseline 0 -19"><span class='ocrx_word' id='word_1_136' title='bbox 2000 845 2055 899; x_wconf 81' lang='grc' dir='ltr'><strong>ἐν</strong></span> <span class='ocrx_word' id='word_1_137' title='bbox 2088 844 2275 915; x_wconf 83' lang='grc' dir='ltr'>κόσμῳ</span> <span class='ocrx_word' id='word_1_138' title='bbox 2304 844 2382 915; x_wconf 78' lang='grc' dir='ltr'>τῷ</span> <span class='ocrx_word' id='word_1_139' title='bbox 2404 845 2730 916; x_wconf 74' lang='grc' dir='ltr'><strong>Δημιουργῷ</strong></span> <span class='ocrx_word' id='word_1_140' title='bbox 2760 845 2989 915; x_wconf 87' lang='grc' dir='ltr'>γίνεται,</span> <span class='ocrx_word' id='word_1_141' title='bbox 3018 845 3156 915; x_wconf 76' lang='grc' dir='ltr'>πρὸς</span> <span class='ocrx_word' id='word_1_142' title='bbox 3180 844 3467 897; x_wconf 77' lang='grc' dir='ltr'>ἀντίθεσιν</span> <span class='ocrx_word' id='word_1_143' title='bbox 3502 846 3612 914; x_wconf 79' lang='grc' dir='ltr'><strong>τῆς</strong></span> 
     </span>
    </p>
   </div>
   <div class='ocr_carea' id='block_1_24' title="bbox 2000 934 3609 1009">
    <p class='ocr_par' dir='ltr' id='par_1_24' title="bbox 2000 934 3609 1009">
     <span class='ocr_line' id='line_1_24' title="bbox 2000 934 3609 1009; baseline 0.001 -21"><span class='ocrx_word' id='word_1_144' title='bbox 2000 934 2092 989; x_wconf 78' lang='grc' dir='ltr'>τοῦ</span> <span class='ocrx_word' id='word_1_145' title='bbox 2127 936 2476 1008; x_wconf 76' lang='grc' dir='ltr'>Δημιουργοῦ</span> <span class='ocrx_word' id='word_1_146' title='bbox 2511 936 2607 991; x_wconf 74' lang='grc' dir='ltr'><strong>καὶ</strong></span> <span class='ocrx_word' id='word_1_147' title='bbox 2640 938 2873 990; x_wconf 72' lang='grc' dir='ltr'>κτίστου</span> <span class='ocrx_word' id='word_1_148' title='bbox 2900 938 2988 990; x_wconf 81' lang='grc' dir='ltr'><strong>διά</strong></span> <span class='ocrx_word' id='word_1_149' title='bbox 3014 938 3114 1009; x_wconf 81' lang='grc' dir='ltr'>τῆς</span> <span class='ocrx_word' id='word_1_150' title='bbox 3149 937 3513 1000; x_wconf 83' lang='grc' dir='ltr'>παιδοποιίας</span> <span class='ocrx_word' id='word_1_151' title='bbox 3543 939 3609 990; x_wconf 80' lang='grc' dir='ltr'><strong>ἐν</strong></span> 
     </span>
    </p>
   </div>
   <div class='ocr_carea' id='block_1_25' title="bbox 1998 1029 3609 1102">
    <p class='ocr_par' dir='ltr' id='par_1_25' title="bbox 1998 1029 3609 1102">
     <span class='ocr_line' id='line_1_25' title="bbox 1998 1029 3609 1102; baseline 0 -21"><span class='ocrx_word' id='word_1_152' title='bbox 1998 1029 2076 1099; x_wconf 83' lang='grc' dir='ltr'>τῷ</span> <span class='ocrx_word' id='word_1_153' title='bbox 2117 1029 2308 1100; x_wconf 85' lang='grc' dir='ltr'>κόσμῳ</span> <span class='ocrx_word' id='word_1_154' title='bbox 2338 1029 2617 1102; x_wconf 82' lang='grc' dir='ltr'>εὐθηνίας.</span> <span class='ocrx_word' id='word_1_155' title='bbox 2643 1031 3034 1102; x_wconf 79' lang='grc' dir='ltr'>Φωραθὴσεται</span> <span class='ocrx_word' id='word_1_156' title='bbox 3058 1030 3114 1082; x_wconf 85' lang='grc' dir='ltr'><strong>δὲ</strong></span> <span class='ocrx_word' id='word_1_157' title='bbox 3135 1031 3163 1083; x_wconf 99' lang='lat'><strong>6</strong></span> <span class='ocrx_word' id='word_1_158' title='bbox 3193 1030 3465 1095; x_wconf 76' lang='grc' dir='ltr'>τοιοῦτος,</span> <span class='ocrx_word' id='word_1_159' title='bbox 3504 1031 3609 1082; x_wconf 72' lang='grc' dir='ltr'><strong>καὶ</strong></span> 
     </span>
    </p>
   </div>
   <div class='ocr_carea' id='block_1_26' title="bbox 2000 1122 3606 1195">
    <p class='ocr_par' dir='ltr' id='par_1_26' title="bbox 2000 1122 3606 1195">
     <span class='ocr_line' id='line_1_26' title="bbox 2000 1122 3606 1195; baseline 0 -20"><span class='ocrx_word' id='word_1_160' title='bbox 2000 1122 2475 1194; x_wconf 85' lang='grc' dir='ltr'>διελεγχθήσεται,</span> <span class='ocrx_word' id='word_1_161' title='bbox 2531 1124 2638 1176; x_wconf 75' lang='grc' dir='ltr'><strong>ἀπὸ</strong></span> <span class='ocrx_word' id='word_1_162' title='bbox 2686 1124 2786 1195; x_wconf 85' lang='grc' dir='ltr'>μὲν</span> <span class='ocrx_word' id='word_1_163' title='bbox 2829 1124 2927 1194; x_wconf 84' lang='grc' dir='ltr'>τῆς</span> <span class='ocrx_word' id='word_1_164' title='bbox 2960 1123 3062 1194; x_wconf 69' lang='grc' dir='ltr'>ἤδη</span> <span class='ocrx_word' id='word_1_165' title='bbox 3104 1123 3241 1195; x_wconf 72' lang='grc' dir='ltr'>πρὸς</span> <span class='ocrx_word' id='word_1_166' title='bbox 3286 1123 3380 1176; x_wconf 79' lang='grc' dir='ltr'><strong>τὸν</strong></span> <span class='ocrx_word' id='word_1_167' title='bbox 3420 1122 3606 1176; x_wconf 74' lang='grc' dir='ltr'>αὑτοῦ</span> 
     </span>
    </p>
   </div>
   <div class='ocr_carea' id='block_1_27' title="bbox 2002 1215 3607 1287">
    <p class='ocr_par' dir='ltr' id='par_1_27' title="bbox 2002 1215 3607 1287">
     <span class='ocr_line' id='line_1_27' title="bbox 2002 1215 3607 1287; baseline -0.001 -20"><span class='ocrx_word' id='word_1_168' title='bbox 2002 1215 2301 1285; x_wconf 76' lang='grc' dir='ltr'>ἐπιστάτην</span> <span class='ocrx_word' id='word_1_169' title='bbox 2356 1215 2715 1283; x_wconf 78' lang='grc' dir='ltr'><strong>ἀντιθέσεως,</strong></span> <span class='ocrx_word' id='word_1_170' title='bbox 2772 1216 2861 1269; x_wconf 78' lang='grc' dir='ltr'>διὰ</span> <span class='ocrx_word' id='word_1_171' title='bbox 2929 1215 3139 1269; x_wconf 84' lang='grc' dir='ltr'>πολλῶν</span> <span class='ocrx_word' id='word_1_172' title='bbox 3198 1215 3607 1287; x_wconf 73' lang='grc' dir='ltr'>ποιησαμένων</span> 
     </span>
    </p>
   </div>
   <div class='ocr_carea' id='block_1_28' title="bbox 2002 1307 3604 1381">
    <p class='ocr_par' dir='ltr' id='par_1_28' title="bbox 2002 1307 3604 1381">
     <span class='ocr_line' id='line_1_28' title="bbox 2002 1307 3604 1381; baseline 0.002 -21"><span class='ocrx_word' id='word_1_173' title='bbox 2002 1309 2159 1379; x_wconf 83' lang='grc' dir='ltr'>ἡμῶν</span> <span class='ocrx_word' id='word_1_174' title='bbox 2195 1307 2294 1378; x_wconf 83' lang='grc' dir='ltr'><strong>τὴν</strong></span> <span class='ocrx_word' id='word_1_175' title='bbox 2330 1309 2465 1381; x_wconf 74' lang='grc' dir='ltr'>πρὸς</span> <span class='ocrx_word' id='word_1_176' title='bbox 2496 1309 2658 1362; x_wconf 78' lang='grc' dir='ltr'>αὐτὸν</span> <span class='ocrx_word' id='word_1_177' title='bbox 2690 1308 3000 1376; x_wconf 77' lang='grc' dir='ltr'>ἀντιλογίαν</span> <span class='ocrx_word' id='word_1_178' title='bbox 3033 1326 3092 1361; x_wconf 90' lang='grc' dir='ltr'><strong>τε</strong></span> <span class='ocrx_word' id='word_1_179' title='bbox 3124 1309 3216 1361; x_wconf 73' lang='grc' dir='ltr'><strong>καὶ</strong></span> <span class='ocrx_word' id='word_1_180' title='bbox 3248 1308 3604 1379; x_wconf 79' lang='grc' dir='ltr'>ἀνατροπὴν,</span> 
     </span>
    </p>
   </div>
   <div class='ocr_carea' id='block_1_29' title="bbox 2002 1399 3607 1471">
    <p class='ocr_par' dir='ltr' id='par_1_29' title="bbox 2002 1399 3607 1471">
     <span class='ocr_line' id='line_1_29' title="bbox 2002 1399 3607 1471; baseline -0.001 -19"><span class='ocrx_word' id='word_1_181' title='bbox 2002 1401 2059 1453; x_wconf 83' lang='grc' dir='ltr'><strong>ἐν</strong></span> <span class='ocrx_word' id='word_1_182' title='bbox 2089 1401 2305 1465; x_wconf 84' lang='grc' dir='ltr'>ὁποίαις</span> <span class='ocrx_word' id='word_1_183' title='bbox 2332 1419 2391 1453; x_wconf 89' lang='grc' dir='ltr'><strong>τε</strong></span> <span class='ocrx_word' id='word_1_184' title='bbox 2433 1402 2528 1454; x_wconf 79' lang='grc' dir='ltr'><strong>καὶ</strong></span> <span class='ocrx_word' id='word_1_185' title='bbox 2557 1402 2781 1464; x_wconf 84' lang='grc' dir='ltr'>ὁπόσαις</span> <span class='ocrx_word' id='word_1_186' title='bbox 2818 1401 3032 1471; x_wconf 79' lang='grc' dir='ltr'>συνᾴδει</span> <span class='ocrx_word' id='word_1_187' title='bbox 3060 1401 3120 1452; x_wconf 84' lang='grc' dir='ltr'><strong>τὸ</strong></span> <span class='ocrx_word' id='word_1_188' title='bbox 3158 1399 3503 1468; x_wconf 84' lang='grc' dir='ltr'>Εύαγγέλιον</span> <span class='ocrx_word' id='word_1_189' title='bbox 3532 1403 3607 1470; x_wconf 79' lang='grc' dir='ltr'>τῇ</span> 
     </span>
    </p>
   </div>
   <div class='ocr_carea' id='block_1_30' title="bbox 2003 1490 3609 1563">
    <p class='ocr_par' dir='ltr' id='par_1_30' title="bbox 2003 1490 3609 1563">
     <span class='ocr_line' id='line_1_30' title="bbox 2003 1490 3609 1563; baseline -0.003 -17"><span class='ocrx_word' id='word_1_190' title='bbox 2003 1492 2216 1562; x_wconf 81' lang='grc' dir='ltr'>Παλαιᾷ</span> <span class='ocrx_word' id='word_1_191' title='bbox 2238 1490 2484 1563; x_wconf 82' lang='grc' dir='ltr'>Διαθήκῃ</span> <span class='ocrx_word' id='word_1_192' title='bbox 2509 1508 2520 1520; x_wconf 87' lang='grc'><em>’</em></span> <span class='ocrx_word' id='word_1_193' title='bbox 2558 1492 2654 1544; x_wconf 70' lang='grc' dir='ltr'><strong>καὶ</strong></span> <span class='ocrx_word' id='word_1_194' title='bbox 2680 1492 2753 1555; x_wconf 78' lang='grc' dir='ltr'>ὡς</span> <span class='ocrx_word' id='word_1_195' title='bbox 2785 1491 2947 1554; x_wconf 72' lang='grc' dir='ltr'>αὐτὸς</span> <span class='ocrx_word' id='word_1_196' title='bbox 2982 1493 3010 1543; x_wconf 91' lang='grc' dir='ltr'>ὁ</span> <span class='ocrx_word' id='word_1_197' title='bbox 3046 1490 3251 1561; x_wconf 82' lang='grc' dir='ltr'>Κύριος</span> <span class='ocrx_word' id='word_1_198' title='bbox 3275 1490 3435 1561; x_wconf 82' lang='grc' dir='ltr'>ἡμῶν</span> <span class='ocrx_word' id='word_1_199' title='bbox 3466 1492 3609 1559; x_wconf 81' lang='grc' dir='ltr'>ὁμο-</span> 
     </span>
    </p>
   </div>
   <div class='ocr_carea' id='block_1_31' title="bbox 2001 1579 3605 1653">
    <p class='ocr_par' dir='ltr' id='par_1_31' title="bbox 2001 1579 3605 1653">
     <span class='ocr_line' id='line_1_31' title="bbox 2001 1579 3605 1653; baseline -0.001 -18"><span class='ocrx_word' id='word_1_200' title='bbox 2001 1583 2151 1651; x_wconf 81' lang='grc' dir='ltr'><strong>λογεῖ</strong></span> <span class='ocrx_word' id='word_1_201' title='bbox 2181 1583 2243 1637; x_wconf 87' lang='grc' dir='ltr'><strong>τὸ</strong></span> <span class='ocrx_word' id='word_1_202' title='bbox 2292 1583 2504 1653; x_wconf 86' lang='grc' dir='ltr'>ποίημα</span> <span class='ocrx_word' id='word_1_203' title='bbox 2533 1582 2627 1635; x_wconf 74' lang='grc' dir='ltr'>τοῦ</span> <span class='ocrx_word' id='word_1_204' title='bbox 2664 1584 2870 1653; x_wconf 77' lang='grc' dir='ltr'>κόσμου</span> <span class='ocrx_word' id='word_1_205' title='bbox 2912 1579 3050 1637; x_wconf 78' lang='grc' dir='ltr'>εἶναι</span> <span class='ocrx_word' id='word_1_206' title='bbox 3084 1583 3215 1636; x_wconf 81' lang='grc' dir='ltr'>ίδιον</span> <span class='ocrx_word' id='word_1_207' title='bbox 3255 1582 3353 1635; x_wconf 71' lang='grc' dir='ltr'><strong>καὶ</strong></span> <span class='ocrx_word' id='word_1_208' title='bbox 3397 1580 3605 1645; x_wconf 74' lang='grc' dir='ltr'>αὐτοῦ,</span> 
     </span>
    </p>
   </div>
   <div class='ocr_carea' id='block_1_32' title="bbox 2003 1671 3607 1746">
    <p class='ocr_par' dir='ltr' id='par_1_32' title="bbox 2003 1671 3607 1746">
     <span class='ocr_line' id='line_1_32' title="bbox 2003 1671 3607 1746; baseline -0.001 -18"><span class='ocrx_word' id='word_1_209' title='bbox 2003 1675 2225 1731; x_wconf 76' lang='grc' dir='ltr'>καὶτοῦ</span> <span class='ocrx_word' id='word_1_210' title='bbox 2257 1676 2469 1746; x_wconf 83' lang='grc' dir='ltr'>Πατρὸς</span> <span class='ocrx_word' id='word_1_211' title='bbox 2522 1671 2661 1729; x_wconf 83' lang='grc' dir='ltr'>εἶναι</span> <span class='ocrx_word' id='word_1_212' title='bbox 2709 1675 2805 1746; x_wconf 84' lang='grc' dir='ltr'>τὴν</span> <span class='ocrx_word' id='word_1_213' title='bbox 2858 1675 3068 1728; x_wconf 87' lang='grc' dir='ltr'><strong>κτίσιν⁹</strong></span> <span class='ocrx_word' id='word_1_214' title='bbox 3120 1675 3196 1738; x_wconf 85' lang='grc' dir='ltr'>ὥς</span> <span class='ocrx_word' id='word_1_215' title='bbox 3240 1692 3303 1744; x_wconf 90' lang='grc' dir='ltr'><strong>γε</strong></span> <span class='ocrx_word' id='word_1_216' title='bbox 3354 1675 3607 1745; x_wconf 83' lang='grc' dir='ltr'>μάλιστα</span> 
     </span>
    </p>
   </div>
   <div class='ocr_carea' id='block_1_33' title="bbox 2008 1766 3606 1839">
    <p class='ocr_par' dir='ltr' id='par_1_33' title="bbox 2008 1766 3606 1839">
     <span class='ocr_line' id='line_1_33' title="bbox 2008 1766 3606 1839; baseline -0.001 -19"><span class='ocrx_word' id='word_1_217' title='bbox 2008 1768 2280 1821; x_wconf 83' lang='grc' dir='ltr'>συνελόντι</span> <span class='ocrx_word' id='word_1_218' title='bbox 2306 1768 2513 1839; x_wconf 84' lang='grc' dir='ltr'>φράσαι</span> <span class='ocrx_word' id='word_1_219' title='bbox 2555 1767 2983 1839; x_wconf 84' lang='grc' dir='ltr'>κορυφαιότατόν</span> <span class='ocrx_word' id='word_1_220' title='bbox 3029 1784 3082 1820; x_wconf 88' lang='grc' dir='ltr'><strong>τι</strong></span> <span class='ocrx_word' id='word_1_221' title='bbox 3133 1768 3283 1838; x_wconf 79' lang='grc' dir='ltr'><strong>ρἧα</strong></span> <span class='ocrx_word' id='word_1_222' title='bbox 3315 1767 3477 1839; x_wconf 74' lang='grc' dir='ltr'>παρὰ</span> <span class='ocrx_word' id='word_1_223' title='bbox 3521 1766 3606 1837; x_wconf 81' lang='grc' dir='ltr'>τῷ</span> 
     </span>
    </p>
   </div>
   <div class='ocr_carea' id='block_1_34' title="bbox 325 1850 1912 1932">
    <p class='ocr_par' dir='ltr' id='par_1_34' title="bbox 325 1850 1902 1925">
     <span class='ocr_line' id='line_1_34' title="bbox 325 1850 1902 1925; baseline -0.007 -12"><span class='ocrx_word' id='word_1_224' title='bbox 325 1860 469 1915; x_wconf 86' lang='lat' dir='ltr'><strong>Patri</strong></span> <span class='ocrx_word' id='word_1_225' title='bbox 508 1876 609 1916; x_wconf 91' lang='lat' dir='ltr'><strong>suo</strong></span> <span class='ocrx_word' id='word_1_226' title='bbox 654 1860 1025 1914; x_wconf 88' lang='lat' dir='ltr'><strong>tribuendum.</strong></span> <span class='ocrx_word' id='word_1_227' title='bbox 1069 1857 1224 1923; x_wconf 84' lang='lat' dir='ltr'><strong>Quod</strong></span> <span class='ocrx_word' id='word_1_228' title='bbox 1257 1855 1477 1925; x_wconf 88' lang='lat' dir='ltr'><strong>quidem</strong></span> <span class='ocrx_word' id='word_1_229' title='bbox 1506 1850 1902 1922; x_wconf 67' lang='lat' dir='ltr'><strong>praastantissi-</strong></span> 
     </span>
    </p>
   </div>
   <div class='ocr_carea' id='block_1_35' title="bbox 2028 1850 3604 1932">
    <p class='ocr_par' dir='ltr' id='par_1_35' title="bbox 2028 1855 3604 1932">
     <span class='ocr_line' id='line_1_35' title="bbox 2028 1855 3604 1932; baseline -0.001 -19"><span class='ocrx_word' id='word_1_230' title='bbox 2028 1861 2146 1931; x_wconf 85' lang='grc' dir='ltr'>ιγίῳ</span> <span class='ocrx_word' id='word_1_231' title='bbox 2179 1862 2398 1932; x_wconf 82' lang='grc' dir='ltr'>Ἰωάννῃ</span> <span class='ocrx_word' id='word_1_232' title='bbox 2430 1860 2740 1932; x_wconf 77' lang='grc' dir='ltr'><strong>εἰρημένον,</strong></span> <span class='ocrx_word' id='word_1_233' title='bbox 2771 1861 2831 1913; x_wconf 85' lang='grc' dir='ltr'>τὸ</span> <span class='ocrx_word' id='word_1_234' title='bbox 2852 1900 2868 1926; x_wconf 92' lang='grc'><strong>,</strong></span> <span class='ocrx_word' id='word_1_235' title='bbox 2905 1862 3006 1914; x_wconf 83' lang='grc' dir='ltr'><em>Ἐν</em></span> <span class='ocrx_word' id='word_1_236' title='bbox 3033 1858 3189 1929; x_wconf 75' lang='grc' dir='ltr'>ἀρχῇ</span> <span class='ocrx_word' id='word_1_237' title='bbox 3216 1855 3293 1929; x_wconf 75' lang='grc' dir='ltr'><strong>ἦν</strong></span> <span class='ocrx_word' id='word_1_238' title='bbox 3315 1862 3350 1912; x_wconf 88' lang='grc' dir='ltr'><strong>ό</strong></span> <span class='ocrx_word' id='word_1_239' title='bbox 3376 1860 3604 1928; x_wconf 75' lang='grc' dir='ltr'>Λόγος,</span> 
     </span>
    </p>
   </div>
   <div class='ocr_carea' id='block_1_36' title="bbox 321 1945 1903 2014">
    <p class='ocr_par' dir='ltr' id='par_1_36' title="bbox 321 1945 1903 2014">
     <span class='ocr_line' id='line_1_36' title="bbox 321 1945 1903 2014; baseline -0.004 -8"><span class='ocrx_word' id='word_1_240' title='bbox 321 1954 426 2009; x_wconf 90' lang='lat' dir='ltr'><strong>mis</strong></span> <span class='ocrx_word' id='word_1_241' title='bbox 476 1954 627 2009; x_wconf 91' lang='lat' dir='ltr'><strong>hisce</strong></span> <span class='ocrx_word' id='word_1_242' title='bbox 677 1953 862 2007; x_wconf 77' lang='lat' dir='ltr'><strong>verbis</strong></span> <span class='ocrx_word' id='word_1_243' title='bbox 914 1951 1231 2007; x_wconf 89' lang='lat' dir='ltr'><strong>summatim</strong></span> <span class='ocrx_word' id='word_1_244' title='bbox 1284 1948 1526 2003; x_wconf 82' lang='lat' dir='ltr'><strong>Joannes</strong></span> <span class='ocrx_word' id='word_1_245' title='bbox 1584 1945 1903 2014; x_wconf 79' lang='lat' dir='ltr'><strong>complexus</strong></span> 
     </span>
    </p>
   </div>
   <div class='ocr_carea' id='block_1_37' title="bbox 318 2034 1904 2114">
    <p class='ocr_par' dir='ltr' id='par_1_37' title="bbox 318 2034 1904 2114">
     <span class='ocr_line' id='line_1_37' title="bbox 318 2034 1904 2114; baseline -0.008 -15"><span class='ocrx_word' id='word_1_246' title='bbox 318 2054 403 2100; x_wconf 85' lang='lat' dir='ltr'><strong>est</strong></span> <span class='ocrx_word' id='word_1_247' title='bbox 424 2064 437 2100; x_wconf 92' lang='lat'>:</span> <span class='ocrx_word' id='word_1_248' title='bbox 461 2046 527 2098; x_wconf 90' lang='lat' dir='ltr'><strong>In</strong></span> <span class='ocrx_word' id='word_1_249' title='bbox 558 2046 816 2114; x_wconf 76' lang='lat' dir='ltr'><strong>principio</strong></span> <span class='ocrx_word' id='word_1_250' title='bbox 843 2054 956 2098; x_wconf 84' lang='lat' dir='ltr'><strong>erat</strong></span> <span class='ocrx_word' id='word_1_251' title='bbox 995 2043 1216 2097; x_wconf 86' lang='lat' dir='ltr'><strong>Verbum</strong></span> <span class='ocrx_word' id='word_1_252' title='bbox 1242 2082 1257 2107; x_wconf 95' lang='lat'><strong>,</strong></span> <span class='ocrx_word' id='word_1_253' title='bbox 1282 2049 1331 2095; x_wconf 80' lang='lat' dir='ltr'><strong>et</strong></span> <span class='ocrx_word' id='word_1_254' title='bbox 1366 2039 1591 2093; x_wconf 80' lang='lat' dir='ltr'><strong>Verbum</strong></span> <span class='ocrx_word' id='word_1_255' title='bbox 1624 2048 1735 2091; x_wconf 84' lang='lat' dir='ltr'><strong>erat</strong></span> <span class='ocrx_word' id='word_1_256' title='bbox 1765 2034 1904 2107; x_wconf 78' lang='lat' dir='ltr'><strong>apud</strong></span> 
     </span>
    </p>
   </div>
   <div class='ocr_carea' id='block_1_38' title="bbox 325 2129 1905 2202">
    <p class='ocr_par' dir='ltr' id='par_1_38' title="bbox 325 2129 1905 2202">
     <span class='ocr_line' id='line_1_38' title="bbox 325 2129 1905 2202; baseline -0.007 -11"><span class='ocrx_word' id='word_1_257' title='bbox 325 2139 509 2202; x_wconf 84' lang='lat' dir='ltr'><strong>Deum,</strong></span> <span class='ocrx_word' id='word_1_258' title='bbox 562 2148 610 2192; x_wconf 86' lang='lat' dir='ltr'><strong>et</strong></span> <span class='ocrx_word' id='word_1_259' title='bbox 666 2137 805 2191; x_wconf 79' lang='lat' dir='ltr'><strong>Deus</strong></span> <span class='ocrx_word' id='word_1_260' title='bbox 861 2146 975 2191; x_wconf 87' lang='lat' dir='ltr'><strong>erat</strong></span> <span class='ocrx_word' id='word_1_261' title='bbox 1040 2135 1289 2188; x_wconf 82' lang='lat' dir='ltr'><strong>Verbum.</strong></span> <span class='ocrx_word' id='word_1_262' title='bbox 1350 2132 1548 2188; x_wconf 80' lang='lat' dir='ltr'><strong>Omnia</strong></span> <span class='ocrx_word' id='word_1_263' title='bbox 1597 2146 1689 2199; x_wconf 85' lang='lat' dir='ltr'><strong>per</strong></span> <span class='ocrx_word' id='word_1_264' title='bbox 1730 2129 1905 2195; x_wconf 77' lang='lat' dir='ltr'><strong>ipsum</strong></span> 
     </span>
    </p>
   </div>
   <div class='ocr_carea' id='block_1_39' title="bbox 321 2219 1904 2299">
    <p class='ocr_par' dir='ltr' id='par_1_39' title="bbox 321 2219 1904 2299">
     <span class='ocr_line' id='line_1_39' title="bbox 321 2219 1904 2299; baseline -0.008 -15"><span class='ocrx_word' id='word_1_265' title='bbox 321 2231 467 2299; x_wconf 79' lang='lat' dir='ltr'><strong>facta</strong></span> <span class='ocrx_word' id='word_1_266' title='bbox 494 2239 639 2295; x_wconf 80' lang='lat' dir='ltr'><strong>sunt,</strong></span> <span class='ocrx_word' id='word_1_267' title='bbox 671 2238 721 2283; x_wconf 83' lang='lat' dir='ltr'><strong>et</strong></span> <span class='ocrx_word' id='word_1_268' title='bbox 746 2229 856 2283; x_wconf 81' lang='lat' dir='ltr'><strong>sine</strong></span> <span class='ocrx_word' id='word_1_269' title='bbox 882 2229 994 2298; x_wconf 77' lang='lat' dir='ltr'><strong>ipso</strong></span> <span class='ocrx_word' id='word_1_270' title='bbox 1028 2226 1229 2297; x_wconf 78' lang='lat' dir='ltr'><strong>factum</strong></span> <span class='ocrx_word' id='word_1_271' title='bbox 1254 2232 1329 2279; x_wconf 78' lang='lat' dir='ltr'><strong>est</strong></span> <span class='ocrx_word' id='word_1_272' title='bbox 1354 2222 1507 2291; x_wconf 82' lang='lat' dir='ltr'><strong>nihil,</strong></span> <span class='ocrx_word' id='word_1_273' title='bbox 1538 2219 1677 2294; x_wconf 85' lang='lat' dir='ltr'><strong>quod</strong></span> <span class='ocrx_word' id='word_1_274' title='bbox 1706 2220 1904 2291; x_wconf 79' lang='lat' dir='ltr'><strong>factum</strong></span> 
     </span>
    </p>
   </div>
   <div class='ocr_carea' id='block_1_40' title="bbox 318 2325 603 2388">
    <p class='ocr_par' dir='ltr' id='par_1_40' title="bbox 318 2325 603 2388">
     <span class='ocr_line' id='line_1_40' title="bbox 318 2325 603 2388; baseline 0 -11"><span class='ocrx_word' id='word_1_275' title='bbox 318 2334 396 2377; x_wconf 83' lang='lat' dir='ltr'><strong>est</strong></span> <span class='ocrx_word' id='word_1_276' title='bbox 422 2325 462 2388; x_wconf 87' lang='grc'><strong>¹,</strong></span> <span class='ocrx_word' id='word_1_277' title='bbox 495 2331 603 2378; x_wconf 88' lang='lat' dir='ltr'><strong>etc.</strong></span> 
     </span>
    </p>
   </div>
   <div class='ocr_carea' id='block_1_41' title="bbox 396 2404 1908 2485">
    <p class='ocr_par' dir='ltr' id='par_1_41' title="bbox 396 2404 1908 2485">
     <span class='ocr_line' id='line_1_41' title="bbox 396 2404 1908 2485; baseline -0.006 -18"><span class='ocrx_word' id='word_1_278' title='bbox 396 2414 462 2469; x_wconf 92' lang='lat' dir='ltr'><strong>ll.</strong></span> <span class='ocrx_word' id='word_1_279' title='bbox 504 2413 669 2485; x_wconf 84' lang='lat' dir='ltr'><strong>Atqui</strong></span> <span class='ocrx_word' id='word_1_280' title='bbox 712 2413 898 2469; x_wconf 86' lang='lat' dir='ltr'><strong>statim</strong></span> <span class='ocrx_word' id='word_1_281' title='bbox 934 2412 1025 2467; x_wconf 92' lang='lat' dir='ltr'><strong>ille</strong></span> <span class='ocrx_word' id='word_1_282' title='bbox 1050 2411 1309 2467; x_wconf 89' lang='lat' dir='ltr'><strong>facillime</strong></span> <span class='ocrx_word' id='word_1_283' title='bbox 1333 2407 1729 2465; x_wconf 87' lang='lat' dir='ltr'><strong>confutabitur.</strong></span> <span class='ocrx_word' id='word_1_284' title='bbox 1772 2404 1908 2460; x_wconf 84' lang='lat' dir='ltr'><strong>Nam</strong></span> 
     </span>
    </p>
   </div>
   <div class='ocr_carea' id='block_1_42' title="bbox 321 2495 1900 2575">
    <p class='ocr_par' dir='ltr' id='par_1_42' title="bbox 321 2495 1900 2575">
     <span class='ocr_line' id='line_1_42' title="bbox 321 2495 1900 2575; baseline -0.007 -15"><span class='ocrx_word' id='word_1_285' title='bbox 321 2505 369 2560; x_wconf 90' lang='lat' dir='ltr'><strong>si</strong></span> <span class='ocrx_word' id='word_1_286' title='bbox 405 2504 734 2575; x_wconf 89' lang='lat' dir='ltr'><strong>respondere</strong></span> <span class='ocrx_word' id='word_1_287' title='bbox 783 2503 857 2557; x_wconf 89' lang='lat' dir='ltr'><strong>ita</strong></span> <span class='ocrx_word' id='word_1_288' title='bbox 912 2502 1060 2566; x_wconf 84' lang='lat' dir='ltr'><strong>velit,</strong></span> <span class='ocrx_word' id='word_1_289' title='bbox 1110 2516 1170 2556; x_wconf 91' lang='lat' dir='ltr'><strong>se</strong></span> <span class='ocrx_word' id='word_1_290' title='bbox 1216 2509 1275 2555; x_wconf 89' lang='lat' dir='ltr'><strong>ut</strong></span> <span class='ocrx_word' id='word_1_291' title='bbox 1319 2501 1385 2555; x_wconf 88' lang='lat' dir='ltr'><strong>iis</strong></span> <span class='ocrx_word' id='word_1_292' title='bbox 1425 2514 1546 2570; x_wconf 82' lang='lat' dir='ltr'><strong>quae</strong></span> <span class='ocrx_word' id='word_1_293' title='bbox 1584 2495 1900 2553; x_wconf 88' lang='lat' dir='ltr'><strong>Conditoris</strong></span> 
     </span>
    </p>
   </div>
   <div class='ocr_carea' id='block_1_43' title="bbox 322 2592 1909 2669">
    <p class='ocr_par' dir='ltr' id='par_1_43' title="bbox 322 2592 1909 2669">
     <span class='ocr_line' id='line_1_43' title="bbox 322 2592 1909 2669; baseline -0.006 -17"><span class='ocrx_word' id='word_1_294' title='bbox 322 2598 410 2654; x_wconf 90' lang='lat' dir='ltr'><strong>hic</strong></span> <span class='ocrx_word' id='word_1_295' title='bbox 433 2614 557 2654; x_wconf 89' lang='lat' dir='ltr'><strong>esse</strong></span> <span class='ocrx_word' id='word_1_296' title='bbox 587 2598 807 2669; x_wconf 89' lang='lat' dir='ltr'><strong>propria</strong></span> <span class='ocrx_word' id='word_1_297' title='bbox 844 2597 1125 2662; x_wconf 89' lang='lat' dir='ltr'><strong>dicuntur,</strong></span> <span class='ocrx_word' id='word_1_298' title='bbox 1156 2596 1452 2651; x_wconf 87' lang='lat' dir='ltr'><strong>obsisteret</strong></span> <span class='ocrx_word' id='word_1_299' title='bbox 1484 2607 1547 2647; x_wconf 90' lang='lat' dir='ltr'><strong>ac</strong></span> <span class='ocrx_word' id='word_1_300' title='bbox 1577 2592 1909 2653; x_wconf 81' lang='lat' dir='ltr'><strong>destrueret,</strong></span> 
     </span>
    </p>
   </div>
   <div class='ocr_carea' id='block_1_44' title="bbox 329 2681 1909 2761">
    <p class='ocr_par' dir='ltr' id='par_1_44' title="bbox 329 2681 1909 2761">
     <span class='ocr_line' id='line_1_44' title="bbox 329 2681 1909 2761; baseline -0.007 -16"><span class='ocrx_word' id='word_1_301' title='bbox 329 2691 648 2761; x_wconf 86' lang='lat' dir='ltr'><strong>nuptiarum</strong></span> <span class='ocrx_word' id='word_1_302' title='bbox 698 2690 961 2745; x_wconf 90' lang='lat' dir='ltr'><strong>damnare</strong></span> <span class='ocrx_word' id='word_1_303' title='bbox 1002 2689 1252 2759; x_wconf 89' lang='lat' dir='ltr'><strong>copulas,</strong></span> <span class='ocrx_word' id='word_1_304' title='bbox 1301 2703 1369 2741; x_wconf 92' lang='lat' dir='ltr'><strong>ne</strong></span> <span class='ocrx_word' id='word_1_305' title='bbox 1409 2681 1909 2740; x_wconf 82' lang='lat' dir='ltr'><strong>Conditorisulfra-</strong></span> 
     </span>
    </p>
   </div>
   <div class='ocr_carea' id='block_1_45' title="bbox 322 2774 1909 2854">
    <p class='ocr_par' dir='ltr' id='par_1_45' title="bbox 322 2774 1909 2854">
     <span class='ocr_line' id='line_1_45' title="bbox 322 2774 1909 2854; baseline -0.007 -17"><span class='ocrx_word' id='word_1_306' title='bbox 322 2784 437 2853; x_wconf 75' lang='lat' dir='ltr'><strong>gari</strong></span> <span class='ocrx_word' id='word_1_307' title='bbox 476 2783 749 2848; x_wconf 90' lang='lat' dir='ltr'><strong>videatur,</strong></span> <span class='ocrx_word' id='word_1_308' title='bbox 781 2792 943 2854; x_wconf 88' lang='lat' dir='ltr'><strong>atque</strong></span> <span class='ocrx_word' id='word_1_309' title='bbox 983 2789 1045 2835; x_wconf 92' lang='lat' dir='ltr'><strong>ut</strong></span> <span class='ocrx_word' id='word_1_310' title='bbox 1077 2781 1146 2836; x_wconf 91' lang='lat' dir='ltr'><strong>ab</strong></span> <span class='ocrx_word' id='word_1_311' title='bbox 1176 2780 1299 2851; x_wconf 90' lang='lat' dir='ltr'><strong>ejus</strong></span> <span class='ocrx_word' id='word_1_312' title='bbox 1327 2793 1494 2849; x_wconf 78' lang='lat' dir='ltr'><strong>Opere</strong></span> <span class='ocrx_word' id='word_1_313' title='bbox 1526 2791 1648 2831; x_wconf 87' lang='lat' dir='ltr'><strong>sese</strong></span> <span class='ocrx_word' id='word_1_314' title='bbox 1678 2774 1909 2829; x_wconf 90' lang='lat' dir='ltr'><strong>omnino</strong></span> 
     </span>
    </p>
   </div>
   <div class='ocr_carea' id='block_1_46' title="bbox 326 2866 1911 2945">
    <p class='ocr_par' dir='ltr' id='par_1_46' title="bbox 326 2866 1911 2945">
     <span class='ocr_line' id='line_1_46' title="bbox 326 2866 1911 2945; baseline -0.006 -17"><span class='ocrx_word' id='word_1_315' title='bbox 326 2880 546 2945; x_wconf 65' lang='lat' dir='ltr'><strong>praestet</strong></span> <span class='ocrx_word' id='word_1_316' title='bbox 604 2874 865 2941; x_wconf 86' lang='lat' dir='ltr'><strong>alienum,</strong></span> <span class='ocrx_word' id='word_1_317' title='bbox 915 2888 1098 2928; x_wconf 88' lang='lat' dir='ltr'><strong>nonne</strong></span> <span class='ocrx_word' id='word_1_318' title='bbox 1150 2887 1179 2925; x_wconf 91' lang='lat' dir='ltr'><strong>a</strong></span> <span class='ocrx_word' id='word_1_319' title='bbox 1239 2871 1450 2925; x_wconf 86' lang='lat' dir='ltr'><strong>ratione</strong></span> <span class='ocrx_word' id='word_1_320' title='bbox 1510 2882 1738 2938; x_wconf 88' lang='lat' dir='ltr'><strong>prorsus</strong></span> <span class='ocrx_word' id='word_1_321' title='bbox 1795 2866 1911 2919; x_wconf 64' lang='lat' dir='ltr'><strong>haec</strong></span> 
     </span>
    </p>
   </div>
   <div class='ocr_carea' id='block_1_47' title="bbox 312 2961 1913 3037">
    <p class='ocr_par' dir='ltr' id='par_1_47' title="bbox 312 2961 1913 3037">
     <span class='ocr_line' id='line_1_47' title="bbox 312 2961 1913 3037; baseline -0.004 -16"><span class='ocrx_word' id='word_1_322' title='bbox 312 2968 584 3023; x_wconf 82' lang='lat' dir='ltr'><strong>abhorret</strong></span> <span class='ocrx_word' id='word_1_323' title='bbox 620 2967 846 3037; x_wconf 83' lang='lat' dir='ltr'><strong>opinio,</strong></span> <span class='ocrx_word' id='word_1_324' title='bbox 891 2966 1122 3037; x_wconf 87' lang='lat' dir='ltr'><strong>ejusque</strong></span> <span class='ocrx_word' id='word_1_325' title='bbox 1166 2961 1501 3033; x_wconf 88' lang='lat' dir='ltr'><strong>deprehendi</strong></span> <span class='ocrx_word' id='word_1_326' title='bbox 1548 2962 1793 3023; x_wconf 82' lang='lat' dir='ltr'><strong>falsitas,</strong></span> <span class='ocrx_word' id='word_1_327' title='bbox 1848 2975 1913 3015; x_wconf 91' lang='lat' dir='ltr'><strong>ac</strong></span> 
     </span>
    </p>
   </div>
   <div class='ocr_carea' id='block_1_48' title="bbox 327 3050 1913 3132">
    <p class='ocr_par' dir='ltr' id='par_1_48' title="bbox 327 3050 1913 3132">
     <span class='ocr_line' id='line_1_48' title="bbox 327 3050 1913 3132; baseline -0.006 -17"><span class='ocrx_word' id='word_1_328' title='bbox 327 3061 582 3132; x_wconf 73' lang='lat' dir='ltr'><strong>redargui</strong></span> <span class='ocrx_word' id='word_1_329' title='bbox 634 3059 795 3115; x_wconf 87' lang='lat' dir='ltr'><strong>facile</strong></span> <span class='ocrx_word' id='word_1_330' title='bbox 829 3058 1042 3130; x_wconf 86' lang='lat' dir='ltr'><strong>potest?</strong></span> <span class='ocrx_word' id='word_1_331' title='bbox 1086 3056 1226 3112; x_wconf 86' lang='lat' dir='ltr'><strong>Ecce</strong></span> <span class='ocrx_word' id='word_1_332' title='bbox 1277 3056 1375 3110; x_wconf 93' lang='lat' dir='ltr'><strong>tibi</strong></span> <span class='ocrx_word' id='word_1_333' title='bbox 1418 3054 1655 3110; x_wconf 90' lang='lat' dir='ltr'><strong>conditis</strong></span> <span class='ocrx_word' id='word_1_334' title='bbox 1682 3067 1712 3105; x_wconf 90' lang='lat' dir='ltr'><strong>a</strong></span> <span class='ocrx_word' id='word_1_335' title='bbox 1744 3050 1913 3107; x_wconf 86' lang='lat' dir='ltr'><strong>Crea-</strong></span> 
     </span>
    </p>
   </div>
   <div class='ocr_carea' id='block_1_49' title="bbox 329 3146 1909 3221">
    <p class='ocr_par' dir='ltr' id='par_1_49' title="bbox 329 3146 1909 3221">
     <span class='ocr_line' id='line_1_49' title="bbox 329 3146 1909 3221; baseline -0.004 -13"><span class='ocrx_word' id='word_1_336' title='bbox 329 3166 449 3211; x_wconf 89' lang='lat' dir='ltr'><strong>tore</strong></span> <span class='ocrx_word' id='word_1_337' title='bbox 482 3155 671 3221; x_wconf 88' lang='lat' dir='ltr'><strong>rebus,</strong></span> <span class='ocrx_word' id='word_1_338' title='bbox 703 3154 872 3208; x_wconf 86' lang='lat' dir='ltr'><strong>veluti</strong></span> <span class='ocrx_word' id='word_1_339' title='bbox 900 3152 1062 3214; x_wconf 87' lang='lat' dir='ltr'><strong>cibis,</strong></span> <span class='ocrx_word' id='word_1_340' title='bbox 1094 3165 1159 3205; x_wconf 90' lang='lat' dir='ltr'><strong>ac</strong></span> <span class='ocrx_word' id='word_1_341' title='bbox 1190 3150 1461 3215; x_wconf 82' lang='lat' dir='ltr'><strong>vestibus,</strong></span> <span class='ocrx_word' id='word_1_342' title='bbox 1505 3159 1560 3203; x_wconf 88' lang='lat' dir='ltr'><strong>et</strong></span> <span class='ocrx_word' id='word_1_343' title='bbox 1596 3146 1909 3217; x_wconf 78' lang='lat' dir='ltr'><strong>unguentis,</strong></span> 
     </span>
    </p>
   </div>
   <div class='ocr_carea' id='block_1_50' title="bbox 328 3239 1911 3314">
    <p class='ocr_par' dir='ltr' id='par_1_50' title="bbox 328 3239 1911 3314">
     <span class='ocr_line' id='line_1_50' title="bbox 328 3239 1911 3314; baseline -0.002 -18"><span class='ocrx_word' id='word_1_344' title='bbox 328 3261 392 3298; x_wconf 81' lang='lat' dir='ltr'><strong>ac</strong></span> <span class='ocrx_word' id='word_1_345' title='bbox 420 3253 573 3314; x_wconf 89' lang='lat' dir='ltr'><strong>potu,</strong></span> <span class='ocrx_word' id='word_1_346' title='bbox 599 3252 654 3300; x_wconf 87' lang='lat' dir='ltr'><strong>et</strong></span> <span class='ocrx_word' id='word_1_347' title='bbox 692 3243 895 3299; x_wconf 88' lang='lat' dir='ltr'><strong>eduliis</strong></span> <span class='ocrx_word' id='word_1_348' title='bbox 944 3242 1291 3297; x_wconf 89' lang='lat' dir='ltr'><strong>miserrimus</strong></span> <span class='ocrx_word' id='word_1_349' title='bbox 1337 3242 1440 3297; x_wconf 90' lang='lat' dir='ltr'><strong>iste</strong></span> <span class='ocrx_word' id='word_1_350' title='bbox 1476 3239 1777 3296; x_wconf 88' lang='lat' dir='ltr'><strong>circulator</strong></span> <span class='ocrx_word' id='word_1_351' title='bbox 1803 3241 1911 3293; x_wconf 92' lang='lat' dir='ltr'><strong>uti-</strong></span> 
     </span>
    </p>
   </div>
   <div class='ocr_carea' id='block_1_51' title="bbox 328 3335 1916 3409">
    <p class='ocr_par' dir='ltr' id='par_1_51' title="bbox 328 3335 1916 3409">
     <span class='ocr_line' id='line_1_51' title="bbox 328 3335 1916 3409; baseline -0.001 -18"><span class='ocrx_word' id='word_1_352' title='bbox 328 3347 454 3406; x_wconf 87' lang='lat' dir='ltr'><strong>tur;</strong></span> <span class='ocrx_word' id='word_1_353' title='bbox 492 3353 593 3395; x_wconf 90' lang='lat' dir='ltr'><strong>nec</strong></span> <span class='ocrx_word' id='word_1_354' title='bbox 639 3338 877 3409; x_wconf 78' lang='lat' dir='ltr'><strong>eﬁugere</strong></span> <span class='ocrx_word' id='word_1_355' title='bbox 924 3337 1085 3391; x_wconf 88' lang='lat' dir='ltr'><strong>aliter</strong></span> <span class='ocrx_word' id='word_1_356' title='bbox 1125 3344 1326 3406; x_wconf 88' lang='lat' dir='ltr'><strong>potest,</strong></span> <span class='ocrx_word' id='word_1_357' title='bbox 1375 3335 1507 3405; x_wconf 89' lang='lat' dir='ltr'><strong>quin</strong></span> <span class='ocrx_word' id='word_1_358' title='bbox 1543 3340 1698 3397; x_wconf 85' lang='lat' dir='ltr'><strong>scits</strong></span> <span class='ocrx_word' id='word_1_359' title='bbox 1731 3337 1808 3393; x_wconf 91' lang='lat' dir='ltr'><strong>uti</strong></span> <span class='ocrx_word' id='word_1_360' title='bbox 1836 3336 1916 3390; x_wconf 88' lang='lat' dir='ltr'><strong>fa-</strong></span> 
     </span>
    </p>
   </div>
   <div class='ocr_carea' id='block_1_52' title="bbox 330 3426 1917 3484">
    <p class='ocr_par' dir='ltr' id='par_1_52' title="bbox 330 3426 1917 3484">
     <span class='ocr_line' id='line_1_52' title="bbox 330 3426 1917 3484; baseline -0.001 -3"><span class='ocrx_word' id='word_1_361' title='bbox 330 3436 532 3484; x_wconf 89' lang='lat' dir='ltr'><strong>teatur.</strong></span> <span class='ocrx_word' id='word_1_362' title='bbox 564 3427 708 3483; x_wconf 87' lang='lat' dir='ltr'><strong>Deus</strong></span> <span class='ocrx_word' id='word_1_363' title='bbox 731 3427 877 3482; x_wconf 90' lang='lat' dir='ltr'><strong>enim</strong></span> <span class='ocrx_word' id='word_1_364' title='bbox 909 3437 994 3482; x_wconf 91' lang='lat' dir='ltr'><strong>est</strong></span> <span class='ocrx_word' id='word_1_365' title='bbox 1020 3426 1286 3481; x_wconf 90' lang='lat' dir='ltr'><strong>Dominus</strong></span> <span class='ocrx_word' id='word_1_366' title='bbox 1321 3427 1567 3481; x_wconf 92' lang='lat' dir='ltr'><strong>omnium</strong></span> <span class='ocrx_word' id='word_1_367' title='bbox 1618 3444 1681 3484; x_wconf 92' lang='lat' dir='ltr'><strong>ac</strong></span> <span class='ocrx_word' id='word_1_368' title='bbox 1726 3427 1917 3484; x_wconf 89' lang='lat' dir='ltr'><strong>condi-</strong></span> 
     </span>
    </p>
   </div>
   <div class='ocr_carea' id='block_1_53' title="bbox 330 3516 1918 3589">
    <p class='ocr_par' dir='ltr' id='par_1_53' title="bbox 330 3516 1918 3589">
     <span class='ocr_line' id='line_1_53' title="bbox 330 3516 1918 3589; baseline -0.001 -18"><span class='ocrx_word' id='word_1_369' title='bbox 330 3529 417 3574; x_wconf 87' lang='lat' dir='ltr'><strong>tor</strong></span> <span class='ocrx_word' id='word_1_370' title='bbox 446 3520 540 3589; x_wconf 87' lang='lat' dir='ltr'><strong>qui</strong></span> <span class='ocrx_word' id='word_1_371' title='bbox 573 3532 761 3574; x_wconf 87' lang='lat' dir='ltr'><strong>curam</strong></span> <span class='ocrx_word' id='word_1_372' title='bbox 796 3519 1040 3573; x_wconf 86' lang='lat' dir='ltr'><strong>omnium</strong></span> <span class='ocrx_word' id='word_1_373' title='bbox 1073 3516 1213 3588; x_wconf 84' lang='lat' dir='ltr'><strong>gerit</strong></span> <span class='ocrx_word' id='word_1_374' title='bbox 1254 3530 1318 3570; x_wconf 89' lang='lat' dir='ltr'><strong>ac</strong></span> <span class='ocrx_word' id='word_1_375' title='bbox 1355 3517 1517 3572; x_wconf 72' lang='lat' dir='ltr'><strong>solem</strong></span> <span class='ocrx_word' id='word_1_376' title='bbox 1564 3535 1720 3573; x_wconf 78' lang='lat' dir='ltr'><strong>suum</strong></span> <span class='ocrx_word' id='word_1_377' title='bbox 1761 3532 1918 3587; x_wconf 77' lang='lat' dir='ltr'><strong>super</strong></span> 
     </span>
    </p>
   </div>
   <div class='ocr_carea' id='block_1_54' title="bbox 333 3608 1919 3680">
    <p class='ocr_par' dir='ltr' id='par_1_54' title="bbox 333 3608 1919 3680">
     <span class='ocr_line' id='line_1_54' title="bbox 333 3608 1919 3680; baseline -0.001 -16"><span class='ocrx_word' id='word_1_378' title='bbox 333 3612 495 3665; x_wconf 77' lang='lat' dir='ltr'><strong>bonos</strong></span> <span class='ocrx_word' id='word_1_379' title='bbox 526 3620 576 3665; x_wconf 83' lang='lat' dir='ltr'><strong>et</strong></span> <span class='ocrx_word' id='word_1_380' title='bbox 600 3611 773 3665; x_wconf 79' lang='lat' dir='ltr'><strong>malos</strong></span> <span class='ocrx_word' id='word_1_381' title='bbox 808 3611 941 3666; x_wconf 80' lang='lat' dir='ltr'><strong>oriri</strong></span> <span class='ocrx_word' id='word_1_382' title='bbox 976 3610 1176 3679; x_wconf 79' lang='lat' dir='ltr'><strong>facit’.</strong></span> <span class='ocrx_word' id='word_1_383' title='bbox 1228 3608 1368 3664; x_wconf 89' lang='lat' dir='ltr'><strong>Tum</strong></span> <span class='ocrx_word' id='word_1_384' title='bbox 1406 3612 1613 3665; x_wconf 84' lang='lat' dir='ltr'><strong>veroin</strong></span> <span class='ocrx_word' id='word_1_385' title='bbox 1649 3626 1745 3667; x_wconf 90' lang='lat' dir='ltr'><strong>eos</strong></span> <span class='ocrx_word' id='word_1_386' title='bbox 1780 3611 1919 3680; x_wconf 86' lang='lat' dir='ltr'><strong>pari-</strong></span> 
     </span>
    </p>
   </div>
   <div class='ocr_carea' id='block_1_55' title="bbox 334 3700 1921 3774">
    <p class='ocr_par' dir='ltr' id='par_1_55' title="bbox 334 3700 1921 3774">
     <span class='ocr_line' id='line_1_55' title="bbox 334 3700 1921 3774; baseline -0.002 -16"><span class='ocrx_word' id='word_1_387' title='bbox 334 3711 445 3767; x_wconf 86' lang='lat' dir='ltr'><strong>ter,</strong></span> <span class='ocrx_word' id='word_1_388' title='bbox 479 3702 575 3773; x_wconf 90' lang='lat' dir='ltr'><strong>qui</strong></span> <span class='ocrx_word' id='word_1_389' title='bbox 626 3718 686 3757; x_wconf 92' lang='lat' dir='ltr'><strong>se</strong></span> <span class='ocrx_word' id='word_1_390' title='bbox 724 3702 1074 3758; x_wconf 84' lang='lat' dir='ltr'><strong>contumeliis</strong></span> <span class='ocrx_word' id='word_1_391' title='bbox 1104 3700 1368 3770; x_wconf 87' lang='lat' dir='ltr'><strong>alliciunt,</strong></span> <span class='ocrx_word' id='word_1_392' title='bbox 1398 3710 1453 3759; x_wconf 86' lang='lat' dir='ltr'><strong>et</strong></span> <span class='ocrx_word' id='word_1_393' title='bbox 1476 3703 1570 3774; x_wconf 87' lang='lat' dir='ltr'><strong>qui</strong></span> <span class='ocrx_word' id='word_1_394' title='bbox 1594 3702 1773 3772; x_wconf 91' lang='lat' dir='ltr'><strong>ipsum</strong></span> <span class='ocrx_word' id='word_1_395' title='bbox 1810 3703 1921 3755; x_wconf 88' lang='lat' dir='ltr'><strong>lau-</strong></span> 
     </span>
    </p>
   </div>
   <div class='ocr_carea' id='block_1_56' title="bbox 333 3794 1921 3866">
    <p class='ocr_par' dir='ltr' id='par_1_56' title="bbox 333 3794 1921 3866">
     <span class='ocr_line' id='line_1_56' title="bbox 333 3794 1921 3866; baseline -0.001 -16"><span class='ocrx_word' id='word_1_396' title='bbox 333 3795 468 3850; x_wconf 91' lang='lat' dir='ltr'><strong>dant</strong></span> <span class='ocrx_word' id='word_1_397' title='bbox 515 3808 581 3850; x_wconf 84' lang='lat' dir='ltr'><strong>ac</strong></span> <span class='ocrx_word' id='word_1_398' title='bbox 624 3794 948 3866; x_wconf 72' lang='lat' dir='ltr'><strong>prazdicant,</strong></span> <span class='ocrx_word' id='word_1_399' title='bbox 996 3795 1235 3865; x_wconf 88' lang='lat' dir='ltr'><strong>pluviam</strong></span> <span class='ocrx_word' id='word_1_400' title='bbox 1293 3795 1553 3862; x_wconf 88' lang='lat' dir='ltr'><strong>demittit,</strong></span> <span class='ocrx_word' id='word_1_401' title='bbox 1608 3806 1787 3865; x_wconf 19' lang='lat' dir='ltr'><strong>atque,</strong></span> <span class='ocrx_word' id='word_1_402' title='bbox 1823 3795 1921 3848; x_wconf 87' lang='lat' dir='ltr'><strong>alit</strong></span> 
     </span>
    </p>
   </div>
   <div class='ocr_carea' id='block_1_57' title="bbox 336 3885 1921 3958">
    <p class='ocr_par' dir='ltr' id='par_1_57' title="bbox 336 3885 1921 3958">
     <span class='ocr_line' id='line_1_57' title="bbox 336 3885 1921 3958; baseline 0.001 -17"><span class='ocrx_word' id='word_1_403' title='bbox 336 3885 649 3943; x_wconf 89' lang='lat' dir='ltr'><strong>universos.</strong></span> <span class='ocrx_word' id='word_1_404' title='bbox 688 3886 849 3953; x_wconf 85' lang='lat' dir='ltr'><strong>Quod</strong></span> <span class='ocrx_word' id='word_1_405' title='bbox 902 3901 1012 3941; x_wconf 91' lang='lat' dir='ltr'><strong>non</strong></span> <span class='ocrx_word' id='word_1_406' title='bbox 1062 3887 1354 3942; x_wconf 89' lang='lat' dir='ltr'><strong>temeraria</strong></span> <span class='ocrx_word' id='word_1_407' title='bbox 1411 3888 1616 3957; x_wconf 87' lang='lat' dir='ltr'><strong>aliqua,</strong></span> <span class='ocrx_word' id='word_1_408' title='bbox 1672 3889 1921 3958; x_wconf 89' lang='lat' dir='ltr'><strong>citraque</strong></span> 
     </span>
    </p>
   </div>
   <div class='ocr_carea' id='block_1_58' title="bbox 336 3978 1919 4052">
    <p class='ocr_par' dir='ltr' id='par_1_58' title="bbox 336 3978 1919 4052">
     <span class='ocr_line' id='line_1_58' title="bbox 336 3978 1919 4052; baseline 0.001 -19"><span class='ocrx_word' id='word_1_409' title='bbox 336 3978 603 4034; x_wconf 85' lang='lat' dir='ltr'><strong>rationem</strong></span> <span class='ocrx_word' id='word_1_410' title='bbox 650 3993 715 4034; x_wconf 91' lang='lat' dir='ltr'><strong>ac</strong></span> <span class='ocrx_word' id='word_1_411' title='bbox 761 3994 984 4035; x_wconf 89' lang='lat' dir='ltr'><strong>sensum</strong></span> <span class='ocrx_word' id='word_1_412' title='bbox 1015 3978 1241 4034; x_wconf 83' lang='lat' dir='ltr'><strong>deﬁnita</strong></span> <span class='ocrx_word' id='word_1_413' title='bbox 1274 3980 1389 4052; x_wconf 83' lang='lat' dir='ltr'><strong>lege</strong></span> <span class='ocrx_word' id='word_1_414' title='bbox 1418 3982 1777 4037; x_wconf 88' lang='lat' dir='ltr'><strong>constitutum</strong></span> <span class='ocrx_word' id='word_1_415' title='bbox 1812 3990 1919 4046; x_wconf 90' lang='lat' dir='ltr'><strong>est,</strong></span> 
     </span>
    </p>
   </div>
   <div class='ocr_carea' id='block_1_59' title="bbox 336 4066 1924 4144">
    <p class='ocr_par' dir='ltr' id='par_1_59' title="bbox 336 4066 1924 4144">
     <span class='ocr_line' id='line_1_59' title="bbox 336 4066 1924 4144; baseline 0.001 -17"><span class='ocrx_word' id='word_1_416' title='bbox 336 4070 434 4127; x_wconf 77' lang='lat' dir='ltr'><strong>sed</strong></span> <span class='ocrx_word' id='word_1_417' title='bbox 476 4070 599 4125; x_wconf 90' lang='lat' dir='ltr'><strong>ideo</strong></span> <span class='ocrx_word' id='word_1_418' title='bbox 636 4066 919 4138; x_wconf 87' lang='lat' dir='ltr'><strong>nimirum,</strong></span> <span class='ocrx_word' id='word_1_419' title='bbox 958 4070 1102 4141; x_wconf 88' lang='lat' dir='ltr'><strong>quod</strong></span> <span class='ocrx_word' id='word_1_420' title='bbox 1144 4087 1430 4143; x_wconf 66' lang='lat' dir='ltr'><strong>pinnarum</strong></span> <span class='ocrx_word' id='word_1_421' title='bbox 1464 4073 1532 4127; x_wconf 93' lang='lat' dir='ltr'><strong>ab</strong></span> <span class='ocrx_word' id='word_1_422' title='bbox 1569 4073 1662 4128; x_wconf 91' lang='lat' dir='ltr'><strong>illo</strong></span> <span class='ocrx_word' id='word_1_423' title='bbox 1706 4082 1924 4144; x_wconf 89' lang='lat' dir='ltr'><strong>tempus</strong></span> 
     </span>
    </p>
   </div>
   <div class='ocr_carea' id='block_1_60' title="bbox 337 4162 1925 4237">
    <p class='ocr_par' dir='ltr' id='par_1_60' title="bbox 337 4162 1925 4237">
     <span class='ocr_line' id='line_1_60' title="bbox 337 4162 1925 4237; baseline 0.003 -19"><span class='ocrx_word' id='word_1_424' title='bbox 337 4166 393 4219; x_wconf 91' lang='lat' dir='ltr'><strong>in</strong></span> <span class='ocrx_word' id='word_1_425' title='bbox 426 4162 670 4220; x_wconf 88' lang='lat' dir='ltr'><strong>futurum</strong></span> <span class='ocrx_word' id='word_1_426' title='bbox 695 4163 970 4234; x_wconf 87' lang='lat' dir='ltr'><strong>judicium</strong></span> <span class='ocrx_word' id='word_1_427' title='bbox 1003 4174 1340 4221; x_wconf 83' lang='lat' dir='ltr'><strong>reservatum</strong></span> <span class='ocrx_word' id='word_1_428' title='bbox 1387 4174 1493 4232; x_wconf 82' lang='lat' dir='ltr'><strong>est,</strong></span> <span class='ocrx_word' id='word_1_429' title='bbox 1534 4167 1806 4237; x_wconf 87' lang='lat' dir='ltr'><strong>patienter</strong></span> <span class='ocrx_word' id='word_1_430' title='bbox 1837 4184 1925 4223; x_wconf 82' lang='lat' dir='ltr'><strong>ex-</strong></span> 
     </span>
    </p>
   </div>
   <div class='ocr_carea' id='block_1_61' title="bbox 337 4257 1923 4331">
    <p class='ocr_par' dir='ltr' id='par_1_61' title="bbox 337 4257 1923 4331">
     <span class='ocr_line' id='line_1_61' title="bbox 337 4257 1923 4331; baseline 0.002 -18"><span class='ocrx_word' id='word_1_431' title='bbox 337 4266 573 4328; x_wconf 84' lang='lat' dir='ltr'><strong>spectat,</strong></span> <span class='ocrx_word' id='word_1_432' title='bbox 628 4272 693 4312; x_wconf 92' lang='lat' dir='ltr'><strong>ac</strong></span> <span class='ocrx_word' id='word_1_433' title='bbox 741 4257 970 4327; x_wconf 88' lang='lat' dir='ltr'><strong>privatis</strong></span> <span class='ocrx_word' id='word_1_434' title='bbox 1029 4258 1266 4328; x_wconf 83' lang='lat' dir='ltr'><strong>legibus,</strong></span> <span class='ocrx_word' id='word_1_435' title='bbox 1314 4266 1369 4312; x_wconf 88' lang='lat' dir='ltr'><strong>et</strong></span> <span class='ocrx_word' id='word_1_436' title='bbox 1412 4262 1681 4331; x_wconf 86' lang='lat' dir='ltr'><strong>sapientia</strong></span> <span class='ocrx_word' id='word_1_437' title='bbox 1724 4270 1923 4317; x_wconf 88' lang='lat' dir='ltr'><strong>cuncta</strong></span> 
     </span>
    </p>
   </div>
   <div class='ocr_carea' id='block_1_62' title="bbox 337 4350 1924 4427">
    <p class='ocr_par' dir='ltr' id='par_1_62' title="bbox 337 4350 1924 4427">
     <span class='ocr_line' id='line_1_62' title="bbox 337 4350 1924 4427; baseline 0.002 -21"><span class='ocrx_word' id='word_1_438' title='bbox 337 4350 696 4415; x_wconf 88' lang='lat' dir='ltr'><strong>moderatur,</strong></span> <span class='ocrx_word' id='word_1_439' title='bbox 753 4350 1216 4422; x_wconf 85' lang='lat' dir='ltr'><strong>quemadmodum</strong></span> <span class='ocrx_word' id='word_1_440' title='bbox 1255 4351 1557 4407; x_wconf 86' lang='lat' dir='ltr'><strong>beneﬁcam</strong></span> <span class='ocrx_word' id='word_1_441' title='bbox 1604 4354 1751 4408; x_wconf 87' lang='lat' dir='ltr'><strong>illam</strong></span> <span class='ocrx_word' id='word_1_442' title='bbox 1794 4370 1924 4427; x_wconf 78' lang='lat' dir='ltr'><strong>erga</strong></span> 
     </span>
    </p>
   </div>
   <div class='ocr_carea' id='block_1_63' title="bbox 338 4445 1922 4518">
    <p class='ocr_par' dir='ltr' id='par_1_63' title="bbox 338 4445 1922 4518">
     <span class='ocr_line' id='line_1_63' title="bbox 338 4445 1922 4518; baseline 0.001 -19"><span class='ocrx_word' id='word_1_443' title='bbox 338 4460 533 4503; x_wconf 88' lang='lat' dir='ltr'><strong>omnes</strong></span> <span class='ocrx_word' id='word_1_444' title='bbox 560 4446 959 4515; x_wconf 82' lang='lat' dir='ltr'><strong>providentiam</strong></span> <span class='ocrx_word' id='word_1_445' title='bbox 987 4445 1164 4511; x_wconf 91' lang='lat' dir='ltr'><strong>decet,</strong></span> <span class='ocrx_word' id='word_1_446' title='bbox 1203 4452 1264 4499; x_wconf 94' lang='lat' dir='ltr'><strong>ut</strong></span> <span class='ocrx_word' id='word_1_447' title='bbox 1302 4445 1349 4501; x_wconf 92' lang='lat' dir='ltr'><strong>si</strong></span> <span class='ocrx_word' id='word_1_448' title='bbox 1401 4446 1495 4516; x_wconf 89' lang='lat' dir='ltr'><strong>qui</strong></span> <span class='ocrx_word' id='word_1_449' title='bbox 1541 4448 1922 4518; x_wconf 72' lang='lat' dir='ltr'><strong>ptenitentiam</strong></span> 
     </span>
    </p>
   </div>
   <div class='ocr_carea' id='block_1_64' title="bbox 337 4534 1925 4607">
    <p class='ocr_par' dir='ltr' id='par_1_64' title="bbox 337 4534 1925 4607">
     <span class='ocr_line' id='line_1_64' title="bbox 337 4534 1925 4607; baseline -0.001 -15"><span class='ocrx_word' id='word_1_450' title='bbox 337 4536 716 4607; x_wconf 87' lang='lat' dir='ltr'><strong>susceperint,</strong></span> <span class='ocrx_word' id='word_1_451' title='bbox 750 4535 1022 4591; x_wconf 89' lang='lat' dir='ltr'><strong>scelerum</strong></span> <span class='ocrx_word' id='word_1_452' title='bbox 1058 4534 1305 4589; x_wconf 91' lang='lat' dir='ltr'><strong>omnium</strong></span> <span class='ocrx_word' id='word_1_453' title='bbox 1351 4536 1681 4591; x_wconf 89' lang='lat' dir='ltr'><strong>oblivionem</strong></span> <span class='ocrx_word' id='word_1_454' title='bbox 1723 4538 1793 4593; x_wconf 87' lang='lat' dir='ltr'><strong>ab</strong></span> <span class='ocrx_word' id='word_1_455' title='bbox 1832 4537 1925 4591; x_wconf 86' lang='lat' dir='ltr'><strong>illo</strong></span> 
     </span>
    </p>
   </div>
   <div class='ocr_carea' id='block_1_65' title="bbox 341 4627 1923 4699">
    <p class='ocr_par' dir='ltr' id='par_1_65' title="bbox 341 4627 1923 4699">
     <span class='ocr_line' id='line_1_65' title="bbox 341 4627 1923 4699; baseline 0.001 -15"><span class='ocrx_word' id='word_1_456' title='bbox 341 4629 513 4694; x_wconf 88' lang='lat' dir='ltr'><strong>nacti,</strong></span> <span class='ocrx_word' id='word_1_457' title='bbox 541 4629 773 4685; x_wconf 87' lang='lat' dir='ltr'><strong>salutem</strong></span> <span class='ocrx_word' id='word_1_458' title='bbox 805 4628 1205 4699; x_wconf 88' lang='lat' dir='ltr'><strong>adipiscantur.</strong></span> <span class='ocrx_word' id='word_1_459' title='bbox 1239 4627 1334 4683; x_wconf 90' lang='lat' dir='ltr'><strong>Sin</strong></span> <span class='ocrx_word' id='word_1_460' title='bbox 1360 4630 1774 4686; x_wconf 91' lang='lat' dir='ltr'><strong>contumeliosis</strong></span> <span class='ocrx_word' id='word_1_461' title='bbox 1813 4630 1923 4686; x_wconf 86' lang='lat' dir='ltr'><strong>illis</strong></span> 
     </span>
    </p>
   </div>
   <div class='ocr_carea' id='block_1_66' title="bbox 340 4720 1924 4794">
    <p class='ocr_par' dir='ltr' id='par_1_66' title="bbox 340 4720 1924 4794">
     <span class='ocr_line' id='line_1_66' title="bbox 340 4720 1924 4794; baseline 0.003 -19"><span class='ocrx_word' id='word_1_462' title='bbox 340 4722 585 4777; x_wconf 90' lang='lat' dir='ltr'><strong>divinum</strong></span> <span class='ocrx_word' id='word_1_463' title='bbox 630 4722 685 4776; x_wconf 92' lang='lat' dir='ltr'><strong>in</strong></span> <span class='ocrx_word' id='word_1_464' title='bbox 731 4720 945 4776; x_wconf 80' lang='lat' dir='ltr'><strong>Numen</strong></span> <span class='ocrx_word' id='word_1_465' title='bbox 998 4723 1374 4793; x_wconf 85' lang='lat' dir='ltr'><strong>opinionibus,</strong></span> <span class='ocrx_word' id='word_1_466' title='bbox 1417 4732 1581 4794; x_wconf 87' lang='lat' dir='ltr'><strong>atque</strong></span> <span class='ocrx_word' id='word_1_467' title='bbox 1618 4725 1924 4791; x_wconf 89' lang='lat' dir='ltr'><strong>erroribus,</strong></span> 
     </span>
    </p>
   </div>
   <div class='ocr_carea' id='block_1_67' title="bbox 340 4814 1925 4885">
    <p class='ocr_par' dir='ltr' id='par_1_67' title="bbox 340 4814 1925 4885">
     <span class='ocr_line' id='line_1_67' title="bbox 340 4814 1925 4885; baseline 0.002 -17"><span class='ocrx_word' id='word_1_468' title='bbox 340 4828 573 4885; x_wconf 91' lang='lat' dir='ltr'><strong>quorum</strong></span> <span class='ocrx_word' id='word_1_469' title='bbox 600 4814 744 4869; x_wconf 88' lang='lat' dir='ltr'><strong>Deus</strong></span> <span class='ocrx_word' id='word_1_470' title='bbox 773 4823 967 4869; x_wconf 88' lang='lat' dir='ltr'><strong>auctor</strong></span> <span class='ocrx_word' id='word_1_471' title='bbox 1004 4829 1115 4868; x_wconf 91' lang='lat' dir='ltr'><strong>non</strong></span> <span class='ocrx_word' id='word_1_472' title='bbox 1162 4823 1268 4877; x_wconf 89' lang='lat' dir='ltr'><strong>est,</strong></span> <span class='ocrx_word' id='word_1_473' title='bbox 1315 4816 1622 4883; x_wconf 87' lang='lat' dir='ltr'><strong>insistant;</strong></span> <span class='ocrx_word' id='word_1_474' title='bbox 1666 4824 1782 4870; x_wconf 92' lang='lat' dir='ltr'><strong>tum</strong></span> <span class='ocrx_word' id='word_1_475' title='bbox 1810 4831 1925 4871; x_wconf 89' lang='lat' dir='ltr'><strong>me-</strong></span> 
     </span>
    </p>
   </div>
   <div class='ocr_carea' id='block_1_68' title="bbox 341 4903 1927 4975">
    <p class='ocr_par' dir='ltr' id='par_1_68' title="bbox 341 4903 1927 4975">
     <span class='ocr_line' id='line_1_68' title="bbox 341 4903 1927 4975; baseline -0.002 -15"><span class='ocrx_word' id='word_1_476' title='bbox 341 4906 447 4960; x_wconf 87' lang='lat' dir='ltr'><strong>rita</strong></span> <span class='ocrx_word' id='word_1_477' title='bbox 472 4904 738 4975; x_wconf 91' lang='lat' dir='ltr'><strong>supplicia</strong></span> <span class='ocrx_word' id='word_1_478' title='bbox 762 4914 884 4973; x_wconf 89' lang='lat' dir='ltr'><strong>post</strong></span> <span class='ocrx_word' id='word_1_479' title='bbox 912 4904 1055 4958; x_wconf 88' lang='lat' dir='ltr'><strong>hanc</strong></span> <span class='ocrx_word' id='word_1_480' title='bbox 1078 4903 1250 4958; x_wconf 86' lang='lat' dir='ltr'><strong>vitam</strong></span> <span class='ocrx_word' id='word_1_481' title='bbox 1294 4903 1627 4975; x_wconf 82' lang='lat' dir='ltr'><strong>expendant,</strong></span> <span class='ocrx_word' id='word_1_482' title='bbox 1660 4919 1784 4959; x_wconf 91' lang='lat' dir='ltr'><strong>cum</strong></span> <span class='ocrx_word' id='word_1_483' title='bbox 1817 4919 1927 4957; x_wconf 89' lang='lat' dir='ltr'><strong>non</strong></span> 
     </span>
    </p>
   </div>
   <div class='ocr_carea' id='block_1_69' title="bbox 343 4994 1923 5067">
    <p class='ocr_par' dir='ltr' id='par_1_69' title="bbox 343 4994 1923 5067">
     <span class='ocr_line' id='line_1_69' title="bbox 343 4994 1923 5067; baseline -0.003 -14"><span class='ocrx_word' id='word_1_484' title='bbox 343 4998 583 5067; x_wconf 87' lang='lat' dir='ltr'><strong>amplius</strong></span> <span class='ocrx_word' id='word_1_485' title='bbox 610 4997 913 5051; x_wconf 90' lang='lat' dir='ltr'><strong>voluntatis</strong></span> <span class='ocrx_word' id='word_1_486' title='bbox 950 4997 1005 5051; x_wconf 90' lang='lat' dir='ltr'><strong>in</strong></span> <span class='ocrx_word' id='word_1_487' title='bbox 1045 4997 1127 5052; x_wconf 91' lang='lat' dir='ltr'><strong>eis</strong></span> <span class='ocrx_word' id='word_1_488' title='bbox 1166 4996 1392 5051; x_wconf 87' lang='lat' dir='ltr'><strong>libertas</strong></span> <span class='ocrx_word' id='word_1_489' title='bbox 1425 4995 1686 5050; x_wconf 89' lang='lat' dir='ltr'><strong>manebit.</strong></span> <span class='ocrx_word' id='word_1_490' title='bbox 1720 4994 1923 5050; x_wconf 74' lang='lat' dir='ltr'><strong>Verum</strong></span> 
     </span>
    </p>
   </div>
   <div class='ocr_carea' id='block_1_70' title="bbox 347 5086 1928 5160">
    <p class='ocr_par' dir='ltr' id='par_1_70' title="bbox 347 5086 1928 5160">
     <span class='ocr_line' id='line_1_70' title="bbox 347 5086 1928 5160; baseline -0.004 -14"><span class='ocrx_word' id='word_1_491' title='bbox 347 5105 528 5160; x_wconf 90' lang='lat' dir='ltr'><strong>neque</strong></span> <span class='ocrx_word' id='word_1_492' title='bbox 584 5089 751 5143; x_wconf 90' lang='lat' dir='ltr'><strong>animi</strong></span> <span class='ocrx_word' id='word_1_493' title='bbox 800 5089 1037 5159; x_wconf 89' lang='lat' dir='ltr'><strong>quadam</strong></span> <span class='ocrx_word' id='word_1_494' title='bbox 1101 5088 1423 5159; x_wconf 87' lang='lat' dir='ltr'><strong>impotentia</strong></span> <span class='ocrx_word' id='word_1_495' title='bbox 1486 5087 1729 5142; x_wconf 91' lang='lat' dir='ltr'><strong>futurum</strong></span> <span class='ocrx_word' id='word_1_496' title='bbox 1793 5086 1928 5141; x_wconf 85' lang='lat' dir='ltr'><strong>illud</strong></span> 
     </span>
    </p>
   </div>
   <div class='ocr_carea' id='block_1_71' title="bbox 340 5178 1928 5255">
    <p class='ocr_par' dir='ltr' id='par_1_71' title="bbox 340 5178 1928 5255">
     <span class='ocr_line' id='line_1_71' title="bbox 340 5178 1928 5255; baseline -0.004 -16"><span class='ocrx_word' id='word_1_497' title='bbox 340 5183 611 5255; x_wconf 89' lang='lat' dir='ltr'><strong>judicium</strong></span> <span class='ocrx_word' id='word_1_498' title='bbox 643 5180 905 5246; x_wconf 88' lang='lat' dir='ltr'><strong>instituit;</strong></span> <span class='ocrx_word' id='word_1_499' title='bbox 944 5196 1047 5236; x_wconf 91' lang='lat' dir='ltr'><strong>nec</strong></span> <span class='ocrx_word' id='word_1_500' title='bbox 1082 5189 1314 5236; x_wconf 88' lang='lat' dir='ltr'><strong>ventura</strong></span> <span class='ocrx_word' id='word_1_501' title='bbox 1349 5180 1444 5235; x_wconf 89' lang='lat' dir='ltr'><strong>illa</strong></span> <span class='ocrx_word' id='word_1_502' title='bbox 1472 5180 1615 5234; x_wconf 91' lang='lat' dir='ltr'><strong>mala</strong></span> <span class='ocrx_word' id='word_1_503' title='bbox 1643 5178 1928 5234; x_wconf 89' lang='lat' dir='ltr'><strong>iracundia</strong></span> 
     </span>
    </p>
   </div>
   <div class='ocr_carea' id='block_1_72' title="bbox 346 5271 1931 5345">
    <p class='ocr_par' dir='ltr' id='par_1_72' title="bbox 346 5271 1931 5345">
     <span class='ocr_line' id='line_1_72' title="bbox 346 5271 1931 5345; baseline -0.003 -12"><span class='ocrx_word' id='word_1_504' title='bbox 346 5276 458 5334; x_wconf 86' lang='lat' dir='ltr'><strong>ulla</strong></span> <span class='ocrx_word' id='word_1_505' title='bbox 501 5276 706 5330; x_wconf 88' lang='lat' dir='ltr'><strong>ductus</strong></span> <span class='ocrx_word' id='word_1_506' title='bbox 750 5273 968 5343; x_wconf 84' lang='lat' dir='ltr'><strong>inﬂigit.</strong></span> <span class='ocrx_word' id='word_1_507' title='bbox 1021 5272 1147 5329; x_wconf 86' lang='lat' dir='ltr'><strong>Haec</strong></span> <span class='ocrx_word' id='word_1_508' title='bbox 1196 5274 1363 5345; x_wconf 79' lang='lat'><strong>380</strong></span> <span class='ocrx_word' id='word_1_509' title='bbox 1415 5272 1562 5328; x_wconf 89' lang='lat' dir='ltr'><strong>enim</strong></span> <span class='ocrx_word' id='word_1_510' title='bbox 1602 5271 1787 5328; x_wconf 90' lang='lat' dir='ltr'><strong>omnia</strong></span> <span class='ocrx_word' id='word_1_511' title='bbox 1830 5288 1931 5343; x_wconf 88' lang='lat' dir='ltr'><strong>pro</strong></span> 
     </span>
    </p>
   </div>
   <div class='ocr_carea' id='block_1_73' title="bbox 347 5363 1929 5436">
    <p class='ocr_par' dir='ltr' id='par_1_73' title="bbox 347 5363 1929 5436">
     <span class='ocr_line' id='line_1_73' title="bbox 347 5363 1929 5436; baseline -0.003 -14"><span class='ocrx_word' id='word_1_512' title='bbox 347 5382 412 5422; x_wconf 71' lang='lat' dir='ltr'><strong>ea</strong></span> <span class='ocrx_word' id='word_1_513' title='bbox 442 5380 549 5436; x_wconf 89' lang='lat' dir='ltr'><strong>qua</strong></span> <span class='ocrx_word' id='word_1_514' title='bbox 574 5363 836 5435; x_wconf 63' lang='lat' dir='ltr'><strong>praeditus</strong></span> <span class='ocrx_word' id='word_1_515' title='bbox 868 5374 950 5419; x_wconf 84' lang='lat' dir='ltr'><strong>est</strong></span> <span class='ocrx_word' id='word_1_516' title='bbox 992 5364 1061 5420; x_wconf 93' lang='lat' dir='ltr'><strong>ab</strong></span> <span class='ocrx_word' id='word_1_517' title='bbox 1093 5365 1243 5418; x_wconf 91' lang='lat' dir='ltr'><strong>omni</strong></span> <span class='ocrx_word' id='word_1_518' title='bbox 1281 5364 1717 5434; x_wconf 87' lang='lat' dir='ltr'><strong>perturbatione,</strong></span> <span class='ocrx_word' id='word_1_519' title='bbox 1759 5364 1929 5420; x_wconf 84' lang='lat' dir='ltr'><strong>libera</strong></span> 
     </span>
    </p>
   </div>
   <div class='ocr_carea' id='block_1_74' title="bbox 345 5455 1930 5521">
    <p class='ocr_par' dir='ltr' id='par_1_74' title="bbox 345 5455 1930 5521">
     <span class='ocr_line' id='line_1_74' title="bbox 345 5455 1930 5521; baseline -0.003 -6"><span class='ocrx_word' id='word_1_520' title='bbox 345 5458 635 5515; x_wconf 87' lang='lat' dir='ltr'><strong>divinitate</strong></span> <span class='ocrx_word' id='word_1_521' title='bbox 665 5456 971 5512; x_wconf 88' lang='lat' dir='ltr'><strong>denuntiat.</strong></span> <span class='ocrx_word' id='word_1_522' title='bbox 1002 5455 1107 5512; x_wconf 89' lang='lat' dir='ltr'><strong>Sed</strong></span> <span class='ocrx_word' id='word_1_523' title='bbox 1138 5456 1209 5511; x_wconf 88' lang='lat' dir='ltr'><strong>ob</strong></span> <span class='ocrx_word' id='word_1_524' title='bbox 1242 5471 1360 5511; x_wconf 89' lang='lat' dir='ltr'><strong>eam</strong></span> <span class='ocrx_word' id='word_1_525' title='bbox 1389 5457 1643 5511; x_wconf 79' lang='lat' dir='ltr'><strong>videlicet</strong></span> <span class='ocrx_word' id='word_1_526' title='bbox 1682 5472 1930 5521; x_wconf 90' lang='lat' dir='ltr'><strong>causam,</strong></span> 
     </span>
    </p>
   </div>
   <div class='ocr_carea' id='block_1_75' title="bbox 2006 1948 3609 2024">
    <p class='ocr_par' dir='ltr' id='par_1_75' title="bbox 2006 1948 3609 2024">
     <span class='ocr_line' id='line_1_75' title="bbox 2006 1948 3609 2024; baseline -0.004 -15"><span class='ocrx_word' id='word_1_527' title='bbox 2006 1956 2169 2009; x_wconf 83' lang='grc' dir='ltr'>καὶὸ</span> <span class='ocrx_word' id='word_1_528' title='bbox 2207 1955 2400 2023; x_wconf 74' lang='grc' dir='ltr'>Λόγος</span> <span class='ocrx_word' id='word_1_529' title='bbox 2440 1951 2520 2024; x_wconf 84' lang='grc' dir='ltr'><strong>ἦν</strong></span> <span class='ocrx_word' id='word_1_530' title='bbox 2549 1954 2699 2023; x_wconf 78' lang='grc' dir='ltr'>πρὸς</span> <span class='ocrx_word' id='word_1_531' title='bbox 2730 1954 2838 2008; x_wconf 79' lang='grc' dir='ltr'><strong>τὸν</strong></span> <span class='ocrx_word' id='word_1_532' title='bbox 2880 1954 3053 2015; x_wconf 75' lang='grc' dir='ltr'>Θεὸν,</span> <span class='ocrx_word' id='word_1_533' title='bbox 3100 1954 3199 2006; x_wconf 79' lang='grc' dir='ltr'>καὶ</span> <span class='ocrx_word' id='word_1_534' title='bbox 3245 1953 3391 2018; x_wconf 75' lang='grc' dir='ltr'>Θεὸς</span> <span class='ocrx_word' id='word_1_535' title='bbox 3436 1948 3525 2021; x_wconf 76' lang='grc' dir='ltr'><strong>ἦν</strong></span> <span class='ocrx_word' id='word_1_536' title='bbox 3571 1953 3609 2004; x_wconf 84' lang='grc' dir='ltr'><em>ὁ</em></span> 
     </span>
    </p>
   </div>
   <div class='ocr_carea' id='block_1_76' title="bbox 2007 2042 3607 2122">
    <p class='ocr_par' dir='ltr' id='par_1_76' title="bbox 2007 2042 3607 2122">
     <span class='ocr_line' id='line_1_76' title="bbox 2007 2042 3607 2122; baseline -0.003 -23"><span class='ocrx_word' id='word_1_537' title='bbox 2007 2046 2216 2115; x_wconf 77' lang='grc' dir='ltr'>Λόγος.</span> <span class='ocrx_word' id='word_1_538' title='bbox 2247 2044 2452 2099; x_wconf 79' lang='grc' dir='ltr'>Πάντα</span> <span class='ocrx_word' id='word_1_539' title='bbox 2498 2043 2572 2097; x_wconf 82' lang='grc' dir='ltr'>δι’</span> <span class='ocrx_word' id='word_1_540' title='bbox 2607 2043 2797 2098; x_wconf 85' lang='grc' dir='ltr'>αὐτοῦ</span> <span class='ocrx_word' id='word_1_541' title='bbox 2834 2044 3097 2122; x_wconf 61' lang='grc' dir='ltr'>ὲγέιςετο,</span> <span class='ocrx_word' id='word_1_542' title='bbox 3136 2042 3235 2096; x_wconf 80' lang='grc' dir='ltr'><strong>καί</strong></span> <span class='ocrx_word' id='word_1_543' title='bbox 3268 2042 3451 2111; x_wconf 79' lang='grc' dir='ltr'>χωρίς</span> <span class='ocrx_word' id='word_1_544' title='bbox 3491 2042 3607 2095; x_wconf 80' lang='grc' dir='ltr'><strong>αὐ-</strong></span> 
     </span>
    </p>
   </div>
   <div class='ocr_carea' id='block_1_77' title="bbox 2007 2135 3385 2210">
    <p class='ocr_par' dir='ltr' id='par_1_77' title="bbox 2007 2135 3385 2210">
     <span class='ocr_line' id='line_1_77' title="bbox 2007 2135 3385 2210; baseline -0.004 -17"><span class='ocrx_word' id='word_1_545' title='bbox 2007 2138 2113 2193; x_wconf 86' lang='grc' dir='ltr'>τοῦ</span> <span class='ocrx_word' id='word_1_546' title='bbox 2136 2136 2375 2208; x_wconf 76' lang='grc' dir='ltr'>ἐγένετο</span> <span class='ocrx_word' id='word_1_547' title='bbox 2399 2136 2544 2193; x_wconf 83' lang='grc' dir='ltr'>οὐδὲ</span> <span class='ocrx_word' id='word_1_548' title='bbox 2572 2135 2663 2205; x_wconf 83' lang='grc' dir='ltr'><strong>ἓν,</strong></span> <span class='ocrx_word' id='word_1_549' title='bbox 2697 2136 2729 2192; x_wconf 82' lang='grc' dir='ltr'>ὃ</span> <span class='ocrx_word' id='word_1_550' title='bbox 2761 2136 2987 2210; x_wconf 71' lang='grc' dir='ltr'>γέγονε,</span> <span class='ocrx_word' id='word_1_551' title='bbox 3019 2136 3113 2191; x_wconf 76' lang='grc' dir='ltr'><strong>καὶ</strong></span> <span class='ocrx_word' id='word_1_552' title='bbox 3143 2136 3210 2190; x_wconf 84' lang='grc' dir='ltr'>τὰ</span> <span class='ocrx_word' id='word_1_553' title='bbox 3233 2135 3385 2206; x_wconf 77' lang='grc' dir='ltr'>ἑξῆς.</span> 
     </span>
    </p>
   </div>
   <div class='ocr_carea' id='block_1_78' title="bbox 2095 2406 3610 2481">
    <p class='ocr_par' dir='ltr' id='par_1_78' title="bbox 2095 2406 3610 2481">
     <span class='ocr_line' id='line_1_78' title="bbox 2095 2406 3610 2481; baseline -0.001 -19"><span class='ocrx_word' id='word_1_554' title='bbox 2095 2407 2257 2462; x_wconf 84' lang='grc' dir='ltr'>Ἀλλά</span> <span class='ocrx_word' id='word_1_555' title='bbox 2281 2425 2345 2477; x_wconf 92' lang='grc' dir='ltr'><strong>γε</strong></span> <span class='ocrx_word' id='word_1_556' title='bbox 2378 2410 2406 2462; x_wconf 93' lang='lat'><strong>6</strong></span> <span class='ocrx_word' id='word_1_557' title='bbox 2427 2407 2670 2472; x_wconf 81' lang='grc' dir='ltr'>τοιοῦτος</span> <span class='ocrx_word' id='word_1_558' title='bbox 2701 2406 2865 2473; x_wconf 78' lang='grc' dir='ltr'>εὐθὺς</span> <span class='ocrx_word' id='word_1_559' title='bbox 2891 2408 3361 2481; x_wconf 78' lang='grc' dir='ltr'>άνατραπήσεται.</span> <span class='ocrx_word' id='word_1_560' title='bbox 3399 2409 3463 2461; x_wconf 81' lang='lat' dir='ltr'><strong>Ei</strong></span> <span class='ocrx_word' id='word_1_561' title='bbox 3488 2409 3610 2479; x_wconf 73' lang='grc' dir='ltr'>γὰρ</span> 
     </span>
    </p>
   </div>
   <div class='ocr_carea' id='block_1_79' title="bbox 2013 2499 3606 2572">
    <p class='ocr_par' dir='ltr' id='par_1_79' title="bbox 2013 2499 3606 2572">
     <span class='ocr_line' id='line_1_79' title="bbox 2013 2499 3606 2572; baseline -0.001 -18"><span class='ocrx_word' id='word_1_562' title='bbox 2013 2499 2256 2571; x_wconf 83' lang='grc' dir='ltr'>βούλοιτο</span> <span class='ocrx_word' id='word_1_563' title='bbox 2292 2501 2495 2569; x_wconf 83' lang='grc' dir='ltr'>λέγειν,</span> <span class='ocrx_word' id='word_1_564' title='bbox 2532 2501 2617 2554; x_wconf 82' lang='grc' dir='ltr'><strong>ὅτι</strong></span> <span class='ocrx_word' id='word_1_565' title='bbox 2658 2501 2987 2564; x_wconf 81' lang='grc' dir='ltr'>ἀντιθέσεως</span> <span class='ocrx_word' id='word_1_566' title='bbox 3018 2501 3175 2571; x_wconf 84' lang='grc' dir='ltr'>χάριν</span> <span class='ocrx_word' id='word_1_567' title='bbox 3200 2502 3295 2554; x_wconf 72' lang='grc' dir='ltr'>καὶ</span> <span class='ocrx_word' id='word_1_568' title='bbox 3335 2501 3606 2572; x_wconf 73' lang='grc' dir='ltr'>κάθαιρε-</span> 
     </span>
    </p>
   </div>
   <div class='ocr_carea' id='block_1_80' title="bbox 2015 2594 3607 2666">
    <p class='ocr_par' dir='ltr' id='par_1_80' title="bbox 2015 2594 3607 2666">
     <span class='ocr_line' id='line_1_80' title="bbox 2015 2594 3607 2666; baseline 0 -17"><span class='ocrx_word' id='word_1_569' title='bbox 2015 2613 2152 2659; x_wconf 89' lang='grc' dir='ltr'>σεως</span> <span class='ocrx_word' id='word_1_570' title='bbox 2184 2595 2292 2649; x_wconf 84' lang='grc' dir='ltr'><strong>τῶν</strong></span> <span class='ocrx_word' id='word_1_571' title='bbox 2340 2596 2447 2648; x_wconf 86' lang='grc' dir='ltr'><strong>ὑπὸ</strong></span> <span class='ocrx_word' id='word_1_572' title='bbox 2485 2594 2581 2649; x_wconf 81' lang='grc' dir='ltr'>τοῦ</span> <span class='ocrx_word' id='word_1_573' title='bbox 2618 2594 2962 2666; x_wconf 79' lang='grc' dir='ltr'>Δημιουργοῦ</span> <span class='ocrx_word' id='word_1_574' title='bbox 3004 2594 3238 2648; x_wconf 81' lang='grc' dir='ltr'>ἐνταῦθα</span> <span class='ocrx_word' id='word_1_575' title='bbox 3289 2594 3607 2665; x_wconf 79' lang='grc' dir='ltr'>λεγομένων</span> 
     </span>
    </p>
   </div>
   <div class='ocr_carea' id='block_1_81' title="bbox 2015 2686 3607 2761">
    <p class='ocr_par' dir='ltr' id='par_1_81' title="bbox 2015 2686 3607 2761">
     <span class='ocr_line' id='line_1_81' title="bbox 2015 2686 3607 2761; baseline -0.004 -18"><span class='ocrx_word' id='word_1_576' title='bbox 2015 2692 2049 2761; x_wconf 82' lang='grc' dir='ltr'><strong>η</strong></span> <span class='ocrx_word' id='word_1_577' title='bbox 2074 2688 2168 2743; x_wconf 80' lang='grc' dir='ltr'>τοῦ</span> <span class='ocrx_word' id='word_1_578' title='bbox 2216 2689 2396 2759; x_wconf 84' lang='grc' dir='ltr'>γάμου</span> <span class='ocrx_word' id='word_1_579' title='bbox 2432 2688 2582 2758; x_wconf 78' lang='grc' dir='ltr'>αὐτῷ</span> <span class='ocrx_word' id='word_1_580' title='bbox 2627 2688 2892 2757; x_wconf 78' lang='grc' dir='ltr'>συνάφεια</span> <span class='ocrx_word' id='word_1_581' title='bbox 2936 2686 3211 2740; x_wconf 86' lang='grc' dir='ltr'>ἁθετεῖται</span> <span class='ocrx_word' id='word_1_582' title='bbox 3235 2727 3250 2750; x_wconf 93' lang='grc'><strong>,</strong></span> <span class='ocrx_word' id='word_1_583' title='bbox 3284 2687 3373 2740; x_wconf 83' lang='grc' dir='ltr'>ἴνα</span> <span class='ocrx_word' id='word_1_584' title='bbox 3419 2687 3499 2757; x_wconf 82' lang='grc' dir='ltr'><strong>μὴ</strong></span> <span class='ocrx_word' id='word_1_585' title='bbox 3525 2687 3607 2755; x_wconf 78' lang='grc' dir='ltr'><strong>τῷ</strong></span> 
     </span>
    </p>
   </div>
   <div class='ocr_carea' id='block_1_82' title="bbox 2016 2779 3609 2853">
    <p class='ocr_par' dir='ltr' id='par_1_82' title="bbox 2016 2779 3609 2853">
     <span class='ocr_line' id='line_1_82' title="bbox 2016 2779 3609 2853; baseline 0.001 -20"><span class='ocrx_word' id='word_1_586' title='bbox 2016 2780 2345 2852; x_wconf 83' lang='grc' dir='ltr'>Δημιουργῷ</span> <span class='ocrx_word' id='word_1_587' title='bbox 2402 2782 2808 2853; x_wconf 80' lang='grc' dir='ltr'>συμπράξειεν,</span> <span class='ocrx_word' id='word_1_588' title='bbox 2856 2780 2998 2834; x_wconf 83' lang='grc' dir='ltr'>ὥστε</span> <span class='ocrx_word' id='word_1_589' title='bbox 3041 2779 3341 2850; x_wconf 86' lang='grc' dir='ltr'>ἀπέχεσθαι</span> <span class='ocrx_word' id='word_1_590' title='bbox 3394 2782 3609 2835; x_wconf 72' lang='grc' dir='ltr'>παντάι</span> 
     </span>
    </p>
   </div>
   <div class='ocr_carea' id='block_1_83' title="bbox 2016 2871 3604 2944">
    <p class='ocr_par' dir='ltr' id='par_1_83' title="bbox 2016 2871 3604 2944">
     <span class='ocr_line' id='line_1_83' title="bbox 2016 2871 3604 2944; baseline 0.001 -20"><span class='ocrx_word' id='word_1_591' title='bbox 2016 2890 2149 2925; x_wconf 85' lang='grc' dir='ltr'>πασι</span> <span class='ocrx_word' id='word_1_592' title='bbox 2203 2871 2296 2924; x_wconf 82' lang='grc' dir='ltr'>τοῦ</span> <span class='ocrx_word' id='word_1_593' title='bbox 2338 2871 2501 2940; x_wconf 77' lang='grc' dir='ltr'>ἔργου</span> <span class='ocrx_word' id='word_1_594' title='bbox 2533 2871 2625 2925; x_wconf 84' lang='grc' dir='ltr'>τοῦ</span> <span class='ocrx_word' id='word_1_595' title='bbox 2666 2872 3047 2944; x_wconf 81' lang='grc' dir='ltr'>Δημιουργοῦ’</span> <span class='ocrx_word' id='word_1_596' title='bbox 3092 2872 3208 2936; x_wconf 85' lang='grc' dir='ltr'><strong>πῶς</strong></span> <span class='ocrx_word' id='word_1_597' title='bbox 3249 2872 3370 2941; x_wconf 78' lang='grc' dir='ltr'>οὐχὶ</span> <span class='ocrx_word' id='word_1_598' title='bbox 3407 2872 3604 2939; x_wconf 74' lang='grc' dir='ltr'>ἄλογος</span> 
     </span>
    </p>
   </div>
   <div class='ocr_carea' id='block_1_84' title="bbox 2015 2964 3605 3036">
    <p class='ocr_par' dir='ltr' id='par_1_84' title="bbox 2015 2964 3605 3036">
     <span class='ocr_line' id='line_1_84' title="bbox 2015 2964 3605 3036; baseline -0.002 -18"><span class='ocrx_word' id='word_1_599' title='bbox 2015 2964 2160 3035; x_wconf 82' lang='grc' dir='ltr'>αὐτῷ</span> <span class='ocrx_word' id='word_1_600' title='bbox 2194 2967 2227 3035; x_wconf 88' lang='grc' dir='ltr'>ἡ</span> <span class='ocrx_word' id='word_1_601' title='bbox 2271 2964 2528 3026; x_wconf 86' lang='grc' dir='ltr'>ὑπόθεσις</span> <span class='ocrx_word' id='word_1_602' title='bbox 2551 2965 2592 3030; x_wconf 80' lang='grc'>⁸,</span> <span class='ocrx_word' id='word_1_603' title='bbox 2632 2966 2727 3018; x_wconf 71' lang='grc' dir='ltr'><strong>καὶ</strong></span> <span class='ocrx_word' id='word_1_604' title='bbox 2756 2965 3004 3036; x_wconf 84' lang='grc' dir='ltr'>φωρατὴ,</span> <span class='ocrx_word' id='word_1_605' title='bbox 3050 2965 3143 3017; x_wconf 76' lang='grc' dir='ltr'><strong>καὶ</strong></span> <span class='ocrx_word' id='word_1_606' title='bbox 3174 2964 3605 3032; x_wconf 79' lang='grc' dir='ltr'>εὐθυέλεγκτοςς</span> 
     </span>
    </p>
   </div>
   <div class='ocr_carea' id='block_1_85' title="bbox 2028 3055 3603 3130">
    <p class='ocr_par' dir='ltr' id='par_1_85' title="bbox 2028 3055 3603 3130">
     <span class='ocr_line' id='line_1_85' title="bbox 2028 3055 3603 3130; baseline -0.002 -19"><span class='ocrx_word' id='word_1_607' title='bbox 2028 3058 2159 3111; x_wconf 82' lang='grc' dir='ltr'>Ἰδοὺ</span> <span class='ocrx_word' id='word_1_608' title='bbox 2195 3058 2301 3130; x_wconf 84' lang='grc' dir='ltr'><strong>γὰρ</strong></span> <span class='ocrx_word' id='word_1_609' title='bbox 2331 3058 2439 3111; x_wconf 84' lang='grc' dir='ltr'><strong>ἀπὸ</strong></span> <span class='ocrx_word' id='word_1_610' title='bbox 2471 3059 2570 3129; x_wconf 82' lang='grc' dir='ltr'>τῆς</span> <span class='ocrx_word' id='word_1_611' title='bbox 2604 3058 2836 3122; x_wconf 79' lang='grc' dir='ltr'>κτίσεως</span> <span class='ocrx_word' id='word_1_612' title='bbox 2870 3059 2963 3111; x_wconf 83' lang='grc' dir='ltr'><strong>καὶ</strong></span> <span class='ocrx_word' id='word_1_613' title='bbox 2996 3061 3095 3129; x_wconf 83' lang='grc' dir='ltr'><strong>τῆς</strong></span> <span class='ocrx_word' id='word_1_614' title='bbox 3121 3057 3217 3111; x_wconf 70' lang='grc' dir='ltr'>τοῦ</span> <span class='ocrx_word' id='word_1_615' title='bbox 3253 3055 3603 3128; x_wconf 80' lang='grc' dir='ltr'>Δημιουργοῦ</span> 
     </span>
    </p>
   </div>
   <div class='ocr_carea' id='block_1_86' title="bbox 2016 3148 3603 3220">
    <p class='ocr_par' dir='ltr' id='par_1_86' title="bbox 2016 3148 3603 3220">
     <span class='ocr_line' id='line_1_86' title="bbox 2016 3148 3603 3220; baseline 0.001 -19"><span class='ocrx_word' id='word_1_616' title='bbox 2016 3149 2397 3220; x_wconf 84' lang='grc' dir='ltr'>δημιουργίας,</span> <span class='ocrx_word' id='word_1_617' title='bbox 2431 3151 2525 3203; x_wconf 72' lang='grc' dir='ltr'><strong>καὶ</strong></span> <span class='ocrx_word' id='word_1_618' title='bbox 2560 3150 2671 3202; x_wconf 82' lang='grc' dir='ltr'><strong>τῶν</strong></span> <span class='ocrx_word' id='word_1_619' title='bbox 2706 3150 2937 3214; x_wconf 86' lang='grc' dir='ltr'>ἐδωδῶν,</span> <span class='ocrx_word' id='word_1_620' title='bbox 2972 3151 3063 3203; x_wconf 72' lang='grc' dir='ltr'>καὶ</span> <span class='ocrx_word' id='word_1_621' title='bbox 3088 3150 3194 3203; x_wconf 85' lang='grc' dir='ltr'>τῶν</span> <span class='ocrx_word' id='word_1_622' title='bbox 3228 3150 3469 3219; x_wconf 82' lang='grc' dir='ltr'>ἀμφίων,</span> <span class='ocrx_word' id='word_1_623' title='bbox 3508 3148 3603 3202; x_wconf 73' lang='grc' dir='ltr'><strong>καὶ</strong></span> 
     </span>
    </p>
   </div>
   <div class='ocr_carea' id='block_1_87' title="bbox 2017 3242 3603 3313">
    <p class='ocr_par' dir='ltr' id='par_1_87' title="bbox 2017 3242 3603 3313">
     <span class='ocr_line' id='line_1_87' title="bbox 2017 3242 3603 3313; baseline 0.001 -19"><span class='ocrx_word' id='word_1_624' title='bbox 2017 3242 2117 3312; x_wconf 79' lang='grc' dir='ltr'>τῆς</span> <span class='ocrx_word' id='word_1_625' title='bbox 2161 3243 2413 3313; x_wconf 86' lang='grc' dir='ltr'>χρήσεως</span> <span class='ocrx_word' id='word_1_626' title='bbox 2456 3242 2718 3313; x_wconf 85' lang='grc' dir='ltr'>πομάτων</span> <span class='ocrx_word' id='word_1_627' title='bbox 2756 3242 2999 3312; x_wconf 81' lang='grc' dir='ltr'>μέτεισιν</span> <span class='ocrx_word' id='word_1_628' title='bbox 3029 3245 3057 3294; x_wconf 88' lang='grc' dir='ltr'>ὁ</span> <span class='ocrx_word' id='word_1_629' title='bbox 3080 3243 3213 3313; x_wconf 78' lang='grc' dir='ltr'>γόης</span> <span class='ocrx_word' id='word_1_630' title='bbox 3247 3242 3342 3295; x_wconf 78' lang='grc' dir='ltr'>καὶ</span> <span class='ocrx_word' id='word_1_631' title='bbox 3372 3245 3401 3295; x_wconf 91' lang='lat'><strong>6</strong></span> <span class='ocrx_word' id='word_1_632' title='bbox 3434 3242 3603 3312; x_wconf 84' lang='grc' dir='ltr'>ἀγύρ-</span> 
     </span>
    </p>
   </div>
   <div class='ocr_carea' id='block_1_88' title="bbox 2017 3333 3605 3405">
    <p class='ocr_par' dir='ltr' id='par_1_88' title="bbox 2017 3333 3605 3405">
     <span class='ocr_line' id='line_1_88' title="bbox 2017 3333 3605 3405; baseline -0.001 -17"><span class='ocrx_word' id='word_1_633' title='bbox 2017 3352 2119 3404; x_wconf 88' lang='grc' dir='ltr'><strong>της</strong></span> <span class='ocrx_word' id='word_1_634' title='bbox 2141 3350 2155 3363; x_wconf 87' lang='grc'><strong>·</strong></span> <span class='ocrx_word' id='word_1_635' title='bbox 2199 3334 2295 3387; x_wconf 57' lang='grc' dir='ltr'><strong>καί⁵</strong></span> <span class='ocrx_word' id='word_1_636' title='bbox 2331 3333 2507 3398; x_wconf 85' lang='grc' dir='ltr'>ἄλλως</span> <span class='ocrx_word' id='word_1_637' title='bbox 2538 3335 2598 3387; x_wconf 83' lang='grc' dir='ltr'><strong>οὐ</strong></span> <span class='ocrx_word' id='word_1_638' title='bbox 2628 3335 2916 3405; x_wconf 83' lang='grc' dir='ltr'>δυνήσεται</span> <span class='ocrx_word' id='word_1_639' title='bbox 2947 3335 3227 3403; x_wconf 76' lang='grc' dir='ltr'>ἐκφυγεῖν,</span> <span class='ocrx_word' id='word_1_640' title='bbox 3255 3335 3348 3386; x_wconf 80' lang='grc' dir='ltr'><strong>καὶ</strong></span> <span class='ocrx_word' id='word_1_641' title='bbox 3388 3334 3459 3404; x_wconf 79' lang='grc' dir='ltr'>μὴ</span> <span class='ocrx_word' id='word_1_642' title='bbox 3482 3335 3605 3404; x_wconf 75' lang='grc' dir='ltr'>οὐχὶ</span> 
     </span>
    </p>
   </div>
   <div class='ocr_carea' id='block_1_89' title="bbox 2018 3426 3603 3499">
    <p class='ocr_par' dir='ltr' id='par_1_89' title="bbox 2018 3426 3603 3499">
     <span class='ocr_line' id='line_1_89' title="bbox 2018 3426 3603 3499; baseline -0.001 -19"><span class='ocrx_word' id='word_1_643' title='bbox 2018 3427 2231 3490; x_wconf 81' lang='grc' dir='ltr'>τούτοις</span> <span class='ocrx_word' id='word_1_644' title='bbox 2262 3427 2516 3499; x_wconf 83' lang='grc' dir='ltr'>χρῆσθαι.</span> <span class='ocrx_word' id='word_1_645' title='bbox 2555 3426 2688 3490; x_wconf 85' lang='grc' dir='ltr'>Θεὸς</span> <span class='ocrx_word' id='word_1_646' title='bbox 2722 3426 2831 3498; x_wconf 87' lang='grc' dir='ltr'><strong>γὰρ</strong></span> <span class='ocrx_word' id='word_1_647' title='bbox 2876 3429 2904 3480; x_wconf 93' lang='lat'><strong>6</strong></span> <span class='ocrx_word' id='word_1_648' title='bbox 2948 3427 3164 3479; x_wconf 87' lang='grc' dir='ltr'>πάντων</span> <span class='ocrx_word' id='word_1_649' title='bbox 3199 3426 3476 3496; x_wconf 81' lang='grc' dir='ltr'>Δεσπότης</span> <span class='ocrx_word' id='word_1_650' title='bbox 3510 3427 3603 3479; x_wconf 80' lang='grc' dir='ltr'>καὶ</span> 
     </span>
    </p>
   </div>
   <div class='ocr_carea' id='block_1_90' title="bbox 2020 3515 3605 3589">
    <p class='ocr_par' dir='ltr' id='par_1_90' title="bbox 2020 3515 3605 3589">
     <span class='ocr_line' id='line_1_90' title="bbox 2020 3515 3605 3589; baseline -0.001 -18"><span class='ocrx_word' id='word_1_651' title='bbox 2020 3517 2374 3589; x_wconf 79' lang='grc' dir='ltr'>δημιουργὸς,</span> <span class='ocrx_word' id='word_1_652' title='bbox 2421 3518 2640 3571; x_wconf 89' lang='grc' dir='ltr'>πάντων</span> <span class='ocrx_word' id='word_1_653' title='bbox 2704 3518 3133 3589; x_wconf 87' lang='grc' dir='ltr'>ἐπιμελόμενος,</span> <span class='ocrx_word' id='word_1_654' title='bbox 3182 3517 3273 3570; x_wconf 77' lang='grc' dir='ltr'>καὶ</span> <span class='ocrx_word' id='word_1_655' title='bbox 3324 3517 3420 3569; x_wconf 77' lang='grc' dir='ltr'><strong>ἐπὶ</strong></span> <span class='ocrx_word' id='word_1_656' title='bbox 3464 3515 3605 3582; x_wconf 70' lang='grc' dir='ltr'>τοὺς</span> 
     </span>
    </p>
   </div>
   <div class='ocr_carea' id='block_1_91' title="bbox 2022 3608 3606 3682">
    <p class='ocr_par' dir='ltr' id='par_1_91' title="bbox 2022 3608 3606 3682">
     <span class='ocr_line' id='line_1_91' title="bbox 2022 3608 3606 3682; baseline -0.003 -18"><span class='ocrx_word' id='word_1_657' title='bbox 2022 3610 2329 3679; x_wconf 81' lang='grc' dir='ltr'>πονηροὺς</span> <span class='ocrx_word' id='word_1_658' title='bbox 2385 3612 2483 3664; x_wconf 78' lang='grc' dir='ltr'>καὶ</span> <span class='ocrx_word' id='word_1_659' title='bbox 2536 3610 2801 3682; x_wconf 79' lang='grc' dir='ltr'>ἀγαθοὺς</span> <span class='ocrx_word' id='word_1_660' title='bbox 2870 3610 3184 3665; x_wconf 75' lang='grc' dir='ltr'>ἀνατέλλει</span> <span class='ocrx_word' id='word_1_661' title='bbox 3246 3608 3433 3663; x_wconf 78' lang='grc' dir='ltr'>αὐτοῦ</span> <span class='ocrx_word' id='word_1_662' title='bbox 3500 3609 3606 3662; x_wconf 76' lang='grc' dir='ltr'><strong>τὸν</strong></span> 
     </span>
    </p>
   </div>
   <div class='ocr_carea' id='block_1_92' title="bbox 2025 3701 3602 3773">
    <p class='ocr_par' dir='ltr' id='par_1_92' title="bbox 2025 3701 3602 3773">
     <span class='ocr_line' id='line_1_92' title="bbox 2025 3701 3602 3773; baseline -0.001 -18"><span class='ocrx_word' id='word_1_663' title='bbox 2025 3702 2224 3770; x_wconf 77' lang='grc' dir='ltr'>ἣλιον,</span> <span class='ocrx_word' id='word_1_664' title='bbox 2256 3702 2350 3754; x_wconf 78' lang='grc' dir='ltr'>καὶ</span> <span class='ocrx_word' id='word_1_665' title='bbox 2378 3703 2473 3754; x_wconf 79' lang='grc' dir='ltr'>ἐπὶ</span> <span class='ocrx_word' id='word_1_666' title='bbox 2506 3703 2633 3765; x_wconf 81' lang='grc' dir='ltr'>τοὺς</span> <span class='ocrx_word' id='word_1_667' title='bbox 2663 3703 2827 3756; x_wconf 82' lang='grc' dir='ltr'>αὐτὸν</span> <span class='ocrx_word' id='word_1_668' title='bbox 2874 3702 3349 3773; x_wconf 76' lang='grc' dir='ltr'>βλασφημοῦντας,</span> <span class='ocrx_word' id='word_1_669' title='bbox 3384 3701 3478 3754; x_wconf 75' lang='grc' dir='ltr'><strong>καὶ</strong></span> <span class='ocrx_word' id='word_1_670' title='bbox 3512 3702 3602 3754; x_wconf 72' lang='grc' dir='ltr'><strong>ἐπὶ</strong></span> 
     </span>
    </p>
   </div>
   <div class='ocr_carea' id='block_1_93' title="bbox 2023 3791 3602 3866">
    <p class='ocr_par' dir='ltr' id='par_1_93' title="bbox 2023 3791 3602 3866">
     <span class='ocr_line' id='line_1_93' title="bbox 2023 3791 3602 3866; baseline -0.004 -17"><span class='ocrx_word' id='word_1_671' title='bbox 2023 3796 2149 3859; x_wconf 82' lang='grc' dir='ltr'>τοὺς</span> <span class='ocrx_word' id='word_1_672' title='bbox 2179 3794 2340 3850; x_wconf 80' lang='grc' dir='ltr'>αὐτὸν</span> <span class='ocrx_word' id='word_1_673' title='bbox 2368 3794 2690 3860; x_wconf 78' lang='grc' dir='ltr'>δοξάζοντας</span> <span class='ocrx_word' id='word_1_674' title='bbox 2719 3794 2930 3866; x_wconf 78' lang='grc' dir='ltr'>πέμπει</span> <span class='ocrx_word' id='word_1_675' title='bbox 2971 3794 3135 3849; x_wconf 76' lang='grc' dir='ltr'>αὑτοῦ</span> <span class='ocrx_word' id='word_1_676' title='bbox 3168 3794 3262 3847; x_wconf 75' lang='grc' dir='ltr'><strong>τὸν</strong></span> <span class='ocrx_word' id='word_1_677' title='bbox 3292 3794 3469 3857; x_wconf 83' lang='grc' dir='ltr'>ὑετὸν,</span> <span class='ocrx_word' id='word_1_678' title='bbox 3510 3791 3602 3845; x_wconf 73' lang='grc' dir='ltr'><strong>καὶ</strong></span> 
     </span>
    </p>
   </div>
   <div class='ocr_carea' id='block_1_94' title="bbox 2025 3887 3603 3959">
    <p class='ocr_par' dir='ltr' id='par_1_94' title="bbox 2025 3887 3603 3959">
     <span class='ocr_line' id='line_1_94' title="bbox 2025 3887 3603 3959; baseline -0.003 -17"><span class='ocrx_word' id='word_1_679' title='bbox 2025 3889 2233 3951; x_wconf 82' lang='grc' dir='ltr'>πάντας</span> <span class='ocrx_word' id='word_1_680' title='bbox 2275 3887 2489 3959; x_wconf 81' lang='grc' dir='ltr'>τρέφει,</span> <span class='ocrx_word' id='word_1_681' title='bbox 2523 3887 2623 3941; x_wconf 81' lang='grc' dir='ltr'><strong>οὐκ</strong></span> <span class='ocrx_word' id='word_1_682' title='bbox 2654 3887 2833 3958; x_wconf 83' lang='grc' dir='ltr'>ἀλόγῳ</span> <span class='ocrx_word' id='word_1_683' title='bbox 2866 3887 2971 3941; x_wconf 74' lang='grc' dir='ltr'>τινὶ</span> <span class='ocrx_word' id='word_1_684' title='bbox 3014 3887 3108 3941; x_wconf 72' lang='grc' dir='ltr'><strong>καὶ</strong></span> <span class='ocrx_word' id='word_1_685' title='bbox 3143 3887 3455 3957; x_wconf 80' lang='grc' dir='ltr'>ἀναισθήτῳ</span> <span class='ocrx_word' id='word_1_686' title='bbox 3492 3887 3603 3955; x_wconf 82' lang='grc' dir='ltr'>ὁρι-</span> 
     </span>
    </p>
   </div>
   <div class='ocr_carea' id='block_1_95' title="bbox 2027 3977 3597 4050">
    <p class='ocr_par' dir='ltr' id='par_1_95' title="bbox 2027 3977 3597 4050">
     <span class='ocr_line' id='line_1_95' title="bbox 2027 3977 3597 4050; baseline -0.004 -16"><span class='ocrx_word' id='word_1_687' title='bbox 2027 3979 2172 4050; x_wconf 83' lang='grc' dir='ltr'>σμῷ,</span> <span class='ocrx_word' id='word_1_688' title='bbox 2214 3979 2352 4032; x_wconf 82' lang='grc' dir='ltr'><strong>ἀλλά</strong></span> <span class='ocrx_word' id='word_1_689' title='bbox 2401 3979 2617 4050; x_wconf 76' lang='grc' dir='ltr'>ἐκδικίᾳ</span> <span class='ocrx_word' id='word_1_690' title='bbox 2656 3982 2724 4050; x_wconf 81' lang='grc' dir='ltr'>τῇ</span> <span class='ocrx_word' id='word_1_691' title='bbox 2771 3981 2902 4050; x_wconf 83' lang='grc' dir='ltr'>παρ’</span> <span class='ocrx_word' id='word_1_692' title='bbox 2930 3977 3096 4032; x_wconf 77' lang='grc' dir='ltr'>αὐτοῦ</span> <span class='ocrx_word' id='word_1_693' title='bbox 3125 3977 3404 4050; x_wconf 82' lang='grc' dir='ltr'>ὁρισθείσῃ</span> <span class='ocrx_word' id='word_1_694' title='bbox 3437 3979 3494 4029; x_wconf 81' lang='grc' dir='ltr'><strong>ἐν</strong></span> <span class='ocrx_word' id='word_1_695' title='bbox 3535 3979 3597 4047; x_wconf 83' lang='grc' dir='ltr'>τῇ</span> 
     </span>
    </p>
   </div>
   <div class='ocr_carea' id='block_1_96' title="bbox 2029 4066 3601 4143">
    <p class='ocr_par' dir='ltr' id='par_1_96' title="bbox 2029 4066 3601 4143">
     <span class='ocr_line' id='line_1_96' title="bbox 2029 4066 3601 4143; baseline -0.004 -19"><span class='ocrx_word' id='word_1_696' title='bbox 2029 4070 2298 4143; x_wconf 83' lang='grc' dir='ltr'>μελλούσῃ</span> <span class='ocrx_word' id='word_1_697' title='bbox 2342 4071 2523 4142; x_wconf 85' lang='grc' dir='ltr'>κρίσει</span> <span class='ocrx_word' id='word_1_698' title='bbox 2583 4069 2978 4141; x_wconf 80' lang='grc' dir='ltr'>μακροθυμῶν,</span> <span class='ocrx_word' id='word_1_699' title='bbox 3033 4069 3128 4122; x_wconf 75' lang='grc' dir='ltr'><strong>καὶ</strong></span> <span class='ocrx_word' id='word_1_700' title='bbox 3172 4070 3420 4141; x_wconf 84' lang='grc' dir='ltr'>ὁρισμοῖς</span> <span class='ocrx_word' id='word_1_701' title='bbox 3460 4066 3601 4129; x_wconf 54' lang='grc' dir='ltr'>ἱδίοπ</span> 
     </span>
    </p>
   </div>
   <div class='ocr_carea' id='block_1_97' title="bbox 2025 4160 3601 4236">
    <p class='ocr_par' dir='ltr' id='par_1_97' title="bbox 2025 4160 3601 4236">
     <span class='ocr_line' id='line_1_97' title="bbox 2025 4160 3601 4236; baseline -0.004 -16"><span class='ocrx_word' id='word_1_702' title='bbox 2025 4167 2120 4220; x_wconf 75' lang='grc' dir='ltr'><strong>καὶ</strong></span> <span class='ocrx_word' id='word_1_703' title='bbox 2157 4165 2319 4236; x_wconf 73' lang='grc' dir='ltr'>σοφίᾳ</span> <span class='ocrx_word' id='word_1_704' title='bbox 2363 4162 2430 4218; x_wconf 82' lang='grc' dir='ltr'><strong>τὰ</strong></span> <span class='ocrx_word' id='word_1_705' title='bbox 2481 4163 2661 4216; x_wconf 88' lang='grc' dir='ltr'>πάντα</span> <span class='ocrx_word' id='word_1_706' title='bbox 2704 4161 2954 4215; x_wconf 77' lang='grc' dir='ltr'>διοικῶν-</span> <span class='ocrx_word' id='word_1_707' title='bbox 3000 4163 3076 4225; x_wconf 85' lang='grc' dir='ltr'><strong>ὡς</strong></span> <span class='ocrx_word' id='word_1_708' title='bbox 3122 4161 3239 4215; x_wconf 74' lang='grc' dir='ltr'>ἐστι</span> <span class='ocrx_word' id='word_1_709' title='bbox 3292 4161 3501 4232; x_wconf 84' lang='grc' dir='ltr'>πρέπον</span> <span class='ocrx_word' id='word_1_710' title='bbox 3539 4160 3601 4231; x_wconf 81' lang='grc' dir='ltr'>τῇ</span> 
     </span>
    </p>
   </div>
   <div class='ocr_carea' id='block_1_98' title="bbox 2026 4252 3602 4325">
    <p class='ocr_par' dir='ltr' id='par_1_98' title="bbox 2026 4252 3602 4325">
     <span class='ocr_line' id='line_1_98' title="bbox 2026 4252 3602 4325; baseline -0.004 -15"><span class='ocrx_word' id='word_1_711' title='bbox 2026 4256 2194 4311; x_wconf 77' lang='grc' dir='ltr'>αὑτοῦ</span> <span class='ocrx_word' id='word_1_712' title='bbox 2221 4257 2301 4320; x_wconf 84' lang='grc' dir='ltr'><strong>είς</strong></span> <span class='ocrx_word' id='word_1_713' title='bbox 2330 4256 2538 4319; x_wconf 73' lang='grc' dir='ltr'>πάντας</span> <span class='ocrx_word' id='word_1_714' title='bbox 2568 4252 2805 4324; x_wconf 70' lang='grc' dir='ltr'>ὠφελείᾳ</span> <span class='ocrx_word' id='word_1_715' title='bbox 2823 4268 2837 4283; x_wconf 73' lang='grc'><strong><em>⁸</em></strong></span> <span class='ocrx_word' id='word_1_716' title='bbox 2873 4254 2939 4307; x_wconf 83' lang='grc' dir='ltr'>ἵν’</span> <span class='ocrx_word' id='word_1_717' title='bbox 2960 4254 3009 4307; x_wconf 77' lang='lat' dir='ltr'><strong>oi</strong></span> <span class='ocrx_word' id='word_1_718' title='bbox 3042 4255 3491 4325; x_wconf 80' lang='grc' dir='ltr'>μετανοήσαντες,</span> <span class='ocrx_word' id='word_1_719' title='bbox 3510 4252 3602 4321; x_wconf 82' lang='grc' dir='ltr'>τῆς</span> 
     </span>
    </p>
   </div>
   <div class='ocr_carea' id='block_1_99' title="bbox 2028 4346 3602 4421">
    <p class='ocr_par' dir='ltr' id='par_1_99' title="bbox 2028 4346 3602 4421">
     <span class='ocr_line' id='line_1_99' title="bbox 2028 4346 3602 4421; baseline -0.001 -19"><span class='ocrx_word' id='word_1_720' title='bbox 2028 4351 2160 4421; x_wconf 81' lang='grc' dir='ltr'>παρ’</span> <span class='ocrx_word' id='word_1_721' title='bbox 2190 4347 2357 4402; x_wconf 76' lang='grc' dir='ltr'>αὐτοῦ</span> <span class='ocrx_word' id='word_1_722' title='bbox 2392 4348 2729 4419; x_wconf 86' lang='grc' dir='ltr'>ἀμνηστείας</span> <span class='ocrx_word' id='word_1_723' title='bbox 2757 4348 3032 4418; x_wconf 83' lang='grc' dir='ltr'>τυχόντες,</span> <span class='ocrx_word' id='word_1_724' title='bbox 3061 4348 3124 4400; x_wconf 86' lang='grc' dir='ltr'><strong>τὸ</strong></span> <span class='ocrx_word' id='word_1_725' title='bbox 3171 4348 3439 4418; x_wconf 80' lang='grc' dir='ltr'>σωτήριον</span> <span class='ocrx_word' id='word_1_726' title='bbox 3474 4346 3602 4417; x_wconf 83' lang='grc' dir='ltr'>κτή-</span> 
     </span>
    </p>
   </div>
   <div class='ocr_carea' id='block_1_100' title="bbox 2031 4440 3602 4511">
    <p class='ocr_par' dir='ltr' id='par_1_100' title="bbox 2031 4440 3602 4511">
     <span class='ocr_line' id='line_1_100' title="bbox 2031 4440 3602 4511; baseline -0.003 -15"><span class='ocrx_word' id='word_1_727' title='bbox 2031 4459 2208 4496; x_wconf 85' lang='grc' dir='ltr'>σοιντο</span> <span class='ocrx_word' id='word_1_728' title='bbox 2228 4459 2242 4472; x_wconf 88' lang='grc'><strong>·</strong></span> <span class='ocrx_word' id='word_1_729' title='bbox 2274 4440 2407 4494; x_wconf 80' lang='grc' dir='ltr'>εἰδὲ</span> <span class='ocrx_word' id='word_1_730' title='bbox 2445 4441 2756 4511; x_wconf 81' lang='grc' dir='ltr'>ἐπιμένοιεν</span> <span class='ocrx_word' id='word_1_731' title='bbox 2794 4444 2915 4505; x_wconf 86' lang='grc' dir='ltr'>ταῖς</span> <span class='ocrx_word' id='word_1_732' title='bbox 2940 4440 3117 4494; x_wconf 79' lang='grc' dir='ltr'>αὐτῶν</span> <span class='ocrx_word' id='word_1_733' title='bbox 3153 4440 3490 4511; x_wconf 84' lang='grc' dir='ltr'>βλασφήμοις</span> <span class='ocrx_word' id='word_1_734' title='bbox 3515 4440 3602 4495; x_wconf 77' lang='grc' dir='ltr'>καὶ</span> 
     </span>
    </p>
   </div>
   <div class='ocr_carea' id='block_1_101' title="bbox 1959 4532 3601 4621">
    <p class='ocr_par' dir='ltr' id='par_1_101' title="bbox 1959 4532 3601 4621">
     <span class='ocr_line' id='line_1_101' title="bbox 1959 4532 3601 4621; baseline -0.002 -32"><span class='ocrx_word' id='word_1_735' title='bbox 1959 4568 2002 4621; x_wconf 79' lang='lat' dir='ltr'><strong>D</strong></span> <span class='ocrx_word' id='word_1_736' title='bbox 2033 4534 2313 4598; x_wconf 79' lang='grc' dir='ltr'>ὑπονοίαις</span> <span class='ocrx_word' id='word_1_737' title='bbox 2365 4534 2460 4587; x_wconf 74' lang='grc' dir='ltr'><strong>καὶ</strong></span> <span class='ocrx_word' id='word_1_738' title='bbox 2511 4534 3009 4607; x_wconf 80' lang='grc' dir='ltr'>ματαιοφροσύναις</span> <span class='ocrx_word' id='word_1_739' title='bbox 3066 4537 3186 4599; x_wconf 88' lang='grc' dir='ltr'>ταῖς</span> <span class='ocrx_word' id='word_1_740' title='bbox 3240 4535 3316 4606; x_wconf 81' lang='grc' dir='ltr'>μὴ</span> <span class='ocrx_word' id='word_1_741' title='bbox 3368 4535 3433 4587; x_wconf 83' lang='grc' dir='ltr'><strong>ἐκ</strong></span> <span class='ocrx_word' id='word_1_742' title='bbox 3475 4532 3601 4586; x_wconf 87' lang='grc' dir='ltr'><strong>Θεοῦ</strong></span> 
     </span>
    </p>
   </div>
   <div class='ocr_carea' id='block_1_102' title="bbox 2032 4625 3602 4699">
    <p class='ocr_par' dir='ltr' id='par_1_102' title="bbox 2032 4625 3602 4699">
     <span class='ocr_line' id='line_1_102' title="bbox 2032 4625 3602 4699; baseline -0.001 -19"><span class='ocrx_word' id='word_1_743' title='bbox 2032 4628 2215 4691; x_wconf 80' lang='grc' dir='ltr'>αὐτοῖς</span> <span class='ocrx_word' id='word_1_744' title='bbox 2259 4625 2563 4689; x_wconf 85' lang='grc' dir='ltr'>δοθείσαις,</span> <span class='ocrx_word' id='word_1_745' title='bbox 2597 4627 2659 4680; x_wconf 82' lang='grc' dir='ltr'><strong>τὸ</strong></span> <span class='ocrx_word' id='word_1_746' title='bbox 2694 4627 2991 4698; x_wconf 79' lang='grc' dir='ltr'>τηνικαῦτα</span> <span class='ocrx_word' id='word_1_747' title='bbox 3041 4626 3180 4698; x_wconf 83' lang='grc' dir='ltr'>μετὰ</span> <span class='ocrx_word' id='word_1_748' title='bbox 3224 4626 3323 4699; x_wconf 86' lang='grc' dir='ltr'>τὴν</span> <span class='ocrx_word' id='word_1_749' title='bbox 3366 4625 3602 4679; x_wconf 84' lang='grc' dir='ltr'>ἐντεῦθεν</span> 
     </span>
    </p>
   </div>
   <div class='ocr_carea' id='block_1_103' title="bbox 2034 4719 3599 4793">
    <p class='ocr_par' dir='ltr' id='par_1_103' title="bbox 2034 4719 3599 4793">
     <span class='ocr_line' id='line_1_103' title="bbox 2034 4719 3599 4793; baseline -0.001 -18"><span class='ocrx_word' id='word_1_750' title='bbox 2034 4720 2376 4792; x_wconf 84' lang='grc' dir='ltr'>ἀπαλλαγὴν,</span> <span class='ocrx_word' id='word_1_751' title='bbox 2396 4721 2491 4774; x_wconf 76' lang='grc' dir='ltr'>τοῦ</span> <span class='ocrx_word' id='word_1_752' title='bbox 2525 4719 2868 4784; x_wconf 80' lang='grc' dir='ltr'>αὐτεξουσίου</span> <span class='ocrx_word' id='word_1_753' title='bbox 2898 4721 3094 4791; x_wconf 82' lang='grc' dir='ltr'>μηκέτι</span> <span class='ocrx_word' id='word_1_754' title='bbox 3119 4722 3299 4784; x_wconf 80' lang='grc' dir='ltr'>αὐτοῖς</span> <span class='ocrx_word' id='word_1_755' title='bbox 3327 4738 3599 4793; x_wconf 86' lang='grc' dir='ltr'>συμπαρα-</span> 
     </span>
    </p>
   </div>
   <div class='ocr_carea' id='block_1_104' title="bbox 2040 4811 3599 4885">
    <p class='ocr_par' dir='ltr' id='par_1_104' title="bbox 2040 4811 3599 4885">
     <span class='ocr_line' id='line_1_104' title="bbox 2040 4811 3599 4885; baseline -0.001 -18"><span class='ocrx_word' id='word_1_756' title='bbox 2040 4813 2328 4885; x_wconf 73' lang='grc' dir='ltr'>μένοντοςο</span> <span class='ocrx_word' id='word_1_757' title='bbox 2375 4812 2511 4867; x_wconf 82' lang='grc' dir='ltr'>ἀλλὰ</span> <span class='ocrx_word' id='word_1_758' title='bbox 2558 4811 2679 4865; x_wconf 75' lang='grc' dir='ltr'>οὒτε</span> <span class='ocrx_word' id='word_1_759' title='bbox 2732 4812 2820 4867; x_wconf 80' lang='grc' dir='ltr'><strong>διὰ</strong></span> <span class='ocrx_word' id='word_1_760' title='bbox 2876 4813 3047 4884; x_wconf 83' lang='grc' dir='ltr'>θυμὸν</span> <span class='ocrx_word' id='word_1_761' title='bbox 3091 4814 3275 4876; x_wconf 85' lang='grc' dir='ltr'>αὐτοῖς</span> <span class='ocrx_word' id='word_1_762' title='bbox 3344 4814 3444 4883; x_wconf 83' lang='grc' dir='ltr'>τὴν</span> <span class='ocrx_word' id='word_1_763' title='bbox 3491 4812 3599 4865; x_wconf 75' lang='grc' dir='ltr'>τότε</span> 
     </span>
    </p>
   </div>
   <div class='ocr_carea' id='block_1_105' title="bbox 2037 4904 3600 4977">
    <p class='ocr_par' dir='ltr' id='par_1_105' title="bbox 2037 4904 3600 4977">
     <span class='ocr_line' id='line_1_105' title="bbox 2037 4904 3600 4977; baseline 0.001 -20"><span class='ocrx_word' id='word_1_764' title='bbox 2037 4904 2302 4976; x_wconf 86' lang='grc' dir='ltr'>ἐσομένην</span> <span class='ocrx_word' id='word_1_765' title='bbox 2359 4905 2581 4977; x_wconf 86' lang='grc' dir='ltr'>κρίσιν,</span> <span class='ocrx_word' id='word_1_766' title='bbox 2631 4904 2755 4958; x_wconf 73' lang='grc' dir='ltr'>οὔτε</span> <span class='ocrx_word' id='word_1_767' title='bbox 2806 4906 2881 4971; x_wconf 82' lang='grc' dir='ltr'><strong>ὡς</strong></span> <span class='ocrx_word' id='word_1_768' title='bbox 2928 4907 2987 4959; x_wconf 85' lang='grc' dir='ltr'><strong>ἐν</strong></span> <span class='ocrx_word' id='word_1_769' title='bbox 3033 4906 3171 4977; x_wconf 81' lang='grc' dir='ltr'>ὀργῇ</span> <span class='ocrx_word' id='word_1_770' title='bbox 3222 4906 3500 4976; x_wconf 81' lang='grc' dir='ltr'>ἐπιφέρων</span> <span class='ocrx_word' id='word_1_771' title='bbox 3540 4905 3600 4959; x_wconf 80' lang='grc' dir='ltr'>τὰ</span> 
     </span>
    </p>
   </div>
   <div class='ocr_carea' id='block_1_106' title="bbox 2038 4997 3599 5072">
    <p class='ocr_par' dir='ltr' id='par_1_106' title="bbox 2038 4997 3599 5072">
     <span class='ocr_line' id='line_1_106' title="bbox 2038 4997 3599 5072; baseline 0.001 -22"><span class='ocrx_word' id='word_1_772' title='bbox 2038 4997 2297 5067; x_wconf 84' lang='grc' dir='ltr'>ἐσόμενα.</span> <span class='ocrx_word' id='word_1_773' title='bbox 2329 4998 2470 5053; x_wconf 81' lang='grc' dir='ltr'>’Όλα</span> <span class='ocrx_word' id='word_1_774' title='bbox 2507 4998 2615 5072; x_wconf 83' lang='grc' dir='ltr'>γὰρ</span> <span class='ocrx_word' id='word_1_775' title='bbox 2644 5000 2666 5029; x_wconf 71' lang='grc' dir='ltr'>δ</span> <span class='ocrx_word' id='word_1_776' title='bbox 2697 4999 3061 5071; x_wconf 81' lang='grc' dir='ltr'>προεθέσπισε</span> <span class='ocrx_word' id='word_1_777' title='bbox 3100 4999 3188 5053; x_wconf 85' lang='grc' dir='ltr'>διὰ</span> <span class='ocrx_word' id='word_1_778' title='bbox 3223 5000 3323 5070; x_wconf 82' lang='grc' dir='ltr'><strong>τὴν</strong></span> <span class='ocrx_word' id='word_1_779' title='bbox 3356 5000 3452 5052; x_wconf 80' lang='grc' dir='ltr'><strong>οὐκ</strong></span> <span class='ocrx_word' id='word_1_780' title='bbox 3486 5000 3599 5052; x_wconf 81' lang='grc' dir='ltr'>εἵσω</span> 
     </span>
    </p>
   </div>
   <div class='ocr_carea' id='block_1_107' title="bbox 2037 5089 3601 5164">
    <p class='ocr_par' dir='ltr' id='par_1_107' title="bbox 2037 5089 3601 5164">
     <span class='ocr_line' id='line_1_107' title="bbox 2037 5089 3601 5164; baseline 0.002 -23"><span class='ocrx_word' id='word_1_781' title='bbox 2037 5089 2230 5144; x_wconf 82' lang='grc' dir='ltr'>παθῶν</span> <span class='ocrx_word' id='word_1_782' title='bbox 2293 5091 2693 5162; x_wconf 82' lang='grc' dir='ltr'>περιεχομένην</span> <span class='ocrx_word' id='word_1_783' title='bbox 2730 5092 2897 5145; x_wconf 81' lang='grc' dir='ltr'>αὐτοῦ</span> <span class='ocrx_word' id='word_1_784' title='bbox 2947 5092 3213 5164; x_wconf 88' lang='grc' dir='ltr'>θεότητα·</span> <span class='ocrx_word' id='word_1_785' title='bbox 3256 5091 3391 5146; x_wconf 85' lang='grc' dir='ltr'>ἀλλὰ</span> <span class='ocrx_word' id='word_1_786' title='bbox 3441 5092 3506 5146; x_wconf 78' lang='grc' dir='ltr'>δι’</span> <span class='ocrx_word' id='word_1_787' title='bbox 3542 5094 3601 5163; x_wconf 84' lang='grc' dir='ltr'>ἢν</span> 
     </span>
    </p>
   </div>
   <div class='ocr_carea' id='block_1_108' title="bbox 2038 5182 3600 5259">
    <p class='ocr_par' dir='ltr' id='par_1_108' title="bbox 2038 5182 3600 5259">
     <span class='ocr_line' id='line_1_108' title="bbox 2038 5182 3600 5259; baseline 0.001 -23"><span class='ocrx_word' id='word_1_788' title='bbox 2038 5182 2271 5246; x_wconf 73' lang='grc' dir='ltr'>ἕκαστος</span> <span class='ocrx_word' id='word_1_789' title='bbox 2297 5182 2407 5237; x_wconf 83' lang='grc' dir='ltr'><strong>τῶν</strong></span> <span class='ocrx_word' id='word_1_790' title='bbox 2433 5184 2528 5239; x_wconf 70' lang='grc' dir='ltr'><strong>ἐπὶ</strong></span> <span class='ocrx_word' id='word_1_791' title='bbox 2555 5182 2729 5258; x_wconf 76' lang='grc' dir='ltr'>βλάϐῃ</span> <span class='ocrx_word' id='word_1_792' title='bbox 2750 5185 2943 5239; x_wconf 79' lang='grc' dir='ltr'>ἑαυτοῦ</span> <span class='ocrx_word' id='word_1_793' title='bbox 2965 5204 3016 5239; x_wconf 91' lang='grc' dir='ltr'><strong>τι</strong></span> <span class='ocrx_word' id='word_1_794' title='bbox 3041 5186 3427 5259; x_wconf 77' lang='grc' dir='ltr'>ἐργαζόμενος,</span> <span class='ocrx_word' id='word_1_795' title='bbox 3445 5185 3600 5254; x_wconf 76' lang='grc' dir='ltr'>ἑαυτῷ</span> 
     </span>
    </p>
   </div>
   <div class='ocr_carea' id='block_1_109' title="bbox 2042 5275 3601 5350">
    <p class='ocr_par' dir='ltr' id='par_1_109' title="bbox 2042 5275 3601 5350">
     <span class='ocr_line' id='line_1_109' title="bbox 2042 5275 3601 5350; baseline 0.001 -22"><span class='ocrx_word' id='word_1_796' title='bbox 2042 5275 2334 5350; x_wconf 76' lang='grc' dir='ltr'>παραίτιος</span> <span class='ocrx_word' id='word_1_797' title='bbox 2367 5276 2693 5349; x_wconf 85' lang='grc' dir='ltr'>γεγένηται,</span> <span class='ocrx_word' id='word_1_798' title='bbox 2749 5278 2845 5332; x_wconf 79' lang='grc' dir='ltr'>τοῦ</span> <span class='ocrx_word' id='word_1_799' title='bbox 2875 5279 3013 5335; x_wconf 78' lang='grc' dir='ltr'>Θεοῦ</span> <span class='ocrx_word' id='word_1_800' title='bbox 3066 5278 3309 5333; x_wconf 85' lang='grc' dir='ltr'>ἀναιτίου</span> <span class='ocrx_word' id='word_1_801' title='bbox 3339 5278 3485 5341; x_wconf 73' lang='grc' dir='ltr'>ὄντος</span> <span class='ocrx_word' id='word_1_802' title='bbox 3514 5279 3601 5347; x_wconf 79' lang='grc' dir='ltr'>τῆς</span> 
     </span>
    </p>
   </div>
   <div class='ocr_carea' id='block_1_110' title="bbox 2040 5364 3602 5441">
    <p class='ocr_par' dir='ltr' id='par_1_110' title="bbox 2040 5364 3602 5441">
     <span class='ocr_line' id='line_1_110' title="bbox 2040 5364 3602 5441; baseline 0 -23"><span class='ocrx_word' id='word_1_803' title='bbox 2040 5364 2163 5418; x_wconf 85' lang='grc' dir='ltr'>καθ’</span> <span class='ocrx_word' id='word_1_804' title='bbox 2199 5367 2348 5437; x_wconf 80' lang='grc' dir='ltr'>ἡμᾶς</span> <span class='ocrx_word' id='word_1_805' title='bbox 2379 5368 2769 5441; x_wconf 84' lang='grc' dir='ltr'>παρεκτροπῆς</span> <span class='ocrx_word' id='word_1_806' title='bbox 2804 5386 2864 5422; x_wconf 91' lang='grc' dir='ltr'><strong>τε</strong></span> <span class='ocrx_word' id='word_1_807' title='bbox 2898 5368 2995 5422; x_wconf 70' lang='grc' dir='ltr'><strong>καὶ</strong></span> <span class='ocrx_word' id='word_1_808' title='bbox 3038 5368 3138 5439; x_wconf 78' lang='grc' dir='ltr'>τῆς</span> <span class='ocrx_word' id='word_1_809' title='bbox 3170 5368 3237 5419; x_wconf 83' lang='grc' dir='ltr'><strong>ἐκ</strong></span> <span class='ocrx_word' id='word_1_810' title='bbox 3266 5364 3467 5435; x_wconf 84' lang='grc' dir='ltr'>ταύτης</span> <span class='ocrx_word' id='word_1_811' title='bbox 3497 5364 3602 5419; x_wconf 81' lang='grc' dir='ltr'>καθ’</span> 
     </span>
    </p>
   </div>
   <div class='ocr_carea' id='block_1_111' title="bbox 2038 5458 3132 5533">
    <p class='ocr_par' dir='ltr' id='par_1_111' title="bbox 2038 5458 3132 5533">
     <span class='ocr_line' id='line_1_111' title="bbox 2038 5458 3132 5533; baseline 0.002 -22"><span class='ocrx_word' id='word_1_812' title='bbox 2038 5460 2072 5531; x_wconf 76' lang='grc' dir='ltr'><strong>ἡ</strong></span> <span class='ocrx_word' id='word_1_813' title='bbox 2083 5458 2199 5531; x_wconf 85' lang='grc' dir='ltr'><strong>μῶν</strong></span> <span class='ocrx_word' id='word_1_814' title='bbox 2236 5459 2539 5533; x_wconf 86' lang='grc' dir='ltr'>μελλούσης</span> <span class='ocrx_word' id='word_1_815' title='bbox 2566 5460 2785 5520; x_wconf 77' lang='grc' dir='ltr'>ἔσεσθαι</span> <span class='ocrx_word' id='word_1_816' title='bbox 2811 5460 3132 5531; x_wconf 84' lang='grc' dir='ltr'>καταδίκης.</span> 
     </span>
    </p>
   </div>
   <div class='ocr_carea' id='block_1_112' title="bbox 345 5552 3600 5630">
    <p class='ocr_par' dir='ltr' id='par_1_112' title="bbox 345 5552 3600 5630">
     <span class='ocr_line' id='line_1_112' title="bbox 345 5552 3600 5630; baseline -0.001 -19"><span class='ocrx_word' id='word_1_817' title='bbox 345 5556 492 5630; x_wconf 91' lang='lat' dir='ltr'><strong>quod</strong></span> <span class='ocrx_word' id='word_1_818' title='bbox 520 5553 903 5628; x_wconf 79' lang='lat' dir='ltr'><strong>unusquisque</strong></span> <span class='ocrx_word' id='word_1_819' title='bbox 954 5553 1208 5625; x_wconf 77' lang='lat' dir='ltr'><strong>suamin</strong></span> <span class='ocrx_word' id='word_1_820' title='bbox 1252 5552 1498 5609; x_wconf 87' lang='lat' dir='ltr'><strong>fraudem</strong></span> <span class='ocrx_word' id='word_1_821' title='bbox 1545 5553 1754 5629; x_wconf 86' lang='lat' dir='ltr'><strong>aliquid</strong></span> <span class='ocrx_word' id='word_1_822' title='bbox 1790 5556 2059 5626; x_wconf 44' lang='lat' dir='ltr'><strong>,moliens,</strong></span> <span class='ocrx_word' id='word_1_823' title='bbox 2124 5556 2270 5612; x_wconf 89' lang='lat' dir='ltr'><strong>ultro</strong></span> <span class='ocrx_word' id='word_1_824' title='bbox 2316 5557 2482 5627; x_wconf 89' lang='lat' dir='ltr'><strong>capiti</strong></span> <span class='ocrx_word' id='word_1_825' title='bbox 2532 5573 2635 5613; x_wconf 88' lang='lat' dir='ltr'><strong>suo</strong></span> <span class='ocrx_word' id='word_1_826' title='bbox 2660 5558 2863 5613; x_wconf 91' lang='lat' dir='ltr'><strong>malum</strong></span> <span class='ocrx_word' id='word_1_827' title='bbox 2898 5555 3154 5622; x_wconf 87' lang='lat' dir='ltr'><strong>arcessit,</strong></span> <span class='ocrx_word' id='word_1_828' title='bbox 3216 5570 3346 5612; x_wconf 87' lang='lat' dir='ltr'><strong>cum</strong></span> <span class='ocrx_word' id='word_1_829' title='bbox 3406 5552 3600 5609; x_wconf 89' lang='lat' dir='ltr'><strong>interim</strong></span> 
     </span>
    </p>
   </div>
   <div class='ocr_carea' id='block_1_113' title="bbox 423 5730 1946 5809">
    <p class='ocr_par' dir='ltr' id='par_1_113' title="bbox 423 5730 1946 5809">
     <span class='ocr_line' id='line_1_113' title="bbox 423 5730 1946 5809; baseline 0.001 -19"><span class='ocrx_word' id='word_1_830' title='bbox 423 5738 439 5767; x_wconf 87' lang='grc'>¹</span> <span class='ocrx_word' id='word_1_831' title='bbox 464 5736 624 5791; x_wconf 83' lang='lat' dir='ltr'><strong>Joan.</strong></span> <span class='ocrx_word' id='word_1_832' title='bbox 662 5754 703 5804; x_wconf 84' lang='grc' dir='ltr'><strong>ι,</strong></span> <span class='ocrx_word' id='word_1_833' title='bbox 736 5738 757 5793; x_wconf 83' lang='lat' dir='ltr'><strong>l</strong></span> <span class='ocrx_word' id='word_1_834' title='bbox 788 5730 907 5809; x_wconf 77' lang='lat' dir='ltr'><strong>sqq.</strong></span> <span class='ocrx_word' id='word_1_835' title='bbox 982 5738 1001 5768; x_wconf 84' lang='grc'>¹</span> <span class='ocrx_word' id='word_1_836' title='bbox 1034 5735 1228 5792; x_wconf 84' lang='lat' dir='ltr'><strong>Matth.</strong></span> <span class='ocrx_word' id='word_1_837' title='bbox 1260 5754 1311 5802; x_wconf 75' lang='grc' dir='ltr'><strong>ν,</strong></span> <span class='ocrx_word' id='word_1_838' title='bbox 1345 5735 1435 5791; x_wconf 67' lang='lat'><strong>£5.</strong></span> <span class='ocrx_word' id='word_1_839' title='bbox 1511 5737 1531 5767; x_wconf 85' lang='grc'>³</span> <span class='ocrx_word' id='word_1_840' title='bbox 1574 5753 1660 5806; x_wconf 60' lang='grc' dir='ltr'><strong>Π).</strong></span> <span class='ocrx_word' id='word_1_841' title='bbox 1700 5735 1946 5791; x_wconf 80' lang='grc' dir='ltr'>ὑπόνοια.</span> 
     </span>
    </p>
   </div>
   <div class='ocr_carea' id='block_1_114' title="bbox 346 5804 609 5878">
    <p class='ocr_par' dir='ltr' id='par_1_114' title="bbox 346 5804 609 5878">
     <span class='ocr_line' id='line_1_114' title="bbox 346 5804 609 5878; baseline 0.004 -16"><span class='ocrx_word' id='word_1_842' title='bbox 346 5804 461 5878; x_wconf 65' lang='grc' dir='ltr'>γὰρ</span> <span class='ocrx_word' id='word_1_843' title='bbox 490 5808 609 5863; x_wconf 73' lang='grc' dir='ltr'>ὅλα.</span> 
     </span>
    </p>
   </div>
   <div class='ocr_carea' id='block_1_115' title="bbox 2028 5734 3595 5813">
    <p class='ocr_par' dir='ltr' id='par_1_115' title="bbox 2028 5734 3595 5813">
     <span class='ocr_line' id='line_1_115' title="bbox 2028 5734 3595 5813; baseline 0.001 -21"><span class='ocrx_word' id='word_1_844' title='bbox 2028 5736 2275 5796; x_wconf 69' lang='grc' dir='ltr'>δῡοιεεε</span> <span class='ocrx_word' id='word_1_845' title='bbox 2332 5739 2545 5795; x_wconf 80' lang='lat' dir='ltr'><strong>videtur</strong></span> <span class='ocrx_word' id='word_1_846' title='bbox 2590 5739 2816 5813; x_wconf 77' lang='lat' dir='ltr'><strong>aliquid.</strong></span> <span class='ocrx_word' id='word_1_847' title='bbox 2872 5739 3000 5796; x_wconf 85' lang='lat' dir='ltr'><strong>Cor.</strong></span> <span class='ocrx_word' id='word_1_848' title='bbox 3057 5737 3356 5811; x_wconf 77' lang='grc' dir='ltr'>ἐπιφέρων.</span> <span class='ocrx_word' id='word_1_849' title='bbox 3394 5736 3469 5793; x_wconf 82' lang='grc' dir='ltr'>Τὰ</span> <span class='ocrx_word' id='word_1_850' title='bbox 3496 5734 3595 5793; x_wconf 68' lang='grc' dir='ltr'>ὲςᾶ.</span> 
     </span>
    </p>
   </div>
  </div>
