3768 6182
84 185 247 248 821

792 197 1114 258 ADVERSU
1126 199 1165 256 S
1196 201 1539 294 HERESES
1575 203 1705 264 LIB.

1883 207 1998 266 ΟΜ.
2039 209 2127 265 Ill.
2145 239 2216 251 —
2229 209 2506 268 HJERES.
2549 211 2729 267 XLIV.

3301 209 3409 266 89.2

85 313 481 384 cnrruptela:
533 313 700 387 hujus
758 328 978 384 nostrae,
1057 321 1553 394 damnationisque,
1611 341 1731 395 quze
1789 325 1941 381 illinc
1991 328 2280 398 s‘equitur,
2340 329 2556 400 culpam
2600 328 2744 383 Deus
2801 326 2952 383 nullo
2996 325 3158 384 modo
3238 330 3411 384 susti-

91 414 298 460 neat.

232 504 247 523 ς
351 501 374 518 σο
603 495 630 517 ‘l’
763 503 776 519 ε
842 497 870 522 'l'

249 504 326 554 Εν
350 516 550 556 απασιν
573 518 665 554 ουν
694 519 787 554 και
815 521 967 566 ουτος
992 507 1397 578 φωραθήσεται,
1437 510 1558 572 ταῖς
1592 509 1728 580 πρό-

1910 508 2276 574 Quamobrem
2336 507 2538 577 ubique
2582 521 2640 562 se
2687 504 2880 576 prodet
2903 506 3082 577 ipsum
3131 506 3406 578 prioribus

88 609 185 644 τε
199 611 312 664 ρον
355 594 448 646 καὶ
495 595 792 664 μετέπειτα
844 595 1273 668 ὲγκαταμιχθεὶς
1321 599 1634 672 αἱρέσεσιν,
1670 602 1734 653 ὲκ

89 685 240 738 τοῦ
295 685 530 758 ἀριθμοῦ
575 686 683 740 τῶν
733 687 833 757 τῆς
868 688 1143 754 ἀπωλείας
1189 691 1392 744 τέκνων
1437 692 1733 763 ὑπάρχων

92 774 416 848 δηλούσης
441 779 538 848 τῆς
571 777 872 846 Ἀληθείας,
901 780 996 832 καὶ
1021 780 1112 833 τοῦ
1154 781 1326 849 φωτὸς
1358 781 1451 834 τοῦ
1495 781 1738 853 Εὐαγγε-

93 867 264 923 λὶου
298 869 574 940 φωτεινῶς
598 870 694 940 τὴν
720 872 899 924 πᾶσαν
922 872 1246 944 οἰκουμένην
1275 874 1733 942 καταυγάζοντος,

103 963 242 1014 ιωιί
293 961 556 1026 σώζοντος
596 963 722 1026 τοὺς
769 965 919 1026 υίοὺς
953 965 1050 1036 τῆς
1098 964 1360 1037 ἀληθινῆς
1412 966 1646 1030 πίστεως
1679 967 1736 1019 ὲν

100 1051 402 1124 ἀληθεία.
444 1054 530 1116 Ὠς
559 1050 652 1107 οὗν
691 1056 754 1108 ὲκ
785 1055 1051 1126 συντόμου
1093 1057 1298 1110 σκοποῦ
1327 1057 1452 1126 ὅφιν
1484 1057 1735 1128 παρακύ-

98 1141 332 1205 ψαντα
355 1143 441 1198 διὰ
472 1145 670 1216 μικροῦ
705 1164 852 1209 τινος
891 1147 1119 1210 σκεύους
1151 1146 1451 1212 ἀνελόντες,
1492 1147 1735 1202 θανατω-

102 1235 338 1289 Οεῖσαν
370 1235 576 1309 ταύτην
602 1238 1076 1305 καταλελοίπότες,
1115 1239 1209 1293 ἐπὶ
1249 1240 1347 1304 τὰς
1378 1240 1506 1310 ἑξῆς
1543 1240 1734 1311 ἴωμεν,

104 1327 293 1380 κατά
329 1327 427 1399 τὴν
469 1329 800 1398 ἐπαγγελίαν
838 1330 936 1401 τὴν
970 1331 1064 1384 τοῦ
1097 1330 1232 1383 Θεοῦ
1277 1332 1734 1403 συμπαραλαϐόν-

103 1435 234 1482 τες
283 1419 570 1490 βοήθειαν,
615 1422 696 1485 είς
739 1422 800 1475 τὸ
852 1423 1200 1494 παραστῆσαι
1235 1422 1332 1494 τὴν
1379 1422 1544 1476 αὐτοῦ
1595 1423 1728 1494 ἀλή-

104 1511 321 1566 Οειαν.

506 1725 696 1786 ΚΑΤΑ
721 1725 1224 1779 ΑΠΕΛΛΗΙΑΝΩΝ
1241 1725 1374 1796 (87),

112 1840 412 1909 Εἰκοστὴ
444 1839 715 1910 τετάρτη,
748 1839 787 1908 ἠ
830 1839 928 1893 καὶ
961 1840 1422 1909 τεσσαρακοστὴ
1459 1839 1728 1908 τετάρτη.
1761 1869 1804 1924 Β

206 1948 298 2002 A'.
343 1946 545 2001 Τοῦτον
575 1947 666 2000 τὸν
695 1948 1091 2019 προειρημένον
1120 1949 1416 2005 Λουκιανὸν
1436 1950 1733 2021 διαδέχεται
1807 1961 1811 1966 ’

131 2037 426 2109 Ἀπελλῆς
445 2055 457 2068 ·
483 2039 581 2108 οὐχ
603 2041 632 2092 6
660 2038 815 2108 ἅγιος
839 2040 1046 2103 ἐκεῖνος
1074 2042 1102 2094 6
1135 2041 1239 2094 ὑπὸ
1265 2040 1359 2096 τοῦ
1382 2042 1537 2110 ἁγίου
1576 2043 1736 2096 Ἀπο-

123 2131 340 2185 στόλου
385 2133 795 2203 συνιστάμενος,
837 2133 948 2186 ἀλλ’
985 2133 1192 2204 ἔτερος,
1229 2135 1288 2198 ἐξ
1331 2127 1500 2207 οὗπερ
1543 2134 1734 2188 Ἀπελ-

117 2221 380 2292 ληῖανοὶ,
410 2221 485 2276 ὣν
512 2222 604 2276 καὶ
628 2224 790 2286 αὐτὸς
817 2225 1189 2296 συσχολαστὴς
1219 2224 1383 2276 αὐτοῦ
1411 2224 1732 2290 Λουκιανοῦ,

124 2315 240 2367 καὶ
278 2313 530 2386 μαθητὴς
564 2314 658 2367 τοῦ
704 2317 1106 2387 προειρημένου
1155 2316 1480 2387 Μαρκίωνος
1504 2332 1516 2344 ⁶
1558 2316 1634 2380 ὡς
1673 2318 1736 2369 ὲκ

127 2408 288 2477 μιᾶς
337 2407 494 2478 ῥίζης
538 2406 747 2459 πολλῶν
793 2407 1048 2461 ἀκανθῶν
1089 2407 1501 2478 ὑλομανήσασαι
1559 2423 1736 2479 παρα-

123 2497 373 2566 φυάδες.
406 2497 608 2570 Ἕτερα
634 2498 691 2552 δὲ
725 2491 881 2562 οὗτος
910 2499 1062 2570 παρά
1103 2502 1230 2563 τοὺς
1259 2499 1452 2563 ἄλλους
1488 2500 1736 2571 βούλεται

122 2590 521 2661 δογματίζειν.
567 2592 677 2644 Καὶ
707 2593 849 2646 κατά
901 2592 1001 2662 μὲν
1033 2591 1126 2644 τοῦ
1176 2592 1372 2646 ἑαυτοῦ
1417 2593 1735 2647 διδασκάλου

126 2682 516 2752 ὁπλισάμενος
563 2683 778 2749 ἑαυτὸν,
821 2684 916 2737 καὶ¹
947 2683 1089 2736 κατά
1127 2685 1226 2754 τῆς
1253 2685 1537 2755 ἀληθείας,
1572 2688 1652 2750 είς
1675 2685 1738 2740 τὸ

135 2775 500 2844 συναγείρειν
530 2775 708 2847 ἑαυτῷ
743 2776 834 2830 καὶ
870 2776 1034 2840 αὐτὸς
1078 2777 1274 2848 σχολὴν
1305 2779 1737 2850 πεπλανημένων

131 2865 475 2938 ἀνθρώπων,
498 2866 569 2920 τὰ
591 2867 816 2921 τοιαῦτα
841 2867 1088 2939 βούλεται
1112 2868 1460 2939 δογματίζειν
1479 2887 1491 2899 ο
1515 2871 1738 2939 φάσκων

137 2958 275 3026 μὲν,
324 2958 406 3011 ὅτι
436 2959 534 3030 ούχ
563 2959 757 3023 οὕτως,
789 2961 942 3030 φησὶ,
973 2961 1304 3032 γεγένηται·
1349 2960 1485 3014 ἀλλά
1531 2962 1739 3016 πεπλά-

134 3065 314 3118 νηται
351 3049 653 3120 Μαρκίων⁹
696 3048 783 3102 ἵνα
823 3050 1161 3120 πανταχόθεν
1210 3051 1387 3121 ἑαυτῷ
1431 3050 1541 3122 (88)
1589 3052 1740 3121 ἐλέγ-

137 3141 328 3210 χουσα
362 3159 423 3194 τε
462 3143 494 3211 ἠ
534 3141 710 3207 ἄνοια,
749 3142 844 3195 καὶ
877 3144 910 3212 ἠ
951 3142 1151 3212 ἀνομία
1203 3144 1260 3196 ὲν
1305 3145 1470 3214 ἑαυτῇ
1519 3161 1739 3216 συντρι-

1841 617 1906 656 ac
1932 600 2334 672 posterioribus
2377 599 2544 654 sectis
2586 597 2948 669 implicatum,
2985 613 3049 652 ac
3092 613 3201 654 see
3227 599 3404 668 perdi-

1835 694 2001 748 tionis
2054 691 2285 747 filiorum
2337 707 2564 746 numero
2607 706 2727 746 esse
2774 690 3124 754 monstrabit,
3177 704 3299 743 cum
3355 689 3406 744 id

1836 785 2131 840 manifeste
2162 783 2381 839 Veritas
2430 783 2547 852 ipsa
2596 781 2867 848 declaret;
2909 781 3196 851 ipsumque
3225 779 3407 833 lumen

1835 879 2112 950 Evangelii
2171 887 2342 934 totum
2400 887 2671 933 terrarum
2729 876 2916 932 orbem
2972 890 3074 930 suo
3120 873 3408 944 splendore

1835 974 2141 1035 collustret,
2192 987 2256 1026 ac
2304 971 2534 1026 sincerae
2575 969 2857 1039 religionis
2905 967 3046 1022 filios
3079 965 3145 1020 ad
3178 965 3407 1021 salutem

1837 1065 2104 1122 beneficio
2142 1062 2389 1118 veritatis
2437 1060 2690 1116 adducat.
2736 1058 3033 1130 Postquam
3090 1057 3254 1128 igitur
3282 1057 3410 1112 bre—

1835 1160 2061 1215 vissimo
2092 1157 2187 1211 illo
2224 1155 2510 1226 proposito
2538 1153 2698 1208 nobis
2731 1152 2796 1206 ad
2832 1152 3219 1220 disputandum
3250 1165 3411 1221 argu-

1835 1257 2021 1305 mento
2056 1262 2329 1302 emersum
2373 1261 2404 1300 e
2450 1244 2676 1300 latebris
2709 1251 3013 1313 serpentem
3041 1242 3186 1297 velut
3216 1241 3411 1311 exiguo

1834 1343 1942 1398 telo
1996 1341 2350 1404 confecimus,
2403 1345 2566 1407 atque
2617 1343 2922 1392 emortuam
2975 1333 3208 1388 haeresin
3262 1332 3411 1385 illam

1833 1431 2180 1501 reliquimus,
2215 1431 2282 1485 ad
2315 1431 2552 1500 reliquas
2583 1428 3022 1500 progrediamur,
3049 1425 3164 1491 Dei,
3189 1431 3248 1479 ut
3270 1438 3411 1493 saepe

1833 1521 2072 1593 professi
2124 1537 2339 1584 sumus,
2396 1521 2686 1591 implorata
2741 1520 2894 1591 prius
2941 1534 3063 1589 ope,
3107 1532 3216 1589 quo
3264 1515 3411 1571 illius

1833 1613 2120 1668 veritatem
2152 1612 2426 1682 explicare
2458 1610 2754 1679 possimus.

2215 1723 2498 1780 CONTRA
2536 1719 3035 1784 APELLEIANOS,

2099 1840 2230 1907 Quae
2255 1849 2334 1895 est
2361 1840 2575 1894 haeresis
2599 1836 2793 1892 XXIV
2823 1837 2928 1889 sive
2957 1833 3162 1890 XLIV.

1903 1957 1944 2012 l.
1984 1955 2286 2011 Lucianum
2348 1953 2596 2024 proxime
2656 1953 2905 2022 sequitur
2973 1948 3230 2019 Apelles:
3302 1959 3414 2001 non

1834 2049 1924 2105 ille
1952 2057 2200 2112 sanctus,
2243 2057 2298 2103 et
2328 2048 2395 2102 ab
2426 2047 2685 2117 Apostolo
2713 2043 3171 2107 commendatus;
3209 2040 3303 2096 sed
3337 2039 3416 2093 di-

1832 2157 2030 2198 versus
2075 2142 2143 2196 ab
2183 2157 2248 2196 eo
2271 2139 2517 2209 quidam,
2566 2153 2595 2192 a
2643 2153 2751 2207 quo
2793 2134 3097 2207 Apelleiani
3131 2130 3414 2202 cognomi-

1834 2234 1948 2289 nati
1998 2244 2142 2289 sunt.
2188 2232 2289 2287 Hic
2335 2233 2563 2287 Luciaui
2613 2231 3047 2300 condiscipulus,
3091 2235 3144 2283 et
3181 2225 3408 2279 Marcio-

1835 2327 1921 2382 nis
1967 2326 2184 2380 auditor
2229 2325 2352 2389 fuit,
2398 2323 2856 2394 quemadmodum
2905 2336 3045 2391 smpe
3101 2319 3177 2384 fit,
3211 2327 3271 2372 ut
3305 2317 3415 2387 spi-

1836 2420 1956 2474 nosi
2003 2418 2231 2472 frutices
2264 2416 2418 2470 multi
2453 2431 2519 2470 ex
2557 2430 2664 2468 una
2696 2413 2880 2468 radice
2925 2411 3268 2465 luxuriantes
3302 2407 3418 2477 pul-

1838 2512 2020 2566 lulent.
2066 2510 2388 2578 Quanquam
2443 2507 2533 2561 ille
2580 2506 2795 2560 diversa
2845 2504 2912 2558 ab
2959 2503 3080 2556 aliis
3131 2499 3419 2570 quamplu-

1837 2605 1976 2658 rima
2001 2603 2212 2658 statuit.
2252 2599 2385 2653 Nam
2418 2607 2471 2653 et
2500 2599 2764 2653 adversus
2795 2596 3115 2665 magistrum
3147 2605 3328 2653 suum,
3363 2598 3420 2642 et

1839 2696 2106 2750 adversus
2186 2691 2471 2746 veritatem
2529 2689 2701 2759 ipsam
2763 2700 3009 2740 armasse
3066 2698 3126 2738 se
3176 2681 3415 2740 videtur,

1843 2803 1951 2859 quo
1989 2790 2042 2842 in
2079 2802 2266 2842 errore
2324 2783 2659 2839 versantium
2699 2780 2980 2834 hominum
3019 2773 3272 2845 privatim
3313 2770 3416 2825 sibi

1839 2883 1958 2952 ipse
1994 2881 2236 2936 scholam
2271 2883 2560 2950 quaarcret.
2600 2870 2886 2943 Ejusmodi
2925 2876 3054 2926 sunt
3085 2874 3264 2920 autem
3297 2863 3416 2932 ejus

1839 2971 2114 3041 dogmata.
2171 2967 2341 3039 Negat
2390 2967 2484 3028 ita,
2536 2964 2616 3018 uti
2667 2958 2872 3014 Marcio
2915 2955 3126 3019 definit,
3155 2965 3277 3007 sese
3303 2963 3415 3004 rem

1841 3063 2086 3127 habere;
2149 3058 2491 3130 proindeque
2533 3056 2685 3110 illum
2745 3051 3004 3122 opinione
3067 3047 3303 3116 lapsum,
3357 3050 3419 3096 ut

1843 3153 2127 3210 confutata
2156 3167 2254 3222 per
2279 3152 2516 3220 seipsam
2564 3145 2799 3208 insania,
2844 3141 3036 3196 collisa
3071 3151 3256 3193 secum
3287 3148 3421 3188 con-

140 3234 360 3305 6ομὲνη
398 3236 719 3305 φανήσεται,
748 3235 844 3288 καὶ
882 3235 1004 3288 καθ’
1049 3237 1249 3306 ἑαυτῆς
1289 3237 1387 3307 τὴν
1428 3237 1730 3309 ἀνατροπὴν

1883 3253 2128 3315 'actaque
2186 3243 2438 3298 videatur
2494 3239 2788 3309 impietas,
2845 3245 2898 3289 et
2935 3232 2999 3286 ad
3073 3227 3416 3296 semetipsarn

147 3325 540 3396 ἐπεγείρουσα,
579 3326 678 3397 τῆς
719 3325 979 3396 ἀληθείας
1017 3327 1104 3379 ἀεὶ
1151 3327 1368 3398 ἑδραίας
1410 3327 1596 3400 οὔσης,
1647 3331 1738 3384 καὶ

152 3415 236 3486 μὴ
291 3417 480 3486 χρείαν
530 3417 764 3486 ἐχούσης
813 3417 1094 3487 βοηθείας,
1147 3418 1284 3472 ἀλλὰ
1341 3419 1738 3474 αὐτοσυστάτου

147 3506 348 3577 οὔσης,
372 3508 465 3561 καὶ
494 3507 648 3580 παρά
678 3506 796 3578 Θεῷ
830 3507 908 3579 τῷ
937 3507 1107 3572 ὅντως
1133 3509 1221 3561 ἀεὶ
1252 3508 1667 3580 συνισταμένης.

225 3774 434 3828 Φάσκει
471 3771 599 3842 γοῦν
628 3766 782 3834 οὗτος
827 3773 856 3824 6
909 3770 1303 3842 προειρημένος
1344 3769 1604 3842 Ἀπελλῆς
1649 3771 1743 3824 καὶ

151 3869 206 3922 oi.
238 3870 336 3923 ἀπ’
365 3867 529 3922 αὐτοῦ
551 3908 565 3933 ,
597 3868 678 3919 ὅτι
707 3867 807 3919 οὐκ
834 3866 940 3919 εἰσὶ
969 3869 1118 3934 τρεῖς
1144 3865 1337 3935 ἀρχαὶ,
1373 3863 1496 3916 οὕτε
1525 3863 1638 3929 δύο,
1669 3863 1743 3927 ὡς

153 3965 275 4025 τοῖς
323 3961 452 4031 περὶ
485 3959 780 4012 Λουκιανὸν
815 3958 910 4012 καὶ
959 3957 1264 4030 Μαρκίωνα
1317 3956 1513 4021 ἔδοξεν.
1562 3955 1741 4019 Ἀλλὰ,

157 4052 360 4123 φησὶν,
392 4045 471 4114 εἷς
523 4052 670 4102 ἐστιν
702 4048 905 4117 ἀγαθὸς
956 4048 1122 4111 Θεὸς,
1154 4047 1247 4100 καὶ
1282 4046 1380 4118 μία
1425 4047 1599 4118 ἀρχὴ,
1652 4047 1745 4099 καὶ

162 4147 265 4215 μία
295 4144 525 4213 δύναμις
561 4142 1022 4213 ἀκατονόμαστος.
1055 4135 1127 4211 ’ᾯ
1154 4139 1235 4192 ἐνὶ
1261 4139 1411 4210 Θεῷ,
1442 4140 1608 4209 ἤγουν
1647 4141 1747 4210 μιᾷ

162 4240 308 4308 ἀρχῇ
331 4277 344 4301 ,
380 4236 530 4289 οὐδὲν
576 4233 880 4305 μεμέληται
919 4231 1026 4285 τῶν
1057 4230 1291 4284 ἐνταῦθα
1339 4233 1396 4283 ὲν
1451 4231 1528 4301 τῷ
1557 4231 1747 4302 κόσμῳ

161 4330 344 4400 τούτῳ
369 4327 767 4398 γεγενημένων.
819 4323 977 4377 Ἀλλά
1011 4325 1038 4376 6
1079 4323 1240 4386 αὐτὸς
1293 4321 1446 4391 ἅγιος
1473 4323 1605 4387 Θεὸς
1652 4323 1747 4377 καὶ

160 4417 406 4486 ἀγαθὸς,
441 4420 470 4470 6
503 4416 714 4471 ἀνωθεν
739 4414 870 4478 Θεὸς
918 4414 1014 4466 καὶ
1051 4413 1255 4482 ἀγαθὸς
1282 4453 1297 4477 ,
1344 4413 1598 4484 ἐποίησεν
1652 4413 1747 4467 ἕνα

162 4510 322 4563 ἄλλον
356 4509 508 4563 Θεόν.
562 4508 619 4561 ’0
647 4507 704 4560 δὲ
739 4506 1029 4576 γενόμενος
1081 4504 1240 4568 ἄλλος
1270 4504 1401 4568 Θεὸς
1443 4503 1624 4558 ἔκτισε
1677 4504 1748 4558 τὰ

164 4603 374 4666 πάντα,
410 4599 680 4670 οὐρανὸν,
732 4599 828 4651 καὶ
881 4598 1014 4669 γῆν,
1061 4597 1157 4649 καὶ
1201 4597 1380 4650 πάντα
1435 4596 1503 4650 τά
1553 4596 1611 4649 ἐν
1669 4595 1747 4666 τῷ

166 4693 375 4762 κόσμῳ.
425 4689 628 4760 Ἀπέϐη
663 4689 720 4742 δὲ
769 4689 870 4742 οὐκ
901 4687 1145 4756 ἀγαθὸς,
1195 4686 1288 4739 καὶ
1338 4685 1406 4739 τὰ
1456 4687 1546 4739 ὑπ’
1580 4686 1746 4740 αὐτοῦ

166 4784 464 4852 γενόμενα,
510 4779 673 4850 φησὶν
703 4819 717 4844 ,
759 4780 859 4832 οὐκ
911 4776 1129 4847 ἀγαοῶς
1188 4775 1556 4846 εἰργασμένα·
1612 4776 1748 4830 ἀλλά

167 4877 311 4931 κατά
337 4877 437 4948 τὴν
458 4875 621 4929 αὐτοῦ
666 4873 876 4945 φαύλην
924 4873 1164 4927 διάνοιαν
1213 4871 1281 4925 τὰ
1317 4873 1406 4926 ὑπ’
1452 4871 1616 4926 αὑτοῦ
1660 4871 1750 4927 ἐκ·

168 4987 370 5023 τισται.

239 5065 317 5118 B'.
353 5062 449 5126 Τίς
476 5061 532 5114 δὲ
579 5060 829 5124 ἀνέξεται
874 5059 983 5114 τῶν
1009 5056 1265 5111 τοιούτων
1309 5056 1482 5122 λόγων
1506 5095 1520 5121 ,
1571 5054 1665 5108 καὶ
1689 5055 1748 5109 οὐ

178 5155 375 5226 μᾶλλον
419 5149 813 5220 καταγελάσειε
865 5151 962 5221 τῆς
1014 5149 1269 5217 τοιαύτης
1325 5145 1750 5216 ματαιοπονίας;

177 5244 334 5300 Κατὰ
363 5244 472 5314 γὰρ
520 5242 613 5296 δύο
654 5241 888 5314 τρόπους
933 5239 1288 5311 εὑρεθήσεται
1336 5236 1435 5307 οὐχ
1480 5235 1754 5306 ἁρμοδίως

178 5337 469 5410 πράττων,
503 5333 782 5407 χρώμενος
834 5335 906 5406 τῇ
947 5331 1168 5401 τοιαύτῃ
1223 5328 1466 5399 ὑπονοίᾳ.
1504 5327 1616 5381 Καὶ
1666 5325 1754 5394 διά

247 5493 361 5563 (87)
414 5489 873 5563 Ἄπελλητανῶι-ξ.
926 5487 1004 5563 De
1057 5486 1242 5556 Apelle
1306 5481 1748 5563 memi_nit_inter

185 5553 317 5618 alios
342 5553 610 5617 Pacianus
641 5553 801 5632 epist.
835 5561 885 5632 l,
912 5559 1071 5632 cujus
1105 5553 1158 5632 et
1190 5554 1546 5632 corrigendus
1573 5553 1747 5614 locus,

186 5639 241 5691 in
271 5649 382 5707 quo
409 5624 781 5703 Marcioniias,
821 5624 1243 5703 Apollinaricos,
1275 5624 1668 5696 Cataphrygas,
1696 5629 1750 5678 et

1841 3336 2190 3394 evertendam
2227 3335 2376 3389 velut
2405 3331 2639 3402 quadam
2671 3325 3077 3395 conspiratione
3105 3320 3415 3376 concitata:

1842 3440 1966 3480 cum
1994 3423 2210 3478 interim
2249 3422 2453 3477 veritas
2505 3418 2720 3474 stabilis
2764 3426 2815 3471 et
2885 3413 3037 3468 ﬁrma
3081 3415 3416 3481 permaneat,

1843 3530 1946 3572 nec
1993 3513 2200 3568 auxilio
2255 3503 2584 3582 cujusquam
2635 3506 2914 3577 indigeat;
2973 3509 3159 3572 utpote
3183 3513 3301 3569 qum
3325 3511 3423 3569 per

1845 3621 1968 3662 sese
2001 3603 2301 3669 cohaereat,
2332 3610 2386 3657 et
2418 3599 2561 3670 apud
2586 3598 2785 3662 Deum,
2842 3594 2938 3666 qui
2979 3605 3170 3649 revera
3215 3589 3420 3658 sempi-

1844 3704 2036 3752 ternus
2064 3705 2167 3758 est,
2203 3700 2465 3765 perpetuo
2495 3690 2785 3746 consistat.

1916 3786 2076 3856 381
2129 3783 2298 3854 Igitur
2332 3781 2567 3851 Apelles,
2642 3777 2872 3847 ejusque
2919 3773 3082 3828 factio
3127 3767 3308 3824 omnis
3345 3765 3420 3820 ita

1845 3879 2056 3934 sentit:
2089 3875 2208 3931 Non
2267 3889 2388 3929 esse
2437 3870 2708 3942 principia
2764 3869 2893 3932 tria,
2949 3879 3126 3936 neque
3177 3864 3306 3925 duo,
3363 3866 3422 3913 ut

1847 3967 2090 4022 Luciano
2155 3980 2220 4019 ac
2281 3962 2542 4017 Marciani
2600 3961 2846 4025 videtur,
2913 3957 3006 4012 sed
3031 3960 3236 4010 ‘unum
3297 3965 3422 4005 esse

1849 4062 2053 4116 bonum
2097 4057 2289 4124 Deum,
2344 4069 2618 4124 unumque
2656 4051 3009 4123 principium,
3057 4062 3121 4102 ac
3164 4045 3423 4099 virtutem

1848 4169 2010 4210 unam
2050 4149 2289 4206 nominis
2330 4154 2628 4216 expertem.
2666 4144 2769 4210 Qui
2809 4142 3025 4212 quidem
3074 4138 3217 4193 Deus
3261 4149 3422 4198 unus,

1849 4258 2126 4314 unumque
2180 4241 2506 4312 principium
2559 4239 2762 4292 nullam
2813 4248 3000 4290 eorum
3049 4246 3170 4302 quae
3219 4228 3272 4282 in
3322 4227 3425 4280 hoc

1849 4337 2054 4392 mundo
2101 4339 2366 4406 geruntur
2419 4344 2605 4386 curam
2661 4327 2912 4397 suscipit.
2968 4325 3237 4380 Caeterum
3282 4319 3422 4372 idem

1851 4431 1941 4485 ille
1971 4435 2219 4491 sanctus,
2255 4426 2542 4494 bonusque
2566 4421 2729 4485 Deus,
2770 4421 2864 4489 qui
2905 4433 2934 4471 a
2974 4414 3244 4488 principio
3285 4410 3426 4463 Deus

1850 4528 1955 4588 est,
1986 4534 2072 4574 .ac
2104 4520 2304 4582 bonus,
2336 4516 2502 4569 alium
2544 4513 2800 4583 produxit
2837 4510 3024 4565 Deum.
3059 4507 3139 4560 Ab
3177 4505 3280 4558 hoc
3313 4499 3427 4554 uni-

1855 4627 2012 4668 versa
2036 4610 2256 4666 condita
2289 4615 2438 4671 sunt,
2464 4606 2663 4661 etelum
2694 4602 2946 4657 videlicet
2969 4615 3033 4653 ac
3062 4605 3228 4659 terra,
3262 4600 3423 4647 crete-

1853 4720 2023 4775 raque
2051 4719 2172 4775 quae
2199 4702 2253 4756 in
2279 4701 2382 4756 hoc
2403 4697 2608 4754 mundo
2627 4695 2940 4766 cernimus,
2969 4691 3063 4746 sed
3098 4689 3182 4743 hic
3202 4685 3425 4740 minime

1854 4798 2034 4852 bonus
2063 4795 2257 4860 evasit,
2285 4793 2512 4862 ejusque
2541 4803 2707 4860 opera
2736 4786 2917 4842 omnia
2949 4798 3059 4838 non
3093 4781 3232 4835 bene
3263 4775 3426 4838 facta,

1858 4904 1922 4945 ac
1945 4903 2045 4960 pro
2075 4888 2216 4942 mala
2244 4886 2390 4940 illius
2418 4891 2597 4938 mente
2619 4887 2747 4936 sunt
2777 4878 2846 4932 ab
2875 4877 2970 4932 illo
2998 4874 3284 4929 fabricata.

1927 5049 1993 5104 ll.
2018 5047 2219 5104 Verum
2243 5047 2368 5117 quis
2394 5043 2485 5098 illa
2512 5041 2763 5112 dogmata
2793 5038 3062 5109 patienter
3095 5033 3297 5094 audiat,
3331 5045 3431 5086 nec

1859 5141 2136 5197 insaniam
2154 5139 2299 5193 illam
2332 5126 2515 5207 potius
2536 5141 2589 5189 et
2613 5133 2904 5186 amentiam
2927 5126 3182 5182 irrideat?
3210 5123 3432 5177 Duobus

1859 5233 2059 5305 quippe
2086 5229 2261 5284 modis
2291 5229 2392 5283 hac
2420 5227 2638 5298 quidem
2672 5225 2726 5278 in
2766 5220 3021 5291 Opinione
3048 5217 3274 5273 minime
3300 5230 3433 5269 con-

1860 5330 2119 5380 sentanea
2149 5319 2363 5376 videtur
2385 5332 2651 5373 asserere.
2679 5312 2862 5383 Itaque
2893 5312 2972 5366 sic
3001 5310 3151 5365 illum
3173 5314 3432 5376 tanquam

1857 5477 2188 5534 Novatianos
2218 5480 2486 5530 recenset.
2534 5470 2663 5542 Leg.
2707 5468 3039 5538 Apelleianos
3102 5478 3200 5535 pro
3229 5459 3408 5516 Anam

1858 5565 2066 5692 "026(60):
2081 5619 2204 5674 Ἵνα
2232 5615 2607 5687 πανταχόθεν
2635 5607 2842 5677 ἑαυτῷο
2885 5607 3024 5677 Lege
3051 5602 3270 5661 έαυτδν⁹
