3846 6362
366 285 476 341 κείς
1784 283 1847 339 S.
1890 282 1950 339 El

2062 280 2237 337 BAN"
2654 305 2659 310 ’
2966 322 2971 329 .
3539 275 3677 331 8⁸24

368 411 692 471 praesentem
725 396 1003 467 alloquar:
1034 396 1129 453 Dic
1159 396 1316 461 milii,
1350 397 1534 463 sodes,
1568 398 1803 469 Apelles.
1842 396 1950 451 iloc

2062 394 2217 447 τοῦτο
2250 393 2384 465 πρὸς
2413 393 2574 447 αὑτὸν
2601 392 2677 456 ὡς
2706 391 2843 463 πρὸς
2887 390 3132 463 παρόντα
3174 390 3286 462 ἐρῶ
3308 408 3320 421 ·
3352 390 3497 460 Λέγε
3530 408 3675 462 μοι,

368 488 515 544 enim
547 486 725 551 dabis,
751 489 976 557 opinor:
1012 495 1105 541 aut
1136 487 1289 541 illum
1320 503 1636 557 supremum
1668 485 1833 541 Deum
1866 486 1950 541 fu-

2062 479 2101 539 ἷ)
2135 481 2308 551 οὗτος.
2343 484 2545 549 Δὼσεις
2580 482 2720 557 γὰρ,
2756 480 2803 539 ὧ
2836 483 3095 554 Ἀπελλῆ,
3130 483 3279 554 ἢτὺν
3298 482 3435 536 Θεὸν
3464 484 3676 552 ἀγνω-

370 587 491 630 tura
519 575 875 641 nescientem,
920 577 1064 631 hunc
1105 592 1264 647 quem
1310 576 1448 632 dicis
1487 592 1651 649 opera
1682 593 1781 634 sua
1811 578 1950 633 male

2062 593 2179 631 στον
2214 576 2324 632 τῶν
2374 576 2679 649 μελλόντων
2725 574 3071 646 πεποιηκότα
3094 574 3227 628 Θεὸν
3251 613 3271 639 ,
3313 574 3375 627 δν
3406 575 3671 645 φάσκεις

368 664 691 735 fabricasse,
738 665 1012 723 eﬂinxisse
1064 666 1271 732 Deum;
1315 676 1410 721 aut
1457 683 1582 723 cum
1630 668 1789 722 talem
1837 668 1950 724 fore

2062 669 2123 723 τά
2155 669 2435 743 ποιήματα
2486 668 2667 733 καλῶς
2709 668 2725 698 ¹
2755 668 3312 739 δεδημιουργηκέναι·
3370 668 3405 739 ἤ
3446 686 3676 741 προτι-

366 769 745 832 cognosceret,
779 760 900 818 ideo
930 760 1273 832 produxisse,
1310 771 1369 816 ut
1398 777 1586 817 eorum
1623 771 1767 818 esset
1803 762 1950 833 ipso-

2062 757 2328 813 νώσκοντα
2358 759 2457 831 μὲν
2475 799 2490 825 ,
2542 758 2624 812 ὅτι
2653 757 2893 821 τοιοῦτος
2938 759 2966 810 ὁ
2992 758 3084 811 ὑπ’
3129 757 3289 811 αὑτοῦ
3320 758 3670 828 κτιζόμενες

370 870 491 907 rmn
518 868 705 920 causa,
738 869 859 924 qua:
888 855 1027 909 male
1063 864 1249 925 postea
1276 854 1539 908 condidit.
1570 853 1646 907 Ex
1676 868 1785 924 quo
1814 869 1950 909 con-

2062 851 2185 916 Θεδς
2215 852 2394 925 ἀπέϐη
2422 851 2612 906 τούτου
2638 850 2801 923 χάριν
2827 849 2991 903 αὑτὸν
3018 850 3398 921 πεποιηκέναι,
3435 851 3525 905 ἶνα
3560 852 3671 903 αἷ-

368 961 607 1017 sequens
637 954 742 1011 est,
780 961 1096 1015 supremum
1138 947 1289 1001 illum
1329 944 1499 1001 Deum
1535 945 1695 1017 plane
1725 946 1952 1002 Creato-

369 1052 483 1093 rem
511 1053 653 1105 esse,
681 1038 774 1108 qui
806 1054 972 1092 unum
1003 1038 1154 1094 illum
1185 1038 1508 1110 procrearit,
1535 1054 1564 1092 a
1597 1053 1705 1105 quo
1732 1037 1950 1094 condita

368 1138 501 1187 sunt
540 1131 741 1185 omnia.
781 1130 962 1196 Quare
997 1145 1164 1187 causa
1201 1130 1307 1186 erit
1339 1130 1503 1185 etiam
1546 1131 1673 1201 ille;
1714 1146 1822 1187 non
1856 1132 1951 1205 qui

367 1236 459 1277 res
481 1230 691 1276 creatas
713 1221 904 1285 edidit,
924 1220 1017 1278 sed
1043 1237 1291 1278 summus
1309 1222 1424 1294 ipse
1445 1220 1720 1278 Creatoris
1737 1231 1953 1292 auctor,

366 1309 462 1384 qui
497 1310 568 1368 sit
596 1312 974 1366 universorum
1005 1309 1184 1381 opifex

438 1485 554 1544 Iloc
591 1504 721 1544 vero
749 1487 976 1559 insuper
1004 1486 1262 1555 afﬁrmas,
1294 1489 1588 1561 posin-mis
1616 1489 1953 1561 temporibus

369 1582 614 1641 adfuisse
649 1583 956 1648 Christum,
998 1584 1240 1655 supremi
1287 1584 1546 1638 nimirum
1592 1599 1656 1638 ac
1701 1584 1827 1639 boni
1858 1584 1951 1641 Dei

370 1674 588 1740 Filium,
610 1676 837 1746 ejusque
862 1673 1124 1745 Spiritum
1150 1684 1424 1741 sanctum,
1447 1674 1512 1728 ad
1537 1690 1724 1728 eorum
1758 1674 1953 1729 simili-

2051 959 2164 1007 τιος
2201 943 2428 1015 γένηται
2483 942 2593 997 τῶν
2622 942 2809 1006 κακῶς
2842 941 2932 995 ὑπ’
2971 939 3135 995 αὑτοῦ
3166 941 3668 1013 δεδημιουργημὲο

2051 1052 2179 1092 νων.
2230 1036 2341 1090 Καὶ
2387 1035 2540 1089 ἔσται
2591 1035 2892 1102 ἐξάπαντος
2941 1034 2971 1086 ὁ
3018 1033 3131 1088 ἄνω
3167 1032 3301 1096 Θεὸς
3344 1033 3509 1097 αὑτὸς
3535 1038 3667 1105 Δη-

2056 1128 2315 1203 μωυργός
2334 1169 2350 1196 ,
2384 1129 2616 1201 ποιήσας
2644 1128 2735 1183 τὸν
2781 1127 2877 1181 ἕνα
2908 1126 3002 1181 τὸν
3042 1125 3113 1180 τά
3141 1126 3316 1180 πάντα
3341 1125 3667 1197 πεποιηκός

2050 1239 2120 1277 τα
2146 1239 2160 1253 ·
2192 1222 2287 1276 καὶ
2309 1221 2461 1274 ἔσται
2489 1220 2675 1275 οὐκέτι
2697 1221 2867 1284 αἴτιος
2888 1220 2918 1273 ὁ
2943 1218 3043 1283 τάς
3065 1218 3272 1283 κτίσεις
3295 1217 3660 1290 πεποιηκὼς,

2052 1315 2189 1369 ἀλλά
2213 1317 2241 1369 ὁ
2272 1315 2383 1370 ἀνω
2415 1313 2546 1377 Θεὸς
2578 1315 2607 1367 ὁ
2632 1313 2724 1368 τὸν
2750 1313 2992 1367 Κτίσττην
3027 1312 3277 1385 ποιήσας.
3298 1312 3395 1365 καὶ
3424 1312 3504 1367 ὢν
3540 1310 3665 1367 αὑ-

2051 1408 2145 1471 τδς
2170 1406 2279 1461 τῶν
2303 1406 2520 1461 πάντων
2551 1405 2903 1477 δημιουργός.

2123 1498 2360 1569 Χριστὸν
2406 1497 2463 1551 δέ
2500 1498 2657 1569 ἥκειν
2692 1497 2799 1567 φῂς
2851 1494 2940 1550 ἐπ’
2980 1496 3223 1566 ἐσχάτων
3270 1494 3380 1548 τῶν
3408 1494 3660 1565 καιριῖιν,

2054 1590 2170 1643 υίὺν
2198 1589 2329 1643 ὄντα
2356 1588 2453 1643 τοῦ
2484 1589 2598 1643 ἀνω
2638 1588 2845 1659 ἀγαθοῦ
2880 1588 3046 1651 Θεοῦ,
3076 1589 3171 1641 καὶ
3199 1586 3259 1640 τὺ
3284 1589 3437 1656 ᾶγιον
3470 1586 3657 1639 αὑτοῦ

2054 1677 2281 1750 Πνεῦμα
2305 1678 2566 1741 ὡσαύτως
2599 1678 2693 1731 ἐπὶ
2716 1678 2963 1749 σωτηρίᾳ
2992 1677 3101 1731 τῶν
3129 1678 3208 1741 είς
3242 1676 3443 1746 γνῶσιν
3469 1676 3661 1729 αὑτοῦ

370 1766 453 1827 tér
499 1774 752 1839 salutem,
802 1774 893 1844 qui
945 1771 1012 1824 ad
1062 1771 1237 1842 ipsius
1290 1770 1539 1825 notitiam
1582 1770 1950 1839 pervenirent.

2062 1771 2367 1844 ἐρχομένων
2387 1789 2401 1801 ·
2432 1772 2526 1826 καὶ
2560 1771 2784 1825 ἐλθόντα
2810 1772 2872 1825 οὑ
2893 1770 3115 1842 δοκήσει
3140 1769 3466 1841 πεφηνέναι,
3501 1769 3658 1822 ἀλλά

371 1860 633 1917 Eumdem
664 1876 829 1932 porro
857 1877 967 1916 non
1002 1860 1185 1931 specie
1213 1860 1534 1930 apparuisse
1566 1860 1711 1917 sola.
1746 1861 1839 1915 sed
1876 1875 1954 1915 re-

370 1969 501 2009 vera
530 1969 749 2009 carnem
785 1954 1087 2024 sumpsisse
1116 1972 1128 2009 :
1160 1968 1269 2008 non
1300 1952 1369 2008 de
1400 1952 1567 2006 Maria
1609 1960 1791 2007 tamen
1832 1950 1951 2007 Vir-

370 2048 496 2118 gine
544 2047 693 2102 illam
734 2048 1111 2118 expressisse,
1140 2046 1235 2102 sed
1274 2045 1485 2101 tametsi
1524 2061 1646 2101 vera
1683 2060 1850 2101 carne
1888 2061 1954 2102 ac

371 2151 600 2207 corpore
623 2146 764 2193 esset
796 2137 1074 2208 praeditus,
1106 2152 1284 2207 neque
1310 2152 1373 2192 ex
1406 2137 1549 2192 virili
1587 2136 1827 2200 semine,
1857 2152 1955 2191 ne-

370 2244 479 2300 que
529 2244 593 2284 ex
643 2228 872 2285 muliere
924 2230 1135 2301 virgine
1172 2230 1275 2286 sibi
1325 2231 1458 2285 illud
1508 2230 1807 2298 ascivisse;
1856 2231 1951 2285 sed

371 2334 555 2375 veram
586 2318 806 2374 aliunde
839 2332 1062 2374 carnem
1098 2318 1201 2374 sibi
1244 2332 1615 2389 comparasse.
1646 2316 1801 2384 Quod
1839 2318 1954 2387 qui-

370 2411 493 2467 dem
520 2410 665 2464 hunc
704 2409 759 2463 in
792 2408 1011 2465 modum
1042 2408 1295 2481 explicat.
1327 2409 1486 2476 Cum,
1520 2408 1716 2479 inquit,
1751 2423 1782 2463 e
1813 2407 1953 2463 C(DIO

369 2503 629 2573 delapsus
664 2509 811 2557 esset
856 2500 913 2556 in
955 2509 1181 2567 terram,
1224 2517 1427 2572 corpus
1473 2502 1578 2558 sibi
1616 2505 1952 2573 quatuor‘ex

369 2595 656 2652 elementis
684 2594 909 2653 elliuxit.
948 2594 1148 2651 Verum
1184 2610 1368 2651 nonne
1407 2594 1473 2649 ad
1511 2594 1563 2649 id
1601 2596 1763 2651 etiam
1807 2593 1955 2651 festi-

370 2702 504 2743 nare
537 2687 752 2744 videtur
780 2688 904 2752 iste,
938 2697 999 2743 ut
1030 2687 1196 2757 impia
1229 2687 1394 2757 382
1426 2687 1549 2757 ejus
1580 2686 1953 2755 scelerataque

371 2784 639 2838 sententia
686 2782 754 2836 ad
796 2790 1037 2839 veterum
1072 2788 1356 2852 poetarum
1396 2780 1707 2836 Graecorum
1739 2777 1953 2834 somnia

370 2885 434 2927 ac
466 2887 644 2945 nugas
688 2871 1015 2929 ascribenda
1054 2870 1343 2926 videatur?
1371 2869 1575 2927 Eadem
1609 2870 1753 2925 enim
1792 2852 1954 2939 plane

370 2979 496 3021 cum
536 2965 665 3028 illis,
695 2980 759 3020 ac
792 2964 968 3036 magis
995 2963 1159 3020 etiam
1193 2963 1426 3019 ridicula
1458 2964 1731 3034 proponit,
1787 2961 1951 3017 Chri-

370 3066 514 3114 stum
546 3057 871 3128 sibimetipsi
932 3055 1235 3112 fabricasse
1289 3069 1511 3125 corpus.
1581 3054 1657 3109 Ita
1713 3068 1746 3109 e
1802 3054 1951 3110 sicco

372 3152 579 3207 siccum
624 3150 917 3221 expressit,
965 3165 997 3206 e
1045 3150 1228 3204 calore
1268 3149 1527 3213 calidum,
1557 3148 1841 3204 humidum
1885 3164 1950 3203 ex

373 3242 621 3305 humore,
667 3257 699 3298 e
756 3240 960 3311 frigore
1024 3239 1302 3310 frigidum.
1361 3238 1404 3293 Ε
1440 3238 1645 3310 quibus
1697 3238 1953 3293 omnibus

373 3333 609 3391 formato
652 3334 757 3391 sibi
799 3347 1049 3404 corpore,
1096 3347 1222 3387 vere
1263 3332 1318 3387 in
1366 3340 1511 3387 terra
1551 3333 1702 3389 visus
1736 3340 1841 3396 est,
1888 3346 1954 3386 ac

372 3427 681 3482 cmlestium
716 3440 899 3481 rerum
925 3423 1087 3480 nobis
1119 3423 1401 3480 scientiam
1445 3425 1781 3496 importavit,
1813 3432 1872 3479 ut
1901 3432 1955 3479 et

371 3516 728 3572 Conditorem
784 3531 1230 3587 aspernaremur,
1284 3524 1338 3587 et,
1385 3515 1506 3585 ejus
1556 3516 1953 3586 abnegaremus

372 3624 539 3679 opera
565 3652 580 3677 ,
618 3609 693 3663 ita
724 3618 782 3664 ut
812 3610 971 3666 nobis
1000 3609 1133 3665 illud
1168 3609 1455 3673 indicaret,
1489 3625 1737 3678 quaenam
1768 3609 1823 3664 in
1859 3625 1953 3665 sa-

374 3702 488 3757 cris
514 3701 734 3758 Litteris
772 3702 860 3757 vel
900 3718 961 3758 se
1002 3702 1126 3774 ipso
1170 3703 1519 3772 pronuntiata
1564 3702 1762 3765 forent,
1804 3702 1887 3758 vel
1922 3719 1954 3759 a

374 3795 671 3852 Conditore
694 3797 926 3865 prolata.
950 3795 1043 3851 Sic
1064 3795 1235 3862 enim,
1256 3795 1351 3859 ait,
1382 3794 1437 3850 in
1465 3794 1758 3866 Evangelio
1778 3796 1949 3852 dixit:

380 3886 563 3942 Estote
598 3888 749 3958 probi
787 3889 1101 3959 argentarii.
1132 3886 1319 3954 Utere,
1349 3888 1549 3959 inquit,
1579 3890 1857 3951 omnibus,
1885 3906 1951 3946 ex

378 3980 663 4052 Scriptura
695 3981 889 4052 quavis
921 3981 1076 4036 utilia
1116 3980 1373 4052 seligens.
1413 3980 1637 4045 Deinde,
1676 3981 1951 4051 Christus,

376 4077 473 4141 ait,
491 4068 842 4144 semetip'sum
866 4073 921 4128 in
943 4088 1175 4144 corpore
1201 4074 1267 4129 ad
1290 4073 1605 4145 patiendum
1625 4075 1953 4145 supplicium

376 4167 594 4231 obtulit,
639 4180 703 4221 ae
755 4182 943 4223 revera
988 4167 1044 4221 in
1093 4182 1260 4223 cruce
1307 4166 1535 4223 suffixus
1577 4175 1682 4231 est,
1724 4183 1956 4239 eamque

375 4259 549 4330 ipsam
575 4275 793 4316 carnem
820 4259 1107 4330 discipulis
1138 4261 1395 4316 ostendit.
1428 4259 1621 4317 Postea
1660 4262 1952 4317 humanam

377 4353 523 4407 illam
562 4368 723 4423 quam
760 4361 1070 4425 sumpserat
1102 4362 1351 4408 naturam
1395 4355 1695 4419 resolvens,
1730 4355 1950 4411 unicui-

2056 1864 2113 1916 ἐν
2139 1862 2367 1934 ἀληθείᾳ
2394 1861 2573 1933 σάρκα
2617 1860 2900 1932 εἰληφέναι
2927 1901 2943 1926 ,
2982 1861 3082 1914 οὑκ
3126 1860 3235 1914 ἀπὸ
3268 1859 3491 1931 Μαρίας
3539 1858 3658 1928 τῆς

2056 1954 2334 2027 Παρθένου
2354 1994 2370 2021 ,
2400 1954 2538 2009 ἀλλά
2571 1953 2833 2025 ἀληθινὴν
2867 1954 2965 2025 μὲν
3008 1953 3302 2025 ἐσχηκέναι
3327 1952 3428 2023 τὴν
3459 1952 3650 2023 σάρκα

2056 2047 2150 2101 καί
2181 2048 2339 2119 σῶμα
2366 2087 2382 2113 ,
2428 2046 2553 2101 οὑτε
2584 2046 2692 2101 ἀπὸ
2741 2047 3053 2119 σπέρματος
3101 2045 3294 2117 ἀνδρὸς
3317 2086 3332 2110 ,
3373 2043 3500 2098 οὑτε
3533 2044 3663 2097 ἀπὸ

2054 2139 2313 2208 γυναικὸς
2343 2139 2617 2212 παρθένου
2644 2155 2660 2171 ο
2702 2137 2815 2192 ἀλλ’
2850 2138 2975 2209 ἔσχε
3010 2138 3110 2209 μὲν
3156 2137 3335 2204 σάρκα
3378 2134 3661 2207 ἀληθινὴν

2054 2230 2229 2303 τούτῳ
2261 2231 2340 2303 τῷ
2379 2232 2583 2303 τρόπῳ.
2616 2232 2724 2283 Καί
2758 2247 2957 2301 φησιν·
2998 2231 3089 2283 Ἐν
3128 2229 3207 2302 τῷ
3238 2228 3498 2301 ἔρχεσθαι
3532 2228 3661 2282 ἀπὸ

2052 2322 2163 2375 τῶν
2188 2321 2548 2393 ἐπουρανίων,
2581 2317 2746 2393 ἦλθεν
2788 2323 2868 2386 είς
2896 2320 2996 2393 τὴν
3029 2319 3134 2391 γῆν
3159 2359 3176 2385 ,
3212 2322 3308 2373 καὶ
3332 2320 3655 2390 συνήγαγεν

2054 2414 2230 2485 ἐαυτῷ
2257 2414 2365 2468 ἀπὸ
2396 2413 2505 2467 τῶν
2534 2414 2815 2485 τεσσάρων
2847 2412 3128 2484 στοιχείων
3171 2410 3350 2483 σῶμα.
3382 2412 3499 2465 Καὶ
3526 2410 3651 2473 m3;

2054 2508 2149 2561 καὶ
2176 2501 2328 2572 οὗτος
2355 2507 2455 2561 οὑκ
2488 2506 2769 2575 ἐπείγεται
2799 2507 2879 2570 είς
2904 2505 2967 2587 τὸ
3004 2504 3324 2577 φωραθῆναι
3350 2502 3519 2557 αὑτοῦ
3541 2504 3653 2575 ,τὴν

2053 2600 2285 2671 ἀνομίαν
2330 2599 2733 2654 ἀκολουθοῦσαν
2768 2601 2890 2663 ταῖς
2927 2598 3037 2652 τῶν
3080 2596 3326 2651 παλαιῶν
3371 2595 3651 2667 Ἑλλήνων

2056 2691 2295 2764 ποιητῶν
2322 2691 2452 2763 περὶ⁸
2483 2692 2582 2762 τῆς
2606 2690 2939 2759 κενοφωνίας
2968 2689 3174 2758 ταύτης
3198 2688 3377 2755 δόξαις
3399 2704 3415 2753 ;
3438 2688 3657 2742 Φάσκει

2054 2785 2163 2855 γὰρ
2197 2783 2289 2838 καὶ
2321 2777 2477 2847 οὗτος
2504 2783 2581 2846 ὼς
2620 2784 2851 2850 ἐκεῖνοι,
2887 2782 2979 2836 καὶ
3011 2780 3093 2834 ἐτι
3130 2780 3484 2853 ψυχροτέρους
3509 2782 3655 2852 παρ’

2053 2875 2295 2939 ἐκείνους
2320 2874 2495 2944 λέγων
2520 2875 2613 2929 τὸν
2646 2873 2877 2946 Σωτῆρα
2909 2872 3089 2944 ἐαυτῷ
3133 2872 3549 2942 ὑποστήσασθαι
3583 2872 3657 2924 τὸ

2056 2966 2235 3037 σῶμα.
2276 2966 2408 3019 Ἀπὸ
2452 2965 2561 3038 γὰρ
2600 2964 2694 3018 τοῦ
2726 2964 2895 3037 ξηροῦ
2933 2965 2995 3017 τὸ
3037 2964 3230 3035 ξηρὸν,
3262 2963 3359 3017 καὶ
3405 2963 3517 3017 ἀπὺ
3548 2962 3648 3016 τοῦ

2055 3056 2260 3129 θερμοῦ
2290 3058 2352 3111 τὸ
2383 3057 2603 3129 θερμὸν,
2643 3056 2737 3111 καὶ
2763 3056 2871 3110 ἀπὺ
2904 3056 2999 3110 τοῦ
3032 3055 3201 3128 ὑγροῦ
3229 3056 3291 3111 τὺ
3324 3055 3518 3129 ὑγρὸν,
3549 3056 3650 3109 καὶ

2055 3151 2161 3204 ἀπὸ
2182 3149 2274 3204 τοῦ
2294 3150 2503 3221 ψυχροῦ
2532 3149 2591 3203 τὸ
2618 3148 2846 3221 ψυχρόν.
2874 3151 2985 3204 Καὶ
3016 3148 3189 3214 οὕτως
3214 3149 3427 3214 πλάσας
3458 3148 3647 3219 ἐαυτῷ

2052 3239 2252 3311 σῶμα,
2296 3239 2565 3311 ἀληθινῶς
2599 3239 2839 3312 πέφηνεν
2878 3240 2936 3292 ἐν
2979 3240 3206 3313 κόσμῳ,
3259 3241 3355 3293 καὶ⁴
3402 3239 3653 3306 ἐδίδαξεν

2054 3335 2203 3406 ἡμᾶς
2235 3333 2333 3405 τὴν
2363 3332 2476 3387 ἄνω
2502 3334 2704 3403 γνῶσιν
2727 3373 2742 3399 ,
2771 3336 3137 3406 καταφρονεῖν
3164 3351 3225 3388 τε
3246 3333 3345 3387 τοῦ
3368 3336 3648 3407 Δημιουρ-

2054 3425 2151 3495 γοῦ
2177 3468 2192 3495 ,
2222 3426 2315 3480 καὶ
2347 3425 2631 3499 ἀρνεῖσθαι
2662 3425 2830 3482 αὑτοῦ
2877 3427 2946 3480 τὰ
2980 3426 3147 3497 ἔργα·
3188 3425 3475 3493 ὑποδείξας
3510 3428 3648 3498 ἡμῖν

2054 3520 2113 3573 ἐν
2142 3518 2273 3591 ποίᾳ
2311 3518 2503 3590 Γραφῇ
2537 3519 2668 3573 ποῖά
2693 3520 2810 3572 ἐστι
2838 3518 2908 3572 τά
2937 3518 3098 3589 φύσει
3135 3519 3194 3585 ἐξ
3222 3518 3388 3573 αὑτοῦ
3418 3520 3648 3591 είρημέ-

2054 3627 2121 3663 να
2146 3650 2161 3676 ,
2214 3612 2310 3664 καὶ
2362 3611 2494 3667 ποῖά
2538 3611 2655 3665 ἐστι
2692 3610 2761 3665 τά
2790 3611 2899 3665 ἀπὸ
2927 3609 3022 3665 τοῦ
3052 3611 3418 3686 Δημιουργοῦ.
3456 3611 3646 3674 Οῦτως

2055 3702 2200 3776 γὰρ,
2234 3703 2430 3776 φησὶν,
2466 3703 2569 3775 ἐφη
2624 3705 2682 3757 ἐν
2720 3701 2800 3774 τῷ
2838 3704 3187 3774 Εὑαγγελίῳ·
3223 3706 3514 3760 Γίνεσθαι
3554 3704 3647 3757 δό-

2056 3812 2213 3865 κιμοι
2241 3793 2594 3864 τραπεζῖται.
2621 3795 2751 3867 Χρῶ
2776 3795 2913 3867 γὰρ,
2946 3796 3131 3864 φησὶν,
3162 3797 3267 3850 ἀπὸ
3296 3797 3478 3867 πάσης
3502 3798 3647 3868 Γρα⁸

2056 3887 2163 3958 φῆς
2211 3886 2488 3955 ἀναλέγων
2532 3886 2603 3940 τά
2634 3888 2893 3958 χρήσιμα
2938 3884 3072 3942 Εἶτά
3101 3905 3265 3958 φησιν
3292 3906 3306 3919 ·
3344 3889 3589 3943 Ἔδωκεν
3615 3890 3646 3941 ὁ

2055 3978 2291 4049 Χριστὸς
2339 3978 2533 4032 ἑαυτὸν
2586 3978 2780 4032 παθεῖν
2829 3981 2887 4032 ἐν
2938 3980 3089 4051 αὐτῷ
3126 3980 3203 4051 τῷ
3258 3979 3496 4052 σώματι,
3550 3983 3645 4035 καὶ

2056 4070 2376 4143 ἐσταυρώθη
2441 4072 2500 4123 ἐν
2564 4070 2794 4142 ἀληθείᾳ
2822 4111 2837 4137 ,
2902 4072 2998 4125 καὶ
3058 4070 3256 4136 ἔδειξεν
3314 4072 3484 4144 αὑτὴν
3545 4074 3645 4145 τὴν

2058 4164 2236 4235 σάρκα
2277 4166 2390 4227 τοῖς
2426 4161 2621 4217 ἑαυτοῦ
2684 4161 2971 4233 μαθηταῖς.
3015 4164 3126 4217 Καὶ
3175 4163 3449 4227 ἀναλύσας
3474 4204 3491 4227 ,
3535 4182 3642 4237 φη·

2058 4255 2179 4321 σὶν,
2230 4253 2399 4325 αὑτὴν
2450 4254 2550 4325 τὴν
2596 4253 3008 4326 ἐνανθρὼπ-ησιν
3046 4255 3276 4320 ἐαυτοῦ,
3332 4256 3644 4327 ἀπεμέρισε

2065 4347 2229 4401 πάλιν
2278 4346 2492 4416 ἑκάστῳ
2521 4344 2631 4399 τῶν
2669 4346 2947 4415 στοιχείων
2995 4346 3067 4413 τὸν
3104 4347 3231 4401 ίδιον
3277 4347 3512 4409 ἀποδοὺς
3536 4389 3552 4413 ,
3583 4351 3643 4402 τὸ

376 4460 482 4514 que
514 4445 785 4499 elemento
826 4446 971 4516 quod
1009 4446 1292 4516 proprium
1330 4455 1449 4501 erat
1482 4447 1762 4515 restituit;
1806 4449 1950 4504 velut

2062 4437 2259 4510 θερμὸν
2290 4436 2369 4509 τῷ
2401 4435 2589 4508 θερμῷ
2613 4478 2628 4502 ,
2658 4437 2718 4491 τὸ
2752 4439 2958 4509 ψυχρὸν
2988 4437 3068 4509 τῷ
3098 4438 3291 4511 ψυχρῷ
3313 4480 3329 4505 ,
3362 4439 3424 4493 τὸ
3478 4440 3643 4512 ξηρὸν

377 4534 556 4590 calido
582 4534 844 4599 calidum,
871 4534 1125 4605 frigidum
1158 4534 1374 4605 frigido,
1406 4534 1614 4590 siccum
1644 4534 1818 4603 sicco,
1848 4535 1955 4591 hu-

376 4628 583 4683 midum
608 4628 852 4683 humido.
880 4628 955 4682 Ita
986 4642 1217 4698 corpore
1248 4628 1341 4683 illo
1368 4627 1513 4698 quod
1544 4642 1712 4683 carne
1741 4636 1958 4684 consta-

377 4720 471 4776 bat
509 4721 773 4785 resoluto,
814 4720 868 4775 in
902 4720 1123 4786 caelum,
1150 4721 1295 4775 unde
1319 4729 1561 4785 venerat,
1593 4720 1863 4776 ascendit.

445 4811 533 4867 lll.
560 4811 605 4869 Ο
635 4813 929 4869 mendaces
964 4813 1091 4867 talia
1124 4812 1447 4883 jactantium
1482 4812 1720 4869 fabulas!
1753 4814 1867 4885 qui.
1896 4824 1953 4869 ut

376 4917 539 4959 nemo
569 4919 679 4959 non
707 4904 976 4974 intelligit,
1016 4902 1308 4958 mimorum
1352 4902 1539 4959 ludum
1582 4911 1746 4973 atque
1784 4904 1953 4959 cilici-

378 5008 505 5049 nam
546 4994 757 5063 aperire
789 4994 971 5063 potius
1005 5008 1167 5065 quam
1215 4995 1339 5048 vitae
1375 4992 1776 5063 consequendae
1830 5008 1957 5064 pro-

379 5085 694 5147 fessionem,
722 5097 816 5139 aut
843 5086 1213 5159 intelligentiae
1239 5086 1467 5141 formam
1491 5084 1737 5140 obtinere
1763 5084 1955 5140 viden-

377 5166 487 5233 ων.
521 5176 731 5232 Etenim
767 5178 813 5232 si
852 5180 1077 5235 omnino
1113 5180 1256 5251 quod
1292 5180 1584 5235 asciverat'
1608 5178 1713 5233 sibi
1754 5192 1955 5248 corpus

377 5268 648 5331 dissolvit,
679 5283 779 5323 cur
812 5269 864 5323 id
901 5272 1057 5326 initio
1084 5271 1402 5327 fabricavit?
1427 5270 1580 5339 Quod
1615 5270 1663 5328 si
1693 5269 1760 5324 ad
1792 5285 1952 5325 usum

378 5358 665 5413 fabricavit
697 5359 959 5431 aliquem,
1000 5362 1104 5417 hoc
1143 5363 1262 5434 ipso
1292 5378 1393 5418 usu
1428 5361 1748 5434 perfunctus
1781 5360 1951 5416 relin-

375 5466 543 5524 quere
591 5450 725 5506 illud
773 5454 828 5507 in
874 5454 1036 5509 terris
1086 5454 1308 5519 debuit;
1360 5454 1661 5525 praesertim
1711 5468 1837 5508 cum
1884 5467 1951 5508 ex

375 5554 553 5600 vestra
602 5546 874 5604 sententia
918 5546 1091 5603 forma
1140 5547 1257 5618 ipsa
1306 5548 1727 5605 resurrectionis
1769 5546 1955 5604 carnis

448 5728 463 5759 ¹
499 5724 662 5784 Forte
690 5726 895 5791 κακῶς.

2060 4530 2139 4603 τῷ
2167 4530 2315 4602 ξηρῷ
2334 4569 2350 4595 ,
2389 4529 2452 4583 τὸ
2495 4530 2664 4602 ὑγρὸν
2693 4529 2771 4601 τῷ
2800 4530 2951 4603 ὑγρῷ
2976 4548 2992 4563 ο
3033 4533 3129 4586 καὶ
3161 4532 3334 4597 οὑτως
3379 4532 3641 4597 διαλύσας

2061 4623 2155 4677 ἀπ’
2187 4621 2350 4677 αὑτοῦ
2383 4620 2545 4675 πάλιν
2568 4621 2629 4674 τὸ
2657 4620 2924 4695 ενσαρκον
2963 4623 3125 4696 σῶμα
3144 4663 3161 4688 ,
3201 4624 3406 4697 ἀνέπτη
3439 4627 3520 4691 είς
3551 4625 3643 4683 τὸν

2059 4713 2287 4785 οὐρανὸν
2306 4754 2321 4779 ,
2350 4711 2473 4767 ὅθεν
2496 4711 2593 4766 κα)⁸
2618 4708 2742 4784 ἧκε.

2130 4807 2203 4861 Γ¹.
2245 4806 2352 4859 Καὶ
2378 4804 2423 4859 ὣ
2454 4805 2653 4875 πολλῆς
2692 4805 3137 4878 δραματουργίας
3170 4806 3277 4861 τῶν
3320 4806 3389 4861 τά
3416 4807 3639 4862 τοιαῦτα

2059 4896 2361 4966 λεγόντωνι
2402 4896 2478 4959 ὼς
2515 4896 2677 4950 παντί
2711 4914 2789 4968 τῳ
2840 4898 3009 4966 σαφὲς
3039 4898 3146 4969 είη,
3202 4898 3388 4970 μίμων
3440 4900 3638 4970 μᾶλλον

2060 4990 2425 5063 ἐργαστήριον
2459 4991 2605 5063 ἢπερ
2637 4990 2971 5059 ἐπαγγελίας
2998 4990 3143 5063 ζωῆς
3171 4992 3206 5063 ἢ
3248 4993 3514 5057 συνέσεως
3542 5012 3637 5064 χα-

2062 5087 2310 5160 ρακτῆρα
2342 5086 2717 5158 κεκτημένων.
2774 5087 2837 5140 Et
2887 5086 2998 5158 γάρ
3031 5086 3167 5150 ὅλως
3200 5087 3351 5140 ἔλυεν
3397 5090 3529 5142 αὑτὸ
3576 5091 3638 5141 τὸ

2061 5179 2252 5251 σῶμα,
2283 5180 2422 5250 ὅπερ
2450 5179 2661 5249 εἴληφε,
2699 5179 2807 5234 τίνι
2851 5180 2930 5250 τῷ
2971 5179 3118 5252 λόγῳ
3159 5182 3255 5234 ἀπ’
3285 5181 3461 5252 ἀρχῆς
3506 5183 3636 5236 αὐτὸ

2059 5270 2236 5343 ἑαυτῷ
2283 5270 2717 5338 κατεσκεύαζενς
2760 5272 2822 5325 Et
2872 5270 2928 5325 δὲ
2982 5270 3348 5336 κατεσκεύαζε
3391 5272 3483 5326 διά
3516 5290 3633 5327 τινα

2058 5363 2255 5435 χρῆσιν
2282 5402 2298 5429 ,
2336 5362 2631 5418 ἀπετέλεσε
2669 5362 2726 5417 δὲ
2778 5362 2839 5417 τὸ
2877 5362 3040 5435 ἔργον
3076 5364 3173 5435 τῆς
3204 5366 3453 5437 χρήσεως
3476 5384 3491 5399 ο
3531 5367 3634 5420 ἔδει

2058 5454 2380 5525 καταλεῖψαι
2418 5453 2551 5509 αὑτὸ
2582 5454 2642 5508 ἐν
2684 5456 2750 5526 τῇ
2793 5456 2864 5525 γῇ
2886 5494 2899 5519 ,
2934 5454 3170 5525 μάλιστα
3206 5454 3328 5509 καθ’
3363 5456 3506 5526 ὑμᾶς
3539 5458 3633 5527 τῆς

2059 5546 2203 5602 κατά
2238 5546 2341 5619 την
2375 5547 2672 5601 ἀνάστασιν
2705 5545 2804 5617 τῆς
2845 5546 3046 5618 σαρκὸς
3094 5546 3304 5611 ἐλπίὼς
3338 5547 3514 5612 εἴδους
3561 5550 3632 5620 μὴ
