3846 6298
78 290 204 348 825

794 290 1168 351 ADVERSUS
1206 291 1549 351 HEBESES
1586 294 1715 354 UB.
1748 296 1790 354 l.
1829 296 1995 358 TOM.
2036 300 2130 359 Ill.
2156 302 2517 361 —llA-3RES.
2561 304 2733 363 XLIV.

3283 301 3395 359 89.6

84 412 303 481 χρείαν
352 410 571 483 ἔχοντος
612 409 990 481 τελειωθῆναι.
1038 410 1203 465 Ἀλλά
1245 412 1543 482 ἀνέστησεν
1581 413 1698 468 αὐτὶ

1814 416 2001 487 perﬁci
2046 419 2200 475 nullo
2234 428 2397 491 pacto
2434 420 2726 476 desideret.
2767 418 2928 489 Atqui
2969 416 3101 473 illud
3136 420 3395 476 etcitavit

86 504 296 572 πάλιν,
333 505 421 558 ἵνα
460 504 543 567 είς
570 502 819 574 κάματον
850 503 1045 557 ἑαυτὸν
1072 504 1165 557 τὸν
1202 502 1426 576 μείζονα
1450 504 1702 576 ἐμϐάλοι,

85 596 182 649 ἴνα
227 595 405 669 μηδὲν
433 594 695 668 ὠφελήσῃ
744 593 1209 661 κατασκευάζων,
1245 594 1341 648 καὶ
1368 595 1425 648 ὲν
1461 596 1703 666 μνήματι

84 687 543 759 ἀποτιθέμενος,
593 687 690 740 καὶ
731 685 1005 752 διαλύων,
1046 687 1141 740 καὶ
1197 685 1434 758 μερίζων
1488 688 1703 759 ἑκάστῳ

86 778 207 832 τῶν
251 776 558 848 στοιχείων,
588 776 724 848 ὅπερ
756 778 887 847 παρ’
922 774 1088 829 αὑτοῦ
1118 776 1361 847 εἴληφεν,
1396 777 1471 841 ὡς
1501 777 1704 847 εὐγνώ-

88 887 221 939 μων
274 867 688 941 χρεοφειλέτης.
724 866 834 920 Καὶ
883 867 933 920 εί
985 866 1124 930 ὅλως
1173 866 1390 939 ἑκάστῳ
1430 868 1700 935 ἀπεδίδου,

90 963 363 1017 τουτέστι
393 962 456 1016 τὸ
495 962 704 1033 ψυχρὸν
739 959 819 1032 τῷ
850 959 1074 1031 ψυχρῷ,
1122 959 1218 1015 καὶ
1261 958 1324 1014 τὸ
1373 958 1577 1032 Θερμδν
1624 960 1703 1034 τῷ

90 1055 329 1127 Θερμῷ,
355 1053 591 1127 ήδύνατο
612 1053 786 1107 ταῦτα
818 1052 893 1125 μὴ
920 1051 1149 1125 ὁρᾶσθαι
1181 1054 1295 1117 τοῖς
1325 1053 1490 1107 αὐτοῦ
1528 1054 1705 1127 μαθη-

88 1152 251 1213 ταῖς
292 1147 414 1203 ἀλλ’
440 1148 505 1202 οὐ
556 1144 663 1218 μὴν
696 1145 755 1199 τὺ
810 1144 968 1216 σῶμα
1005 1143 1069 1197 τὸ
1110 1143 1293 1216 ξηρόν.
1326 1145 1552 1210 Πάντως
1592 1146 1701 1219 7&9

90 1242 154 1292 τὸ
185 1239 366 1313 ξηρὸν
392 1238 556 1311 σῶμά
586 1241 725 1302 ἐστι,
765 1237 902 1309 σὰρξ
936 1236 1031 1291 καὶ
1061 1236 1246 1290 ὀστέα.
1291 1237 1401 1291 Καὶ
1437 1236 1499 1291 τὸ
1535 1239 1702 1311 ὑγρὸν

92 1336 329 1397 πάντως
359 1332 558 1405 ξχῶρές
601 1332 729 1395 εισι,
754 1330 847 1384 καὶ
883 1328 1018 1401 σὰρξ
1072 1329 1152 1394 είς
1189 1329 1462 1401 ὑγρότητα
1493 1330 1692 1385 διαλυο-

92 1424 269 1494 μένη.
308 1424 508 1476 ’Δτινα
559 1421 777 1486 πάντως
822 1421 935 1484 τοῖς
974 1419 1293 1484 ἀποστόλοις
1347 1421 1701 1494 φανερώτατα

92 1514 538 1585 ἀποτιθέμενος,
588 1514 862 1584 ἐσήμανεν
891 1552 907 1578 ,
953 1510 1029 1574 ὡς
1080 1510 1173 1564 καὶ
1207 1510 1268 1564 τὸ
1312 1511 1528 1583 πρῶτον
1554 1551 1569 1577 ,
1610 1514 1700 1568 ὅτε

92 1609 375 1662 ἐθάπτετο
414 1606 478 1661 τὸ
506 1605 670 1661 αὐτοῦ
703 1605 860 1676 σῶμα
880 1644 896 1669 ,
942 1603 1264 1674 κατηξιοῦτο
1307 1604 1504 1677 Ἰωσὴφ
1537 1608 1565 1659 ό
1593 1606 1702 1661 ἀπὸ

103 1700 485 1773 Ἁριμαθαίας
510 1696 776 1763 ἐντυλίξαι
798 1696 931 1750 αὐτὸ
955 1698 1013 1751 ἐν
1038 1696 1253 1763 σινδόνι,
1283 1696 1377 1751 καὶ
1402 1698 1700 1753 ἀποθέσθαι

1803 507 2005 572 denuo.
2036 525 2147 581 quo
2173 511 2432 582 majorem
2464 509 2568 567 sibi
2596 510 2836 565 laborem
2865 509 3198 580 imponeret;
3228 510 3394 583 idque

1803 598 1924 655 sine
1971 600 2083 655 ullo
2134 601 2315 657 fructu
2365 609 2708 666 contextum,
2762 609 2926 671 atque
2972 599 3028 654 in
3075 601 3392 672 sepulcrum

1802 689 2111 763 depositum
2151 706 2339 765 postea
2368 700 2672 761 retexeret,
2718 701 2919 767 atque,
2954 698 3015 747 ut
3042 694 3391 763 :equissimus

1802 781 2037 851 debitor,
2078 785 2227 856 quod
2271 785 2341 840 ab
2382 799 2714 857 unoquoque
2751 784 3021 840 elemento
3058 794 3389 855 sumpserat,

1800 874 2008 930 eisdem
2044 877 2247 945 optima
2289 874 2392 931 ﬁde
2423 876 2763 931 restitueret.
2803 871 2924 928 Jam
2962 880 3023 929 ut
3053 888 3154 928 sua
3191 874 3393 945 cuique

1802 965 2124 1032 reddiderit,
2156 977 2286 1038 puta
2315 966 2513 1041 frigido
2539 967 2816 1039 frigidum,
2843 975 2898 1022 et
2925 966 3105 1023 calido
3127 967 3390 1033 calidum,

1802 1057 1979 1129 potuit
2034 1057 2088 1113 id
2132 1058 2302 1115 latere
2340 1059 2563 1131 quidem
2612 1059 2937 1130 discipulos,
2985 1058 3164 1131 ipsum
3208 1068 3393 1115 tamen

1802 1162 2001 1217 corpus
2039 1147 2245 1204 siccum
2280 1148 2506 1205 minime
2540 1149 2736 1220 potuit.
2776 1148 2996 1205 Siccum
3040 1152 3187 1206 enim
3232 1151 3396 1222 plane

1801 1253 2004 1311 corpus
2033 1239 2197 1311 383
2230 1248 2337 1308 est,
2377 1255 2530 1305 caro,
2575 1241 2821 1312 inquam,
2853 1252 2908 1298 et
2944 1257 3093 1297 ossa.
3130 1241 3394 1298 Similiter

1800 1339 1855 1385 et
1884 1328 2167 1384 humidum
2201 1330 2385 1386 sanies
2415 1336 2536 1398 est,
2570 1337 2625 1386 et
2671 1345 2804 1385 caro
2846 1346 2967 1401 quae
3011 1332 3065 1386 in
3107 1331 3392 1387 humorem

1802 1420 2125 1475 extabescit.
2167 1419 2302 1486 Qum
2340 1422 2527 1478 omnia
2570 1437 2694 1477 cum
2736 1423 3028 1479 manifeste
3072 1422 3388 1494 deponeret,

1801 1512 2064 1582 apostolis
2110 1514 2227 1568 suis
2266 1513 2495 1569 omnino
2542 1514 2929 1586 signiﬁcasset,
2984 1524 3046 1570 ut
3094 1524 3257 1570 antea
3304 1517 3390 1572 fe-

1800 1612 1972 1667 cerat,
2023 1619 2147 1660 cum
2201 1606 2321 1674 ejus
2363 1621 2566 1677 corpus
2612 1607 2866 1677 sepulcro
2915 1607 3234 1662 mandatum
3280 1616 3388 1664 est.

1801 1693 1940 1750 Tum
1969 1695 2118 1751 enim
2153 1694 2394 1767 Josepho
2428 1697 2851 1755 Arimathteensi
2885 1698 3237 1769 permissum,
3272 1698 3391 1754 sin~

92 1796 152 1848 ὲν
191 1794 471 1866 μνήματι.
504 1792 657 1862 ’Δμα
684 1790 742 1846 δὲ
772 1791 867 1845 καὶ
894 1790 952 1843 ai
972 1792 1229 1858 γυναῖκες
1260 1786 1405 1861 εἶχον
1434 1790 1562 1844 ίδεῖν
1595 1789 1698 1845 ποῦ

1804 1788 1948 1843 done
1984 1796 2042 1843 ut
2070 1787 2206 1843 illud
2241 1789 2574 1855 obvolveret,
2610 1799 2777 1861 atque
2811 1792 2867 1845 in
2902 1799 3259 1845 monumento
3289 1789 3389 1845 de-

90 1884 439 1955 κατελείφθη
469 1884 540 1938 τά
578 1882 833 1953 λείψανα,
866 1882 953 1935 ῐνα
986 1881 1125 1935 αὐτὰ
1169 1883 1440 1953 τιμήσωσι
1471 1882 1558 1937 διά
1599 1883 1700 1955 μύ-

96 1996 209 2050 ρων
239 1978 339 2031 καὶ
370 1975 703 2049 ἀρωμάτων,
733 1976 809 2039 ὡς
839 1974 900 2027 τὸ
921 1973 1157 2046 πρῶτον.
1207 1973 1346 2027 Ἀλλ’
1368 1974 1607 2047 οὐδαμοῦ
1636 1976 1697 2030 τὸ

90 2068 297 2139 ψεῦδος
328 2068 361 2120 ὖ
370 2065 487 2137 μῶν
508 2064 667 2119 τοῦτο
695 2064 1018 2136 δεδήλωται,
1052 2056 1098 2116 ὦ
1142 2062 1514 2136 Ἀπελληῖανοὶ
1537 2103 1553 2130 ,
1586 2066 1696 2122 ἀπὸ

94 2161 217 2224 ἑνὸς
260 2158 378 2213 τῶν
398 2158 570 2227 ἀγίων
595 2155 924 2211 ἀποστόλων.
952 2156 1028 2210 Οὐ
1054 2156 1162 2228 γάρ
1191 2157 1358 2211 ἐστιν.
1394 2156 1554 2212 Ἀλλά
1569 2158 1698 2223 τοὺς

98 2254 200 2321 μὲν
227 2252 504 2324 ἀοράτους
532 2249 743 2323 ὁρατῶς
769 2244 911 2303 εἶδον
933 2248 1025 2302 δύο
1049 2248 1278 2322 ἄνδρας,
1306 2248 1400 2304 καὶ
1435 2249 1596 2304 αὐτὸν
1617 2252 1698 2315 είς

94 2343 335 2416 οὔρανδν
388 2342 750 2414 ἀνερχόμενον
780 2379 796 2406 ,
843 2338 939 2393 καὶ
992 2339 1098 2392 ὑπὸ
1150 2338 1379 2412 νεφέλης
1428 2340 1698 2411 φωτεινῆς

96 2434 648 2506 ὕπολαμϐανόμενον,
685 2430 937 2503 λείψανον
965 2429 1022 2484 δὲ
1050 2430 1214 2484 αὐτοῦ
1244 2430 1481 2502 οὐδαμοῦ
1528 2448 1695 2487 καταο

96 2528 482 2600 λελειμμένον.
539 2526 613 2581 Οὐ
659 2525 768 2599 γὰρ
806 2525 974 2600 ἐχρῆν
1001 2564 1016 2589 ,
1070 2524 1190 2579 οὐδὲ
1241 2525 1532 2596 ἐνεδέχετο.
1585 2528 1697 2581 Καὶ

96 2622 361 2693 ψεύδεται
403 2619 703 2692 Ἀπελλῆς,
740 2618 836 2674 καὶ
867 2620 916 2674 oi
955 2619 1052 2673 ἀπ’
1093 2617 1260 2674 αὐτοῦ
1298 2617 1694 2689 ’Δπελληῖανοί.

1806 1889 2054 1950 poneret.
2096 1873 2369 1938 Praeterea
2412 1884 2675 1939 mulieres
2717 1885 2898 1940 locum
2939 1885 3091 1939 illum
3135 1884 3387 1939 anitnado

1808 1981 2027 2028 vertere
2042 1973 2376 2045 potuissent,
2401 1977 2490 2030 cui
2509 1977 2753 2048 reliquia:
2765 1979 3163 2034 commendatae
3186 1979 3386 2045 forent,

1799 2071 1861 2119 ut
1896 2080 1992 2123 eas
2032 2066 2327 2137 unguentis
2370 2075 2426 2123 et
2468 2069 2807 2125 aromatibus
2854 2070 3161 2127 honoriﬁce
3204 2071 3390 2126 condi-

1802 2167 1943 2215 rent.
2009 2158 2117 2216 Sed
2146 2162 2251 2218 hoc
2279 2171 2544 2229 vestrum,
2577 2162 2907 2235 Apelleiani,
2941 2162 3287 2219 mendacium
3322 2179 3391 2219 ne

1800 2266 1948 2307 unus
1987 2252 2209 2323 quidem
2250 2270 2315 2309 ex
2356 2255 2622 2326 apostolis
2662 2255 3137 2311 commemoravit.
3178 2255 3390 2327 Quippe

1800 2359 2083 2416 nunquam
2117 2347 2189 2401 ita
2217 2356 2431 2419 gestum
2464 2349 2595 2403 illud
2629 2357 2734 2406 est.
2764 2347 2967 2405 Verum
2996 2348 3136 2406 duos
3164 2348 3385 2421 quidem

1803 2451 1905 2508 per
1924 2452 2049 2493 sese
2072 2439 2296 2495 minime
2325 2440 2713 2511 aspectabiles,
2746 2451 2969 2496 externa
3000 2447 3183 2496 tamen
3206 2440 3391 2512 specie

1793 2539 2127 2601 apparentes
2159 2532 2310 2589 viros
2340 2533 2524 2588 intuiti
2557 2540 2721 2600 sunt,
2770 2534 3063 2604 ipsumque
3095 2533 3150 2589 in
3185 2535 3388 2589 cmlum

1794 2621 2207 2688 ascendentem,
2253 2639 2319 2679 ac
2361 2624 2545 2679 lucida
2579 2624 2728 2679 nube
2756 2622 3157 2679 circumfusum
3196 2622 3238 2687 ¹,
3268 2623 3389 2678 reli-

98 2718 262 2789 quias
314 2731 451 2772 vero
498 2729 776 2787 nusquam
818 2722 1091 2770 terrarum
1140 2713 1366 2770 relictas
1410 2713 1683 2770 viderunt.
1721 2713 1909 2788 Neque
1935 2718 2084 2773 enim
2116 2719 2235 2775 ﬁeri
2268 2720 2417 2777 istud
2446 2720 2763 2792 oportebat,
2811 2727 2909 2775 aut
2965 2734 3097 2775 vero
3148 2727 3383 2790 poterat-

101 2810 285 2877 Quare
324 2818 437 2864 tam
477 2808 694 2879 Apelles
731 2808 884 2878 ipse,
925 2822 1089 2876 quam
1130 2806 1434 2877 Apelleiani
1473 2807 1686 2862 mentiti
1720 2814 1874 2865 sunt.
3164 2800 3172 2809 ’

167 2905 247 2961 Δ’.
293 2904 572 2987 Τάνδμοια
621 2903 681 2958 δὲ
732 2902 811 2975 τῷ
869 2902 1062 2957 ἑαυτοῦ
1114 2903 1381 2976 ἐπιστάτῃ
1406 2901 1725 2984 Μαρκίωνι⁸

102 3000 229 3071 περί
263 3015 332 3053 τε
375 2997 479 3069 τῆς
524 2997 692 3070 ἄλλης
728 2998 931 3071 σαρκὸς
968 2998 1064 3051 καὶ
1113 2997 1222 3050 τῶν
1271 2996 1447 3051 ἀλλων
1491 2997 1694 3068 ὁμοίως

1871 2905 1959 2961 IV.
1989 2906 2200 2962 Caetera
2236 2922 2401 2980 porro
2440 2920 2566 2963 cum
2607 2914 2943 2977 praeceptore
2978 2919 3080 2961 suo
3111 2902 3390 2960 Mareione

1798 3006 2172 3056 consentanea
2223 2998 2532 3070 proﬁtetur,
2573 3014 2697 3069 quae
2743 3000 2809 3053 ad
2862 2998 3092 3052 aliorum
3141 3011 3386 3060 carnem,

100 3067 464 3160 Mittin-tas“
494 3067 721 3160 φάσκων
745 3067 823 3162 μή
851 3086 990 3143 εἶναι
1019 3089 1316 3143 ἀνάστασιν
1341 3067 1570 3162 νεκρῶν,
1600 3089 1697 3143 καὶ⁵

1803 3104 1864 3144 ac
1897 3090 2107 3162 reliqua
2144 3091 2195 3145 id
2224 3067 2405 3162 genus
2454 3067 2753 3161 pertinent.
2794 3090 2966 3161 Negat
3011 3089 3156 3143 enim
3198 3102 3389 3158 corpo-

103 3181 170 3234 τά
193 3181 355 3245 ἄλλα,
392 3182 604 3253 ὅσαπερ
637 3181 730 3235 ἐπὶ
750 3182 850 3252 τῆς
876 3180 980 3252 γῆς
1012 3179 1185 3245 ἔδοξεν
1210 3180 1414 3251 ὁμοίως
1442 3178 1697 3251 δογματί-

104 3272 237 3339 ζειν.
282 3274 756 3346 Ἀνατραπήσεται
781 3272 838 3326 δὲ
868 3275 897 3327 6
920 3271 1086 3326 αὑτοῦ
1123 3272 1380 3342 λογισμὸς
1403 3270 1570 3343 λῆρός
1612 3287 1698 3335 τις

104 3367 178 3421 ὦν
215 3370 315 3422 καὶ
342 3367 486 3421 κατά
519 3366 698 3420 πάντα
729 3367 929 3439 τρόπον
957 3364 1391 3437 πεπλανημένος.
1428 3363 1565 3419 Οὔτε
1589 3362 1698 3435 γὰρ

108 3460 320 3531 ίσχύσει
370 3458 564 3521 σκότος
596 3457 723 3512 ἔνθα
760 3457 821 3511 τὸ
849 3456 965 3527 φῶς
998 3456 1401 3527 παραφαίνεται
1430 3493 1445 3519 ,
1475 3452 1599 3508 οὔτε
1635 3452 1697 3506 τὸ

106 3552 301 3622 ψεῦδος
330 3550 661 3621 σταθήσεται
684 3548 851 3621 οὕσης
871 3549 972 3620 τῆς
1002 3548 1280 3620 ἀληθείας.
1327 3548 1391 3601 Ei
1420 3545 1530 3620 7&9
1561 3546 1698 3610 ὅλως

109 3644 379 3717 κέχρησαι
406 3645 525 3706 ταῖς
566 3642 842 3714 Γραφαῖς,
876 3634 922 3695 ὦ
964 3641 1194 3712 Ἀπελλῆ
1240 3641 1333 3693 καὶ
1373 3639 1424 3693 οἱ
1459 3639 1568 3694 ἀπὸ
1602 3639 1696 3693 σοῦ

122 3733 501 3805 ’Δπελληῖανοὶ
526 3774 543 3799 ,
584 3732 642 3800 ἐξ
695 3732 874 3788 αὐτῶν
933 3731 1043 3785 τῶν
1074 3731 1307 3804 Γραφῶν
1338 3729 1696 3803 εὑρεθήσεσθε

109 3828 459 3899 ἐλεγχόμενοι
490 3843 506 3858 ο
564 3825 781 3899 πρῶτον
842 3824 941 3896 μὲν
971 3864 989 3890 ,
1037 3826 1119 3879 ὅτι
1168 3825 1291 3879 κατ’
1339 3823 1524 3878 εἰκόνα
1560 3820 1697 3877 Θεοῦ

110 3920 366 3989 ἐποίησεν
414 3919 445 3971 6
487 3916 621 3981 Θεὸς
646 3916 739 3969 τὸν
773 3914 1088 3987 ἀνθρωπονο
1136 3917 1165 3968 6
1196 3913 1254 3968 δὲ
1284 3915 1517 3985 ποιήσας
1555 3912 1694 3982 ἔφη·

111 4009 466 4080 Ποιήσωμεν
495 4009 810 4077 ἄνθρωπον
857 4006 984 4061 κατ’
1015 4008 1222 4061 εἰκόνα
1262 4005 1556 4075 ἡμετέραν
1598 4003 1698 4058 καὶ

112 4103 237 4158 καθ’
278 4101 586 4173 ὁμοίωσιν.
637 4100 724 4164 Ὠς
752 4099 805 4152 εί
826 4116 911 4164 τις
944 4099 1052 4153 ἀπὸ
1078 4100 1177 4171 τῆς
1220 4098 1317 4152 σοῦ
1344 4094 1698 4168 πεπλανημέ-

112 4214 206 4269 νης
230 4196 502 4268 αἱρέσεως
522 4193 869 4265 ὲπιστρέψειε
898 4193 1035 4264 πρὸς
1059 4192 1159 4263 τὴν
1186 4190 1465 4263 ἀλήθειαν,
1494 4190 1568 4254 ὡς
1591 4190 1698 4244 ἀπὸ

115 4291 337 4353 σκότους
367 4287 683 4359 ἀποδράσας
721 4287 815 4339 καὶ
846 4285 955 4339 ἀπὸ
1002 4285 1191 4349 νυκτὸς
1221 4284 1461 4348 ἀναστὰς
1480 4325 1494 4351 ,
1549 4283 1698 4355 εὖροι

1798 3199 1920 3239 rum
1963 3199 2087 3239 esse
2131 3184 2619 3250 resurrectionem,
2675 3192 2981 3252 caeteraque
3019 3180 3087 3235 ad
3128 3178 3387 3235 eumdem

1798 3274 2043 3340 modum,
2077 3290 2189 3346 quo
2231 3274 2323 3329 ille
2362 3288 2488 3329 cum
2530 3273 2584 3328 in
2623 3272 2763 3328 vivis
2807 3278 2992 3343 ageret
3032 3270 3088 3325 in
3127 3269 3387 3340 opinione

1798 3381 1900 3422 sua
1924 3367 2127 3439 posuit.
2167 3365 2273 3421 Sed
2308 3366 2629 3436 opinionum
2666 3364 2772 3419 illae
2806 3378 2964 3433 nugae
3002 3376 3065 3417 ac
3100 3359 3386 3416 mendacia

1797 3458 2088 3516 manifeste
2123 3458 2544 3528 redarguentur.
2584 3454 2771 3526 Neque
2805 3454 2948 3508 enim
2987 3452 3185 3507 virium
3223 3451 3380 3523 quid-

1798 3567 1963 3623 quam
1998 3551 2201 3607 habent
2236 3550 2498 3615 tenebrae,
2535 3548 2627 3604 ubi
2664 3546 2927 3618 splendor
2962 3543 3103 3600 lucis
3154 3544 3393 3607 emicat;

1799 3660 1902 3699 nec
1947 3644 2227 3714 aperiente
2269 3658 2329 3698 se
2372 3642 2604 3699 veritate
2654 3638 2867 3694 falsitas
2910 3635 3186 3693 consistit.
3226 3634 3392 3701 Quod

1798 3736 1846 3794 si
1902 3751 2189 3794 sacrarum
2245 3734 2582 3790 Litterarum
2651 3732 2730 3787 uti
2795 3729 3118 3786 testimonio
3181 3728 3383 3798 placet,

1798 3829 2041 3900 Apelles,
2077 3842 2287 3898 vosque
2320 3823 2651 3897 Apelleiani,
2693 3822 2801 3878 illa
2835 3823 2969 3892 ipsa:
3006 3835 3106 3875 sua
3140 3834 3241 3875 vos
3279 3834 3383 3873 au-

1797 3922 2052 3978 ctoritate
2081 3919 2428 3976 convincent.
2469 3916 2747 3979 Primum,
2799 3911 2948 3984 quod
2977 3912 3046 3967 ad
3080 3912 3383 3981 imaginem

1798 4012 1894 4069 Dei
1937 4012 2101 4067 homo
2144 4024 2175 4065 a
2216 4008 2329 4065 Deo
2372 4008 2553 4063 factus
2590 4014 2697 4061 est.
2737 4006 2817 4059 Ac
2856 4004 2952 4074 qui
2995 4002 3149 4056 illum
3194 4000 3324 4056 fecit
3364 4018 3379 4056 :

1798 4104 2111 4167 Faciamus,
2152 4102 2350 4173 inquit,
2386 4099 2648 4154 hominem
2686 4097 2757 4150 ad
2798 4095 3081 4166 imaginem
3111 4101 3161 4147 et
3192 4092 3385 4147 simili--

1801 4195 2035 4251 tudinem
2081 4204 2319 4247 nostram
2362 4193 2409 4245 ⁸.
2453 4188 2728 4256 Quocirca
2765 4188 2812 4244 si
2851 4186 2977 4257 quis
3014 4198 3047 4238 a
3085 4181 3387 4240 falsissima

1799 4295 1893 4343 tua
1942 4286 2135 4343 haeresi
2186 4300 2311 4343 sese
2345 4282 2414 4339 ad
2455 4284 2741 4339 veritatem
2772 4277 3132 4345 converterit,
3164 4286 3218 4332 et
3250 4283 3381 4330 tan-

113 4381 173 4434 ἂν
198 4382 261 4436 τὸ
304 4380 423 4452 φῶς
455 4379 606 4450 αὑτῷ
643 4377 928 4433 ἀνατεῐλαν
977 4377 1076 4449 τῆς
1126 4376 1221 4430 τοῦ
1277 4375 1413 4432 Θεοῦ
1445 4375 1696 4446 γνώσεως

1803 4396 1965 4452 quam
2013 4394 2044 4434 e
2097 4385 2260 4433 nocte
2309 4390 2374 4430 ac
2430 4372 2672 4430 tenebris
2719 4370 3030 4433 emerserit,
3082 4368 3137 4422 in
3182 4366 3389 4422 divina:-

114 4471 259 4543 ήλίου
290 4471 450 4542 δίκην
478 4470 574 4551 καὶ
594 4468 735 4540 ὑπὲρ
767 4468 936 4540 ἥλιον.

175 4653 487 4723 Φανήσεται
536 4649 647 4723 γὰρ
696 4649 861 4705 παντὶ
903 4649 983 4722 τῷ
1027 4649 1120 4704 τὸν
1166 4647 1386 4719 εῦλογον
1436 4647 1697 4720 λογισμὸν

115 4742 436 4814 κεκτημένῳ
457 4779 475 4805 ,
510 4741 594 4795 δτι
630 4742 660 4795 6
692 4739 862 4793 είπὼν
888 4779 903 4805 ,
957 4739 1312 4810 Ποιήσωμεν
1361 4739 1695 4809 ἄνθρωπον,

114 4836 140 4887 6
165 4835 301 4898 Θεός
330 4836 478 4889 ἐστιν
504 4834 535 4886 6
563 4832 674 4886 τῶν
698 4832 835 4887 ὅλων
862 4833 1072 4905 Πατήρ.
1105 4832 1464 4901 Συγκαλεῖται
1488 4832 1547 4886 δὲ
1577 4830 1698 4903 μεθ’

114 4928 305 4984 ἑαυτοῦ
326 4928 421 4981 τὸν
449 4928 537 4982 ἀεὶ
560 4927 686 4981 ὅντα
728 4929 826 4981 σὺν
857 4927 1006 4998 αὐτῷ
1034 4926 1167 4979 Θεὸν
1194 4926 1365 4995 Λόγον
1389 4918 1517 4979 Υίδν
1543 4941 1700 4996 μονο-

116 5022 240 5094 γενῆ
267 5062 282 5086 ,
318 5018 383 5085 ἑξ
404 5018 568 5073 αὐτοῦ
606 5020 859 5092 ἀνάρχως
891 5019 985 5073 καὶ
1008 5018 1253 5091 ἀχρόνως
1280 5016 1695 5089 γεγεννημένον

117 5114 225 5184 ἀμα
257 5114 319 5167 δὲ
371 5112 465 5167 καὶ
505 5113 570 5168 τὸ
606 5112 763 5183 ἅγιον
812 5110 980 5165 αὐτοῦ
1033 5108 1257 5180 Πνεῦμα
1279 5149 1295 5175 ,
1342 5109 1404 5163 τὸ
1452 5110 1552 5164 οὐκ
1598 5108 1697 5164 ἀλ-

116 5204 319 5276 λότριον
351 5203 516 5259 αὐτοῦ
557 5204 676 5259 οὐδὲ
699 5204 794 5258 τοῦ
823 5202 987 5258 αὑτοῦ
1019 5203 1147 5258 ἰδίου
1184 5203 1335 5258 Υίοῦ.
1364 5204 1426 5259 Et
1465 5203 1575 5276 7&9
1599 5203 1696 5258 ἀλ-

118 5297 197 5364 λος
220 5295 296 5371 ἦν
325 5298 357 5351 6
387 5295 600 5360 πλάσας
622 5295 715 5352 τὸν
745 5296 1030 5369 ἄνθρωπον
1055 5336 1069 5359 ,
1104 5295 1199 5351 καὶ
1227 5296 1320 5350 τὸν
1348 5296 1552 5367 κόσμον
1584 5297 1702 5352 κτί-

119 5406 235 5455 σας,
268 5389 435 5452 ἀλλος
474 5388 533 5442 δὲ
579 5388 610 5441 6
659 5388 772 5441 ἀνω
798 5386 1003 5455 ἀγαθὸς
1036 5386 1169 5450 Θεὸς
1191 5425 1207 5451 ,
1238 5386 1365 5457 παρ’
1402 5380 1463 5442 οὗ
1500 5385 1701 5459 κατῆλ-

121 5481 200 5536 θεν
226 5486 257 5539 6
307 5480 578 5552 Χριστόςο
603 5480 709 5536 οὐκ
754 5478 823 5534 ἀν
848 5482 878 5534 6
924 5480 1157 5551 Χριστὸς
1188 5478 1492 5551 ιλάμδανεν
1524 5478 1701 5552 ἑαυτῷ

121 5574 306 5647 σῶμα,
372 5573 468 5626 καὶ
495 5571 701 5626 ἔπλασε
747 5571 847 5644 τήν
890 5572 1075 5627 εἰκόνα
1120 5570 1215 5626 τοῦ
1248 5569 1589 5646 Δημιουργοῦ
1624 5571 1705 5637 εἰς

187 5753 200 5785 '
230 5757 357 5810 Act.
402 5770 441 5824 t,
470 5752 503 5808 9
529 5768 645 5824 sqq.
728 5753 748 5783 ²
787 5749 924 5807 Gen.
955 5766 1016 5818 ιι,
1047 5749 1139 5805 26.

1800 4473 2041 4533 scientiae
2078 4470 2262 4541 lumen
2302 4470 2570 4531 incurret,
2618 4463 2765 4536 quod
2799 4461 2850 4518 ei
2901 4460 3035 4517 solis
3082 4459 3258 4514 instar
3296 4460 3387 4514 vel

1794 4570 1957 4626 etiam
1992 4563 2106 4620 sole
2128 4565 2249 4632 ipso
2277 4560 2481 4615 clarius
2513 4557 2815 4613 illucescet.

1868 4656 2002 4712 Nam
2036 4655 2170 4710 illud
2199 4651 2451 4716 cuilibet,
2484 4651 2578 4721 qui
2612 4650 2845 4707 rationis
2877 4649 3123 4707 nonnihil
3159 4646 3383 4713 habeat,

1797 4749 2030 4805 evidens
2060 4747 2190 4810 erit,
2220 4743 2389 4800 Deum
2421 4758 2546 4799 esse
2570 4751 2850 4813 parentem
2875 4742 3142 4804 omnium,
3177 4739 3269 4810 qui
3305 4738 3380 4792 ita

1798 4839 2019 4895 locutus
2044 4845 2130 4893 est
2162 4854 2176 4891 :
2215 4834 2503 4891 Faciamus
2532 4834 2814 4888 hominem.
2841 4832 2956 4900 Qua
2993 4831 3210 4902 quidem
3246 4845 3382 4885 voce

1796 4939 2063 4986 aeternum
2120 4927 2276 4983 illum
2319 4925 2515 4991 Deum,
2567 4924 2832 4989 Verbum,
2873 4926 3116 4995 inquam,
3179 4919 3376 4977 Filium

1797 5037 1961 5080 suum
2011 5020 2305 5091 ttnigenam
2350 5018 2671 5089 complexus
2702 5022 2789 5072 est
2828 5031 2844 5068 :
2881 5031 3043 5087 quem
3083 5030 3151 5071 ex
3198 5015 3381 5082 seipso

1795 5116 1920 5172 sine
1941 5114 2103 5169 initio
2125 5112 2277 5168 omni
2299 5126 2363 5167 ac
2387 5120 2632 5181 tempore
2656 5110 2878 5180 genuit;
2909 5123 3011 5163 nec
3032 5122 3141 5162 non
3165 5114 3220 5161 et
3252 5104 3378 5175 Spi-

1799 5208 1968 5263 ritum
2005 5213 2281 5270 sanctutn,
2317 5203 2413 5275 qui
2443 5217 2545 5258 nec
2575 5202 2644 5257 ab
2676 5202 2794 5266 illo,
2828 5215 2931 5257 nec
2959 5200 3029 5255 ab
3066 5198 3232 5271 385
3259 5198 3382 5268 ejus

1804 5295 1944 5354 Filio
1969 5298 2042 5354 sit
2065 5297 2299 5352 alienus.
2335 5294 2393 5351 Si
2428 5295 2573 5351 enim
2609 5294 2751 5349 alius
2784 5294 2924 5349 foret
2946 5293 3186 5348 hominis
3216 5291 3385 5346 fabri-

1806 5398 1986 5455 cator,
2039 5388 2230 5444 mundi
2267 5388 2560 5455 conditor;
2599 5387 2744 5442 alius
2774 5401 3065 5457 supremus
3102 5398 3166 5438 ac
3205 5382 3384 5437 bonus

1807 5480 1973 5548 Deus,
2001 5496 2031 5534 a
2064 5496 2175 5553 quo
2198 5479 2450 5536 Christus
2476 5479 2783 5541 descendit,
2815 5492 3095 5547 nunquam
3128 5474 3385 5529 Christus

1811 5572 1919 5631 sibi
1943 5587 2149 5646 corpus
2182 5570 2483 5646 aﬁingeret,
2514 5580 2608 5627 aut
2640 5568 2870 5643 ﬁguram
2910 5568 2965 5625 in
3004 5582 3066 5624 se
3099 5563 3384 5622 Creatoris
