3846 6320
461 311 559 368 327

1881 322 1938 377 s.
1971 298 2321 376 VEPIPHANII

3644 319 3744 376 8‘35

454 424 808 492 exprimeret.
869 425 1049 492 Quare
1104 429 1456 501 perspicuum
1503 441 1608 497 est,
1664 433 1809 488 hunc
1854 434 2033 504 ipsum

2156 433 2332 487 ἑαυτὸν
2370 433 2694 487 ἀνατυπῶν’
2752 432 2886 488 ἀλλά
2935 434 3125 504 δῆλον,
3177 435 3257 488 ὃτι
3309 437 3477 501 αὑτός
3520 440 3676 490 ἐστιν
3717 440 3744 489 6

459 513 699 570 hominis
760 518 1063 590 mundique
1125 537 1248 576 esse
1301 525 1683 590 conditorem,
1746 540 1906 595 quem
1965 527 2038 578 ita

461 605 621 662 Pater
647 608 948 679 alloquitur
981 632 994 666 :
1032 612 1323 668 Faciamus
1362 617 1622 670 hominem
1658 618 1726 670 ad
1761 617 2038 686 imaginem

455 708 507 751 et
533 699 936 757 simttitudinem
969 717 1228 758 nostram.
1276 706 1453 776 Atque
1493 708 1597 762 hoc
1626 723 1691 761 ex
1725 723 1835 762 uno
1877 722 2040 778 opere

461 790 784 848 manifestus
835 796 940 848 erit
996 797 1216 860 artifex,
1269 814 1448 868 neque
1506 800 1647 854 alius
1705 800 2041 869 intelligetur

462 878 652 944 fuisse,
691 884 784 953 qui
833 891 947 938 tum
1000 885 1274 942 hominem
1319 892 1714 959 procreaverit,
1742 888 1808 945 et
1844 891 2036 946 Adami

458 987 661 1042 corpus
685 983 881 1029 eterra
910 978 1130 1035 molitus
1157 979 1339 1044 fuerit,
1370 983 1732 1053 eamdemque
1778 983 1830 1037 in
1862 985 2041 1038 viven-

459 1073 566 1117 tem
635 1068 868 1121 animam
939 1069 1147 1126 fecerit.
1223 1071 1321 1127 Cui
1405 1075 1624 1145 quidem
1690 1077 1769 1132 rei
1843 1077 2038 1132 beatus

457 1154 699 1212 Joannes
735 1161 786 1213 in
827 1161 1113 1232 Evangelio
1156 1179 1257 1219 suo
1292 1164 1623 1238 sulfragatnr
1664 1168 1750 1223 his
1793 1169 1978 1224 verbis
2011 1185 2024 1223 :

459 1247 530 1301 In
579 1251 836 1316 principio
885 1264 998 1306 erat
1068 1253 1314 1321 Verbum,
1364 1267 1415 1311 et
1471 1258 1696 1312 Verbum
1739 1270 1854 1313 erat
1899 1261 2039 1328 apud

459 1336 647 1400 Deum,
679 1349 728 1392 et
764 1340 902 1396 Deus
939 1353 1052 1396 erat
1097 1343 1341 1412 Verbum.
1386 1347 1502 1400 Hoc
1536 1359 1650 1401 erat
1691 1349 1745 1402 in
1783 1351 2040 1418 principio

459 1429 600 1492 apud
637 1428 826 1486 Deum.
882 1432 1072 1487 Omnia
1119 1451 1208 1502 per
1255 1437 1426 1506 ipsum
1459 1437 1604 1506 facta
1647 1449 1791 1503 sunt,
1832 1449 1880 1492 et
1930 1441 2042 1494 sine

458 1521 573 1587 ipso
610 1522 812 1588 factum
844 1533 922 1578 est
959 1526 1093 1579 nihil
1122 1529 1165 1590 ί,
1198 1536 1306 1582 etc.

529 1611 684 1676 Quod
717 1615 762 1668 si
796 1614 850 1668 in
891 1615 1010 1684 ipso
1051 1617 1196 1672 facta
1244 1626 1394 1685 sunt,
1431 1627 1485 1674 et
1522 1634 1619 1688 per
1650 1620 1829 1689 ipsum
1875 1619 2038 1685 facta,

460 1701 551 1756 ille
578 1710 631 1756 et
657 1701 928 1759 Adamum
963 1705 1279 1771 fabricavit,
1312 1719 1367 1765 et
1392 1726 1459 1764 ex
1490 1709 1657 1764 Maria
1694 1712 1911 1782 Virgine
1938 1714 2040 1768 sibi

2145 524 2485 596 Δημιουργὸς
2517 524 2612 578 τοῦ
2650 525 2940 597 ἀνθρώπου
2977 527 3070 580 καὶ
3102 527 3196 580 τοῦ
3232 529 3437 599 κόσμου
3463 570 3478 590 ,
3593 524 3742 581 εἶπεν

2143 617 2170 667 6
2201 615 2391 686 Πατήρ
2418 631 2430 644 ·
2465 615 2820 684 Ποιήσωμεν
2859 616 3173 684 ἄνθρωπον
3205 621 3329 670 κατ’
3359 620 3574 671 εἰκόνα
3601 619 3743 687 ἡμε-

2145 705 2324 773 τέραν
2369 706 2465 758 καὶ
2495 707 2626 760 καθ’
2657 707 2965 775 ὁμοίωσιν.
3014 707 3145 760 Ἀπὸ
3191 708 3246 760 δὲ
3276 708 3368 760 τοῦ
3403 709 3530 770 ἐνὸς
3573 709 3740 779 ἔργον

2149 795 2474 866 σταθήσεται
2505 797 2736 867 φανερὸς
2768 797 3049 868 γινόμενος
3077 800 3105 850 6
3146 799 3391 870 τεχνίτης
3410 840 3424 862 ,
3468 801 3554 852 ὅτι
3585 795 3741 863 οὗτός

2141 888 2295 939 ἐστιν
2322 888 2349 939 6
2376 887 2495 940 τότε
2522 887 2612 940 τὸν
2645 886 2930 960 ἄνθρωπον
2963 889 3302 960 πεποιηκὼς,
3334 892 3555 957 πλάσας
3589 912 3652 947 τε
3681 897 3744 946 ἐκ

2146 976 2248 1046 γῆς
2282 974 2341 1028 τὸ
2368 975 2458 1028 τοῦ
2499 975 2671 1046 Ἀδὰμ
2702 976 2880 1045 σῶμα,
2915 979 3008 1031 καὶ
3032 979 3261 1048 ποιήσας
3286 980 3415 1032 αὐτὸ
3444 983 3530 1044 είς
3558 982 3742 1051 ψυχὴν

2148 1063 2350 1128 ζῶσαν.
2395 1064 2485 1117 Διὸ
2533 1065 2627 1118 καὶ¹
2677 1065 3056 1137 ἐμαρτύρησεν
3103 1068 3131 1118 6
3174 1066 3324 1136 ἅγιος
3381 1070 3650 1138 Ἰωάννης
3687 1074 3744 1123 ἐν

2146 1157 2224 1227 τῷ
2253 1156 2390 1227 ἁγίῳ
2428 1157 2744 1227 Εύαγγελίῳ
2770 1198 2786 1223 ,
2815 1156 2988 1225 λέγων
3014 1198 3028 1221 ,
3080 1158 3160 1211 ὅτι
3216 1159 3312 1211 Ἑν
3363 1159 3528 1228 ἀρχῇ
3576 1157 3663 1230 ἦν
3711 1164 3743 1214 ό

2147 1249 2334 1317 Λόγος
2359 1287 2374 1310 ,
2411 1248 2508 1300 καί
2549 1251 2580 1301 ό
2608 1249 2798 1318 Λόγος
2829 1244 2907 1318 ἦν
2931 1249 3079 1317 πρὸς
3105 1251 3212 1302 τὸν
3241 1252 3388 1304 Θεὸν
3409 1292 3422 1314 ,
3456 1251 3563 1304 καὶ
3594 1252 3742 1318 Θειις

2146 1336 2225 1409 ἦν
2258 1342 2290 1391 d
2335 1339 2543 1408 Λόγος.
2580 1334 2769 1404 Οὗτος
2803 1335 2879 1408 ἦν
2923 1339 2993 1392 ἐν
3023 1337 3178 1407 ἀρχῇ
3217 1339 3369 1407 πρὸς
3415 1339 3528 1393 τὸν
3564 1342 3735 1394 Θεέ-γ.

2147 1429 2350 1484 Πάντα
2382 1429 2455 1482 δι’
2493 1430 2678 1484 αὐτοῦ
2707 1431 2943 1499 ἐγένετο
2969 1469 2982 1492 ,
3029 1430 3125 1482 καὶ
3152 1432 3332 1498 χωρὶς
3371 1432 3563 1486 αὐτοῦ
3614 1430 3742 1502 ἐγέι

2147 1536 2283 1573 rato
2321 1519 2460 1573 οὐδε
2491 1518 2592 1584 ἓν,
2620 1520 2713 1572 καλ⁸
2749 1518 2816 1571 τὰ
2841 1518 2985 1589 ἑξῆς.

2217 1612 2280 1664 Εἰ
2314 1611 2368 1664 δὲ
2408 1614 2465 1664 ἐν
2520 1609 2666 1681 αὐτῷ
2722 1611 2938 1679 ἐγένετο
2964 1653 2977 1674 ,
3019 1611 3113 1665 καὶ
3150 1611 3242 1664 ὑπ’
3273 1611 3438 1666 αὑτοῦ
3489 1612 3738 1680 ἐγένετδ,

2149 1705 2311 1767 αὐτὸς
2356 1704 2474 1756 τότε
2525 1703 2616 1756 τὸν
2656 1703 2826 1772 Ἀδὰμ
2875 1703 3105 1769 ἔπλασε,
3141 1703 3233 1756 καὶ
3283 1704 3444 1767 αὐτὸς
3475 1705 3646 1758 πάλιν
3680 1704 3742 1759 τὸ

457 1809 664 1864 corpus
697 1796 925 1858 ellinxit,
951 1813 1012 1852 ac
1046 1809 1212 1854 totam
1244 1803 1479 1872 denique
1519 1803 1621 1857 sibi
1658 1811 1912 1858 naturam
1948 1805 2045 1858 ho-

2156 1797 2308 1866 σῶμα
2341 1795 2449 1848 ἀπὸ
2475 1794 2693 1866 Μαρίας
2731 1795 2832 1864 τῆς
2857 1793 3130 1866 Παρθένου
3161 1794 3241 1857 εἰς
3271 1794 3464 1846 ἐαυτὸι⁵
3503 1795 3740 1846 ἀνεπλά-

460 1886 628 1940 minis
659 1887 932 1955 adjnnxit,
969 1906 1134 1959 quam
1168 1907 1197 1944 a
1235 1907 1294 1946 se
1330 1894 1423 1948 illo
1466 1901 1709 1964 tempore
1742 1895 2069 1964 conditam,‘

456 1974 681 2036 demum
709 1979 1021 2033 arctissime
1056 1981 1158 2034 sibi
1189 1983 1486 2050 copulavit.
1524 1982 1641 2037 Jam
1673 2000 1804 2039 vero
1841 1987 1885 2041 si
1920 1986 2048 2040 alie-

455 2075 592 2117 utrm
637 2080 776 2134 opus
817 2069 1103 2136 usurpavit
1144 2070 1287 2138 ejus,
1347 2072 1440 2140 qui
1492 2081 1709 2127 creatas
1763 2089 1851 2128 res
1905 2075 2045 2128 male

457 2153 727 2222 condidit,
763 2171 828 2209 ac
856 2159 1032 2212 malus
1075 2161 1335 2228 opinione
1373 2169 1462 2213 tua
1499 2159 1632 2227 fuit;
1675 2162 1746 2228 si,
1798 2162 2041 2232 inquam,

455 2243 623 2299 malis
654 2246 917 2315 operibus
959 2264 1094 2304 usus
1131 2257 1235 2315 est,
1278 2265 1400 2320 qua:
1435 2267 1464 2306 a
1496 2253 1640 2307 malo
1673 2261 1803 2308 sunt
1837 2253 2046 2309 artilice

460 2334 730 2404 profecta,
755 2337 1035 2395 Creatoris
1057 2355 1116 2394 se
1139 2342 1383 2411 nequitia
1414 2343 1776 2412 implicaverit
1803 2354 2042 2415 oportet,

463 2443 565 2482 usu
599 2428 694 2483 illo
721 2444 785 2486 ac
815 2432 1083 2487 beneﬁcio
1119 2453 1131 2487 :
1165 2442 1279 2488 tum
1310 2435 1559 2504 ejusdem
1595 2437 1832 2508 imagine
1862 2453 2047 2510 capes-

459 2519 664 2588 senda;
717 2523 862 2592 quod
905 2525 1022 2579 ﬁeri
1073 2527 1298 2582 omnino
1343 2544 1452 2583 non
1494 2537 1695 2598 potest.
1733 2530 1948 2586 Etenim
1997 2531 2046 2586 si

457 2611 704 2668 hominis
739 2622 991 2669 naturam
1021 2617 1219 2681 induit,
1261 2635 1372 2675 non
1407 2635 1627 2676 carnem
1659 2622 1842 2686 modo,
1872 2623 1964 2678 sed
1991 2632 2047 2679 et

461 2703 698 2760 animam
734 2708 994 2776 suscepit.
1034 2708 1224 2779 Neque
1253 2712 1400 2766 enim
1433 2712 1730 2767 obscurum
1767 2713 1903 2768 illud
1940 2725 2042 2772 est.

460 2789 564 2856 Qui
591 2792 737 2845 enim
762 2795 966 2865 alioqui
991 2797 1196 2854 diceret
1222 2816 1239 2853 :
1268 2799 1593 2856 Potestatem
1624 2803 1786 2858 habeo
1813 2807 2048 2874 accipere

461 2881 698 2934 animant
727 2901 917 2952 meam,
939 2896 987 2942 et
1016 2904 1207 2956 ponere
1238 2907 1356 2944 eam
1378 2893 1443 2944 ’?
1472 2891 1840 2958 Quamobrem
1873 2904 2045 2950 totum

465 2975 598 3030 illud
630 2991 770 3046 opus
803 2993 1114 3046 assumens,
1153 2998 1317 3052 quam
1358 2983 1588 3040 Creator
1625 2987 1914 3058 imaginem
1948 3003 2045 3058 ap-

465 3068 651 3133 pellat.
689 3077 862 3124 totum
898 3072 1052 3138 illud,
1095 3074 1340 3143 inquam,
1384 3090 1450 3129 ex
1493 3092 1722 3146 corpore
1756 3080 2047 3152 animaque

463 3159 790 3228 conﬂatum,
823 3164 1022 3232 quibus
1049 3165 1210 3219 homo
1239 3168 1490 3235 partibus
1517 3144 1756 3234 constat,
1797 3144 2044 3228 divinum
2073 3144 2116 3202 C

466 3253 573 3307 sibi
607 3252 841 3309 Verbum
873 3255 1143 3326 adiunxit.
1191 3258 1347 3324 Quod
1398 3261 1442 3315 si
1485 3261 1557 3314 ita
1591 3271 1696 3326 est,
1729 3265 1922 3319 veneni
1965 3266 2048 3320 tui

466 3346 762 3401 ellicacitas
787 3349 965 3403 omnis
992 3351 1380 3420 exstinguitur,
1412 3365 1476 3405 ac
1503 3353 1900 3410 tumultuosum
1930 3372 2052 3425 perv

469 3438 859 3508 turbatumque
903 3440 1096 3511 dogma
1135 3442 1371 3498 concidit
1413 3462 1426 3498 :
1465 3444 1611 3514 quod
1657 3445 1807 3500 nullo
1857 3445 2050 3501 funda-

471 3540 657 3585 mento
698 3531 1027 3600 stabilitum,
1071 3535 1220 3588 nulla
1261 3536 1510 3592 veritatis
1548 3535 1803 3592 ﬁrmitate
1833 3541 2054 3614 ac_soli-

473 3623 647 3678 ditate
684 3624 903 3678 nititur.

540 3713 606 3767 V.
638 3715 911 3771 Caeterum
935 3733 1059 3772 cum
1087 3733 1116 3774 e
1139 3721 1310 3776 sacris
1340 3719 1561 3778 Litteris
1592 3723 1854 3795 quidquid
1889 3724 2053 3797 385

467 3806 736 3876 placuerit
778 3809 968 3880 eligas,
1025 3818 1120 3866 aut
1177 3813 1426 3882 rejicias,
1485 3816 1648 3885 plane
1705 3817 1945 3887 iudicem
2003 3825 2055 3873 te

470 3900 648 3970 legum
697 3916 805 3955 non
848 3902 1198 3973 interpretem
1243 3905 1416 3971 facis,
1458 3923 1522 3962 ac
1562 3908 1894 3964 delectorem
1939 3923 2058 3962 om-

468 3989 622 4043 nium
665 4006 787 4060 quae
819 4008 887 4046 ex
931 3994 1099 4050 animi
1146 3995 1222 4049 tui
1272 3999 1544 4052 sententia
1588 3999 1812 4054 minime
1852 3998 2055 4068 scripta

471 4090 636 4150 sunt;
665 4098 785 4152 quae
807 4085 910 4140 etsi
935 4087 1224 4143 verissima
1248 4089 1380 4153 sint,
1409 4091 1545 4145 falso
1567 4107 1596 4144 a
1627 4099 1680 4145 te
1701 4090 2056 4146 nihilominus

469 4183 905 4241 commutantur,
939 4184 994 4232 et
1026 4178 1094 4232 ad
1128 4187 1280 4234 tuum
1325 4197 1388 4235 ac
1429 4189 1650 4235 tuorum
1683 4196 1929 4237 errorem
1964 4196 2058 4236 ac-

469 4267 911 4324 commodantur.
943 4269 1098 4335 Quod
1132 4273 1178 4327 si
1209 4274 1388 4329 malus
1417 4273 1641 4344 quidam
1683 4273 1877 4330 artifex
1921 4273 2059 4331 infe-

473 4357 620 4412 riora
644 4359 778 4425 hazc,
816 4375 879 4414 ac
913 4363 1176 4417 mundum
1205 4363 1342 4419 adeo
1371 4365 1536 4419 istum
1563 4366 1789 4421 molitus
1817 4373 1924 4432 est,
1959 4381 2060 4420 cur

473 4465 506 4504 a
536 4450 681 4505 bono
718 4450 880 4507 Patre
911 4453 1115 4511 missus
1152 4455 1260 4510 huc
1293 4457 1384 4512 ille
1413 4456 1735 4512 descendit?
1763 4456 1820 4511 Si
1866 4464 1926 4512 ut
1957 4457 2056 4511 ho-

475 4542 682 4596 minum
733 4560 905 4611 genus
947 4547 1217 4616 eriperet.
1272 4549 1468 4602 horum
1526 4548 1741 4604 scilicet
1795 4558 2056 4620 tanquam

475 4647 701 4689 suorum
759 4653 945 4692 curam
993 4640 1266 4709 suscepit.
1313 4656 1412 4696 nec
1461 4641 1603 4696 alius
1646 4641 1761 4710 jam
1808 4641 2061 4697 conditor

473 4739 596 4779 esse
619 4727 898 4795 putandus
929 4738 1033 4784 est.
1072 4729 1169 4783 Sin
1211 4730 1421 4786 alienos
1467 4733 1700 4796 curavit,
1733 4748 1907 4802 eaque
1938 4749 2060 4803 quae

475 4814 612 4868 nihil
641 4816 707 4869 ad
734 4833 792 4872 se
817 4819 1188 4888 pertinebant,
1213 4836 1481 4890 usurpare
1517 4837 1582 4876 ac
1609 4838 1830 4879 servare
1854 4825 2058 4891 voluit;

476 4913 573 4958 aut
627 4909 966 4964 adulatorem
1019 4909 1196 4966 fuisse
1251 4927 1477 4968 necesse
1525 4921 1637 4980 est,
1701 4914 1794 4984 qui
1867 4914 2060 4970 alienis

380 5051 384 5055 .
477 4997 798 5066 adhaeserit;
843 5011 938 5055 aut
982 5003 1172 5074 gloria:
1215 5003 1498 5075 cupidum,
1544 5005 1638 5076 qui
1679 5014 1736 5060 ut
1767 5005 2063 5062 Conditore

480 5103 542 5143 se
567 5092 1001 5159 prestantiorem
1030 5095 1368 5163 ostenderet,
1411 5113 1522 5168 pra:
1560 5098 1753 5153 alienis
1780 5114 1901 5166 quae
1943 5113 2060 5154 ser-

481 5194 610 5234 vare
658 5180 991 5245 instituerat,
1034 5201 1260 5241 suorum
1316 5188 1542 5244 minime
1587 5189 1859 5244 desiderio
1910 5196 2062 5244 tene-

482 5280 634 5326 retur
669 5293 682 5328 2
714 5291 780 5328 ex
820 5291 928 5345 quo
955 5293 1118 5334 verus
1153 5293 1216 5334 ac
1247 5281 1497 5337 sincerus
1526 5297 1648 5338 esse
1680 5281 1911 5336 desinet.
1952 5280 2058 5335 Sed

485 5380 662 5432 neque
692 5368 1063 5425 moderatione
1094 5372 1264 5426 animi
1297 5375 1588 5444 praeditus,
1622 5376 1711 5444 qui
1747 5389 1871 5428 cum
1903 5388 2059 5428 crea-

485 5465 599 5510 tam
649 5473 762 5512 rem
800 5460 1003 5514 nullam
1043 5464 1316 5533 propriam
1366 5467 1580 5530 habeat,
1629 5467 1806 5520 aliena
1851 5481 2060 5520 concu-

485 5547 672 5619 piscit,
702 5555 757 5604 et
784 5548 1135 5608 intervertere
1167 5555 1382 5621 studet,
1416 5556 1520 5611 hoc
1550 5564 1634 5613 est
1661 5557 1874 5613 animas
1895 5596 1910 5623 ,
1942 5572 2062 5628 qua?

583 5703 602 5733 ¹
631 5703 786 5762 Joan.
820 5722 858 5771 ι,
895 5708 946 5775 l,
982 5710 1034 5766 2.
1115 5711 1134 5742 ³
1160 5709 1318 5768 Joan.
1364 5730 1415 5780 κ,
1449 5715 1531 5771 l8.

2148 1905 2306 1941 σατοο
2338 1887 2432 1940 καὶ
2459 1885 2678 1949 τελείως
2711 1886 2806 1956 τὴν
2863 1887 3042 1939 πᾶσαν
3096 1885 3260 1940 αὑτοῦ
3315 1886 3737 1959 ἐνανθρὼπησιν

2148 1981 2420 2051 συνήνωσε
2449 2019 2461 2042 ,
2488 1977 2586 2049 τὴν
2618 1978 2708 2031 ὑπ’
2760 1976 2924 2030 αὑτοῦ
2959 1979 3080 2030 τότε
3111 1977 3442 2032 πλασθεῖσαν
3465 2021 3480 2043 ,
3511 1981 3610 2032 καὶ
3641 1979 3732 2032 νῦν

2145 2071 2204 2124 ἐν
2255 2069 2430 2140 ἐαυτῷ
2463 2069 2869 2122 συνενωθεῖσαν.
2912 2069 2972 2121 Εἰ
3007 2069 3063 2122 δὲ
3117 2069 3404 2140 ἀλλοτρίαν
3464 2071 3732 2142 ἐργασίαν

2146 2163 2225 2225 είς
2253 2161 2441 2213 ἑαυτὸν
2476 2159 2633 2212 ἔλαϐε
2683 2157 2778 2212 τοῦ
2819 2159 3005 2222 κακῶς
3033 2160 3130 2228 τὴν
3167 2160 3363 2214 πλάσιν
3398 2161 3729 2223 πλάσαντος,

2146 2254 2238 2306 καὶ
2267 2251 2436 2304 κακοῦ
2462 2251 2796 2322 ὑπάρχοντος
2823 2251 2962 2304 κατά
2989 2252 3088 2321 τὴν
3111 2251 3205 2305 σοῦ
3235 2253 3607 2314 διδασκαλίαν,
3638 2255 3731 2306 καὶ

2145 2347 2193 2397 εί
2232 2345 2369 2407 ὅλως
2396 2346 2665 2416 κέχρηται
2689 2347 2799 2407 τοῖς
2827 2347 3017 2406 κακοῖς
3047 2345 3346 2415 ποιήμασιν
3373 2388 3385 2412 ,
3417 2343 3500 2408 οἷς
3521 2348 3551 2398 ὁ
3585 2347 3728 2399 κατὰ

2149 2437 2208 2489 σὲ
2237 2436 2406 2498 κακὸς
2434 2436 2662 2506 ποιητὴς
2689 2435 2980 2507 εἰργάσατο
3004 2452 3018 2466 ο
3046 2435 3153 2507 ἄρα
3196 2437 3431 2508 ἐπεμίγη
3461 2440 3530 2507 τῇ
3559 2439 3728 2508 κακία

2145 2521 2240 2577 τοῦ
2289 2523 2512 2594 ποιητοῦ
2552 2525 2745 2595 χρήσει
2787 2542 2846 2577 τε
2895 2527 2989 2578 καὶ
3038 2526 3360 2598 εὐεργεσία,
3396 2529 3490 2580 καὶ
3519 2532 3588 2599 τῇ
3623 2530 3725 2600 ἰδία

2146 2611 2312 2667 αὐτοῦ
2339 2613 2544 2666 εἰκόνι·
2575 2613 2691 2666 ἀλλ’
2721 2615 2821 2666 οὐκ
2863 2615 3157 2684 ἐνδέχεται.
3189 2617 3250 2668 El
3299 2617 3404 2686 γὰρ
3447 2618 3726 2689 ἐνηνθρώ-

2148 2721 2322 2774 πησεν
2345 2743 2360 2768 ,
2395 2705 2455 2757 ού
2499 2706 2657 2775 μόνον
2692 2704 2870 2776 σάρκα
2921 2706 3170 2775 εἴληφεν,
3209 2705 3345 2760 ἀλλά
3383 2708 3477 2760 καὶ
3522 2707 3723 2778 ψυχήν.

2147 2795 2312 2866 Δῆλον
2341 2796 2450 2866 γάρ
2473 2796 2624 2849 ἔσται
2650 2796 2826 2850 τοῦτο.
2872 2797 3024 2850 Ἐπεὶ
3055 2798 3216 2852 πόθεν
3244 2798 3430 2867 ἔλεγεν
3455 2815 3472 2831 ο
3523 2799 3727 2863 Ἔξου·

2147 2888 2292 2942 σίαν
2328 2887 2445 2957 ἔχω
2477 2887 2685 2942 λαϐεῖν
2721 2887 2836 2957 τὴν
2865 2887 3076 2958 ψυχήν
3105 2885 3373 2959 μου,’καὶ
3407 2891 3597 2946 θεῖναι
3624 2896 3727 2947 at)-

2147 2979 2291 3046 uir;
2321 2979 2431 3048 Τὴν
2464 2980 2644 3032 πᾶσαν
2671 2979 2852 3032 τοίνυν
2885 2982 3264 3052 πραγματείαν
3302 2982 3723 3054 ἀναλεξάμενος.

2147 3071 2245 3142 τὴν
2293 3070 2546 3142 ῥηθεῖσαν
2601 3071 2706 3124 ὑπὸ
2753 3071 2845 3124 τοῦ
2884 3073 3234 3144 Δημιουργοῦ
3276 3075 3495 3138 είκόνα,
3553 3079 3730 3128 πᾶσαν

2150 3165 2530 3236 πραγματείαν
2565 3164 2872 3230 ἀνεδέξατο,
2912 3167 2967 3218 ἐν
2994 3167 3070 3236 τῷ
3102 3166 3306 3236 σώματι
3337 3167 3433 3222 καὶ
3464 3169 3611 3239 ψυχῇ
3646 3171 3728 3221 ἐλ-

2151 3255 2260 3310 θὼν
2301 3258 2330 3309 6
2373 3257 2577 3326 Λόγος,
2607 3259 2700 3311 καὶ
2735 3260 2794 3312 ἐν
2835 3259 3038 3322 ὁποίοις
3067 3259 3265 3313 ἅπασίν
3296 3263 3444 3314 ἐστιν
3472 3264 3503 3314 6
3528 3263 3732 3332 ἄνθρω·

2151 3365 2271 3413 πος.
2341 3349 2555 3403 Τούτων
2613 3349 2669 3402 δὲ
2736 3349 2910 3413 οὕτως
2969 3350 3373 3418 τελεσθέντων,
3436 3353 3730 3418 ἐξάπαντος

2151 3439 2478 3511 ἠμαύρωταί
2517 3457 2608 3492 σου
2643 3439 2703 3492 τὸ
2726 3440 3070 3512 δηλητήριον,
3101 3444 3194 3495 καὶ
3223 3443 3387 3496 ἐπεσέ
3415 3461 3510 3496 σου
3536 3448 3570 3515 ή
3611 3447 3733 3499 στα·

2153 3551 2237 3597 σις
2271 3535 2304 3604 ἡ
2335 3533 2698 3604 ἁθεμελίωτος
2724 3573 2740 3600 ,
2792 3532 2865 3604 μὴ
2918 3533 3113 3602 ἔχουσα
3157 3534 3318 3605 πῆξιν
3365 3537 3732 3606 ἐδραιώματος

2152 3625 2417 3699 ἀληθείας

2224 3721 2298 3774 Ε’.
2335 3721 2398 3773 Ei
2423 3719 2480 3774 δὲ
2525 3720 2619 3774 καὶ
2657 3719 2692 3773 ἃ
2723 3719 2903 3790 βούλει
2943 3719 3240 3792 λαμϐάνεις
3286 3719 3396 3774 ἀπὸ
3441 3723 3544 3794 τῆς
3587 3721 3728 3786 θείας

2155 3811 2379 3882 Γραφῆς
2405 3851 2422 3875 ,
2478 3812 2573 3866 καὶ
2619 3811 2658 3865 ἃ
2714 3812 2892 3883 βούλει
2945 3812 3413 3880 καταλιμπάνεις·
3453 3815 3563 3887 ἄρα
3611 3815 3732 3884 γοῦν

2157 3901 2350 3973 κριτὴς
2400 3903 2735 3974 προκαθίσας
2777 3903 2798 3933 ³
2824 3942 2838 3968 ,
2869 3903 2964 3972 οὐχ
2999 3903 3340 3974 ἑρμηνευτὴς
3375 3903 3487 3957 τῶν
3538 3905 3726 3973 νόμων,

2159 3995 2294 4050 ἁλλά
2343 3993 2601 4062 ἐκλογεὺς
2653 3995 2761 4048 τῶν
2799 3994 2859 4047 οὐ
2900 3993 3040 4048 κατὰ
3077 3995 3168 4047 τὸν
3200 3995 3324 4047 νοῦν
3374 4012 3468 4048 σου
3507 3993 3730 4064 γραφέν-

2157 4104 2268 4142 των
2292 4131 2307 4154 ,
2355 4070 2490 4140 ἀλλά
2519 4086 2688 4141 ὄντων
2716 4087 2816 4158 μὲν
2853 4086 3122 4156 ἀληθινῶν
3143 4125 3158 4150 ,
3195 4087 3343 4157 παρὰ
3373 4087 3458 4140 σοὶ
3494 4087 3552 4140 δέ
3580 4103 3728 4157 μετα-

2159 4178 2494 4252 ποιηθέντων
2519 4177 2751 4248 ψευδῶς,
2787 4179 2884 4232 καὶ
2915 4178 3056 4233 κατά
3079 4177 3167 4231 τὸν
3192 4177 3315 4231 νοῦν
3347 4181 3443 4250 τῆς
3469 4179 3571 4249 σῆς
3599 4180 3730 4232 ἀπα-

2158 4289 2289 4341 της,
2320 4271 2414 4324 καὶ
2451 4270 2559 4325 τῶν
2591 4270 2695 4324 ὑπὸ
2727 4270 2820 4324 σοῦ
2863 4270 3247 4342 ἠπατημένων.
3298 4271 3358 4322 Ei
3396 4270 3454 4323 δὲ
3484 4271 3579 4323 καὶ
3606 4271 3729 4330 ὅλως

2160 4361 2329 4435 κακὸς
2359 4361 2590 4431 ποιητὴς
2637 4363 2706 4414 τὰ
2738 4359 2971 4413 ἐνταῦθα
3023 4361 3346 4431 εἰργάσατο,
3395 4360 3538 4430 φημὶ
3569 4359 3622 4413 δὲ
3649 4359 3727 4410 τὸν

2163 4454 2386 4525 κόσμον,
2417 4453 2559 4516 τίνος
2587 4453 2748 4507 ἕνεκα
2783 4449 2944 4525 ἦλθεν
2976 4455 3004 4506 ὀ
3049 4453 3156 4507 ἀπὸ
3187 4450 3393 4520 ἀγαθοῦ
3425 4451 3634 4522 [ἰατρὸς
3661 4453 3725 4511 είς

2159 4545 2308 4598 τόνδε
2335 4524 2424 4597 τὸν
2467 4545 2676 4611 αίῶνα;
2709 4524 2818 4597 Καὶ
2868 4545 2914 4597 εἰ
2955 4544 3052 4614 μὲν
3085 4544 3170 4596 ἵνα
3206 4540 3354 4613 σώσῃ
3397 4541 3723 4611 ἀνθρώπους.

2159 4635 2268 4707 ἄρα
2295 4634 2405 4688 τῶν
2435 4636 2582 4690 ἰδίων
2619 4635 3015 4707 ἐπεμελήσατο,
3053 4633 3147 4687 καὶ
3185 4633 3368 4686 οὐκέτι
3408 4632 3568 4696 ἄλλος
3599 4633 3678 4702 εἴη
3706 4633 3727 4681 6

2158 4727 2518 4798 δημιουργόςο
2548 4728 2602 4802 ,εί
2643 4728 2699 4781 δὲ
2728 4728 2789 4780 οὐ
2839 4727 2947 4780 τῶν
2980 4725 3125 4779 ἰδίων
3161 4723 3439 4796 προενόει,
3498 4723 3723 4793 βούλεται

2158 4817 2216 4870 δὲ
2247 4819 2305 4870 ἐν
2341 4819 2454 4880 τοῖς
2500 4817 2801 4889 ἀλλοτρίοις
2833 4816 3184 4888 ἐπεμϐαίνειν
3207 4858 3222 4883 ,
3257 4817 3351 4871 καὶ
3383 4828 3456 4871 τα
3480 4818 3581 4872 οὐκ
3613 4818 3723 4870 ὄντα

2159 4907 2308 4980 αὐτῷ
2374 4908 2656 4973 διασώζειν
2689 4926 2701 4940 ο
2763 4908 2798 4981 ἢ
2861 4907 3026 4972 κόλαξ
3099 4908 3218 4961 ἐστὶ
3276 4910 3388 4972 τοῖς
3448 4906 3723 4979 ἀλλοτρίοις

2163 5001 2584 5074 προσλιπαρῶν,
2628 5001 2661 5073 ἢ
2706 4999 2983 5065 κενόδοξος
3007 5038 3023 5065 ,
3053 5000 3141 5054 ἵνα
3185 4999 3448 5072 κρείττων
3475 4998 3570 5053 τοῦ
3608 4999 3722 5053 Κτί-

2166 5111 2292 5148 στου
2320 5097 2461 5165 φανῇ
2483 5131 2499 5159 ,
2530 5093 2665 5163 πρὸς
2697 5092 2765 5146 τὰ
2797 5091 3049 5163 ἀλλότρια
3077 5090 3112 5144 ἃ
3138 5090 3423 5154 διασώζειν
3465 5091 3720 5162 πειρᾶται.

2163 5188 2270 5239 τῶν
2305 5187 2449 5240 ἰδίων
2480 5185 2554 5257 μὴ
2584 5185 2897 5256 ἐφιέμενος·
2931 5184 3026 5238 καὶ⁸
3063 5183 3244 5237 οὐκέτι
3269 5182 3421 5238 ἔσται
3458 5185 3719 5256 ἀληθινός·

2166 5279 2198 5350 ἢ
2231 5281 2312 5333 ὅτι
2349 5280 2569 5352 μέτριός
2597 5281 2714 5332 ἐστι
2744 5276 2885 5331 κατά
2913 5277 2993 5342 σὲ,
3026 5270 3071 5329 ὦ
3103 5276 3348 5349 ἀγύρται,
3378 5279 3474 5331 καὶ
3504 5279 3577 5349 μὴ
3603 5277 3720 5347 ἔχων

2168 5374 2345 5428 κτίσιν
2377 5371 2571 5426 ἐαυτοῦ
2593 5410 2609 5438 ,
2648 5371 2719 5424 τὰ
2757 5369 3010 5440 ἀλλότρια
3038 5367 3345 5439 ἐπιθυμῶν,
3371 5370 3541 5424 ταῦτα
3579 5368 3716 5436 συλᾷν

2171 5467 2447 5537 πειρᾶται,
2472 5465 2582 5519 ἀπὸ
2616 5463 2724 5517 τῶν
2750 5459 3043 5533 ἀλλοτρίων
3079 5460 3264 5532 ἐαυτῷ.
3298 5460 3713 5534 περιποιούμενος

2168 5555 2345 5627 ψυχὰς
2375 5558 2473 5621 τὰς
2505 5557 2605 5610 οὐκ
2641 5554 2806 5619 οὔσας
2847 5552 3009 5608 αὑτοῦ
3045 5553 3140 5607 καὶ
3169 5551 3264 5606 τοῦ
3302 5553 3468 5607 αὑτοῦ
3508 5549 3707 5622 Πατρός.

1614 5718 1632 5749 ³
1663 5715 1820 5772 Forte
1858 5714 2248 5788 προύκάθισας.
