3846 6284
14 365 118 415 829

701 353 1071 411 ADVERSUS
1113 349 1458 410 IIAERESES
1491 350 1616 406 LIB.
1661 349 1700 405 Ι.
1743 348 1907 406 TOM.
1951 346 2132 403 HL—
2160 343 2436 400 "IERES.
2479 339 2662 396 XLIV.

3212 325 3319 386 3‘50

19 485 74 533 εξ
104 481 164 533 δὲ
219 477 390 532 αὐτοῦ
439 476 538 549 μέν
569 477 707 529 εἰσιν
737 477 793 528 αί
820 473 989 545 ψυχαὶ
1013 513 1029 538 ,
1058 473 1153 527 καὶ
1184 471 1390 526 ἄνωθεν
1435 470 1619 525 ὲλθοῦ-
1652 519 1658 531 ι

1767 469 1861 524 ἱΙιίΙ
1901 467 1968 522 ad
2010 481 2070 522 se
2109 465 2194 520 vel
2241 462 2529 518 Paren’tem
2578 471 2738 514 suum
2786 453 3082 526 pertinent,
3127 460 3322 504 contra

23 591 107 625 nt
144 541 475 640 φαίνονταί,
506 567 616 639 ἄρα
644 566 727 630 είς
755 541 961 633 ἀγαθδν
999 563 1204 633 κόσμον
1234 559 1624 630 ἀπεστάλησαν

1767 578 1816 616 ts
1863 558 2057 629 fasque
2107 555 2412 611 vindicare.
2457 549 2615 617 Quod
2665 548 2709 602 si
2758 546 2992 617 propria:
3032 549 3161 598 sunt
3200 541 3322 611 ejus

23 664 172 734 παρὰ
199 661 300 715 τοῦ
334 658 544 716 ἄνωθεν
575 657 719 712 κατὰ
757 656 818 708 σὲ
849 653 1057 724 ἀγαθοῦ
1088 651 1249 718 Θεοῦ,
1279 653 1376 705 καὶ
1404 653 1505 704 οὐκ
1548 651 1628 713 είς

22 755 265 826 πονηρὸν
314 753 502 826 ἔργον.
553 752 618 804 Et
670 749 726 803 δὲ
778 747 1168 817 ἀπεστάλησαν
1198 787 1210 810 ,
1242 745 1331 799 διὰ
1368 762 1492 797 τινα
1529 743 1628 813 μὲν

24 850 256 919 χρῆσιν,
292 846 361 917 ήν
396 845 538 916 τάχα
589 843 904 915 μυθοποιείς
930 881 945 905 ,
995 836 1336 894 εἰσελθοῦσαι
1382 838 1438 891 δὲ
1495 852 1628 907 μετ-

25 942 221 993 έπεσον
252 940 335 1002 είς
371 936 566 1008 ἑτέραν
585 951 599 965 ·
629 935 908 988 τουτέστιν
936 933 1023 985 ἵνα
1045 931 1254 984 δίκαιόν
1277 948 1328 983 τι
1355 927 1626 1001 πράξωσι,

27 1030 264 1102 πονηρὸν
303 1029 363 1082 δὲ
397 1027 726 1099 εἰργάσαντο
747 1063 763 1088 ,
793 1022 1092 1094 ὀφθήσεται
1121 1022 1150 1074 ὁ
1188 1018 1505 1080 ἐπιστείλας
1532 1016 1631 1070 αὐε-

28 1127 118 1187 ra;
145 1122 469 1195 πρόγνωσιν
501 1119 568 1173 ἂν
603 1117 678 1190 μὴ
721 1117 881 1188 έχων.
929 1115 1148 1186 Ἐπειδὴ
1174 1112 1284 1184 γὰρ
1310 1110 1631 1166 ἀπέστειλεν

30 1215 196 1279 αὑτὰς
224 1215 296 1268 δι’
329 1214 523 1284 ἕτερον
544 1251 560 1276 ,
591 1212 685 1264 καὶ
717 1209 907 1282 ἕτερόν
947 1225 1000 1260 τι
1050 1207 1372 1278 εὑρέθησαν
1395 1202 1632 1276 ἐργασά-

35 1326 213 1379 μεναι.
245 1307 320 1359 ’Ἡ
358 1304 524 1359 πάλιν
574 1303 670 1357 ἐὰν
723 1302 913 1373 εἴπῃς,
949 1301 1030 1354 ὃτι
1064 1302 1124 1354 οὐ
1167 1298 1311 1352 κατὰ
1342 1298 1441 1367 τὴν
1465 1293 1631 1349 αὑτοῦ

35 1402 293 1472 βούλησιν
361 1397 689 1470 ἐληλύθασιν
720 1435 736 1458 ,
805 1393 944 1448 ἀλλὰ
1001 1392 1144 1448 κατὰ
1199 1388 1489 1463 τυραννίδα
1538 1385 1632 1439 τοῦ

35 1492 489 1563 ἁξαρπάζοντος·
515 1488 624 1559 ἄρα
654 1486 874 1558 ἰσχυρός
902 1487 1051 1540 ἐστιν
1075 1488 1103 1540 ὁ
1134 1483 1376 1547 κτισθεὶς
1399 1479 1508 1534 ὑπὸ
1537 1478 1632 1532 τοῦ

38 1585 242 1652 ἀγαθοῦ
271 1583 414 1637 Θεοῦ
444 1581 683 1652 πονηρὸς
728 1579 1062 1651 δημιουργὸς
1110 1576 1262 1649 παρὰ
1302 1574 1393 1628 τὸν
1432 1571 1635 1642 ἀγαθὸν

35 1679 187 1740 Θεὸν,
218 1679 308 1731 ὅτι
338 1677 410 1730 τὰ
439 1675 604 1728 αὑτοῦ
630 1674 946 1744 ὑπάρχοντα
975 1669 1308 1742 ἀφαρπάξας
1341 1666 1631 1738 ἐχρήσατο.

1727 651 1946 716 animm,
1973 657 2138 718 atque
2166 664 2196 701 e
2225 647 2367 701 coelo
2398 645 2636 714 delapsa:
2666 640 2940 700 videnlur,
2972 647 3320 704 consequens

1727 749 1833 808 est,
1862 757 1957 798 eas
1996 757 2026 794 a
2071 754 2331 810 supremo
2359 739 2611 806 bonoque
2641 731 2752 787 Deo
2795 731 3019 792 missas,
3051 736 3106 780 et
3142 727 3195 780 in
3226 725 3324 780 bo-

1727 845 1859 888 num
1900 829 2166 886 mundum
2203 827 2546 883 introductas
2587 823 2779 877 fuisse.
2815 821 2994 889 Atque
3032 826 3092 871 ut
3122 815 3324 871 missas

1729 925 1854 981 illas
1887 923 1954 978 ad
1985 936 2146 979 usum
2176 919 2411 989 aliquem
2439 916 2666 979 fateare,
2693 927 2853 983 quem
2885 919 3002 965 tute
3029 906 3317 963 conﬁnxe-

1728 1017 1830 1083 ris,
1855 1016 1949 1072 ubi
1989 1022 2173 1070 autem
2214 1013 2480 1084 ingressa
2528 1015 2658 1064 sunt
2704 1006 2968 1060 aliorsum
3012 999 3324 1064 deflexisse,

1707 1116 1867 1180 'puta
1914 1112 1973 1161 ut
2007 1105 2157 1176 iuste
2185 1100 2395 1172 aliquid
2439 1106 2666 1170 agerent
2721 1095 3032 1158 immissas,
3089 1088 3316 1146 sceleris

1732 1197 2016 1271 quidpiam
2056 1202 2438 1265 perpetrasse;
2468 1191 2560 1260 qui
2608 1204 2702 1245 eas
2744 1183 3001 1255 allegavit
3032 1181 3168 1236 nihil
3213 1195 3334 1234 om-

1737 1292 1873 1347 nino
1904 1286 2225 1359 prazvidisse
2277 1283 2564 1339 videbatur
2585 1322 2598 1346 ,
2632 1295 2758 1335 cum
2791 1275 3020 1332 alterius
3048 1273 3128 1329 rei
3154 1272 3330 1344 gratia

1733 1381 1968 1444 miserit,
1997 1395 2077 1435 ea:
2111 1393 2242 1433 vero
2272 1374 2552 1432 contraria
2585 1371 2768 1428 omnia
2818 1365 3198 1440 prmstiterint.
3235 1363 3330 1416 Sin

1735 1490 1802 1531 eo
1831 1473 2144 1544 confugias,
2187 1480 2248 1525 ut
2297 1471 2447 1525 illius
2496 1467 2735 1537 injussu,
2781 1479 2845 1519 ac
2890 1461 3127 1532 raptoris
3154 1466 3336 1529 tyran-

1735 1566 1866 1623 nide
1896 1573 2118 1620 coactas
2150 1562 2368 1618 venisse
2404 1560 2748 1632 pronunties,
2786 1556 2946 1626 plane
2980 1559 3200 1608 creatus
3245 1549 3334 1601 ille

1739 1672 1769 1711 a
1822 1658 1967 1713 bono
2021 1655 2132 1710 Deo
2179 1655 2359 1708 malus
2404 1650 2597 1705 artifex
2641 1649 2787 1703 bono
2825 1647 2944 1717 ipso
2982 1643 3095 1698 Deo
3143 1641 3337 1695 fortior

39 1732 205 1826 Πόθεν
256 1772 316 1824 δὲ
375 1771 437 1824 οὐ
473 1732 831 1839 διελεγχθήσῃ
854 1807 870 1831 ,
910 1732 1503 1829 αὑτοῦ-τοῦνΣωτῆρος
1533 1757 1637 1826 φά-

1772 1743 2054 1800 ensendus
2092 1750 2197 1803 est.
2246 1740 2340 1812 qui
2377 1755 2499 1811 qua:
2541 1739 2610 1793 ad
2650 1737 2802 1792 illum
2842 1735 3186 1806 pertinebant
3222 1732 3339 1786 vio—

41 1884 261 1930 σκοντος
281 1907 298 1930 ,
330 1866 417 1918 ὅτι
457 1862 785 1927 Ἐξουσίαν
810 1859 940 1926 νέχω
967 1855 1084 1925 τὴν
1110 1854 1324 1924 ψυχήν
1363 1869 1485 1921 μου
1519 1848 1636 1904 θεῖ-

41 1976 155 2020 rm,
186 1954 294 2009 καὶ
331 1952 548 2008 λαϐεῖν
577 1950 775 2016 αὐτήν
799 1967 812 1981 ·
841 1948 918 2012 ὡς
940 1945 1106 2000 αὑτοῦ
1142 1945 1242 2016 μὲν
1274 1941 1451 2014 ψυχὴν
1489 1941 1642 2011 εἱλη-

43 2049 236 2114 φάτος,
275 2044 375 2098 καὶ
419 2041 638 2106 θέντος,
680 2039 776 2093 καὶ
826 2037 993 2091 πάλιν
1038 2035 1297 2097 λαϐόντος
1319 2049 1334 2063 ·
1383 2032 1486 2084 οὐκ
1541 2030 1640 2084 ἀλ-

43 2139 258 2211 λοτρίαν
295 2133 442 2192 εἶναι
479 2134 578 2207 τὴν
604 2131 783 2205 ψυχὴν
806 2170 824 2198 ,
859 2130 956 2185 καὶ
986 2127 1180 2200 ἑτέρου
1213 2123 1568 2198 δημιουργοῦ.

112 2429 285 2484 Πάλιν
315 2427 374 2481 δὲ
403 2425 757 2498 εὑρεθήσεται
785 2423 990 2494 ἀγαθὸν
1024 2422 1185 2494 σῶμα
1215 2421 1418 2493 φορῶν.
1439 2423 1514 2477 Οὐ
1536 2421 1646 2495 γὰρ

51 2525 110 2576 ἂν
155 2520 524 2592 πεισθήσεται
570 2518 775 2587 ἀγαθός
821 2536 905 2583 τις
953 2516 1190 2590 χρῆσθαι
1223 2515 1446 2587 πονηρῷ
1474 2515 1645 2587 ἔργῳ,

50 2616 130 2666 ἵνα
165 2613 244 2684 μὴ
279 2612 394 2666 ἀπὸ
417 2611 512 2666 τοῦ
547 2610 795 2682 μετέχειν
828 2611 1032 2681 μέρους
1053 2608 1146 2662 τοῦ
1174 2607 1414 2680 πονηροῦ
1438 2609 1532 2662 καὶ
1553 2609 1652 2661 αὑ·-

51 2707 133 2770 to;
176 2705 554 2776 χρανθήσεται
600 2705 667 2774 τῇ
716 2703 818 2772 τῆς
867 2701 1169 2773 ὲπιμίξεως
1209 2701 1465 2773 πονηρίᾳ.
1497 2702 1560 2754 Εἰ
1593 2700 1650 2753 δὲ

54 2800 140 2850 καὶ
188 2797 362 2860 αὐτὸς
408 2796 696 2866 ἀνέστησε,
723 2795 849 2863 λέγε
903 2812 1018 2865 μοι,
1049 2794 1102 2847 τί
1151 2795 1237 2848 ἵνα
1283 2797 1486 2868 ποιήσῃ
1515 2794 1654 2865 μετά

53 2890 354 2944 ἀνάστασιν
383 2888 479 2942 καὶ
509 2888 641 2941 αὐτὸ
666 2886 828 2941 πάλιν
858 2874 1219 2940 καταλέλοιπε
1271 2887 1502 2958 μερίσας
1542 2889 1655 2950 τοῖς

55 2983 318 3053 τέσσαρσι
367 2980 675 3052 στοιχείοις,
709 2978 788 3050 τῷ
841 2978 1030 3051 θερμῷ
1077 2979 1140 3032 τὸ
1190 2977 1412 3051 θερμὸν,
1446 2977 1654 3049 καὶτῷ

55 3077 246 3148 ψυχρῷ
293 3075 360 3128 τὸ
408 3074 640 3145 ψυχρὸν,
670 3073 765 3127 καὶ
813 3071 893 3142 τῷ
945 3071 1096 3142 ξηρῷ
1125 3071 1187 3124 τὸ
1221 3071 1405 3144 ξηρὸν,
1435 3071 1528 3124 καὶ
1579 3071 1656 3144 τῷ

1669 1823 1712 1878 Β
1741 1837 1916 1892 tenter
1941 1843 2130 1905 erepta
2160 1835 2227 1887 ad
2251 1847 2386 1887 usus
2427 1846 2558 1887 suos
2582 1829 2888 1884 transtulit.
2919 1826 3120 1882 Verum
3155 1839 3339 1879 nonne

1741 1937 1795 1985 te
1827 1944 1935 1983 vox
1963 1928 2082 1998 ipsa
2109 1925 2416 1981 Salvatoris
2440 1922 2723 1980 evidenter
2750 1920 3002 1989 coarguit
3034 1936 3046 1972 :
3085 1918 3337 1972 Potesta-

1744 2029 1847 2076 tem
1903 2021 2070 2075 habeo
2134 2017 2362 2090 ponendi
2423 2017 2658 2070 animam
2719 2031 2923 2078 meam,
2985 2021 3035 2066 et
3095 2008 3342 2064 sumendi
3399 2069 3407 2077 κ

1743 2113 1936 2169 illaut?
1979 2111 2138 2182 quasi
2183 2111 2422 2165 animam
2477 2108 2568 2163 ille
2615 2106 2934 2177 sumpserit,
2969 2119 3034 2158 ac
3068 2100 3339 2172 posuerit,

1743 2203 2039 2273 denuoque
2069 2199 2374 2271 receperit;
2407 2205 2468 2251 ut
2503 2213 2612 2252 non
2647 2197 2826 2252 aliena
2853 2209 2977 2252 esse
3006 2193 3216 2257 anima,
3249 2197 3344 2245 aut

1743 2295 1903 2352 alteri
1924 2293 2106 2365 Opiﬁci
2133 2291 2428 2348 tribuenda
2452 2288 2724 2344 videatur.

1818 2408 1957 2464 Illud
1978 2409 2140 2465 etiam
2162 2409 2431 2477 sequitur,
2449 2405 2658 2460 bonum
2690 2402 2824 2458 illud
2843 2401 3098 2458 habuisse
3117 2413 3344 2470 corpus.

1750 2502 1940 2572 Neque
1962 2502 2105 2557 enim
2125 2499 2443 2570 persuaderi
2481 2499 2624 2552 bono
2652 2496 2890 2566 cuipiam
2921 2501 3125 2565 potest,
3169 2489 3337 2562 386

1751 2596 1954 2650 malum
1982 2601 2042 2647 ut
2069 2608 2207 2661 opus
2235 2590 2302 2645 ad
2339 2605 2502 2645 usum
2543 2588 2835 2643 adhibeat:
2866 2602 2933 2641 ne
2963 2587 3092 2640 dum
3120 2585 3246 2637 mali
3283 2584 3342 2634 lit

1747 2687 2050 2758 particeps,
2086 2682 2454 2754 improbitatis
2486 2697 2549 2736 ac
2583 2679 2842 2750 nequitia:
2870 2676 3196 2746 contagione
3228 2672 3347 2743 pol-

1754 2781 1959 2833 luatur.
2019 2775 2140 2830 Jam
2191 2787 2362 2837 vero,
2429 2773 2474 2828 si
2538 2773 2768 2842 ipsemet
2834 2784 3035 2839 corpus
3090 2764 3348 2820 excitavit

1760 2886 1943 2933 suum,
1999 2869 2136 2923 cedo
2189 2865 2320 2937 quid
2359 2881 2424 2920 eo
2467 2871 2589 2935 post
2646 2862 3109 2919 resurrectionem
3158 2858 3340 2911 facere

1756 2961 2124 3021 decreverat?
2152 2967 2248 3013 aut
2279 2973 2381 3012 cur
2424 2958 2622 3012 iterum
2658 2954 2790 3011 illud
2828 2952 3074 3023 reliquit.
3100 2958 3264 3021 atque
3291 2949 3348 3002 in

1757 3064 1996 3128 quatuor
2024 3053 2295 3109 elementa
2322 3050 2560 3122 partitus
2591 3056 2696 3114 est,
2738 3047 2874 3102 adeo
2907 3053 2966 3099 ut
2989 3041 3226 3098 calidum
3255 3055 3349 3096 ca-

60 3134 300 3240 ὲγξᾲίτδ
329 3134 756 3239 ὑγρόνῖΕίνγὰρ
781 3134 1183 3236 ἤγειρεν-αῦτὸ,
1330 3163 1492 3217 πάλιν
1523 3134 1654 3217 αὖτδ

1767 3151 1890 3217 lido,
1921 3147 2120 3219 frigido
2157 3147 2437 3218 frigidum,
2466 3144 2614 3198 sicco
2655 3143 2888 3204 siccum,
2931 3137 3212 3192 humidum
3252 3134 3350 3188 bu-

60 3263 211 3333 λύσῃ,
243 3261 354 3332 ἄρα
374 3259 822 3331 δραματουργίας
847 3257 905 3311 τὸ
929 3257 1088 3329 ἔργον
1113 3257 1272 3310 τοῦτο
1305 3257 1412 3327 εἴη,
1438 3257 1532 3310 καὶ
1555 3257 1654 3310 οὐκ

63 3354 583 3426 ἀληθείας.”Ηγειρε
627 3351 686 3404 δὲ
735 3349 868 3404 αὐτὸ
915 3352 944 3404 ὁ
988 3348 1193 3420 Κύριος
1243 3347 1403 3419 ἡμῶν
1447 3347 1656 3420 Ἰησοῦς⁹

66 3447 318 3519 Χριστὸς,
349 3445 445 3499 καὶ
475 3442 900 3515 συμπαρέλαϐεν
925 3440 1124 3511 ἐαυτῷ,
1149 3442 1285 3511 ὅπερ
1313 3440 1658 3495 ἀνεπλὰσατο

67 3542 138 3606 εἰς
171 3539 369 3594 ἑαυτὸν
414 3537 576 3609 σῶμα
625 3538 724 3591 σὺν
768 3536 914 3607 ψυχῇ
951 3536 1043 3588 καὶ
1069 3535 1218 3606 πάσῃ
1248 3533 1657 3606 ὲνανθρωπήσει

66 3633 456 3695 τελειωτάτως.
476 3630 694 3703 Ἐπειδὴ
728 3629 839 3700 γὰρ
867 3627 1208 3693 συνεκάθισε,
1234 3628 1376 3682 κατὰ
1404 3628 1495 3681 τὸν
1524 3629 1660 3683 ἀπο-

72 3725 317 3780 στολικδν
338 3724 495 3792 λόγον
509 3765 525 3789 ,
551 3723 632 3779 ὅτι
649 3723 701 3776 Ὀ
722 3722 864 3788 Θεὸς
891 3721 1110 3792 ἤγειρε,
1129 3721 1229 3776 καί
1254 3720 1660 3777 συνεκάθισεν

73 3820 136 3869 ἑν
159 3817 289 3883 τοῖς
319 3791 734 3883 ἐποιιρανίοιςο
768 3813 844 3875 ὡς
876 3791 1248 3883 μαρτυροῦσιν
1293 3813 1342 3864 oi
1387 3811 1482 3864 δύο
1523 3813 1573 3864 οἱ
1601 3813 1659 3866 ὲν

76 3910 257 3981 ἐσθῆτι
308 3909 540 3980 λαμπρᾷ
585 3906 842 3976 ὀφθέντες
875 3904 1214 3969 ἀποστόλοις,
1247 3904 1323 3970 ὡς
1372 3905 1620 3974 λέγουσιν
1643 3921 1658 3934 ο

78 4003 319 4073 Ἄνδρες
355 4000 690 4065 Γαλιλαῖοι,
724 4000 783 4054 τι
819 3997 1116 4068 ἑστήκατε
1161 3981 1528 4063 ἀτενίζοντες
1575 3999 1664 4063 εις

77 4097 176 4150 τὸν
197 4096 500 4165 σὺρανόν;
541 4093 740 4160 Οὕτως
773 4093 1110 4157 ἐλεύσεται,
1144 4090 1216 4145 ὃν
1240 4091 1464 4160 τρόπον
1499 4087 1657 4144 ἐθεά-

77 4192 266 4244 σασθε
292 4185 482 4243 αὐτὸν
503 4184 1096 4256 ἀναλαμϐανόμενον.

143 4475 232 4540 σν.
277 4472 392 4525 Καὶ
425 4471 514 4524 ἵνα
542 4468 618 4541 μὴ
639 4468 800 4522 πάλιν
823 4466 952 4539 δοθῇ
980 4483 1061 4520 σοι
1090 4465 1365 4537 πρόφασις
1400 4462 1666 4536 πονηρίας

78 4527 214 4618 κατὰ
244 4564 347 4636 τῆς
371 4527 654 4634 ἁληθείαξ,
693 4562 831 4632 μετὰ
876 4527 1067 4632 χρόνον
1106 4527 1275 4611 πολίδν
1300 4557 1402 4628 τῆς
1428 4527 1666 4610 τοῦνΣω-
1700 4527 1742 4582 υ

78 4659 236 4731 τῆρος
270 4655 432 4728 ήμῶν
474 4652 820 4725 ἀναλήψεως,
855 4653 1129 4721 Στέφανος
1156 4653 1184 4705 ὁ
1209 4650 1363 4719 ἅγιος
1382 4648 1478 4703 τοῦ
1529 4648 1665 4703 Θεοῦ

83 4752 297 4822 μάρτυρ
330 4745 689 4818 λιθαζόμενος
730 4745 836 4800 ὑπὸ
878 4745 989 4798 τῶν
1014 4743 1288 4798 Ἰουδαίων
1311 4742 1665 4814 ἁπεκρίνατο,

80 4841 247 4912 λέγων
269 4859 285 4872 ·
336 4839 484 4894 Ἰδοὺ
525 4837 644 4907 ὁρῶ
686 4836 796 4890 τὸν
837 4835 1103 4905 οὐρανὸν
1133 4833 1530 4904 ἀνεῳγμένον,
1570 4835 1669 4890 καὶ

83 4935 184 4989 τὸν
237 4934 381 4988 nam
423 4931 531 4988 τοῦ
577 4929 895 4999 ἀνθρώπου
942 4927 1175 4984 ἑστῶτα
1208 4928 1278 4982 ἐκ
1309 4927 1525 4993 δεξιῶν
1563 4927 1673 4982 τοῦ

85 5028 310 5097 Πατρός
324 5043 339 5056 ο
372 5025 460 5079 ἵνα
481 5022 632 5097 δείξῃ
657 5023 788 5076 αὐτὸ
809 5021 870 5080 τὸ
897 5019 1058 5092 σῶμα
1077 5022 1134 5074 ὲν
1155 5020 1383 5093 ἀληθείᾳ
1405 5021 1486 5084 είς
1508 5037 1673 5075 πνευ-

89 5119 312 5189 ματικὸν
358 5117 586 5188 ἀνιστᾷν
630 5115 729 5172 σὺν
775 5112 993 5184 θεότητι
1024 5111 1118 5165 τοῦ
1163 5111 1525 5182 Μονογενοῦς,
1553 5112 1672 5166 ὅλον

86 5212 159 5273 είς
199 5207 577 5281 πνευματικὸν
604 5206 824 5270 ἐνωθὲν,
855 5205 950 5259 καὶ
979 5205 1061 5268 είς
1094 5204 1320 5272 θεότητα
1352 5203 1668 5275 συνηνωμέ-

88 5305 352 5356 νον.Ἀνω
375 5301 432 5354 δὲ
457 5300 588 5353 αὐτὸ
615 5299 677 5352 τὸ
710 5299 863 5368 ἅγιον
894 5297 1055 5370 σῶμα
1085 5297 1184 5350 σὺν
1210 5299 1277 5373 τῇ
1310 5295 1525 5367 θεότητι
1552 5296 1671 5361 ὅλος

87 5395 232 5462 Θεὸς,
259 5389 344 5461 εἷς
363 5393 491 5457 Υἱὸς
509 5395 544 5447 ὁε
569 5395 722 5462 ἆγιος
749 5391 844 5446 τοῦ
874 5389 1413 5462 Θεοῦ,καθεζόμενος
1441 5392 1498 5443 ἐν
1524 5388 1674 5462 δεξιᾷ

89 5489 176 5543 τοῦ
213 5486 434 5561 Πατρός
452 5501 466 5515 ⁸
502 5486 579 5552 ὡς
614 5486 728 5557 ἔχει
758 5485 853 5540 καί⁹
877 5484 939 5539 τὸ
960 5485 1056 5538 τοῦ
1083 5484 1313 5557 Μάρκου
1341 5469 1673 5552 Εὐαγγέλιον

91 5585 178 5637 καὶ
200 5583 312 5640 τῶν
343 5581 521 5638 ἄλλων
555 5577 957 5656 εὐαγγελιστῶν
983 5594 998 5611 ⁸
1033 5579 1144 5635 Καὶ
1178 5578 1448 5650 ἀνῆλθεν
1470 5581 1560 5649 είς
1579 5581 1670 5634 οὐ-

1758 3241 1904 3296 mido
1947 3239 2302 3302 restitueret;
2347 3250 2472 3288 nam
2509 3235 2553 3289 si
2596 3232 2730 3286 illud
2786 3229 3062 3285 excitabat
3100 3226 3243 3290 ideo,
3287 3234 3348 3279 ut

1759 3333 1960 3387 iterum
1985 3329 2334 3391 dissolveret,
2377 3341 2473 3396 per
2507 3323 2695 3379 ludum
2730 3323 2834 3377 hoc
2867 3320 3088 3386 fecisse,
3121 3333 3228 3372 non
3268 3332 3352 3372 se-

1758 3429 1843 3484 rio
1871 3442 1935 3481 ac
1958 3426 2100 3481 bona
2138 3424 2244 3481 ﬁde
2277 3423 2572 3478 videbitur.
2628 3420 2920 3474 Enimvero
2964 3415 3230 3472 Dominus
3265 3412 3352 3470 Je-

1764 3537 1860 3577 sus
1890 3520 2148 3576 Christus
2199 3518 2451 3589 idipsum
2505 3515 2795 3579 excitavit;
2849 3527 3071 3582 corpus,
3106 3511 3351 3580 inquam,

1760 3612 1941 3684 ipsum
1985 3611 2134 3682 quod
2185 3610 2454 3664 formarat
2501 3608 2605 3664 sibi
2637 3622 2746 3661 una
2784 3622 2908 3661 cum
2946 3605 3128 3659 anima
3178 3610 3332 3657 czete-

1760 3711 1948 3777 risque
1994 3704 2195 3775 quibus
2236 3703 2476 3758 hominis
2532 3710 2727 3756 natura
2771 3706 3010 3761 constat,
3048 3694 3337 3768 perfectis-

1763 3799 1900 3855 sime
1926 3813 2120 3854 rursus
2149 3796 2465 3867 assumpsit.
2497 3795 2656 3862 Cum,
2681 3792 3052 3863 utApostolus
3085 3789 3350 3860 loquitur,

1769 3890 2114 3955 consederit,
2140 3888 2612 3961 quandoquidem,
2643 3886 2791 3941 Deus
2819 3885 2970 3938 illum
2995 3883 3257 3937 revocarit
3287 3880 3356 3934 ad

1764 3983 1946 4047 vitam,
1972 3991 2022 4036 et
2053 3982 2108 4034 in
2133 3981 2432 4034 caelestibus
2463 3977 2763 4043 consedit‘,
2793 3976 2845 4030 id
2878 3973 3024 4044 quod
3066 3973 3227 4027 ambo
3253 3973 3355 4037 illi,

1765 4073 1859 4143 qui
1895 4073 1951 4125 in
1980 4079 2134 4127 veste
2165 4071 2452 4142 splendida
2478 4068 2748 4140 apostolis
2775 4065 3045 4122 videndos
3079 4079 3202 4118 sese
3227 4079 3358 4132 pra:-

1767 4169 2019 4232 buerant,
2074 4165 2227 4221 hisce
2272 4165 2456 4220 verbis
2508 4164 2694 4220 testati
2745 4169 2875 4220 sunt
2915 4180 2928 4215 :
2975 4158 3088 4213 Viri
3119 4157 3353 4219 Galila'i,

1767 4258 1895 4330 quid
1932 4260 2090 4313 statis
2127 4259 2442 4329 aspicientes
2473 4259 2526 4312 in
2557 4257 2789 4314 malum?
2820 4255 2909 4310 Sic
2950 4254 3134 4319 reniet,
3175 4261 3358 4322 quem-

1765 4352 2058 4408 admodum
2088 4351 2295 4407 vidistis
2327 4334 2445 4406 eam
2474 4351 2838 4406 ascendentem
2856 4352 2898 4404 ⁸.

1841 4465 1932 4521 Vl.
1973 4467 2154 4536 Atque
2191 4473 2250 4519 ut
2294 4465 2476 4519 omnis
2519 4464 2615 4519 tibi
2672 4460 3075 4518 calumnianda:
3109 4458 3360 4515 veritatis

1772 4560 1994 4615 occasio
2020 4559 2471 4631 praecluderetur,
2511 4557 2610 4612 diu
2658 4568 2784 4628 post
2829 4557 3211 4611 ascensionem
3252 4552 3359 4606 Do-

1774 4651 1910 4705 mini
1965 4649 2193 4706 sanctus
2243 4650 2338 4704 ille
2389 4648 2483 4704 Dei
2542 4657 2750 4720 martyr
2793 4647 3130 4716 Stephanus,
3173 4660 3298 4700 cum
3332 4659 3361 4698 a

1774 4741 1983 4799 Judaeis
2029 4741 2309 4814 lapidibus
2348 4741 2700 4805 obrueretur,
2735 4742 2805 4795 ita
2846 4741 3064 4795 locutus
3097 4748 3183 4795 cst
3215 4759 3227 4794 :
3274 4737 3364 4792 Vi-

1775 4838 1872 4893 deo
1906 4837 2094 4891 cmlum
2122 4845 2386 4905 apertum,
2443 4846 2492 4889 et
2540 4835 2745 4889 Filium
2797 4834 3025 4888 hominis
3069 4842 3299 4887 stantem
3329 4849 3364 4885 α

1781 4930 1986 4985 dextris
2020 4928 2204 4984 Patris
2235 4929 2277 4994 ³,
2321 4937 2381 4982 ut
2413 4928 2727 4983 ostenderet
2779 4941 2982 4997 corpus
3017 4925 3200 4996 ipsum
3241 4940 3366 4980 sur-

1777 5022 2008 5090 rexisse,
2025 5038 2153 5078 vere
2183 5022 2236 5075 in
2261 5022 2506 5092 spiritale
2534 5030 2824 5084 mutatum,
2844 5035 2908 5074 ac
2931 5035 3054 5074 cum
3089 5017 3364 5090 Unigeniti

1778 5101 2069 5172 divi’nitate
2108 5115 2493 5184 coniunctum.
2549 5113 2707 5179 Quod
2753 5113 2894 5168 idem
2943 5122 3364 5167 sacrosanctum

1777 5211 1836 5265 in
1867 5211 2012 5265 coelo
2041 5223 2247 5278 corpus
2271 5225 2396 5264 cum
2431 5208 2550 5276 ipsa
2579 5206 2869 5261 divinitate
2905 5212 3054 5260 totus
3086 5204 3231 5259 Deus
3259 5213 3364 5272 est,

1778 5311 1835 5360 et
1865 5319 2010 5359 unus
2051 5311 2394 5372 sanctusque
2439 5300 2532 5356 Dei
2581 5299 2775 5366 Filius,
2807 5296 2874 5352 ad
2907 5297 3086 5354 Patris
3115 5297 3367 5352 dextram

1778 5395 2098 5458 considens,
2127 5394 2588 5466 quemadmodum
2629 5403 2739 5448 tam
2783 5389 2974 5458 Marci,
3009 5406 3174 5462 quam
3205 5399 3369 5446 caete-

1781 5502 1972 5542 rorum
2004 5486 2300 5556 Evangelia
2325 5493 2602 5542 testantur
2634 5504 2647 5541 :
2684 5484 2753 5538 Et
2800 5484 3037 5539 ascendit
3083 5485 3137 5538 in
3181 5483 3364 5544 cazlos.

1781 5589 1831 5636 et
1871 5578 2004 5642 sedit
2042 5579 2097 5635 in
2139 5577 2360 5634 dextera
2412 5577 2599 5633 Patris
2623 5578 2666 5632 ‘.
2732 5578 2810 5633 Ita
2862 5586 2954 5633 tua
2983 5577 3075 5632 illa
3118 5584 3369 5632 tuorum-

165 5837 180 5868 ³
206 5836 410 5910 Epltes.
449 5848 510 5898 II,
541 5831 594 5887 6.
671 5834 689 5862 ²
721 5831 841 5887 Aet.
884 5845 920 5898 ι,
963 5828 1049 5885 ll.
1130 5827 1148 5860 ³
1182 5827 1302 5882 Act.
1341 5842 1437 5891 \‘ll,
1465 5823 1548 5883 55.
1631 5825 1652 5857 ⁸

1767 5837 1851 5877 rc.
1891 5837 2004 5888 tm,
2043 5821 2131 5890 29:
2181 5819 2309 5879 Luc.
2349 5837 2491 5886 xxiv,
2536 5820 2624 5875 51.
