3750 6200
467 205 570 266 851

1898 209 1959 267 S.
2005 205 2352 264 EPlPllANII
3645 204 3699 259 El

469 339 577 394 que
616 321 918 381 falsissima
970 322 1246 382 sententia
1300 339 1369 381 ex
1422 325 1575 382 omni
1631 333 1788 398 parte
1836 324 2061 382 convel-

2174 322 2406 390 οανοὺς,
2452 323 2552 376 καὶ
2603 319 2981 376 ἐκάθισενὲγ
3007 319 3177 390 δεξιᾷ
3219 319 3332 376 τοῦ
3371 320 3612 387 ιιατρίς.
3641 324 3699 374 Ea.

468 417 622 474 litur.

542 592 701 661 Quod
762 611 892 652 vero
943 604 1288 652 mortuorum
1338 596 1403 652 ad
1445 595 1907 652 resurrectionem
1938 607 2064 665 spe-

469 695 605 755 ctat,
668 689 794 746 audi
843 691 975 762 quid
1024 690 1322 761 Apostolus
1362 692 1530 748 dicat.
1567 690 1803 761 Oportet,
1853 689 2058 760 inquit,

470 784 818 855 corruptibile
847 785 944 840 hoc
969 785 1190 842 induere
1227 786 1698 857 incorruptionem,
1724 794 1790 858 _et
1837 782 2062 838 mortale

469 881 567 932 hoc
597 877 816 932 induere
835 876 1297 933 immortalitatem
1341 879 1384 934 ³.
1425 877 1542 934 Nisi
1573 878 1721 934 enim
1745 877 1892 949 quod
1923 891 2066 930 mor-

474 969 584 1026 tale
615 975 703 1024 est
737 968 1209 1026 immortalitatem
1244 969 1497 1027 indueret
1531 970 1848 1042 aliquando,
1881 979 1937 1026 et
1972 969 2074 1024 in-.

468 1055 879 1132 corruptiOnem
911 1061 1060 1132 quod
1109 1070 1193 1118 est
1234 1061 1614 1134 corruptibilc,
1672 1076 1955 1132 nunquam
1993 1060 2059 1116 ad

466 1155 782 1212 obeundam
838 1165 1075 1212 mortem
1165 1157 1494 1213 immortalis
1568 1156 1935 1222 accessisset,
2002 1163 2062 1210 ut

465 1261 704 1321 corpore
737 1263 841 1304 suo
871 1263 1062 1320 pmnas
1117 1250 1473 1320 expenderet,
1505 1263 1570 1305 ac
1612 1247 1909 1305 defunctus
1947 1255 2062 1304 ter-

469 1342 547 1396 tia
581 1342 670 1398 die
701 1341 867 1412 387
898 1350 1232 1414 resurgeret,
1267 1349 1322 1397 et
1350 1357 1475 1397 cum
1498 1341 1793 1397 divinitate
1827 1355 1950 1407 sua,
1995 1355 2061 1396 ac

469 1435 659 1504 gloria:
704 1435 1000 1506 splendore
1034 1435 1242 1507 pariter
1285 1435 1420 1491 illud
1471 1435 1714 1502 efferret,
1764 1441 1824 1490 ut
1867 1450 1933 1491 ex
1965 1433 2060 1488 he-

467 1526 639 1599 nigno
664 1527 760 1582 illo
787 1527 1070 1592 convictu,
1113 1527 1522 1600 przescntiaque
1552 1543 1675 1594 sua,
1707 1542 1870 1598 quam
1897 1525 2059 1582 nobis

469 1622 735 1678 hactenus
803 1621 1182 1694 impertierat,
1246 1638 1433 1678 veram
1493 1639 1648 1696 spem
1712 1621 2058 1692 solidamque

2163 413 2504 486 πανταχόθεν
2535 412 2874 467 διαπεσεῖται
2905 430 3000 466 σου
3032 414 3127 467 καὶ
3157 413 3270 468 τῶν
3303 412 3415 466 ὑπὸ
3444 410 3537 464 σού
3563 430 3700 466 ξεῖ-ζ.

2162 507 2418 580 νημένων
2446 506 2475 559 δ
2500 506 2749 579 ἀγύρτης
2779 505 2958 575 λόγος.

2234 605 2347 660 Καὶ
2384 604 2515 677 περὶ
2541 602 2754 675 νεκρῶν
2784 603 3138 668 ἀναστάσεως
3173 604 3346 659 ἄκουε
3377 601 3481 656 τοῦ
3517 601 3699 656 ’Δειπμ

2162 697 2278 764 λου,
2305 695 2581 765 λέγοντος,
2615 695 2700 749 ὅτι
2742 694 2846 748 Δεῖ
2881 694 2948 748 τὸ
2992 693 3260 764 φθαρτὸν
3289 693 3479 748 τοῦτο
3511 693 3699 748 Mm

2163 794 2306 848 σθαι
2327 789 2696 861 ἀφθαρσίαν,
2731 789 2829 844 καὶ
2883 789 2952 844 τὸ
3005 787 3229 857 θνητὸν
3279 789 3468 843 τοῦτο
3513 789 3700 843 ἐνδεεῖς-

2163 886 2305 939 σθαι
2330 881 2695 939 ἀθανασίαν.
2727 881 2790 936 Εἰ
2824 880 2899 952 μὴ
2933 880 3042 952 γὰρ
3074 880 3270 952 ἔμελλε
3305 880 3368 934 τὸ
3394 879 3582 951 eme»
3607 884 3700 934 ἐῶ

2166 976 2366 1031 σασθαι
2395 974 2719 1040 ἀθανασίαν,
2744 974 2839 1028 καὶ
2864 974 2924 1027 τὸ
2948 973 3189 1046 φθαρτὸν
3211 972 3542 1028 ἐνδύσασθαι
3559 975 3700 1042 ἀεῖ-τωρ

2165 1068 2308 1135 σίαν,
2339 1068 2441 1124 οὐκ
2488 1066 2555 1122 ἂν
2610 1068 2640 1122 ὁ
2684 1066 2954 1131 ἀθάνατος
2989 1065 3172 1121 θανεῖν
3200 1061 3388 1137 ἦλθεν,
3419 1066 3508 1118 ἶνα
3535 1066 3586 1118 ὲν
3609 1066 3700 1136 ιζ’-ξ.

2162 1161 2336 1234 πάθῃ,
2363 1161 2460 1214 καὶ
2493 1157 2784 1231 κοιμηθεὶς
2817 1157 2879 1212 τὸ
2908 1158 3210 1229 τριήμερον
3239 1157 3478 1225 ἀναστῇ,
3508 1158 3593 1208 καὶ
3619 1173 3700 1207 τ.»-

2164 1253 2434 1326 ανενέγκῃ
2467 1252 2526 1305 ἐν
2556 1250 2707 1322 αὐτῷ
2733 1253 2800 1323 τῇ
2831 1248 3048 1321 θεότητι
3079 1249 3173 1304 καὶ
3200 1251 3267 1321 τῇ
3298 1247 3468 1302 αὑτοῦ
3489 1248 3602 1318 δόξῃ
3619 1266 3626 1274 ·
3648 1251 3700 1306 ἔπι

2166 1345 2231 1399 ὲκ
2263 1344 2365 1415 τῆς
2387 1341 2554 1398 αὑτοῦ
2589 1327 2802 1413 ἀγαθῆς
2830 1340 2969 1414 πρὸς
2998 1341 3146 1412 ἡμᾶς
3171 1338 3437 1410 ἐνδημίας
3463 1339 3555 1409 τὴν
3575 1342 3700 1396 sint

2167 1435 2358 1492 ἐλπίδα
2409 1436 2780 1507 κατάσχωμεν
2827 1436 2884 1488 ἐν
2917 1432 3169 1506 ἀληθείᾳ,
3201 1433 3521 1496 ὑποδεικνκ
3563 1434 3700 1490 tam

2163 1529 2335 1585 τύπον
2384 1532 2540 1602 ἡμῖν,
2575 1529 2672 1584 καὶ
2717 1529 3016 1602 ἀρραϐῶνα
3066 1529 3148 1592 εἰς
3194 1527 3387 1581 ἐλπίδα
3434 1527 3533 1598 τῆς
3572 1529 3700 1592 πάττε,

2169 1620 2319 1693 ζωῆς
2349 1620 2758 1694 πραγματείας.

465 1717 888 1785 conciperemus
915 1758 932 1784 ,
989 1733 1116 1772 cum
1174 1733 1297 1774 sese
1343 1719 1506 1775 nobis
1533 1719 1602 1775 ad
1631 1733 1754 1776 eam
1795 1718 1921 1774 vita:
1957 1716 2509 1791 immortalitatisque
2544 1718 2813 1774 fiduciam.
2875 1715 3348 1774 corroborandam
3395 1716 3541 1772 velut
3567 1732 3700 1772 exess-

469 1813 612 1883 |:lar,
649 1820 705 1867 et
734 1811 1101 1868 arrhabonem
1139 1813 1488 1884 prmbuisset.

539 1907 651 1963 VII.
691 1907 816 1965 llaec
841 1923 965 1964 cum
1013 1909 1088 1963 ita
1139 1925 1262 1966 sese
1312 1912 1568 1980 habeant,
1620 1926 1799 1983 eoque
1835 1925 1867 1966 a
1907 1910 2065 1966 nobis

2243 1908 2317 1962 Z'.
2359 1903 2582 1960 Τούτων
2633 1903 2692 1958 δὲ
2739 1901 2914 1966 οὕτως
2961 1900 3194 1971 ἐχόντων
3222 1900 3316 1954 καὶ
3354 1898 3626 1971 ῥηθέντων,
3648 1903 3700 1962 '54

469 2002 636 2056 modo
685 2001 972 2073 disputata
1012 2001 1146 2068 sint,
1186 2003 1319 2074 quid
1366 2005 1563 2060 attinet
1590 2005 1646 2060 in
1675 2003 2062 2060 vilissimoillo

468 2095 768 2163 crabrone,
801 2110 964 2166 quem
988 2108 1254 2166 zopyrum
1297 2105 1521 2165 vocant,
1567 2095 1934 2169 proﬂiganda,
1974 2097 2062 2152 vel

470 2187 632 2244 aliter
654 2186 983 2259 occupando
1035 2187 1257 2259 ingenio
1317 2187 1528 2246 haerere
1572 2189 1824 2246 diutius?
1886 2188 2060 2244 Suum

469 2279 619 2335 enim
673 2294 776 2351 per
819 2293 944 2335 sese
1000 2279 1254 2333 aculeum
1305 2279 1576 2351 perdidit;
1642 2295 1709 2336 ae
1764 2280 2061 2337 conlictum

470 2374 619 2428 velut
653 2387 684 2426 ιι
717 2372 1052 2430 circulatore
1089 2373 1311 2446 dogma,
1363 2388 1466 2429 nec
1521 2373 1590 2430 ab
1639 2373 1873 2428 aliorum
1913 2387 2064 2429 som-

471 2464 583 2521 niis
631 2464 888 2523 diversus
921 2481 1083 2522 error
1116 2467 1338 2522 abunde
1376 2467 1790 2523 demonstratus
1817 2472 1924 2523 est.
1956 2463 2063 2521 Fe-

474 2566 604 2612 runt
652 2559 800 2613 enim
857 2559 1317 2615 molestissimum
1365 2559 1821 2628 illudgcrabronis
1862 2574 2061 2632 genus,

469 2647 620 2719 quod
660 2662 926 2722 zopyrum
959 2651 1263 2722 appellant,
1295 2652 1490 2708 aculeo
1517 2651 1756 2724 quodam
1790 2659 2063 2708 armatum

469 2756 616 2807 esse,
656 2751 931 2798 venenato
979 2744 1076 2800 illo
1125 2747 1373 2818 quidem,
1429 2747 1527 2803 sed
1577 2747 1815 2818 exiguo,
1859 2746 2066 2817 quique

472 2830 620 2886 haud
654 2832 888 2887 multum
921 2834 1133 2892 doloris
1165 2835 1423 2902 incutiat,
1453 2844 1508 2892 et
1537 2853 1605 2893 ex
1643 2851 1746 2891 suo
1783 2835 2065 2891 nihilomi-

471 2935 580 2976 nus
613 2936 815 2992 genere
848 2923 922 2980 sit
948 2933 1277 2981 venenatus.
1316 2929 1394 2982 Ac
1426 2928 1472 2982 si
1505 2926 1630 2997 quis
1669 2927 1809 2982 forte
1843 2935 2067 2997 praeter-

473 3015 658 3070 eundo
707 3017 947 3074 latebras
1000 3019 1150 3076 illius
1181 3020 1483 3092 nidumque
1515 3021 1703 3077 diruat
1733 3039 1748 3089 ;
1783 3037 1949 3093 quem
1977 3022 2066 3077 in-

472 3113 558 3164 ter
604 3107 834 3166 frutices
872 3125 938 3166 ac
979 3111 1268 3169 densiores
1315 3113 1518 3170 herbas
1560 3111 1669 3169 favi
1706 3114 1900 3182 instar,
1939 3123 2064 3171 tan—

472 3216 639 3272 quam
671 3200 727 3256 in
756 3203 985 3270 alveari,
1014 3205 1316 3272 construit,
1355 3207 1543 3278 ibique
1572 3207 1785 3263 semine
1813 3207 2065 3265 immisso

475 3293 622 3350 fctus
648 3295 894 3352 excludit
927 3315 940 3352 :
975 3297 1071 3354 sed
1107 3299 1150 3354 si
1187 3299 1316 3370 quis
1345 3299 1527 3354 viator
1561 3300 1758 3356 baculo
1789 3301 1876 3357 vel
1913 3302 2062 3373 virga

473 3387 652 3454 favos,
684 3388 764 3442 uti
792 3388 1059 3458 diximus,
1091 3390 1446 3459 demoliatur,
1497 3392 1692 3451 furens
1742 3395 1892 3451 illico
1936 3412 2066 3466 pro-

476 3479 687 3548 rumpit
725 3493 851 3536 acer
896 3481 989 3538 ille
1039 3483 1286 3554 quidem,
1330 3484 1429 3540 sed
1485 3485 1795 3544 imbecillus
1841 3489 2061 3546 crabro.

478 3570 619 3625 Tum
655 3572 900 3630 vicinum
931 3575 1155 3646 aliquod
1188 3592 1384 3634 saxum
1413 3579 1696 3651 lignumve
1729 3591 1949 3650 nactus,
1984 3584 2064 3638 ira

475 3673 789 3722 exarstuans
819 3681 886 3723 eo
911 3683 1037 3723 cum
1063 3669 1268 3741 impetu
1304 3669 1503 3738 fertur,
1535 3687 1602 3729 ac
1624 3674 1836 3731 silicem
1861 3676 2064 3743 tundit,

476 3763 574 3811 aut
603 3755 832 3829 lignum.
877 3758 1089 3826 Quibus
1126 3775 1257 3816 cum
1303 3771 1500 3820 noceat
1548 3764 1706 3831 nihil,
1749 3781 1815 3823 ac
1857 3783 1926 3823 ne
1968 3768 2068 3823 ho-

476 3849 611 3905 mini
657 3849 919 3921 quidem,
967 3854 1326 3924 quantumvis
1385 3864 1615 3928 pungat,
1671 3857 1818 3912 aliud
1870 3867 2068 3930 praeter

475 3939 820 3998 levissimum
879 3943 1125 4002 dolorem
1188 3945 1424 4014 inferat,
1489 3964 1684 4004 saxum
1746 3966 1878 4006 vero
1931 3951 2068 4006 nihil

473 4033 732 4099 oblaedat,
759 4036 1018 4092 aculeum
1048 4037 1154 4093 sibi
1183 4038 1408 4094 interim
1438 4043 1670 4108 excutit,
1714 4042 1902 4114 itaque
1945 4060 2067 4099 mo-

474 4125 639 4181 ritur.
680 4125 772 4182 Sic
803 4128 895 4182 illa
941 4129 1222 4185 simillima
1265 4133 1456 4204 zopyri
1496 4135 1788 4191 crabronis
1814 4135 2065 4203 haeresis,

473 4218 581 4276 levi
609 4217 798 4275 dolore
825 4219 1058 4287 inflicto,
1104 4222 1160 4277 in
1208 4231 1443 4293 petram,
1488 4225 1594 4280 hoc
1629 4235 1714 4283 est
1754 4229 2066 4299 veritatem,

479 4311 796 4379 incurrens,
825 4321 881 4369 et
917 4315 1170 4372 aculeum
1207 4315 1515 4388 infringens
1545 4321 1885 4378 enecabitur.
1920 4321 2070 4379 lianc

475 4405 646 4478 igitur
674 4391 1123 4478 praetergressus,
1159 4409 1224 4464 ad
1256 4411 1393 4466 alias
1422 4412 1728 4469 orationem
1757 4414 2064 4482 conferam,

475 4507 628 4555 certa
663 4499 760 4555 Dei
794 4500 1003 4556 flducia'
1046 4500 1244 4569 fretus,
1298 4502 1615 4560 institutum
1668 4521 1757 4564 me
1813 4522 1953 4580 opus
2000 4509 2070 4564 ad

475 4590 685 4647 exitum
711 4607 837 4650 esse
859 4591 1285 4662 perducturum.

795 4702 966 4775 388
975 4701 1257 4759 CONTRA
1297 4702 1752 4774 SEVERIANOS,

759 4815 892 4883 Qua:
921 4825 999 4873 est
1029 4815 1244 4873 luet-esis
1275 4816 1438 4874 XXV
1465 4819 1572 4876 sive
1609 4819 1784 4876 XLV.

546 4929 590 4985 1.
629 4929 736 4999 Qui
783 4933 1170 5004 superioribus
1201 4932 1311 4988 illis
1356 4933 1624 5005 proxime
1657 4949 1688 4988 a
1737 4950 1824 4990 me
1887 4935 2067 5005 subji-

477 5023 709 5080 ciendus
740 5034 846 5088 est,
879 5026 963 5081 vel
996 5024 1190 5082 iisdem
1230 5025 1571 5097 temporibus
1619 5026 1778 5093 vixit,
1825 5027 1910 5083 vel
1955 5027 2069 5084 sal-

481 5125 588 5170 tem
614 5123 701 5172 est
733 5124 894 5172 aetate
925 5132 1160 5188 suppar;
1215 5133 1394 5189 neque
1441 5117 1590 5174 enim
1637 5126 1856 5189 tempus
1886 5117 2066 5190 ipsum

480 5213 744 5262 accurate
767 5221 1210 5262 commemorare
1250 5223 1504 5278 possum,
1556 5207 1666 5264 nisi
1715 5208 1861 5278 quod
1897 5209 2066 5265 vicini

2103 4639 2151 4696 D

2165 1998 2248 2052 ἔτι
2287 2014 2380 2069 μοι
2425 1995 2586 2069 χρεία
2637 1993 2757 2048 ἐστὶ
2803 1991 3236 2066 κατατρίϐεσθαι
3287 1992 3413 2063 περὶ
3444 1990 3700 2044 route-4:;

2165 2068 2433 2162 ζωπύρουί
2455 2087 2712 2160 σφηκίου,
2743 2087 2840 2141 καὶ
2869 2086 3083 2150 οὐδενὸς
3120 2087 3275 2149 ὄντος
3300 2083 3596 2156 ἀνατροπῆς
3622 2083 3700 2133 fat-

2165 2199 2259 2248 κα,
2295 2181 2328 2254 ἢ
2360 2180 2529 2251 ἄλλης
2551 2179 2700 2243 τινὸς
2729 2178 3149 2251 πραγματείας;
3177 2177 3294 2246 Ἀφ’
3325 2176 3514 2230 ἑαυτοῦ
3541 2177 3634 2243 γὰρ
3661 2192 3700 2228 τι

2165 2274 2392 2346 κέντρον
2433 2270 2718 2326 ἀπώλεσεο
2763 2272 2862 2326 καὶ⁸
2903 2271 3326 2344 ἀπαράλλακτον
3359 2267 3516 2323 αὑτοῦ
3553 2269 3606 2320 τὸ
3631 2269 3700 2332 τῆς

2164 2365 2377 2437 πλάνης
2421 2363 2948 2437 παραπεποιημὲνον
2977 2363 3156 2434 δόγμα
3187 2361 3282 2415 καὶ
3323 2359 3608 2431 ἀγυρτῶδες

2164 2459 2394 2513 δεικται.
2427 2458 2567 2511 Φασὶ
2617 2457 2726 2530 γὰρ
2778 2456 2840 2510 τὸ
2885 2455 3145 2528 ὀδυνηρὸν
3173 2454 3413 2527 σφηκίον,
3445 2453 3472 2504 ὃ
3497 2451 3699 2518 ζὼπυρςν

2164 2552 2311 2616 τινὲς
2335 2550 2693 2623 κεκλήκασιν,
2727 2549 2873 2620 ἔχειν
2911 2550 3009 2621 μὲν
3047 2549 3294 2621 κεντρίον
3326 2546 3516 2601 ἰοεόλον
3541 2544 3694 2617 βραχὺ,

2165 2645 2529 2716 περιωδυνίαν
2574 2643 2776 2716 πολλὴν
2818 2644 2881 2696 οὐ
2930 2643 3292 2714 κεκτημένον,
3320 2640 3448 2694 ἀλλά
3484 2639 3605 2692 κατά

2165 2739 2332 2794 αὐτοῦ
2377 2739 2610 2811 δύναμιν
2661 2737 2865 2793 ίοὸόλον
2912 2737 3001 2790 ὅνο
3047 2736 3187 2790 ὲπὰν
3219 2736 3274 2790 δέ
3303 2753 3384 2799 τις
3407 2734 3699 2807 διερχόμενος

2164 2831 2258 2885 τὸν
2290 2831 2456 2886 αὐτοῦ
2488 2829 2696 2900 φωλεὸν
2729 2830 2762 2902 ἢ
2797 2828 2993 2885 καλιάν
3021 2829 3273 2884 καθέλοι·
3307 2830 3363 2882 ὲν
3392 2829 3494 2900 γὰρ
3518 2828 3692 2896 bium:

2168 2922 2412 2995 βοτανῶν
2448 2927 2685 2984 ποιεῖται
2730 2923 2826 2977 καὶ
2876 2922 3072 2996 κηρίον
3106 2923 3264 2994 δίκην
3293 2921 3462 2991 ἑαυτῷ
3486 2920 3690 2990 sipara:

2165 3015 2343 3082 τινὰς,
2379 3018 2439 3071 ὲν
2470 3012 2553 3081 οἷς
2586 3015 2836 3088 σίμδλοις
2880 3014 3298 3085 ὲγκατατίθεται
3329 3014 3420 3085 τὴν
3451 3011 3594 3066 αὑτοῦ
3629 3031 3688 3077 τι-

2167 3113 2288 3181 νὴν,
2337 3110 2434 3165 καὶ
2486 3111 2725 3164 ποιεῖται
2774 3108 2955 3181 ἐαυτῷ
3002 3107 3070 3162 τά
3114 3111 3449 3180 γεννήματα·
3493 3108 3534 3159 εἰ
3565 3105 3690 3164 eis;

2169 3202 2519 3276 διερχόμενος
2547 3201 2730 3276 ῥάϐδῳ
2753 3202 2787 3273 ἢ
2818 3200 2962 3272 ξύλῳ
2981 3199 3147 3266 νύξας
3175 3201 3235 3254 τὸ
3267 3199 3463 3272 κηρίον,
3484 3197 3547 3262 ὡς
3572 3198 3688 3265 ἐξήιε.

2172 3295 2497 3359 καταϐάλοι,
2523 3294 2803 3366 ἐξέρχεται
2835 3291 3176 3365 θυμούμενον
3206 3291 3335 3344 αὐτὸ
3369 3290 3428 3360 δὴ
3472 3289 3526 3342 τὸ
3560 3287 3690 3340 δεεπέιι

2174 3387 2294 3460 μὲν,
2325 3388 2555 3460 βληχρὸν
2583 3388 2642 3442 δὲ
2670 3389 2902 3460 σφηκίον
2927 3405 2940 3418 ⁸
2975 3385 3071 3440 καὶ
3098 3385 3196 3439 ἐὰν
3226 3384 3359 3456 εὕρῃ
3386 3383 3566 3453 πέτραν
3591 3381 3688 3446 εὶς·

2173 3480 2287 3534 σίον
2313 3482 2346 3552 ἢ
2385 3479 2560 3546 ξύλον,
2593 3480 2703 3535 ἀπὸ
2730 3479 2823 3534 τοῦ
2859 3477 3240 3551 ὲμπλήσαντος
3262 3475 3415 3529 αὐτὸν
3439 3471 3586 3543 θυμοῦ
3613 3474 3682 3539 ῥοι-

2172 3569 2250 3642 ζῳ
2291 3570 2389 3641 μὲν
2435 3570 2725 3639 ἐφίσταται
2759 3569 2854 3622 καὶ
2883 3569 3050 3640 ὁρμᾷ.
3089 3566 3184 3620 καὶ
3206 3565 3353 3618 παίει
3382 3564 3473 3633 τὴν
3501 3564 3686 3631 πέτραι·

2172 3663 2268 3718 καὶ
2294 3663 2394 3734 τὴν
2428 3662 2528 3733 μὲν
2560 3661 2770 3735 πέτραν
2794 3661 2947 3716 οὐδὲν
2973 3659 3172 3725 ἀδικεῖ,
3199 3656 3322 3712 οὔτε
3346 3656 3402 3709 τὸ
3432 3654 3579 3722 ξύλον,
3601 3654 3684 3705 οἷς

2177 3756 2284 3828 μὴν
2311 3756 2402 3810 τὸν
2430 3755 2742 3829 ἄνθρωπον,
2771 3756 2873 3811 κάν
2911 3773 2971 3808 τε
2998 3754 3178 3821 δάκοι,
3212 3750 3350 3806 ἀλλά
3390 3751 3514 3822 πώς
3550 3747 3684 3814 ὀδόντι

2172 3849 2362 3922 ὀλίγην
2413 3849 2567 3903 οὐδὲν
2617 3849 2814 3914 ἀδικεῖ,
2851 3849 3090 3920 μάλιστα
3121 3846 3222 3917 τὴν
3254 3845 3473 3916 πέτραν,
3649 3845 3684 3891 τά

2177 3942 2276 4015 μὲν
2312 3943 2538 4016 κέντρον
2576 3943 2864 4008 ἀπόλλυσι,
2891 3942 2988 3997 καὶ
3013 3940 3160 3996 οὕτω
3183 3939 3476 4012 φθείρεται,
3500 3939 3530 4008 ἡ
3551 3937 3595 3988 δὲ
3623 3937 3684 3986 τέ-

2173 4053 2280 4108 τρα
2312 4036 2466 4091 οὐδὲν
2492 4035 2884 4110 ἀδικηθήσεται
2924 4035 3029 4090 ὑπὸ
3072 4034 3170 4090 τοῦ
3195 4034 3451 4090 τοιούτου.
3474 4030 3604 4089 Οὕτω
3625 4029 3682 4079 n‘:

2173 4129 2313 4201 αὕτη
2347 4131 2380 4201 ή
2409 4128 2728 4200 σφηκιώδης
2752 4129 3007 4202 ζωπύρου
3033 4129 3191 4202 δίκην
3219 4127 3417 4200 μικράν
3439 4127 3602 4197 ἔχοντα
3622 4122 3683 4188 τὴν

2176 4218 2542 4291 περιωδυνίαν
2573 4219 3022 4293 ἀνατραπήσεται
3069 4222 3140 4289 τῇ
3187 4218 3361 4292 πέτρᾳ
3408 4213 3682 4284 comp-ia.

2174 4313 2422 4366 τουτέστι
2444 4301 2515 4385 ’τῇ
2546 4313 2795 4386 ἀληθείᾳ,
2818 4313 2914 4368 καὶ
2937 4312 3000 4366 τὸ
3021 4312 3248 4384 κέντρον
3271 4310 3577 4366 ἀπολέσασα.
3591 4307 3682 4357 Tri—

2173 4422 2274 4476 την
2290 4405 2347 4458 δὲ
2375 4404 2622 4474 διελθὼν,
2648 4407 2743 4460 ἐπὶ
2771 4404 2870 4469 τὰς
2895 4404 3090 4478 ἐτέρας
3111 4404 3272 4459 πάλιν
3294 4403 3577 4475 βαδιοῦμαι,
3596 4413 3682 4450 ut:

2175 4499 2275 4570 τὴν
2307 4497 2445 4552 Θεοῦ
2474 4498 2668 4554 ἐλπίδα
2693 4497 2988 4565 πιστεύων,
3017 4499 3102 4553 ὅτι
3131 4497 3197 4552 τὺ
3227 4496 3536 4568 ἐπάγγελμα
3553 4487 3682 4556 ὲνθίέ

2178 4591 2625 4664 πληρωθήσεται.

2629 4704 2815 4760 ΚΑΤΑ
2851 4703 3316 4771 ΣΕΥΗΡΙΔΝΩΝ,

2210 4819 2479 4890 Εἱκοστὴ
2501 4820 2764 4892 πέμπτη,
2795 4821 2835 4890 ή
2862 4819 2964 4876 καὶ
2989 4815 3444 4888 τεσσαρακοπὴ
3463 4813 3658 4882 πέμ-τη-

2247 4933 2325 4990 A'.
2368 4935 2593 5001 Τούτοις
2627 4935 2863 5008 καθεξῆς
2909 4935 3101 4989 ἕπεται
3147 4935 3266 5006 ἦτοι
3298 4931 3581 5002 σύγχρονῦςι
3609 4926 3676 4992 ἦτε

2177 5027 2333 5102 παρά
2362 5030 2453 5082 τὸν
2482 5029 2674 5102 χρόνον
2693 5048 2708 5063 ο
2733 5030 2835 5082 οὐκ
2862 5027 2972 5100 ἔχω
3007 5026 3118 5100 γάρ
3162 5027 3289 5099 περὶ
3317 5024 3404 5079 τοῦ
3437 5023 3596 5094 χρόνον
3617 5015 3677 5068 εὑ·

2175 5123 2285 5177 τῶν
2317 5123 2573 5193 ἀσφαλῶς
2603 5123 2806 5193 λέγειν,
2836 5121 2980 5193 πλὴν
3025 5120 3289 5190 σύνεγγυς
3332 5117 3548 5190 ἀλλήλων
3570 5108 3672 5182 ipsi.

2188 5216 2280 5282 Ὠς
2307 5216 2364 5272 δὲ
2399 5217 2469 5271 τά
2495 5218 2576 5281 είς
2607 5218 2755 5289 ἡμᾶς
2783 5215 3007 5270 ἐλθόντα
3032 5215 3372 5286 διηγήσομαι.

481 5297 588 5354 sibi
645 5297 883 5356 invicem
950 5299 1304 5357 exstiterunt.
1366 5299 1500 5367 Quae
1551 5316 1685 5358 vero
1746 5300 1815 5357 ad
1865 5303 2190 5363 memoriam
2263 5318 2517 5367 nostram
2561 5317 2956 5383 pervenerunt,
3013 5323 3178 5381 quam
3248 5302 3530 5361 ﬁdelissime
3575 5308 3672 5349 cote

518 5390 711 5447 lectar.

518 5407 711 5447 tectar.

479 5407 516 5463 Ρ
553 5481 792 5540 Severus
838 5485 1094 5554 quidam,
1130 5501 1162 5542 a
1193 5501 1303 5558 quo
1332 5448 1651 5544 \Severianis
1682 5502 1878 5544 nomen
1916 5485 2064 5543 indl-

555 5667 575 5701 ¹
607 5669 625 5725 l
655 5668 784 5725 Cor.
822 5686 890 5726 xv
947 5671 1018 5726 55

2254 5488 2494 5564 Σευῆρός
2519 5505 2605 5552 τις
2627 5485 2850 5559 ἀνέστη,
2880 5483 2942 5553 ἐξ
2964 5477 3136 5559 οὗπερ
3161 5485 3212 5540 oi
3235 5477 3513 5555 Σευηριανοι
3533 5471 3665 5528 mir}
