3846 6330
25 266 134 323 ἰΰό
708 272 1081 330 ADVERSUS
1117 271 1461 330 ΠΑΞΒΕΞΕΒ
1497 274 1629 330 LIB.

1756 275 1923 330 τοδί.
1956 274 2044 330 Ill.
2070 307 2138 317 —
2170 272 2448 330 HIERES.
2486 272 2651 330 XLV.
3238 272 3349 330 83L

26 401 224 453 μενοι,
259 383 508 458 καθεξῆς
545 387 913 458 συνεπόμενος
944 388 1025 460 τῷ
1058 405 1443 461 προειρημενῳ
1466 389 1643 443 Ἀπελ-

1766 397 1880 444 tum
1930 398 2038 455 est,
2090 396 2216 461 post
2266 390 2513 461 Apellen:
2559 387 2713 443 illum
2770 386 2994 459 prodiit.
3028 385 3203 458 Cujus
3230 389 3346 443 haec

26 476 308 547 ιηῖανῷί.
324 478 407 531 Τά
431 478 489 531 δὲ
518 479 649 549 παρ’
662 478 811 549 αὐτῷ
834 478 1259 551 μυθολογήματα
1284 480 1459 534 ταῦτά
1485 482 1643 546 ἐστιν,

1762 487 1894 536 sunt
1928 480 2131 537 fabulis
2164 496 2229 536 ac
2263 481 2568 537 mendaciis
2604 478 2808 535 referta
2839 479 3129 549 dogmata:
3158 478 3342 533 Mundi

26 568 200 621 Ξτινα
247 568 440 639 μέλλω
468 571 672 639 λέγειν.
703 571 963 627 Βούλεταί
988 590 1048 625 τε
1068 572 1163 626 καὶ
1190 572 1353 636 αὐτὸς
1375 575 1573 645 ἀρχαῖς
1595 592 1643 628 τε

1756 574 2025 643 originem
2087 574 2375 646 principiis
2413 573 2602 630 nescio
2650 573 2855 645 quibus
2888 588 2953 627 ac
2980 573 3346 643 potestatibus

25 660 121 711 καὶ
170 662 471 727 ἐξουσίαις
507 661 849 733 προσάπτειν
879 662 978 733 τὴν
1009 662 1132 716 καθ’
1158 663 1305 735 ἡμᾶς
1338 664 1514 718 κτίσιν
1536 681 1549 695 ·
1578 662 1643 718 εί·

1754 666 1983 733 tribuit;
2022 682 2146 723 esse
2200 682 2331 723 vero
2386 674 2647 734 prmterea
2698 682 2957 737 supremo
3001 666 3055 719 in
3101 666 3241 720 caelo
3273 681 3337 719 ac

28 752 111 805 at
142 770 213 805 τε
262 756 325 807 ὲν
356 756 787 826 ἀκατονομάστῳ
816 755 925 808 τινὶ
955 755 1217 827 ἀνωτάτῳ
1238 773 1297 808 τε
1318 756 1536 827 οὐρανῷ
1559 757 1643 811 καλ

1756 757 1982 820 saeculo,
2032 758 2178 827 quod
2221 758 2495 812 nominari
2533 773 2643 811 non
2681 763 2883 827 potest,
2918 755 3121 810 bonum
3151 770 3343 825 quem-

1756 847 1881 902 dam
1917 847 2106 904 Deum.
2140 849 2422 904 Diabolum
2473 849 2655 921 magni
2687 849 2957 919 principis
2991 848 3159 901 ﬁlium
3192 861 3337 904 esse.

1758 937 1852 1006 qui
1903 937 2274 1007 potestatibus
2335 939 2616 1009 przesidet,
2665 938 2827 1007 cujus
2886 952 3085 992 nomen
3137 936 3337 1004 partim

1753 1027 2106 1095 Jaldabaoth,
2145 1032 2344 1101 partim
2398 1031 2640 1086 Sabaoth
2675 1032 2936 1102 appellat,
2980 1046 3010 1084 a
3049 1046 3159 1101 quo
3189 1029 3341 1101 geni-

1752 1129 1844 1177 tus
1878 1122 1967 1177 ille
1996 1138 2227 1192 serpens
2265 1124 2505 1194 primum
2537 1123 2675 1188 fuit;
2711 1123 2839 1178 inde
2876 1124 2944 1177 ab
2978 1123 3188 1178 cmlesti
3226 1122 3342 1176 vir-

1753 1222 1869 1269 tute
1894 1214 2142 1283 dejectus
2177 1214 2233 1269 in
2271 1224 2475 1268 terram
2514 1230 2577 1268 ac
2613 1215 3203 1286 delapsus,serpentis
3230 1215 3341 1269 [οτ-

708 272 1081 332 ADVERSUS
1117 271 1461 333 ΠΑΞΒΕΞΕΒ
1497 274 1629 332 LIB.

1756 275 1923 333 TOM.
1956 274 2044 332 Ill.
2070 307 2138 317 —
2170 272 2448 332 HIERES.
2486 272 2651 330 XLV.

26 842 197 894 αἰῶνι
261 843 471 913 ἀγαθόν
507 860 630 899 τινα
669 844 825 897 Θεόν.
850 844 953 898 Τὸν
981 844 1039 897 δὲ
1078 845 1321 899 διάϐολον
1357 846 1471 899 υἱὸν
1515 841 1655 900 εἶναι

26 936 249 1003 enim:
278 935 374 989 τοῦ
413 936 655 1007 μεγάλου
701 936 964 1009 ἄρχοντος
992 937 1094 1007 τῆς
1124 937 1233 991 τῶν
1255 938 1512 1005 ἐξουσιῶν
1557 941 1655 993 τά·

26 1028 196 1091 ξεως,
233 1021 287 1094 ᾧ
321 1029 496 1098 ὄνομα
523 1028 733 1083 τίθεται
759 1028 835 1099 πὴ
869 1027 968 1100 μὲν
995 1027 1346 1093 Ἰαλδαὸαὼθ,
1374 1029 1451 1101 πὴ
1477 1030 1533 1083 δὲ
1559 1031 1654 1083 Σα-

27 1118 213 1171 θαώθ.
259 1119 472 1172 Τοῦτον
494 1120 550 1173 δὲ
576 1119 904 1191 γεννηθέντα
933 1120 993 1185 ἐξ
1014 1120 1179 1174 αὐτοῦ
1202 1116 1342 1175 εἶναι
1363 1120 1486 1190 ὅφιν
1510 1137 1523 1150 ·
1546 1121 1654 1174 ἀπὸ

26 1213 81 1263 δὲ
112 1210 229 1281 τῆς
263 1212 381 1266 ἂνω
403 1203 690 1283 δυνάμεως
715 1212 1154 1283 καταὸεσλῆσθαι
1184 1213 1387 1285 είςιτὴν
1412 1214 1533 1284 γῆν,
1558 1213 1667 1268 καὶη

28 1303 464 1375 κατεληλυθότα
495 1306 798 1376 ὀφιείκελον
821 1306 973 1371 ὄντα,
1005 1308 1086 1369 είς
1126 1300 1343 1377 οἶστρον
1388 1306 1651 1376 ἐληλακέ-

28 1414 143 1457 ναι,
176 1396 292 1449 καὶ
316 1400 383 1467 τῇ
417 1398 492 1468 Γῇ
527 1398 786 1469 μεμίχθαι
815 1397 1004 1470 ὥσπερ
1037 1398 1293 1468 γυναικί·
1327 1397 1418 1450 καὶ
1440 1398 1533 1451 ἀπ’
1558 1397 1656 1450 αὐ-

28 1489 125 1541 τοῦ
150 1488 266 1541 τοῦ
291 1490 608 1561 σπέρματος
635 1490 1220 1561 ἀποσπερματίσαντος
1244 1490 1343 1561 τῆς
1371 1489 1536 1560 γονῆς
1552 1489 1652 1561 τὴν

32 1582 302 1651 ἄμπελον
332 1582 784 1653 βεὸλαστηκέναι.
813 1583 905 1635 Διὸ
929 1581 994 1653 δὴ
1021 1582 1334 1654 μυθολογῶν
1361 1583 1443 1646 είς
1472 1582 1643 1653 παρά·

1752 1582 1943 1637 vitium
1982 1582 2174 1648 ﬂexus,
2217 1598 2282 1636 ac
2331 1581 2624 1648 rotundos,
2679 1590 2734 1637 et
2769 1574 3077 1651 cuiusmodi
3109 1599 3337 1653 serpen»

36 1690 239 1725 στασιν
264 1674 367 1743 τῆς
398 1673 577 1727 αὐτῶν
606 1673 897 1744 ληρῳδίας,
926 1673 988 1726 τὸ
1009 1673 1310 1742 ὀφιείκελον
1338 1673 1439 1743 τῆς
1465 1674 1643 1744 ἀμπέ-

1755 1673 1892 1728 tium
1926 1673 2090 1745 spira:
2123 1682 2275 1739 sunt,
2301 1674 2581 1744 obliquos,
2629 1673 2697 1728 ad
2737 1673 2873 1728 illud
2908 1674 3335 1745 signiﬁcandum

32 1766 127 1818 λου
168 1766 487 1837 περιφερὲς
519 1765 811 1831 ὲκτυποῦν,
846 1766 1019 1834 λέγων
1045 1764 1135 1819 διὰ
1161 1766 1221 1819 τὸ
1250 1766 1512 1837 σκαληνὸν
1550 1767 1643 1819 τοῦ

1759 1766 2026 1821 referunt.
2064 1764 2197 1819 Nam
2245 1766 2422 1819 albam
2465 1781 2599 1820 sane
2641 1766 2801 1821 vitem
2830 1768 3104 1837 serpentis
3144 1767 3337 1823 simili-

33 1857 218 1925 φυτοῦ
260 1854 407 1912 εἶναι
439 1858 573 1912 αὐτὸ
614 1857 792 1928 ὄφεως
819 1858 975 1931 δίκην
997 1877 1011 1889 ’
1048 1858 1143 1913 καὶ
1173 1858 1271 1929 τὴν
1312 1861 1412 1929 μὲν
1449 1859 1643 1931 λευκὴν

1752 1858 1998 1913 tudinem
2029 1858 2369 1929 exprimere;
2403 1850 2613 1929 nigram
2646 1858 2937 1924 draconis;
2962 1858 3155 1914 acinos
3173 1874 3340 1929 porro

1757 1322 1869 1370 mu,
1917 1306 2159 1362 libidinis
2189 1307 2429 1363 stimulis
2458 1308 2699 1377 percitus
2728 1322 2852 1361 cum
2890 1307 3062 1362 Terra
3087 1324 3187 1363 ceu
3218 1325 3341 1364 mu-

1753 1398 1888 1455 liere
1933 1400 2171 1471 quadam
2209 1401 2363 1454 coiit.
2423 1399 2545 1465 Quo
2577 1416 2641 1455 ex
2681 1409 2801 1455 satu
2830 1401 2962 1454 vitis
3019 1401 3333 1471 pullulavit.

1755 1491 1910 1548 Unde
1944 1492 2013 1547 ad
2040 1492 2444 1548 conciliandam
2491 1492 2652 1562 nugis
2697 1492 2812 1546 suis
2849 1490 3032 1557 ﬁdem,
3074 1492 3338 1548 sinuosos

35 1946 182 2005 εἶναι
222 1951 309 2015 ὡς
341 1951 488 2021 ὅφιν,
522 1951 622 2022 τὴν
652 1949 711 2003 δὲ
751 1949 1013 2020 μέλαιναν
1054 1950 1129 2013 ὡς
1158 1948 1446 2021 δράκοντα.
1493 1944 1649 2003 Εἶναι

33 2044 91 2096 δὲ
131 2044 242 2096 καὶ
277 2042 380 2107 τὰς
415 2042 590 2114 ράγας
618 2043 718 2113 τῆς
744 2040 993 2111 ἀμπέλου
1022 2040 1213 2111 ῶσπερ
1256 2040 1336 2093 ίοῦ
1378 2039 1650 2113 ῥαθάμιγ-

38 2154 163 2205 γας,
191 2136 383 2189 εῐτουν
414 2135 703 2204 σταγόνας,
727 2134 814 2188 διὰ
846 2132 906 2187 τὸ
931 2133 1263 2199 κυκλοειδὲς,
1299 2134 1332 2205 ἢ
1365 2134 1428 2188 τὸ
1460 2134 1649 2204 μείου-

41 2246 134 2298 ρον
169 2229 280 2282 καὶ
307 2227 546 2299 διαμφὲς
574 2227 808 2282 ἑκάστου
839 2225 1007 2297 pays;
1037 2228 1495 2298 στρογγυλώσεως
1513 2246 1527 2260 ο
1556 2229 1650 2285 τὸν

40 2320 96 2372 δὲ
124 2315 283 2375 οἶνον
312 2322 381 2373 ἐκ
409 2320 512 2390 τῆς
544 2318 859 2383 ὑποθέσεως
888 2316 1093 2389 ταύτης
1124 2318 1252 2373 ὄντα
1283 2322 1375 2375 τὸν
1409 2320 1535 2375 νοῦν
1560 2320 1649 2375 θο-

42 2411 171 2465 λοῦν
198 2413 306 2481 τῆς
328 2410 773 2489 ἀνθρωπότητοςζ
799 2410 910 2465 Καὶ
941 2410 1018 2481 πὴ
1045 2411 1142 2482 μὲν
1174 2414 1254 2476 είς
1282 2412 1459 2481 θέλειν
1480 2414 1648 2486 ἀφρο-

44 2506 239 2557 δισίων
268 2506 451 2573 ἄγειν,
486 2505 560 2577 πὴ
594 2506 652 2558 δὲ
680 2508 758 2570 είς
780 2502 1000 2578 οἶστρον
1025 2505 1260 2576 ἐγείρειν
1280 2521 1295 2535 °
1325 2505 1358 2576 ἢ
1385 2505 1430 2559 δ’
1452 2500 1519 2559 αὖ
1544 2505 1649 2559 πά-

43 2597 124 2649 λιν
170 2597 357 2668 ὀργὴν
384 2598 634 2668 ἐμποιεῖν
668 2597 757 2651 διά
797 2598 860 2651 τὸ
905 2596 1246 2668 κεπφοῦσθαι
1273 2598 1334 2651 τὸ
1377 2597 1537 2669 σῶμα
1583 2600 1647 2651 ὲκ

41 2689 141 2759 τῆς
170 2688 288 2742 ἀπὸ
311 2687 409 2742 τοῦ
438 2690 580 2743 οῐνου
601 2688 906 2761 δυνάμεως,
930 2688 1027 2743 καὶ¹
1044 2687 1138 2742 τοῦ
1165 2688 1247 2742 ἰοῦ
1274 2687 1369 2741 τοῦ
1397 2704 1650 2760 προειρη-

51 2782 217 2852 μένου
248 2780 742 2854 δράκοντος.”06εν
779 2781 1078 2853 ἀπέχονται
1108 2781 1255 2836 οἴνου
1288 2780 1569 2844 παντελῶς
1597 2782 1647 2835 oi

47 2890 106 2926 το
113 2891 288 2928 ιουτοι
296 2918 309 2931 .

118 2989 197 3042 Β’.
238 2987 521 3042 Φάσκουσι
549 2985 606 3041 δὲ
637 2985 732 3040 καὶ
772 2984 872 3057 τὴν
903 2987 1138 3056 γυναῖκα
1185 2980 1329 3041 εἶναι
1361 2985 1523 3058 ἔργον
1552 2984 1647 3041 τοῦ

1751 1958 2016 2022 tanquam
2060 1950 2255 2006 veneni
2303 1958 2492 2022 guttas
2550 1964 2616 2005 ac
2668 1951 2849 2006 stillas
2905 1966 3052 2016 csse,
3112 1962 3337 2022 propter

1751 2044 2168 2103 rotunditatem.
2226 2058 2292 2099 ac
2345 2043 2686 2113 singulorum
2725 2043 3070 2107 discrimina,
3103 2046 3240 2099 adeo
3275 2052 3336 2099 ut
3408 2104 3413 2109 ,

1751 2137 1984 2192 orbiculi
2029 2137 2130 2206 ipsi
2163 2152 2193 2190 a
2232 2152 2292 2193 se
2330 2137 2565 2192 invicem
2609 2138 2785 2193 avulsi
2829 2139 3181 2209 separatione
3218 2154 3339 2193 cer-

1750 2237 1976 2283 nantur.
2034 2227 2395 2299 [ndidemque
2438 2237 2493 2285 et
2542 2228 2733 2283 vinum
2783 2229 3070 2285 hominum
3122 2241 3340 2302 pertur-

1749 2320 1881 2375 bare
1912 2326 2120 2376 mentes
2152 2335 2216 2375 ac
2250 2322 2447 2391 partim
2480 2321 2697 2377 veneris
2729 2320 2985 2377 illecebra
3035 2323 3336 2396 concitare,

1751 2410 1952 2482 partim
1990 2411 2197 2466 furoris
2228 2400 2442 2483 agitare
2471 2412 2733 2478 stimulis,
2766 2413 2965 2484 partim
2996 2413 3234 2485 denique
3267 2415 3335 2470 ad

1747 2503 2089 2560 iracundiam
2142 2518 2485 2574 provocare;
2548 2503 2696 2575 quod
2755 2519 2820 2560 ea
2869 2503 2978 2558 vini
3005 2503 3078 2569 vi,
3113 2503 3222 2559 hoc
3250 2514 3334 2561 est

1751 2594 2012 2651 draconis
2036 2594 2188 2651 illius
2218 2609 2450 2661 veneno,
2488 2595 2604 2651 leve
2636 2656 2639 2657 ν
2676 2596 2769 2650 ﬁat
2804 2594 3172 2667 eﬁeraturque
3207 2612 3335 2653 cor-

1750 2701 1874 2756 pus.
1903 2684 2078 2752 Quam
2109 2685 2180 2741 ob
2208 2699 2433 2740 causam
2465 2686 2560 2756 qui
2593 2684 2734 2740 hanc
2775 2695 2984 2741 sectam
3009 2685 3336 2746 proﬁtentur

1750 2776 1818 2833 ab
1842 2778 1990 2832 omni
2021 2793 2125 2833 usu
2160 2776 2269 2833 vini
2303 2768 2524 2849 penitus
2557 2776 2861 2832 abstinent.

1821 2975 1886 3030 ll.
1927 2972 2208 3029 Mulierem
2247 2983 2509 3045 praeterea
2548 2970 2765 3029 Satanaa
2791 2988 2931 3051 opus
2969 2986 3092 3028 esse
3119 2971 3331 3035 dicunt,

50 3079 292 3143 Σατανᾶ,
331 3078 586 3150 καθάπερ
618 3079 713 3132 καὶ
742 3080 792 3132 οί
816 3081 1160 3152 ’Δρχοντικοὶ⁸
1202 3078 1359 3134 τοῦτο
1396 3079 1603 3150 ἔφασαν
1628 3098 1643 3113 ·

1752 3069 1805 3125 id
1830 3069 1979 3141 quod
2013 3078 2067 3125 et
2084 3068 2434 3125 Archonticis
2458 3066 2662 3137 placuit
2686 3085 2699 3121 :
2727 3065 2894 3137 389
2912 3065 3140 3137 ideoque
3157 3068 3248 3139 qui
3274 3083 3336 3123 se

53 3168 130 3220 διὸ
176 3170 311 3233 τοὺς
358 3168 522 3240 γάμῳ
561 3167 983 3239 πλησιάζοντας,
1018 3167 1113 3222 τοῦ
1159 3169 1375 3223 Σατανᾶ
1404 3170 1464 3223 τὸ
1490 3169 1650 3242 ἔργον

57 3260 303 3333 πληροῦν
352 3260 798 3329 λέγουσιν.’Λλλά
832 3261 925 3315 καὶ
971 3260 1065 3314 τοῦ
1112 3260 1400 3333 ἀνθρώπου
1444 3260 1505 3314 τὸ
1553 3262 1653 3332 μὲν

57 3355 227 3422 ἥμισυ
256 3348 398 3405 εἶναι
423 3352 516 3405 τοῦ
551 3352 708 3419 Θεοῦ,
743 3352 803 3405 τὸ
829 3352 887 3407 δὲ
918 3352 1091 3423 ἥμισυ
1118 3351 1213 3405 τοῦ
1241 3351 1512 3405 διαϐόλου.
1532 3351 1651 3403 Ἀπ’

56 3444 304 3515 ὀμφαλοῦ
336 3446 445 3518 γὰρ
474 3446 570 3499 καὶ
602 3445 864 3500 ἀνωτάτω
902 3441 1043 3500 εἶναι
1082 3446 1183 3516 τῆς
1214 3444 1307 3499 τοῦ
1333 3443 1469 3498 Θεοῦ
1502 3444 1653 3498 δυνά-

65 3554 205 3605 μεως
237 3536 394 3604 λέγει
438 3537 537 3608 τὴν
586 3536 784 3591 πλάσιν
805 3553 821 3567 ⁸
848 3536 958 3590 ἀπὸ
986 3537 1042 3590 δὲ
1067 3534 1311 3607 ὀμφαλοῦ
1353 3537 1448 3589 καὶ
1481 3552 1653 3588 κατω-

61 3627 226 3693 τάτω,
257 3627 361 3695 τῆς
384 3629 627 3700 πονηρᾶς
658 3627 906 3692 ἐξουσίας
932 3627 1031 3699 τὴν
1048 3627 1266 3681 πλάσιν.
1293 3626 1492 3698 Διόπερ
1516 3625 1650 3698 φησὶ

63 3718 235 3772 πάντα
263 3718 389 3772 καθ’
413 3719 603 3792 ἡδονὴν
626 3720 719 3773 καὶ
744 3717 960 3791 οἶστρον
988 3720 1083 3773 καὶ
1112 3719 1408 3791 ἐπιθυμίαν
1436 3720 1531 3773 ἀπ’
1555 3721 1651 3791 ὀμ-

62 3808 229 3875 φαλοῦ
262 3810 362 3863 καὶ
392 3811 691 3865 κατωτάτω
714 3811 979 3880 γίνεσθαι.
1000 3809 1159 3866 Ἀλλά
1179 3812 1272 3867 καὶ
1300 3812 1359 3866 αἱ
1385 3810 1541 3869 ἀλλαι
1568 3812 1651 3867 αἱ·

66 3900 240 3969 ρέσείς
269 3899 431 3955 τοῦτο
450 3901 658 3970 ἔφασαν
691 3898 849 3958 εἶναι.

130 4015 297 4069 Ὅθεν
321 4016 416 4069 καὶ
448 4008 603 4080 οὗτος
624 4015 910 4070 ἁλίσκεται
929 4017 1070 4073 κατά
1098 4017 1276 4073 πάντα
1309 4019 1506 4092 τρόπον
1532 4021 1643 4083 τοῖς

67 4105 239 4171 ἀλλοις
268 4108 654 4162 ἐπακολουθῶν
681 4107 971 4180 ἀγύρταις,
1000 4112 1113 4174 τοῖς
1145 4110 1213 4165 τά
1235 4111 1536 4184 δηλητήρια
1567 4111 1643 4185 τῷ

68 4196 157 4267 βίῳ
200 4200 704 4255 κατασκευάσασιν.
752 4190 1232 4274 ΔἈνατραπήσεται
1271 4204 1380 4275 γὰρ
1425 4204 1641 4276 ῥᾳδίως.

68 4290 135 4341 υῦ
156 4290 269 4363 γάρ
304 4290 498 4344 πολλοῦ
533 4292 949 4364 ὲπιδεηθήσεται
981 4294 1230 4365 καμάτου
1255 4297 1288 4367 ἡ
1312 4295 1448 4368 πρὸς
1481 4296 1644 4352 αὐτὸν
1688 4332 1695 4336 -

66 4381 361 4455 ἀνατροπὴ.
406 4382 568 4438 Ὀλον
608 4384 713 4456 γὰρ
755 4384 817 4437 τὸ
866 4384 1024 4456 σῶμα
1054 4374 1509 4458 συγκεκραμένον
1530 4390 1644 4452 τοῖς

1754 3165 1961 3236 nuptiis
2014 3164 2295 3235 copulant,
2351 3161 2568 3217 Satanae
2613 3175 2751 3229 opus
2796 3158 3079 3230 perﬁcere.
3117 3159 3234 3215 lmo
3279 3171 3334 3217 et

1755 3254 1996 3311 hominis
2030 3254 2261 3310 alteram
2299 3260 2509 3323 partem
2541 3248 2661 3313 Dei,
2692 3249 2921 3303 alteram
2960 3249 3166 3304 diaboli
3210 3266 3334 3307 esse

1754 3346 2106 3401 conﬁrmant.
2140 3342 2277 3398 Nam
2304 3341 2451 3411 quod
2492 3341 2563 3395 ab
2608 3341 2868 3394 umbilico
2905 3355 3126 3395 sursum
3157 3341 3335 3410 porri-

1754 3440 1921 3512 gitur,
1956 3437 2155 3492 divina:
2190 3434 2493 3490 molitioms
2528 3446 2693 3499 esse;
2759 3430 2904 3503 quod
2944 3429 3089 3485 infra
3112 3431 3334 3486 umbili-

1752 3547 1900 3597 cum,
1932 3544 1963 3583 a
1998 3529 2143 3583 mala
2176 3534 2452 3598 potestate
2502 3523 2784 3580 conditum
2834 3531 3107 3580 statuunt.
3156 3522 3239 3579 0b
3279 3525 3334 3580 id

1752 3620 2032 3692 inquiunt,
2086 3618 2433 3689 voluptatum
2486 3614 2824 3671 titillationes
2880 3629 3072 3671 onmes
3103 3630 3167 3671 ac
3218 3616 3337 3671 libi-

1750 3715 1910 3771 dines
1973 3713 2044 3768 ab
2108 3711 2371 3766 umbilico
2431 3717 2597 3779 atque
2654 3707 3011 3764 inferioribus
3084 3707 3334 3779 partibus

1749 3808 2083 3863 excitantur.
2152 3804 2298 3860 ldem
2363 3812 2417 3860 et
2490 3803 2725 3857 aliarum
2786 3800 3071 3857 haareseon
3132 3801 3333 3874 dogma

1750 3900 1872 3957 fuit.

1819 4011 1898 4066 Ex
1936 4025 2045 4080 quo
2088 4008 2259 4077 liquet
2291 4003 2428 4059 nihil
2457 4004 2603 4059 hunc
2639 4004 2744 4059 nisi
2782 4004 3069 4075 planorum
3100 4014 3329 4062 ueteru-

1746 4119 1868 4161 rum
1898 4099 2184 4157 inhaesisse
2213 4096 2492 4168 vestigiis,
2532 4094 2624 4166 qui
2659 4096 2967 4166 perniciosa
2998 4111 3064 4152 ac
3114 4096 3331 4153 letifera

1745 4211 1951 4252 venena
2009 4195 2065 4251 in
2111 4194 2392 4250 hominum
2444 4210 2617 4266 genus
2668 4197 2999 4253 eﬁ‘uderunt.
3036 4194 3140 4252 Sed
3180 4197 3329 4253 nullo

1744 4287 2196 4359 plane‘negotio,
2243 4301 2344 4342 nec
2378 4302 2612 4359 operoso
2646 4290 2938 4347 admodum
2983 4291 3167 4347 labore
3194 4306 3330 4347 con-

1748 4379 2031 4435 futabitur.
2071 4379 2285 4451 Corpus
2327 4379 2474 4435 enim
2521 4383 2840 4437 universum
2894 4398 2959 4438 ex
3010 4381 3080 4438 iis
3124 4397 3248 4453 qua:
3298 4397 3332 4437 α

66 4474 239 4539 καλῶς
267 4476 325 4527 ὲν
355 4474 503 4547 αὺτῷ
526 4475 807 4546 γεγονόσιν
839 4476 904 4529 ὲκ
936 4476 1093 4543 Θεοῦ,
1120 4478 1263 4549 φημὶ
1287 4478 1343 4532 δὲ
1371 4479 1633 4550 ὀρέξεσιν,

1752 4472 1853 4528 Deo
1883 4481 2030 4529 recte
2075 4472 2339 4530 fabricata
2370 4482 2534 4539 sunt,
2564 4474 2668 4530 hoc
2714 4483 2822 4540 est,
2868 4475 3212 4531 naturalibus
3242 4484 3330 4532 est

68 4566 118 4617 οὗ
143 4566 208 4620 δι’
238 4566 477 4620 ἀτοπίαν
512 4570 577 4621 ὲκ
604 4565 740 4621 Θεοῦ
764 4567 1108 4639 γενομέναις.
1141 4568 1277 4623 ἀλλά
1315 4568 1406 4624 διά
1444 4572 1642 4643 χρῆσιν

66 4656 267 4729 ἀγαθὴν
321 4660 414 4713 καὶ
469 4660 776 4729 ἀναγκαίας
824 4662 1014 4733 χρείας
1051 4660 1204 4729 τάξιν
1229 4680 1241 4693 ο
1278 4662 1423 4733 λέγω
1469 4665 1527 4719 δὲ
1581 4665 1644 4719 τὸ

68 4748 348 4819 ὀρέγεσθαι
394 4751 590 4819 ὕπνου,
636 4752 880 4824 βρωτῶν,
916 4754 1181 4826 πόματος,
1222 4756 1509 4823 ἐνδύσεως,
1549 4758 1644 4813 καὶ

67 4842 162 4896 τῶν
186 4844 366 4899 ἄλλων
397 4845 615 4899 πάντων
634 4846 742 4900 τῶν
765 4846 844 4911 εἰς
875 4845 946 4901 τά
969 4847 1078 4903 ἴδια
1109 4847 1205 4902 καὶ
1226 4841 1345 4923 Θεῷ
1372 4852 1644 4924 εὐάρεστα

70 4930 183 5000 ἡμῖν
207 4933 610 5004 συμϐαίνοντα·
638 4935 714 4999 ὠς
739 4937 833 4991 καὶ
858 4937 1029 5010 αὐτὴν
1052 4937 1151 5011 τὴν
1179 4939 1357 5013 ὄρεξιν
1381 4942 1481 5016 τῆς
1502 4944 1641 5000 κατὰ

68 5020 118 5071 τὸ
167 5022 333 5094 σῶμα
388 5024 687 5097 ἐπιθυμίας
728 5026 830 5081 οὐκ
888 5027 1088 5082 ἄτοπον
1127 5025 1295 5085 οὖσαν
1355 5035 1640 5106 παραστή-

72 5115 204 5183 σαιμ’
248 5116 334 5170 άν.
372 5116 530 5170 Ἔστι
559 5116 669 5187 γάρ
701 5116 838 5188 πρὸς
866 5117 1211 5174 παιδοποιίαν
1248 5120 1308 5175 ὲν
1346 5122 1639 5194 σεμνότητι

70 5202 287 5269 δοθεῖσα,
319 5208 415 5261 καὶ
462 5209 541 5271 είς
589 5207 749 5274 δόξαν
781 5208 876 5263 τοῦ
926 5212 1251 5283 ποιήσαντος
1301 5211 1371 5266 τά
1430 5212 1637 5280 πάντα,

71 5294 308 5368 καθάπερ
342 5299 407 5368 τῇ
443 5300 514 5370 γῇ
541 5296 610 5351 τά
658 5297 949 5371 σπέρματα
978 5301 1057 5363 είς
1102 5298 1355 5370 ἐπίχυσιν
1391 5300 1637 5373 πλήθους

70 5387 158 5442 τῶν
202 5389 312 5443 ὑπὸ
360 5388 495 5442 Θεοῦ
542 5390 877 5462 ὲκτισμένων
931 5390 1113 5447 καλῶν
1166 5391 1523 5464 γεννημάτων
1574 5393 1635 5448 τι

72 5494 193 5549 φημι
244 5480 340 5533 καὶ
384 5479 722 5553 ἀκροδρύων.
757 5480 945 5547 υῦτως
993 5482 1088 5538 καὶ
1132 5485 1198 5555 τῇ
1254 5482 1635 5556 ἀνθρωπότητι

127 5680 138 5709 ¹
173 5677 303 5734 For.
355 5678 621 5737 Ἀπελλεῖ.

1747 4563 2177 4635 appetitionibus
2215 4566 2507 4621 conﬂatum
2541 4584 2556 4622 :
2591 4582 2731 4639 quas
2760 4581 2870 4623 non
2898 4567 3198 4625 absurdum
3228 4569 3333 4625 ali-

1745 4671 1907 4726 quem
1946 4656 2014 4712 ad
2041 4672 2224 4723 usum,
2249 4657 2343 4713 sed
2369 4658 2659 4715 honestum
2688 4673 2755 4712 ac
2781 4659 3154 4715 necessarium
3184 4658 3333 4716 Deus

1746 4745 1980 4809 indidit.
2017 4747 2275 4803 nimirum
2311 4756 2370 4803 ut
2408 4758 2463 4804 et
2494 4764 2749 4805 somnum
2786 4758 3140 4821 appetamus,
3168 4758 3223 4807 et
3248 4751 3329 4807 ci-

1745 4838 1875 4894 bum
1894 4879 1913 4906 ,
1943 4854 2005 4895 ac
2031 4847 2217 4912 potum
2236 4881 2251 4905 ,
2283 4841 2572 4908 vestitum,
2600 4858 2665 4899 ac
2687 4850 2915 4899 exteras
2944 4844 3333 4914 opportunita-

1748 4940 1852 4999 tcs,
1870 4950 1993 5005 qua:
2012 4935 2228 5007 quidem
2245 4934 2356 4993 Deo
2378 4936 2521 4991 haud
2541 4936 2768 5007 ingrata:
2787 4936 2947 4993 nobis
2966 4937 3329 5006 usuveniunt,

1747 5023 1887 5079 adeo
1917 5031 1977 5079 ut
2002 5024 2087 5080 vel
2120 5024 2293 5095 ipsam
2322 5039 2353 5079 a
2389 5024 2602 5081 ratione
2635 5026 2862 5083 minime
2903 5027 3203 5085 abhorrere
3233 5043 3327 5084 ve-

1748 5115 1895 5173 neris
1927 5116 2280 5188 cupiditatem
2310 5116 2686 5187 demonstrare
2720 5118 2906 5174 liceat.
2941 5118 3035 5174 Est
3078 5120 3224 5176 enim
3258 5120 3327 5176 ad

1742 5209 2033 5266 honestam
2080 5211 2289 5267 sobolis
2341 5212 2794 5284 propagationem
2839 5219 2893 5268 ct
2917 5212 2985 5266 ad
3013 5212 3327 5279 Conditoris

1741 5303 1987 5358 omnium
2036 5304 2203 5361 decus
2232 5312 2286 5360 et
2326 5305 2589 5361 honorem
2629 5320 2895 5362 concessa
2920 5347 2937 5373 ,
2969 5305 3327 5377 quemadmo-

1741 5391 1871 5448 dum
1903 5395 2109 5451 semina
2139 5396 2207 5451 ad
2245 5412 2434 5453 eorum
2465 5396 2733 5453 bonorum
2765 5412 2890 5467 quae
2919 5396 3061 5453 Deus
3087 5397 3322 5460 creavit,

1741 5490 2044 5558 germinum
2081 5490 2337 5548 videlicet
2369 5505 2435 5547 ac
2476 5490 2754 5548 fructuum
2782 5492 3086 5548 ubertatem
3138 5504 3202 5544 ac
3233 5504 3327 5544 co-
