3846 6292
518 239 625 298 835
1943 238 2002 295 S.
2040 240 2098 295 El

2221 239 2384 295 IAM!
2468 196 2471 199 Ι
2922 250 2929 255 ’
3719 256 3787 310 85(

520 350 664 421 piam
720 347 969 403 instituta
1018 355 1168 403 sunt.
1226 348 1319 406 Sic
1367 348 1609 403 humano
1643 350 1828 418 generi
1880 350 1947 403 ad
1983 351 2094 403 illm

2223 354 2304 416 εἰς
2334 354 2396 407 τὸ
2421 353 2710 424 πληρῶσαι
2741 356 2825 420 τὸ,
2860 358 3229 425 Αὑξάνεσθε,
3267 362 3363 415 καὶ
3398 365 3777 433 πληθύνεσὼ

523 441 888 512 praestandum
926 459 940 494 :
971 439 1237 506 Crescite,
1275 451 1325 497 et
1367 444 1833 513 multiplicamini,
1856 453 1904 496 et
1932 444 2098 505 reptet.

2230 446 2326 500 καὶ
2358 446 2716 514 πληρώσατε
2738 447 2855 517 τὴν
2889 449 3028 520 γῆν.

522 543 717 588 (errant
743 533 783 599 ¹,
819 534 1020 589 infiniti
1061 546 1191 590 sunt
1220 536 1297 589 illi
1329 537 1628 606 voluptatis
1668 536 1870 591 aculei.
2861 582 2874 613 ,

592 625 863 682 Caeterum
886 627 1240 698 ‘apocryphis
1287 629 1617 698 quibusdam
1674 629 1830 683 libris
1884 628 1961 682 uti
2002 628 2092 682 illo

2297 630 2608 703 Κέχρηνται
2634 631 2689 684 δὲ
2717 632 2768 685 οἱ
2794 632 3027 688 τοιοῦτοι
3053 635 3150 687 καὶ
3178 636 3525 707 ἀποκρύφοις
3550 639 3711 704 τισὶν,
3733 639 3793 699 ὡς

520 723 865 789 accepimus;
907 734 971 775 ac
1012 723 1210 791 partim
1247 721 1411 775 etiam
1444 723 1680 791 publicis
1729 737 1793 776 ac
1845 723 2082 790 receptis

2226 723 2579 793 ἀκηκόαμενο
2616 723 2754 777 ἀλλὰ
2793 725 2887 777 καὶ
2923 726 2981 777 ὲν
3016 726 3172 797 μέρει
3201 730 3323 791 ταῖς
3355 730 3553 800 ῥηταῖς
3590 730 3789 800 βίϐλοις,

519 827 583 866 ex
624 813 826 883 quibus
854 828 919 868 ea
954 815 1072 869 sola
1119 813 1397 883 deligunt,
1440 829 1563 884 qua:
1602 829 1703 885 pro
1734 814 1901 867 animi
1932 814 2015 868 sui
2052 814 2090 867 li

2224 816 2618 888 λεξιθηρῶντες
2671 818 2857 870 ἐκεῖνα
2924 819 3061 887 μόνα
3087 860 3103 884 ,
3164 822 3322 876 ἅτινα
3367 823 3512 876 κατᾶ
3556 825 3646 877 τὸν
3688 824 3793 877 νοῦν

522 904 710 958 bidine
759 914 1096 959 commutata
1132 905 1551 975 adulterataque
1582 906 1906 975 depravant.
1938 903 2093 959 Enim

2224 910 2405 964 αὐτῶν
2446 929 2519 964 πα
2530 910 2894 982 ραπλέκοντες
2922 910 3127 982 ἑτέρως
3156 914 3655 985 μεταχειρίζονται.
3676 916 3795 970 Οὔτε

521 1010 654 1050 vero
690 995 818 1049 vitis
864 1011 1211 1066 nequaquam
1242 1005 1325 1051 est
1356 1011 1385 1050 e
1415 996 1635 1051 diabolo
1671 997 1881 1051 consita
1902 1036 1916 1062 ,
1946 1013 2098 1065 nequi

2224 1002 2399 1075 γὰρὴ
2456 1001 2703 1072 ἄμπελος
2758 1004 2824 1055 ὲκ
2874 1002 3124 1056 διαϐόλου
3170 1004 3537 1073 πεφύτευται,
3586 1006 3709 1060 οὔτε
3748 1010 3797 1071 ἐξ

519 1103 587 1142 ex
638 1088 929 1157 serpentis
974 1088 1187 1143 semine
1230 1096 1519 1157 procreata
1547 1128 1562 1153 ,
1611 1089 1689 1141 uti
1744 1087 1907 1142 facile
1941 1089 2098 1158 quivi:

2222 1096 2401 1164 ὄφεως
2450 1094 2576 1165 ἔσχε
2616 1094 2715 1165 τὴν
2749 1096 2981 1165 σπορὰν,
3028 1095 3104 1159 ὡς
3144 1102 3307 1149 παντί
3349 1115 3430 1169 τῳ
3460 1098 3625 1169 δῆλόν
3674 1102 3794 1153 ἐστι.

520 1179 792 1249 intelligit.
837 1177 943 1245 Qui
980 1180 1127 1233 enim
1164 1178 1277 1233 fieri
1324 1187 1508 1248 posset
1557 1177 1739 1243 istud,
1782 1194 1906 1231 cum
1938 1186 2098 1248 aperti

2225 1188 2351 1251 Πῶς
2381 1187 2492 1258 γάρ
2538 1189 2654 1241 ἐστι
2704 1187 2894 1252 τοῦτος
2927 1187 3093 1241 αὐτοῦ
3137 1187 3232 1241 τοῦ
3266 1190 3473 1260 Κυρίου
3508 1194 3796 1261 ἐπιμαρτα-

521 1266 775 1322 Salvntor
816 1269 933 1338 ipse
966 1267 1245 1320 contraria
1276 1268 1459 1320 omnia
1501 1273 1732 1322 testetur
1774 1265 1844 1319 iis
1889 1267 2070 1320 verbis

2226 1278 2466 1350 ροῦντος,
2499 1278 2595 1331 καὶ
2620 1277 2897 1346 λέγοντος,
2923 1278 3006 1331 ὅτι
3027 1279 3111 1330 Οὐ
3135 1276 3223 1346 μὴ
3267 1278 3381 1329 πίω
3428 1278 3499 1331 ἐκ
3541 1279 3649 1332 τοῦ
3680 1298 3796 1348 γεν-

520 1356 645 1411 Νοη
676 1358 849 1411 bibam
873 1358 970 1413 hoc
1005 1358 1069 1412 de
1100 1359 1365 1428 genimine
1398 1357 1518 1410 vitis
1552 1358 1739 1421 istius,
1764 1355 1926 1411 donec
1946 1356 2098 1409 bibau

2222 1370 2487 1439 νήματος
2517 1366 2628 1436 τῆς
2677 1368 2951 1435 ἀμπέλου
2995 1369 3233 1434 ταύτης,
3266 1368 3379 1433 ἕως
3407 1368 3486 1421 ἂν
3522 1372 3639 1423 πίω
3665 1372 3795 1423 αὐτὸ

518 1450 654 1505 illud
689 1466 880 1504 novum
913 1450 966 1503 in
1003 1467 1160 1520 regno
1179 1449 1430 1503 cwlorum
1458 1451 1500 1502 ².
1534 1446 1601 1501 Et
1634 1448 1895 1518 quoniam
1917 1448 2098 1503 verita:

2222 1462 2437 1518 καινὸν
2460 1462 2590 1531 μεθ’
2626 1460 2795 1530 ὑμῶν
2830 1462 2901 1513 ἐν
2930 1460 3005 1529 τῇ
3033 1461 3326 1528 βασιλείᾳ
3358 1461 3476 1514 τῶν⁴
3514 1462 3793 1529 οὐρανῶν.

519 1556 650 1597 suos
690 1542 890 1610 ubique
932 1540 1119 1597 radios
1181 1539 1516 1606 diffundens,
1549 1554 1648 1608 pro
1679 1553 1743 1593 ea
1782 1553 1945 1608 quam
1978 1536 2098 1593 Deu:

2224 1555 2334 1608 Καὶ
2362 1552 2553 1623 ἐπειδὴ
2584 1553 2618 1621 ὴ
2647 1550 2898 1620 ἀλήθεια,
2922 1550 3021 1613 τὰς
3057 1550 3255 1614 ἑαυτῆς
3286 1550 3515 1612 ἀκτῖνας
3556 1538 3796 1602 ἀποστίλ-

517 1633 682 1687 habet
707 1632 1111 1687 imminentium
1141 1633 1412 1685 malorum
1441 1632 1658 1694 notitia,
1678 1645 1963 1686 sermones
1987 1646 2098 1685 suo:

2222 1646 2395 1699 ὅουσα
2434 1645 2516 1706 εἰς
2568 1642 2630 1695 τὸ
2679 1640 2943 1704 παντελὲς
2984 1638 3125 1693 κατὰ
3170 1639 3476 1709 πρόγνωσιν
3528 1638 3666 1691 Θεοῦ
3703 1640 3796 1691 τῶν

516 1726 582 1779 ad
615 1725 1024 1780 convincendos
1046 1740 1264 1779 errores
1283 1724 1739 1789 accommodavit,
1759 1723 1885 1779 inde
1912 1724 2098 1778 factun

2222 1735 2637 1808 ἐπιφερομένων
2677 1732 2900 1795 κακῶν,
2948 1732 3029 1794 εἰς
3061 1731 3281 1800 ἔλεγχον
3327 1730 3641 1801 προετύπου
3684 1734 3793 1795 10-2.;

514 1820 679 1891 390
699 1820 1024 1889 est,passim
1057 1827 1116 1872 ut
1147 1834 1318 1875 sacrae
1342 1818 1563 1871 Littera:
1577 1832 1769 1871 eorum
1802 1818 1895 1887 qui
1920 1826 2098 1872 contr:

2221 1829 2393 1900 αὐτῆς
2462 1827 2652 1896 λόγους
2709 1824 2988 1895 πανταχοῦ
3020 1840 3033 1853 ⁸
3100 1821 3469 1894 προεθέσπισε
3539 1823 3599 1875 τὸ
3670 1824 3793 1874 θεῖεν

516 1912 799 1966 veritatem
822 1914 1170 1981 insurgerent
1192 1926 1448 1966 occasum
1468 1917 1633 1980 atque
1668 1912 1950 1964 interitum
1981 1927 2098 1981 pra:

2221 1923 2456 1995 γράμμα
2477 1921 2577 1989 τὴν
2604 1919 2886 1991 ἀναίρεσιν
2906 1917 3013 1971 τῶν
3044 1917 3346 1987 μελλόντων
3376 1917 3522 1970 κατά
3556 1918 3655 1986 τῆς
3680 1918 3792 1986 ἁλη-

514 2003 774 2058 dixerint.
809 2000 900 2057 Sic
929 2003 1074 2057 enim
1109 2012 1297 2073 aperte
1320 2002 1559 2073 quodam
1591 2003 1645 2055 in
1670 2002 1791 2056 loco
1824 2002 2090 2058 Dominus

2221 2016 2370 2079 Οείας
2404 2012 2787 2085 ἐπεγείρεσθαι
2811 2027 2827 2042 ο
2872 2011 2948 2072 ὡς
2976 2009 3272 2081 διαρρήδην
3301 2009 3464 2072 αύτός
3506 2027 3613 2062 που
3643 2014 3669 2062 ὁ
3693 2012 3789 2064 Κύ-

516 2109 575 2155 ιιι
604 2100 874 2155 infelicem
900 2100 1052 2154 illum
1077 2111 1131 2156 et
1153 2103 1509 2171 impostorem
1537 2100 1803 2159 Severum
1834 2112 2092 2174 argueret

2225 2124 2338 2179 ριος
2360 2148 2374 2171 ,
2418 2108 2497 2170 εἰς
2550 2104 2773 2175 ἔλεγχον
2823 2102 2917 2156 τοῦ
2962 2102 3194 2155 ὲλεεινοῦ
3252 2104 3346 2155 καὶ
3386 2102 3791 2173 πεπλανημένον

513 2194 681 2247 vitem
724 2208 783 2248 se
827 2209 952 2249 esse
987 2196 1330 2264 pronuntiat.
1374 2193 1487 2265 Ego
1539 2212 1691 2262 sum,
1737 2196 1951 2265 inquit,
1994 2196 2098 2249 viti:

2221 2200 2483 2269 Σευήρου,
2516 2196 2714 2266 φάσκει
2743 2195 2905 2257 αὐτὸς
2936 2193 3126 2247 ἑαυτὸν
3158 2192 3256 2263 τὴν
3295 2192 3565 2263 ἄμπελον,
3599 2193 3790 2260 λέγων·

515 2302 636 2341 vera
670 2286 711 2340 ³.
746 2286 914 2356 Atqui
952 2288 997 2343 si
1027 2288 1387 2357 vituperanda
1418 2305 1646 2358 prorsus
1678 2290 1805 2345 vitis
1836 2298 1983 2344 esset
2012 2305 2098 2361 ap-

2232 2290 2379 2361 Ἐγώ
2428 2293 2545 2359 ειμι
2590 2290 2628 2357 ὴ
2674 2288 2947 2358 ἄμπελος
3016 2287 3055 2353 ὴ
3117 2284 3397 2353 ἀληθινή.
3447 2285 3512 2337 Εἰ
3561 2285 3619 2337 δὲ
3674 2284 3793 2344 ὅλως

515 2378 755 2450 pellatio,
791 2396 1071 2450 nunquam
1099 2381 1263 2450 hujus
1299 2381 1365 2436 ad
1398 2398 1458 2437 se
1490 2381 1905 2437 similitudinem
1943 2389 2095 2436 trans

2221 2383 2416 2453 ψεκτὸν
2460 2378 2529 2453 ἦν
2570 2380 2632 2434 τὸ
2672 2381 2771 2451 τῆς
2810 2378 3059 2450 ἀμπέλου
3088 2378 3280 2447 ὄνομα,
3311 2376 3413 2428 ούκ
3454 2375 3522 2429 ἂν
3554 2376 3650 2428 τοῦ
3694 2377 3791 2428 dvi—

514 2469 699 2525 ferret.
772 2470 916 2535 Quin
946 2479 1001 2525 et
1032 2473 1267 2542 apostoli
1305 2472 1359 2526 in
1392 2487 1457 2527 eo
1486 2472 1625 2527 libro
1646 2512 1660 2537 ,
1688 2474 1781 2543 qui
1807 2472 2082 2538 Διιὶταξις

2230 2493 2398 2547 ματος
2428 2476 2507 2538 είς
2538 2474 2733 2528 ἑαυτὸν
2766 2474 3001 2525 ἐποιεῖτο
3035 2471 3135 2538 τὴν
3165 2468 3479 2540 ὁμοιότητα.
3523 2467 3683 2520 Ἀλλὰ
3712 2470 3789 2519 καὶ

513 2562 618 2618 hoc
646 2571 730 2619 est
768 2562 1087 2619 Constitutio
1120 2572 1369 2633 vocatur,
1411 2565 1501 2619 Dei
1536 2566 1761 2635 stirpem
1794 2580 1857 2621 ac
1885 2566 2098 2621 vineam

2221 2571 2266 2623 οἱ
2294 2566 2582 2622 ἀπόστολοι
2603 2565 2715 2637 (89)
2740 2581 2905 2634 φασιν
2927 2564 2985 2616 ὲν
3009 2564 3075 2631 τῇ
3096 2561 3364 2623 Διατιίξει
3382 2562 3447 2628 τῇ
3472 2560 3785 2629 καλουμένῃ.

513 2669 638 2711 esse
687 2656 1014 2713 catholicam
1063 2656 1366 2711 Ecclesiam
1403 2656 1662 2728 produnt.
1707 2656 1803 2720 Et,
1832 2658 2098 2728 quodam

2221 2662 2297 2715 ὅτι
2330 2660 2525 2729 φυτεία
2558 2656 2694 2711 Θεοῦ
2725 2656 2819 2710 καὶ
2844 2653 3105 2726 ἁμπελὼν
3130 2656 3162 2725 ἡ
3191 2652 3453 2724 καθολικὴ
3480 2651 3783 2721 Ἐκκλησία.

515 2746 659 2815 plius
686 2756 769 2802 est
791 2785 806 2811 ,
849 2745 1115 2803 Dominus
1147 2747 1263 2818 ipse
1299 2762 1519 2802 rursum
1552 2749 1609 2802 in
1641 2746 1937 2818 Evangelio
1970 2748 2098 2801 idem

2230 2754 2392 2807 Ἀλλὰ
2437 2753 2531 2806 καὶ
2564 2751 2726 2815 αὐτὸς
2754 2750 2783 2803 ὁ
2835 2749 3040 2821 Κύριος
3088 2748 3251 2801 πάλιν
3277 2750 3334 2801 ὲν
3374 2746 3453 2817 τῷ
3486 2744 3788 2813 Εὑαγγελξςρ

511 2840 818 2910 expressit,
852 2840 944 2895 ubi
977 2840 1124 2894 illam
1175 2840 1351 2895 vinem
1408 2841 1725 2911 parabolam
1777 2841 2098 2911 proposuit.

2221 2846 2541 2916 ποιούμενος
2565 2844 2663 2915 τὴν
2684 2843 2777 2895 τοῦ
2806 2840 3128 2912 ἀμπελῶνος
3158 2839 3497 2911 παραϐολὴν,
3530 2840 3613 2891 ὅτι
3643 2838 3786 2902 ’Δνήρ

513 2931 687 2987 llomo
743 2932 964 3004 quidam
1018 2931 1426 3001 paterfamilias
1475 2932 1713 2986 habebat
1756 2934 1974 2987 vineam
2007 2950 2020 2985 :
2056 2941 2098 2985 el

2221 2954 2300 3001 τις
2326 2935 2712 3006 οἰκοδεσπότης
2740 2933 2885 3003 εἶχεν
2918 2930 3239 3001 ἀμπελῶνα,
3269 2930 3363 2984 καὶ
3396 2930 3613 2995 ἑξέῶτο
3643 2927 3785 2979 αὑτὸν

514 3027 714 3080 Iuravit
753 3026 901 3078 illam
937 3025 1223 3095 agricolis;
1256 3034 1310 3079 et
1344 3025 1495 3079 misit
1541 3039 1793 3095 quaerens
1838 3023 2098 3078 fructum.

2221 3031 2505 3101 γεωργοῖς,
2537 3027 2631 3080 καὶ
2669 3025 2881 3096 ἔπεμψε
2928 3024 3106 3094 ζητῶν
3136 3023 3371 3093 καρπὸν,
3409 3022 3505 3075 καὶ
3539 3022 3641 3073 οὐκ
3678 3019 3784 3071 ἔδω⁴

511 3125 566 3171 et
612 3131 721 3170 non
766 3115 1109 3171 dederunt‘.
1163 3114 1292 3170 Item
1332 3133 1345 3169 :
1383 3113 1557 3168 Homo
1604 3113 1827 3185 quidam
1877 3112 2098 3184 paterfa-

2221 3098 2344 3176 κανξ
2384 3120 2543 3174 Ἀλλὰ
2568 3120 2662 3174 καὶ
2702 3117 2896 3171 πάλιν·
2938 3118 3102 3188 ’Δνήρ
3136 3133 3216 3179 τις
3244 3114 3637 3185 οἰκοδεσπότης
3666 3113 3783 3182 ἔχων

512 3209 694 3265 m-ilias
743 3209 951 3263 habens
1000 3209 1215 3262 vineam
1251 3208 1385 3264 exiit
1440 3223 1693 3277 quaerens
1744 3207 2027 3278 operarios
2057 3207 2098 3259 iu

2221 3214 2553 3287 ἀμπελῶνα,
2593 3211 2783 3283 ἐξῆλθε
2830 3209 3009 3279 ζητῶν
3056 3208 3296 3280 ἐργάτας
3347 3210 3428 3271 εἰς
3471 3206 3567 3259 τὸν
3623 3208 3783 3275 ἀμπε-

513 3301 728 3356 vincam
761 3320 774 3356 :
810 3309 864 3356 et
892 3301 1041 3356 circa
1095 3302 1315 3356 tertiam
1374 3301 1566 3356 horam
1591 3343 1607 3367 ,
1660 3309 1714 3356 et
1751 3312 1965 3356 sextam
1988 3340 2003 3365 ,
2057 3309 2098 3354 el

2221 3310 2391 3369 λῶνα,
2413 3308 2508 3362 καὶ
2532 3306 2624 3359 ἐπὶ
2646 3304 2834 3376 τρίτην
2860 3302 3032 3375 ὥραν,
3064 3302 3158 3354 καὶ
3202 3301 3391 3372 ἕκτην,
3420 3299 3516 3352 καὶ
3552 3299 3783 3367 ὲννατην,

514 3411 753 3464 nonam,
798 3402 853 3450 et
905 3394 1249 3449 undecimam
1280 3394 1328 3446 ³.
1370 3392 1438 3447 Ut
1474 3408 1544 3449 ex
1580 3393 1729 3447 omni
1767 3400 1922 3463 parte
1970 3392 2098 3445 vafri

2221 3403 2313 3455 καὶ
2341 3400 2654 3469 ἑνδεκάτην.
2710 3398 2796 3461 Ὠς
2824 3395 3122 3461 ὲξάπαντος
3165 3393 3225 3446 τὸ
3265 3393 3365 3462 τῆς
3402 3393 3784 3464 ἐπιτηδεύσεως

514 3487 749 3541 hominis
783 3486 933 3541 fraus
964 3493 1018 3541 ct
1068 3484 1393 3555 improbitas
1424 3485 1675 3539 veritatis
1708 3484 1956 3538 oratione
1982 3498 2098 3537 sau-

2221 3493 2552 3567 σκευώρημα
2596 3492 2692 3544 καὶ
2739 3490 2931 3543 τούτου
2961 3487 3055 3541 τοῦ
3100 3485 3419 3548 ἁπατεῶνος
3461 3482 3782 3553 πανταχόθεν

510 3582 707 3637 cietur.
750 3580 885 3634 Nam
926 3588 987 3634 ut
1037 3580 1264 3634 absente
1319 3581 1440 3635 luce
1483 3588 1766 3650 utcunque
1811 3589 2098 3649 appaream

2221 3589 2357 3659 ἔχειν
2382 3585 2444 3639 τὸ
2498 3582 2896 3655 τιτρώσκεσθαι
2939 3581 3081 3651 λόγῳ
3122 3578 3227 3648 τῆς
3260 3578 3541 3648 ἀληθείας.
3586 3575 3695 3629 Κᾶν
3737 3591 3779 3624 τε

510 3674 786 3739 tenebrae,
838 3673 1170 3742 simulatque
1213 3672 1295 3726 vel
1336 3671 1564 3725 minima
1620 3669 1858 3725 scintilla
1907 3670 2098 3724 micart‘

2221 3681 2321 3750 γὰρ
2350 3677 2696 3747 ἐπιφαίνεται
2741 3674 2802 3727 τὸ
2849 3674 3038 3734 σκότος
3075 3672 3251 3742 φωτὸς
3300 3672 3373 3741 μὴ
3410 3671 3697 3740 παρόντος,
3726 3668 3780 3719 δι’

510 3764 762 3833 cmperit,
793 3774 1129 3819 evanescunt
1157 3762 1264 3816 illa:
1309 3764 1573 3817 continuo
1596 3801 1611 3825 ,
1650 3761 1977 3832 penitusque
2004 3760 2098 3815 dist

2221 3770 2395 3837 ὀλίγου
2418 3767 2713 3838 σπινθῆρος
2747 3766 2780 3836 η
2812 3765 2977 3818 αὐτοῦ
3014 3765 3327 3834 ἀφάντωσις
3354 3763 3453 3831 τῆς
3483 3760 3779 3832 ἀνατροπῆς

512 3858 782 3928 sipantur.
834 3857 946 3929 Ego
979 3873 1108 3913 vero
1146 3856 1268 3911 ideo
1311 3856 1503 3911 leviter
1530 3855 1674 3910 hanc
1710 3855 1957 3909 haxresim
1988 3870 2098 3923 pcr-

2221 3862 2523 3931 γενήσεται.
2560 3858 2850 3928 Συντόμως
2884 3856 2940 3909 δὲ
2974 3856 3248 3927 κέχρημαι
3274 3858 3339 3925 τῇ
3361 3854 3598 3925 αἱρέσει,
3629 3853 3709 3905 διέι
3736 3851 3781 3901 τὸ

511 3951 692 4017 curri,
728 3952 873 4023 quod
901 3967 1048 4017 cum,
1084 3960 1139 4005 ut
1179 3950 1339 4005 initio
1369 3950 1605 4014 monui,
1633 3948 1871 4004 refutatu
1903 3949 1976 4003 sit
2022 3946 2098 4000 fa-

2221 3952 2312 4023 ἤδη
2354 3949 2626 4017 ἐξειπεῖν,
2677 3951 2759 4004 δτι
2810 3949 3079 4012 εὐάλωτος
3124 3950 3445 4019 ὑπάρχουσα
3478 3949 3542 4000 οὐ
3600 3945 3777 4011 πολλῆς

508 4048 669 4112 cilis,
710 4061 819 4100 non
862 4059 1058 4115 magno
1110 4044 1297 4099 labore
1352 4043 1632 4098 contraria
1684 4040 1859 4112 possit
1904 4041 2098 4095 veritas

2221 4043 2381 4096 δεῖται
2406 4042 2690 4113 ἐργασίας,
2719 4041 2855 4113 πρὸς
2884 4041 3144 4093 σύστασιν
3174 4041 3272 4111 τῆς
3301 4042 3419 4092 κατ’
3455 4040 3629 4109 αὐτῆς
3662 4039 3777 4105 ἁλη-

510 4140 790 4195 animari.
831 4138 1056 4192 Accedit
1090 4145 1145 4193 et
1190 4136 1361 4202 illud,
1413 4135 1563 4204 quod
1606 4135 1693 4190 vel
1730 4134 1894 4187 nullm
1946 4133 2098 4189 hodie

2221 4135 2392 4199 θείας⁶
2433 4134 2668 4204 μάλιστα
2710 4132 2789 4197 δὲ,
2839 4134 2922 4185 ὅτι
2962 4133 3103 4203 τάχα
3136 4128 3290 4202 οἶμαι
3342 4132 3437 4184 καὶ
3487 4130 3685 4202 μηκέτι
3727 4132 3775 4180 ἐκ

510 4234 789 4303 supersint
830 4232 976 4286 illius
1012 4238 1176 4285 secta:
1213 4228 1487 4298 reliquiae,
1542 4226 1625 4281 vel
1675 4227 1885 4298 exigum
1912 4225 2098 4280 admo-

2221 4229 2415 4298 ταύτης
2440 4228 2702 4298 ὑπάρχειν
2737 4225 2908 4290 τινὰς,
2936 4224 3050 4279 ἀλλ’
3075 4227 3123 4277 εί
3160 4226 3266 4296 ἄρα
3295 4225 3537 4289 σπανίως
3563 4227 3621 4277 ἐν
3656 4224 3777 4276 iuo-

510 4327 641 4381 dum
672 4325 1048 4396 superioribus
1070 4324 1137 4377 in
1172 4321 1473 4393 provinciis
1518 4320 1748 4374 relictae.

2221 4324 2358 4377 τάτω
2390 4321 2631 4392 μέρεσιν.

580 4417 944 4485 Quamobrem
974 4431 1075 4472 nos
1120 4431 1184 4471 ce
1213 4412 1582 4485 praetermissa
1608 4451 1625 4476 ,
1689 4410 1839 4466 velut
1879 4408 2098 4479 scorpiu

2294 4414 2425 4468 Ἀπὸ
2473 4414 2677 4484 ταύτης
2729 4413 2787 4466 δὲ
2837 4412 3232 4484 παρελθόντες,
3296 4410 3485 4482 ῶσπερ
3538 4410 3773 4482 σκορπίον

509 4511 747 4583 quodam
801 4509 984 4566 subito
1036 4508 1389 4579 proculcato,
1434 4510 1663 4559 creteras
1696 4501 2098 4574 aggrediamur.

2221 4509 2380 4563 δεινὸν
2427 4510 2915 4579 καταπατήσαντες
2962 4507 3213 4577 ἁθρόως,
3260 4506 3359 4569 τὰς
3411 4505 3541 4575 ἑξῆς
3575 4507 3770 4559 διασκο-

510 4605 618 4661 Sed
663 4604 909 4659 divinum
955 4612 1081 4657 ante
1114 4602 1300 4657 omnia
1347 4596 1753 4669 implorandum
1800 4595 2100 4661 auxilium,

508 4714 619 4770 quo
660 4705 715 4753 et
752 4711 878 4752 vera
929 4694 1206 4766 possimus
1254 4690 1471 4761 eloqui,
1524 4704 1704 4759 neque
1753 4686 1912 4741 nobis
1969 4686 2102 4757 ipsis

509 4790 688 4845 fraudi
733 4790 803 4845 sit
831 4802 1019 4842 earum
1060 4800 1246 4840 rerum
1296 4781 1591 4847 tractatio,
1640 4780 1945 4850 praesertim
1976 4795 2100 4833 cum

510 4892 619 4937 tam
672 4881 935 4936 nefariam
965 4886 1019 4933 et
1055 4884 1297 4932 atrocem
1347 4872 1735 4944 pestiferorum
1780 4870 2100 4942 dogmatum

510 4971 911 5042 improbitatem
950 4968 1205 5041 persequi
1254 4967 1598 5023 Studeamus.

948 5084 1230 5143 CONTRA
1259 5081 1607 5138 TATIANOS
1624 5123 1639 5149 ,

720 5203 852 5269 Quae
903 5210 980 5255 est
1030 5200 1244 5255 Iiarresis
1283 5196 1479 5253 XXVI
1510 5199 1616 5252 sive
1668 5194 1873 5250 XLVI.

580 5314 619 5368 l.
655 5314 921 5369 'l‘atianus
954 5310 1177 5381 quidam
1226 5319 1349 5381 post
1408 5311 1531 5365 illos
1580 5308 1825 5371 exstitit,
1857 5306 1948 5377 qui
1981 5306 2095 5361 sive

506 5408 698 5464 eodem
754 5407 970 5477 penitus
1027 5413 1306 5476 tempore,
1370 5404 1527 5473 391
1582 5404 1697 5458 sive
1750 5401 1913 5471 paulo
1974 5410 2096 5471 post

590 5563 606 5595 ¹
634 5565 769 5620 Gen.
816 5580 853 5631 ι,
880 5563 971 5618 ‘28.
1047 5565 1065 5593 ³
1102 5562 1292 5617 Matth.
1326 5577 1472 5627 xxvi,
1497 5562 1588 5617 29.

1689 5559 1893 5612 8.loan.
1940 5574 2026 5621 xv,
2070 5557 2117 5610 l.

2212 4598 2479 4668 πήσομεν,
2514 4594 2649 4649 Θεοῦ
2679 4596 2776 4667 τὴν
2809 4595 3039 4666 δύναμιν
3080 4594 3502 4665 ἐπικαλούμενοι
3552 4597 3634 4657 εἰς
3664 4595 3769 4663 βοέ-

2211 4689 2384 4755 θειαν,
2419 4689 2514 4743 τοῦ
2552 4707 2610 4742 τε
2644 4688 2703 4742 τὸ
2746 4688 2945 4759 ἀληθὲς
2988 4689 3195 4752 εἰπεῖν,
3235 4690 3331 4741 καὶ
3370 4687 3464 4740 τοῦ
3501 4688 3664 4741 αὐτὸν
3692 4688 3767 4755 ἐμὲ

2214 4784 2288 4855 μὴ
2326 4782 2681 4853 βλάπτεσθαι,
2718 4779 2957 4851 μάλιστα
2987 4780 3115 4851 περί⁸
3161 4781 3261 4849 τῆς
3309 4780 3568 4850 τοιαύτης
3614 4778 3769 4845 δεινῆς

2210 4878 2302 4932 καὶ
2347 4874 2626 4946 ὀλετηρίου
2672 4874 2779 4927 τῶν
2826 4872 3115 4943 δογμάτων
3162 4871 3425 4943 μέλλοντα
3472 4872 3769 4942 ὑποφαίνειν

2211 4964 2597 5039 κακοτροπίας.

2693 5081 2885 5136 ΚΑΤΑ
2922 5081 3274 5136 ΤΑΤΙΛΝΩΝ

2277 5194 2541 5266 Εἱκοστὴ
2581 5196 2760 5266 ἕκτη,
2804 5198 2843 5265 ἡ
2891 5197 2989 5251 καὶ
3033 5194 3503 5264 τεσσαρακοστὴ
3551 5194 3707 5259 ἕκτη.

2275 5310 2352 5363 Λ’.
2394 5308 2657 5371 Τατιανός
2692 5325 2775 5371 τις
2827 5309 3064 5379 ἀνέστη,
3104 5307 3329 5371 τούτους
3374 5306 3757 5375 διαδεξάμενος-

2206 5402 2323 5471 ἤτοι
2368 5400 2509 5453 κατὰ
2541 5401 2665 5464 τοὺς
2712 5401 2890 5454 αὐτῶν
2936 5401 3157 5473 χρόνους
3195 5399 3293 5466 ὣν,
3337 5400 3370 5471 ἢ
3409 5400 3522 5470 μετ’
3555 5401 3759 5459 αὐτοις,

2198 5558 2215 5586 ³
2248 5558 2377 5611 Luc.
2414 5572 2506 5622 xx,
2535 5557 2568 5611 9
2607 5574 2729 5629 sqq.
2809 5560 2830 5589 ⁵
2864 5557 3054 5613 Matth.
3083 5558 3227 5635 n51
3264 5573 3387 5628 sqq.

576 5722 691 5797 (89)
742 5723 918 5778 Ἀλλά
962 5709 1059 5778 καὶ
1100 5724 1153 5777 οι
1201 5720 1550 5778 ἀπόστολοι.
1595 5715 1776 5773 Locus
1810 5722 1987 5771 exstat
2032 5714 2085 5767 in

2221 5712 2264 5780 Ι,
2305 5713 2338 5767 I.
2372 5730 2387 5767 ι
2417 5714 2645 5770 Constit.
