3750 6200
56 241 182 298 841

764 197 1134 296 Anvsnsns
1171 239 1514 336 necesss
1553 239 1679 295 un.
1725 242 1765 296 ι.
1801 191 2086 296 τοΜΪῖιι.
2133 241 2245 296 ιιΑε

1171 239 1514 336 ΗιΕΒΕδίΞΞ
1553 239 1679 295 LIB.
1725 242 1765 296 Ι.
1801 191 2086 296 TOMf‘l’ll.
2133 241 2406 298 IMZRES.
2441 243 2623 300 XLVI.

3260 251 3366 308 8ίῖ

58 357 231 412 κατὰ
257 358 508 431 διαδοχὴν
536 358 912 429 γεννωμένων.
933 359 1001 410 At
1028 349 1139 430 γὰρ
1170 353 1328 412 οὖσαι
1355 358 1539 411 πολλαὶ

1884 374 1895 412 ι
1930 374 2051 429 quae
2090 361 2447 417 successione
2491 368 2843 432 generantur.
2890 361 3055 418 Plura
3094 364 3365 436 siquidem

64 450 186 520 μία
238 453 305 504 ἐκ
354 451 453 520 τῆς
499 451 630 521 μιᾶς
676 450 1042 522 ὑπάρχουσαι,
1075 452 1140 503 ὲκ
1172 451 1271 521 τῆς
1318 448 1486 520 οὔσης
1541 451 1671 521 μιᾶς

61 542 271 606 αἰτίας
296 542 402 596 τῶν
428 541 618 594 παθῶν
647 543 662 572 ¹
693 542 1086 612 εὑρεθήσονται
1109 560 1122 574 ·
1151 543 1244 595 καὶ
1269 541 1452 594 οὐκέτι
1480 541 1672 595 πολλαὶ

60 635 276 704 ἀρχαὶ,
317 634 498 705 ἀλλ’ἢ
563 635 662 705 μία
711 636 744 704 ή
798 633 1004 688 τούτων
1047 633 1198 688 αἰτία
1241 637 1522 704 γεγονυῖα·
1575 634 1670 688 καὶ

63 727 456 798 ἀναχθήσεται
521 728 700 781 πάντα
743 729 822 790 είς
872 727 971 797 τὴν
1013 727 1141 798 μίαν
1188 727 1521 799 μοναρχίαν·
1576 726 1670 780 καὶ

61 821 339 874 διέπεσεν
371 823 404 891 ἡ
447 820 542 873 τοῦ
574 819 821 873 τοιούτου
853 817 1225 887 πιθανολογία,
1261 819 1357 872 καὶ
1397 819 1496 871 οὑκ
1539 816 1671 887 ἀλή-

64 912 229 978 θεια,
271 912 396 966 οὔτε
418 912 516 984 τὴν
559 911 943 982 πιθανολογίαν
972 911 1248 982 δυναμένη
1283 911 1444 982 ἔχειν,
1473 909 1670 981 Μωρὸν

63 1003 195 1076 γὰρ
242 1005 305 1057 τὸ
336 1004 454 1058 ὂλον
504 1006 784 1076 κήρυγμα.
825 1005 934 1058 Καὶ
965 1006 1014 1057 εἰ
1056 1007 1084 1058 ὁ
1109 1004 1282 1074 Ἀδὰμ
1317 1005 1378 1056 οὑ
1417 1001 1670 1068 σώζεται,

63 1094 139 1146 τὸ
177 1096 442 1167 φύραμα,
493 1097 615 1150 οὑδέ
665 1115 718 1150 τι
764 1095 860 1150 τοῦ
911 1095 1232 1166 φυράματος
1277 1090 1507 1160 σώζεται
1530 1096 1570 1148 ⁸.
1610 1096 1672 1150 Et

67 1188 196 1260 γὰρ
228 1190 261 1242 ό
293 1190 716 1260 πρωτόπλαστος
749 1189 845 1242 καὶ
887 1189 946 1255 ἐξ
987 1189 1209 1242 ἀθίκτου
1243 1190 1346 1258 γῆς
1382 1187 1673 1258 γενόμενος

70 1281 370 1352 σωτηρίας
403 1281 464 1334 οὑ
494 1281 730 1352 μεθέξει,
763 1280 882 1344 πῶς
909 1280 982 1334 τὰ
1019 1281 1079 1345 ἐξ
1105 1280 1271 1333 αὑτοῦ
1301 1281 1674 1352 γεγεννημένα

75 1374 310 1446 μεθέξει
337 1374 636 1445 σωτηρίας;

1776 453 1900 517 illa,
1935 461 1990 508 et
2033 469 2240 518 unum,
2290 453 2360 508 ab
2395 468 2504 508 uno
2551 453 2828 524 profecta,
2877 457 2947 511 ab
2987 472 3094 512 una
3121 462 3368 516 omnium

1777 559 1975 611 causa,
2026 560 2284 600 manasse
2329 546 2694 615 reperiemus.
2743 543 2822 601 Ita
2871 562 2980 602 non
3039 548 3155 618 jam
3195 553 3368 608 multa

1775 635 2078 706 principia,
2112 635 2208 692 sed
2236 652 2402 690 unum
2437 636 2564 700 erit,
2597 652 2626 690 a
2657 652 2765 708 quo
2792 645 2992 693 caatera‘
3021 639 3365 710 dependent,

1775 738 1830 784 et
1858 731 1926 784 ad
1957 731 2122 785 unius
2150 714 2439 800 imperium
2482 732 2738 788 universa
2777 732 3090 788 referentur
3125 754 3139 788 :
3174 736 3368 806 sicque

1778 822 1942 877 fallax
1988 837 2052 876 ac
2096 822 2287 877 fucosa
2334 823 2484 878 illius
2524 823 2703 878 oratio
2737 825 3023 891 concidet,
3062 827 3196 880 nihil
3245 829 3368 896 ipsa

1778 913 1996 982 quidem
2033 913 2285 969 veritatis
2318 913 2550 978 habens,
2589 930 2652 968 ac
2682 916 2764 970 vel
2797 916 2946 970 omni
2977 917 3368 986 probabilitate

1778 1004 2059 1060 destituta.
2100 1003 2279 1058 Stulta
2313 1007 2514 1075 quippe
2561 1015 2679 1060 tota
2715 1007 2832 1062 hmc
2864 1015 2948 1063 est
2979 1009 3188 1078 opinio.
3227 1008 3365 1063 Nam

1775 1099 1821 1152 si
1857 1098 2102 1153 Adamus
2140 1098 2374 1154 salutem
2428 1100 2655 1156 minime
2699 1110 2784 1156 est
2831 1102 3098 1172 adeptus,
3141 1101 3243 1158 hoc
3281 1111 3367 1158 est

1775 1191 1896 1260 ipsa
1935 1191 2340 1261 quodammodo
2367 1192 2584 1262 generis
2623 1207 2841 1258 massa;
2866 1191 2995 1248 'nec
3030 1195 3136 1247 ulla
3169 1209 3368 1249 massas

1776 1283 1943 1354 hujus
1991 1283 2259 1353 particula
2308 1285 2518 1339 servari
2570 1286 2791 1356 poterit.
2833 1285 2893 1340 Si
2933 1287 3078 1341 enim
3125 1287 3220 1358 qui
3253 1286 3369 1356 pri-

1774 1391 1900 1431 mus
1951 1377 2197 1431 omnium
2235 1375 2495 1431 conditus
2543 1384 2663 1438 est,
2714 1385 2769 1432 et
2814 1393 2882 1432 ex
2923 1377 3135 1446 integra
3183 1377 3364 1432 adhuc

69 1472 237 1520 terra
275 1464 570 1530 formatus,
601 1464 798 1518 salutis
837 1464 1062 1518 minime
1089 1470 1174 1518 est
1205 1463 1512 1534 particeps,
1545 1478 1668 1533 qure
1699 1465 1769 1520 ab
1796 1467 1988 1537 eodem
2030 1475 2151 1523 orta
2190 1473 2321 1522 sunt
2351 1482 2461 1538 quo
2509 1467 2728 1522 tandem
2767 1476 2929 1539 pacto
2985 1468 3215 1523 salutem
3270 1466 3366 1520 ob-

69 1556 376 1611 tinebunt?

153 1647 236 1698 1".
278 1645 434 1700 Κατὰ
460 1645 568 1718 γὰρ
605 1645 698 1700 δύο
722 1645 958 1718 τρόπους
995 1644 1351 1717 εὑρεθήσεται
1384 1645 1504 1698 καθ’
1538 1646 1668 1698 ἑαυσ-
1702 1651 1743 1704 Β

69 1737 180 1790 τοῦ
213 1737 422 1806 λέγων’
458 1738 655 1806 φάσκει
690 1736 799 1808 γὰρ
847 1737 934 1788 τὸν
967 1739 1142 1806 γάμον
1172 1732 1312 1788 εἷναι
1354 1736 1453 1789 οὑκ
1486 1738 1551 1788 ἐκ
1579 1733 1673 1788 τοῦ

72 1827 267 1894 Θεοῦ,
315 1827 452 1880 ἀλλὰ
498 1828 758 1898 πορνείας
790 1823 930 1880 εἶναι
974 1827 1137 1882 αὐτὸν
1196 1828 1290 1880 καὶ
1333 1826 1539 1898 μῦσος,
1582 1828 1676 1880 καὶ

72 1919 287 1974 ἑαυτὸν
319 1919 498 1989 γάμου
531 1920 868 1990 ὑπάρχοντα,
901 1918 996 1971 καὶ
1027 1920 1090 1970 ἐκ
1126 1919 1382 1986 γυναικὸς
1414 1935 1676 1988 γεγεννη⁴

79 2011 281 2082 μένον,
302 2012 396 2065 καὶ
415 2013 481 2064 ὲκ
510 2013 720 2082 σπορᾶς
743 2011 953 2083 ἀνδρῶν
975 2014 1196 2083 ἡγεῖται
1227 2010 1512 2076 σώζεσθαι.
1536 2013 1678 2083 Ἀρα

73 2100 183 2174 οὖν
215 2103 378 2158 πάλιν
419 2102 644 2158 ἀνέλυσε
685 2103 785 2174 τὴν
806 2103 972 2157 αὑτοῦ
1002 2103 1140 2156 κατὰ
1169 2102 1262 2157 τοῦ
1306 2104 1484 2173 γάμου
1513 2103 1679 2173 βλασ-

75 2196 328 2268 φημίαν.
357 2197 419 2249 Et
442 2195 548 2267 γὰρ
604 2188 760 2259 οὗτος
789 2197 854 2249 ἐκ
881 2195 1074 2266 γάμων
1105 2195 1365 2266 ὑπάρχων
1395 2196 1672 2267 σωτηρίαν

74 2286 227 2352 ἕξει,
255 2288 364 2358 ἄρα
403 2287 464 2340 οὑ
512 2286 787 2358 βδέλυγμα
814 2289 842 2339 ὁ
874 2287 1072 2357 γάμος,
1105 2288 1134 2338 ὁ
1173 2285 1380 2354 γεννῶν
1424 2288 1551 2348 τοὺς
1582 2288 1682 2357 τῆς

80 2379 374 2450 σωτηρίας
405 2378 754 2449 μετέχοντας,
785 2379 884 2450 οἵῳ
919 2379 963 2432 δ’
987 2378 1054 2432 ἂν
1089 2378 1234 2431 θέλοι
1263 2379 1449 2449 τρόπῳ
1476 2379 1678 2447 λέγειν.

81 2472 162 2524 Εἰ
195 2470 254 2522 δὲ
284 2470 512 2541 συσταίη
546 2472 666 2523 κατ’
695 2469 873 2523 αὐτῶν
898 2470 1074 2539 λόγος,
1105 2471 1228 2522 ’Ότι
1256 2470 1512 2542 ἁθέμιτός
1536 2473 1682 2524 ἐστιν

79 2564 115 2614 ὁ
158 2562 374 2634 γάμος·
424 2561 533 2632 ἄρα
582 2561 781 2631 μᾶλλον
809 2563 838 2615 ὁ
889 2561 1059 2631 Ἀδὰμ
1104 2561 1430 2633 σωθήσεται,
1466 2562 1539 2633 μὴ
1575 2563 1683 2617 ἀπὸ

81 2655 280 2725 γάμου
316 2653 668 2725 ὁρμώμενος,
705 2653 820 2708 ἀλλ’
871 2656 928 2709 ἐν
962 2655 1104 2725 χειρὶ
1152 2655 1366 2726 Πατρὺς
1413 2656 1506 2709 καὶ
1553 2655 1682 2708 Υἱοῦ

82 2749 196 2801 καὶ
227 2747 385 2815 ἁγίου
415 2746 731 2818 Πνεύματος
758 2746 1159 2819 πεπλασμένος,
1185 2747 1326 2800 κατὰ
1353 2748 1412 2800 τὸ
1441 2765 1686 2820 γεγραμ-

89 2838 268 2908 μένον
289 2839 310 2869 ³
343 2838 434 2892 ὑπ’
475 2839 640 2892 αὑτοῦ
670 2837 766 2891 τοῦ
804 2839 959 2906 ἁγίου
995 2838 1212 2908 Πατρὸς
1241 2838 1376 2910 πρὸς
1415 2839 1507 2892 τὸν
1535 2839 1681 2904 Υἱὸν,

83 2930 183 2982 ὅτι
222 2927 575 2998 Ποιήσωμεν
614 2928 930 2995 ἄνθρωπον
974 2929 1102 2981 κατ’
1151 2929 1356 2982 εἰκόνα
1392 2928 1686 3002 ἡμετέραν

1842 1638 1931 1691 Ill.
1971 1637 2337 1702 Quamobrem
2385 1636 2603 1692 duobus
2652 1636 2831 1692 modis
2876 1653 3060 1692 secum
3108 1640 3224 1710 ipse
3254 1657 3358 1712 pu-

1789 1737 1921 1800 gnat
1951 1745 1965 1781 :
1997 1726 2142 1796 quod
2175 1734 2230 1782 et
2264 1727 2485 1795 nuptias
2530 1727 2742 1780 auctori
2783 1726 2892 1780 Deo
2925 1728 3242 1786 tribuendas
3275 1747 3372 1787 nc-

1778 1827 1904 1888 gat,
1947 1834 2150 1886 easque
2194 1817 2459 1888 ﬂagitium
2511 1826 2566 1872 et
2614 1817 2942 1873 adulterium
2989 1822 3268 1889 nominat,
3320 1835 3375 1879 et

1778 1911 2018 1981 seipsum
2062 1908 2420 1962 nihilominus
2463 1923 2494 1964 e
2544 1908 2776 1963 muliere
2811 1919 3138 1979 prognatum
3202 1921 3368 1982 atque

1779 2020 1843 2058 ex
1884 2002 2030 2056 virili
2083 2009 2208 2054 satu
2266 2008 2615 2069 procreatum
2668 2001 2880 2055 servari
2915 2017 3080 2072 posse
3123 2003 3371 2059 conﬁdit.

1778 2095 1898 2161 Qua
1932 2093 2152 2165 quidem
2185 2096 2398 2148 ratione
2437 2093 2674 2163 priorem
2714 2094 2866 2147 illam
2891 2133 2906 2156 ,
2957 2110 3124 2164 quam
3166 2097 3376 2167 nuptiis

1781 2189 2140 2256 imposuerat,
2178 2185 2567 2240 contumeliam
2597 2185 2842 2240 rescidit.
2877 2184 2934 2240 Si
2969 2187 3114 2241 enim
3143 2186 3236 2241 ille
3261 2187 3376 2256 ipse

1783 2282 2055 2351 originem
2105 2278 2329 2332 trahens
2374 2292 2404 2330 a
2446 2277 2655 2347 nuptiis
2713 2276 2946 2331 salutem
2994 2277 3373 2348 consequitur,

1783 2388 1894 2430 non
1922 2372 2090 2442 igitur
2133 2366 2471 2424 detestandae
2510 2374 2641 2423 sunt
2690 2367 2927 2438 neptim,
2982 2383 3106 2437 qum
3153 2383 3250 2423 eos
3296 2368 3377 2438 gi-

1780 2474 1987 2535 gnant,
2028 2463 2227 2533 quibus
2282 2460 2432 2514 salus
2489 2459 2780 2513 tribuenda
2827 2460 2934 2523 sit,
2989 2475 3378 2531 quamcunque

1783 2565 1992 2627 partem
2012 2555 2230 2625 eligant.
2246 2553 2402 2619 Quod
2427 2553 2469 2607 si
2486 2567 2612 2607 vera
2632 2552 2703 2606 sit
2720 2551 3039 2607 eorumdem
3057 2554 3332 2609 sententia
3351 2594 3368 2618 ,

1784 2652 1858 2709 Ut
1880 2651 2086 2706 illicitae
2111 2651 2222 2706 sint
2244 2651 2450 2718 nuptiae
2475 2666 2489 2715 ;
2515 2655 2664 2703 tanto
2702 2648 2876 2718 magis
2897 2649 3168 2704 Adamum
3196 2650 3376 2720 ipsum
3419 2714 3422 2718 ι

1786 2760 1883 2814 par
1913 2752 1998 2800 est
2037 2743 2234 2798 salutis
2263 2751 2571 2811 compotem
2600 2741 2738 2805 ﬁeri,
2774 2741 2869 2811 qui
2908 2743 3076 2798 nullis
3107 2758 3378 2816 prepaga-
3417 2721 3424 2734 ’

1786 2844 1874 2892 tus
1908 2835 2156 2906 nuptiis,
2237 2833 2417 2888 Patris
2472 2847 2534 2886 ac
2573 2831 2734 2897 Filii,
2787 2840 2842 2887 et
2901 2832 3142 2904 Spiritus
3192 2834 3374 2890 sancti

1788 2945 1954 2982 manu
1998 2935 2084 2983 est
2136 2925 2347 2981 edictus
2381 2944 2391 2977 :
2429 2924 2892 2994 quemadmodum
2953 2924 3238 2996 Scriptura
3289 2933 3374 2982 te-

83 3022 198 3075 καὶ
229 3023 357 3077 καθ’
407 3021 710 3091 ὁμοίωσιν.
739 3020 863 3084 Πῶς
909 3021 966 3073 δὲ
1016 3022 1077 3072 οὑ
1113 3018 1345 3084 σώζεται
1373 3023 1400 3073 ὁ
1433 3020 1556 3072 ’Λδὰ

1891 3037 1990 3084 .ur,
2016 3035 2142 3074 cum
2185 3021 2258 3072 ita
2296 3017 2456 3072 Pater
2502 3014 2700 3070 Filium
2741 3016 3028 3086 alloquens
3068 3019 3372 3074 introduci-

85 3110 255 3182 παρὰ
307 3111 390 3164 σοὶ
450 3111 920 3184 ἀπελπιζόμενος,
977 3113 1139 3166 ὁπότε
1190 3112 1352 3175 αὐτὸς
1401 3114 1430 3165 ὁ
1480 3110 1684 3181 Κύριος

87 3204 262 3276 ἡμῶν
281 3205 488 3276 Ἰησοῦς
519 3205 778 3277 Χριστὸς,
809 3203 976 3258 ἐλθὼν
1005 3203 1188 3267 είςτὸν
1215 3204 1441 3274 κόσμον,
1460 3203 1682 3274 νεκροὺς,

89 3300 245 3373 μετὰ
278 3299 378 3372 τὴν
419 3299 675 3371 τελευτὴν
706 3299 912 3370 ἐγείρει
947 3301 1005 3353 ὲν
1042 3297 1190 3368 αὑτῷ
1231 3296 1309 3367 τῷ
1345 3295 1579 3366 σώματι,
1611 3294 1685 3356 ὡς

84 3392 190 3445 τὸν
219 3388 493 3462 Λάζαρον,
533 3391 626 3444 καὶ
653 3390 766 3442 υἱὸν
799 3389 898 3460 τῆς
926 3390 1120 3460 χήρας,
1156 3386 1251 3440 καὶ
1277 3385 1376 3456 τὴν
1412 3385 1686 3455 θυγατέρα

84 3480 190 3534 τοῦ
210 3479 686 3551 Ἀρχισυναγώγου
713 3498 727 3546 ;
752 3481 864 3533 Καὶ
890 3481 937 3533 εί
959 3477 1121 3540 αὐτὸς
1147 3479 1247 3530 οὑκ
1265 3473 1334 3548 ἦν
1363 3477 1390 3529 ὁ
1410 3475 1500 3531 τὸν
1517 3475 1640 3528 Ἀδὰ
1649 3492 1688 3544 μ

89 3570 318 3632 πλάσας
364 3569 426 3621 ἐκ
473 3569 597 3639 χοὸς
643 3570 737 3621 ἀπ’
793 3567 1009 3638 ἀρχῆς,
1071 3567 1188 3629 πῶς
1237 3565 1446 3628 πτύσας
1515 3565 1688 3634 χαμαὶ

89 3662 330 3731 ἐποίησε
372 3662 563 3732 πηλὸν,
601 3662 694 3714 καὶ
720 3659 944 3713 ἐπέθετο
965 3660 1059 3712 ἐπὶ
1089 3659 1215 3722 τοὺς
1255 3656 1563 3727 ὀφθαλμοὺς
1592 3654 1686 3709 τοῦ

89 3749 310 3820 τυφλοῦ
341 3750 432 3804 τοῦ
467 3752 530 3802 ὲκ
562 3751 808 3822 γενετῆς,
833 3749 931 3803 καὶ
960 3749 1217 3820 ἐποίησεν
1241 3747 1403 3800 αὑτὸν
1436 3746 1685 3817 βλέπειν;

93 3849 223 3900 Ἵνα
261 3845 407 3916 δείξῃ
445 3846 635 3898 ἑαυτὸν
662 3844 758 3915 μὲν
791 3839 930 3897 εἶναι
954 3843 1046 3896 τὸν
1071 3842 1322 3912 Πλάστην
1352 3843 1448 3894 σὺν
1475 3839 1552 3910 τῷ
1578 3827 1696 3892 Παέ

91 3943 193 4013 τρὶ
217 3941 317 3994 καὶ
341 3938 424 4009 τῷ
451 3939 590 4009 ἁγίῳ
616 3936 916 4005 Πνεύματι,
948 3935 1045 3989 καὶ
1077 3933 1138 3986 τὸ
1175 3932 1390 3995 ἐλλιπὲς
1425 3931 1587 4002 μέρος
1631 3930 1688 3981 ὲν

93 4031 180 4102 τῷ
205 4031 316 4084 ἀπὸ
360 4031 583 4100 γενετῆς
609 4027 992 4098 γεγεννημένῳ
1032 4024 1218 4098 τυφλῷ
1247 4024 1336 4076 διὰ
1374 4022 1466 4076 τοῦ
1515 4021 1687 4092 πηλοῦ

97 4123 421 4196 προστιθεὶς
455 4120 530 4190 τῷ
555 4120 794 4172 λείποντι
824 4117 999 4188 terter
1057 4115 1392 4187 διορθώσεως
1425 4114 1533 4185 γὰρ
1571 4113 1689 4164 ἓνε-

97 4235 198 4270 κεν
238 4214 332 4268 τοῦ
379 4213 657 4275 λείποντος
690 4211 888 4280 μέρους
923 4207 1170 4278 φαίνεται
1208 4205 1366 4259 τοῦτο
1398 4205 1690 4274 πεποιηκέ-

1784 3121 1877 3168 tur
1913 3132 1927 3168 :
1961 3112 2250 3166 Faciamus
2276 3110 2536 3163 hominem
2558 3107 2625 3161 ad
2659 3109 2940 3178 imaginem
2978 3118 3028 3164 et
3056 3110 3373 3180 similitudi-

1788 3221 1905 3258 nem
1933 3213 2170 3257 nostram
2204 3202 2245 3254 ⁸.
2271 3200 2374 3267 Qui
2412 3214 2576 3270 porro
2605 3199 2864 3254 convenit
2889 3198 3183 3266 Apdamum,
3207 3216 3374 3271 quem

1786 3295 1948 3365 393
1975 3309 2072 3364 pro
2090 3293 2379 3361 desperato
2393 3291 2584 3354 habes,
2603 3305 2632 3344 a
2647 3289 2822 3346 salute
2839 3291 3076 3348 alienum
3092 3307 3234 3358 esse,
3251 3308 3378 3348 cum

1786 3376 2052 3440 Dominus
2068 3384 2183 3454 ipse
2197 3392 2384 3437 noster
2399 3379 2556 3438 Jesus
2581 3381 2855 3450 Christus,
2875 3383 2929 3436 in
2949 3383 3094 3440 hunc
3113 3383 3379 3439 mundum

1787 3476 2041 3540 veniens,
2087 3475 2197 3528 vita
2246 3473 2362 3543 jam
2397 3472 2686 3528 defunctos
2710 3471 2958 3528 homines
2995 3487 3226 3542 corpore
3255 3474 3377 3544 ipso

1789 3567 2070 3622 suscitarit
2096 3605 2111 3629 ,
2169 3565 2246 3618 uti
2291 3563 2560 3618 Lazarum
2592 3564 2648 3628 °,
2709 3577 2774 3617 ac
2829 3562 3003 3617 viduae
3033 3562 3204 3619 ﬁlium
3233 3564 3277 3630 ⁷,
3318 3572 3374 3619 et

1792 3657 2086 3728 Synagogae
2116 3655 2376 3726 principis
2409 3655 2573 3708 ﬁliam
2606 3654 2665 3707 8?
2693 3652 2828 3706 Nam
2861 3655 2908 3708 si
2941 3653 2988 3709 is
3027 3668 3375 3725 nequaquam

1788 3749 2056 3804 Adamum
2088 3749 2244 3803 initio
2289 3749 2357 3802 de
2388 3756 2534 3802 terra
2569 3745 2893 3812 formasset,
2933 3761 3033 3800 cur
3057 3744 3113 3799 in
3153 3744 3380 3800 humum

1790 3843 2061 3910 despuens
2096 3839 2271 3892 lutum
2318 3839 2562 3901 faceret,
2597 3836 2826 3905 ejusque
2875 3835 2967 3904 qui
3003 3849 3180 3889 ctecus
3218 3846 3380 3890 natus

1790 3921 1967 3987 fuerat
2017 3931 2194 3986 oculis
2250 3930 2523 3994 illineret,
2579 3928 2743 3996 eique
2796 3927 2976 3982 visum
3038 3927 3381 3981 redderet’?

1791 4021 1910 4087 Quo
1945 4019 2116 4085 facto,
2160 4019 2514 4074 Conditorem
2563 4032 2622 4072 se
2644 4031 2766 4071 esse
2810 4030 2934 4068 cum
2965 4012 3127 4068 Patre
3155 4029 3219 4068 ac
3262 4013 3382 4085 Spi-

1791 4111 1898 4166 ritu
1929 4101 2120 4165 sancto
2148 4108 2439 4162 manifeste
2469 4104 2788 4166 declaravit,
2815 4117 2937 4156 cum
2967 4110 3175 4171 partem
3205 4101 3375 4166 illam,

1793 4216 1912 4272 qua:
1948 4215 2093 4255 caeco
2131 4206 2262 4252 nato
2295 4198 2484 4252 deerat
2505 4239 2517 4262 ,
2546 4210 2772 4264 asperso
2804 4195 2939 4259 luto,
2976 4180 3225 4247 mutilato
3250 4206 3377 4244 cor-

95 4328 216 4362 ναι.
250 4308 313 4360 ΕΞ
341 4307 397 4360 δὲ
423 4306 584 4360 πάλιν
619 4304 779 4366 αὑτός
803 4304 950 4354 ἐστιν
976 4303 1004 4354 ὁ
1030 4299 1233 4370 Κύριος
1264 4297 1434 4367 Ἀδὰμ
1459 4295 1576 4350 πλάι

1897 4293 1943 4347 is
2001 4291 2244 4345 membro
2300 4289 2575 4354 restituit;
2627 4295 2685 4340 ut
2729 4286 2872 4340 enim
2932 4299 3184 4338 mancum
3227 4283 3375 4337 istud

1937 4386 1950 4396 π
2258 4383 2268 4393 ο
2406 4391 2417 4396 -
2497 4381 2508 4396 I
2549 4394 2592 4396 ,_
2643 4395 2648 4396 ,
2702 4378 2804 4396 ',_A
2842 4377 2887 4396 ης
2914 4375 3053 4396 1-..-..
3104 4373 3212 4396 1---“
3247 4389 3372 4396 --Α-Α

97 4403 204 4456 καὶ
231 4399 394 4452 αὑτὸν
415 4399 506 4450 τὸν
531 4395 952 4468 πρωτόπλοιστον
975 4390 1250 4452 ἀπολλύει,
1269 4391 1393 4451 τοὺς
1413 4388 1467 4440 δὲ
1494 4387 1687 4460 άλλους

99 4494 298 4560 σώζει,
324 4489 368 4546 ὦ
395 4491 561 4561 πολλή
599 4507 690 4543 σου
728 4483 1191 4559 ματαιοφροσύνη,
1229 4480 1492 4535 Τατιανέί
1533 4479 1686 4532 Ἀδυ-

98 4587 312 4658 ναμίαν
342 4583 452 4655 γὰρ
477 4583 554 4654 τῷ
579 4581 770 4652 Κυρίῳ
799 4577 940 4633 κατὰ
972 4577 1199 4645 δύναμιν
1231 4573 1586 4644 προσάπτεις,
1610 4571 1687 4642 τῷ

98 4679 392 4750 δυναμένῳ
427 4677 517 4730 τὸν
549 4673 975 4747 πρωτόπλαστον
1017 4667 1205 4733 αὑτοῦ,
1243 4665 1329 4720 διὰ
1351 4665 1481 4736 μίαν
1510 4681 1689 4735 παρα-

101 4775 244 4844 κοὴν
285 4767 685 4840 ἐκεεϐλημένον
718 4764 812 4817 τοῦ
842 4761 1198 4834 παραδείσου,
1228 4760 1323 4813 καὶ
1350 4757 1597 4819 παιδείας
1627 4755 1688 4807 οὑ

101 4867 208 4936 τῆς
266 4861 534 4932 τυχούσης
571 4857 942 4930 μετασχόντα,
979 4856 1038 4907 ἐν
1099 4851 1281 4924 ἱδρῶτι
1317 4852 1411 4903 καὶ
1461 4848 1692 4920 καμάτῳ

100 4950 553 5017 ὁιατετελεκότα,
590 4948 685 5002 καὶ⁹
720 4946 1009 5000 κατέναντι
1052 4941 1142 4994 τοῦ
1191 4940 1520 5011 παραδείσου
1561 4955 1691 4991 κατ-

101 5045 390 5119 ῳκηκότα,
418 5043 565 5104 ὃπως
607 5036 934 5111 μνημονεύοι
973 5035 1070 5105 τῆς
1115 5034 1324 5102 ἀγαθῆς
1370 5031 1456 5083 διὰ
1488 5031 1585 5101 τῆς
1618 5029 1697 5091 εἰς

109 5140 338 5211 μνήμην
399 5133 686 5206 μετανοίας
738 5131 966 5194 σώζειν
1026 5127 1057 5196 ἢ
1111 5125 1392 5196 δυναμένῳ
1433 5123 1561 5193 μὲν,
1621 5120 1695 5192 μὴ

104 5228 357 5284 ἐλεοῧντι
391 5225 470 5278 δέ.
507 5224 582 5276 Δι’
611 5223 676 5292 ἣν
709 5221 803 5274 τοῦ
833 5218 928 5272 νῦν
957 5217 1135 5271 αἰτίαν
1159 5216 1180 5248 ⁸
1211 5217 1339 5286 ἄχρι
1379 5214 1484 5266 τῶν
1529 5229 1696 5266 κατα-

107 5321 346 5394 χθονίων
379 5317 612 5388 Χριστὸς
642 5311 906 5382 κατῆλθε;
941 5310 1061 5362 Τίνι
1091 5306 1169 5377 τῷ
1199 5307 1344 5376 λόγῳ
1372 5305 1432 5356 τὸ
1461 5303 1692 5374 τριήμε-

112 5434 210 5489 ρον
244 5409 531 5482 κοιμηθεὶς
561 5403 849 5467 πεπονθὼς
882 5401 1080 5470 ἀνέστη
1106 5399 1266 5466 ;Πῶς
1293 5398 1346 5450 δὲ
1371 5395 1692 5466 πληροῦται,

186 5573 202 5604 ί
227 5567 292 5624 F.
322 5568 560 5623 πάντων.

107 5643 237 5702 τίνα
261 5641 319 5694 δὲ
348 5639 547 5692 αἰτίαν.

521 5737 792 5795 ΡΑτιιοιι.
835 5728 954 5790 Gn.
988 5726 1150 5788 XLI.
1203 5753 1218 5767 -

672 5565 692 5596 ι
728 5562 888 5617 Deest
927 5558 1229 5628 repetitum
1273 5557 1335 5609 οὑ
1390 5550 1638 5628 σώζεται,
1664 5550 1750 5628 vel
1777 5551 1880 5620 leg.
1909 5547 1970 5601 οὑ
2107 5545 2153 5600 τέ

1056 5558 1213 5612 titum
1273 5557 1335 5609 οὑ
1390 5550 1638 5618 σώζεται,
1664 5550 1750 5628 vel
1777 5551 1880 5620 leg.
1909 5547 1970 5601 οὑ
2107 5543 2534 5628 τὸηιρυράμοιτοςἲ

695 5613 876 5687 ’δεῇ
906 5613 945 5695 ι,
987 5613 1076 5682 ἐϋ.
1157 5630 1177 5658 ⁸
1202 5626 1359 5682 Joan.
1394 5613 1584 5692 κιίίό.
1628 5613 1681 5654 ’⁷
1714 5613 1972 5685 Ιλιιοῖνη,
2001 5619 2087 5672 14.
2169 5619 2176 5649 ³

1157 5630 1177 5658 ⁸
1202 5626 1359 5682 Joan.
1394 5613 1584 5692 κιίίό.
1628 5613 1635 5618 ’
1663 5624 1681 5654 ⁷
1714 5613 1972 5685 Ιλιιοῖνιι,
2001 5619 2087 5672 14.
2169 5613 2397 5672 διιξιινο.
2428 5633 2481 5681 v,
2518 5613 2603 5691 4L

1791 4386 2095 4440 membrum
2125 4383 2424 4448 corrigeret
2450 4422 2464 4445 ,
2497 4381 2601 4433 hoc
2632 4378 2811 4448 egisse
2841 4375 3074 4430 videtur.
3098 4373 3214 4428 Jam
3247 4389 3377 4428 vero

1791 4475 1836 4531 si
1874 4474 2142 4527 Adamum
2189 4471 2453 4525 Dominus
2502 4471 2618 4539 ipse
2662 4465 2984 4532 fabricavit,
3033 4480 3095 4518 ac
3139 4465 3376 4534 primum

1791 4564 1924 4618 illud
1971 4576 2130 4618 suum
2167 4576 2307 4630 opus
2340 4559 2698 4614 nihilominus
2737 4556 3100 4620 exterminat,
3131 4555 3261 4608 dum
3294 4569 3376 4608 re-

1789 4659 1971 4730 liquos
1998 4655 2215 4710 interim
2250 4660 2464 4721 servat;
2496 4659 2700 4722 quanta
2730 4651 2868 4712 haec,
2900 4647 3130 4703 Taliane
3157 4687 3172 4711 ,
3205 4647 3382 4702 stulti-

1795 4751 1867 4804 tia
1900 4756 1982 4805 est
2006 4749 2020 4802 !
2049 4747 2485 4801 lmbecillitatem
2513 4744 2658 4799 enim
2680 4742 2913 4796 Domino
2940 4750 3202 4809 quantum
3234 4739 3288 4792 in
3319 4745 3379 4793 te

1801 4850 1885 4898 est
1914 4839 2158 4911 allingis;
2185 4839 2278 4908 qui
2319 4853 2442 4891 cum
2494 4835 2772 4889 hominem
2793 4874 2807 4897 ,
2836 4847 2997 4902 quem
3033 4839 3159 4886 ante
3189 4846 3380 4886 omnes

1798 4935 2114 4995 eﬂinxerat,
2150 4932 2220 4986 ob
2255 4930 2477 4984 unicum
2494 4927 2681 4982 violati
2721 4925 2964 4981 mandati
2996 4924 3203 4978 crimen
3231 4939 3262 4978 e
3292 4938 3381 4992 pa-

1801 5026 1985 5081 radiso
2037 5023 2358 5094 depulsum,
2421 5034 2520 5073 nec
2576 5015 2839 5070 mediocri
2905 5013 3383 5067 animadversione

1802 5119 2163 5187 castigatum,
2201 5121 2260 5168 ut
2305 5117 2518 5166 aetatem
2569 5121 2724 5162 suam
2763 5115 3025 5178 perpetuo
3069 5103 3270 5157 sudore
3318 5118 3381 5156 ac

1801 5209 1991 5264 labore
2035 5205 2406 5272 transigeret,
2449 5209 2613 5268 atque
2642 5213 2672 5253 e
2702 5196 2942 5267 paradisi
2975 5194 3196 5263 regione
3222 5193 3383 5261 dege-

1800 5308 1912 5364 ret,
1954 5314 2064 5370 quo
2094 5313 2159 5353 ex
2190 5295 2364 5349 felicis
2391 5291 2652 5347 domicilii
2683 5287 3064 5345 recordatione
3091 5287 3382 5340 vehemen-

1800 5399 1884 5447 ter
1905 5407 2031 5446 eum
2085 5387 2404 5460 paeniteret;
2435 5383 2602 5451 hunc,
2636 5383 2882 5454 inquam,
2911 5394 3130 5436 servare
3147 5378 3378 5431 minime

2653 5541 2673 5572 ³
2693 5539 2753 5595 F.
2783 5538 3089 5611 εἰρημένον.
3169 5534 3189 5565 ⁸
3210 5529 3272 5588 F.
3294 5527 3384 5586 διὰ

2681 5615 2700 5645 ⁹
2730 5608 3002 5670 ,Ιοιιίιᾙιῃ
3044 5608 3064 5659 1
3097 5621 3217 5675 sqq.

3042 5700 3121 5760 27
