3846 6284
446 257 549 312 8ἕὸ
1868 250 1925 307 S.

2189 249 2317 306 ΔΝΙΙ
3620 255 3708 311 εει

445 372 707 444 potuerit,
758 382 849 425 aut
898 379 955 423 ut
994 366 1709 440 potncrit,misericordiam
1745 367 1794 423 ei
1830 368 1964 422 nulla

2189 370 2267 421 να
2292 366 2391 420 καί
2436 365 2666 434 νεκρῶν
2703 368 2801 422 καί
2842 366 3072 428 ζώντων
3104 368 3435 436 κυριεύσῃ;
3468 366 3639 423 Ποίων
3661 369 3708 421 δὲ

445 466 773 520 adhibuerit.
818 464 961 530 Quid
1008 465 1152 517 enim
1189 477 1370 516 causzc
1405 461 1506 515 fuit
1545 477 1645 516 cur
1680 461 1934 515 Christus

2191 459 2360 513 ,ὅντων
2392 460 2486 513 καὶ
2526 458 2757 533 νεκρῶν,
2784 459 2900 513 ἀλλ’
2930 460 2965 531 ἢ
3008 459 3118 513 τῶν
3148 458 3463 530 χρῃζόντων
3503 458 3597 529 τῆς
3626 459 3710 512 αὐ-

443 556 650 611 inrcrus
698 571 874 627 usque
929 553 1326 617 descenderet;
1383 560 1479 606 aut
1535 552 1718 606 triduo
1787 552 1962 621 sepult

2190 550 2234 604 ιῦ
2261 550 2376 605 ἄνω
2410 551 2507 605 καὶ
2538 551 2690 628 κάτω
2716 552 3071 622 ἐπικουρίαςς
3104 551 3229 615 Πῶς
3260 552 3318 604 δὲ
3344 550 3499 605 ἔσται
3524 553 3591 603 τὰ
3613 552 3709 605 ἀπὸ

446 657 569 719 post
634 649 949 718 passionem
998 646 1356 716 resurgeret?
1386 642 1489 710 Qui
1528 659 1692 714 porro
1742 643 1888 699 istud
1925 644 1965 697 it

2184 645 2465 716 υράματος
2492 643 2644 714 ἅγια,
2671 645 2719 697 εἰ
2744 644 2877 697 αὐτὸ
2911 644 2974 697 τὸ
2998 643 3226 715 φύραμα
3246 645 3345 697 οὐκ
3369 643 3518 697 ἐστιν
3547 645 3703 713 ἅγιον,

446 739 621 808 plctur
657 757 670 793 :
709 736 773 792 dt
817 738 1038 791 mortuis
1076 738 1303 806 vivisque
1346 735 1642 788 dominetur
1685 734 1741 788 ‘?
1770 732 1871 800 Qui
1905 749 1965 789 su

2185 754 2216 800 ις
2250 736 2344 789 καὶ
2376 754 2451 789 πα
2462 736 2528 807 ρὰ
2555 734 2631 805 τῷ
2656 735 2796 806 ἁγίῳ
2812 735 3121 807 Ἀποστόλῳ
3147 736 3449 807 ἐμφέρεται
3476 752 3491 801 ;
3523 735 3704 789 mimi

444 832 553 885 vivi
586 831 661 885 illi
694 831 1030 900 mortuique,
1063 828 1167 883 nisi
1191 827 1281 898 qui
1314 835 1425 881 tam
1475 825 1617 880 infra
1653 840 1817 896 quam
1866 840 1963 895 sup

2185 828 2252 900 ὰρ
2290 828 2386 882 καὶ
2415 828 2545 899 περὶ
2578 826 2721 891 Εὔας
2754 829 2784 879 ό
2832 827 2995 891 αὐτὸς
3024 827 3341 892 ἀπόστολος,
3405 828 3489 881 ὅτι
3522 828 3704 893 Σωθή-

440 932 648 981 terram
679 940 781 995 0pc
808 925 954 978 illius
985 922 1343 993 indigebant?
1380 919 1621 977 Possunt
1655 935 1782 975 vero
1812 936 1959 991 quae

2188 937 2305 975 εται
2360 919 2459 973 διὰ
2515 917 2625 987 τῆς
2677 920 3093 989 τεκνογονίας,
3149 918 3257 974 ἐὰν
3315 920 3606 990 μείνωσιν
3648 919 3707 972 ἐν

444 1031 628 1071 massa
666 1016 757 1070 illa
791 1016 1046 1084 decerpta
1094 1020 1222 1067 sunt
1272 1027 1397 1067 esse
1450 1019 1639 1067 sancta
1665 1050 1679 1075 ,
1707 1011 1815 1067 nisi
1846 1026 1963 1065 mas

1357 1027 1397 1067 ;e
1450 1019 1639 1067 sancta
1665 1050 1679 1075 ,
1707 1011 1815 1067 nisi
1846 1025 2028 1065 massa
2135 1012 2334 1066 πίστει
2365 1011 2465 1065 καὶ
2497 1010 2876 1081 δικαιοσύνῃ.

443 1111 559 1181 ipsa
591 1111 663 1164 sit
693 1119 881 1166 sancta
906 1153 920 1173 ,
953 1117 1009 1162 ut
1037 1108 1179 1177 apud
1206 1116 1454 1162 sanctum
1490 1107 1815 1177 Apostolum
1846 1106 2115 1177 legimus?
2141 1105 2246 1173 Qui
2274 1106 2344 1163 de
2401 1105 2513 1163 Eva
2548 1107 2779 1178 loquens
2813 1125 2826 1162 :
2859 1104 3188 1171 Saluabitur,
3236 1105 3437 1175 inquit,
3479 1120 3571 1172 per
3594 1104 3711 1157 libe-

444 1221 626 1258 rorum
676 1202 1100 1274 generationem;
1132 1200 1176 1252 si
1205 1199 1260 1252 in
1292 1197 1397 1267 [ide
1426 1215 1488 1252 ac
1507 1199 1729 1268 justitia
1759 1198 2151 1268 permanserint
2178 1198 2216 1254 ’.

513 1294 603 1348 IV.
654 1292 945 1347 lnnumera
992 1297 1121 1345 sunt
1164 1305 1285 1361 quae
1332 1290 1400 1346 de
1457 1289 1651 1345 eodem
1703 1294 2029 1361 argumento

2202 1289 2275 1343 A'.
2319 1287 2431 1342 Καὶ
2464 1286 2635 1342 πολλά
2665 1286 2780 1341 ἐστι
2814 1286 2941 1359 περὶ
2979 1285 3180 1341 τούτων
3208 1285 3410 1354 λέγειν,
3442 1285 3520 1348 ὡς
3559 1286 3711 1337 παντὶ

440 1382 713 1451 disputari
777 1387 1010 1451 possunt
1060 1399 1073 1434 :
1120 1394 1187 1435 ex
1237 1379 1440 1450 quibus
1498 1379 1753 1450 prudenti
1805 1378 1959 1434 cuilil

2192 1379 2209 1432 ὃ
2238 1378 2451 1433 σύνεσιν
2479 1377 2803 1450 κεκτημένῳ
2830 1379 3130 1448 φανήσεται
3161 1378 3195 1448 ἡ
3237 1379 3530 1447 πρίχειρος
3562 1374 3711 1445 βλασ-

440 1479 723 1543 cmnperta
770 1486 896 1528 esse
926 1477 1107 1549 potest
1150 1469 1390 1537 Tatiani,
1427 1467 1898 1540 Tatianorumque
1947 1476 1959 1523 1

2193 1470 2331 1542 γμία,
2383 1471 2481 1525 καὶ
2521 1470 2870 1543 ἐσκοτωμένη
2927 1468 3138 1524 διάνοια
3187 1466 3591 1522 τοῦἽατιανοῦ
3626 1468 3712 1522 καὶ

440 1566 678 1621 nteraria
719 1564 1141 1635 blasphemaudi
1189 1564 1433 1627 licentia,
1469 1564 1747 1634 animique
1791 1560 1959 1617 caecit:

2193 1564 2239 1619 iv
2304 1563 2398 1617 ἀπ’
2461 1562 2627 1617 αὑτοῦ
2693 1561 2975 1619 Τατιανῶν
3032 1561 3403 1632 καλουμένων.
3455 1560 3594 1631 Περὶ
3644 1554 3712 1613 ὧν

441 1656 518 1711 De
547 1655 749 1727 quibus
770 1657 847 1710 ita
878 1656 1116 1711 breviter
1145 1654 1534 1720 disseruimus,
1568 1665 1631 1709 ut
1670 1656 1889 1710 illorum
1919 1670 1960 1707 Vl

2194 1656 2421 1729 ιντόμως
2450 1656 2834 1724 διεξελθόντες,
2867 1657 2937 1710 τὰ
2968 1658 3086 1710 κατ’
3131 1656 3329 1719 αὐτοὺς
3361 1652 3603 1725 βλαϐερὰ
3626 1653 3713 1705 καὶ

439 1754 503 1804 ut
542 1749 783 1803 culicum
832 1748 1015 1803 noxiis
1063 1748 1366 1813 morsibus,
1414 1749 1658 1803 adhibita
1701 1749 1770 1804 iis
1807 1749 1901 1818 qui
1939 1748 1954 1802 i

2197 1748 2421 1803 ονώπων
2463 1749 2619 1821 δίκην
2668 1749 2942 1821 δήγματα,
2999 1746 3178 1802 ἐλαίου
3236 1746 3438 1817 ἰκμάδα
3474 1743 3575 1815 τῆς
3625 1743 3716 1796 τοῦ

438 1841 659 1897 fuerant
700 1840 918 1896 Domini
966 1840 1242 1908 doctrina,
1288 1847 1554 1911 tanquam
1596 1838 1702 1894 olei
1747 1838 1957 1909 cujusd:

2199 1841 2350 1913 υρίου
2395 1840 2747 1904 διδασκαλίας
2794 1841 2908 1903 τοῖς
2956 1838 3302 1910 δεδηγμένοις
3344 1837 3450 1890 ὑπὸ
3477 1836 3587 1889 τῶν
3617 1835 3718 1887 Τα-

439 1934 606 1999 illitu,
660 1932 989 1988 medicinam
1034 1932 1365 1999 fecerimus,
1420 1931 1569 1987 illius
1618 1930 1851 1986 veritate
1873 1929 1958 2000 3£

2196 1934 2325 1989 ανοῦ
2375 1934 2550 2004 λόγων
2603 1933 2951 2005 ἐπιθέμενοι,
3006 1931 3277 2003 ἰασάμεθα
3336 1930 3425 1984 διὰ
3475 1931 3579 2001 τῆς
3630 1928 3714 1982 τοῦ

440 2042 505 2081 ac
557 2026 802 2097 potentia
859 2024 1026 2091 freti,
1079 2025 1174 2095 qui
1232 2024 1369 2079 dixit
1407 2044 1419 2079 :
1461 2021 1588 2077 Non
1640 2022 1758 2077 veni
1810 2022 1915 2075 nisi

2199 2027 2345 2098 υρίου
2377 2026 2652 2097 ἀληθείας,
2690 2027 2786 2080 καὶ
2814 2026 3095 2098 δυνάμεως
3127 2023 3292 2078 αὐτοῦ
3336 2025 3615 2094 λέγοντος,
3641 2026 3718 2078 ὅτι

440 2136 559 2174 ove:
608 2134 725 2188 qua:
779 2118 1045 2187 perierant
1096 2118 1285 2172 domus
1343 2114 1586 2171 Israel’.
1642 2112 1800 2170 Unde
1862 2122 1916 2168 ct

2195 2119 2266 2172 ῠκ
2294 2114 2486 2188 ἦλθον
2517 2120 2567 2172 εἰ
2610 2117 2697 2186 μὴ
2745 2119 2833 2184 εἰς
2864 2116 2931 2171 τὸ
2962 2117 3261 2185 πρόϐατον
3306 2114 3375 2169 τὸ
3408 2118 3714 2181 πεπλανη-

440 2211 701 2282 parabola
757 2209 895 2266 dixit
935 2230 946 2264 :
990 2209 1164 2263 Homo
1208 2209 1424 2281 quidam
1475 2205 1745 2262 descendit
1789 2204 1854 2258 ab
1908 2203 1957 2257 11

2198 2210 2324 2265 ἕνον
2358 2210 2530 2265 οἴκου
2577 2210 2844 2279 Ἰσραήλ.
2880 2210 2972 2263 Διὸ
3003 2210 3098 2264 καὶ
3132 2210 3189 2262 ἐν
3230 2208 3567 2280 παραϐολαῖς
3612 2208 3717 2261 ἑλε-

440 2301 679 2356 rusalem
744 2302 799 2355 in
854 2299 1068 2355 Iericho
1121 2300 1179 2354 ⁴ι
1224 2314 1387 2368 quem
1459 2298 1515 2351 in
1582 2296 1824 2351 latrones
1892 2295 1959 2348 ἰιι‹

2197 2322 2250 2369 ,ν,
2314 2305 2397 2356 ὅτι
2432 2304 2777 2371 Ἄνθρωπός
2806 2320 2898 2369 τις
2943 2303 3292 2356 κατέϐαινεν
3326 2302 3447 2357 ἀπὸ
3502 2303 3716 2369 Ἰερου-

443 2393 595 2449 disse
637 2394 919 2456 narrabat,
972 2402 1029 2446 ut
1069 2401 1122 2447 et
1157 2405 1336 2456 ovem,
1384 2397 1441 2445 et
1488 2389 1767 2443 hominem
1818 2387 1914 2458 qui

2197 2393 2347 2464 ῑλὴμ
2382 2396 2470 2460 εἰς
2510 2380 2769 2463 Ἰεριχὼ’
2803 2394 2862 2448 ὃν
2904 2392 2969 2464 δὴ
3015 2394 3110 2447 καὶ
3142 2394 3368 2466 λῃσταῖς
3403 2396 3716 2463 περιπεσεῖν

444 2486 787 2542 llerusalcm
841 2485 898 2539 in
946 2482 1167 2539 Jcricbo
1217 2480 1601 2561 descenderat,
1652 2480 1805 2535 illum
1851 2481 1963 2550 ipse

2201 2487 2394 2557 ηγεῖτο,
2424 2485 2511 2539 ἴνα
2538 2483 2686 2557 δείξῃ
2724 2485 2784 2538 τὸ
2817 2484 3111 2557 πρόϐατον,
3146 2486 3241 2539 καὶ
3270 2485 3362 2539 τὸν
3387 2485 3498 2539 ἀπὸ
3530 2485 3720 2556 Ἱερουο

444 2579 669 2633 duceret
715 2591 859 2639 esse.
894 2576 987 2646 qui
1018 2574 1087 2631 ab
1135 2574 1389 2646 ampliori
1420 2573 1690 2644 dignitate
1732 2572 1963 2627 cecider:

2197 2578 2320 2650 ιλὴμ
2347 2578 2785 2651 καταϐεϐηκότα,
2820 2580 2911 2633 τὸν
2945 2578 3055 2632 ἀπὸ
3091 2579 3190 2651 τῆς
3216 2579 3374 2650 δόξης
3401 2580 3504 2651 τῆς
3533 2580 3716 2650 μείζο-

442 2679 498 2724 et
533 2671 603 2724 ab
635 2683 745 2724 uno
776 2668 1015 2740 pastoris
1039 2667 1125 2724 sui
1156 2666 1418 2722 mandato
1447 2664 1698 2719 divulsus
1727 2676 1961 2718 erraver:

2199 2687 2227 2734 ς
2276 2672 2359 2734 εἰς
2405 2670 2701 2725 ἐλάττωσιν
2739 2670 3152 2741 κατενεχθέντα,
3204 2671 3300 2724 καὶ
3344 2671 3437 2724 τὸν
3469 2671 3580 2724 ἀπὸ
3622 2673 3718 2740 τῆς

441 2759 523 2814 Ex
558 2774 667 2831 quo
703 2767 955 2815 sanctum
982 2756 1251 2811 Adamuzn
1285 2761 1571 2825 parentem
1600 2761 1856 2808 nostrum
1888 2753 1960 2807 iul

2202 2766 2267 2829 ἂς
2294 2765 2517 2836 ἐντολῆς
2547 2763 2644 2818 τοῦ
2695 2764 2824 2819 ἰδίου
2853 2765 3112 2834 ποιμένος
3152 2764 3578 2818 ἀποσπασθέντα
3624 2782 3717 2817 και

441 2854 598 2909 vivos
624 2862 1002 2937 numeramus,
1035 2856 1259 2921 propter
1292 2862 1451 2918 quem
1478 2854 1533 2902 et
1560 2862 1661 2901 nos
1688 2861 1880 2903 omnes
1910 2845 1957 2915 ej

2199 2856 2553 2927 ιπλανημένον
2573 2872 2588 2885 ·
2635 2855 2757 2909 ὅθεν
2793 2857 2887 2909 καὶ
2932 2855 3025 2909 τὸν
3076 2855 3230 2923 ἆγιον
3271 2855 3443 2926 Ἀδὰμ
3491 2855 3583 2909 τὸν
3614 2873 3718 2908 πα-

441 2954 697 3017 postcros
744 2943 1000 2999 Christus
1049 2942 1290 3005 advenit,
1328 2948 1387 2994 ut
1427 2940 1495 2995 iis
1540 2940 1635 3011 qui
1677 2940 1857 3009 ipsum
1897 2938 1960 2993 οι]

2202 2963 2267 3017 ρα
2296 2946 2354 2999 ἐν
2404 2946 2539 3010 ζῶσι
2571 2946 3052 3017 πεπιστεύκαμεν·
3103 2945 3174 2999 δι’
3221 2945 3281 2999 ὃν
3310 2948 3401 3001 καὶ
3449 2948 3578 3009 τοὺς
3625 2948 3716 3001 ἀπ’

441 3044 837 3109 cognoverant,
875 3050 976 3091 nec
1007 3049 1036 3088 a
1066 3034 1353 3089 divinitate
1384 3033 1506 3102 ejus
1536 3033 1948 3097 aberraverant,

2199 3037 2303 3092 i106
2336 3039 2484 3109 ἡμᾶς
2533 3038 2742 3103 πάντας
2782 3039 3018 3110 Χριστὸς
3065 3034 3217 3110 ἦλθε,
3257 3041 3372 3102 τοῖς
3424 3038 3527 3108 μὲν
3554 3039 3718 3093 πάλαι

441 3130 516 3187 ob
548 3128 812 3183 nonnulla
843 3126 1045 3182 delicta
1074 3140 1173 3182 sua
1206 3125 1349 3196 apud
1382 3124 1588 3180 inferos
1620 3124 1959 3179 detinebantt

2200 3131 2303 3184 ιτδν
2332 3129 2681 3199 γινώσκουσι,
2723 3132 2817 3185 καὶ
2862 3131 2937 3203 μὴ
2968 3132 3323 3203 πλανηθεῖσιν
3349 3132 3459 3186 ἀπὸ
3494 3134 3594 3204 τῆς
3624 3136 3719 3187 αὐ-

441 3222 773 3293 injuriarum
822 3217 1158 3273 oblivionem
1191 3216 1535 3279 concederet,
1572 3230 1805 3286 eamque
1832 3224 1885 3271 et
1936 3230 1960 3270 a

2203 3222 2232 3277 ὖ
2252 3223 2524 3295 θεότητος,
2560 3223 2747 3279 ἕνεκεν
2779 3225 2837 3279 δέ
2867 3225 3197 3296 σφαλμάτων
3223 3226 3281 3277 ἐν
3313 3224 3412 3297 ᾄδῃ
3448 3226 3560 3297 (95)
3591 3245 3719 3281 κατ-

442 3319 554 3375 buc
588 3312 902 3371 viventibus
942 3326 1039 3382 per
1078 3308 1477 3380 pmnitentiam,
1528 3317 1583 3363 et
1647 3308 1791 3377 apud
1825 3307 1961 3364 infer

2200 3314 2460 3387 χημένοις
2487 3315 2793 3387 ἀμνηστίαν
2852 3315 3213 3389 χαρίσασθαι·
3256 3320 3371 3377 τοῖς
3416 3318 3517 3387 μὲν
3552 3318 3635 3372 ἔτι
3664 3321 3719 3372 ἐν

443 3409 773 3481 degentibus
796 3419 893 3476 per
921 3400 1361 3459 misericordiam
1383 3414 1445 3455 ac
1478 3400 1709 3456 salutem
1743 3401 1962 3456 tribuert

2206 3424 2328 3477 σμῳ
2359 3406 2446 3460 διά
2484 3407 2793 3478 μετανοίας,
2826 3409 2940 3473 τοῖς
2972 3407 3037 3477 ,δὲ
3080 3408 3139 3461 ἐν
3179 3406 3281 3480 ᾅδῃ
3310 3407 3378 3461 δι’
3410 3407 3595 3472 ἐλέους
3627 3411 3719 3462 καὶ

2136 3497 2433 3570 σωτηρίας.
2870 3560 2891 3568 ι

516 3584 585 3639 ν.
630 3584 727 3638 Est
758 3580 1004 3651 profecto
1048 3577 1195 3650 quod
1236 3577 1559 3649 intelligenti
1599 3577 1800 3633 mirum
1842 3577 2033 3634 videa-

2204 3587 2282 3643 E'.
2322 3588 2413 3643 Διὸ
2443 3590 2538 3645 καὶ
2567 3589 2847 3663 θαυμάσαι
2875 3589 2995 3646 ἔστι
3025 3590 3119 3646 τὸν
3153 3591 3332 3647 εἰδότα
3357 3592 3494 3664 (94),
3524 3594 3601 3657 ὡς
3624 3596 3720 3648 καὶ

441 3687 556 3743 tur,
601 3675 658 3732 id
713 3673 861 3747 quod
911 3689 942 3729 e
998 3672 1263 3727 librorum
1316 3670 1665 3727 monimentis
1710 3669 1960 3727 didicimt

2234 3681 2435 3752 βίϐλοις
2490 3684 2844 3755 ηὑρήκαμεν,
2890 3682 2983 3738 τὸν
3029 3684 3234 3754 Κύριον
3290 3684 3449 3755 ἡμῶν
3512 3687 3721 3756 Ἰησοῦν

442 3771 737 3828 Dominum
786 3774 1037 3825 nostrum
1079 3764 1264 3820 Jesum
1303 3763 1583 3819 Christum
1645 3764 1700 3818 in
1763 3762 1961 3836 Golgot‘

2199 3772 2365 3826 norbv
2398 3773 2459 3826 ἐν
2500 3773 2579 3845 τῷ
2612 3772 2852 3847 Γολγοοᾷ
2878 3775 3275 3847 ἐσταυρῶσθαι,
3308 3776 3409 3830 οὐκ
3441 3776 3576 3850 ἄλλῃ
3617 3796 3718 3831 που

442 3881 568 3923 esse
605 3863 950 3928 cruciﬁxum,
996 3859 1256 3913 nimirum
1300 3858 1356 3911 in
1388 3872 1454 3912 eo
1491 3856 1839 3927 potissimum
1883 3857 1961 3913 loc

2202 3864 2249 3916 λ’
2291 3864 2325 3935 ἢ
2376 3863 2505 3918 ἔνθα
2546 3864 2725 3919 ἔκειτο
2762 3866 2823 3919 τὸ
2871 3867 2963 3922 τοῦ
3019 3867 3190 3939 Ἀδὰμ
3231 3869 3411 3941 σῶμα.
3458 3870 3720 3938 Ἐξελθὼν

441 3954 498 4011 iu
533 3966 644 4024 quo
672 3950 866 4006 Adami
907 3963 1110 4017 corpus
1131 3948 1360 4016 jaceret.
1393 3944 1494 4001 Hic
1531 3948 1677 4002 enim
1711 3963 1741 4001 e
1775 3948 1960 4017 paradi

2201 3974 2242 4028 :p
2283 3958 2348 4011 ἐκ
2384 3956 2481 4010 τοῦ
2534 3957 2887 4029 παραδείσου,
2939 3960 3033 4013 καὶ
3060 3960 3402 4032 κατῳκηκὼς
3429 3963 3720 4016 κατέναντι

442 4045 778 4118 digrediens,
805 4042 897 4097 diu
934 4057 1002 4097 ex
1033 4041 1267 4096 adverso
1308 4040 1456 4095 illius
1496 4040 1779 4096 habitavit.
1821 4040 1958 4096 Dein

2204 4047 2296 4102 τοῦ
2326 4046 2506 4120 πολλῷ
2533 4048 2611 4119 τῷ
2639 4048 2834 4121 χρόνῳ,
2868 4052 2962 4105 καὶ
2989 4050 3079 4104 διὰ
3127 4051 3335 4105 πολλῶν
3363 4053 3471 4106 τῶν
3497 4056 3720 4126 ἡμερῶν

440 4141 605 4211 longo
633 4146 822 4208 postea
865 4142 1110 4205 tempore
1140 4135 1195 4187 in
1240 4132 1412 4197 illum,
1435 4148 1597 4204 quem
1628 4134 1740 4187 dixi
1771 4132 1959 4190 Hieros

2199 4138 2372 4205 ελθὼν,
2419 4139 2646 4213 ὕστερον
2676 4137 2808 4213 ἦλθε
2849 4141 2946 4195 καὶ
2977 4144 3036 4195 ἐν
3076 4142 3156 4213 τῷ
3188 4143 3336 4214 τόπῳ
3385 4144 3579 4215 τούτῳ,
3621 4147 3718 4199 Ἰε-

441 4230 738 4302 lymorum,
771 4226 950 4281 locum
1002 4222 1252 4287 secessit,
1314 4222 1409 4277 ubi
1455 4230 1511 4278 et
1563 4224 1672 4277 vita
1722 4224 1944 4280 functus

2201 4232 2449 4303 σολύμων
2496 4232 2555 4286 δέ
2614 4250 2778 4305 φημι,
2831 4235 2893 4289 τὸ
2949 4234 3127 4306 χρεὼν
3180 4236 3568 4303 ἀποδεδωκὼς,
3625 4241 3719 4291 καὶ

440 4320 711 4391 Golgotha
751 4316 1000 4389 Sepultus
1032 4323 1136 4370 est.
1173 4316 1292 4380 Qua
1318 4329 1387 4369 ex
1412 4314 1693 4369 re‘merito
1728 4316 1883 4372 locus
1910 4318 1959 4389 ip

2200 4326 2311 4376 εἷσε
2340 4323 2515 4395 ἐτάφη
2546 4325 2603 4378 ἐν
2634 4324 2713 4395 τῷ
2740 4324 2889 4397 τόπῳ
2910 4324 2987 4398 τῷ
3015 4326 3053 4379 Γ
3055 4326 3270 4399 ολγοθᾷ.
3301 4327 3466 4382 Ὅθεν
3491 4329 3719 4393 εἰκότως

440 4428 641 4470 nomen
681 4410 927 4479 accepit,
984 4415 1042 4461 ιιι
1084 4406 1336 4460 calvaria:
1380 4406 1792 4475 interpretando
1817 4405 1959 4463 dicet

2222 4414 2513 4486 ἐπώνυμον
2545 4418 2575 4469 ό
2610 4416 2774 4481 τόπος
2817 4418 2964 4490 ἔσχε,
3001 4421 3251 4488 κρανίου
3284 4421 3720 4492 ἑρμηνευόμενος

441 4516 552 4562 tur.
577 4504 750 4574 Cujus
776 4498 1159 4572 appellationis
1195 4498 1343 4552 nulla
1383 4496 1438 4549 in
1467 4512 1533 4551 eo
1566 4498 1686 4551 loco
1722 4498 1960 4553 Silnilillll

2200 4524 2320 4574 πος,
2346 4502 2415 4578 ἧς
2440 4508 2735 4578 ὀνομασίας
2762 4510 2822 4563 τὸ
2854 4510 3037 4581 σχῆμα
3082 4510 3175 4564 τοῦ
3224 4512 3390 4565 τόπου
3420 4513 3719 4582 ἐμφέρειὰν

440 4600 705 4657 cernitur.
741 4594 877 4651 Nam
906 4608 1008 4649 nec
1034 4592 1087 4647 in
1119 4591 1261 4646 clivo
1285 4589 1471 4659 aliquo
1501 4589 1638 4645 situs
1674 4598 1780 4653 est,
1814 4599 1873 4645 ut
1897 4607 1959 4662 pr

2193 4618 2255 4653 να
2285 4601 2383 4671 οὐχ
2407 4600 2804 4657 ὑποδείκνυσιν.
2829 4603 2965 4657 Οὔτε
2991 4604 3099 4675 γὰρ
3128 4605 3186 4658 ἐν
3212 4606 3356 4675 ἄκρᾳ
3380 4606 3486 4658 τινὶ
3518 4610 3712 4667 κεῖται,

441 4703 630 4765 pterea
683 4688 935 4744 calvaria:
983 4684 1252 4740 vocabulo
1298 4682 1655 4737 nominetur:
1713 4684 1960 4753 cujusmc

2193 4711 2220 4746 ιι
2271 4692 2520 4760 κρανίον
2540 4691 2699 4746 τοῦτο
2746 4695 3146 4766 ἐρμηνεύηται,
3202 4697 3277 4763 ὡς
3329 4698 3421 4750 ἐπὶ
3466 4698 3712 4768 σώματος

441 4784 636 4854 capitis
683 4785 739 4837 in
775 4782 1016 4835 humano
1042 4790 1272 4846 corpore
1310 4774 1470 4829 sedes
1512 4783 1626 4843 est;
1668 4789 1844 4845 neque
1889 4778 1959 4848 [ig

2191 4782 2345 4856 ;φαλὴ
2374 4784 2539 4849 τόπος
2563 4784 2803 4856 λέγεται,
2836 4786 2958 4840 οὔτε
3011 4790 3273 4851 σκοπιᾶς·
3321 4791 3416 4843 καὶ
3450 4791 3559 4861 γάρ
3592 4792 3710 4844 οὔτε

442 4893 559 4932 ram
595 4876 758 4930 habet
780 4872 941 4927 edita:
986 4868 1291 4939 cujuspiam
1323 4867 1593 4936 speculae;
1623 4883 1686 4923 ac
1716 4884 1784 4923 ne
1813 4878 1961 4925 caete]

2222 4876 2345 4946 ὕψει
2374 4879 2552 4931 κεῖται
2598 4878 2749 4951 παρὰ
2789 4879 2915 4943 τοὺς
2939 4878 3133 4944 ἄλλους
3168 4881 3388 4946 τόπους.
3424 4884 3712 4954 ’Δντικρυς

439 4968 661 5040 quidem
733 4963 1253 5033 circumiacentibus
1312 4960 1447 5015 locis
1501 4960 1665 5015 altius
1716 4976 1952 5033 consurg

2193 4968 2242 5040 ὶρ
2290 4969 2409 5022 ἐστι
2461 4969 2524 5022 τὸ
2574 4969 2668 5022 τοῦ
2725 4969 3013 5036 Ἐλαιῶνος
3063 4973 3187 5044 ὅρος
3231 4974 3581 5045 ὑψηλότερον,
3624 4979 3712 5028 καὶ

438 5062 653 5131 Quippe
703 5073 768 5113 ex
804 5056 1034 5113 adverso
1085 5062 1168 5109 est
1200 5051 1395 5108 Oliveti
1428 5067 1588 5109 mons
1640 5051 1875 5122 editior;
1927 5071 1954 5111 5

2191 5059 2241 5113 τὸ
2274 5061 2518 5131 σημείων
2551 5062 2694 5115 όκτὼ
2721 5064 2753 5134 ὴ
2787 5062 2827 5116 Γ
2829 5062 3027 5136 αϐαὼμ
3060 5064 3389 5139 ὑψηλοτάτη.
3434 5068 3590 5122 Ἀλλὰ
3620 5074 3710 5123 καὶ

509 5218 526 5249 ¹
558 5217 722 5272 Rom.
749 5232 859 5281 xlv,
892 5216 949 5271 9.
1045 5215 1065 5245 ¹
1093 5212 1114 5267 ι
1143 5214 1283 5270 Tim.
1317 5231 1378 5283 ιι,
1422 5214 1511 5271 15.
1586 5214 1608 5246 ³
1646 5214 1838 5269 Matth.
1871 5230 1961 5281 xv,
1987 5214 2028 5269 2

1159 5214 1283 5270 l‘im.
1317 5231 1378 5283 ιι,
1422 5214 1511 5271 15.
1586 5214 1608 5246 ³
1646 5214 1838 5269 Matth.
1871 5230 1961 5281 xv,
1987 5214 2079 5271 24.
2154 5217 2174 5249 ⁶
2205 5218 2341 5274 Luc.
2372 5236 2428 5285 x,
2464 5219 2535 5275 50
2556 5235 2678 5291 sqq.

509 5348 622 5428 (ξιξ)
664 5348 912 5428 "greater
1052 5345 1434 5428 qgmlydteux
1464 5346 1536 5400 ἐν
1583 5344 2023 5428 ᾅδῃ.ΜΝοισιιάιι

2192 5350 2394 5428 quitur,
2430 5360 2491 5428 ut
2517 5352 2586 5428 ab
2615 5350 2809 5428 ademi
2837 5356 3052 5425 sepulto
3086 5356 3370 5422 cadavere,
3423 5374 3487 5415 ac
3525 5364 3711 5417 crauis

440 5414 731 5499 Epiphanii
758 5418 1068 5499 sententia:
1099 5414 1313 5499 veteres
1343 5414 1534 5499 Patres
1563 5414 1691 5471 ante
1714 5415 2020 5499 Christum,
2122 5414 2360 5499 deducta
2381 5414 2491 5478 'sit.
2522 5424 2591 5499 At
2619 5424 2857 5494 Cyrillus
2882 5414 3127 5499 catech.
3148 5444 3244 5482 xm
3284 5414 3709 5499 propheticesie

439 5488 717 5571 quisalva
755 5488 858 5542 title
902 5493 1290 5571 peccaverant,
1318 5496 1606 5571 propterea
1640 5488 1784 5571 apud
1812 5488 2023 5545 inl'eros
2123 5493 2411 5571 aChristo
2438 5488 2781 5571 nominatum
2810 5496 3261 5571 existituat‘bu‘nc
3284 5488 3501 5566 locum,
3541 5506 3701 5571 quod,

441 5556 690 5636 detentus
724 5556 1076 5636 esse,_douec
1110 5556 1386 5636 aChristo
1421 5557 1854 5636 libera_rentur._
1892 5629 1899 5636 _
2122 5570 2183 5617 ut
2228 5565 2304 5617 ait
2340 5564 2643 5636 Apostolus
2665 5605 2679 5629 ,
2729 5578 2894 5636 caput
2932 5567 3036 5622 viri
3069 5569 3141 5624 sit
3174 5568 3466 5636 Christus,
3487 5556 3696 5629 'Chrisii

512 5632 633 5707 (3})
661 5630 755 5707 Διᾲ
796 5629 901 5707 καὶ.
938 5626 1239 5707 θαυμάσαι
1264 5628 1396 5681 ἐστι
1424 5626 1768 5707 τόνιεὶδότα.
1797 5626 2020 5707 ΔΤι’ίιίιιιι

1424 5626 1768 5707 τριξιεὶδότα.
1797 5626 2020 5707 ΔΤιίιίιιιι
2123 5640 2303 5691 autem
2332 5626 2477 5691 Deus
2510 5634 2559 5698 (Ι
2588 5626 2715 5692 Cor.
2744 5626 2819 5701 XI;
2851 5636 2927 5707 5).

436 5697 818 5779 (ιε’(ἰοιεοιιιῳ
848 5700 974 5772 ⁹εὶιιε
1005 5697 1268 5757 calvaria:
1294 5697 1657 5769 appellatione
1689 5700 2021 5755 sententiam
