3846 6284
145 283 257 343 845

1106 276 1476 335 ADVERSUS
1507 275 1847 334 HERESES
1887 278 2015 335 LIB.
2063 281 2125 336 ll.
2165 281 2329 339 TOM.
2371 283 2413 338 1.

3299 285 3402 342 846

146 396 359 471 ῆ-άκρα
386 396 420 465 ή
454 394 589 448 ποτὲ
614 392 937 465 ὑπάρχουσα
964 392 1022 446 ἐν
1049 392 1208 455 Σιὼν,
1230 391 1330 446 νῦν
1354 392 1410 445 δὲ
1439 391 1729 463 τμηθεῖσα,

1859 409 1889 446 ιι
1922 394 2113 462 primis
2152 395 2358 452 arduus
2408 403 2492 452 est
2520 394 2796 452 Gabaonis
2836 412 2992 453 mons
3041 407 3233 453 octavo
3284 398 3412 455 inde

146 490 241 545 ml
271 486 412 559 αὑτὴ
441 485 748 557 ὑψηλοτέρα
779 484 994 555 ὑπῆρχε
1021 482 1115 536 τοῦ
1144 482 1329 537 τόπου.
1378 483 1547 536 Πόθεν
1576 478 1669 536 οὖν
1698 484 1732 554 ἡ

146 580 437 651 ἐπωνυμία
489 579 584 633 τοῦ
612 578 909 647 κρανίου;
967 575 1105 629 Ἀλλ’
1151 575 1341 647 ἐπειδὴ
1390 574 1484 628 τοῦ
1524 592 1734 647 πρωτο-

146 674 391 728 πλάστου
440 669 727 742 ἀνθρώπου
777 671 894 722 ἐκεῖ
940 666 1002 723 τὸ
1057 667 1281 739 κρανίον
1329 666 1589 739 εὓρηται,
1644 668 1736 720 καὶ

146 769 267 821 ἐκεῖ
296 765 359 818 τὸ
401 763 653 833 λείψανον
693 761 1031 824 ὲναπέκειτο,
1063 759 1252 814 τούτου
1297 759 1458 813 ἕνεκα
1487 759 1735 828 κρανίου

143 858 310 920 τόπος
335 855 672 925 ἐπεκέκλητο
690 870 705 886 ο
734 854 819 923 ἐφ’
846 848 907 907 οὗ
936 852 1267 923 σταυρωθεὶς
1297 853 1325 905 ὁ
1357 850 1556 923 Κύριος
1578 852 1611 921 ή
1622 850 1737 921 μῶν

157 946 370 1018 Ἰησοῦς
413 943 666 1016 Χριστὸς,
700 943 790 997 διὰ
825 941 919 996 τοῦ
952 941 1240 1014 ῥεύσαντος
1270 943 1366 996 ἀπ’
1414 940 1581 995 αὑτοῦ
1613 939 1739 994 ὓδα-

145 1056 236 1103 τος
268 1029 659 1107 καὶάῖματος,
706 1034 797 1088 διὰ
830 1035 930 1105 τῆς
967 1033 1260 1104 νυχθείσης
1287 1033 1453 1088 αὑτοῦ
1476 1033 1735 1104 πλευρᾶς,

142 1127 572 1200 αἰνιγματωδῶς
637 1125 806 1192 ἔδειξε
846 1126 946 1197 τὴν
979 1125 1137 1196 ἡμῶν
1167 1124 1462 1196 σωτηρίαν,
1505 1124 1612 1179 ἀπὸ
1642 1125 1740 1196 τῆς

143 1220 326 1291 ἀρχῆς
372 1216 469 1271 τοῦ
513 1216 836 1288 φυράματος
885 1214 1190 1286 ἀρξάμενος
1220 1213 1489 1287 ραντίζειν
1516 1214 1587 1268 τὰ
1634 1215 1736 1268 λεί-

143 1312 294 1381 ψανα
343 1309 440 1362 τοῦ
488 1307 854 1380 προπάτορος,
903 1307 992 1360 ἴνα
1036 1307 1132 1360 καὶ
1172 1308 1305 1377 ἡμῖν
1354 1306 1606 1379 ὑποδείξῃ
1648 1307 1741 1360 τὸν

148 1399 457 1473 ῥαντισμὸν
506 1397 603 1452 τοῦ
666 1397 831 1451 αὑτοῦ
875 1397 1139 1468 αἵματος,
1192 1398 1275 1461 είς
1326 1396 1593 1469 κάθαρσιν
1640 1397 1741 1469 τῆς

144 1490 308 1563 ήμῶν
356 1488 663 1553 κοινώσεως
710 1489 804 1542 καὶ
852 1488 1032 1559 ψυχῆς
1089 1490 1491 1561 μετανοούσης,
1522 1490 1618 1542 καὶ
1663 1491 1742 1554 είς

145 1584 463 1655 ὑπόδειγμα
514 1583 803 1653 φυράσεως
862 1582 960 1637 καὶ
1012 1580 1357 1652 καθαρισμοῦ
1418 1582 1588 1654 ῥύπου
1633 1581 1742 1636 τῶν

148 1676 443 1749 ἡμετέρων
472 1674 889 1746 ἁμαρτημάτων
915 1673 1224 1745 γενόμενον,
1248 1672 1311 1727 τὸ
1344 1673 1573 1745 ἐκχυθὲν
1600 1672 1743 1744 ὕδωρ

1838 485 2017 555 lapide
2043 487 2274 543 distans.
2323 487 2609 543 Postremo
2641 489 2816 544 clivus
2863 491 3026 543 etiam
3077 490 3189 553 ille,
3221 490 3313 559 qui
3355 491 3411 546 in

1838 576 2005 631 Sione
2031 578 2307 647 quondam
2332 579 2566 643 exstitit,
2601 578 2694 634 sed
2720 578 2936 633 excisus
2983 579 3143 633 hodie
3175 587 3280 643 est,
3312 581 3412 634 fuit

1836 665 2116 739 Golgotba
2142 668 2236 724 illo
2269 669 2390 724 loco
2430 670 2735 725 sublimior.
2766 668 3049 723 Undenam
3082 670 3244 741 igitur
3298 672 3412 724 cal-

1836 760 1999 814 varia
2031 775 2231 816 nomen
2267 760 2544 815 obtinuit?
2574 759 2728 827 Quod
2772 760 3028 814 nimirum
3061 761 3218 829 primi
3245 760 3414 815 bomio

1838 854 1925 909 nis
1970 853 2083 908 illic
2128 854 2368 908 calvaria
2397 860 2612 924 reperta
2656 854 2748 915 sit,
2781 853 3009 922 ejusque
3050 853 3295 923 reliquia
3323 853 3417 909 de-

1838 944 2021 1013 fossa,
2079 946 2152 1002 ob
2180 946 2233 1001 id
2267 946 2519 1001 calvaria
2562 946 2716 1001 locus
2754 945 3056 1015 appellatus
3091 952 3193 1001 est.
3227 942 3283 999 ln
3308 959 3417 1015 quo

1838 1036 2103 1095 Dominus
2130 1047 2318 1095 noster
2342 1037 2503 1095 Jesus
2532 1038 2787 1093 Christus
2812 1038 3065 1092 sublatus
3090 1037 3142 1090 in
3172 1051 3414 1099 crucem,

1840 1144 1938 1200 per
1964 1145 2161 1200 aquam
2191 1131 2337 1185 illam
2365 1140 2419 1186 et
2443 1130 2767 1201 sanguinem
2788 1146 2853 1185 ex
2882 1129 3003 1200 ejus
3034 1129 3311 1200 perforato
3342 1129 3418 1183 la-

1841 1229 1954 1275 tere
1988 1219 2367 1290 proﬂuentem,
2403 1222 2550 1277 velut
2583 1221 2870 1291 imaginem
2904 1219 3218 1291 quamdam,
3244 1226 3417 1274 totum

1842 1312 2036 1368 salutis
2092 1321 2294 1368 nostra
2338 1314 2614 1385 negotium
2644 1311 2807 1383 395
2849 1310 3230 1377 adumbravit,
3288 1309 3417 1365 dum

1842 1402 2004 1474 primi
2038 1404 2280 1474 parentis
2326 1404 2586 1474 reliquias
2632 1404 2701 1458 ab
2744 1405 2863 1473 ipso
2906 1417 3102 1458 massa
3147 1401 3420 1472 principio

1844 1494 2023 1566 rigare
2052 1496 2240 1567 capit,
2282 1502 2343 1551 ut
2372 1495 2441 1551 ad
2468 1494 2855 1565 detergendam
2885 1494 3061 1549 labem
3095 1494 3422 1549 faditatem-

1844 1603 1951 1657 que
1978 1595 2249 1653 nostram,
2290 1602 2355 1643 ac
2390 1587 2708 1658 panilentis
2759 1586 2955 1640 anima
2983 1586 3420 1656 repurgationem

1847 1681 1933 1736 sui
1991 1681 2275 1752 sanguinis
2327 1680 2699 1752 aspersionem
2751 1680 3099 1742 ostenderet,
3139 1685 3301 1747 atque
3354 1678 3422 1731 ad

148 1770 243 1823 ἐπὶ
284 1769 385 1822 τὸν
434 1768 794 1838 ὑποκείμενον
820 1766 901 1837 τῷ
941 1766 1113 1837 τόπῳ,
1163 1766 1259 1819 καὶ
1284 1766 1627 1837 τεθαμμένον
1666 1766 1743 1830 είς

1853 1771 2226 1827 subactionem
2288 1772 2580 1842 quamdam
2624 1772 3173 1839 commistionemque
3215 1767 3422 1839 signiti-

145 1858 353 1914 ἐλπίδα
399 1857 564 1912 αὐτοῦ
604 1874 663 1910 τε
715 1857 808 1909 καὶ
842 1858 874 1927 ή
885 1855 1003 1927 μῶν
1031 1854 1139 1908 τῶν
1184 1854 1246 1921 ἐξ
1283 1854 1448 1909 αὐτοῦ
1488 1872 1739 1926 γεγεννη-

151 1948 359 2021 μένων.
389 1948 482 2000 Διὸ
526 1946 621 2000 καὶ
665 1945 896 1999 ἐνταῦθα
946 1944 1250 2016 ἐπληροῦτο
1298 1945 1359 1999 τὸ
1412 1946 1736 2017 εἰρημένονο

153 2042 419 2109 Ἔγειρε,
446 2040 480 2093 ὀ
513 2037 839 2103 καθεύδων,
865 2036 958 2089 καὶ
986 2037 1224 2091 ἀνάστα
1248 2036 1318 2090 ἐκ
1347 2036 1465 2091 τών
1491 2037 1740 2106 νεκρῶν,

149 2130 250 2186 καὶ
298 2130 627 2199 ἐπιφαύσει
669 2143 768 2183 σοι
818 2132 853 2182 ὁ
895 2129 1170 2197 Χριστός.
1214 2129 1276 2182 Et
1323 2128 1431 2198 γὰρ
1470 2129 1565 2183 καὶ
1615 2130 1744 2199 περὶ

150 2220 317 2293 ήμῶν
341 2220 494 2290 λέγει
536 2219 643 2273 τῶν
680 2219 1103 2291 νενεκρωμένων
1128 2222 1242 2282 τοῖς
1269 2218 1470 2291 ἔργοις,
1503 2219 1598 2273 καὶ
1634 2219 1743 2273 τῶν

153 2314 532 2367 καθευδόντων
556 2314 615 2365 ὲν
653 2311 805 2381 βάθει
852 2311 1020 2366 ὕπνου
1048 2311 1150 2381 τῆς
1179 2311 1449 2380 ἀγνωσίας
1469 2328 1482 2342 ·
1512 2311 1626 2364 ἀλλ’
1652 2307 1746 2365 οὖν

152 2422 217 2475 γε
247 2406 467 2459 ἐκεῖθεν
495 2407 529 2475 ή
559 2404 824 2476 ἀρχὴτῆς
852 2402 1102 2468 αἰνίξεως
1132 2402 1376 2473 περιέχει
1404 2402 1495 2457 τὸν
1521 2403 1744 2475 τρόπον,

152 2498 252 2553 καὶ
302 2497 406 2567 οὐχ
440 2496 647 2558 ἁπλῶς,
690 2495 811 2548 οὐδὲ
861 2495 1083 2567 ἀργῶς·
1134 2494 1387 2562 Ἀνέστη
1420 2495 1555 2564 γὰρ,
1588 2494 1745 2565 φησὶ,

155 2591 365 2645 πολλὰ
386 2587 632 2657 σώματα
658 2585 777 2641 τῶν
796 2587 979 2657 ἁγίων
1027 2586 1126 2653 (ὡς
1152 2584 1265 2657 εχει
1288 2585 1349 2639 τὸ
1372 2586 1747 2655 Εὐαγγέλιον),

157 2682 258 2736 καὶ
313 2679 612 2747 εἰσῆλθον
652 2677 775 2733 σὺν
826 2676 988 2744 αὺτῷ
1030 2679 1121 2745 είς
1173 2676 1290 2747 τὴν
1316 2677 1496 2747 ἁγίαν
1544 2676 1747 2741 πόλιν,

158 2774 257 2827 καὶ
282 2771 359 2825 τὰ
382 2770 532 2842 ἑξῆς.

1846 1864 2100 1931 candam,
2134 1878 2197 1917 ac
2226 1871 2548 1918 nostrarum
2580 1862 2847 1927 sordium,
2889 1861 2994 1916 hoc
3020 1869 3105 1916 est
3129 1859 3418 1922 scelerum,

1848 1955 2236 2027 expiationem,
2278 1970 2475 2025 aquam
2515 1955 2661 2010 illam
2701 1954 2756 2008 in
2804 1952 3113 2033 subjectum
3149 1950 3424 2005 hominem

1848 2048 2161 2118 ibidemque
2188 2048 2460 2118 sepultum
2489 2046 2796 2103 destillasse
2826 2050 3190 2109 monstraret;
3222 2056 3287 2095 ac
3314 2050 3423 2096 tam

1850 2142 2053 2210 ipsum,
2098 2154 2263 2210 quam
2313 2155 2415 2195 nos
2471 2139 2593 2208 ejus
2638 2146 2886 2207 posteros
2931 2136 2998 2190 ad
3038 2148 3191 2203 spem
3242 2146 3429 2187 conse-

1849 2227 2080 2300 quenda
2127 2228 2319 2284 salutis
2372 2228 2628 2299 erigeret.
2668 2226 2939 2293 Quocirca
2985 2223 3097 2277 illic
3133 2220 3430 2291 Scriptura:

1849 2319 2058 2376 dictum
2101 2319 2236 2375 illud
2275 2319 2557 2389 impletum
2584 2326 2708 2373 est:
2746 2316 2934 2387 Surge,
2973 2316 3062 2385 qui
3108 2314 3331 2375 dormis,
3374 2320 3428 2365 et

1848 2409 2081 2465 excitare
2113 2425 2147 2463 a
2188 2410 2437 2473 mortuis,
2465 2419 2515 2464 et
2550 2406 2872 2461 illuminabit
2902 2416 2951 2459 te
2990 2405 3233 2460 Christus
3254 2405 3291 2457 ¹.
3334 2401 3429 2456 Li-

1852 2504 1940 2552 cet
1971 2496 2118 2552 enim
2152 2495 2220 2551 ad
2249 2511 2351 2552 nos
2385 2496 2533 2551 istud
2562 2497 2855 2566 pertineat,
2882 2494 2976 2565 qui
3001 2502 3056 2550 et
3086 2493 3245 2548 malis
3269 2491 3431 2546 factis

1854 2586 2058 2641 mortui
2088 2602 2303 2654 sumus,
2334 2594 2389 2642 et
2418 2586 2687 2642 altissimo
2729 2584 3053 2657 ignorantia
3078 2598 3271 2639 somno
3297 2597 3427 2639 con.

1856 2678 2041 2747 sopiti,
2087 2678 2447 2733 nihilominus
2478 2677 2627 2732 illinc
2653 2676 2895 2746 ﬁgurata
2927 2675 3095 2745 hujus
3143 2676 3431 2732 sententia

1856 2768 2248 2825 arcessendum
2274 2776 2357 2825 est
2388 2769 2624 2833 initium,
2658 2776 2718 2822 ut
2738 2782 2849 2823 non
2871 2775 3100 2835 temere,
3129 2783 3235 2824 nec
3255 2769 3431 2823 otiose

159 2865 523 2937 pronuntiata
559 2861 854 2918 videatur:
892 2860 1251 2917 Sui-rexerant
1301 2861 1441 2916 enim
1496 2859 1667 2915 multa
1720 2862 1948 2933 corpora
1990 2873 2297 2921 sanctorum
2328 2864 2412 2937 (ut
2445 2866 2500 2921 in
2545 2863 2837 2936 Evangelio
2887 2864 3153 2936 scriptum
3199 2861 3329 2933 est),
3379 2875 3430 2919 et

158 2958 489 3015 introierunt
516 2972 635 3011 cum
666 2958 782 3025 ipso
809 2955 863 3009 in
898 2965 1140 3009 sanctam
1172 2953 1439 3009 civitatem
1458 2956 1500 3021 ',
1536 2963 1641 3010 etc.

230 3049 587 3121 Πανταχόθεν
616 3049 795 3103 τοίνυν
826 3047 1308 3121 ἀποκρουσάμενος
1347 3049 1442 3103 τοῦ
1493 3048 1743 3112 κώνωπος

1926 3047 2063 3102 Cum
2106 3046 2273 3119 igitur
2309 3046 2504 3102 culicis
2538 3046 2700 3103 istius
2728 3061 2945 3103 morsus
2977 3047 3175 3103 divina
3217 3048 3432 3105 miscri~

72 3150 93 3159 ’
159 3143 360 3198 τούτου
390 3142 460 3196 τὰ
496 3141 769 3214 δήγματα,
812 3140 881 3194 δι’
910 3140 1092 3194 ἐλαίου
1137 3141 1238 3213 τῆς
1265 3140 1359 3195 τοῦ
1392 3140 1527 3196 Θεοῦ
1572 3140 1760 3211 φιλαν-

162 3235 446 3308 θρωπίας,
473 3234 569 3288 καὶ⁸
596 3233 805 3305 Κυρίου
835 3232 993 3304 ήμῶν
1020 3233 1300 3304 ὲνδημίας,
1332 3235 1428 3287 καὶ
1453 3231 1629 3304 φωτὸς
1658 3229 1755 3285 τοῦ

162 3325 511 3396 εὐαγγελίου
562 3324 664 3392 τῆς
711 3324 993 3395 ἀληθείας,
1050 3325 1144 3378 ἐπὶ
1185 3324 1286 3388 τὰς
1330 3325 1455 3396 ἑξῆς
1515 3322 1658 3379 κατὰ
1698 3322 1761 3377 τὸ

169 3419 364 3483 εἰωθὸς
382 3417 549 3473 πάλιν
580 3416 862 3490 προελθεῖν
889 3417 1029 3488 ὲντῇ
1057 3415 1152 3470 τοῦ
1180 3417 1317 3471 Θεοῦ
1348 3418 1575 3489 δυνάμει
1602 3433 1761 3471 σπου-

170 3508 449 3579 δάσωμεν.

256 3604 276 3637 ι
308 3602 514 3675 Ephes.
537 3619 591 3670 ν,
619 3602 707 3659 ﬂ.
783 3604 806 3635 ³
842 3602 1036 3661 Matth.
1066 3619 1238 3671 nm,
1273 3605 1362 3661 52.

1855 3138 2057 3195 cordia
2085 3139 2227 3203 oleo,
2264 3152 2328 3193 ac
2357 3136 2572 3193 Domini
2602 3138 2776 3192 nostri
2825 3138 3128 3195 Salvatoris
3165 3139 3427 3206 adventu,

1853 3240 1908 3287 et
1934 3230 2180 3287 veritatis
2204 3230 2532 3302 evangelica
2551 3229 2673 3285 luce
2704 3230 3158 3300 propulsaverim,
3190 3230 3256 3286 ad
3293 3230 3430 3289 alias

1855 3323 2111 3387 haereses,
2143 3320 2350 3386 divina,
2384 3336 2485 3391 pro
2515 3336 2580 3378 eo
2614 3336 2679 3377 ac
2720 3321 2891 3390 soleo,
2922 3320 3093 3378 fretus
3118 3336 3222 3393 ope
3245 3330 3431 3395 patro-

1854 3414 2109 3487 cinioque
2135 3412 2470 3487 progrediar.

172 3789 3408 3831 Μ

490 3932 674 3988 NE
720 3928 997 3987 ΕΝΕΣΤΙ
1032 3929 1163 3984 ΚΑΙ
1212 3927 1314 3981 ΕΝ
1361 3926 1447 3996 Τῼ
1486 3923 1697 3994 ΤΡΙΤῼ
1739 3924 1931 3992 ΤΟΜῼ
1978 3923 2197 3991 ΤΟΥΤῼ
2241 3921 2369 3977 ΤοΥ
2400 3918 2787 3975 ΔΕΥΤΕΡΟΥ
2811 3918 3115 3974 ΒΙΒΛΙΟΥ

1479 4075 1796 4146 ΤΕΤΑΡΤῼ
1828 4075 1911 4128 ΔΕ
1945 4073 2130 4141 ONTI,

340 4242 507 4301 Κατὰ
525 4241 641 4312 τὴν
663 4240 764 4298 ἀπ’
801 4237 995 4309 ἀρχῆς
1021 4235 1141 4290 τῶν
1178 4236 1370 4303 τόμων
1407 4230 1515 4287 τοῦ
1546 4228 1795 4300 ἀριθμοῦ
1822 4228 2191 4284 ἀκολουθίαν
2210 4245 2223 4261 ο
2256 4226 2324 4282 ἐν
2355 4218 2404 4295 ᾧ
2435 4228 2592 4283 εἰσιν
2616 4225 2878 4297 αἱρέσεις
2925 4223 3244 4282 δεκαοκτώ.

1164 4456 1331 4530 396
1375 4456 1755 4519 SYNOPSIS
1790 4454 1995 4519 TOMI
2030 4453 2118 4514 Ill
2151 4452 2367 4513 LIBRI
2395 4451 2475 4523 ll,

386 4593 516 4670 Qui
545 4591 616 4655 in
643 4598 963 4655 tomorum
991 4586 1180 4650 initio
1215 4586 1560 4652 constituta
1592 4585 1761 4648 serie
1790 4592 2058 4666 quartus
2085 4590 2204 4657 est,
2235 4581 2653 4659 continetque
2695 4578 2972 4641 hareses
3002 4574 3229 4641 XVlll.

244 4832 330 4885 A'.
383 4824 781 4895 Ἐτκρατῒταιο
811 4822 860 4874 οἳ
895 4818 1236 4889 ἀπόσπασμα
1287 4814 1612 4887 τυγχάνουσι
1659 4815 1743 4869 Ταη

1936 4816 1975 4870 1.
2018 4812 2334 4877 Εηοναείια,
2368 4807 2582 4863 Tatiani
2610 4803 2857 4875 quadam
2879 4803 3024 4858 velut
3052 4800 3339 4873 appendix.
3369 4799 3433 4854 Ili

169 4919 387 4983 τιανοῦ,
426 4918 519 4971 τὸν
548 4915 727 4987 γάμον
755 4911 1140 4973 ἀποϐάλλουσι,
1170 4908 1263 4962 τοῦ
1292 4908 1504 4961 Σατανᾶ
1537 4906 1767 4975 φάσκον-

170 5032 268 5079 τες
298 5010 495 5066 τοῦτον
519 5004 679 5063 εἶναι.
725 5006 915 5060 Πᾶσαν
963 5003 1020 5057 δὲ
1060 4998 1494 5072 ἀπαγορεύουσιν
1534 4998 1765 5069 ἔμψυχο-

171 5105 408 5177 φαγίαν.

247 5196 328 5249 B'.
370 5187 937 5261 Καταφρυγαστῶν,
996 5187 1092 5241 καὶ
1147 5178 1612 5246 Μοντανιστῶν,
1670 5181 1765 5236 καὶ

178 5278 753 5349 Τασκονδρουγιτῶν
778 5294 790 5307 ⁸
844 5278 1038 5341 οἵτινες
1071 5272 1314 5328 Παλαιὰν
1345 5271 1440 5325 καὶ
1472 5270 1617 5326 Νέαν
1641 5273 1765 5325 Δια-

174 5378 360 5449 θήκην
384 5374 633 5444 δέχονται
653 5388 667 5401 ο
693 5372 913 5442 ἑτέρους
943 5369 999 5422 δὲ
1027 5368 1312 5440 προφήτας
1338 5362 1763 5449 παρεισφέρουσι

178 5464 325 5538 μετά
358 5463 485 5526 τοὺς
514 5461 817 5533 προφήτας,
850 5457 1127 5512 Μοντάνον
1164 5453 1287 5509 τινὰ
1314 5448 1625 5522 αὐχοῦντες,
1672 5450 1766 5503 καὶ

170 5554 535 5631 Πρίσκιλλαν,
564 5555 661 5607 καὶ
690 5550 1053 5623 Μαξιμίλλαυ.

244 5648 326 5702 Γ’.
367 5642 777 5707 Πεπουζὶανοὶ,
812 5645 861 5696 οἱ
891 5641 984 5697 καὶ
1012 5636 1476 5702 Κυϊντιλλιανοὶ,
1514 5634 1595 5699 οἷς
1640 5651 1765 5690 συνο

172 5732 973 5811 ἀπτονταιᾊρτοτυρῖταιηἘκ
995 5728 1199 5786 τούτων
1228 5728 1329 5799 μέν
1357 5728 1461 5781 εισι
1490 5726 1597 5782 τῶν
1623 5724 1766 5781 κατὰ

1863 4906 2083 4979 nuptias
2130 4903 2415 4967 damnant,
2461 4912 2600 4969 quas
2635 4895 2849 4951 Satanae
2878 4893 3146 4949 tribuunt.
3189 4894 3269 4950 Ab
3313 4895 3434 4949 ani-

1863 5004 2139 5053 matorum
2186 4990 2433 5048 omnium
2460 5003 2561 5044 usu
2596 4980 2980 5043 abstinendum
3004 4999 3128 5041 esse
3168 4985 3430 5042 sentiunt.

1930 5169 1994 5226 ll.
2036 5168 2496 5238 Catapltrygasta,
2533 5161 2874 5217 Montanium
2894 5166 2950 5215 et
2982 5158 3433 5230 Tascondrugitw,

1862 5263 1956 5334 qui
1993 5270 2283 5330 utrumque
2312 5256 2723 5313 Testamentum
2759 5252 3101 5323 approbant;
3143 5249 3237 5306 sed
3266 5266 3435 5305 novos

1861 5353 2155 5425 prophetas
2200 5349 2268 5404 ad
2319 5355 2569 5418 receptos
2608 5353 2665 5402 et
2711 5344 2969 5413 antiquos
3018 5341 3317 5410 adjiciunt;
3372 5356 3437 5394 ac

1863 5442 2176 5498 Montanum
2204 5437 2517 5511 quemdam,
2540 5446 2595 5494 et
2622 5436 2954 5499 Priscillam,
2990 5448 3054 5488 ac
3085 5431 3437 5487 Maximillaiu

1863 5534 2180 5607 pradicant.

1940 5626 2025 5683 lll.
2064 5626 2377 5696 Pepusiani,
2406 5625 2501 5697 qui
2534 5632 2594 5680 et
2627 5618 2974 5688 Quintilliani
3005 5617 3284 5679 dicuntur,
3316 5613 3439 5683 qui;

1867 5722 1973 5780 bus
2017 5719 2285 5779 accedunt
2336 5726 2389 5776 et
2425 5715 2761 5787 Artotyrita,
2806 5707 3181 5784 superioribus
3219 5704 3438 5776 quidem
