3750 6200
54 264 197 322 849

798 255 823 280 '
908 262 1279 320 ADVERSUS
1313 262 1652 322 HERESES

1860 264 1924 322 II.
1963 264 2128 323 TOM.
2168 263 2210 322 Ι.
2251 266 2526 325 HERES.
2566 267 2773 324 XLVII.

3241 263 3346 321 850

63 382 402 452 Υξοπάτορα
432 379 523 434 τὸν
547 379 781 450 Χριστὸν
810 378 1036 448 ἐδίδαξε,
1064 382 1156 436 τὸν
1187 381 1350 438 αὐτὸν
1378 377 1520 437 εἶναι
1553 383 1667 436 Πα-

1847 381 2088 438 triﬁlium
2121 398 2369 440 asserere
2394 383 2675 440 Christum
2697 395 2867 436 ausus
2907 386 3029 446 est;
3061 375 3344 435 eumdem-

51 473 221 545 τέρα
255 470 505 526 καὶ-Υἰὸν
547 473 641 526 καὶ
687 471 842 541 ἆγιον
866 472 1115 544 Πνεῦμα.
1168 475 1390 528 Ἑαυτὸν
1425 476 1480 528 δὲ
1516 475 1668 546 ἔλεγε

57 563 347 630 ὶῐωῦσέα,
395 564 490 618 καὶ
534 565 624 619 τὸν
669 563 834 618 αὐτοῦ
882 564 1104 635 ἀδελφὸν
1160 566 1345 636 ἔλεγεν
1391 565 1526 622 εἶναι
1577 569 1670 624 τὸν

74 653 334 720 Ἀαρών.

158 746 262 800 IB’.
298 746 647 814 Οὑαλήσιοι.
705 739 884 814 Οὗτοι,
928 746 1108 811 καθὼς
1134 749 1532 822 ὑπειλήφαμεν,
1573 753 1668 824 τὴν

57 835 338 892 Βάκαθον
379 838 778 905 κατοικοῦντες,
834 841 1226 914 μητροκωμιαν
1271 842 1534 912 Ἀραϐίας
1570 846 1670 916 τῆς

53 927 463 999 Φιλαδελφίας,
486 931 536 982 οἱ
557 931 683 994 τοὺς
704 933 1222 1004 παρατυγχάνοντας
1248 933 1665 1005 ἀποτέμνοντες.

52 1021 120 1072 Π
130 1020 313 1086 λείους
331 1021 389 1075 δὲ
403 1021 580 1076 αὐτῶν
597 1023 838 1093 εὐνοῦχοι
855 1023 1190 1095 ὑπάρχουσιν
1204 1025 1665 1097 ἀποτετμημένοι.

55 1111 226 1166 Τινὰ
259 1112 316 1166 δὲ
346 1113 510 1186 ἕτερα
535 1114 878 1170 διδάσκουσιν
911 1116 1176 1188 αἱρέσεως
1207 1116 1438 1188 ἔμπλεα,
1470 1119 1667 1189 ἀφανί-

53 1201 276 1266 ζοντες
317 1203 408 1256 τὸν
453 1205 614 1275 νόμον
670 1206 762 1259 καὶ
811 1205 936 1270 τοὺς
978 1209 1260 1278 προφήτας
1286 1210 1332 1276 ί,
1374 1210 1469 1262 καί
1515 1227 1669 1275 τινας

55 1293 482 1364 αἰσχρουργίας
506 1294 699 1366 ἑτέρας
734 1297 1215 1368 παρεισφέροντες.

155 1469 564 1538 ΙΓ¹.1Καθαροὶ,
586 1473 634 1524 οἱ
658 1471 773 1542 ἅμα
791 1472 1027 1545 Ναϐάτῳ
1050 1475 1411 1544 συναφθέντες
1430 1474 1508 1547 τῷ
1531 1475 1667 1530 Ῥω-

61 1559 255 1631 μαίῳ,
302 1562 553 1626 καὶτοὺς
602 1563 864 1634 διγάμους
908 1566 1184 1632 παντελῶς
1219 1567 1666 1639 ἀποϐαλλὸμενοι,

57 1653 181 1704 καὶ
213 1653 499 1722 μετάνοιαν
539 1653 614 1726 μὴ
645 1654 946 1726 δεχόμενοι.

1774 489 1880 544 que
1909 473 2127 530 Patrem
2174 490 2238 532 ac
2264 474 2486 540 Filium,
2527 481 2583 529 et
2615 472 2884 544 Spiritum
2924 480 3178 527 sanctum
3222 486 3346 528 esse

1773 565 2039 635 proﬁteri.
2082 565 2154 623 Se
2179 581 2307 623 vero
2337 565 2580 638 Moysen,
2611 564 2837 622 fratrem
2883 578 3043 619 suum
3074 562 3346 620 Aaronem

1773 658 1979 714 dicere.

1844 747 1963 805 XII.
2016 748 2232 805 Valesiz'.
2276 747 2367 816 Hi,
2394 757 2660 819 quantum
2692 749 2963 819 suspicor,
2995 745 3347 804 Bacathiha—

1772 841 1969 908 bitant,
2021 843 2117 914 qui
2158 849 2242 898 est
2299 841 2512 898 Arabiae
2550 841 3018 913 Philadelphensis
3050 842 3345 911 primarius

1771 931 1948 988 vicus.
1983 932 2150 988 Iidem
2185 931 2507 989 accedentes
2534 932 2700 1004 398
2727 933 2796 987 ad
2821 947 2942 988 sese
2982 939 3229 989 castrare
3256 946 3347 988 so-

1771 1024 1904 1080 lent.
1932 1025 2010 1081 Ac
2042 1026 2288 1097 plerique
2317 1029 2460 1083 inter
2486 1028 2609 1084 illos
2650 1025 2889 1082 eunuchi
2911 1031 3041 1080 sunt
3083 1032 3140 1081 et
3189 1039 3348 1081 exse—

1771 1117 1866 1172 oti.
1900 1116 2114 1174 Habent
2139 1125 2195 1175 et
2220 1119 2326 1174 alia
2357 1117 2604 1189 quaedam
2650 1117 2855 1172 erroris
2889 1115 3210 1187 plenissima
3243 1117 3344 1172 do-

1770 1218 1970 1280 gmata,
2015 1217 2178 1280 atque
2211 1211 2354 1267 inter
2391 1211 2498 1266 alia
2549 1212 2720 1280 legem
2769 1223 2834 1263 ac
2881 1208 3177 1278 prophetas
3224 1209 3348 1278 reji-

1770 1300 1944 1356 ciunt.
1991 1300 2276 1359 Postremo
2321 1301 2752 1358 innumerabiles
2801 1299 2870 1354 ad
2920 1301 3015 1356 illa
3071 1299 3344 1356 foeditates

1770 1389 2058 1460 adjiciunt.
2469 1459 2476 1466 ν

1841 1478 1984 1534 XIII.
2027 1479 2271 1537 Cathari.
2298 1479 2574 1538 Novatum
2625 1481 2935 1537 Romanum
2973 1479 3150 1536 secuti
3193 1486 3342 1534 sunt.

1771 1569 1840 1624 Hi
1869 1570 2119 1642 digamos
2153 1573 2372 1657 penitus
2418 1572 2806 1643 proscribunt;
2841 1571 3219 1643 paenitentiam
3259 1583 3339 1625 re-

1770 1657 2020 1728 pudiant.

160 1744 261 1797 lA'.
280 1745 616 1814 Ἀπγελικοί.
653 1739 811 1800 Οὗτοι
839 1747 1120 1812 παντελῶς
1140 1748 1408 1816 ἐξέλιπον.
1435 1748 1668 1820 Λύχοῦν-

1843 1747 1980 1804 XIV.
2021 1749 2280 1821 Angelici.
2322 1750 2387 1804 Hi
2443 1767 2714 1823 nusquam
2766 1750 2928 1807 hodie
2978 1749 3343 1821 reperiuntur.

58 1850 178 1897 τες
217 1835 278 1888 δὲ
319 1831 458 1906 ἦσαν
509 1836 808 1908 ἀγγελικὴν
847 1838 991 1909 ἔχειν
1020 1839 1205 1906 τάξινο
1255 1838 1406 1910 ἢδιά
1437 1839 1500 1892 τὸ
1540 1841 1668 1902 τοὺς

74 1926 357 1994 ἀγγέλους
393 1928 857 2001 προσκεκλῆσθαι.

152 2019 262 2073 ΙΕ’.
294 2020 719 2086 Ἀποστολικοὶ,
739 2025 788 2075 οἱ
819 2021 912 2076 καλ¹
927 2023 1327 2078 Ἀποτακτικοὶ
1360 2023 1455 2076 καὶ
1492 2023 1666 2088 αὐτοὶ,

1771 1841 2020 1914 Λιιεειὶοἰ
2058 1858 2190 1898 vero
2246 1844 2464 1900 ordinis
2505 1859 2564 1899 se
2614 1860 2737 1901 esse
2774 1844 3204 1914 proﬁtebantur;
3252 1850 3347 1894 aut

1770 1941 1918 1987 certe
1953 1935 2099 2003 quod
2132 1935 2360 2005 angelos
2395 1935 2738 1990 invocarent.

1840 2021 1958 2080 XV.
1997 2025 2312 2093 Apostolici,
2334 2026 2429 2096 qui
2448 2033 2504 2081 et
2520 2026 2832 2095 Apotactici,
2864 2026 2979 2080 sive
2998 2024 3346 2078 Renuntiato-
3443 2007 3452 2017 ’

60 2110 126 2161 οἱ
169 2108 302 2180 περὶ
328 2109 427 2181 τὴν
460 2111 706 2165 Πισιδίαν
738 2112 916 2182 μόνον,
966 2113 1361 2176 ἀποτακτικοὺς
1389 2111 1668 2184 δεχόμενοι

1843 2135 1851 2170 ε
1882 2116 1937 2172 in
1965 2116 2168 2173 Pisidia
2205 2118 2472 2172 duntaxat
2511 2117 2882 2172 inveniuntur.
2938 2115 3003 2170 lli
3049 2115 3196 2172 solos
3225 2116 3348 2170 illos

64 2197 212 2251 καθ’
228 2199 475 2264 ἑαυτούς.
507 2201 1026 2274 Παραπλησιάζουσι
1044 2203 1101 2258 δὲ
1119 2207 1229 2268 τοῖς
1254 2203 1631 2276 Ἐγκρατίταις
1648 2221 1662 2234 ο

65 2289 224 2344 ἄλλα
261 2291 321 2344 δὲ
348 2293 477 2364 παρ’
501 2292 700 2357 αὐτοὺς
732 2293 1041 2364 φρονοῦσιν.

158 2462 285 2528 ις’.
312 2464 725 2532 Σαϐελλιανοὶ,
741 2467 789 2519 οἱ
811 2467 879 2522 τὰ
901 2467 1061 2538 ὃμοια
1076 2467 1392 2539 Νοητιανῶν
1415 2467 1668 2534 δοξάζον-

63 2568 204 2616 τεςο
247 2553 400 2626 παρὰ
424 2556 515 2609 τὸν
536 2556 745 2626 Νοητὸν
773 2558 1027 2629 Πατέρα²
1050 2559 1376 2614 πεπονθέναι
1397 2560 1667 2630 λέγοντες,

67 2645 422 2716 προφορικὸν
436 2647 598 2700 πάλιν
625 2647 986 2721 ἀναχεόμενον
1013 2650 1104 2703 τὸν
1130 2651 1318 2720 Λόγον.

160 2823 264 2876 ΙΖ’.
291 2821 695 2892 Ὠριγεγιανοὶ,
719 2826 861 2889 τινὸς
894 2827 1220 2898 Ὠριγένους.
1243 2829 1592 2900 Αίσχροποιοὶ
1613 2829 1670 2883 δὲ

66 2905 239 2965 οὗτοί
270 2914 424 2978 εἰσιν,
451 2915 958 2986 ἀρῤητοποιοῦντες,
987 2920 1081 2972 καὶ
1111 2919 1180 2972 τὰ
1206 2921 1414 3000 ἑαυτῶν
1442 2919 1670 2991 σώματα

72 3004 273 3076 φθορᾷ
303 3005 707 3077 παραδιδόντες.

1771 2206 2090 2274 admittunt,
2121 2209 2215 2279 qui
2243 2223 2306 2264 se
2333 2208 2492 2264 bonis
2520 2209 2772 2263 omnibus
2802 2207 3199 2263 abdicaverint.
3228 2207 3348 2261 Ca:-

1768 2308 1945 2352 terum
2010 2296 2418 2354 Encratitarum
2477 2299 2687 2356 similes
2749 2307 2908 2365 sunt,
2968 2298 3072 2354 etsi
3131 2297 3347 2355 diversa

1771 2388 2016 2458 quaedam
2042 2391 2110 2445 ab
2149 2390 2257 2446 illis
2283 2398 2557 2446 statuunt.

1840 2478 1980 2535 XVI.
2026 2479 2320 2535 Sabelliani
2353 2496 2476 2536 cum
2505 2479 2787 2537 Noetianis
2817 2481 2872 2535 in
2916 2481 3174 2537 omnibus
3218 2495 3352 2550 pro-

1771 2568 2062 2639 pemodum
2126 2570 2502 2638 consentiunt,
2552 2572 2660 2628 nisi
2704 2571 2848 2642 quod
2905 2571 3120 2627 Patrem
3167 2572 3345 2642 ipsum

1771 2669 1974 2732 negant
2017 2676 2140 2716 esse
2191 2677 2454 2732 passum;
2493 2663 2562 2719 ab
2599 2679 2774 2734 eoque
2826 2663 3164 2734 prola'titium
3207 2663 3350 2719 dun-

1771 2756 1923 2802 taxat
1961 2763 2182 2803 manare
2219 2748 2480 2805 Verbum.

1841 2837 2003 2893 XVII.
2058 2839 2367 2911 Origeniani
2422 2856 2453 2895 a
2509 2840 2748 2912 quodam
2801 2840 3037 2912 Origene
3090 2839 3345 2897 derivati.

1773 2927 2100 2998 Turpissimi
2142 2930 2232 2986 isti
2277 2938 2426 2999 sunt,
2466 2947 2530 2988 ac
2567 2932 2835 2989 nefariam
2864 2943 2919 2988 et
2951 2940 3344 3003 praeposteram

1774 3018 2054 3073 libidinem
2111 3030 2388 3087 exercent,
2425 3038 2637 3094 suaque
2681 3038 2914 3093 corpora
2966 3032 3344 3094 corrumpunt.

139 3093 256 3149 lH'.
284 3097 659 3166 Ὠριγενιανοὶ
677 3098 844 3165 ἄλλοι,
863 3101 1168 3172 Ὠριγένους
1182 3102 1274 3154 τοῦ
1292 3101 1386 3155 καὶ
1403 3101 1666 3172 Ἀδάμαν-

1843 3108 2028 3166 xvm.
2089 3109 2400 3183 Origeniam'
2457 3093 2562 3168 alii
2608 3114 2675 3170 ab
2737 3114 2969 3185 Origene
3021 3093 3350 3170 Adamantio

73 3188 233 3252 τίου,
246 3187 340 3242 τοῦ
359 3190 674 3258 συντάκτου,
689 3193 735 3244 οἱ
759 3193 855 3263 τὴν
876 3193 983 3245 τῶν
1000 3193 1203 3265 νεκρῶν
1222 3193 1516 3248 ἀνάστασιν
1535 3195 1668 3246 ἀπο-

74 3275 444 3346 ϐαλλόμενοιο
470 3278 704 3349 Χριστὸν
729 3279 786 3332 δὲ
809 3280 1034 3350 κτίσμα,
1057 3282 1150 3334 καὶ
1178 3281 1236 3333 τὸ
1265 3282 1419 3348 ἆγιον
1436 3280 1669 3351 Πνεῦμα

77 3367 494 3439 εἰσηγούμενοι,
507 3371 832 3441 παράδεισον
854 3389 913 3424 τε
935 3373 1026 3426 καὶ
1041 3373 1098 3425 οὑ
1109 3374 1320 3444 ρανοὺς,
1335 3372 1431 3426 καὶ
1448 3371 1516 3425 τὰ
1537 3371 1670 3426 ἄλλα.

77 3462 278 3514 πάντα
309 3460 731 3534 ἀλληγοροῦντες
750 3479 764 3493 ’
791 3463 1026 3536 Χριστοῦ
1049 3463 1106 3517 δὲ
1135 3465 1233 3536 τὴν
1265 3461 1542 3535 βασιλείαν
1571 3479 1670 3516 πε-

78 3552 339 3606 παῦσθαι
359 3553 669 3625 ληροῦντες,
713 3555 810 3608 καὶ
843 3555 977 3626 ὁμοῦ
1005 3557 1130 3619 τοὺς
1162 3555 1424 3624 ἀγγέλους
1457 3554 1671 3626 παυθή-

80 3643 322 3698 σεσθαι·
396 3645 630 3716 Χριστὸν
677 3646 734 3698 δὲ
812 3647 909 3701 σὺν
996 3645 1226 3717 διαϐόλῳ
1290 3644 1674 3717 βασιλευθησο-

83 3737 252 3809 μένῳ
267 3737 307 3790 ⁸.

1774 3199 2063 3270 scriptore.
2096 3200 2160 3255 Ili
2206 3210 2555 3258 mortuorum
2601 3205 3064 3261 resurrectionem
3100 3212 3345 3275 negant;
3445 3256 3450 3266 κ

1775 3299 1885 3346 tam
1911 3291 2212 3357 Christum,
2261 3311 2425 3365 quam
2458 3295 2722 3366 Spiritum
2749 3306 2999 3352 sanctum
3048 3296 3249 3352 creatis
3293 3296 3347 3350 in

1777 3383 1944 3438 rebus
1978 3393 2298 3451 numerant;
2348 3387 2683 3456 paradisum,
2718 3402 2783 3442 ac
2812 3388 3004 3452 caelos,
3043 3395 3348 3456 cateraquc

1776 3471 1961 3524 omnia
2001 3471 2069 3524 ad
2106 3473 2394 3543 allegorias
2423 3470 2667 3531 referunt
2690 3491 2722 3531 ι·
2744 3475 2948 3532 Christi
2981 3491 3210 3549 regnum
3235 3484 3348 3531 ter-

1779 3561 2098 3618 minandum
2133 3579 2276 3630 esse,
2313 3566 2697 3637 desiturosque
2719 3567 2968 3624 similiter
2999 3566 3222 3639 angelos
3248 3567 3350 3622 do-

1780 3659 1942 3718 cent;
1974 3653 2336 3726 eumdemque
2366 3671 2490 3712 cum
2535 3658 2752 3715 diabolo
2794 3657 3072 3716 Christum
3122 3658 3349 3715 alterius

1778 3756 1901 3797 esse
1931 3758 2102 3815 regno
2130 3746 2555 3818 subjiciendum.

168 3901 188 3929 ¹
221 3916 311 3968 πρ.
336 3899 718 3970 σαφηνίζοντες
741 3899 834 3952 τοῦ
861 3900 1025 3970 νόμου
1055 3901 1149 3954 καὶ
1176 3900 1284 3954 τῶν
1309 3899 1624 3971 προφητῶν.
1699 3900 1720 3931 ²
1741 3899 1897 3958 Corr.
1931 3905 2083 3976 παρὰ
2119 3905 2278 3959 τοῦτο
2327 3906 2486 3978 μόνον
2506 3922 2520 3938 ·
2565 3906 2656 3960 τὸν
2686 3907 2822 3960 Πατ.
2902 3911 2922 3943 ³
2944 3903 3005 3958 F.
3038 3901 3352 3975 βασιλευθη-

88 3969 346 4038 σύμενον.

481 4266 484 4268 -
556 4218 935 4306 ΤΟΜΟΣ
1003 4217 1442 4304 ΠΡΩΤΟΣ
1521 4217 1750 4305 ΤΟΥ
1826 4216 2400 4306 ΔΕΥΤΕΡΟΥ
2452 4219 2916 4308 ΒΙΒΛΙΟΥ.

1149 4489 1475 4576 LIBRI
1555 4488 1644 4576 ΙΙ
1721 4485 2122 4580 TOMUS
2197 4489 2273 4576 Ι.

557 4730 747 4785 ΚΑΤΑ
783 4727 1244 4793 ΕΓΚΡΑΤΙΤΩΝ,

646 4823 754 4874 KZ’
782 4818 822 4887 ἢ
857 4817 955 4874 καὶ
983 4817 1120 4873 MZ'.

149 4915 233 4968 A'.
253 4911 599 4983 Ἑγκρατῖταί
620 4927 764 4974 τινες
785 4909 928 4962 οὕτω
944 4907 1284 4980 καλούμενοι,
1306 4901 1449 4964 οῦτοι
1467 4910 1560 4985 τὸν
1576 4912 1678 4965 Τα-

85 5006 281 5061 τιανδν
300 5005 647 5075 διαδέχονται,
675 5003 834 5072 φύσει
867 5003 958 5056 ὑπ’
992 4999 1156 5054 αὑτοῦ
1187 5000 1592 5072 πεπλανημένοι
1613 5021 1672 5057 τε

89 5099 192 5151 καὶ
225 5095 570 5166 ἠπατημένοι
586 5112 599 5126 ο
627 5095 789 5167 ἕτερα
817 5093 874 5147 δὲ
894 5092 1043 5164 παρὰ
1068 5091 1255 5144 τοῦτον
1281 5094 1670 5164 φρονήσαντες,

89 5191 193 5243 καὶ
209 5189 292 5252 εἰς
312 5188 532 5259 μείζονα
544 5187 704 5240 πάλιν
723 5184 1032 5258 ἐρεσχελίαν
1053 5183 1280 5247 ἑαυτοὺς
1297 5183 1672 5248 ὲκδεδωκότες.

89 5279 441 5351 Πληθύνουσι
460 5279 516 5332 δὲ
541 5271 684 5332 οὗτοι
715 5278 810 5331 καὶ
830 5279 909 5341 εἰς
939 5275 1096 5348 δεῦρο
1122 5276 1180 5327 ἐν
1207 5277 1273 5346 τῇ
1301 5274 1540 5345 Πισιδία,
1578 5278 1673 5330 καὶ

91 5378 155 5426 ἐν
174 5375 243 5443 τῇ
256 5371 465 5444 Φρυγίᾳ
483 5373 550 5442 τῇ
569 5369 896 5441 Κεκαυμένῃ
913 5368 1050 5442 (95),
1063 5368 1206 5424 οὕτω
1226 5366 1680 5440 λεγομένῃ.”1σως

2030 4733 2194 4810 399
2227 4729 2596 4807 ADVERSUS
2634 4729 3091 4794 ENCRATITAS,

1995 4825 2126 4892 Quae
2158 4834 2237 4880 est
2278 4825 2491 4881 hceresis
2517 4823 2625 4878 XX
2639 4823 2751 4878 γιι
2772 4825 2878 4880 sive
2903 4822 2997 4877 XL
3011 4821 3142 4878 VII.

1853 4916 1896 4971 l.
1937 4916 2038 4983 Qui
2085 4915 2375 4970 Encratitee
2433 4919 2732 4976 vocantur,
2782 4911 3011 4968 Tatiano
3072 4925 3351 4969 successe-

1785 5015 1933 5072 runt,
1975 5007 2131 5077 cujus
2158 5006 2438 5062 erroribus
2470 5005 2662 5060 imbuti
2695 5013 2843 5070 sunt,
2878 5003 3214 5074 eosdemque
3248 5019 3349 5061 no-

1785 5101 1867 5155 vis
1905 5097 2252 5168 0pinionibus
2293 5095 2666 5161 cumularunt,
2709 5103 2763 5150 et
2799 5093 3036 5165 majores
3067 5108 3242 5166 nugas
3286 5109 3352 5148 ac

1787 5191 1978 5246 deliria
2015 5187 2308 5245 commenti
2365 5195 2511 5242 sunt.
2575 5185 2778 5242 Horum
2821 5186 3014 5257 ingens
3066 5194 3150 5242 est
3193 5186 3354 5241 hodie

1788 5294 2048 5333 numerus
2099 5278 2154 5331 in
2206 5275 2433 5340 Pisidia,
2483 5291 2655 5346 eaque
2700 5275 2949 5348 Phrygia:
2995 5284 3168 5347 parte,
3230 5292 3351 5346 quae

1787 5369 1995 5424 Adusta
2026 5367 2246 5423 dicitur.
2293 5365 2450 5432 Quod
2474 5365 2522 5420 ei
2565 5365 2775 5436 regioni
2823 5381 3022 5422 nomen
3073 5376 3222 5423 certo
3256 5366 3352 5421 Dei

172 5487 288 5561 (95)
341 5487 436 5540 Ἐν
466 5487 540 5561 τῇ
564 5489 785 5561 Φρυγίᾳ
815 5487 890 5556 τῇ
917 5489 1270 5561 κεκαυμένῃ.
1303 5487 1379 5540 Ea
1409 5494 1492 5541 est
1519 5485 1669 5561 apud

1843 5491 2067 5561 irygiam
2113 5503 2236 5544 esse
2281 5493 2526 5561 censent.
2579 5483 2798 5561 Invenio
2824 5485 2877 5540 e't
2908 5481 3227 5561 Laodiceam
3245 5496 3351 5561 co-

93 5549 432 5631 Strabonem
463 5549 636 5631 [.3111
663 5549 969 5631 ijdoru'm.
1006 5549 1392 5631 Mysorumque
1424 5549 1588 5631 regio'
1611 5556 1678 5610 ad
1779 5549 2622 5631 ειιοίῐῖθηῐοκατακεκαυμένην,
2643 5556 2699 5611 in
2745 5555 3044 5627 Lycaonia,
3094 5553 3210 5606 sive
3239 5549 3352 5605 Ga-

95 5626 458 5682 hlaeandrum.
503 5627 571 5681 At
603 5625 912 5698 Stephanus
956 5625 1462 5696 Καὲακεκαυιιένην
1531 5626 1669 5696 ὡραι

95 5698 178 5752 ait
209 5711 334 5752 esse
359 5697 457 5752 τῆς
483 5698 734 5752 Ἐφεσίας
764 5714 832 5752 ex
862 5715 960 5752 xm
987 5699 1273 5752 Strabonis
1293 5681 1455 5752 Iibt‘o.
1485 5644 1669 5752 genteri

1843 5632 1930 5696 Lia,
1958 5629 2097 5685 haud
2131 5629 2318 5702 procul
2353 5625 2680 5684 ab‘lsauria.

94 5681 193 5754 ait
209 5681 334 5756 esse
358 5681 457 5767 τῆς
483 5681 840 5768 Ἐφεσίὸιξίοὶ
856 5681 974 5756 {ut
987 5681 1273 5757 Strabonis
1293 5681 1455 5754 libro.

1529 5696 1686 5753 ceteri
