3750 6200
98 273 223 330 855

813 270 1192 328 ADVURSUS
1233 236 1577 326 IMZRESIES
1616 264 1721 321 LIB

1898 262 2032 321 'OM.
2074 262 2115 319 1.
2158 262 2435 319 ΙΙᾹΞΒΕΒ.
2475 260 2686 317 XLVII.

3292 257 3394 315 854

94 392 210 446 τοῦ
261 386 626 464 προκειμένου
671 391 1118 462 ἀπηγορευμένον
1160 390 1415 461 ὑπάρχει.
1459 389 1571 442 Καὶ
1596 386 1706 457 γὰρ

1898 398 1978 436 me
2004 398 2187 437 eorum
2211 382 2303 452 qui
2322 379 2631 450 perquirunt
2653 377 2741 433 ubi
2766 377 3178 447 computationes
3200 377 3331 447 ﬁant
3351 377 3399 431 "l

92 484 171 536 οὐ
207 482 371 553 μόνον
403 484 498 537 ἐπὶ
544 481 674 553 οἴνῳ
709 480 869 535 τοῦτο
911 481 1118 552 εἴποιμ’
1154 481 1241 546 ἂν,
1292 479 1428 535 ἀλλὰ
1473 480 1570 535 καὶ
1616 478 1709 533 ἐπὶ

94 575 288 645 πολλῇ
329 573 630 646 ἀπληστία.
665 573 839 627 Τοῦτο
883 573 993 644 γὰρ
1022 572 1117 626 καὶ
1156 574 1185 625 6
1223 572 1429 643 Κύριος
1463 572 1711 626 ἐδίδασκε

93 666 365 733 φάσκων·
381 670 441 721 Μ
444 666 478 734 ἡ
490 665 1181 736 βαρυνέσθωσανυμῶν,
1197 665 1384 736 φησὶν,
1401 668 1461 719 αἱ
1476 664 1714 735 καρδίαι

94 758 183 811 ἐν
217 757 525 828 κραιπάλῃ
548 760 647 813 καὶ
673 759 992 831 μερίμναις
1017 760 1327 827 ,ϐιωτικαῖς
1348 776 1362 791 ·
1401 762 1497 815 καὶ
1527 762 1608 824 τὸ,
1642 763 1714 815 Ei

92 848 571 920 ἀπληστότερος
603 849 678 916 εἶ,
709 852 795 921 μὴ
819 853 1090 923 ἐπιθύμει
1119 853 1238 907 τῶν
1272 853 1379 907 τοῦ
1406 853 1712 909 πλουσίου

92 940 476 1011 βρωμάτων·
516 943 706 1000 ταῦτα
742 944 853 1014 γὰρ
877 946 1078 1013 ἔχεται
1105 944 1254 1015 ζωῆς
1282 943 1581 1014 ψευδοῦςέ
1605 945 1712 998 Πε-

99 1035 451 1109 ρισσοτέρως
495 1036 552 1089 δὲ
595 1038 624 1089 6
671 1038 827 1106 ἅγιος
865 1037 1218 1101 Ἀπόστολος’
1266 1037 1574 1109 ἀπλήστους
1619 1037 1714 1091 καὶ

97 1125 433 1196 ἀδηφάγους
471 1129 761 1195 σκώπτων,
781 1129 1108 1200 λαιμάργοις
1144 1129 1459 1202 ἐπιθυμίαις
1495 1114 1715 1203 ἐπαρώ-

104 1235 309 1288 μενος,
349 1218 451 1289 ἔφη
472 1237 486 1251 ·
520 1225 595 1275 Τὰ
631 1219 916 1290 βρώματα
947 1219 1024 1290 τῇ
1062 1222 1282 1291 κοιλίᾳ,
1311 1222 1409 1277 καὶ
1443 1223 1483 1291 ἡ
1517 1222 1715 1278 κοιλία

102 1309 248 1377 τοῖς
271 1310 589 1379 βρώμασιν
611 1328 623 1339 ’
668 1316 700 1366 ό
755 1312 823 1366 δὲ
851 1312 995 1379 Θεὸς
1026 1313 1125 1367 καὶ
1147 1315 1374 1383 ταύτην
1402 1315 1504 1370 καὶ
1527 1315 1715 1371 ταῦτα

103 1402 513 1472 καταργήσει.
576 1404 737 1458 Ἀλλά
787 1405 884 1459 καὶ
933 1405 1106 1460 Ἡσαῦ
1155 1406 1225 1460 τὰ
1262 1407 1604 1479 πρωτοτόκια
1647 1409 1713 1462 δι’

101 1490 394 1563 secum;
414 1492 589 1565 πυροῦ
607 1493 1056 1565 ¹(96)ἀπώλεσεν,
1076 1494 1151 1559 ῶς
1180 1514 1345 1569 φησιν
1368 1499 1401 1568 ἡ
1422 1497 1635 1569 Γραφὴ,
1654 1496 1715 1549 τὸ

100 1582 254 1636 αὐτὸ
286 1584 525 1638 καλοῦσα
544 1584 724 1657 ἓψεμα
741 1586 914 1660 πυροῦ
940 1588 1032 1642 καὶ
1054 1588 1257 1658 φακῆς.
1290 1583 1457 1658 Οἶμαι
1473 1588 1529 1643 δὲ
1550 1589 1711 1658 τάχα,

98 1676 201 1728 ὅτι
254 1677 355 1731 οὐκ
392 1678 500 1731 ἀπὸ
544 1677 740 1751 πυροῦ,
776 1680 1056 1733 τουτέστιν
1100 1679 1209 1734 ἀπὸ
1253 1680 1399 1733 σίτου
1430 1674 1536 1751 ἦν’
1578 1679 1714 1733 ἀλλά

1810 474 1940 532 Haec
1989 484 2043 532 et
2091 475 2198 530 alia
2236 475 2291 530 id
2347 487 2524 546 genus
2573 472 2693 527 lora
2744 477 3154 542 perscrutantes
3192 484 3399 539 conge-

1811 581 1962 637 runt,
1994 587 2105 644 quo
2139 585 2296 629 suam
2336 567 2648 640 opinionem
2686 565 2975 629 suadeant,
3015 578 3118 618 nec
3156 562 3291 617 illud
3323 563 3400 615 in-

1812 665 2089 736 telligunt,
2117 678 2227 719 non
2260 662 2316 717 in
2346 676 2413 717 eo
2443 660 2563 715 solo
2594 658 2662 714 de
2688 674 2799 729 quo
2834 657 3034 727 agitur,
3068 655 3165 711 sed
3192 655 3401 722 ubique

1812 758 2077 829 quidquid
2118 756 2340 811 modum
2370 752 2692 818 excesserit,
2726 751 3043 810 molestum,
3075 756 3129 801 et
3158 754 3314 801 extra
3345 744 3395 798 id

1812 850 1957 921 quod
1988 856 2329 921 propositum
2368 856 2454 905 est
2485 847 2820 919 prohibitum
2853 860 2996 899 esse.
3024 841 3211 911 Neque
3252 840 3397 895 enim

1814 941 1869 996 id
1898 942 1966 997 de
1999 942 2126 995 vino
2161 941 2361 1007 solum,
2390 940 2489 996 sed
2522 939 2590 995 de
2619 939 2864 995 ciborum
2892 937 3062 990 nimia
3111 930 3399 988 saturitate

1814 1034 1923 1089 dici
1954 1041 2173 1105 potest..
2205 1035 2385 1104 Atque
2424 1033 2528 1089 hoc
2573 1039 2660 1089 est
2694 1030 2842 1103 quod
2874 1028 2930 1084 in
2964 1026 3258 1098 Evangelio
3290 1023 3400 1080 Do-

1813 1126 1997 1179 minus
2045 1125 2331 1179 admonuit
2372 1143 2385 1178 :
2426 1122 2502 1177 Ne
2532 1133 2816 1193 graventur
2853 1118 3017 1174 corda
3066 1127 3239 1172 ucstra
3284 1130 3401 1169 cra-

1813 1218 1962 1287 pula,
1998 1229 2045 1272 et
2085 1218 2355 1280 ebrietate,
2398 1228 2446 1271 et
2482 1218 2625 1271 curis
2655 1216 2812 1285 hujus
2853 1212 3101 1268 swculi“.
3130 1213 3266 1266 Item
3296 1229 3308 1264 :
3344 1207 3400 1263 Si

1815 1311 2136 1364 insatiabilis
2170 1327 2246 1373 es,
2278 1326 2341 1363 ne
2370 1309 2710 1376 concupiscas
2740 1305 2915 1359 divitis
2956 1302 3138 1367 cibos;
3171 1300 3223 1353 hi
3262 1300 3402 1354 enim

1814 1403 1933 1457 rita:
1958 1401 2198 1455 mendaci
2220 1400 2487 1467 coniuncti
2515 1410 2634 1454 sunt
2654 1399 2696 1453 ⁴.
2724 1397 2831 1454 Sed
2863 1396 3004 1451 idem
3027 1394 3186 1465 longe
3214 1393 3403 1462 copio—

1816 1494 1932 1549 sius
1985 1495 2052 1547 ab
2085 1493 2350 1562 Apostolo
2384 1491 2724 1547 declaratum
2756 1509 2768 1543 :
2803 1488 2899 1560 qui
2949 1486 3149 1542 edaces
3182 1491 3238 1539 et
3283 1483 3402 1538 hel-

1820 1587 2012 1641 luones
2065 1586 2344 1649 dcridens,
2392 1600 2457 1641 ac
2509 1586 2649 1657 gulae
2697 1583 3031 1655 cupiditates
3075 1581 3400 1637 detestans:

1820 1676 1957 1731 Esca
2003 1678 2191 1741 ventri,
2225 1677 2424 1748 inquit,
2473 1686 2522 1730 et
2561 1685 2736 1731 venter
2764 1678 2935 1739 escis;
2965 1673 3105 1728 Deus
3147 1681 3321 1727 autem
3356 1680 3405 1724 et

100 1768 263 1837 τάχα
290 1769 366 1833 ὡς
398 1770 498 1842 ἤδη
525 1738 797 1842 ὲψημένον
826 1770 1077 1841 λείψανον
1105 1770 1303 1841 φακοῦ,
1337 1771 1433 1825 καὶ
1456 1738 1547 1824 ’ἔτι
1586 1771 1707 1823 ὲπις

1898 1785 1960 1822 nc
1997 1778 2046 1823 et
2074 1768 2199 1823 illas
2230 1738 2519 1835 destruet”.
2567 1768 2834 1825 Praeterea
2856 1767 3003 1823 Esau
3039 1763 3405 1836 primogenita

99 1861 276 1915 τεθὲν
304 1865 457 1935 πυρὶ,
488 1864 549 1917 τὸ
574 1859 730 1927 αὖθις
756 1864 1007 1936 πυρωθὲν
1036 1866 1069 1937 ἡ
1098 1864 1289 1937 Γραφὴ
1312 1866 1506 1935 πυροῦ
1530 1864 1716 1936 διηγή-

104 1967 293 2017 σατο,
332 1952 422 2007 διὰ
448 1953 510 2006 τὸ
553 1952 1024 2025 ἐπιθερμανθῆναι
1072 1955 1210 2026 μετά
1244 1954 1305 2007 τὸ
1336 1944 1712 2027 ψυχρωθῆναι.

101 2043 235 2095 Καὶ
260 2044 336 2108 ὡς
364 2046 569 2109 ἐκεῖνος
596 2045 663 2098 δι’
692 2040 834 2100 οἶνον
866 2044 1180 2119 ἐγυμνώθη,
1220 2047 1384 2118 μηδὲν
1413 2046 1712 2119 ἀδικηθεὶς,

105 2130 299 2195 οὕτως
331 2132 532 2201 μᾶλλον
553 2133 641 2189 διὰ
670 2137 859 2189 πεῖναν
888 2137 984 2190 καὶ
1004 2136 1310 2208 ἀπληστίαν
1339 2137 1406 2191 τὰ
1439 2137 1715 2209 πρωτοτό-

107 2237 218 2274 κια
250 2221 544 2288 ἀπολέσας,
575 2223 777 2294 μᾶλλον
807 2225 948 2297 ὑπὲρ
987 2225 1078 2280 τὸν
1113 2221 1258 2280 οἶνον
1287 2226 1563 2298 ἠδίκηται.
1603 2227 1717 2280 Καὶ

106 2311 280 2367 οὐδὲν
339 2313 513 2385 ἰσχύει
548 2316 717 2384 ἐγγὺς
769 2318 869 2389 τῆς
913 2316 1172 2389 ἀληθείας
1211 2319 1712 2391 παραπεποιημένη

107 2401 291 2467 λέξις,
312 2404 433 2457 οὐδὲ
464 2403 719 2477 μυθώδης
741 2423 825 2471 τις
857 2407 1252 2479 ὲπινενοημένη
1279 2407 1711 2480 δραματουργία.

1823 1875 1922 1916 sua
1961 1860 2219 1914 frumenti
2252 1860 2515 1930 pulticula
2558 1860 2825 1925 vendidit,
2858 1867 2916 1912 ut
2952 1856 3236 1927 Scriptura
3289 1870 3408 1909 nar-

1823 1951 1961 2016 rat',
1988 1966 2109 2021 qua:
2139 1951 2386 2006 eamdem
2421 1960 2475 2005 et
2514 1949 2773 2006 frumenti
2813 1959 2867 2006 et
2896 1949 3057 2006 lentis
3086 1948 3407 2020 pulticulam

1816 2050 1995 2098 vocat.
2031 2041 2356 2113 Quanquam
2396 2041 2450 2096 id
2490 2057 2592 2113 ego
2618 2042 2976 2099 verisimilius
3002 2041 3265 2105 arbitror,
3298 2053 3407 2093 non

1817 2151 1885 2192 ex
1912 2135 2190 2190 frumento
2221 2149 2343 2190 eam
2367 2134 2724 2190 sorbitionem
2755 2133 2961 2200 fuisse;
2985 2131 3081 2189 sed
3106 2130 3311 2207 jusculi
3342 2145 3409 2186 ex

1820 2228 1969 2283 lente
2019 2226 2328 2291 residuum,
2370 2224 2518 2296 quod
2554 2226 2663 2294 igni
2720 2241 2915 2282 rursus
2968 2223 3307 2295 impositum,
3346 2236 3411 2276 ac

1820 2324 2123 2389 recOctum,
2146 2328 2433 2390 propterea
2460 2317 2638 2390 πυροῦ
2661 2334 2690 2372 a
2716 2318 3001 2388 Scriptura
3023 2326 3276 2371 vocatum
3302 2320 3409 2375 est,

1822 2411 2087 2483 quoniam
2122 2427 2247 2466 cum
2283 2410 2590 2468 refrixisset
2619 2410 2800 2466 denuo
2833 2412 3160 2465 calefactum
3204 2414 3309 2463 est.
3341 2405 3413 2462 Ut

108 2499 295 2570 igitur
332 2500 404 2554 ob
432 2500 617 2555 vinum
649 2502 740 2557 ille
777 2502 927 2557 nulla
969 2518 1000 2556 a
1038 2518 1317 2574 quoquam
1358 2512 1583 2574 accepta
1621 2503 1825 2574 injuria
1865 2506 2105 2561 nudatus
2156 2514 2279 2570 est;
2344 2506 2425 2561 sic
2482 2505 2621 2560 alter
2657 2504 2728 2559 ob
2768 2503 2963 2558 famem
3013 2516 3077 2556 ac
3138 2498 3412 2555 voracita-

108 2601 239 2649 tem
296 2596 677 2668 primogenitis
737 2599 980 2663 amissis,
1035 2599 1215 2669 majus
1259 2614 1426 2668 quam
1464 2614 1531 2655 ex
1585 2600 1715 2655 vino
1743 2600 2009 2657 damnum
2067 2609 2232 2670 atque
2273 2600 2537 2669 injuriam
2601 2597 2833 2669 accepit.
2886 2597 2964 2650 lta
3005 2594 3141 2651 nihil
3186 2592 3413 2648 omnino

110 2691 325 2746 virium
356 2693 517 2748 habet
544 2693 611 2747 ad
639 2694 1009 2751 simulandam
1047 2697 1332 2753 veritatem
1394 2696 1739 2768 compositus
1802 2712 2005 2766 sermo,
2072 2698 2158 2753 vel
2203 2697 2272 2753 ab
2319 2696 2429 2753 illis
2470 2694 2669 2751 fabulae
2712 2695 2886 2750 instar
2929 2691 3235 2763 excogitata
3283 2702 3412 2744 nar-

112 2785 294 2841 ratio.

198 2879 278 2933 I".
314 2880 679 2952 Σεμνυνονται
696 2881 754 2936 δὲ
772 2881 934 2953 δῆθεν
951 2883 1300 2956 ἐγκράτειαν,
1325 2883 1610 2957 σφαλερῶς
1646 2882 1717 2937 τὰ

114 2970 314 3024 πάντα
360 2968 742 3045 ἐργαζόμενοι,
795 2976 961 3045 μέσον
997 2977 1275 3045 γυναικῶν
1312 2977 1715 3050 εὑρισκόμενοι,

117 3066 227 3117 καὶ
254 3068 519 3133 γυναῖκας
549 3068 887 3139 πανταχόθεν
914 3069 1252 3135 ἀπατῶντες,
1274 3071 1492 3140 γυναιξὶ
1510 3070 1566 3123 δὲ
1594 3087 1719 3125 συν-

118 3154 430 3223 οδεύοντες,
480 3158 576 3211 καὶ
604 3158 1072 3230 συνδιαιτώμενοι,
1103 3162 1198 3216 καὶ
1226 3161 1722 3233 ἐξυπηρετούμενοι

121 3248 241 3301 ὑπὸ
261 3248 370 3301 τῶν
392 3249 670 3313 τοιούτων,
698 3249 805 3315 ἔξω
839 3250 938 3322 μὲν
966 3252 1067 3324 τῆς
1093 3252 1354 3324 ἀληθείας
1385 3254 1558 3319 ὄντες,
1592 3255 1727 3327 μόρ-

122 3356 309 3409 φωσιν
346 3339 403 3393 δὲ
448 3340 648 3410 μᾶλλον
693 3341 1046 3412 κεκτημένοι,
1085 3342 1185 3414 τὴν
1212 3343 1269 3397 δὲ
1297 3342 1527 3415 δύναμιν
1554 3344 1726 3416 αὐτῆς

120 3432 234 3503 τῆς
265 3432 547 3497 εὐσεϐείας
584 3434 906 3504 ἠρνημένοι.
954 3434 1170 3488 Ὀποίου
1203 3436 1313 3507 γὰρ
1347 3434 1413 3489 ἄν
1442 3453 1528 3499 τις
1559 3434 1724 3508 ἔργου

121 3523 440 3598 καταλείψῃ
483 3526 671 3597 μέρος,
719 3525 780 3579 τὸ
821 3528 930 3581 πᾶν
976 3524 1255 3599 πλήρωμα
1296 3527 1475 3598 ἀφῆκε
1509 3527 1597 3581 διὰ
1629 3527 1724 3581 τοῦ

123 3616 255 3681 ἑνὸς
287 3616 484 3689 μέρους
510 3618 606 3672 τοῦ
655 3619 1179 3691 καταλελειμμένου.
1249 3620 1416 3674 ’Ὅθεν
1476 3621 1549 3675 τά
1591 3623 1724 3695 παρ’

122 3710 325 3774 αὐτοῖς
366 3713 645 3783 μυστήρια
687 3712 753 3764 δι’
786 3711 978 3776 ὓδατος
1019 3712 1181 3783 μόνον
1218 3711 1449 3781 γίνεται,
1478 3714 1570 3766 καὶ
1601 3712 1725 3767 οὔτε

132 3805 418 3875 μυστήρια
449 3804 599 3867 ὅντα,
636 3803 774 3857 ἀλλά
793 3803 937 3858 κατά
965 3804 1197 3876 μίμησιν
1219 3804 1330 3858 τῶν
1361 3804 1632 3876 ἀληθινῶν
1659 3807 1726 3861 τὰ

127 3894 309 3966 ψευδῆ
347 3896 625 3965 γινόμενα.
661 3895 823 3949 Ὅθεν
854 3896 949 3949 καὶ
992 3898 1051 3949 ὲν
1094 3894 1268 3967 τούτῳ
1304 3896 1726 3969 ἐλεγχθήσονται

127 3988 249 4040 ἀπὸ
280 3985 375 4039 τοῦ
399 3985 603 4049 εὐθέως
632 3985 726 4039 τοῦ
754 3986 1007 4058 Σωτῆρος
1031 3986 1193 4055 λόγου
1220 3985 1315 4040 τοῦ
1340 3986 1611 4057 λέγοντος·
1645 3991 1728 4043 Οὐ

121 4076 219 4147 μὴ
243 4078 357 4131 πίω
386 4076 504 4133 ἀπὸ
534 4079 640 4133 τοῦ
666 4078 1039 4149 γεννήματος
1057 4076 1169 4147 τῆς
1185 4078 1460 4149 ἀμπέλου
1483 4080 1727 4148 ταύτης,

127 4169 252 4235 ἕως
277 4168 354 4223 ἂν
380 4171 495 4223 πίω
524 4169 673 4224 αὐτὸ
702 4169 918 4225 καινὸν
948 4170 1017 4224 ἐν
1046 4166 1120 4239 τῇ
1151 4171 1447 4240 βασιλείᾳ
1476 4170 1597 4226 τῶν
1626 4173 1729 4227 οὺ-

119 4262 341 4332 ρανῶν
365 4263 495 4331 μεθ’
518 4259 708 4332 ὑμῶν.
777 4286 783 4292 η

1898 2891 1988 2949 lll.
2031 2894 2188 2961 Quod
2245 2909 2379 2951 vero
2427 2892 2826 2950 continentiam
2876 2890 3410 2964 gloriosejactitant,

1746 3013 1787 3069 ο
1825 2985 2101 3040 lubricum
2149 2986 2503 3043 est.illorum
2553 2984 2774 3056 quidem
2822 2998 2887 3039 ac
2925 2983 3151 3054 periculi
3189 2984 3410 3053 plenum

1828 3076 2061 3133 facinus.
2094 3075 2231 3131 Nam
2266 3077 2412 3133 inter
2446 3077 2807 3132 mulierculas
2842 3081 3138 3131 versantur
3169 3076 3408 3137 assidue,

1826 3185 1966 3241 quas
2013 3170 2383 3241 undecunque
2428 3171 2731 3241 pelliciunt,
2790 3185 2915 3224 cum
2951 3170 3018 3225 iis
3052 3172 3154 3224 iter
3182 3170 3410 3232 faciunt,

1829 3277 1892 3316 ac
1924 3263 2295 3317 communiter
2326 3263 2539 3327 vivunt,
2576 3277 2876 3331 earumque
2910 3260 3228 3316 ministeriis
3262 3268 3416 3316 utun-

1831 3358 1939 3407 tur.
2000 3350 2181 3418 Quare
2230 3367 2358 3408 cum
2402 3368 2433 3406 a
2463 3353 2697 3407 veritate
2749 3352 2966 3423 longius
3017 3352 3221 3415 absint,
3276 3352 3412 3407 nihil

1828 3450 2025 3514 praeter
2074 3444 2393 3499 ementitam
2436 3444 2592 3499 illius
2635 3444 2872 3514 speciem
2930 3452 3250 3511 ostentant;
3304 3444 3414 3497 vim

1829 3537 2005 3608 ipsam
2038 3537 2269 3593 sincerae
2299 3537 2521 3609 pietatis
2549 3536 2840 3608 abnegant.
2875 3534 3087 3591 Etenim
3114 3536 3416 3605 cujuscun-

1829 3642 1938 3696 que
1966 3626 2135 3683 officii
2185 3637 2402 3699 partem
2452 3626 2652 3695 aliquis
2706 3627 3141 3697 praetermiserit,
3190 3642 3253 3681 ea
3298 3626 3416 3696 ipsa

1830 3734 1995 3788 quam
2033 3719 2223 3774 omisit
2257 3726 2432 3789 parte,
2485 3725 2659 3773 totum
2709 3718 3041 3788 praeteriisse
3106 3715 3417 3773 censendus

1830 3820 1934 3867 est.
2003 3811 2095 3867 Sic
2151 3812 2368 3867 illorum
2432 3811 2738 3883 mysteria,
2817 3825 2939 3880 qua:
2994 3823 3134 3880 aqua
3205 3809 3414 3865 solum-

1831 3904 1995 3959 modo
2042 3910 2301 3959 constant
2345 3903 2608 3975 mysteria
2629 3918 2739 3957 non
2780 3910 2945 3967 sunt;
2977 3902 3069 3956 sed
3103 3901 3226 3957 ficta
3255 3911 3418 3971 atque

1831 3992 2068 4059 fallacia,
2102 4008 2354 4049 verorum
2394 3993 2461 4048 ad
2513 3992 2804 4063 imaginem
2840 4005 3121 4061 expressa.
3186 3990 3245 4044 ln
3306 4006 3417 4061 quo

1832 4082 2155 4152 planissima
2217 4083 2341 4137 illos
2398 4081 2701 4135 Salvatoris
2761 4079 3032 4135 sententia
3096 4078 3413 4149 redarguit:

1834 4175 1959 4230 Non
2004 4175 2181 4229 bibam
2242 4175 2405 4248 402
2450 4175 2513 4228 de
2550 4174 2645 4229 hoc
2706 4173 2964 4243 genimine
3023 4171 3184 4235 ritis,
3257 4171 3420 4227 donec

1834 4266 2011 4320 bibam
2055 4266 2187 4321 illud
2227 4282 2416 4321 novum
2473 4267 2528 4319 in
2587 4282 2744 4335 regno
2782 4266 3033 4319 caelorum
3073 4262 3339 4318 vobiscum
3368 4263 3416 4315 ".

209 4352 383 4407 Πάλιν
404 4354 480 4417 ὡς
506 4354 711 4427 ταύτην
743 4356 1136 4426 παρωσάμενοι
1170 4355 1314 4427 χειρὶ
1351 4356 1591 4427 κραταιᾷ
1625 4354 1721 4427 τῆς

1903 4359 2268 4427 Quamobrem
2306 4367 2659 4430 posteaquam
2698 4358 2839 4411 hanc
2891 4357 3140 4411 haeresim
3191 4354 3419 4410 validis-

128 4446 421 4519 ἀληθείας,
465 4447 543 4511 ὡς
572 4448 845 4507 κνώδαλον
876 4448 1140 4520 ὀδυνηρὸν
1172 4448 1401 4502 ὀδόντων
1432 4448 1730 4520 ἀφῃρημέ-

129 4556 251 4602 νον,
292 4538 385 4591 ὲπὶ
412 4539 511 4603 τὰς
546 4539 673 4610 ἑξῆς
696 4538 888 4610 ἴωμεν,
922 4540 1169 4611 συνήθως
1196 4539 1288 4594 τὸν
1308 4540 1442 4593 Θεὸν
1461 4540 1572 4593 τῶν
1591 4540 1729 4593 ὅλων

130 4627 583 4698 ἐπικαλούμενοι,
618 4629 812 4698 όδηγόν
842 4647 901 4682 τε
936 4631 1031 4684 καὶ
1062 4630 1353 4701 ἀμυντῆρα
1380 4630 1490 4684 τῶν
1517 4630 1728 4696 δεινῶν,

130 4717 434 4786 ἐπίκουρόν
454 4734 512 4769 τε
534 4718 635 4787 τῆς
663 4721 1000 4790 φρονήσεως,
1034 4719 1194 4792 δότην
1214 4737 1273 4773 τε
1295 4720 1424 4774 ὄντα
1446 4722 1611 4776 αὑτὸν
1633 4726 1730 4795 τῆς

129 4813 354 4880 σοφίας·
391 4810 457 4863 ἶν’
494 4812 678 4880 ἡμεῖς,
730 4814 860 4883 παρ’
888 4811 1055 4866 αὑτοῦ
1088 4814 1298 4885 τάληθῆ
1346 4812 1728 4885 μανθάνοντες,

126 4904 239 4969 τὰς
275 4902 388 4957 τῶν
427 4901 602 4957 ἄλλων
647 4904 1055 4959 ἀποκαλύπτειν
1088 4906 1472 4978 δυνηθείημεν,
1505 4907 1600 4960 καὶ
1632 4908 1732 4979 τὴν

129 4999 264 5053 κατ’
284 4997 467 5051 αὐτῶν
493 4996 767 5052 ἀντίδοτον
799 4997 1049 5069 ἰατρικὴν
1079 4998 1146 5051 ἐκ
1175 4997 1386 5052 πολλῶν
1408 4998 1733 5071 μυρεψικῶν

134 5226 158 5259 ⁸
187 5156 229 5259 [ξ
265 5151 403 5208 LXX
456 5152 669 5259 πυρὲοῦ
698 5154 1058 5259 ξοξξρειξιοιιηι.
1133 5153 1341 5259 ’algrov.
1366 5153 1637 5223 “111,29,
1671 5154 1761 5210 '50.

216 5242 306 5259 -on
375 5242 481 5259 'vu
556 5250 567 5259 ι
762 5254 766 5259 ,
811 5236 878 5259 nll
910 5244 922 5259 ι
977 5241 1101 5259 ννυι

187 5225 332 5281 Gen.
374 5242 501 5291 xxv,
532 5225 624 5281 5t).
710 5226 730 5256 "
754 5227 945 5282 Matth.
976 5241 1124 5295 xxvi,
1152 5226 1242 5283 τε).

211 5382 327 5453 (96)
368 5380 459 5453 Διῖ
488 5380 789 5451 ἐψέματος
828 5380 1053 5453 πυροῦ.
1082 5380 1286 5453 Mirum
1318 5388 1407 5453 est
1452 5379 1580 5453 quid
1624 5379 1726 5453 sibi

131 5452 377 5509 voluerit
422 5452 760 5523 Epiphanius
786 5494 799 5513 ,
839 5463 934 5506 aut
965 5452 1097 5522 quid
1149 5453 1203 5506 in
1237 5452 1424 5523 animo
1451 5452 1727 5512 habuerit,

131 5540 268 5578 cum
306 5525 419 5579 haec
449 5520 743 5586 scriberet,
778 5520 1049 5593 ὲψέματος
1089 5520 1262 5593 πυροῦ
1291 5522 1433 5577 idem
1464 5538 1620 5585 esse,
1665 5538 1729 5593 ac

134 5594 392 5664 ferventis
431 5603 523 5648 aut
560 5604 777 5649 recocta:
816 5591 1141 5647 Sorbitionis.
1170 5591 1323 5646 ’Nam
1368 5594 1513 5661 quod
1552 5591 1727 5662 πυροῦ

137 5665 577 5722 frumentaceam
628 5665 806 5735 primo
853 5665 974 5718 loco
1038 5664 1448 5735 interpretatur,
1503 5664 1728 5735 cstgilla

136 5736 369 5809 quidem
418 5733 777 5801 tolerabilior,
838 5734 934 5792 sed
967 5743 1161 5791 contra
1191 5733 1540 5790 Hebraeorum
1576 5733 1727 5789 Grae-

1832 4449 1972 4504 sima
2015 4449 2261 4505 veritatis
2303 4463 2468 4502 manu
2521 4447 2967 4518 propulsavimu's
2991 4486 3005 4510 ,
3039 4461 3103 4500 ac
3131 4446 3281 4500 velut
3315 4446 3419 4499 im-

1833 4547 2087 4610 portunae
2111 4539 2331 4594 cuidam
2368 4539 2558 4595 bestiae
2588 4540 2780 4594 dentes
2803 4537 3174 4603 excussimus,
3208 4535 3275 4590 ad
3300 4536 3421 4592 reli-

1835 4646 1973 4703 quas
2030 4640 2403 4687 transeamus.
2463 4632 2569 4688 Sed
2614 4630 2708 4686 Dei
2765 4631 3027 4701 primum,
3064 4636 3123 4683 ut
3156 4628 3419 4695 solemus,

1837 4724 2243 4795 implorandum
2291 4724 2453 4781 nobis
2482 4724 2589 4778 erit
2616 4724 2904 4789 auxilium,
2945 4722 3039 4793 qui
3073 4728 3128 4777 et
3158 4720 3260 4775 viae
3287 4720 3420 4787 dux,

1840 4818 2220 4887 malorumque
2263 4817 2558 4887 depulsor,
2614 4824 2669 4871 et
2715 4814 3019 4885 prudentiae
3067 4812 3308 4883 adjutor,
3366 4821 3421 4865 et

1840 4908 2119 4977 sapientiae
2165 4909 2392 4980 largitor
2417 4916 2520 4973 est,
2556 4914 2615 4961 ut
2643 4908 2711 4961 ab
2758 4907 2879 4977 ipso
2914 4907 3198 4962 veritatem
3241 4905 3420 4960 edocti

1841 5002 2178 5073 reliquarum
2210 5002 2490 5058 baareseon
2521 5016 2741 5057 errores
2782 4999 3107 5068 patefacere,
3147 5005 3312 5069 atque
3355 5013 3420 5053 ex

1837 5154 1858 5185 ³
1885 5154 2019 5212 Luc.
2054 5173 2168 5221 xm,
2205 5156 2292 5212 54.
2400 5158 2421 5188 ⁸
2443 5156 2601 5211 Prov.
2630 5171 2785 5218 χχιιι,
2809 5155 2863 5209 5.
2942 5155 2962 5186 ⁸
2995 5153 3013 5207 1
3046 5153 3172 5209 Cor.
3226 5167 3301 5217 vr,
3333 5131 3420 5204 [ὅ.

1838 5394 2139 5448 eorumque
2184 5376 2435 5431 codicum
2484 5375 2640 5431 fidem
2678 5382 2938 5445 usurpata
2984 5374 3167 5448 lectio.
3209 5372 3423 5448 Etenim

1840 5448 1981 5504 LXX
2022 5444 2146 5503 eum
2193 5448 2417 5501 Ilebrmo
2463 5447 2871 5517 consentientes
2927 5444 3163 5517 πυῤῥοῦ,
3209 5444 3311 5497 hoc
3341 5449 3426 5496 est

1837 5522 1983 5588 rufa,
2039 5518 2395 5588 scripserunt,
2434 5534 2540 5571 non
2577 5515 2771 5588 πυροῦ.
2793 5515 3057 5588 Quaenam
3091 5518 3221 5588 vero
3242 5528 3422 5588 gram-

1839 5585 2037 5643 matica
2072 5585 2212 5643 ratio
2263 5588 2436 5659 πυροῦ
2479 5604 2576 5658 pro
2625 5585 2971 5659 πύρωθέντος
3004 5585 3109 5637 dici
3156 5586 3419 5659 patiatur,

1838 5662 1995 5730 quasi
2021 5660 2293 5730 genitivus
2328 5653 2399 5714 sit
2430 5677 2458 5713 ιι
2480 5653 2719 5714 ἰιοιιιῐιιιὶ
2755 5656 2977 5726 πυρόεις
3010 5654 3249 5726 πυροῦςῖ
3275 5653 3423 5725 (ιιιυά

1840 5732 2064 5789 minimc
2088 5731 2353 5802 procedit.
