3846 6354
379 291 484 349 855

1802 300 1859 354 S.
1900 300 2252 359 EPIPHANII
2321 331 2328 341 ι

3579 292 3690 350 856

377 410 514 480 ipsis
543 409 791 466 veritatis
823 412 1070 479 vocibus,
1103 414 1263 484 quasi
1297 429 1362 470 ex
1393 417 1584 472 multis
1617 419 1970 489 seplasiario—

2107 423 2229 478 ίδῶν
2258 423 2367 477 ἀπὸ
2393 422 2487 476 τοῦ
2518 423 2677 491 λόγου
2700 421 2800 491 τῆς
2827 418 3084 489 ἀληθείας
3113 416 3547 470 κατασκευάσαι
3569 415 3688 477 τοῖς

379 516 500 555 rum
538 501 882 571 simplicibus
909 506 1258 574 corporibus,
1294 507 1446 566 velut
1477 509 1788 565 antidotum
1829 527 1964 568 con-

381 592 543 648 ﬁcere
581 595 880 663 possimus,
914 596 968 650 in
996 612 1185 652 eorum
1213 600 1306 669 qui
1337 600 1449 670 jam
1485 602 1581 654 icti
1613 601 1816 657 fuerint
1847 619 1966 674 gra-

381 688 535 754 tiam,
564 696 624 742 ut
663 690 746 745 vel
775 690 909 745 iisce
949 692 1155 747 nostris
1201 694 1460 762 perlectis
1503 697 1806 750 remedium
1852 698 1964 754 illis

381 776 747 846 adhibeatur;
802 781 886 835 vel
911 781 955 836 si
989 783 1194 836 nullam
1235 781 1416 838 adhuc
1448 785 1568 855 ejus
1600 787 1678 841 rei
1712 787 1961 842 notitiam

2069 515 2169 587 ἢδη
2203 515 2634 587 πεπληγμένοις,
2682 515 2765 577 είς
2798 514 2944 567 ἴασιν
2972 511 3068 564 καὶ
3106 509 3407 582 θεραπείαν
3442 510 3566 568 τοῖς
3597 508 3684 557 ἑν-

2069 608 2422 678 τυγχάνουσι,
2458 609 2552 662 καὶ
2579 609 2692 669 τοῖς
2724 605 2978 676 μέλλουσι
3008 602 3322 674 γινώσκειν,
3349 599 3385 653 ἃ
3416 599 3496 669 μὴ
3521 598 3679 669 ᾔδει-

2072 715 2193 764 σαν,
2235 702 2313 763 εἰς
2363 699 2552 754 παθῶν
2587 697 3024 770 προκατάληψιν,
3065 695 3158 750 καὶ⁹
3199 695 3333 764 ἡμῖν
3368 693 3458 754 εἰς
3493 707 3678 759 σωτη-

2072 791 2215 860 ρίαν,
2247 794 2340 846 καὶ
2373 791 2529 844 Θεοῦ·
2547 790 2759 861 μισθὸν,
2786 789 3036 859 ἀφθόνως
3059 783 3548 858 δωρηθησὸμενον.

383 869 697 936 habuerint,
726 889 789 928 ea
821 876 1039 928 demum
1079 887 1337 947 percepta
1364 893 1562 934 cavere
1595 879 1702 934 sibi
1739 881 1977 949 possint,
2036 881 2293 955 idemque
2341 885 2521 954 ipsum
2557 891 2612 938 et
2653 883 2882 938 salutem
2932 879 3110 944 nobis,
3141 885 3196 934 et
3246 875 3602 932 uberrimum
3642 885 3674 924 a

383 966 498 1023 Deo
530 970 816 1038 prmmium
853 985 916 1024 ac
946 972 1255 1026 mercedem
1289 973 1570 1031 conciliet.

768 1082 1047 1138 CONTRA
1085 1083 1576 1152 PIIBYGASTAS,

386 1193 508 1250 Sive
540 1193 896 1249 Montamstas
925 1208 1017 1250 aut
1038 1198 1453 1266 Tascodrugitas
1471 1203 1684 1258 haeresis
1705 1203 1812 1256 XX
1827 1202 1967 1258 VIII

1000 1269 1076 1322 vel
1111 1269 1207 1322 XL
1225 1269 1383 1324 VIII.

457 1379 496 1435 1.
517 1379 697 1444 Αωιίε
719 1381 822 1433 alia
841 1396 1062 1436 rursum
1081 1381 1372 1439 eillorescit
1389 1385 1630 1450 haeresis,
1651 1402 1771 1456 qua:
1791 1387 1966 1458 Phry-

384 1485 512 1542 gum
553 1469 779 1536 dicitur,
817 1470 919 1525 sub
943 1471 1083 1525 idem
1115 1470 1228 1526 fere
1255 1474 1523 1541 producta
1552 1483 1788 1544 tempus,
1812 1476 1972 1545 eique

387 1561 749 1617 successione
802 1562 1075 1631 proxima.
1130 1563 1266 1618 Nam
1329 1565 1418 1620 isti
1463 1565 1567 1620 sub
1597 1567 1821 1621 Antonii
1866 1568 1973 1634 Pii,

386 1653 479 1722 qui
503 1660 626 1722 post
655 1651 952 1706 Adrianum
987 1654 1294 1723 imperavit,
1333 1670 1536 1710 annum
1563 1674 1657 1712 xix
1691 1675 1974 1730 emergere

2460 1087 2645 1139 ΚΑΤΑ
2684 1085 3087 1139 ΦΡΥΓΑΣΤΩΝ
3119 1084 3262 1154 (97),

2074 1202 2198 1256 Εἶτ’
2223 1198 2335 1257 οὖν
2355 1199 2788 1255 dles-tarmth
2811 1199 3219 1268 καλουμένων,
3249 1197 3287 1264 ἢ
3314 1198 3414 1251 καὶ
3452 1201 3676 1253 Τασκο-

2426 1269 2753 1340 δρουγιτῶν
2781 1269 2921 1333 KII',
2953 1267 3125 1337 ipsa!
3155 1271 3299 1322 MH’.

2148 1385 2224 1436 A'.
2275 1383 2408 1434 Ἀπὸ
2430 1382 2632 1435 τούτων
2682 1382 2842 1452 ἑτέρα
2888 1381 3049 1435 πάλιν
3084 1380 3295 1450 αἵρεσις
3326 1378 3666 1441 ἀνακύπτει,

2073 1476 2182 1527 τῶν
2207 1473 2436 1546 Φρυγῶν
2460 1473 2793 1543 καλουμένη,
2820 1471 3115 1542 σύγχρονος
3138 1470 3403 1540 γενομένη
3426 1468 3670 1532 τούτοις,

2075 1569 2168 1621 καὶ
2194 1569 2393 1630 αὐτοὺς
2421 1565 2795 1638 διαδεχομένη.
2824 1560 2980 1619 Οὗτοι
3013 1565 3121 1634 γάρ
3147 1564 3404 1632 γεγόνασι
3442 1565 3582 1634 περὶ
3614 1563 3675 1615 τὸ

2075 1659 2557 1713 ἐννεακαιδέκατον
2590 1658 2708 1720 ἔτος
2741 1656 2849 1727 (98)
2898 1655 3210 1710 Ἀντωνίνου
3250 1654 3345 1708 τοῦ
3388 1654 3676 1718 Εὐσεϐοῦς

386 1751 691 1813 ςωυετυηι.
727 1743 932 1799 Marcio
965 1761 1114 1810 vero,
1151 1745 1417 1801 Tatianus
1447 1756 1499 1803 et
1545 1750 1838 1803 Encratitac
1868 1750 1971 1804 Ιιο-

2102 1753 2217 1806 ιετὰ
2260 1753 2554 1824 Ἀδριανόν.
2592 1751 2702 1804 Καὶ
2726 1753 2754 1804 ὁ
2787 1749 3049 1822 Μαρκίων
3079 1748 3156 1812 δὲ,
3193 1749 3287 1801 καὶ
3314 1747 3365 1799 οἱ
3397 1746 3538 1816 περὶ
3566 1746 3677 1798 Τα-

387 1854 510 1893 rum
541 1839 798 1908 discipuli
830 1839 932 1892 sub
967 1840 1231 1903 Adriano,
1264 1855 1328 1893 ac
1365 1850 1492 1910 post
1521 1840 1821 1896 Adrianum
1846 1856 1976 1912 pro-

387 1931 629 1984 dierum.

460 2019 707 2092 Phryges
757 2023 943 2090 itaque
997 2019 1100 2088 (sic
1130 2023 1274 2076 enim
1308 2025 1608 2096 appellant)
1657 2033 1767 2089 tam
1805 2023 1974 2079 Vetus

387 2127 554 2182 quam
597 2110 808 2166 Novum
849 2112 1263 2169 Testamentum
1303 2117 1605 2170 asciscant.
1635 2115 1976 2172 Mortuorum

390 2197 854 2256 resurrectionem
888 2204 1212 2273 approbant.
1261 2203 1381 2275 _Sed
1428 2207 1744 2261 Montanum
1790 2224 1979 2278 quem-

390 2292 518 2344 dam
574 2291 918 2362 propbetam,
964 2310 1088 2348 eum
1129 2294 1373 2351 Priscilla
1429 2308 1480 2352 et
1510 2298 1810 2351 Maximilla
1853 2315 1980 2368 pro-

392 2383 657 2453 phetissis
705 2387 1042 2454 prredicant;
1103 2388 1304 2458 quibus
1356 2388 1688 2445 inlimrentes
1743 2405 1772 2444 a
1830 2400 1979 2444 recta

393 2476 478 2529 via
516 2475 832 2532 deﬂectunt.
897 2478 1026 2533 Nam
1065 2479 1132 2535 de
1161 2479 1343 2545 Patre,
1386 2488 1440 2535 et
1476 2479 1635 2547 Filio,
1681 2497 1744 2535 ac
1775 2481 1979 2552 Spiritu

394 2577 585 2623 sancto
616 2570 805 2624 eadem
835 2585 960 2624 cum
994 2570 1236 2627 Ecclesia
1268 2573 1538 2628 catholica
1570 2573 1836 2629 sentiunt.
1873 2572 1981 2627 Sed

394 2660 464 2715 ab
508 2660 628 2729 ejus
689 2676 748 2716 se
813 2664 1200 2719 communione
1246 2673 1608 2734 separarunt,
1637 2664 1784 2734 quod
1825 2680 1981 2719 erro-

394 2753 474 2809 ris
520 2754 747 2825 spiritus
815 2770 878 2808 ac
956 2756 1240 2811 doctrinas
1293 2757 1602 2811 dzrmonum
1656 2764 1978 2826 sequantur.

395 2845 508 2902 Nos
531 2849 699 2914 enim,
729 2850 1004 2918 inquiunt,
1039 2851 1284 2906 coelestia
1307 2862 1524 2922 oportet
1547 2852 1688 2906 dona
1718 2854 1983 2923 recipere.

399 2939 511 2994 Sua
543 2939 765 3010 quidem
791 2950 845 2995 et
873 2941 1124 2997 Ecclesia
1191 2943 1463 2998 catholica
1524 2945 1668 2999 dona
1720 2945 1985 2999 divinitus

399 3032 642 3102 accipit,
707 3033 804 3087 sed
856 3048 978 3102 qua:
1037 3050 1168 3088 vera
1238 3036 1379 3090 dona
1438 3045 1588 3100 sunt,
1643 3044 1697 3091 et
1749 3035 1988 3107 Spiritus

2074 1841 2280 1905 τιανδν,
2323 1841 2416 1895 καὶ
2452 1841 2544 1894 ἀπ’
2594 1837 2757 1893 αὐτοῦ
2793 1836 3161 1906 διαδεξάμενοι
3209 1835 3573 1904 Ἐγκρατίται
3618 1834 3676 1886 ἐν

2076 1934 2288 2004 χρόνοις
2329 1931 2630 2004 ’Λδριανοῦ,
2664 1933 2759 1986 καὶ
2793 1931 2931 2001 μετὰ
2974 1927 3269 2000 Ἀδριανὸν.

2150 2018 2312 2079 Οὗτοι
2353 2024 2460 2095 γὰρ
2498 2028 2544 2078 οἱ
2584 2025 2726 2078 κατὰ
2771 2022 2986 2095 Φρύγας
3035 2021 3384 2092 καλούμενοι,
3411 2019 3673 2090 δέχονται

2079 2117 2342 2171 καίαύτοὶ
2384 2117 2562 2170 πᾶσαν
2597 2115 2633 2166 Γ
2641 2115 2842 2186 ραφὴν,
2875 2111 3118 2166 Παλαιὰν
3153 2111 3248 2163 καὶ
3288 2110 3438 2162 Νέαν
3471 2107 3675 2178 Διαθὴ-

2081 2227 2201 2280 κην’
2230 2209 2324 2262 καὶ
2349 2207 2558 2278 νεκρῶν
2587 2207 2883 2262 ἀνάστασιν
2923 2204 3123 2275 ὁμοίως
3163 2203 3401 2270 λέγουσι.
3445 2200 3672 2254 Mavu—

2080 2300 2170 2353 νὸν
2204 2300 2260 2353 δέ
2297 2317 2420 2355 τινα
2461 2299 2746 2370 προφήτην
2774 2296 3032 2367 αὐχοῦσιν
3061 2295 3223 2365 ἔχειν,
3267 2293 3362 2346 καὶ
3400 2291 3671 2364 Πρίσκιλ-

2081 2393 2199 2456 λαν,
2244 2395 2339 2446 καλ⁸
2386 2390 2730 2462 Μαξιμίλλαν
2775 2387 3132 2461 προφήτιδας·
3174 2382 3256 2448 οἷς
3301 2384 3671 2456 προσέχοντες

2081 2487 2173 2539 τὸν
2203 2485 2327 2540 νοῦν
2377 2485 2779 2556 ἐξετράπησαν.
2811 2482 2946 2553 Περὶ
2987 2481 3045 2534 δὲ
3088 2479 3322 2550 Πατρὺς,
3369 2478 3467 2531 καὶ
3514 2475 3670 2539 Υίοῦ,

2084 2579 2178 2632 καὶ
2209 2577 2365 2646 ἁγίου
2394 2575 2708 2646 Πνεύματος
2740 2573 2941 2644 ὁμοίως
2971 2571 3224 2643 φρονοῦσι
3253 2573 3318 2640 τῇ
3347 2567 3484 2639 ἁγίᾳ
3508 2567 3668 2621 καθο-

2083 2670 2207 2741 λικῇ
2238 2667 2550 2740 Ἐκκλησία.
2568 2667 2898 2737 Ἀπὲσχισαν
2920 2664 2975 2717 δὲ
3002 2663 3248 2728 ἑαυτοὺς,
3273 2658 3668 2732 προσέχουσιν³

2085 2763 2361 2832 πνεύμασι
2397 2761 2606 2832 πλάνης
2631 2761 2727 2814 καὶ
2754 2758 3127 2819 διδασκαλίαις
3161 2756 3451 2826 δαιμόνων,
3485 2752 3670 2820 λέγον-

2084 2872 2196 2918 τες,
2221 2854 2301 2906 ὅτι
2331 2846 2422 2905 Δεῖ
2445 2855 2476 2924 ὴ
2487 2854 2612 2923 μᾶς,
2649 2852 2802 2921 φησὶ,
2830 2851 2927 2903 καὶ⁸
2953 2848 3024 2901 τὰ
3049 2847 3363 2918 χαρίσματα
3394 2841 3665 2913 δέχεσθαι.

2086 2946 2197 2997 Καὶ
2217 2944 2249 3015 ἡ
2273 2942 2402 3013 ἁγία
2429 2941 2522 2996 τοῦ
2551 2940 2686 2994 Θεοῦ
2721 2938 3017 3009 Ἐκκλησία
3037 2936 3238 3006 ὁμοίως
3259 2933 3325 2988 τὰ
3353 2933 3668 3004 χαρίσματα

2087 3034 2320 3105 δέχεται·
2350 3032 2486 3086 ἀλλὰ
2509 3031 2580 3084 τὰ
2607 3031 2776 3094 ὅντως
2804 3029 3143 3101 χαρίσματα,
3167 3026 3262 3079 καὶ
3285 3028 3351 3096 τῇ
3380 3025 3514 3094 ἁγία
3535 3020 3665 3075 Θεοῦ

397 3122 562 3194 403
620 3125 821 3187 sancti,
886 3140 949 3178 ac
985 3126 1413 3195 prOphctarum,
1479 3136 1533 3182 et
1584 3129 1984 3198 apostolorum,

2104 3123 2402 3193 Ἐκκλησία
2427 3120 2514 3175 διὰ
2537 3121 2676 3174 Πνεύ
2686 3137 2853 3191 ματος
2882 3118 3034 3187 ἁγίου
3063 3115 3496 3184 δεδοκιμασμένα
3520 3112 3669 3182 παρά

400 3214 731 3285 Dominique
789 3216 965 3287 ipsius
1019 3219 1350 3274 auctoritate
1396 3221 1769 3290 comprobata.
1816 3220 1986 3276 Joan-

399 3319 500 3360 nes
530 3306 797 3375 siquidem
844 3308 1128 3376 apostolus
1157 3309 1314 3363 sicin
1343 3308 1583 3379 Epistola
1619 3325 1718 3364 sua
1751 3325 1854 3364 nos
1893 3311 1989 3365 ad-

401 3405 626 3452 monet:
660 3396 893 3452 Probate
923 3399 1163 3468 spiritus,
1213 3401 1261 3454 si
1295 3415 1359 3454 ea:
1407 3400 1516 3454 Deo
1540 3411 1662 3454 sunt
1683 3403 1721 3456 ¹.
1766 3401 1832 3456 Et
1863 3418 1989 3456 rur-

401 3501 526 3542 sum
567 3507 580 3540 :
637 3487 880 3543 Audistis
922 3489 1049 3558 quia
1106 3491 1467 3546 Antichristns
1519 3494 1699 3556 venit;
1749 3502 1799 3547 et
1852 3510 1989 3547 nunc

404 3576 723 3631 Antichristi
772 3578 928 3631 multi
963 3568 1115 3634 sunt.
1167 3579 1215 3633 E
1249 3581 1400 3636 nobis
1445 3584 1708 3646 exierunt,
1751 3583 1842 3637 sed
1886 3601 1989 3638 non

405 3679 560 3724 erant
583 3687 610 3724 ε
644 3670 816 3726 nobis.
845 3671 906 3726 Si
944 3674 1083 3726 enim
1115 3690 1142 3726 e
1182 3673 1331 3727 nobis
1373 3673 1620 3742 fuissent,
1671 3677 1990 3730 mansissent

407 3763 590 3832 utique
625 3763 928 3829 vobiscum;
964 3765 1056 3818 sed
1108 3773 1165 3817 ut
1216 3766 1486 3833 manifesti
1531 3768 1685 3836 ﬁant,
1741 3769 1990 3838 quoniam

410 3869 515 3906 non
556 3863 678 3907 sunt
714 3869 742 3907 ε
775 3854 946 3916 nobis,
976 3853 1174 3909 idcirco
1205 3856 1380 3910 scribo
1416 3855 1582 3922 vobis,
1619 3858 1774 3926 ﬁlioli
1807 3860 1848 3926 ἓ,
1883 3867 1998 3926 εις.

409 3947 685 4012 Quocirca
714 3962 904 4000 verum
950 3955 1034 4003 est
1068 3947 1189 4003 illos
1225 3964 1255 4004 e
1293 3957 1609 4003 sanctorum
1663 3967 1826 4022 grege
1882 3968 1992 4007 non

409 4053 555 4093 esse.
608 4037 692 4093 Ab
723 4038 791 4093 iis
829 4039 976 4093 enim
1005 4040 1374 4095 contendendi
1411 4042 1594 4096 studio
1622 4053 1992 4109 recesserunt,

411 4137 466 4183 et
486 4129 694 4184 erroris
723 4144 788 4184 ac
813 4129 1121 4185 fabularum
1153 4141 1409 4188 auctores
1438 4135 1663 4202 spiritus
1694 4138 1993 4190 consectati

412 4228 562 4277 sunt.

484 4311 546 4366 ιι.
591 4312 733 4369 Ecce
763 4314 862 4369 tibi
900 4315 988 4370 vel
1021 4330 1085 4370 eo
1136 4316 1278 4384 ipso,
1324 4317 1470 4385 quod
1514 4316 1619 4370 sibi
1653 4316 1994 4385 propositum

413 4405 652 4474 habent,
702 4416 889 4478 aperte
935 4408 1379 4475 convincuntur,
1433 4423 1785 4478 nequaquam
1847 4407 1994 4462 istud

2093 3235 2150 3268 τε
2184 3213 2481 3286 προφητῶν
2516 3213 2611 3268 καὶ
2649 3211 2984 3274 ἀποστόλων,
3063 3207 3157 3262 καὶ
3198 3204 3363 3261 αὐτοῦ
3416 3204 3510 3257 τοῦ
3555 3205 3667 3256 Κυ-

2098 3306 2236 3378 ρίουο
2275 3307 2577 3376 φάσκοντος
2608 3303 2906 3357 ἀποστόλου
2951 3299 3195 3354 Ἰωάννου
3229 3299 3286 3350 ἐν
3316 3298 3382 3365 τῇ
3425 3295 3668 3347 Ἐπιστο-

2095 3399 2184 3470 λῇ.
2208 3400 2287 3452 ὅτι
2308 3396 2648 3466 Δοκιμάζετε
2676 3395 2749 3449 τὰ
2769 3394 3098 3463 πνεύματα,
3129 3393 3180 3444 εὶ
3203 3390 3373 3444 ἔστιν
3402 3389 3470 3441 ἐκ
3501 3379 3664 3440 Θεοῦ.

2096 3490 2266 3546 Πάλιν
2287 3491 2344 3544 δὲ
2362 3490 2630 3560 λέγοντος,
2664 3487 3110 3550 ὃτιἩχούσατε,
3145 3483 3234 3537 ὅτι
3273 3481 3670 3549 Ἀντίχριστιτς

2098 3583 2350 3652 ἔρχεται,
2383 3581 2480 3635 καὶ
2517 3581 2634 3635 νῦν
2683 3580 3067 3648 Ἄντίχρτστοι
3088 3574 3302 3630 πολλοὶ
3331 3573 3664 3642 γεγόνασιν.

2112 3675 2206 3739 Ἐξ
2245 3673 2412 3744 ἡμῶν
2452 3671 2730 3740 ἐξῆλθον
2763 3672 2902 3725 ἀλλ’
2928 3672 3038 3724 οὐκ
3078 3665 3237 3738 ἦσαν
3281 3665 3350 3731 ἐξ
3386 3661 3571 3733 ἡμῶν.
3599 3665 3665 3715 ει

2100 3767 2209 3837 γὰρ
2239 3764 2402 3838 ἦσαν
2430 3767 2498 3831 ἐξ
2527 3766 2714 3835 ἡμῶν,
2741 3763 3186 3835 μεμενήκεισαν
3219 3760 3296 3814 ἂν
3328 3759 3456 3828 μεθ’
3480 3755 3661 3826 ἡμῶν·

2100 3861 2238 3914 ἀλλ’
2263 3860 2363 3912 ἵνα
2387 3856 2762 3928 γνωσθῶσιν,
2793 3857 2880 3909 ὅτι
2899 3857 3008 3908 οὐκ
3039 3855 3200 3907 εἰσὶν
3227 3851 3294 3916 ἐξ
3322 3848 3508 3919 ἡμῶν,
3538 3849 3664 3901 τού-

2101 3972 2206 4008 του
2235 3952 2410 4023 χάριν
2426 3949 2624 4022 πράξω
2655 3948 2815 4019 ὑμῖν,
2842 3947 3063 4004 τεκνία.
3082 3946 3174 3999 καὶ
3189 3944 3256 3996 τὰ
3272 3941 3418 4012 ἑξῆς.
3436 3940 3661 4010 Ἀληθῶς

2100 4043 2194 4098 οὖν
2239 4045 2320 4097 ὅτι
2365 4043 2464 4095 οὐκ
2518 4041 2654 4094 εἰσὶν
2698 4038 2756 4103 ἐξ
2803 4038 2982 4092 αὐτῶν
3024 4035 3133 4089 τῶν
3160 4034 3345 4102 ἁγίων.
3383 4030 3660 4101 Ἐξέὅησαν

2101 4137 2209 4210 γὰρ
2243 4139 2305 4207 τῇ
2334 4135 2542 4188 ἑαυτῶν
2582 4131 2899 4202 φιλονεικία,
2937 4128 3361 4203 προσανέχοντες
3395 4124 3488 4177 καὶ
3513 4122 3662 4174 πνεύο

2105 4245 2237 4298 μασι
2269 4226 2477 4296 πλάνης
2503 4225 2598 4278 καὶ
2631 4223 2976 4295 μυθολογίας.

2174 4317 2250 4370 B'.
2284 4316 2415 4369 Ἰδοὺ
2446 4316 2553 4385 γάρ
2590 4311 2650 4378 eg
2691 4313 2860 4382 αὐτῆς
2892 4312 2990 4381 τῆς
3027 4309 3333 4372 ὑποθέσεως
3365 4306 3655 4376 ἐλέγχονται

2108 4409 2182 4477 μὴ
2208 4406 2494 4476 δυνάμενοι
2528 4405 2768 4474 πληροῦν
2794 4403 2862 4457 τὰ
2897 4401 3105 4455 ἑαυτῶν
3138 4402 3194 4452 ἐν
3240 4398 3532 4470 φιλονεικία
3557 4398 3654 4450 ὑπ-

413 4499 618 4569 ipsmn,
667 4500 812 4569 quod
869 4501 1217 4555 contentiosa
1268 4501 1359 4554 illa
1410 4500 1707 4554 ambitione
1766 4515 1876 4569 pra:
1936 4515 1987 4554 se

2102 4499 2445 4569 ισχνούμενα.
2487 4498 2547 4549 Ei
2583 4496 2691 4567 γὰρ
2715 4496 2796 4548 δεῖ
2828 4495 3143 4566 χαρίσματα
3170 4491 3439 4562 δέχεσθαι,
3473 4494 3556 4542 καὶ
3583 4488 3656 4540 δεῖ

416 4588 624 4653 ferunt,
678 4591 928 4645 obtinere
977 4607 1155 4660 posse.
1189 4591 1324 4647 Nam
1362 4592 1406 4649 si
1437 4592 1684 4647 caelestia
1722 4592 1815 4646 illa
1849 4592 1990 4646 dona

489 4747 508 4776 ³
541 4744 735 4800 lJoan.
779 4760 852 4808 iV,
889 4699 960 4798 i.‘
1015 4749 1036 4777 '
1065 4745 1082 4799 l
1117 4745 1274 4801 Joan.
1307 4763 1367 4812 ιι,
1406 4747 1473 4801 18
1499 4763 1619 4817 sqq.

493 4900 604 4969 (97)
644 4905 804 4956 Κατὰ
838 4902 1222 4971 Φρυγαστῶν.
1270 4901 1513 4972 Phryges
1545 4903 1660 4956 sive
1689 4901 2006 4972 Phrygastac

462 4973 639 5041 roprie
685 4972 835 5035 dicti,
888 4973 1031 5040 quod
1065 4991 1094 5027 e
1123 4972 1355 5043 Phrygia
1392 4972 1626 5043 primum
1681 4973 2002 5040 prodierint.

462 4991 639 5041 ropne
685 4991 835 5035 uicti,
888 4991 1031 5040 quou
1065 4991 1094 5027 e
1124 4991 1355 5043 rnrygia
1392 4991 1626 5040 primum
1681 4991 2002 5040 promeruit.

421 4991 590 5098 fidem
644 5049 826 5096 tamen
874 5058 1262 5110 nonnunquam
1316 5041 1690 5112 Cataphryges
1745 5051 1799 5096 et
1852 5044 2008 5096 Cata-

425 5114 675 5183 βίη-γεω,
707 5113 869 5182 quasi
913 5113 1263 5183 Evangelium
1292 5121 1465 5176 esset,
1503 5115 1589 5166 vel
1633 5112 1828 5182 dogma
1869 5113 2007 5166 κατὰ

422 5183 665 5255 Φρύγας.

497 5249 609 5322 (98)
653 5249 830 5308 Οὗτοι
885 5252 997 5322 γὰρ
1046 5253 1325 5321 τεγόιγισι
1367 5254 1499 5319 περὶ
1533 5255 1600 5306 τὸ
1638 5251 2007 5306 εννεακαιδέ-

427 5340 630 5378 amtor.
673 5324 1051 5377 Consentanea
1107 5333 1233 5376 sunt
1284 5340 1404 5392 qua:
1451 5324 1518 5376 de
1579 5323 1741 5390 hujus
1785 5323 2006 5377 haaresis

425 5395 578 5450 exitu
620 5408 685 5448 ac
719 5402 962 5462 tempore
1007 5393 1250 5456 disserit,
1288 5410 1410 5446 cum
1447 5395 1514 5447 iis
1551 5408 1670 5461 quas
1708 5408 1872 5461 supra
1905 5392 2006 5446 do-

427 5465 565 5527 cuit,
599 5465 854 5517 nimirum
888 5462 1162 5518 Justinum
1198 5464 1423 5516 Adriani
1457 5474 1700 5532 tempore
1727 5474 2004 5517 mortuum

428 5551 581 5600 esse;
614 5534 917 5587 secundum
951 5549 1109 5602 (piem
1145 5534 1306 5602 paulo
1337 5544 1457 5601 post
1491 5533 1755 5588 Tatianus
1786 5535 2004 5602 prodie-

430 5607 502 5659 rit
525 5645 538 5666 ,
574 5621 603 5656 a
637 5619 746 5673 quo
789 5604 1079 5656 Encratitzu
1125 5605 1390 5673 originem
1427 5607 1740 5672 acceperint
1771 5607 1874 5658 sub
1904 5605 2009 5656 An-

433 5676 623 5728 tonino
655 5673 748 5726 Pio
776 5689 790 5724 :
820 5691 928 5743 quo
969 5675 1156 5729 eodem
1194 5684 1514 5743 imperante,
1551 5686 1713 5742 atque
1762 5690 1905 5728 anno
1943 5673 2007 5725 il-

433 5745 539 5800 lius
574 5760 662 5798 XIX
698 5744 983 5800 Montanus
1035 5745 1324 5800 exstiterit.
1371 5744 1477 5800 Sed
1510 5761 1637 5799 eum
1666 5762 1730 5801 ex
1783 5746 1848 5800 iis
1887 5759 2007 5815 quae

1698 4748 1718 4778 ³
1758 4745 1818 4801 F.
1857 4747 1950 4799 καὶ
1981 4762 2142 4816 προσ.

2099 4591 2156 4644 ἐν
2173 4589 2469 4659 Ἐκκλησία
2488 4587 2800 4659 χαρίσματα
2817 4585 2859 4653 δ,
2883 4585 2999 4649 πῶς
3016 4583 3196 4637 οὐκέτι
3221 4581 3358 4653 μετὰ
3382 4579 3656 4646 Μοντανὺν,

2224 4745 2244 4776 ἰ
2277 4743 2437 4799 Deest
2476 4743 2620 4814 ἔχειν
2643 4743 2727 4798 vel
2763 4738 2924 4796 εἶναι.

2109 4902 2270 4971 paulo
2299 4908 2424 4955 ante
2457 4901 2729 4970 disputata
2781 4907 2928 4963 sunt,
2980 4903 3196 4952 constet
3227 4895 3496 4971 J_ust_inum
3529 4909 3655 4950 non-

2111 4966 2217 5026 nisi
2249 4973 2352 5025 sub
2373 4966 2560 5024 Marco
2575 4972 2793 5025 Aurelio
2820 4985 3041 5038 passum
3071 4983 3214 5030 esse,
3239 4966 3655 5038 Tatianumvero

2110 5043 2391 5110 aliquanto
2440 5043 2604 5093 etiam
2635 5035 3105 5110 posteaduuesim
3152 5053 3304 5092 suam
3350 5035 3648 5110 condidisse,

2111 5106 2400 5166 manifesta
2447 5112 2532 5165 hie
2576 5106 2660 5165 est
2705 5121 3008 5178 temporum
3040 5109 3394 5178 perturbatio.
3423 5106 3563 5171 Quod
3589 5108 3650 5178 _a_d

2108 5183 2483 5252 Cataphrygas
2520 5189 2770 5252 spectat,
2801 5175 3065 5234 Eusebius
3096 5181 3154 5252 in
3179 5176 3376 5252 Chron.
3427 5191 3554 5228 anno
3588 5175 3648 5230 Μ.

2109 5248 2313 5308 Aurelii
2354 5248 2412 5306 ᾖ
2467 5248 2657 5306 scribit
2689 5251 3093 5320 Cataphrygum
3146 5248 3650 5320 lmresiru,_auctore

2112 5323 2366 5378 Montano
2387 5364 2402 5386 ,
2446 5333 2500 5376 et
2527 5321 2776 5376 Priscilla
2797 5362 2810 5384 ,
2829 5309 2908 5375 'ac
2933 5309 3248 5382 Maximilla,
3276 5309 3538 5371 exordium
3575 5317 3651 5368 ha-

2110 5395 2316 5449 buisse.
2347 5392 2486 5464 Tum
2517 5408 2662 5464 anno
2685 5400 2948 5461 sequente
2969 5388 3278 5464 Encratitas
3301 5386 3516 5464 Tatiiano
3533 5386 3651 5464 duce

2110 5464 2402 5534 prodiisse.
2436 5463 2568 5527 Quae
2602 5463 2646 5518 si
2677 5457 2802 5516 ver'a
2833 5470 2982 5527 sunt,
3031 5461 3242 5513 'l'atiani
3285 5466 3338 5534 et
3383 5457 3649 5534 Encratita-

2113 5529 2231 5589 i-mn
2293 5534 2486 5588 haeresi
2555 5535 2794 5602 priorem
2844 5539 3059 5602 oportet
3119 5545 3246 5602 esse
3291 5529 3648 5602 catapbrygum

2114 5606 2396 5671 lueresim;
2432 5597 2625 5676 cont-ra
2654 5597 2965 5676 institutum
2994 5602 3060 5654 ab
3089 5599 3392 5676 Epiphanio
3413 5597 3645 5676 ordinem,

2117 5694 2176 5731 ac
2207 5676 2308 5731 sub
2335 5675 2558 5731 Aurelio
2591 5675 2858 5730 duntaxat
2887 5674 3216 5744 imperatore
3243 5671 3523 5730 exstitisse.
