3750 6200
13 289 123 345 i5?

733 289 1100 346 ADVERSUS
1141 287 1482 344 IIA‘IRESES
1522 287 1650 344 LIB.
1692 286 1757 342 ll.
1799 288 1962 356 TOM,
2006 290 2048 346 l.
2086 289 2362 346 HIERES.
2398 290 2624 347 XLVI".

3185 293 3307 348 ’858

13 413 111 465 ταὶ
149 410 511 483 Πρίσκιλλαν,
553 410 648 464 καὶ
687 409 1054 480 Μαξιμίλλαν,
1079 409 1260 478 έχουσι
1299 409 1617 480 προφήτας;
1649 427 1664 469 Α

1842 409 2039 478 pienda
2091 416 2244 472 sunt.
2297 409 2475 478 iisque
2528 408 2813 478 praeditam
2849 407 3149 463 Eet'lesiam
3185 425 3308 466 esse

14 500 172 575 Ἀρα
206 505 451 574 ἧργησεν
476 505 508 573 ἡ
539 503 732 573 χάρις;
758 502 871 554 Οὐκ
894 503 1055 572 ἀργεῖ
1080 501 1136 554 δὲ
1165 504 1196 571 ἠ
1227 501 1384 572 χάρις
1401 502 1460 552 ἐν
1483 498 1617 568 ἁγίᾳ

14 597 358 666 Εκκλησία·
396 595 470 664 μὴ
506 594 742 662 γένοιτοῑ
784 594 845 645 Εἰ
869 594 926 646 δέ
967 595 1073 658 ἕως
1106 595 1251 658 τινὸς
1282 596 1620 665 προεφήτευ-

13 703 124 738 raw
159 689 216 739 οἱ
248 685 746 756 προφητεύσαντες,
781 687 874 739 καὶ
907 687 1007 738 οὐκ
1040 686 1120 738 ἐτι
1160 685 1617 756 προφητεύουσιν·

13 778 166 830 ἰλλὰ
202 777 329 831 οὔτε
357 777 677 848 Πρίσκιλλα,
705 777 827 830 οὔτε
854 777 1170 846 Μαξιμίλλα
1201 778 1620 846 προεφήτευσαν

13 866 174 918 ιετὰ
205 867 308 929 τὰς
336 867 672 936 προφητείας
717 867 818 929 τὰς
849 867 938 919 διὰ
969 866 1076 919 τῶν
1109 867 1278 934 ἁγίων
1309 865 1622 918 ἀποστόλων

13 973 74 1008 ιν
115 961 189 1028 τῇ
224 957 358 1032 ἁγίᾳ
383 956 683 1026 Ἐκκλησία
715 957 1158 1026 δοκιμασθείσας.
1207 957 1360 1010 Κατά
1405 957 1497 1010 δύο
1529 952 1622 1010 οὖν

13 1053 276 1116 span-:00;
305 1048 692 1118 ἐλεγχθήσεται
728 1051 760 1118 ἡ
792 1048 954 1102 αὑτοῦ
988 1049 1162 1102 ἄνοια.
1195 1049 1265 1100 Ἢ
1301 1048 1410 1118 γάρ
1438 1047 1624 1110 δείξω-

13 1157 112 1192 σιν
137 1137 286 1193 εἶναι
315 1142 597 1210 προφήτας
629 1141 766 1209 μετά
797 1139 1162 1212 Μαξιμίλλαν,
1190 1140 1275 1191 ἵνα
1302 1140 1374 1209 μὴ
1403 1141 1621 1212 ἀργήσῃ

13 1236 164 1304 παρ’
204 1235 388 1294 αὐτοῖς
422 1231 692 1300 λεγομένη
739 1231 916 1300 χάρις·
967 1231 999 1302 ἢ
1039 1231 1087 1282 οἱ
1120 1233 1248 1300 περὶ
1281 1230 1622 1299 Μαξιμίλλαν

13 1325 485 1396 ζρευδοπροφῆται
516 1324 899 1391 εὑρεθήσονται
937 1322 1074 1391 μετὰ
1100 1323 1188 1374 τὸν
1209 1324 1332 1391 ὅρον
1357 1321 1465 1374 τῶν
1495 1337 1628 1390 προ-

13 1417 293 1484 φητικῶν
323 1414 675 1485 χαρισμάτων
705 1412 1077 1484 τολμήσαντες
1097 1413 1195 1465 οὐκ
1218 1413 1324 1465 ἀπὸ
1349 1412 1442 1464 τοῦ
1469 1412 1624 1480 ἀγίου

13 1506 386 1575 ιΙνεύματος,
420 1503 534 1556 ἀλλ’
566 1503 672 1554 ἀπὸ
706 1502 910 1572 πλάνης
938 1502 1208 1571 δαιμόνων
1236 1503 1626 1572 ἐνθουσιασθῆ-

13 1618 148 1661 ναι,
193 1599 293 1652 καὶ
335 1597 604 1666 φαντάσαι
642 1596 770 1656 τοὺς
801 1593 1098 1656 ἀκούοντας
1126 1594 1327 1657 αὐτῶν,
1353 1595 1446 1646 καί
1480 1595 1628 1658 ὅπως

13 1689 88 1756 ἐξ
124 1689 315 1744 αὐτῶν
344 1688 450 1741 τῶν
475 1688 605 1757 παρ’
633 1687 818 1748 αὐτοῖς
844 1685 1154 1755 λεγομένων
1181 1687 1208 1738 ὁ
1240 1685 1460 1754 ἔλεγχος
1492 1686 1628 1756 πρὸς

1727 501 2007 565 convenit,
2064 517 2164 554 cur
2224 509 2348 569 post
2405 499 2746 559 Montanum,
2795 515 2856 550 ac
2886 498 3218 565 Priscillam,
3253 509 3308 556 et

1727 591 2078 646 Maxiinillam
2147 593 2328 646 nullos
2393 591 2598 645 habent
2669 590 2904 659 amplius
2968 593 3344 668 pmplwtas?_

1732 681 2064 738 Divinumne
2104 691 2188 737 est
2237 698 2438 738 munus
2468 681 2841 738 exhaustum?
2875 681 2945 735 At
2980 683 3032 734 in
3070 681 3308 737 Ecclesia
3343 680 3345 683 ’

1728 775 1997 829 catholica
2035 775 2256 829 minime
2291 775 2342 828 id
2376 775 2594 844 quidem
2623 782 2705 829 est
2735 773 3082 828 exhaustum.
3121 774 3306 829 Absit!

1729 866 1884 929 Quod
1931 866 1978 920 si
2011 866 2197 934 aliquo
2243 875 2403 920 tenus
2435 865 2714 935 prophetm
2749 865 3031 919 vaticinati
3065 874 3216 929 sunt,
3257 875 3312 918 et

1728 956 2016 1008 vaticinari
2074 956 2236 1009 modo
2295 956 2578 1022 desinunt,
2667 971 3016 1025 consequens
3072 965 3158 1011 est
3245 973 3313 1011 ne

1730 1043 2030 1099 Priscillam
2069 1047 2290 1115 quidem
2343 1057 2506 1116 atque
2566 1047 2956 1109 Maximillam,
3011 1045 3311 1101 secundum

1733 1138 2109 1206 apostolorum
2165 1138 2447 1201 vaticinia,
2517 1154 2635 1207 quze
2687 1139 2738 1191 in
2800 1138 3042 1192 Ecclesia
3093 1149 3312 1206 recepta

1733 1236 1882 1292 sunt,
1914 1229 2200 1282 oraculum
2235 1231 2406 1282 ullum
2433 1230 2694 1284 edidisse.
2729 1229 3096 1295 Quamobrem
3140 1231 3315 1284 utrin-

1731 1336 1837 1390 quc
1863 1321 2082 1374 illorum
2145 1321 2359 1377 insania
2409 1323 2828 1391 constringitur.
2872 1321 3006 1374 Nam
3052 1332 3146 1376 aut
3182 1338 3313 1391 pro-

1734 1413 1928 1482 phetas
1960 1425 2078 1483 post
2116 1412 2468 1468 Maximillam
2514 1414 2729 1483 aliquos
2763 1413 3092 1480 ostendant;
3128 1429 3196 1468 ne
3227 1429 3312 1476 ea,

1734 1521 1896 1574 quam
1940 1507 2019 1559 illi
2049 1506 2330 1574 iactitant,
2368 1508 2544 1576 gratia
2573 1508 2846 1562 exstincta
2878 1506 3166 1573 videatur;
3224 1516 3316 1560 aut

1737 1596 2034 1650 Maximilla
2090 1613 2213 1651 eum
2264 1599 2380 1653 suis
2419 1599 2568 1653 falsa:
2605 1597 2749 1653 vatis
2775 1597 2995 1652 nomine
3029 1597 3321 1652 censenda:

1735 1694 1886 1746 sunt,
1935 1703 2056 1756 qua:
2087 1697 2212 1756 post
2269 1690 2642 1757 praescriptum
2684 1688 2984 1757 prophetici
3030 1688 3158 1743 doni
3200 1687 3319 1741 ofﬁ-

15 1782 246 1842 αὐτοὺς
283 1779 599 1850 ῥηθήσεται.
636 1778 837 1830 Φάσκει
875 1779 984 1849 γὰρ
1015 1780 1048 1846 ἠ
1087 1778 1219 1845 παρ’
1254 1777 1436 1840 αὐτοῖς
1473 1777 1629 1845 λεγο-
1663 1765 1664 1817 Ῐ

1845 1793 1913 1831 ue
1952 1788 2188 1846 tempus,
2242 1794 2350 1832 non
2387 1781 2563 1834 sancti
2597 1779 2858 1848 Spiritus,
2898 1781 2994 1834 sed
3031 1779 3262 1835 immissi
3287 1796 3318 1833 a

1733 1871 2078 1925 daemonibus
2127 1873 2340 1926 erroris
2397 1872 2635 1925 alllatum
2699 1873 2989 1926 admittere
3029 1888 3140 1926 non
3193 1883 3320 1928 sunt
3407 1889 3418 1944 ξ

1732 1964 1940 2026 verita},
1980 1977 2045 2016 ac
2085 1963 2203 2018 suis
2245 1964 2597 2018 auditoribus
2643 1963 2892 2018 illudere.
2929 1963 3218 2018 Enimvero
3254 1981 3322 2019 ex
3409 1967 3416 2020 ’.

17 1871 180 1940 μένη
208 1867 522 1937 Μαξιμίλλα
571 1869 601 1935 ἡ
656 1867 947 1937 προφῆτις,
1005 1868 1110 1929 ὅτι,
1165 1865 1317 1936 φησὶ,
1363 1867 1498 1920 Μετ’
1527 1866 1631 1935 ἐμὲ

14 1959 345 2028 προφῆτις
378 1958 578 2012 οὐκέτι
610 1956 804 2017 ἔσται,
847 1957 1007 2011 ἀλλὰ
1038 1957 1381 2012 συντέλεια.
1413 1957 1546 2010 Ἰδοὺ
1576 1958 1633 2010 δὲ

17 2053 312 2106 πάντοθεν
343 2052 592 2120 φαίνεται
619 2049 681 2102 τὸ
713 2051 931 2120 πνεῦμα
958 2052 1054 2121 τῆς
1089 2051 1322 2120 πλάνης.
1359 2051 1499 2102 Ὅσα
1525 2049 1632 2120 γὰρ

16 2145 78 2195 οἱ
123 2142 412 2214 προφῆται
454 2144 733 2213 εἰρήκασι,
777 2143 870 2195 καὶ
914 2141 1053 2212 μετά
1094 2141 1360 2204 συνέσεως¹
1393 2157 1636 2212 παρακο-

19 2235 370 2298 λουθοῦντες
426 2234 772 2302 ἐφθέγγοντο,
837 2233 931 2285 καὶ
989 2232 1352 2303 ἐτελέσθησαν
1393 2233 1462 2285 τὰ
1506 2233 1635 2302 παρ’

22 2326 232 2382 αὐτῶν
274 2325 558 2397 εἰρημένα,
606 2325 698 2378 καὶ
743 2324 822 2377 ἔτι
871 2323 1195 2394 πληροῦται.
1243 2325 1392 2395 Δύτη
1429 2326 1485 2378 δὲ
1517 2321 1639 2378 εἷπε

28 2419 166 2490 μετ’
199 2417 376 2487 αὐτὴν
411 2413 551 2470 εἶναι
593 2415 922 2469 συντέλειαν·
954 2415 1048 2467 καὶ
1076 2414 1230 2467 ούπω
1259 2417 1636 2487 συνετελέσθη,

31 2511 290 2580 μάλιστα
314 2507 582 2561 τοσούτων
619 2507 882 2576 βασιλέων
907 2506 1238 2576 γενομένων,
1263 2509 1360 2561 καὶ
1382 2508 1638 2562 τοσούτου

29 2599 247 2670 χρόνου
293 2597 754 2667 ὑπερϐεϐηκότος.
802 2597 936 2666 Ἔτη
984 2595 1092 2666 γάρ
1140 2597 1279 2648 εἰσιν
1316 2595 1504 2650 ἔκτοτε
1529 2598 1639 2669 (99)

33 2691 224 2744 πλείω
257 2691 289 2761 ἢ
331 2688 544 2742 ἐλάσσω
581 2687 833 2740 διακόσια
868 2688 1222 2756 ἐννενήκοντα
1253 2687 1359 2751 ἓως
1386 2688 1479 2741 τοῦ
1506 2691 1642 2759 ήμεο

43 2784 216 2853 τέρου
267 2781 482 2852 χρόνου,
529 2779 832 2833 δωδεκάτου
864 2777 1016 2842 ἔτους
1045 2779 1514 2844 Οὐαλεντινιανοῦ,
1550 2782 1648 2837 καὶ

34 2877 378 2937 Οὐάλεντος,
414 2873 506 2926 καὶ
538 2870 837 2942 Γρατιανοῦ
865 2871 1159 2940 βασιλείαςο
1192 2872 1288 2926 καί⁹
1308 2869 1486 2942 οὒτεή
1517 2889 1631 2925 συν⁸

37 2953 237 3022 τέλεῖα
283 2967 421 3021 κατὰ
463 2965 561 3036 τὴν
608 2965 892 3035 ἡχήσασαν
941 2965 1140 3034 ἑαυτὴν
1186 2965 1516 3036 προφήτιδα,
1568 2966 1643 3036 μὴ

1736 2055 1806 2110 iis
1862 2054 1998 2124 ipsis
2049 2069 2171 2124 qua:
2210 2064 2490 2119 asserunt,
2525 2070 2714 2110 eorum
2749 2055 3033 2110 mendacia
3068 2055 3322 2110 refellen-

1743 2156 1856 2202 tur.
1888 2144 1981 2201 Sic
2011 2147 2158 2201 enim
2195 2156 2346 2201 vates
2401 2147 2620 2201 illorum
2673 2145 2970 2199 Maximilla
3016 2145 3276 2215 praedicat
3306 2166 3319 2201 :

1736 2237 1870 2293 Post
1899 2255 1981 2292 me
2015 2236 2166 2291 nulla
2220 2237 2450 2307 amplius
2495 2238 2597 2291 erit
2650 2236 2999 2306 prophetissa,
3057 2235 3146 2288 sed
3200 2235 3324 2304 ﬁnis
3373 2235 3382 2307 ξ

1738 2340 1998 2401 sequetur.
2043 2328 2218 2385 Vides
2249 2337 2309 2382 ut
2344 2329 2586 2398 undique
2609 2343 2668 2383 se
2699 2327 2893 2397 prodat
2922 2327 3127 2382 erroris
3157 2325 3327 2396 spiri.

1740 2431 1849 2478 t-us.
1919 2421 2055 2476 Nam
2105 2437 2453 2492 quaecunque
2503 2422 2784 2491 propheta:
2840 2419 3011 2474 locuti
3071 2426 3220 2484 sunt,
3261 2433 3325 2473 ea

1740 2517 1980 2572 scientes
2028 2515 2502 2584 intelligentesque
2547 2513 2808 2566 dixerunt
2859 2528 2871 2564 :
2929 2509 3197 2579 planeque
3242 2509 3323 2560 uti

1744 2606 1994 2660 nuntiata
2049 2615 2179 2660 sunt
2212 2603 2568 2667 acciderunt,
2627 2609 2680 2655 et
2734 2601 2894 2655 hodie
2943 2599 3320 2668 perﬁciuntur.

1741 2699 1810 2752 At
1841 2697 1932 2751 illa
1970 2705 2094 2766 post
2131 2711 2190 2752 se
2220 2710 2403 2749 rerum
2451 2692 2699 2748 omnium
2755 2692 2964 2746 exitum
3023 2689 3142 2744 fore
3191 2704 3324 2760 pra»

1743 2785 1910 2852 dixit;
1942 2783 2089 2856 quod
2118 2784 2384 2838 hactenus
2420 2779 2666 2837 nondum
2705 2777 2979 2832 accidisse
3009 2775 3287 2830 cernimus
3313 2791 3327 2822 :

1746 2877 2044 2947 praesertim
2077 2890 2204 2929 cum
2237 2883 2320 2928 tot
2349 2872 2456 2928 sibi
2519 2872 2878 2941 imperatores
2931 2867 3329 2924 successerint.

1746 2983 1811 3021 ac
1842 2976 2052 3023 tantum
2088 2967 2162 3022 sit
2193 2964 2455 3043 temporis
2489 2962 2870 3030 interlapsum.
2900 2956 3230 3028 Αηιιίήοά.
3253 2957 3332 3010 si-

41 3061 297 3130 γνοῦσαν
330 3061 464 3130 μήτε
501 3059 600 3129 τὴν
635 3056 853 3128 ἡμέραν
883 3057 986 3126 τῆς
1014 3059 1185 3128 αὐτῆς
1224 3057 1500 3128 τελευτῆς.
1535 3060 1644 3112 Καὶ

1844 3061 1964 3116 dem
2009 3062 2074 3116 ad
2108 3061 2211 3115 hoc
2265 3067 2503 3128 tempus,
2551 3057 2645 3126 qui
2698 3065 2784 3110 est
2840 3050 3230 3117 Valentiniani,
3269 3065 3334 3102 ac

47 3156 191 3206 ἰδεῖν
217 3153 356 3214 ἔστι,
386 3151 503 3212 πῶς
539 3151 743 3210 πάντες
769 3149 818 3200 οἱ
850 3148 958 3201 ἀπὸ
987 3149 1089 3218 τῆς
1128 3149 1385 3219 ἀληθείας
1421 3150 1646 3213 ἑαυτοὺς

46 3243 543 3313 ἁλλοτριώσαντες,
579 3241 679 3292 οὐκ
707 3240 765 3291 ἐν
794 3240 1085 3311 εὐπαθείᾳ
1103 3242 1206 3294 τινὶ
1228 3240 1386 3307 λόγου
1413 3259 1476 3311 με
1486 3242 1648 3311 μενή-

51 3351 243 3388 καιιίν⁹
277 3332 392 3386 ἀλλ’
424 3333 500 3394 ὠς
532 3333 714 3401 νήπιοι
753 3332 856 3384 ὑπὸ
884 3330 980 3384 τοῦ
1016 3331 1102 3384 ἀεὶ
1129 3331 1440 3395 πλανῶντος
1473 3332 1648 3400 ὄφεως

52 3424 602 3494 παραπεποιημένοι,
639 3425 720 3488 είς
751 3423 1029 3477 ἀπώλειαν
1045 3425 1268 3486 ἑαυτοὺς
1297 3423 1646 3477 ἐκδεδώκασι.

55 3519 174 3571 Καὶ
208 3519 292 3578 είς
329 3515 390 3568 τὸ
421 3513 673 3582 γενέσθαι
721 3513 1062 3584 κατὰΰρωμα
1102 3513 1195 3566 τοῦ
1233 3513 1420 3577 λύκου,
1463 3515 1527 3567 ἐκ
1553 3514 1650 3584 τῆς

59 3609 313 3680 μάνδρας
337 3606 648 3677 αἱρεθέντες
683 3606 1148 3677 παρελκυσθῆναι,
1184 3607 1281 3659 καὶ
1307 3606 1480 3669 οὕτως
1512 3607 1650 3659 ἀπο-

55 3701 279 3763 λέσθαι,
311 3698 385 3769 μὴ
447 3698 780 3768 κρατοῦντες
841 3699 942 3769 τὴν
972 3699 1166 3769 ἀρχὴν,
1212 3698 1348 3752 ἀλλά
1405 3698 1654 3752 καταλεί-

56 3794 267 3861 ψαντες
309 3789 407 3860 τὴν
457 3788 737 3860 ἀλήθειαν,
789 3790 847 3840 ἐν
889 3789 1132 3858 ναυαγίῳ
1181 3789 1407 3851 ἑαυτοὺς
1450 3789 1544 3841 καὶ
1589 3789 1646 3841 ὲν

60 3884 301 3938 κλύδωνι
348 3884 446 3952 τῆς
482 3883 662 3952 πάσης
697 3881 905 3950 πλάνης
936 3880 1402 3951 παραδεδώκασιν.
1444 3882 1508 3934 Εἰ
1539 3879 1648 3951 γὰρ

61 3976 211 4043 λέξει
253 3974 594 4044 Μαξιμίλλῖι,
640 3975 722 4027 ὅτι
768 3975 1057 4046 προφήτης
1101 3972 1284 4026 οὐκέτι
1328 3972 1500 4035 ἔσται,
1544 3972 1652 4042 ἄρα

62 4070 288 4138 ἀναιρεῖ
315 4067 377 4118 τὸ
409 4062 548 4119 εἶναι
583 4065 711 4136 παρ’
745 4063 930 4124 αὐτοῖς
958 4064 1018 4114 τὸ
1051 4063 1313 4133 χάρισμα,
1342 4063 1437 4115 καὶ
1465 4063 1542 4124 είς
1572 4061 1652 4113 ἔτι

63 4159 229 4231 δεῦρο
259 4157 542 4230 φέρεσθαι.
576 4159 639 4210 Εἰ
671 4157 727 4210 δέ
768 4157 872 4219 ἕως
901 4157 1090 4225 αὐτῆς,
1131 4155 1207 4217 ὡς
1238 4157 1497 4225 προεῖπον
1529 4153 1648 4222 μὲν,

64 4254 130 4307 τὸ
155 4253 420 4322 χάρισμα,
455 4251 562 4319 ἄρα
590 4252 683 4302 καὶ
712 4250 850 4320 αὑτὴ
880 4250 940 4300 οὐ
975 4247 1204 4318 μετέσχε
1240 4246 1348 4299 τῶν
1382 4245 1654 4316 χαρισμά-

69 4364 202 4399 των.

1753 3151 2018 3215 Valentis,
2057 3159 2110 3206 et
2141 3150 2388 3204 Gratiani
2440 3149 2790 3220 imperatoris
2845 3161 3022 3199 annus
3068 3158 3168 3207 xu,
3209 3141 3334 3212 plus

1752 3246 1934 3301 minus
1965 3259 2097 3299 ccxc
2121 3249 2526 3306 numerantur;
2577 3249 2632 3295 et
2674 3248 2855 3292 tamen
2885 3235 2974 3290 hic
3013 3235 3102 3289 ille
3140 3232 3338 3305 praedi-

1753 3345 1876 3392 ctus
1902 3335 1970 3390 ab
1998 3334 2149 3389 inani
2199 3336 2431 3401 seseque
2487 3335 2801 3387 ostentante
2831 3325 3178 3398 prophetissa
3200 3337 3337 3376 non-

1754 3428 1885 3483 dum
1943 3442 2128 3483 rerum
2192 3425 2374 3481 exitus
2435 3422 2658 3478 advenit
2698 3433 2865 3491 :quae.
2917 3417 3136 3488 quidem
3191 3413 3336 3469 diem

1756 3519 1940 3576 obitus
1984 3519 2070 3574 sui
2113 3517 2340 3572 minime
2382 3523 2719 3584 compertum
2772 3509 2985 3565 habuit.
3029 3505 3170 3560 Hinc
3204 3504 3338 3559 illud

1757 3610 1950 3669 videre
1997 3610 2148 3670 licet,
2207 3623 2400 3662 omnes
2450 3606 2543 3674 qui
2606 3619 2664 3660 se
2705 3618 2735 3655 a
2767 3600 2997 3656 veritate
3025 3601 3336 3668 segregant,

1759 3701 1964 3755 nullam
2017 3681 2074 3753 in
2125 3697 2473 3754 sermonibus
2503 3696 2706 3750 habere
2764 3689 3178 3746 constantiam:
3219 3685 3340 3748 sed,

1748 3789 2038 3846 infantium
2069 3804 2238 3852 more,
2271 3788 2339 3841 ab
2381 3787 2678 3855 impostore
2742 3789 2995 3851 serpente
3043 3777 3326 3846 deceptos,

1754 3885 1898 3936 ultro
1963 3897 2024 3935 se
2080 3880 2135 3934 in
2195 3880 2424 3934 exitium
2489 3876 2894 3947 perniciemque
2952 3871 3331 3932 committere;

1755 3988 1879 4027 nam
1911 3987 2034 4027 cmn
2064 3983 2166 4026 uta
2185 3972 2312 4040 lupo
2337 3969 2688 4031 devorentur,
2710 3980 2739 4017 a
2757 3964 2912 4018 caula
2932 3960 3149 4030 longius
3183 3959 3341 4012 aber-

1763 4079 1886 4118 rare
1915 4078 1978 4117 ac
2014 4063 2194 4132 perire
2232 4060 2523 4122 voluerint,
2578 4072 2692 4110 non
2737 4061 2950 4109 retento
2998 4049 3268 4122 principio
3293 4049 3342 4111 ²,

1761 4159 1856 4213 sed
1891 4156 2175 4227 repudiata
2207 4154 2454 4214 veritate,
2488 4151 2544 4205 in
2578 4149 2923 4218 naufragium
2977 4155 3346 4209 errorumque

1761 4249 2007 4303 omnium
2032 4253 2568 4316 tempestatemsese
2600 4241 2970 4309 coniecerunt.
2997 4234 3132 4289 Nam
3163 4231 3208 4286 si
3238 4230 3344 4284 hoc

1763 4340 2059 4394 Maximilla
2113 4339 2336 4403 dixerit,
2401 4335 2720 4405 prophetam
2777 4330 3012 4399 amplius
3069 4323 3344 4379 neminem

72 4440 341 4500 futurum,
391 4436 636 4491 divinmn
676 4438 775 4488 hoc
801 4435 908 4488 illis
950 4449 1152 4489 munus
1185 4433 1432 4486 funditus
1483 4433 1667 4504 eripit,
1706 4444 1763 4488 ut
1798 4435 1864 4489 ad
1901 4435 2224 4490 hodiernmn
2276 4442 2491 4502 tempus
2549 4429 2770 4483 minime
2799 4428 3130 4495 perseveret.
3179 4416 3346 4482 Quod

71 4533 116 4586 si
164 4529 231 4583 ad
271 4529 418 4580 illam
452 4542 647 4594 usque,
692 4533 749 4577 ut
797 4534 922 4578 ante
987 4524 1253 4587 diximus,
1303 4522 1496 4577 eadem
1553 4531 1855 4593 prapagata
1904 4523 2076 4594 gratia
2139 4530 2243 4587 est,
2285 4537 2354 4576 ne
2417 4520 2533 4589 ipsa
2573 4517 2792 4588 quidem
2857 4508 3123 4583 ejusmodi
3164 4505 3348 4561 dono-

74 4638 196 4676 rum
226 4635 453 4689 compos
477 4628 564 4674 est
592 4618 759 4672 facta.

148 4717 220 4768 1".
255 4714 602 4783 Πεπλὰνηται
625 4713 754 4781 γάρ.
793 4712 1128 4783 Ἐσφρὰγισε
1154 4711 1264 4782 γὰρ
1289 4713 1316 4763 ὁ
1339 4712 1545 4782 Κύριος
1567 4711 1666 4781 τὴν
1701 4715 1741 4767 D

76 4805 428 4875 Ἐκκλησίαν,
475 4805 570 4858 καὶ
617 4805 936 4874 ἐπλήρωσεν
981 4804 1120 4874 αὐτὴ
1151 4804 1167 4834 ¹
1210 4804 1278 4856 τὰ
1321 4804 1652 4874 χαρίσματα.

82 4903 212 4953 Ὀτε
240 4899 352 4969 γὰρ
387 4894 455 4968 ἦν
489 4897 667 4968 χρεία,
695 4901 754 4950 ἐν
781 4899 1092 4968 προφήταις
1133 4901 1189 4950 ἐν
1219 4896 1459 4966 ἀληθινῴ
1489 4897 1654 4948 πνεύ-

85 5008 235 5061 ματι,
274 4989 368 5042 καὶ
411 4987 696 5058 ἐρρωμένη
735 4988 964 5057 διανοίᾳ,
1016 4989 1110 5042 καὶ
1163 4986 1657 5058 παρακολουθοῦντι

83 5080 182 5149 νῷ,
219 5081 268 5132 οἰ
298 5078 463 5132 αὑτοῦ
522 5077 672 5145 ἆγιοι
710 5078 778 5130 τὰ
820 5079 998 5132 πάντα
1035 5085 1467 5150 προεφήτευσαν·
1497 5079 1660 5147 ἐμπι-

87 5170 358 5240 πλὼμενοι
390 5167 701 5237 [Ινεύματος
730 5168 907 5236 ἁγίου,
939 5170 1079 5221 κατὰ
1103 5168 1199 5238 τὴν
1235 5167 1522 5234 ἀναλογίαν
1555 5165 1661 5218 τῶν

86 5267 154 5318 ὲκ
201 5259 515 5329 Πνεύματος
559 5261 913 5330 χαρισμάτων
954 5262 1168 5330 ἑκάστῳ
1211 5259 1520 5328 διδομένων,
1570 5258 1663 5310 καὶ

165 5419 182 5451 ¹
215 5419 277 5474 F.
303 5419 462 5489 αὐτῇ.
539 5420 559 5449 ²
584 5417 794 5474 Coloss.
824 5431 882 5480 tt,
912 5415 971 5471 l9

165 5575 274 5647 (99)
316 5575 438 5628 Ἔτι
478 5574 588 5645 γάρ
627 5577 786 5628 εἰσιν
825 5567 1664 5647 Extare.‘Vitium_in.mnnet;is

95 5639 199 5706 est.
226 5639 418 5701 Annus
438 5639 694 5700 Antonini
733 5662 824 5699 xix
849 5643 1100 5713 congruit
1121 5658 1265 5695 anno
1291 5639 1497 5713 Christi
1521 5639 1624 5713 liti
1649 5655 1662 5701 ;

98 5733 273 5778 annus
303 5732 434 5774 vero
477 5715 844 5774 Valentiniani
877 5710 979 5769 ιη’
1000 5713 1253 5768 convenit
1301 5710 1500 5764 Christi
1539 5710 1667 5765 575.

1841 4707 1926 4761 Ill».
1990 4704 2098 4760 Sed
2157 4704 2416 4758 nimirum
2475 4701 2826 4756 vehementer
2887 4701 3058 4750 errat.
3122 4690 3342 4748 Etenim

1767 4797 1907 4851 Deus
1957 4795 2255 4849 Ecclesiam
2308 4809 2465 4848 suam
2515 4791 2662 4846 velut
2700 4785 3030 4856 obsignavit,
3065 4797 3129 4836 ac
3157 4781 3347 4837 divina

1763 4890 1853 4944 illa
1907 4899 2138 4943 munera
2198 4885 2512 4954 complevit.
2562 4877 2819 4948 Quandiu
2871 4876 3019 4931 enim
3059 4872 3344 4943 prophetis

1751 4995 1890 5049 opus
1952 4979 2076 5045 fuit,
2135 4985 2190 5032 et
2247 4977 2359 5031 veri
2402 4974 2642 5044 Spiritus
2700 4968 2986 5029 instinctu,
3017 4979 3142 5018 cum
3171 4962 3346 5018 animi

1763 5073 2032 5137 tirmitate,
2070 5082 2234 5141 atque
2263 5067 2596 5129 constantia,
2647 5072 2703 5119 et
2739 5075 2930 5118 eorum
2993 5072 3113 5128 qua:
3159 5057 3347 5124 loque-

1761 5174 1953 5221 rentur
2007 5162 2366 5234 intelligentia
2433 5155 2766 5214 sanctissimi
2819 5153 2924 5208 viri
2996 5164 3096 5206 sua
3150 5147 3341 5202 omnia

1763 5271 2026 5327 responsa
2052 5263 2107 5312 et
2135 5253 2358 5309 oracula
2384 5249 2672 5312 dederunt,
2712 5245 2990 5314 iidemque
3021 5253 3121 5311 pro
3156 5238 3349 5308 cujus-

1774 5566 2076 5622 Discrimen
2117 5575 2200 5622 cst
2247 5579 2516 5618 annorum
2557 5561 2684 5614 29.0.
2737 5558 2919 5626 itaque
2965 5569 3062 5626 pro
3104 5549 3355 5604 διακόσια

1773 5640 2147 5709 ἐννενήκοντα,
2181 5637 2526 5694 scribendum
2563 5634 2664 5687 fuit
2695 5624 2941 5683 διακόσια
2967 5624 3158 5678 εἴκοσι.

3414 2045 3422 2080 ί

3371 2171 3431 2252 «ί

3381 2297 3436 2332 ’··ι
