3846 6282
498 252 603 311 859

1953 262 2010 320 S.
2049 263 2392 324 EPIPHANII

3660 282 3799 335 sm»

497 384 608 440 que
660 382 1050 426 concessorum
1082 372 1121 425 'a
1164 379 1357 428 saneto
1416 372 1622 445 Spiritu
1668 376 1960 443 donorum,
2021 395 2083 435 ac

2209 384 2333 438 ιατὰ
2354 386 2452 457 τὴν
2477 387 2770 457 ἀναλογίαν
2802 391 2902 460 τῆς
2935 391 3168 457 πίστεως
3202 392 3336 465 πρὸς
3367 392 3432 447 τὺ
3460 411 3787 465 συμφερς-ί-

507 462 630 517 ﬁdei
684 465 920 528 ratione,
981 480 1329 520 communem
1391 468 1458 521 ad
1510 469 1794 525 utilitatem
1840 471 1930 526 illo
1962 472 2082 543 ipso

498 554 706 625 Spiritu
765 558 955 626 repleti
1012 568 1160 614 sunt.
1220 558 1361 625 Quid
1410 560 1577 628 igitur
1652 561 1722 617 ab
1771 561 1878 619 illis
1901 565 2080 619 estad

502 647 785 702 hominum
840 650 1131 705 utilitatem
1195 651 1536 719 praedictum,
1591 662 1684 706 aut
1717 669 1840 723 quae
1896 655 2082 709 habita

504 740 626 795 ﬁdei
682 741 859 796 ratio?
915 741 1106 797 Nonne
1149 743 1419 812 ejusmodi
1476 744 1660 813 potius
1715 745 1947 802 habendi
2006 747 2083 802 illi

501 842 652 898 Sunt,
687 836 753 889 de
782 836 982 905 quibus
1014 837 1239 891 loeutus
1294 844 1378 891 est
1429 835 1729 893 Dominus:
1757 839 2024 895 Attendite
2052 858 2083 894 a

502 928 660 997 falsis
698 929 981 997 prophetis,
1033 930 1121 999 qui
1167 930 1375 983 veniunt
1426 930 1495 982 ad
1536 947 1627 985 vos
1663 931 1717 984 in
1764 933 2082 987 vestimentis

503 1022 696 1083 ovium,
730 1021 1043 1074 intrinsecus
1094 1030 1270 1075 autent
1311 1031 1433 1076 sunt
1471 1022 1583 1092 lupi
1619 1025 1916 1092 rapaces‘?
1973 1026 2087 1096 Age

504 1128 636 1167 vero
666 1128 789 1181 qua:
851 1113 922 1167 ab
977 1113 1086 1168 illis
1136 1112 1397 1167 dicuntur
1423 1130 1547 1171 cum
1603 1115 1671 1171 iis
1697 1131 1818 1186 qua:
1849 1116 1901 1169 in
1934 1125 2087 1172 υπο-

502 1222 609 1275 que
637 1196 993 1260 Teslamento
1044 1221 1231 1261 revera
1286 1209 1659 1273 continentur,
1699 1224 1928 1278 quaeque
1965 1224 2087 1263 rer-

504 1299 717 1352 tissime
750 1308 903 1367 gesta
946 1314 1011 1353 ac
1053 1298 1310 1369 przedicta
1344 1307 1494 1367 sunt,
1529 1310 1938 1370 comparantes,
1979 1302 2089 1359 dis-

506 1412 797 1451 cernamus
842 1412 962 1467 qua:
1020 1398 1092 1452 sit
1142 1414 1293 1462 vera,
1332 1412 1564 1468 quaeque
1607 1397 1744 1454 falsa
1776 1399 2079 1469 prophetia.

506 1487 684 1542 Verus
712 1488 916 1559 quippe
972 1489 1237 1558 propheta
1289 1504 1413 1543 cum
1462 1489 1548 1545 sui
1603 1468 1851 1561 compos,
1880 1468 2088 1547 tumea

410 1582 429 1663 If
504 1596 627 1649 qum
654 1579 870 1635 dicebat
920 1581 1255 1652 intelligens,
1315 1580 1498 1636 futura
1525 1582 1849 1649 nuntiabat;
1881 1598 2090 1653 proque

402 1666 413 1733 ἶ
504 1688 572 1727 eo
593 1688 659 1727 ac
692 1670 934 1743 Spiritus
960 1681 1189 1729 sanctus
1213 1672 1527 1743 impulerat,
1552 1674 1828 1743 praecipuo
1851 1675 2088 1744 quodam

2184 478 2249 530 Τί
2272 474 2365 532 οὖν
2396 481 2676 552 συμφέρον
2711 474 2857 537 οὗτοι
2892 486 3207 556 εἰρήκασινς
3242 486 3274 556 ἢ
3311 488 3463 539 ποῖον
3506 486 3805 555 ἀνάλογον

2184 569 2285 640 τῆς
2317 570 2580 639 πίστεωςς
2629 574 2756 638 Πῶς
2800 575 2860 629 δὲ
2898 577 3021 646 οὐχὶ
3062 577 3262 647 μᾶλλον
3297 572 3443 631 οὗτοί
3474 578 3607 640 εἰσι,
3636 578 3805 647 πρὶη

2182 653 2256 713 ὧν
2290 656 2443 715 εἶπεν
2469 664 2497 716 6
2518 663 2741 736 Κύριος,
2772 664 2854 718 ὅτι
2882 665 3215 735 Προσέχετε
3246 666 3365 721 ἀπὸ
3393 665 3515 719 τῶν
3550 665 3805 733 ψευδο-

2186 756 2525 825 προφητῶν,
2561 758 2779 824 οἵτινες
2806 758 3085 829 ἔρχονται
3109 760 3261 829 πρὸς
3287 758 3446 829 ὑμᾶς
3477 759 3552 812 ἐν
3592 756 3795 810 ἐνδῦ-

2180 862 2333 915 μασι
2356 846 2691 914 προϐάτων,
2739 850 2969 904 ἔσωθεν
2991 850 3060 904 δέ
3095 853 3216 904 εισι
3251 851 3427 903 λύκοι
3462 850 3737 919 ἅρπαγες
3766 864 3801 912 ;

2188 940 2581 1011 Συγκρίνοντες
2612 942 2720 1015 γάρ
2741 942 2810 996 τὰ
2831 945 2961 1017 παρ’
2988 943 3168 997 αὐτῶν
3193 942 3479 1014 εἰρημένα,
3503 943 3605 995 καὶ
3626 944 3799 995 κατὰ.

2186 1032 2285 1105 τὴν
2318 1034 2563 1088 Παλαιὰν
2580 1036 2868 1109 ’Διαθήκην
2900 1036 2994 1091 καὶ
3026 1035 3234 1107 Καινὴν
3264 1038 3322 1088 ὲν
3355 1034 3588 1105 ἀληθείᾳ
3613 1035 3793 1097 ὂντα..

2199 1125 2292 1178 καὶ
2324 1126 2382 1177 ὲν
2415 1125 2644 1197 ἀληθείᾳ
2672 1126 2960 1197 γενόμενα,
3000 1127 3095 1180 καὶ
3130 1126 3651 1199 προπεφητευμένα,
3684 1125 3799 1178 ὁο-

2190 1217 2518 1288 κιμάσωμεν
2545 1217 2675 1273 ποία
2703 1218 3008 1295 προφητεία
3037 1218 3315 1288 τυγχάνει,
3350 1218 3447 1271 καὶ⁵
3479 1215 3612 1269 ποία
3636 1215 3795 1284 ψευ-

2187 1308 2579 1379 δοπροφητεία.
2638 1309 2695 1364 ’0
2742 1312 3029 1382 προφήτης
3072 1308 3212 1381 μετὰ
3248 1308 3643 1371 καταστάσεως
3681 1309 3793 1361 λο-

2187 1397 2424 1468 γισμῶν,
2452 1398 2546 1451 καὶ
2576 1399 3096 1472 παρακολουθήσεως
3117 1399 3316 1463 ἐλάλει,
3347 1400 3443 1453 καὶ
3473 1398 3799 1466 ἐφθέγγετο

2191 1488 2254 1541 ὲκ
2285 1488 2602 1559 Πνεύματος
2629 1490 2808 1559 ἁγίου.
2836 1490 2906 1544 τὰ
2926 1490 3104 1544 πάντα
3132 1490 3462 1562 ἐρρωμένως
3478 1488 3675 1556 λέγων’
3697 1486 3801 1549 ὡς

2190 1580 2453 1650 Μωῢσῆς
2480 1584 2513 1635 ό
2542 1582 2814 1651 θεράπων
2840 1583 2946 1637 τοῦ
2964 1582 3134 1649 Θεοῦ,
3152 1581 3251 1635 καί
3274 1580 3493 1646 πιστὸς
3517 1580 3592 1633 ἐν
3611 1579 3795 1643 chap-

2202 1672 2257 1724 '0
2280 1672 2535 1737 ,βλέπων
2570 1675 2789 1745 ἐλέγετο
2813 1678 2842 1729 ὁ
2871 1675 3252 1747 προφήτηςμὲν
3289 1676 3359 1745 τῇ
3401 1673 3622 1743 Παλαιᾷ
3653 1675 3805 1724 Δια-

472 1766 675 1834 ,animi
710 1766 910 1820 robore
940 1766 1233 1820 vaticinari
1275 1766 1506 1821 solebat.
1542 1765 1635 1821 Sic
1666 1782 1844 1821 servus
1872 1767 1961 1821 ille
1990 1766 2089 1821 Dei

2209 1765 2361 1842 ὶήκῃ.
2386 1760 2649 1831 Ὅριισις,
2676 1767 2859 1836 φησὶν,
2890 1764 2972 1832 ἢν
2984 1762 3145 1819 εἶδεν
3179 1764 3418 1829 Ἡσαΐας
3440 1762 3575 1828 υίὸς
3603 1761 3803 1832 Ἀιιὼς

506 1857 734 1928 Moyses,
767 1875 829 1911 ac
846 1858 1193 1930 ﬁdelisﬂOS
1226 1858 1280 1912 in
1312 1857 1527 1914 domo’.
1549 1858 1702 1914 Unde
1735 1868 1790 1913 et
1821 1859 1999 1913 videns
2030 1859 2085 1914 in

507 1949 701 2005 Vetere
724 1948 1074 2005 Testamento
1097 1950 1360 2020 propheta
1380 1949 1585 2005 dicitur
1600 1951 1643 2003 ³.
1682 1950 1850 2015 Visio,
1877 1951 2083 2022 inquit,

505 2057 665 2112 quam
714 2041 845 2095 vidit
890 2040 1070 2096 Isaias
1093 2042 1237 2111 ﬁlius
1286 2044 1450 2096 Amos
1506 2041 1781 2111 propheta.
1818 2042 1937 2096 Vidi
1978 2042 2089 2097 Do-

508 2134 709 2186 minunt
761 2134 1025 2187 sedentem
1074 2149 1232 2201 super
1273 2133 1521 2210 thronum
1551 2133 1815 2188 excelsum
1845 2143 1893 2187 et
1914 2134 2088 2188 eleva-

510 2234 641 2279 tum.
705 2225 771 2279 Et
804 2226 909 2279 vidi
940 2226 1204 2294 seraphim
1233 2234 1282 2279 et
1306 2224 1608 2287 cherubim;
1639 2235 1688 2280 et
1712 2226 1892 2280 audivi
1915 2243 2091 2281 vocem

503 2316 724 2371 Domini
779 2315 1034 2370 dicentem
1068 2317 1137 2370 ad
1172 2332 1300 2370 me:
1338 2316 1499 2381 Vade,
1540 2317 1627 2371 dic
1681 2319 1874 2387 popqu
1928 2319 2089 2375 huic:

504 2407 709 2462 Auditu
738 2409 988 2475 audietis,
1018 2419 1067 2462 et
1104 2425 1207 2462 non
1237 2409 1581 2480 intelligetis;
1608 2420 1657 2465 et
1682 2412 1910 2465 videntes
1947 2413 2092 2467 vide-

509 2502 655 2564 bitis,
677 2510 725 2555 et
750 2518 853 2555 non
875 2501 1136 2570 aspicietis
1155 2500 1196 2555 ’⁵.
1221 2499 1353 2566 Quae
1377 2516 1501 2556 cum
1529 2502 1770 2558 audisset
1786 2518 1816 2557 a
1837 2505 2085 2571 Domino,

508 2600 623 2647 tum
652 2591 718 2648 ad
746 2594 1007 2665 p0pulum
1044 2592 1313 2649 accedens
1358 2593 1432 2648 ita
1464 2595 1762 2651 narrabat:
1794 2595 1925 2650 Ha‘c
1961 2596 2091 2651 dicit

511 2684 793 2740 Dominus.

590 2776 825 2832 Videsne
867 2776 1219 2848 intelligentis
1258 2776 1373 2833 haec
1423 2792 1547 2834 esse
1580 2794 1703 2848 quae
1752 2779 1919 2845 dicat,
1983 2796 2091 2834 non

512 2868 634 2939 ejus
660 2868 751 2939 qui
809 2878 965 2924 extra
1003 2876 1329 2937 potestatem
1381 2856 1619 2925 exierit?
1659 2870 1794 2925 Mm
1824 2872 2092 2942 ejusmodi

514 2977 618 3015 vox
646 2960 851 3015 nullam
882 2958 1052 3015 fuisse
1072 2960 1272 3015 mentis
1303 2960 1767 3034 perturbationem
1799 2962 2090 3031 signiﬁcat.

514 3050 591 3106 Ita
622 3060 848 3107 sanctus
868 3051 1117 3106 Ezechiel
1151 3052 1415 3123 propheta
1446 3053 1663 3109 dicente
1677 3053 1905 3109 Domino
1939 3070 1953 3111 :
1982 3053 2096 3108 Fac

514 3145 612 3199 tibi
638 3159 823 3213 panem
849 3144 902 3198 in
928 3154 1154 3199 stercore
1176 3144 1427 3207 humano,
1453 3145 1769 3215 respondit:
1792 3146 1966 3209 Absit,
1990 3144 2097 3199 Do-

513 3235 690 3290 mine!
747 3236 881 3290 nihil
919 3252 1149 3307 unquam
1186 3252 1459 3290 commune
1487 3245 1535 3290 et
1566 3236 1898 3291 immundum
1932 3238 2103 3291 intra-

512 3328 585 3384 vit
625 3330 679 3382 in
738 3346 794 3383 os
841 3346 1011 3383 meum
1040 3329 1082 3382 ⁸.
1118 3328 1255 3383 Cum
1288 3330 1433 3384 enim
1485 3330 1769 3385 minitandi
1794 3331 1967 3400 gratia
1998 3330 2099 3385 sibi

513 3435 546 3475 a
567 3419 798 3474 Domino
832 3419 1038 3472 dictum
1071 3418 1205 3473 illud
1236 3421 1721 3488 animadverteret,
1758 3438 1866 3477 non
1897 3423 2045 3477 velut
2073 3439 2104 3477 e

516 3510 719 3563 mentis
737 3515 883 3562 statu
909 3508 1173 3576 dejectus,
1205 3510 1391 3563 statim
1426 3508 1605 3564 facere
1638 3511 1783 3564 istud
1811 3526 2103 3581 aggressus

516 3607 639 3665 est;
674 3598 765 3653 sed
808 3598 1084 3651 constanti
1119 3598 1288 3652 animi
1339 3600 1538 3654 robore
1577 3602 1861 3670 prteditus,
1903 3616 1965 3655 ac
2000 3603 2104 3657 sibi

518 3705 761 3761 praesens
820 3692 897 3742 ita
944 3688 1225 3759 respondit
1259 3706 1274 3748 :
1307 3690 1475 3755 Absit,
1504 3690 1770 3746 Domine!
1803 3692 1926 3747 [hec
1955 3694 2101 3748 enim

525 3780 912 3851 prophetarum
969 3794 1156 3834 revera
1209 3780 1425 3849 propria
1482 3789 1631 3845 sunt,
1661 3782 1753 3851 qui
1804 3782 2012 3836 ﬁrmam
2041 3798 2106 3836 ac

522 3872 772 3928 stabilem
812 3871 866 3923 in
902 3868 1109 3939 Spiritu
1141 3878 1332 3925 sancto
1366 3879 1601 3927 mentem
1634 3873 1891 3937 retinent,
1932 3887 1995 3927 ac
2016 3873 2107 3928 do-

520 3963 680 4020 cendi
719 3961 1178 4031 discerttendique
1208 3961 1545 4018 facultatem.
1591 3962 1725 4016 Nam
1764 3962 1953 4018 Daniel
1990 3964 2106 4034 ipse

521 4068 705 4110 nonne
735 4054 927 4123 plenus
959 4052 1109 4106 omni
1144 4052 1413 4122 sapientia
1445 4053 1636 4117 fuisse,
1661 4069 1895 4125 qumque
1922 4056 2107 4110 animo

523 4154 853 4217 conceperat
889 4146 1049 4215 plane
1089 4146 1427 4201 intellexisse
1460 4146 1679 4202 videtur
1727 4147 1776 4201 σῖ
1802 4148 1895 4218 qui
1924 4156 1978 4202 et
2008 4146 2109 4201 Na-

524 4240 1001 4298 buchodonosoris
1056 4239 1344 4309 aenigmata
1384 4238 1659 4305 dissolvit,
1697 4247 1753 4295 et
1784 4256 1906 4311 qua:
1935 4242 1986 4295 ei
2014 4255 2109 4312 per

526 4334 802 4390 somnium
835 4332 1018 4387 oblata
1052 4330 1291 4397 fuerant,
1323 4331 1419 4387 sed
1448 4332 1600 4386 illum
1630 4333 1809 4403 ipsum
1845 4334 1937 4403 qui
1966 4334 2110 4389 vide-

2196 1865 2229 1917 ὀ
2262 1858 2588 1928 τροφήτης.
2625 1853 2828 1929 Εἶδον,
2863 1856 3017 1927 φησι,
3050 1852 3163 1907 τὸν
3187 1854 3409 1921 Κύριον
3440 1850 3805 1921 καθήμενον·

2194 1955 2294 2008 ἐπὶ
2338 1952 2555 2022 θρόνου
2602 1948 2871 2020 ὑψηλοῦ,
2918 1946 3017 2001 καὶ
3068 1945 3430 2015 ἐπηρμένου.
3477 1945 3589 1998 Καὶ
3619 1940 3805 2000 εἶδον

2196 2044 2460 2115 σεραφὶμ
2479 2041 2580 2097 καὶ
2602 2040 2906 2111 χερουὸίμ’
2931 2038 3033 2091 καί
3061 2036 3299 2106 ἤκουσα
3325 2034 3537 2105 φωνῆς
3559 2038 3803 2104 Kvpt'ov

2194 2139 2499 2208 λεγούσης
2525 2136 2673 2205 πρός
2702 2150 2798 2204 με·
2837 2130 3067 2195 Βάδιζε,
3096 2126 3269 2184 εἷπον
3298 2128 3381 2195 τῷ
3405 2129 3539 2194 ,1αῷ
3573 2132 3797 2196 τούτῳο

2209 2230 2380 2299 Ἀκοῇ
2408 2230 2731 2296 ἀκούσητε,
2763 2225 2862 2280 καὶ
2888 2226 2960 2278 οὐ
2982 2222 3070 2293 μὴ
3106 2221 3356 2291 μάθητε·
3386 2221 3487 2275 καὶ
3510 2221 3803 2285 βλέπον-

2198 2340 2298 2389 τες
2324 2320 2617 2390 βλέψητε,
2649 2320 2746 2373 καί
2775 2306 2962 2386 οὺ’μὴ
3000 2315 3188 2384 ἴδητε.
3218 2316 3330 2368 Καὶ
3353 2315 3602 2379 ἀκούσας
3632 2316 3799 2385 παρὰ

2196 2421 2292 2476 τοῦ
2332 2420 2560 2492 Κυρίου,
2602 2415 2773 2472 ἐλθὼν
2821 2414 2959 2487 πρὸς
2999 2413 3091 2466 τὸν
3123 2410 3251 2465 λαὸν
3281 2410 3407 2482 ἔφη·
3451 2411 3601 2467 Τάδε
3624 2412 3801 2482 λέγει

2196 2516 2432 2584 Κύριος.

2271 2777 2381 2848 Οὐχ
2408 2778 2560 2848 ὁρᾷς,
2581 2776 2664 2829 ὅτι
2711 2768 3243 2845 παρακολουθοῦντος
3290 2770 3318 2822 6
3342 2766 3520 2836 λόγος,
3554 2762 3652 2817 καὶ
3687 2760 3799 2813 οὐκ

2203 2869 2575 2941 ἐξισταμένου,
2610 2866 2734 2921 οὕτε
2778 2866 2853 2929 ὡς
2889 2864 3243 2935 ὲξισταμένης
3265 2860 3552 2930 διανοίαςή
3576 2857 3795 2928 φθογγὴ

2201 2965 2519 3027 ἀπεδίδοτο;
2562 2961 2838 3023 Ὡσαύτως
2884 2960 2941 3013 δὲ
2982 2958 3077 3012 καὶ
3122 2954 3379 3025 ’Ῑεξεκιὴλ
3416 2956 3446 3007 6
3490 2952 3649 3021 ἅγιος
3693 2953 3793 3002 καὶ

2205 3056 2505 3128 προφήτης.
2533 3051 2748 3106 ἀκούων
2774 3050 2923 3123 παρὰ
2949 3047 3177 3120 Κυρίου,
3204 3048 3286 3100 ὅτι
3312 3046 3586 3112 Ποίησον
3613 3059 3793 3098 σεαυ-

2202 3146 2282 3212 τῷ
2307 3146 2488 3215 ἄρτον
2523 3144 2618 3197 ἐπὶ
2651 3144 2879 3209 κόπρου
2920 3139 3310 3207 ἀνθρωπείας,
3345 3136 3531 3205 ἔλεγε·
3589 3134 3789 3201 mnda-

2197 3236 2345 3307 μῶς,
2379 3237 2585 3305 Κύριε·
2616 3232 2903 3288 οὐδέποτε
2919 3230 3125 3284 κοινὸν
3156 3230 3259 3281 παὶ
3298 3226 3643 3295 ἀκάθαρτον
3660 3228 3787 3279 εισ-

2202 3328 2391 3397 ῆλθεν
2435 3329 2522 3393 είς
2586 3325 2652 3379 τὸ
2690 3326 2883 3393 στόμα
2932 3339 3073 3393 μου.
3120 3319 3408 3375 Γινώσκων
3438 3316 3551 3386 γάρ
3590 3317 3689 3387 τὴν
3721 3316 3787 3367 δι’

2203 3419 2432 3490 ἀπειλὴν
2460 3419 2536 3488 (1)
2570 3415 2871 3487 λεγομένην
2901 3414 3037 3484 πρὸς
3061 3411 3219 3466 αὑτὸν
3245 3413 3401 3483 ῥῆσιν
3428 3411 3536 3463 ὑπὸ
3557 3410 3791 3480 Κυρίου,

2206 3513 2297 3566 καὶ
2323 3514 2441 3581 οὐχ,
2477 3511 2554 3574 ὡς
2580 3510 2640 3563 ὲν
2667 3507 2922 3562 ἐκστάσει
2949 3508 3187 3570 διανοίας
3211 3505 3531 3576 φερόμενος,
3560 3502 3793 3555 ὲπεὸάλ·

2204 3602 2325 3655 λετο
2372 3599 2530 3654 τοῦτο
2589 3599 2882 3671 πράττειν’
2930 3597 3045 3650 ἀλλ’
3083 3595 3234 3666 ἠξίου
3283 3593 3607 3667 ἐρρωμένην
3652 3592 3793 3663 ἔχων

2205 3696 2304 3766 τὴν
2339 3694 2595 3757 διάνοιαν,
2625 3692 2719 3746 καὶ
2746 3689 3282 3763 παρακολουθοῦσαν,
3319 3688 3414 3742 καὶ
3445 3687 3602 3757 ἔλεγε
3622 3704 3636 3715 ο
3667 3690 3793 3751 Μη-

2206 3786 2425 3857 δαμῶς,
2453 3788 2650 3854 Κύριε.
2676 3786 2859 3839 Ταῦτα
2878 3786 2984 3856 γὰρ
3008 3783 3223 3856 ἀληθῶς
3247 3781 3541 3855 προφητῶν
3568 3782 3629 3836 έν

2208 3877 2487 3948 Πνεύματι
2519 3877 2842 3949 ὲρῤωμένην
2873 3877 3103 3948 ἐχόντων
3138 3875 3237 3947 τὴν
3265 3873 3526 3939 διάνοιαν,
3570 3874 3668 3926 καὶ
3692 3873 3792 3942 τὴν

2207 3968 2575 4033 διδασκαλίαν,
2599 3968 2694 4022 καὶ
2722 3966 2820 4040 τὴν
2844 3967 3120 4039 διαλογήν.
3162 3967 3220 4021 Ὀ
3248 3965 3305 4019 δὲ
3348 3964 3547 4037 Δανιὴλ
3577 3964 3679 4036 οὐχ
3700 3965 3789 4017 εὖ·

2210 4058 2459 4129 ρίσκεται
2492 4060 2675 4132 πάσης
2719 4061 2987 4123 συνέσεως
3013 4059 3285 4131 ἔμπλεως,
3310 4058 3405 4112 καὶ
3444 4059 3559 4120 τοῖς
3589 4060 3786 4128 φρονή-

2212 4166 2346 4221 μασι
2364 4149 2818 4221 παρακολουθῶν;
2844 4149 2903 4214 ὃς
2920 4149 2991 4203 τὰ
3019 4149 3317 4220 αἰνίγματα
3332 4147 3425 4201 τοῦ
3453 4147 3791 4219 Ναϐουχοδο-

2209 4243 2385 4315 νόσωρ
2416 4243 2665 4307 ὲπέλυσε,
2691 4244 2786 4295 καὶ
2806 4241 2842 4295 ἃ
2867 4244 3073 4306 ἐκεῖνος
3092 4240 3160 4295 δι’
3176 4239 3471 4311 ὀνειράτων
3504 4239 3787 4300 ἐθεάσατο,

2209 4336 2306 4389 καὶ
2339 4335 2551 4406 ἀπέστη
2591 4335 2685 4388 ἀπ’
2716 4332 2882 4387 αὑτοῦ
2912 4332 3006 4387 τοῦ
3040 4332 3366 4404 ἑωρακότος,
3394 4329 3565 4395 οὕτως
3585 4332 3783 4402 ὑπομι-

525 4431 610 4479 rat
631 4423 952 4493 eﬁ‘ugerant,
982 4438 1089 4478 non
1122 4422 1279 4476 aliter
1315 4422 1372 4477 in
1399 4424 1716 4480 memoriam
1750 4424 1968 4479 reduxit
2005 4444 2018 4480 :
2051 4434 2096 4481 et

2213 4428 2443 4498 μνήσκει
2462 4444 2476 4458 ·
2508 4426 2605 4479 καὶ
2627 4426 2727 4499 τὴν
2749 4424 2995 4479 ἐπίλυσιν
3022 4423 3182 4487 εὐθὺς
3207 4423 3474 4493 ἐπέφερεν
3495 4423 3785 4494 ἐρρωμένη

524 4528 651 4569 cum
698 4512 887 4567 eadem
946 4512 1116 4565 animi
1154 4510 1432 4576 ﬁrmitate,
1467 4525 1532 4564 ac
1573 4511 1786 4567 caelesti
1828 4511 1922 4565 illo
1955 4511 2096 4565 dono

2209 4519 2561 4584 καταστάσει,
2581 4518 2674 4571 καὶ
2699 4516 2970 4588 ὑπερϐολῇ
2999 4514 3358 4587 χαρίσματος,
3392 4514 3785 4586 περιττοτέρως

526 4609 802 4666 uberrime
832 4608 1088 4677 perfusus
1119 4608 1254 4664 citra
1274 4608 1437 4661 ullam
1472 4622 1680 4661 moram
1711 4607 2102 4677 interpretatus

526 4707 633 4764 est,
672 4713 796 4753 cum
829 4697 1120 4768 prudentia
1165 4698 1638 4768 intelligentiaque
1681 4699 1895 4754 caeteris
1924 4699 2102 4753 homi-

529 4791 693 4845 nibus
743 4790 1116 4856 antecelleret,
1175 4789 1248 4843 ob
1285 4804 1405 4843 eam
1468 4789 1677 4844 scilicet
1708 4804 1815 4860 qua
1846 4790 2104 4859 praeditus

530 4890 650 4937 erat
689 4882 927 4953 Spiritus
986 4882 1162 4939 sancti
1195 4881 1449 4952 gratiam,
1481 4897 1601 4951 qua:
1651 4897 1760 4937 non
1789 4884 1953 4938 modo
1981 4900 2108 4952 pro-

531 4974 748 5044 phetam
778 4976 1059 5042 informat,
1095 4977 1189 5031 sed
1238 4984 1291 5030 et
1343 4990 1446 5031 nos
1472 4992 1684 5037 omnes,
1719 4977 1920 5047 quibus
1961 4980 2109 5035 illius

530 5068 866 5123 adminiculo
906 5069 1047 5126 Deus
1103 5070 1411 5124 doctrinam
1455 5069 1705 5125 veritatis
1744 5070 2005 5140 impertit.
2041 5074 2110 5126 At

529 5167 724 5215 contra
747 5177 867 5231 quae
899 5162 987 5217 isti
1026 5164 1327 5219 vaticinare
1356 5179 1413 5219 sc
1436 5162 1711 5233 iactitant.
1745 5179 1922 5233 neque
1954 5174 2103 5220 certa

530 5263 655 5303 cum
690 5251 857 5304 animi
889 5252 1141 5306 ﬁrmitate
1175 5252 1494 5322 praedicant,
1535 5270 1637 5308 nec
1662 5269 1782 5323 qua:
1810 5254 1999 5309 dicunt
2026 5256 2105 5310 in-

2206 4610 2306 4681 τὴν
2337 4610 2597 4683 φρόνησιν
2618 4608 2755 4680 ἔχων
2782 4608 2923 4680 ὑπὲρ
2966 4608 3144 4661 πάντα
3174 4605 3459 4676 ἄνθρωπον
3486 4605 3573 4658 διὰ
3610 4606 3675 4659 τὸ
3705 4606 3786 4676 χά-

2213 4720 2386 4773 ρισμα
2430 4700 2522 4755 τοῦ
2553 4702 2709 4770 ἁγίου
2745 4700 3084 4772 Πνεῦματος,
3124 4699 3185 4752 τὸ
3228 4697 3447 4767 σοφίζον
3489 4697 3664 4761 ὅντως
3700 4698 3784 4750 τὸν

2213 4796 2521 4867 προφήτην,
2553 4795 2648 4848 καὶ
2682 4794 2810 4857 τοὺς
2837 4793 2924 4846 διὰ
2972 4792 3062 4846 τοῦ
3094 4793 3376 4863 προφήτου
3407 4790 3509 4859 τῆς
3539 4789 3787 4843 διδασκαο

2211 4886 2332 4951 λίας
2359 4887 2457 4958 τῆς
2478 4887 2735 4959 ἀληθείας
2764 4884 3244 4954 καταξιουμένους.
3278 4885 3347 4935 Ἀ
3374 4881 3433 4935 δὲ
3464 4877 3784 4948 οὗτοιὲπαγ-

2212 4978 2493 5048 γέλλονται
2518 4978 2904 5049 προφητεύειν,
2932 4976 3053 5030 οὐδὲ
3073 4974 3456 5037 εὐσταθοῦντες
3478 4973 3784 5043 φανοῦνται,

2212 5071 2335 5125 οὔτε
2361 5071 2799 5144 παρακολουθίαν
2827 5071 2984 5140 λόγου
3010 5069 3244 5139 ἔχοντες.
3272 5068 3414 5135 Λοξὰ
3434 5067 3546 5139 γάρ
3573 5067 3647 5121 τὰ
3666 5070 3785 5137 παρ’

2212 5166 2392 5220 αὐτῶν
2426 5169 2666 5239 ῥήματα,
2692 5167 2786 5221 καὶ
2820 5164 3083 5237 σκαληνὰ,
3115 5165 3209 5219 καὶ
3226 5164 3482 5234 οὐδεμιᾶς
3506 5162 3785 5234 ὀρθότητο;

2211 5260 2465 5331 ἐχόμενα.

531 5346 832 5415 telligentia
863 5358 1293 5418 consequuntur.
1328 5348 1432 5404 Sed
1472 5350 1693 5420 obliqua
1732 5358 1861 5405 sunt
1927 5352 2146 5409 illorum
2200 5370 2264 5410 ac
2322 5358 2580 5429 perplexa
2616 5357 2805 5423 verba,
2870 5372 2973 5414 nec
3020 5356 3157 5413 recti
3213 5353 3439 5410 omnino
3495 5351 3779 5424 quidquam

529 5438 817 5495 effutiunt.

612 5532 626 5608 ξ
656 5530 968 5608 Βίοιιιιλιι,
1000 5532 1085 5587 15.
1160 5535 1180 5567 ¹
1210 5530 1372 5587 Num.
1403 5549 1501 5602 xu,
1539 5535 1589 5601 7;
1628 5534 1791 5592 Hebr.
1830 5554 1911 5607 tu,
1941 5540 1997 5593 2.
2085 5537 2096 5570 ‘

2209 5536 2314 5608 leg.
2341 5551 2419 5600 is,
2449 5534 2503 5591 9.
2545 5535 2567 5568 ⁸
2595 5533 2698 5593 lsa.
2733 5550 2772 5601 ι,
2814 5534 2866 5604 l;
2902 5550 2980 5601 vt,
3021 5535 3046 5590 1
3090 5549 3213 5605 sqq.
3289 5530 3533 5587 'Ezecb.
3597 5547 3668 5597 tv,
3702 5533 3773 5587 l5.

534 5603 556 5635 ⁸
589 5602 723 5656 Dan.
755 5603 906 5667 11,27
950 5619 1072 5675 sqq.

608 5693 682 5767 (l)
722 5694 1046 5750 Γινώσκων
1089 5697 1197 5767 γὰρ
1230 5696 1343 5764 τὴν
1372 5697 1447 5749 ὑί
1483 5698 1759 5762 ἀπειλήν.
1803 5696 1876 5752 De
1910 5698 2011 5753 hoc
2036 5699 2111 5754 di-

528 5765 739 5851 uinitus
781 5767 926 5825 edito
958 5765 1235 5840 propheta:
1265 5768 1520 5824 inaudito
1554 5769 1776 5824 consule
1806 5784 1924 5839 qua:
1960 5784 1989 5824 a
2021 5787 2108 5827 sa-

2217 5712 2436 5752 crorum
2494 5696 2785 5755 Librorum
2835 5695 3221 5769 interpretibus
3285 5694 3559 5752 uberrime
3602 5693 3771 5762 tlispu-

2214 5776 2416 5825 tantur.
