3750 6200
45 294 139 352 861

744 291 1116 351 ADVERSUS
1156 287 1501 349 HERESES
1537 289 1667 349 LIB.

1707 290 1773 350 II.
1815 288 1978 348 TOM.
2021 290 2060 346 1.
2102 288 2376 346 IUERES.
2418 288 2645 348 XLVIII.
3190 287 3297 346 862

114 412 182 462 A'.
216 407 390 473 Εὐθὺς
421 407 530 480 γὰρ
570 410 600 464 ὁ
643 406 920 474 Μοντανός
957 426 1152 482 φησιν·
1203 411 1357 468 Ἰδοὺ
1394 410 1615 480 ἅνθρω-

1812 410 1875 465 ν.
1908 409 1999 465 Sic
2023 410 2168 466 enim
2194 408 2504 473 Montanus,
2524 404 2754 478 exempli
2784 406 2977 478 gratia,
3006 405 3293 477 loquitur:

50 520 157 567 πος
178 502 321 555 ὡσεὶ
350 502 503 569 λύρα
521 518 534 528 ·
568 501 730 572 κάγὼ
756 503 999 571 ἵπταμαι
1022 503 1162 557 ὡσεί
1186 502 1512 571 πλῆκτρον.
1552 502 1616 556 '0

49 596 350 660 ἅνθρωπος
367 591 637 661 κοιμᾶται
660 608 675 622 ⁸
711 592 871 661 κάγὼ
895 593 1181 662 γρηγορῶ.
1218 594 1373 649 Ἰδοὺ
1399 592 1619 661 Κύριός

48 686 212 737 ἐστιν
233 686 267 736 d
292 682 602 736 ἐκστάνων
636 684 652 715 ¹
676 683 925 750 καρδίας
939 684 1282 753 ἀνθρώπων,
1304 684 1399 740 καὶ
1415 683 1619 750 διδοὺς

50 776 288 844 καρδίας
314 773 664 843 ἀνθρώποις.
690 776 787 839 Τίς
818 775 996 829 τοίνυν
1020 775 1128 829 τῶν
1153 776 1621 847 παρακολουθούν-

48 884 169 929 των,
193 866 286 920 καὶ
319 865 457 935 μετὰ
488 865 757 929 συνέσεως
776 865 1081 936 δεχομένων
1105 867 1196 920 τὸν
1215 867 1313 937 τῆς
1351 866 1621 936 ὠφελείας

47 959 215 1024 λόγον,
244 956 462 1027 καὶτῆς
491 955 698 1008 ἑαυτῶν
722 955 868 1025 ζωῆς
896 956 1324 1027 ἐπιμελομένων,
1357 956 1419 1010 οὐ
1456 974 1623 1011 κατα-

48 1048 307 1119 γνώσεται
333 1048 431 1118 τῆς
455 1046 710 1118 τοιαύτης
732 1065 1085 1119 παραπεποιη
1096 1048 1262 1120 μένης
1293 1048 1621 1113 ὑποθέσεως,

50 1138 135 1191 καὶ
154 1135 247 1189 τοῦ
273 1136 430 1205 λόγου
453 1136 547 1189 τοῦ
583 1134 877 1207 αὐχοῦντος
900 1136 1092 1190 ἑαυτὸν
1112 1139 1171 1191 ὲν
1201 1139 1508 1209 προφήταις
1532 1156 1625 1191 κα-

49 1228 378 1297 ταλέγεσθαι.
432 1229 505 1298 μὴ
538 1228 837 1298 δυναμένου
875 1228 943 1281 τά
974 1230 1134 1298 ὃμοια
1180 1229 1360 1297 λέγειν
1412 1228 1625 1299 προφή-

52 1338 202 1385 ταις;
236 1318 376 1372 Οὔτε
403 1321 511 1390 γὰρ
544 1318 767 1389 Πνεῦμα
792 1319 945 1388 ἅγιον
976 1320 1237 1391 ἐλάλησεν
1265 1322 1322 1374 ἐν
1347 1320 1516 1391 αὐτῷ.
1551 1320 1625 1372 Τὸ

51 1410 153 1480 γὰρ
196 1411 370 1463 εἰπεῖν
394 1425 409 1440 ⁶
457 1411 834 1478 Ἐφίπταμαι,
880 1410 976 1464 καὶ
1016 1411 1312 1478 πλήσσω,
1352 1412 1449 1465 καὶ
1482 1427 1623 1481 γρη-

54 1500 220 1570 τορῶ,
266 1501 364 1553 καὶ
390 1500 597 1567 ἐξιστᾷ
631 1502 845 1569 Κύριος
885 1502 1152 1569 καρδίας,
1182 1503 1502 1556 ὲκστατικοῦ
1536 1503 1629 1574 ῥή-

58 1607 194 1661 ματα
239 1589 476 1661 ὑπάρχει
519 1589 714 1655 ταῦτα,
755 1591 850 1643 καὶ
894 1590 1015 1661 οὐχὶ
1062 1591 1622 1662 παρακολουθοῦντος,

55 1684 181 1738 ἀλλὰ
210 1682 369 1735 ἄλλον
394 1682 717 1755 χαρακτῆρα
751 1681 1191 1746 ὑποδεικνύοντος
1234 1683 1385 1754 παρά
1412 1684 1504 1736 τὸν
1530 1701 1629 1754 χαι

1716 493 1852 550 Ecce
1873 497 2028 551 homo
2057 504 2307 566 tanquam
2331 495 2469 565 lyra,
2503 509 2597 564 ego
2612 511 2731 550 vero
2752 512 2844 549 ceu
2874 495 3126 564 plectrum
3157 497 3293 554 volo.

1719 587 1891 640 Homo
1912 587 2153 650 dormit;
2200 602 2291 656 ego
2316 602 2435 639 vero
2492 586 2668 656 vigilo.
2720 582 2852 639 Ecce
2895 586 3152 640 Dominus
3195 596 3295 649 est,

1716 682 1804 750 qui
1832 679 1993 734 corda
2026 680 2294 734 hominum
2318 680 2371 732 in
2419 691 2687 749 stuporem
2724 679 2899 741 vertit,
2931 687 2980 731 et
3013 678 3176 731 corda
3205 678 3297 731 dat

1717 771 2036 826 hominibus.
2069 770 2204 837 Quis
2231 780 2315 825 est
2344 771 2531 842 igitur,
2576 771 2667 842 qui
2697 770 2744 826 si
2779 770 3127 825 utilissimam
3176 768 3297 825 fidei

1720 866 2028 920 doctrinam
2087 866 2371 936 percipiat,
2412 864 2883 935 intelligentiaque
2936 862 3101 934 406
3144 876 3300 916 com-

1724 954 2051 1026 prehendat,
2083 969 2149 1008 ac
2195 955 2320 1008 vitae
2352 969 2464 1008 sum
2512 952 2829 1007 nonnullam
2862 964 3053 1004 curam
3083 948 3299 1012 habeat,

1723 1062 1833 1101 non
1864 1054 2246 1116 argumentum
2283 1043 2597 1100 istiusmodi
2628 1043 2697 1096 ab
2720 1041 2897 1096 otioso
2921 1039 3143 1094 homine
3174 1053 3302 1092 con-

1723 1138 1932 1202 fictum,
1973 1146 2026 1193 et
2061 1138 2392 1209 arrogantia
2422 1137 2636 1206 plenam
2680 1134 2800 1203 ejus
2831 1133 3138 1186 orationem
3170 1144 3303 1185 con-

1721 1230 1961 1293 demnet,
1979 1228 2070 1299 qui
2086 1245 2145 1284 se
2165 1228 2550 1299 prephctarum
2568 1240 2794 1280 numero
2813 1224 3112 1279 insolenter
3131 1221 3304 1276 ascri-

1722 1320 1836 1386 bat,
1863 1335 1988 1374 cum
2013 1320 2230 1375 interim
2262 1318 2451 1375 eadem
2485 1319 2688 1382 dicere,
2721 1331 2842 1399 qua:
2867 1316 2994 1368 olim
3030 1312 3303 1384 prophetae

1723 1412 2045 1482 nequeant?
2093 1410 2211 1465 Non
2265 1410 2411 1465 enim
2453 1410 2694 1480 Spiritus
2733 1414 2959 1462 sanctus
3007 1405 3061 1459 in
3094 1405 3187 1459 illo
3221 1404 3304 1458 ιο-

1724 1511 1884 1558 cutus
1914 1508 2018 1555 est.
2050 1502 2227 1570 Atque
2290 1499 2405 1554 haec
2441 1501 2558 1569 ipsa
2590 1497 2792 1552 verba:
2846 1495 2994 1557 Volo,
3029 1501 3084 1548 et
3120 1508 3305 1562 percu-

1726 1593 1821 1657 tio,
1852 1600 1905 1647 et
1929 1592 2110 1663 vigilo,
2162 1602 2216 1646 et
2249 1590 2506 1645 Dominus
2551 1576 2710 1643 corda
2738 1590 2795 1643 in
2832 1597 3099 1654 stuporem
3127 1585 3303 1650 vertit,

1729 1681 1923 1736 furiosi
1961 1682 2198 1735 hominis
2229 1680 2397 1735 verba
2434 1686 2584 1743 sunt,
2617 1678 2949 1747 minimeque
2974 1691 3093 1745 qua:
3127 1673 3308 1744 loqui-

58 1774 294 1845 ρακτῆρα
315 1773 411 1827 τοῦ
435 1772 589 1827 ἀνίου
620 1772 957 1844 Πνεύματος,
986 1773 1081 1827 τοῦ
1109 1775 1168 1829 ἐν
1195 1775 1503 1846 προφήταις
1529 1776 1622 1829 λε-

1811 1790 1819 1801 ’
1844 1773 2188 1842 assequentis
2214 1790 2228 1826 :
2256 1772 2313 1826 in
2343 1786 2451 1841 quo
2482 1771 2587 1824 alia
2609 1786 2836 1839 prorsus
2867 1778 2995 1822 nota
3029 1768 3308 1837 ﬁguraque

56 1865 356 1936 λαληκότος.
1328 1890 1329 1893 η

124 2133 182 2187 Εἰ
209 2132 263 2187 δὲ
301 2132 589 2205 θελήσουσι
628 2132 1001 2204 παραπλέκειν
1034 2136 1099 2205 τῇ
1143 2133 1370 2207 ἀληθείᾳ
1410 2135 1470 2189 τὸ
1498 2135 1627 2207 ψεῦ-

60 2222 161 2288 δος,
187 2226 280 2279 καὶ
313 2226 529 2293 ἀγνοεῖν
562 2225 654 2279 τὸν
686 2225 810 2279 νοῦν
852 2226 941 2279 τὸν
970 2226 1071 2296 τῆς
1100 2227 1387 2299 ἀκριϐείας
1432 2230 1626 2301 ἐπιμε-

61 2314 291 2385 λόμενον,
337 2316 555 2378 ἑαυτοῖς
594 2314 653 2368 δέ
693 2315 1048 2386 ἐπισωρεύειν
1076 2316 1285 2385 λόγους,
1321 2317 1388 2372 δι’
1419 2312 1494 2373 ὧν
1518 2336 1627 2374 πα-

64 2406 499 2479 ραποιητεύονται
526 2408 626 2479 τὴν
651 2408 860 2461 ἑαυτῶν
884 2409 1111 2479 πλάνην,
1138 2412 1329 2481 ὁμοίαν
1354 2412 1477 2466 τινὰ
1499 2414 1628 2467 ἀπο-

61 2499 261 2553 τελέσαι
308 2500 753 2571 παραστήσουσιν
798 2499 906 2553 ἀπὸ
951 2501 1047 2553 τοῦ
1069 2501 1168 2571 τὴν
1200 2501 1361 2570 ἁγίαν
1403 2504 1627 2575 Γραφὴν

64 2590 359 2662 εἰρηκέναι·
412 2590 733 2645 Ἐπέϐαλεν
768 2593 803 2645 ὁ
837 2590 982 2656 Θεὸς
1027 2592 1321 2647 ἔκστασιν
1366 2594 1466 2647 ἐπὶ
1518 2594 1628 2649 τὸν

76 2680 257 2749 Ἀδὰμ,
297 2678 400 2733 καί
433 2679 707 2733 ὕπνωσεο
742 2680 835 2733 καὶ
874 2678 1057 2732 οὐκέτι
1088 2680 1272 2750 ὅμοιον
1300 2679 1456 2734 τοῦτο
1485 2683 1627 2735 ἐκεί-

64 2789 164 2825 νου.
194 2772 266 2825 Οὐ
306 2771 416 2842 γὰρ
461 2772 554 2825 καὶ⁹
599 2769 834 2824 ἐνταῦθα
876 2771 1036 2840 σῶμα
1068 2771 1259 2840 ἔμελλε
1305 2772 1565 2826 πλάσσειν
1598 2774 1627 2824 ὁ

64 2861 202 2927 Θεὸς,
226 2862 315 2930 ἀφ’
345 2854 411 2913 οὗ
436 2862 515 2924 είς
562 2860 817 2913 ἔκστασιν
847 2858 1061 2930 ἔφερεν,
1095 2860 1183 2914 ἵνα
1210 2861 1279 2914 τά
1322 2863 1483 2932 ὅμοια
1538 2864 1628 2916 ἐπ-

66 2952 248 3024 ενέγκῃ
299 2952 365 3005 δι’
418 2950 722 3021 ὑπερϐολὴν
755 2952 855 3021 τῆς
901 2950 1338 3021 φιλανθρωπίας’
1391 2952 1469 3021 τῷ
1518 2954 1630 3026 γὰρ

78 3042 234 3113 Ἀδὰμ
268 3042 540 3111 ἐπήνεγκε
566 3039 664 3110 τὴν
691 3039 945 3093 ἔκστασιν
973 3038 1067 3093 τοῦ
1100 3040 1288 3105 ὕπνου,
1317 3041 1417 3095 οὐκ
1442 3042 1632 3097 ἐκστα-

70 3150 144 3186 σιν
175 3134 403 3204 φρενῶν.
434 3131 730 3195 Ἐκστασις
758 3132 815 3184 δὲ
844 3131 988 3185 κατὰ
1012 3132 1274 3203 διαφοράς
1300 3134 1499 3198 πολλὰς
1518 3135 1631 3206 ἔχει
1659 3113 1700 3171 C

68 3224 149 3277 τὸν
186 3224 405 3297 τρόπον.
444 3222 744 3283 Ἕκστασις
780 3219 847 3273 δι’
880 3220 1185 3291 ὑπερϐολὴν
1229 3220 1505 3292 θαύματος
1546 3222 1634 3275 λέ-

71 3332 230 3383 γεται.
264 3314 566 3376 Ἐκστασις
594 3311 812 3381 λέγεται
858 3313 890 3383 ὴ
923 3311 1111 3382 μανία,
1148 3312 1237 3366 διὰ
1276 3313 1337 3365 τὸ
1376 3314 1632 3386 ἐκστῆναι

70 3407 153 3460 τοῦ
193 3404 572 3477 προκειμένου.
621 3404 833 3475 Ἐκείνη
873 3405 930 3457 δὲ
966 3406 999 3474 ἡ
1025 3403 1119 3456 τοῦ
1169 3403 1334 3457 ὕπνου
1374 3404 1629 3470 ἔκστασις

72 3499 198 3553 κατά
222 3500 374 3553 ἄλλον
404 3498 606 3569 τρόπον
641 3496 863 3568 ἐρῤἑθη.
896 3496 1037 3549 κατὰ
1070 3496 1169 3569 τὴν
1199 3497 1433 3567 φυσικὴν
1476 3496 1629 3568 ἐνέρ-

74 3609 234 3660 γειαν’
272 3592 509 3663 μάλιστα
538 3590 596 3642 δὲ
618 3588 695 3658 τῷ
729 3587 1044 3657 βαθυτάτως
1086 3587 1254 3658 αὐτὴν
1277 3587 1632 3658 ἐπενηνέχθαι

74 3684 141 3755 τῷ
166 3685 300 3754 ἁγίῳ
336 3683 534 3753 Ἀδὰμ,
559 3683 654 3735 καὶ
682 3682 739 3733 ἐν
765 3682 908 3753 χειρὶ
935 3682 1071 3736 Θεοῦ
1101 3681 1488 3752 πεπλασμένῳ.

1728 1864 1998 1929 cernitur,
2053 1879 2217 1935 quam
2276 1880 2396 1934 quae
2442 1863 2680 1932 Spiritus
2713 1861 2911 1925 sancti,
2936 1861 3030 1931 qui
3059 1876 3155 1929 per
3178 1873 3308 1930 pro-

1729 1958 1923 2030 phetas
1950 1955 2080 2012 olim
2130 1957 2351 2016 locutus
2378 1961 2463 2011 est
2495 1967 2758 2025 germana
2805 1952 3057 2008 videatur
3088 1966 3152 2006 ac
3181 1963 3310 2020 pro-

1728 2050 1869 2123 pria.

1802 2137 1958 2203 Quod
1988 2138 2033 2194 si
2056 2137 2270 2193 veritati
2326 2135 2671 2192 mendacium
2700 2132 3007 2188 admiscere
3026 2129 3304 2186 voluerint

1730 2238 1786 2285 ει
1800 2236 2118 2285 accuratum
2149 2242 2432 2283 sacrarum
2458 2225 2788 2281 Litterarum
2815 2222 3165 2279 dissimulare
3186 2235 3315 2277 sen-

1730 2334 1876 2386 sum,
1906 2333 1971 2372 ac
2001 2318 2122 2372 loca
2155 2316 2404 2387 quaedam
2437 2314 2814 2378 accumulare,
2843 2313 3046 2384 quibus
3067 2324 3310 2367 errorem

1732 2425 1895 2468 suum
1932 2409 2263 2481 procudam,
2314 2418 2371 2464 et
2401 2407 2605 2464 divinis
2635 2406 2875 2461 oraculis
2904 2419 3065 2475 quam
3099 2402 3315 2460 similli-

1731 2517 1882 2557 mum
1919 2501 2169 2564 reddant,
2201 2507 2333 2571 puta
2392 2499 2539 2569 quod
2576 2498 2862 2569 Scriptura
2893 2496 3128 2551 dixerit:
3157 2492 3313 2548 Misit

1731 2594 1874 2649 Deus
1929 2594 2206 2659 ἔκστασιν,
2240 2594 2344 2648 hoc
2371 2602 2455 2648 est.
2501 2608 2762 2661 soporem,
2797 2592 2853 2643 in
2881 2589 3074 2651 Adam,
3107 2596 3157 2642 et
3182 2585 3313 2641 dor-

1734 2688 1849 2740 miit
1871 2686 1915 2750 ³,
1941 2687 2119 2747 sciant
2143 2686 2302 2756 longe
2331 2684 2494 2738 aliam
2521 2683 2609 2737 hic
2635 2697 2779 2746 esse,
2813 2695 2977 2751 quam
3008 2679 3064 2732 in
3094 2677 3313 2732 illorum

1733 2779 1955 2849 negotio
1988 2779 2276 2833 rationem.
2307 2775 2426 2829 Non
2449 2775 2593 2831 enim
2634 2773 2780 2844 quod
2814 2772 2881 2827 ad
2916 2771 3054 2825 istos
3095 2767 3310 2828 attinet,

1734 2883 1936 2922 novum
1959 2868 2234 2938 quoddam
2266 2881 2469 2936 corpus
2499 2880 2529 2919 a
2556 2864 2665 2919 Deo
2698 2861 3117 2933 designabatur;
3152 2856 3315 2926 cujus

1735 2958 1935 3031 gratia,
1960 2960 2105 3029 quod
2127 2959 2256 3012 olim
2293 2956 2503 3011 Adamo
2555 2956 2781 3010 fecerat.
2812 2967 2910 3022 pro
2941 2965 3040 3005 sua
3074 2947 3318 3018 benignis

1734 3059 1847 3107 tate
1891 3058 2177 3121 stuporem
2231 3050 2570 3103 immitteret.
2615 3044 2751 3099 Nam
2793 3042 2987 3098 Adami
3032 3048 3313 3108 stuporem

1734 3143 1846 3209 ille,
1882 3143 2061 3198 somni
2105 3142 2327 3212 quidam
2369 3148 2559 3210 torpor
2587 3136 2829 3200 exstitit,
2864 3149 2976 3189 non
3002 3131 3200 3187 mentis
3233 3129 3291 3183 in

1734 3235 1912 3292 sauia.
1946 3234 2213 3303 Stuporis
2267 3247 2431 3303 porro
2488 3229 2811 3285 vocabulum
2860 3224 3109 3295 pluribus
3138 3219 3318 3275 modis

1734 3326 1993 3395 usurpari
2056 3324 2216 3380 solet.
2272 3323 2429 3377 Alius
2474 3321 2621 3376 enim
2652 3326 2757 3382 est,
2799 3332 2959 3387 quem
3020 3313 3317 3369 vehemens

1730 3418 1980 3488 quaedam
2020 3416 2162 3486 parit
2189 3413 2503 3469 admiratio.
2571 3412 2716 3469 Alias
2748 3425 2846 3479 pro
2872 3408 3055 3463 furore
3079 3414 3134 3459 et
3161 3405 3313 3458 insa-

1714 3506 1824 3560 auia
1860 3506 2115 3568 sumitur,
2151 3519 2219 3558 ex
2236 3519 2301 3557 eo
2339 3503 2485 3571 quod
2514 3502 2731 3555 animus
2754 3515 2785 3553 a
2812 3496 3092 3567 proposito
3122 3490 3318 3561 ἐκστῆ-

1739 3613 1849 3662 ναι,
1878 3596 1981 3649 hoc
2008 3603 2092 3650 est
2121 3596 2390 3658 aberrare,
2438 3592 2657 3647 dicitur.
2690 3591 2760 3643 At
2802 3589 2879 3642 illi
2905 3600 3099 3643 somno
3125 3592 3317 3652 stupor

1742 3684 1873 3751 alio,
1922 3684 2181 3738 nimirum
2234 3682 2300 3735 ad
2328 3681 2608 3735 naturales
2639 3677 2950 3733 functiones
2994 3672 3317 3728 referendus

75 3784 169 3840 est,
217 3774 517 3845 praesertim
562 3787 688 3828 cum
748 3773 957 3861 Adamo
1000 3775 1119 3830 viro
1180 3782 1394 3840 sancto,
1461 3789 1527 3830 ac
1569 3776 1667 3833 Dei
1730 3780 1988 3834 manibus
2048 3778 2318 3848 perpolito
2378 3775 2683 3831 altissimus
2738 3772 2809 3828 sit
2871 3771 2964 3827 ille
3000 3775 3194 3838 stupor
3227 3766 3316 3820 in-

74 3870 253 3939 jectus.
657 3908 662 3915 .

136 3972 207 4025 E'.
234 3970 343 4025 Kal.
372 3968 487 4039 γάρ
515 3964 728 4038 ἀληθῶς
762 3962 909 4017 ἔστιν
934 3962 1082 4030 ἰδεῖν,
1108 3963 1181 4025 ὡς
1205 3962 1427 4025 δικαίως
1449 3961 1639 4015 ἔκστα-

82 4079 152 4116 σιν
178 4061 375 4133 ταύτην
419 4062 452 4132 ἠ
492 4058 614 4112 θεία
661 4054 851 4146 Γραεξὴ
902 4054 1163 4126 βέϐληκεν
1190 4056 1231 4107 ².
1281 4056 1368 4106 Ἐν
1403 4053 1482 4124 τῷ
1527 4054 1635 4124 γάρ

81 4152 257 4205 ὑπνοῦν
277 4152 366 4205 τὸν
387 4148 676 4221 ἄνθρωπον
700 4145 1050 4218 μεθίστανται
1076 4146 1247 4199 πᾶσαι
1270 4146 1327 4197 αἱ
1354 4145 1635 4215 αἰσθήσεις

81 4248 149 4309 εἰς
171 4244 472 4299 ἀνάπαυσιν
492 4241 806 4312 τραπεῖσαι.
851 4237 938 4301 Ὦς
997 4231 1107 4290 οἷον
1146 4238 1339 4302 είπείν,
1387 4235 1638 4307 παροῦσα

82 4335 408 4408 ὴδιορατικὴ
447 4334 545 4404 οὐχ
594 4332 724 4403 ὁρᾷ”
756 4328 1175 4383 ἀποκέκλεισται
1212 4327 1319 4399 γὰρ
1354 4327 1416 4380 τὸ
1452 4327 1635 4398 ὄμμαο

81 4428 322 4498 ἡσυχάζει
345 4427 409 4479 τὸ
438 4422 620 4478 κινοῦν
660 4424 718 4473 ἐν
750 4420 827 4492 τῷ
856 4419 1129 4491 ἀνθρώπῳ
1156 4419 1392 4488 πνεῦμα,
1426 4419 1521 4471 εἴτ’
1547 4415 1638 4472 οῦν

83 4521 210 4592 ψυχή
229 4538 245 4553 ο
272 4519 563 4589 δυσοδμίας
587 4514 752 4587 οὔσης
777 4517 833 4568 ἐν
856 4514 1011 4583 οἴκῳ,
1041 4512 1135 4565 καὶ
1156 4512 1433 4581 εὐοδμίας,
1466 4510 1644 4564 καίτοι

85 4630 140 4680 γε
166 4612 440 4686 παρούσης
471 4612 571 4679 τῆς
614 4605 981 4678 ὀσφραντικῆς
1007 4602 1330 4672 αἰσθήσεως,
1364 4603 1464 4654 οὐκ
1497 4603 1645 4655 ἀντι-

85 4702 401 4775 λαμϐάνεται
420 4720 434 4734 ·
473 4702 665 4770 ἐξέστη
686 4699 794 4769 γὰρ
825 4699 859 4768 ἡ
889 4696 1112 4767 τοιαύτη
1146 4695 1396 4765 αἴσθησις
1423 4696 1503 4756 είς
1522 4693 1647 4746 άνά-

90 4813 268 4849 παυσιν
302 4796 596 4867 τραπεῖσα.
633 4788 854 4855 Πικρῶν
885 4788 1054 4839 ὄντων
1082 4784 1271 4855 χυμῶν
1305 4787 1362 4837 ἐν
1407 4782 1483 4853 τῷ
1525 4782 1643 4836 στό-

93 4905 227 4957 ματι,
275 4889 310 4960 ἢ
360 4883 641 4957 ἁλμυρῶν,
702 4881 735 4952 ἢ
790 4879 1058 4948 γλυκέων,
1102 4876 1161 4929 τὸ
1210 4875 1497 4944 γευστικὸν
1546 4874 1646 4927 οὐκ

91 4981 383 5034 αἰσθάνεται
408 4995 423 5008 ⁸
461 4976 758 5046 ἐπειδήπερ
789 4975 845 5025 ἐν
876 4970 1129 5024 ἐκστάσει
1157 4968 1254 5038 τῆς
1289 4965 1647 5040 ἀναπαύσεως

92 5072 344 5143 κεῖταιέμὴ
373 5066 650 5141 ἐνεργοῦν,
684 5066 819 5135 ὅπερ
848 5064 906 5114 ἐν
922 5060 1001 5132 τῷ
1026 5060 1173 5130 ῦπαρ
1201 5059 1444 5129 ἐνήργει.
1484 5057 1646 5128 Ἀκοὴ

94 5167 367 5237 πάρεστινο
400 5163 512 5219 ἀλλ’
545 5162 707 5231 ἀργεῖ
730 5158 792 5210 τὸ
826 5153 1146 5209 ἀκουστικὸν
1172 5151 1315 5206 κατά
1340 5150 1436 5221 τὴν
1459 5148 1649 5218 αἴσθη-

98 5274 195 5309 σιν’
221 5260 312 5312 καὶ
346 5255 603 5317 πολλάκις
638 5251 747 5304 τῶν
782 5246 1085 5302 λαλούντων
1119 5246 1177 5296 ἐν
1221 5244 1371 5311 οἴκῳ,
1402 5240 1451 5292 εἰ
1494 5241 1567 5309 μή
1594 5254 1647 5291 τι

97 5349 357 5420 διυπνισθῇ
390 5351 418 5401 ὁ
445 5345 749 5416 ἅνθρωπος,
778 5334 1161 5411 οὐχύπακούει
1186 5332 1292 5386 τῶν
1319 5330 1470 5401 παρά
1490 5345 1650 5383 τινων

101 5440 375 5510 ῥηθέντων,
397 5437 486 5491 διὰ
523 5435 586 5488 τὸ
616 5432 914 5503 ἀποστῆναι
942 5428 1039 5500 τὴν
1067 5426 1341 5498 ἐνέργειαν
1383 5422 1519 5493 πρὸς
1552 5419 1651 5491 τὴν

98 5528 250 5603 ὥραν.
281 5529 455 5585 Τινῶν
501 5525 785 5582 κνωδάλων
807 5520 1166 5594 διερχομένων
1206 5517 1293 5572 διὰ
1328 5514 1421 5569 τοῦ
1451 5512 1651 5585 ἡμετέ-

166 5690 329 5765 'ch.
356 5692 584 5757 ἐτάζων.
662 5694 681 5722 ³
712 5687 869 5743 Corr.
910 5683 1197 5755 κέκληκεν.
1277 5680 1294 5712 ³
1326 5678 1460 5735 Gen.
1487 5694 1545 5744 ιι,
1576 5675 1667 5730 21.

1820 3955 1886 4011 γ.
1944 3955 2171 4010 Constat
2201 3955 2347 4011 enim
2383 3969 2547 4025 quam
2584 3951 2783 4006 merito
2811 3949 3055 4019 stuporis
3084 3948 3190 4004 hoc
3223 3962 3321 4003 no-

1742 4062 1867 4104 men
1894 4063 1924 4102 a
1959 4045 2240 4116 Scriptura
2276 4044 2439 4100 fuerit
2477 4050 2830 4113 Iusurpatum.
2859 4038 3310 4110 Quandoquidem

1742 4140 1963 4195 homine
2019 4138 2306 4206 consopito
2358 4151 2556 4191 sensus
2586 4149 2779 4190 omnes
2824 4131 2893 4187 ad
2920 4130 3159 4203 quietem
3190 4144 3321 4186 sese

1744 4232 2102 4288 transferunt.
2156 4230 2248 4285 Sic
2308 4228 2527 4285 videndi
2555 4226 2809 4290 facultas,
2838 4223 3077 4293 exempli
3119 4222 3314 4293 gratia,

1746 4324 1964 4379 tametsi
1994 4338 2234 4393 praesens
2264 4321 2437 4385 adsit,
2466 4318 2674 4375 clausis
2715 4316 2891 4371 oculis
2922 4315 3061 4369 nihil
3094 4315 3319 4369 omnino

1743 4414 2008 4470 discernit
2043 4432 2055 4467 :
2091 4426 2378 4483 pr0pterea
2404 4410 2550 4480 quod
2581 4417 2698 4462 tum
2733 4408 2848 4471 ille,
2870 4421 2979 4477 quo
3010 4418 3315 4468 movemur,

1742 4506 1970 4577 spiritus
2005 4504 2121 4560 sive
2154 4503 2339 4559 anima
2367 4500 2689 4572 requiescit.
2732 4498 2824 4553 Sic
2854 4496 3145 4568 quantavis
3170 4495 3318 4551 domi

1740 4596 2040 4668 fragrantia
2087 4596 2181 4662 sit,
2210 4602 2306 4649 aut
2344 4593 2507 4657 fetor,
2559 4593 2691 4647 nihil
2726 4600 2909 4645 tamen
2939 4589 3199 4655 odoratu,
3223 4588 3318 4657 qui

1741 4705 1873 4746 sane
1917 4703 2159 4759 praesens
2205 4694 2311 4754 est,
2362 4686 2645 4758 percipere
2689 4698 3017 4755 possumus;
3059 4695 3125 4736 eo
3170 4678 3319 4750 quod

1742 4782 1929 4837 sensui
1957 4781 2033 4834 illi
2062 4780 2130 4834 ad
2161 4780 2400 4850 quietem
2432 4776 2737 4847 composito
2771 4776 2918 4830 velut
2955 4774 3174 4843 quidam
3209 4780 3324 4826 tor-

1746 4887 1846 4943 por
1890 4872 2153 4941 obrepsit.
2217 4872 2347 4927 ltem
2394 4871 2520 4924 licet
2559 4882 2779 4921 amarus
2822 4866 2876 4919 in
2916 4880 3009 4920 ore
3034 4864 3106 4919 sit
3134 4878 3319 4933 sapor,

1748 4970 1841 5019 aut
1899 4963 2095 5026 falsus,
2146 4970 2241 5017 aut
2280 4962 2480 5023 dulcis,
2526 4959 2661 5013 nihil
2700 4964 2922 5026 gustatu
2966 4955 3219 5019 sentitur,
3251 4969 3319 5008 eo

1748 5052 1893 5124 quod
1959 5052 2212 5123 stupidus
2264 5052 2355 5106 hic
2406 5064 2624 5110 sensus,
2658 5062 2721 5101 ac
2752 5046 2912 5117 407
2949 5045 3162 5114 SOpitus
3194 5043 3322 5098 fun-

1749 5146 1988 5200 ctiouem
2021 5145 2225 5198 nullam
2270 5148 2512 5206 exercet,
2546 5137 2852 5207 cuiusmodi
2894 5147 3151 5206 praestare
3182 5134 3320 5204 vigi—

1753 5237 1874 5293 lans
1917 5237 2147 5291 solebat.
2208 5233 2388 5291 Manet
2414 5241 2467 5287 et
2497 5231 2716 5284 auditus
2747 5230 2883 5299 ipse,
2921 5227 3014 5283 sed
3058 5225 3316 5280 audiendi

1755 5340 1840 5385 est
1895 5327 2127 5383 facultas
2182 5327 2358 5381 otiosa
2394 5324 2569 5379 :adeo
2610 5330 2671 5376 ut
2704 5322 3021 5391 plerumque
3062 5317 3208 5371 domi
3244 5317 3326 5369 Io~

1756 5421 2050 5491 quentibus
2078 5418 2374 5485 nonnullis,
2403 5416 2511 5472 nisi
2544 5418 2636 5486 qui
2673 5413 2875 5469 dormit
2909 5409 3325 5482 expergefactus

1762 5514 1945 5579 fuerit,
1974 5529 2093 5583 quae
2124 5512 2192 5568 ah
2225 5513 2291 5566 iis
2315 5510 2573 5566 dicuntur
2594 5523 2705 5564 non
2732 5505 2938 5570 audiat,
2973 5500 3120 5574 quod
3147 5499 3329 5557 omnis
