3750 6200
45 487 120 560 nn

43 559 390 730 ﬁ;

365 737 436 758 ...ρ

991 493 1155 556 λέγει.
1198 491 1458 559 Γεγόνασι
1491 493 1547 546 δέ
1580 495 1638 544 ἐν

973 607 986 628 ,ι
1037 582 1290 634 ἐκστάσει
1337 582 1633 654 λογισμῶν.

955 677 1148 737 πέττει,
1178 675 1298 743 οὐχὶ
1343 675 1418 746 μὴ
1453 692 1634 748 παρα-

993 767 1130 835 τεςιθη
1141 765 1368 837 μερινῆς
1406 768 1636 821 ἀκολου-

903 875 926 900 -ῖ
969 875 1014 906 ’.ῖ
1049 856 1320 926 ὁρώμενα.
1355 854 1494 912 Εἷδε
1526 862 1636 930 γὰρ

873 949 1018 994 αις-πί(
1057 947 1122 998 τὰ
1149 946 1499 1013 τεζίι¹ἀποδαν
1534 951 1634 1004 καὶ

797 1069 802 1076 -
869 1059 896 1082 .-
937 1037 1008 1089 rt‘z
1054 1039 1293 1092 πετεινὰ
1338 1039 1409 1093 ἐν
1454 1040 1630 1111 αὐτῇ.

795 1171 828 1180 ..
857 1133 945 1181 κσιί
959 1131 1057 1182 οὐκ
1072 1126 1138 1200 ἦν
1154 1133 1209 1185 ἐν
1225 1133 1477 1188 ἐκστάσει
1495 1152 1630 1206 φρε-

817 1265 820 1268 .
845 1241 1088 1290 ηκουσεν,
1118 1225 1396 1290 Ἀνάστα,
1414 1228 1626 1296 θῦσον,

851 1335 967 1367 mw
1022 1307 1332 1388 ἐρρωμένος
1357 1320 1582 1392 ἐπείσθη
1610 1340 1623 1352 ·

843 1445 850 1454 .
881 1425 891 1434 ”
935 1408 1250 1477 Μηδαμῶς,
1288 1412 1462 1480 Κύριε
1482 1429 1495 1444 ·
1522 1415 1625 1466 01')—

810 1539 814 1544 .
841 1535 846 1548 .
877 1519 906 1548 ι·
933 1499 1316 1568 εἰσῆλθενείς
1337 1503 1400 1555 τὸ
1433 1506 1627 1572 στόμα

865 1607 996 1650 ..;εν,
1026 1591 1108 1641 ὅτι
1145 1589 1270 1656 Πᾶς
1314 1590 1625 1660 ἄνθρωπος

865 1701 890 1730 .·
947 1701 977 1730 ι·
1013 1681 1145 1749 ἐγὼ,
1183 1683 1288 1752 ίδίᾳ
1318 1683 1494 1752 ἔλεγε,
1531 1685 1626 1738 xui.

297 235 382 262 ΗΡ

44 753 82 840 μ
105 741 342 812 ρκ’-,κ
357 741 436 758 ·*”’

43 841 452 1435 Ξ

55 1401 136 1414 .-
299 1401 440 1435 π,

817 1775 848 1782 ’”
889 1792 985 1841 .γ;,
1009 1774 1322 1828 Ψεύδονται.
1362 1778 1502 1848 Ἀρα
1529 1778 1621 1830 αὐ-

153 1895 160 1906 .
215 1877 222 1884 “
749 1867 758 1872 “
895 1867 1075 1934 Ζμενος
1099 1867 1174 1930 δὲ,
1205 1869 1301 1920 καὶ
1325 1867 1621 1939 θαυμάζων

42 1943 108 2028 pr.-
205 1989 216 1996 .
699 1957 828 2010 “⁷·’··,
882 1960 974 2010 227.“.
1019 1959 1085 2013 τὰ
1137 1961 1286 2032 αὐτῷ
1324 1962 1476 2033 παρὰ
1526 1961 1620 2015 τοῦ

55 2067 72 2094 -.
775 2068 784 2073 -
809 2048 979 2116 ἐμαζε
1009 2049 1130 2102 καθ’
1155 2050 1460 2122 ὑπερϐολήν
1483 2067 1497 2082 ο
1527 2053 1623 2106 καὶ

55 2067 58 2072 -
775 2068 784 2073 -
809 2049 979 2116 ἐμαζε
1009 2049 1130 2102 καθ’
1155 2050 1460 2122 ὑπερϐολήν
1483 2067 1497 2082 ο
1527 2053 1622 2106 καὶ

42 2049 370 2210 ἴῳ
141 2185 148 2192 .
370 2143 520 2176 ’δεῖ--
563 2159 568 2164 ·
657 2153 746 2180 -θν
807 2140 1120 2210 ἐνδεόμενον
1162 2141 1257 2195 τοῦ
1297 2143 1480 2207 ἐλέους
1526 2144 1622 2198 τοῦ

641 2237 690 2274 ηδ
721 2232 1006 2300 ὁληθεύειν
1049 2233 1290 2288 ἐπέδωκε
1315 2253 1329 2266 ο
1363 2235 1541 2291 πάντα
1566 2237 1624 2290 δὲ

433 2335 494 2366 -_.-
549 2339 570 2364 τ
629 2341 748 2374 «rw
779 2325 922 2392 ἔγνω
941 2343 955 2356 ·
989 2327 1078 2379 ἵνα
1109 2327 1258 2400 δείξῃ
1283 2328 1344 2381 τὸ
1371 2328 1623 2400 ἀληθινὸν

627 2437 798 2482 rem;
831 2422 1089 2491 λαλῆσαν,
1121 2421 1215 2473 καὶ
1246 2421 1314 2474 τὰ
1356 2419 1493 2491 βάθη
1522 2421 1620 2474 αὐ-

489 2529 562 2560 ῖ-;.
629 2531 688 2566 ac
715 2515 808 2565 τοῦ
854 2513 987 2566 Θεοῦ
1025 2512 1282 2582 γνώσεως
1326 2512 1420 2565 καὶ
1465 2513 1624 2582 ἀκρι-

637 2623 704 2656 ,ιιι
753 2606 1000 2674 Ἀϐραὰμ
1033 2605 1091 2656 ἐν
1129 2603 1405 2664 ἐκστάσει,
1437 2604 1537 2656 οὐκ
1567 2606 1624 2656 ἐν

655 2719 717 2746 νισι
746 2693 998 2746 ἐκστάσει
1029 2692 1218 2761 φόϐου.
1259 2691 1494 2745 Ἐϐλεπε
1515 2691 1624 2764 γὰρ

493 2809 552 2838 -__.
613 2806 754 2849 ,ωας
795 2786 919 2856 περὶ
969 2786 1068 2856 τὴν
1114 2784 1210 2837 τοῦ
1255 2784 1407 2854 ήλίου
1449 2784 1620 2838 δύσιν.

674 2879 908 2949 δρῶντες
943 2878 1012 2930 τὰ
1043 2877 1295 2948 ὁράματα
1333 2879 1391 2932 ἐν
1416 2877 1624 2950 διανοίᾳ

635 2990 694 3032 ..ς
732 2972 756 3021 ὁ
783 2969 1023 3039 Μωῦσῆς
1056 2986 1222 3040 φησιν
1257 2971 1357 3040 (2)*
1397 2971 1620 3040 Ἐμφρ-

557 3115 568 3124 ,
599 3105 602 3108 .
801 3063 984 3128 Ἔγνω
1017 3060 1073 3112 δὲ
1114 3060 1383 3132 Ἀϐραὰμ,
1408 3063 1476 3115 τὰ
1516 3061 1623 3114 ὑπὸ

545 3209 554 3218 γ
597 3171 710 3204 ..λ’
743 3152 1070 3206 Γι-νώσκων
1102 3151 1327 3222 γνώσῃ,
1353 3153 1442 3206 ὅτι
1473 3155 1622 3224 πάρ-

589 3289 616 3294 ..
697 3261 781 3312 μα
833 3259 950 3298 σου
981 3244 1053 3298 ἐν
1089 3243 1167 3314 τῇ
1197 3245 1487 3314 ἀλλοτρίᾳ
1518 3247 1622 3315 ἐτη

545 3381 548 3386 .
657 3340 731 3406 ᾗς,
761 3336 836 3399 ὡς
867 3335 982 3388 ἔστι
1009 3335 1077 3389 τὰ
1105 3335 1281 3389 πάντα
1308 3338 1365 3389 ἐν
1396 3337 1625 3410 ἀληθείᾳ

567 3431 868 3500 .;ρπιφήταις
905 3427 1192 3500 εἰρημένα,
1224 3428 1321 3482 καὶ
1349 3429 1407 3481 ἐν
1451 3430 1627 3502 ἐρρω-

513 3529 559 3574 -3.
597 3525 650 3575 ἐν
701 3522 940 3593 σώφρονι
987 3521 1255 3592 λογισμῷ,
1309 3523 1404 3575 καὶ
1429 3523 1529 3576 οὑκ
1568 3525 1625 3579 ἐν

271 243 302 280 J

45 393 190 454 ιεεετ
207 369 308 418 ί¹¹¹⁶

39 2477 508 2574 δίειμι-πεπ-

343 4309 382 4334 ³.

347 4399 358 4410 Ι

339 4475 382 4504 ,Αἵ

347 4545 380 4556 -σ

309 4565 382 4592 κάει

37 5143 268 5453 ἓ

477 3986 728 4056 prudenti
765 3986 976 4042 ratione
1006 3987 1264 4056 proferri.

309 4545 510 4604 “datst;
547 4541 672 4604 τοὺς
711 4539 804 4593 δύο
837 4541 964 4600 τοὺς
1000 4539 1058 4591 ἐν
1100 4539 1354 4610 ἐσθήσεσι
1393 4538 1632 4608 λευκαῖς,

285 4630 645 4706 μηραπληξίᾳ
686 4631 916 4703 ὁρῶσιν·
955 4631 1090 4684 ἀλλὰ
1123 4631 1318 4702 ἢκουον
1345 4633 1632 4706 ἐῤῥωμένῃ

289 4731 366 4802 ζει,
392 4729 473 4779 ὅτι
515 4725 754 4796 ’Ἄνδρες
786 4725 1120 4790 Γαλιλαῖοι,
1148 4726 1204 4779 τί
1229 4725 1524 4790 ἑστήκατε
1544 4729 1632 4792 εἰς

277 4819 450 4880 ,ανόν
490 4817 896 4884 dicti-(Corace;
943 4812 1132 4882 Οὗτος
1174 4819 1206 4870 ὀ
1250 4817 1480 4884 Ἰησοῦς
1528 4818 1630 4885 ἀφ’

253 4917 322 4990 ,εἰς
367 4913 473 4966 τὸν
514 4910 776 4980 οὐρανὸν
808 4909 1197 4978 ἀναληφθεὶς,
1236 4909 1424 4975 οὕτως
1458 4910 1630 4962 ἐλεύ-

253 5007 357 5076 ora).
386 5006 454 5060 τὰ
494 5004 640 5076 ἑξῆς.
674 5000 809 5058 Εἶτα
832 5004 889 5057 δὲ
921 5004 1014 5056 καὶ
1045 5004 1073 5056 ὁ
1106 5003 1332 5074 Πέτρος,
1360 5001 1435 5066 ὡς
1473 5001 1630 5072 ἕψηνο

256 5101 309 5154 αὶ
346 5096 594 5158 ἁκούων,
643 5096 736 5148 καὶ
781 5094 1230 5165 ἀποκρινόμενος,
1277 5092 1370 5146 καὶ
1414 5092 1622 5160 λέγων,

218 5180 359 5257 indic,
391 5189 588 5257 Κύριε,
627 5185 904 5240 εὐσταθῶν
939 5181 1006 5257 ἦν
1034 5187 1101 5255 τῇ
1134 5182 1358 5254 διανοίᾳ.
1393 5182 1630 5252 ’Ἄγαϐος

38 5543 190 5672 ,Ἧι
213 5619 317 5682 Ὠς
341 5620 373 5671 ό
397 5617 658 5687 Μωῦσῆς
679 5632 888 5689 φησιν.
916 5616 1073 5684 Quod
1099 5627 1354 5687 tanquam
1382 5631 1411 5671 a
1443 5615 1628 5688 Moyse

38 5737 50 5752 ,
139 5689 466 5744 ιιιιιιΡδιιΙιιε
484 5690 551 5743 ad
571 5689 733 5745 Hebr.
750 5704 969 5760 cap.-xu
995 5696 1421 5760 commemorat;
1454 5704 1630 5758 neque

125 5777 215 5798 ιιμιι
475 5769 588 5818 ὀνε
641 5757 1011 5818 lnstruinento
1078 5759 1296 5831 legitur.
1364 5757 1628 5829 Pleraque

919 281 924 286 -
965 278 992 320 τ;
1013 277 1139 331 aus
1173 273 1516 332 li/ERESES
1554 274 1630 332 ιιι

1829 279 1995 337 ΤΟΜ.
2036 281 2078 338 1.
2120 281 2393 338 ΗᾸΕΒΕΞ.
2427 281 2656 341 XLVI".

1005 401 1064 466 ip
1093 397 1403 469 ἐθαύμασεν
1429 401 1630 473 προφή-

1801 400 2082 457 iotidianis
2117 417 2330 466 eorum,
2366 401 2459 471 qui
2491 401 2768 468 videntur,
2816 414 2909 455 aut
2941 409 3202 473 aguntur,
3231 419 3325 458 co-

363 4125 382 4146 __
427 4081 518 4131 41".
564 4079 726 4132 πάλιν
759 4078 1046 4149 θελήσουσι
1086 4078 1283 4148 λέγειν’
1328 4080 1439 4150 Οὐχ
1471 4080 1635 4150 ὅμοια

395 4172 710 4244 ,χαρίσματα
753 4173 866 4235 τοῖς
915 4171 1203 4241 ἐσχάτοις’
1269 4171 1431 4225 πόθεν
1479 4171 1637 4225 τοῦτο

343 4283 454 4334 3.z;
509 4263 742 4335 Ὁμοίως
784 4262 895 4333 γὰρ
939 4262 1190 4334 ἀλλήλοις
1232 4265 1279 4316 οἱ
1314 4263 1457 4331 ἅγιοι
1499 4281 1634 4334 προ-

347 4399 358 4410 .
395 4357 441 4409 αἱ
478 4356 620 4424 ἆγιοι
663 4352 948 4407 ἀπόστολοι
987 4355 1420 4424 προεφήτευσαν.
1471 4354 1629 4426 Πρῶ-

1801 4350 1862 4404 ali
1891 4365 2001 4404 non
2042 4349 2301 4405 dissimili
2339 4363 2370 4402 a
2399 4363 2459 4404 se
2497 4348 2733 4403 invicem
2776 4348 2992 4404 ratione
3028 4349 3316 4406 vaticinati

312 4471 394 4519 ,αν
434 4445 798 4519 ἀνερχομένου
828 4444 920 4498 τοῦ
957 4445 1208 4516 Σωτῆρος
1241 4447 1319 4508 είς
1349 4445 1440 4497 τὸν
1474 4446 1636 4517 οὐρα-

204 5277 548 5356 ᾖροφητεύων
575 5282 748 5350 ἔλεγε,
795 5281 888 5335 καὶ
929 5278 1070 5332 κατὰ
1119 5280 1394 5350 σχήματος
1424 5277 1632 5348 θαυμα-

3219 290 3327 350 866

1743 493 2102 560 gitationibus
2125 493 2335 564 majora
2366 501 2699 549 versantem.
2725 493 2860 548 Cum
2891 493 3032 547 enim
3054 492 3326 564 Propheta

1740 585 2011 640 miraculo
2045 593 2190 640 esset
2223 585 2510 648 attonitus,
2537 601 2651 655 prae
2707 583 3070 640 admiratione
3131 585 3208 639 ita
3251 587 3326 642 lo-

1738 685 1900 732 cutus
1947 677 2080 732 est.’
2101 675 2258 742 Quod
2283 691 2416 732 vero
2457 675 2744 746 Propheta:
2784 681 2938 729 extra
2971 690 3032 729 se
3076 674 3219 744 rapti
3249 675 3320 729 le-

1737 777 1960 841 guntur,
2013 784 2122 823 non
2155 771 2236 824 sic
2295 768 2671 837 accipiendum
2725 775 2829 829 est,
2875 765 3032 836 quasi
3091 765 3324 819 rationis

1739 877 1898 916 usum
1940 861 2251 915 amiserint.
2309 859 2444 913 Nam
2475 867 2528 914 et
2578 859 2774 914 Petrus
2828 866 2982 913 extra
3027 873 3087 916 se
3130 865 3322 927 raptus

1737 953 2033 1023 aliquando
2067 953 2294 1014 dicitur,
2331 966 2438 1006 non
2460 951 2604 1022 quod
2631 951 3044 1006 habitum‘ultro
3073 949 3323 1019 citroque

1735 1059 2041 1100 sermonem
2073 1044 2370 1114 ignorarit;
2412 1043 2506 1098 sed
2533 1042 2678 1111 quod
2714 1049 2910 1112 praeter
2938 1041 3320 1112 quotidianum

1733 1151 1895 1192 usum
1931 1135 2195 1189 nonnulla
2227 1135 2342 1188 ﬁeri
2370 1135 2514 1188 inter
2547 1134 2798 1189 homines
2835 1132 3318 1187 animadverteret.

1743 1229 1884 1284 Vidit
1909 1229 2046 1282 enim
2078 1227 2297 1281 linteum
2321 1225 2629 1290 demissum,
2659 1236 2708 1280 et
2730 1227 2906 1280 omnia
2931 1223 3317 1294 quadrnpedia,

1731 1337 1794 1373 ac
1819 1320 2051 1390 reptilia,
2080 1328 2128 1372 et
2183 1319 2300 1372 σα»ίὶ
2339 1319 2572 1373 volucres
2620 1319 2676 1372 in
2704 1336 2763 1372 eo
2791 1319 3047 1372 contineri
3074 1318 3113 1370 ¹.
3143 1318 3319 1383 Quam

1730 1428 1895 1482 porro
1928 1428 2048 1483 quae
2075 1411 2393 1467 dicerentur
2429 1411 2612 1464 animo
2629 1412 2953 1480 perceperit,
2987 1424 3087 1464 nec
3115 1424 3144 1462 a
3175 1416 3320 1464 statu

1731 1505 1964 1560 rationis
1997 1507 2210 1560 alienus
2275 1504 2459 1570 fuerit,
2534 1519 2601 1558 ex
2661 1518 2725 1557 eo
2753 1510 2909 1572 potes
2970 1501 3318 1567 discernere;

1730 1598 1872 1666 quod
1907 1613 2030 1651 cum
2060 1597 2301 1652 audisset
2336 1615 2349 1649 :
2384 1596 2575 1666 Surge,
2595 1596 2772 1649 occide
2816 1603 2865 1648 et
2893 1593 3178 1657 manduca,
3207 1608 3322 1648 non

1729 1691 1875 1745 illico
1916 1690 2061 1744 velut
2094 1691 2294 1744 mentis
2331 1690 2558 1742 minime
2581 1703 2806 1758 compos
2837 1687 3189 1757 obsequitur;
3222 1687 3320 1741 sed

817 1775 848 1782 ’”
889 1792 985 1841 rp,
1009 1774 1322 1828 Ψεύδονται.
1362 1778 1502 1848 Ἀρα
1529 1778 1624 1830 αὐ-

1801 1809 1804 1836 ι
1830 1782 2062 1837 Domino
2094 1782 2428 1851 respondet:
2454 1781 2629 1845 Absit,
2660 1779 2903 1833 Domine!
2934 1779 3065 1832 nihil
3087 1793 3320 1847 unquam

1725 1887 1999 1926 commune
2057 1871 2135 1924 vel
2190 1871 2520 1924 immundum
2573 1870 2794 1923 intravit
2841 1870 2898 1922 in
2949 1886 3007 1923 os
3046 1885 3218 1922 meum
3271 1875 3317 1922 ³.

1725 1961 1884 2029 Quod
1918 1971 2100 2017 autem
2134 1963 2200 2017 ad
2236 1962 2494 2016 Davidem
2520 1961 2738 2023 attinet,
2772 1962 2867 2030 qui
2901 1961 3039 2014 dixit
3070 1979 3082 2014 :
3130 1959 3320 2015 Omnis

1725 2057 1882 2110 homo
1912 2053 2176 2119 mendax;
2200 2070 2327 2109 cum
2369 2053 2570 2123 adjecit
2602 2068 2612 2102 :
2644 2052 2758 2124 Ego
2802 2051 2936 2116 dixi,
2975 2051 3229 2121 privatim
3263 2058 3319 2106 et

1725 2165 1790 2204 ex
1839 2164 1940 2204 sua
1995 2162 2233 2218 persona
2288 2147 2508 2202 locutus
2539 2153 2642 2213 est,
2694 2152 2753 2199 ut
2801 2144 3017 2199 mentiri
3068 2144 3320 2198 homines

1726 2242 2040 2306 afﬁrmaret,
2077 2241 2347 2296 mendacii
2383 2241 2500 2313 ipse
2557 2251 2704 2298 esset
2754 2256 2970 2312 expers.
3016 2239 3124 2295 Sed
3160 2234 3322 2293 nimi-

1725 2350 1846 2388 rum
1880 2332 1976 2389 Dei
2021 2333 2415 2404 benignitatem
2462 2335 2818 2390 vehementer
2852 2333 3149 2388 admiratus
3189 2340 3318 2398 est;

1726 2439 1840 2482 tum
1865 2428 2010 2498 quod
2042 2429 2286 2482 numinis
2309 2428 2491 2481 amatu
2515 2427 2916 2497 quamplurima
2931 2427 3059 2480 olim
3089 2434 3320 2481 ventura

1724 2519 2098 2589 praedixisset;
2130 2533 2369 2588 cumque
2403 2518 2682 2574 universis
2713 2518 3032 2572 hominibus
3061 2531 3321 2572 necessa-

1724 2609 1861 2662 riam
1895 2623 2020 2663 esse
2052 2607 2145 2662 Dei
2176 2609 2614 2663 miscricordiam
2652 2617 2919 2672 cerneret,
2952 2607 3056 2662 soli
3088 2607 3320 2662 Domino

1722 2702 2009 2755 veritatem
2069 2700 2343 2763 attribuit,
2377 2716 2440 2753 ac
2486 2701 2746 2754 mortaies
2797 2715 2989 2754 omnes
3033 2699 3322 2769 reprehen-

1705 2790 1869 2844 sioni
1920 2790 2189 2845 obnoxios
2249 2805 2371 2845 esse
2429 2791 2844 2860 pronuntiavit;
2907 2796 2966 2842 ut
3013 2803 3202 2844 verum
3260 2789 3319 2843 in

1725 2883 2013 2952 preplietis
2055 2883 2301 2936 locutum
2335 2898 2458 2938 esse
2490 2883 2756 2952 Spiritum
2804 2882 3140 2946 ostenderet,
3164 2897 3318 2936 cunt-

1725 2989 1831 3044 que
1865 2975 1934 3028 iis
1965 2975 2232 3031 altissima
2263 2975 2463 3029 divina:
2510 2973 2676 3046 409
2711 2973 3044 3044 cognitionis
3087 2987 3318 3026 accura-

1729 3075 1904 3135 taaque
1929 3066 2174 3121 scientia:
2223 3081 2424 3120 arcana
2473 3065 2933 3122 communicasse.
2966 3065 3317 3120 Ahrabamus

1729 3156 1916 3212 itidem
1969 3165 2128 3211 extra
2176 3172 2236 3213 se
2271 3157 2444 3212 fuisse
2512 3165 2707 3227 raptus
2765 3157 3052 3222 scribitur,
3109 3172 3220 3211 non
3250 3165 3310 3210 ut

1723 3249 1893 3303 animi
1963 3250 2238 3318 impotens
2273 3260 2439 3314 esset,
2486 3251 2580 3305 sed
2632 3249 2902 3305 duntaxat
2955 3250 3150 3304 timore
3191 3263 3316 3319 pcr-

1722 3342 1933 3398 culsus.
1964 3339 2113 3396 Vidit
2136 3341 2281 3396 enim
2307 3341 2411 3397 sub
2437 3342 2568 3398 solis
2585 3352 2844 3396 occasum
2874 3339 3148 3394 clibanum
3180 3353 3306 3393 cum

1723 3431 2093 3503 lampadibus.
2163 3431 2478 3503 Eodemque
2539 3433 2702 3488 modo
2759 3432 3041 3502 prophetm
3102 3431 3309 3489 caeteri.

1724 3540 1851 3580 cum
1887 3525 2104 3594 objecta
2141 3524 2246 3580 sibi
2299 3525 2417 3581 visa
2454 3533 2766 3588 cernerent,
2803 3525 2860 3578 in
2892 3523 3082 3580 eodem
3115 3523 3319 3577 mentis

1725 3617 1910 3687 vigore
1965 3617 2349 3685 perstiterunt.
2415 3616 2505 3672 Sic
2558 3619 2703 3671 enim
2771 3615 2990 3688 Moyses
3047 3613 3311 3670 diccbat:

441 3724 571 3759 ..μη-ς
637 3723 754 3760 sum
799 3723 862 3761 ac
905 3706 1153 3760 cohorrui
1187 3707 1226 3761 ³.
1259 3705 1606 3763 Abrahamus
1647 3724 1779 3763 vero
1814 3724 1935 3779 quae
1963 3723 1994 3762 a
2021 3708 2255 3764 Domino
2287 3716 2414 3764 sunt
2449 3709 2593 3762 dicta
2657 3710 2940 3778 percepit:
2991 3706 3137 3763 Scito
3184 3720 3319 3774 pra:-

519 3799 850 3868 peregrinum
885 3798 1124 3868 futurum
1172 3799 1240 3851 sit
1298 3814 1468 3853 semen
1523 3802 1784 3854 tuum'in
1842 3811 1983 3855 terra
2039 3801 2216 3854 aliena
2272 3801 2429 3853 annis
2480 3800 2877 3872 quadringentis
2933 3799 2974 3853 ⁵.
3021 3796 3138 3852 Jam
3178 3796 3314 3852 illud

469 3919 474 3924 -
546 3900 598 3945 te
649 3899 801 3961 puto,
836 3907 957 3962 qua;
1004 3907 1034 3945 a
1069 3891 1351 3963 prephetis
1380 3894 1816 3962 pronuntiantur
1872 3894 2078 3957 omnia,
2139 3901 2189 3948 et
2256 3908 2382 3947 cum
2445 3892 2636 3947 eadem
2685 3891 2850 3944 animi
2905 3889 3197 3961 przesentia
3262 3898 3316 3942 et

1801 4069 1936 4124 Vlll.
1981 4071 2137 4137 Quod
2165 4071 2212 4125 si
2245 4069 2374 4124 illud
2407 4069 2694 4145 objiciant,
2723 4070 3310 4140 posterioribus-donis

1733 4165 1918 4235 priora
1948 4179 2058 4218 non
2095 4163 2266 4219 fuisse
2301 4164 2535 4229 similia;
2571 4163 2900 4233 quibusnam
2938 4164 2991 4218 id
3028 4180 3319 4236 argumen-

1729 4258 1804 4312 tis
1829 4255 2104 4312 etlicient?
2130 4255 2293 4312 Certe
2329 4255 2478 4311 enim
2524 4255 2804 4326 prophetae
2843 4270 3055 4321 omnes,
3090 4265 3144 4312 et
3190 4273 3318 4328 apo-

1737 4450 1886 4496 sunt.
1915 4442 1971 4496 In
2001 4442 2195 4511 primis
2224 4457 2349 4496 cum
2387 4441 2726 4495 ascendente
2751 4440 2806 4494 in
2841 4441 3042 4495 coelum
3080 4439 3316 4496 Domino

1733 4536 1875 4591 duos
1904 4535 2028 4590 illos
2065 4535 2121 4590 in
2162 4533 2408 4590 vestibus
2441 4533 2580 4588 albis
2613 4533 2946 4603 aspicerent,
2987 4546 3097 4586 non
3131 4547 3317 4587 amen-

1733 4637 1817 4684 tes
1847 4625 2154 4696 furiosique
2180 4625 2472 4691 viderunt;
2512 4623 2609 4679 sed
2641 4624 2857 4693 integro
2895 4623 3064 4678 animi
3101 4622 3315 4694 judicio

1731 4722 1926 4792 suique
1956 4726 2239 4789 compotes
2269 4717 2564 4772 audierunt
2593 4736 2607 4771 :
2641 4716 2758 4771 Viri
2778 4714 3014 4782 Galilwi,
3032 4717 3160 4786 quid
3191 4725 3310 4771 sta-

1733 4816 1801 4868 tis
1832 4814 2140 4883 aspicientes
2177 4813 2231 4866 in
2259 4811 2492 4866 cretum?
2533 4808 2636 4863 Hic
2676 4815 2857 4874 Jesus,
2894 4809 2983 4878 qui
3008 4819 3315 4879 assumptus

1728 4915 1804 4962 est
1831 4924 1864 4960 ιι
1886 4905 2027 4960 vobis
2049 4905 2102 4958 in
2128 4889 2332 4968 cretum,
2369 4903 2445 4958 sic
2468 4903 2632 4956 veniet
2662 4903 2704 4966 ⁸,
2729 4908 2833 4956 etc.
2862 4900 3004 4968 Quin
3037 4909 3092 4956 et
3122 4900 3316 4957 Petrus

1731 5001 1946 5065 videns,
1987 5000 2068 5054 uti
2095 4999 2300 5054 dictum
2330 5005 2433 5061 est,
2461 5007 2516 5052 et
2554 4995 2787 5051 audiens
2825 5003 2988 5066 atque
3015 4995 3100 5051 his
3133 4997 3316 5051 verbis

1736 5091 2078 5162 respondens
2100 5109 2112 5144 :
2134 5090 2306 5153 Absit,
2325 5089 2546 5143 Domine
2564 5089 2617 5141 ‘!
2643 5087 2888 5142 eamdem
2913 5088 3182 5143 retinebat
3203 5090 3315 5142 ani-

1737 5184 1810 5236 mi
1839 5181 2472 5254 constantiam.Agabus
2496 5179 2756 5236 similiter
2781 5178 2965 5232 aillatu
2994 5179 3314 5250 prophetico

1741 5275 2081 5342 instructus,
2133 5272 2446 5329 admirabili
2489 5272 2732 5344 quodam
2787 5270 2983 5326 habitu
3043 5278 3314 5342 gestuque

76 5401 376 5507 ῌοιης,
411 5442 465 5507 5,
495 5438 551 5494 6.
620 5438 809 5493 ’ibid.
843 5438 893 5503 7,
924 5437 980 5492 8.
1057 5433 1516 5500 ’Hebr.xu,2l.
1593 5434 1615 5465 ι

1822 5449 1916 5499 xv,
1953 5432 2041 5487 15.
2118 5431 2139 5464 ⁸
2170 5433 2288 5489 Act.
2321 5431 2480 5498 1,“.
2559 5433 2581 5465 ⁸
2604 5431 2724 5488 Act.
2752 5448 2804 5497 x,
2844 5432 2927 5486 14.

1725 5617 1908 5680 enim,
1954 5622 2014 5688 ut
2035 5615 2306 5688 _ol)serva_t
2355 5613 2754 5688 Hieronymus,
2790 5616 2867 5688 _in
2917 5614 3017 5668 hac
3069 5609 3313 5688 Epistula

1727 5688 1886 5757 quasi
1935 5687 2001 5742 de
2035 5685 2229 5742 Vetere
2265 5680 2618 5743 Testamento
2677 5685 3054 5757 proferuntur,
3092 5697 3213 5752 quae
3254 5680 3309 5734 in
3389 5733 3396 5736 _

1728 5759 1823 5814 illo
1853 5757 2078 5814 minime
2105 5757 2475 5829 reperiuntur.
