3846 6284
485 271 598 331 865

1907 271 1966 328 S.
2011 269 2363 330 EPIPHANI]

3659 276 3780 331 εει

487 405 556 444 eo
584 396 836 459 tempore
856 388 1156 460 intercepta
1182 386 1256 444 sit
1278 388 1440 445 actio.
1463 387 1755 447 Postremo
1778 405 1905 445 cum
1925 406 2073 462 quae-

2196 408 2275 444 )ου
2309 391 2581 462 σώματος,
2612 391 2713 445 οὐκ
2763 392 3270 466 αἰσθανόμεθα“τῆς
3310 393 3492 447 αὐτῶν
3531 391 3666 463 περὶ
3714 390 3781 442 τὸ

487 481 612 534 dam
642 496 738 550 per
783 496 986 552 corpus
1011 482 1267 538 oberrent
1299 481 1508 546 bestiae,
1547 482 1742 538 harum
1781 490 2071 540 contactus

487 572 714 628 minime
751 579 867 627 tum
925 589 957 628 a
1006 574 1169 630 nobis
1228 576 1528 646 percipitur
1578 575 1684 630 nisi
1733 573 1874 630 forte
1908 575 2074 631 vehe-

488 663 727 718 mentius
758 664 1108 734 pupugerint.
1144 665 1316 735 Cujus
1337 682 1401 720 ea
1432 681 1601 722 causa
1631 675 1738 731 est,
1774 668 1920 738 quod
1956 683 2074 724 sen-

487 769 586 810 sus
607 755 781 809 nostri
805 754 1145 809 domicilium
1184 754 1238 809 in
1277 755 1369 809 illa
1395 756 1575 810 somni
1605 757 1787 826 quiete
1821 757 1892 811 ab
1922 759 2072 812 omni

487 847 706 901 actione
755 847 1079 901 cessaverit.
1121 846 1280 912 Quod
1329 849 1552 917 quidem
1603 864 1801 906 sensus
1866 850 2074 906 instru-

486 945 752 1003 mentum,
815 953 940 992 cum
972 938 1044 992 sit
1099 947 1295 993 natura
1329 951 1631 1006 terrenum,
1670 942 1964 1012 animaque
1987 942 2073 997 ni—

487 1030 787 1085 hilominus
820 1030 1108 1085 excellenti
1139 1032 1430 1101 praeditum
1468 1051 1480 1087 :
1515 1031 1660 1102 quod
1687 1035 1762 1088 ita
1795 1033 1939 1090 Deus
1962 1035 2072 1089 uti-

489 1122 658 1176 litatis
682 1130 885 1177 nostrze
915 1138 1079 1177 causa
1111 1125 1398 1178 constituit
1428 1141 1441 1181 :
1480 1141 1640 1180 suum
1690 1125 1853 1182 habet
1879 1142 2072 1182 somno

490 1223 705 1284 tempus
727 1215 1078 1278 attributum,
1106 1230 1202 1284 per
1218 1217 1364 1286 quod
1395 1217 1465 1271 ab
1499 1221 1768 1272 acerrima
1799 1219 2072 1274 sentiendi

487 1309 791 1373 (unctione,
827 1309 882 1362 in
913 1310 1149 1378 quietem
1176 1317 1566 1381 torporemque
1624 1312 1936 1368 resolvitur.
1986 1312 2073 1367 ln-

489 1401 649 1456 terim
678 1401 876 1455 animae
899 1416 1028 1470 pars
1063 1400 1151 1454 illa
1205 1403 1478 1472 praecipua
1511 1403 1960 1475 intelligendique
1989 1406 2073 1460 vis

489 1493 760 1562 ejusmodi
812 1500 897 1548 est
949 1493 1192 1562 stuporis
1224 1509 1440 1563 expers.
1485 1494 1639 1564 Saepe
1665 1495 1812 1549 enim
1873 1504 2074 1552 semet-

491 1587 664 1655 ipsam
737 1587 841 1641 sibi
893 1587 1048 1656 quasi
1107 1587 1416 1658 vigilantem
1486 1587 1706 1656 objicit,
1762 1589 2071 1654 ambulans,

490 1694 659 1749 agens
693 1679 918 1748 aliquid,
954 1680 1252 1749 navigans;
1293 1689 1456 1749 atque
1490 1681 1542 1733 in
1582 1681 1850 1750 pluribus,
1873 1691 1927 1736 et
1968 1697 2074 1735 ma-

484 1772 706 1839 joribus
751 1772 986 1841 negotiis
1035 1771 1246 1826 versari
1303 1786 1401 1839 per
1451 1773 1724 1825 somnium
1774 1773 2072 1828 existimat.

488 1860 817 1929 Quanquam
851 1860 1011 1929 longe
1055 1860 1202 1914 istud
1229 1861 1338 1912 alio
1367 1860 1552 1923 modo,
1586 1876 1748 1928 quam
1789 1876 1821 1914 a
1868 1861 2075 1918 furioso

492 1967 557 2005 ac
582 1951 841 2015 fanatico,
874 1952 1114 2021 geritur;
1141 1950 1234 2020 qui
1265 1964 1496 2019 corpore
1518 1951 1812 2019 animoque
1842 1951 2076 2022 vigilans

492 2042 702 2095 atrocia
735 2041 983 2111 quaedam
1017 2049 1313 2111 perpetrat,
1344 2047 1399 2096 et
1427 2055 1552 2094 eum
1587 2041 1690 2094 sibi
1724 2049 1839 2095 tum
1867 2043 2077 2098 caeteris

2178 484 2338 554 σῶμα
2371 482 2528 554 ἡμῶν
2566 483 2732 556 ἁφῆς,
2760 486 2809 538 ει
2842 486 2915 556 μή
2948 503 3003 539 τι
3044 485 3255 557 βαρέως
3289 483 3587 538 ἐπιθῶνται
3626 483 3782 553 ἡμῖν

2173 575 2244 628 τὰ
2265 572 2513 627 κνώδαλα
2540 591 2552 604 ·
2586 574 2662 639 ὡς
2683 573 2780 628 τοῦ
2809 576 3007 641 παντὸς
3028 577 3260 648 ὀργάνου
3285 575 3376 630 διὰ
3404 575 3504 645 τὴν
3521 573 3780 628 ἀνάπαυ-

2177 683 2259 719 σιν
2285 664 2379 718 τοῦ
2407 664 2577 719 ὕπνου
2618 665 2912 731 ἐκστάντος
2940 667 3050 721 ἀπὸ
3087 668 3186 739 τῆς
3217 666 3519 739 ἐνεργείας.
3557 665 3628 718 Τδ
3663 666 3781 734 μὲν

2173 757 2283 828 γάρ
2313 757 2544 828 ὄργανον
2567 756 2781 827 φύσεως
2807 757 2868 812 δν
2889 761 3106 831 γηῖνης,
3127 758 3225 813 καὶ
3249 759 3376 830 περὶ
3406 756 3504 829 τὴν
3531 759 3554 788 ⁸
3583 756 3780 826 ψυχὴν

2175 849 2315 920 ἕχον,
2355 850 2444 904 διὰ
2466 851 2528 904 τὸ
2562 849 2737 912 οὕτως
2771 852 2835 904 ἐκ
2866 849 3001 905 Θεοῦ
3034 849 3144 905 τῶν
3176 851 3463 923 χρησίμων
3492 853 3627 921 ἡμῖν
3657 865 3780 916 γε-

2173 945 2457 1016 γενῆσθαι,
2475 944 2789 998 ἀποδίδοται
2814 944 2892 1016 τῷ
2920 944 3074 1016 ὕπνῳ
3099 945 3310 1017 καιρὸς,
3331 944 3604 1016 μεθιστῶν
3629 942 3778 996 αὐτὸ

2174 1036 2283 1090 ἀπὺ
2336 1036 2434 1106 τῆς
2491 1035 2888 1107 ἐνεργεστάτης
2939 1035 3248 1107 αἰσθήσεως
3293 1037 3376 1100 εἰς
3427 1035 3777 1106 μετάστασιν

2174 1128 2554 1192 ἀναπαύσεως.
2586 1127 2734 1200 Αὐτὴ
2759 1128 2815 1181 δὲ
2839 1129 2872 1199 ἡ
2899 1126 3044 1199 ψυχὴ
3068 1128 3170 1182 οὐκ
3208 1127 3398 1199 ἐξέστη
3432 1127 3528 1181 τοῦ
3558 1130 3778 1198 ἡγεμο-

2173 1221 2326 1276 νικοῦ
2352 1222 2472 1275 οὐδὲ
2494 1222 2588 1275 τοῦ
2617 1225 2982 1296 φρονήματος.
3003 1221 3266 1284 Πολλάκις
3295 1221 3406 1292 γὰρ
3433 1220 3776 1290 φαντάζεται

2175 1314 2373 1386 ἑαυτὴν
2384 1315 2458 1378 ὡς
2472 1317 2528 1368 ἐν
2540 1319 2785 1388 γρηγορή
2794 1333 2893 1380 σει,
2908 1317 3002 1370 καὶ
3014 1317 3325 1386 περιπατεῖ,
3339 1315 3436 1368 καὶ
3446 1314 3750 1385 ἐργάζεται
3761 1357 3773 1370 .

2175 1407 2270 1461 κα)⁸
2302 1410 2644 1479 ποντοπορεῖ,
2678 1408 2772 1460 καὶ
2792 1408 2850 1460 ἐν
2879 1407 3088 1460 πλείοσι
3109 1405 3203 1460 καὶ
3227 1405 3435 1476 μείζοσι
3461 1407 3670 1459 τούτων
3702 1405 3774 1457 δι’

2173 1497 2468 1569 ὀνειράτων
2495 1498 2692 1568 ἐαυτὴν
2716 1497 2960 1568 θεωμένη
2987 1509 3002 1524 ⁸
3035 1491 3071 1566 ἦ
3123 1494 3228 1566 μὴν
3266 1495 3408 1548 κατὰ
3443 1493 3536 1548 τὸν
3566 1493 3774 1563 άφραξο

2175 1606 2356 1654 νοντα,
2390 1591 2484 1643 καὶ
2511 1591 2570 1644 ἐν
2601 1589 2855 1644 ἐκστάσει
2882 1589 3166 1658 γινόμενον
3196 1585 3515 1640 ἐκστατικὸν
3557 1583 3776 1655 ἂνθρω-

2176 1698 2298 1743 πον,
2314 1682 2404 1735 τὸν
2433 1681 2512 1752 τῷ
2533 1680 2744 1752 σώματι
2769 1681 2859 1734 καὶ⁵
2880 1682 2945 1750 τῇ
2969 1679 3114 1749 ψυχῇ
3136 1677 3493 1748 ἐγρηγορότα,
3520 1674 3596 1729 τά
3614 1675 3778 1729 δεινὰ

2186 1771 2725 1848 μεταχειριζόμενον,
2751 1772 2846 1825 καὶ
2887 1771 3146 1833 πολλάκις
3182 1768 3362 1838 ἐαυτῷ
3391 1766 3585 1830 δεινῶς
3616 1766 3775 1838 χρὼ-

2186 1881 2344 1935 μενον
2377 1865 2470 1918 καὶ
2500 1866 2612 1928 τοῖς
2642 1863 2828 1926 πέλας.
2882 1863 3092 1930 ’Δγνοεί
3123 1859 3232 1932 γὰρ
3262 1859 3298 1913 ὃ.
3335 1859 3638 1930 φθέγγεταί
3712 1875 3774 1912 τε

2183 1953 2278 2008 καὶ
2319 1955 2582 2025 πράττει·
2623 1953 2922 2025 ἐπειδήπερ
2951 1954 3009 2007 ἐν
3047 1952 3300 2006 ἐκστάσει
3343 1952 3573 2020 γέγονεν
3598 1950 3776 2020 cippo-

2187 2046 2352 2116 σύνης
2377 2049 2406 2100 ὁ
2423 2046 2685 2110 τοιοῦτος.

492 2135 748 2190 omnibus
795 2135 1030 2191 infestus
1087 2143 1203 2202 est;
1261 2135 1439 2192 nescit
1469 2136 1615 2190 enim
1642 2137 1775 2208 quid
1804 2137 1950 2193 dicat
1985 2148 2081 2194 aut
2116 2139 2299 2210 faciat,
2331 2143 2590 2215 quoniam
2639 2158 2670 2198 a
2705 2141 2934 2199 rationis
2994 2148 3138 2196 statu
3169 2139 3414 2210 dejectus
3462 2149 3519 2194 et
3574 2137 3635 2193 in
3686 2136 3779 2193 τυ-

492 2245 672 2285 rorem
695 2245 888 2285 versus
912 2238 1015 2285 est.

563 2318 653 2374 Vl.
680 2320 804 2375 Haec
837 2338 938 2376 nos
969 2322 1151 2376 omnia
1177 2321 1325 2378 illius
1353 2322 1646 2379 occasione
1674 2325 1812 2380 loci:
1839 2324 2072 2382 Immisit

493 2412 634 2466 Deus
678 2424 945 2480 stuporem
999 2415 1053 2467 in
1103 2413 1391 2478 Adamum,
1414 2426 1462 2468 et
1491 2415 1733 2481 dormiit,
1758 2418 2073 2474 necessario

492 2507 912 2577 disputavimus,
960 2521 1024 2560 ac
1079 2507 1331 2562 diversos
1365 2509 1608 2578 stuporis
1656 2510 1849 2565 modos
1878 2525 2078 2580 propo—

494 2596 704 2651 suimus
730 2613 744 2662 ;
773 2607 937 2666 atque
959 2597 1092 2650 illud
1135 2598 1314 2667 ipsum
1342 2599 1739 2668 explicavimus
1766 2617 1779 2666 ;
1813 2602 1973 2671 cujus
2004 2602 2081 2656 rei

492 2687 669 2756 gratia
703 2703 932 2742 sunmus
964 2688 1052 2743 ille
1084 2689 1322 2758 injectus
1350 2705 1380 2742 a
1410 2689 1641 2744 Domino
1681 2701 1875 2762 stupor
1893 2695 2079 2764 appel-

491 2779 654 2834 letur.
704 2778 969 2834 Nimirum
997 2781 1099 2836 hoc
1121 2782 1388 2851 singulari
1437 2782 1529 2837 Dei
1566 2785 1820 2839 cautione
1845 2800 1909 2839 ac
1931 2787 2081 2841 beni-

495 2872 702 2941 gnitate
723 2873 1050 2942 perfectum,
1076 2889 1238 2942 quam
1258 2875 1446 2944 generi
1482 2876 1766 2931 hominum
1792 2878 2075 2948 impertiit,

495 2980 606 3033 quo
632 2981 691 3019 se
720 2964 788 3017 ad
844 2967 1021 3018 somni
1063 2967 1305 3035 requiem
1334 2983 1361 3019 a
1386 2967 1704 3036 quotidiana
1733 2971 2076 3040 negotiorum

2253 2329 2344 2393 CT.
2379 2325 2563 2379 Ταῦτα
2604 2325 2662 2378 δὲ
2711 2323 2888 2378 πάντα
2939 2322 3027 2376 διὰ
3066 2323 3148 2387 τὸ,
3211 2321 3500 2375 Ἐπέὄαλε
3549 2321 3777 2388 Κύριος

2181 2419 2480 2472 ἔκστασιν
2508 2416 2608 2470 ἐπὶ
2641 2417 2749 2469 τὸν
2783 2413 2986 2484 Ἀδὰμ,
3031 2413 3130 2468 καὶ
3179 2412 3484 2477 ὕπνωσεν,
3521 2411 3778 2481 ἀνάγκην

2185 2511 2520 2580 ἐσχήκαμεν,
2567 2503 2612 2562 ὦ
2640 2507 2980 2576 ἐπιπόθητοι,
3011 2507 3338 2574 συναγαγεῖν
3367 2505 3469 2568 τὰς
3504 2503 3775 2574 διαφοράς

2184 2604 2291 2655 τῶν
2319 2603 2536 2673 τρόπων
2573 2601 2674 2672 τῆς
2722 2600 3030 2661 ἐκστάσεως
3055 2615 3070 2629 ⁸
3103 2598 3197 2652 καὶ
3248 2597 3572 2668 ἐφράσαμεν
3608 2596 3678 2651 δι’
3709 2599 3776 2664 ἦν

2185 2693 2364 2746 αἰτίαν
2399 2695 2514 2745 ἐκεῖ
2542 2692 2694 2762 παρὰ
2711 2691 2914 2761 Κυρίου
2931 2689 3187 2752 ἔκστασις
3205 2690 3417 2760 εἴρηται
3433 2691 3469 2759 ἡ
3486 2689 3583 2742 τοῦ
3600 2688 3772 2741 ὕπνου

2189 2783 2388 2852 μετοχή
2411 2800 2424 2812 ο
2460 2785 2542 2836 ὅτι
2575 2781 2662 2835 διὰ
2689 2781 2786 2852 τὴν
2811 2781 2906 2834 τοῦ
2940 2780 3076 2832 Θεοῦ
3120 2778 3287 2848 φειδὼ
3325 2780 3418 2832 καὶ
3470 2779 3774 2851 φιλανθρω-

2186 2873 2337 2937 πίαν,
2367 2874 2434 2944 ἢν
2464 2875 2597 2926 πᾶσι
2627 2873 2723 2942 μὲν
2770 2870 3078 2941 ἀνθρώποις
3117 2870 3148 2922 ὁ
3175 2869 3334 2933 αὐτὸς
3358 2868 3686 2940 δεδώρηται,
3723 2872 3770 2921 εἰ

2189 2965 2252 3017 τὸ
2292 2964 2692 3036 μεταφέρεσθαι
2737 2963 2828 3016 τὸν
2881 2961 3167 3031 ἄνθρωπον
3213 2961 3320 3014 άπὸ
3371 2961 3648 3032 μερίμνης
3694 2964 3770 3024 εἰς

495 3071 630 3110 cura
690 3072 754 3109 ac
809 3047 1184 3112 sollicitudine
1219 3058 1552 3114 traduceret.
1599 3060 1928 3131 Quanquam
1969 3063 2081 3118 illic

2196 3058 2494 3110 ἀνάπαυσιν
2523 3055 2690 3109 ὕπνου
2727 3056 2819 3108 καὶ
2847 3052 2955 3107 τῶν
2977 3054 3055 3124 τῷ
3084 3052 3183 3122 βίῳ
3207 3051 3485 3122 χρειωδῶν
3508 3053 3772 3122 πραγμά-

496 3147 699 3219 potiori
725 3149 849 3216 jure
882 3149 1124 3218 stuporis
1157 3150 1483 3204 vocabulum
1519 3152 1648 3205 illud
1679 3152 1990 3218 adhaeserit,
2015 3171 2081 3209 eo

497 3239 647 3305 quod
675 3239 958 3307 aliquanto
1006 3240 1160 3293 illum
1223 3250 1468 3309 tempore
1496 3243 1564 3296 ab
1593 3243 1741 3295 omni
1780 3259 1944 3299 sensu
1985 3245 2083 3299 do-

500 3329 635 3385 loris
682 3331 928 3394 exeruit,
990 3347 1115 3387 cum
1165 3331 1212 3385 ei
1259 3343 1468 3386 costam
1527 3333 1876 3390 detracturus
1911 3343 2081 3401 esset,

501 3442 664 3494 quam
695 3427 746 3479 in
771 3428 1054 3482 mulierem
1085 3435 1452 3482 converteret.
1483 3427 1601 3483 Non
1628 3438 1745 3484 erat
1771 3431 1859 3485 ille
1883 3433 2084 3486 mentis

502 3523 598 3570 aut
630 3517 796 3569 animi
839 3525 1049 3586 stupor.
1098 3516 1232 3570 Nam
1268 3519 1451 3573 statim
1485 3531 1648 3589 atque
1670 3521 2083 3592 expergefactus

502 3611 608 3667 est,
641 3604 783 3672 quod
815 3613 1026 3674 gestum
1069 3616 1186 3660 erat
1209 3606 1449 3675 agnovit,
1483 3622 1545 3661 ac
1569 3608 1705 3662 dixit
1739 3628 1751 3662 :
1783 3608 1896 3662 Hoc
1947 3627 2085 3664 nunc

505 3713 562 3750 os
585 3709 650 3748 ea:
672 3696 880 3749 ossibus
918 3697 1045 3750 meis
1075 3707 1122 3751 et
1154 3715 1278 3752 caro
1305 3699 1368 3752 de
1413 3715 1572 3753 carne
1601 3715 1715 3753 mea
1747 3717 1764 3754 :
1789 3700 1899 3756 lucc
1932 3719 2086 3756 voca-

507 3787 648 3837 bitur
697 3785 902 3854 virago,
955 3788 1079 3856 q’uia
1109 3803 1173 3840 ea:
1197 3789 1308 3841 viro
1359 3805 1454 3842 suo
1502 3799 1711 3858 sumpta
1749 3800 1824 3844 est
1854 3792 1894 3847 ³.
1921 3791 2087 3862 408

505 3872 694 3937 Vides,
740 3875 953 3944 opinor,
1010 3878 1469 3945 quemadmodum
1520 3888 1631 3933 tam
1682 3881 1884 3950 priora,
1917 3896 2083 3950 quam

507 3964 816 4033 posteriora
869 3966 1114 4031 noverit,
1175 3981 1238 4022 ac
1290 3968 1474 4021 futura
1523 3969 1802 4039 praedicat.
1872 3970 2082 4024 Etenim

508 4054 690 4124 priora
746 4055 966 4124 quidem
1027 4057 1456 4129 intellexit,qu:e
1508 4060 1813 4116 dormiente
1847 4078 1907 4116 se
1932 4070 2087 4133 gesta

508 4149 760 4211 fuerant,
789 4155 847 4202 ut
881 4164 947 4202 ex
979 4150 1044 4204 iis
1093 4151 1200 4205 illis
1228 4153 1409 4208 verbis
1445 4153 1720 4224 colligitur
1756 4172 1768 4207 :
1806 4154 1878 4209 0s
1905 4170 1968 4208 ea:
1998 4171 2086 4208 os—

507 4239 652 4293 sibus
681 4239 830 4291 meis.
866 4236 1162 4293 Praesentia
1197 4257 1346 4307 vero,
1372 4257 1434 4294 ac
1463 4243 1708 4299 mulieris
1747 4245 2086 4312 procreatio-

510 4346 633 4386 nem
664 4331 959 4386 subsecuta
1007 4333 1303 4401 cognovit;
1353 4336 1557 4404 quippe
1603 4336 1670 4389 de
1719 4351 1821 4390 suo
1855 4351 2088 4405 corpore

2186 3165 2313 3202 των.
2362 3148 2508 3200 Ἐκεῖ
2556 3147 2612 3199 δὲ
2653 3145 3046 3216 περιττοτέρως
3096 3143 3310 3214 ἐκείνην
3376 3143 3639 3197 ἔκστασιν
3683 3144 3765 3196 κέ-

2187 3240 2377 3309 κληκε,
2408 3240 2498 3293 διὰ
2525 3240 2584 3293 τὸ
2631 3241 2852 3309 ποιῆσαι
2892 3239 3055 3293 αὐτὸν
3096 3239 3232 3309 πρὸς
3257 3236 3355 3308 τὴν
3381 3236 3532 3306 ὥραν
3562 3237 3640 3307 μὴ
3690 3239 3767 3288 αἰ-

2190 3331 2480 3385 σθάνεσθαι
2525 3333 2711 3395 πόνου,
2741 3331 2807 3383 δι’
2852 3331 2918 3402 ἣν
2951 3329 3141 3400 ἔμελλε
3187 3327 3484 3399 λαμϐάνειν
3529 3329 3770 3398 πλευρὰν

2187 3427 2285 3479 ἀπ’
2325 3423 2512 3489 αὑτοῦ,
2547 3425 2641 3477 καὶ
2680 3423 2938 3476 πλάττειν
2977 3422 3144 3492 αὐτὴν
3199 3419 3348 3489 αὕτῷ
3393 3421 3474 3483 εἰς
3515 3424 3771 3488 γυναῖκα.

2201 3515 2359 3568 Ἀλλὰ
2409 3514 2510 3567 οὕκ
2560 3510 2628 3584 ἦν
2675 3512 2930 3575 ἔκστασις
2964 3509 3176 3582 φρενῶν
3223 3509 3318 3564 καὶ
3370 3509 3768 3579 διανοημάτων.

2188 3603 2367 3666 Εὐθὺς
2394 3602 2504 3675 γὰρ
2545 3601 2784 3665 ἀναστὰς
2807 3601 3043 3670 ἐπέγνω,
3092 3601 3185 3653 καὶ
3228 3597 3346 3652 εἷπε
3371 3617 3383 3629 ο
3422 3600 3610 3654 Τοῦτο
3666 3600 3774 3654 νῦν

2190 3695 2415 3750 ὀστοῦν
2444 3696 2513 3748 ἐκ
2547 3695 2667 3747 τῶν
2691 3693 2890 3748 ὀστῶν
2917 3710 3058 3762 μου,
3093 3692 3190 3746 καὶ
3213 3692 3366 3760 σὰρξ
3387 3692 3456 3744 ἐκ
3484 3691 3600 3758 τῆς
3635 3708 3773 3760 σαρ-

2189 3788 2446 3856 κόςμουο
2460 3787 2613 3855 αὕτη
2645 3785 3012 3853 κληθήσεται
3026 3783 3203 3852 γυνὴ,
3224 3783 3312 3836 ὅτι
3338 3783 3407 3836 ἐκ
3425 3783 3533 3837 τοῦ
3553 3785 3774 3852 ἀνδρὸς

2189 3877 2626 3946 αῠτῖῖςῖἑλήςρθη
2642 3878 2816 3945 αῦτη.
2840 3878 2949 3930 Καὶ
2965 3877 3253 3930 ἐπίσταται
3269 3878 3398 3945 γάρ,
3414 3875 3490 3940 ὡς
3504 3878 3665 3948 ὁρᾷς,
3685 3877 3769 3930 καὶ

2190 3971 2257 4024 τὰ
2274 3970 2484 4042 πρῶτα,
2504 3971 2597 4022 καὶ
2610 3969 2930 4040 τὰπαρὸντα
2945 3968 3037 4022 καὶ
3051 3967 3377 4038 προφητεύει
3394 3984 3461 4020 πε
3471 3969 3523 4040 pl.
3535 3968 3647 4023 τῶν
3662 3969 3773 4038 μελ-

2191 4063 2410 4117 λόντων.
2442 4063 2572 4115 Ἰδοὺ
2594 4062 2702 4132 γὰρ
2725 4061 2938 4130 ἐπέγνω
2962 4061 3032 4114 τὰ
3061 4060 3272 4132 πρῶτα,
3303 4061 3390 4114 ὅτε
3420 4055 3490 4130 ἦν
3515 4063 3574 4113 ἐν
3604 4061 3769 4130 ὕπνῳ,

2191 4155 2382 4222 λέγων,
2413 4155 2494 4206 ὅτι
2533 4153 2789 4206 Ὀστοῦν
2813 4152 2883 4206 ἐκ
2899 4151 3018 4206 τῶν
3041 4149 3240 4206 ὀστῶν
3257 4168 3398 4221 μου.
3424 4153 3537 4204 Καὶ
3559 4153 3774 4220 ἐπέγνω

2191 4246 2260 4298 τὰ
2293 4245 2556 4314 παρόντα,
2609 4243 2746 4314 μετά
2786 4243 2848 4296 τὸ
2892 4241 3196 4313 πλασθῆναι
3228 4243 3328 4313 τὴν
3365 4245 3623 4312 γυναῖκα,
3665 4244 3774 4295 ἐπι-

2195 4337 2359 4405 γνοὺς
2386 4335 2555 4405 αὐτὴν
2581 4335 2689 4388 ἀπὸ
2713 4332 2807 4387 τοῦ
2839 4332 3089 4404 σώματος
3107 4333 3372 4404 ἠρμένην.
3392 4335 3506 4387 Καὶ
3536 4335 3773 4405 προεφή-

508 4422 832 4476 translatam
907 4423 1049 4476 illam
1115 4425 1524 4481 animadvertit.
1582 4427 1864 4482 Postremo
1908 4427 2081 4482 futura

2199 4442 2356 4478 τευσε
2396 4427 2525 4497 περὶ
2554 4425 2662 4477 τῶν
2699 4425 2992 4495 ἐσομένων,
3033 4425 3114 4476 ὅτι
3145 4425 3395 4477 Ἕνεκεν
3424 4425 3646 4478 τούτου
3678 4441 3772 4477 κα-

510 4531 729 4585 quoque
804 4516 1138 4572 vaticinatus
1209 4526 1330 4582 est,
1373 4535 1496 4573 cum
1548 4521 1620 4573 ita
1678 4521 2091 4590 pronuntiavit:

518 4607 737 4676 Propter
762 4609 857 4662 hoc
874 4610 1126 4679 relinquet
1173 4609 1324 4664 homo
1360 4622 1562 4680 patrem
1587 4629 1741 4666 suum
1781 4623 1828 4668 et
1871 4622 2094 4667 matrem

512 4714 698 4763 suam;
729 4709 778 4752 et
818 4700 1103 4754 adltwrebit
1130 4702 1286 4754 uxori
1307 4717 1434 4766 sum,
1461 4711 1509 4756 et
1535 4713 1686 4756 erunt
1710 4703 1862 4758 ambo
1894 4706 1948 4757 in
1976 4721 2096 4756 car-

512 4807 628 4843 nem
661 4807 822 4844 unam
856 4793 899 4844 '.
937 4791 1060 4846 Haec
1093 4792 1256 4862 igitur
1275 4806 1382 4846 non
1419 4793 1640 4846 fanatici
1679 4795 1914 4851 hominis
1945 4805 2091 4862 sunt,

517 4897 625 4934 non
653 4881 782 4952 quid
803 4881 951 4935 dicat
991 4881 1332 4951 ignorantis;
1373 4883 1468 4937 sed
1510 4884 1678 4939 animi
1707 4885 1902 4941 robore
1927 4901 1990 4940 ac
2013 4887 2077 4940 lir

517 4974 703 5028 mitate
725 4973 955 5043 praediti.

588 5064 698 5118 VII.
745 5064 864 5118 Jam
899 5079 1027 5119 vero
1059 5073 1117 5119 ut
1145 5065 1347 5122 deloco
1377 5066 1509 5121 illo:
1540 5065 1648 5137 Ego
1679 5067 1860 5121 dixiin
1879 5083 2094 5122 excessu

520 5176 631 5212 meo
661 5175 680 5213 :
718 5157 902 5213 Omnis
933 5158 1084 5213 homo
1113 5160 1340 5214 mendax
1369 5159 1410 5224 ³,
1442 5159 1645 5230 aliquid
1673 5160 1954 5227 dicamus;
1989 5161 2093 5215 alia

520 5249 768 5318 qua-dam
829 5248 992 5318 hujus
1043 5252 1192 5304 verbi
1231 5251 1379 5306 notio
1425 5261 1526 5318 est,
1579 5268 1688 5307 non
1715 5267 1776 5306 ea
1825 5252 2095 5317 videlicet,

521 5355 642 5409 qua:
663 5340 863 5394 amenti
897 5356 960 5395 ac
992 5341 1197 5396 furioso
1221 5343 1500 5397 tribuitur.
1534 5344 1692 5398 Absit
1723 5353 1779 5397 ut
1810 5343 1861 5397 id
1895 5343 1948 5397 in
1981 5344 2099 5397 ani-

523 5447 673 5486 mum
736 5431 1078 5487 inducamus.
1134 5432 1242 5488 Sed
1294 5434 1567 5489 hominem
1625 5433 2004 5489 incredibilem
2039 5435 2095 5489 in

528 5525 750 5581 modum
783 5526 1258 5595 obstupesccntcm
1321 5525 1613 5596 signiﬁcat,
1654 5534 1708 5579 et
1766 5527 1986 5584 usitatis
2034 5543 2098 5582 ac

599 5682 770 5737 ‘Gen.
808 5693 867 5748 ιι,
911 5684 1001 5740 ‘25.
1038 5728 1045 5737 .
1084 5686 1102 5716 ²
1135 5684 1266 5740 ibid.
1298 5683 1386 5738 2‘5.
1470 5684 1654 5739 ‘Psal.
1691 5702 1812 5751 ων,
1853 5685 1936 5737 ll.

2057 5686 2074 5715 "
2104 5685 2258 5742 Corr.
2295 5687 2569 5757 περιττήν.
2645 5685 2664 5720 ⁸
2697 5684 2848 5740 Corr.
2881 5684 2979 5737 οὐκ
3005 5679 3094 5755 ἦν.

2203 4519 2472 4586 ruehl-si
2515 4517 2825 4586 ἅνθρωπος
2872 4517 2980 4571 τὸν
3021 4516 3247 4583 πατέρα
3282 4515 3491 4576 αὐτοῦ,
3530 4517 3633 4569 καὶ
3673 4516 3773 4580 τὴν

2195 4608 2420 4679 μητέρα
2445 4608 2654 4674 αὐτοῦ,
2685 4609 2781 4661 καὶ
2810 4606 3414 4676 προσκολληθήσεται
3438 4604 3514 4674 τῇ
3544 4606 3772 4673 γυναικὶ

2202 4703 2408 4767 αὐτοῦ,
2439 4702 2537 4755 καὶ
2555 4704 2797 4755 ἔσονται
2849 4704 2901 4754 οἱ
2949 4700 3056 4755 δύο
3080 4702 3167 4765 εὶς
3192 4697 3388 4766 σάρκα
3410 4697 3578 4766 μίαν.
3600 4698 3771 4752 Ταῦτα

2201 4795 2256 4846 δὲ
2281 4795 2379 4847 οὐκ
2392 4794 2450 4844 ἐν
2477 4795 2497 4824 ³
2521 4791 2839 4846 ἐκστατικοῦ
2863 4791 3070 4861 ἀνδρὸς,
3093 4790 3216 4844 οὕδέ
3242 4789 3770 4860 ἀπαρακολουθήτου,

2203 4883 2337 4939 ἀλλὰ
2377 4883 2694 4954 ἐρρωμένην
2727 4883 2941 4952 ἔχοντος
2974 4881 3071 4952 τὴν
3109 4882 3368 4935 διάνοιαν.

2247 5045 2346 5119 ’Ζ’.
2377 5067 2438 5119 Εἰ
2467 5066 2523 5118 δὲ
2547 5066 2641 5119 καὶ
2674 5064 2803 5134 περὶ
2834 5061 2946 5128 τοῦ,
2995 5062 3144 5130 Ἐγὼ
3165 5057 3344 5114 εἶπον
3368 5061 3440 5113 ἐν
3476 5060 3550 5129 τῇ
3573 5063 3774 5116 ἐκστά-

2202 5176 2296 5212 σει
2323 5175 2442 5228 μου
2463 5176 2475 5188 ·
2513 5157 2639 5224 Πᾶς
2671 5156 2981 5224 ἄνθρωπος
3008 5155 3304 5222 ψεύστης,
3345 5152 3585 5216 λεκτέον,
3625 5154 3772 5224 ἐτέρα

2206 5251 2368 5306 πάλιν
2392 5251 2527 5321 αὕτη
2569 5250 2878 5322 ἠδύναμις,
2919 5250 3018 5319 οὐχ
3053 5249 3113 5302 ὃν
3165 5248 3363 5318 τρόπον
3404 5248 3550 5309 τινὸς
3587 5249 3772 5318 ἀφραί-

2204 5360 2384 5406 νοντος
2410 5343 2696 5414 ἀνθρώπου
2737 5343 2832 5395 κα)⁸
2860 5342 3182 5396 ἐκστατικοῦ
3207 5383 3220 5406 ,
3251 5341 3324 5412 μὴ
3352 5341 3592 5407 γένοιτοε
3650 5340 3772 5395 άλλᾶ

2209 5436 2707 5506 ὕποθαυμάζοντος,
2739 5439 2832 5490 καὶ
2869 5436 3249 5506 διανοουμένου
3280 5435 3421 5505 ὑπὲρ
3455 5435 3560 5487 τῶν
3590 5435 3610 5465 ⁶
3645 5435 3769 5489 κατὰ

2204 5528 2304 5598 τὴν
2346 5527 2632 5598 συνήθειαν
2663 5527 2939 5597 λογισμῶν
2978 5526 3084 5579 τῶν
3125 5526 3452 5598 συμμέτρως
3490 5526 3768 5597 ὁρωμένων

3187 5686 3204 5717 ⁶
3245 5683 3305 5739 [θ’.
3336 5684 3414 5737 τό.
