3750 6200
51 249 152 304 865

763 250 1134 308 ADVERSUS
1165 247 1510 306 IUERESES
1547 248 1675 307 LIB.
1715 251 1780 310 II.
1823 253 1989 312 ΤΟΜ.
2030 254 2072 311 I.
2114 254 2387 311 HERES.
2422 255 2650 313 XLVIII.

3213 263 3320 323 866

53 385 107 422 τε
139 367 230 419 καὶ
260 367 666 438 πραττομένων.
705 370 921 443 Ἐπειδὴ
951 371 1059 443 γὰρ
1085 371 1396 444 ἐθαύμασεν
1422 392 1534 446 προε

1838 374 2077 430 ttidianis
2112 390 2325 440 eorum,
2360 374 2454 444 qui
2486 374 2763 442 videntur,
2810 386 2903 428 aut
2935 382 3195 445 aguntur,
3225 391 3319 430 co-

55 476 166 529 της,
203 459 291 513 διὰ
331 454 654 530 θαυμασμὸν
700 462 932 516 ἐνταῦθα
981 464 1150 532 λέγει.
1191 465 1451 534 Γεγόνασι
1485 467 1541 520 δὲ
1573 469 1632 518 ἓν

55 549 303 603 ἐκστάσει
335 551 382 602 οἱ
431 552 730 622 προφῆται,
776 553 876 606 οὐκ
925 555 983 606 ἐν
1028 555 1284 608 ἐκστάσει
1331 557 1627 627 λογισμῶν.

54 643 240 712 Γέγονε
271 644 380 715 γὰρ
412 645 506 697 καὶ
539 645 748 716 Πέτρος
775 647 834 698 ἐν
867 648 1142 711 ἐκστάσει,
1172 649 1292 718 οὐχὶ
1337 649 1413 720 μή
1447 666 1628 723 παρα-

50 733 314 789 κολουθῶν
342 734 418 805 τῷ
445 734 608 806 λόγῳ,
640 736 754 789 ἀλλ’
795 737 939 809 ὀρῶν
986 739 1362 812 καθημερινῆς
1400 742 1630 795 ἀκολου-

49 827 164 890 θίας
190 827 352 898 ἔτερα
383 827 534 899 παρὰ
562 831 675 891 τοῖς
701 828 1010 900 ἀνθρώποις
1040 830 1314 901 ὁρώμενα.
1349 828 1488 886 Εἶὸε
1519 835 1629 904 γὰρ

49 917 260 984 ὀθόνην
281 915 660 985 καθιεμένην,
687 918 785 971 καί
818 919 1016 972 πάντα
1047 921 1118 974 τὰ
1141 920 1493 987 τετράποδα,
1529 925 1628 977 καί

47 1009 275 1076 ἑρπετὰ,
323 1008 420 1060 καὶ
470 1008 580 1062 τοῦ
629 1011 893 1076 οὐρανοῦ
931 1009 1004 1065 τὰ
1047 1013 1288 1066 πετεινὰ
1332 1013 1403 1067 ἐν
1448 1014 1624 1085 αὐτῇ.

52 1103 184 1171 Ὂρα
209 1101 385 1166 δὲ,ὅτι
406 1101 825 1172 παρακολουθεῖ,
848 1100 1134 1176 καὶούκῆν
1147 1107 1204 1160 ἐν
1219 1107 1472 1161 ἐκστάσει
1490 1125 1624 1180 φρε-

49 1193 146 1245 νῶν
160 1193 187 1244 6
199 1193 354 1261 ἅγιος
369 1192 590 1264 Πέτρος*
610 1195 697 1248 ὅτε
715 1195 1083 1267 γὰρήκουσεν,
1111 1198 1390 1264 Ἀνάστα,
1409 1201 1621 1269 θῦσον,

49 1283 137 1336 καί
170 1283 343 1353 φάγε,
381 1287 480 1355 οὐχ
503 1286 580 1348 ὼς
611 1287 684 1357 μὴ
713 1286 805 1341 τὸν
839 1288 964 1342 νοῦν
1016 1281 1326 1363 ἐρρωμένος
1352 1295 1578 1366 ἐπείσθη
1605 1313 1618 1326 ·

47 1375 171 1428 ἀλλὰ
203 1376 339 1446 φησὶ
368 1377 504 1447 πρὸς
536 1377 624 1430 τὸν
653 1379 853 1450 Κύριον
873 1395 890 1411 ⁸
929 1381 1245 1452 Μηδαμῶς,
1283 1387 1457 1454 Κύριε
1477 1403 1490 1418 ·
1517 1389 1619 1440 οὐ-

47 1467 246 1521 δέποτε
275 1469 486 1522 κοινὸν
504 1469 543 1537 ἢ
566 1455 910 1538 ἀκάθαρτον
927 1472 1211 1540 εἰσῆλθεν
1224 1479 1311 1542 είς
1332 1477 1396 1529 τὸ
1428 1480 1622 1545 στόμα

41 1575 171 1626 μου.
206 1556 317 1610 Kal.
366 1557 533 1610 Δαϐἱδ
561 1560 590 1610 6
632 1559 785 1625 ἅγιος
822 1557 992 1624 εἶπεν,
1021 1563 1103 1615 ὅτι
1139 1563 1265 1630 Πᾶς
1309 1564 1621 1634 ἅνθρωπος

46 1653 328 1721 ψεύστης.
381 1653 440 1704 Ὀ
473 1652 530 1705 δὲ
555 1651 748 1721 λέγων,
782 1655 974 1707 Εἶπον
1007 1655 1141 1724 ἐγὼ,
1178 1657 1283 1726 ίδίᾳ
1314 1657 1490 1726 ἔλεγε,
1526 1659 1620 1712 καὶ

1737 467 2096 534 gitationibus
2119 467 2329 536 majora
2360 474 2694 523 versantem.
2719 465 2854 520 Cum
2885 466 3026 520 enim
3048 464 3320 536 Propheta

1733 559 2006 614 miraculo
2039 566 2184 613 esset
2217 559 2504 621 attonitus,
2532 574 2646 628 pra:
2702 557 3064 612 admiratione
3123 558 3202 611 ita
3244 559 3320 614 lo-

1732 659 1894 706 cutus
1943 651 2074 706 est.’
2095 649 2252 715 Quod
2277 665 2410 705 vero
2451 648 2738 718 Prophetze
2779 654 2932 702 extra
2967 662 3026 702 se
3068 647 3213 717 rapti
3243 647 3314 702 le-

1731 751 1954 814 guntur,
2007 757 2117 796 non
2149 743 2231 797 sic
2290 741 2666 810 accipiendum
2719 747 2824 801 est,
2869 738 3026 808 quasi
3084 738 3318 792 rationis

1733 850 1892 889 usum
1935 833 2246 889 amiserint.
2304 831 2438 886 Nam
2469 841 2523 886 et
2574 831 2769 887 Petrus
2823 839 2976 885 extra
3022 845 3082 888 se
3124 838 3317 900 raptus

1731 927 2028 997 aliquando
2061 927 2289 988 dicitur,
2326 939 2433 979 non
2455 924 2599 995 quod
2626 924 3039 978 habitum‘ultro
3067 922 3317 992 citroque

1729 1033 2036 1074 sermonem
2068 1017 2364 1087 ignorarit;
2407 1016 2502 1071 sed
2528 1015 2673 1084 quod
2709 1022 2904 1085 praeter
2932 1014 3315 1084 quotidianum

1727 1125 1889 1165 usum
1925 1109 2190 1162 nonnulla
2221 1108 2338 1162 ﬁeri
2366 1107 2509 1162 inter
2542 1107 2792 1162 homines
2831 1105 3314 1160 animadverteret.

1737 1202 1878 1257 Vidit
1904 1203 2042 1256 enim
2073 1201 2292 1254 linteum
2316 1198 2625 1262 demissum,
2655 1209 2703 1253 et
2726 1199 2902 1252 omnia
2927 1197 3313 1267 quadrupedia,

1726 1311 1788 1346 ac
1813 1294 2046 1364 reptilia,
2075 1302 2123 1346 et
2177 1292 2295 1346 εωίί
2334 1292 2568 1346 volucres
2615 1291 2672 1345 in
2699 1308 2758 1345 eo
2787 1291 3042 1344 contineri
3069 1291 3108 1342 ί.
3139 1291 3315 1355 Quam

1724 1402 1890 1456 porro
1923 1401 2044 1457 quae
2070 1385 2388 1440 dicerentur
2424 1385 2608 1437 animo
2624 1385 2948 1453 perceperit,
2983 1397 3082 1437 nec
3109 1397 3139 1435 a
3171 1389 3316 1436 statu

1723 1480 1959 1535 rationis
1992 1481 2206 1533 alienus
2269 1477 2454 1543 fuerit,
2529 1492 2596 1531 ex
2656 1491 2721 1531 eo
2748 1483 2905 1546 potes
2965 1474 3313 1539 discernere;

1725 1572 1867 1640 quod
1902 1587 2026 1625 cum
2054 1571 2297 1625 audisset
2331 1589 2344 1623 :
2380 1569 2570 1639 Surge,
2591 1569 2768 1623 occide
2812 1577 2860 1620 et
2889 1566 3173 1630 manduca,
3203 1581 3318 1620 non

1724 1665 1870 1719 illico
1911 1663 2056 1718 velut
2089 1664 2289 1718 mentis
2325 1663 2553 1716 minime
2576 1676 2802 1732 compos
2833 1660 3184 1730 obsequitur;
3217 1659 3315 1714 sed

47 1747 164 1816 περὶ
184 1745 294 1797 τῶν
319 1744 642 1816 ἀνθρώπων,
672 1746 776 1809 ὅτι,
807 1747 982 1816 ἔλεγε,
1004 1747 1318 1802 Ψεύδονται.
1357 1752 1498 1822 Ἀρα
1525 1778 1528 1800 ι

1834 1755 2058 1810 Domino
2089 1755 2423 1825 respondet:
2450 1755 2625 1818 Absit,
2656 1752 2898 1806 Domine!
2929 1751 3060 1804 nihil
3081 1766 3315 1820 unquam

47 1839 126 1901 τὸς
151 1837 248 1891 οὐκ
275 1835 551 1906 ἐψεύδετο.
602 1838 1072 1910 Ἐκπληττόμενος
1094 1840 1170 1904 δὲ,
1201 1843 1297 1894 καὶ
1320 1841 1616 1913 θαυμάζων

44 1930 133 2002 τὴν
178 1929 344 1984 αὑτοῦ
399 1930 828 2002 φιλανθρωπίαν,
875 1933 971 1985 καὶ
1013 1933 1081 1986 τὰ
1133 1933 1282 2006 αὐτῷ
1320 1935 1472 2006 παρὰ
1522 1935 1616 1988 τοῦ

48 2020 235 2091 Κυρίου
260 2021 676 2100 κεκηρυγμένα,
699 2019 976 2092 ἐθαύμαζε
1003 2022 1126 2075 καθ’
1151 2023 1457 2096 ὑπερϐολήν
1479 2041 1493 2055 ⁸
1523 2026 1619 2079 καὶ

47 2112 172 2182 ὀρῶν
226 2113 410 2166 πάντα
454 2113 742 2185 ἄνθρωπον
801 2113 1116 2184 ἐνδεόμενον
1158 2114 1253 2169 τοῦ
1293 2117 1476 2181 ἐλέους
1522 2117 1618 2171 τοῦ

45 2205 187 2269 Θεοῦ,
225 2206 376 2276 μόνῳ
407 2206 594 2277 Κυρίῳ
623 2205 686 2258 τὸ
717 2205 1002 2276 ἀληθεύειν
1044 2207 1288 2262 ἐπέδωκε
1311 2227 1325 2239 ο
1360 2209 1537 2264 πάντα
1562 2210 1620 2263 δὲ

47 2298 313 2368 ἄνθρωπον
337 2297 448 2352 ὑπὸ
471 2299 744 2368 ἐπιτίμιον
775 2297 918 2368 ἔγνω
937 2317 951 2330 ·
985 2300 1074 2353 ἵνα
1105 2300 1255 2373 δείξῃ
1280 2301 1340 2354 τὸ
1367 2302 1619 2373 ἀληθινὸν

47 2393 252 2465 Πνεῦμα
284 2393 348 2448 τὸ
379 2397 438 2448 ἐν
486 2395 794 2465 προφήταις
826 2394 1085 2465 λαλῆσαν,
1118 2395 1212 2447 καὶ
1243 2395 1310 2448 τὰ
1352 2393 1490 2464 βάθη
1519 2394 1616 2446 αύ-

47 2490 145 2550 τοῖς
175 2487 532 2556 ἀποκαλύψαν
583 2487 684 2558 τῆς
711 2486 805 2540 τοῦ
850 2487 984 2539 Θεοῦ
1022 2486 1278 2555 γνώσεως
1321 2485 1417 2538 καὶ
1461 2486 1620 2556 ἀκρι-

51 2578 204 2640 ἧείας.
226 2579 498 2645 ’Ἐγένετο
523 2578 580 2631 δέ
607 2579 701 2630 καὶ
744 2577 998 2648 Ἀϐραάμ
1030 2578 1088 2629 ἐν
1126 2576 1402 2638 ἐκστάσει,
1434 2577 1534 2629 οὐκ
1563 2579 1620 2629 ἐν

51 2669 282 2721 ἐκστάσει
304 2667 544 2740 φρενῶν,
577 2667 715 2721 ἀλλὰ
742 2666 996 2720 ἐκστάσει
1027 2665 1214 2735 φόϐου.
1256 2665 1490 2718 Ἐϐλεπε
1511 2665 1620 2737 γὰρ

51 2759 284 2813 κλίϐανον
334 2760 430 2813 καὶ
465 2761 753 2831 λαμπάδας
789 2760 916 2830 περὶ
965 2759 1065 2830 τὴν
1111 2757 1207 2811 τοῦ
1252 2757 1404 2828 ἡλίου
1445 2757 1617 2812 δύσιν.

52 2854 146 2904 Καὶ
175 2852 318 2906 ἄλλοι
363 2853 643 2924 προφῆται
670 2851 905 2924 ὁρῶντες
940 2852 1009 2904 τὰ
1040 2852 1292 2922 ὁράματα
1330 2853 1388 2906 ἐν
1413 2851 1621 2924 διανοίᾳ

53 2944 317 3016 ἐρρωμένη
349 2944 557 3012 ἐλεγον.
608 2945 696 3007 Ὠς
727 2946 756 2997 6
779 2944 1020 3014 Μωῦσῆς
1053 2960 1219 3014 φησιν
1255 2945 1354 3012 (2)⁶
1393 2945 1618 3014 Ἕλιφο-

53 3037 144 3102 ϐός
173 3039 282 3105 ειμι
314 3035 416 3090 καί
449 3037 757 3105 ἔντρομος.
797 3037 982 3103 Ἔγνω
1014 3035 1070 3087 δὲ
1111 3035 1380 3106 Ἀϐραὰμ,
1405 3037 1473 3089 τὰ
1513 3035 1620 3088 ὑπὸ

52 3127 134 3180 τοῦ
159 3123 360 3200 Κυρίου
409 3128 676 3198 λεγόμενα
696 3145 709 3159 ·
738 3127 1067 3181 Γινώσκων
1099 3125 1324 3196 γνώσῃ,
1351 3127 1440 3181 ὅτι
1469 3129 1620 3198 πάρ-

1721 1861 1994 1900 commune
2051 1845 2131 1898 vel
2185 1845 2516 1898 immundum
2568 1843 2790 1896 intravit
2837 1843 2894 1894 in
2945 1858 3002 1896 os
3042 1857 3214 1895 meum
3267 1848 3313 1894 ².

1720 1935 1879 2002 Quod
1913 1944 2096 1991 autem
2130 1937 2196 1991 ad
2232 1935 2489 1990 Davidem
2516 1934 2734 1996 attinet,
2768 1935 2863 2004 qui
2897 1933 3035 1987 dixit
3065 1951 3078 1987 :
3126 1932 3315 1987 Omnis

1721 2030 1878 2083 homo
1909 2027 2171 2093 mendax;
2196 2044 2324 2083 cum
2365 2027 2567 2096 adjecit
2598 2042 2609 2076 :
2640 2025 2754 2098 Ego
2798 2024 2932 2089 dixi,
2971 2025 3224 2094 privatim
3259 2031 3315 2078 et

1720 2138 1786 2176 ex
1835 2137 1935 2176 sua
1991 2135 2229 2191 persona
2285 2120 2504 2175 locutus
2535 2126 2638 2186 est,
2691 2126 2750 2172 ut
2797 2117 3012 2172 mentiri
3063 2117 3317 2170 homines

1722 2215 2036 2280 afﬁrmaret,
2073 2215 2343 2270 mendacii
2379 2215 2496 2286 ipse
2554 2223 2700 2271 esset
2750 2229 2966 2285 expers.
3011 2211 3118 2268 Sed
3155 2208 3318 2266 nimi-

1721 2323 1843 2361 rum
1877 2305 1974 2362 Dei
2019 2307 2412 2378 benignitatem
2458 2308 2814 2363 vehementer
2848 2307 3145 2361 admiratus
3185 2313 3314 2371 est;

1723 2413 1836 2455 tum
1861 2402 2008 2470 quod
2039 2401 2284 2456 numinis
2306 2401 2487 2454 alllatu
2511 2401 2911 2470 quamplurima
2927 2401 3055 2452 olim
3084 2407 3316 2454 ventura

1721 2491 2095 2562 praedixisset;
2127 2507 2366 2562 cumque
2400 2491 2678 2547 universis
2710 2491 3028 2546 hominibus
3058 2504 3318 2544 necessa-

1720 2583 1858 2635 riam
1893 2597 2018 2637 csse
2049 2580 2142 2636 Dei
2173 2582 2610 2636 misericordiam
2648 2590 2916 2645 cerneret,
2949 2581 3053 2635 soli
3085 2580 3317 2634 Domino

1719 2675 2006 2728 veritatem
2067 2673 2341 2736 attribuit,
2375 2689 2436 2727 ac
2482 2673 2743 2728 mortales
2794 2688 2986 2726 omnes
3030 2672 3318 2742 reprehen-

1701 2763 1867 2818 ‘sioni
1917 2764 2186 2818 obnoxios
2246 2779 2368 2818 esse
2425 2763 2841 2834 pronuntiavit;
2903 2770 2962 2815 ut
3009 2777 3199 2816 verum
3257 2761 3316 2816 in

1722 2856 2011 2926 prophetis
2053 2856 2299 2910 locutum
2333 2871 2456 2912 esse
2487 2855 2753 2926 Spiritum
2801 2855 3138 2920 ostenderet,
3161 2870 3314 2908 cum-

1723 2963 1829 3018 que
1862 2949 1932 3002 iis
1962 2948 2229 3005 altissima
2260 2947 2461 3002 divina:
2507 2946 2672 3019 409
2707 2946 3041 3017 cognitionis
3084 2959 3314 2999 accura-

1725 3048 1902 3109 taeque
1927 3039 2172 3095 sclentia!
2220 3054 2421 3093 arcana
2469 3038 2930 3095 communicasse.
2964 3037 3314 3092 Abraliamus

1726 3130 1914 3186 itidem
1968 3139 2126 3185 extra
2174 3145 2233 3186 se
2268 3131 2441 3186 fuisse
2509 3138 2704 3200 raptus
2762 3129 3049 3196 scribitur,
3106 3144 3218 3184 non
3247 3137 3306 3183 ut

57 3239 204 3277 Otxrr
241 3223 416 3275 ἔσται
446 3221 512 3275 τὸ
538 3219 779 3289 σπέρμα
830 3234 948 3273 σου
978 3219 1050 3272 ἐν
1086 3218 1165 3289 τῇ
1195 3220 1485 3288 ἀλλοτρίᾳ
1515 3221 1538 3274 ἐ

1831 3223 1892 3276 :ni
1961 3223 2236 3292 impotens
2271 3233 2436 3287 esset,
2484 3223 2578 3278 sed
2630 3223 2900 3278 duntaxat
2952 3222 3147 3276 timore
3187 3236 3312 3292 pcr-

54 3318 406 3384 τετρακόσια.
439 3313 552 3366 Καὶ
577 3313 730 3384 ὁρᾷς,
758 3311 834 3374 ὡς
864 3309 979 3363 ἔστι
1006 3310 1074 3364 τὰ
1103 3310 1278 3364 πάντα
1306 3312 1362 3363 ἐν
1393 3311 1530 3381 ἁληθ

1821 3331 1931 3371 sus.
1962 3312 2111 3369 Vidit
2134 3314 2278 3370 enim
2305 3314 2408 3370 sub
2434 3315 2565 3371 solis
2583 3326 2842 3369 occasum
2871 3312 3145 3367 clibanum
3177 3325 3302 3365 cum

60 3410 189 3472 ἰδεῖν,
220 3408 367 3478 παρὰ
397 3409 512 3469 τοῖς
555 3406 865 3476 προφήταις
903 3402 1190 3475 εἰρημένα,
1221 3402 1318 3456 καὶ
1347 3403 1404 3455 ἐν
1449 3405 1541 3476 te;

1824 3405 2091 3477 lpadibus.
2161 3404 2476 3476 Eodemque
2537 3406 2700 3461 modo
2741 3405 3038 3476 'pmphetae
3099 3403 3305 3462 caeteri.

64 3501 181 3573 μένῃ
209 3500 434 3571 διανοίᾳ,
464 3501 560 3553 καὶ
592 3499 650 3551 ἐν
698 3497 937 3568 σώφρονι
984 3495 1253 3566 λογισμῷ,
1306 3497 1402 3550 καὶ
1426 3497 1528 3550 οὐκ

1834 3514 1850 3552 ι
1885 3498 2103 3568 objecta
2139 3497 2245 3553 sibi
2298 3498 2416 3554 visa
2452 3507 2764 3562 cernerent,
2801 3498 2857 3551 in
2890 3496 3079 3552 eodem
3112 3495 3315 3550 mentis

60 3593 414 3665 παραπληξίᾳ.

1827 3605 1908 3645 )re
1963 3591 2348 3659 perstiterunt.
2413 3589 2503 3645 Sic
2556 3592 2701 3645 enim
2769 3588 2988 3662 Moyses
3045 3587 3308 3642 dicebat:

59 3683 244 3738 Timore
291 3683 570 3754 perculsus
634 3698 752 3736 sum
797 3697 860 3735 ac
902 3681 1150 3735 cohorrui
1184 3681 1224 3735 ³.
1257 3679 1604 3737 Abrahamus
1645 3697 1777 3737 vero
1812 3698 1934 3752 quae
1962 3697 1993 3736 a
2020 3682 2253 3737 Domino
2285 3690 2413 3737 sunt
2448 3682 2592 3736 dicta
2656 3682 2938 3752 percepit:
2989 3680 3134 3736 Scito
3182 3693 3316 3748 pra:-

60 3793 271 3840 noscens,
323 3773 464 3846 quod
516 3774 848 3844 peregrinum
882 3773 1121 3842 futurum
1169 3773 1236 3826 sit
1296 3789 1466 3828 semen
1521 3782 1668 3826 tuum
1727 3775 1782 3828 in
1840 3784 1982 3829 terra
2037 3775 2215 3828 aliena
2270 3775 2428 3827 annis
2478 3773 2875 3845 quadringentis
2930 3772 2972 3826 ⁸.
3019 3770 3137 3825 Jam
3176 3769 3312 3824 illud

60 3869 476 3924 animadvertere
541 3875 597 3922 te
647 3874 798 3937 puto,
833 3881 954 3936 quae
1001 3881 1030 3920 a
1067 3865 1349 3937 prephctis
1378 3867 1815 3936 pronuntiantur
1870 3868 2077 3929 omnia,
2138 3875 2188 3922 et
2255 3881 2380 3920 eum
2444 3865 2634 3920 eadem
2683 3865 2849 3917 animi
2904 3862 3196 3934 przesentia
3259 3871 3314 3914 et

62 3978 165 4016 cum
203 3971 344 4018 certa
374 3976 441 4016 ac
471 3961 725 4032 prudenti
762 3961 974 4016 ratione
1004 3961 1262 4031 proferri.

119 4057 193 4109 ΗΕ
217 4057 278 4109 El
322 4056 386 4117 δὲ,
423 4055 517 4108 καὶ
561 4054 724 4108 πάλιν
755 4053 1043 4124 θελήσουσι
1083 4053 1281 4122 λέγειν·
1327 4054 1437 4124 Οὐχ
1469 4055 1593 4124 ὃμοι

1826 4043 1935 4097 ΗΠ.
1979 4044 2136 4110 Quod
2165 4045 2210 4098 si
2243 4042 2374 4097 illud
2405 4042 2692 4112 objiciant,
2722 4043 3307 4113 posterioribusdonis

61 4149 121 4202 τὰ
157 4138 340 4220 πρῶτα
390 4146 708 4219 χαρίσματα
751 4148 864 4210 τοῖς
913 4145 1201 4216 ἐσχάτοις·
1267 4145 1429 4200 πόθεν
1477 4163 1542 4199 το

1835 4153 1918 4192 πε
1947 4153 2057 4191 non
2094 4136 2264 4192 fuisse
2301 4137 2535 4202 similia;
2570 4135 2899 4206 quibusnam
2937 4137 2990 4192 id
3027 4153 3316 4209 argumen-

65 4217 223 4309 ἔχουσι
249 4217 479 4306 δεῖξαιι
506 4238 740 4310 Ὁμοίως
783 4237 892 4309 γὰρ
935 4237 1187 4309 ἀλλήλοις
1230 4239 1278 4291 οἰ
1313 4238 1456 4306 ἆγιοι
1497 4256 1546 4308 ττι

1835 4229 2104 4286 elﬁcient?
2130 4228 2292 4284 Certe
2329 4229 2477 4284 enim
2523 4227 2804 4298 prophetat
2841 4243 3054 4294 omnes,
3089 4237 3142 4284 et
3189 4217 3316 4301 apo-

65 4333 226 4403 φῆται,
259 4331 355 4386 καὶ
388 4331 440 4383 οἱ
473 4329 618 4399 ἆγιοι
662 4327 945 4382 ἀπόστολοι
985 4330 1419 4398 προεφήτευσαν.
1469 4330 1546 4401 Πρ

1832 4324 1860 4379 li
1889 4338 2001 4378 non
2041 4321 2300 4379 dissimili
2339 4336 2369 4375 a
2398 4337 2458 4377 se
2497 4321 2732 4376 invicem
2774 4321 2991 4377 ratione
3027 4322 3313 4378 vaticinati

65 4440 140 4476 τον
174 4423 265 4496 μὲν
297 4420 394 4476 οὖν
431 4421 797 4493 ἀνερχομένου
826 4419 917 4472 τοῦ
954 4419 1206 4490 Σωτῆρος
1239 4421 1318 4482 είς
1348 4420 1439 4472 τὸν
1473 4421 1546 4491 οὐκ

1833 4424 1884 4470 ιι.
1913 4415 1970 4470 In
1999 4415 2194 4484 primis
2224 4429 2349 4468 cum
2387 4414 2725 4468 ascendente
2750 4413 2805 4466 in
2841 4414 3041 4468 coelum
3078 4412 3314 4468 Domino

69 4515 159 4581 νὺν,
185 4519 274 4572 καὶ
306 4517 510 4578 ἰδόντες
545 4515 672 4578 τοὺς
710 4514 802 4567 δύο
835 4514 962 4574 τοὺς
997 4513 1056 4566 ἐν
1099 4512 1354 4584 ἐσθήσεσι
1391 4513 1631 4583 λευκαῖς,

69 4608 150 4661 οὒκ
190 4609 243 4660 ἐν
287 4604 644 4680 παρατιληξία
685 4605 915 4677 ὁρῶσινο
954 4604 1088 4658 ἀλλά
1121 4605 1317 4676 ἤκουον
1345 4606 1630 4678 ἐρρωμένη

68 4704 120 4772 τῇ
148 4702 362 4774 διανοίᾳ,
389 4699 754 4773 ὅτιηνΑνδρες
783 4699 1118 4763 Γαλιλαῖοι,
1146 4700 1203 4752 τί
1228 4697 1523 4764 ἑστήκατε
1543 4702 1630 4766 είς

69 4795 159 4845 τὸν
190 4793 448 4862 οὐρανὸν
488 4791 895 4858 ἀτενίζοντες;
941 4786 1130 4856 Οὗτος
1173 4793 1204 4844 ὀ
1249 4790 1480 4858 Ἰησοῦς
1527 4791 1628 4858 ἀφ’

72 4885 213 4954 ὑμῶν
238 4891 321 4954 είς
363 4887 472 4942 τὸν
513 4885 775 4954 οὐρανὸν
807 4883 1195 4952 ἀναληφθεὶς,
1235 4883 1423 4948 οὕτως
1458 4883 1629 4936 ἐλεύ-

71 4995 235 5046 σεται,
263 4983 356 5036 καὶ
384 4981 453 5035 τὰ
493 4979 639 5050 ἐξῆς.
672 4975 808 5032 Εἶτα
831 4979 888 5031 δὲ
921 4978 1013 5030 καὶ
1044 4978 1072 5030 6
1105 4978 1331 5048 Πέτρος,
1359 4975 1434 5040 ὡς
1472 4975 1628 5046 ἔφην,

73 5071 190 5142 ἐρῶν
223 5075 312 5126 καὶ
344 5070 593 5134 ἀκούων,
642 5071 735 5124 καὶ
780 5068 1229 5140 ἀποκρινόμενος,
1276 5067 1368 5120 καὶ
1413 5065 1622 5134 λέγων,

73 5163 359 5233 Μηδαμῶς,
389 5165 587 5232 Κύριε,
625 5160 904 5215 εὐσταθῶν
939 5157 1006 5232 ἦν
1033 5163 1100 5230 τῇ
1133 5157 1357 5229 διανοίᾳ.
1392 5157 1629 5227 ’Ἄγαϐος

73 5257 161 5330 γὰρ
199 5258 547 5331 προφητεύων
574 5258 748 5325 ἔλεγε,
795 5257 888 5310 καὶ
929 5254 1070 5307 κατὰ
1119 5255 1394 5325 σχήματος
1424 5253 1632 5323 θαυμα-

1593 5409 1615 5441 ¹⁵
1645 5409 1780 5466 Gen.
1821 5425 1914 5474 xv,
1952 5408 2041 5463 15.
2118 5407 2139 5439 ⁸
2170 5408 2288 5464 Act.
2321 5422 2362 5472 ι,
2391 5405 2480 5460 ll.

1731 4510 1872 4565 duos
1901 4508 2026 4563 illas
2064 4508 2120 4562 in
2162 4506 2408 4562 vestibus
2441 4507 2579 4562 albis
2613 4505 2945 4576 aspicerent,
2985 4519 3096 4559 non
3129 4508 3315 4560 amen-

1731 4610 1816 4657 tes
1844 4599 2153 4669 t‘uriosique
2181 4599 2472 4664 viderunt;
2512 4597 2608 4652 sed
2641 4596 2856 4666 integro
2894 4595 3062 4650 animi
3099 4595 3314 4666 judicio

1729 4695 1925 4765 suique
1953 4699 2240 4762 compotes
2270 4690 2563 4746 audierunt
2593 4709 2607 4744 :
2641 4689 2757 4743 Viri
2777 4687 3013 4753 Galiltei,
3032 4689 3158 4759 quid
3189 4698 3309 4743 sta-

1732 4789 1799 4842 tis
1831 4787 2140 4856 aspicientes
2177 4787 2232 4839 in
2260 4784 2492 4839 caelum?
2533 4781 2636 4836 Hic
2675 4787 2856 4846 Jesus,
2893 4781 2983 4850 qui
3007 4791 3314 4851 assumptus

1727 4888 1803 4934 est
1830 4897 1862 4933 a
1885 4879 2026 4934 vobis
2048 4879 2102 4932 in
2128 4861 2333 4942 coelum,
2369 4877 2445 4931 sic
2468 4877 2631 4930 veniet
2661 4876 2704 4939 ⁸,
2728 4881 2831 4929 etc.
2861 4872 3003 4940 Quin
3036 4881 3091 4928 et
3121 4873 3314 4930 Petrus

1729 4975 1945 5039 videns,
1985 4973 2067 5027 uti
2095 4973 2301 5028 dictum
2331 4979 2434 5034 est,
2461 4981 2516 5026 et
2554 4968 2786 5024 audiens
2824 4976 2988 5039 atque
3015 4968 3100 5024 his
3132 4970 3315 5024 verbis

1735 5065 2112 5136 respondens:
2135 5063 2308 5128 Absit,
2326 5062 2546 5116 Domine
2563 5062 2616 5114 ’ἰ
2642 5060 2887 5115 eamdem
2912 5061 3182 5117 retinebat
3201 5063 3314 5116 ani-

1737 5159 1810 5211 mi
1838 5155 2472 5227 constantiam.Agabus
2496 5152 2754 5209 similiter
2781 5151 2964 5206 alIIatu
2994 5153 3314 5223 prophetico

1740 5251 2081 5317 instructus,
2134 5245 2446 5304 admirabili
2490 5244 2732 5317 quodam
2787 5243 2983 5299 habitu
3042 5252 3313 5316 gestuque

2559 5407 2580 5438 ⁸
2603 5404 2724 5460 Act.
2752 5421 2805 5470 ιι,
2845 5405 2927 5460 14.

134 5415 151 5448 ⁸
180 5413 294 5471 Act.
320 5434 376 5481 π,
411 5416 466 5481 5,
496 5413 550 5469 6.
619 5416 641 5446 ³
677 5413 809 5468 ibid.
843 5413 893 5478 7,
923 5413 979 5467 8.
1057 5412 1077 5443 ³
1106 5411 1270 5467 Hebr.
1303 5425 1400 5475 xu,
1425 5409 1516 5463 2|.

134 5590 202 5660 (Ξ)
229 5593 320 5657 Ὠς
341 5595 373 5647 ὁ
396 5592 658 5660 Μωῦσνῆς
678 5608 887 5663 φησιν.
915 5591 1072 5659 Quod
1099 5602 1354 5662 tanquam
1383 5605 1412 5646 a
1444 5589 1615 5663 Moyse

1830 5607 1907 5656 m,
1953 5598 2014 5663 ut
2035 5591 2306 5663 observat
2355 5587 2753 5662 Hieronymus,
2788 5589 2867 5663 ‘in
2918 5587 3018 5640 hac
3068 5581 3311 5663 Epistula

78 5653 466 5734 dictuml’aulus
485 5665 551 5718 ad
572 5653 969 5734 Heb'r.cap.-xti
995 5653 1422 5734 commemorat;
1455 5653 1630 5732 neqtte
1727 5653 2001 5734 quasilde
2035 5660 2229 5716 Vetere
2264 5653 2617 5734 Testamento
2675 5658 3054 5731 proferuntur,
3092 5669 3213 5724 qua:
3253 5653 3308 5706 in
3388 5704 3394 5708 _

79 5733 235 5788 tamen
285 5735 340 5789 in
395 5733 588 5792 Vetere
640 5731 1012 5794 Instru'mento
1079 5733 1297 5806 legitur.
1365 5731 1630 5803 Pleraque
1729 5731 1824 5788 illo
1853 5732 2078 5789 minime
2105 5731 2475 5803 reperiuntur.
