3846 6316
440 284 546 344 867

1865 274 1925 330 S.
1965 269 2315 330 EPIPHANII

440 400 585 471 quod
611 398 859 453 futurum
894 403 1012 453 erat
1040 392 1373 449 adumbrare
1407 394 1622 457 volens,
1654 390 1811 447 Pauli
1834 404 2027 445 zonam
2056 442 2058 447 ι

2174 389 2257 443 τοῦ
2304 388 2707 459 αἰνιττόμενος,
2762 387 2945 445 λαϐὼν
2990 389 3087 461 τὴν
3139 388 3318 459 ζώνην
3373 387 3471 441 τοῦ
3527 387 3749 441 Παύλου

441 492 676 562 arripuit
714 505 889 561 eaque
916 487 1091 560 pedes
1123 502 1257 543 suos
1291 487 1524 558 alligans
1554 486 1624 540 ita
1664 484 1880 540 locutus
1902 491 2025 538 est:

450 582 640 636 Virum
671 581 825 651 cujus
849 589 925 635 est
958 595 1071 633 nazc
1104 594 1262 641 zona,
1301 576 1537 648 ligabunt
1574 576 1750 641 illum,
1778 584 1830 630 et
1856 573 2029 628 abdu-

2131 482 2228 537 καὶ
2263 482 2434 553 δήσας
2467 484 2579 546 τοῖς
2627 483 2779 546 ἰδίοις
2818 483 2969 547 ποσὶ,
2999 482 3165 554 φησὶν
3205 481 3417 545 οὕτως·
3480 480 3616 534 Τὸν
3652 483 3755 535 (Er-

2132 575 2244 642 δρα
2278 568 2351 629 οὗ
2395 572 2568 627 ἐστιν
2594 573 2634 641 ἡ
2673 572 2821 641 ζώνη
2855 573 3030 642 αὕτη,
3059 573 3367 643 δήσουσιν
3392 572 3623 634 αὑτὸν,
3659 573 3754 624 καί

442 686 559 729 cent
582 674 635 727 in
662 671 1004 726 Hierusalem
1025 672 1070 726 ¹.
1106 669 1191 724 Ad
1224 670 1341 725 haec
1364 668 1714 723 Antiochiam
1754 667 2032 737 prophetat

2174 665 2509 719 ποίσουσιν
2535 668 2624 731 εις
2660 666 3071 736 Ἰερουσαλήμ.
3116 665 3278 719 Ἀλλά
3325 666 3423 719 καὶ
3471 664 3656 719 πάλιν
3702 668 3756 717 ἐν

443 768 670 840 quidam
702 765 923 821 venisse
981 769 1319 828 narrantur,
1373 760 1685 831 famemque
1747 760 2034 814 nuntiasse

448 870 565 918 toto
589 870 867 918 terrarum
890 858 1023 913 orbe
1054 856 1319 911 futuram.
1348 854 1459 910 Nec
1479 869 1619 908 vana
1647 852 2034 924 praedictorum

451 954 585 1009 ﬁdes
631 950 754 1006 fuit.
794 951 970 1020 Atque
1022 956 1082 1001 ut
1124 962 1285 1002 veros
1332 946 1459 1001 illos
1511 945 1809 1016 prophetas
1867 942 2039 999 fuisse

450 1038 1142 1107 monstraret,£criptura
1175 1037 1359 1092 statim
1391 1036 1683 1106 adiunxit:
1729 1034 1861 1102 Qua:
1892 1034 2039 1104 facta

450 1144 530 1191 est
557 1133 652 1188 sub
695 1131 922 1187 Claudio
965 1130 1180 1186 Cwsare
1201 1132 1245 1186 ‘.
1294 1129 1364 1184 At
1410 1129 1611 1185 Paulus
1652 1127 2039 1184 sanctissimus

453 1228 740 1298 apostolus
782 1225 1049 1279 instinctu
1084 1222 1412 1293 pr0phetico
1451 1221 1637 1275 dixit:
1679 1218 1913 1289 Spiritus
1945 1236 2041 1272 au-

455 1329 561 1374 tem
596 1318 881 1387 manifeste
914 1315 1086 1369 dicit:
1121 1312 1189 1367 In
1214 1312 1512 1368 novissimis
1542 1310 1726 1366 diebus
1765 1310 2042 1365 instabunt

456 1422 694 1482 tempora
716 1408 955 1479 difﬁcilia
979 1408 1028 1473 ³,
1050 1417 1157 1462 etc.
1185 1407 1318 1460 Item
1342 1405 1449 1459 alio
1478 1404 1533 1459 in
1564 1404 1689 1458 loco
1714 1422 1727 1457 :
1763 1401 2044 1457 Discedent

455 1503 676 1577 quidam
710 1519 742 1557 a
794 1517 932 1556 sana
984 1499 1126 1570 ﬁde,
1162 1496 1488 1551 attendentes
1523 1494 1802 1565 spiritibus
1846 1495 2045 1549 erroris

456 1605 508 1652 et
528 1593 786 1650 doctrinis
815 1592 1224 1655 daemoniorum,
1246 1587 1411 1660 410
1426 1586 1814 1656 prohibentium
1833 1585 2044 1650 nubere,

457 1689 722 1743 abstinere
753 1703 783 1741 a
810 1686 963 1750 cibis,
991 1700 1121 1755 quos
1156 1681 1294 1736 Deus
1329 1681 1525 1735 creavit
1559 1679 1627 1733 ad
1655 1677 2049 1749 percipiendum

2147 755 2450 827 Ἀντιοχείᾳ
2488 755 2756 828 κατῆλθον
2798 757 3098 828 προφῆται,
3134 759 3229 811 καὶ
3262 756 3656 827 κατήγγελλον
3683 757 3759 809 1:-

2140 846 2239 919 μὸν
2275 846 2493 900 ἔσεσθαι
2519 847 2641 900 καθ’
2670 847 2802 920 ὅλης
2847 848 2951 919 τῆς
2998 848 3342 919 οἰκουμένης.
3388 848 3503 901 Καὶ
3581 848 3649 901 οὗ
3680 848 3758 900 διο

2139 940 2335 993 έπεσεν
2367 940 2395 992 ὁ
2422 940 2627 995 τούτων
2658 939 2836 1009 λόγος.
2873 939 3019 999 ,Ἀλλ’
3036 939 3123 995 ἵνα
3155 940 3306 1013 δείξῃ
3331 939 3537 1002 αὑτοὺς
3566 939 3756 1010 ἀληθι-

2138 1034 2265 1099 νοὺς
2307 1034 2616 1105 προφήτας,
2661 1034 2695 1104 ή
2723 1034 2918 1105 Γραφὴ
2964 1033 3127 1096 εὐθὺς
3167 1032 3423 1102 ἐπιφέρει
3468 1032 3752 1100 λέγουσι’

2142 1126 2311 1192 Ἤτις
2337 1124 2576 1195 ἐγένετο
2633 1123 2732 1177 ἐπὶ
2760 1123 3062 1179 Κλαυδίου
3090 1124 3412 1192 Καίσαρος.
3440 1122 3675 1187 Παῦλος
3700 1124 3755 1176 δὲ

2140 1218 2170 1273 ὁ
2206 1216 2509 1287 ἀγιώτατος
2555 1215 2853 1282 ἀπόστολος
2902 1216 3261 1288 προφητεύων
3311 1217 3499 1285 ἔλεγε·
3566 1217 3645 1269 Τὸ
3690 1215 3757 1269 δὲ

2144 1310 2388 1382 Πνεῦμα
2420 1310 2616 1380 ῥητῶς
2646 1309 2828 1381 λέγει·
2874 1310 2977 1364 Ἐν
3008 1308 3295 1378 ἐσχάταις
3345 1308 3611 1377 ἡμέραις
3654 1308 3753 1360 ἐνο

2144 1404 2481 1473 στήσονται
2514 1401 2708 1470 καιροὶ
2740 1402 3015 1472 χαλεποὶ.
3052 1401 3147 1455 καὶ
3194 1400 3262 1455 τά
3300 1400 3449 1471 ἑξῆς.
3482 1400 3609 1453 Καὶ
3650 1402 3753 1453 πά-

2145 1495 2231 1548 λιν
2280 1492 2492 1558 ἄλλοτε,
2541 1493 2621 1546 ὅτι
2670 1481 3143 1560 Ἀποστήσονταί
3190 1509 3351 1557 τινες
3398 1491 3512 1559 τῆς
3566 1494 3754 1560 ὑγιαι-

2146 1584 2379 1653 νούσης
2416 1583 2835 1652 διδασκαλίας,
2880 1584 3286 1653 προσέχοντες
3332 1583 3608 1649 πλάνοις
3661 1584 3757 1637 κα)

2150 1677 2571 1743 διδασκαλίαις
2601 1677 2919 1748 δαιμόνων,
2965 1678 3325 1732 κωλυόντων
3358 1676 3602 1746 ταμεῖν,
3645 1677 3747 1731 ἀπ-

459 1779 610 1835 nobis
652 1780 741 1848 qui
771 1794 888 1832 cum
933 1777 1230 1847 gratiarum
1264 1775 1468 1827 actione
1498 1773 1699 1825 utimur
1722 1771 1777 1825 ’δε
1812 1770 1867 1825 id
1898 1769 2045 1840 quod

2174 1771 2395 1840 ἔχεσθαι
2436 1769 2787 1840 βρωμάτων,
2814 1768 2853 1823 ἀ
2905 1772 2938 1823 ό
2988 1769 3130 1835 Θεὸς
3160 1769 3403 1823 ἔκτισεν
3445 1770 3538 1836 εις
3578 1769 3751 1839 μετά»

459 1872 519 1926 in
547 1871 709 1927 vobis
742 1886 804 1925 ac
830 1870 1001 1924 vestri
1033 1866 1309 1923 similibus
1337 1880 1461 1921 esse
1491 1863 1791 1935 perfectum
1814 1879 1902 1918 res
1930 1863 2046 1933 ipsa

461 1958 724 2015 declarat.
750 1956 962 2011 Etenim
988 1958 1257 2025 pleraeque
1284 1956 1501 2008 illarum
1530 1954 1816 2009 bacreseon
1844 1953 2049 2023 nuptiis

461 2059 632 2122 atque
676 2066 778 2105 usu
829 2049 1193 2119 quorumdam
1235 2049 1484 2103 ciborum
1544 2047 1905 2112 interdicunt,
1937 2063 2049 2102 non

466 2152 529 2200 ut
587 2144 886 2199 sanctioris
921 2141 1048 2196 vitae
1085 2156 1259 2213 genus
1312 2142 1627 2208 instituant,
1661 2147 1755 2194 aut
1800 2141 1867 2195 ad
1922 2156 2053 2211 prte-

466 2235 791 2291 stantiorem
826 2233 1108 2299 virtutem,
1144 2246 1209 2286 ac
1240 2232 1487 2287 caelestia
1533 2231 1779 2301 praemia,
1818 2240 1873 2287 et
1902 2248 2056 2287 coro-

466 2340 570 2380 nas
597 2330 949 2393 comparent;
982 2320 1076 2375 sed
1100 2320 1249 2390 quod
1270 2319 1589 2377 detestanda
1611 2334 1733 2391 qua:
1761 2335 1793 2374 a
1825 2319 2053 2376 Domino

466 2416 690 2470 condita
730 2423 865 2466 sunt
894 2413 1234 2467 existiment.

541 2590 635 2646 IX.
679 2591 749 2645 At
777 2590 1021 2647 Ecclesia
1053 2590 1324 2646 catholica
1375 2598 1428 2645 et
1468 2592 1837 2663 virginitatem
1865 2594 2053 2665 pracdi-

469 2692 585 2748 cat,
616 2692 669 2738 et
697 2684 948 2738 ccelibem
979 2684 1169 2748 vitam,
1198 2697 1262 2737 ac
1292 2684 1678 2739 castimoniam
1709 2685 2057 2741 viduitatem-

469 2788 580 2844 que
606 2773 914 2840 collaudat;
948 2780 1003 2827 et
1040 2772 1305 2828 honestas
1335 2774 1557 2842 nuptias
1594 2774 1748 2838 colit,
1778 2782 1833 2828 et
1865 2790 2058 2846 appro-

468 2865 601 2933 bat;
637 2875 825 2935 stupra
867 2880 1018 2931 vero,
1055 2865 1327 2919 adulteria
1378 2880 1441 2919 ac
1489 2866 1747 2922 libidines
1781 2868 2055 2937 prohibet.

473 2957 554 3013 Ex
603 2974 715 3028 quo
766 2972 957 3012 veram
1003 2972 1068 3012 ac
1115 2972 1432 3029 germanam
1462 2956 1722 3015 Ecclesiae
1773 2962 2060 3018 catholica:

474 3060 686 3115 notam,
718 3057 773 3106 et
805 3050 1148 3106 adulterinos
1189 3050 1424 3105 aliorum
1474 3049 1617 3107 ritus
1664 3052 1790 3107 licet
1818 3053 2057 3121 intueri;

2151 1866 2345 1931 ληψιν
2389 1861 2568 1931 ἡμῖν,
2619 1861 2745 1928 τοῖς
2785 1863 2916 1932 μετ’
2963 1862 3391 1931 εὐχαριστίαςο
3432 1862 3513 1927 ὡς
3568 1864 3759 1932 σαφῶς

2152 1956 2237 2025 ἐφ’
2266 1956 2394 2026 ὑμῖν
2421 1954 2517 2009 καὶ
2542 1956 2656 2017 τοῖς
2683 1954 2891 2025 ὁμοίοις
2924 1955 3053 2024 ὑμῖν
3086 1954 3445 2026 πεπλήρωται
3476 1955 3542 2020 ἐξ
3578 1955 3757 2009 αὐτῶν

2152 2046 2263 2102 τῶν
2297 2047 2696 2118 προκειμένων.
2724 2048 2789 2099 Δί
2816 2046 2926 2118 γὰρ
2955 2046 3173 2112 πλείους
3199 2047 3307 2100 τῶν
3341 2048 3621 2119 αἱρέσεων
3641 2051 3754 2102 τού-

2152 2157 2262 2194 των
2308 2139 2402 2195 τοῦ
2460 2142 2657 2210 γαμεῖν
2708 2140 3046 2206 κωλύουσιν,
3094 2139 3395 2209 ἀπέχεσθαι
3442 2140 3759 2212 βρωμάτων

2154 2231 2649 2305 παραγγέλλουσιν,
2687 2231 2786 2302 οὐχ
2829 2231 3015 2285 ἕνεκεν
3059 2231 3333 2296 πολιτείας
3363 2234 3756 2305 προτρεπόμε-

2154 2341 2257 2389 νοι,
2290 2324 2389 2395 οὐχ
2420 2323 2606 2378 ἕνεκεν
2640 2323 2845 2396 ἀρετῆς
2888 2323 3153 2395 μείζονος,
3197 2325 3293 2377 καί⁸
3334 2324 3639 2395 βραϐείων,
3670 2326 3756 2378 ni

2157 2413 2460 2483 στεφάνων,
2492 2412 2627 2467 ἀλλά
2663 2413 2923 2484 βδελυκτά
2962 2414 3033 2468 τά
3073 2413 3178 2467 ὑπὸ
3214 2414 3310 2469 τοῦ
3352 2414 3568 2486 Κυρίου
3600 2432 3732 2485 γεγε

2159 2521 2223 2575 νη
2232 2504 2367 2574 μένα
2394 2502 2708 2575 ἡγούμενοι.

2241 2596 2307 2649 Ἦ
2345 2595 2402 2648 δὲ
2447 2596 2579 2664 ἀγία
2620 2595 2916 2667 Ἐκκλησία
2940 2594 3017 2666 (5)
3046 2596 3143 2650 καὶ
3191 2595 3493 2668 παρθενίαν
3517 2595 3754 2663 δοξάζει,

2160 2689 2257 2743 καὶ
2292 2687 2582 2760 μονότητα,
2622 2688 2715 2741 καὶ
2758 2689 2982 2757 ἁγνείαν
3028 2689 3122 2741 καὶ
3164 2688 3473 2760 χηροσύνην
3517 2690 3751 2747 ἐπαινεῖ,

2160 2782 2257 2835 καὶ
2298 2780 2475 2850 γάμον
2527 2780 2723 2851 σεμνὸν
2775 2782 2910 2851 τιμᾷ
2961 2781 3054 2834 καὶ
3102 2782 3333 2851 δέχεται.
3386 2782 3659 2852 Πορνείαν
3700 2782 3755 2834 δὲ

2161 2873 2259 2926 καὶ
2295 2872 2561 2943 μοιχείαν,
2593 2874 2687 2926 καὶ
2721 2872 3008 2940 ἀσέλγειαν
3038 2872 3394 2944 ἀπαγορεύει.
3424 2874 3593 2927 ’Όθεν
3630 2873 3755 2925 ίδείν

2163 2965 2278 3018 ἔστι
2325 2965 2417 3017 τὸν
2457 2965 2782 3037 χαρακτῆρα
2821 2964 2920 3035 τῆς
2974 2965 3137 3033 ἁγίας
3184 2964 3482 3035 καθολικῆς
3526 2956 3755 3034 Ἐκκληὲ

2167 3057 2320 3123 σίας,
2362 3057 2456 3110 καὶ
2498 3058 2627 3121 τοὺς
2671 3057 3225 3129 παραπεποιημένους
3268 3056 3378 3110 τῶν
3415 3055 3596 3111 ἀλλων
3630 3058 3753 3128 :96-

474 3158 543 3199 ac
593 3142 1052 3214 quemadmodum
1093 3142 1324 3199 sincerae
1370 3141 1656 3212 religionis
1685 3143 1937 3217 dogmata
1990 3148 2058 3202 ab

2174 3168 2330 3215 πους·
2367 3150 2461 3204 καὶ
2495 3150 2565 3204 τὰ
2603 3150 3000 3221 δοκιμασθέντα
3043 3150 3459 3223 ἀποδιδράσκειν
3501 3149 3615 3205 ἀπὸ
3654 3152 3751 3204 πά-

475 3237 629 3294 omni
658 3251 869 3303 errore,
910 3249 975 3290 ac
1016 3233 1279 3291 ﬂexuosis
1318 3235 1668 3306 ambagibus,
1707 3244 1763 3292 et
1809 3238 2062 3310 abruptis

477 3344 546 3387 ac
574 3329 874 3387 salebrosis
899 3327 1192 3383 itincribus
1221 3327 1515 3385 declinent.
1540 3328 1656 3386 Hoc
1674 3331 1820 3386 enim
1844 3338 1899 3388 et
1923 3342 2055 3388 ante

476 3422 670 3480 monui
707 3422 779 3477 ab
806 3420 1071 3491 Apostolo
1109 3434 1237 3476 esse
1267 3420 1611 3491 praedictum,
1635 3431 1690 3478 et
1724 3422 1921 3479 iterum
1955 3440 2068 3480 mo-

481 3515 647 3580 nebo,
678 3514 763 3567 uti
794 3529 899 3569 nos
930 3512 1207 3567 cautiores
1242 3511 1480 3567 efﬁceret
1500 3552 1515 3578 ,
1549 3526 1615 3568 ac
1647 3526 2066 3572 sacrosanctam

478 3605 785 3662 Ecclesiam
828 3603 1066 3675 propriis
1115 3602 1445 3673 quibusdam
1492 3605 1641 3661 notis
1677 3606 1747 3660 ab
1788 3606 2068 3663 haeretica.

480 3713 604 3753 rum
647 3712 845 3767 errore
887 3696 1249 3762 discerneret,
1282 3698 1357 3752 ita
1401 3698 1833 3768 pronuntiasse:
1871 3699 2003 3770 Quae
2036 3717 2068 3756 a

480 3790 595 3846 Deo
622 3797 774 3845 recte
799 3789 1101 3845 constituta
1131 3797 1263 3846 sunt
1288 3789 1599 3847 incredibili
1627 3792 1859 3848 audacia
1890 3796 2070 3865 prohi-

483 3882 677 3939 bentes
701 3880 839 3937 istos
870 3880 1085 3950 privata
1112 3882 1365 3953 quaedam
1395 3882 1615 3939 decreta
1642 3885 1875 3941 sancire.
1911 3887 2069 3954 Quod

485 3975 555 4031 ad
598 3990 694 4031 eos
736 3974 974 4046 pertinet
1003 3974 1099 4041 qui
1137 3975 1360 4045 nuptias
1396 3975 1717 4045 prohibent,
1748 3984 1804 4032 et
1859 3993 1890 4032 a
1927 3980 2069 4037 cibis

485 4066 765 4122 abstinere
795 4065 1139 4135 praecipiunt.
1184 4066 1349 4136 Atqui
1383 4065 1527 4121 Deus
1562 4066 1678 4137 ipse
1707 4066 1888 4124 Verbu
1913 4086 1964 4125 ιιι
2011 4071 2068 4127 in

491 4158 788 4229 Evangelio
820 4156 1250 4212 moderationem
1275 4158 1326 4212 ei
1358 4158 1435 4212 rei
1460 4158 1752 4227 quamdam
1776 4162 2065 4231 apposuit:

497 4252 613 4319 Vis,
650 4250 827 4321 inquit
851 4249 1111 4317 perfectus
1147 4265 1261 4303 esse
1292 4248 1340 4303 εἳ
1383 4250 1439 4304 in
1469 4267 1579 4320 quo
1598 4268 1657 4309 se
1686 4253 1749 4308 ad
1773 4253 2070 4311 humanam

488 4342 861 4401 conditionem
893 4350 947 4397 et
972 4342 1399 4397 imbecillitatem
1427 4344 1847 4401 accommodare
1876 4349 2070 4404 voluit.

491 4437 565 4493 lis
594 4436 740 4494 enim
777 4434 1080 4491 delectatur
1117 4433 1363 4508 quidem,
1394 4436 1490 4506 qui
1532 4437 1803 4508 ejusmodi
1849 4440 2071 4509 pietatis

2166 3262 2269 3316 σης
2302 3245 2531 3314 πλάνης,
2575 3244 2672 3297 καὶ
2716 3244 2937 3309 σκολιᾶς
2970 3243 3115 3309 όδοῦ,
3146 3242 3240 3298 καὶ
3282 3242 3469 3313 τρίϐου
3502 3243 3700 3312 ἀνάντη
3730 3242 3750 3272 ⁸

2163 3335 2533 3407 διακειμένης.
2596 3337 2776 3406 Ἔφην
2830 3335 2939 3407 γὰρ
2986 3335 3133 3397 ἄνω,
3181 3335 3257 3398 ὡς
3299 3333 3407 3389 ἀπὸ
3448 3333 3547 3387 τοῦ
3597 3335 3750 3403 ἁγίου

2179 3429 2505 3483 Ἀποστόλου
2537 3427 2880 3500 προείρηται,
2924 3428 3020 3483 καὶ
3050 3426 3213 3481 πάλιν
3250 3425 3381 3497 ἐρῶ,
3414 3428 3497 3481 ὅτι
3524 3426 3744 3496 ἀσφαλι-

2168 3521 2394 3593 ζόμενος
2421 3522 2591 3593 ἡμᾶς,
2616 3519 2712 3573 καὶ
2740 3519 2832 3574 τὸν
2857 3519 3181 3592 χαρακτῆρα
3199 3519 3297 3589 τῆς
3328 3518 3495 3587 ἁγίας
3529 3519 3754 3589 Ἐκκλη-

2169 3613 2291 3676 σίας
2324 3612 2545 3683 διαιρῶν
2570 3612 2679 3667 ἀπὸ
2702 3613 2801 3683 τῆς
2826 3611 2937 3665 τῶν
2968 3611 3235 3683 αἱρέσεων
3271 3609 3499 3681 πλάνης,
3527 3611 3653 3681 ἔφη,
3680 3612 3750 3673 ὡς

2168 3705 2472 3778 Τολμηρῶς
2498 3704 2568 3758 τὰ
2602 3706 2665 3758 ὲκ
2693 3703 2786 3759 τοῦ
2820 3702 2960 3759 Θεοῦ
2999 3703 3181 3767 καλῶς
3212 3703 3521 3774 τεταγμένα
3544 3703 3749 3770 ἀπαγο-

2172 3797 2423 3872 ρεύοντες
2454 3794 2828 3867 νομοθετοῦσι,
2864 3796 3043 3867 φήσας
3074 3794 3203 3865 περί
3245 3810 3407 3848 τινων
3444 3793 3749 3847 κωλυόντων

2170 3889 2391 3959 γαμεῖν,
2426 3886 2519 3940 καὶ
2550 3884 2854 3956 ἀπέχεσθαι
2893 3885 3217 3956 βρωμάτων.
3264 3884 3376 3939 Καὶ
3412 3883 3520 3955 γὰρ
3544 3901 3749 3955 συμμε-

2170 3980 2299 4054 τρίᾳ
2321 3979 2428 4034 τινὶ
2460 3979 2488 4031 ὁ
2512 3979 2645 4043 Θεὸς
2669 3979 2861 4049 Λόγος,
2895 3979 2953 4033 ὲν
2987 3977 3061 4050 τῷ
3079 3976 3395 4049 Εὐαγγελίῳ
3432 3978 3625 4048 φήσας,
3649 3978 3747 4033 Θέ-

2170 4076 2301 4139 λεις
2340 4071 2573 4136 τέλειος
2618 4071 2943 4142 γενέσθαις
2999 4069 3396 4141 συγγνωμονῶν
3437 4072 3503 4139 τῇ
3533 4068 3637 4122 τῶν
3660 4069 3746 4121 ἀν-

2173 4163 2408 4236 θρώπων
2460 4164 2656 4219 πλάσει
2705 4164 2803 4218 καὶ
2845 4161 3121 4232 ἀσθενείᾳ,
3171 4161 3355 4232 χαίρει
3403 4159 3499 4213 ἐπὶ
3534 4162 3644 4223 τοῖς
3684 4161 3745 4213 τὰ

2172 4253 2395 4325 δοκίμια
2443 4253 2544 4325 τῆς
2594 4253 2907 4317 θεοσεϐείας
2980 4251 3295 4323 δυναμένοις
3358 4250 3742 4311 ἐνδείκνυσθαι.

2174 4343 2475 4415 παρθενίαν
2520 4345 2711 4398 ἀσκεῖν
2752 4340 3118 4414 αἱρουμένοις,
3162 4340 3257 4394 καὶ
3288 4339 3530 4409 ἁγνείαν,
3553 4340 3642 4392 καὶ
3669 4341 3744 4405 ἐγ-

2177 4432 2465 4504 κράτειαν*
2496 4431 2595 4503 τὴν
2632 4432 2689 4486 δὲ
2718 4430 3056 4503 μονογαμίαν
3097 4431 3263 4500 τιμᾷ·
3302 4430 3352 4481 εί
3391 4427 3484 4481 καὶ
3529 4427 3742 4498 μάλιστα

491 4530 775 4603 specimen
814 4535 1078 4599 praestare
1111 4529 1410 4598 potuerint,
1449 4536 1509 4583 ut
1550 4529 1941 4602 virginitatem,
1975 4547 2058 4587 ca-

2174 4525 2244 4579 τὰ
2283 4524 2597 4596 χαρίσματα
2623 4524 2721 4595 τῆς
2776 4522 3099 4594 ἱερωσύνης,
3126 4520 3214 4575 διά
3253 4520 3363 4575 τῶν
3387 4520 3495 4574 ἀπὸ
3531 4536 3741 4589 μονογα-

489 4623 802 4691 stimoniarn
854 4622 1364 4691 continentiamque
1416 4622 1819 4693 profiteantur;
1886 4623 2075 4694 singu-

490 4718 637 4773 lares
671 4729 835 4787 porro
862 4713 1083 4784 nuptias
1120 4714 1503 4770 commendat:
1541 4728 1667 4769 cum
1710 4716 2073 4770 sacerdotalia

486 4820 723 4864 munera
768 4812 824 4859 et
885 4809 1208 4857 ornamenta
1260 4816 1387 4855 cum
1439 4802 1546 4869 iis,
1600 4801 1695 4871 qui
1754 4810 1879 4871 post
1934 4817 2074 4856 unas

492 4896 721 4967 nuptias
744 4893 1142 4947 continentiam
1166 4890 1528 4955 servaverint,
1557 4898 1654 4945 aut
1679 4890 1732 4944 in
1761 4889 2075 4960 virginitate

492 4988 858 5062 perstiterint,
890 4982 1347 5040 communicanda
1387 4998 1512 5039 esse
1555 4983 1701 5037 velut
1743 4983 1797 5037 in
1838 4974 2074 5053 quodam

493 5079 798 5149 exemplari
833 5078 1269 5134 monstraverit:
1307 5077 1361 5131 id
1394 5076 1540 5148 quod
1587 5076 1844 5147 apostoli,
1876 5075 2075 5131 deinde

493 5170 872 5229 ecclesiastica
909 5168 1204 5225 sacerdotii
1234 5169 1425 5241 regula
1461 5171 1693 5224 honeste
1724 5182 1788 5222 ac
1821 5167 2076 5239 religiose

584 5326 599 5356 ¹
633 5325 756 5379 Act.
784 5339 899 5388 xm,
939 5324 1024 5377 ll.
1100 5325 1122 5354 ¹
1158 5321 1290 5377 ibid.
1321 5321 1412 5377 28.
1520 5323 1541 5353 ³
1572 5320 1617 5376 ll
1645 5320 1786 5376 Tim.
1817 5336 1897 5385 ιιι,
1930 5321 1978 5376 1.

572 5462 650 5529 (5)
702 5460 763 5515 Ἡ
793 5458 861 5512 δὲ
889 5460 1030 5529 ἁγία
1069 5460 1419 5531 Ἐκκλησία.
1448 5458 1643 5515 Totum
1674 5461 1780 5516 hoc
1806 5469 1970 5531 Caput
2003 5462 2083 5516 in-

2086 5321 2108 5353 ⁸
2143 5322 2167 5375 Ι
2194 5321 2338 5377 Tim.
2366 5339 2441 5388 tv,
2472 5321 2581 5377 1-3.

2183 4616 2312 4687 μίας
2346 4615 2888 4687 ὲγκρατευσαμὲνων,
2913 4615 3007 4668 καὶ
3036 4613 3144 4666 τῶν
3181 4614 3239 4664 ἐν
3282 4611 3547 4681 παρθενίᾳ
3577 4610 3739 4665 διατε-

2180 4705 2417 4759 λούντων
2451 4706 2735 4777 κοσμήσας
2761 4704 3066 4776 προετύπου
3086 4720 3100 4734 ·
3135 4702 3211 4767 ὡς
3243 4703 3338 4757 καὶ
3359 4703 3411 4755 οἱ
3440 4701 3594 4755 αὑτοῦ
3618 4701 3740 4755 eat-

2183 4795 2359 4850 στολοι
2383 4794 2476 4850 τὸν
2502 4794 2954 4867 ἐκκλησιαστικὸν
2995 4794 3195 4849 κανόνα
3222 4794 3322 4863 τῆς
3355 4793 3640 4865 ἱερωσύνης
3662 4794 3739 4846 ab-

2180 4886 2397 4952 τάκτως
2430 4888 2525 4942 καὶ
2557 4887 2720 4950 ὁσίως
2752 4884 3082 4950 διετάξαντο.
3134 4886 3200 4939 Et
3232 4885 3291 4938 δέ
3328 4902 3412 4949 τις
3440 4885 3570 4938 κατά
3596 4885 3736 4938 ἀσθέ-

2182 4997 2331 5035 νειαν
2370 4969 2700 5050 ὲπιδεηθέίη,
2740 4977 2878 5049 μετά
2911 4977 3010 5049 τὴν
3043 4975 3296 5047 τελευτὴν
3338 4976 3436 5045 τῆς
3493 4975 3612 5039 ἰδίας
3650 4995 3736 5043 γαρ

2187 5071 2359 5144 μετῆς
2400 5070 2739 5143 συναφθῆναι
2781 5070 3017 5142 δευτέρῳ
3055 5069 3239 5139 γάμῳ,
3286 5068 3386 5121 οὐκ
3438 5067 3737 5138 ἀπαγορεύει

2182 5166 2342 5223 τοῦτο
2391 5169 2421 5221 ό
2462 5164 2642 5220 κανὼν
2674 5163 2777 5236 τῆς
2805 5162 3084 5236 ἀληθείας,
3112 5160 3354 5215 τουτέστι
3400 5160 3493 5212 τὸν
3532 5157 3597 5229 μὴ
3624 5158 3736 5210 ὂντα

2711 5320 2732 5352 ⁸
2762 5317 2957 5375 Matth.
2981 5332 3073 5372 XIX
3094 5355 3110 5381 ,
3148 5316 3240 5371 9-1.
3339 5316 3361 5346 ⁸
3391 5312 3454 5370 F.
3488 5311 3729 5374 ἐναντίως.

2189 5472 2358 5521 tatem
2389 5464 2897 5533 continentiamque
2921 5458 3164 5533 praeferri
3206 5458 3393 5533 vident
3414 5497 3429 5521 ,
3462 5457 3727 5533 etclamant

500 5528 707 5603 signem
745 5528 1096 5603 habetusum
1127 5531 1192 5603 ad
1223 5530 1781 5603 catholicutnrdogma
1812 5528 1888 5586 ab
1913 5533 2084 5589 haere-
2192 5536 2363 5597 illico,
2395 5536 2535 5591 etin
2571 5528 2974 5603 conventiculis
3008 5532 3125 5586 suis
3152 5530 3295 5603 apud
3326 5528 3591 5603 imperitos
3616 5542 3726 5603 per-

499 5598 737 5660 tléorum
778 5601 985 5657 invidia
1015 5616 1078 5655 ac
1102 5602 1376 5655 calumnia
1423 5598 1813 5656 vindicandum
1845 5619 1857 5653 :
1892 5603 1982 5672 qui
2024 5611 2084 5658 ut
2193 5605 2385 5662 ﬁdiose
2436 5622 2501 5660 ac
2550 5605 2747 5662 stolide
2803 5598 3195 5660 vociferantur,
3224 5598 3469 5672 damnari
3501 5598 3727 5672 antlatbo-

501 5673 723 5730 modmn
756 5673 989 5737 nullum,
1018 5687 1082 5727 ac
1111 5672 1536 5727 moderationem
1570 5673 1828 5737 retinent,
1855 5689 1977 5728 cum
2007 5674 2078 5730 ab

500 5743 749 5804 Euelesia
788 5744 1160 5803 commendari
1200 5742 1419 5817 quidem
1449 5744 1691 5814 nuptias,
1724 5744 1820 5801 scd
1853 5744 2080 5817 virgini-

2187 5677 2308 5735 licis
2334 5676 2577 5747 nuptias,
2613 5691 2678 5732 ac
2710 5675 2957 5734 ciborum
2992 5687 3093 5730 usu
3124 5668 3343 5743 penitus
3371 5667 3623 5724 interdici.
