3846 6286
41 263 180 327 εει
785 259 1159 318 ADVERSUS
1200 256 1541 316 [UERESES
1579 256 1706 312 LIB.

1807 297 1812 310 .
1847 254 2012 314 TOM.
2053 255 2095 312 1.
2137 255 2412 314 ΗΕΒΕΒ.
2459 255 2679 312 XLVIII.
3272 259 3381 320 870

51 380 256 451 ἱερέα.
285 366 455 431 Οὗτοι
479 374 537 429 δὲ
566 373 834 430 κωλύουσι
861 372 1001 428 κατὰ
1035 374 1050 404 ¹
1083 371 1371 444 εἰρημένον
1390 410 1406 436 ,
1431 371 1692 425 κωλυόν-

1807 367 2184 425 decreverunt.
2231 367 2391 434 Quod
2425 365 2470 424 si
2499 367 2626 438 quis
2665 373 2788 438 post
2817 369 3006 426 uxoris
3042 371 3252 428 obitum
3283 389 3379 432 se-

46 488 196 524 των
254 469 494 539 ταμεῖν.
533 466 888 521 Ἐκϐάλλουσι
935 465 1046 537 γὰρ
1097 465 1187 518 τὸν
1242 463 1480 536 δευτέρῳ
1527 463 1690 533 γάμῳ

1807 463 2004 518 :undas
2061 462 2287 532 nuptias
2333 475 2434 532 pro
2495 475 2595 515 sua
2648 461 3014 517 imbecillitate
3069 466 3374 534 desiderat,

51 564 468 633 συναφθέντα,
524 561 620 615 καὶ
670 557 1043 626 ἀναγκάζουσι
1101 557 1177 628 μὴ
1237 555 1475 627 δευτέρῳ
1526 554 1692 625 γάμῳ

49 654 486 710 συνάπτεσθαι.
533 653 727 723 Ἡμεῖς
767 650 822 704 δὲ
862 650 964 702 οὐκ
1002 649 1251 718 ἀνάγκην
1293 645 1646 717 ἐπιτιθέαμεν
1673 684 1688 710 ,

49 747 217 802 ἀλλὰ
288 745 667 818 παραινοῦμεν
714 742 854 815 μετά
909 740 1242 812 συμϐουλίας
1295 737 1509 808 ἀγαθῆς
1555 754 1691 807 προ-

49 837 419 909 τρεπόμενοι
462 835 552 888 τὸν
599 833 933 904 δυνάμενον·
983 831 1086 884 οὐκ
1126 829 1373 899 ἀνάγκην
1423 826 1480 880 δὲ
1518 828 1693 880 ἐπιτι-

54 929 294 1000 θέαμεν
320 927 405 998 τῷ
435 926 510 998 μὴ
540 924 858 998 δυναμένῳ·
892 923 994 977 οὐκ
1021 920 1356 991 ἐκϐάλλομεν
1390 918 1552 973 αὐτὸν
1585 918 1692 973 ἀπὸ

54 1023 174 1092 τῆς
212 1022 397 1092 ζωῆς.
439 1021 496 1074 Ὀ
540 1019 650 1090 γὰρ
701 1018 857 1087 ἅγιος
903 1016 1060 1086 λόγος
1103 1014 1268 1066 παντὶ
1314 1011 1548 1083 ἐκήρυξε
1592 1013 1692 1082 τὴν

55 1113 384 1167 ἀσθένειαν
425 1109 534 1164 τῶν
587 1106 956 1162 ἀσθενούντων
992 1105 1310 1177 βαστάζειν·
1341 1103 1416 1166 ὡς
1462 1101 1556 1156 καὶ
1597 1101 1695 1156 αύο

54 1205 160 1268 τὸς
226 1205 263 1258 ὁ
323 1203 483 1271 ἅγιος
525 1199 845 1264 Ἀπόστολος
906 1195 1264 1269 εὑρεθήσεται
1323 1194 1531 1265 λέγων,
1602 1193 1694 1247 καὶ¹

57 1298 332 1368 ἐλέγχων
382 1296 510 1359 τοὺς
552 1293 829 1356 τοιούτους
865 1291 940 1362 μὴ
981 1289 1142 1353 ὄντας
1181 1286 1278 1341 τοῦ
1321 1285 1486 1341 αὐτοῦ
1531 1287 1693 1358 χαρί⁶

61 1400 322 1459 σματος·
353 1387 436 1440 ὅτι
464 1385 769 1453 Νεωτέρας
793 1381 985 1453 χήρας
1001 1379 1313 1449 παραιτοῦ·
1332 1379 1482 1449 μετὰ
1501 1378 1612 1449 γὰρ
1628 1378 1693 1432 τὸ

61 1475 615 1548 καταστρηνιάσαι
663 1475 772 1530 τοῦ
809 1473 1090 1544 Χριστοῦ,
1133 1471 1343 1543 γαμεῖν
1383 1470 1692 1538 θέλουσιν,

63 1573 352 1642 ἔχουσαι
379 1571 578 1640 κρῖμα,
600 1568 691 1624 ὅτι
723 1567 838 1638 τὴν
864 1567 1106 1636 πρώτην
1126 1565 1335 1620 πίστιν
1362 1563 1691 1633 ἠθέτησαν.

1807 1561 1938 1614 Nam
1986 1563 2304 1615 tenuiorum
2356 1559 2796 1614 imbecillitatem
2843 1557 3125 1614 ferendam
3157 1560 3390 1616 cuilibet

65 1667 140 1719 Δί
204 1665 324 1738 γάρ
386 1661 850 1734 ἐπαγγειλάμεναι
910 1660 1004 1714 καὶ
1074 1659 1449 1731 ἁθετήσασαι,
1512 1656 1694 1727 ἔχουσι

1807 1651 1988 1707 divino
2049 1666 2305 1707 sermone
2364 1650 2707 1721 praecipitur.
2746 1649 2940 1720 Adque
2996 1649 3102 1704 hoc
3162 1659 3389 1706 sanctus

65 1758 290 1826 κρῖμα.
320 1756 389 1808 Ai
420 1754 476 1808 δὲ
511 1754 587 1826 μὴ
634 1752 1121 1823 ἐπαγγειλάμεναι,
1165 1750 1301 1804 ἀλλὰ
1337 1748 1694 1818 συναφθεῖσαι

1807 1742 2096 1813 Apostolus
2144 1758 2256 1797 non
2305 1742 2513 1798 dixisse
2573 1741 2736 1797 modo
2793 1742 3130 1812 reperietur;
3196 1742 3290 1796 sed
3335 1751 3391 1796 et

65 1847 141 1900 δι’
171 1846 499 1908 ἀσθένειαν.
536 1848 712 1918 κρῖμα
753 1846 852 1898 οὐκ
897 1844 1130 1916 ἔχουσιν.
1176 1843 1240 1895 Εἰ
1282 1841 1338 1895 δὲ
1381 1841 1478 1895 καὶ
1519 1842 1693 1912 κρῖμα

1807 1837 1944 1892 istos
1977 1843 2161 1907 aperte
2183 1833 2454 1899 refellere,
2487 1844 2542 1891 et
2575 1835 2645 1890 ab
2670 1849 2731 1889 ea
2763 1848 2928 1904 quam
2956 1833 3192 1888 habebat
3217 1834 3388 1904 gratia

67 1938 323 2010 ἔμελλον
376 1938 543 2010 ἔχειν,
601 1937 720 2002 πῶς
771 1936 958 2007 ἔλεγε·
1009 1933 1422 2005 Γαμείτωσαν,
1467 1930 1694 1986 οἰκοδε-

1807 1929 2018 1983 alienos
2079 1927 2390 1982 ostendere.
2427 1924 2884 1980 Adolescentiores
2907 1963 2921 1988 ,
2953 1925 3163 1994 inquit,
3203 1924 3390 1979 viduas

70 2031 521 2085 σποτείτωσαν
540 2047 561 2096 ;

1807 2020 1998 2075 devita.
2054 2016 2190 2073 Cum
2260 2017 2399 2071 enim
2453 2016 2744 2070 luxuriata:
2791 2014 2988 2084 fuerint
3032 2015 3087 2068 in
3139 2013 3391 2080 Christo,

71 2125 292 2180 nubere
331 2124 515 2181 uolunt
546 2122 794 2178 habentes
828 2121 1225 2176 damnationem
1275 2120 1402 2191 quia
1451 2119 1682 2188 primam
1722 2114 1880 2186 ﬁdem
1908 2116 2121 2170 irritam
2157 2112 2390 2183 fecerunt
2445 2111 2487 2166 ’⁵.
2554 2109 2611 2166 Si
2664 2110 2884 2182 quidem
2918 2126 3042 2181 qua:
3081 2109 3392 2165 castitatem

75 2218 367 2290 professis.
415 2217 629 2272 irritam
685 2231 804 2270 eam
846 2213 1244 2285 professionem
1297 2211 1551 2277 fecerint,
1611 2208 2026 2265 damnationem
2092 2206 2298 2261 habere
2340 2204 2619 2260 dicuntur.
2660 2201 2792 2269 Quae
2821 2216 2956 2258 vero
2984 2201 3210 2257 minime
3274 2217 3397 2273 pro-

77 2314 257 2367 fessa:
310 2309 539 2376 fuerint,
591 2309 689 2366 sed
730 2323 830 2379 pro
881 2306 1203 2361 inﬁrmitate
1255 2320 1356 2360 sua
1395 2305 1709 2375 nupserint,
1769 2299 2145 2357 damnationis
2202 2305 2330 2354 sunt
2374 2311 2603 2368 prorsus
2658 2303 2934 2367 expertes.
2993 2293 3052 2350 Si
3091 2295 3238 2350 enim
3289 2296 3389 2350 ulli

75 2411 286 2460 essent
321 2402 599 2467 obnoxiae,
637 2415 740 2456 cur
773 2399 1023 2454 diceret:
1065 2397 1310 2463 Nubant,
1338 2397 1522 2452 domui
1561 2395 1857 2465 prtrsint'?

155 2498 224 2550 ι’.
259 2493 432 2559 Πῶς²
462 2493 642 2548 τοίνυν
691 2491 1050 2564 προφητεύων
1095 2488 1522 2562 παρακολουθῶν
1555 2488 1706 2559 εὑρί-

1885 2486 1951 2540 Χ.
1995 2485 2187 2541 Omnis
2227 2484 2391 2555 igitur
2425 2483 2713 2554 propheta,
2745 2488 2861 2536 tam
2902 2480 2958 2536 in
2989 2479 3187 2536 Vetere
3225 2496 3390 2552 quam

79 2607 293 2642 σκεται
333 2587 436 2642 κάν
480 2605 541 2641 τε
570 2586 628 2640 ἐν
660 2588 727 2657 τῇ
777 2584 990 2655 Παλαιᾷ
1022 2583 1286 2654 Διαθήκῃ,
1318 2582 1419 2636 κᾶν
1447 2598 1507 2634 τε
1537 2582 1594 2634 ἐν
1636 2583 1701 2652 τῇ

1811 2576 1870 2632 in
1901 2575 2052 2633 Novo
2077 2575 2452 2640 Testamento,
2481 2589 2603 2644 quze
2638 2572 2774 2627 dicit
2807 2571 3168 2643 intelligentia
3205 2587 3397 2628 conse-

81 2683 279 2751 Καινῇ
301 2697 317 2710 ·
353 2679 430 2742 ὼς
462 2679 557 2731 καὶ
582 2679 610 2732 ὁ
642 2677 797 2745 άγιος
835 2676 1088 2745 Ἰωάννης
1127 2676 1184 2729 ἐν
1222 2677 1289 2745 τῇ
1337 2671 1702 2741 Ἀποκαλύψει

1807 2672 2017 2744 quitur.
2080 2670 2231 2728 Unde
2279 2676 2334 2724 et
2392 2667 2634 2722 Joannes
2703 2666 2778 2721 ita
2831 2665 2886 2719 in
2931 2665 3258 2735 Apocalypsi
3320 2665 3396 2718 lo-

81 2777 252 2845 ἕλεγε
269 2791 284 2803 ·
320 2771 464 2826 Τάδε
489 2769 850 2838 ἀπεκάλυψε
870 2769 1085 2836 Κύριος
1104 2767 1225 2833 τοῖς
1248 2766 1434 2820 αὑτοῦ
1457 2764 1698 2830 δούλοις

1807 2763 2024 2835 quitur:
2050 2765 2179 2818 Ha’c
2204 2759 2444 2814 revelavit
2471 2756 2731 2810 Dominus
2752 2755 2912 2808 servis
2936 2755 3046 2808 suis
3067 2769 3160 2823 per
3188 2769 3394 2808 servum

82 2868 195 2921 διὰ
227 2865 343 2920 τοῦ
381 2864 608 2918 δούλου
649 2861 835 2918 αὐτοῦ
882 2859 1186 2916 Ἰωάννου·
1210 2857 1326 2924 καὶ,
1367 2856 1510 2911 Τάδε
1537 2856 1700 2926 λέγει

1807 2872 1963 2911 suum
1994 2855 2258 2909 Joannem
2283 2852 2325 2919 ⁶;
2381 2858 2436 2905 et
2460 2867 2475 2905 :
2507 2852 2637 2904 Ηατσ
2666 2847 2794 2900 dicit
2822 2846 3104 2902 Dominus.
3137 2844 3269 2913 Quae
3297 2847 3391 2916 qui

87 2963 346 3031 Κύριος.
382 2959 441 3010 '0
461 2957 634 3010 ταῦτα
652 2955 828 3024 λέγων
850 2951 1170 3025 ἐρρωμένην
1193 2947 1302 3023 εἶχε
1325 2950 1422 3022 τὴν
1440 2949 1699 3015 διάνοιαν,

1810 2948 1970 3014 dixit,
1997 2945 2245 3018 profecto
2275 2944 2432 2998 firmo
2461 2951 2578 2996 erat
2602 2939 2812 3011 judicio
2858 2938 3142 3009 praeditus,
3169 2952 3232 2992 ac
3259 2938 3393 3008 quid

87 3028 198 3107 aut
230 3048 655 3121 παρηκολούθει.
709 3045 835 3100 Ἰδοὺ
852 3047 1056 3108 τοίνυν,
1095 3043 1240 3100 Τάδε
1264 3045 1425 3113 λέγει
1459 3044 1705 3111 Κάριος·

1815 3042 2132 3110 loqueretur
2182 3035 2366 3091 animo
2405 3041 2744 3105 perceperat.
2787 3028 2925 3085 Hinc
2971 3029 3077 3084 illae
3118 3028 3392 3094 formulze,

88 3147 194 3202 καὶ
207 3187 225 3211 ,
252 3120 504 3212 Ὄρασις
523 3139 605 3210 ἣν
619 3135 801 3194 εἶδεν.
833 3138 891 3190 '0
911 3137 968 3190 δὲ
988 3135 1266 3198 Μοντανὸς
1289 3126 1445 3197 οὗτος
1463 3135 1491 3186 ὁ
1519 3131 1702 3202 αὐχῶν

1811 3136 1944 3188 Ηωσ
1966 3132 2096 3185 dicit
2117 3129 2378 3184 Dominus
2401 3142 2420 3192 ,'
2443 3136 2533 3194 et:
2573 3123 2717 3178 Visio
2745 3139 2902 3190 quam
2923 3121 3074 3176 vidit.
3103 3120 3394 3177 Montanus

90 3210 478 3291 ἑαυτὸν-εῖναι
511 3230 818 3304 προφήτην,
860 3227 952 3281 καὶ
993 3225 1272 3296 πλανήσας
1312 3225 1438 3286 τοὺς
1474 3222 1565 3276 ὑπ’
1607 3223 1706 3274 αύ-

1807 3238 1961 3287 vero,
2013 3221 2107 3293 qui
2157 3235 2218 3276 se
2264 3216 2586 3290 prophetam
2632 3212 2875 3283 jaetitat,
2905 3227 2970 3266 ac
3021 3210 3396 3267 sectatoribus

90 3331 194 3387 τοῦ
230 3302 1016 3398 πεπλανημένους,άσύστατα
1062 3317 1204 3372 κατὰ
1240 3317 1338 3380 τὰς
1377 3315 1523 3378 θείας
1556 3315 1701 3386 Γρα-

1817 3314 2001 3370 illudit
2029 3313 2168 3377 suis,
2193 3325 2256 3368 ea
2283 3309 2436 3372 dicit,
2461 3321 2584 3378 quae
2607 3305 2782 3361 sacris
2801 3302 3020 3360 Litteris
3046 3318 3395 3374 nequaquam

92 3423 210 3494 φὰς
258 3396 554 3490 διηγεῖται.
604 3414 767 3483 Λέγει
813 3410 923 3485 γὰρ
972 3413 1030 3466 ἐν
1075 3412 1144 3482 τῇ
1192 3408 1388 3464 ἑαυτοῦ
1434 3405 1706 3478 λεγομένῃ

1807 3413 2184 3462 consentanea
2218 3405 2490 3459 videntur.
2527 3399 2619 3457 Sic
2645 3398 2792 3457 enim
2832 3398 2889 3452 in
2921 3411 2986 3452 ea
3017 3410 3182 3466 quam
3213 3396 3392 3465 appel-

94 3486 450 3588 προφητείᾳ·
492 3510 554 3565 Τί
578 3506 781 3578 λέγεις
822 3505 932 3559 τὸν
979 3501 1134 3572 ὑπὲρ
1180 3501 1499 3570 ἄνθρωπον
1527 3497 1707 3558 σωζό-

1807 3501 1943 3566 lant,
1981 3500 2101 3568 ejus
2134 3497 2422 3570 prephetia
2462 3493 2730 3565 scriptum
2761 3496 2878 3546 est:
2913 3487 3055 3554 Quid
3085 3504 3203 3542 eum
3231 3486 3388 3550 dicis,

1793 553 2020 608 minime
2051 553 2104 608 id
2141 552 2366 624 quidem
2409 552 2661 608 veritatis
2695 554 2882 623 regula
2922 555 3196 624 prohibet,
3225 557 3282 611 in
3317 574 3383 614 eo

1792 643 2064 700 duntaxat
2110 645 2206 714 qui
2261 647 2523 701 sacerdOs
2571 659 2684 700 non
2726 645 2915 701 fuerit.
2959 647 3025 701 At
3065 648 3155 703 isti
3204 651 3376 721 prohi-

1796 736 1953 804 bent,
1991 737 2241 808 adeoque
2287 735 2442 792 Pauli
2475 737 2568 791 illa
2605 739 2878 793 sententia
2914 741 3383 810 comprehendun-

1796 835 1890 883 tur
1925 869 1940 894 ,
1979 825 2368 898 prohibentium
2408 827 2618 882 nubere.
2651 827 2784 882 Nam
2816 846 2963 899 eum,
3001 831 3094 902 qui
3125 834 3385 888 secundis

1795 918 2009 989 nuptiis
2049 917 2295 990 illigatus
2350 917 2552 984 fuerit,
2601 919 2904 990 expellunt,
2964 936 3030 976 ac
3085 938 3155 978 ne
3204 922 3386 978 facere

1796 1010 1944 1066 istud
1989 1011 2192 1067 audeat
2225 1011 2335 1066 vim
2391 1025 2456 1066 ac
2506 1013 2891 1069 necessitatem
2944 1014 3228 1072 adhibent.
3273 1016 3386 1073 Nos

1797 1109 1980 1158 autem
2013 1119 2194 1174 neque
2223 1101 2386 1176 411
2424 1104 2754 1160 necessitate
2785 1105 2897 1160 ulla
2927 1109 3383 1179 constringimus,

1797 1191 1894 1249 sed
1930 1193 2265 1258 suademus;
2299 1208 2401 1248 nec
2433 1192 2593 1248 aliter
2621 1207 2786 1262 quam
2817 1193 3065 1250 honestis
3098 1197 3386 1266 praeceptis

1798 1299 1863 1338 ac
1909 1284 2161 1340 consiliis
2195 1299 2320 1340 eum
2343 1326 2358 1352 ,
2390 1285 2485 1354 qui
2532 1284 2754 1356 quidem
2787 1285 3000 1355 possit,
3053 1286 3122 1341 ad
3170 1286 3221 1340 id
3255 1301 3390 1356 pra:-

1798 1375 2058 1431 standum
2115 1375 2482 1446 impellimus;
2523 1390 2649 1431 eum
2678 1389 2810 1430 vero
2839 1375 2934 1446 qui
2965 1377 3149 1432 minus
3182 1385 3386 1446 potest,

1799 1467 1949 1521 nulla
1974 1467 2026 1521 vi
2061 1467 2333 1538 cogimus,
2357 1482 2460 1522 nec
2495 1481 2524 1521 a
2555 1467 2733 1522 salute
2761 1481 2991 1536 prorsus
3017 1468 3386 1524 excludimus.

91 3621 338 3681 μενον;
381 3601 622 3673 Λάμψει
653 3600 766 3669 γὰρ
816 3600 851 3653 ό
891 3597 1142 3662 δίκαιος,
1173 3594 1374 3665 φησὶν,
1408 3589 1563 3661 ὑπὲρ
1598 3589 1706 3643 τὸν

98 3680 292 3769 ἣλιον
326 3689 952 3751 ἑκατονταπλασίονα.
1006 3688 1070 3740 Οἱ
1123 3684 1192 3738 δὲ
1219 3682 1424 3754 μικροὶ
1464 3682 1536 3737 έν
1562 3680 1708 3749 ὑμῖν

97 3793 456 3861 σωζόμενοι,
503 3785 860 3854 λάμψουσιν
904 3776 1508 3833 ἑκατονταπλασίονα
1553 3773 1707 3842 ὑπὲρ

97 3888 222 3958 τὴν
249 3883 554 3951 σελήνην.
596 3879 655 3932 Ὀ
691 3876 750 3929 δὲ
782 3873 988 3946 Κύριος
1020 3871 1233 3942 ἐλέγχει
1266 3870 1358 3923 τὸν
1391 3867 1648 3929 τοιοῦτον,
1678 3867 1707 3918 ὁ

99 3983 248 4052 ἔχων
271 3976 386 4049 ξτὴν
429 3971 677 4040 ἐξουσίαν
706 3964 1038 4040 χαρίσασθαι
1064 3963 1125 4016 τὸ
1155 3962 1392 4034 λάμπειν
1435 3960 1505 4014 τὰ
1540 3959 1708 4031 πρόσ-

273 4068 387 4122 τῶν
424 4065 620 4135 ἁγίων,
665 4061 760 4116 καὶ
807 4056 1105 4130 φαιδρύνας
1158 4055 1220 4109 τὸ
1272 4053 1564 4124 πρόσωπον
1614 4049 1744 4105 τοῦ»

102 4161 418 4226 Μωῦσέως,
459 4157 556 4211 καὶ
598 4151 915 4226 μεταϐαλὼν
956 4149 1084 4212 τοὺς
1126 4145 1317 4216 ἁγίους
1349 4146 1406 4197 ἐν
1450 4144 1518 4215 τῇ
1576 4141 1708 4212 ἁγίᾳ

101 4253 279 4311 αὐτοῦ
320 4249 619 4307 ἀναστάσει
662 4245 772 4300 τῶν
819 4241 1106 4314 σωμάτων,
1147 4239 1274 4301 τοὺς
1320 4235 1709 4307 σπειρομένους

104 4352 166 4404 ἐν
203 4348 276 4419 τῇ
311 4341 533 4414 ἀτιμία,
577 4338 673 4393 καὶ
721 4333 1106 4408 ἐγειρομένους
1150 4333 1209 4385 ἐν
1252 4328 1410 4402 δόξῃ·
1441 4328 1541 4381 οὐκ
1573 4326 1707 4419 ἄλλα

108 4391 533 4512 ἔοιλέτᾶ
557 4391 1001 4495 δντά,·ἁλλὰ
1042 4391 1182 4478 αύτὰ
1237 4391 1477 4474 τὰνδντα
1500 4417 1709 4489 ἐγειρό-
1743 4391 1784 4444 θ

109 4507 252 4606 μένα
299 4529 428 4584 ὅλα·
478 4522 828 4596 λαμϐάνοντα
868 4518 922 4572 δὲ
971 4514 1129 4581 δόξαν
1188 4511 1320 4584 παρ’
1355 4509 1518 4564 αὐτοῦ
1569 4507 1709 4579 μετὰ

105 4601 434 4686 άνάστασιν,
464 4616 619 4689 παρὰ
644 4612 740 4668 τοῦ
779 4609 880 4683 τὴν
912 4607 1070 4674 δόξαν
1098 4602 1346 4674 ἀφθόνως
1378 4601 1709 4673 παρέχοντος

107 4727 222 4787 τοῖς
247 4716 420 4776 αύτοῦ
454 4715 664 4784 ἁγίοις·
695 4707 884 4778 ἐπειδὴ
918 4705 1032 4776 ἔχει
1076 4702 1174 4774 τὴν
1214 4699 1463 4766 ἐξουσίαν
1503 4697 1707 4761 δοῦναι,

110 4816 206 4871 καὶ
237 4807 594 4884 χαρίσασθαι,
625 4804 702 4867 ὡς
743 4800 874 4864 Θεὸς
916 4795 1268 4864 καὶ-Κύριος.
1309 4792 1488 4864 Ἐχων
1525 4790 1582 4844 δὲ
1611 4789 1704 4843 τοῦ

112 4878 471 4978 χαρίσασθαι,
497 4897 612 4966 ⁸οὐκ
634 4893 654 4925 ³
676 4887 1039 4963 ἐπηγγείλατο
1063 4883 1204 4938 κατά
1235 4880 1509 4936 Μοντανόν
1528 4895 1541 4910 ·
1573 4878 1710 4933 ἀλλὰ

114 4971 281 5070 ξπησί·
333 4992 571 5062 Δάμψει
616 4982 914 5057 ὐμῶν-τὰ
957 4979 1256 5070 πρόσωπα
1516 4971 1706 5070 ἥλιος.

114 5063 188 5146 ἑί
208 5086 398 5140 τοίνυν
431 5081 461 5132 ὁ
487 5080 626 5150 ἔχων
649 5075 748 5146 τὴν
784 5069 1056 5136 ἐξουσίαν,
1085 5066 1178 5120 καὶ
1206 5063 1419 5135 άληθῶς
1447 5063 1710 5134 ὑπάρχων

114 5179 408 5247 δεσπότης,
446 5173 543 5227 καὶ
586 5168 790 5239 Κύριος
834 5162 990 5234 ἡμῶν
1034 5155 1240 5230 Ἰησοῦς
1283 5153 1539 5228 Χριστὸς,
1569 5153 1710 5247 ὡςὴὸ

115 5274 265 5345 ἥλιος
291 5245 444 5337 λέγει
475 5263 544 5318 τὰ
575 5261 843 5332 πρόσωπα
871 5254 982 5309 τῶν
1020 5250 1245 5307 δικαίων
1287 5247 1556 5319 λάμψειν·
1593 5245 1711 5310 πῶς

115 5336 398 5425 θίοντανδς
450 5352 842 5425 ἐπαγγέλλεται
884 5343 1264 5419 περιττότερον
1309 5336 1711 5392 ἑκατονταπλα-

119 5458 313 5522 σίονα;
349 5453 400 5506 εί
447 5449 523 5522 μὴ
573 5448 683 5518 ἄρα
721 5445 907 5514 ὅμοιος
941 5434 990 5492 εἷ
1031 5435 1222 5504 ἐκείνῳ
1264 5431 1342 5504 τῷ
1380 5428 1712 5501 ἐπαγγειλα-

121 5552 271 5626 μένῳ
310 5549 424 5610 τοῖς
473 5541 603 5616 περὶ
648 5539 738 5594 τὸν
773 5535 979 5607 Ἀδὰμ,
1024 5531 1107 5586 ὅτι
1140 5529 1392 5582 Ἐσεσθε
1435 5526 1517 5590 ὡς
1561 5524 1706 5593 θεοὶ,

190 5661 210 5693 ι
237 5658 402 5716 Deest
430 5656 513 5713 τό.
586 5654 608 5685 ⁸
638 5651 700 5710 F.
728 5654 860 5720 πᾶς.
965 5646 987 5678 ³
1017 5639 1080 5701 F.
1107 5640 1376 5711 ἐξουσίαν.

119 5746 240 5798 ml,
269 5731 360 5786 45.

1494 5639 1729 5700 ⁸1Τίω.
1781 5657 1834 5711 v,
1887 5640 1976 5706 il,
2030 5637 2119 5697 12.

1807 3595 1897 3664 qui
1949 3607 2115 3662 supra
2164 3587 2430 3643 hominem
2484 3601 2602 3640 cum
2639 3585 2729 3647 sit,
2770 3580 2999 3635 salutem
3045 3576 3399 3645 adipiscitur?

1806 3686 1996 3741 Justus
2024 3683 2186 3749 enim,
2214 3681 2413 3753 inquit,
2449 3675 2691 3748 centuplo
2718 3683 2886 3745 quam
2924 3670 3006 3727 sol
3047 3667 3398 3740 splendidiori

1809 3779 1924 3832 luce
1971 3774 2213 3845 fulgebit.
2256 3772 2328 3826 At
2376 3771 2467 3842 qui
2497 3771 2633 3824 inter
2667 3783 2756 3821 vos
2795 3763 2972 3834 exigui
3018 3771 3163 3828 sunt,
3214 3761 3398 3816 lunam

1809 3867 2049 3936 centuplo
2075 3863 2420 3934 superabunt.
2449 3860 2554 3916 Sed
2587 3860 2734 3914 hunc
2767 3855 2984 3910 Domini
3013 3853 3187 3924 ipsius
3215 3863 3398 3909 aucto-

1809 3962 1948 4018 ritas
1983 3957 2224 4023 refellit;
2256 3968 2426 4025 penes
2451 3965 2614 4022 quem
2633 3949 2727 4020 jus
2757 3961 2920 4002 omne
2945 3960 3008 4000 ac
3038 3951 3284 4015 potestas
3311 3953 3399 3999 est

1810 4054 1866 4109 id
1901 4051 2111 4108 sanctis
2163 4049 2280 4104 suis
2317 4042 2616 4110 tribuendi,
2669 4049 2730 4096 ut
2764 4054 2954 4095 eorum
2989 4037 3178 4092 vultus
3217 4037 3398 4106 splen-

1810 4146 1945 4202 dore
1993 4143 2414 4199 collustrentur.
2471 4135 2576 4202 Qui
2627 4133 2832 4206 Moysis
2881 4130 3078 4185 faciem
3126 4127 3396 4199 ejusmodi

1811 4239 1933 4294 luce
1979 4233 2256 4306 perfudit:
2301 4231 2398 4302 qui
2452 4227 2676 4285 eosdem
2725 4229 2950 4281 sanctos
2995 4221 3054 4276 in
3098 4235 3394 4290 corporum

1811 4325 2222 4385 resurrectione
2263 4327 2605 4385 commutat;
2653 4323 2898 4378 sanctos,
2948 4312 3196 4382 inquam,
3251 4308 3394 4375 illos,

1813 4422 1906 4492 qui
1943 4419 2181 4490 quadam
2224 4415 2370 4470 velut
2403 4427 2529 4466 cum
2577 4406 2876 4483 ignominia
2909 4404 3035 4466 sati,
3067 4416 3191 4457 cum
3222 4401 3399 4471 gloria

1815 4527 1881 4568 ac
1913 4511 2180 4583 dignitate
2231 4511 2562 4574 resurgunt,
2605 4517 2714 4555 non
2773 4505 2833 4552 ut
2874 4497 2980 4550 alia
3030 4503 3396 4563 praeterquam

1813 4617 1944 4659 vera
1998 4598 2332 4671 propriaque
2379 4606 2648 4664 corpora,
2699 4588 2796 4644 sed
2836 4594 2896 4641 ut
2939 4584 3131 4642 eadem
3159 4623 3175 4648 ,
3233 4593 3400 4653 atque

1819 4697 2032 4766 integra
2085 4690 2306 4763 penitus
2353 4686 2702 4742 excitentur:
2753 4682 2828 4734 ita
2886 4686 3068 4732 tamen
3123 4682 3182 4729 ut
3221 4675 3288 4730 ab
3331 4692 3400 4731 co

1815 4785 2117 4847 secundum
2161 4778 2622 4837 resurreCtionem
2667 4787 2868 4828 novum
2910 4767 3186 4840 quoddam
3227 4766 3398 4823 decus

1815 4893 1881 4934 ac
1932 4873 2274 4944 majestatem
2324 4865 2632 4939 accipiant,
2665 4862 2756 4934 qui
2810 4859 3015 4916 sanctis
3063 4857 3180 4913 suis
3220 4856 3396 4912 inere-

1817 4967 2040 5024 dibilem
2073 4962 2261 5034 gloria:
2296 4959 2601 5016 ubertatem
2637 4951 2918 5022 impertit;
2953 4947 3395 5019 quandoquidem

1818 5059 2088 5135 largiendi
2124 5057 2310 5127 hujus,
2347 5060 2538 5128 utpote
2575 5047 2842 5104 Dominus
2877 5059 2939 5098 ac
2970 5042 3138 5106 Deus,
3173 5042 3397 5112 amplis-

1818 5154 1958 5210 sima
1986 5159 2070 5208 est
2104 5155 2375 5222 potestate
2401 5141 2684 5216 praeditus.
2708 5138 2873 5208 Atqui
2908 5135 3125 5190 tametsi
3158 5149 3395 5201 summa,

1817 5247 1897 5303 uti
1931 5245 2067 5309 dixi,
2095 5258 2260 5317 penes
2291 5241 2444 5294 illum
2473 5237 2545 5292 sit
2577 5241 2843 5305 potestas,
2875 5229 3012 5284 nihil
3041 5235 3225 5283 tamen
3249 5227 3400 5297 ejus~

1817 5340 1966 5396 modi
2007 5335 2283 5410 promisit,
2339 5330 2504 5403 quale
2550 5327 2844 5383 Montanus
2895 5322 3094 5388 finxit;
3151 5322 3247 5376 sed
3294 5322 3396 5374 hoc

1817 5450 1987 5489 unum
2013 5431 2304 5504 pollicetur
2333 5445 2346 5482 :
2381 5422 2681 5496 Fulgebunt
2710 5419 2874 5490 facies
2897 5428 3080 5472 vestra:
3094 5417 3228 5470 sicut
3255 5415 3394 5468 sol’.

1814 5527 1978 5601 412
2012 5524 2201 5596 ltaque
2231 5518 2453 5585 cumis,
2491 5531 2660 5590 penes
2692 5528 2854 5585 quem
2891 5511 3074 5567 omnis
3120 5515 3204 5564 est
3240 5513 3399 5572 pote-

2220 5633 2404 5694 l’ibid.
2459 5631 2548 5690 ﬂ.
2641 5629 2662 5662 °
2692 5628 2866 5701 Apoc.
2918 5623 3052 5692 1,1.
3146 5620 3166 5652 '
3202 5616 3396 5672 Matth.
