3846 6334
508 282 607 338 871

1931 287 1990 342 s.
2028 283 2369 358 Epirnaun
3687 287 3778 343 sn

504 414 642 468 stas,
681 404 890 476 quique
918 419 1049 461 vere
1077 405 1323 462 omnium
1369 405 1636 464 Dominus
1674 415 1778 476 est,
1817 407 2082 476 Christus,

2200 409 2454 480 φήσαντι,
2493 409 2588 462 καὶ
2619 408 2728 461 ἀπὸ
2770 409 2869 481 τῆς
2915 410 3269 483 ὑπαρχούσης
3303 413 3491 476 αὐτοῖς
3517 411 3676 482 δόξης
3701 425 3778 464 καί

505 496 753 566 inquam,
805 496 968 554 Jesus
1004 497 1270 554 Dominus
1314 506 1524 565 noster,
1558 500 1692 556 solis
1739 501 1915 556 instar
1966 502 2093 554 illu-

503 589 766 644 strandos
802 605 927 644 esse
957 589 1237 658 justorum
1275 591 1460 645 vultus
1493 590 1735 656 deﬁniat,
1765 606 1872 661 qua
1909 592 2092 648 fronte

2199 502 2526 574 παραδείσου
2556 503 2767 574 τρυφῆς
2785 506 3268 575 παρασκευάσαντι
3297 508 3486 569 αὐτοῖς
3508 505 3608 577 τὴν
3637 506 3784 559 ὲκὸοέ

2200 592 2296 663 λὴν
2326 593 2601 661 γενέσθαι,
2633 593 2728 647 καὶ
2763 597 2845 658 εἰς
2871 595 3076 667 φθορὰν
3108 597 3341 651 θανάτου
3369 598 3782 668 κατενεχθῆναιο

502 684 762 752 centuplo
811 683 1074 739 clariores
1127 683 1244 739 fore
1294 684 1586 742 Montanus
1667 685 1959 741 afﬁrmat?
2013 687 2131 742 Nisi
2201 688 2340 744 forte
2384 690 2532 745 illius
2587 705 2647 746 es
2697 690 2916 755 similis,
2971 693 3067 762 qui
3121 693 3176 748 id
3231 696 3423 764 primis
3480 695 3785 751 hominibus

517 779 881 847 pollicebatur
925 797 938 833 :

999 779 1169 834 Erilis
1211 781 1349 834 sicut
1382 782 1538 848 dii‘;
1573 782 1776 852 quique
1813 791 1874 836 ut
1925 783 1996 838 ab
2024 799 2085 838 ea
2143 799 2307 854 quam
2359 787 2645 840 consecuti
2679 787 2897 842 fuerant
2964 789 3162 859 gloria,
3219 804 3283 845 ac
3346 791 3609 860 paradiso
3657 794 3784 863 deji-

504 882 786 937 cerentur,
811 881 864 927 et
889 873 943 927 in
968 875 1121 927 exitii
1155 875 1529 943 corruptelam
1554 875 1919 941 incurrerent,
1944 876 2246 933 calliditate
2274 893 2375 933 sua
2409 878 2663 948 perfecit.

575 968 666 1024 XI.
704 968 810 1024 Sed
843 969 959 1024 hate
986 969 1214 1039 insuper
1240 969 1538 1026 Montanus
1572 971 1794 1042 adjicit:
1831 971 1940 1042 Ego
1972 989 2089 1026 sum

504 1057 764 1114 Dominus
801 1058 966 1124 Deus,
995 1061 1085 1131 qui
1113 1062 1166 1113 in
1197 1059 1405 1115 homine
1443 1079 1642 1119 verser.
1667 1059 1937 1118 Praeclare
1969 1063 2092 1134 qui-

505 1151 628 1205 dem
658 1167 758 1207 nos
779 1151 1068 1222 Scriptura
1098 1167 1280 1218 sacra,
1303 1162 1357 1210 et
1383 1165 1754 1211 consentanea
1775 1157 1879 1212 sibi
1911 1157 2092 1212 sancti

506 1244 747 1314 Spiritus
801 1245 1058 1300 doctrina
1121 1247 1553 1304 commonitione
1623 1265 1725 1304 sua
1785 1258 2092 1320 comparat,

505 1341 567 1389 ut
617 1351 741 1409 qua:
776 1336 941 1391 alieni
995 1345 1126 1393 sunt
1166 1337 1400 1406 spiritus
1440 1341 1506 1394 ad
1555 1342 1669 1394 veri
1730 1341 2094 1398 imitationem

504 1427 742 1484 conﬁcta
792 1429 1077 1499 dogmata,
1123 1445 1189 1485 ac
1223 1431 1442 1485 veritati
1496 1433 1774 1487 contraria
1808 1435 2094 1490 discerna-

506 1537 657 1576 mus.
689 1520 889 1575 Statim
918 1522 1066 1576 enim
1100 1537 1165 1577 ac
1193 1522 1490 1579 Montanus
1520 1525 1623 1579 hoc
1653 1525 1812 1590 dixit,
1841 1541 1905 1582 ea
1935 1526 2094 1582 nobis

505 1614 561 1668 in
596 1615 922 1677 memoriam
955 1616 1238 1670 revocavit
1264 1631 1386 1685 quze
1421 1630 1450 1668 a
1481 1615 1711 1671 Domino
1742 1618 2093 1688 pronuntiata

2271 976 2375 1029 IA'.
2413 976 2534 1028 Ἔτι
2573 975 2631 1028 δὲ
2667 977 3023 1050 προστῖθησιν
3060 979 3088 1032 ὀ
3117 979 3276 1043 αὐτὸς
3319 981 3619 1046 Μοντανὸς,
3651 982 3783 1036 οὕτω

2198 1066 2372 1135 λέγων
2391 1081 2403 1094 ’
2452 1066 2601 1136 Ἐγὼ
2633 1071 2846 1136 Κύριος
2880 1074 2913 1124 ὀ
2946 1071 3089 1136 Θεὸς
3120 1073 3153 1123 ὁ
3176 1071 3598 1140 παντοκράτωρ
3618 1090 3786 1126 κατα-

2201 1155 2512 1226 τεινόμενος
2558 1157 2628 1209 ἐν
2673 1158 2978 1226 ἀνθρώπῳ.
3014 1160 3156 1231 Ἀρα
3203 1157 3296 1214 οὖν
3341 1161 3524 1226 καλῶς
3567 1165 3715 1233 ἡμᾶς
3755 1169 3782 1232 ἡ

2203 1245 2322 1298 θεία
2369 1245 2561 1316 Γραφὴ
2607 1247 3067 1316 ἑπασφαλίζεται,
3115 1251 3207 1303 καὶ
3266 1253 3298 1322 ἠ
3350 1252 3642 1316 ἀκόλουθος
3697 1254 3781 1306 τοὶ

2195 1337 2353 1406 ἁγίου
2383 1339 2701 1410 Πνεύματος
2743 1341 3082 1405 διδασκαλία,
3128 1342 3457 1397 νουθετοῦσα
3490 1347 3660 1415 ἡμᾶς,
3704 1348 3782 1398 ἵνα

2195 1429 2549 1501 γινώσκωμεν
2607 1433 2735 1486 ποῖά
2792 1434 2908 1486 ἐστι
2954 1433 3024 1486 τὰ
3081 1434 3292 1505 μιμηλά
3349 1435 3443 1488 τοῦ
3503 1436 3780 1508 ἀλλοτρίου

2197 1522 2531 1592 πνεύματος,
2557 1525 2651 1576 καὶ
2685 1523 2752 1578 τὰ
2790 1525 3040 1578 ἀντίθετα
3078 1525 3216 1596 πρὸς
3244 1525 3339 1596 τὴν
3372 1527 3661 1598 ἀλήθειαν·
3701 1529 3782 1582 ὅτε

2194 1614 2304 1686 γὰρ
2347 1615 2509 1680 εὐθὺς
2542 1615 2698 1669 τοῦτο
2745 1613 2867 1670 εἷπε
2917 1619 3217 1682 Μοντανὸς,
3246 1619 3501 1672 ὑπόνοιαν
3540 1622 3675 1690 ἡμῖν
3701 1621 3784 1673 δέ-

503 1706 782 1774 leguntur.
826 1705 907 1759 lta
948 1705 1096 1760 enim
1130 1707 1186 1760 in
1220 1705 1517 1776 Evangelio
1549 1714 1782 1762 testatus
1818 1715 1902 1762 est
1931 1726 1943 1762 :
1982 1707 2082 1778 Ege

2194 1707 2366 1760 δωκεν
2394 1708 2806 1778 ἀναμνησθῆναι
2854 1708 2925 1761 τά
2968 1709 3074 1761 ὑπὸ
3116 1709 3210 1762 τοῦ
3257 1711 3461 1781 Κυρξου
3498 1713 3784 1783 εἰρημένα.

499 1798 617 1852 ueni
650 1798 704 1850 in
736 1797 948 1850 nomine
984 1796 1194 1861 Patris,
1225 1807 1275 1851 et
1309 1814 1413 1851 non
1453 1797 1756 1866 suscepistis
1791 1815 1906 1864 me;
1949 1799 2089 1853 alius

499 1891 665 1945 veniet
702 1891 755 1942 in
778 1889 992 1944 nomine
1015 1905 1133 1954 suo,
1168 1899 1218 1943 et
1246 1890 1404 1944 talem
1434 1891 1717 1959 suscipient
1742 1891 1784 1943 ¹.
1821 1889 2090 1956 Quocirca

500 1979 824 2034 Montanum
861 1995 890 2033 a
920 1981 1097 2035 sacris
1138 1979 1364 2036 Litteris
1409 1981 1707 2066 dissentire
1735 1982 1964 2037 omnino
1997 1982 2093 2036 de-

500 2074 977 2141 monstravimus;
1014 2073 1182 2144 idque
1210 2075 1418 2128 nemini
1463 2090 1570 2128 non
1599 2073 1952 2143 perspicuum
1984 2081 2089 2137 est,

497 2166 595 2236 qui
646 2165 766 2236 ejus
811 2165 1020 2237 scripta
1053 2181 1180 2220 cum
1224 2165 1436 2236 judicio
1478 2167 1796 2221 revolverit.
1851 2165 2006 2231 Quod
2042 2166 2090 2220 si

497 2257 576 2310 ita
618 2264 726 2323 est,
763 2265 937 2313 restat
989 2264 1049 2311 ut
1085 2265 1196 2311 tam
1245 2257 1362 2326 ipse
1415 2257 1487 2312 ab
1520 2256 1766 2312 Ecclesia
1816 2256 2088 2312 catholica

497 2349 716 2406 alienus
754 2349 1129 2415 existimetur,
1167 2363 1331 2420 quam
1370 2349 1493 2419 ejus
1532 2349 1779 2413 lueresis,
1817 2365 1937 2418 quae
1970 2363 2091 2419 pro-

495 2438 695 2507 phetas
728 2453 799 2508 ac
843 2440 1096 2495 coelestia
1126 2439 1219 2493 illa
1262 2438 1406 2493 dona
1445 2455 1615 2510 penes
1649 2455 1708 2495 se
1743 2455 1867 2496 esse
1898 2439 2092 2508 praedi-

496 2538 607 2598 cat,
658 2546 782 2600 qua:
823 2546 1173 2602 nequaquam
1215 2533 1511 2602 acceperit,
1540 2531 1638 2586 sed
1691 2532 1759 2587 ab
1797 2532 1866 2586 iis
1904 2532 2089 2602 potius

493 2624 816 2680 desciverit.
858 2624 1065 2696 Ecquis
1104 2625 1293 2696 igitur,
1328 2625 1375 2679 si
1429 2624 1713 2694 paululum
1763 2623 1898 2694 quid
1940 2622 2090 2678 dicat

493 2717 788 2786 intelligat,
832 2717 1130 2787 prophetas
1164 2717 1322 2780 istos,
1368 2731 1432 2770 ac
1466 2732 1576 2771 non
1617 2716 1816 2785 planos
1855 2724 1910 2771 et
1939 2723 2088 2771 vete-

491 2817 710 2866 ratores
758 2809 1111 2879 appellandos
1153 2809 1414 2865 censeat?
1462 2808 1720 2863 Christus
1775 2809 1920 2863 enim
1973 2822 2077 2863 nos

492 2903 723 2958 docuit:
765 2902 834 2956 Et
883 2902 1180 2971 Spiritum,
1219 2901 1432 2972 inquit,
1480 2901 1823 2956 Paracletum
1877 2901 2088 2955 mittam

491 2992 562 3046 ad
599 3010 687 3048 vos
712 2993 754 3049 ³.
817 2991 1048 3048 Necnon
1083 2991 1372 3047 miraculis
1417 2991 1580 3048 editis
1611 2993 1790 3048 aiebat
1824 3011 1837 3047 :
1873 2993 2088 3050 Ille-me

2194 1797 2350 1851 Οὕτω
2388 1799 2490 1867 γάρ
2519 1816 2682 1869 φησιν
2722 1801 2750 1852 ὁ
2787 1800 2993 1871 Κύριος
3032 1802 3091 1855 ὲν
3134 1800 3210 1872 τῷ
3247 1801 3569 1873 Εὑαγγελιῳ
3592 1818 3608 1832 ⁸
3642 1802 3786 1871 Ἐγὼ

2192 1887 2384 1960 ἦλθον
2412 1892 2482 1945 ἐν
2509 1892 2590 1958 τῷ
2623 1894 2867 1962 ὀνόματι
2914 1893 3020 1946 τοῦ
3073 1894 3326 1962 Πατρός,
3373 1895 3472 1948 καὶ
3511 1897 3628 1948 οὐκ
3664 1895 3784 1948 ἐδέ-

2194 1982 2382 2046 ξασθέ
2408 1999 2504 2052 με.
2537 1985 2752 2050 Ἄλλος
2775 1985 3089 2037 ἐλεύσεται
3113 1985 3209 2037 ἐπὶ
3238 1985 3317 2050 τῷ
3351 1985 3480 2050 ἰδίῳ
3507 1986 3772 2054 ὀνόματι.

2193 2074 2289 2126 καὶ
2351 2073 2626 2139 δέξονται
2688 2075 2796 2128 τὸν
2844 2076 3139 2129 τοιοῦτον.
3189 2077 3544 2146 Ἀσύμφωνος
3612 2080 3784 2132 τοίνυν

2191 2163 2538 2218 παντάπασιν
2563 2167 2592 2218 ὁ
2616 2163 2858 2229 τοιοῦτος
2880 2165 2988 2219 τῶν
3015 2165 3175 2232 θείων
3205 2165 3435 2238 Γραφῶν
3469 2168 3691 2240 εὑρέθη,
3715 2169 3783 2232 ὡς

2193 2254 2357 2307 παντί
2384 2272 2462 2325 τῳ
2505 2257 2674 2324 σαφές
2718 2256 2928 2327 ἐστιτῷ
2973 2258 3236 2328 νουνεχῶς
3283 2261 3686 2330 ἐντυγχάνοντι.
3725 2263 3783 2315 Εἰ

2191 2344 2370 2398 τοίνυν
2398 2346 2728 2416 ἀσύμφωνος
2751 2348 3006 2418 ὑπάρχει,
3043 2349 3320 2420 ἀλλότριός
3349 2351 3466 2404 ἐστι
3491 2352 3598 2422 τῆς
3628 2353 3782 2420 άγίας

2189 2435 2489 2508 καθολικῆς
2534 2438 2878 2509 Ἐκκλησίας,
2929 2440 3025 2493 καὶ
3074 2442 3108 2511 ἡ
3162 2441 3284 2495 κατ’
3334 2443 3494 2496 αὑτὸν
3542 2443 3782 2513 αὒχοῦσα

2191 2527 2404 2598 αἵρεσις
2445 2529 2731 2600 προφήτας
2763 2529 2905 2600 ἔχειν
2945 2531 3038 2585 καὶ
3075 2532 3407 2603 χαρίσματα,
3445 2533 3483 2588 ἃ.
3523 2535 3603 2607 μὴ
3641 2535 3782 2604 εἱλη-

2192 2636 2312 2689 φεν,
2350 2619 2487 2674 ἀλλά
2529 2623 2592 2674 ἐκ
2632 2621 2835 2676 τούτων
2879 2624 3112 2694 ἀπέστη.
3160 2625 3256 2688 Τίς
3289 2625 3468 2678 τοίνυν
3496 2627 3778 2699 τολμήσειε

2191 2713 2615 2784 παρακολουθῶν
2671 2714 2888 2777 τούτους
2945 2717 3228 2786 προφήτας
3283 2715 3499 2780 καλεῖν,
3553 2719 3652 2771 καὶ
3709 2720 3776 2788 μὴ

2193 2803 2392 2873 μᾶλλον
2437 2803 2667 2867 πλάνους
2711 2799 2850 2858 εἶναι
2893 2806 3020 2868 τοὺς
3049 2805 3360 2872 τοιούτους;
3406 2807 3648 2877 Χριστὸς
3675 2808 3778 2877 γὰρ

2188 2896 2337 2966 ἡμᾶς
2367 2895 2570 2962 ἐδίδαξε
2589 2895 2788 2963 λέγων,
2808 2897 2889 2949 ὅτι
2925 2896 2995 2950 Τὸ
3020 2896 3263 2966 Πνεῦμα
3295 2897 3361 2950 τὸ
3381 2898 3780 2966 Παρὰκλητον

2189 2987 2550 3043 ἀποστέλλω
2592 2987 2756 3057 ὑμῖν.
2803 2988 2914 3040 Kal.
2966 2987 3035 3039 τὰ
3081 2990 3281 3057 σημεῖα
3330 2987 3506 3052 διδοὺς
3562 2989 3774 3057 ἔλεγεν,

490 3085 882 3157 gloriﬁcabit‘.
916 3085 1075 3152 Quod
1111 3085 1278 3139 etiam
1323 3083 1508 3154 reipsa
1565 3085 1868 3156 contigisse
1909 3088 2082 3141 cerni-

2190 3079 2271 3135 ’ύτι
2317 3078 2580 3146 Ἐκεῖνος
2808 3077 3076 3143 δοξάσει.
3267 3079 3338 3132 τὰ
3390 3078 3573 3149 ἀληθῆ
3633 3055 3774 3132 ἐστιν

489 3193 640 3243 mus,
673 3192 739 3233 eo
774 3176 921 3247 quod
970 3175 1228 3246 apostoli,
1261 3191 1388 3230 cum
1437 3175 1781 3230 Paraeletum
1817 3175 2080 3246 Spiritum

2189 3172 2338 3236 ἰδεῖν,
2367 3173 2446 3226 ὅτι
2479 3174 2528 3225 οἱ
2561 3171 2704 3240 ἆγιοι
2735 3169 3045 3237 ἀπόστολοι,
3073 3171 3132 3224 τὺ
3165 3170 3520 3243 Παράκλητον
3556 3171 3776 3241 Πνεῦμα

490 3268 881 3340 accepissent,
933 3267 1214 3323 Christum
1266 3266 1736 3338 glorificaverunt.
1788 3266 2082 3325 Montanus

2190 3264 2456 3325 λαϐόντες,
2513 3260 2747 3333 Χριστὸν
2785 3261 3062 3325 ἐδόξασαν.
3112 3254 3280 3325 Οὗτος
3322 3261 3380 3314 δὲ
3431 3263 3460 3314 ὁ
3487 3262 3762 3324 Monuit;

488 3377 622 3418 vero
647 3376 804 3418 suam
841 3361 959 3432 ipse
988 3359 1220 3432 gloriam
1252 3359 1516 3413 celebrat.
1556 3359 1824 3415 Dominus
1864 3359 2080 3418 Patren-

492 3466 658 3507 suum
684 3450 1038 3520 glorificavit.
1071 3449 1217 3504 idem
1250 3449 1342 3503 ille
1375 3446 1641 3518 Spiritum
1677 3465 1898 3520 quoque
1924 3452 2085 3520 glori-

490 3543 698 3609 ﬁcavit,
731 3542 1141 3610 cumveritatis
1198 3555 1321 3596 esse
1373 3538 1638 3610 Spiritum
1679 3541 1885 3595 docuit.
1935 3541 2085 3597 Mon-

491 3642 659 3690 tanus
685 3649 857 3688 unum
896 3649 956 3689 se
987 3632 1284 3704 glorifi'eat,
1319 3647 1384 3686 ac
1412 3631 1632 3686 Patrem
1659 3647 1783 3687 esse
1806 3631 1940 3687 dicit
1973 3649 2085 3688 om-

489 3727 854 3799 nipotentem,
890 3726 985 3796 qui
1029 3725 1084 3778 in
1120 3739 1244 3780 sese
1287 3723 1534 3778 habitet:
1576 3736 1636 3778 ut
1673 3724 1808 3780 illud
1857 3725 2084 3780 omnino

491 3825 744 3884 constet,
798 3817 964 3871 talem
1006 3831 1130 3871 eum
1167 3830 1279 3870 non
1333 3830 1491 3881 esse,
1521 3816 1741 3886 qualem
1793 3832 1853 3872 se
1906 3817 2081 3872 videri

489 3909 770 3975 voluerit;
801 3924 905 3964 nec
935 3908 1006 3963 ab
1042 3906 1259 3963 caelesti
1291 3907 1386 3962 illo
1426 3906 1586 3963 Patre
1620 3907 1879 3972 missum,
1917 3923 2019 3963 nec
2049 3923 2081 3963 a

489 4000 714 4056 Christo
736 3998 1039 4070 quidquam
1069 3998 1371 4067 accepisse.
1413 3996 1550 4051 Nam
1580 3997 1636 4050 in
1680 3996 1913 4052 Domino
1941 4012 2083 4052 con-

493 4093 704 4166 placuit
756 4105 975 4145 omnem
1035 4087 1434 4158 plenitudinem
1471 4088 1779 4143 divinitatis
1831 4089 2082 4146 habitare

487 4181 924 4253 corporaliter";
961 4179 1125 4251 413
1157 4187 1210 4233 et
1255 4177 1324 4234 de
1365 4179 1710 4249 plenitudine
1745 4181 1902 4250 ejus,
1953 4196 2082 4253 pro-

490 4273 665 4344 phetae
708 4286 901 4328 omnes
956 4279 1316 4341 acceperunt,
1374 4278 1435 4324 ut
1483 4267 1725 4324 Joannes
1776 4269 2076 4326 afﬁrmat“.

2185 3353 2375 3407 ἑαυτὸν
2417 3352 2647 3419 δοξάζει.
2690 3351 2748 3404 Ὀ
2800 3351 3005 3423 Κύριος
3051 3351 3142 3406 τὸν
3192 3352 3408 3424 Πατέρα
3461 3351 3631 3406 αὐτοῦ
3672 3353 3775 3406 ὲδὸ·

2185 3446 2338 3512 ξασε.
2394 3445 2504 3497 Καὶ
2548 3445 2576 3496 ὁ
2628 3443 2833 3514 Κύριος
2875 3443 3036 3497 πάλιν
3077 3445 3118 3506 ,ὁ
3164 3444 3396 3514 Χριστὸς
3442 3444 3502 3497 τὸ
3553 3444 3774 3514 Πνεῦμα

2184 3537 2423 3603 ὲδόξασε,
2451 3535 2622 3604 λέγων
2655 3535 2785 3586 αὑτὸ
2821 3534 3044 3605 Πνεῦμα
3073 3534 3353 3606 ἀληθείας.
3399 3535 3459 3588 ’0
3489 3536 3767 3597 Μοντανὺς

2183 3629 2241 3682 δὲ
2290 3628 2479 3682 ἑαυτὸν
2525 3627 2737 3692 δοξάζει
2795 3628 2974 3699 μόνον,
3015 3628 3110 3681 καὶ
3163 3627 3307 3696 λέγει
3355 3621 3495 3681 εἶναι
3547 3628 3766 3700 Πατέρα

2184 3721 2618 3791 παντοκράτορα,
2646 3721 2740 3774 καὶ
2777 3721 2834 3773 ὲν
2864 3719 3013 3790 αὑτῷ
3049 3720 3354 3792 ἐνοικῆσαι·
3386 3719 3474 3773 ἵνα
3503 3721 3771 3790 murale-

2184 3813 2275 3866 θεν
2300 3812 2483 3882 δειχθῇ
2520 3812 2620 3865 οὑκ
2656 3811 2818 3874 αὑτὸς
2848 3809 2943 3874 ὢν,
2976 3809 3096 3864 οὐδὲ
3131 3811 3221 3863 ὑπ’
3253 3810 3461 3864 ἐκείνου
3503 3811 3774 3865 ἀπεσταλ-

2187 3904 2365 3976 μένος,
2397 3903 2518 3956 οὑδὲ
2553 3904 2680 3975 παρ’
2711 3900 2878 3955 αὑτοῦ
2916 3900 3228 3972 λαμϐάνων.
3270 3902 3357 3955 Ἐν
3388 3901 3499 3973 γὰρ
3543 3903 3630 3972 τῷ
3667 3905 3769 3956 Κυ-

2184 3996 2285 4068 ρίῳ
2317 3994 2582 4067 ηὑδόκησε
2615 3996 2730 4047 πᾶν
2749 3993 2826 4046 Δτὸ
2867 3994 3138 4066 πλήρωμα
3169 3993 3270 4062 τῆς
3302 3993 3554 4064 θεότητος
3589 4012 3768 4049 κατοι-

2181 4090 2348 4161 κῆσαι
2384 4086 2739 4158 σωματικῶς-ο
2771 4086 2867 4140 καὶ⁵
2908 4086 3018 4140 ἀπὸ
3065 4085 3160 4139 τοῦ
3202 4085 3572 4156 πληρώματος
3607 4086 3767 4140 αὑτοῦ

2182 4181 2382 4244 πάντες
2408 4181 2459 4233 οἱ
2493 4180 2771 4250 προφῆται
2805 4177 3081 4249 εἰλήφασι,
3137 4177 3280 4231 κατὰ
3325 4176 3417 4230 τὸν
3465 4177 3564 4230 τοῦ
3619 4178 3768 4246 ἁγίου

2193 4273 2439 4335 Ἰωάννου
2485 4271 2664 4340 λόγον.
2713 4270 2824 4325 Καὶ
2869 4271 3002 4340 ὁρᾷς
3050 4268 3169 4333 πῶς
3211 4270 3412 4332 πάντες
3457 4270 3506 4322 οἱ
3553 4269 3768 4323 παλαιοὶ

495 4365 656 4422 Vides
683 4380 816 4422 sane
843 4362 1312 4434 quemadmodum
1339 4360 1620 4418 Christum
1651 4371 1862 4419 veteres
1883 4377 2074 4420 omnes

2190 4364 2419 4436 Χριστὸν
2478 4361 2875 4433 κατήγγελλον,
2923 4361 3019 4414 καὶ
3069 4362 3121 4414 οἱ
3182 4362 3479 4432 μετέπειτα
3534 4361 3768 4430 Χριστίν

490 4457 862 4529 praedicarim,
894 4467 1010 4511 tum
1042 4455 1137 4529 qui
1174 4462 1369 4526 postea
1408 4453 1584 4509 secuti
1625 4461 1755 4508 sunt
1783 4455 2063 4512 Christum

488 4549 765 4620 praeconio
797 4561 900 4604 suo
931 4557 986 4603 et
1036 4544 1390 4604 confessione
1422 4545 1775 4602 celebrarint.
1815 4545 1885 4600 At
1920 4547 2066 4603 Mon-

489 4656 657 4700 tanus
684 4641 956 4696 violenter
986 4639 1210 4710 irrupit,
1250 4637 1546 4692 mirificum
1575 4638 1864 4708 quemdam
1899 4638 2071 4693 homi-

491 4827 638 4896 pisse
667 4832 1028 4880 monstretur.

555 4915 739 4987 Pergit
766 4916 1052 4970 Montanus
1085 4912 1273 4968 infelix
1303 4913 1632 4968 homuncio:
1660 4911 1784 4969 Non
1821 4915 2063 4986 angelus,

487 5007 686 5078 inquit,
721 5025 825 5062 nou
869 5006 1074 5076 legatus
1121 5004 1351 5074 aliquis;
1389 5003 1478 5058 sed
1509 5015 1706 5075 egomet
1737 5004 1876 5060 Deus
1907 5006 2073 5061 Pater

486 5102 705 5156 accessi.
742 5100 862 5166 Qua
901 5115 997 5156 sua
1035 5114 1168 5156 voce
1202 5099 1415 5154 alienus
1467 5113 1590 5154 esse
1621 5098 2071 5170 deprehenditur,

485 5193 580 5263 qui
606 5191 882 5250 Christum
929 5192 1156 5247 minime
1204 5191 1592 5262 praedicatione
1621 5206 1720 5247 sua
1757 5193 2072 5248 celebrave-

485 5283 580 5345 rit,
607 5297 771 5350 quem
805 5283 1030 5337 cmleste
1057 5298 1218 5338 onme
1261 5285 1464 5338 donum
1499 5284 1766 5340 divinitus
1807 5283 2066 5340 Ecclesia:

486 5371 748 5425 collatum
808 5388 934 5427 vcrc
989 5387 1204 5441 semper
1258 5388 1322 5426 ac
1381 5375 1666 5445 magnifice
1730 5376 2064 5446 praedicavit.

487 5460 672 5530 Quare
720 5471 875 5535 cx_tra
909 5480 1111 5535 corpus
1164 5463 1446 5532 Ecclesiae,
1485 5469 1762 5539 totiusque
1817 5469 2068 5535 corporis

485 5561 652 5625 caput
696 5570 818 5611 esse
857 5557 1159 5627 reperietur
1192 5575 1204 5610 :
1238 5571 1338 5611 nec
1385 5571 1508 5612 cum
1547 5559 1659 5626 illo,
1693 5561 1936 5629 inquam,
1983 5573 2071 5614 co-

2171 4456 2447 4520 ὲδόξασαν·
2469 4455 2563 4508 καὶ
2579 4453 2744 4507 αὑτὸν
2761 4454 3136 4525 ὡμολόγησαν.
3153 4453 3498 4514 Μοντανὸςδὲ
3512 4470 3536 4504 ε
3547 4453 3764 4523 ἰσέφρηο

2171 4566 2262 4602 σεν
2277 4547 2617 4612 ἐαυτὸν,τινὰ
2633 4546 2826 4615 λέγων,
2838 4547 2985 4609 ὅπως
2995 4545 3199 4616 δειχθῇ,
3216 4547 3298 4600 ὅτι
3320 4544 3442 4598 οὒτε
3458 4543 3763 4612 ἔστινφὺτε

2172 4643 2268 4696 ἀπ’
2315 4641 2482 4695 αὑτοῦ
2551 4639 2908 4704 ἀπέσταλται,
2947 4638 3072 4694 οὔτε
3121 4638 3252 4712 παρ’
3303 4638 3471 4692 αὑτοῦ
3519 4638 3759 4708 εἴληφεν.

387 4717 390 4722 ’
488 4723 613 4787 llem
637 4748 698 4788 se
717 4747 841 4788 esse
866 4730 1164 4801 jactitans;
1195 4739 1256 4784 ut
1277 4729 1362 4784 vel
1389 4729 1493 4782 hoc
1521 4729 1642 4799 ipso
1665 4743 1770 4784 nec
1795 4728 2067 4800 ejusmodi
2097 4747 2243 4800 esse,
2266 4748 2370 4789 nec
2399 4733 2468 4789 ab
2494 4732 2591 4787 illo
2620 4733 2847 4799 missus,
2878 4747 2981 4788 nec
3031 4733 3100 4786 ab
3133 4748 3200 4787 eo
3259 4732 3564 4803 quidquam
3620 4745 3761 4789 accc,

2248 4909 2380 4966 Εἶτα
2405 4911 2566 4965 πάλιν
2591 4910 2724 4981 φησὶ¹
2746 4909 2808 4963 τὸ
2825 4909 3026 4962 ἐλεινὸν
3043 4908 3428 4980 ἀνθρωπάριον
3459 4911 3758 4977 Movent-9);.

2177 5007 2257 5061 ὅτι
2284 5006 2433 5058 Οὔτε
2465 5005 2742 5072 ἅγγελος,
2762 5003 2901 5055 οὔτε
2923 5003 3208 5069 πρέσϐυς,
3227 5001 3387 5056 ἀλλὰ
3412 5002 3529 5072 ἐγὼ
3551 5007 3760 5074 Κύριος

2181 5104 2214 5154 ὁ
2240 5099 2384 5165 Θεὸς
2421 5096 2625 5164 Πατὴρ
2651 5092 2865 5165 ἦλθον.
2899 5093 3084 5147 Ταῦτα
3103 5093 3161 5146 δὲ
3188 5093 3756 5166 λέγωνφωραθήσεται

2180 5191 2456 5261 ἀλλότριος
2494 5189 2592 5255 ὢν,
2631 5186 2864 5258 Χριστὸν
2898 5186 2974 5256 μὴ
3001 5185 3258 5252 δοξάζων,
3283 5185 3341 5238 ὃν
3383 5187 3491 5239 πᾶν
3520 5189 3759 5257 χάρισμα

2175 5280 2622 5354 ἐκκλησιαστικὸν
2637 5281 2694 5332 ὲν
2717 5277 3011 5348 Ἐκκλησία
3026 5280 3091 5348 τῇ
3108 5276 3236 5346 ἁγίᾳ
3266 5276 3440 5340 δοθὲν,
3459 5279 3513 5330 ἐν
3533 5279 3758 5347 ἀληθεία

2177 5375 2448 5440 ἐδόξασεν.
2504 5370 2875 5443 Εὑρεθήσεται
2920 5369 3028 5439 γὰρ
3089 5368 3247 5431 ἐκτὸς
3317 5363 3457 5420 εἶναι
3515 5367 3756 5437 σώματος

2186 5463 2534 5534 Ἐκκλησίας,
2601 5461 2696 5515 καὶ
2749 5460 2990 5529 κεφαλῆς
3033 5459 3124 5514 τοῦ
3167 5459 3502 5530 σύμπαντος,
3553 5462 3646 5514 καὶ
3681 5463 3752 5528 μὴ

2177 5555 2392 5628 κρατῶν
2407 5554 2505 5626 τὴν
2537 5552 2800 5624 κεφαλὴν,
2835 5552 2902 5614 ἐξ
2937 5547 3134 5620 ἧσπερ
3157 5549 3280 5606 πᾶν
3309 5551 3372 5604 τὸ
3412 5551 3583 5622 σῶμα
3609 5567 3729 5605 συν

555 5706 576 5740 ⁸
605 5707 740 5764 Gen.
772 5727 853 5778 ιιι,
882 5710 937 5765 5.
1014 5714 1032 5742 ¹
1059 5708 1216 5767 Joan.
1255 5728 1308 5781 v,
1347 5708 1435 5767 45.
1509 5710 1707 5768 8Joan.
1739 5729 1852 5780 χιιι,
1879 5712 1931 5770 7.
2011 5712 2081 5768 ’ἱ

2190 5752 2196 5764 .
2232 5710 2315 5765 14.
2393 5711 2412 5743 ⁸
2448 5709 2663 5766 Coloss.
2698 5723 2760 5773 ιι,
2787 5706 2840 5761 9.
2923 5705 2942 5736 ⁸
2972 5704 3130 5760 Joan.
3162 5721 3197 5770 I,
3237 5704 3321 5757 lG.
