3846 6290
17 346 131 401 873

688 341 1057 399 ADVERSUS
1094 339 1436 397 HERESES
1468 338 1596 395 LIB.
1636 340 1698 395 Il.
1738 334 1903 393 TOM.
1945 335 1986 392 l.
2025 366 2092 374 -—
2128 332 2399 389 HERES.
2442 330 2669 386 XLVIII.

3194 328 3297 384 ετι

18 461 585 531 αρμολογρύμενον
616 457 806 521 αὔξει,
852 456 989 510 κατά
1026 455 1088 508 τὸ
1124 454 1526 525 γεγραμμένον.
1578 450 1637 507 '0

1745 452 1945 506 htcrere
1976 450 2171 519 capite,
2205 463 2269 499 ea"
2297 463 2396 515 quo
2440 454 2603 498 totum
2650 460 2835 511 corpus
2881 454 3298 515 coagmentatum

21 558 133 626 γὰρ
174 553 407 625 Κύριος
460 551 614 622 ἡμῶν
677 549 883 620 Ἰησοῦς
934 549 1167 619 Χριστὸς
1205 546 1393 600 ἑαυτὸν
1431 544 1632 609 ἔδειξεν

21 648 206 708 ὅπως
252 644 345 697 ὣν
404 644 530 706 Υἱὸς
568 643 625 694 ἐν
654 641 899 711 ἀληθείᾳ.
931 638 1204 703 Μοντανδς
1231 638 1287 692 δὲ
1322 636 1512 690 ἑαυτὸν
1540 635 1634 689 καὶ

23 737 271 807 Πατέρα
299 737 482 803 λέγει.

96 999 209 1052 lB’.
248 998 394 1061 Πῶς
447 999 645 1061 τοίνυν,
674 992 720 1051 ὦ
765 997 993 1070 Φρύγες,
1035 1000 1166 1069 ἡμῖν
1217 997 1376 1051 πάλιν
1433 1000 1634 1051 ἐπανα-

29 1093 278 1154 στάντες
321 1092 594 1162 πολέμιοι,
634 1092 728 1143 καὶ
765 1090 1180 1161 μεμορφωμένοι
1219 1093 1297 1153 εἰς
1322 1090 1637 1161 Χριστιανι-

29 1184 131 1254 κὴν
151 1184 490 1254 ἐπίκλησιν,
516 1181 803 1252 βαρϐάρων
816 1182 872 1234 δὲ
890 1183 1290 1254 ἐπανῃρημένοι
1312 1185 1513 1253 μάχην,
1542 1184 1636 1237 καὶ

27 1277 139 1327 τῶν
157 1274 393 1346 Τρώων
421 1275 513 1327 καὶ
534 1274 759 1344 Φρυγῶν
789 1275 1111 1346 μιμούμενοι
1135 1275 1195 1327 τὸ
1222 1276 1497 1345 πολέμιον,
1523 1274 1639 1338 πῶς

34 1368 379 1437 πεισθῶμεν
438 1368 585 1435 ὑμῖν,
616 1368 831 1436 λέγουσι
870 1366 957 1419 διὰ
996 1367 1311 1439 χαρίσματα
1343 1367 1639 1435 ἀφεστάναι

32 1463 131 1530 τῆς
169 1460 550 1530 Ἐκκλησίας;
585 1460 780 1512 Ούκέτι
812 1458 920 1530 γὰρ
950 1460 1262 1529 χαρίσματα
1288 1458 1370 1529 εἴη
1405 1459 1470 1511 τὰ
1497 1460 1642 1514 ἀλλό-

34 1568 164 1619 τρια
201 1550 581 1619 χαρισμάτων
609 1551 754 1607 ὄντα,
783 1550 875 1602 καὶ
909 1550 1057 1619 παρᾶ
1086 1550 1175 1601 τὸν
1208 1548 1528 1619 χαρακτῆρα
1551 1549 1641 1601 τὸν

38 1642 145 1695 ὑπὸ
164 1643 398 1713 Κυρίου
428 1641 850 1712 ὑπισχνούμενα,
881 1641 956 1703 ὼς
978 1644 1024 1693 οἱ
1047 1640 1167 1693 καθ’
1204 1642 1344 1711 ὑμᾶς
1374 1642 1644 1711 προφῆται

40 1734 336 1800 λέγουσιν.
397 1732 687 1799 Είσάγεται
718 1734 733 1763 ¹
783 1735 913 1802 ἡμῖν
946 1731 1106 1785 πάλιν
1142 1732 1236 1786 καὶ
1266 1730 1606 1801 Μαξιμίλλαν
1626 1750 1641 1762 ο

1734 543 1941 603 crescit,
1991 547 2047 592 ut
2092 537 2373 606 Scriptura
2424 536 2664 605 loquitur
2697 535 2735 588 ⁸.
2774 534 2985 605 Quippe
3034 534 3298 589 Dominus

1735 642 1921 686 noster
1957 629 2117 685 Jesus
2159 630 2412 684 Christus
2460 627 2531 681 ita
2579 627 2933 698 semetipsum
2984 626 3299 692 declaravit,

1736 733 1921 772 revera
1967 725 2025 770 ut
2056 732 2371 787 germanum
2415 731 2537 770 esse
2588 716 2832 773 Parentis
2873 714 3069 771 Filium
3114 728 3303 773 osten-

1734 811 1905 866 deret.
1964 810 2253 865 Montanus
2273 819 2487 877 contra,
2522 810 2603 866 vel
2632 807 2920 866 Parentem
2952 827 3010 864 se
3038 826 3161 866 esse
3187 813 3305 883 glo--

1734 904 1928 957 riatur.

1806 994 1919 1048 XII.
1959 994 2089 1061 Qua:
2118 1010 2241 1049 cum
2270 995 2342 1048 ita
2368 996 2497 1059 sint,
2530 1011 2639 1065 quo
2669 995 2883 1049 tandem
2917 1005 3094 1065 pacto,
3133 994 3305 1067 Phry-

1738 1103 1851 1157 ges,
1880 1087 1970 1156 qui
1992 1096 2180 1141 contra
2214 1102 2315 1141 nos
2351 1087 2473 1141 novi
2502 1086 2696 1141 iterum
2726 1084 2910 1143 hostes
2950 1090 3301 1158 consurgitis,

1738 1189 1790 1234 et.
1822 1188 2047 1234 externa
2076 1179 2311 1250 quadam
2350 1180 2532 1253 specie
2580 1181 2951 1237 Christianum
2999 1182 3065 1235 ad
3108 1200 3305 1238 nomen

1740 1270 2114 1341 usurpandum
2155 1272 2418 1335 illuditis;
2462 1287 2527 1327 ac
2556 1274 2918 1343 Trojanorum
2952 1284 2998 1329 et
3033 1274 3305 1345 Phrygum

1742 1363 1937 1418 hostile
1972 1365 2021 1417 ir.
2067 1379 2167 1417 nos
2198 1364 2382 1417 odium
2421 1365 2742 1419 imitamini:
2774 1368 2866 1435 qui
2905 1383 3023 1425 nos,
3061 1366 3304 1433 inquam,

1743 1454 1942 1507 habere
1999 1454 2155 1508 [idem
2210 1455 2364 1508 vobis
2425 1469 2737 1524 possumus,
2774 1472 2897 1508 cum
2948 1456 3018 1509 ob
3067 1457 3307 1510 caelestia

1742 1540 1882 1593 dona
1901 1556 1998 1595 vos
2024 1541 2091 1595 ab
2122 1541 2363 1595 Ecclesia
2390 1540 2713 1596 discessisse
2738 1542 2960 1611 jactatis
2978 1544 2999 1596 ?
3018 1543 3133 1597 Non
3162 1546 3305 1599 enim

1743 1633 1987 1687 caalestia
2021 1649 2143 1709 esse
2172 1635 2313 1687 dona
2349 1644 2597 1704 possunt,
2627 1651 2747 1704 qua:
2773 1646 3055 1707 tantopere
3087 1646 3213 1691 sunt
3241 1639 3309 1691 ab

1744 1724 2012 1795 ejusmodi
2043 1726 2203 1780 donis
2230 1725 2440 1791 aliena;
2470 1741 2699 1796 qureque
2725 1736 2919 1797 praeter
2942 1729 3246 1782 institutam
3278 1746 3309 1782 :t

41 1827 134 1879 καὶ
160 1826 287 1897 γὰρ
324 1827 421 1879 καὶ
445 1825 511 1877 τά
531 1825 769 1893 ὀνόματα
794 1823 948 1893 ἡμῶν
968 1822 1332 1893 διηλλαγμένα
1362 1825 1453 1875 καὶ
1484 1822 1641 1890 (9062-

1745 1816 1972 1871 Domino
1994 1818 2317 1879 forntam,ac
2338 1819 2602 1873 rationem
2624 1820 2933 1883 ostenditis,
2955 1822 3311 1889 Quemadmo-

48 1916 301 1986 ρώτατα,
334 1918 429 1969 καὶ
452 1915 573 1968 οὔτε
599 1915 866 1984 προσηνές
887 1931 937 1965 τι
968 1916 1059 1967 καὶ
1082 1914 1414 1981 γλυκύτατον
1436 1913 1645 1983 ἔχοντα,

1746 1908 1874 1962 dum
1908 1909 2181 1978 propheta:
2217 1909 2381 1964 vestri
2412 1909 2757 1981 proﬁtentur.
2818 1909 2923 1966 Sed
2960 1912 3310 1966 Maximinum

44 2008 183 2060 ἀλλὰ
202 2008 416 2079 ἄγριον
450 2008 541 2060 καὶ
565 2006 915 2077 βαρϐαρικόν.
948 2005 1122 2068 Εὐθὺς
1151 2006 1259 2076 γὰρ
1296 2006 1431 2076 αῦτη
1461 2007 1493 2077 ἠ
1532 2006 1647 2058 Μα-

1745 2004 1932 2058 nescio
1965 2018 2127 2073 quam
2157 2004 2314 2059 nobis
2352 2004 2642 2059 obtruditis
2685 2006 2924 2075 :qttippe
2963 2006 3044 2059 vel
3070 2008 3185 2075 ipsa
3224 2023 3315 2059 no-

48 2099 280 2170 ξιμίλλα
303 2102 343 2170 ἡ
379 2098 528 2169 παρά
554 2101 664 2161 τοῖς
686 2096 941 2160 τοιούτοις
967 2096 1107 2150 κατὰ
1142 2096 1358 2168 Φρύγας
1380 2096 1518 2149 οὕτω
1551 2114 1647 2149 κα-

1746 2094 1894 2147 mina
1934 2102 2114 2149 vestra
2166 2111 2195 2148 a
2230 2097 2508 2150 communi
2553 2112 2654 2151 usu
2703 2105 2910 2151 remota
2964 2107 3110 2161 sunt,
3144 2106 3197 2151 et
3244 2098 3312 2151 ad

47 2192 374 2262 λουμένοις,
422 2191 709 2254 ἀκούσατε,
750 2184 794 2242 ὦ
844 2190 1032 2253 παῖδες
1070 2188 1329 2259 Χριστοῦ,
1369 2189 1420 2241 τί
1458 2187 1643 2255 λέγει’

1747 2194 2007 2241 terrorem
2060 2186 2394 2257 composita;
2450 2205 2623 2258 neque
2681 2192 2809 2245 mite
2856 2190 3152 2261 quidquam
3206 2190 3314 2245 illis

62 2283 251 2351 Ἐ’μοῦ
303 2282 394 2352 μὴ
452 2283 770 2348 ἀκούσητε,
809 2282 970 2335 ἀλλὰ
1026 2280 1281 2348 Χριστοῦ
1325 2281 1644 2335 ἀκούσατε.

1748 2278 1907 2344 inest,
1936 2288 2029 2331 aut
2071 2278 2420 2347 jucundum:
2458 2283 2550 2337 sed
2614 2283 2928 2344 barbarum,
2973 2292 3025 2336 et
3077 2293 3311 2354 agreste.

1748 2369 1872 2424 Haec
1916 2371 2080 2439 igitur
2128 2369 2443 2435 Maximilla,
2484 2389 2645 2442 quant
2695 2372 2933 2445 Phryges
2986 2376 3074 2429 isti
3121 2375 3315 2445 prmdi-

1749 2469 1895 2527 cant,
1920 2462 2123 2523 audite,
2154 2462 2355 2516 Christi
2394 2463 2510 2524 ﬁlii,
2539 2465 2997 2534 quemadmodum
3031 2468 3270 2536 laquitur
3298 2486 3313 2522 :

1750 2551 1837 2607 Me
1869 2554 2076 2623 quidem
2104 2570 2206 2607 non
2236 2554 2435 2617 audite,
2464 2555 2554 2610 sed
2581 2554 2850 2610 Christum
2883 2556 3078 2610 audite.
3106 2556 3315 2623 Quibus

1751 2645 1949 2710 verbis,
1978 2644 2102 2699 licet
2142 2644 2361 2700 Christo
2390 2646 2649 2701 honorem
2684 2648 2883 2702 habere
2928 2648 3193 2709 videatur,
3221 2649 3317 2703 iis-

1750 2734 1871 2790 dem
1895 2744 2076 2790 tamen
2102 2735 2233 2805 ipsis
2261 2751 2501 2791 errorem
2530 2752 2687 2791 suum
2714 2737 3074 2792 demonstrat.
3108 2736 3242 2791 Nam
3268 2739 3315 2792 si

1750 2825 1951 2881 Christi
1991 2825 2149 2894 foret,
2177 2826 2421 2881 eamdem
2453 2828 2507 2881 itt
2539 2828 2810 2899 loquendo
2845 2829 3127 2884 formulam
3158 2830 3316 2884 adhi-

54 2376 163 2428 Καὶ
200 2378 265 2428 ὲν
315 2370 397 2437 οἷς
450 2373 594 2440 εδοξε
653 2374 885 2445 Χριστὸν
925 2371 1165 2439 δοξάζειν
1194 2372 1554 2441 πεπλάνηται,
1584 2372 1647 2424 Ei

51 2467 159 2537 γάρ
187 2462 265 2536 ἦν
287 2464 389 2518 τοῦ
410 2464 665 2535 Χριστοῦ,
694 2465 876 2531 ἔλεγεν
896 2463 961 2517 ἂν
988 2462 1129 2516 κατά
1148 2463 1275 2525 τοὺς
1300 2462 1487 2531 ἁγίους
1514 2462 1649 2515 ἀπο-

58 2560 315 2623 στόλους,
363 2558 437 2621 ὡς
478 2558 706 2620 ἕκαστος
742 2555 929 2624 λέγει·
964 2556 1166 2627 Πέτρος
1204 2556 1299 2626 μὲν
1329 2554 1541 2626 πρῶτος
1565 2554 1652 2605 λέ-

56 2667 167 2715 γων
186 2689 203 2711 ,
238 2649 333 2701 ὅτι
358 2647 557 2717 Ἡμεῖς
586 2650 720 2716 παρ’
745 2646 930 2701 αὑτοῦ
958 2647 1307 2715 ἠκούσαμεν
1328 2662 1341 2677 ’
1364 2647 1458 2699 καὶ
1485 2645 1649 2699 αὐτοῦ

59 2743 148 2796 τοῦ
220 2743 441 2814 Κυρίου
490 2742 777 2809 λέγοντοςο
857 2741 919 2793 '0
974 2739 1139 2809 ὑμῶν
1193 2742 1447 2803 ἁκούων,
1505 2740 1651 2811 ἐμοῦ

60 2834 272 2887 ἀκούει
306 2849 321 2863 ο
354 2832 449 2886 καὶ
488 2830 583 2884 τοῦ
617 2829 831 2884 Παύλου
882 2830 1129 2899 λέγοντος
1150 2848 1163 2861 ·
1222 2830 1481 2898 Μιμηταί
1531 2847 1651 2899 μου

63 2926 341 2989 γίνεσθε,
400 2924 594 2988 καθὼς
623 2922 782 2991 κάγὼ
810 2922 1087 2992 Χριστοῦ.
1130 2921 1277 2993 Αῦτη
1314 2923 1371 2976 δὲ
1399 2922 1647 2994 ἀληθεύει

1752 2917 1925 2985 heret,
1981 2934 2089 2990 qua
2136 2920 2367 2990 apostoli
2426 2935 2615 2975 omnes
2667 2920 2982 2992 singillatim
3028 2923 3112 2977 usi
3169 2934 3315 2979 sunt.

63 3017 403 3087 ψευδομένη,
459 3016 549 3068 καὶ
610 3015 682 3087 μὴ
711 3013 1028 3085 βουλομένη.
1054 3014 1249 3078 Καλῶς
1273 3014 1329 3068 δὲ
1365 3015 1513 3083 λέγει
1549 3015 1647 3085 φά-

1753 3009 2008 3082 Inprimis
2041 3009 2274 3067 Petrus:
2320 3009 2459 3074 Nos,
2489 3012 2684 3083 inquit,
2713 3016 2778 3066 ab
2818 3013 2912 3093 illo
2946 3014 3242 3070 audivimus
3271 3017 3314 3069 ⁸.

70 3126 305 3173 ςκουσα,
334 3108 494 3162 ἀλλὰ
533 3108 809 3177 Χριστοῦ.
845 3106 1111 3170 Πολλάκις
1137 3106 1244 3179 γὰρ
1269 3108 1337 3160 τὰ
1368 3106 1647 3179 ἀκάθαρτα

1756 3104 1862 3161 Sed
1892 3113 1946 3161 et
1974 3104 2235 3161 Dominus
2281 3105 2398 3177 ipse
2424 3104 2605 3163 dixit:
2641 3106 2744 3173 Qui
2788 3123 2875 3171 vos
2909 3107 3080 3173 audit,
3120 3125 3199 3162 me
3222 3126 3322 3161 au-

69 3198 366 3268 πνεύματα
417 3197 783 3266 ἀναγκάζεται
833 3198 1000 3251 ἑαυτὰ
1040 3198 1342 3270 καθαιρεῖν,
1393 3198 1493 3251 οὐκ
1529 3198 1647 3252 ὄντα

1756 3196 1835 3250 dit
1863 3198 1905 3251 ⁸.
1949 3197 2150 3254 Paulus
2177 3200 2302 3254 item
2329 3217 2344 3255 :
2373 3198 2676 3255 Imitatores
2718 3201 2817 3255 mei
2866 3210 3047 3267 estote,
3091 3201 3227 3255 sicut
3270 3211 3320 3255 et

79 3291 166 3359 τῆς
214 3289 502 3361 ἀληθείας,
554 3291 647 3343 καὶ
698 3289 1015 3359 ὑποφαίνειν
1066 3289 1157 3342 τὸν
1208 3290 1412 3360 Κύριον
1450 3289 1647 3352 αὐτῶν,

1756 3305 1848 3359 ego
1882 3288 2083 3344 Christi
2113 3290 2152 3344 ‘.
2201 3290 2272 3345 At
2318 3291 2410 3347 illa
2445 3292 2754 3349 mentiendo
2784 3292 2867 3348 vel
2916 3293 3086 3348 invita
3132 3309 3320 3349 verum

75 3379 323 3445 θέλοντα,
355 3382 449 3433 καὶ
480 3381 552 3451 μὴ
583 3381 819 3445 θέλοντα,
847 3382 914 3434 δι’
940 3382 1181 3451 ἀνάγκην
1199 3398 1211 3411 ·
1241 3380 1315 3444 ὡς
1340 3382 1372 3451 ἡ
1395 3381 1647 3452 παιδίσκη

1758 3379 1931 3433 dicit:
1972 3378 2138 3452 414
2181 3390 2437 3453 recteque
2474 3383 2622 3439 istud
2664 3383 2870 3453 adjicit,
2909 3384 3000 3439 sed
3030 3383 3318 3441 Christum.

74 3474 108 3541 ἡ
136 3471 341 3543 ἔχουσα
371 3474 588 3543 πνεῦμα
620 3473 871 3538 Πύθωνος
903 3474 1084 3542 ἔλεγεν
1107 3490 1123 3505 ·
1152 3469 1325 3530 Οὗτοι
1347 3478 1400 3527 οι
1435 3474 1647 3542 ἅνθρω-

1763 3468 1915 3539 Saiepe
1962 3471 2104 3525 enim
2157 3471 2357 3541 impuri
2406 3474 2631 3545 spiritus
2676 3477 2997 3547 semetipsos
3052 3486 3324 3548 coguntur

77 3578 173 3615 ποι
222 3564 333 3618 τοῦ
364 3566 511 3617 Θεοῦ
561 3565 764 3618 δοῦλοι
791 3566 895 3619 τοῦ
966 3566 1233 3633 ὑψίστου
1260 3567 1408 3619 εἰσί·
1440 3565 1534 3619 καὶ
1572 3567 1647 3627 τὸ1

1759 3570 2026 3627 evertere,
2053 3576 2175 3616 cum
2207 3578 2235 3616 a
2267 3565 2491 3620 veritate
2535 3567 2881 3633 abhorreant,
2925 3584 2989 3623 ac
3036 3568 3321 3625 Dominum

81 3655 146 3708 Τι’
177 3656 369 3724 ἦλθες
398 3658 509 3724 πρό
556 3659 759 3726 καιροῦ
803 3659 1140 3722 βασανίσαι
1159 3658 1314 3728 ἡμᾶς
1336 3676 1356 3724 ;
1404 3659 1647 3729 Οἴδαμέν

1763 3671 1946 3720 suum,
1980 3656 2150 3711 velint
2179 3658 2373 3720 nolint,
2411 3662 2723 3715 necessario
2778 3662 3072 3717 declarant.
3121 3661 3317 3729 Quem-

80 3763 151 3799 σε
178 3750 275 3815 τίς
306 3746 382 3813 εἴ,
411 3752 443 3802 ὁ
472 3749 660 3818 ’Ἄγιος
686 3750 791 3804 τοῦ
820 3750 967 3804 Θεοῦ
989 3770 1001 3783 ·
1029 3751 1102 3815 ὼς
1130 3751 1222 3805 καὶ
1251 3752 1386 3823 αῦτη
1421 3753 1647 3822 ἀναγκα-

1763 3748 2051 3803 admodum
2109 3749 2284 3816 puella
2345 3750 2433 3803 illa
2500 3750 2797 3821 Pythonico
2848 3752 3044 3822 spiritu
3100 3752 3324 3823 praedita

78 3837 283 3909 ζομένη
311 3839 500 3906 ἔλεγεν
524 3841 691 3910 αὐτῆς
723 3842 796 3912 μὴ
831 3841 1068 3907 ἀκούειν,
1096 3841 1232 3895 ἀλλὰ
1258 3841 1514 3914 Χριστοῦ.

1763 3840 2073 3894 clamabat:
2102 3840 2355 3894 Homines
2398 3840 2489 3892 isti
2526 3838 2620 3894 Dei
2664 3841 2916 3896 altissimi
2948 3845 3081 3898 servi
3111 3853 3234 3899 sunt
3279 3844 3322 3897 '.

85 3926 202 3993 Quo
254 3941 309 3987 et
361 3932 493 3986 illud
532 3934 766 4001 pertinet
811 3951 823 3986 :
862 3932 970 3986 Cur
1021 3934 1202 3987 venisti
1254 3943 1374 3987 ante
1431 3944 1626 4000 tempus
1680 3940 1917 4000 torquere
1961 3931 2101 3984 nos?
2137 3927 2392 3983 Nouimus
2435 3928 2525 3998 qui
2572 3930 2645 3983 sis
2686 3944 2705 3983 :
2757 3929 2987 3986 Sanctus
3035 3932 3132 3987 Dei
3159 3935 3199 3985 '.
3250 3932 3325 3987 Ita

87 4022 381 4078 Diaximilla
436 4024 486 4075 vi
532 4023 765 4090 quadam
821 4024 1051 4091 impulsa
1101 4023 1275 4076 audiri
1326 4038 1383 4077 se
1438 4021 1657 4075 minime
1684 4019 1820 4084 vult,
1857 4019 1951 4073 sed
1978 4020 2276 4073 Christum.

157 4115 280 4176 Πῶς
302 4109 398 4166 οῦν
427 4113 582 4166 τοῦτο
617 4115 665 4164 οἱ
691 4114 816 4185 παρ’
842 4113 1009 4177 αὐτῆς
1048 4113 1361 4182 ἀκηκοότες,
1399 4113 1490 4165 καὶ
1521 4112 1647 4181 αὐτῇ

1834 4107 1937 4173 Qui
1986 4109 2148 4179 igitur
2183 4109 2285 4162 hoc
2314 4108 2382 4162 ab
2428 4108 2517 4162 illa
2552 4110 2845 4175 audierint,
2880 4112 3037 4182 eique
3082 4114 3328 4170 credide-

91 4202 534 4264 ττεπιστευκότες,
573 4201 845 4270 βούλονται
868 4202 1035 4273 αὐτῆς
1064 4202 1302 4265 ἀκούειν,
1332 4203 1459 4271 παρ’
1493 4201 1647 4270 αὐτῆς

1766 4198 1898 4261 rint,
1947 4213 2047 4251 cur
2093 4214 2211 4251 eam
2260 4198 2467 4254 diutius
2519 4200 2767 4265 audiunt,
2804 4216 2926 4255 cum
2968 4218 3076 4256 non
3127 4204 3323 4272 ipsam,

92 4296 356 4365 μαθόντες
392 4294 465 4366 μὴ
500 4295 667 4365 αὐτῆς
702 4294 939 4356 ἀκούειν,
983 4294 1118 4347 ἀλλά
1155 4295 1356 4365 Κυρίου
1380 4311 1392 4358 ;
1418 4293 1525 4346 Καὶ
1554 4294 1647 4364 γὰρ

1770 4289 1863 4345 sed
1886 4290 2161 4345 Christum
2187 4289 2515 4346 audiendum
2543 4293 2612 4346 ab
2637 4293 2838 4348 illamet
2862 4295 2977 4364 ipsa
3002 4293 3332 4350 didicerint?

90 4386 304 4456 ἀληθῶς
334 4386 549 4453 ἐπίγεια
573 4384 945 4454 φθεγγομένης
971 4386 1159 4455 αὐτῆς,
1196 4387 1244 4437 εί
1267 4385 1446 4457 παρῆν
1481 4384 1647 4446 αὐτοῖς

1770 4382 1833 4436 Et
1865 4398 1994 4437 vero
2038 4399 2159 4438 cum
2200 4383 2417 4439 nonnisi
2469 4393 2683 4439 terrena
2723 4386 2969 4454 quaedam
3001 4387 3231 4449 ell'utiat,
3281 4388 3333 4443 si

96 4479 329 4545 σύνεσις,
357 4480 456 4531 οὐκ
485 4479 589 4531 ἔδει
634 4480 803 4549 αὐτὴν
836 4478 1144 4534 ἀκούεσθαι.
1176 4480 1283 4533 Καὶ
1309 4480 1384 4549 μὴ
1413 4478 1558 4548 λέγε,
1582 4479 1640 4531 ὅτ

1768 4474 1912 4531 ullus
1943 4475 1996 4529 itt
2022 4473 2103 4530 eis
2126 4489 2322 4531 sensus
2351 4478 2575 4539 inesset,
2600 4477 2786 4531 audire
2812 4478 2957 4531 illam
2989 4494 3331 4549 nequaquam

95 4570 513 4642 παρηκολούθει.
534 4570 606 4622 Ού
625 4570 731 4640 γάρ
755 4570 1279 4637 παρακολουθοῦντός
1301 4571 1416 4623 ἐστι
1442 4570 1502 4622 τὸ
1520 4570 1637 4624 διδά

1766 4574 2062 4638 oporteret.
2110 4566 2219 4623 Nec
2249 4577 2334 4623 est
2362 4567 2505 4638 quod
2544 4568 2773 4638 objicias
2823 4570 2961 4624 hanc
3004 4571 3335 4626 intellexisse

99 4680 263 4727 σκειν,
290 4663 385 4715 καὶ
413 4662 601 4714 ἑαυτὸν
622 4663 965 4733 ἀνατρέπειν.
1002 4663 1064 4715 Ei
1090 4662 1196 4731 γὰρ
1221 4661 1355 4724 ὅλως
1388 4661 1647 4731 λέγει,Μὶ

1768 4658 1899 4729 quid
1957 4658 2183 4712 diceret.
2218 4657 2339 4711 Non
2374 4659 2518 4712 enim
2578 4658 2927 4729 intelligentis
2979 4676 3099 4715 esse
3157 4671 3338 4731 potest

96 4755 344 4810 ἀκούετέ
363 4772 504 4825 μου,
538 4756 687 4807 ποῖον
711 4750 777 4825 ῆν
797 4754 855 4806 τὸ
884 4753 1105 4825 Πνεῦμα
1124 4754 1184 4806 τὸ
1200 4752 1392 4806 λαλοῦν
1417 4756 1474 4806 ὲν
1493 4754 1628 4823 αὐτῇ

1768 4758 1957 4807 contra
2010 4765 2069 4806 se
2112 4755 2307 4805 docere
2364 4751 2590 4822 aliquid,
2646 4766 2711 4806 ac
2746 4753 2849 4807 sibi
2898 4752 2999 4822 ipsi
3053 4753 3333 4823 refragari.

99 4848 156 4900 Et
190 4849 331 4919 αὐτὴ
370 4847 575 4913 ἔλεγεν,
620 4846 653 4917 ἢ
691 4848 709 4875 ²
741 4845 1044 4916 ἄνθρωπος,
1071 4846 1177 4918 ἄρα
1200 4846 1299 4898 ούκ
1328 4840 1394 4917 ἦν
1416 4847 1473 4898 ὲν
1501 4844 1647 4897 Πνεύη

1768 4842 1903 4899 Nam
1934 4844 1981 4900 si
2012 4845 2237 4899 omnino
2265 4845 2339 4898 ita
2369 4845 2614 4915 loquitur
2646 4865 2660 4900 :
2696 4844 2779 4900 Ne
2812 4862 2891 4899 me
2917 4847 3173 4913 auditote,
3202 4862 3338 4916 qua-

102 4958 225 5009 ματι
246 4940 412 5009 ἀγίῳ.
454 4939 517 4991 Ἡ
536 4938 645 5008 γὰρ
672 4937 925 5006 λέγουσα,
956 4938 1051 5005 Μὴ
1066 4937 1316 4995 ἀκούετέ
1338 4955 1478 5006 μου,
1512 4935 1647 5006 δῆλοπ

1774 4938 1973 4993 Iisnam
2032 4938 2121 4993 hic
2169 4940 2262 5010 qui
2318 4940 2372 4994 in
2418 4955 2480 4997 ea
2541 4927 2863 5010 loquebatur
2921 4941 3145 5011 spiritus
3196 4940 3339 4995 iuit?

100 5032 154 5084 τὸ
183 5031 525 5104 ἀνθρώπινον
564 5030 737 5099 ἔλεγε,
767 5030 859 5082 καὶ
890 5030 989 5082 ούκ
1017 5025 1083 5099 ἦν
1126 5031 1181 5081 ὲν
1206 5027 1481 5098 Πνεύματι
1505 5028 1644 5097 ἁγίῳ

1777 5029 1930 5096 Quod
1965 5031 2009 5084 si
2045 5047 2140 5101 per
2170 5047 2291 5087 sese
2314 5032 2431 5103 ipsa
2460 5041 2733 5102 quatenus
2760 5031 2925 5085 homo
2946 5040 3082 5094 erat,
3110 5032 3183 5087 ita
3216 5049 3339 5102 pro-

111 5126 169 5178 'II
196 5128 249 5179 δὲ
271 5126 348 5197 μὴ
370 5121 503 5178 οὖσα
529 5125 585 5177 ὲν
604 5122 878 5193 Πνεύματι
912 5121 1049 5192 άγίῳ
1074 5120 1300 5183 ἄνωθεν,
1326 5116 1458 5173 οὖσα
1490 5120 1545 5172 δὲ
1571 5120 1647 5172 τοί

1776 5122 2071 5185 nuntiavit,
2106 5138 2216 5177 non
2248 5122 2416 5193 igitur
2446 5121 2687 5191 Spiritus
2710 5137 2829 5176 eam
2860 5132 3084 5176 sanctus
3122 5124 3339 5177 amave-

102 5221 443 5293 ἀνθρωπίνου
493 5219 857 5293 φρονήματος,
906 5216 1056 5269 οὐδὲν
1094 5213 1376 5282 ἐγίνωσκε.
1426 5213 1536 5266 Καὶ
1568 5213 1647 5265 ού)

1776 5224 1880 5271 rat.
1924 5216 2056 5282 Quae
2080 5218 2225 5271 enim
2248 5216 2426 5270 audiri
2459 5230 2519 5271 se
2552 5214 2824 5285 prohibet.
2856 5214 3151 5267 humanum
3181 5213 3333 5281 quid-

105 5310 164 5383 ἦν
196 5318 304 5387 ἄρα
338 5313 561 5383 Πνεῦμα
608 5311 784 5379 ἅγιον,
835 5310 970 5363 ἀλλὰ
1004 5306 1335 5379 ἀνθρωπίνῳ
1367 5306 1647 5377 φρονήματ

1774 5309 1900 5363 dam
1935 5308 2123 5379 procul
2185 5308 2351 5364 dubio
2399 5309 2693 5379 significat,
2732 5322 2833 5362 nec
2883 5308 3117 5375 impulsu
3168 5304 3342 5359 Sancti

105 5406 276 5460 ἐλάλει
328 5406 423 5459 καὶ
458 5402 769 5473 ἐφθέγγετο.
816 5400 878 5454 Ei
907 5401 962 5453 δὲ
1012 5397 1284 5469 Πνεύματι
1319 5396 1458 5467 ἁγίῳ
1501 5396 1647 5450 ὲλάλε

1778 5397 2018 5469 Spiritus
2073 5398 2273 5469 agitur.
2334 5398 2499 5452 Porro
2558 5414 2679 5470 qua:
2724 5399 2944 5454 coalitus
2994 5398 3191 5451 hausto
3254 5396 3345 5449 illo

107 5503 190 5555 καὶ
231 5500 591 5571 προεφήτευε,
634 5498 785 5548 ποῖον
818 5494 926 5565 ἄρα
952 5489 1020 5565 ἦν
1055 5492 1116 5545 τὸ
1161 5489 1383 5561 Πνεῦμα
1412 5489 1471 5543 τὸ
1501 5488 1647 5558 ἅγιον

1780 5487 1989 5561 Spiritu
2037 5491 2263 5546 minime
2310 5486 2638 5555 ducebatur,
2674 5491 2770 5546 sed
2806 5491 3042 5544 humana
3080 5490 3340 5542 duntaxat

178 5678 191 5706 ⁸
224 5675 283 5730 F.
321 5675 590 5745 είσάγετε.
668 5674 688 5703 ¹
958 5672 979 5703 ³
1007 5672 1221 5728 Coloss.
1263 5688 1321 5737 tt,
1367 5669 1448 5727 l9.
1526 5673 1548 5703 ⁸
1577 5670 1647 5726 Ac

1745 5684 1816 5737 Iv,
1857 5670 1948 5725 20.
2026 5670 2047 5701 ⁸
2080 5668 2212 5725 an.
2253 5687 2304 5735 ι,
2340 5671 2428 5724 l6.
2508 5671 2528 5700 ⁸
2562 5668 2581 5721 l
2619 5670 2746 5730 ,Cor.
2780 5683 2857 5731 ιι,
2892 5667 2942 5723 l.
3022 5666 3042 5696 ’
3074 5665 3201 5716 Act.
3234 5678 3345 5725 svi,

116 5750 192 5799 to.
284 5748 307 5777 ⁸
333 5744 525 5797 Matth.
552 5758 672 5808 vnt,
702 5743 785 5799 29.

305 5843 578 5904 Ρηιιυι..
621 5840 733 5900 Gtt.
781 5838 831 5901 Χ
848 5839 943 5901 LI.

2962 5824 3041 5886 28
