3750 6200
58 287 150 346 877

632 277 1000 335 ADVERSUS
1036 275 1381 332 HERESES
1420 274 1551 335 LIB.
1594 273 1659 327 ll.
1702 271 1868 329 TOM.
1908 274 1924 327 I
1965 305 2035 314 —
2075 269 2353 329 IUERES.
2396 273 2623 329 XLVIII.

3154 271 3258 329 878

56 416 152 455 σεν.
199 393 396 447 Αὐτίκα
439 394 500 446 οὔ
552 394 751 458 πάντες
788 396 838 447 οξ
888 396 946 447 ἐν
971 393 1051 463 τῷ
1086 396 1274 464 κόσμῳ
1299 392 1492 453 οἴδασι,
1541 390 1593 443 τί

1765 389 1815 455 ei,
1847 404 2011 458 quam
2035 404 2143 443 non
2190 388 2443 446 habebat.
2479 388 2842 458 cognitionem
2873 387 3090 443 edocuit
3111 387 3144 448 ξ’
3170 403 3261 442 ne—

55 495 182 545 ἐστιν
215 486 379 556 ὄνομα
440 485 805 556 Μαξιμίλλης,
836 487 955 539 οὐδὲ
980 487 1089 539 τῶν
1126 486 1294 556 αὐτῆς
1338 484 1509 553 λόγων
1530 483 1592 535 τὸ

54 577 420 652 παράφθεγμα.
482 578 609 630 Καὶν
644 577 786 629 κατὰ
817 577 995 630 πάντα
1045 578 1247 649 τρόπον
1284 576 1529 629 διέπεσεν
1556 576 1593 644 ἡ

51 673 232 727 τούτων
263 669 650 741 πεπλανημένη
678 670 1025 736 ὲπίνοια,οὐκ
1051 666 1189 724 οὖσα
1221 672 1318 741 τῆς
1347 667 1442 723 τοῦ
1456 666 1594 721 Θεοῦ

53 761 303 836 ἀληθείας.

113 940 202 992 1Δ’.
227 936 439 1007 Τιμῶστ
472 937 528 990 δὲ
583 937 633 990 oi
675 937 903 992 τοιοῦτοι
934 940 1029 993 καὶ
1053 938 1214 993 τόπον
1241 937 1363 992 τινὰ
1392 937 1598 1010 ἔρημον

54 1038 104 1089 ὲν
128 1036 182 1103 τῇ
204 1032 429 1102 Φρυγίᾳ,
464 1032 746 1097 Πέπουζάν
774 1051 902 1088 ποτε
938 1035 1277 1106 καλουμένην
1299 1034 1472 1098 πόλιν,
1501 1034 1597 1087 νῦν

51 1128 103 1180 δὲ
140 1123 521 1194 ὴδαφισμένην.
557 1126 668 1179 Καί
696 1144 858 1194 φασιν
886 1129 1062 1180 ὲκεῖσε
1101 1127 1342 1180 κατιέναι
1368 1126 1465 1197 τήν
1485 1126 1598 1181 ἄνω

62 1216 410 1289 Ἰερουσαλήμ.
444 1216 608 1271 Ὅθεν
640 1219 1002 1290 ἀπερχόμενοι
1030 1222 1302 1292 μυστήρια
1330 1238 1449 1274 τινα
1479 1224 1597 1273 ἐπι-

50 1309 271 1363 πλοῦσιν
304 1309 361 1359 ἐν
382 1307 459 1377 τῷ
482 1309 651 1379 τόπῳ,
692 1310 789 1362 καὶ
815 1310 1153 1378 ἁγιάζουσιν,
1175 1311 1248 1375 ὠς
1275 1309 1598 1381 ὑπολαμϐά-

54 1417 229 1455 νουσιν.
271 1400 428 1453 Ἔστι
466 1399 574 1472 γὰρ
607 1400 701 1453 καὶ
750 1400 811 1453 τὸ
842 1403 998 1470 γένος
1037 1404 1095 1455 ὲν
1130 1404 1194 1474 τῇ
1232 1402 1599 1473 Καππαδοκίᾳ

53 1495 135 1547 καὶ
173 1490 421 1563 Γαλατίᾳ,
466 1493 560 1545 καὶ
604 1493 664 1545 ὲν
691 1496 755 1564 τῇ
805 1495 1175 1568 προειρημένῃ
1215 1494 1601 1566 Φρυγία-ὅθεν

56 1583 190 1637 κατὰ
208 1583 438 1652 Φρύγας
458 1584 491 1653 ή
514 1583 722 1654 αἵρεσις
736 1584 1148 1648 καλεῖται-ζάλλὰ
1177 1586 1269 1639 καὶ
1290 1589 1347 1639 ἐν
1363 1584 1598 1658 Κιλικίᾳ,

54 1676 140 1729 καὶ
165 1677 221 1728 ιν
255 1676 816 1730 Κωνσταντινουπόλει
836 1676 897 1729 τὸ
922 1677 1187 1731 πλεῖστον.

112 1943 218 1995 Ἵνα
252 1939 313 1993 δὲ
367 1939 529 2011 μηδὲν
563 1934 975 2010 καταλείψωμεν
1006 1939 1087 2010 (4)
1125 1941 1231 1993 τῶν
1267 1940 1400 2012 πρὸς
1432 1940 1601 2011 ὄνομα

50 2035 266 2103 ἑκάστης
330 2034 592 2104 αἱρέσεως
640 2033 729 2100 ὑφ’
778 2032 936 2103 ἡμῶν
972 2030 1478 2103 προδεδηλωμένης,
1508 2032 1603 2084 καὶ

53 2129 163 2199 περὶ
189 2125 280 2179 τοῦ
341 2125 814 2197 Τασκοδρουγιτῶν
847 2126 1107 2195 ὀνόματος
1150 2120 1304 2187 αὖθις
1351 2124 1601 2196 ἐροῦμεν.

56 2221 193 2272 Ἔστι
235 2218 346 2289 γὰρ
374 2218 432 2271 τὸ
455 2218 624 2289 ὄνομα
650 2217 809 2270 τοῦτο
847 2216 976 2286 ἣνὲν
1004 2216 1140 2286 αὐτῇ
1170 2216 1363 2288 ταύτῃ,
1395 2216 1428 2286 ἢ
1459 2220 1515 2269 ὲν
1536 2219 1603 2287 τῇ

54 2310 179 2380 μετὰ
195 2310 399 2380 ταύτην
429 2309 538 2363 τῶν
569 2308 983 2362 Κυϊντιλλιανῶν
1004 2309 1308 2381 καλουμένῃ
1326 2324 1339 2337 ·
1381 2308 1474 2361 ἀπ’
1512 2308 1607 2360 αὑ-

51 2403 145 2457 τῶν
179 2402 284 2473 γὰρ
321 2401 524 2455 τούτων
554 2402 790 2473 ὁρμᾶται
829 2400 924 2453 καὶ
962 2400 1119 2454 τοῦτο
1152 2400 1214 2452 τὸ
1264 2401 1453 2470 ὄνομα.
1500 2400 1607 2452 Κα-

51 2496 251 2550 λοῦνται
309 2495 368 2548 δὲ
442 2493 531 2546 διὰ
592 2492 847 2562 τοιαύτην
901 2492 1080 2545 αἰτίαν
1127 2491 1606 2562 Τασκοδρουγῖται.

56 2590 252 2651 Τασκὸς
279 2588 411 2659 παρ’
451 2587 634 2649 αὐτοῖς
669 2585 941 2647 πάσσαλος
977 2584 1052 2652 (5i
1083 2582 1326 2637 καλεῖταί
1351 2601 1363 2613 ·
1397 2582 1609 2651 δροῦτ-

55 2699 148 2748 τος
173 2680 229 2732 δὲ
264 2678 499 2750 μυκτὴρ,
534 2678 707 2731 εττουν
731 2676 927 2747 ῥύγχος
952 2675 1189 2728 καλεῖται
1211 2691 1225 2705 ·
1262 2675 1357 2727 καὶ
1381 2674 1487 2726 ἀπὸ
1516 2672 1610 2726 τοῦ

54 2772 242 2825 τιθέναι
295 2771 506 2824 ἑαυτῶν
546 2770 636 2824 τὸν
663 2768 918 2822 δάκτυλον
950 2766 1042 2819 τὸν
1080 2766 1369 2836 λεγόμενον
1398 2765 1613 2835 λιχανὸν

53 2864 137 2916 ἐπὶ
169 2864 258 2918 τὸν
303 2862 559 2934 μυκτῆρα
590 2863 648 2914 ὲν
682 2859 761 2931 τῷ
801 2859 1074 2930 εὔχεσθαι,
1121 2857 1284 2929 δῆθεν
1312 2856 1614 2927 κατηφείας

58 2956 221 3025 χάριν,
242 2956 335 3008 καὶ
354 2953 870 3023 ὲθελοδικαιοσύνης,
897 2951 1202 3021 ἐκλήθησαν
1218 2948 1322 3002 ὑπό
1334 2965 1492 3001 τινων
1507 2948 1615 3000 Τα-

52 3046 698 3119 σκοδρουγῖται,τουτέστι
732 3042 1316 3112 Πασσαλορυγχῖται.
1339 3040 1426 3091 Ἐν
1442 3038 1614 3109 ταύτῃ

51 3134 103 3187 δὲ
132 3137 193 3205 τῇ
223 3134 453 3205 αἱρέσει.
478 3134 511 3203 ἢ
545 3136 600 3187 ἐν
619 3136 685 3204 τῇ
711 3132 928 3202 συζύγῳ
954 3131 1156 3202 ταύτης
1187 3130 1285 3200 τῆς
1309 3128 1417 3181 τῶν
1447 3130 1613 3182 Κυϊν-

51 3228 347 3293 τιλλιανῶν,
389 3228 564 3280 εῐτουν
605 3224 1052 3298 Πρισκιλλιανῶν,
1091 3222 1185 3275 καὶ
1233 3219 1613 3284 Πεπουζιανῶν

54 3319 373 3390 καλουμένῃ,
422 3316 591 3370 δεινόν
620 3334 671 3369 τι
704 3317 796 3368 καὶ
843 3315 1097 3383 ἀθέμιτον
1129 3312 1286 3382 ἔργον
1320 3310 1453 3379 φασὶ
1472 3308 1616 3378 γίνε-

54 3411 187 3464 σθαι.
216 3411 393 3464 Παῖδα
417 3411 525 3480 γὰρ
566 3409 757 3480 κομιδῇ
786 3410 975 3479 νήπιον
1007 3405 1147 3458 κατὰ
1177 3405 1368 3474 ἑορτήν
1396 3419 1515 3455 τινα
1548 3402 1615 3455 δι’

54 3504 165 3557 ὅλου
196 3503 291 3558 τοῦ
320 3503 571 3575 σώματος
613 3498 1050 3561 κατακεντῶντες
1071 3496 1255 3569 ραφίσι
1285 3493 1529 3563 χαλκαῖς,
1554 3493 1617 3546 τὸ

56 3589 186 3665 αἷμα
216 3593 384 3648 αὐτοῦ
436 3589 891 3663 προσπορίζονται
918 3587 1128 3648 ἑαυτοῖς
1161 3586 1239 3646 εἰς
1275 3580 1616 3651 ἐπιτήδευσιν

54 3686 201 3755 δῆθεν
230 3685 448 3748 θυσίας.
1318 3746 1322 3755 1

121 3774 213 3825 ΙΕ’.
261 3771 515 3843 Ἀρκέσει
539 3770 596 3824 δὲ
631 3772 762 3840 ἡμῖν
803 3768 839 3821 ἃ
885 3768 978 3820 καὶ
1008 3766 1135 3836 περὶ
1164 3766 1365 3839 ταύτης
1387 3768 1615 3838 εἰρήκα-

59 3881 171 3933 μεν,
211 3858 258 3917 ὦ
305 3861 650 3933 ἐπιπόθητοι.
693 3857 1163 3929 Ἐπηγγειλάμεθα
1209 3858 1313 3930 γὰρ
1348 3859 1455 3911 ἀπὸ
1487 3857 1618 3911 ἑκά-

56 3970 176 4023 στης
200 3955 304 4024 τῆς
326 3956 344 3985 ⁸
378 3955 475 4025 μὲν
497 3952 759 4024 αἱρέσεως
779 3950 852 4021 μὴ
877 3950 1159 4019 φθονῆσαι,
1183 3951 1320 4004 ἀλλὰ
1348 3952 1618 4021 ὐποφῆναι

55 4047 103 4098 sl’
132 4063 189 4098 τε
241 4046 309 4099 δι’
369 4045 558 4115 ἀκοῆς,
601 4044 637 4097 ὃ.
678 4060 734 4096 τε
765 4042 868 4096 ὑπὸ
898 4042 1206 4113 ἐγγράφων,
1250 4044 1342 4095 καὶ
1372 4044 1406 4096 ἆ
1431 4060 1486 4095 τε
1516 4041 1620 4094 ὑπό

55 4153 201 4191 τινων
232 4136 456 4209 ἀληθῶς
480 4135 904 4206 πιστωσαμένων
939 4134 1034 4203 τὴν
1057 4132 1213 4203 ἡμῶν
1247 4134 1452 4187 ἔννοιαν
1484 4151 1620 4187 κατ-

53 4225 347 4297 ειλήφαμεν
368 4243 384 4258 ο
420 4227 531 4287 ἵνα,
566 4224 729 4295 μηδέν
776 4242 831 4277 τι
864 4224 1114 4294 περιττὸν
1142 4216 1216 4276 ὧν
1247 4223 1346 4292 (τε)
1377 4224 1620 4293 ἔγνωμεν

55 4319 431 4389 ποιησάμενοι,
464 4319 567 4370 ὑπὸ
603 4316 903 4387 συνείδησιν
933 4314 1172 4385 δόξωμεν
1203 4311 1359 4378 εἶναι,
1398 4315 1469 4385 μὴ
1489 4315 1621 4385 ὀρθὰ

54 4414 141 4464 καὶ
192 4413 353 4466 αὐτοὶ
411 4411 828 4481 ὲφευρίσκοντες
879 4409 1020 4462 κατὰ
1067 4407 1366 4481 ἀνθρώπων
1407 4407 1616 4475 λέγειν,

1697 497 1803 553 que
1840 483 1948 537 vim
1995 482 2310 537 nolentibus
2340 482 2541 537 attulit.
2579 478 2700 535 Non
2747 480 2892 536 enim
2931 494 3123 538 omnes
3169 482 3261 553 qui

1695 581 1811 629 toto
1846 574 1982 629 orbe
2014 582 2162 631 sunt.
2204 571 2510 627 Maximilla:
2547 586 2745 627 nomen
2773 572 2974 635 sciunt,
3019 580 3112 626 aut
3145 573 3265 641 ejus

1696 664 1834 720 falsa
1866 665 2120 736 dogmata
2146 674 2199 719 et
2224 679 2505 721 sermones
2548 664 2857 719 audierunt.
2908 661 3000 718 Sic
3036 665 3265 718 omnino

1696 755 1927 812 conﬁcta
1986 756 2203 811 illorum
2247 757 2457 811 somnia
2519 771 2782 828 nugaeque
2843 756 3161 821 concidunt,
3206 752 3274 811 ut‘

1696 864 1816 919 quae
1844 849 1981 903 nihil
2024 849 2264 904 habeant
2302 865 2426 904 cum
2454 849 2636 904 divina
2678 850 2907 904 veritate
2949 864 3261 904 commune.

1765 940 1929 1012 516
1941 940 2080 995 XIV.
2106 941 2373 997 Caeterum
2394 942 2554 997 iidem
2583 942 2658 995 illi
2679 942 2952 998 desertum
2972 942 3261 1012 quemdam

1699 1033 1753 1087 in
1784 1032 2015 1103 Phrygia
2040 1035 2217 1088 locum
2248 1027 2518 1104 praecipue
2535 1042 2882 1099 venerantur,
2913 1036 3002 1091 ubi
3048 1034 3263 1105 Pepuza

1698 1125 1972 1194 quondam
2005 1126 2265 1196 oppidum
2300 1125 2423 1190 fuit,
2460 1127 2604 1195 quod
2648 1126 2809 1181 hodie
2839 1128 2956 1181 solo
2992 1138 3264 1197 aequatum

1698 1227 1802 1272 est.
1839 1217 1915 1272 Eo
1947 1219 2212 1288 siquidem
2246 1217 2575 1273 descendere
2604 1218 2882 1273 cmlestem
2925 1218 3267 1274 Hierusalem

1699 1307 1986 1364 allirmant.
2048 1309 2190 1380 Ergo
2242 1310 2334 1364 illo
2391 1309 2831 1379 proﬁciscuntur,
2886 1326 2951 1366 ac
3010 1312 3267 1380 mysteria

1699 1401 1945 1471 quaedam
2002 1401 2231 1464 obeunt,
2290 1403 2572 1473 sacrisque
2631 1405 2969 1459 caeremoniis
3019 1420 3117 1470 pro
3167 1416 3268 1457 sua

1701 1492 1956 1562 opinione
2002 1493 2301 1547 celebrant.
2336 1493 2433 1549 Est
2460 1495 2603 1549 enim
2652 1496 2928 1549 hominum
2962 1496 3052 1549 illa
3101 1494 3267 1549 factio

1701 1600 1798 1654 per
1840 1582 2259 1653 Cappadociam,
2298 1583 2583 1647 Galatiam,
2635 1586 3055 1657 Phrygiamque,
3101 1604 3265 1657 quam

1702 1682 1827 1729 ante
1861 1674 2430 1740 commemoravimus,
2463 1675 2739 1746 dispersa;
2775 1678 2918 1731 unde
2966 1686 3020 1732 et
3067 1694 3259 1731 εεεωιη

1705 1765 1829 1818 dum
1858 1764 2109 1835 Phrygas
2151 1773 2298 1819 secta
2351 1765 2569 1819 dicitur.
2623 1766 2726 1821 Sed
2771 1777 2823 1820 et
2868 1767 2921 1820 in
2955 1766 3165 1831 Cilicia,
3212 1772 3271 1821 et

1634 1843 1674 1897 Β
1702 1853 2172 1922 Constantinopoli
2203 1852 2642 1922 frequentissima
2672 1853 2934 1907 cernitur.

1772 1943 2057 1999 Postremo
2098 1959 2167 1999 ne
2211 1944 2339 2013 quid
2379 1944 2631 2000 omisisse
2675 1943 2978 2008 videamur,
3020 1945 3164 2015 quod
3203 1945 3271 1999 ad

1704 2036 2039 2107 singularum
2073 2036 2588 2105 comprehensarum
2627 2051 2657 2088 a
2684 2036 2841 2090 nobis
2872 2037 3147 2092 haereseon
3178 2053 3275 2107 ap-

1706 2129 2056 2200 pellationem
2104 2130 2379 2198 pertinet,
2439 2130 2507 2183 de
2561 2128 3080 2198 Tascodrugitarum
3137 2145 3273 2187 voca

1708 2218 1968 2272 nonnulla
2000 2217 2230 2272 dicenda
2256 2225 2403 2271 sunt.
2440 2216 2552 2271 Hoc
2590 2218 2733 2272 enim
2766 2232 2963 2273 nomen
2990 2220 3073 2274 vel
3105 2235 3273 2289 penes

1708 2309 1845 2362 hanc
1880 2308 2077 2378 ipsam,
2118 2308 2200 2362 vel
2234 2323 2399 2377 penes
2427 2318 2743 2377 sequentem
2791 2309 3272 2375 Quintillianorum

1710 2400 1941 2456 haeresin
2005 2398 2225 2456 resedit.
2295 2398 2536 2454 Indidem
2590 2400 2737 2454 enim
2792 2401 2894 2455 hoc
2946 2400 3271 2456 vocabulum

1709 2492 1973 2563 originem
2022 2494 2249 2562 accepit.
2300 2491 2468 2562 Igitur
2498 2490 2908 2563 Tascodrugitae
2942 2492 3145 2548 idcirco
3179 2509 3275 2549 co-

1710 2581 2007 2652 gnominati
2036 2590 2186 2642 sunt,
2224 2582 2369 2648 quod
2402 2580 2604 2643 τασκός
2626 2583 2843 2635 illorum
2873 2582 3055 2651 lingua
3098 2584 3277 2652 paxil-

1713 2670 1820 2724 lum
1835 2672 2132 2743 signiﬁcat;
2155 2671 2419 2742 δροῦγκος
2445 2687 2572 2727 vero
2611 2688 2818 2738 nasum,
2870 2673 2984 2728 sive
3019 2685 3273 2731 rostrum.

1714 2760 1867 2828 Quod
1897 2764 2064 2833 igitur
2094 2764 2236 2819 inter
2266 2764 2530 2818 orandum
2564 2764 2795 2820 indicem
2823 2778 3017 2820 manus
3046 2764 3275 2835 digitum

1714 2853 1867 2911 naso'
1900 2857 2207 2927 imponunt,
2237 2863 2296 2910 ut
2344 2856 2510 2910 animi
2548 2856 2851 2920 tristitiam,
2882 2864 2937 2912 et
2969 2855 3275 2912 aﬁ‘ectatam

1715 2947 2002 3016 quamdam
2044 2948 2389 3003 sanctitatem
2437 2961 2549 3017 prae
2591 2962 2650 3003 se
2699 2948 2896 3013 lerant,
2928 2964 2958 3003 a
2999 2950 3277 3005 nonnullis

1716 3038 1837 3093 ideo
1865 3037 2271 3110 Tascodrugitze
2302 3040 2676 3104 nominantur,
2711 3042 2869 3111 quasi
2903 3041 3279 3098 Paxillonaso-

1700 3115 1806 3185 'nes
1838 3130 2061 3186 dixeris.
2102 3130 2210 3186 Sed
2253 3132 2308 3186 in
2352 3131 2455 3187 hac
2488 3131 2752 3197 Montani,
2803 3133 2887 3189 vel
2920 3135 2975 3189 in
3010 3135 3128 3205 ejus
3154 3151 3277 3207 ger-

1717 3238 1877 3278 mana
1913 3223 2414 3289 Quintillianorum,
2451 3233 2544 3279 aut
2591 3234 2740 3281 certe
2786 3225 3275 3291 Priscillianorum,

1714 3324 1769 3372 et
1812 3314 2242 3384 Pepuzianorum
2285 3315 2475 3372 haeresi
2530 3317 2860 3372 horrendum
2916 3319 3173 3389 quiddam
3212 3334 3278 3374 ac
3359 3368 3367 3383 η

1716 3404 2095 3460 detestandum
2128 3404 2242 3459 ﬁeri
2283 3403 2501 3459 dicitur.
2537 3402 2668 3459 Nam
2702 3407 3029 3463 inlantulum
3063 3422 3159 3479 per
3186 3424 3279 3464 so-

1716 3495 1895 3550 lemne
1934 3496 2201 3566 quoddam
2240 3496 2436 3551 festum
2483 3498 2690 3552 acubus
2716 3501 2872 3554 aereis
2903 3506 3019 3555 toto
3052 3514 3280 3570 corpore

1717 3594 2042 3654 pungentes,
2070 3594 2353 3655 exceptum
2382 3586 2701 3656 sanguinem
2730 3588 3014 3645 sacriﬁciis
3037 3590 3153 3644 suis
3178 3589 3279 3643 ad-
3362 3594 3365 3597 ’
3398 3588 3407 3647 έ

1718 3675 1922 3730 bibent.

1788 3765 1905 3822 XV.
1958 3764 2062 3821 Sed
2115 3766 2179 3822 de
2234 3767 2338 3821 hac
2396 3768 2586 3822 haeresi
2641 3769 2775 3825 satis
2825 3770 3106 3839 hactenus.
3167 3770 3281 3827 Hoc

1717 3857 1864 3912 enim
1906 3856 1961 3911 in
2005 3872 2330 3926 unaquaque
2360 3858 2736 3928 suscepimus;
2772 3860 2908 3915 nihil
2960 3869 3020 3915 ut
3067 3871 3283 3932 praeter-

1720 3949 2077 4012 mitteremus,
2119 3948 2212 4002 sed
2258 3944 2489 4019 ingenue
2538 3952 3088 4017 communicaremus,
3132 3954 3279 4023 quod

1718 4039 1800 4095 vel
1819 4038 2093 4094 auditione
2109 4050 2462 4109 compertum,
2488 4042 2569 4096 vel
2598 4042 2827 4096 aliorum
2858 4043 3077 4113 scriptis
3105 4044 3285 4113 prodi-

1720 4137 1857 4192 tum,
1886 4129 1971 4184 vel
2013 4129 2420 4193 nonnullorum,
2466 4130 2558 4199 qui
2597 4130 2753 4186 iidem
2786 4132 2945 4187 nobis
2996 4130 3278 4196 fecissent,

1722 4221 2102 4277 testiﬁcatione
2150 4222 2429 4292 cognitum
2480 4222 2807 4278 haberemus
2851 4241 2863 4276 :
2913 4238 2981 4278 ne
3027 4223 3074 4279 si
3126 4226 3281 4293 plura

1722 4329 1885 4385 quam
1932 4328 2053 4383 quae
2094 4316 2426 4383 accepimus,
2473 4315 2731 4368 mandare
2770 4314 2988 4383 scriptis
3030 4315 3281 4380 velimus,

1724 4402 1777 4457 in
1808 4419 1927 4459 eam
1978 4407 2344 4476 suspicionem
2394 4407 2588 4461 merito
2632 4405 2938 4472 veniamus,
2982 4421 3147 4475 prava
3182 4422 3284 4461 nos

53 4502 181 4555 ἀλλὰ
245 4501 651 4562 ὑποπίπτοντες
693 4499 876 4562 πάθει,
922 4491 965 4565 ᾧ
996 4499 1089 4550 καὶ
1134 4497 1286 4551 αὐτοὶ
1321 4497 1596 4551 ύπέπεσαν

1765 4496 1970 4550 [laedam
2019 4505 2072 4552 et
2118 4497 2353 4552 absurda
2408 4512 2473 4551 eo
2515 4498 2848 4553 conﬁnxisse
2894 4498 3093 4561 studio,
3127 4508 3186 4553 ut
3216 4500 3285 4555 ad

52 4592 302 4661 ἀλήθειαν
336 4591 416 4663 μὴ
437 4591 701 4658 λέγοντες,
734 4588 869 4642 ἀλλὰ
894 4588 1253 4659 κηρύσσοντες
1281 4587 1315 4641 ἃ
1353 4588 1424 4658 μὴ
1454 4588 1627 4659 ἑωρά-

56 4701 226 4749 κασιν,
258 4683 387 4737 οὐδὲ
416 4680 811 4753 ήκουσαν,οὺδὲ
837 4680 990 4751 παρὰ
1016 4680 1114 4750 τῆς
1134 4679 1345 4749 ἀληθῶς
1373 4680 1624 4735 διδασκα-

55 4779 166 4843 λίας
214 4778 314 4833 τοῦ
359 4778 516 4845 ἁγίου
556 4775 869 4845 ΙΙνεύματος
898 4772 1314 4845 παρειλήφασιν.
1360 4774 1625 4844 Ἀκρισῶς

55 4871 106 4923 δὲ
137 4873 342 4929 πάντα.
360 4871 442 4932 ὡς
470 4868 624 4937 ἔφην,
647 4865 1042 4937 διεξερχόμενοι
1076 4862 1203 4934 περὶ
1226 4864 1460 4936 ἑκάστης
1476 4865 1624 4936 αἱρέ-

53 4980 199 5026 σεως,
257 4962 324 5015 τὺ
362 4963 463 5031 μὲν
505 4959 675 5012 δεινὸν
726 4954 1199 5017 ἀποκαλύπτοντες
1240 4956 1320 5018 είς
1344 4954 1625 5025 διόρθωσιν

50 5055 149 5106 τῶν
176 5050 759 5123 παρεντυγχανόντων,
794 5048 888 5101 καὶ
921 5046 1008 5099 διὰ
1047 5047 1145 5117 τῆς
1174 5047 1486 5117 ἀνατροπῆς
1515 5047 1624 5101 τῶν

50 5147 149 5198 ἀπὸ
176 5146 340 5199 θείων
367 5144 565 5213 λόγων,
584 5143 677 5209 κα).
708 5140 767 5207 ἐξ
798 5138 972 5210 ὀρθῶν
1000 5137 1270 5207 λογισμῶν
1293 5136 1623 5208 ποιούμενοι,

54 5236 272 5303 ίατικὸν,
326 5234 410 5298 ὡς
448 5234 639 5295 εἰπεῖν,
665 5232 952 5302 φάρμακον
986 5228 1127 5282 κατὰ
1150 5226 1361 5291 διττοὺς
1392 5228 1625 5299 τρόπους

116 5353 132 5382 ¹
162 5352 281 5408 Del.
306 5351 441 5421 τῆς,
477 5357 529 5404 et
557 5362 677 5403 mox
708 5347 812 5417 leg.
839 5346 932 5400 ἆτε
959 5343 1024 5397 δι’
1055 5344 1174 5396 ἀκο.

110 5461 190 5535 (4)
230 5465 367 5518 Ἵνα
408 5460 478 5514 δὲ
514 5458 707 5535 μηδὲν
739 5449 1620 5535 κατα-λείψωμενλΤὴοομονιξιιιδ

51 5522 396 5590 Ascodrutas
418 5574 435 5594 ,
487 5522 569 5585 vel
587 5522 1021 5596 'Ascodrupitas’,
1052 5526 1167 5596 sive
1196 5522 1620 5593 Tascodrupitas

52 5608 282 5674 appellat
312 5624 328 5659 :
361 5602 463 5674 qui
490 5602 701 5656 illorum
730 5594 979 5668 dogmata
1009 5594 1254 5666 pluribus
1282 5596 1617 5663 exsequitur.

54 5674 380 5731 Philastrius
436 5687 563 5729 vero
603 5668 990 5738 Ascodrogitas
1049 5682 1079 5720 a
1138 5664 1624 5735 Passalorynchitis

55 5748 306 5801 secernit.

1727 4589 2103 4644 haereticorum
2146 4589 2402 4643 invidiam
2433 4589 2501 4644 iis
2545 4590 2962 4651 ascriberemus,
2986 4589 3286 4660 eodemque

1726 4694 1836 4750 quo
1868 4679 1945 4733 illi
1978 4680 2207 4735 crimine
2241 4690 2543 4744 teneamur,
2577 4679 2669 4749 qui
2703 4680 2815 4733 veri
2849 4680 2981 4733 nihil
3015 4681 3284 4747 aﬁ'erunt;

1727 4772 1820 4827 sed
1847 4786 1968 4841 quae
1998 4787 2272 4841 nunquam
2304 4780 2397 4826 aut
2426 4772 2720 4835 audierint,
2753 4781 2846 4824 aut
2890 4773 3146 4839 viderint,
3193 4783 3287 4828 aut

1726 4878 1981 4934 germana
2035 4862 2274 4932 Spiritus
2329 4863 2506 4916 sancti
2539 4863 2830 4934 disciplina
2886 4862 3198 4927 didicerint,
3230 4864 3287 4920 in

1726 4954 1962 5010 medium
2007 4953 2305 5009 adducunt.
2343 4953 2478 5007 Cum
2531 4954 2696 5024 igitur
2733 4962 3005 5021 accurate,
3050 4963 3111 5008 ut
3145 4955 3288 5009 dixi-

1728 5062 1869 5113 mus,
1903 5049 2085 5102 omnia
2115 5062 2233 5118 quaa
2264 5045 2427 5118 417
2466 5045 2534 5100 ad
2575 5060 3013 5116 unamquamque
3040 5053 3288 5115 spectant

1730 5139 1960 5195 hazresin
2010 5138 2553 5209 comprehendamus,
2607 5136 2742 5193 adeo
2784 5147 2842 5191 ut
2885 5136 3031 5209 quod
3078 5139 3134 5193 in
3181 5140 3290 5194 illis

1728 5233 2018 5287 exitiosum
2056 5239 2159 5294 est,
2192 5246 2255 5285 ac
2287 5228 2624 5300 pestiferum,
2657 5230 2724 5285 ad
2750 5231 3011 5286 lectorum
3040 5232 3291 5288 emenda-

1801 5450 1876 5520 (εἰ)
1896 5447 2121 5513 Τασκὸς
2132 5450 2267 5527 παρ’
2279 5449 2830 5527 αιύτοῖςκπάσᾳαλος,
2845 5456 3009 5527 κ.τ.ὲ.
3035 5457 3254 5527 Drungu
3264 5474 3290 5512 s

1728 5519 1830 5575 vox
1865 5528 1948 5573 est
1977 5534 2006 5572 a
2038 5520 2435 5593 recentioribus
2459 5519 2661 5593 Graecis
2708 5525 2959 5593 perinde,
2992 5543 3053 5581 ac
3082 5519 3289 5583 Latinus

1726 5597 2011 5664 usurpata,
2055 5605 2215 5664 quam
2266 5605 2295 5643 a
2333 5587 2522 5664 graeca
2560 5587 2757 5664 ῥύγχος
2806 5595 3073 5649 detortam
3113 5597 3286 5650 innuit

1732 5611 2011 5671 usurpata,
2055 5611 2215 5675 quam
2266 5611 2295 5643 ει
2338 5611 2522 5671 ξιῖωεὶι
2560 5611 2757 5715 ρυγξος
2806 5611 3073 5649 octonam
3114 5613 3262 5650 11111111

1732 5660 2084 5736 Epiphanius.
2116 5658 2424 5736 veget._llb.
2462 5676 2560 5724 ιιι,
2596 5676 2645 5715 c.
2715 5662 2748 5716 6
2800 5673 2852 5717 et
2896 5664 3164 5735 l'9‘glnbos
3195 5683 3263 5736 ap

1734 5733 1922 5800 pellat,
1960 5731 2411 5799 quemadmodum
2433 5742 2485 5786 et
2512 5747 2716 5787 cuneos
2740 5745 2894 5803 caput
2923 5731 3214 5799 porcinum.
