3846 6284
459 283 562 338 879

1870 284 1928 337 S.
1971 280 2311 340 EPIPHANII

3614 282 3739 333 δεῖ

460 404 662 450 tionem
691 395 1099 464 signiﬁcemus;
1133 404 1188 451 et
1232 395 1299 450 ad
1338 394 1471 451 illud
1500 396 1678 466 ipsum
1714 396 2034 466 propulsan-

2143 392 2634 457 κατασκευάζοντες
2678 392 2736 444 ὲν
2793 392 3017 462 Κυρίῳο
3067 393 3181 453 τοῖς
3213 390 3313 460 μὲν
3349 389 3735 458 διερχομένοις

459 486 590 540 dum
621 486 817 556 partim
846 501 876 541 e
925 484 1252 556 Scripturis,
1284 487 1484 556 partim
1514 501 1583 541 ex
1630 498 1779 542 recta
1825 488 2039 542 ratione

460 581 607 635 velut
662 579 1123 641 medicamentum
1189 578 1631 634 confecerimus:
1684 578 1845 646 cujus
1894 589 2041 633 esset

467 670 853 740 opportunitas
894 670 1115 740 duplex,
1161 678 1223 724 ut
1267 676 1321 724 et
1367 668 1462 739 qui
1494 684 1557 724 ea
1600 668 1919 740 contagione
1964 670 2041 723 la-

462 762 739 828 borarent,
774 762 842 818 iis
869 763 1027 818 lectis
1054 761 1124 816 ab
1152 762 1301 816 omni
1331 762 1546 832 penitus
1581 761 1791 829 morbo,
1834 776 1898 816 ac
1925 769 2037 816 tam

462 852 791 909 intolerabili
819 855 1068 908 cruciatu
1113 854 1518 919 relevarentur;
1546 861 1601 909 et
1633 853 1727 923 qui
1766 853 2037 909 immunes

460 945 727 1000 hactenus
761 946 1014 1010 fuissent,
1042 960 1107 1001 eo
1129 945 1195 999 ad
1224 945 1533 1001 cautionem
1565 951 1867 1001 uterentur.
1899 943 2033 1009 Hoc,

460 1035 707 1106 inquam,
739 1036 988 1092 veritatis
1018 1035 1478 1091 medicamentum
1513 1034 1642 1089 dum
1672 1034 2035 1106 prudentibus

2137 487 2215 547 εὶς
2252 484 2312 536 τὸ
2365 480 2673 550 ἀνασφῆλαι
2722 480 2821 550 τῆς
2860 481 3039 542 νόσου,
3069 479 3161 533 καὶ
3197 479 3297 548 τῆς
3335 478 3602 549 τοσαύτης
3638 480 3735 531 ἁλ-

2135 573 2356 645 γηδόνος
2382 587 2395 602 ·
2435 574 2547 633 τοῖς
2576 570 2633 622 δὲ
2669 570 2804 641 μηδὲ
2838 568 3253 640 παρεμπεσοῦσί
3281 586 3413 625 ποτε
3438 585 3739 639 προκατα-

2134 665 2415 737 ληπτικὸν,
2446 664 2523 726 ὡς
2560 664 2756 725 εἰπεῖν,
2788 661 2849 715 τὸ
2886 661 3156 732 βοήθημα,
3191 660 3285 714 τοῦ
3319 661 3418 729 τῆς
3458 661 3735 729 ἀληθείας

2136 756 2429 829 φαρμάκου
2487 752 2856 824 μεταδιδόντες
2895 755 3008 814 τοῖς
3036 754 3295 814 συνετοῖς,
3338 750 3586 820 μαθηταὶ
3618 752 3734 801 καὶ

2136 848 2289 902 αὐτοὶ
2316 843 2603 915 κληθῶμεν
2618 842 2727 897 τῶν
2753 842 2846 896 τοῦ
2867 842 3099 914 Χριστοῦ
3126 841 3401 913 μαθητῶν,
3431 843 3528 893 καὶ
3550 842 3731 893 αὑτοῦ

2132 940 2228 993 τοῦ
2288 937 2561 1009 Σωτῆρος,
2635 932 2831 1005 βοηθοῦ
2893 933 3231 1006 ὑπάρχοντος
3297 933 3572 1002 σωμάτων
3624 933 3735 985 καὶ

2131 1032 2338 1103 ψυχῶν.

460 1138 939 1202 repraesentamus,
968 1131 1023 1185 id
1056 1130 1294 1202 agimus,
1322 1142 1381 1186 ut
1408 1130 1800 1202 discipulorum
1832 1130 2034 1187 Christi
2063 1131 2319 1201 discipuli
2355 1129 2724 1197 nominemur,
2759 1138 2814 1184 et
2852 1126 3018 1197 hujus
3074 1125 3210 1181 adeo
3243 1126 3438 1195 ipsius,
3484 1125 3586 1195 qui
3634 1132 3731 1179 est

460 1240 753 1295 corporum
786 1227 1205 1296 animorumque
1246 1238 1514 1282 servator.

528 1318 685 1373 Nunc
720 1326 1072 1389 posteaquam
1116 1319 1250 1375 satis
1291 1333 1563 1389 superque
1600 1319 1655 1373 in
1701 1318 1806 1373 hac
1848 1317 2031 1374 conlu-

460 1409 627 1464 tanda
659 1408 853 1463 haeresi
893 1408 1095 1463 versati
1130 1406 1355 1472 fuimus,
1384 1407 1689 1476 opitulante
1714 1404 1934 1461 Christo
1970 1404 2039 1460 ad

460 1510 689 1559 ceteras
726 1501 1127 1572 aggrediamur,
1162 1514 1462 1570 earumque
1495 1499 1669 1563 virus,
1700 1498 1805 1553 hoc
1831 1507 1916 1554 est
1949 1498 2042 1553 ha-

460 1603 638 1650 matos
675 1600 1083 1661 venenatosque
1124 1591 1335 1656 dentes,
1395 1591 1662 1654 veritatis,
1698 1605 1818 1660 quae
1853 1598 1939 1645 est
1984 1590 2036 1643 in

460 1703 646 1751 cruce,
696 1686 846 1741 velut
882 1686 1119 1756 quodam
1165 1683 1307 1740 iuste
1362 1685 1819 1739 comminuamus.
1859 1680 2032 1748 Quam

459 1778 605 1832 enim
641 1775 995 1844 subjecimus,
1035 1774 1411 1828 hasniorrhceae
1444 1775 1645 1843 vipera:
1681 1772 1877 1828 similis
1908 1780 2031 1827 est:

461 1872 623 1940 cujus
663 1870 813 1923 virus
865 1882 931 1923 ea
973 1868 1024 1922 vi
1062 1867 1347 1937 praeditum
1396 1873 1500 1930 est,
1553 1873 1613 1919 ut
1659 1879 1849 1920 eorum
1896 1878 2034 1934 quos
2073 1902 2111 1954 Β

460 1961 839 2028 momorderit,
861 1974 1078 2015 omnem
1103 1975 1132 2014 e
1152 1958 1479 2030 corporibus
1501 1958 1820 2027 sanguinem
1840 1971 2031 2013 excer-

462 2061 578 2116 nat,
615 2053 799 2122 itaque
829 2050 1103 2106 conficiat.
1145 2047 1301 2114 Quod
1343 2048 1522 2118 ipsum
1554 2046 2033 2113 Quintillianorum

464 2152 688 2215 praestat
714 2144 960 2201 haeresis.
1002 2141 1314 2196 Innocentis
1349 2140 1492 2193 enim
1520 2139 1734 2209 pueruli
1776 2138 2035 2194 confosso

464 2250 715 2305 corpore,
758 2236 1075 2305 sanguinem
1113 2246 1329 2286 onmem
1385 2231 1608 2300 excipit,
1645 2246 1754 2300 quo
1800 2231 1855 2285 in
1902 2231 2037 2286 cele-

464 2327 692 2382 brandis
733 2323 1241 2396 participandisque
1296 2323 1568 2392 mysteriis
1616 2322 1684 2376 ad
1732 2323 2036 2377 circumvco

465 2422 701 2477 niendos
738 2420 986 2474 homines
1018 2416 1225 2472 nefarie
1257 2417 1521 2470 abutitur.

538 2513 823 2569 Postremo
853 2519 1144 2579 antequam
1171 2522 1272 2563 nos
1294 2507 1500 2562 Christi
1532 2508 1776 2577 potentia
1813 2506 1932 2562 freti
1966 2506 2035 2560 ad

465 2605 706 2674 reliquas
750 2602 1120 2671 accingamus,
1157 2600 1305 2653 illius
1336 2601 1620 2654 veritatem
1655 2600 2034 2671 imploremus,

467 2708 528 2751 ut
571 2696 778 2750 erroris
824 2694 1096 2764 cujusque
1127 2692 1356 2763 vestigia
1408 2691 1748 2756 subodorati,
1790 2692 2035 2763 ejusdem

468 2793 749 2857 comperta
780 2785 1124 2855 disiectaque
1161 2785 1233 2849 vi,
1263 2782 1375 2839 Deo
1399 2784 1454 2838 in
1478 2785 1734 2840 omnibus
1756 2800 1857 2855 pro
1886 2800 1952 2840 eo
1975 2798 2039 2839 ac

469 2880 711 2943 solemus
740 2877 970 2950 gratiam
1002 2876 1325 2931 habeamus.

768 3003 1139 3061 ADVERSUS
1180 3001 1733 3070 QUINTILLIANOS,

470 3120 585 3175 Sive
627 3120 979 3188 Pepuzianos,
1023 3127 1071 3172 et
1129 3116 1519 3188 Priscilligrtgs,
1559 3114 2033 3188 quiqusgqcedunt
2067 3114 2075 3135 ‘

606 3200 655 3245 et
683 3185 1013 3259 Artotyritw,
1043 3188 1254 3243 haeresis
1282 3185 1497 3251 XXIX,
1524 3185 1628 3242 sive
1657 3185 1864 3243 XLIX.

539 3302 581 3357 l.
635 3300 999 3369 Quintilliani,
1055 3300 1148 3372 qui
1202 3308 1256 3354 et
1306 3298 1599 3371 Pepuziani
1637 3310 1923 3370 vocantur,
1982 3312 2035 3357 et

470 3396 801 3465 Artotyritaz,
838 3408 902 3448 ac
942 3392 1299 3461 Priscilliani,
1343 3395 1488 3449 inter
1532 3393 1774 3466 Phrygas
1807 3410 2036 3451 censen-

471 3501 581 3551 tur,
609 3488 753 3542 etab
784 3487 852 3541 iis
884 3489 1061 3542 exorti
1098 3495 1248 3550 sunt,
1294 3486 1389 3541 sed
1421 3487 1671 3541 nonnihil
1705 3496 1886 3542 tamen
1918 3488 2031 3543 dis-

472 3585 720 3647 crepant.
776 3577 987 3631 Etenim
1044 3577 1282 3648 Phryges
1342 3578 1458 3639 isti,
1517 3577 1632 3634 sive
1680 3576 2032 3641 Priscilliani,

473 3668 815 3735 Quintillam,
857 3675 950 3720 aut
996 3666 1324 3727 Priscillam,
1366 3680 1544 3736 neque
1591 3666 1738 3721 enim
1792 3676 1913 3721 utra
1963 3669 2036 3723 sit

474 3768 623 3815 certo
684 3759 890 3814 scimus
920 3799 934 3823 ,
974 3757 1140 3831 418
1174 3758 1270 3813 sed
1310 3758 1501 3812 barum
1557 3758 1781 3814 alteram
1844 3761 2035 3815 dicunt

473 3850 700 3921 Pepuzaa
724 3850 1014 3921 aliquando
1045 3864 1237 3905 somno
1278 3861 1608 3920 correptam.
1651 3850 1786 3905 '1‘qu
1818 3852 1886 3907 ad
1914 3866 2031 3908 eam

475 3943 821 3998 descendisse
845 3941 1143 4006 Christum,
1180 3956 1244 3997 ac
1271 3942 1431 3996 simul
1459 3959 1584 3997 cum
1622 3943 1737 4013 ipsa
1769 3944 2033 4013 ejusmodi

475 4034 664 4090 habitu
722 4034 1033 4102 dormiisSe,
1086 4044 1147 4087 ut
1200 4049 1337 4088 vana
1386 4036 1703 4091 muliercula
1745 4037 2029 4106 jactabat:

474 4126 743 4191 Muliebri,
777 4127 974 4197 inquit,
1016 4127 1201 4196 specie,
1226 4143 1289 4179 ac
1318 4138 1452 4181 veste
1478 4128 1752 4195 splendida
1793 4130 1928 4182 venit
1965 4130 2034 4184 ad

473 4237 553 4274 me
575 4220 837 4283 Christus,
875 4219 1098 4289 mihique
1131 4218 1441 4285 sapientiam
1472 4218 1679 4283 indidit,
1723 4229 1876 4290 atque
1898 4220 2035 4275 hunc

475 4312 646 4365 locum
673 4320 912 4363 sanctum
941 4326 1048 4363 esse
1082 4309 1431 4378 signiﬁcavit;
1465 4310 1520 4363 in
1561 4326 1775 4380 euntque
1796 4326 2034 4367 sanctam

2063 3069 2104 3125 C

2228 1312 2316 1374 Ὠς
2358 1310 2413 1363 δὲ
2460 1309 2556 1361 καὶ
2610 1308 2709 1379 τὴν
2751 1305 2983 1360 ἐνταῦθα
3037 1305 3234 1370 ἱκανῶς
3282 1309 3728 1380 εἰσηγησάμενοι

2142 1404 2268 1474 περὶ
2321 1401 2526 1471 ταύτης
2582 1401 2679 1470 τῆς
2734 1399 2996 1470 αἱρέσεως
3038 1399 3315 1469 ἐργασίαν,
3368 1403 3465 1454 σὺν
3484 1403 3724 1473 δυνάμει

2140 1493 2378 1564 Χριστοῦ
2410 1492 2499 1544 ἐπὶ
2537 1491 2635 1554 τὰς
2668 1490 2795 1560 ἑξῆς
2839 1490 3108 1561 προϐῆναι
3149 1492 3374 1555 ἑαυτοὺς
3405 1492 3721 1563 ἐπιδῶμεν·

2136 1584 2227 1637 τὸν
2270 1585 2367 1656 μὲν
2417 1584 2514 1647 ἰὸν,
2557 1584 2628 1636 τὰ
2674 1582 3053 1653 ἀγκιστροειδῆ
3102 1583 3210 1636 τῶν
3261 1584 3492 1638 ὀδόντων
3538 1587 3724 1654 αὐτῆς

2140 1677 2407 1749 φάρμακα
2456 1677 2513 1728 ἐν
2566 1674 2646 1746 τῷ
2699 1678 2797 1747 τῆς
2845 1677 3102 1747 ἀληθείας
3138 1677 3233 1729 τοῦ
3275 1678 3510 1749 σταυροῦ
3570 1678 3725 1747 ξύλῳ

2139 1769 2576 1833 καταθλάσαντες
2599 1772 2639 1834 ¹,
2673 1772 2741 1839 τῇ
2795 1770 3083 1840 αἱμορροία
3120 1769 3300 1843 ἐχίδνῃ
3352 1774 3599 1843 ἐοικυῖα,
3646 1770 3721 1845 ἧς

2139 1863 2172 1932 ἡ
2208 1862 2354 1933 λύμη
2386 1862 2496 1914 τῶν
2531 1862 2874 1933 δεδηγμένων
2897 1863 2917 1892 ⁸
2959 1863 3159 1927 παντὸς
3196 1864 3289 1916 τοῦ
3326 1864 3581 1936 σώματος
3614 1870 3719 1921 ix-

2138 1953 2335 2023 κρίνει,
2372 1954 2466 2007 καὶ
2490 1952 2661 2017 οὕτως
2683 1954 2703 1984 ³
2733 1954 2822 2006 τὸν
2850 1953 3077 2007 θάνατον
3113 1956 3380 2009 ἐκϐάλλει.
3422 1959 3573 2029 Αὕτη
3604 1961 3722 2031 γάρ

2138 2047 2233 2100 καὶ
2278 2049 2311 2117 ἡ
2359 2045 2467 2099 τῶν
2518 2044 2939 2100 Κυϊντιλλιανῶν
2983 2048 3191 2117 αἵρεσις
3240 2048 3395 2102 τοῦτο
3446 2052 3715 2109 ἐπιτελεῖ.

2152 2138 2415 2210 ’Δφθόρου
2455 2138 2564 2210 γὰρ
2607 2139 2795 2201 παιδὸς
2834 2143 3141 2210 κατακεντᾷ
3177 2140 3243 2194 τὸ
3301 2142 3478 2212 σῶμα,
3510 2146 3607 2196 καὶ
3653 2146 3719 2197 τὸ

2143 2225 2283 2301 αἷμα
2322 2230 2484 2301 δῆθεν
2530 2233 2608 2293 εἰς
2662 2232 2961 2301 μετάληψιν
2998 2233 3361 2304 ἀποφέρεται,
3402 2237 3483 2297 εις
3543 2254 3720 2304 μυστ-

2145 2321 2393 2389 αγωγίαν
2424 2322 2686 2392 ὀνόματος
2710 2322 2945 2394 Χριστοῦ
2974 2324 3099 2386 τοὺς
3141 2326 3527 2396 ἠπατημένους
3576 2328 3718 2380 πλα-

2142 2430 2289 2465 νωσα

2218 2506 2407 2575 Ἡμεῖς
2434 2505 2488 2558 δὲ
2520 2505 2613 2559 ἐπὶ
2643 2506 2742 2570 τάς
2764 2506 2890 2579 ἑξῆς
2918 2509 2976 2559 ὲν
3016 2506 3240 2578 δυνάμει
3268 2510 3504 2579 Χριστοῦ
3534 2528 3714 2580 1:90:-

2136 2596 2467 2667 ερχὸμενοι,
2504 2598 2603 2669 τὴν
2667 2599 2838 2651 αὑτοῦ
2904 2599 3161 2669 ἀλήθειαν
3212 2602 3713 2674 ὲπικαλεσώμεθαο

2131 2689 2311 2750 ὅπως,
2354 2690 2589 2758 ἑκάστης
2634 2678 2843 2761 πλάνης
2895 2692 3362 2763 Ιχνηλατήσαντες,
3404 2695 3504 2767 τὴν
3548 2697 3713 2750 δύνα-

2137 2800 2228 2853 μιν
2276 2784 2629 2854 φωράσαντες
2667 2803 2726 2839 τε
2762 2788 2857 2839 καὶ
2924 2786 3272 2857 ὲλέγξαντες,
3316 2789 3436 2862 Θεῷ
3466 2790 3541 2844 ἐν’
3572 2794 3711 2846 πᾶσι

2136 2874 2380 2945 συνήθως
2420 2876 2923 2947 εὐχαριστήσωμεν.

2525 3013 2714 3068 ΚΑΤΑ
2750 3004 3325 3083 ΚΥῘΝΤΙΛΛΙΑΝΩΝ,

2132 3124 2251 3178 Εἶτ’
2309 3121 2423 3201 οὗῂ
2457 3126 2892 3201 Πεποιζζῖανῶν,
2932 3130 3041 3201 real
3079 3133 3584 3197 Πρισκιιλιανῶν,
3616 3130 3707 3201 οἷς

2271 3195 2634 3250 συνέπονται
2652 3197 3062 3267 Ἀρτοτυρῐται,
3085 3195 3214 3264 ΚΘ,
3244 3204 3279 3271 ἡ
3300 3204 3557 3271 καὶιΜθκ

2202 3308 2281 3361 Α’.
2323 3308 2720 3363 Κυϊντιλλιανοὶ
2747 3310 2802 3363 δὲ
2824 3311 3005 3376 πάλιν,
3022 3315 3073 3366 oi
3100 3315 3193 3367 καὶ
3219 3315 3579 3380 [leuauitan
3607 3336 3709 3372 xa-

2133 3399 2400 3470 λούμενοι,
2420 3401 2789 3473 Ἀρτοτυρῖταί
2807 3420 2865 3455 τε
2889 3405 2982 3457 καὶ
2992 3405 3389 3475 Πρισκιλλιανοὶ
3399 3408 3706 3478 λεγόμενα,

2132 3492 2182 3543 οἱ
2208 3492 2359 3544 αὐτοὶ
2391 3492 2487 3562 μὲν
2513 3492 2661 3554 ὅντες
2685 3493 2826 3547 κατά
2847 3494 3081 3565 Φρύγας.
3118 3496 3211 3547 καὶ
3238 3496 3295 3561 ἐξ
3319 3497 3498 3551 αὐτῶν
3520 3498 3709 3568 ὁρμώ-

2136 3598 2304 3651 μενοι⁸
2328 3582 2609 3653 διῄρηνται
2639 3583 2695 3635 δὲ
2728 3585 2870 3637 κατά
2891 3602 3011 3638 τινα
3027 3586 3246 3655 τρόπον.
3274 3588 3408 3639 Φασὶ
3427 3589 3535 3659 γὰρ
3558 3586 3708 3644 οὗτοι

2132 3675 2178 3725 οἱ
2201 3675 2337 3727 κατὰ
2349 3674 2580 3746 Φρύγας.
2599 3676 2767 3728 εττουν
2787 3676 3205 3748 Πρισκιλλιανοὶ,
3225 3681 3281 3732 ὲν
3303 3682 3369 3749 τῇ
3389 3681 3649 3755 Hei-.1:ng
3669 3684 3704 3755 ἦ

2134 3765 2477 3828 Κυϊντιλλαν,
2507 3768 2538 3837 ἢ
2571 3768 2929 3837 Πρίσκιλλαν,
2963 3770 3063 3822 οὐκ
3092 3770 3197 3839 ἔχω
3221 3770 3460 3842 ἀκριϐῶς
3496 3772 3703 3839 λέγειν,

2136 3852 2262 3923 μίαν
2282 3853 2342 3907 δὲ
2375 3854 2432 3920 ἐξ
2460 3854 2659 3919 αὐτῶν,
2700 3857 2775 3920 ὼς
2816 3861 3093 3928 προεῖπον,
3137 3861 3193 3911 ὲν
3228 3862 3292 3930 τῇ
3322 3861 3574 3933 Πεπούζῃ
3611 3881 3704 3917 κε-

2133 3946 2545 4018 καθευδηκέναι,
2566 3951 2658 4003 καὶ
2674 3950 2766 4002 τὸν
2788 3948 3015 4022 Χριστὸν
3028 3950 3159 4021 πρὸς
3181 3951 3347 4022 αὐτὴν
3362 3952 3701 4023 ἐληλυθέναι,

2135 4037 2536 4091 συνυπνωκέναι
2569 4055 2630 4091 τε
2670 4040 2804 4111 αὑτῇ
2842 4039 3014 4109 τούτῳ
3040 4040 3116 4111 τῷ
3152 4042 3367 4112 τρόπῳ,
3402 4042 3480 4105 ὼς
3515 4044 3701 4115 ἐκείνη

2133 4129 2465 4200 ἀπατωμὲνη
2494 4129 2696 4198 ἔλεγενο
2730 4132 2832 4185 Ἑν
2865 4131 3008 4199 ἰδέᾳ.
3039 4132 3190 4203 φησι,
3221 4134 3504 4202 γυναικὸς
3522 4136 3706 4205 supr

2127 4222 2489 4289 ματισμένος
2516 4223 2587 4275 ἐν
2613 4222 2805 4291 στολῇ
2828 4222 3071 4292 λαμπρᾷ
3101 4220 3247 4294 ἦλθε
3278 4225 3426 4292 πρὸς
3455 4226 3535 4294 μὲ
3564 4229 3702 4295 Χρι-

2131 4313 2299 4379 στὸς,
2325 4314 2422 4366 καὶ
2450 4314 2731 4369 ἐνέϐαλεν
2771 4317 2839 4369 ἐν
2862 4316 2989 4385 ἐμοὶ
3014 4316 3127 4384 τὴν
3160 4319 3402 4385 σοφίαν,
3433 4318 3531 4371 καὶ
3550 4321 3702 4373 ἀπε·

390 4444 393 4449 ,
477 4399 811 4455 Hierusalem
854 4400 1045 4454 delabi.
1076 4398 1156 4455 Ob
1199 4401 1251 4454 id
1288 4401 1560 4455 nonnullae
1603 4402 1670 4456 ad
1711 4402 2030 4459 hodiernum

2143 4402 2374 4471 κάλυψέ
2389 4423 2489 4473 μοι
2510 4406 2740 4461 τουτονὶ
2766 4406 2871 4461 τὸν
2889 4409 3072 4461 τόπον
3086 4404 3237 4461 εἶναι
3256 4408 3444 4479 ἅγιον,
3459 4410 3555 4463 καὶ
3583 4406 3705 4465 ὦδε

475 4510 650 4565 nsque
676 4502 889 4563 tempus
918 4493 1172 4549 mulieres
1195 4507 1258 4546 ac
1289 4493 1388 4546 viri
1427 4493 1615 4548 eodem
1645 4494 1845 4549 initiari
1882 4497 2034 4552 cultu

478 4592 680 4651 solent,
724 4594 784 4639 ut
836 4585 1037 4640 ibidem
1075 4584 1407 4640 excubantes
1453 4584 1733 4640 Christum
1787 4595 2033 4643 contem-

474 4678 715 4746 plentur.
764 4675 1128 4741 Quamobrem
1177 4676 1292 4730 sive
1348 4676 1489 4744 apud
1541 4676 1701 4745 istos,
1742 4679 1857 4734 sive
1893 4680 2036 4750 apud

472 4767 742 4838 Phrygas,
790 4766 1150 4837 prophetissa:
1199 4765 1416 4822 femina:
1458 4780 1876 4839 nuncupantur,
1937 4789 2036 4828 nec

473 4871 725 4916 utrorum
757 4862 810 4916 id
842 4861 1146 4916 institutum
1170 4861 1241 4915 sit
1270 4861 1405 4917 satis
1434 4864 1673 4933 comperi
1708 4882 1722 4917 :
1749 4872 2032 4934 propterea

474 4954 618 5022 quod
646 4954 1016 5033 communiter
1047 4952 1271 5024 degunt,
1306 4961 1471 5024 atque
1512 4955 1654 5011 idem
1686 4952 1881 5029 dogma
1913 4973 2038 5029 pro-

474 5045 717 5100 fitentur.

544 5220 606 5275 ΙΙ.
651 5220 955 5292 Utrumque
1002 5239 1165 5293 porro
1190 5223 1601 5281 Testamentum
1655 5227 1935 5287 adhibent.
1982 5238 2035 5283 et

475 5323 815 5369 mortuorum
862 5318 1317 5372 resurrectionem
1359 5319 1677 5388 approbant.
1710 5320 2025 5386 Qnintillam

471 5418 603 5461 vero
636 5418 760 5458 cum
793 5403 1044 5460 Priscilla
1070 5414 1325 5461 auctores
1357 5422 1488 5463 suas
1518 5410 1835 5479 praedicant,
1861 5427 2023 5482 quam

470 5502 526 5548 et
562 5491 801 5565 Phryges
831 5494 1130 5549 asciscunt.
1176 5493 1371 5552 Multas
1399 5505 1453 5553 et
1488 5499 1813 5558 vanissimas
1840 5513 2029 5558 aucto-

2134 4494 2251 4563 τὴν
2296 4497 2688 4566 Ἰερουσαλὴμ
2714 4499 2783 4551 ἐκ
2819 4499 2924 4552 τοῦ
2964 4500 3222 4567 οὐρανοῦ
3267 4500 3545 4556 κατιέναι.
3582 4503 3701 4567 Διὸ,

2134 4587 2266 4656 φησὶ
2289 4586 2332 4651 ⁸,
2382 4588 2473 4641 καὶ
2523 4590 2649 4659 ἄχρι
2692 4590 2789 4660 τῆς
2844 4590 3003 4662 δεῦρο
3052 4590 3313 4660 μυοῦσθαί
3357 4609 3507 4655 τινας
3554 4593 3704 4647 οὓτω

2135 4680 2397 4745 γυναῖκας
2438 4681 2616 4732 ὲκεῖσε
2646 4682 2703 4733 ἐν
2746 4679 2823 4750 τῷ
2871 4664 3020 4752 τόπῳ
3054 4683 3150 4735 καὶ
3198 4683 3415 4755 ἄνδρας,
3454 4686 3591 4754 πρὸς
3640 4686 3702 4739 τὸ

2136 4769 2489 4839 ὲπιμεινάσας
2514 4770 2682 4835 αὐτὰς
2712 4772 2744 4842 ἢ
2772 4773 2965 4837 αὐτοὺς
2992 4774 3084 4827 τὸν
3125 4774 3355 4846 Χριστὸν
3402 4778 3697 4850 θεωρῆσαι.

2140 4863 2397 4925 Γυναῖκες
2421 4858 2514 4917 οὖν
2552 4866 2682 4935 παρ’
2714 4865 2894 4928 αὐτοῖς
2922 4865 3210 4920 καλοῦνται
3247 4869 3586 4941 προφήτιδες.
3622 4872 3699 4924 Οὐ

2142 4955 2281 5008 πάνυ
2303 4954 2358 5008 δὲ
2389 4956 2574 5025 σαφῶς
2594 4953 2725 5021 οἶδα,
2754 4958 2786 5028 ἢ
2816 4960 2943 5029 παρ’
2962 4958 3165 5023 αὐτοῖς,
3189 4960 3222 5028 ἢ
3244 4962 3395 5031 παρά
3420 4964 3528 5027 τοῖς
3556 4964 3701 5016 κατά

2134 5047 2369 5118 Φρύγας.
2424 5048 2589 5118 Ὀμοῦ
2639 5050 2745 5120 γάρ
2801 5052 2939 5116 εἱσι,
2996 5051 3090 5105 καὶ
3150 5053 3281 5105 αὐτὸ
3331 5054 3390 5107 τὸ
3443 5057 3698 5127 φρόνημα

2134 5139 2441 5210 κέκτηνται.

2204 5232 2278 5283 Β¹.
2312 5233 2621 5303 Κέχρηνται
2660 5234 2716 5286 δὲ
2747 5227 2891 5288 οὗτοι
2923 5234 3134 5305 Παλαιᾷ
3167 5236 3259 5289 καὶ
3287 5236 3402 5306 Νέᾳ
3434 5238 3695 5310 Διαθήκη,

2136 5322 2227 5375 καὶ
2257 5323 2553 5378 ἀνάστασιν
2578 5325 2785 5398 νεκρῶν
2816 5326 3016 5398 ὁμοίως
3057 5328 3344 5397 φάσκουσι.
3380 5329 3697 5382 Κυΐντιλλαν

2134 5413 2191 5466 δὲ
2213 5413 2424 5485 ἔχουσιν
2445 5417 2685 5487 ἀρχηγὸν
2715 5419 2827 5488 ἅμα
2854 5418 3171 5491 Πρισκίλλῃ,
3198 5422 3264 5489 τῇ
3294 5419 3385 5472 καὶ
3411 5420 3559 5491 παρά
3588 5424 3695 5482 τοῖς

2134 5508 2274 5560 κατὰ
2327 5507 2562 5578 Φρύγας.
2618 5511 2845 5583 Φέρουσι
2882 5512 2939 5566 δὲ
3004 5512 3307 5583 μαρτυρίας
3348 5513 3545 5578 πολλάς
3590 5531 3693 5586 μα·

546 5647 564 5680 ¹
592 5646 846 5703 Nonnihil
876 5648 1234 5705 desideratur.
1312 5652 1331 5682 ¹
1361 5650 1521 5708 Deest
1550 5646 1708 5723 αἷμα.
1787 5654 1807 5686 ³
1844 5656 1973 5713 Cor.
2009 5674 2033 5710 ε

2146 5659 2203 5714 ὸν
2230 5660 2418 5717 θάνατ.
2452 5674 2506 5719 et
2534 5666 2813 5737 ἐμϐάλλει.
2890 5671 2910 5701 ⁸
2942 5670 2999 5727 F.
3032 5673 3186 5743 φασι.
