3846 6284
64 306 185 363 δει
794 302 1163 360 ADVERSUS
1199 302 1542 359 MRESES
1581 302 1712 360 LIB.
1753 300 1815 356 ll.
1860 299 2022 357 TOM.
2059 301 2177 356 l.—
2215 296 2490 354 lUERES.
2536 294 2598 348 L.
3258 282 3365 339 882

65 428 292 489 ταέας.
344 427 507 500 χάριν
546 426 777 490 διδόντες
810 429 874 496 τῇ
906 426 1041 496 Εὕα,
1071 428 1152 479 ὃτι
1188 425 1375 497 πρώτη
1404 426 1692 497 ’βέϐρωκεν

1797 424 1985 480 ritates
2018 419 2433 479 circumferunt.
2469 414 2815 486 Slngttlarem
2844 410 2967 465 Eva:
2997 408 3224 479 gratiam
3262 406 3365 460 tri-

72 519 202 571 ἀπὸ
236 520 349 572 τοῦ
378 499 536 586 ξύλου
562 519 660 590 τῆς
694 520 1027 589 φρονήσεως.
1066 519 1177 571 Καὶ
1204 519 1301 589 τὴν
1331 519 1561 589 ἀδελφὴν
1598 517 1691 570 τοῦ

1797 516 1992 578 buunt,
2030 514 2176 585 quod
2222 512 2397 584 prima
2430 512 2496 565 de
2536 507 2779 563 scientiae
2819 504 2998 557 fructu
3038 499 3361 555 comederit.

77 610 401 675 Μωῦσέως
421 612 496 675 ὡς
519 611 825 683 προφήτιδα
852 611 1117 678 λέγουσιν,
1149 611 1228 673 είς
1253 608 1556 681 μαρτυρίαν
1586 607 1692 660 τῶν

1797 608 2055 667 Sororem
2087 624 2218 665 vero
2264 607 2465 679 Moysis
2496 604 2897 676 prophetissam
2938 598 3226 668 iactitant;
3267 610 3365 650 cu-

76 706 233 775 παρ’
264 706 459 768 αὐτοῖς
481 704 888 776 καθισταμένων
910 702 1181 771 γυναικῶν
1208 704 1263 754 ἐν
1286 702 1487 772 κλήρῳ.
1512 701 1690 764 Ἀλλὰ,

78 794 266 865 φησὶ,
304 795 573 863 τέσσαρες
601 794 895 866 θυγατέρες
924 789 1062 864 ἦσαν
1087 791 1165 862 τῷ
1199 792 1447 861 Φιλίππῳ
1478 808 1691 862 προφη..

86 888 277 939 τεύου
291 906 403 939 σαι.
444 887 707 949 Πολλάκις
729 886 786 939 δὲ
825 887 883 939 ἐν
918 888 983 955 τῇ
1017 883 1223 938 ἑαυτῶν
1287 882 1550 953 ἐκκλησίᾳ
1585 884 1694 935 εἱσ-

81 980 376 1048 ἑρχονται
424 977 948 1048 λαμπαδηφοροῦσαι
1005 977 1146 1030 ἑπτά
1203 992 1348 1039 τινες
1396 974 1689 1046 παρθένοι,

80 1071 488 1143 λευχείμονες,
518 1072 676 1143 δῆθεν
713 1072 1022 1144 ἐρχόμεναι,
1054 1071 1143 1125 ἵνα
1174 1068 1587 1141 προφητεύσωσι
1617 1066 1694 1138 τῷ

82 1164 239 1234 λαῷ.
279 1166 349 1216 Al
391 1165 446 1217 δὲ
480 1167 680 1236 τρόπον
700 1166 822 1219 τινά
855 1166 1259 1236 ὲνδεικνύμεναι
1299 1162 1692 1234 ἐνθουσιασμοῦ

83 1261 216 1319 τοῖς
279 1258 522 1329 παροῦσι
565 1260 715 1323 λαοῖς
766 1260 981 1331 ἀπάτην
1019 1260 1362 1330 ἐργάζονται,
1401 1256 1607 1311 κλαίειν
1633 1273 1693 1310 τε

90 1349 391 1415 ποιοῦσιν,
424 1351 499 1413 ὠς
527 1350 705 1403 οἶκτον
734 1351 1019 1421 μετανοίας
1042 1352 1288 1419 ἄγουσαι,
1328 1349 1535 1421 δάκρυα
1577 1349 1695 1420 χεό-

91 1459 303 1511 tas-rat,
331 1444 430 1495 καὶ
479 1442 717 1512 σχήματί
765 1459 869 1494 τινι
915 1441 1304 1512 ἐποδυρόμεναι
1336 1440 1425 1494 τὸν
1454 1439 1561 1493 τῶν
1604 1440 1694 1493 ἀν-

91 1533 361 1603 Θρὼπων
393 1533 525 1603 βίον.
582 1533 901 1587 Ἐπίσκοποί
931 1551 989 1586 τε
1033 1535 1159 1604 παρ’
1198 1534 1381 1594 αὐτοῖς
1414 1534 1690 1602 γυναῖκες,

92 1627 196 1677 καὶ
232 1625 603 1697 πρεσϐύτεροι
637 1629 911 1695 γυναῖκες,
959 1627 1053 1679 καὶ
1097 1626 1162 1679 τὰ
1214 1625 1379 1680 ἄλλα*
1407 1624 1481 1689 ὡς
1528 1623 1692 1695 μηδὲν

93 1716 402 1785 διαφέρειν
452 1718 613 1789 φησίν
643 1721 681 1770 ⁸.
736 1720 831 1771 Ἐν
876 1718 985 1788 γὰρ
1028 1717 1259 1787 Χριστῷ
1307 1717 1509 1785 Ἰησοῦ
1554 1717 1692 1771 οὔτε

1788 702 1879 771 jus
1911 702 2163 772 exemplo
2193 716 2294 757 suo
2328 700 2405 754 illi
2433 696 2864 767 cooptandarum
2907 692 2960 745 in
3002 692 3209 745 clet-utn
3244 704 3362 741 tnu-

1794 795 1987 848 lierum
2035 793 2294 849 instituto
2352 791 2740 861 suffragantur.
2804 784 2945 850 Quin
2990 789 3045 838 et
3099 788 3361 850 quatuor,

1794 885 2061 955 inquiunt,
2082 884 2363 953 Philippus
2394 882 2759 953 pr0phetissas
2791 878 2927 931 tilias
2961 874 3149 928 habuit
3174 872 3215 925 ³.
3248 869 3362 925 δω-

1793 991 2085 1047 penumero
2114 976 2167 1029 in
2200 975 2412 1030 illorum
2444 973 2727 1029 ecclesiam
2764 977 2971 1039 septem
2994 981 3118 1021 cum
3150 962 3362 1018 facibus

1792 1067 2031 1137 virgines
2090 1064 2491 1136 ingrediuntur,
2531 1060 2763 1118 candida
2817 1069 2987 1118 veste.
3043 1063 3104 1110 ut
3154 1055 3357 1126 populo

1793 1158 2048 1213 videlicet
2076 1158 2300 1211 oracula
2330 1154 2581 1210 reddant.
2623 1152 2712 1207 Ha:
2747 1166 2869 1206 cum
2901 1147 3138 1218 speciem
3169 1160 3361 1214 quam-

1792 1249 1915 1303 dam
1950 1249 2151 1303 l'uroris
2195 1263 2307 1319 prae
2353 1262 2413 1303 se
2460 1245 2707 1305 tulerint,
2758 1240 3068 1297 astantibus
3104 1236 3361 1301 illudunt,

1791 1348 1846 1396 et
1888 1341 1954 1395 ad
1997 1340 2184 1395 [letum
2216 1346 2542 1409 provOcant,
2592 1345 2650 1390 ut
2704 1336 2749 1391 is
2801 1331 3142 1404 pmnitentiaz
3181 1330 3365 1382 luctus

1792 1447 1915 1487 esse
1963 1432 2227 1486 videatur.
2282 1428 2417 1482 Nam
2465 1436 2520 1483 et
2571 1428 2841 1497 Iacrymas
2900 1420 3258 1493 profundunt.
3310 1424 3364 1471 et

1793 1528 1910 1575 toto
1966 1520 2215 1590 corporis
2266 1534 2419 1590 gesm
2472 1518 2641 1571 vitam
2714 1516 2994 1569 hominum
3051 1510 3360 1580 deplorant.

1793 1611 1948 1679 Apud
1979 1609 2201 1664 eosdem
2234 1608 2489 1661 mulieres
2516 1603 2761 1675 episcopi
2803 1609 3005 1657 suntet
3031 1597 3361 1670 presbyteri,
3442 1597 3445 1653 ἱ

1793 1710 1847 1753 et
1879 1699 1946 1753 ad
1987 1706 2214 1753 caeteros
2247 1696 2451 1768 gradus
2488 1696 2818 1765 alleguntur,
2851 1693 3059 1747 nullum
3093 1696 3152 1743 ut
3196 1703 3364 1743 sexus
3451 1693 3457 1761 ξ

343 1777 480 1862 οὔτε
511 1777 706 1878 ’θῆλιλ
759 1777 962 1863 Ταῦτά,
986 1777 1160 1872 ἐστιν,
1191 1777 1240 1862 ἃ.-
1268 1777 1687 1880 κατειλήφαμεν.

1797 1792 2088 1847 discrimen
2115 1797 2381 1845 servetur.
2414 1786 2557 1840 Nam
2579 1788 2634 1839 in
2663 1784 2874 1840 Christo
2902 1784 3031 1837 Jesu
3057 1798 3217 1851 ιιετιιε
3240 1797 3356 1834 mas

107 1900 525 1974 Ἀρτοτυρίτας
555 1903 611 1954 δὲ
659 1903 855 1965 αὐτοὺς
888 1901 1143 1955 καλοῦσιν
1187 1901 1295 1954 ἀπὸ
1344 1899 1435 1953 τοῦ
1483 1901 1540 1954 ἐν
1583 1901 1693 1964 τοῖς

94 1992 297 2044 αὐτῶν
340 1992 657 2063 μυστηρίοις
683 1992 1030 2055 ἐπιτιθέντας
1061 1992 1225 2064 ἄρτον
1261 1990 1356 2046 καὶ
1393 1991 1575 2061 τυρὸν,
1600 1992 1694 2043 καὶ

98 2083 293 2149 οὕτως
326 2088 500 2138 ποιεῖν
532 2084 599 2138 τὰ
627 2085 806 2138 αὐτῶν
843 2086 1129 2156 μυστήρια.

176 2235 260 2287 I".
330 2235 485 2287 Πᾶσα
532 2234 588 2286 δὲ
630 2234 930 2303 ἀνθρώπων
965 2232 1128 2303 χλεύη
1180 2234 1237 2285 ἐν
1269 2232 1346 2302 τῷ
1391 2232 1692 2303 ἀποστῆναι

102 2326 219 2380 ἀπὸ
272 2328 379 2397 τῆς
434 2326 598 2397 ὀρθῆς
640 2326 901 2390 πίστεως,
955 2326 1051 2377 καὶ
1085 2328 1165 2387 εἰς
1216 2325 1525 2396 ἀμηχανίαν
1566 2326 1693 2396 τρέ-

102 2419 345 2483 πεσθαι,
372 2420 465 2471 καὶ
499 2420 579 2481 είς
604 2418 866 2488 διαφορὰν
905 2417 1310 2489 ἐνθουσιασμῶν
1336 2435 1401 2489 τε
1428 2418 1520 2471 καὶ
1542 2420 1693 2488 ἐνερ-

102 2511 305 2581 γειῶν.
345 2510 841 2581 Ἐκόακχευόμεναι
872 2511 980 2580 γὰρ
1005 2513 1059 2563 ai
1086 2510 1312 2564 διάνοιαι
1341 2510 1427 2563 ἀεὶ
1458 2511 1585 2575 τους
1616 2512 1691 2584 μὴ

103 2604 455 2674 κατέχοντας
480 2602 577 2674 τὴν
618 2602 864 2672 ἄγκυραν
911 2603 1010 2673 τῆς
1047 2602 1324 2672 ἀληθείας,
1364 2602 1478 2656 ἀλλ’
1518 2603 1691 2656 ἐπιδι-

105 2696 306 2759 (Evam;
328 2696 555 2757 ἑαυτοὺς
586 2693 665 2763 τῷ
688 2694 903 2767 φέροντι
923 2694 1064 2747 κατά
1087 2696 1265 2747 πᾶσαν
1288 2694 1466 2748 ὁτιοῦν
1490 2695 1688 2750 αἰτίαν.

110 2788 234 2840 Κᾶν
270 2804 333 2840 τε
392 2786 502 2857 γάρ
534 2789 787 2854 γυναῖκες
834 2789 961 2859 παρ’
1011 2788 1193 2852 αὐτοῖς
1236 2788 1315 2852 είς
1388 2789 1693 2861 ἐπισκοπὴν

108 2879 203 2931 καὶ
284 2877 681 2948 πρεσϐυτέριον
770 2878 1121 2932 καθίστανται
1184 2877 1274 2935 διὰ
1338 2880 1437 2951 τὴν
1504 2878 1692 2946 Εὔαν,

108 2968 378 3022 ἀκούουσι
434 2967 527 3022 τοῦ
572 2969 778 3041 Κυρίου
831 2970 1112 3041 λέγοντος·
1164 2973 1323 3041 Πρὸς
1366 2973 1474 3028 τὸν
1501 2974 1691 3043 ἄνδρα

109 3077 231 3115 σου
254 3064 292 3129 ἡ
320 3063 676 3131 ἀποστροφή
705 3079 821 3117 σου
840 3106 854 3130 ,
884 3064 982 3118 καὶ
1008 3066 1191 3131 αὐτός
1215 3080 1332 3120 σου
1363 3068 1687 3136 κυριεύσει.

110 3156 324 3225 Δέληθε
371 3156 427 3209 δὲ
487 3156 684 3220 αὐτοὺς
731 3158 825 3210 καὶ
874 3157 903 3210 ὁ
954 3156 1308 3221 ἀποστολικὸς
1364 3157 1555 3227 λόγος’
1606 3159 1688 3212 ὅτι

111 3246 374 3300 er-aud
420 3249 531 3300 οὐκ
576 3247 868 3316 ἐπιτρέπω
908 3249 1155 3312 λαλεῖν,
1202 3249 1339 3303 οὔτε
1382 3249 1691 3303 αὐθεντεῖν

110 3338 338 3408 ἀνδρός
363 3354 377 3367 ·
418 3340 514 3392 καὶ
543 3339 707 3393 πάλιν
726 3356 740 3370 ⁸
775 3341 858 3394 Οὐ
883 3339 993 3409 γάρ
1019 3341 1190 3395 ἐστιν
1216 3340 1369 3409 ἀνὴρ
1394 3341 1462 3394 ἐκ
1490 3358 1692 3411 γυναι-

112 3429 243 3495 κὸς,
294 3430 462 3483 ἀλλὰ
494 3430 649 3499 γυνὴ
691 3431 760 3496 ἐξ
800 3431 1015 3500 ἀνδρός
1040 3448 1056 3463 ·
1091 3432 1205 3496 καὶ,
1262 3432 1323 3486 '0
1365 3431 1535 3501 Ἀδὰμ
1580 3435 1690 3487 οὐκ

112 3520 418 3587 ἠπάτηται
444 3561 459 3585 ,
510 3521 650 3576 ἀλλ’
693 3522 732 3590 ἡ
785 3522 913 3577 Εὕα
962 3522 1161 3592 πρώτη
1208 3523 1579 3591 (inamoean
1623 3524 1692 3578 ἐν

114 3612 455 3677 παρασᾶσει
492 3612 717 3682 γέγονε.
761 3615 872 3667 Καὶ
902 3614 949 3667 ὣ
992 3616 1094 3685 τῆς
1134 3616 1442 3688 πολυφόρου
1482 3616 1692 3688 πλάνης

115 3700 210 3752 τοῦ
243 3702 457 3772 κόσμου
482 3701 673 3755 τούτου
694 3703 707 3755 ί

186 3879 277 3932 Διὸ
317 3879 397 3942 ὡς
424 3878 591 3932 νωδόν
622 3896 675 3932 τι
707 3880 801 3933 καὶ
823 3880 1133 3953 ἀφροσύνης
1161 3880 1416 3951 ἔμπλεον.
1448 3884 1692 3939 ἀσκαλα-

119 3970 291 4024 ϐώτου
320 3970 480 4040 δίκην
503 3970 707 4043 ταύτην
728 3972 1033 4045 παρελθὼν,
1058 3974 1149 4026 ἐπὶ
1181 3974 1279 4039 τὰς
1313 3975 1439 4047 ἐξῆς
1479 3976 1693 4047 βαδιοῦ-

122 4078 238 4133 μαι,
269 4056 316 4116 ὦ
357 4062 653 4133 ἀγαπητοὶ,
686 4060 817 4119 Θεὸν
856 4065 1273 4137 ἐπικαλούμενοι
1297 4070 1317 4099 ⁸
1340 4070 1419 4133 είς
1443 4067 1695 4139 βοήθειαν

117 4155 214 4224 τῆς
243 4156 525 4227 ἡμετέρας
562 4157 967 4229 ταπεινότητος,
1014 4158 1107 4211 καὶ
1156 4159 1237 4221 εἰς
1271 4158 1550 4231 πλήρωσιν
1597 4162 1695 4233 τῆς

118 4249 277 4317 ἡμῶν
320 4248 671 4317 ἐπαγγελίας.

280 4359 476 4413 ΚΑΤΑ
514 4358 1382 4417 ΤΕΣΣΑΡΕΣΚΛΙΔΕΚΑΤΙΤΩΝ
1423 4363 1535 4436 (6),

427 4473 776 4542 Τριακοστὴ,
805 4476 843 4543 ἡ
868 4475 968 4529 καὶ
997 4476 1399 4544 πεντηκοστὴ.

184 4590 267 4643 Δ¹.
324 4588 456 4643 Ἀπὸ
481 4588 687 4645 τούτων
723 4591 832 4645 τῶν
858 4591 952 4645 δύο
979 4592 1244 4663 αἱρέσεων
1274 4592 1410 4663 ἐμοῦ
1435 4591 1691 4664 ἀλλήλαις

193 4745 211 4776 ³
245 4743 375 4818 Cor.
405 4743 593 4818 φύσιν.
670 4747 690 4776 ’
716 4744 771 4799 ιτ.
809 4747 1253 4818 ἐπικαλούμενος.

119 4814 205 4870 54.
286 4815 307 4846 ⁷
343 4814 361 4866 Ι
394 4815 520 4867 Cor.
557 4830 633 4880 ιιι,
666 4817 719 4869 8.
811 4815 875 4868 'l
911 4816 1051 4872 Tim.
1078 4814 1154 4879 Vn,
1188 4818 1273 4876 M.

185 4972 262 5043 (6)
314 4972 1061 5039 Τεσσαρεσκαιδεκατιτῶν,
1099 4974 1213 5029 sive
1246 4973 1691 5040 Qnartadecima-

122 5059 329 5115 norum_
367 5043 588 5115 hteresis
638 5058 699 5097 ea
749 5044 969 5112 pr0prie
1020 5044 1250 5109 dicitur,
1297 5062 1417 5115 qua:
1462 5044 1690 5100 Judaico

120 5131 270 5169 more
302 5112 508 5186 Pascha
540 5114 662 5167 luna
692 5131 782 5186 χιιι
824 5115 1207 5186 celebrandum
1260 5112 1473 5186 asserit,
1509 5132 1695 5186 quam-

119 5200 337 5253 cunque
387 5183 602 5237 demum
648 5186 701 5237 in
740 5185 930 5237 leriatn
968 5185 1213 5239 incidat:
1246 5200 1366 5253 quae
1401 5184 1502 5238 fuit
1529 5183 1690 5240 Asia-

120 5257 353 5307 ticorum
379 5256 585 5322 opinio,
619 5255 711 5323 qui
744 5254 975 5309 Joannis
1004 5256 1329 5310 auctoritate
1362 5255 1481 5309 freti
1522 5257 1691 5326 perti-

122 5328 327 5379 naciter
372 5328 535 5379 ritum
574 5326 1328 5395 illum,consuetudinemque
1378 5334 1691 5380 tenuerunt.

121 5395 191 5467 De
218 5411 331 5463 quo
363 5395 630 5467 Eusebius
663 5398 696 5449 Ι.
723 5412 755 5451 v
791 5396 933 5451 Hist.
974 5396 1135 5467 Addit
1166 5397 1507 5467 Augustinus
1535 5397 1571 5450 Ι.
1620 5396 1694 5450 De

122 5466 308 5518 hmres.
345 5466 563 5520 eosdem
602 5467 724 5521 illos
760 5483 847 5520 xrv
881 5469 1007 5520 luna
1042 5466 1219 5521 Martii
1254 5464 1455 5521 tnensis
1486 5464 1692 5521 Pascha

125 5538 329 5589 ﬁxisse.
372 5535 471 5591 Ubi
514 5534 762 5591 Martium
812 5555 918 5593 non
962 5537 1237 5591 lulianum
1266 5578 1279 5600 ,
1317 5537 1410 5593 sed
1448 5539 1691 5590 lunarem

124 5608 350 5677 intelligi
384 5622 608 5679 necesse
649 5616 750 5671 est,
785 5625 906 5662 cum
936 5610 1180 5679 plerique
1220 5609 1504 5679 paschales
1544 5623 1696 5679 men-

124 5695 210 5731 ses
242 5676 407 5730 etiam
437 5676 647 5731 Iudaici
682 5680 733 5733 in
760 5676 997 5748 Aprilem
1052 5676 1370 5735 incide—rent.
1410 5677 1522 5733 Nisi
1558 5677 1697 5731 forte

127 5748 175 5802 in
220 5765 291 5804 ea
322 5749 545 5820 quidam
589 5750 844 5820 opinione
897 5749 1137 5816 fuerint,
1172 5757 1232 5804 ut
1274 5748 1467 5807 Martio
1510 5763 1698 5804 mense

1365 4749 1384 4781 ³
1412 4751 1531 4805 Act.
1569 4765 1681 4816 ut,
1725 4751 1780 4812 9.
1858 4752 1878 4782 ⁸
1910 4752 2084 4807 Galat.
2122 4768 2204 4817 ιιι,
2252 4755 2344 4810 28.

1791 1891 1890 1948 est,
1931 1897 2091 1951 neque
2124 1881 2318 1951 femina
2338 1880 2379 1933 ⁸.
2410 1877 2535 1933 Haec
2578 1882 2707 1933 sunt
2737 1891 2858 1947 quae
2887 1875 2955 1930 de
3003 1875 3111 1928 illis
3148 1886 3367 1941 compe—
3474 1868 3479 1891 λ

1792 1975 1902 2028 rire
1959 1972 2261 2044 potuimus.
2307 1972 2579 2026 Cteterum
2622 1967 2955 2039 Artotyritas
3004 1964 3226 2019 eosdem
3281 1966 3365 2017 id-

1793 2066 1944 2119 circo
1974 2071 2203 2125 vocant,
2225 2060 2372 2132 quod
2398 2060 2467 2114 ad
2496 2058 2827 2115 celebranda
2862 2056 3124 2129 mysteria
3144 2069 3242 2110 sua
3272 2070 3368 2125 pa-

1794 2169 1915 2208 nem
1946 2161 2000 2207 et
2039 2167 2260 2207 caseum
2301 2150 2584 2205 adhibent.

1862 2242 1950 2298 Ill.
1992 2241 2195 2297 Verum
2224 2244 2505 2297 enimvero
2529 2240 2623 2294 ubi
2647 2239 2716 2294 ab
2743 2239 2959 2294 sincera
2989 2236 3253 2307 religione
3278 2250 3365 2291 se-

1794 2335 1902 2389 mel
1929 2335 2243 2388 aberratum
2271 2342 2379 2396 est,
2408 2332 2640 2388 ridicula
2674 2347 2739 2387 ac
2774 2330 3114 2401 perturbata,
3149 2344 3270 2400 quae
3296 2329 3367 2385 ab

1794 2424 2110 2480 hominibus
2150 2433 2438 2495 geruntur,
2475 2439 2600 2480 esse
2634 2424 2819 2478 omnia
2860 2436 3089 2477 necesse
3129 2432 3236 2485 est,
3272 2436 3367 2475 va-

1793 2520 1875 2571 ria
1908 2528 1966 2571 ut
1996 2518 2120 2572 inde
2170 2517 2373 2572 furoris
2426 2531 2647 2587 genera,
2683 2516 3105 2586 dtemonumque
3147 2517 3202 2568 in
3248 2528 3367 2567 cor-

1792 2625 1924 2680 pora
1951 2608 2342 2679 impressiones
2364 2608 2635 2664 oriantur.
2659 2604 2793 2661 Nam
2818 2606 2912 2677 qui
2940 2606 3184 2662 veritatis
3201 2602 3366 2677 519

1792 2701 2089 2757 anchoram
2148 2700 2374 2755 minime
2400 2698 2671 2763 retinent,
2707 2696 2805 2752 sed
2832 2703 3117 2752 ventorum
3141 2694 3364 2749 ﬂatibus

1792 2806 2122 2863 quacunque
2159 2806 2219 2847 se
2252 2789 2542 2846 occasione
2572 2790 2914 2862 permittunt,
2962 2789 3158 2843 horum
3188 2786 3359 2840 animi

1794 2886 2106 2957 prtecipites
2133 2886 2368 2940 amentia
2400 2883 2673 2941 feruntur.
2703 2881 2861 2950 Quod
2893 2882 3036 2937 enim
3075 2879 3366 2935 muliercu-

1793 2977 1875 3033 las
1922 2978 1990 3031 ad
2041 2977 2425 3046 episcoporum
2482 2984 2576 3030 aut
2627 2974 3070 3044 presbyterorum
3114 2969 3363 3025 ordinem

1796 3067 2095 3125 asciscunt.
2132 3066 2295 3136 idque
2323 3067 2393 3122 ob
2430 3065 2591 3121 Evam
2637 3065 2818 3119 facere
2860 3079 2920 3119 se
2959 3062 3236 3129 dictitant,
3271 3076 3363 3117 au-

1796 3158 1955 3213 diunt
2006 3173 2141 3213 sane
2181 3158 2326 3229 quod
2359 3172 2391 3212 a
2417 3156 2651 3213 Domino
2683 3157 2887 3210 dictum
2928 3156 3012 3210 est
3042 3174 3053 3207 :
3085 3152 3164 3207 Ad
3195 3154 3364 3207 virum

1790 3250 1887 3304 erit
1933 3252 2197 3304 conversio
2237 3259 2351 3315 tua,
2384 3259 2432 3305 et
2478 3250 2586 3318 ipse
2620 3232 2982 3303 dominabitur
3030 3244 3125 3298 tibi
3146 3244 3187 3299 ⁸.
3221 3244 3363 3310 Quin

1791 3340 1928 3395 illud
1965 3343 2222 3411 ignorant
2266 3341 2512 3412 Apostoli
2553 3339 2930 3409 prtescriptum
2964 3355 2977 3390 :
3012 3335 3223 3391 Mulieri
3261 3354 3362 3389 non

1790 3433 2033 3501 permitto
2065 3434 2229 3503 loqui,
2262 3449 2423 3503 neque
2449 3433 2503 3486 in
2532 3434 2669 3486 viros
2703 3430 3072 3483 auctoritatem
3107 3426 3359 3493 habere‘;

1791 3524 1919 3577 item
1954 3521 2117 3576 :Non
2147 3524 2284 3577 enim
2330 3522 2410 3577 vir
2457 3531 2535 3577 est
2586 3538 2619 3574 a
2657 3518 2894 3583 muliere,
2931 3516 3022 3573 sed
3072 3516 3261 3571 mulier
3298 3530 3365 3571 ea:

1790 3616 1967 3681 viro";
2014 3624 2108 3669 et:
2141 3615 2314 3668 Adam
2352 3630 2456 3669 non
2490 3622 2568 3668 est
2617 3612 2882 3681 deceptus,
2931 3612 3021 3665 sed
3074 3608 3187 3663 Eva
3218 3610 3365 3677 prior

1790 3708 2004 3779 decepta
2035 3713 2088 3763 in
2130 3711 2549 3782 transgressione
2575 3708 2739 3778 fuit”.
2776 3709 2820 3762 0
2864 3706 3051 3761 mundi
3081 3704 3246 3773 hujus
3268 3720 3365 3758 va-

1794 3801 2021 3856 nitatem
2052 3817 2407 3871 erroremqne
2435 3801 2830 3871 multiplicem!

1862 3890 1969 3947 Sed
2006 3891 2142 3961 jam,
2188 3892 2524 3959 charissimi,
2556 3893 2820 3947 edentula
2852 3891 2975 3957 hac,
3011 3897 3067 3946 et
3113 3890 3365 3944 amentia:

1793 3985 1952 4055 plena
2002 3986 2199 4040 haeresi
2243 3985 2514 4041 stellionis
2566 3986 2741 4041 instar
2788 3984 3080 4056 praeterita,
3123 3984 3364 4053 reliquas

1792 4076 2206 4148 aggrediamur;
2257 4092 2320 4132 ac
2368 4076 2464 4133 Dei
2517 4079 2754 4148 primum
2800 4078 3157 4148 imploremus
3205 4076 3363 4131 auxi-

1793 4168 1949 4232 lium,
1984 4175 2045 4222 ut
2080 4168 2125 4223 is
2154 4168 2411 4223 tenuitati
2435 4176 2639 4224 nostra:
2683 4169 2998 4233 subveniat,
3032 4182 3141 4237 quo
3169 4182 3355 4225 susce.

1791 4266 1940 4328 ptum
1975 4274 2113 4329 opus
2144 4259 2213 4314 ad
2242 4261 2445 4315 exitum
2476 4263 2869 4333 perducamus.

2064 4374 2345 4431 CONTRA
2382 4374 3087 4444 QUARTADECIMANOS,

2261 4486 2491 4542 "(tresis
2518 4487 2700 4553 XXX,
2736 4488 2840 4542 sive
2865 4486 2928 4540 L.

1867 4596 1909 4651 l.
1951 4596 2026 4650 Ex
2084 4599 2152 4655 iis
2180 4598 2395 4655 duabus
2435 4600 2578 4655 inter
2626 4616 2686 4655 se
2728 4600 3031 4655 commistis
3063 4597 3359 4671 Phrygum,

2438 4756 2458 4785 ⁵
2490 4753 2624 4811 Gen.
2676 4771 2757 4815 ιιι,
2804 4754 2888 4807 16.
2970 4755 2990 4785 ⁸
3028 4750 3199 4807 lCor.
3248 4769 3360 4817 xrv,

1792 4982 2056 5046 perpetuo
2089 4974 2478 5046 celebrandum
2509 4980 2808 5046 putar_ent._
2828 4970 3030 5025 Scribit
3054 4972 3214 5046 enim
3237 4969 3364 5046 Phi-

1794 5040 2015 5103 lastrius
2074 5040 2598 5111 Quartadecimanos
2656 5042 2863 5098 Pascha
2926 5057 3111 5095 mense
3170 5040 3364 5096 Martio

1793 5117 2179 5172 celebrandum
2227 5130 2494 5170 asserere.
2539 5117 2716 5185 Atque
2762 5114 2875 5166 haec
2913 5111 3021 5164 τῶν
3058 5113 3365 5235 Τεσσαιρεσ-

1794 5185 2182 5235 magum-(13v
2214 5200 2341 5235 vera
2384 5191 2503 5235 est.
2551 5193 2603 5235 et
2636 5196 2890 5235 germana
2940 5183 3116 5235 notio.
3166 5198 3223 5235 se
3311 5193 3365 5235 et

1794 5185 2182 5241 καιδεκατιτῶν
2214 5200 2341 5240 vera
2384 5191 2503 5245 est,
2551 5193 2603 5238 et
2631 5183 2890 5255 germana
2940 5183 3116 5255 notio,
3166 5183 3257 5236 sed
3311 5193 3365 5237 et

1793 5259 1899 5311 alia
1950 5256 2051 5310 fuit
2082 5256 2273 5310 eodem
2308 5255 2579 5308 vocabulo
2617 5252 3009 5323 comprehensa
3044 5252 3362 5323 depravato-

1794 5344 1914 5382 rum
1957 5328 2185 5381 istorum
2235 5324 2421 5391 factio,
2466 5340 2585 5394 quin
2633 5326 2769 5378 inira
2802 5323 3033 5394 quadam
3073 5325 3360 5386 abusione,

1796 5397 2416 5463 Quartadccimanorum
2451 5392 2648 5449 nomen
2679 5396 2897 5448 meruit.
2922 5392 3177 5463 Nonnulli
3204 5394 3363 5462 quip-

1797 5461 1862 5537 pe
1905 5467 2232 5521 celebrando
2283 5464 2531 5520 Paschati
2582 5475 2789 5537 certum
2842 5465 2895 5517 in
2952 5479 3093 5518 anno
3145 5461 3365 5537 Iuliano

1797 5532 1939 5591 diem
1971 5544 2280 5591 statuerunt
2315 5555 2328 5590 :
2363 5537 2510 5592 velut
2538 5552 2632 5590 vm
2688 5534 2806 5591 Kal.
2838 5542 2930 5587 aut
2963 5549 3051 5596 xv,
3089 5543 3179 5586 aut
3206 5548 3271 5596 χι
3296 5532 3363 5585 de

1797 5588 1996 5683 tanta
2034 5588 2351 5683 saginata
2373 5588 2663 5683 agendum
2690 5588 2837 5661 ...η-ε
2870 5619 3008 5683 qua;
3033 5588 3220 5683 διηηςε
3245 5588 3365 5683 ιρί-

1803 5671 2124 5747 phanius'ad
2150 5671 2671 5743 Quartadeéimanos
2696 5671 3024 5747 aggregavit.
3051 5671 3235 5747 Tertia
3261 5671 3375 5737 τῆς

1802 5742 1893 5801 τοῦ
1940 5748 2129 5819 Πάσχα
2161 5742 2487 5819 διαστροφῆς
2533 5746 2670 5800 ratio
2689 5784 2703 5810 ,
2734 5742 2915 5816 atque
2944 5742 3205 5807 haresis,
3235 5747 3297 5799 nt
3336 5750 3365 5795 )
