3846 6290
49 263 166 320 1⁸35

815 269 853 320 A
867 267 1186 324 DVERSUS
1225 267 1565 322 HERESES
1601 266 1688 320 LII

1790 266 1824 322 I.
1870 267 2032 322 TOSI.
2073 268 2112 322 1.
2153 299 2220 307 -
2260 267 2534 323 ΙΙΑΞΒΕΞ.
2580 269 2641 323 L.

3240 273 3342 324 886

53 388 346 453 ἄγοντες,
409 389 503 440 καὶ
539 389 636 458 τὴν
689 389 858 459 αὐτὴν
895 389 1024 458 μίαν
1052 387 1267 460 ἡμέραν
1307 389 1677 458 νηστεύοντες,

1790 387 2013 457 demque
2051 387 2195 442 diem
2249 387 2566 453 observant,
2621 395 2677 440 et
2729 401 2833 439 una
2880 386 3178 455 eademque
3203 386 3314 454 jejn

57 479 154 527 καὶ
199 477 279 529 τὰ
354 480 641 550 μυστήρια
707 478 1110 542 ἐπιτελοῦντες,
1144 479 1252 531 ἀπὺ
1307 481 1416 532 τῶν
1459 481 1672 532 Ἀκτων

55 569 227 636 δῆθεν
263 569 524 623 Πιλάτου
562 571 786 640 αὑχοῦσι
824 570 923 640 τὴν
955 570 1239 641 ἀκρίϐειαν
1274 571 1587 642 εὑρηκέναι,
1615 572 1673 624 ὲν

56 653 136 720 οἷς
181 660 538 729 ἐμφέρεται,
578 663 644 731 τῇ
685 663 789 730 πρὸ
817 659 959 713 ὀκτὼ
1011 661 1305 714 Καλανδῶν
1355 660 1673 732 Ἀπριλλίων

57 754 151 803 τὸν
207 753 471 824 Σωτῆρα
505 752 850 805 πεπονθέναι.
903 752 1010 804 Καὶ
1047 753 1104 804 ὲν
1157 752 1338 822 ἐκείνῃ
1389 755 1452 820 τῇ
1494 752 1673 820 ἡμέρᾳ

63 844 379 911 βούλονται
439 845 590 910 ἄγειν
635 844 696 896 τὸ
744 843 955 912 Πάσχα,
1010 842 1172 912 ὁποία
1197 841 1240 894 δ’
1277 842 1342 894 ἂν
1383 841 1597 912 ἐμπέσῃ
1639 843 1672 912 ή

60 937 665 1004 τεσσαρεσκαιδεκάτη
715 935 812 1003 τῆς
860 934 1108 1003 σελήνης.
1145 934 1207 985 Οἱ
1235 932 1290 984 δὲ
1323 934 1379 984 ὲν
1421 935 1486 1002 τῇ
1520 933 1673 983 Καπ-

64 1027 319 1097 παδοκίᾳ
367 1028 472 1097 τὴν
508 1027 675 1096 αὐτὴν
705 1027 833 1096 μίαν
862 1025 1074 1096 ἡμέραν
1103 1025 1201 1093 τὴν
1233 1025 1336 1096 πρὸ
1387 1023 1529 1077 ὀκτὼ
1561 1025 1674 1076 Καν-

66 1118 290 1172 mam
344 1118 682 1189 ’Δπριλλὶων
729 1116 941 1184 ἄγουσι.
986 1117 1094 1169 Καὶ
1129 1117 1186 1168 ὲν
1229 1116 1410 1178 αὐτοῖς
1447 1103 1503 1167 δὲ
1549 1114 1673 1168 στά-

67 1224 149 1269 σις
183 1207 273 1273 (9)
309 1209 424 1275 οὐχ
449 1209 484 1276 ἡ
531 1204 788 1274 τυχοῦσα,
811 1204 919 1256 τῶν
958 1203 1056 1273 μὲν
1085 1203 1351 1272 λεγόντων
1382 1206 1448 1272 τῇ
1484 1219 1676 1255 τεσσα-

69 1300 495 1370 ρεσκαιδεκάτῃ
541 1299 638 1367 τῆς
663 1296 888 1366 σελήνης
915 1295 1022 1348 τῶν
1055 1294 1161 1367 πρὸ
1208 1294 1350 1349 ὀκτὼ
1385 1293 1673 1347 Καλανδῶν

81 1389 459 1458 Ἀπριλλίων.
496 1389 613 1440 Ἔτι
641 1387 697 1438 δὲ
734 1385 964 1457 εὕρομεν
992 1387 1303 1457 ἀντίγραφα
1343 1389 1406 1438 ὲκ
1433 1385 1539 1438 τῶν
1581 1387 1676 1438 Πι-

71 1476 272 1537 λάτου,
323 1477 392 1527 ὲν
450 1469 531 1537 οἷς
588 1474 839 1542 σημαίνει
890 1474 996 1544 πρὸ
1047 1475 1340 1527 δεκαπέντε
1386 1475 1674 1528 Καλανδῶν

83 1565 438 1634 Ἀπριλλίων
468 1565 526 1616 τὸ
555 1565 730 1628 Πάθος
792 1565 1137 1635 γεγενῆσθαι.
1174 1566 1388 1635 ΤάληΘῆ
1416 1566 1488 1623 δὲ,
1509 1566 1583 1628 ὡς
1612 1567 1675 1618 ἐκ

356 1655 647 1726 ἀκριϐείας
703 1656 980 1726 ἔγνωμεν,
1033 1658 1091 1708 ὲν
1134 1661 1196 1728 τῇ
1229 1658 1332 1728 πρὸ
1379 1656 1672 1726 δεκατριῶν

1780 486 1934 542 nant,
1968 493 2032 532 ac
2066 479 2344 549 mysteriis
2373 486 2691 549 aperantur.
2728 477 2860 531 Nam
2893 495 2960 533 ex
3001 479 3153 533 Actis
3183 477 3339 532 Pilati

1776 579 2088 624 accuratam
2140 585 2201 623 se
2259 569 2422 637 hujus
2482 569 2713 624 instituti
2767 569 3034 622 rationem
3081 569 3341 623 didicisse

1775 660 2103 730 gloriantur,
2144 661 2197 714 in
2230 661 2434 732 quibus
2468 663 2730 730 scriptum
2770 672 2850 713 est
2884 676 2980 713 VIII
3015 660 3132 713 Kal.
3184 661 3345 728 Apri-

1777 750 1842 804 lis
1888 749 2223 803 Salvatorem
2254 765 2377 804 esse
2409 765 2651 819 passum.
2688 749 3052 814 Quamobrem
3099 748 3188 802 illa
3225 749 3342 817 ipsa

1773 841 1861 896 die
1887 840 2162 895 celebrare
2187 842 2392 896 Pascha
2415 842 2622 905 volunt,
2639 840 2692 894 in
2721 855 3103 910 quamcunque
3123 841 3341 893 demum

1774 931 1915 984 lunae
1964 946 2054 984 xw
2105 931 2224 984 dies
2278 931 2593 986 incurrerit.
2646 931 2714 983 At
2763 931 2856 1000 qui
2904 931 2957 983 in
2991 931 3339 1000 Cappadocia

1778 1021 2003 1092 degunt,
2033 1022 2278 1076 eamdem
2319 1022 2484 1085 diem,
2517 1038 2638 1092 qua:
2675 1033 2759 1077 est
2788 1037 2882 1076 VIII
2920 1021 3038 1075 Kal.
3075 1024 3206 1091 Apr.
3251 1038 3341 1076 ce-

1777 1113 2011 1168 lebrant.
2040 1112 2280 1168 Tametsi
2314 1129 2424 1168 non
2464 1114 2756 1169 mediocris
2781 1121 2863 1168 est
2895 1115 3037 1169 inter
3070 1116 3191 1169 illos
3222 1115 3341 1170 dis-

1775 1202 1976 1256 sensio.
2027 1199 2284 1256 Nonnulli
2346 1203 2488 1257 enim
2544 1203 2727 1257 lunam
2784 1219 2872 1256 xlv
2914 1212 3159 1259 statuunt
3216 1220 3336 1274 quas

1775 1293 1830 1346 in
1873 1308 1968 1347 vm
1996 1290 2114 1346 Kal.
2169 1292 2298 1362 Apr.
2353 1293 2560 1346 incidit.
2617 1291 2728 1348 Nos
2766 1295 3024 1347 Actorum
3072 1295 3337 1362 ejusmodi

1771 1381 1931 1436 Pilati
1986 1383 2318 1452 exemplaria
2373 1384 2617 1454 qutedam
2677 1384 3004 1448 invenimus,
3049 1401 3168 1454 quze
3217 1397 3341 1439 ante

1775 1473 1916 1529 diem
1974 1490 2044 1528 xv
2093 1472 2212 1527 Kal.
2246 1475 2376 1544 Apr.
2421 1473 2736 1529 Passionem
2795 1475 2997 1530 Christi
3035 1477 3336 1546 contigisse

1775 1565 2090 1621 narrabant.
2117 1565 2316 1620 Verum
2347 1575 2498 1621 certo
2543 1576 2596 1622 et
2641 1584 2704 1622 ex
2741 1569 2818 1622 rei
2854 1570 3081 1624 veritate
3121 1583 3342 1638 compe-

1775 1656 1968 1718 rimus,
2008 1663 2132 1708 ante
2162 1655 2304 1708 diem
2360 1670 2455 1709 xm
2489 1654 2609 1710 Kal.
2647 1657 2777 1725 Apr.
2813 1673 3034 1725 passum
3069 1673 3189 1714 esse
3220 1657 3340 1712 Sal-

78 1746 406 1798 Καλανδῶν
452 1746 772 1816 Ἀπριλλίων
804 1747 894 1799 τὸν
941 1747 1167 1818 Σωτῆρα
1201 1745 1523 1799 πεπονθέναι
1554 1763 1678 1798 κατε

1790 1751 2040 1797 vatorem.
2075 1743 2179 1796 Alii
2222 1742 2288 1795 ad
2326 1759 2356 1796 ι
2383 1743 2502 1796 Kal.
2548 1744 2677 1813 Apr.
2725 1745 3000 1814 rejiciunt.
3045 1743 3150 1800 Sed
3182 1747 3271 1800 isti
3310 1764 3340 1800 a

75 1835 426 1905 ειλήφαμεν.
469 1835 624 1898 Τινὲς
647 1836 701 1888 δὲ
732 1838 797 1906 τῇ
824 1837 928 1908 πρὸ
953 1837 1085 1890 δέκα
1113 1837 1400 1890 Καλανδῶν
1460 1838 1678 1909 Ἀπριλ-

80 1929 212 1979 λίων
264 1927 551 1995 λέγουσιν.
605 1927 890 1992 Ἐξέπεσον
921 1929 978 1982 δὲ
1024 1930 1118 1982 καὶ
1159 1922 1303 1981 οὗτοι
1334 1929 1429 1981 τοῦ
1467 1946 1678 1999 προκει-

83 2018 280 2085 μένου.
319 2019 486 2071 Δέδια
524 2019 580 2070 δὲ
611 2019 703 2071 καὶ
753 2020 880 2090 περὶ
911 2020 1114 2072 τούτων
1157 2020 1248 2072 ἐπὶ
1295 2020 1541 2072 πλεῖστον
1575 2037 1679 2091 μη-

85 2110 250 2163 κῦναι
285 2112 386 2164 τὸν
421 2111 598 2178 λόγον.
634 2111 811 2164 Πολλὰ
839 2112 945 2183 γὰρ
973 2111 1167 2182 ἔχομεν
1199 2112 1396 2180 λέγειν.

155 2202 234 2253 B’.
283 2201 598 2272 Πληρὼσας
629 2202 737 2269 γὰρ
769 2203 796 2253 6
835 2203 1130 2274 νομοθέτης
1168 2203 1258 2255 τὸν
1293 2203 1469 2257 πάντα
1519 2204 1680 2275 νόμον

88 2295 326 2364 Μωσῆς,
363 2295 431 2346 ὲκ
475 2293 610 2346 Θεοῦ
639 2293 817 2346 λαϐὼν
859 2294 920 2347 τὸ
952 2297 1185 2365 πρᾶγμα
1215 2297 1230 2326 ¹
1275 2296 1333 2347 ὲν
1383 2297 1452 2366 τῇ
1476 2295 1680 2367 ἐσχάτῃ

92 2384 263 2453 βίϐλῳ
316 2385 782 2454 Δευτερονομίου,
824 2385 1068 2438 τουτέστι
1119 2385 1302 2456 τίθησι
1345 2385 1526 2448 πάσας
1579 2385 1679 2448 τὰς

94 2477 391 2544 κατάρας,
435 2477 496 2528 οὐ
560 2475 716 2544 μόνον
747 2475 874 2544 περὶ
929 2474 1180 2545 Πασχῶν,
1222 2474 1360 2528 ἀλλὰ
1409 2475 1503 2528 καὶ
1553 2475 1680 2546 περὶ

94 2563 443 2632 περιτομῆς,
491 2564 583 2614 καὶ
621 2564 747 2633 περὶ
783 2563 1161 2626 δεκατώσεως,
1196 2564 1290 2616 καὶ
1332 2563 1677 2635 προσφορῶν.

97 2652 264 2706 Ὥστε
303 2650 424 2718 οὖν,
456 2655 505 2706 εἰ
536 2653 660 2724 μίαν
700 2655 943 2726 κατάραν
968 2653 1318 2724 πεφεύγασιν,
1357 2657 1436 2718 είς
1478 2654 1680 2718 πολλὰς

99 2746 334 2808 ἑαυτοὺς
366 2746 673 2816 ὲνέπειραν.
705 2744 1104 2817 Εὑρεθήσονται
1131 2745 1236 2819 γὰρ
1269 2746 1678 2817 ὲπικατάρατοι,

103 2837 180 2906 μὴ
216 2837 712 2906 περιτεμνόμενοι·
735 2835 1150 2906 ὲπικατάρατοι,
1187 2837 1262 2907 μὴ
1291 2836 1682 2890 ἀπώεκατοῦν-

100 2943 193 2988 τες
215 2943 230 2957 ο
270 2928 370 2978 καὶ
401 2927 790 2998 ὲπικατάρατοι
824 2928 1084 2995 γίνονται,
1117 2929 1191 2998 μὴ
1219 2930 1298 2991 είς
1329 2927 1680 2998 Ἰερουσαλὴμ

103 3019 539 3090 προσφέροντες.
601 3019 710 3072 Καὶ
755 3018 798 3070 ὦ
831 3018 938 3071 τῶν
983 3018 1188 3070 πολλῶν
1228 3020 1530 3091 ἀνθρώπων
1575 3020 1681 3073 τῶν

1779 1834 2060 1904 proposito
2081 1833 2424 1888 exciderunt.
2457 1831 2655 1888 Verum
2684 1835 2810 1888 nolo
2834 1835 3081 1905 pluribus
3110 1851 3173 1890 ea
3194 1837 3258 1890 de
3286 1853 3340 1891 re

1778 1926 2082 1994 disputare.
2113 1925 2331 1994 Alioqui
2381 1925 2552 1978 multa
2589 1926 2746 1981 nobis
2783 1927 2849 1980 ad
2881 1926 3173 1982 dicendum
3213 1944 3342 1998 sup-

1778 2023 1989 2084 petunt.

1849 2192 1912 2246 ll.
1959 2192 2169 2264 Moyses
2225 2193 2442 2264 quidem
2497 2193 2798 2264 legislator,
2858 2211 2982 2250 cum
3031 2196 3341 2251 universam

1780 2283 1950 2353 legem
1993 2282 2277 2346 edixisset,
2333 2283 2590 2338 mandato
2627 2284 2893 2340 divinitus
2924 2296 3163 2358 recepto,
3199 2295 3258 2341 ut
3288 2286 3341 2340 in

1781 2380 2058 2443 postremo
2081 2374 2485 2428 Deuteronomii
2520 2374 2658 2429 libro
2683 2376 2946 2446 scriptum
2976 2387 3054 2432 est
3071 2381 3112 2443 ‘,
3143 2379 3342 2450 imprc-

1779 2465 2021 2519 cationes
2081 2480 2270 2520 omnes
2318 2466 2637 2536 preposuit;
2698 2483 2804 2521 non
2869 2467 3030 2522 modo
3100 2487 3220 2539 quae
3274 2472 3338 2524 ad

1780 2556 2066 2612 Paschatis
2110 2558 2558 2623 celebrationem,
2610 2560 2704 2614 sed
2745 2561 2907 2613 etiam
2951 2577 3070 2630 quze
3120 2561 3190 2615 ad
3235 2563 3342 2615 cir-

1779 2646 2200 2714 cumcisioneni,
2256 2662 2320 2702 ac
2365 2648 2628 2711 decimas,
2680 2657 2733 2701 et
2777 2651 3078 2706 oblationes
3130 2659 3344 2720 specta-

1779 2737 1933 2794 bant.
1967 2736 2148 2803 Quare
2174 2738 2304 2792 dum
2341 2755 2507 2792 unum
2537 2739 2945 2809 imprecationis
2985 2757 3156 2810 genus
3195 2741 3344 2796 devi-

1779 2835 1916 2892 tant,
1960 2829 2012 2882 in
2040 2829 2175 2884 alias
2203 2830 2511 2900 complures
2535 2829 2856 2902 semetipsos
2890 2831 3140 2887 induunt.
3173 2832 3344 2887 Exse-

1781 2919 2012 2974 crabiles
2052 2919 2252 2990 quippe
2296 2935 2391 2975 eos
2439 2927 2652 2991 oportet
2685 2935 2828 2982 esse,
2869 2922 2962 2991 qui
3010 2938 3186 2992 neque
3233 2923 3341 2977 cir-

1781 3009 2162 3066 cumcidantur
2211 3011 2466 3081 amplius,
2523 3027 2698 3082 neque
2747 3011 2988 3067 decimas
3048 3013 3342 3083 pensitent,

105 3104 185 3164 είς
211 3103 417 3167 πολλὰς
439 3104 664 3167 ἑαυτοὺς
689 3105 993 3174 ὲρεσχελίας
1017 3106 1387 3177 ἐμϐαλλόντων
1417 3109 1429 3161 l
1450 3107 1686 3178 Ἀληθῶς

1790 3116 1963 3171 neque
1989 3100 2360 3174 Hierosolyma
2387 3103 2683 3173 quidquam
2712 3103 2975 3158 afferendi
3011 3106 3182 3173 gratia
3213 3105 3343 3161 sub-

111 3191 222 3262 γὰρ
250 3193 402 3245 ἔστιν
433 3196 608 3247 εἰπεῖν
640 3197 815 3250 ὲκεῖνο
843 3195 904 3248 τὸ
939 3198 1088 3267 ῥῆμα
1113 3197 1174 3249 τὸ
1198 3198 1412 3251 συνετὸν
1435 3197 1527 3250 τοῦ
1571 3197 1687 3250 Ἐκ-

112 3284 446 3354 κλησιαστοῦ
469 3290 511 3350 ³,
545 3287 606 3340 τὸ
639 3289 702 3341 έκ
747 3287 1059 3358 Πνεύματος
1093 3289 1246 3356 ἁγίου
1289 3291 1419 3359 ἡμῖν
1447 3289 1686 3341 διεσταλ-

115 3374 316 3441 μένονο
352 3378 434 3429 ὅτι
466 3377 635 3431 Τοῦτο
667 3377 806 3446 ἔγνω
833 3381 861 3432 6
905 3377 1353 3452 Ἐκκλησιαστὴς,
1385 3382 1464 3434 ὅτι
1493 3382 1520 3433 6
1558 3380 1687 3443 Θεὸς

117 3469 342 3521 συνετὸν
364 3467 648 3540 ἄνθρωπον
677 3470 930 3541 ἐποίησεν
959 3470 1088 3542 εὺθῆ
1109 3486 1122 3498 ⁸
1155 3472 1307 3525 αὐτοὶ
1335 3471 1389 3525 δὲ
1419 3471 1688 3543 ἐζήτησαν

119 3556 322 3622 πολλὰς
341 3559 558 3624 ἑαυτοῖς
577 3560 746 3624 ὁδούς.

193 3823 369 3876 Πόθεν
401 3822 512 3893 γὰρ
540 3824 598 3877 οὐ
633 3824 912 3878 διαπίπτει
947 3823 1150 3878 τούτων
1183 3825 1217 3896 ἡ
1253 3825 1494 3892 διάνοια;
1535 3827 1690 3899 Πρῶ-

125 3931 212 3966 τον
247 3915 358 3986 γὰρ
387 3917 446 3968 ὲν
475 3917 540 3986 τῇ
579 3915 1136 3988 τεσσαρεσκαιδεκάτῃ
1165 3916 1226 3969 τὸ
1251 3917 1440 3987 Πάσχα
1477 3918 1690 3986 ἄγουσι,

125 4003 316 4072 χρείαν
356 4002 538 4073 ἔχουσι
572 4003 634 4056 τὸ
662 4003 929 4076 πρόϐατον
965 4004 1148 4057 λαϐεῖν
1176 4006 1282 4058 ἀπὸ
1309 4006 1561 4078 δεκάτης,
1599 4007 1692 4060 καὶ

129 4097 314 4164 τηρεῖν
339 4093 472 4148 αὐτὸ
492 4094 596 4157 ἕως
613 4095 1206 4167 τεσσαρεσκαιδεκάτης
1225 4111 1238 4124 °
1264 4097 1357 4149 καὶ
1392 4097 1570 4152 οὐκέτι
1601 4098 1694 4168 μία

132 4186 309 4258 ἡμέρα
327 4186 478 4239 ἔσται
507 4187 604 4258 τῆς
621 4188 871 4258 νηστείας
891 4203 906 4218 ⁶
927 4187 1060 4240 ἀλλὰ
1091 4188 1269 4252 πέντε,
1290 4189 1322 4259 ἢ
1352 4190 1449 4259 τῇ³
1472 4190 1691 4263 δεκάτῃ,

132 4278 223 4330 καὶ
252 4277 532 4349 ἑνδεκάτῃ,
559 4278 654 4330 καὶ
689 4276 982 4350 δωδεκάτῃ,
1014 4279 1108 4332 καὶ
1136 4280 1574 4353 τρισκαιδεκάτῃ,
1603 4284 1698 4336 καὶ

131 4370 712 4442 τεσσαρεσκαιδεκάτῃ.
749 4365 876 4423 Ἐάν
917 4371 975 4424 δὲ
1001 4371 1135 4442 πρὸς
1166 4372 1402 4444 ἑσπέραν
1421 4373 1532 4444 (10)
1563 4375 1694 4448 τυθῇ

1786 3194 2022 3248 mittant.
2071 3192 2116 3250 0
2159 3194 2408 3249 homines
2452 3203 2646 3265 sponte
2697 3195 3134 3253 cavillationibus
3183 3197 3347 3252 variis

1786 3299 1848 3337 ac
1883 3284 2135 3340 ludibriis
2185 3289 2554 3355 opportunos!
2599 3286 2713 3342 Hoc
2743 3292 2886 3342 enim
2919 3289 2986 3342 ab
3021 3287 3348 3344 Ecclesiaste

1786 3374 2057 3444 sapienter
2101 3376 2327 3441 dictum,
2363 3377 2446 3432 vel
2485 3378 2663 3447 potius
2711 3393 2740 3431 a
2781 3376 2988 3449 Spiritu
3034 3391 3223 3435 sancto
3258 3397 3350 3436 no-

1786 3474 1899 3521 stra
1951 3481 2117 3522 causa
2167 3469 2599 3538 pronuntiatum,
2654 3470 2721 3526 ad
2781 3471 2902 3526 illos
2949 3472 3362 3530 accommodari.

1788 3565 1998 3627 potest:
2026 3556 2139 3614 Hoc
2172 3560 2320 3614 novit
2347 3559 2726 3627 Ecclesiastes,
2757 3561 3016 3632 quoniam
3049 3559 3190 3617 Deus
3220 3578 3353 3632 prn-

1787 3649 2002 3705 dentem
2049 3651 2323 3708 hominem
2375 3650 2504 3707 fecit
2536 3660 2781 3714 rectum;
2816 3652 2894 3709 illi
2944 3659 3125 3708 autem
3172 3653 3346 3723 inqui-

1789 3742 2000 3797 sierunt
2035 3743 2216 3798 varias
2247 3743 2604 3816 sibimetipsis
2629 3745 2745 3799 vias
2767 3740 2811 3798 '.

1859 3835 2052 3888 Annon
2127 3834 2357 3888 istorum
2419 3834 2755 3904 explodenda
2813 3835 3006 3889 merito
3086 3834 3350 3889 sententia

1789 3923 1910 3977 est!
1962 3921 2205 3977 Primum
2255 3924 2397 3980 enim
2434 3924 2480 3978 si
2525 3923 2733 3980 Pascha
2787 3923 2875 3978 die
2911 3941 3003 3977 xw
3053 3925 3349 3988 celebrant,

1787 4010 1897 4080 jam
1927 4019 2041 4065 tum
2071 4027 2100 4066 a
2131 4012 2217 4066 die
2244 4029 2277 4066 ι
2319 4012 2710 4084 praeparandus
2744 4013 2850 4068 illis
2893 4029 3066 4083 agnus
3095 4016 3217 4072 erit.
3252 4031 3350 4068 nec

1793 4104 2029 4174 amplius
2053 4119 2160 4159 una
2187 4106 2292 4160 erit
2316 4114 2637 4160 consecrata
2658 4107 2870 4176 jejunio
2901 4108 3014 4162 dies
3037 4125 3050 4171 ;
3077 4107 3170 4161 sed
3191 4107 3350 4176 quin-

1793 4210 1919 4265 que,
1949 4195 2208 4250 nimirum
2251 4197 2483 4262 decima,
2529 4198 2835 4262 undecima,
2873 4198 3218 4262 duodecima,
3249 4197 3348 4252 de-

1794 4285 1934 4340 cima
1986 4288 2143 4341 tertia
2184 4298 2237 4342 et
2284 4287 2495 4344 decima
2535 4298 2751 4360 quarta.
2785 4289 2942 4361 421
2975 4287 3132 4355 Quod
3186 4290 3229 4345 si
3286 4289 3350 4341 ad

1796 4393 2076 4449 vesperam
2117 4381 2324 4434 Pascha
2366 4379 2528 4436 fuerit
2560 4382 2920 4443 immolatum.
2965 4381 3111 4452 quod
3147 4397 3234 4434 nv
3267 4379 3353 4433 die

197 4525 213 4554 ¹
243 4521 304 4577 [ι’.
340 4522 689 4592 πρόσταγμα.
764 4525 784 4553 ⁸
816 4541 905 4592 no.
947 4525 1449 4595 Ἐκκλησιαστικοῦ.
1525 4528 1546 4558 ³
1572 4526 1629 4582 F.
1662 4529 1688 4599 ἤ

1790 4548 1846 4584 ιν.
1924 4533 1946 4563 δ
1981 4533 2133 4589 Deut.
2164 4551 2334 4598 xxvii,
2373 4535 2437 4589 18
2477 4551 2597 4606 sqq.
2681 4538 2700 4567 '
2734 4535 2910 4591 Eccle.
2937 4551 3034 4598 vn,
3073 4536 3162 4590 30.

133 4645 186 4720 et
212 4652 280 4691 eo
317 4635 550 4720 amplius
582 4635 890 4720 anticipatae
923 4639 1070 4720 _sint.
1093 4639 1422 4720 neomeniae,
1459 4650 1521 4696 ut
1551 4642 1687 4696 nihil
1721 4649 1767 4706 ο
1795 4648 2114 4720 absurdum,
2146 4651 2302 4720 quasi
2329 4649 2396 4704 ad
2434 4667 2554 4704 cum
2583 4650 2726 4704 diem
2759 4651 2900 4704 luna:
2929 4667 3012 4704 xw
3045 4649 3160 4704 dies
3185 4651 3355 4718 possit

137 4706 235 4760 hac
289 4705 508 4780 quidem
560 4705 769 4759 ratione
816 4706 1071 4780 Scaligeri
1112 4719 1430 4780 argumenta
1467 4727 1684 4780 promo-

138 4773 321 4857 veant.
355 4773 461 4862 Sed
489 4791 668 4856 cares
696 4792 796 4862 suo
827 4778 945 4858 loco
967 4773 1309 4861 tractabitur.
1349 4773 1535 4862 Neque
1563 4797 1691 4862 vero

139 4846 344 4921 minon
370 4845 670 4921 (Zalviniani
721 4847 944 4921 alterius
979 4856 1064 4903 est
1089 4845 1461 4921 van_itas,ﬂqui
1492 4850 1686 4921 Epiph.

137 4915 479 4987 credulitatis
512 4916 807 4987 insimulat
849 4933 916 4970 ex
954 4932 1020 4971 eo
1064 4919 1207 4987 quod
1243 4915 1407 4975 variis
1453 4920 1507 4974 in
1539 4915 1694 4976 'lo'cis

139 4983 303 5038 Pilati
335 4984 469 5059 Acta
512 4985 694 5059 laudet
717 5002 939 5059 ._neque
968 4983 1150 5059 tamen
1182 4989 1236 5042 in
1267 4988 1388 5044 falsi
1419 4991 1690 5059 suspicio-

141 5071 261 5108 nem
301 5054 556 5108 adducat.
607 5052 761 5120 Quod
811 5052 879 5112 ne
907 5057 1290 5113 refutationem
1321 5052 1540 5128 quidem
1585 5076 1699 5115 me—

141 5138 314 5179 I‘BUII'.

211 5194 296 5262 (9)
334 5193 445 5246 Kal
479 5194 548 5247 ἐν
593 5194 796 5261 αὐτοῖς
837 5195 905 5248 δὲ
941 5195 1176 5260 στάσις.
1229 5196 1354 5252 Haec
1396 5197 1557 5253 verba
1596 5200 1703 5253 τῶν

144 5267 245 5333 μὲν
277 5264 562 5338 λεγόντων,
585 5275 732 5338 _etc.,
776 5266 950 5338 aliena
978 5267 1047 5320 ab
1093 5266 1193 5320 hoc
1227 5267 1348 5338 loco
1385 5268 1553 5323 videri
1583 5285 1705 5338 pos-

144 5331 299 5388 sunt.
334 5331 466 5386 Nam
517 5335 756 5404 priorum
790 5336 1005 5404 illorum
1039 5337 1363 5391 sententiam
1394 5331 1699 5404 continent,

146 5406 238 5472 qui
270 5421 357 5457 xuv
381 5403 919 5458 lunaeelebrandum
955 5403 1162 5458 Pascha
1195 5407 1486 5461 sciverant.
1513 5403 1700 5474 Quan4

144 5490 314 5547 quam
350 5489 492 5543 saepe
526 5475 1013 5547 oti_osa_ejusniodi
1051 5477 1313 5547 _repetitio
1361 5477 1502 5547 apud
1554 5478 1696 5533 hunc

149 5545 992 5615 scriptorem,animadvertitur.
1045 5544 1147 5599 Sed
1193 5547 1318 5615 quid
1366 5544 1427 5601 ea
1478 5549 1692 5603 tandem

148 5615 254 5688 sibi
291 5614 507 5688 volunt?
540 5615 823 5688 _Statuisse
872 5614 1240 5688 illos_Pas_cba
1282 5633 1368 5671 xiv
1403 5619 1549 5682 luna,
1575 5635 1694 5688 qua:

150 5685 201 5740 in
245 5701 337 5738 vm
372 5683 487 5740 Kal.
525 5685 655 5754 Apr.
687 5685 958 5739 incurrat?
1007 5684 1101 5740 Est
1130 5686 1256 5741 illud
1285 5689 1499 5758 quidem
1528 5683 1692 5746 nimis

1793 4717 2354 4792 adhaerescerelQuid
2386 4720 2431 4774 si
2454 4719 2559 4792 πρὸ
2586 4720 2864 4792 τῶνρκτῲ
2888 4720 3036 4792 Kal,
3056 4717 3217 4792 legas
3245 4737 3351 4772 non

1793 4786 1902 4840 τῶν
1934 4789 2045 4861 πρδ
2075 4789 2294 4861 6u¢?_
2311 4788 2442 4843 Nam
2478 4786 2534 4842 αἱ
2564 4791 2669 4860 πρὸ
2700 4791 2843 4843 ὀκτώ
2886 4789 3005 4844 Kal.
3054 4786 3192 4861 idem
3216 4799 3358 4861 _sunt

1795 4867 1957 4930 atque
1978 4858 2048 4911 ἀἱ
2081 4860 2226 4913 ὀκτώ
2256 4859 2374 4914 Kal.
2407 4861 2538 4926 Quae
2586 4858 2837 4930 laquendi
2883 4860 3114 4930 formula
3138 4874 3176 4930 7a
3215 4858 3358 4913 Lati-

1795 4928 1883 4983 nis
1913 4931 2175 5001 manavi_t_,
2211 4933 2414 5001 quibus,
2476 4938 2601 4984 ante
2633 4928 2775 5001 diem
2811 4947 2906 5001 viu
2946 4928 3065 4982 Kal.
3101 4929 3241 5001 idem
3271 4939 3358 5001 est

1809 5006 1970 5071 atque
1995 5015 2091 5054 vin
2121 4999 2241 5054 Kal.
2277 5002 2343 5054 At
2378 5000 2420 5071 si
2459 5001 2563 5071 πρὸ
2589 5001 2697 5053 τῶν
2725 4999 2867 5052 ὀκτώ
2898 5001 3064 5069 legas,
3101 4999 3244 5053 hunc
3269 5000 3358 5052 ha-

1809 5068 1899 5121 bet
1925 5084 2170 5134 sensum,
2201 5072 2383 5125 lunam
2413 5068 2534 5123 illos
2575 5087 2662 5123 xiv
2687 5068 3061 5130 constituiSse,
3100 5085 3203 5138 qua
3234 5080 3360 5125 ante

1808 5153 1902 5212 vm
1927 5139 2070 5212 Kal.
2122 5141 2401 5195 incideret.
2447 5139 2558 5193 Nisi
2601 5140 2750 5212 forte
2783 5157 2871 5194 xw
2901 5141 3081 5193 lunam
3111 5140 3218 5212 τῶν
3254 5142 3360 5212 πρὸ

1806 5208 2084 5264 ὀκτώΚειΙ.
2121 5219 2275 5265 vocet
2299 5226 2578 5278 eam,qua:
2601 5210 2724 5263 huic
2751 5211 2976 5263 termino
3008 5208 3360 5279 propinquior

1807 5287 1913 5350 est,
1945 5281 2087 5350 quod
2137 5296 2323 5334 verum
2352 5289 2502 5350 puto.
2535 5280 2592 5333 Si
2625 5279 2842 5350 quidem
2877 5290 2930 5333 et
2958 5280 3068 5332 ιιίεο
3101 5281 3356 5348 loquendi

1808 5346 2072 5421 formula,
2122 5365 2285 5419 quam
2338 5346 2466 5421 pro_
2487 5346 2701 5421 recepta
2750 5364 3059 5421 excusaque
3093 5346 3360 5421 substitni

1809 5433 1968 5502 posse
1993 5420 2234 5501 diximus
2267 5419 2374 5502 πρὸ
2403 5419 2694 5502 τῶν-ὀκτώ
2713 5435 2821 5502 pro
2846 5419 3034 5502 eodem
3056 5489 3067 5502 ι
3088 5420 3361 5475 interdum

1809 5490 1958 5562 solet
1977 5491 2253 5562 usurpari,
2285 5489 2447 5562 atque
2474 5491 2642 5562 altera
2670 5489 2914 5562 eam,»
2939 5489 3099 5562 6nd).

1879 5559 1990 5627 (10)
2043 5561 2174 5613 Ἐὰν
2208 5559 2356 5628 πρὸς
2393 5559 2672 5629 ἑσπέραν,
2707 5558 2839 5616 Vide
2855 5558 3112 5617 'Animad.
3147 5567 3362 5615 nostras

1805 5629 1870 5682 ad
1911 5630 2038 5684 liter.
2073 5645 2197 5693 Lxx,
2230 5644 2285 5685 ιι.
2327 5631 2408 5684 Η.
