  <div class='ocr_page' id='page_1' title='image "/cluster/home/n/w/nwhite01/storage/ocr_20150623/41/hvd.32044011753001/475.png"; bbox 0 0 3846 6306; ppageno 0'>
   <div class='ocr_carea' id='block_1_1' title="bbox 485 233 2323 304">
    <p class='ocr_par' dir='ltr' id='par_1_1' title="bbox 485 233 2323 304">
     <span class='ocr_line' id='line_1_1' title="bbox 485 233 2323 304; baseline 0.003 -7"><span class='ocrx_word' id='word_1_1' title='bbox 485 233 584 297; x_wconf 70' lang='lat'><strong>837</strong></span> <span class='ocrx_word' id='word_1_2' title='bbox 1878 248 1935 303; x_wconf 85' lang='lat' dir='ltr'><strong>S.</strong></span> <span class='ocrx_word' id='word_1_3' title='bbox 1978 245 2323 304; x_wconf 74' lang='lat' dir='ltr'><strong>EPIPHANII</strong></span> 
     </span>
    </p>
   </div>
   <div class='ocr_carea' id='block_1_2' title="bbox 3666 241 3783 298">
    <p class='ocr_par' dir='ltr' id='par_1_2' title="bbox 3666 241 3783 298">
     <span class='ocr_line' id='line_1_2' title="bbox 3666 241 3783 298; baseline 0 -2"><span class='ocrx_word' id='word_1_4' title='bbox 3666 241 3783 298; x_wconf 70' lang='lat'><strong>883</strong></span> 
     </span>
    </p>
   </div>
   <div class='ocr_carea' id='block_1_3' title="bbox 482 363 2055 440">
    <p class='ocr_par' dir='ltr' id='par_1_3' title="bbox 482 365 2050 438">
     <span class='ocr_line' id='line_1_3' title="bbox 482 365 2050 438; baseline 0.002 -18"><span class='ocrx_word' id='word_1_5' title='bbox 482 370 833 421; x_wconf 80' lang='lat' dir='ltr'><strong>illucescente</strong></span> <span class='ocrx_word' id='word_1_6' title='bbox 858 365 1087 437; x_wconf 75' lang='lat' dir='ltr'><strong>geritur,</strong></span> <span class='ocrx_word' id='word_1_7' title='bbox 1126 382 1177 420; x_wconf 82' lang='lat' dir='ltr'><strong>vi</strong></span> <span class='ocrx_word' id='word_1_8' title='bbox 1199 365 1323 422; x_wconf 90' lang='lat' dir='ltr'><strong>dies</strong></span> <span class='ocrx_word' id='word_1_9' title='bbox 1343 367 1555 438; x_wconf 80' lang='lat' dir='ltr'><strong>jejunio</strong></span> <span class='ocrx_word' id='word_1_10' title='bbox 1582 368 1860 425; x_wconf 84' lang='lat' dir='ltr'><strong>tribuendi</strong></span> <span class='ocrx_word' id='word_1_11' title='bbox 1889 377 2050 434; x_wconf 87' lang='lat' dir='ltr'><strong>sunt;</strong></span> 
     </span>
    </p>
   </div>
   <div class='ocr_carea' id='block_1_4' title="bbox 2173 363 3781 440">
    <p class='ocr_par' dir='ltr' id='par_1_4' title="bbox 2173 363 3781 440">
     <span class='ocr_line' id='line_1_4' title="bbox 2173 363 3781 440; baseline -0.004 -19"><span class='ocrx_word' id='word_1_12' title='bbox 2173 369 2217 421; x_wconf 71' lang='grc' dir='ltr'>τὸ</span> <span class='ocrx_word' id='word_1_13' title='bbox 2238 369 2497 440; x_wconf 78' lang='grc' dir='ltr'>Πάσχα,ή</span> <span class='ocrx_word' id='word_1_14' title='bbox 2529 368 2667 440; x_wconf 72' lang='grc' dir='ltr'>αὕτη</span> <span class='ocrx_word' id='word_1_15' title='bbox 2686 365 3253 439; x_wconf 76' lang='grc' dir='ltr'><strong>τεσσαρεσκαιδεκάτη</strong></span> <span class='ocrx_word' id='word_1_16' title='bbox 3275 365 3697 435; x_wconf 80' lang='grc' dir='ltr'>ἐπιφώσκουσα</span> <span class='ocrx_word' id='word_1_17' title='bbox 3721 363 3781 428; x_wconf 74' lang='grc' dir='ltr'>ἐξ</span> 
     </span>
    </p>
   </div>
   <div class='ocr_carea' id='block_1_5' title="bbox 482 458 2059 532">
    <p class='ocr_par' dir='ltr' id='par_1_5' title="bbox 482 458 2059 532">
     <span class='ocr_line' id='line_1_5' title="bbox 482 458 2059 532; baseline 0.004 -21"><span class='ocrx_word' id='word_1_18' title='bbox 482 473 579 512; x_wconf 86' lang='lat' dir='ltr'><strong>nec</strong></span> <span class='ocrx_word' id='word_1_19' title='bbox 600 458 713 525; x_wconf 85' lang='lat' dir='ltr'><strong>jam</strong></span> <span class='ocrx_word' id='word_1_20' title='bbox 742 474 885 511; x_wconf 88' lang='lat' dir='ltr'><strong>unus</strong></span> <span class='ocrx_word' id='word_1_21' title='bbox 921 458 1287 528; x_wconf 67' lang='lat' dir='ltr'><strong>prazﬁuietur;</strong></span> <span class='ocrx_word' id='word_1_22' title='bbox 1317 461 1506 532; x_wconf 82' lang='lat' dir='ltr'><strong>sicque</strong></span> <span class='ocrx_word' id='word_1_23' title='bbox 1534 464 1713 518; x_wconf 89' lang='lat' dir='ltr'><strong>omnis</strong></span> <span class='ocrx_word' id='word_1_24' title='bbox 1739 463 1827 518; x_wconf 89' lang='lat' dir='ltr'><strong>illa</strong></span> <span class='ocrx_word' id='word_1_25' title='bbox 1859 462 1927 518; x_wconf 90' lang='lat' dir='ltr'><strong>de</strong></span> <span class='ocrx_word' id='word_1_26' title='bbox 1951 478 2059 518; x_wconf 88' lang='lat' dir='ltr'><strong>una</strong></span> 
     </span>
    </p>
   </div>
   <div class='ocr_carea' id='block_1_6' title="bbox 479 550 2061 624">
    <p class='ocr_par' dir='ltr' id='par_1_6' title="bbox 479 550 2061 624">
     <span class='ocr_line' id='line_1_6' title="bbox 479 550 2061 624; baseline 0.006 -24"><span class='ocrx_word' id='word_1_27' title='bbox 479 550 567 603; x_wconf 89' lang='lat' dir='ltr'><strong>die</strong></span> <span class='ocrx_word' id='word_1_28' title='bbox 592 550 823 619; x_wconf 59' lang='lat' dir='ltr'><strong>quastio</strong></span> <span class='ocrx_word' id='word_1_29' title='bbox 847 566 943 619; x_wconf 90' lang='lat' dir='ltr'><strong>per</strong></span> <span class='ocrx_word' id='word_1_30' title='bbox 976 566 1034 605; x_wconf 84' lang='lat' dir='ltr'><strong>se</strong></span> <span class='ocrx_word' id='word_1_31' title='bbox 1066 552 1183 621; x_wconf 89' lang='lat' dir='ltr'><strong>ipsa</strong></span> <span class='ocrx_word' id='word_1_32' title='bbox 1206 553 1436 617; x_wconf 86' lang='lat' dir='ltr'><strong>corruit,</strong></span> <span class='ocrx_word' id='word_1_33' title='bbox 1469 570 1591 624; x_wconf 68' lang='lat' dir='ltr'><strong>quae</strong></span> <span class='ocrx_word' id='word_1_34' title='bbox 1620 569 1744 611; x_wconf 80' lang='lat' dir='ltr'><strong>esse</strong></span> <span class='ocrx_word' id='word_1_35' title='bbox 1773 554 1936 609; x_wconf 90' lang='lat' dir='ltr'><strong>unica</strong></span> <span class='ocrx_word' id='word_1_36' title='bbox 1966 555 2061 610; x_wconf 91' lang='lat' dir='ltr'><strong>de-</strong></span> 
     </span>
    </p>
   </div>
   <div class='ocr_carea' id='block_1_7' title="bbox 482 641 2059 717">
    <p class='ocr_par' dir='ltr' id='par_1_7' title="bbox 482 641 2059 717">
     <span class='ocr_line' id='line_1_7' title="bbox 482 641 2059 717; baseline 0.006 -23"><span class='ocrx_word' id='word_1_37' title='bbox 482 641 633 696; x_wconf 86' lang='lat' dir='ltr'><strong>sinit.</strong></span> <span class='ocrx_word' id='word_1_38' title='bbox 665 642 804 707; x_wconf 87' lang='lat' dir='ltr'><strong>Nam</strong></span> <span class='ocrx_word' id='word_1_39' title='bbox 853 650 908 696; x_wconf 90' lang='lat' dir='ltr'><strong>et</strong></span> <span class='ocrx_word' id='word_1_40' title='bbox 942 642 1009 696; x_wconf 92' lang='lat' dir='ltr'><strong>ad</strong></span> <span class='ocrx_word' id='word_1_41' title='bbox 1046 644 1170 700; x_wconf 82' lang='lat' dir='ltr'><strong>illas</strong></span> <span class='ocrx_word' id='word_1_42' title='bbox 1202 644 1503 714; x_wconf 83' lang='lat' dir='ltr'><strong>ﬁgurarum</strong></span> <span class='ocrx_word' id='word_1_43' title='bbox 1546 646 1792 711; x_wconf 88' lang='lat' dir='ltr'><strong>umbras,</strong></span> <span class='ocrx_word' id='word_1_44' title='bbox 1834 663 1956 717; x_wconf 73' lang='lat' dir='ltr'><strong>qua:</strong></span> <span class='ocrx_word' id='word_1_45' title='bbox 1989 648 2059 704; x_wconf 85' lang='lat' dir='ltr'><strong>iis</strong></span> 
     </span>
    </p>
   </div>
   <div class='ocr_carea' id='block_1_8' title="bbox 480 732 2056 810">
    <p class='ocr_par' dir='ltr' id='par_1_8' title="bbox 480 732 2056 810">
     <span class='ocr_line' id='line_1_8' title="bbox 480 732 2056 810; baseline 0.006 -25"><span class='ocrx_word' id='word_1_46' title='bbox 480 732 616 802; x_wconf 87' lang='lat' dir='ltr'><strong>ipsis</strong></span> <span class='ocrx_word' id='word_1_47' title='bbox 686 734 1068 805; x_wconf 78' lang='lat' dir='ltr'><strong>signiﬁcantur</strong></span> <span class='ocrx_word' id='word_1_48' title='bbox 1147 736 1486 793; x_wconf 83' lang='lat' dir='ltr'><strong>adamussim</strong></span> <span class='ocrx_word' id='word_1_49' title='bbox 1581 748 1932 810; x_wconf 87' lang='lat' dir='ltr'><strong>congruunt;</strong></span> <span class='ocrx_word' id='word_1_50' title='bbox 2000 747 2056 797; x_wconf 85' lang='lat' dir='ltr'><strong>ct</strong></span> 
     </span>
    </p>
   </div>
   <div class='ocr_carea' id='block_1_9' title="bbox 481 826 2062 906">
    <p class='ocr_par' dir='ltr' id='par_1_9' title="bbox 481 826 2062 906">
     <span class='ocr_line' id='line_1_9' title="bbox 481 826 2062 906; baseline 0.008 -28"><span class='ocrx_word' id='word_1_51' title='bbox 481 826 618 880; x_wconf 88' lang='lat' dir='ltr'><strong>istos</strong></span> <span class='ocrx_word' id='word_1_52' title='bbox 660 842 889 883; x_wconf 78' lang='lat' dir='ltr'><strong>necesse</strong></span> <span class='ocrx_word' id='word_1_53' title='bbox 912 836 996 884; x_wconf 90' lang='lat' dir='ltr'><strong>est</strong></span> <span class='ocrx_word' id='word_1_54' title='bbox 1044 828 1189 884; x_wconf 85' lang='lat' dir='ltr'><strong>haud</strong></span> <span class='ocrx_word' id='word_1_55' title='bbox 1238 831 1566 887; x_wconf 82' lang='lat' dir='ltr'><strong>mediocrem</strong></span> <span class='ocrx_word' id='word_1_56' title='bbox 1602 832 1914 888; x_wconf 89' lang='lat' dir='ltr'><strong>divinorum</strong></span> <span class='ocrx_word' id='word_1_57' title='bbox 1944 849 2062 906; x_wconf 81' lang='lat' dir='ltr'><strong>my-</strong></span> 
     </span>
    </p>
   </div>
   <div class='ocr_carea' id='block_1_10' title="bbox 482 919 2062 989">
    <p class='ocr_par' dir='ltr' id='par_1_10' title="bbox 482 919 2062 989">
     <span class='ocr_line' id='line_1_10' title="bbox 482 919 2062 989; baseline 0.006 -16"><span class='ocrx_word' id='word_1_58' title='bbox 482 919 774 974; x_wconf 84' lang='lat' dir='ltr'><strong>steriorqu</strong></span> <span class='ocrx_word' id='word_1_59' title='bbox 803 920 1079 989; x_wconf 89' lang='lat' dir='ltr'><strong>jacturam</strong></span> <span class='ocrx_word' id='word_1_60' title='bbox 1113 921 1311 979; x_wconf 81' lang='lat' dir='ltr'><strong>facere.</strong></span> <span class='ocrx_word' id='word_1_61' title='bbox 1347 924 1629 980; x_wconf 79' lang='lat' dir='ltr'><strong>Christum</strong></span> <span class='ocrx_word' id='word_1_62' title='bbox 1657 927 1804 981; x_wconf 89' lang='lat' dir='ltr'><strong>enim</strong></span> <span class='ocrx_word' id='word_1_63' title='bbox 1844 943 1937 982; x_wconf 78' lang='lat' dir='ltr'><strong>xw</strong></span> <span class='ocrx_word' id='word_1_64' title='bbox 1971 926 2062 983; x_wconf 91' lang='lat' dir='ltr'><strong>die</strong></span> 
     </span>
    </p>
   </div>
   <div class='ocr_carea' id='block_1_11' title="bbox 484 1011 2061 1089">
    <p class='ocr_par' dir='ltr' id='par_1_11' title="bbox 484 1011 2061 1089">
     <span class='ocr_line' id='line_1_11' title="bbox 484 1011 2061 1089; baseline 0.008 -28"><span class='ocrx_word' id='word_1_65' title='bbox 484 1011 713 1064; x_wconf 85' lang='lat' dir='ltr'><strong>mactari</strong></span> <span class='ocrx_word' id='word_1_66' title='bbox 766 1028 830 1066; x_wconf 84' lang='lat' dir='ltr'><strong>ex</strong></span> <span class='ocrx_word' id='word_1_67' title='bbox 872 1013 1194 1083; x_wconf 63' lang='lat' dir='ltr'><strong>praescripto</strong></span> <span class='ocrx_word' id='word_1_68' title='bbox 1227 1015 1363 1085; x_wconf 90' lang='lat' dir='ltr'><strong>legis</strong></span> <span class='ocrx_word' id='word_1_69' title='bbox 1414 1018 1677 1089; x_wconf 74' lang='lat' dir='ltr'><strong>oportuit,</strong></span> <span class='ocrx_word' id='word_1_70' title='bbox 1721 1030 1779 1075; x_wconf 89' lang='lat' dir='ltr'><strong>ut</strong></span> <span class='ocrx_word' id='word_1_71' title='bbox 1821 1019 1943 1088; x_wconf 91' lang='lat' dir='ltr'><strong>ejus</strong></span> <span class='ocrx_word' id='word_1_72' title='bbox 1983 1019 2061 1073; x_wconf 82' lang='lat' dir='ltr'><strong>lu-</strong></span> 
     </span>
    </p>
   </div>
   <div class='ocr_carea' id='block_1_12' title="bbox 481 1104 2061 1174">
    <p class='ocr_par' dir='ltr' id='par_1_12' title="bbox 481 1104 2061 1174">
     <span class='ocr_line' id='line_1_12' title="bbox 481 1104 2061 1174; baseline 0.007 -19"><span class='ocrx_word' id='word_1_73' title='bbox 481 1118 629 1166; x_wconf 86' lang='lat' dir='ltr'><strong>men,</strong></span> <span class='ocrx_word' id='word_1_74' title='bbox 667 1105 809 1171; x_wconf 85' lang='lat' dir='ltr'><strong>quod</strong></span> <span class='ocrx_word' id='word_1_75' title='bbox 840 1104 1060 1161; x_wconf 72' lang='lat' dir='ltr'><strong>Judaeos</strong></span> <span class='ocrx_word' id='word_1_76' title='bbox 1094 1108 1475 1174; x_wconf 77' lang='lat' dir='ltr'><strong>collustrabat,</strong></span> <span class='ocrx_word' id='word_1_77' title='bbox 1507 1110 1719 1168; x_wconf 81' lang='lat' dir='ltr'><strong>oriente</strong></span> <span class='ocrx_word' id='word_1_78' title='bbox 1748 1112 1864 1167; x_wconf 86' lang='lat' dir='ltr'><strong>sole</strong></span> <span class='ocrx_word' id='word_1_79' title='bbox 1895 1127 1959 1167; x_wconf 86' lang='lat' dir='ltr'><strong>ac</strong></span> <span class='ocrx_word' id='word_1_80' title='bbox 1986 1112 2061 1166; x_wconf 88' lang='lat' dir='ltr'><strong>lu-</strong></span> 
     </span>
    </p>
   </div>
   <div class='ocr_carea' id='block_1_13' title="bbox 483 1188 2063 1263">
    <p class='ocr_par' dir='ltr' id='par_1_13' title="bbox 483 1188 2063 1263">
     <span class='ocr_line' id='line_1_13' title="bbox 483 1188 2063 1263; baseline 0.007 -15"><span class='ocrx_word' id='word_1_81' title='bbox 483 1211 606 1249; x_wconf 88' lang='lat' dir='ltr'><strong>nam</strong></span> <span class='ocrx_word' id='word_1_82' title='bbox 636 1197 1032 1263; x_wconf 88' lang='lat' dir='ltr'><strong>abscondente,</strong></span> <span class='ocrx_word' id='word_1_83' title='bbox 1058 1200 1355 1257; x_wconf 84' lang='lat' dir='ltr'><strong>desineret.</strong></span> <span class='ocrx_word' id='word_1_84' title='bbox 1384 1201 1594 1259; x_wconf 83' lang='lat' dir='ltr'><strong>Etenim</strong></span> <span class='ocrx_word' id='word_1_85' title='bbox 1626 1221 1656 1258; x_wconf 86' lang='lat' dir='ltr'><strong>a</strong></span> <span class='ocrx_word' id='word_1_86' title='bbox 1687 1221 1778 1259; x_wconf 80' lang='lat' dir='ltr'><strong>xw</strong></span> <span class='ocrx_word' id='word_1_87' title='bbox 1799 1205 1889 1260; x_wconf 90' lang='lat' dir='ltr'><strong>die</strong></span> <span class='ocrx_word' id='word_1_88' title='bbox 1910 1188 2063 1261; x_wconf 78' lang='lat' dir='ltr'><strong>deiu-</strong></span> 
     </span>
    </p>
   </div>
   <div class='ocr_carea' id='block_1_14' title="bbox 482 1290 2055 1366">
    <p class='ocr_par' dir='ltr' id='par_1_14' title="bbox 482 1290 2055 1366">
     <span class='ocr_line' id='line_1_14' title="bbox 482 1290 2055 1366; baseline 0.005 -24"><span class='ocrx_word' id='word_1_89' title='bbox 482 1304 610 1357; x_wconf 87' lang='lat' dir='ltr'><strong>ceps</strong></span> <span class='ocrx_word' id='word_1_90' title='bbox 642 1290 783 1343; x_wconf 81' lang='lat' dir='ltr'><strong>lunae</strong></span> <span class='ocrx_word' id='word_1_91' title='bbox 814 1291 1076 1360; x_wconf 82' lang='lat' dir='ltr'><strong>splendor</strong></span> <span class='ocrx_word' id='word_1_92' title='bbox 1107 1292 1475 1348; x_wconf 88' lang='lat' dir='ltr'><strong>iuuuinuitur.</strong></span> <span class='ocrx_word' id='word_1_93' title='bbox 1515 1292 1608 1349; x_wconf 87' lang='lat' dir='ltr'><strong>Sic</strong></span> <span class='ocrx_word' id='word_1_94' title='bbox 1639 1296 1693 1348; x_wconf 92' lang='lat' dir='ltr'><strong>in</strong></span> <span class='ocrx_word' id='word_1_95' title='bbox 1717 1298 1886 1350; x_wconf 83' lang='lat' dir='ltr'><strong>veteri</strong></span> <span class='ocrx_word' id='word_1_96' title='bbox 1922 1297 2055 1366; x_wconf 83' lang='lat' dir='ltr'><strong>lege,</strong></span> 
     </span>
    </p>
   </div>
   <div class='ocr_carea' id='block_1_15' title="bbox 481 1381 2056 1463">
    <p class='ocr_par' dir='ltr' id='par_1_15' title="bbox 481 1381 2056 1463">
     <span class='ocr_line' id='line_1_15' title="bbox 481 1381 2056 1463; baseline 0.004 -29"><span class='ocrx_word' id='word_1_97' title='bbox 481 1390 605 1449; x_wconf 80' lang='lat' dir='ltr'><strong>post</strong></span> <span class='ocrx_word' id='word_1_98' title='bbox 650 1381 939 1434; x_wconf 78' lang='lat' dir='ltr'><strong>adventum</strong></span> <span class='ocrx_word' id='word_1_99' title='bbox 994 1397 1058 1435; x_wconf 89' lang='lat' dir='ltr'><strong>ac</strong></span> <span class='ocrx_word' id='word_1_100' title='bbox 1114 1385 1424 1454; x_wconf 82' lang='lat' dir='ltr'><strong>passionem</strong></span> <span class='ocrx_word' id='word_1_101' title='bbox 1475 1383 1709 1445; x_wconf 88' lang='lat' dir='ltr'><strong>Domini.</strong></span> <span class='ocrx_word' id='word_1_102' title='bbox 1744 1386 2056 1463; x_wconf 66' lang='lat' dir='ltr'><strong>Judaeorum</strong></span> 
     </span>
    </p>
   </div>
   <div class='ocr_carea' id='block_1_16' title="bbox 480 1471 2053 1547">
    <p class='ocr_par' dir='ltr' id='par_1_16' title="bbox 480 1471 2053 1547">
     <span class='ocr_line' id='line_1_16' title="bbox 480 1471 2053 1547; baseline 0.006 -24"><span class='ocrx_word' id='word_1_103' title='bbox 480 1471 771 1526; x_wconf 77' lang='lat' dir='ltr'><strong>obscurata</strong></span> <span class='ocrx_word' id='word_1_104' title='bbox 814 1471 1121 1544; x_wconf 79' lang='lat' dir='ltr'><strong>Synagoga,</strong></span> <span class='ocrx_word' id='word_1_105' title='bbox 1170 1477 1543 1547; x_wconf 83' lang='lat' dir='ltr'><strong>evangelicum</strong></span> <span class='ocrx_word' id='word_1_106' title='bbox 1594 1478 1774 1532; x_wconf 88' lang='lat' dir='ltr'><strong>lumen</strong></span> <span class='ocrx_word' id='word_1_107' title='bbox 1827 1478 2053 1545; x_wconf 71' lang='lat' dir='ltr'><strong>aﬂulsit,</strong></span> 
     </span>
    </p>
   </div>
   <div class='ocr_carea' id='block_1_17' title="bbox 482 1566 2055 1640">
    <p class='ocr_par' dir='ltr' id='par_1_17' title="bbox 482 1566 2055 1640">
     <span class='ocr_line' id='line_1_17' title="bbox 482 1566 2055 1640; baseline 0.005 -23"><span class='ocrx_word' id='word_1_108' title='bbox 482 1579 590 1618; x_wconf 90' lang='lat' dir='ltr'><strong>nou</strong></span> <span class='ocrx_word' id='word_1_109' title='bbox 640 1573 698 1618; x_wconf 93' lang='lat' dir='ltr'><strong>ut</strong></span> <span class='ocrx_word' id='word_1_110' title='bbox 733 1566 912 1620; x_wconf 89' lang='lat' dir='ltr'><strong>soluta</strong></span> <span class='ocrx_word' id='word_1_111' title='bbox 957 1568 1039 1622; x_wconf 79' lang='lat' dir='ltr'><strong>lex</strong></span> <span class='ocrx_word' id='word_1_112' title='bbox 1100 1569 1193 1629; x_wconf 84' lang='lat' dir='ltr'><strong>sit.</strong></span> <span class='ocrx_word' id='word_1_113' title='bbox 1234 1568 1329 1623; x_wconf 89' lang='lat' dir='ltr'><strong>sed</strong></span> <span class='ocrx_word' id='word_1_114' title='bbox 1384 1569 1637 1638; x_wconf 89' lang='lat' dir='ltr'><strong>impleta;</strong></span> <span class='ocrx_word' id='word_1_115' title='bbox 1677 1585 1852 1640; x_wconf 87' lang='lat' dir='ltr'><strong>neque</strong></span> <span class='ocrx_word' id='word_1_116' title='bbox 1908 1580 1966 1625; x_wconf 89' lang='lat' dir='ltr'><strong>ut</strong></span> <span class='ocrx_word' id='word_1_117' title='bbox 2004 1574 2055 1625; x_wconf 88' lang='lat' dir='ltr'><strong>in</strong></span> 
     </span>
    </p>
   </div>
   <div class='ocr_carea' id='block_1_18' title="bbox 482 1657 2055 1729">
    <p class='ocr_par' dir='ltr' id='par_1_18' title="bbox 482 1657 2055 1729">
     <span class='ocr_line' id='line_1_18' title="bbox 482 1657 2055 1729; baseline 0.005 -19"><span class='ocrx_word' id='word_1_118' title='bbox 482 1657 716 1712; x_wconf 82' lang='lat' dir='ltr'><strong>nihilum</strong></span> <span class='ocrx_word' id='word_1_119' title='bbox 753 1659 926 1729; x_wconf 81' lang='lat' dir='ltr'><strong>ﬁgura</strong></span> <span class='ocrx_word' id='word_1_120' title='bbox 966 1660 1187 1715; x_wconf 87' lang='lat' dir='ltr'><strong>redacta</strong></span> <span class='ocrx_word' id='word_1_121' title='bbox 1222 1662 1314 1723; x_wconf 86' lang='lat' dir='ltr'><strong>sit,</strong></span> <span class='ocrx_word' id='word_1_122' title='bbox 1347 1662 1442 1716; x_wconf 88' lang='lat' dir='ltr'><strong>sed</strong></span> <span class='ocrx_word' id='word_1_123' title='bbox 1485 1669 1543 1714; x_wconf 91' lang='lat' dir='ltr'><strong>ut</strong></span> <span class='ocrx_word' id='word_1_124' title='bbox 1574 1662 1857 1718; x_wconf 85' lang='lat' dir='ltr'><strong>veritatem</strong></span> <span class='ocrx_word' id='word_1_125' title='bbox 1905 1664 2055 1718; x_wconf 77' lang='lat' dir='ltr'><strong>exhi-</strong></span> 
     </span>
    </p>
   </div>
   <div class='ocr_carea' id='block_1_19' title="bbox 2166 456 3787 533">
    <p class='ocr_par' dir='ltr' id='par_1_19' title="bbox 2166 456 3787 533">
     <span class='ocr_line' id='line_1_19' title="bbox 2166 456 3787 533; baseline -0.005 -19"><span class='ocrx_word' id='word_1_126' title='bbox 2166 460 2399 514; x_wconf 82' lang='grc' dir='ltr'>διατελεῖ</span> <span class='ocrx_word' id='word_1_127' title='bbox 2419 460 2632 533; x_wconf 76' lang='grc' dir='ltr'>ἡμέρας</span> <span class='ocrx_word' id='word_1_128' title='bbox 2667 463 2725 513; x_wconf 86' lang='grc' dir='ltr'><strong>ἐν</strong></span> <span class='ocrx_word' id='word_1_129' title='bbox 2756 463 2827 531; x_wconf 76' lang='grc' dir='ltr'>τῇ</span> <span class='ocrx_word' id='word_1_130' title='bbox 2850 459 3098 531; x_wconf 77' lang='grc' dir='ltr'>νηστεία·</span> <span class='ocrx_word' id='word_1_131' title='bbox 3131 459 3226 513; x_wconf 75' lang='grc' dir='ltr'><strong>καὶ</strong></span> <span class='ocrx_word' id='word_1_132' title='bbox 3251 458 3434 511; x_wconf 86' lang='grc' dir='ltr'>ούκέτι</span> <span class='ocrx_word' id='word_1_133' title='bbox 3466 457 3570 528; x_wconf 88' lang='grc' dir='ltr'><strong>μία</strong></span> <span class='ocrx_word' id='word_1_134' title='bbox 3600 456 3787 508; x_wconf 69' lang='grc' dir='ltr'>ἔσται</span> 
     </span>
    </p>
   </div>
   <div class='ocr_carea' id='block_1_20' title="bbox 2164 550 3785 625">
    <p class='ocr_par' dir='ltr' id='par_1_20' title="bbox 2164 550 3785 625">
     <span class='ocr_line' id='line_1_20' title="bbox 2164 550 3785 625; baseline -0.004 -18"><span class='ocrx_word' id='word_1_135' title='bbox 2164 554 2265 625; x_wconf 83' lang='grc' dir='ltr'><strong>τῆς</strong></span> <span class='ocrx_word' id='word_1_136' title='bbox 2314 554 2606 625; x_wconf 80' lang='grc' dir='ltr'><strong>νηστείας·</strong></span> <span class='ocrx_word' id='word_1_137' title='bbox 2660 553 2755 607; x_wconf 62' lang='grc' dir='ltr'><strong>καὶ⁵</strong></span> <span class='ocrx_word' id='word_1_138' title='bbox 2807 552 3054 606; x_wconf 81' lang='grc' dir='ltr'><strong>διέπεσεν</strong></span> <span class='ocrx_word' id='word_1_139' title='bbox 3099 552 3134 621; x_wconf 84' lang='grc' dir='ltr'><strong>ἡ</strong></span> <span class='ocrx_word' id='word_1_140' title='bbox 3183 552 3310 622; x_wconf 74' lang='grc' dir='ltr'>περὶ</span> <span class='ocrx_word' id='word_1_141' title='bbox 3353 552 3489 621; x_wconf 78' lang='grc' dir='ltr'>μιᾶς</span> <span class='ocrx_word' id='word_1_142' title='bbox 3538 550 3785 620; x_wconf 73' lang='grc' dir='ltr'>ἡμέρας</span> 
     </span>
    </p>
   </div>
   <div class='ocr_carea' id='block_1_21' title="bbox 2166 636 3789 715">
    <p class='ocr_par' dir='ltr' id='par_1_21' title="bbox 2166 636 3789 715">
     <span class='ocr_line' id='line_1_21' title="bbox 2166 636 3789 715; baseline -0.006 -19"><span class='ocrx_word' id='word_1_143' title='bbox 2166 643 2347 698; x_wconf 82' lang='grc' dir='ltr'>αὐτῶν</span> <span class='ocrx_word' id='word_1_144' title='bbox 2384 644 2631 715; x_wconf 76' lang='grc' dir='ltr'>ζήτησις,</span> <span class='ocrx_word' id='word_1_145' title='bbox 2666 645 2727 697; x_wconf 84' lang='grc' dir='ltr'><strong>ού</strong></span> <span class='ocrx_word' id='word_1_146' title='bbox 2761 644 2859 713; x_wconf 85' lang='grc' dir='ltr'><strong>μία</strong></span> <span class='ocrx_word' id='word_1_147' title='bbox 2892 660 2973 707; x_wconf 85' lang='grc' dir='ltr'><strong>τις</strong></span> <span class='ocrx_word' id='word_1_148' title='bbox 3001 636 3153 695; x_wconf 79' lang='grc' dir='ltr'>οὖσα.</span> <span class='ocrx_word' id='word_1_149' title='bbox 3184 643 3334 711; x_wconf 84' lang='grc' dir='ltr'>Ἔχει</span> <span class='ocrx_word' id='word_1_150' title='bbox 3359 640 3471 711; x_wconf 79' lang='grc' dir='ltr'>γὰρ</span> <span class='ocrx_word' id='word_1_151' title='bbox 3499 639 3571 692; x_wconf 74' lang='grc' dir='ltr'>τὰ</span> <span class='ocrx_word' id='word_1_152' title='bbox 3614 657 3789 709; x_wconf 69' lang='grc' dir='ltr'>πρω-</span> 
     </span>
    </p>
   </div>
   <div class='ocr_carea' id='block_1_22' title="bbox 2166 731 3781 805">
    <p class='ocr_par' dir='ltr' id='par_1_22' title="bbox 2166 731 3781 805">
     <span class='ocr_line' id='line_1_22' title="bbox 2166 731 3781 805; baseline -0.004 -19"><span class='ocrx_word' id='word_1_153' title='bbox 2166 733 2373 788; x_wconf 82' lang='grc' dir='ltr'>τότυπα</span> <span class='ocrx_word' id='word_1_154' title='bbox 2422 735 2859 805; x_wconf 70' lang='grc' dir='ltr'><strong>συνεζευγμένα*</strong></span> <span class='ocrx_word' id='word_1_155' title='bbox 2905 734 3000 787; x_wconf 78' lang='grc' dir='ltr'><strong>καὶ</strong></span> <span class='ocrx_word' id='word_1_156' title='bbox 3050 731 3383 804; x_wconf 80' lang='grc' dir='ltr'>ὲζημίωνται</span> <span class='ocrx_word' id='word_1_157' title='bbox 3420 733 3527 784; x_wconf 74' lang='grc' dir='ltr'>οὐκ</span> <span class='ocrx_word' id='word_1_158' title='bbox 3562 733 3781 797; x_wconf 65' lang='grc' dir='ltr'>ὀλίγη-δ</span> 
     </span>
    </p>
   </div>
   <div class='ocr_carea' id='block_1_23' title="bbox 2167 825 3782 899">
    <p class='ocr_par' dir='ltr' id='par_1_23' title="bbox 2167 825 3782 899">
     <span class='ocr_line' id='line_1_23' title="bbox 2167 825 3782 899; baseline -0.004 -18"><span class='ocrx_word' id='word_1_159' title='bbox 2167 828 2309 881; x_wconf 81' lang='grc' dir='ltr'>κατὰ</span> <span class='ocrx_word' id='word_1_160' title='bbox 2348 827 2481 881; x_wconf 83' lang='grc' dir='ltr'>Θεὸν</span> <span class='ocrx_word' id='word_1_161' title='bbox 2514 826 2916 899; x_wconf 79' lang='grc' dir='ltr'><strong>πραγματείαν.</strong></span> <span class='ocrx_word' id='word_1_162' title='bbox 2953 826 3104 879; x_wconf 79' lang='grc' dir='ltr'>Ἔδει</span> <span class='ocrx_word' id='word_1_163' title='bbox 3145 826 3252 897; x_wconf 77' lang='grc' dir='ltr'>γὰρ</span> <span class='ocrx_word' id='word_1_164' title='bbox 3286 825 3376 878; x_wconf 85' lang='grc' dir='ltr'><strong>τὸν</strong></span> <span class='ocrx_word' id='word_1_165' title='bbox 3418 825 3672 897; x_wconf 75' lang='grc' dir='ltr'>Χριστὸν</span> <span class='ocrx_word' id='word_1_166' title='bbox 3716 826 3782 875; x_wconf 76' lang='grc' dir='ltr'><strong>ἐν</strong></span> 
     </span>
    </p>
   </div>
   <div class='ocr_carea' id='block_1_24' title="bbox 2165 919 3777 993">
    <p class='ocr_par' dir='ltr' id='par_1_24' title="bbox 2165 919 3777 993">
     <span class='ocr_line' id='line_1_24' title="bbox 2165 919 3777 993; baseline -0.003 -19"><span class='ocrx_word' id='word_1_167' title='bbox 2165 922 2732 993; x_wconf 73' lang='grc' dir='ltr'><strong>τεσσαρεσκαιδεκάτῃ</strong></span> <span class='ocrx_word' id='word_1_168' title='bbox 2766 920 2949 993; x_wconf 77' lang='grc' dir='ltr'>ἡμέρᾳ</span> <span class='ocrx_word' id='word_1_169' title='bbox 2974 920 3198 973; x_wconf 78' lang='grc' dir='ltr'>θύεσθαι</span> <span class='ocrx_word' id='word_1_170' title='bbox 3237 919 3377 973; x_wconf 77' lang='grc' dir='ltr'>κατὰ</span> <span class='ocrx_word' id='word_1_171' title='bbox 3422 922 3517 972; x_wconf 73' lang='grc' dir='ltr'>τὸν</span> <span class='ocrx_word' id='word_1_172' title='bbox 3562 921 3777 989; x_wconf 66' lang='grc' dir='ltr'>νόμςν,</span> 
     </span>
    </p>
   </div>
   <div class='ocr_carea' id='block_1_25' title="bbox 2165 1009 3781 1084">
    <p class='ocr_par' dir='ltr' id='par_1_25' title="bbox 2165 1009 3781 1084">
     <span class='ocr_line' id='line_1_25' title="bbox 2165 1009 3781 1084; baseline -0.002 -20"><span class='ocrx_word' id='word_1_173' title='bbox 2165 1011 2313 1075; x_wconf 81' lang='grc' dir='ltr'>ὅπως</span> <span class='ocrx_word' id='word_1_174' title='bbox 2338 1011 2473 1084; x_wconf 78' lang='grc' dir='ltr'>λήξῃ</span> <span class='ocrx_word' id='word_1_175' title='bbox 2504 1014 2633 1083; x_wconf 83' lang='grc' dir='ltr'>παρ’</span> <span class='ocrx_word' id='word_1_176' title='bbox 2660 1013 2843 1076; x_wconf 81' lang='grc' dir='ltr'>αὐτοῖς</span> <span class='ocrx_word' id='word_1_177' title='bbox 2871 1011 2932 1065; x_wconf 79' lang='grc' dir='ltr'>τὸ</span> <span class='ocrx_word' id='word_1_178' title='bbox 2966 1010 3199 1080; x_wconf 77' lang='grc' dir='ltr'><strong>φωτίζον</strong></span> <span class='ocrx_word' id='word_1_179' title='bbox 3232 1013 3428 1073; x_wconf 75' lang='grc' dir='ltr'>αὐτοὺς</span> <span class='ocrx_word' id='word_1_180' title='bbox 3457 1009 3578 1080; x_wconf 75' lang='grc' dir='ltr'><strong>φῶς</strong></span> <span class='ocrx_word' id='word_1_181' title='bbox 3609 1010 3781 1061; x_wconf 61' lang='grc' dir='ltr'>κατὰ</span> 
     </span>
    </p>
   </div>
   <div class='ocr_carea' id='block_1_26' title="bbox 2166 1102 3781 1176">
    <p class='ocr_par' dir='ltr' id='par_1_26' title="bbox 2166 1102 3781 1176">
     <span class='ocr_line' id='line_1_26' title="bbox 2166 1102 3781 1176; baseline -0.003 -19"><span class='ocrx_word' id='word_1_182' title='bbox 2166 1104 2257 1157; x_wconf 78' lang='grc' dir='ltr'><strong>τὸν</strong></span> <span class='ocrx_word' id='word_1_183' title='bbox 2285 1107 2468 1175; x_wconf 84' lang='grc' dir='ltr'>νόμον,</span> <span class='ocrx_word' id='word_1_184' title='bbox 2502 1102 2594 1157; x_wconf 87' lang='grc' dir='ltr'><strong>τοῦ</strong></span> <span class='ocrx_word' id='word_1_185' title='bbox 2627 1104 2779 1176; x_wconf 80' lang='grc' dir='ltr'>ἡλίου</span> <span class='ocrx_word' id='word_1_186' title='bbox 2808 1104 3207 1167; x_wconf 84' lang='grc' dir='ltr'>ἀνατείλαντος,</span> <span class='ocrx_word' id='word_1_187' title='bbox 3238 1102 3334 1156; x_wconf 77' lang='grc' dir='ltr'><strong>καὶ</strong></span> <span class='ocrx_word' id='word_1_188' title='bbox 3368 1102 3781 1163; x_wconf 77' lang='grc' dir='ltr'>σκεπάσαντος</span> 
     </span>
    </p>
   </div>
   <div class='ocr_carea' id='block_1_27' title="bbox 2165 1194 3775 1269">
    <p class='ocr_par' dir='ltr' id='par_1_27' title="bbox 2165 1194 3775 1269">
     <span class='ocr_line' id='line_1_27' title="bbox 2165 1194 3775 1269; baseline -0.001 -20"><span class='ocrx_word' id='word_1_189' title='bbox 2165 1196 2264 1268; x_wconf 84' lang='grc' dir='ltr'>τῆς</span> <span class='ocrx_word' id='word_1_190' title='bbox 2290 1197 2519 1269; x_wconf 84' lang='grc' dir='ltr'>σελήνης</span> <span class='ocrx_word' id='word_1_191' title='bbox 2542 1196 2603 1250; x_wconf 84' lang='grc' dir='ltr'>τὸ</span> <span class='ocrx_word' id='word_1_192' title='bbox 2634 1196 2812 1260; x_wconf 81' lang='grc' dir='ltr'>σέλας.</span> <span class='ocrx_word' id='word_1_193' title='bbox 2848 1195 2979 1248; x_wconf 80' lang='grc' dir='ltr'><strong>Ἀπὸ</strong></span> <span class='ocrx_word' id='word_1_194' title='bbox 3006 1195 3117 1267; x_wconf 79' lang='grc' dir='ltr'>γὰρ</span> <span class='ocrx_word' id='word_1_195' title='bbox 3139 1194 3775 1265; x_wconf 68' lang='grc' dir='ltr'>τεσσαρεσκαιδεκάτης</span> 
     </span>
    </p>
   </div>
   <div class='ocr_carea' id='block_1_28' title="bbox 2166 1288 3773 1360">
    <p class='ocr_par' dir='ltr' id='par_1_28' title="bbox 2166 1288 3773 1360">
     <span class='ocr_line' id='line_1_28' title="bbox 2166 1288 3773 1360; baseline -0.003 -17"><span class='ocrx_word' id='word_1_196' title='bbox 2166 1291 2261 1344; x_wconf 52' lang='grc' dir='ltr'><strong>καὶ⁸</strong></span> <span class='ocrx_word' id='word_1_197' title='bbox 2297 1291 2447 1345; x_wconf 87' lang='grc' dir='ltr'>κάτω</span> <span class='ocrx_word' id='word_1_198' title='bbox 2475 1290 2649 1360; x_wconf 83' lang='grc' dir='ltr'>φθίνει</span> <span class='ocrx_word' id='word_1_199' title='bbox 2684 1290 2745 1343; x_wconf 82' lang='grc' dir='ltr'>τὸ</span> <span class='ocrx_word' id='word_1_200' title='bbox 2791 1289 3009 1358; x_wconf 75' lang='grc' dir='ltr'>φαεινὸν</span> <span class='ocrx_word' id='word_1_201' title='bbox 3037 1289 3135 1359; x_wconf 83' lang='grc' dir='ltr'>τῆς</span> <span class='ocrx_word' id='word_1_202' title='bbox 3174 1288 3422 1358; x_wconf 83' lang='grc' dir='ltr'>σελήνης.</span> <span class='ocrx_word' id='word_1_203' title='bbox 3450 1288 3613 1340; x_wconf 77' lang='grc' dir='ltr'>Οὕτω</span> <span class='ocrx_word' id='word_1_204' title='bbox 3664 1288 3773 1339; x_wconf 70' lang='grc' dir='ltr'><strong>καὶ</strong></span> 
     </span>
    </p>
   </div>
   <div class='ocr_carea' id='block_1_29' title="bbox 2166 1380 3771 1453">
    <p class='ocr_par' dir='ltr' id='par_1_29' title="bbox 2166 1380 3771 1453">
     <span class='ocr_line' id='line_1_29' title="bbox 2166 1380 3771 1453; baseline -0.002 -20"><span class='ocrx_word' id='word_1_205' title='bbox 2166 1383 2224 1433; x_wconf 87' lang='grc' dir='ltr'><strong>ἐν</strong></span> <span class='ocrx_word' id='word_1_206' title='bbox 2268 1381 2347 1452; x_wconf 81' lang='grc' dir='ltr'>τῷ</span> <span class='ocrx_word' id='word_1_207' title='bbox 2378 1382 2526 1453; x_wconf 85' lang='grc' dir='ltr'>νόμῳ</span> <span class='ocrx_word' id='word_1_208' title='bbox 2567 1383 2675 1435; x_wconf 82' lang='grc' dir='ltr'>ἀπὸ</span> <span class='ocrx_word' id='word_1_209' title='bbox 2722 1382 2824 1452; x_wconf 74' lang='grc' dir='ltr'>τῆς</span> <span class='ocrx_word' id='word_1_210' title='bbox 2865 1381 2956 1435; x_wconf 92' lang='grc' dir='ltr'><strong>τοῦ</strong></span> <span class='ocrx_word' id='word_1_211' title='bbox 3014 1380 3252 1453; x_wconf 79' lang='grc' dir='ltr'>Χριστοῦ</span> <span class='ocrx_word' id='word_1_212' title='bbox 3296 1380 3603 1449; x_wconf 78' lang='grc' dir='ltr'>παρουσίας</span> <span class='ocrx_word' id='word_1_213' title='bbox 3666 1380 3771 1431; x_wconf 74' lang='grc' dir='ltr'><strong>καὶ</strong></span> 
     </span>
    </p>
   </div>
   <div class='ocr_carea' id='block_1_30' title="bbox 2165 1472 3769 1545">
    <p class='ocr_par' dir='ltr' id='par_1_30' title="bbox 2165 1472 3769 1545">
     <span class='ocr_line' id='line_1_30' title="bbox 2165 1472 3769 1545; baseline -0.003 -18"><span class='ocrx_word' id='word_1_214' title='bbox 2165 1473 2373 1535; x_wconf 78' lang='grc' dir='ltr'>πάθους</span> <span class='ocrx_word' id='word_1_215' title='bbox 2393 1472 2718 1545; x_wconf 73' lang='grc' dir='ltr'>ἡμαύρωται</span> <span class='ocrx_word' id='word_1_216' title='bbox 2748 1475 2780 1543; x_wconf 85' lang='grc' dir='ltr'>ἡ</span> <span class='ocrx_word' id='word_1_217' title='bbox 2819 1472 3081 1542; x_wconf 78' lang='grc' dir='ltr'>Ἰουδαῖκὴ</span> <span class='ocrx_word' id='word_1_218' title='bbox 3102 1472 3410 1543; x_wconf 81' lang='grc' dir='ltr'>συναγωγὴ,</span> <span class='ocrx_word' id='word_1_219' title='bbox 3427 1472 3769 1542; x_wconf 79' lang='grc' dir='ltr'>κατηύγασε</span> 
     </span>
    </p>
   </div>
   <div class='ocr_carea' id='block_1_31' title="bbox 2164 1563 3766 1637">
    <p class='ocr_par' dir='ltr' id='par_1_31' title="bbox 2164 1563 3766 1637">
     <span class='ocr_line' id='line_1_31' title="bbox 2164 1563 3766 1637; baseline -0.002 -20"><span class='ocrx_word' id='word_1_220' title='bbox 2164 1564 2220 1617; x_wconf 87' lang='grc' dir='ltr'>δὲ</span> <span class='ocrx_word' id='word_1_221' title='bbox 2277 1564 2338 1618; x_wconf 84' lang='grc' dir='ltr'><strong>τὸ</strong></span> <span class='ocrx_word' id='word_1_222' title='bbox 2389 1564 2754 1633; x_wconf 79' lang='grc' dir='ltr'>Εὑαγγέλιον·</span> <span class='ocrx_word' id='word_1_223' title='bbox 2824 1566 2898 1637; x_wconf 80' lang='grc' dir='ltr'>μὴ</span> <span class='ocrx_word' id='word_1_224' title='bbox 2958 1564 3349 1628; x_wconf 80' lang='grc' dir='ltr'>καταλυθέντος</span> <span class='ocrx_word' id='word_1_225' title='bbox 3405 1563 3501 1617; x_wconf 87' lang='grc' dir='ltr'><strong>τοῦ</strong></span> <span class='ocrx_word' id='word_1_226' title='bbox 3556 1565 3766 1633; x_wconf 76' lang='grc' dir='ltr'>νόμου,</span> 
     </span>
    </p>
   </div>
   <div class='ocr_carea' id='block_1_32' title="bbox 2164 1656 3768 1729">
    <p class='ocr_par' dir='ltr' id='par_1_32' title="bbox 2164 1656 3768 1729">
     <span class='ocr_line' id='line_1_32' title="bbox 2164 1656 3768 1729; baseline -0.001 -20"><span class='ocrx_word' id='word_1_227' title='bbox 2164 1657 2301 1711; x_wconf 80' lang='grc' dir='ltr'>ἀλλὰ</span> <span class='ocrx_word' id='word_1_228' title='bbox 2346 1658 2751 1729; x_wconf 78' lang='grc' dir='ltr'>πληρωθέντος·</span> <span class='ocrx_word' id='word_1_229' title='bbox 2794 1658 2868 1727; x_wconf 83' lang='grc' dir='ltr'>μὴ</span> <span class='ocrx_word' id='word_1_230' title='bbox 2929 1657 3369 1727; x_wconf 87' lang='grc' dir='ltr'>καταργηθέντος</span> <span class='ocrx_word' id='word_1_231' title='bbox 3412 1656 3509 1710; x_wconf 89' lang='grc' dir='ltr'><strong>τοῦ</strong></span> <span class='ocrx_word' id='word_1_232' title='bbox 3548 1658 3768 1716; x_wconf 71' lang='grc' dir='ltr'>τύπου,</span> 
     </span>
    </p>
   </div>
   <div class='ocr_carea' id='block_1_33' title="bbox 483 1738 2055 1825">
    <p class='ocr_par' dir='ltr' id='par_1_33' title="bbox 483 1749 2055 1825">
     <span class='ocr_line' id='line_1_33' title="bbox 483 1749 2055 1825; baseline 0.004 -22"><span class='ocrx_word' id='word_1_233' title='bbox 483 1749 683 1804; x_wconf 88' lang='lat' dir='ltr'><strong>buerit.</strong></span> <span class='ocrx_word' id='word_1_234' title='bbox 727 1750 804 1805; x_wconf 89' lang='lat' dir='ltr'><strong>Ita</strong></span> <span class='ocrx_word' id='word_1_235' title='bbox 831 1760 956 1821; x_wconf 90' lang='lat' dir='ltr'><strong>post</strong></span> <span class='ocrx_word' id='word_1_236' title='bbox 985 1750 1196 1808; x_wconf 90' lang='lat' dir='ltr'><strong>Pascha</strong></span> <span class='ocrx_word' id='word_1_237' title='bbox 1228 1753 1295 1808; x_wconf 90' lang='lat' dir='ltr'><strong>ad</strong></span> <span class='ocrx_word' id='word_1_238' title='bbox 1345 1752 1754 1810; x_wconf 88' lang='lat' dir='ltr'><strong>Hierichuutem</strong></span> <span class='ocrx_word' id='word_1_239' title='bbox 1781 1765 2055 1825; x_wconf 82' lang='lat' dir='ltr'><strong>peractum</strong></span> 
     </span>
    </p>
   </div>
   <div class='ocr_carea' id='block_1_34' title="bbox 2173 1738 3769 1825">
    <p class='ocr_par' dir='ltr' id='par_1_34' title="bbox 2173 1749 3769 1821">
     <span class='ocr_line' id='line_1_34' title="bbox 2173 1749 3769 1821; baseline -0.003 -18"><span class='ocrx_word' id='word_1_240' title='bbox 2173 1749 2302 1803; x_wconf 73' lang='grc' dir='ltr'>ἀλλὰ</span> <span class='ocrx_word' id='word_1_241' title='bbox 2332 1751 2781 1821; x_wconf 73' lang='grc' dir='ltr'>παραπήσαντος</span> <span class='ocrx_word' id='word_1_242' title='bbox 2804 1749 2903 1821; x_wconf 84' lang='grc' dir='ltr'>τὴν</span> <span class='ocrx_word' id='word_1_243' title='bbox 2934 1750 3215 1820; x_wconf 83' lang='grc' dir='ltr'>ἀλήθειαν.</span> <span class='ocrx_word' id='word_1_244' title='bbox 3241 1749 3398 1802; x_wconf 73' lang='grc' dir='ltr'>Οὕτω</span> <span class='ocrx_word' id='word_1_245' title='bbox 3418 1749 3531 1820; x_wconf 78' lang='grc' dir='ltr'>γὰρ</span> <span class='ocrx_word' id='word_1_246' title='bbox 3560 1750 3666 1801; x_wconf 72' lang='grc' dir='ltr'><strong>καί⁵</strong></span> <span class='ocrx_word' id='word_1_247' title='bbox 3701 1751 3769 1800; x_wconf 78' lang='grc' dir='ltr'><strong>ἐν</strong></span> 
     </span>
    </p>
   </div>
   <div class='ocr_carea' id='block_1_35' title="bbox 484 1841 2057 1919">
    <p class='ocr_par' dir='ltr' id='par_1_35' title="bbox 484 1841 2057 1919">
     <span class='ocr_line' id='line_1_35' title="bbox 484 1841 2057 1919; baseline 0.004 -23"><span class='ocrx_word' id='word_1_248' title='bbox 484 1841 765 1913; x_wconf 88' lang='lat' dir='ltr'><strong>Scriptura</strong></span> <span class='ocrx_word' id='word_1_249' title='bbox 796 1846 985 1899; x_wconf 85' lang='lat' dir='ltr'><strong>statim</strong></span> <span class='ocrx_word' id='word_1_250' title='bbox 1015 1847 1258 1917; x_wconf 85' lang='lat' dir='ltr'><strong>adjecit:</strong></span> <span class='ocrx_word' id='word_1_251' title='bbox 1295 1845 1361 1898; x_wconf 84' lang='lat' dir='ltr'><strong>Et</strong></span> <span class='ocrx_word' id='word_1_252' title='bbox 1393 1846 1729 1901; x_wconf 80' lang='lat' dir='ltr'><strong>comederunt</strong></span> <span class='ocrx_word' id='word_1_253' title='bbox 1768 1849 1824 1902; x_wconf 82' lang='lat' dir='ltr'><strong>in</strong></span> <span class='ocrx_word' id='word_1_254' title='bbox 1861 1847 2057 1919; x_wconf 76' lang='lat' dir='ltr'><strong>Calga-</strong></span> 
     </span>
    </p>
   </div>
   <div class='ocr_carea' id='block_1_36' title="bbox 484 1934 2061 2011">
    <p class='ocr_par' dir='ltr' id='par_1_36' title="bbox 484 1934 2061 2011">
     <span class='ocr_line' id='line_1_36' title="bbox 484 1934 2061 2011; baseline 0.006 -24"><span class='ocrx_word' id='word_1_255' title='bbox 484 1934 571 1996; x_wconf 72' lang='lat' dir='ltr'><strong>(is,</strong></span> <span class='ocrx_word' id='word_1_256' title='bbox 611 1946 660 1989; x_wconf 87' lang='lat' dir='ltr'><strong>et</strong></span> <span class='ocrx_word' id='word_1_257' title='bbox 694 1937 881 2005; x_wconf 76' lang='lat' dir='ltr'><strong>defecit</strong></span> <span class='ocrx_word' id='word_1_258' title='bbox 911 1954 1107 1991; x_wconf 85' lang='lat' dir='ltr'><strong>manna</strong></span> <span class='ocrx_word' id='word_1_259' title='bbox 1139 1941 1178 1993; x_wconf 85' lang='grc'><strong>¹.</strong></span> <span class='ocrx_word' id='word_1_260' title='bbox 1223 1940 1432 2006; x_wconf 78' lang='lat' dir='ltr'><strong>Quibus</strong></span> <span class='ocrx_word' id='word_1_261' title='bbox 1470 1941 1653 1994; x_wconf 82' lang='lat' dir='ltr'><strong>verbis</strong></span> <span class='ocrx_word' id='word_1_262' title='bbox 1693 1940 1926 2011; x_wconf 89' lang='lat' dir='ltr'><strong>idipsum</strong></span> <span class='ocrx_word' id='word_1_263' title='bbox 1975 1959 2061 1996; x_wconf 86' lang='lat' dir='ltr'><strong>sa—</strong></span> 
     </span>
    </p>
   </div>
   <div class='ocr_carea' id='block_1_37' title="bbox 483 2028 2059 2097">
    <p class='ocr_par' dir='ltr' id='par_1_37' title="bbox 483 2028 2059 2097">
     <span class='ocr_line' id='line_1_37' title="bbox 483 2028 2059 2097; baseline 0.004 -15"><span class='ocrx_word' id='word_1_264' title='bbox 483 2043 591 2083; x_wconf 68' lang='lat' dir='ltr'><strong>cra:</strong></span> <span class='ocrx_word' id='word_1_265' title='bbox 640 2028 860 2085; x_wconf 68' lang='lat' dir='ltr'><strong>Litterae</strong></span> <span class='ocrx_word' id='word_1_266' title='bbox 927 2031 1280 2085; x_wconf 79' lang='lat' dir='ltr'><strong>vaticinando</strong></span> <span class='ocrx_word' id='word_1_267' title='bbox 1337 2040 1548 2088; x_wconf 74' lang='lat' dir='ltr'><strong>testata:</strong></span> <span class='ocrx_word' id='word_1_268' title='bbox 1588 2040 1739 2097; x_wconf 87' lang='lat' dir='ltr'><strong>sunt,</strong></span> <span class='ocrx_word' id='word_1_269' title='bbox 1780 2033 2059 2088; x_wconf 90' lang='lat' dir='ltr'><strong>Dominica</strong></span> 
     </span>
    </p>
   </div>
   <div class='ocr_carea' id='block_1_38' title="bbox 483 2124 2062 2196">
    <p class='ocr_par' dir='ltr' id='par_1_38' title="bbox 483 2124 2062 2196">
     <span class='ocr_line' id='line_1_38' title="bbox 483 2124 2062 2196; baseline 0.002 -21"><span class='ocrx_word' id='word_1_270' title='bbox 483 2136 636 2186; x_wconf 86' lang='lat' dir='ltr'><strong>nece,</strong></span> <span class='ocrx_word' id='word_1_271' title='bbox 678 2130 901 2193; x_wconf 89' lang='lat' dir='ltr'><strong>pr0pter</strong></span> <span class='ocrx_word' id='word_1_272' title='bbox 940 2124 1270 2193; x_wconf 89' lang='lat' dir='ltr'><strong>adnegatum</strong></span> <span class='ocrx_word' id='word_1_273' title='bbox 1317 2124 1386 2178; x_wconf 90' lang='lat' dir='ltr'><strong>ab</strong></span> <span class='ocrx_word' id='word_1_274' title='bbox 1432 2125 1541 2179; x_wconf 89' lang='lat' dir='ltr'><strong>illis</strong></span> <span class='ocrx_word' id='word_1_275' title='bbox 1587 2141 1811 2189; x_wconf 87' lang='lat' dir='ltr'><strong>numen.</strong></span> <span class='ocrx_word' id='word_1_276' title='bbox 1862 2126 2062 2196; x_wconf 86' lang='lat' dir='ltr'><strong>angeli-</strong></span> 
     </span>
    </p>
   </div>
   <div class='ocr_carea' id='block_1_39' title="bbox 481 2216 2057 2288">
    <p class='ocr_par' dir='ltr' id='par_1_39' title="bbox 481 2216 2057 2288">
     <span class='ocr_line' id='line_1_39' title="bbox 481 2216 2057 2288; baseline 0.003 -20"><span class='ocrx_word' id='word_1_277' title='bbox 481 2228 629 2275; x_wconf 82' lang='lat' dir='ltr'><strong>cum.</strong></span> <span class='ocrx_word' id='word_1_278' title='bbox 653 2231 716 2267; x_wconf 89' lang='lat' dir='ltr'><strong>ac</strong></span> <span class='ocrx_word' id='word_1_279' title='bbox 738 2216 960 2270; x_wconf 65' lang='lat' dir='ltr'><strong>caeleste</strong></span> <span class='ocrx_word' id='word_1_280' title='bbox 982 2218 1260 2286; x_wconf 83' lang='lat' dir='ltr'><strong>pabulum,</strong></span> <span class='ocrx_word' id='word_1_281' title='bbox 1286 2216 1433 2287; x_wconf 85' lang='lat' dir='ltr'><strong>quod</strong></span> <span class='ocrx_word' id='word_1_282' title='bbox 1465 2218 1812 2288; x_wconf 79' lang='lat' dir='ltr'><strong>appellabant</strong></span> <span class='ocrx_word' id='word_1_283' title='bbox 1838 2234 2057 2283; x_wconf 81' lang='lat' dir='ltr'><strong>manna,</strong></span> 
     </span>
    </p>
   </div>
   <div class='ocr_carea' id='block_1_40' title="bbox 481 2307 809 2363">
    <p class='ocr_par' dir='ltr' id='par_1_40' title="bbox 481 2307 809 2363">
     <span class='ocr_line' id='line_1_40' title="bbox 481 2307 809 2363; baseline -0.003 -2"><span class='ocrx_word' id='word_1_284' title='bbox 481 2307 809 2363; x_wconf 88' lang='lat' dir='ltr'><strong>desiturum.</strong></span> 
     </span>
    </p>
   </div>
   <div class='ocr_carea' id='block_1_41' title="bbox 554 2489 2060 2564">
    <p class='ocr_par' dir='ltr' id='par_1_41' title="bbox 554 2489 2060 2564">
     <span class='ocr_line' id='line_1_41' title="bbox 554 2489 2060 2564; baseline 0.004 -21"><span class='ocrx_word' id='word_1_285' title='bbox 554 2489 638 2543; x_wconf 92' lang='lat' dir='ltr'><strong>Ill.</strong></span> <span class='ocrx_word' id='word_1_286' title='bbox 685 2490 925 2546; x_wconf 81' lang='lat' dir='ltr'><strong>Ecclesia</strong></span> <span class='ocrx_word' id='word_1_287' title='bbox 956 2507 1121 2561; x_wconf 90' lang='lat' dir='ltr'><strong>porro</strong></span> <span class='ocrx_word' id='word_1_288' title='bbox 1148 2491 1453 2559; x_wconf 83' lang='lat' dir='ltr'><strong>Catholica,</strong></span> <span class='ocrx_word' id='word_1_289' title='bbox 1489 2506 1611 2563; x_wconf 67' lang='lat' dir='ltr'><strong>quae</strong></span> <span class='ocrx_word' id='word_1_290' title='bbox 1643 2491 1711 2549; x_wconf 86' lang='lat' dir='ltr'><strong>ad</strong></span> <span class='ocrx_word' id='word_1_291' title='bbox 1746 2492 1800 2546; x_wconf 90' lang='lat' dir='ltr'><strong>id</strong></span> <span class='ocrx_word' id='word_1_292' title='bbox 1852 2500 2060 2564; x_wconf 81' lang='lat' dir='ltr'><strong>myste-</strong></span> 
     </span>
    </p>
   </div>
   <div class='ocr_carea' id='block_1_42' title="bbox 483 2582 2061 2657">
    <p class='ocr_par' dir='ltr' id='par_1_42' title="bbox 483 2582 2061 2657">
     <span class='ocr_line' id='line_1_42' title="bbox 483 2582 2061 2657; baseline 0.003 -21"><span class='ocrx_word' id='word_1_293' title='bbox 483 2584 621 2637; x_wconf 86' lang='lat' dir='ltr'><strong>rium</strong></span> <span class='ocrx_word' id='word_1_294' title='bbox 665 2582 1048 2638; x_wconf 89' lang='lat' dir='ltr'><strong>celebraudum</strong></span> <span class='ocrx_word' id='word_1_295' title='bbox 1103 2585 1420 2641; x_wconf 88' lang='lat' dir='ltr'><strong>necessaria</strong></span> <span class='ocrx_word' id='word_1_296' title='bbox 1473 2592 1604 2641; x_wconf 87' lang='lat' dir='ltr'><strong>sunt</strong></span> <span class='ocrx_word' id='word_1_297' title='bbox 1639 2585 1880 2657; x_wconf 89' lang='lat' dir='ltr'><strong>undique</strong></span> <span class='ocrx_word' id='word_1_298' title='bbox 1927 2601 2061 2641; x_wconf 88' lang='lat' dir='ltr'><strong>con-</strong></span> 
     </span>
    </p>
   </div>
   <div class='ocr_carea' id='block_1_43' title="bbox 480 2676 2057 2744">
    <p class='ocr_par' dir='ltr' id='par_1_43' title="bbox 480 2676 2057 2744">
     <span class='ocr_line' id='line_1_43' title="bbox 480 2676 2057 2744; baseline 0.004 -17"><span class='ocrx_word' id='word_1_299' title='bbox 480 2676 724 2737; x_wconf 86' lang='lat' dir='ltr'><strong>trahens.</strong></span> <span class='ocrx_word' id='word_1_300' title='bbox 761 2684 814 2730; x_wconf 92' lang='lat' dir='ltr'><strong>et</strong></span> <span class='ocrx_word' id='word_1_301' title='bbox 845 2677 898 2731; x_wconf 89' lang='lat' dir='ltr'><strong>in</strong></span> <span class='ocrx_word' id='word_1_302' title='bbox 936 2691 1102 2730; x_wconf 90' lang='lat' dir='ltr'><strong>unum</strong></span> <span class='ocrx_word' id='word_1_303' title='bbox 1143 2676 1468 2744; x_wconf 82' lang='lat' dir='ltr'><strong>conferens,</strong></span> <span class='ocrx_word' id='word_1_304' title='bbox 1522 2678 1806 2734; x_wconf 85' lang='lat' dir='ltr'><strong>veritatem</strong></span> <span class='ocrx_word' id='word_1_305' title='bbox 1840 2679 2057 2735; x_wconf 86' lang='lat' dir='ltr'><strong>retinet.</strong></span> 
     </span>
    </p>
   </div>
   <div class='ocr_carea' id='block_1_44' title="bbox 480 2763 2061 2835">
    <p class='ocr_par' dir='ltr' id='par_1_44' title="bbox 480 2763 2061 2835">
     <span class='ocr_line' id='line_1_44' title="bbox 480 2763 2061 2835; baseline 0.004 -16"><span class='ocrx_word' id='word_1_306' title='bbox 480 2763 615 2819; x_wconf 72' lang='lat' dir='ltr'><strong>Nam</strong></span> <span class='ocrx_word' id='word_1_307' title='bbox 644 2782 750 2819; x_wconf 90' lang='lat' dir='ltr'><strong>non</strong></span> <span class='ocrx_word' id='word_1_308' title='bbox 782 2766 957 2821; x_wconf 83' lang='lat' dir='ltr'><strong>solum</strong></span> <span class='ocrx_word' id='word_1_309' title='bbox 998 2783 1090 2820; x_wconf 70' lang='grc' dir='ltr'><strong>χεν</strong></span> <span class='ocrx_word' id='word_1_310' title='bbox 1127 2767 1271 2821; x_wconf 91' lang='lat' dir='ltr'><strong>diem</strong></span> <span class='ocrx_word' id='word_1_311' title='bbox 1295 2769 1588 2835; x_wconf 81' lang='lat' dir='ltr'><strong>observat;</strong></span> <span class='ocrx_word' id='word_1_312' title='bbox 1624 2768 1719 2824; x_wconf 83' lang='lat' dir='ltr'><strong>sed</strong></span> <span class='ocrx_word' id='word_1_313' title='bbox 1755 2777 1811 2826; x_wconf 86' lang='lat' dir='ltr'><strong>et</strong></span> <span class='ocrx_word' id='word_1_314' title='bbox 1855 2769 2061 2825; x_wconf 90' lang='lat' dir='ltr'><strong>hebdo-</strong></span> 
     </span>
    </p>
   </div>
   <div class='ocr_carea' id='block_1_45' title="bbox 481 2857 2058 2933">
    <p class='ocr_par' dir='ltr' id='par_1_45' title="bbox 481 2857 2058 2933">
     <span class='ocr_line' id='line_1_45' title="bbox 481 2857 2058 2933; baseline 0.004 -23"><span class='ocrx_word' id='word_1_315' title='bbox 481 2859 732 2924; x_wconf 63' lang='lat' dir='ltr'><strong>madam;</strong></span> <span class='ocrx_word' id='word_1_316' title='bbox 774 2857 877 2913; x_wconf 89' lang='lat' dir='ltr'><strong>hoc</strong></span> <span class='ocrx_word' id='word_1_317' title='bbox 915 2867 999 2914; x_wconf 91' lang='lat' dir='ltr'><strong>est</strong></span> <span class='ocrx_word' id='word_1_318' title='bbox 1045 2869 1299 2928; x_wconf 80' lang='lat' dir='ltr'><strong>septenos</strong></span> <span class='ocrx_word' id='word_1_319' title='bbox 1361 2858 1487 2915; x_wconf 90' lang='lat' dir='ltr'><strong>illos</strong></span> <span class='ocrx_word' id='word_1_320' title='bbox 1523 2859 1746 2916; x_wconf 89' lang='lat' dir='ltr'><strong>Sabbati</strong></span> <span class='ocrx_word' id='word_1_321' title='bbox 1776 2860 1893 2917; x_wconf 88' lang='lat' dir='ltr'><strong>dies</strong></span> <span class='ocrx_word' id='word_1_322' title='bbox 1918 2903 1934 2930; x_wconf 90' lang='lat'><strong>,</strong></span> <span class='ocrx_word' id='word_1_323' title='bbox 1964 2863 2058 2933; x_wconf 87' lang='lat' dir='ltr'><strong>qui</strong></span> 
     </span>
    </p>
   </div>
   <div class='ocr_carea' id='block_1_46' title="bbox 483 2950 2059 3017">
    <p class='ocr_par' dir='ltr' id='par_1_46' title="bbox 483 2950 2059 3017">
     <span class='ocr_line' id='line_1_46' title="bbox 483 2950 2059 3017; baseline 0.007 -17"><span class='ocrx_word' id='word_1_324' title='bbox 483 2958 746 3017; x_wconf 77' lang='lat' dir='ltr'><strong>perpetuo</strong></span> <span class='ocrx_word' id='word_1_325' title='bbox 803 2950 1037 3005; x_wconf 91' lang='lat' dir='ltr'><strong>circuitu</strong></span> <span class='ocrx_word' id='word_1_326' title='bbox 1086 2964 1151 3004; x_wconf 90' lang='lat' dir='ltr'><strong>ac</strong></span> <span class='ocrx_word' id='word_1_327' title='bbox 1201 2952 1537 3008; x_wconf 83' lang='lat' dir='ltr'><strong>revolutione</strong></span> <span class='ocrx_word' id='word_1_328' title='bbox 1575 2952 1838 3017; x_wconf 90' lang='lat' dir='ltr'><strong>redeunt,</strong></span> <span class='ocrx_word' id='word_1_329' title='bbox 1892 2964 1950 3010; x_wconf 88' lang='lat' dir='ltr'><strong>ut</strong></span> <span class='ocrx_word' id='word_1_330' title='bbox 1991 2957 2059 3011; x_wconf 89' lang='lat' dir='ltr'><strong>ad</strong></span> 
     </span>
    </p>
   </div>
   <div class='ocr_carea' id='block_1_47' title="bbox 480 3041 2060 3114">
    <p class='ocr_par' dir='ltr' id='par_1_47' title="bbox 480 3041 2060 3114">
     <span class='ocr_line' id='line_1_47' title="bbox 480 3041 2060 3114; baseline 0.004 -20"><span class='ocrx_word' id='word_1_331' title='bbox 480 3054 673 3094; x_wconf 88' lang='lat' dir='ltr'><strong>eorum</strong></span> <span class='ocrx_word' id='word_1_332' title='bbox 701 3041 982 3111; x_wconf 78' lang='lat' dir='ltr'><strong>exemplar</strong></span> <span class='ocrx_word' id='word_1_333' title='bbox 1012 3058 1133 3113; x_wconf 83' lang='lat' dir='ltr'><strong>quae</strong></span> <span class='ocrx_word' id='word_1_334' title='bbox 1172 3052 1302 3097; x_wconf 88' lang='lat' dir='ltr'><strong>sunt</strong></span> <span class='ocrx_word' id='word_1_335' title='bbox 1338 3058 1369 3097; x_wconf 92' lang='lat' dir='ltr'><strong>a</strong></span> <span class='ocrx_word' id='word_1_336' title='bbox 1406 3042 1634 3099; x_wconf 89' lang='lat' dir='ltr'><strong>Domino</strong></span> <span class='ocrx_word' id='word_1_337' title='bbox 1660 3052 1842 3114; x_wconf 85' lang='lat' dir='ltr'><strong>gesta,</strong></span> <span class='ocrx_word' id='word_1_338' title='bbox 1876 3062 2060 3101; x_wconf 87' lang='lat' dir='ltr'><strong>resur-</strong></span> 
     </span>
    </p>
   </div>
   <div class='ocr_carea' id='block_1_48' title="bbox 482 3132 2059 3206">
    <p class='ocr_par' dir='ltr' id='par_1_48' title="bbox 482 3132 2059 3206">
     <span class='ocr_line' id='line_1_48' title="bbox 482 3132 2059 3206; baseline 0.006 -23"><span class='ocrx_word' id='word_1_339' title='bbox 482 3132 653 3184; x_wconf 88' lang='lat' dir='ltr'><strong>rectio</strong></span> <span class='ocrx_word' id='word_1_340' title='bbox 686 3132 966 3202; x_wconf 71' lang='lat' dir='ltr'><strong>epulaeque</strong></span> <span class='ocrx_word' id='word_1_341' title='bbox 1004 3132 1369 3189; x_wconf 90' lang='lat' dir='ltr'><strong>celebrentur.</strong></span> <span class='ocrx_word' id='word_1_342' title='bbox 1428 3134 1628 3190; x_wconf 85' lang='lat' dir='ltr'><strong>Deinde</strong></span> <span class='ocrx_word' id='word_1_343' title='bbox 1682 3147 1878 3206; x_wconf 71' lang='lat' dir='ltr'><strong>praeter</strong></span> <span class='ocrx_word' id='word_1_344' title='bbox 1917 3139 2059 3194; x_wconf 66' lang='lat' dir='ltr'><strong>lunae</strong></span> 
     </span>
    </p>
   </div>
   <div class='ocr_carea' id='block_1_49' title="bbox 480 3224 2058 3302">
    <p class='ocr_par' dir='ltr' id='par_1_49' title="bbox 480 3224 2058 3302">
     <span class='ocr_line' id='line_1_49' title="bbox 480 3224 2058 3302; baseline 0.007 -26"><span class='ocrx_word' id='word_1_345' title='bbox 480 3238 572 3277; x_wconf 78' lang='lat' dir='ltr'><strong>xiv</strong></span> <span class='ocrx_word' id='word_1_346' title='bbox 603 3224 775 3288; x_wconf 85' lang='lat' dir='ltr'><strong>diem,</strong></span> <span class='ocrx_word' id='word_1_347' title='bbox 819 3227 983 3281; x_wconf 87' lang='lat' dir='ltr'><strong>etiam</strong></span> <span class='ocrx_word' id='word_1_348' title='bbox 1018 3242 1242 3283; x_wconf 89' lang='lat' dir='ltr'><strong>cursum</strong></span> <span class='ocrx_word' id='word_1_349' title='bbox 1292 3228 1425 3283; x_wconf 90' lang='lat' dir='ltr'><strong>solis</strong></span> <span class='ocrx_word' id='word_1_350' title='bbox 1459 3229 1715 3292; x_wconf 87' lang='lat' dir='ltr'><strong>adhibet,</strong></span> <span class='ocrx_word' id='word_1_351' title='bbox 1759 3247 1825 3285; x_wconf 89' lang='lat' dir='ltr'><strong>ne</strong></span> <span class='ocrx_word' id='word_1_352' title='bbox 1864 3232 2058 3302; x_wconf 78' lang='lat' dir='ltr'><strong>duplex</strong></span> 
     </span>
    </p>
   </div>
   <div class='ocr_carea' id='block_1_50' title="bbox 481 3310 2061 3390">
    <p class='ocr_par' dir='ltr' id='par_1_50' title="bbox 481 3310 2061 3390">
     <span class='ocr_line' id='line_1_50' title="bbox 481 3310 2061 3390; baseline 0.008 -21"><span class='ocrx_word' id='word_1_353' title='bbox 481 3318 535 3369; x_wconf 89' lang='lat' dir='ltr'><strong>in</strong></span> <span class='ocrx_word' id='word_1_354' title='bbox 591 3319 840 3374; x_wconf 89' lang='lat' dir='ltr'><strong>eumdem</strong></span> <span class='ocrx_word' id='word_1_355' title='bbox 896 3335 1098 3375; x_wconf 88' lang='lat' dir='ltr'><strong>annum</strong></span> <span class='ocrx_word' id='word_1_356' title='bbox 1139 3319 1350 3377; x_wconf 86' lang='lat' dir='ltr'><strong>Pascha</strong></span> <span class='ocrx_word' id='word_1_357' title='bbox 1406 3324 1481 3377; x_wconf 86' lang='lat' dir='ltr'><strong>ita</strong></span> <span class='ocrx_word' id='word_1_358' title='bbox 1534 3310 1942 3390; x_wconf 77' lang='lat' dir='ltr'><strong>committatur,</strong></span> <span class='ocrx_word' id='word_1_359' title='bbox 2004 3339 2061 3381; x_wconf 91' lang='lat' dir='ltr'><strong>ut</strong></span> 
     </span>
    </p>
   </div>
   <div class='ocr_carea' id='block_1_51' title="bbox 482 3410 2059 3486">
    <p class='ocr_par' dir='ltr' id='par_1_51' title="bbox 482 3410 2059 3486">
     <span class='ocr_line' id='line_1_51' title="bbox 482 3410 2059 3486; baseline 0.008 -25"><span class='ocrx_word' id='word_1_360' title='bbox 482 3410 653 3463; x_wconf 84' lang='lat' dir='ltr'><strong>altero</strong></span> <span class='ocrx_word' id='word_1_361' title='bbox 691 3426 837 3466; x_wconf 89' lang='lat' dir='ltr'><strong>anno</strong></span> <span class='ocrx_word' id='word_1_362' title='bbox 891 3429 958 3467; x_wconf 91' lang='lat' dir='ltr'><strong>ne</strong></span> <span class='ocrx_word' id='word_1_363' title='bbox 995 3430 1165 3468; x_wconf 87' lang='lat' dir='ltr'><strong>unum</strong></span> <span class='ocrx_word' id='word_1_364' title='bbox 1198 3416 1418 3486; x_wconf 90' lang='lat' dir='ltr'><strong>quidem</strong></span> <span class='ocrx_word' id='word_1_365' title='bbox 1475 3416 1760 3472; x_wconf 81' lang='lat' dir='ltr'><strong>habeatur.</strong></span> <span class='ocrx_word' id='word_1_366' title='bbox 1790 3417 2059 3485; x_wconf 83' lang='lat' dir='ltr'><strong>Quocirca</strong></span> 
     </span>
    </p>
   </div>
   <div class='ocr_carea' id='block_1_52' title="bbox 483 3503 2060 3582">
    <p class='ocr_par' dir='ltr' id='par_1_52' title="bbox 483 3503 2060 3582">
     <span class='ocr_line' id='line_1_52' title="bbox 483 3503 2060 3582; baseline 0.007 -26"><span class='ocrx_word' id='word_1_367' title='bbox 483 3518 573 3556; x_wconf 80' lang='lat' dir='ltr'><strong>xw</strong></span> <span class='ocrx_word' id='word_1_368' title='bbox 603 3503 747 3556; x_wconf 86' lang='lat' dir='ltr'><strong>illam</strong></span> <span class='ocrx_word' id='word_1_369' title='bbox 786 3503 926 3558; x_wconf 90' lang='lat' dir='ltr'><strong>diem</strong></span> <span class='ocrx_word' id='word_1_370' title='bbox 961 3506 1042 3560; x_wconf 88' lang='lat' dir='ltr'><strong>sic</strong></span> <span class='ocrx_word' id='word_1_371' title='bbox 1079 3516 1326 3564; x_wconf 86' lang='lat' dir='ltr'><strong>tenemus</strong></span> <span class='ocrx_word' id='word_1_372' title='bbox 1353 3551 1367 3573; x_wconf 92' lang='lat'><strong>,</strong></span> <span class='ocrx_word' id='word_1_373' title='bbox 1415 3517 1472 3563; x_wconf 89' lang='lat' dir='ltr'><strong>ut</strong></span> <span class='ocrx_word' id='word_1_374' title='bbox 1504 3510 1894 3579; x_wconf 78' lang='lat' dir='ltr'><strong>aequinoctium</strong></span> <span class='ocrx_word' id='word_1_375' title='bbox 1924 3527 2060 3582; x_wconf 62' lang='lat' dir='ltr'><strong>prai-</strong></span> 
     </span>
    </p>
   </div>
   <div class='ocr_carea' id='block_1_53' title="bbox 483 3590 2058 3657">
    <p class='ocr_par' dir='ltr' id='par_1_53' title="bbox 483 3590 2058 3657">
     <span class='ocr_line' id='line_1_53' title="bbox 483 3590 2058 3657; baseline 0.01 -16"><span class='ocrx_word' id='word_1_376' title='bbox 483 3590 918 3657; x_wconf 79' lang='lat' dir='ltr'><strong>tcrgrediamur;</strong></span> <span class='ocrx_word' id='word_1_377' title='bbox 976 3610 1040 3648; x_wconf 89' lang='lat' dir='ltr'><strong>ac</strong></span> <span class='ocrx_word' id='word_1_378' title='bbox 1079 3594 1300 3650; x_wconf 90' lang='lat' dir='ltr'><strong>demum</strong></span> <span class='ocrx_word' id='word_1_379' title='bbox 1343 3600 1395 3651; x_wconf 91' lang='lat' dir='ltr'><strong>in</strong></span> <span class='ocrx_word' id='word_1_380' title='bbox 1444 3608 1689 3655; x_wconf 88' lang='lat' dir='ltr'><strong>sanctam</strong></span> <span class='ocrx_word' id='word_1_381' title='bbox 1722 3600 2058 3657; x_wconf 87' lang='lat' dir='ltr'><strong>Dominicam</strong></span> 
     </span>
    </p>
   </div>
   <div class='ocr_carea' id='block_1_54' title="bbox 483 3679 2059 3761">
    <p class='ocr_par' dir='ltr' id='par_1_54' title="bbox 483 3679 2059 3761">
     <span class='ocr_line' id='line_1_54' title="bbox 483 3679 2059 3761; baseline 0.01 -30"><span class='ocrx_word' id='word_1_382' title='bbox 483 3679 878 3748; x_wconf 81' lang='lat' dir='ltr'><strong>religiosissimi</strong></span> <span class='ocrx_word' id='word_1_383' title='bbox 896 3686 1156 3754; x_wconf 89' lang='lat' dir='ltr'><strong>temporis</strong></span> <span class='ocrx_word' id='word_1_384' title='bbox 1184 3687 1344 3743; x_wconf 82' lang='lat' dir='ltr'><strong>ﬁnem</strong></span> <span class='ocrx_word' id='word_1_385' title='bbox 1370 3688 1715 3757; x_wconf 83' lang='lat' dir='ltr'><strong>conjicimus,</strong></span> <span class='ocrx_word' id='word_1_386' title='bbox 1741 3690 1836 3744; x_wconf 90' lang='lat' dir='ltr'><strong>sed</strong></span> <span class='ocrx_word' id='word_1_387' title='bbox 1862 3707 2059 3761; x_wconf 86' lang='lat' dir='ltr'><strong>agnum</strong></span> 
     </span>
    </p>
   </div>
   <div class='ocr_carea' id='block_1_55' title="bbox 478 3768 2055 3852">
    <p class='ocr_par' dir='ltr' id='par_1_55' title="bbox 478 3768 2055 3852">
     <span class='ocr_line' id='line_1_55' title="bbox 478 3768 2055 3852; baseline 0.011 -32"><span class='ocrx_word' id='word_1_388' title='bbox 478 3768 591 3835; x_wconf 90' lang='lat' dir='ltr'><strong>jam</strong></span> <span class='ocrx_word' id='word_1_389' title='bbox 633 3779 745 3825; x_wconf 91' lang='lat' dir='ltr'><strong>tum</strong></span> <span class='ocrx_word' id='word_1_390' title='bbox 779 3787 808 3825; x_wconf 87' lang='lat' dir='ltr'><strong>a</strong></span> <span class='ocrx_word' id='word_1_391' title='bbox 851 3774 1064 3831; x_wconf 88' lang='lat' dir='ltr'><strong>decimo</strong></span> <span class='ocrx_word' id='word_1_392' title='bbox 1093 3778 1179 3832; x_wconf 90' lang='lat' dir='ltr'><strong>die</strong></span> <span class='ocrx_word' id='word_1_393' title='bbox 1220 3780 1525 3841; x_wconf 81' lang='lat' dir='ltr'><strong>sumimus.</strong></span> <span class='ocrx_word' id='word_1_394' title='bbox 1560 3782 1818 3852; x_wconf 90' lang='lat' dir='ltr'><strong>quoniam</strong></span> <span class='ocrx_word' id='word_1_395' title='bbox 1856 3783 1909 3836; x_wconf 94' lang='lat' dir='ltr'><strong>in</strong></span> <span class='ocrx_word' id='word_1_396' title='bbox 1946 3782 2055 3837; x_wconf 88' lang='lat' dir='ltr'><strong>lota</strong></span> 
     </span>
    </p>
   </div>
   <div class='ocr_carea' id='block_1_56' title="bbox 483 3862 2061 3946">
    <p class='ocr_par' dir='ltr' id='par_1_56' title="bbox 483 3862 2061 3946">
     <span class='ocr_line' id='line_1_56' title="bbox 483 3862 2061 3946; baseline 0.008 -29"><span class='ocrx_word' id='word_1_397' title='bbox 483 3864 661 3919; x_wconf 86' lang='lat' dir='ltr'><strong>littera</strong></span> <span class='ocrx_word' id='word_1_398' title='bbox 714 3862 842 3921; x_wconf 82' lang='lat' dir='ltr'><strong>Jesu</strong></span> <span class='ocrx_word' id='word_1_399' title='bbox 884 3883 1081 3924; x_wconf 90' lang='lat' dir='ltr'><strong>nomen</strong></span> <span class='ocrx_word' id='word_1_400' title='bbox 1123 3871 1502 3941; x_wconf 80' lang='lat' dir='ltr'><strong>agnoscimus;</strong></span> <span class='ocrx_word' id='word_1_401' title='bbox 1546 3889 1613 3928; x_wconf 90' lang='lat' dir='ltr'><strong>ne</strong></span> <span class='ocrx_word' id='word_1_402' title='bbox 1659 3873 1790 3946; x_wconf 91' lang='lat' dir='ltr'><strong>quid</strong></span> <span class='ocrx_word' id='word_1_403' title='bbox 1836 3876 2061 3932; x_wconf 91' lang='lat' dir='ltr'><strong>omnino</strong></span> 
     </span>
    </p>
   </div>
   <div class='ocr_carea' id='block_1_57' title="bbox 481 3956 2061 4035">
    <p class='ocr_par' dir='ltr' id='par_1_57' title="bbox 481 3956 2061 4035">
     <span class='ocr_line' id='line_1_57' title="bbox 481 3956 2061 4035; baseline 0.009 -26"><span class='ocrx_word' id='word_1_404' title='bbox 481 3956 816 4027; x_wconf 78' lang='lat' dir='ltr'><strong>diligentiam</strong></span> <span class='ocrx_word' id='word_1_405' title='bbox 856 3968 1096 4015; x_wconf 89' lang='lat' dir='ltr'><strong>nostram</strong></span> <span class='ocrx_word' id='word_1_406' title='bbox 1138 3961 1379 4034; x_wconf 79' lang='lat' dir='ltr'><strong>eﬂ&#39;ugiat,</strong></span> <span class='ocrx_word' id='word_1_407' title='bbox 1416 3965 1560 4035; x_wconf 87' lang='lat' dir='ltr'><strong>quod</strong></span> <span class='ocrx_word' id='word_1_408' title='bbox 1616 3965 1685 4021; x_wconf 85' lang='lat' dir='ltr'><strong>ad</strong></span> <span class='ocrx_word' id='word_1_409' title='bbox 1721 3968 2061 4025; x_wconf 85' lang='lat' dir='ltr'><strong>ecclesiasti-</strong></span> 
     </span>
    </p>
   </div>
   <div class='ocr_carea' id='block_1_58' title="bbox 480 4058 2055 4131">
    <p class='ocr_par' dir='ltr' id='par_1_58' title="bbox 480 4058 2055 4131">
     <span class='ocr_line' id='line_1_58' title="bbox 480 4058 2055 4131; baseline 0.009 -28"><span class='ocrx_word' id='word_1_410' title='bbox 480 4065 602 4104; x_wconf 84' lang='lat' dir='ltr'><strong>cam</strong></span> <span class='ocrx_word' id='word_1_411' title='bbox 635 4059 688 4105; x_wconf 89' lang='lat' dir='ltr'><strong>et</strong></span> <span class='ocrx_word' id='word_1_412' title='bbox 723 4068 1036 4124; x_wconf 84' lang='lat' dir='ltr'><strong>germanam</strong></span> <span class='ocrx_word' id='word_1_413' title='bbox 1058 4098 1071 4120; x_wconf 92' lang='lat'><strong>,</strong></span> <span class='ocrx_word' id='word_1_414' title='bbox 1105 4071 1169 4112; x_wconf 90' lang='lat' dir='ltr'><strong>ac</strong></span> <span class='ocrx_word' id='word_1_415' title='bbox 1207 4058 1334 4113; x_wconf 74' lang='lat' dir='ltr'><strong>vitae</strong></span> <span class='ocrx_word' id='word_1_416' title='bbox 1390 4059 1691 4131; x_wconf 86' lang='lat' dir='ltr'><strong>salutisque</strong></span> <span class='ocrx_word' id='word_1_417' title='bbox 1723 4062 2055 4117; x_wconf 90' lang='lat' dir='ltr'><strong>conciliatri-</strong></span> 
     </span>
    </p>
   </div>
   <div class='ocr_carea' id='block_1_59' title="bbox 482 4142 1984 4223">
    <p class='ocr_par' dir='ltr' id='par_1_59' title="bbox 482 4142 1984 4223">
     <span class='ocr_line' id='line_1_59' title="bbox 482 4142 1984 4223; baseline 0.01 -27"><span class='ocrx_word' id='word_1_418' title='bbox 482 4158 597 4198; x_wconf 88' lang='lat' dir='ltr'><strong>cem</strong></span> <span class='ocrx_word' id='word_1_419' title='bbox 632 4142 920 4203; x_wconf 80' lang='lat' dir='ltr'><strong>Paschalis</strong></span> <span class='ocrx_word' id='word_1_420' title='bbox 957 4149 1379 4207; x_wconf 88' lang='lat' dir='ltr'><strong>celebrationem</strong></span> <span class='ocrx_word' id='word_1_421' title='bbox 1419 4154 1692 4223; x_wconf 86' lang='lat' dir='ltr'><strong>pertinere</strong></span> <span class='ocrx_word' id='word_1_422' title='bbox 1715 4156 1984 4211; x_wconf 88' lang='lat' dir='ltr'><strong>videatur.</strong></span> 
     </span>
    </p>
   </div>
   <div class='ocr_carea' id='block_1_60' title="bbox 550 4237 2055 4317">
    <p class='ocr_par' dir='ltr' id='par_1_60' title="bbox 550 4237 2055 4317">
     <span class='ocr_line' id='line_1_60' title="bbox 550 4237 2055 4317; baseline 0.007 -23"><span class='ocrx_word' id='word_1_423' title='bbox 550 4237 713 4309; x_wconf 58' lang='lat' dir='ltr'><strong>E22</strong></span> <span class='ocrx_word' id='word_1_424' title='bbox 744 4238 847 4294; x_wconf 90' lang='lat' dir='ltr'><strong>Sed</strong></span> <span class='ocrx_word' id='word_1_425' title='bbox 875 4240 986 4310; x_wconf 87' lang='lat' dir='ltr'><strong>jam</strong></span> <span class='ocrx_word' id='word_1_426' title='bbox 1024 4243 1339 4310; x_wconf 80' lang='lat' dir='ltr'><strong>pestiferum</strong></span> <span class='ocrx_word' id='word_1_427' title='bbox 1376 4244 1593 4301; x_wconf 84' lang='lat' dir='ltr'><strong>bufonis</strong></span> <span class='ocrx_word' id='word_1_428' title='bbox 1621 4248 1786 4317; x_wconf 89' lang='lat' dir='ltr'><strong>hujus</strong></span> <span class='ocrx_word' id='word_1_429' title='bbox 1818 4250 2055 4305; x_wconf 68' lang='lat' dir='ltr'><strong>afﬂatum</strong></span> 
     </span>
    </p>
   </div>
   <div class='ocr_carea' id='block_1_61' title="bbox 480 4328 2055 4410">
    <p class='ocr_par' dir='ltr' id='par_1_61' title="bbox 480 4328 2055 4410">
     <span class='ocr_line' id='line_1_61' title="bbox 480 4328 2055 4410; baseline 0.01 -31"><span class='ocrx_word' id='word_1_430' title='bbox 480 4328 683 4383; x_wconf 77' lang='lat' dir='ltr'><strong>Christi</strong></span> <span class='ocrx_word' id='word_1_431' title='bbox 720 4331 956 4399; x_wconf 84' lang='lat' dir='ltr'><strong>potentia</strong></span> <span class='ocrx_word' id='word_1_432' title='bbox 989 4331 1144 4392; x_wconf 75' lang='lat' dir='ltr'><strong>velut!</strong></span> <span class='ocrx_word' id='word_1_433' title='bbox 1161 4332 1482 4404; x_wconf 85' lang='lat' dir='ltr'><strong>obsignatus</strong></span> <span class='ocrx_word' id='word_1_434' title='bbox 1526 4337 1877 4409; x_wconf 88' lang='lat' dir='ltr'><strong>munitusque</strong></span> <span class='ocrx_word' id='word_1_435' title='bbox 1915 4356 2055 4410; x_wconf 67' lang='lat' dir='ltr'><strong>prae-</strong></span> 
     </span>
    </p>
   </div>
   <div class='ocr_carea' id='block_1_62' title="bbox 2160 1840 3770 1913">
    <p class='ocr_par' dir='ltr' id='par_1_62' title="bbox 2160 1840 3770 1913">
     <span class='ocr_line' id='line_1_62' title="bbox 2160 1840 3770 1913; baseline 0 -19"><span class='ocrx_word' id='word_1_436' title='bbox 2160 1842 2239 1913; x_wconf 81' lang='grc' dir='ltr'>τῷ</span> <span class='ocrx_word' id='word_1_437' title='bbox 2290 1842 2649 1912; x_wconf 84' lang='grc' dir='ltr'>πεποιηκέναι</span> <span class='ocrx_word' id='word_1_438' title='bbox 2694 1842 2757 1894; x_wconf 83' lang='grc' dir='ltr'><strong>τὸ</strong></span> <span class='ocrx_word' id='word_1_439' title='bbox 2810 1843 3000 1913; x_wconf 85' lang='grc' dir='ltr'>Πάσχα</span> <span class='ocrx_word' id='word_1_440' title='bbox 3055 1843 3113 1895; x_wconf 88' lang='grc' dir='ltr'><strong>ἐν</strong></span> <span class='ocrx_word' id='word_1_441' title='bbox 3164 1844 3231 1912; x_wconf 82' lang='grc' dir='ltr'>τῇ</span> <span class='ocrx_word' id='word_1_442' title='bbox 3290 1840 3525 1913; x_wconf 83' lang='grc' dir='ltr'>Ἱεριχὼ,</span> <span class='ocrx_word' id='word_1_443' title='bbox 3586 1840 3770 1902; x_wconf 74' lang='grc' dir='ltr'>εὐθὺς</span> 
     </span>
    </p>
   </div>
   <div class='ocr_carea' id='block_1_63' title="bbox 2162 1933 3765 2006">
    <p class='ocr_par' dir='ltr' id='par_1_63' title="bbox 2162 1933 3765 2006">
     <span class='ocr_line' id='line_1_63' title="bbox 2162 1933 3765 2006; baseline -0.002 -18"><span class='ocrx_word' id='word_1_444' title='bbox 2162 1936 2462 2006; x_wconf 77' lang='grc' dir='ltr'>ἐπήνεγκεν</span> <span class='ocrx_word' id='word_1_445' title='bbox 2500 1937 2534 2005; x_wconf 86' lang='grc' dir='ltr'><strong>ή</strong></span> <span class='ocrx_word' id='word_1_446' title='bbox 2564 1933 2685 1987; x_wconf 87' lang='grc' dir='ltr'>θεία</span> <span class='ocrx_word' id='word_1_447' title='bbox 2723 1934 2762 1985; x_wconf 86' lang='grc' dir='ltr'><strong>Γ</strong></span> <span class='ocrx_word' id='word_1_448' title='bbox 2767 1935 2935 2006; x_wconf 85' lang='grc' dir='ltr'>ραφὴ,</span> <span class='ocrx_word' id='word_1_449' title='bbox 2972 1934 3238 2002; x_wconf 85' lang='grc' dir='ltr'>λέγουσα·</span> <span class='ocrx_word' id='word_1_450' title='bbox 3271 1934 3380 1987; x_wconf 81' lang='grc' dir='ltr'><strong>Καὶ</strong></span> <span class='ocrx_word' id='word_1_451' title='bbox 3413 1934 3655 2002; x_wconf 63' lang='grc' dir='ltr'>ἔφαγον</span> <span class='ocrx_word' id='word_1_452' title='bbox 3685 1933 3765 1985; x_wconf 81' lang='grc' dir='ltr'><strong>ὲν</strong></span> 
     </span>
    </p>
   </div>
   <div class='ocr_carea' id='block_1_64' title="bbox 2159 2025 3763 2097">
    <p class='ocr_par' dir='ltr' id='par_1_64' title="bbox 2159 2025 3763 2097">
     <span class='ocr_line' id='line_1_64' title="bbox 2159 2025 3763 2097; baseline -0.002 -16"><span class='ocrx_word' id='word_1_453' title='bbox 2159 2025 2500 2095; x_wconf 65' lang='grc' dir='ltr'>Γαλγάλοις</span> <span class='ocrx_word' id='word_1_454' title='bbox 2528 2026 2629 2079; x_wconf 76' lang='grc' dir='ltr'>καὶ</span> <span class='ocrx_word' id='word_1_455' title='bbox 2654 2025 2896 2089; x_wconf 72' lang='grc' dir='ltr'>ἐξέλιπε</span> <span class='ocrx_word' id='word_1_456' title='bbox 2917 2026 2984 2080; x_wconf 86' lang='grc' dir='ltr'>τὸ</span> <span class='ocrx_word' id='word_1_457' title='bbox 3005 2026 3210 2096; x_wconf 78' lang='grc' dir='ltr'>μάννα</span> <span class='ocrx_word' id='word_1_458' title='bbox 3230 2042 3243 2054; x_wconf 89' lang='grc'><strong>·</strong></span> <span class='ocrx_word' id='word_1_459' title='bbox 3275 2025 3763 2097; x_wconf 73' lang='grc' dir='ltr'>προμαρτυροῦσα</span> 
     </span>
    </p>
   </div>
   <div class='ocr_carea' id='block_1_65' title="bbox 2161 2116 3761 2189">
    <p class='ocr_par' dir='ltr' id='par_1_65' title="bbox 2161 2116 3761 2189">
     <span class='ocr_line' id='line_1_65' title="bbox 2161 2116 3761 2189; baseline -0.002 -18"><span class='ocrx_word' id='word_1_460' title='bbox 2161 2118 2344 2180; x_wconf 82' lang='grc' dir='ltr'>αὐτοῖς</span> <span class='ocrx_word' id='word_1_461' title='bbox 2396 2118 2429 2188; x_wconf 79' lang='grc' dir='ltr'>ὴ</span> <span class='ocrx_word' id='word_1_462' title='bbox 2465 2117 2585 2171; x_wconf 86' lang='grc' dir='ltr'>θεία</span> <span class='ocrx_word' id='word_1_463' title='bbox 2622 2116 2846 2189; x_wconf 84' lang='grc' dir='ltr'>Γραφὴ,</span> <span class='ocrx_word' id='word_1_464' title='bbox 2893 2117 2986 2171; x_wconf 73' lang='grc' dir='ltr'><strong>καὶ</strong></span> <span class='ocrx_word' id='word_1_465' title='bbox 3031 2116 3490 2188; x_wconf 83' lang='grc' dir='ltr'>προφητεύουσα,</span> <span class='ocrx_word' id='word_1_466' title='bbox 3546 2119 3632 2169; x_wconf 85' lang='grc' dir='ltr'><strong>δτι</strong></span> <span class='ocrx_word' id='word_1_467' title='bbox 3671 2116 3761 2185; x_wconf 83' lang='grc' dir='ltr'>τῷ</span> 
     </span>
    </p>
   </div>
   <div class='ocr_carea' id='block_1_66' title="bbox 2118 2208 3757 2295">
    <p class='ocr_par' dir='ltr' id='par_1_66' title="bbox 2118 2208 3757 2295">
     <span class='ocr_line' id='line_1_66' title="bbox 2118 2208 3757 2295; baseline -0.003 -30"><span class='ocrx_word' id='word_1_468' title='bbox 2118 2230 2123 2235; x_wconf 92' lang='grc'><strong>·</strong></span> <span class='ocrx_word' id='word_1_469' title='bbox 2160 2209 2324 2265; x_wconf 78' lang='grc' dir='ltr'>πάθει</span> <span class='ocrx_word' id='word_1_470' title='bbox 2356 2208 2562 2280; x_wconf 86' lang='grc' dir='ltr'>Κυρίου</span> <span class='ocrx_word' id='word_1_471' title='bbox 2606 2208 2698 2262; x_wconf 75' lang='grc' dir='ltr'>διὰ</span> <span class='ocrx_word' id='word_1_472' title='bbox 2742 2208 2841 2279; x_wconf 83' lang='grc' dir='ltr'>τὴν</span> <span class='ocrx_word' id='word_1_473' title='bbox 2883 2209 3064 2263; x_wconf 78' lang='grc' dir='ltr'>αὐτῶν</span> <span class='ocrx_word' id='word_1_474' title='bbox 3112 2210 3546 2295; x_wconf 68' lang='grc' dir='ltr'>ἀπαρνησιθεῖαν</span> <span class='ocrx_word' id='word_1_475' title='bbox 3594 2209 3757 2280; x_wconf 74' lang='grc' dir='ltr'>λήξει</span> 
     </span>
    </p>
   </div>
   <div class='ocr_carea' id='block_1_67' title="bbox 2160 2300 3754 2375">
    <p class='ocr_par' dir='ltr' id='par_1_67' title="bbox 2160 2300 3754 2375">
     <span class='ocr_line' id='line_1_67' title="bbox 2160 2300 3754 2375; baseline -0.001 -20"><span class='ocrx_word' id='word_1_476' title='bbox 2160 2303 2290 2375; x_wconf 77' lang='grc' dir='ltr'>παρ’</span> <span class='ocrx_word' id='word_1_477' title='bbox 2318 2301 2501 2365; x_wconf 79' lang='grc' dir='ltr'>αὐτοῖς</span> <span class='ocrx_word' id='word_1_478' title='bbox 2531 2301 2564 2371; x_wconf 81' lang='grc' dir='ltr'><strong>ἡ</strong></span> <span class='ocrx_word' id='word_1_479' title='bbox 2596 2300 2798 2372; x_wconf 86' lang='grc' dir='ltr'>βρῶσις</span> <span class='ocrx_word' id='word_1_480' title='bbox 2824 2300 3203 2373; x_wconf 79' lang='grc' dir='ltr'>ήεὺαγγελικὴ</span> <span class='ocrx_word' id='word_1_481' title='bbox 3232 2305 3251 2334; x_wconf 76' lang='grc'>⁸</span> <span class='ocrx_word' id='word_1_482' title='bbox 3275 2302 3371 2354; x_wconf 74' lang='grc' dir='ltr'><strong>καὶ</strong></span> <span class='ocrx_word' id='word_1_483' title='bbox 3392 2302 3754 2373; x_wconf 75' lang='grc' dir='ltr'>ἐπουράνιος,</span> 
     </span>
    </p>
   </div>
   <div class='ocr_carea' id='block_1_68' title="bbox 2159 2390 3210 2462">
    <p class='ocr_par' dir='ltr' id='par_1_68' title="bbox 2159 2390 3210 2462">
     <span class='ocr_line' id='line_1_68' title="bbox 2159 2390 3210 2462; baseline -0.001 -17"><span class='ocrx_word' id='word_1_484' title='bbox 2159 2392 2298 2461; x_wconf 86' lang='grc' dir='ltr'>ὅπερ</span> <span class='ocrx_word' id='word_1_485' title='bbox 2336 2390 2512 2462; x_wconf 82' lang='grc' dir='ltr'>μάννα</span> <span class='ocrx_word' id='word_1_486' title='bbox 2539 2390 2671 2462; x_wconf 79' lang='grc' dir='ltr'>παρ’</span> <span class='ocrx_word' id='word_1_487' title='bbox 2706 2391 2889 2453; x_wconf 79' lang='grc' dir='ltr'>αὐτοῖς</span> <span class='ocrx_word' id='word_1_488' title='bbox 2928 2390 3210 2462; x_wconf 82' lang='grc' dir='ltr'>κέκληται.</span> 
     </span>
    </p>
   </div>
   <div class='ocr_carea' id='block_1_69' title="bbox 2230 2480 3753 2555">
    <p class='ocr_par' dir='ltr' id='par_1_69' title="bbox 2230 2480 3753 2555">
     <span class='ocr_line' id='line_1_69' title="bbox 2230 2480 3753 2555; baseline -0.001 -19"><span class='ocrx_word' id='word_1_489' title='bbox 2230 2484 2302 2536; x_wconf 82' lang='lat' dir='ltr'><strong>I&quot;.</strong></span> <span class='ocrx_word' id='word_1_490' title='bbox 2342 2482 2685 2553; x_wconf 88' lang='grc' dir='ltr'>Πανταχόθεν</span> <span class='ocrx_word' id='word_1_491' title='bbox 2730 2481 2786 2533; x_wconf 84' lang='grc' dir='ltr'><strong>δέ</strong></span> <span class='ocrx_word' id='word_1_492' title='bbox 2841 2484 2875 2553; x_wconf 82' lang='grc' dir='ltr'><strong>ή</strong></span> <span class='ocrx_word' id='word_1_493' title='bbox 2923 2481 3055 2550; x_wconf 85' lang='grc' dir='ltr'>ἁγία</span> <span class='ocrx_word' id='word_1_494' title='bbox 3089 2482 3136 2555; x_wconf 78' lang='grc' dir='ltr'><strong>(Ι</strong></span> <span class='ocrx_word' id='word_1_495' title='bbox 3154 2482 3202 2551; x_wconf 86' lang='lat' dir='ltr'><strong>l)</strong></span> <span class='ocrx_word' id='word_1_496' title='bbox 3250 2480 3385 2535; x_wconf 86' lang='grc' dir='ltr'>Θεοῦ</span> <span class='ocrx_word' id='word_1_497' title='bbox 3442 2482 3753 2553; x_wconf 78' lang='grc' dir='ltr'>Ἐκκλησία</span> 
     </span>
    </p>
   </div>
   <div class='ocr_carea' id='block_1_70' title="bbox 2160 2572 3752 2648">
    <p class='ocr_par' dir='ltr' id='par_1_70' title="bbox 2160 2572 3752 2648">
     <span class='ocr_line' id='line_1_70' title="bbox 2160 2572 3752 2648; baseline -0.003 -19"><span class='ocrx_word' id='word_1_498' title='bbox 2160 2574 2288 2648; x_wconf 71' lang='grc' dir='ltr'>περὶ</span> <span class='ocrx_word' id='word_1_499' title='bbox 2316 2575 2416 2648; x_wconf 82' lang='grc' dir='ltr'>τῆς</span> <span class='ocrx_word' id='word_1_500' title='bbox 2438 2574 2626 2647; x_wconf 81' lang='grc' dir='ltr'>χρείας</span> <span class='ocrx_word' id='word_1_501' title='bbox 2656 2572 2861 2644; x_wconf 80' lang='grc' dir='ltr'>ταύτης</span> <span class='ocrx_word' id='word_1_502' title='bbox 2888 2574 2986 2644; x_wconf 82' lang='grc' dir='ltr'><strong>τῆς</strong></span> <span class='ocrx_word' id='word_1_503' title='bbox 3022 2574 3411 2644; x_wconf 86' lang='grc' dir='ltr'>μυσταγωγίας</span> <span class='ocrx_word' id='word_1_504' title='bbox 3446 2573 3752 2641; x_wconf 83' lang='grc' dir='ltr'>συλλέγου-</span> 
     </span>
    </p>
   </div>
   <div class='ocr_carea' id='block_1_71' title="bbox 2162 2666 3753 2739">
    <p class='ocr_par' dir='ltr' id='par_1_71' title="bbox 2162 2666 3753 2739">
     <span class='ocr_line' id='line_1_71' title="bbox 2162 2666 3753 2739; baseline -0.002 -17"><span class='ocrx_word' id='word_1_505' title='bbox 2162 2685 2231 2722; x_wconf 88' lang='grc' dir='ltr'><strong>σα</strong></span> <span class='ocrx_word' id='word_1_506' title='bbox 2266 2667 2356 2722; x_wconf 83' lang='grc' dir='ltr'><strong>τδν</strong></span> <span class='ocrx_word' id='word_1_507' title='bbox 2388 2667 2680 2739; x_wconf 82' lang='grc' dir='ltr'>σύνδεσμον</span> <span class='ocrx_word' id='word_1_508' title='bbox 2701 2708 2715 2732; x_wconf 90' lang='grc'><em>,</em></span> <span class='ocrx_word' id='word_1_509' title='bbox 2739 2667 2801 2719; x_wconf 80' lang='grc' dir='ltr'><strong>οὐ</strong></span> <span class='ocrx_word' id='word_1_510' title='bbox 2834 2666 3112 2721; x_wconf 86' lang='grc' dir='ltr'>διαπίπτει</span> <span class='ocrx_word' id='word_1_511' title='bbox 3154 2670 3255 2739; x_wconf 80' lang='grc' dir='ltr'>τῆς</span> <span class='ocrx_word' id='word_1_512' title='bbox 3302 2667 3585 2739; x_wconf 85' lang='grc' dir='ltr'>ἀληθείας.</span> <span class='ocrx_word' id='word_1_513' title='bbox 3628 2668 3753 2721; x_wconf 79' lang='grc' dir='ltr'><strong>Κέ-</strong></span> 
     </span>
    </p>
   </div>
   <div class='ocr_carea' id='block_1_72' title="bbox 2159 2760 3747 2834">
    <p class='ocr_par' dir='ltr' id='par_1_72' title="bbox 2159 2760 3747 2834">
     <span class='ocr_line' id='line_1_72' title="bbox 2159 2760 3747 2834; baseline -0.002 -20"><span class='ocrx_word' id='word_1_514' title='bbox 2159 2779 2361 2834; x_wconf 86' lang='grc' dir='ltr'>χρηται</span> <span class='ocrx_word' id='word_1_515' title='bbox 2385 2761 2494 2833; x_wconf 78' lang='grc' dir='ltr'>γὰρ</span> <span class='ocrx_word' id='word_1_516' title='bbox 2516 2762 2576 2814; x_wconf 86' lang='grc' dir='ltr'><strong>οὐ</strong></span> <span class='ocrx_word' id='word_1_517' title='bbox 2610 2760 2769 2833; x_wconf 91' lang='grc' dir='ltr'>μόνον</span> <span class='ocrx_word' id='word_1_518' title='bbox 2785 2763 2850 2831; x_wconf 79' lang='grc' dir='ltr'>τῇ</span> <span class='ocrx_word' id='word_1_519' title='bbox 2866 2778 2923 2813; x_wconf 87' lang='grc' dir='ltr'><strong>τε</strong></span> <span class='ocrx_word' id='word_1_520' title='bbox 2932 2760 3431 2831; x_wconf 82' lang='grc' dir='ltr'>σσαρεσκαιδεκάτῃ</span> <span class='ocrx_word' id='word_1_521' title='bbox 3450 2802 3464 2823; x_wconf 85' lang='grc'><strong><em>,</em></strong></span> <span class='ocrx_word' id='word_1_522' title='bbox 3490 2762 3630 2815; x_wconf 75' lang='grc' dir='ltr'>ἀλλὰ</span> <span class='ocrx_word' id='word_1_523' title='bbox 3646 2762 3747 2813; x_wconf 72' lang='grc' dir='ltr'>καὶ</span> 
     </span>
    </p>
   </div>
   <div class='ocr_carea' id='block_1_73' title="bbox 2159 2851 3745 2925">
    <p class='ocr_par' dir='ltr' id='par_1_73' title="bbox 2159 2851 3745 2925">
     <span class='ocr_line' id='line_1_73' title="bbox 2159 2851 3745 2925; baseline -0.002 -18"><span class='ocrx_word' id='word_1_524' title='bbox 2159 2858 2224 2925; x_wconf 81' lang='grc' dir='ltr'>τῇ</span> <span class='ocrx_word' id='word_1_525' title='bbox 2262 2853 2514 2925; x_wconf 80' lang='grc' dir='ltr'>ἐῦδομάδι</span> <span class='ocrx_word' id='word_1_526' title='bbox 2539 2856 2603 2925; x_wconf 81' lang='grc' dir='ltr'>τῇ</span> <span class='ocrx_word' id='word_1_527' title='bbox 2640 2852 2778 2907; x_wconf 74' lang='grc' dir='ltr'>κατὰ</span> <span class='ocrx_word' id='word_1_528' title='bbox 2814 2853 3061 2924; x_wconf 85' lang='grc' dir='ltr'>περίοδον</span> <span class='ocrx_word' id='word_1_529' title='bbox 3100 2852 3555 2924; x_wconf 79' lang='grc' dir='ltr'>ἁνακυκλουμένῃ</span> <span class='ocrx_word' id='word_1_530' title='bbox 3588 2851 3745 2918; x_wconf 78' lang='grc' dir='ltr'>τάξει</span> 
     </span>
    </p>
   </div>
   <div class='ocr_carea' id='block_1_74' title="bbox 2158 2945 3743 3016">
    <p class='ocr_par' dir='ltr' id='par_1_74' title="bbox 2158 2945 3743 3016">
     <span class='ocr_line' id='line_1_74' title="bbox 2158 2945 3743 3016; baseline -0.003 -15"><span class='ocrx_word' id='word_1_531' title='bbox 2158 2948 2267 3001; x_wconf 83' lang='grc' dir='ltr'><strong>τῶν</strong></span> <span class='ocrx_word' id='word_1_532' title='bbox 2306 2945 2401 3000; x_wconf 87' lang='grc' dir='ltr'><strong>τοῦ</strong></span> <span class='ocrx_word' id='word_1_533' title='bbox 2452 2946 2728 2999; x_wconf 78' lang='grc' dir='ltr'>Σαϐὁάτου</span> <span class='ocrx_word' id='word_1_534' title='bbox 2758 2946 2898 2999; x_wconf 80' lang='grc' dir='ltr'>ἑπτὰ</span> <span class='ocrx_word' id='word_1_535' title='bbox 2933 2946 3155 3016; x_wconf 76' lang='grc' dir='ltr'>ἡμερῶν</span> <span class='ocrx_word' id='word_1_536' title='bbox 3176 2963 3190 2975; x_wconf 91' lang='grc'><strong>·</strong></span> <span class='ocrx_word' id='word_1_537' title='bbox 3223 2947 3309 2999; x_wconf 85' lang='grc' dir='ltr'>ἴνα</span> <span class='ocrx_word' id='word_1_538' title='bbox 3342 2946 3485 3000; x_wconf 80' lang='grc' dir='ltr'>κατὰ</span> <span class='ocrx_word' id='word_1_539' title='bbox 3536 2947 3607 2999; x_wconf 75' lang='grc' dir='ltr'>τὰ</span> <span class='ocrx_word' id='word_1_540' title='bbox 3638 2946 3743 2999; x_wconf 70' lang='grc' dir='ltr'>ὑπὸ</span> 
     </span>
    </p>
   </div>
   <div class='ocr_carea' id='block_1_75' title="bbox 2161 3039 3740 3113">
    <p class='ocr_par' dir='ltr' id='par_1_75' title="bbox 2161 3039 3740 3113">
     <span class='ocr_line' id='line_1_75' title="bbox 2161 3039 3740 3113; baseline -0.003 -17"><span class='ocrx_word' id='word_1_541' title='bbox 2161 3041 2253 3096; x_wconf 89' lang='grc' dir='ltr'><strong>τοῦ</strong></span> <span class='ocrx_word' id='word_1_542' title='bbox 2279 3040 2485 3113; x_wconf 87' lang='grc' dir='ltr'>Κυρίου</span> <span class='ocrx_word' id='word_1_543' title='bbox 2520 3040 2787 3109; x_wconf 86' lang='grc' dir='ltr'>γενόμενα</span> <span class='ocrx_word' id='word_1_544' title='bbox 2815 3040 2957 3093; x_wconf 84' lang='grc' dir='ltr'>κατὰ</span> <span class='ocrx_word' id='word_1_545' title='bbox 2986 3039 3046 3092; x_wconf 86' lang='grc' dir='ltr'><strong>τὸ</strong></span> <span class='ocrx_word' id='word_1_546' title='bbox 3080 3040 3455 3112; x_wconf 85' lang='grc' dir='ltr'>πρωτότυπον,</span> <span class='ocrx_word' id='word_1_547' title='bbox 3490 3040 3577 3110; x_wconf 73' lang='grc' dir='ltr'>εἴη</span> <span class='ocrx_word' id='word_1_548' title='bbox 3603 3040 3740 3093; x_wconf 77' lang='grc' dir='ltr'>ἀνά-</span> 
     </span>
    </p>
   </div>
   <div class='ocr_carea' id='block_1_76' title="bbox 2164 3132 3737 3206">
    <p class='ocr_par' dir='ltr' id='par_1_76' title="bbox 2164 3132 3737 3206">
     <span class='ocr_line' id='line_1_76' title="bbox 2164 3132 3737 3206; baseline -0.003 -18"><span class='ocrx_word' id='word_1_549' title='bbox 2164 3134 2352 3197; x_wconf 87' lang='grc' dir='ltr'>στασίς</span> <span class='ocrx_word' id='word_1_550' title='bbox 2388 3150 2448 3187; x_wconf 85' lang='grc' dir='ltr'><strong>τε</strong></span> <span class='ocrx_word' id='word_1_551' title='bbox 2494 3133 2588 3186; x_wconf 69' lang='grc' dir='ltr'>καὶ</span> <span class='ocrx_word' id='word_1_552' title='bbox 2631 3132 2854 3203; x_wconf 81' lang='grc' dir='ltr'>εὐωχία.</span> <span class='ocrx_word' id='word_1_553' title='bbox 2891 3133 3001 3186; x_wconf 73' lang='grc' dir='ltr'><strong>Καὶ</strong></span> <span class='ocrx_word' id='word_1_554' title='bbox 3040 3134 3303 3206; x_wconf 84' lang='grc' dir='ltr'>κέχρηται</span> <span class='ocrx_word' id='word_1_555' title='bbox 3348 3134 3407 3186; x_wconf 84' lang='grc' dir='ltr'><strong>οὐ</strong></span> <span class='ocrx_word' id='word_1_556' title='bbox 3465 3135 3628 3204; x_wconf 74' lang='grc' dir='ltr'>μόνον</span> <span class='ocrx_word' id='word_1_557' title='bbox 3673 3136 3737 3202; x_wconf 74' lang='grc' dir='ltr'><strong>τῇ</strong></span> 
     </span>
    </p>
   </div>
   <div class='ocr_carea' id='block_1_77' title="bbox 2160 3226 3741 3301">
    <p class='ocr_par' dir='ltr' id='par_1_77' title="bbox 2160 3226 3741 3301">
     <span class='ocr_line' id='line_1_77' title="bbox 2160 3226 3741 3301; baseline -0.001 -19"><span class='ocrx_word' id='word_1_558' title='bbox 2160 3226 2725 3300; x_wconf 79' lang='grc' dir='ltr'>τεσσαρεσκαιδεκάτῃ</span> <span class='ocrx_word' id='word_1_559' title='bbox 2753 3226 2851 3297; x_wconf 81' lang='grc' dir='ltr'>τῆς</span> <span class='ocrx_word' id='word_1_560' title='bbox 2885 3228 3111 3301; x_wconf 84' lang='grc' dir='ltr'>σελήνης</span> <span class='ocrx_word' id='word_1_561' title='bbox 3133 3269 3149 3290; x_wconf 83' lang='lat'><strong>,</strong></span> <span class='ocrx_word' id='word_1_562' title='bbox 3200 3228 3336 3281; x_wconf 76' lang='grc' dir='ltr'>ἀλλὰ</span> <span class='ocrx_word' id='word_1_563' title='bbox 3372 3228 3466 3281; x_wconf 60' lang='grc' dir='ltr'><strong>καὶ⁵</strong></span> <span class='ocrx_word' id='word_1_564' title='bbox 3496 3227 3579 3297; x_wconf 81' lang='grc' dir='ltr'>τῷ</span> <span class='ocrx_word' id='word_1_565' title='bbox 3620 3227 3741 3298; x_wconf 79' lang='grc' dir='ltr'>δρό-</span> 
     </span>
    </p>
   </div>
   <div class='ocr_carea' id='block_1_78' title="bbox 2166 3319 3737 3391">
    <p class='ocr_par' dir='ltr' id='par_1_78' title="bbox 2166 3319 3737 3391">
     <span class='ocr_line' id='line_1_78' title="bbox 2166 3319 3737 3391; baseline 0.001 -19"><span class='ocrx_word' id='word_1_566' title='bbox 2166 3338 2250 3391; x_wconf 82' lang='grc' dir='ltr'>μῳ</span> <span class='ocrx_word' id='word_1_567' title='bbox 2301 3320 2394 3373; x_wconf 86' lang='grc' dir='ltr'><strong>τοῦ</strong></span> <span class='ocrx_word' id='word_1_568' title='bbox 2441 3319 2624 3391; x_wconf 80' lang='grc' dir='ltr'>ἡλίου·</span> <span class='ocrx_word' id='word_1_569' title='bbox 2684 3320 2769 3372; x_wconf 83' lang='grc' dir='ltr'><strong>ἵνα</strong></span> <span class='ocrx_word' id='word_1_570' title='bbox 2821 3320 2927 3391; x_wconf 83' lang='grc' dir='ltr'><strong>μὴ,</strong></span> <span class='ocrx_word' id='word_1_571' title='bbox 2965 3320 3044 3372; x_wconf 79' lang='grc' dir='ltr'><strong>ἐνὶ</strong></span> <span class='ocrx_word' id='word_1_572' title='bbox 3105 3319 3336 3389; x_wconf 82' lang='grc' dir='ltr'>ἐνιαυτῷ</span> <span class='ocrx_word' id='word_1_573' title='bbox 3390 3320 3484 3372; x_wconf 88' lang='grc' dir='ltr'><strong>δύο</strong></span> <span class='ocrx_word' id='word_1_574' title='bbox 3545 3322 3737 3390; x_wconf 82' lang='grc' dir='ltr'>Πάσχα</span> 
     </span>
    </p>
   </div>
   <div class='ocr_carea' id='block_1_79' title="bbox 2164 3409 3736 3483">
    <p class='ocr_par' dir='ltr' id='par_1_79' title="bbox 2164 3409 3736 3483">
     <span class='ocr_line' id='line_1_79' title="bbox 2164 3409 3736 3483; baseline -0.001 -19"><span class='ocrx_word' id='word_1_575' title='bbox 2164 3410 2467 3473; x_wconf 84' lang='grc' dir='ltr'>ποιοῦντες,</span> <span class='ocrx_word' id='word_1_576' title='bbox 2499 3412 2555 3463; x_wconf 86' lang='grc' dir='ltr'>ὲν</span> <span class='ocrx_word' id='word_1_577' title='bbox 2593 3410 2670 3481; x_wconf 81' lang='grc' dir='ltr'><strong>τῷ</strong></span> <span class='ocrx_word' id='word_1_578' title='bbox 2713 3411 2881 3483; x_wconf 78' lang='grc' dir='ltr'>ἑτέρῳ</span> <span class='ocrx_word' id='word_1_579' title='bbox 2930 3410 3061 3481; x_wconf 87' lang='grc' dir='ltr'>μηδὲ</span> <span class='ocrx_word' id='word_1_580' title='bbox 3092 3409 3151 3463; x_wconf 85' lang='grc' dir='ltr'>ἒν</span> <span class='ocrx_word' id='word_1_581' title='bbox 3183 3410 3371 3479; x_wconf 79' lang='grc' dir='ltr'>Πάσχα</span> <span class='ocrx_word' id='word_1_582' title='bbox 3402 3410 3736 3481; x_wconf 76' lang='grc' dir='ltr'>τελέσωμεν.</span> 
     </span>
    </p>
   </div>
   <div class='ocr_carea' id='block_1_80' title="bbox 2161 3501 3736 3573">
    <p class='ocr_par' dir='ltr' id='par_1_80' title="bbox 2161 3501 3736 3573">
     <span class='ocr_line' id='line_1_80' title="bbox 2161 3501 3736 3573; baseline -0.003 -17"><span class='ocrx_word' id='word_1_583' title='bbox 2161 3503 2251 3556; x_wconf 78' lang='grc' dir='ltr'><strong>Διὸ</strong></span> <span class='ocrx_word' id='word_1_584' title='bbox 2300 3501 2766 3573; x_wconf 83' lang='grc' dir='ltr'>παρατηρούμεθα</span> <span class='ocrx_word' id='word_1_585' title='bbox 2814 3503 2910 3572; x_wconf 80' lang='grc' dir='ltr'>μὲν</span> <span class='ocrx_word' id='word_1_586' title='bbox 2960 3506 3058 3572; x_wconf 83' lang='grc' dir='ltr'>τὴν</span> <span class='ocrx_word' id='word_1_587' title='bbox 3112 3503 3736 3573; x_wconf 68' lang='grc' dir='ltr'>τεσσαρεσκαιδεκάτην,</span> 
     </span>
    </p>
   </div>
   <div class='ocr_carea' id='block_1_81' title="bbox 2164 3593 3738 3666">
    <p class='ocr_par' dir='ltr' id='par_1_81' title="bbox 2164 3593 3738 3666">
     <span class='ocr_line' id='line_1_81' title="bbox 2164 3593 3738 3666; baseline -0.003 -16"><span class='ocrx_word' id='word_1_588' title='bbox 2164 3594 2561 3666; x_wconf 79' lang='grc' dir='ltr'>ὑπερϐαίνομεν</span> <span class='ocrx_word' id='word_1_589' title='bbox 2596 3593 2649 3647; x_wconf 81' lang='grc' dir='ltr'>δὲ</span> <span class='ocrx_word' id='word_1_590' title='bbox 2678 3593 2775 3665; x_wconf 85' lang='grc' dir='ltr'><strong>τὴν</strong></span> <span class='ocrx_word' id='word_1_591' title='bbox 2812 3594 3120 3665; x_wconf 84' lang='grc' dir='ltr'>ἰσημερίαν,</span> <span class='ocrx_word' id='word_1_592' title='bbox 3153 3594 3387 3664; x_wconf 77' lang='grc' dir='ltr'>φέρομεν</span> <span class='ocrx_word' id='word_1_593' title='bbox 3420 3595 3478 3647; x_wconf 79' lang='grc' dir='ltr'><strong>δὲ</strong></span> <span class='ocrx_word' id='word_1_594' title='bbox 3518 3597 3615 3648; x_wconf 71' lang='grc' dir='ltr'><strong>ἐπὶ</strong></span> <span class='ocrx_word' id='word_1_595' title='bbox 3642 3596 3738 3664; x_wconf 79' lang='grc' dir='ltr'>τὴν</span> 
     </span>
    </p>
   </div>
   <div class='ocr_carea' id='block_1_82' title="bbox 2162 3684 3737 3757">
    <p class='ocr_par' dir='ltr' id='par_1_82' title="bbox 2162 3684 3737 3757">
     <span class='ocr_line' id='line_1_82' title="bbox 2162 3684 3737 3757; baseline 0 -17"><span class='ocrx_word' id='word_1_596' title='bbox 2162 3688 2323 3755; x_wconf 83' lang='grc' dir='ltr'>ἁγίαν</span> <span class='ocrx_word' id='word_1_597' title='bbox 2350 3687 2635 3757; x_wconf 83' lang='grc' dir='ltr'>Κυριακὴν</span> <span class='ocrx_word' id='word_1_598' title='bbox 2671 3684 2730 3738; x_wconf 84' lang='grc' dir='ltr'>τὸ</span> <span class='ocrx_word' id='word_1_599' title='bbox 2762 3686 2915 3748; x_wconf 88' lang='grc' dir='ltr'>τέλος</span> <span class='ocrx_word' id='word_1_600' title='bbox 2953 3685 3052 3755; x_wconf 83' lang='grc' dir='ltr'>τῆς</span> <span class='ocrx_word' id='word_1_601' title='bbox 3084 3686 3558 3756; x_wconf 82' lang='grc' dir='ltr'>συμπληρώσεως·</span> <span class='ocrx_word' id='word_1_602' title='bbox 3594 3687 3737 3756; x_wconf 84' lang='grc' dir='ltr'>λαμ-</span> 
     </span>
    </p>
   </div>
   <div class='ocr_carea' id='block_1_83' title="bbox 2160 3778 3735 3850">
    <p class='ocr_par' dir='ltr' id='par_1_83' title="bbox 2160 3778 3735 3850">
     <span class='ocr_line' id='line_1_83' title="bbox 2160 3778 3735 3850; baseline 0.001 -18"><span class='ocrx_word' id='word_1_603' title='bbox 2160 3781 2394 3850; x_wconf 76' lang='grc' dir='ltr'>ϐάνομεν</span> <span class='ocrx_word' id='word_1_604' title='bbox 2419 3780 2473 3832; x_wconf 79' lang='grc' dir='ltr'><strong>δὲ</strong></span> <span class='ocrx_word' id='word_1_605' title='bbox 2500 3779 2559 3833; x_wconf 88' lang='grc' dir='ltr'><strong>τὸ</strong></span> <span class='ocrx_word' id='word_1_606' title='bbox 2582 3778 2852 3850; x_wconf 77' lang='grc' dir='ltr'>πρόϐατον</span> <span class='ocrx_word' id='word_1_607' title='bbox 2879 3778 2985 3831; x_wconf 79' lang='grc' dir='ltr'>ἀπὸ</span> <span class='ocrx_word' id='word_1_608' title='bbox 3009 3778 3267 3849; x_wconf 83' lang='grc' dir='ltr'>δεκάτης,</span> <span class='ocrx_word' id='word_1_609' title='bbox 3296 3779 3465 3849; x_wconf 74' lang='grc' dir='ltr'>δνομα</span> <span class='ocrx_word' id='word_1_610' title='bbox 3496 3780 3591 3833; x_wconf 87' lang='grc' dir='ltr'><strong>τοῦ</strong></span> <span class='ocrx_word' id='word_1_611' title='bbox 3635 3782 3735 3849; x_wconf 81' lang='grc' dir='ltr'><strong>’1η-</strong></span> 
     </span>
    </p>
   </div>
   <div class='ocr_carea' id='block_1_84' title="bbox 2162 3869 3734 3943">
    <p class='ocr_par' dir='ltr' id='par_1_84' title="bbox 2162 3869 3734 3943">
     <span class='ocr_line' id='line_1_84' title="bbox 2162 3869 3734 3943; baseline -0.003 -17"><span class='ocrx_word' id='word_1_612' title='bbox 2162 3874 2254 3927; x_wconf 89' lang='grc' dir='ltr'><strong>σοῦ</strong></span> <span class='ocrx_word' id='word_1_613' title='bbox 2290 3873 2599 3942; x_wconf 79' lang='grc' dir='ltr'>ἐπιγνόντες</span> <span class='ocrx_word' id='word_1_614' title='bbox 2630 3873 2715 3927; x_wconf 80' lang='grc' dir='ltr'><strong>διά</strong></span> <span class='ocrx_word' id='word_1_615' title='bbox 2740 3874 2800 3927; x_wconf 84' lang='grc' dir='ltr'><strong>τὸ</strong></span> <span class='ocrx_word' id='word_1_616' title='bbox 2829 3872 2999 3926; x_wconf 81' lang='grc' dir='ltr'>ἰῶτα·</span> <span class='ocrx_word' id='word_1_617' title='bbox 3038 3873 3124 3925; x_wconf 82' lang='grc' dir='ltr'>ἴνα</span> <span class='ocrx_word' id='word_1_618' title='bbox 3159 3872 3233 3942; x_wconf 84' lang='grc' dir='ltr'>μὴ</span> <span class='ocrx_word' id='word_1_619' title='bbox 3273 3869 3411 3943; x_wconf 76' lang='grc' dir='ltr'>λάθῃ</span> <span class='ocrx_word' id='word_1_620' title='bbox 3446 3874 3596 3941; x_wconf 71' lang='grc' dir='ltr'>ἡμᾶς</span> <span class='ocrx_word' id='word_1_621' title='bbox 3636 3890 3734 3941; x_wconf 80' lang='grc' dir='ltr'>μη-</span> 
     </span>
    </p>
   </div>
   <div class='ocr_carea' id='block_1_85' title="bbox 2158 3964 3731 4038">
    <p class='ocr_par' dir='ltr' id='par_1_85' title="bbox 2158 3964 3731 4038">
     <span class='ocr_line' id='line_1_85' title="bbox 2158 3964 3731 4038; baseline -0.003 -18"><span class='ocrx_word' id='word_1_622' title='bbox 2158 3968 2245 4021; x_wconf 82' lang='grc' dir='ltr'><strong>δὲν</strong></span> <span class='ocrx_word' id='word_1_623' title='bbox 2274 3966 2383 4020; x_wconf 89' lang='grc' dir='ltr'>τῶν</span> <span class='ocrx_word' id='word_1_624' title='bbox 2420 3966 2561 4020; x_wconf 80' lang='grc' dir='ltr'>κατὰ</span> <span class='ocrx_word' id='word_1_625' title='bbox 2591 3966 2689 4037; x_wconf 79' lang='grc' dir='ltr'><strong>τήν</strong></span> <span class='ocrx_word' id='word_1_626' title='bbox 2718 3966 2978 4038; x_wconf 84' lang='grc' dir='ltr'>ἀλήθειαν</span> <span class='ocrx_word' id='word_1_627' title='bbox 3004 3968 3181 4019; x_wconf 76' lang='grc' dir='ltr'>πᾶσαν</span> <span class='ocrx_word' id='word_1_628' title='bbox 3206 3966 3305 4037; x_wconf 79' lang='grc' dir='ltr'>τῆς</span> <span class='ocrx_word' id='word_1_629' title='bbox 3334 3964 3575 4033; x_wconf 72' lang='grc' dir='ltr'>ζωτικῆς</span> <span class='ocrx_word' id='word_1_630' title='bbox 3603 3964 3731 4018; x_wconf 77' lang='grc' dir='ltr'>ταύο</span> 
     </span>
    </p>
   </div>
   <div class='ocr_carea' id='block_1_86' title="bbox 2158 4057 3735 4131">
    <p class='ocr_par' dir='ltr' id='par_1_86' title="bbox 2158 4057 3735 4131">
     <span class='ocr_line' id='line_1_86' title="bbox 2158 4057 3735 4131; baseline -0.003 -18"><span class='ocrx_word' id='word_1_631' title='bbox 2158 4078 2257 4131; x_wconf 88' lang='grc' dir='ltr'><strong>της</strong></span> <span class='ocrx_word' id='word_1_632' title='bbox 2296 4058 2391 4113; x_wconf 90' lang='grc' dir='ltr'><strong>τοῦ</strong></span> <span class='ocrx_word' id='word_1_633' title='bbox 2435 4059 2627 4130; x_wconf 80' lang='grc' dir='ltr'>Πάσχα</span> <span class='ocrx_word' id='word_1_634' title='bbox 2676 4059 2778 4130; x_wconf 81' lang='grc' dir='ltr'><strong>τῆς</strong></span> <span class='ocrx_word' id='word_1_635' title='bbox 2824 4058 3278 4130; x_wconf 82' lang='grc' dir='ltr'>ὲκκλησιαστικῆς</span> <span class='ocrx_word' id='word_1_636' title='bbox 3329 4059 3422 4111; x_wconf 80' lang='grc' dir='ltr'>καὶ</span> <span class='ocrx_word' id='word_1_637' title='bbox 3477 4057 3735 4127; x_wconf 65' lang='grc' dir='ltr'>ἀληθινῆς</span> 
     </span>
    </p>
   </div>
   <div class='ocr_carea' id='block_1_87' title="bbox 2161 4152 2573 4227">
    <p class='ocr_par' dir='ltr' id='par_1_87' title="bbox 2161 4152 2573 4227">
     <span class='ocr_line' id='line_1_87' title="bbox 2161 4152 2573 4227; baseline -0.002 -21"><span class='ocrx_word' id='word_1_638' title='bbox 2161 4170 2308 4225; x_wconf 89' lang='grc' dir='ltr'>πραγ</span> <span class='ocrx_word' id='word_1_639' title='bbox 2317 4152 2573 4227; x_wconf 75' lang='grc' dir='ltr'>ματείας.</span> 
     </span>
    </p>
   </div>
   <div class='ocr_carea' id='block_1_88' title="bbox 2241 4238 3733 4317">
    <p class='ocr_par' dir='ltr' id='par_1_88' title="bbox 2241 4238 3733 4317">
     <span class='ocr_line' id='line_1_88' title="bbox 2241 4238 3733 4317; baseline -0.003 -21"><span class='ocrx_word' id='word_1_640' title='bbox 2241 4243 2653 4317; x_wconf 82' lang='grc' dir='ltr'>’Υπερόήσομαι</span> <span class='ocrx_word' id='word_1_641' title='bbox 2711 4242 2768 4294; x_wconf 85' lang='grc' dir='ltr'><strong>δέ</strong></span> <span class='ocrx_word' id='word_1_642' title='bbox 2818 4242 2910 4296; x_wconf 77' lang='grc' dir='ltr'><strong>καὶ</strong></span> <span class='ocrx_word' id='word_1_643' title='bbox 2959 4241 3117 4294; x_wconf 88' lang='grc' dir='ltr'>τοῦτο</span> <span class='ocrx_word' id='word_1_644' title='bbox 3166 4240 3229 4293; x_wconf 77' lang='grc' dir='ltr'>τὸ</span> <span class='ocrx_word' id='word_1_645' title='bbox 3285 4239 3593 4310; x_wconf 80' lang='grc' dir='ltr'>ἐμφύσημα</span> <span class='ocrx_word' id='word_1_646' title='bbox 3642 4238 3733 4294; x_wconf 80' lang='grc' dir='ltr'><strong>τοῦ</strong></span> 
     </span>
    </p>
   </div>
   <div class='ocr_carea' id='block_1_89' title="bbox 2161 4332 3735 4409">
    <p class='ocr_par' dir='ltr' id='par_1_89' title="bbox 2161 4332 3735 4409">
     <span class='ocr_line' id='line_1_89' title="bbox 2161 4332 3735 4409; baseline -0.002 -19"><span class='ocrx_word' id='word_1_647' title='bbox 2161 4336 2358 4407; x_wconf 83' lang='grc' dir='ltr'>βέωνος</span> <span class='ocrx_word' id='word_1_648' title='bbox 2406 4336 2548 4409; x_wconf 77' lang='grc'><strong>(12),</strong></span> <span class='ocrx_word' id='word_1_649' title='bbox 2592 4337 2765 4389; x_wconf 82' lang='grc' dir='ltr'>εἵτουν</span> <span class='ocrx_word' id='word_1_650' title='bbox 2805 4333 3042 4403; x_wconf 80' lang='grc' dir='ltr'>φυσαλοῦ</span> <span class='ocrx_word' id='word_1_651' title='bbox 3091 4334 3305 4403; x_wconf 75' lang='grc' dir='ltr'>ὄφεως,</span> <span class='ocrx_word' id='word_1_652' title='bbox 3358 4332 3445 4386; x_wconf 80' lang='grc' dir='ltr'>διὰ</span> <span class='ocrx_word' id='word_1_653' title='bbox 3489 4337 3591 4405; x_wconf 82' lang='grc' dir='ltr'>τῆς</span> <span class='ocrx_word' id='word_1_654' title='bbox 3643 4333 3735 4387; x_wconf 87' lang='grc' dir='ltr'><strong>τοῦ</strong></span> 
     </span>
    </p>
   </div>
   <div class='ocr_carea' id='block_1_90' title="bbox 480 4422 2055 4504">
    <p class='ocr_par' dir='ltr' id='par_1_90' title="bbox 480 4422 2055 4502">
     <span class='ocr_line' id='line_1_90' title="bbox 480 4422 2055 4502; baseline 0.008 -27"><span class='ocrx_word' id='word_1_655' title='bbox 480 4422 689 4487; x_wconf 86' lang='lat' dir='ltr'><strong>teribo;</strong></span> <span class='ocrx_word' id='word_1_656' title='bbox 728 4438 792 4477; x_wconf 92' lang='lat' dir='ltr'><strong>ac</strong></span> <span class='ocrx_word' id='word_1_657' title='bbox 831 4422 924 4479; x_wconf 88' lang='lat' dir='ltr'><strong>Dei</strong></span> <span class='ocrx_word' id='word_1_658' title='bbox 969 4440 1071 4495; x_wconf 85' lang='lat' dir='ltr'><strong>ope</strong></span> <span class='ocrx_word' id='word_1_659' title='bbox 1113 4429 1407 4496; x_wconf 77' lang='lat' dir='ltr'><strong>postulata,</strong></span> <span class='ocrx_word' id='word_1_660' title='bbox 1447 4428 1687 4483; x_wconf 87' lang='lat' dir='ltr'><strong>animum</strong></span> <span class='ocrx_word' id='word_1_661' title='bbox 1722 4431 1788 4485; x_wconf 83' lang='lat' dir='ltr'><strong>ad</strong></span> <span class='ocrx_word' id='word_1_662' title='bbox 1822 4433 2055 4502; x_wconf 89' lang='lat' dir='ltr'><strong>reliquas</strong></span> 
     </span>
    </p>
   </div>
   <div class='ocr_carea' id='block_1_91' title="bbox 2173 4422 3735 4504">
    <p class='ocr_par' dir='ltr' id='par_1_91' title="bbox 2173 4426 3735 4501">
     <span class='ocr_line' id='line_1_91' title="bbox 2173 4426 3735 4501; baseline -0.001 -19"><span class='ocrx_word' id='word_1_663' title='bbox 2173 4429 2399 4501; x_wconf 77' lang='grc' dir='ltr'>Χριστοῦ</span> <span class='ocrx_word' id='word_1_664' title='bbox 2436 4428 2713 4500; x_wconf 82' lang='grc' dir='ltr'>δυνάμεως</span> <span class='ocrx_word' id='word_1_665' title='bbox 2745 4426 3316 4499; x_wconf 83' lang='grc' dir='ltr'>ἐπισφραγισάμενος,</span> <span class='ocrx_word' id='word_1_666' title='bbox 3352 4426 3445 4479; x_wconf 73' lang='grc' dir='ltr'>καὶ</span> <span class='ocrx_word' id='word_1_667' title='bbox 3487 4428 3582 4479; x_wconf 78' lang='grc' dir='ltr'><strong>ἐπὶ</strong></span> <span class='ocrx_word' id='word_1_668' title='bbox 3641 4426 3735 4488; x_wconf 79' lang='grc' dir='ltr'>τὰς</span> 
     </span>
    </p>
   </div>
   <div class='ocr_carea' id='block_1_92' title="bbox 482 4525 819 4570">
    <p class='ocr_par' dir='ltr' id='par_1_92' title="bbox 482 4525 819 4570">
     <span class='ocr_line' id='line_1_92' title="bbox 482 4525 819 4570; baseline -0.003 -1"><span class='ocrx_word' id='word_1_669' title='bbox 482 4525 819 4570; x_wconf 64' lang='grc' dir='ltr'>(ειιηνοτιπιη.</span> 
     </span>
    </p>
   </div>
   <div class='ocr_carea' id='block_1_93' title="bbox 745 4719 1769 4783">
    <p class='ocr_par' dir='ltr' id='par_1_93' title="bbox 745 4719 1769 4783">
     <span class='ocr_line' id='line_1_93' title="bbox 745 4719 1769 4783; baseline 0.002 -10"><span class='ocrx_word' id='word_1_670' title='bbox 745 4719 1113 4776; x_wconf 80' lang='lat' dir='ltr'><strong>ADVERSUS</strong></span> <span class='ocrx_word' id='word_1_671' title='bbox 1154 4720 1479 4775; x_wconf 70' lang='lat' dir='ltr'><strong>H/EItESl-N</strong></span> <span class='ocrx_word' id='word_1_672' title='bbox 1530 4721 1731 4775; x_wconf 67' lang='lat' dir='ltr'><strong>ILLMI</strong></span> <span class='ocrx_word' id='word_1_673' title='bbox 1756 4764 1769 4783; x_wconf 89' lang='lat'><strong>,</strong></span> 
     </span>
    </p>
   </div>
   <div class='ocr_carea' id='block_1_94' title="bbox 482 4807 2051 4908">
    <p class='ocr_par' dir='ltr' id='par_1_94' title="bbox 482 4834 2051 4908">
     <span class='ocr_line' id='line_1_94' title="bbox 482 4834 2051 4908; baseline 0.004 -21"><span class='ocrx_word' id='word_1_674' title='bbox 482 4834 613 4900; x_wconf 71' lang='lat' dir='ltr'><strong>Qum</strong></span> <span class='ocrx_word' id='word_1_675' title='bbox 667 4834 898 4908; x_wconf 64' lang='lat' dir='ltr'><strong>Joannis</strong></span> <span class='ocrx_word' id='word_1_676' title='bbox 952 4834 1393 4908; x_wconf 9' lang='lat' dir='ltr'><strong>Evongerliumiet</strong></span> <span class='ocrx_word' id='word_1_677' title='bbox 1445 4836 1801 4908; x_wconf 57' lang='lat' dir='ltr'><strong>Apocalypsin</strong></span> <span class='ocrx_word' id='word_1_678' title='bbox 1860 4841 2051 4908; x_wconf 66' lang='lat' dir='ltr'><strong>reiicit,</strong></span> 
     </span>
    </p>
   </div>
   <div class='ocr_carea' id='block_1_95' title="bbox 511 4906 2022 4976">
    <p class='ocr_par' dir='ltr' id='par_1_95' title="bbox 511 4906 2022 4976">
     <span class='ocr_line' id='line_1_95' title="bbox 511 4906 2022 4976; baseline 0.003 -19"><span class='ocrx_word' id='word_1_679' title='bbox 511 4922 668 4972; x_wconf 81' lang='lat' dir='ltr'><strong>quam</strong></span> <span class='ocrx_word' id='word_1_680' title='bbox 694 4906 991 4959; x_wconf 78' lang='lat' dir='ltr'><strong>Amentium</strong></span> <span class='ocrx_word' id='word_1_681' title='bbox 1020 4906 1270 4976; x_wconf 78' lang='lat' dir='ltr'><strong>appellat,</strong></span> <span class='ocrx_word' id='word_1_682' title='bbox 1303 4907 1519 4963; x_wconf 67' lang='lat' dir='ltr'><strong>haeresis</strong></span> <span class='ocrx_word' id='word_1_683' title='bbox 1544 4906 1759 4973; x_wconf 73' lang='lat' dir='ltr'><strong><em>XXXI,</em></strong></span> <span class='ocrx_word' id='word_1_684' title='bbox 1792 4906 2022 4967; x_wconf 17' lang='lat' dir='ltr'><strong>sire‘LI.</strong></span> 
     </span>
    </p>
   </div>
   <div class='ocr_carea' id='block_1_96' title="bbox 548 5078 2058 5155">
    <p class='ocr_par' dir='ltr' id='par_1_96' title="bbox 548 5078 2058 5155">
     <span class='ocr_line' id='line_1_96' title="bbox 548 5078 2058 5155; baseline 0.006 -21"><span class='ocrx_word' id='word_1_685' title='bbox 548 5080 586 5135; x_wconf 88' lang='lat' dir='ltr'><strong>l.</strong></span> <span class='ocrx_word' id='word_1_686' title='bbox 635 5078 767 5137; x_wconf 86' lang='lat' dir='ltr'><strong>Post</strong></span> <span class='ocrx_word' id='word_1_687' title='bbox 797 5082 1223 5155; x_wconf 81' lang='lat' dir='ltr'><strong>Cataphrygum,</strong></span> <span class='ocrx_word' id='word_1_688' title='bbox 1257 5084 1761 5151; x_wconf 85' lang='lat' dir='ltr'><strong>Quintillianorum,</strong></span> <span class='ocrx_word' id='word_1_689' title='bbox 1799 5097 1854 5143; x_wconf 91' lang='lat' dir='ltr'><strong>et</strong></span> <span class='ocrx_word' id='word_1_690' title='bbox 1887 5090 2058 5153; x_wconf 84' lang='lat' dir='ltr'><strong>Quar-</strong></span> 
     </span>
    </p>
   </div>
   <div class='ocr_carea' id='block_1_97' title="bbox 479 5173 2058 5249">
    <p class='ocr_par' dir='ltr' id='par_1_97' title="bbox 479 5173 2058 5249">
     <span class='ocr_line' id='line_1_97' title="bbox 479 5173 2058 5249; baseline 0.006 -23"><span class='ocrx_word' id='word_1_691' title='bbox 479 5173 946 5228; x_wconf 77' lang='lat' dir='ltr'><strong>tidecimanorum</strong></span> <span class='ocrx_word' id='word_1_692' title='bbox 978 5187 1174 5241; x_wconf 89' lang='lat' dir='ltr'><strong>sectas,</strong></span> <span class='ocrx_word' id='word_1_693' title='bbox 1202 5193 1340 5233; x_wconf 63' lang='grc' dir='ltr'>ποτε</span> <span class='ocrx_word' id='word_1_694' title='bbox 1372 5178 1619 5249; x_wconf 68' lang='lat' dir='ltr'><strong>quazdam</strong></span> <span class='ocrx_word' id='word_1_695' title='bbox 1651 5180 1703 5234; x_wconf 92' lang='lat' dir='ltr'><strong>in</strong></span> <span class='ocrx_word' id='word_1_696' title='bbox 1732 5181 1917 5236; x_wconf 85' lang='lat' dir='ltr'><strong>urbem</strong></span> <span class='ocrx_word' id='word_1_697' title='bbox 1949 5190 2058 5237; x_wconf 85' lang='lat' dir='ltr'><strong>ter-</strong></span> 
     </span>
    </p>
   </div>
   <div class='ocr_carea' id='block_1_98' title="bbox 479 5266 2057 5342">
    <p class='ocr_par' dir='ltr' id='par_1_98' title="bbox 479 5266 2057 5342">
     <span class='ocr_line' id='line_1_98' title="bbox 479 5266 2057 5342; baseline 0.009 -24"><span class='ocrx_word' id='word_1_698' title='bbox 479 5281 660 5320; x_wconf 74' lang='lat' dir='ltr'><strong>rarum</strong></span> <span class='ocrx_word' id='word_1_699' title='bbox 718 5266 900 5335; x_wconf 84' lang='lat' dir='ltr'><strong>erupit</strong></span> <span class='ocrx_word' id='word_1_700' title='bbox 959 5268 1222 5330; x_wconf 59' lang='lat' dir='ltr'><strong>heresis.</strong></span> <span class='ocrx_word' id='word_1_701' title='bbox 1262 5271 1411 5326; x_wconf 85' lang='lat' dir='ltr'><strong>velut</strong></span> <span class='ocrx_word' id='word_1_702' title='bbox 1462 5272 1772 5328; x_wconf 75' lang='lat' dir='ltr'><strong>imbecillus</strong></span> <span class='ocrx_word' id='word_1_703' title='bbox 1809 5289 2057 5342; x_wconf 83' lang='lat' dir='ltr'><strong>serpens.</strong></span> 
     </span>
    </p>
   </div>
   <div class='ocr_carea' id='block_1_99' title="bbox 2159 4516 3734 4591">
    <p class='ocr_par' dir='ltr' id='par_1_99' title="bbox 2159 4516 3734 4591">
     <span class='ocr_line' id='line_1_99' title="bbox 2159 4516 3734 4591; baseline -0.003 -17"><span class='ocrx_word' id='word_1_704' title='bbox 2159 4520 2288 4591; x_wconf 77' lang='grc' dir='ltr'>ἑξῆς</span> <span class='ocrx_word' id='word_1_705' title='bbox 2315 4520 2405 4573; x_wconf 82' lang='grc' dir='ltr'><strong>τὸν</strong></span> <span class='ocrx_word' id='word_1_706' title='bbox 2435 4518 2559 4574; x_wconf 89' lang='grc' dir='ltr'>νοῦν</span> <span class='ocrx_word' id='word_1_707' title='bbox 2589 4517 2904 4589; x_wconf 84' lang='grc' dir='ltr'>προτείνων,</span> <span class='ocrx_word' id='word_1_708' title='bbox 2935 4517 3067 4572; x_wconf 82' lang='grc' dir='ltr'>Θεὸν</span> <span class='ocrx_word' id='word_1_709' title='bbox 3101 4516 3345 4588; x_wconf 83' lang='grc' dir='ltr'>συνήθως</span> <span class='ocrx_word' id='word_1_710' title='bbox 3370 4518 3734 4589; x_wconf 82' lang='grc' dir='ltr'>ἐπικαλούμε-</span> 
     </span>
    </p>
   </div>
   <div class='ocr_carea' id='block_1_100' title="bbox 2158 4611 2656 4684">
    <p class='ocr_par' dir='ltr' id='par_1_100' title="bbox 2158 4611 2656 4684">
     <span class='ocr_line' id='line_1_100' title="bbox 2158 4611 2656 4684; baseline 0 -19"><span class='ocrx_word' id='word_1_711' title='bbox 2158 4629 2248 4676; x_wconf 80' lang='grc' dir='ltr'><strong>νος</strong></span> <span class='ocrx_word' id='word_1_712' title='bbox 2280 4614 2360 4676; x_wconf 85' lang='grc' dir='ltr'><strong>είς</strong></span> <span class='ocrx_word' id='word_1_713' title='bbox 2386 4611 2656 4684; x_wconf 88' lang='grc' dir='ltr'>βοήθειαν.</span> 
     </span>
    </p>
   </div>
   <div class='ocr_carea' id='block_1_101' title="bbox 2582 4724 3318 4789">
    <p class='ocr_par' dir='ltr' id='par_1_101' title="bbox 2582 4724 3318 4789">
     <span class='ocr_line' id='line_1_101' title="bbox 2582 4724 3318 4789; baseline -0.003 -10"><span class='ocrx_word' id='word_1_714' title='bbox 2582 4727 2770 4779; x_wconf 77' lang='grc' dir='ltr'><strong>ΚΑΤΑ</strong></span> <span class='ocrx_word' id='word_1_715' title='bbox 2810 4726 2945 4779; x_wconf 83' lang='grc' dir='ltr'><strong>ΤΗΣ</strong></span> <span class='ocrx_word' id='word_1_716' title='bbox 2978 4724 3318 4789; x_wconf 82' lang='grc' dir='ltr'><strong>ΔΙΡΕΣΕΩΣ,</strong></span> 
     </span>
    </p>
   </div>
   <div class='ocr_carea' id='block_1_102' title="bbox 2161 4838 3729 4909">
    <p class='ocr_par' dir='ltr' id='par_1_102' title="bbox 2161 4838 3729 4909">
     <span class='ocr_line' id='line_1_102' title="bbox 2161 4838 3729 4909; baseline -0.009 -8"><span class='ocrx_word' id='word_1_717' title='bbox 2161 4838 2280 4907; x_wconf 79' lang='grc' dir='ltr'><strong>Τῆς</strong></span> <span class='ocrx_word' id='word_1_718' title='bbox 2304 4842 2389 4908; x_wconf 81' lang='grc' dir='ltr'>μὴ</span> <span class='ocrx_word' id='word_1_719' title='bbox 2410 4839 2738 4909; x_wconf 77' lang='grc' dir='ltr'>δεχομένης</span> <span class='ocrx_word' id='word_1_720' title='bbox 2765 4839 2830 4893; x_wconf 84' lang='grc' dir='ltr'>τὸ</span> <span class='ocrx_word' id='word_1_721' title='bbox 2861 4840 3009 4909; x_wconf 63' lang='grc' dir='ltr'>κατὰ</span> <span class='ocrx_word' id='word_1_722' title='bbox 3043 4838 3318 4909; x_wconf 73' lang='grc' dir='ltr'><strong>ἰωᾴννην</strong></span> <span class='ocrx_word' id='word_1_723' title='bbox 3340 4838 3729 4909; x_wconf 68' lang='grc' dir='ltr'><strong>Εὑαγγέλιον,</strong></span> 
     </span>
    </p>
   </div>
   <div class='ocr_carea' id='block_1_103' title="bbox 2218 4907 3727 4978">
    <p class='ocr_par' dir='ltr' id='par_1_103' title="bbox 2218 4907 3727 4978">
     <span class='ocr_line' id='line_1_103' title="bbox 2218 4907 3727 4978; baseline -0.003 -13"><span class='ocrx_word' id='word_1_724' title='bbox 2218 4911 2315 4965; x_wconf 77' lang='grc' dir='ltr'>καὶ</span> <span class='ocrx_word' id='word_1_725' title='bbox 2350 4907 2909 4978; x_wconf 64' lang='grc' dir='ltr'>τὴνἏὲτοκάλυψιν.</span> <span class='ocrx_word' id='word_1_726' title='bbox 2930 4907 3010 4975; x_wconf 76' lang='grc' dir='ltr'><strong>ἣν</strong></span> <span class='ocrx_word' id='word_1_727' title='bbox 3035 4907 3328 4962; x_wconf 77' lang='grc' dir='ltr'>ἐκάλεσεν</span> <span class='ocrx_word' id='word_1_728' title='bbox 3373 4907 3664 4971; x_wconf 75' lang='grc' dir='ltr'>Ἀνοήτων</span> <span class='ocrx_word' id='word_1_729' title='bbox 3692 4909 3727 4969; x_wconf 89' lang='grc'>³,</span> 
     </span>
    </p>
   </div>
   <div class='ocr_carea' id='block_1_104' title="bbox 2214 4978 3677 5051">
    <p class='ocr_par' dir='ltr' id='par_1_104' title="bbox 2214 4978 3677 5051">
     <span class='ocr_line' id='line_1_104' title="bbox 2214 4978 3677 5051; baseline -0.003 -16"><span class='ocrx_word' id='word_1_730' title='bbox 2214 4981 2530 5050; x_wconf 80' lang='grc' dir='ltr'>τριακοστή</span> <span class='ocrx_word' id='word_1_731' title='bbox 2561 4981 2758 5051; x_wconf 76' lang='grc' dir='ltr'>πρώτη</span> <span class='ocrx_word' id='word_1_732' title='bbox 2782 5022 2797 5045; x_wconf 88' lang='grc'><em>,</em></span> <span class='ocrx_word' id='word_1_733' title='bbox 2832 4980 2870 5047; x_wconf 74' lang='grc' dir='ltr'>ἡ</span> <span class='ocrx_word' id='word_1_734' title='bbox 2902 4979 2998 5033; x_wconf 79' lang='grc' dir='ltr'>καὶ</span> <span class='ocrx_word' id='word_1_735' title='bbox 3032 4979 3411 5046; x_wconf 75' lang='grc' dir='ltr'>πεντηκοστή</span> <span class='ocrx_word' id='word_1_736' title='bbox 3450 4978 3677 5047; x_wconf 73' lang='grc' dir='ltr'>πρώτη.</span> 
     </span>
    </p>
   </div>
   <div class='ocr_carea' id='block_1_105' title="bbox 2223 5089 3729 5162">
    <p class='ocr_par' dir='ltr' id='par_1_105' title="bbox 2223 5089 3729 5162">
     <span class='ocr_line' id='line_1_105' title="bbox 2223 5089 3729 5162; baseline -0.003 -18"><span class='ocrx_word' id='word_1_737' title='bbox 2223 5093 2300 5147; x_wconf 82' lang='grc' dir='ltr'><strong>Α’.</strong></span> <span class='ocrx_word' id='word_1_738' title='bbox 2334 5091 2583 5162; x_wconf 78' lang='grc' dir='ltr'>Καθεξῆς</span> <span class='ocrx_word' id='word_1_739' title='bbox 2631 5092 2687 5146; x_wconf 87' lang='grc' dir='ltr'><strong>δέ</strong></span> <span class='ocrx_word' id='word_1_740' title='bbox 2734 5092 2938 5144; x_wconf 88' lang='grc' dir='ltr'>τούτων</span> <span class='ocrx_word' id='word_1_741' title='bbox 2982 5091 3089 5143; x_wconf 84' lang='grc' dir='ltr'>τῶν</span> <span class='ocrx_word' id='word_1_742' title='bbox 3118 5090 3413 5162; x_wconf 78' lang='grc' dir='ltr'>αἱρέσεων,</span> <span class='ocrx_word' id='word_1_743' title='bbox 3447 5089 3587 5159; x_wconf 78' lang='grc' dir='ltr'>μετὰ</span> <span class='ocrx_word' id='word_1_744' title='bbox 3636 5090 3729 5159; x_wconf 76' lang='grc' dir='ltr'><strong>τὴν</strong></span> 
     </span>
    </p>
   </div>
   <div class='ocr_carea' id='block_1_106' title="bbox 2156 5182 3727 5256">
    <p class='ocr_par' dir='ltr' id='par_1_106' title="bbox 2156 5182 3727 5256">
     <span class='ocr_line' id='line_1_106' title="bbox 2156 5182 3727 5256; baseline -0.003 -17"><span class='ocrx_word' id='word_1_745' title='bbox 2156 5184 2296 5239; x_wconf 80' lang='grc' dir='ltr'>κατὰ</span> <span class='ocrx_word' id='word_1_746' title='bbox 2348 5183 2565 5256; x_wconf 79' lang='grc' dir='ltr'>Φρύγας</span> <span class='ocrx_word' id='word_1_747' title='bbox 2619 5202 2679 5238; x_wconf 86' lang='grc' dir='ltr'><strong>τε</strong></span> <span class='ocrx_word' id='word_1_748' title='bbox 2732 5185 2826 5239; x_wconf 83' lang='grc' dir='ltr'>καὶ</span> <span class='ocrx_word' id='word_1_749' title='bbox 2873 5184 3355 5246; x_wconf 80' lang='grc' dir='ltr'>Κυϊντιλλιανοὺς,</span> <span class='ocrx_word' id='word_1_750' title='bbox 3396 5182 3491 5235; x_wconf 74' lang='grc' dir='ltr'><strong>καὶ</strong></span> <span class='ocrx_word' id='word_1_751' title='bbox 3517 5183 3727 5235; x_wconf 80' lang='grc' dir='ltr'>Τεσσα-</span> 
     </span>
    </p>
   </div>
   <div class='ocr_carea' id='block_1_107' title="bbox 2160 5272 3725 5347">
    <p class='ocr_par' dir='ltr' id='par_1_107' title="bbox 2160 5272 3725 5347">
     <span class='ocr_line' id='line_1_107' title="bbox 2160 5272 3725 5347; baseline -0.003 -17"><span class='ocrx_word' id='word_1_752' title='bbox 2160 5277 2639 5347; x_wconf 82' lang='grc' dir='ltr'>ρεσκαιδεκατίτας</span> <span class='ocrx_word' id='word_1_753' title='bbox 2671 5275 2813 5332; x_wconf 76' lang='grc' dir='ltr'>οὓτω</span> <span class='ocrx_word' id='word_1_754' title='bbox 2854 5275 3252 5347; x_wconf 86' lang='grc' dir='ltr'>καλουμένους,</span> <span class='ocrx_word' id='word_1_755' title='bbox 3281 5274 3488 5345; x_wconf 82' lang='grc' dir='ltr'>ἁνεφύη</span> <span class='ocrx_word' id='word_1_756' title='bbox 3520 5272 3597 5343; x_wconf 82' lang='grc' dir='ltr'>τῷ</span> <span class='ocrx_word' id='word_1_757' title='bbox 3632 5274 3725 5345; x_wconf 77' lang='grc' dir='ltr'><strong>βίῳ</strong></span> 
     </span>
    </p>
   </div>
   <div class='ocr_carea' id='block_1_108' title="bbox 552 5422 2171 5508">
    <p class='ocr_par' dir='ltr' id='par_1_108' title="bbox 552 5422 2171 5508">
     <span class='ocr_line' id='line_1_108' title="bbox 552 5422 2171 5508; baseline 0.006 -31"><span class='ocrx_word' id='word_1_758' title='bbox 552 5425 567 5453; x_wconf 76' lang='grc'>⁸</span> <span class='ocrx_word' id='word_1_759' title='bbox 599 5422 716 5480; x_wconf 75' lang='lat' dir='ltr'><strong>Jos.</strong></span> <span class='ocrx_word' id='word_1_760' title='bbox 750 5442 804 5493; x_wconf 72' lang='grc' dir='ltr'><strong>γ,</strong></span> <span class='ocrx_word' id='word_1_761' title='bbox 842 5425 909 5480; x_wconf 79' lang='grc'><strong>18</strong></span> <span class='ocrx_word' id='word_1_762' title='bbox 984 5429 1006 5458; x_wconf 78' lang='grc'>³</span> <span class='ocrx_word' id='word_1_763' title='bbox 1035 5426 1097 5481; x_wconf 82' lang='lat' dir='ltr'><strong>F.</strong></span> <span class='ocrx_word' id='word_1_764' title='bbox 1126 5428 1410 5500; x_wconf 78' lang='grc' dir='ltr'>ἀγγελική.</span> <span class='ocrx_word' id='word_1_765' title='bbox 1488 5430 1643 5486; x_wconf 73' lang='grc' dir='ltr'>Ἰηιο</span> <span class='ocrx_word' id='word_1_766' title='bbox 1682 5432 1863 5498; x_wconf 80' lang='lat' dir='ltr'><strong>potius</strong></span> <span class='ocrx_word' id='word_1_767' title='bbox 1909 5432 2171 5508; x_wconf 81' lang='grc' dir='ltr'>Ἀλόγων.</span> 
     </span>
    </p>
   </div>
   <div class='ocr_carea' id='block_1_109' title="bbox 549 5543 2049 5615">
    <p class='ocr_par' dir='ltr' id='par_1_109' title="bbox 549 5543 2049 5615">
     <span class='ocr_line' id='line_1_109' title="bbox 549 5543 2049 5615; baseline 0.005 -18"><span class='ocrx_word' id='word_1_768' title='bbox 549 5543 661 5612; x_wconf 82' lang='lat' dir='ltr'><strong>(ll)</strong></span> <span class='ocrx_word' id='word_1_769' title='bbox 701 5545 1088 5615; x_wconf 74' lang='grc' dir='ltr'>Πανταχόθεν</span> <span class='ocrx_word' id='word_1_770' title='bbox 1119 5544 1187 5599; x_wconf 80' lang='grc' dir='ltr'>δὲ</span> <span class='ocrx_word' id='word_1_771' title='bbox 1224 5549 1260 5614; x_wconf 72' lang='grc' dir='ltr'><em>ἠ</em></span> <span class='ocrx_word' id='word_1_772' title='bbox 1296 5549 1451 5615; x_wconf 76' lang='grc' dir='ltr'>ἁγία.</span> <span class='ocrx_word' id='word_1_773' title='bbox 1506 5549 1637 5614; x_wconf 71' lang='lat' dir='ltr'><strong>Qua:</strong></span> <span class='ocrx_word' id='word_1_774' title='bbox 1684 5550 1749 5602; x_wconf 87' lang='lat' dir='ltr'><strong>ad</strong></span> <span class='ocrx_word' id='word_1_775' title='bbox 1785 5550 1932 5605; x_wconf 90' lang='lat' dir='ltr'><strong>hunc</strong></span> <span class='ocrx_word' id='word_1_776' title='bbox 1968 5550 2049 5605; x_wconf 90' lang='lat' dir='ltr'><strong>I0-</strong></span> 
     </span>
    </p>
   </div>
   <div class='ocr_carea' id='block_1_110' title="bbox 481 5614 2054 5688">
    <p class='ocr_par' dir='ltr' id='par_1_110' title="bbox 481 5614 2054 5688">
     <span class='ocr_line' id='line_1_110' title="bbox 481 5614 2054 5688; baseline 0.005 -22"><span class='ocrx_word' id='word_1_777' title='bbox 481 5630 605 5688; x_wconf 69' lang='lat' dir='ltr'><strong>cum</strong></span> <span class='ocrx_word' id='word_1_778' title='bbox 642 5614 951 5688; x_wconf 78' lang='lat' dir='ltr'><strong>adnotanda</strong></span> <span class='ocrx_word' id='word_1_779' title='bbox 983 5625 1162 5675; x_wconf 87' lang='lat' dir='ltr'><strong>erant,</strong></span> <span class='ocrx_word' id='word_1_780' title='bbox 1184 5633 1248 5671; x_wconf 91' lang='lat' dir='ltr'><strong>ea</strong></span> <span class='ocrx_word' id='word_1_781' title='bbox 1284 5614 1350 5670; x_wconf 86' lang='lat' dir='ltr'><strong>ad</strong></span> <span class='ocrx_word' id='word_1_782' title='bbox 1380 5619 1513 5674; x_wconf 63' lang='lat' dir='ltr'><strong>hear.</strong></span> <span class='ocrx_word' id='word_1_783' title='bbox 1552 5636 1653 5673; x_wconf 78' lang='lat' dir='ltr'><strong>Lxx</strong></span> <span class='ocrx_word' id='word_1_784' title='bbox 1686 5635 1806 5688; x_wconf 69' lang='lat' dir='ltr'><strong>quae</strong></span> <span class='ocrx_word' id='word_1_785' title='bbox 1838 5629 1923 5674; x_wconf 87' lang='lat' dir='ltr'><strong>est</strong></span> <span class='ocrx_word' id='word_1_786' title='bbox 1948 5620 2054 5674; x_wconf 85' lang='lat' dir='ltr'><strong>Au-</strong></span> 
     </span>
    </p>
   </div>
   <div class='ocr_carea' id='block_1_111' title="bbox 483 5685 2055 5757">
    <p class='ocr_par' dir='ltr' id='par_1_111' title="bbox 483 5685 2055 5757">
     <span class='ocr_line' id='line_1_111' title="bbox 483 5685 2055 5757; baseline 0.008 -25"><span class='ocrx_word' id='word_1_787' title='bbox 483 5685 629 5757; x_wconf 64' lang='lat' dir='ltr'><strong>diam</strong></span> <span class='ocrx_word' id='word_1_788' title='bbox 674 5685 1023 5748; x_wconf 79' lang='lat' dir='ltr'><strong>diiTeremus.</strong></span> <span class='ocrx_word' id='word_1_789' title='bbox 1088 5688 1176 5743; x_wconf 90' lang='lat' dir='ltr'><strong>ubi</strong></span> <span class='ocrx_word' id='word_1_790' title='bbox 1226 5688 1383 5757; x_wconf 84' lang='lat' dir='ltr'><strong>plura</strong></span> <span class='ocrx_word' id='word_1_791' title='bbox 1444 5690 1514 5744; x_wconf 83' lang='lat' dir='ltr'><strong>ad</strong></span> <span class='ocrx_word' id='word_1_792' title='bbox 1575 5685 2055 5746; x_wconf 43' lang='lat' dir='ltr'><strong>hoc&#39;institutum</strong></span> 
     </span>
    </p>
   </div>
   <div class='ocr_carea' id='block_1_112' title="bbox 483 5753 973 5827">
    <p class='ocr_par' dir='ltr' id='par_1_112' title="bbox 483 5753 973 5827">
     <span class='ocr_line' id='line_1_112' title="bbox 483 5753 973 5827; baseline 0.016 -22"><span class='ocrx_word' id='word_1_793' title='bbox 483 5753 675 5825; x_wconf 69' lang='lat' dir='ltr'><strong>Epiplt.</strong></span> <span class='ocrx_word' id='word_1_794' title='bbox 711 5757 973 5827; x_wconf 78' lang='lat' dir='ltr'><strong>disputat.</strong></span> 
     </span>
    </p>
   </div>
   <div class='ocr_carea' id='block_1_113' title="bbox 2230 5550 3718 5624">
    <p class='ocr_par' dir='ltr' id='par_1_113' title="bbox 2230 5550 3718 5624">
     <span class='ocr_line' id='line_1_113' title="bbox 2230 5550 3718 5624; baseline -0.001 -18"><span class='ocrx_word' id='word_1_795' title='bbox 2230 5553 2251 5621; x_wconf 83' lang='lat'><strong>(</strong></span> <span class='ocrx_word' id='word_1_796' title='bbox 2260 5553 2343 5621; x_wconf 66' lang='grc'><strong>12)</strong></span> <span class='ocrx_word' id='word_1_797' title='bbox 2390 5553 2459 5606; x_wconf 84' lang='grc' dir='ltr'><em>Τὸ</em></span> <span class='ocrx_word' id='word_1_798' title='bbox 2501 5553 2827 5624; x_wconf 67' lang='grc' dir='ltr'>ἐμφύσημα</span> <span class='ocrx_word' id='word_1_799' title='bbox 2860 5554 2965 5607; x_wconf 83' lang='grc' dir='ltr'><strong>τοῦ</strong></span> <span class='ocrx_word' id='word_1_800' title='bbox 3004 5552 3263 5624; x_wconf 61' lang='grc' dir='ltr'>,θέων-ος.</span> <span class='ocrx_word' id='word_1_801' title='bbox 3300 5550 3410 5624; x_wconf 61' lang='lat' dir='ltr'><strong>Vos</strong></span> <span class='ocrx_word' id='word_1_802' title='bbox 3448 5552 3549 5606; x_wconf 83' lang='lat' dir='ltr'><strong>ista</strong></span> <span class='ocrx_word' id='word_1_803' title='bbox 3590 5552 3718 5624; x_wconf 60' lang='grc' dir='ltr'>ῥέων</span> 
     </span>
    </p>
   </div>
   <div class='ocr_carea' id='block_1_114' title="bbox 2162 5622 3715 5693">
    <p class='ocr_par' dir='ltr' id='par_1_114' title="bbox 2162 5622 3715 5693">
     <span class='ocr_line' id='line_1_114' title="bbox 2162 5622 3715 5693; baseline -0.001 -16"><span class='ocrx_word' id='word_1_804' title='bbox 2162 5639 2432 5693; x_wconf 77' lang='lat' dir='ltr'><strong>nusquam</strong></span> <span class='ocrx_word' id='word_1_805' title='bbox 2486 5622 2646 5679; x_wconf 26' lang='lat' dir='ltr'><strong>a’me</strong></span> <span class='ocrx_word' id='word_1_806' title='bbox 2704 5622 2859 5679; x_wconf 83' lang='lat' dir='ltr'><strong>lecta.</strong></span> <span class='ocrx_word' id='word_1_807' title='bbox 2909 5625 3085 5693; x_wconf 81' lang='lat' dir='ltr'><strong>Atque</strong></span> <span class='ocrx_word' id='word_1_808' title='bbox 3129 5623 3267 5676; x_wconf 86' lang='lat' dir='ltr'><strong>haud</strong></span> <span class='ocrx_word' id='word_1_809' title='bbox 3328 5623 3443 5677; x_wconf 87' lang='lat' dir='ltr'><strong>scio</strong></span> <span class='ocrx_word' id='word_1_810' title='bbox 3484 5638 3553 5678; x_wconf 84' lang='lat' dir='ltr'><strong>an</strong></span> <span class='ocrx_word' id='word_1_811' title='bbox 3594 5622 3715 5693; x_wconf 77' lang='grc' dir='ltr'>βού-</span> 
     </span>
    </p>
   </div>
   <div class='ocr_carea' id='block_1_115' title="bbox 2162 5692 3389 5766">
    <p class='ocr_par' dir='ltr' id='par_1_115' title="bbox 2162 5692 3389 5766">
     <span class='ocr_line' id='line_1_115' title="bbox 2162 5692 3389 5766; baseline -0.001 -19"><span class='ocrx_word' id='word_1_812' title='bbox 2162 5712 2338 5762; x_wconf 63' lang='grc' dir='ltr'>φιονος</span> <span class='ocrx_word' id='word_1_813' title='bbox 2364 5692 2560 5751; x_wconf 75' lang='lat' dir='ltr'><strong>Latino</strong></span> <span class='ocrx_word' id='word_1_814' title='bbox 2584 5694 2852 5752; x_wconf 86' lang='lat' dir='ltr'><strong>vocabulo</strong></span> <span class='ocrx_word' id='word_1_815' title='bbox 2882 5692 3168 5765; x_wconf 78' lang='lat' dir='ltr'><strong>scripserit</strong></span> <span class='ocrx_word' id='word_1_816' title='bbox 3195 5692 3389 5766; x_wconf 81' lang='lat' dir='ltr'><strong>Epiph.</strong></span> 
     </span>
    </p>
   </div>
  </div>
