3750 6200
118 206 230 260 839

786 208 1153 268 ADVERSUS
1191 213 1535 273 HIERESES
1571 216 1685 274 LIB.

1802 264 1805 274 .
1843 222 2008 280 τοις.
2049 223 2091 280 ι.
2125 256 2197 270 -
2226 224 2496 282 naues.
2538 227 2626 283 ιι.
2865 247 2868 250 ο
3236 229 3342 290 890
3376 184 3419 231 ί

117 329 331 400 αἵρεσις
363 325 522 398 ἑτέρα
549 366 563 392 ,
589 326 773 399 ὥσπερ
811 329 1039 400 ἑρπετὸν
1064 331 1312 398 ἀσθενὲς,
1349 335 1423 408 μὴ
1452 334 1678 408 δυνάμε-

1802 342 1876 411 [ui
1906 341 2187 407 dictamni,
2217 345 2297 399 vel
2331 345 2583 414 styracis,
2610 352 2701 397 aut
2721 343 3052 404 libanitidis.-
3068 353 3160 399 aut
3189 347 3349 401 abro-

116 436 212 473 νον
241 421 507 490 ἀντισχεῖν
541 420 676 489 πρὸς
704 421 801 491 τὴν
843 420 1015 492 ὀσμὴν
1052 423 1145 493 τῆς
1190 424 1484 496 δικτάμνου
1512 468 1527 491 ,
1564 430 1682 502 ἦτοι

119 513 424 584 στύρακος,
468 510 501 581 ἢ
548 511 896 576 λιϐανίτιδος,
939 513 970 582 ἢ
1010 516 1107 584 τῆς
1161 515 1450 587 ἀδροτόνου
1480 557 1494 581 ν
1524 519 1556 589 ἢ
1586 520 1684 590 τῆς

118 605 300 675 ὀσμῆς
326 603 419 656 τοῦ
448 604 720 673 ἀσφάλτου
741 645 757 669 ,
808 605 840 675 ἥ
876 605 966 658 τοῦ
1000 606 1373 678 θυμιάματος,
1420 609 1454 681 ἢ
1485 610 1576 664 τοῦ
1606 611 1683 664 λί-

123 696 222 750 θου
273 695 364 749 τοῦ
396 696 635 765 γαγάτου
686 697 796 767 (15)
818 736 831 760 ,
865 698 898 769 ἢ
953 698 1044 751 τοῦ
1079 699 1305 771 κέρατος
1336 702 1431 771 τῆς
1464 702 1680 770 ἐλάφου.

120 790 259 842 Φασὶ
287 789 391 860 γάρ
438 788 486 839 οί
525 791 584 841 ἐν
613 787 865 859 συνηθείᾳ
916 790 1199 857 γεγονότες
1231 791 1325 844 καὶ
1361 792 1448 846 διὰ
1490 794 1684 864 πείρας

120 879 325 933 τούτων
345 878 516 931 ταῦτα
544 878 611 931 τά
644 879 753 949 εἴδη
788 880 1124 934 ἀπελαστικὰ
1155 878 1291 935 εἶναι
1318 884 1560 953 ἑρπετῶν
1589 885 1685 938 καὶ

127 969 363 1023 ἰοϐόλων.
398 969 507 1022 Kal.
540 970 638 1038 τὴν
676 971 772 1040 μὲν
791 970 1077 1041 δίκταμνόν
1119 989 1262 1036 τινες
1296 973 1549 1028 καλοῦσιν
1578 976 1684 1029 ἀπὸ

117 1064 220 1117 τοῦ
271 1065 393 1126 τοὺς
438 1064 627 1126 παῖδας
663 1062 770 1116 τῶν
812 1064 1011 1135 ἰατρῶν
1054 1065 1348 1136 κεχρῆσθαι
1387 1067 1555 1137 ταύτῃ
1606 1069 1683 1131 εἰς

120 1156 224 1227 τὴν
258 1156 363 1208 τῶν
400 1155 697 1207 τικτουσῶν
748 1156 1021 1224 γυναικῶν
1069 1156 1339 1228 βοήθειαν.
1379 1159 1540 1211 Ὥστε
1590 1160 1684 1229 ἀφ’

121 1247 283 1315 ἡμῶν
310 1246 530 1307 εἰκότως
559 1246 949 1308 ἀπεικάζεσθαι
987 1248 1066 1308 είς
1107 1247 1197 1299 τὸν
1226 1247 1427 1301 ἀνωθεν
1466 1248 1685 1301 ἐλθόντα

126 1336 317 1404 Λόγον.
349 1336 477 1388 Θεὸν
524 1336 628 1389 ἀπὸ
657 1337 763 1388 τῶν
792 1337 1125 1406 ἐπουρανίων
1145 1376 1158 1400 ,
1185 1339 1248 1390 ἐκ
1288 1338 1496 1405 Πατρὶς
1527 1338 1687 1409 ἀχρό-

123 1445 235 1490 νως
265 1428 354 1481 καὶ
392 1429 639 1497 ἀνάρχως
670 1429 1079 1498 γεγεννημένον.
1137 1430 1272 1499 Φησὶ
1317 1429 1424 1499 γὰρ
1457 1432 1483 1481 ὁ
1534 1429 1687 1482 Σολο-

128 1517 248 1587 μὼν
299 1519 423 1589 περὶ
474 1519 570 1588 τῆς
608 1520 835 1587 ἄφρονος
892 1522 986 1571 καὶ¹
1030 1518 1237 1588 φαύλης
1286 1519 1573 1586 γυναικὸς,
1605 1521 1687 1572 ὅτι

123 1609 308 1663 Marsi
338 1611 521 1678 λόγον
551 1610 905 1678 ἀσφαλείας.
942 1609 1125 1674 Οὕτως
1157 1610 1249 1663 καὶ
1280 1604 1423 1663 οὗτοι
1463 1608 1532 1662 τά
1569 1626 1687 1663 στε-

126 1701 229 1772 ρεά
261 1700 352 1753 τοῦ
389 1700 740 1771 κηρύγματος
796 1701 1163 1770 μεμισήκασιν
1190 1739 1205 1763 ,
1255 1700 1482 1767 ἐπίγειοι
1514 1698 1684 1764 ὅντες,

124 1795 222 1845 καὶ
251 1792 382 1863 πρὸς
415 1793 482 1845 τά
512 1794 807 1862 ἐπουράνια
844 1790 1287 1862 ἀπεχθανόμενοι.
1321 1789 1479 1843 Ὅθεν
1527 1789 1689 1842 δεδιό-

122 1904 219 1949 τες
242 1886 336 1956 τὴν
366 1885 547 1955 φωνὴν
572 1884 665 1937 τοῦ
700 1884 852 1951 ἁγίου
887 1884 1198 1954 Ιίνεύματος
1218 1925 1233 1948 ,
1263 1883 1357 1953 τὴν
1393 1882 1651 1950 λέγουσαν
1669 1898 1684 1911 ⁶

124 1976 299 2045 Φωνὴ
326 1976 542 2043 Kvplov
572 1972 1024 2043 καταρτιζομένη
1061 1972 1325 2042 ἐλάφους
1344 1989 1358 2004 ⁶
1395 1972 1488 2026 τοῦ
1512 1974 1690 2025 εἰπόν-

130 2088 220 2133 τος
251 2073 360 2132 τοῖς
383 2066 545 2122 αὐτοῦ
583 2067 785 2131 δούλοις
812 2068 906 2120 καὶ
933 2066 1245 2131 ἀποστόλοις
1264 2083 1277 2097 ·
1324 2065 1482 2120 Ἰδοὺ
1514 2064 1692 2119 δέδω-

127 2177 206 2215 κα
258 2159 396 2229 ὑμῖν
449 2159 561 2228 τὴν
596 2159 887 2222 ἐξουσίαν
922 2156 1132 2209 πατεῖν
1178 2156 1270 2209 ea:
1335 2154 1531 2223 ὄφεις,
1591 2153 1691 2207 καὶ

126 2253 458 2321 σκορπίους
488 2290 503 2314 ,
566 2249 669 2303 καὶ
720 2250 816 2302 ἐπὶ
876 2248 1082 2303 πᾶσαν
1125 2247 1239 2317 τὴν
1287 2247 1540 2315 δύναμιν
1586 2246 1691 2299 τοῦ

128 2343 363 2413 ἐχθροῦ.
392 2341 537 2413 Αὕτη
562 2340 669 2413 γάρ
707 2336 775 2411 ἦν
800 2341 832 2411 ἡ
863 2340 1068 2411 φωνὴή
1103 2338 1534 2411 καταρτιζομένη
1566 2338 1690 2390 ἐλά-

127 2452 264 2503 φους
286 2480 298 2497 ,
333 2436 365 2505 ἡ
392 2434 602 2487 δοθεῖσα
646 2434 727 2497 εἰς
756 2433 846 2486 τὸν
871 2432 1072 2502 κόσμον
1108 2430 1195 2484 διὰ
1222 2431 1329 2483 τῶν
1362 2430 1528 2500 ἁγίων
1558 2432 1694 2483 ἀπο-

126 2525 332 2579 στόλων
359 2524 450 2577 καὶ
476 2523 892 2591 εὐαγγελιστῶν,
924 2522 1306 2592 καταπατῆσαι
1334 2520 1431 2591 τὴν
1458 2519 1552 2572 τοῦ
1577 2519 1692 2572 δια-

125 2615 285 2667 ϐόλου
329 2612 696 2685 ἐναντιότητα.
742 2612 832 2678 Ἐξ
884 2605 959 2664 ὧν
990 2611 1193 2679 όᾶγιος
1228 2610 1478 2675 Ἰωάννης
1526 2609 1692 2680 ἀκρό-

136 2723 267 2759 ςαται
315 2705 611 2775 ἐπέστησε,
648 2703 740 2755 καὶ
771 2702 1015 2771 διήλεγξε
1066 2700 1157 2772 τὴν
1189 2699 1413 2769 δύναμιν
1445 2696 1551 2750 τῶν
1599 2714 1695 2750 περ

127 2799 508 2867 πλανημένων,
540 2796 634 2848 καὶ⁸
664 2795 1032 2865 ὀφιομόρφων.

202 2891 278 2942 B’.
332 2887 489 2941 Ἀλλά
513 2888 613 2940 οὐκ
651 2886 921 2956 ἰσχύουσιν
951 2886 1007 2937 ἐν
1032 2886 1095 2954 τῇ
1135 2881 1351 2952 κιϐωτῷ
1372 2883 1421 2935 οί
1444 2882 1692 2936 τοιοῦτοι.

1786 434 1922 498 toni,
1945 443 2037 488 aut
2071 434 2374 498 bituminis,
2404 445 2497 489 aut
2526 435 2755 495 sullitus,
2783 444 2876 488 aut
2901 444 3102 506 gagata:
3128 437 3341 506 lapidis,

1784 534 1877 579 aut
1920 527 2151 597 denique
2199 528 2401 583 cervini
2443 543 2613 582 cornu
2648 527 2866 581 odorem
2923 543 3031 582 non
3087 527 3341 582 sustinet.

1785 615 1880 672 llis
1909 618 2051 673 enim
2082 618 2240 672 rebus
2270 627 2546 688 serpentes
2578 635 2640 672 ac
2680 626 2971 672 venenatas
3002 619 3200 672 bestias
3227 620 3342 672 abi-

1783 711 1833 780 gi
1886 710 2157 779 proditum
2203 710 2269 763 ab
2320 710 2387 763 iis
2420 718 2522 773 est,
2555 712 2644 779 qui
2682 711 2733 764 id
2768 726 2867 764 usu
2907 710 3345 779 experientiaque

1784 798 2109 854 didicerunt.
2134 798 2285 867 Quod
2316 815 2444 854 vero
2477 800 2541 853 ad
2571 800 2904 853 dictamnum
2938 799 3187 869 pertinet,
3220 799 3345 853 inde

1783 903 1904 941 esse
1947 888 2149 941 dictum
2196 888 2438 957 plerique
2473 896 2730 951 censent,
2771 888 2913 957 quod
2950 886 3014 940 ad
3044 887 3346 956 parturiens

1784 979 1917 1032 tium
1968 978 2205 1034 remedia
2244 993 2272 1031 a
2311 979 2536 1035 medicis
2583 979 2887 1033 adhibetur.
2930 977 3107 1044 Quare
3155 979 3345 1032 merito

1784 1068 1839 1122 id
1865 1067 2047 1122 divino
2080 1065 2277 1129 Verbo,
2312 1066 2437 1131 Deo,
2459 1067 2697 1137 inquam,
2720 1067 2809 1137 qui
2839 1067 2903 1120 de
2930 1068 3065 1121 ccelo
3092 1066 3346 1135 delapsus

1784 1167 1866 1213 est
1886 1199 1900 1222 ,
1930 1166 1982 1214 et
2015 1174 2045 1212 a
2076 1157 2235 1213 Patre
2261 1160 2376 1214 sine
2402 1159 2514 1212 ullo
2543 1168 2781 1227 tempore
2807 1166 2910 1220 est,
2952 1165 3043 1210 aut
3070 1156 3227 1210 initio
3255 1171 3340 1226 ge-

1785 1250 1951 1309 nitus.
1988 1264 2017 1303 a
2057 1251 2215 1305 nobis
2239 1250 2699 1304 accommodatur.
2736 1247 2889 1315 Quod
2919 1265 3046 1304 vero
3087 1249 3342 1303 Salomon

1786 1341 1852 1395 de
1892 1341 2088 1395 stolida
2131 1356 2195 1399 ac
2244 1357 2473 1410 nequam
2508 1342 2732 1397 muliere
2765 1341 2937 1404 dicit,
2984 1340 3163 1395 odisse
3199 1340 3342 1393 illam

1786 1435 2095 1490 securitatis
2150 1449 2488 1499 sermonem;
2522 1435 2625 1491 hoc
2653 1433 2718 1487 ad
2760 1436 2896 1488 istos
2942 1432 3224 1487 transferri
3258 1448 3345 1502 po-

1786 1533 1912 1591 test,
1953 1524 2044 1593 qui
2083 1525 2311 1579 solidam
2340 1540 2402 1578 ac
2430 1534 2767 1579 constantem
2802 1524 3101 1577 doctrinam
3131 1523 3344 1592 penitus

1786 1614 2037 1671 oderunt.
2070 1614 2247 1668 Terrae
2273 1614 2537 1683 siquidem
2574 1613 2709 1668 allixi
2752 1621 2915 1677 sunt,
2943 1621 2996 1667 et
3034 1627 3062 1664 a
3110 1613 3339 1665 emlesti-

1787 1707 1889 1762 bus
1914 1706 2227 1761 abhorrent.
2254 1705 2490 1775 Ideoque
2523 1720 2709 1759 vocem
2738 1705 2882 1758 illam
2915 1704 3086 1757 sancti
3113 1701 3347 1771 Spiritus

1786 1798 2247 1866 perhorrescunt:
2300 1796 2412 1851 Vox
2458 1795 2669 1849 Domini
2714 1796 3061 1864 prwparantis
3099 1811 3271 1847 cervos
3302 1795 3344 1857 ¹;

1788 1889 1878 1958 qui
1920 1888 2134 1958 quidem
2162 1888 2333 1944 servis
2362 1890 2477 1942 suis
2507 1896 2561 1941 et
2590 1888 2847 1956 apostolis
2870 1888 3038 1941 dixit:
3068 1885 3200 1941 Ecce
3228 1886 3349 1940 dedi

1788 1978 1929 2033 vobis
1961 1986 2269 2047 potestatem
2300 1977 2543 2031 calcandi
2572 1992 2724 2043 super
2753 1987 3010 2046 serpentes
3041 1985 3087 2029 et
3120 1977 3349 2045 scorpio-

1789 2086 1877 2123 nes
1898 2109 1912 2132 ,
1958 2079 2006 2123 et
2046 2085 2202 2138 super
2229 2084 2430 2121 omnem
2459 2069 2699 2121 virtutem
2730 2069 2931 2120 inimici
2960 2069 3001 2120 ’.
3045 2066 3168 2121 Hac
3205 2068 3347 2121 enim
3444 2108 3459 2125 .

1791 2160 1881 2215 illa
1921 2176 2024 2214 vox
2056 2170 2173 2216 erat
2212 2175 2401 2215 cervos
2435 2175 2783 2231 praeparans,
2830 2175 2951 2230 qua:
2988 2174 3082 2228 per
3130 2166 3349 2214 sanctos

1790 2254 2069 2324 apostolos
2098 2262 2153 2309 et
2202 2253 2564 2322 evangelistas
2604 2266 2698 2321 per
2726 2249 2910 2305 orbem
2941 2258 3024 2304 est
3065 2248 3348 2317 dissipata.

1792 2347 1869 2400 uti
1909 2345 2111 2399 diaboli
2144 2344 2359 2399 hostilis
2389 2344 2455 2398 ad
2490 2341 2900 2412 repugnandum
2934 2340 3016 2395 vis
3044 2348 3096 2395 et
3125 2340 3350 2395 audacia

1791 2437 2219 2508 proculcaretur.
2258 2432 2362 2489 Sed
2402 2450 2467 2489 ex
2523 2432 2888 2503 apostolorum
2942 2446 3167 2485 numero
3217 2446 3355 2501 prae-

1792 2531 1949 2599 cipue
1984 2527 2220 2581 Joannes
2258 2526 2507 2590 exstitit,
2539 2524 2631 2594 qui
2664 2524 2902 2577 animum
2933 2522 3219 2576 intendens
3247 2537 3352 2576 ca-

1792 2633 1980 2672 eorum
2016 2618 2268 2678 istorum,
2299 2630 2362 2669 ac
2392 2612 2734 2683 serpentibus
2765 2611 3021 2667 similium
3059 2611 3350 2681 potentiam

1795 2708 2132 2779 reprimeret.
3305 2688 3318 2705 '

1862 2879 2025 2951 423
2064 2878 2128 2934 Il.
2167 2880 2485 2947 Quanquam
2512 2875 2644 2930 nihil
2673 2877 2935 2932 adversus
2967 2891 3147 2930 arcam
3188 2890 3356 2929 cona-

139 2980 525 3050 Ἐπιτρέπεται
559 2979 666 3048 γάρ
697 2978 725 3029 ό
765 2977 918 3045 ἀγιος
950 2974 1071 3027 Νῶε
1122 2974 1256 3029 κατά
1300 2974 1361 3026 τὸ
1397 2973 1548 3045 ῥῆμα
1580 2975 1685 3027 Κυ-

1802 2977 1884 3024 tus
1917 2971 2141 3023 istorum
2175 2968 2403 3038 proiicit.
2439 2967 2608 3034 Quam
2647 2968 2769 3022 ideo
2813 2967 3024 3022 munire
3052 2983 3113 3021 ac
3140 2967 3355 3023 ﬁrmare

129 3074 252 3145 ρίου
297 3068 766 3141 ἐπασφαλίσασθαι
804 3068 899 3137 τὴν
939 3067 1222 3136 τοιαύτην,
1269 3066 1345 3127 ὡς
1385 3065 1518 3134 φησὶ
1561 3065 1696 3137 πρὸς

126 3166 324 3219 αύτόνο
376 3160 817 3230 Ἀσφαλτὼσεις
844 3159 1036 3226 αὐτὴν
1060 3158 1306 3220 ἔσωθεν,
1330 3157 1429 3210 καὶ
1456 3156 1695 3219 ἔξωθεν-ο

126 3261 219 3311 ἵνα
249 3257 396 3330 δείξῃ
427 3256 486 3309 τὸ
514 3252 651 3317 εἶδος
679 3254 776 3323 τῆς
816 3251 977 3318 ἁγίας
1026 3250 1133 3319 (14)
1170 3250 1263 3302 τοῦ
1293 3247 1425 3302 θεοῦ
1471 3248 1699 3319 Ἐκκλη-

127 3352 260 3411 σὶας
280 3388 294 3412 ,
323 3346 551 3418 ἐχούσης
584 3348 684 3416 τῆς
716 3343 984 3412 ἀσφάλτου
1012 3342 1111 3412 τὴν
1147 3341 1374 3410 δύναμιν
1392 3382 1407 3406 ,
1434 3341 1532 3410 τὴν
1569 3339 1703 3392 ἀπο-

124 3441 432 3494 διώκουσαν
459 3439 526 3493 τὰ
552 3437 699 3491 δεινά
728 3438 821 3489 καὶ
848 3435 1101 3505 όλετὴρια
1127 3432 1403 3503 ἐρπετὼδη
1438 3431 1701 3500 διδάγμα-

125 3553 220 3587 τα.
264 3535 435 3587 Ὅπου
484 3530 591 3601 γὰρ
629 3529 886 3600 θυμιᾶται
930 3529 964 3595 ἡ
1002 3525 1303 3595 ἄσφαλτος,
1355 3524 1455 3576 οὐκ
1497 3520 1703 3593 ἰσχύσει

129 3627 328 3696 στῆναι
370 3626 510 3693 ὄφις.
553 3622 828 3693 Ἐκάρωσε
857 3620 1033 3674 τοίνυν
1068 3620 1288 3679 τούτους
1327 3616 1388 3668 τὸ
1426 3615 1579 3683 ἅγιον
1610 3613 1703 3666 θυτ

131 3719 315 3787 μξαμα
358 3716 452 3769 τοῦ
488 3714 783 3787 στύρακος,
819 3714 913 3765 καὶ⁸
943 3707 1333 3781 παραιτοῦνται
1373 3698 1579 3759 τούτου
1604 3705 1701 3775 τὴν

126 3809 301 3877 ὀδμὴν
323 3847 337 3869 ,
368 3807 459 3859 καὶ
500 3805 598 3876 τῆς
628 3802 919 3874 ἁϐροτόνου
946 3844 959 3865 ,
996 3800 1168 3853 εῑτουν
1200 3796 1520 3859 λιϐανίτιδος
1554 3797 1586 3867 η
1615 3795 1703 3848 δύ-

130 3917 299 3969 ναμις
318 3938 332 3960 ,
361 3898 479 3951 κατ’
508 3896 670 3949 αὐτοῦ
703 3895 796 3947 τοῦ
829 3894 1001 3963 ὄφεως
1031 3890 1365 3959 ὲπιφύσασα,
1396 3885 1703 3955 καὶξέπάνω

126 3992 227 4044 τοῦ
281 3988 487 4059 φωλεοῦ
541 3987 704 4041 αὐτοῦ
757 3986 1185 4054 ἐκδλαστήσασα.
1243 3979 1409 4033 Ἔνθα
1460 3978 1568 4049 γὰρ
1612 3977 1703 4031 τὸν

130 4083 368 4151 Χριστὸν
399 4082 462 4133 ἐκ
491 4079 831 4151 παρατριϐῆς
860 4076 1011 4147 ψιλὸν
1042 4074 1323 4143 ἄνθρωπον
1351 4072 1645 4141 ἐκήρυττεν
1674 4070 1703 4120 ὁ

143 4172 343 4225 Ἑϐίων
371 4172 464 4223 καὶ
492 4172 521 4223 ὁ
551 4169 848 4240 Κήρινθος,
901 4168 995 4219 καὶ
1041 4166 1090 4217 οἱ
1126 4164 1262 4233 ἀμφ’
1297 4162 1526 4223 αὐτοὺς,
1562 4159 1703 4229 φημὶ

128 4264 187 4317 δὲ
232 4264 290 4315 ἐν
332 4266 398 4333 τῇ
443 4260 633 4331 Ἀσίᾳ,
670 4260 784 4312 ἐκεῖ
818 4257 879 4310 τὸ
922 4254 1146 4325 Πνεῦμα
1188 4252 1252 4305 τὸ
1284 4252 1435 4318 ἀγιον
1465 4247 1702 4304 ἀνέτειλε

1799 3066 2020 3113 sanctus
2067 3055 2178 3110 Noe
2226 3056 2409 3109 divina
2459 3070 2591 3110 voce
2638 3063 3031 3109 commonetur.
3074 3054 3165 3109 Sic
3210 3057 3352 3109 enim

1800 3150 1939 3204 Deus
1970 3150 2238 3218 praecipit:
2275 3147 2451 3201 Linies
2481 3164 2596 3200 eam
2625 3147 2874 3201 bitumine
2908 3149 3047 3201 intus
3077 3157 3128 3202 et
3158 3148 3287 3215 foris
3308 3148 3352 3203 ⁸.

1799 3239 1868 3294 Ut
1889 3250 2089 3296 sanetae
2124 3239 2214 3295 Dei
2243 3239 2495 3294 Ecclesia:
2524 3240 2759 3309 speciem
2794 3240 3074 3309 praeberet,
3126 3255 3244 3309 quae
3270 3240 3360 3294 bi-

1799 3335 2021 3389 tuminis
2049 3335 2155 3386 vim
2208 3334 2403 3395 habet,
2433 3348 2537 3401 qua
2570 3334 2875 3402 pernicnesa
2904 3348 2967 3387 ac
3000 3330 3205 3386 letifera
3238 3346 3353 3386 ser-

1800 3431 2019 3493 pentum
2078 3425 2325 3492 dogmata
2382 3424 2786 3492 prOpulsantur.
2844 3420 3161 3491 Ubicunque
3210 3421 3355 3475 enim

1798 3518 2037 3571 bitumen
2075 3513 2312 3577 suﬂiunt,
2342 3515 2523 3567 nullus
2548 3514 2619 3566 ibi
2648 3528 2870 3581 serpens
2918 3521 3181 3567 moratur.
3215 3512 3356 3577 Quin

1799 3608 1959 3662 etiam
1984 3616 2172 3661 sancto
2209 3604 2439 3675 styracis
2467 3603 2655 3657 nidore
2691 3604 2998 3671 sepiuntur,
3036 3605 3193 3670 cujus
3224 3604 3359 3656 odo-

1800 3716 1912 3755 rem
1950 3699 2193 3769 fugiunt,
2229 3708 2289 3752 ut
2324 3706 2377 3751 et
2417 3697 2703 3759 abrotoni,
2741 3696 2853 3749 sive
2896 3695 3192 3749 libauitidis
3228 3695 3359 3758 vim,

1802 3790 1845 3845 si
1878 3805 2038 3859 supra
2069 3788 2336 3859 serpentis
2375 3787 2656 3839 latibulum
2705 3787 2913 3841 consita
2960 3787 3157 3850 fuerit,
3202 3796 3364 3855 atque

1801 3872 2097 3950 pullularit.
2132 3876 2343 3930 Etenim
2382 3877 2571 3930 iisdem
2615 3874 2720 3928 illis
2773 3876 2825 3929 in
2857 3876 3029 3939 locis.
3082 3878 3134 3930 in
3162 3877 3360 3946 quibus

1802 3971 2007 4025 nudum
2039 3967 2343 4029 hominem,
2401 3975 2454 4019 et
2499 3982 2563 4019 ex
2619 3968 2901 4035 utriusque
2939 3983 3100 4021 sexus
3130 3968 3361 4035 conjun-

1802 4062 1981 4113 ctione
2030 4065 2206 4111 satum
2263 4069 2388 4109 esse
2429 4053 2704 4108 Christum
2738 4054 2909 4110 Ebion
2957 4067 3013 4110 et
3066 4055 3360 4111 Cerinthus

1803 4166 1924 4205 cum
1956 4148 2071 4203 suis
2098 4162 2341 4202 asserere
2372 4145 2493 4199 ausi
2528 4153 2691 4209 sunt,
2732 4148 2835 4200 hoc
2862 4154 2946 4201 est
2988 4146 3040 4199 in
3078 4146 3226 4208 Asia,
3259 4147 3365 4200 ibi—

1804 4244 1925 4297 dem
1957 4239 2191 4310 Spiritus
2217 4244 2443 4294 sanctus
2475 4237 2621 4292 illam
2655 4237 2801 4291 velut
2830 4235 3051 4291 herbam
3080 4235 3363 4291 sanctissi-

127 4358 212 4427 τῷ
241 4329 427 4425 κόσμω
452 4329 653 4424 ταύτην
683 4352 780 4423 τὴν
813 4350 969 4418 ἁγίαν
992 4347 1241 4418 βοτάνην,
1282 4344 1454 4396 εῐτουν
1483 4341 1683 4409 θάμνον

1808 4349 1980 4399 mam,
2011 4342 2103 4386 aut
2154 4330 2403 4384 fruticem
2455 4329 2509 4383 in
2547 4329 2732 4383 orbem
2762 4330 2989 4392 extulit,
3025 4342 3132 4397 quo
3163 4335 3215 4383 et
3244 4342 3362 4383 ser-

128 4449 235 4516 τὴν
273 4445 645 4511 ἀποδιώξασαν
671 4445 759 4495 τὸν
787 4442 930 4510 ὅφιν,
966 4439 1060 4491 καὶ
1081 4436 1320 4489 λύσασαν
1343 4431 1440 4502 τὴν
1467 4428 1561 4483 τοῦ
1590 4428 1703 4480 δια-

128 4543 294 4594 ϐόλου
329 4538 637 4610 τυραννίδα.
690 4535 835 4587 Ἐκεῖ
865 4533 971 4602 γάρ
1019 4532 1046 4582 ὁ
1087 4529 1240 4596 ἆγιος
1294 4524 1543 4591 Ἰωάννης
1584 4518 1700 4590 μεθ’

128 4631 357 4705 ἡλικίαν
397 4629 674 4701 γηραλέαν
716 4625 1065 4695 ἐπιτρέπεται
1115 4619 1220 4673 ὑπὸ
1247 4616 1340 4669 τοῦ
1387 4613 1702 4705 Πνεύματος
1736 4658 1747 4667 .

127 4699 231 4775 τοῦ
262 4720 416 4788 ἁγίου
453 4699 686 4789 κηρύξαι
705 4756 719 4781 ,
764 4715 857 4767 καὶ
885 4709 1203 4781 ἀνακάμψαι
1231 4707 1356 4764 τοὺς
1384 4704 1441 4754 ἐν
1484 4705 1548 4771 τῇ
1597 4699 1702 4770 ὁδῷ

130 4810 628 4881 πεπλανημένους,
700 4807 761 4860 οὐ
833 4806 968 4876 μετά
1023 4802 1309 4868 ἀνάγκης,
1371 4793 1508 4848 άλλά
1569 4790 1704 4862 μετά

132 4906 532 4980 προαιρέσεως,
556 4907 670 4968 τοῖς
706 4901 1044 4972 πειθομένοις
1076 4891 1427 4962 ἀποκαλύψας
1470 4887 1605 4943 Θεοῦ
1644 4886 1705 4941 τὸ

215 5063 236 5093 ⁸
263 5060 409 5116 Psal.
441 5073 631 5122 xxvnt,
660 5055 714 5110 9.
786 5058 807 5088 ³
835 5053 965 5108 Luc.
1003 5068 1058 5114 χ,
1091 5050 1179 5105 16.
1255 5048 1277 5079 ⁸
1302 5046 1437 5103 Gen.
1465 5060 1545 5110 γι,
1578 5041 1671 5098 ﬂ.

210 5220 329 5289 (15)

133 5273 457 5358 serpentum
487 5286 819 5356 ἀλεξητήρια
853 5273 1052 5337 cecinit
1083 5273 1371 5334 Nicander.
1416 5273 1489 5329 De
1516 5278 1711 5343 gagate

133 5375 312 5431 porro
338 5377 352 5413 :

221 5477 478 5529 Ἀλλοτε
504 5471 556 5524 δ’
589 5467 846 5535 ἀζαλέην
878 5466 1061 5519 καίων
1084 5460 1399 5535 ἐγτάγτιδα
1428 5458 1670 5535 πέτρην,

220 5525 515 5601 ἐὗδε
543 5525 845 5609 κρατεροῖο
874 5536 1061 5603 πυρὸς
1100 5525 1508 5601 ,περικαίνυται
1534 5525 1709 5596 domi.

1770 4442 1938 4497 .pens
1976 4424 2285 4495 abigeretur
2315 4464 2329 4489 ,
2383 4432 2435 4476 et
2473 4421 2787 4490 tyrannicus
2826 4420 3024 4474 diaboli
3052 4420 3362 4474 dominatus

1805 4525 2155 4574 everteretur.
2214 4512 2329 4567 lllic
2374 4512 2639 4584 siquidem
2678 4514 2865 4568 beatus
2894 4511 3130 4567 Joannes
3172 4511 3362 4566 all‘ecta

1802 4609 1916 4678 jam
1932 4615 2088 4663 aetate
2116 4605 2411 4676 praedicare
2435 4606 2606 4660 sancti
2629 4604 2863 4673 Spiritus
2888 4604 3100 4659 hortatu
3119 4602 3362 4671 iubetur,

1805 4709 1856 4754 et
1877 4706 2121 4754 errantes
2152 4714 2181 4751 a
2206 4700 2292 4752 via
2320 4712 2610 4759 revocare,
2650 4711 2756 4750 non
2791 4703 2849 4748 ut
2875 4695 2928 4749 vi
2952 4710 3015 4749 ac
3042 4694 3367 4751 necessitate

1806 4800 2057 4860 cogeret,
2084 4789 2180 4845 sed
2210 4797 2270 4844 ut
2307 4798 2499 4859 sponte
2550 4805 2613 4841 ae
2647 4787 2889 4840 valentes
2929 4784 3236 4845 induceret,
3272 4784 3366 4839 iis-

1807 4886 2038 4954 demque
2074 4890 2263 4956 postea
2309 4882 2552 4936 divinum
2609 4877 2848 4933 caelestis
2870 4875 3141 4931 doctrinae
3184 4875 3371 4930 lumen

378 5219 438 5274 Ἠ
482 5216 590 5272 τοῦ
638 5214 811 5270 λίθου
866 5211 971 5266 τοῦ
1017 5210 1294 5280 γαγάτουξ.
1344 5204 1546 5280 Eadem
1598 5199 1711 5280 fere
1813 5197 1912 5280 τῇς
1944 5196 2145 5280 ᾼυκίας
2764 5184 2979 5280 Efﬂuit;
3202 5174 3364 5280 eis?

1943 5252 2167 5337 Δυκίας,
2187 5252 2284 5337 καὶ
2313 5258 2551 5337 Γαγγίδά
2574 5257 2756 5337 φασίν.
2775 5252 2914 5337 Plin.
2945 5255 2981 5306 l.
3002 5267 3255 5337 navie.
3274 5252 3359 5337 ιε.

1816 5319 2069 5405 ίῖἕιῇοιοε⁸
2096 5319 2232 5405 lapis
2258 5319 2682 5405 nomenAha'bet
2722 5326 2822 5379 loci
2863 5332 2916 5379 et
2958 5323 3133 5377 amnis
3165 5319 3361 5389 Gangis

1819 5398 2017 5477 Lyciae,
2044 5398 2374 5477 Diosc.‘l..hv,
2404 5414 2451 5452 c.
2474 5398 2627 5477 βε)..-
2773 5462 2798 5473 ~

1889 5462 2172 5543 (14),"Ira
2213 5469 2379 5543 δείξῃ
2426 5468 2493 5543 τό
2537 5462 2695 5543 ε-ἷδος
2728 5462 2833 5543 τῇς
2876 5463 2913 5516 ἁ

2962 5464 3063 5527 ἔας.
3110 5456 3359 5511 Eamdem

1889 5481 1998 5543 (H)
2035 5481 2172 5553 ξιγα
2213 5481 2379 5550 δείξῃ
2426 5481 2493 5521 το
2537 5481 2695 5532 staec
2728 5482 2833 5531 της
2876 5481 3014 5587 αἶγα

1821 5562 1962 5600 arcte
2002 5540 2409 5599 sumtlttudtnem
2460 5537 2700 5594 declarat
2744 5536 2880 5605 Aug.
2943 5534 3014 5587 ib.

3065 5545 3135 5584 XII
3177 5537 3363 5581 contra

133 5636 251 5696 Ubi
297 5635 483 5692 Schol.
518 5650 531 5686 :
564 5631 679 5699 Τὴν
722 5631 972 5700 γαγγίτιν
1011 5626 1189 5680 λίθον·
1240 5626 1297 5678 ἐν
1331 5622 1567 5693 Γάγγαις
1608 5618 1680 5690 γὰ

1824 5615 2038 5680 Faust.,
2067 5628 2117 5667 c.
2152 5610 2238 5664 14.
