3750 6200
445 202 542 277 sat
1837 224 1894 282 s.
1936 224 2275 282 EPIPHANII
3554 229 3624 287 ιιι

447 329 767 401 impertiret.
816 327 1018 387 Verum
1053 333 1188 403 quid
1223 349 1325 405 ego
1369 334 1437 390 de
1470 349 1534 390 ea
1583 351 1643 391 re
1669 334 1878 392 diutius
1908 339 1928 392 ε

2140 326 2248 409 φῶς
2264 378 2281 405 ,
2310 338 2371 393 τὸ
2404 339 2463 393 ὲν
2481 339 2549 411 τῇ
2575 336 2704 409 ἀγίᾳ
2731 335 2864 391 Θεοῦ
2892 334 3220 408 διδασκαλίᾳ.
3259 335 3397 390 Ἀλλ’
3420 336 3511 401 ἕως
3534 345 3621 395 dm

448 423 620 491 puto?
682 421 1007 495 Quicunque
1062 427 1207 481 enim
1258 430 1312 482 in
1364 443 1432 482 eo
1493 428 1614 483 loco
1665 439 1880 494 manet,
1927 448 1929 457 π

2137 432 2352 503 μηκύνω
2384 430 2473 484 τὸν
2502 430 2691 499 λόγον;
2741 429 2849 483 Καὶ
2882 427 2989 500 γάρ
3034 427 3112 498 τῷ
3142 427 3352 498 μένοντι
3384 428 3503 481 ὅπου
3533 432 3618 484 ἀνι-

446 515 775 571 abrotonum
803 518 1076 573 consitum
1105 527 1207 582 est,
1238 520 1421 575 nullus
1453 520 1526 575 ibi
1558 521 1796 575 manebit
1818 521 1924 575 late

2137 525 2230 595 ρυῇ
2256 522 2543 594 ἀδρότονος
2562 563 2576 589 ,
2609 523 2725 574 ἐκεῖ
2757 519 2877 588 ὄφις
2908 518 3087 572 οὐκέτι
3131 517 3509 587 ὲγκαταμένει,
3539 520 3618 572 οὔτε

446 622 554 675 que
582 622 827 677 serpens.
863 608 958 664 Sic
993 610 1083 665 ubi
1137 626 1265 665 vera
1307 622 1391 666 est
1424 611 1518 666 Dei
1546 611 1795 666 doctrina
1820 632 1844 677 ,ο
1875 628 1927 666 ιιι

2137 614 2454 685 ὲμφωλεύει.
2485 615 2594 667 Καὶ
2629 608 2771 666 ⁴ὄινιου
2816 611 2949 665 θεοῦ
2996 609 3198 681 ἀληθὴς
3237 608 3554 672 διδασκαλία.
3583 614 3618 665 οἰ

449 708 729 755 venenata:
780 701 1043 757 doctrina:
1095 703 1301 757 latebra
1354 706 1465 758 vim
1499 704 1720 759 habebit
1766 705 1930 774 aliqu:

2135 706 2441 776 κατισχύσει
2477 705 2892 775 κατοικητήριον
2938 698 3275 773 ὲρπετώδους
3327 700 3616 767 διδασκσλῂς,

449 791 545 845 sed
576 790 824 848 funditus
854 794 1088 849 occidet.

2127 799 2263 853 ἀλλά
2297 799 2580 853 διόλλυται.

520 880 608 937 Ill.
648 882 774 940 Haec
810 885 975 953 igitur
997 887 1288 957 Alogorum
1330 895 1414 942 est
1457 886 1678 957 Opinio:
1724 902 1849 941 nam
1882 885 2001 957 ejus

2198 894 2273 946 I".
2303 891 2572 944 Φάσκουσι
2603 888 2780 943 τοίνυν
2809 888 2858 940 οί
2886 887 3122 955 Ἀλογοι·
3145 886 3349 957 ταύτην
3374 887 3470 956 γὰρ
3492 887 3617 949 αὐτοῖς

451 975 599 1029 modi
637 977 717 1032 eis
750 992 947 1032 nomen
982 979 1337 1049 imponimus,
1374 996 1474 1035 nec
1514 995 1546 1033 a
1583 980 1744 1035 nobis
1771 980 1931 1034 deinc

2136 984 2318 1055 τίθημι
2348 983 2445 1053 τὴν
2485 980 2819 1052 ἐπωνυμίαν.
2865 979 2997 1031 ’Λπὸ
3044 979 3149 1049 γάρ
3188 979 3291 1048 τῆς
3325 975 3470 1048 δεῦρο
3504 977 3617 1041 οὕτως

452 1068 612 1121 aliter
639 1071 870 1125 vocandi
919 1080 1068 1127 sunt.
1103 1071 1169 1126 Et
1201 1088 1299 1128 vos
1354 1088 1591 1136 mecum,
1638 1087 1671 1126 ο
1696 1071 1927 1127 charissi

2137 1078 2493 1150 κληθήσονται
2519 1094 2534 1108 ο
2564 1076 2659 1129 καὶ
2682 1073 2884 1138 οὕτως,
2942 1071 3248 1143 ἀγαπητοὶ,
3300 1070 3541 1141 ἐπιθῶμεν
3561 1073 3618 1124 αὑ-

454 1158 655 1228 Alogos
711 1159 835 1214 illos
890 1162 1189 1218 nominate.
1242 1163 1485 1230 Quorum
1543 1161 1770 1216 haeresis
1805 1160 1935 1215 Joan

2138 1173 2241 1234 τοῖς
2276 1170 2451 1241 ὄνομα
2474 1209 2489 1231 ,
2525 1168 2800 1222 τουτέστιν
2836 1166 3074 1234 Ἀλογοι.
3100 1162 3258 1236 Εἶχον
3291 1162 3396 1235 γὰρ
3418 1162 3502 1233 τὴν
3523 1165 3619 1233 αἶρε-

455 1250 626 1307 libros
654 1253 923 1322 repudiat.
952 1254 1317 1320 Quamobrem
1342 1271 1467 1310 cum
1494 1253 1731 1309 Verbum
1764 1269 1795 1309 a
1822 1252 1936 1309 Joat

2136 1281 2217 1318 σιν
2239 1263 2602 1334 καλουμένην,
2625 1260 2926 1315 ἀποϐάλλου
2935 1276 3033 1313 σαν
3071 1260 3317 1312 Ἰωάννου
3339 1258 3432 1320 τάς
3451 1257 3617 1326 βίϐλοκ.

456 1341 808 1412 praedicatum
840 1354 1118 1417 respuant,
1153 1348 1330 1417 Alogi,
1368 1347 1471 1401 hoc
1496 1354 1580 1402 est
1607 1360 1637 1398 a
1664 1343 1843 1400 Verbo
1869 1344 1937 1398 ali

2144 1358 2297 1412 Ἐπεὶ
2325 1353 2417 1409 οῦν
2458 1355 2550 1409 τὸν
2582 1354 2751 1424 Λόγον
2782 1353 2842 1406 οὐ
2871 1352 3113 1423 δέχονται
3151 1351 3245 1405 τὸν
3272 1350 3416 1419 παρά
3445 1351 3619 1401 Ἰωάννου

458 1436 809 1506 nuncupandi
842 1446 992 1493 sunt.
1024 1438 1165 1510 Ergo
1189 1438 1263 1494 illi
1298 1454 1330 1492 a
1354 1438 1603 1493 doctrina
1636 1435 1885 1491 veritatis
1913 1435 1939 1489 τι

2139 1444 2563 1519 κεκηρυγμένον,
2604 1442 2822 1511 ’Λλογοι
2846 1441 3227 1513 κληθήσονται.
3268 1438 3529 1509 ’Λλλὸτριοι
3553 1440 3620 1489 τοὶ-

456 1526 607 1583 ditus
637 1528 995 1585 abhorrentes
1049 1530 1321 1585 sinceram
1367 1530 1525 1584 tidem
1570 1526 1878 1598 abnegant,
1934 1542 1937 1580 :

2140 1552 2227 1590 νυν
2281 1533 2625 1588 παντάπασιν
2676 1531 3011 1602 ὑπάρχοντες
3053 1528 3147 1581 τοῦ
3200 1526 3523 1599 κηρύγματος
3561 1527 3621 1593 τῆς

458 1618 685 1675 Joannis
729 1621 1114 1693 Evangelium,
1150 1633 1244 1677 aut
1294 1620 1660 1701 Apocalypsin
1707 1619 1939 1690 approba

2140 1626 2426 1699 ἀληθείας,
2473 1624 2760 1697 ἀρνοῦνται
2803 1623 2865 1676 τὸ
2902 1622 3138 1695 καθαρὸν
3182 1618 3275 1674 τοῦ
3332 1618 3619 1690 κηρύγματα,

461 1714 624 1783 Atqui
666 1714 711 1769 si
756 1714 1080 1787 Apocalypsi
1137 1696 1402 1770 duntaxat
1447 1714 1650 1783 reiecta
1687 1711 1942 1782 Evangeli

2254 1719 2378 1775 οὔτε
2407 1719 2468 1773 τδ
2495 1695 2588 1773 τοῦ
2629 1718 2873 1772 Ἰωάννου
2905 1715 3239 1785 Εὑαγγέλιον
3274 1712 3523 1783 δέχονται,
3546 1710 3621 1762 οὒτε

459 1805 833 1871 admitterent,
876 1806 985 1861 dici
1018 1806 1071 1860 id
1108 1814 1332 1878 possent
1370 1805 1557 1861 subtili
1588 1803 1824 1875 quodam
1857 1808 1912 1857 et

2142 1815 2239 1887 τὴν
2290 1811 2453 1867 αὐτοῦ
2511 1809 2894 1879 ’Λποκάλυψιν.
2955 1809 3066 1863 Καὶ
3121 1809 3169 1860 εί
3218 1806 3319 1877 μὲν
3354 1805 3553 1875 ἐδέχοντο
3586 1806 3621 1856 τὸ

461 1907 655 1954 curato
689 1898 897 1969 judicio
945 1897 1175 1963 fecisse,
1218 1906 1278 1952 ut
1323 1896 1631 1968 apocrypha
1680 1908 1942 1964 respueret

2144 1906 2475 1976 Εὑαγγέλιον
2504 1903 2616 1974 (15)
2639 1944 2654 1969 ,
2689 1904 2790 1975 τὴν
2828 1902 2885 1956 δὲ
2930 1898 3297 1968 ’Λποκάλυψιν
3324 1896 3620 1957 exessum,

464 1992 609 2062 quod
658 1993 913 2063 pleraque
963 1991 1017 2045 in
1079 1989 1405 2060 Apocalypsi
1447 1987 1747 2044 altissimos
1787 1994 1841 2040 et
1877 1983 1945 2056 ω

2145 1999 2403 2070 ἐλέγομεν
2428 1997 2517 2062 ἂν,
2559 1997 2637 2068 μὴ
2690 1996 2768 2067 πῆ
2812 1996 2921 2066 ἄρα
2966 1994 3106 2049 κατά
3136 1989 3496 2064 ἀκριϐολογίαν
3522 1987 3622 2041 772a

461 2084 733 2139 obscuros
761 2100 956 2139 sensus
983 2084 1241 2138 habeant.
1274 2080 1380 2136 Sed
1410 2096 1533 2135 cum
1564 2079 1849 2134 universos
1873 2075 1940 2130 Jo

2145 2090 2458 2152 ποιοῦνται,
2524 2088 2838 2160 ἀπόκρυφον
2884 2086 2960 2158 μὴ
2991 2085 3302 2156 δεχόμενοι,
3329 2081 3413 2134 διὰ
3445 2080 3499 2133 τά
3527 2082 3622 2147 ὲντῇ

466 2176 555 2231 nis
596 2175 767 2231 libros
798 2176 1018 2248 praprie
1051 2175 1326 2243 rejiciant,
1367 2172 1619 2228 dubitare
1651 2188 1809 2227 nemo
1841 2179 1947 2242 pote

2159 2179 2520 2251 ’Λποκαλύψει
2553 2178 2762 2251 βαθέως
2793 2178 2887 2232 καλ⁸
2911 2174 3197 2237 σκοτεινῶς
3227 2172 3499 2244 εἰρημέναι

464 2270 600 2338 quin
625 2268 690 2333 ii,
732 2284 1033 2339 eorumque
1059 2268 1267 2323 similes
1288 2308 1303 2332 ,
1366 2268 1445 2322 illi
1477 2266 1581 2337 ipsi
1615 2264 1726 2319 sint
1751 2304 1766 2324 ,
1804 2279 1945 2334 quor

2146 2276 2205 2331 δὲ
2244 2276 2304 2329 οὐ
2361 2274 2606 2346 δέχονται
2642 2272 2800 2342 φύσει
2842 2269 2911 2325 τὰ
2940 2266 3238 2342 βιϐλία.τά
3286 2265 3389 2318 ἀπὺ
3419 2263 3495 2316 τοῦ
3522 2262 3622 2329 ἄγξω

470 2361 525 2415 in
572 2359 866 2417 Catholicis
908 2354 1169 2431 Epistolis
1205 2357 1443 2414 Joannes
1510 2357 1796 2413 meminit:
1850 2354 1951 2411 Νοι

2160 2368 2405 2422 Ἰωάννου
2444 2366 2827 2438 κεκηρυγμένα
2852 2405 2868 2430 ,
2910 2362 3071 2417 παντί
3125 2380 3203 2432 τῳ
3251 2358 3400 2430 δῆλον
3441 2356 3535 2424 εἴη,
3574 2355 3623 2405 im

469 2453 607 2506 sima
638 2451 768 2505 hora
814 2462 925 2517 est,
963 2452 1177 2523 inquit,
1208 2462 1260 2506 et
1309 2451 1535 2505 audistis
1560 2490 1577 2516 ,
1604 2450 1853 2521 quoniam
1883 2448 1950 2502 Αι

2148 2452 2293 2513 οὗτοί
2348 2460 2454 2512 εἰσι
2508 2458 2603 2511 καὶ
2638 2459 2686 2510 οἱ
2716 2457 2890 2527 ὅμοιοι
2937 2452 3176 2516 τούτοις,
3212 2448 3341 2520 περὶ
3372 2440 3437 2499 ὧν
3481 2440 3624 2496 εἶπενέ

468 2542 698 2597 ciuiuus
730 2545 864 2599 venit
889 2560 907 2607 ;
933 2553 982 2598 et
1013 2560 1149 2597 nunc
1175 2560 1288 2598 ecce
1330 2543 1634 2598 antichristi
1667 2542 1820 2596 multi
1855 2544 1895 2605 ί,
1934 2558 1949 2597 ι

2149 2551 2303 2619 ἀγιος
2343 2549 2596 2620 Ἰωάννης
2647 2549 2705 2601 ὲν
2741 2550 2859 2611 ταῖς
2888 2544 3201 2606 καθολικαῖς
3236 2539 3554 2600 Ἐπιστολαῖς.
3575 2537 3622 2588 'm

470 2634 796 2707 Quanquam
839 2637 917 2691 illi
952 2636 1200 2691 nonnihil
1235 2637 1302 2690 ad
1340 2634 1708 2691 excusandam
1744 2650 1899 2690 suam
1946 2652 1951 2686 :

2162 2640 2424 2712 Ἐσχὰτη
2448 2640 2570 2711 ὥρα
2610 2640 2763 2705 ἐστὶ,
2818 2639 2917 2693 καὶ
2946 2638 3271 2706 ἠκούσατε,
3302 2633 3385 2687 ὅτι
3418 2632 3621 2696 Ἀππί-

474 2728 685 2783 daciam
722 2737 991 2783 conantur
1044 2728 1256 2783 aﬂ‘erre.
1290 2726 1461 2783 Pudet
1488 2728 1631 2782 enim
1670 2727 1845 2798 palam
1877 2727 1955 2782 be:

2151 2749 2297 2798 στος
2326 2734 2588 2802 ἔρχεται·
2612 2732 2708 2785 καί
2740 2729 2857 2785 νῦν
2889 2728 3016 2783 ίδοὺ
3053 2726 3413 2795 ἀντίχριστοι
3457 2718 3619 2775 πολλοὶ.

473 2817 671 2875 Joanni
696 2820 1093 2887 contradicere,
1120 2820 1266 2890 quod
1297 2826 1353 2875 et
1387 2820 1563 2891 ipsum
1591 2820 1732 2876 inter
1769 2830 1954 2893 aposto

2153 2825 2246 2880 καὶ
2270 2825 2337 2879 τά
2366 2824 2512 2895 ἑξῆς.
2547 2822 2977 2896 Προφασίζονται
3010 2819 3117 2891 γὰρ
3143 2814 3312 2881 οῦτοι,
3345 2813 3619 2883 aiapvtpm

476 2912 647 2968 fuisse
676 2920 1019 2967 numeratum
1053 2952 1067 2975 ,
1092 2921 1146 2967 et
1175 2927 1204 2965 a
1228 2911 1457 2967 Domino
1483 2912 1754 2984 praecipue
1790 2913 1952 2968 dilect

2153 2914 2451 2985 ἀντιλέγειν
2492 2913 2571 2984 τῷ
2604 2914 2741 2985 ἁγίῳ
2789 2912 3005 2983 Ἰωάννῃ
3053 2910 3142 2964 διά
3188 2909 3254 2962 τὸ
3300 2906 3473 2960 εἰδέναι
3498 2902 3620 2961 αὐτοὺς

477 3020 586 3059 non
614 3002 905 3069 dubitent;
940 3005 1034 3075 qui
1063 3012 1118 3059 et
1139 3019 1296 3059 sacra
1331 3006 1589 3076 mysteria
1627 3020 1725 3076 pro
1748 3004 1826 3060 rei
1864 3004 1954 3075 dig

2155 3007 2248 3060 καί
2286 3006 2446 3060 αὑτὸν
2474 3007 2531 3059 ὲν
2558 3004 2776 3077 ἀριθμῷ
2799 3003 2906 3057 τῶν
2934 3000 3252 3057 ἀποστόλων
3280 3000 3418 3062 ὄντα,
3446 2996 3518 3047 καὶ
3537 2994 3621 3058 ἡγι-

2185 3115 2221 3116 ,,
2288 3097 2394 3116 ια,
2442 3099 2455 3116 ι
2503 3097 2529 3116 ,\
2589 3096 2675 3116 _,-
2715 3096 2919 3116 If._-!-,.
2955 3111 2968 3116 -
3011 3093 3068 3116 Ι-
3114 3090 3277 3116 λιες---
3326 3088 3388 3116 -.1.
3440 3086 3619 3116 ...α-..ιω

478 3105 589 3153 tate
630 3096 924 3167 patefecit,
959 3108 1013 3152 et
1061 3112 1224 3165 supra
1281 3096 1493 3152 Domini
1546 3107 1735 3168 pectus
1781 3097 1959 3151 incubt

2154 3097 2396 3169 πημένον
2434 3097 2539 3151 ὑπὸ
2584 3096 2678 3150 τοῦ
2715 3096 2923 3165 Κυρίου
2955 3111 2969 3126 ’
3008 3093 3069 3158 ὃς
3108 3090 3277 3156 ἀξίως
3325 3088 3391 3142 τὰ
3439 3086 3621 3157 FW?“

477 3189 660 3256 Quare
717 3189 875 3242 aliam
931 3189 1364 3243 damnandorum
1432 3189 1659 3259 apostoli
1720 3189 1956 3259 scriptor

2154 3188 2468 3259 ἀπεκάλυψε
2494 3229 2510 3254 ,
2544 3190 2639 3243 καὶ
2671 3188 2763 3242 ἐπὶ
2798 3187 2860 3242 τὸ
2891 3186 3082 3258 στῆθος
3126 3183 3295 3239 αὐτοῦ
3332 3182 3537 3237 ἀνέπεσε.
3559 3175 3623 3228 Καὶ

478 3294 702 3334 causam
747 3280 1041 3334 commenti
1074 3287 1222 3334 sunt.
1276 3278 1485 3350 Negant
1515 3280 1631 3334 haec
1657 3278 1885 3335 Joannis
1910 3295 1959 3334 es

2158 3284 2360 3355 ἑτέρως
2411 3281 2551 3336 αὑτά
2601 3280 2925 3353 ἀνατρέπειν
2976 3276 3299 3349 πειρῶνται.
3337 3273 3527 3340 Λέγουσι
3562 3268 3623 3335 Ti?

476 3379 534 3425 et
560 3369 822 3424 Cerintho
849 3369 1130 3435 tribuunt;
1163 3384 1264 3425 nec
1291 3386 1413 3426 esse
1447 3368 1607 3441 digna
1648 3377 1882 3440 putant,
1933 3386 1957 3440 q

2160 3377 2235 3447 μὴ
2268 3370 2407 3429 εἶναι
2456 3374 2597 3428 αὑτὰ
2634 3372 2881 3426 Ἰωάννου
2908 3412 2922 3435 ,
2956 3368 3092 3423 ἀλλά
3141 3366 3409 3439 Κηρίνθου
3429 3380 3441 3394 ο
3475 3362 3544 3415 καὶ
3566 3360 3622 3409 οὐκ

479 3462 552 3515 ab
575 3460 817 3517 Ecclesia
854 3462 1173 3532 probentur.

2156 3466 2284 3532 ἄξια
2322 3467 2461 3521 αὑτά
2489 3482 2652 3535 φασιν
2684 3459 2821 3518 εῖναι
2854 3466 2911 3515 ὲν
2959 3460 3276 3532 Ἐκκλησία.

560 3552 647 3607 ιν.
674 3551 876 3608 Verum
913 3554 997 3609 vel
1049 3554 1154 3608 hoc
1194 3554 1314 3623 ipso
1343 3554 1426 3608 sui
1460 3561 1690 3609 conatus
1724 3553 1885 3607 initio
1921 3568 2041 3608 con-

2227 3556 2304 3611 A'.
2345 3556 2456 3610 Καὶ
2478 3556 2572 3609 ἀπ’
2604 3554 2775 3624 αὐτῆς
2798 3554 2895 3624 τῆς
2924 3552 3178 3623 ἐπιϐολῆς
3208 3550 3369 3613 εὐθὺς
3391 3547 3624 3615 ἐλέγχονται.

485 3644 812 3710 vincuntur,
858 3660 961 3699 nec
1015 3642 1146 3715 quid
1202 3642 1392 3697 dicant
1451 3644 1796 3713 intelligere,
1834 3659 1935 3698 nec

2162 3650 2302 3721 μήτε
2339 3649 2375 3703 ἃ
2405 3649 2654 3717 λέγουσιν
2686 3646 2965 3710 νοοῦντες,
2995 3645 3132 3717 μήτε
3171 3644 3303 3717 περὶ
3345 3642 3481 3695 τίνων
3510 3636 3626 3690 5,15,.

483 3737 688 3808 quibus
715 3735 980 3792 aliirment
1004 3738 1046 3792 ¹.
1096 3736 1200 3804 Qui
1228 3736 1376 3793 enim
1409 3736 1525 3791 ﬁeri
1554 3744 1732 3806 potest
1757 3776 1772 3798 ,
1802 3746 1860 3790 ut
1891 3736 1964 3790 Ine

2161 3735 2457 3790 σαιοῦνται.
2488 3734 2613 3798 Πῶς
2637 3734 2744 3807 γάρ
2771 3733 2924 3787 ἔσται
2956 3732 3231 3805 Κηρίνθου
3265 3731 3331 3785 τά
3356 3729 3477 3785 κατὰ
3498 3725 3625 3794 Κῃρέγ

483 3828 748 3885 Cerintho
786 3829 989 3901 scripta
1025 3829 1177 3895 sint,
1232 3844 1354 3900 quae
1405 3828 1664 3884 Cerintho
1714 3828 1961 3899 potissim

2161 3827 2254 3882 θου
2310 3828 2574 3896 λέγοντα;
2620 3826 2893 3898 Κήρινθος
2935 3825 3046 3896 γὰρ
3091 3825 3394 3897 πρόσφατον
3438 3821 3511 3873 καὶ
3532 3817 3626 3884 Wa

489 3920 820 3989 repugnent?
854 3917 951 3975 Hic
972 3920 1116 3975 enim
1147 3927 1421 3975 recentem
1451 3934 1516 3973 ac
1541 3919 1752 3973 nudum
1786 3918 1970 3972 homin

2158 3920 2251 3973 τὸν
2279 3919 2513 3992 Χριστὸν
2544 3918 2656 3990 ἔχει
2688 3918 2784 3973 άνθ
2796 3936 2993 3990 ρωπον.
3035 3918 3093 3971 ’0
3134 3918 3191 3970 δὲ
3241 3916 3466 3992 Ἰωάννης
3493 3908 3625 3964 atii?-

483 4025 611 4065 esse
652 4010 927 4066 Christum
983 4011 1239 4066 asseruit.
1282 4010 1489 4065 Contra
1511 4008 1751 4064 Joannes
1802 4026 1964 4080 perpe

2161 4029 2228 4066 τα
2268 4011 2359 4064 τὸν
2404 4010 2575 4080 Λόγον
2618 4011 2921 4081 κεκήρυχε,
2970 4008 3066 4063 καὶ
3109 4008 3315 4063 ἀνωθεν
3348 4008 3542 4077 ἥκοντα.
3574 3997 3626 4047 καὶ

490 4102 659 4157 fuisse
689 4101 949 4169 Verbum,
983 4110 1148 4172 atque
1175 4094 1209 4157 'e
1240 4102 1381 4156 caelo
1417 4101 1722 4170 delapsum,
1755 4108 1809 4154 et
1841 4115 1971 4155 carn

2164 4102 2535 4175 σαρκωθέντα.
2577 4103 2696 4155 Ἀπ’
2720 4102 2889 4173 αὐτῆς
2912 4101 3091 4155 τοίνυν
3114 4100 3213 4171 τῆς
3244 4097 3465 4166 είσὸολῆς
3484 4092 3628 4161 ἔλθετ’

487 4210 610 4251 esse
648 4194 849 4249 factum
872 4195 1206 4264 pronuntiat.
1236 4194 1507 4261 Quocirca
1539 4193 1721 4248 statim
1749 4192 1898 4247 aditu
1941 4194 1968 4262 il

2165 4210 2290 4247 κται
2330 4194 2363 4264 ἡ
2416 4192 2620 4246 τούτων
2671 4190 3203 4262 ματαιοσυκοφαντία
3245 4188 3409 4261 μωρία
3434 4201 3500 4246 τις
3529 4177 3626 4233 oin.

490 4286 943 4357 deprehenditur.
978 4303 1172 4341 vanam
1206 4288 1438 4342 istorum
1480 4285 1856 4340 calumniandi
1896 4286 1971 4339 lio

2166 4282 2261 4335 καὶ
2298 4281 2372 4352 μὴ
2421 4280 2617 4335 νοοῦσα
2654 4279 2817 4334 πόθεν
2852 4279 3205 4349 διελέγχεται.
3238 4274 3443 4330 Δοκοῦσι
3464 4272 3545 4340 γὰρ
3572 4265 3629 4318 καὶ

488 4382 621 4435 tiant
645 4396 847 4435 meram
879 4396 999 4434 esse
1022 4380 1330 4443 stultitiam,
1360 4394 1461 4435 nec
1485 4380 1628 4434 unde
1656 4379 1906 4451 redargui
1933 4397 1969 4451 p

2167 4374 2320 4428 αὐτοὶ
2349 4372 2421 4427 τά
2468 4372 2559 4428 ἴσα
2606 4375 2737 4444 ἡμῖν
2768 4371 3076 4425 πιστεύεινο
3121 4372 3196 4442 μὴ
3229 4363 3562 4438 κατέχοντεςδὲ
3590 4358 3629 4409 τά

490 4474 565 4528 sit
592 4473 729 4529 satis
767 4474 1232 4538 animadvertere;
1271 4487 1395 4527 nam
1433 4473 1511 4527 illi
1543 4473 1825 4527 nobiscum
1865 4473 1971 4527 alio

2169 4465 2382 4536 ἀσφαλῆ
2430 4464 2524 4519 τοῦ
2575 4466 2639 4519 ὲκ
2682 4464 2817 4519 Θεοῦ
2864 4464 3301 4543 οίκονομηθέντος
3338 4462 3450 4531 ἡμῖν
3489 4454 3555 4508 διὰ
3574 4454 3628 4503 τοῦ

492 4566 679 4621 eadem
714 4581 779 4622 ac
810 4566 961 4637 paria
1001 4567 1202 4623 sentire
1229 4566 1502 4621 videntur.
1541 4564 1647 4621 Sed
1679 4580 1801 4620 cum
1837 4565 1904 4619 ad
1939 4583 1973 4635 ο,

2170 4559 2325 4627 ἀγίου
2394 4559 2639 4612 Ἰωάννου
2676 4556 3059 4630 κηρύγματος,
3099 4556 3459 4627 εὑρεθήσονται
3498 4547 3630 4608 διελεῖ·

492 4652 780 4720 doctrinae,
812 4636 977 4726 quam
1020 4672 1114 4727 per
1137 4656 1357 4710 beatum
1391 4654 1653 4709 Joannem
1693 4654 1875 4709 divina
1909 4671 1973 4710 no

2171 4651 2389 4722 χόμενοι
2411 4652 2467 4704 ὲν
2503 4644 2584 4713 οἷς
2608 4649 2880 4719 ἀγνοοῦσι,
2910 4649 3025 4713 πῶς
3055 4649 3192 4703 κατά
3219 4648 3314 4719 τὴν
3336 4645 3423 4713 τῆς
3458 4636 3630 4708 ἀληθεὲας

494 4747 761 4817 sapientia
790 4744 1046 4816 providit,
1092 4744 1417 4800 soliditatem
1460 4759 1801 4815 nequaquam
1830 4743 1975 4799 adita

2173 4743 2487 4814 ἐπαίρονται
2517 4741 2736 4810 γνῶσιν.
2770 4742 2880 4795 Καὶ
2908 4741 3003 4795 ὲάν
3029 4757 3093 4809 γε
3122 4740 3403 4811 θελήσωσιν

495 4848 671 4900 scant,
695 4839 751 4892 in
772 4839 839 4893 iis
864 4853 986 4908 qua:
1013 4838 1263 4893 nesciunt
1292 4845 1483 4891 contra
1506 4838 1751 4893 veritatis
1776 4837 1976 4892 scienti:

2171 4836 2265 4890 καὶ
2296 4835 2648 4905 κατανοῆσαι,
2678 4832 2996 4902 γνώσονται.
3034 4831 3223 4902 Ἡμεῖς
3248 4828 3348 4900 γάρ
3372 4827 3456 4887 τὰς
3478 4819 3558 4874 ἀπὸ
3576 4830 3629 4866 τω

498 4924 795 4981 insolenter
817 4925 938 4981 illos
971 4926 1149 4981 elierri
1181 4926 1585 4998 cognoscimus.
1614 4928 1789 4997 Atque
1813 4927 1915 4983 hoc
1944 4929 1979 4999 il

2170 4926 2327 4995 ἁγίου
2372 4925 2684 4998 Πνεῦματος
2722 4926 3069 4989 διδασκαλίας
3116 4922 3393 4988 ἀξιολόγως
3418 4913 3631 5005 ullane:

498 5024 611 5070 met
658 5017 955 5089 intelligere
994 5027 1250 5089 poterunt
1275 5062 1290 5086 ,
1332 5020 1377 5074 si
1414 5019 1735 5090 resipiscere
1768 5020 1928 5075 modo
1957 5061 1971 5084 ,

2172 5017 2438 5088 λισμένως
2463 5016 2627 5081 οῦσας
2649 5018 2749 5071 οὐκ
2776 5016 3160 5085 άποὸάλοιμεν.
3183 5013 3434 5065 Φάσκουσι
3456 5003 3538 5071 γὰρ
3557 5004 3622 5093 καί

500 5117 736 5164 mentem
794 5110 1073 5166 advertere
1118 5112 1409 5167 voluerint.
1451 5110 1563 5167 Nos
1603 5111 1748 5167 enim
1788 5126 1852 5166 ea
1886 5126 1976 5166 mo

2173 5109 2412 5171 ἑαυτῶν,
2463 5112 2524 5164 οὐ
2570 5109 2677 5181 γὰρ
2709 5109 2917 5179 εἴποιμι
2952 5108 3094 5162 κατά
3124 5105 3224 5176 τῆς
3250 5099 3496 5173 ἀληθείας,
3520 5094 3628 5144 ὅτιω

501 5208 682 5255 menta
713 5201 911 5269 quibus
943 5199 1179 5271 Spiritus
1229 5204 1404 5258 sancti
1455 5202 1702 5258 doctrina
1737 5201 1979 5258 continet

2176 5203 2452 5274 συμφωνεῖ
2492 5203 2559 5255 τὰ
2590 5200 2754 5256 αὐτοῦ
2790 5200 2971 5273 βιϐλία
3020 5202 3131 5262 τοῖς
3163 5197 3360 5257 λοιποῖς
3387 5182 3627 5274 ἀποπάλθίῖι·

500 5308 624 5363 qua!
651 5266 868 5363 quidem
893 5266 1005 5350 ﬁde
1023 5295 1206 5367 digna,
1236 5296 1571 5366 probataque
1601 5295 1734 5360 sint,
1768 5294 1920 5349 nullo
1949 5309 1981 5348 ιι

2176 5266 2545 5349 καὶ-δοκοῦσι
2580 5293 2765 5348 λοιπόν
2791 5266 3274 5364 ’ἐπιλαμϐάνεσθαι
3307 5287 3397 5357 τῆς
3433 5266 3628 5346 Matt-11

572 5450 591 5482 ¹
621 5449 639 5503 l
667 5450 825 5507 Joan.
856 5467 915 5517 ιι,
958 5451 1044 5507 is.
1118 5455 1138 5485 ’
1170 5453 1190 5504 ι
1221 5450 1362 5506 Tim.
1394 5468 1435 5517 ι,
1471 5452 1525 5507 7.

580 5610 693 5678 (15)
728 5609 837 5664 Καί
876 5610 929 5663 εὶ
960 5608 1077 5678 μὲν
1100 5607 1380 5734 ἑδέῆοντο
1409 5607 1475 5662 τὸ
1510 5608 1897 5677 Εὑαγγέλιον.
1935 5606 2061 5664 Nam

580 5696 614 5734 ο
644 5686 899 5734 accurate
931 5681 985 5734 in
1019 5682 1156 5733 Ann.
1233 5695 1366 5733 aron
1399 5720 1413 5734 .
1445 5680 1508 5732 A.
1540 5678 1601 5731 (ἒ.
1641 5680 1728 5733 97.

2144 5606 2509 5678 eApocalypsi
2568 5601 2814 5660 nonnihil
2863 5616 2893 5656 a
2920 5599 3245 5672 quibusdam
3296 5589 3558 5650 dubitatum,
3584 5568 3625 5628 ἑο

503 5696 614 5750 quo
644 5686 899 5737 accurate
931 5681 985 5736 in
1019 5682 1156 5733 Ann.
1189 5678 1366 5734 Bai-on
1399 5720 1413 5744 ,
1445 5680 1508 5732 A.
1540 5678 1601 5731 (2.
1641 5680 1728 5733 97.
