  <div class='ocr_page' id='page_1' title='image "/cluster/home/n/w/nwhite01/storage/ocr_20150623/41/hvd.32044011753001/478.png"; bbox 0 0 3750 6200; ppageno 0'>
   <div class='ocr_carea' id='block_1_1' title="bbox 92 244 195 301">
    <p class='ocr_par' dir='ltr' id='par_1_1' title="bbox 92 244 195 301">
     <span class='ocr_line' id='line_1_1' title="bbox 92 244 195 301; baseline 0 0"><span class='ocrx_word' id='word_1_1' title='bbox 92 244 195 301; x_wconf 73' lang='lat'><strong>893</strong></span> 
     </span>
    </p>
   </div>
   <div class='ocr_carea' id='block_1_2' title="bbox 742 242 2570 308">
    <p class='ocr_par' dir='ltr' id='par_1_2' title="bbox 742 242 2570 308">
     <span class='ocr_line' id='line_1_2' title="bbox 742 242 2570 308; baseline 0.004 -9"><span class='ocrx_word' id='word_1_2' title='bbox 742 242 1119 301; x_wconf 75' lang='lat' dir='ltr'><strong>ADVERSUS</strong></span> <span class='ocrx_word' id='word_1_3' title='bbox 1152 242 1493 299; x_wconf 70' lang='lat' dir='ltr'><strong>[UERESES</strong></span> <span class='ocrx_word' id='word_1_4' title='bbox 1529 244 1657 302; x_wconf 84' lang='lat' dir='ltr'><strong>LIB.</strong></span> <span class='ocrx_word' id='word_1_5' title='bbox 1694 246 1757 303; x_wconf 88' lang='lat' dir='ltr'><strong>ll.</strong></span> <span class='ocrx_word' id='word_1_6' title='bbox 1799 247 1964 306; x_wconf 75' lang='lat' dir='ltr'><strong>TOM.</strong></span> <span class='ocrx_word' id='word_1_7' title='bbox 2005 249 2132 305; x_wconf 89' lang='lat' dir='ltr'><strong>l.—-</strong></span> <span class='ocrx_word' id='word_1_8' title='bbox 2170 248 2441 307; x_wconf 62' lang='lat' dir='ltr'><strong>HERES.</strong></span> <span class='ocrx_word' id='word_1_9' title='bbox 2484 251 2570 308; x_wconf 75' lang='lat' dir='ltr'><strong>Li.</strong></span> 
     </span>
    </p>
   </div>
   <div class='ocr_carea' id='block_1_3' title="bbox 3204 261 3312 320">
    <p class='ocr_par' dir='ltr' id='par_1_3' title="bbox 3204 261 3312 320">
     <span class='ocr_line' id='line_1_3' title="bbox 3204 261 3312 320; baseline 0 0"><span class='ocrx_word' id='word_1_10' title='bbox 3204 261 3312 320; x_wconf 73' lang='grc' dir='ltr'><strong>εει</strong></span> 
     </span>
    </p>
   </div>
   <div class='ocr_carea' id='block_1_4' title="bbox 92 357 1655 445">
    <p class='ocr_par' dir='ltr' id='par_1_4' title="bbox 92 357 1652 432">
     <span class='ocr_line' id='line_1_4' title="bbox 92 357 1652 432; baseline 0.003 -19"><span class='ocrx_word' id='word_1_11' title='bbox 92 360 268 413; x_wconf 70' lang='grc' dir='ltr'><em>ἔνθεον</em></span> <span class='ocrx_word' id='word_1_12' title='bbox 297 358 664 424; x_wconf 74' lang='grc' dir='ltr'><em>διδασκαλίας.</em></span> <span class='ocrx_word' id='word_1_13' title='bbox 690 361 798 414; x_wconf 76' lang='grc' dir='ltr'><strong>Καὶ</strong></span> <span class='ocrx_word' id='word_1_14' title='bbox 837 361 909 426; x_wconf 85' lang='grc' dir='ltr'><strong>τί,</strong></span> <span class='ocrx_word' id='word_1_15' title='bbox 946 362 1131 432; x_wconf 66' lang='grc' dir='ltr'><em>φησιν,</em></span> <span class='ocrx_word' id='word_1_16' title='bbox 1159 357 1346 430; x_wconf 78' lang='grc' dir='ltr'><em>εἷπεν;</em></span> <span class='ocrx_word' id='word_1_17' title='bbox 1378 363 1500 417; x_wconf 77' lang='grc' dir='ltr'><em>Ὀτι</em></span> <span class='ocrx_word' id='word_1_18' title='bbox 1555 364 1652 417; x_wconf 82' lang='grc' dir='ltr'><em>Ἐν</em></span> 
     </span>
    </p>
   </div>
   <div class='ocr_carea' id='block_1_5' title="bbox 1777 357 3311 445">
    <p class='ocr_par' dir='ltr' id='par_1_5' title="bbox 1777 366 3311 445">
     <span class='ocr_line' id='line_1_5' title="bbox 1777 366 3311 445; baseline 0.007 -24"><span class='ocrx_word' id='word_1_19' title='bbox 1777 366 1824 421; x_wconf 93' lang='lat' dir='ltr'><strong>lo</strong></span> <span class='ocrx_word' id='word_1_20' title='bbox 1854 367 2155 438; x_wconf 84' lang='lat' dir='ltr'><strong>rejicimus.</strong></span> <span class='ocrx_word' id='word_1_21' title='bbox 2186 368 2257 421; x_wconf 79' lang='lat' dir='ltr'><strong>At</strong></span> <span class='ocrx_word' id='word_1_22' title='bbox 2303 369 2381 422; x_wconf 87' lang='lat' dir='ltr'><strong>illi</strong></span> <span class='ocrx_word' id='word_1_23' title='bbox 2408 377 2599 424; x_wconf 83' lang='lat' dir='ltr'><strong>contra</strong></span> <span class='ocrx_word' id='word_1_24' title='bbox 2629 384 2689 425; x_wconf 87' lang='lat' dir='ltr'><strong>se</strong></span> <span class='ocrx_word' id='word_1_25' title='bbox 2712 370 2894 440; x_wconf 77' lang='lat' dir='ltr'><strong>potius</strong></span> <span class='ocrx_word' id='word_1_26' title='bbox 2921 389 3083 445; x_wconf 82' lang='lat' dir='ltr'><strong>quam</strong></span> <span class='ocrx_word' id='word_1_27' title='bbox 3119 383 3311 431; x_wconf 81' lang='lat' dir='ltr'><strong>contra</strong></span> 
     </span>
    </p>
   </div>
   <div class='ocr_carea' id='block_1_6' title="bbox 90 450 1649 524">
    <p class='ocr_par' dir='ltr' id='par_1_6' title="bbox 90 450 1649 524">
     <span class='ocr_line' id='line_1_6' title="bbox 90 450 1649 524; baseline 0.004 -20"><span class='ocrx_word' id='word_1_28' title='bbox 90 450 243 521; x_wconf 78' lang='grc' dir='ltr'><em>ἀρχῇ</em></span> <span class='ocrx_word' id='word_1_29' title='bbox 274 452 356 520; x_wconf 81' lang='grc' dir='ltr'><em>ἦν</em></span> <span class='ocrx_word' id='word_1_30' title='bbox 396 454 429 505; x_wconf 87' lang='lat' dir='ltr'><strong>d</strong></span> <span class='ocrx_word' id='word_1_31' title='bbox 478 451 701 522; x_wconf 58' lang='grc' dir='ltr'><em>Λόγος,</em></span> <span class='ocrx_word' id='word_1_32' title='bbox 754 453 852 506; x_wconf 81' lang='grc' dir='ltr'><em>καὶ</em></span> <span class='ocrx_word' id='word_1_33' title='bbox 899 456 931 506; x_wconf 89' lang='lat' dir='ltr'><strong>o&#39;</strong></span> <span class='ocrx_word' id='word_1_34' title='bbox 978 454 1167 523; x_wconf 77' lang='grc' dir='ltr'><em>Λόγος</em></span> <span class='ocrx_word' id='word_1_35' title='bbox 1211 450 1292 523; x_wconf 80' lang='grc' dir='ltr'><em>ἦν</em></span> <span class='ocrx_word' id='word_1_36' title='bbox 1340 456 1490 524; x_wconf 75' lang='grc' dir='ltr'><em>πρὸς</em></span> <span class='ocrx_word' id='word_1_37' title='bbox 1540 456 1649 511; x_wconf 82' lang='grc' dir='ltr'><strong>τὸν</strong></span> 
     </span>
    </p>
   </div>
   <div class='ocr_carea' id='block_1_7' title="bbox 92 541 1651 619">
    <p class='ocr_par' dir='ltr' id='par_1_7' title="bbox 92 541 1651 619">
     <span class='ocr_line' id='line_1_7' title="bbox 92 541 1651 619; baseline 0.003 -22"><span class='ocrx_word' id='word_1_38' title='bbox 92 541 274 609; x_wconf 79' lang='grc' dir='ltr'><em>Θεὸν,</em></span> <span class='ocrx_word' id='word_1_39' title='bbox 320 544 418 596; x_wconf 75' lang='grc' dir='ltr'><em>καὶ</em></span> <span class='ocrx_word' id='word_1_40' title='bbox 468 544 610 611; x_wconf 83' lang='grc' dir='ltr'><strong>Θεὸς</strong></span> <span class='ocrx_word' id='word_1_41' title='bbox 645 541 724 615; x_wconf 84' lang='grc' dir='ltr'><em>ἦν</em></span> <span class='ocrx_word' id='word_1_42' title='bbox 774 548 808 599; x_wconf 80' lang='grc' dir='ltr'><em>ὀ</em></span> <span class='ocrx_word' id='word_1_43' title='bbox 845 547 1068 616; x_wconf 74' lang='grc' dir='ltr'><em>Λόγος·</em></span> <span class='ocrx_word' id='word_1_44' title='bbox 1108 547 1200 601; x_wconf 75' lang='grc' dir='ltr'><em>καὶ</em></span> <span class='ocrx_word' id='word_1_45' title='bbox 1250 547 1331 600; x_wconf 80' lang='grc' dir='ltr'><em>ὅτι</em></span> <span class='ocrx_word' id='word_1_46' title='bbox 1380 548 1433 601; x_wconf 90' lang='lat'><strong>&#39;0</strong></span> <span class='ocrx_word' id='word_1_47' title='bbox 1462 549 1651 619; x_wconf 77' lang='grc' dir='ltr'><em>Λόγος</em></span> 
     </span>
    </p>
   </div>
   <div class='ocr_carea' id='block_1_8' title="bbox 89 634 1652 709">
    <p class='ocr_par' dir='ltr' id='par_1_8' title="bbox 89 634 1652 709">
     <span class='ocr_line' id='line_1_8' title="bbox 89 634 1652 709; baseline 0.004 -21"><span class='ocrx_word' id='word_1_48' title='bbox 89 634 241 703; x_wconf 78' lang='grc' dir='ltr'><em>σὰρξ</em></span> <span class='ocrx_word' id='word_1_49' title='bbox 276 634 511 705; x_wconf 74' lang='grc' dir='ltr'><em>ἐγένετο</em></span> <span class='ocrx_word' id='word_1_50' title='bbox 535 676 549 698; x_wconf 93' lang='grc'><strong>,</strong></span> <span class='ocrx_word' id='word_1_51' title='bbox 590 638 686 693; x_wconf 81' lang='grc' dir='ltr'><em>καὶ</em></span> <span class='ocrx_word' id='word_1_52' title='bbox 726 638 1193 707; x_wconf 79' lang='grc' dir='ltr'><strong>κατεσκήνωσεν</strong></span> <span class='ocrx_word' id='word_1_53' title='bbox 1231 640 1301 693; x_wconf 83' lang='grc' dir='ltr'><em>ἐν</em></span> <span class='ocrx_word' id='word_1_54' title='bbox 1340 640 1485 709; x_wconf 77' lang='grc' dir='ltr'><em>ἡμῖν</em></span> <span class='ocrx_word' id='word_1_55' title='bbox 1503 659 1515 671; x_wconf 93' lang='grc'><strong>·</strong></span> <span class='ocrx_word' id='word_1_56' title='bbox 1552 641 1652 695; x_wconf 81' lang='grc' dir='ltr'><em>καὶ</em></span> 
     </span>
    </p>
   </div>
   <div class='ocr_carea' id='block_1_9' title="bbox 88 726 1651 803">
    <p class='ocr_par' dir='ltr' id='par_1_9' title="bbox 88 726 1651 803">
     <span class='ocr_line' id='line_1_9' title="bbox 88 726 1651 803; baseline 0.005 -24"><span class='ocrx_word' id='word_1_57' title='bbox 88 726 320 794; x_wconf 80' lang='grc' dir='ltr'><strong>εἴδομεν</strong></span> <span class='ocrx_word' id='word_1_58' title='bbox 343 727 457 795; x_wconf 84' lang='grc' dir='ltr'><em>τὴν</em></span> <span class='ocrx_word' id='word_1_59' title='bbox 490 728 677 792; x_wconf 79' lang='grc' dir='ltr'><em>δόξαν</em></span> <span class='ocrx_word' id='word_1_60' title='bbox 706 730 922 797; x_wconf 85' lang='grc' dir='ltr'><em>αὑτοῦ,</em></span> <span class='ocrx_word' id='word_1_61' title='bbox 950 730 1139 795; x_wconf 81' lang='grc' dir='ltr'><em>δόξαν</em></span> <span class='ocrx_word' id='word_1_62' title='bbox 1164 731 1244 796; x_wconf 84' lang='grc' dir='ltr'><em>ὡς</em></span> <span class='ocrx_word' id='word_1_63' title='bbox 1276 733 1651 803; x_wconf 83' lang='grc' dir='ltr'><em>Μονοτενοῦς</em></span> 
     </span>
    </p>
   </div>
   <div class='ocr_carea' id='block_1_10' title="bbox 87 816 1651 891">
    <p class='ocr_par' dir='ltr' id='par_1_10' title="bbox 87 816 1651 891">
     <span class='ocr_line' id='line_1_10' title="bbox 87 816 1651 891; baseline 0.006 -23"><span class='ocrx_word' id='word_1_64' title='bbox 87 816 243 883; x_wconf 69' lang='grc' dir='ltr'><em>παρὰ</em></span> <span class='ocrx_word' id='word_1_65' title='bbox 266 818 512 885; x_wconf 81' lang='grc' dir='ltr'><strong>Πατρός,</strong></span> <span class='ocrx_word' id='word_1_66' title='bbox 544 820 780 887; x_wconf 74' lang='grc' dir='ltr'><em>πλήρης</em></span> <span class='ocrx_word' id='word_1_67' title='bbox 810 820 1050 889; x_wconf 82' lang='grc' dir='ltr'><em>χάριτος</em></span> <span class='ocrx_word' id='word_1_68' title='bbox 1080 821 1179 876; x_wconf 77' lang='grc' dir='ltr'><em>καὶ</em></span> <span class='ocrx_word' id='word_1_69' title='bbox 1204 823 1488 891; x_wconf 79' lang='grc' dir='ltr'><strong>ἀληθείας</strong></span> <span class='ocrx_word' id='word_1_70' title='bbox 1508 838 1523 853; x_wconf 85' lang='grc'><strong>·</strong></span> <span class='ocrx_word' id='word_1_71' title='bbox 1556 823 1651 877; x_wconf 69' lang='grc' dir='ltr'><strong>κα)⁴</strong></span> 
     </span>
    </p>
   </div>
   <div class='ocr_carea' id='block_1_11' title="bbox 88 906 1649 984">
    <p class='ocr_par' dir='ltr' id='par_1_11' title="bbox 88 906 1649 984">
     <span class='ocr_line' id='line_1_11' title="bbox 88 906 1649 984; baseline 0.006 -26"><span class='ocrx_word' id='word_1_72' title='bbox 88 906 283 970; x_wconf 77' lang='grc' dir='ltr'><em>εὐθέως</em></span> <span class='ocrx_word' id='word_1_73' title='bbox 305 923 318 937; x_wconf 88' lang='grc'><strong>·</strong></span> <span class='ocrx_word' id='word_1_74' title='bbox 357 907 411 960; x_wconf 91' lang='lat'><strong>&#39;0</strong></span> <span class='ocrx_word' id='word_1_75' title='bbox 458 908 728 976; x_wconf 81' lang='grc' dir='ltr'><em>Ἰωάννης</em></span> <span class='ocrx_word' id='word_1_76' title='bbox 754 911 1075 980; x_wconf 84' lang='grc' dir='ltr'><em>μαρτυρεῖ,</em></span> <span class='ocrx_word' id='word_1_77' title='bbox 1108 913 1204 967; x_wconf 82' lang='grc' dir='ltr'><em>καὶ</em></span> <span class='ocrx_word' id='word_1_78' title='bbox 1244 913 1514 984; x_wconf 81' lang='grc' dir='ltr'><strong>κέκραγε,</strong></span> <span class='ocrx_word' id='word_1_79' title='bbox 1547 913 1649 968; x_wconf 80' lang='grc' dir='ltr'><strong>λέ-</strong></span> 
     </span>
    </p>
   </div>
   <div class='ocr_carea' id='block_1_12' title="bbox 92 997 1652 1076">
    <p class='ocr_par' dir='ltr' id='par_1_12' title="bbox 92 997 1652 1076">
     <span class='ocr_line' id='line_1_12' title="bbox 92 997 1652 1076; baseline 0.006 -25"><span class='ocrx_word' id='word_1_80' title='bbox 92 1016 237 1071; x_wconf 66' lang='grc' dir='ltr'><em>των·</em></span> <span class='ocrx_word' id='word_1_81' title='bbox 290 999 378 1052; x_wconf 83' lang='grc' dir='ltr'><em>ὅτι</em></span> <span class='ocrx_word' id='word_1_82' title='bbox 421 997 609 1067; x_wconf 85' lang='grc' dir='ltr'><em>οὗτός</em></span> <span class='ocrx_word' id='word_1_83' title='bbox 654 1003 857 1067; x_wconf 83' lang='grc' dir='ltr'><em>ἐστιν,</em></span> <span class='ocrx_word' id='word_1_84' title='bbox 911 1004 983 1057; x_wconf 84' lang='grc' dir='ltr'><em>ὃν</em></span> <span class='ocrx_word' id='word_1_85' title='bbox 1020 1001 1193 1059; x_wconf 79' lang='grc' dir='ltr'><em>εἶπον</em></span> <span class='ocrx_word' id='word_1_86' title='bbox 1228 1005 1402 1076; x_wconf 74' lang='grc' dir='ltr'><strong>ὐμῖνο</strong></span> <span class='ocrx_word' id='word_1_87' title='bbox 1438 1008 1531 1060; x_wconf 78' lang='grc' dir='ltr'><em>καὶ</em></span> <span class='ocrx_word' id='word_1_88' title='bbox 1568 1009 1652 1061; x_wconf 85' lang='grc' dir='ltr'><em>ὅτι</em></span> 
     </span>
    </p>
   </div>
   <div class='ocr_carea' id='block_1_13' title="bbox 95 1087 1651 1166">
    <p class='ocr_par' dir='ltr' id='par_1_13' title="bbox 95 1087 1651 1166">
     <span class='ocr_line' id='line_1_13' title="bbox 95 1087 1651 1166; baseline 0.004 -21"><span class='ocrx_word' id='word_1_89' title='bbox 95 1087 278 1155; x_wconf 82' lang='grc' dir='ltr'><em>Οὗτός</em></span> <span class='ocrx_word' id='word_1_90' title='bbox 319 1091 490 1145; x_wconf 86' lang='grc' dir='ltr'><em>ἐστιν</em></span> <span class='ocrx_word' id='word_1_91' title='bbox 535 1097 569 1146; x_wconf 84' lang='grc' dir='ltr'><strong>ό</strong></span> <span class='ocrx_word' id='word_1_92' title='bbox 610 1092 822 1162; x_wconf 83' lang='grc' dir='ltr'><em>Ἀμνὸς</em></span> <span class='ocrx_word' id='word_1_93' title='bbox 848 1094 955 1148; x_wconf 85' lang='grc' dir='ltr'><strong>τοῦ</strong></span> <span class='ocrx_word' id='word_1_94' title='bbox 1004 1096 1150 1150; x_wconf 85' lang='grc' dir='ltr'><strong>Θεοῦ</strong></span> <span class='ocrx_word' id='word_1_95' title='bbox 1176 1138 1191 1163; x_wconf 88' lang='grc'><strong>,</strong></span> <span class='ocrx_word' id='word_1_96' title='bbox 1242 1100 1275 1151; x_wconf 84' lang='grc' dir='ltr'><strong>ό</strong></span> <span class='ocrx_word' id='word_1_97' title='bbox 1310 1096 1491 1166; x_wconf 81' lang='grc' dir='ltr'><em>αἴρων</em></span> <span class='ocrx_word' id='word_1_98' title='bbox 1534 1097 1651 1166; x_wconf 77' lang='grc' dir='ltr'><em>τὴν</em></span> 
     </span>
    </p>
   </div>
   <div class='ocr_carea' id='block_1_14' title="bbox 88 1182 1648 1257">
    <p class='ocr_par' dir='ltr' id='par_1_14' title="bbox 88 1182 1648 1257">
     <span class='ocr_line' id='line_1_14' title="bbox 88 1182 1648 1257; baseline 0.005 -24"><span class='ocrx_word' id='word_1_99' title='bbox 88 1182 373 1249; x_wconf 78' lang='grc' dir='ltr'><strong>ἁμαρτίαν</strong></span> <span class='ocrx_word' id='word_1_100' title='bbox 418 1182 523 1236; x_wconf 86' lang='grc' dir='ltr'><strong>τοῦ</strong></span> <span class='ocrx_word' id='word_1_101' title='bbox 560 1184 812 1252; x_wconf 87' lang='grc' dir='ltr'><em>κόσμου.</em></span> <span class='ocrx_word' id='word_1_102' title='bbox 870 1185 979 1237; x_wconf 78' lang='grc' dir='ltr'><strong>Καὶ</strong></span> <span class='ocrx_word' id='word_1_103' title='bbox 1026 1185 1261 1257; x_wconf 80' lang='grc' dir='ltr'><strong>καθεξῆς</strong></span> <span class='ocrx_word' id='word_1_104' title='bbox 1307 1203 1483 1256; x_wconf 84' lang='grc' dir='ltr'><em>φησι·</em></span> <span class='ocrx_word' id='word_1_105' title='bbox 1538 1187 1648 1241; x_wconf 75' lang='grc' dir='ltr'><strong>Καὶ</strong></span> 
     </span>
    </p>
   </div>
   <div class='ocr_carea' id='block_1_15' title="bbox 86 1269 1649 1346">
    <p class='ocr_par' dir='ltr' id='par_1_15' title="bbox 86 1269 1649 1346">
     <span class='ocr_line' id='line_1_15' title="bbox 86 1269 1649 1346; baseline 0.004 -21"><span class='ocrx_word' id='word_1_106' title='bbox 86 1269 254 1325; x_wconf 81' lang='grc' dir='ltr'><em>εἷπον</em></span> <span class='ocrx_word' id='word_1_107' title='bbox 278 1273 435 1337; x_wconf 86' lang='grc' dir='ltr'><strong>αὐτῷ</strong></span> <span class='ocrx_word' id='word_1_108' title='bbox 465 1276 519 1326; x_wconf 85' lang='grc' dir='ltr'><strong>οί</strong></span> <span class='ocrx_word' id='word_1_109' title='bbox 546 1275 920 1341; x_wconf 81' lang='grc' dir='ltr'><em>ἀκούσαντες</em></span> <span class='ocrx_word' id='word_1_110' title='bbox 939 1292 953 1305; x_wconf 77' lang='grc' dir='ltr'><strong>ο</strong></span> <span class='ocrx_word' id='word_1_111' title='bbox 1000 1277 1184 1330; x_wconf 75' lang='grc' dir='ltr'><strong>Ῥαϐὅὶ</strong></span> <span class='ocrx_word' id='word_1_112' title='bbox 1206 1316 1221 1341; x_wconf 93' lang='grc'><strong>,</strong></span> <span class='ocrx_word' id='word_1_113' title='bbox 1263 1277 1381 1330; x_wconf 81' lang='grc' dir='ltr'><em>ποῦ</em></span> <span class='ocrx_word' id='word_1_114' title='bbox 1414 1276 1649 1346; x_wconf 78' lang='grc' dir='ltr'><em>μένεις;</em></span> 
     </span>
    </p>
   </div>
   <div class='ocr_carea' id='block_1_16' title="bbox 93 1362 1649 1435">
    <p class='ocr_par' dir='ltr' id='par_1_16' title="bbox 93 1362 1649 1435">
     <span class='ocr_line' id='line_1_16' title="bbox 93 1362 1649 1435; baseline 0.004 -21"><span class='ocrx_word' id='word_1_115' title='bbox 93 1362 236 1432; x_wconf 72' lang='grc' dir='ltr'><em>Ἅμα</em></span> <span class='ocrx_word' id='word_1_116' title='bbox 260 1363 318 1414; x_wconf 85' lang='grc' dir='ltr'><em>δὲ</em></span> <span class='ocrx_word' id='word_1_117' title='bbox 344 1364 401 1415; x_wconf 84' lang='grc' dir='ltr'><em>ὲν</em></span> <span class='ocrx_word' id='word_1_118' title='bbox 434 1363 642 1433; x_wconf 82' lang='grc' dir='ltr'><em>ταυτῷ’</em></span> <span class='ocrx_word' id='word_1_119' title='bbox 690 1363 769 1432; x_wconf 79' lang='grc' dir='ltr'><em>Τῇ</em></span> <span class='ocrx_word' id='word_1_120' title='bbox 798 1366 1103 1432; x_wconf 81' lang='grc' dir='ltr'><strong>ἐπαύριον,</strong></span> <span class='ocrx_word' id='word_1_121' title='bbox 1136 1368 1320 1435; x_wconf 75' lang='grc' dir='ltr'><em>φησὶν,</em></span> <span class='ocrx_word' id='word_1_122' title='bbox 1348 1367 1649 1435; x_wconf 81' lang='grc' dir='ltr'><em>ἠθέλησεν</em></span> 
     </span>
    </p>
   </div>
   <div class='ocr_carea' id='block_1_17' title="bbox 88 1448 1641 1527">
    <p class='ocr_par' dir='ltr' id='par_1_17' title="bbox 88 1448 1641 1527">
     <span class='ocr_line' id='line_1_17' title="bbox 88 1448 1641 1527; baseline 0.005 -22"><span class='ocrx_word' id='word_1_123' title='bbox 88 1454 347 1517; x_wconf 80' lang='grc' dir='ltr'><em>ἐξελθεῖν</em></span> <span class='ocrx_word' id='word_1_124' title='bbox 370 1456 457 1520; x_wconf 82' lang='grc' dir='ltr'><strong>είς</strong></span> <span class='ocrx_word' id='word_1_125' title='bbox 489 1455 602 1524; x_wconf 86' lang='grc' dir='ltr'><em>τὴν</em></span> <span class='ocrx_word' id='word_1_126' title='bbox 628 1457 979 1523; x_wconf 75' lang='grc' dir='ltr'><strong>Γαλιλαίαν,</strong></span> <span class='ocrx_word' id='word_1_127' title='bbox 1011 1448 1109 1511; x_wconf 69' lang='grc' dir='ltr'><strong>καί</strong></span> <span class='ocrx_word' id='word_1_128' title='bbox 1137 1460 1399 1527; x_wconf 78' lang='grc' dir='ltr'><strong>εὑρίσκει</strong></span> <span class='ocrx_word' id='word_1_129' title='bbox 1432 1461 1641 1513; x_wconf 74' lang='grc' dir='ltr'><em>Φίλιπ-</em></span> 
     </span>
    </p>
   </div>
   <div class='ocr_carea' id='block_1_18' title="bbox 90 1543 1645 1621">
    <p class='ocr_par' dir='ltr' id='par_1_18' title="bbox 90 1543 1645 1621">
     <span class='ocr_line' id='line_1_18' title="bbox 90 1543 1645 1621; baseline 0.007 -27"><span class='ocrx_word' id='word_1_130' title='bbox 90 1557 201 1595; x_wconf 77' lang='grc' dir='ltr'><strong>πον</strong></span> <span class='ocrx_word' id='word_1_131' title='bbox 222 1582 238 1606; x_wconf 90' lang='grc'><strong>,</strong></span> <span class='ocrx_word' id='word_1_132' title='bbox 270 1545 368 1597; x_wconf 80' lang='grc' dir='ltr'><em>καὶ</em></span> <span class='ocrx_word' id='word_1_133' title='bbox 390 1544 549 1614; x_wconf 77' lang='grc' dir='ltr'><em>λέγει</em></span> <span class='ocrx_word' id='word_1_134' title='bbox 581 1543 739 1610; x_wconf 85' lang='grc' dir='ltr'><em>αὐτῷ</em></span> <span class='ocrx_word' id='word_1_135' title='bbox 766 1549 797 1600; x_wconf 86' lang='grc' dir='ltr'><strong>ό</strong></span> <span class='ocrx_word' id='word_1_136' title='bbox 840 1547 1076 1615; x_wconf 87' lang='grc' dir='ltr'><em>Ἰησοῦς</em></span> <span class='ocrx_word' id='word_1_137' title='bbox 1106 1564 1121 1579; x_wconf 81' lang='grc'><strong>⁸</strong></span> <span class='ocrx_word' id='word_1_138' title='bbox 1174 1550 1502 1605; x_wconf 79' lang='grc' dir='ltr'><em>Ἀκολούθει</em></span> <span class='ocrx_word' id='word_1_139' title='bbox 1527 1569 1645 1621; x_wconf 87' lang='grc' dir='ltr'><em>μοι.</em></span> 
     </span>
    </p>
   </div>
   <div class='ocr_carea' id='block_1_19' title="bbox 90 1633 1649 1709">
    <p class='ocr_par' dir='ltr' id='par_1_19' title="bbox 90 1633 1649 1709">
     <span class='ocr_line' id='line_1_19' title="bbox 90 1633 1649 1709; baseline 0.005 -24"><span class='ocrx_word' id='word_1_140' title='bbox 90 1635 193 1686; x_wconf 73' lang='grc' dir='ltr'><strong>Καὶ</strong></span> <span class='ocrx_word' id='word_1_141' title='bbox 223 1634 358 1705; x_wconf 84' lang='grc' dir='ltr'><strong>μετά</strong></span> <span class='ocrx_word' id='word_1_142' title='bbox 387 1633 543 1687; x_wconf 79' lang='grc' dir='ltr'><em>τοῦτο</em></span> <span class='ocrx_word' id='word_1_143' title='bbox 563 1634 727 1705; x_wconf 80' lang='grc' dir='ltr'><em>ὀλίγῳ</em></span> <span class='ocrx_word' id='word_1_144' title='bbox 754 1636 984 1706; x_wconf 84' lang='grc' dir='ltr'><em>πρόσθεν</em></span> <span class='ocrx_word' id='word_1_145' title='bbox 1015 1639 1169 1707; x_wconf 85' lang='grc' dir='ltr'><em>φησί·</em></span> <span class='ocrx_word' id='word_1_146' title='bbox 1195 1639 1303 1693; x_wconf 80' lang='grc' dir='ltr'><strong>Καὶ</strong></span> <span class='ocrx_word' id='word_1_147' title='bbox 1324 1641 1473 1709; x_wconf 87' lang='grc' dir='ltr'><em>μετὰ</em></span> <span class='ocrx_word' id='word_1_148' title='bbox 1493 1640 1649 1708; x_wconf 84' lang='grc' dir='ltr'><em>τρεῖς</em></span> 
     </span>
    </p>
   </div>
   <div class='ocr_carea' id='block_1_20' title="bbox 1751 459 3310 525">
    <p class='ocr_par' dir='ltr' id='par_1_20' title="bbox 1751 459 3310 525">
     <span class='ocr_line' id='line_1_20' title="bbox 1751 459 3310 525; baseline 0.007 -11"><span class='ocrx_word' id='word_1_149' title='bbox 1751 459 2029 515; x_wconf 82' lang='lat' dir='ltr'><strong>veritatem</strong></span> <span class='ocrx_word' id='word_1_150' title='bbox 2066 459 2199 515; x_wconf 90' lang='lat' dir='ltr'><strong>illud</strong></span> <span class='ocrx_word' id='word_1_151' title='bbox 2244 459 2515 525; x_wconf 67' lang='lat' dir='ltr'><strong>aderunt,</strong></span> <span class='ocrx_word' id='word_1_152' title='bbox 2546 459 2774 518; x_wconf 83' lang='lat' dir='ltr'><strong>Joannis</strong></span> <span class='ocrx_word' id='word_1_153' title='bbox 2827 464 2997 520; x_wconf 88' lang='lat' dir='ltr'><strong>libros</strong></span> <span class='ocrx_word' id='word_1_154' title='bbox 3042 481 3164 521; x_wconf 91' lang='lat' dir='ltr'><strong>cum</strong></span> <span class='ocrx_word' id='word_1_155' title='bbox 3202 483 3310 525; x_wconf 71' lang='lat' dir='ltr'><strong>Cte-</strong></span> 
     </span>
    </p>
   </div>
   <div class='ocr_carea' id='block_1_21' title="bbox 1747 553 3309 625">
    <p class='ocr_par' dir='ltr' id='par_1_21' title="bbox 1747 553 3309 625">
     <span class='ocr_line' id='line_1_21' title="bbox 1747 553 3309 625; baseline 0.005 -18"><span class='ocrx_word' id='word_1_156' title='bbox 1747 561 1987 607; x_wconf 88' lang='lat' dir='ltr'><strong>terorum</strong></span> <span class='ocrx_word' id='word_1_157' title='bbox 2028 554 2397 623; x_wconf 73' lang='lat' dir='ltr'><strong>apostolorum</strong></span> <span class='ocrx_word' id='word_1_158' title='bbox 2430 553 2650 625; x_wconf 76' lang='lat' dir='ltr'><strong>scriptis</strong></span> <span class='ocrx_word' id='word_1_159' title='bbox 2704 554 2929 611; x_wconf 88' lang='lat' dir='ltr'><strong>minime</strong></span> <span class='ocrx_word' id='word_1_160' title='bbox 2978 560 3309 617; x_wconf 84' lang='lat' dir='ltr'><strong>consentire.</strong></span> 
     </span>
    </p>
   </div>
   <div class='ocr_carea' id='block_1_22' title="bbox 1748 642 3313 714">
    <p class='ocr_par' dir='ltr' id='par_1_22' title="bbox 1748 642 3313 714">
     <span class='ocr_line' id='line_1_22' title="bbox 1748 642 3313 714; baseline 0.006 -18"><span class='ocrx_word' id='word_1_161' title='bbox 1748 642 1827 697; x_wconf 81' lang='lat' dir='ltr'><strong>Ex</strong></span> <span class='ocrx_word' id='word_1_162' title='bbox 1857 659 1966 713; x_wconf 91' lang='lat' dir='ltr'><strong>quo</strong></span> <span class='ocrx_word' id='word_1_163' title='bbox 2017 642 2274 714; x_wconf 87' lang='lat' dir='ltr'><strong>deinceps</strong></span> <span class='ocrx_word' id='word_1_164' title='bbox 2325 652 2730 699; x_wconf 83' lang='lat' dir='ltr'><strong>sacrosanctam</strong></span> <span class='ocrx_word' id='word_1_165' title='bbox 2786 660 2851 701; x_wconf 89' lang='lat' dir='ltr'><strong>ac</strong></span> <span class='ocrx_word' id='word_1_166' title='bbox 2885 646 3123 703; x_wconf 83' lang='lat' dir='ltr'><strong>divinam</strong></span> <span class='ocrx_word' id='word_1_167' title='bbox 3165 650 3313 706; x_wconf 82' lang='lat' dir='ltr'><strong>illius</strong></span> 
     </span>
    </p>
   </div>
   <div class='ocr_carea' id='block_1_23' title="bbox 1749 734 3311 808">
    <p class='ocr_par' dir='ltr' id='par_1_23' title="bbox 1749 734 3311 808">
     <span class='ocr_line' id='line_1_23' title="bbox 1749 734 3311 808; baseline 0.003 -19"><span class='ocrx_word' id='word_1_168' title='bbox 1749 734 2053 789; x_wconf 87' lang='lat' dir='ltr'><strong>doctrinam</strong></span> <span class='ocrx_word' id='word_1_169' title='bbox 2092 734 2443 803; x_wconf 87' lang='lat' dir='ltr'><strong>redarguunt.</strong></span> <span class='ocrx_word' id='word_1_170' title='bbox 2480 734 2618 801; x_wconf 84' lang='lat' dir='ltr'><strong>Quid</strong></span> <span class='ocrx_word' id='word_1_171' title='bbox 2657 738 2825 804; x_wconf 88' lang='lat' dir='ltr'><strong>enim,</strong></span> <span class='ocrx_word' id='word_1_172' title='bbox 2861 738 3134 808; x_wconf 78' lang='lat' dir='ltr'><strong>inquiunt,</strong></span> <span class='ocrx_word' id='word_1_173' title='bbox 3172 742 3311 796; x_wconf 86' lang='lat' dir='ltr'><strong>scri-</strong></span> 
     </span>
    </p>
   </div>
   <div class='ocr_carea' id='block_1_24' title="bbox 1749 826 3311 897">
    <p class='ocr_par' dir='ltr' id='par_1_24' title="bbox 1749 826 3311 897">
     <span class='ocr_line' id='line_1_24' title="bbox 1749 826 3311 897; baseline 0.003 -16"><span class='ocrx_word' id='word_1_174' title='bbox 1749 827 1897 897; x_wconf 84' lang='lat' dir='ltr'><strong>psit?</strong></span> <span class='ocrx_word' id='word_1_175' title='bbox 1951 826 2017 880; x_wconf 86' lang='lat' dir='ltr'><strong>In</strong></span> <span class='ocrx_word' id='word_1_176' title='bbox 2056 828 2309 895; x_wconf 85' lang='lat' dir='ltr'><strong>principio</strong></span> <span class='ocrx_word' id='word_1_177' title='bbox 2337 838 2451 882; x_wconf 88' lang='lat' dir='ltr'><strong>erat</strong></span> <span class='ocrx_word' id='word_1_178' title='bbox 2495 828 2717 884; x_wconf 80' lang='lat' dir='ltr'><strong>Verbum</strong></span> <span class='ocrx_word' id='word_1_179' title='bbox 2746 871 2763 897; x_wconf 88' lang='lat'><strong>,</strong></span> <span class='ocrx_word' id='word_1_180' title='bbox 2822 841 2869 885; x_wconf 86' lang='lat' dir='ltr'><strong>et</strong></span> <span class='ocrx_word' id='word_1_181' title='bbox 2930 831 3151 886; x_wconf 78' lang='lat' dir='ltr'><strong>Verbum</strong></span> <span class='ocrx_word' id='word_1_182' title='bbox 3195 843 3311 887; x_wconf 84' lang='lat' dir='ltr'><strong>erat</strong></span> 
     </span>
    </p>
   </div>
   <div class='ocr_carea' id='block_1_25' title="bbox 1749 916 3312 988">
    <p class='ocr_par' dir='ltr' id='par_1_25' title="bbox 1749 916 3312 988">
     <span class='ocr_line' id='line_1_25' title="bbox 1749 916 3312 988; baseline 0.004 -17"><span class='ocrx_word' id='word_1_183' title='bbox 1749 916 1887 985; x_wconf 83' lang='lat' dir='ltr'><strong>apud</strong></span> <span class='ocrx_word' id='word_1_184' title='bbox 1916 916 2103 985; x_wconf 88' lang='lat' dir='ltr'><strong>Deum,</strong></span> <span class='ocrx_word' id='word_1_185' title='bbox 2143 928 2191 973; x_wconf 91' lang='lat' dir='ltr'><strong>et</strong></span> <span class='ocrx_word' id='word_1_186' title='bbox 2220 919 2361 973; x_wconf 87' lang='lat' dir='ltr'><strong>Deus</strong></span> <span class='ocrx_word' id='word_1_187' title='bbox 2392 928 2507 974; x_wconf 87' lang='lat' dir='ltr'><strong>erat</strong></span> <span class='ocrx_word' id='word_1_188' title='bbox 2554 919 3034 988; x_wconf 79' lang='lat' dir='ltr'><strong>Verbum’;item:</strong></span> <span class='ocrx_word' id='word_1_189' title='bbox 3073 923 3141 977; x_wconf 83' lang='lat' dir='ltr'><strong>Et</strong></span> <span class='ocrx_word' id='word_1_190' title='bbox 3184 924 3312 979; x_wconf 78' lang='lat' dir='ltr'><strong>Ver-</strong></span> 
     </span>
    </p>
   </div>
   <div class='ocr_carea' id='block_1_26' title="bbox 1750 1009 3313 1080">
    <p class='ocr_par' dir='ltr' id='par_1_26' title="bbox 1750 1009 3313 1080">
     <span class='ocr_line' id='line_1_26' title="bbox 1750 1009 3313 1080; baseline 0.004 -18"><span class='ocrx_word' id='word_1_191' title='bbox 1750 1009 1871 1063; x_wconf 91' lang='lat' dir='ltr'><strong>bum</strong></span> <span class='ocrx_word' id='word_1_192' title='bbox 1909 1026 2034 1064; x_wconf 85' lang='lat' dir='ltr'><strong>caro</strong></span> <span class='ocrx_word' id='word_1_193' title='bbox 2083 1011 2283 1080; x_wconf 77' lang='lat' dir='ltr'><strong>factum</strong></span> <span class='ocrx_word' id='word_1_194' title='bbox 2312 1020 2410 1071; x_wconf 85' lang='lat' dir='ltr'><strong>est.</strong></span> <span class='ocrx_word' id='word_1_195' title='bbox 2437 1021 2486 1066; x_wconf 90' lang='lat' dir='ltr'><strong>et</strong></span> <span class='ocrx_word' id='word_1_196' title='bbox 2514 1012 2770 1067; x_wconf 82' lang='lat' dir='ltr'><strong>habitavit</strong></span> <span class='ocrx_word' id='word_1_197' title='bbox 2799 1015 2851 1067; x_wconf 86' lang='lat' dir='ltr'><strong>in</strong></span> <span class='ocrx_word' id='word_1_198' title='bbox 2877 1014 3023 1069; x_wconf 81' lang='lat' dir='ltr'><strong>nobis</strong></span> <span class='ocrx_word' id='word_1_199' title='bbox 3047 1031 3065 1078; x_wconf 86' lang='lat'><strong>,&#39;</strong></span> <span class='ocrx_word' id='word_1_200' title='bbox 3092 1025 3141 1069; x_wconf 89' lang='lat' dir='ltr'><strong>et</strong></span> <span class='ocrx_word' id='word_1_201' title='bbox 3180 1014 3313 1069; x_wconf 82' lang='lat' dir='ltr'><strong>vidi-</strong></span> 
     </span>
    </p>
   </div>
   <div class='ocr_carea' id='block_1_27' title="bbox 1749 1101 3307 1178">
    <p class='ocr_par' dir='ltr' id='par_1_27' title="bbox 1749 1101 3307 1178">
     <span class='ocr_line' id='line_1_27' title="bbox 1749 1101 3307 1178; baseline 0.004 -23"><span class='ocrx_word' id='word_1_202' title='bbox 1749 1117 1864 1156; x_wconf 97' lang='lat' dir='ltr'><strong>mus</strong></span> <span class='ocrx_word' id='word_1_203' title='bbox 1888 1101 2112 1170; x_wconf 80' lang='lat' dir='ltr'><strong>gloriam</strong></span> <span class='ocrx_word' id='word_1_204' title='bbox 2151 1104 2286 1172; x_wconf 88' lang='lat' dir='ltr'><strong>ejus,</strong></span> <span class='ocrx_word' id='word_1_205' title='bbox 2316 1105 2541 1174; x_wconf 85' lang='lat' dir='ltr'><strong>gloriam</strong></span> <span class='ocrx_word' id='word_1_206' title='bbox 2570 1107 2723 1175; x_wconf 86' lang='lat' dir='ltr'><strong>quasi</strong></span> <span class='ocrx_word' id='word_1_207' title='bbox 2756 1104 3019 1178; x_wconf 82' lang='lat' dir='ltr'><strong>Unigeniti</strong></span> <span class='ocrx_word' id='word_1_208' title='bbox 3061 1124 3094 1161; x_wconf 87' lang='lat' dir='ltr'><strong>a</strong></span> <span class='ocrx_word' id='word_1_209' title='bbox 3124 1106 3307 1174; x_wconf 80' lang='lat' dir='ltr'><strong>Patre,</strong></span> 
     </span>
    </p>
   </div>
   <div class='ocr_carea' id='block_1_28' title="bbox 1746 1194 3312 1263">
    <p class='ocr_par' dir='ltr' id='par_1_28' title="bbox 1746 1194 3312 1263">
     <span class='ocr_line' id='line_1_28' title="bbox 1746 1194 3312 1263; baseline 0.007 -17"><span class='ocrx_word' id='word_1_210' title='bbox 1746 1194 1957 1263; x_wconf 82' lang='lat' dir='ltr'><strong>plenum</strong></span> <span class='ocrx_word' id='word_1_211' title='bbox 1991 1194 2179 1262; x_wconf 77' lang='lat' dir='ltr'><strong>gratia:</strong></span> <span class='ocrx_word' id='word_1_212' title='bbox 2206 1204 2255 1247; x_wconf 87' lang='lat' dir='ltr'><strong>et</strong></span> <span class='ocrx_word' id='word_1_213' title='bbox 2284 1196 2518 1250; x_wconf 86' lang='lat' dir='ltr'><strong>veritatis</strong></span> <span class='ocrx_word' id='word_1_214' title='bbox 2550 1196 2607 1263; x_wconf 84' lang='grc'>⁸;</span> <span class='ocrx_word' id='word_1_215' title='bbox 2637 1204 2693 1252; x_wconf 93' lang='lat' dir='ltr'><strong>et</strong></span> <span class='ocrx_word' id='word_1_216' title='bbox 2720 1199 2936 1253; x_wconf 84' lang='lat' dir='ltr'><strong>statim:</strong></span> <span class='ocrx_word' id='word_1_217' title='bbox 2961 1198 3194 1256; x_wconf 79' lang='lat' dir='ltr'><strong>Joannes</strong></span> <span class='ocrx_word' id='word_1_218' title='bbox 3237 1211 3312 1257; x_wconf 86' lang='lat' dir='ltr'><strong>te-</strong></span> 
     </span>
    </p>
   </div>
   <div class='ocr_carea' id='block_1_29' title="bbox 1746 1272 3375 1359">
    <p class='ocr_par' dir='ltr' id='par_1_29' title="bbox 1746 1272 3375 1359">
     <span class='ocr_line' id='line_1_29' title="bbox 1746 1272 3375 1359; baseline 0.004 -20"><span class='ocrx_word' id='word_1_219' title='bbox 1746 1296 1942 1350; x_wconf 86' lang='lat' dir='ltr'><strong>statur,</strong></span> <span class='ocrx_word' id='word_1_220' title='bbox 1973 1296 2021 1339; x_wconf 90' lang='lat' dir='ltr'><strong>et</strong></span> <span class='ocrx_word' id='word_1_221' title='bbox 2061 1286 2255 1339; x_wconf 89' lang='lat' dir='ltr'><strong>clamat</strong></span> <span class='ocrx_word' id='word_1_222' title='bbox 2276 1286 2488 1341; x_wconf 85' lang='lat' dir='ltr'><strong>dicens:</strong></span> <span class='ocrx_word' id='word_1_223' title='bbox 2516 1290 2616 1342; x_wconf 88' lang='lat' dir='ltr'><strong>Hic</strong></span> <span class='ocrx_word' id='word_1_224' title='bbox 2652 1298 2730 1342; x_wconf 89' lang='lat' dir='ltr'><strong>est</strong></span> <span class='ocrx_word' id='word_1_225' title='bbox 2763 1306 2911 1359; x_wconf 85' lang='lat' dir='ltr'><strong>quem</strong></span> <span class='ocrx_word' id='word_1_226' title='bbox 2939 1290 3051 1343; x_wconf 74' lang='lat' dir='ltr'><strong>dixi</strong></span> <span class='ocrx_word' id='word_1_227' title='bbox 3075 1290 3214 1345; x_wconf 80' lang='lat' dir='ltr'><strong>vobis</strong></span> <span class='ocrx_word' id='word_1_228' title='bbox 3244 1294 3264 1324; x_wconf 71' lang='grc'><strong><em>⁵</em></strong></span> <span class='ocrx_word' id='word_1_229' title='bbox 3292 1311 3308 1359; x_wconf 91' lang='lat'><strong>;</strong></span> <span class='ocrx_word' id='word_1_230' title='bbox 3368 1272 3375 1291; x_wconf 39' lang='grc'><em>³</em></span> 
     </span>
    </p>
   </div>
   <div class='ocr_carea' id='block_1_30' title="bbox 1746 1369 3313 1443">
    <p class='ocr_par' dir='ltr' id='par_1_30' title="bbox 1746 1369 3313 1443">
     <span class='ocr_line' id='line_1_30' title="bbox 1746 1369 3313 1443; baseline 0.003 -19"><span class='ocrx_word' id='word_1_231' title='bbox 1746 1369 1908 1442; x_wconf 64' lang='grc'><strong>425</strong></span> <span class='ocrx_word' id='word_1_232' title='bbox 1924 1378 2013 1425; x_wconf 90' lang='lat' dir='ltr'><strong>et:</strong></span> <span class='ocrx_word' id='word_1_233' title='bbox 2048 1370 2149 1424; x_wconf 84' lang='lat' dir='ltr'><strong>llic</strong></span> <span class='ocrx_word' id='word_1_234' title='bbox 2176 1380 2254 1425; x_wconf 89' lang='lat' dir='ltr'><strong>est</strong></span> <span class='ocrx_word' id='word_1_235' title='bbox 2282 1372 2459 1442; x_wconf 81' lang='lat' dir='ltr'><strong>Agnus</strong></span> <span class='ocrx_word' id='word_1_236' title='bbox 2490 1371 2604 1437; x_wconf 87' lang='lat' dir='ltr'><strong>Dei,</strong></span> <span class='ocrx_word' id='word_1_237' title='bbox 2635 1374 2725 1443; x_wconf 86' lang='lat' dir='ltr'><strong>qui</strong></span> <span class='ocrx_word' id='word_1_238' title='bbox 2763 1371 2901 1427; x_wconf 85' lang='lat' dir='ltr'><strong>tollit</strong></span> <span class='ocrx_word' id='word_1_239' title='bbox 2924 1384 3137 1443; x_wconf 86' lang='lat' dir='ltr'><strong>peccata</strong></span> <span class='ocrx_word' id='word_1_240' title='bbox 3166 1392 3313 1429; x_wconf 85' lang='lat' dir='ltr'><strong>mun-</strong></span> 
     </span>
    </p>
   </div>
   <div class='ocr_carea' id='block_1_31' title="bbox 1747 1461 3309 1535">
    <p class='ocr_par' dir='ltr' id='par_1_31' title="bbox 1747 1461 3309 1535">
     <span class='ocr_line' id='line_1_31' title="bbox 1747 1461 3309 1535; baseline 0.003 -21"><span class='ocrx_word' id='word_1_241' title='bbox 1747 1463 1804 1515; x_wconf 92' lang='lat' dir='ltr'><strong>di</strong></span> <span class='ocrx_word' id='word_1_242' title='bbox 1828 1462 1873 1516; x_wconf 83' lang='grc'><em>⁸.</em></span> <span class='ocrx_word' id='word_1_243' title='bbox 1904 1461 2105 1517; x_wconf 86' lang='lat' dir='ltr'><strong>Deinde</strong></span> <span class='ocrx_word' id='word_1_244' title='bbox 2157 1463 2231 1517; x_wconf 89' lang='lat' dir='ltr'><strong>ita</strong></span> <span class='ocrx_word' id='word_1_245' title='bbox 2282 1464 2508 1519; x_wconf 83' lang='lat' dir='ltr'><strong>scribit:</strong></span> <span class='ocrx_word' id='word_1_246' title='bbox 2551 1462 2619 1517; x_wconf 84' lang='lat' dir='ltr'><strong>Et</strong></span> <span class='ocrx_word' id='word_1_247' title='bbox 2667 1464 2911 1518; x_wconf 77' lang='lat' dir='ltr'><strong>dixerunt</strong></span> <span class='ocrx_word' id='word_1_248' title='bbox 2942 1465 3024 1518; x_wconf 91' lang='lat' dir='ltr'><strong>illi</strong></span> <span class='ocrx_word' id='word_1_249' title='bbox 3063 1466 3153 1535; x_wconf 88' lang='lat' dir='ltr'><strong>qui</strong></span> <span class='ocrx_word' id='word_1_250' title='bbox 3209 1482 3309 1519; x_wconf 82' lang='lat' dir='ltr'><strong>au-</strong></span> 
     </span>
    </p>
   </div>
   <div class='ocr_carea' id='block_1_32' title="bbox 1746 1554 3312 1622">
    <p class='ocr_par' dir='ltr' id='par_1_32' title="bbox 1746 1554 3312 1622">
     <span class='ocr_line' id='line_1_32' title="bbox 1746 1554 3312 1622; baseline 0.002 -14"><span class='ocrx_word' id='word_1_251' title='bbox 1746 1554 1953 1611; x_wconf 88' lang='lat' dir='ltr'><strong>dierant</strong></span> <span class='ocrx_word' id='word_1_252' title='bbox 1975 1569 1995 1607; x_wconf 87' lang='lat'><strong><em>:</em></strong></span> <span class='ocrx_word' id='word_1_253' title='bbox 2030 1555 2218 1622; x_wconf 82' lang='lat' dir='ltr'><strong>Rabbi,</strong></span> <span class='ocrx_word' id='word_1_254' title='bbox 2249 1558 2337 1611; x_wconf 86' lang='lat' dir='ltr'><strong>ubi</strong></span> <span class='ocrx_word' id='word_1_255' title='bbox 2372 1558 2624 1612; x_wconf 78' lang='lat' dir='ltr'><strong>manes‘?</strong></span> <span class='ocrx_word' id='word_1_256' title='bbox 2658 1556 2851 1613; x_wconf 86' lang='lat' dir='ltr'><strong>Postea</strong></span> <span class='ocrx_word' id='word_1_257' title='bbox 2890 1571 3049 1612; x_wconf 90' lang='lat' dir='ltr'><strong>vero:</strong></span> <span class='ocrx_word' id='word_1_258' title='bbox 3084 1555 3312 1611; x_wconf 87' lang='lat' dir='ltr'><strong>Postera</strong></span> 
     </span>
    </p>
   </div>
   <div class='ocr_carea' id='block_1_33' title="bbox 1749 1646 3313 1718">
    <p class='ocr_par' dir='ltr' id='par_1_33' title="bbox 1749 1646 3313 1718">
     <span class='ocr_line' id='line_1_33' title="bbox 1749 1646 3313 1718; baseline -0.001 -16"><span class='ocrx_word' id='word_1_259' title='bbox 1749 1648 1873 1711; x_wconf 87' lang='lat' dir='ltr'><strong>die,</strong></span> <span class='ocrx_word' id='word_1_260' title='bbox 1916 1648 2133 1718; x_wconf 89' lang='lat' dir='ltr'><strong>inquit,</strong></span> <span class='ocrx_word' id='word_1_261' title='bbox 2165 1650 2327 1703; x_wconf 76' lang='lat' dir='ltr'><strong>voluit</strong></span> <span class='ocrx_word' id='word_1_262' title='bbox 2370 1648 2514 1703; x_wconf 88' lang='lat' dir='ltr'><strong>abire</strong></span> <span class='ocrx_word' id='word_1_263' title='bbox 2554 1649 2609 1702; x_wconf 88' lang='lat' dir='ltr'><strong>in</strong></span> <span class='ocrx_word' id='word_1_264' title='bbox 2655 1646 2931 1704; x_wconf 72' lang='lat' dir='ltr'><strong>Galilaeam</strong></span> <span class='ocrx_word' id='word_1_265' title='bbox 2963 1687 2978 1713; x_wconf 91' lang='lat'><strong>,</strong></span> <span class='ocrx_word' id='word_1_266' title='bbox 3023 1656 3073 1701; x_wconf 85' lang='lat' dir='ltr'><strong>et</strong></span> <span class='ocrx_word' id='word_1_267' title='bbox 3118 1648 3313 1702; x_wconf 83' lang='lat' dir='ltr'><strong>invenit</strong></span> 
     </span>
    </p>
   </div>
   <div class='ocr_carea' id='block_1_34' title="bbox 88 1719 1655 1809">
    <p class='ocr_par' dir='ltr' id='par_1_34' title="bbox 88 1725 1644 1799">
     <span class='ocr_line' id='line_1_34' title="bbox 88 1725 1644 1799; baseline 0.006 -21"><span class='ocrx_word' id='word_1_268' title='bbox 88 1725 307 1793; x_wconf 74' lang='grc' dir='ltr'><em>ἡμέρας</em></span> <span class='ocrx_word' id='word_1_269' title='bbox 356 1725 541 1795; x_wconf 82' lang='grc' dir='ltr'><em>γάμος</em></span> <span class='ocrx_word' id='word_1_270' title='bbox 564 1726 797 1796; x_wconf 78' lang='grc' dir='ltr'><em>ἐγένετο</em></span> <span class='ocrx_word' id='word_1_271' title='bbox 834 1729 905 1782; x_wconf 80' lang='grc' dir='ltr'><em>ἐν</em></span> <span class='ocrx_word' id='word_1_272' title='bbox 942 1729 1109 1797; x_wconf 84' lang='grc' dir='ltr'><em>Κανᾷ</em></span> <span class='ocrx_word' id='word_1_273' title='bbox 1134 1730 1243 1799; x_wconf 84' lang='grc' dir='ltr'><em>τῆς</em></span> <span class='ocrx_word' id='word_1_274' title='bbox 1274 1734 1605 1799; x_wconf 78' lang='grc' dir='ltr'><em>Γαλιλαίας</em></span> <span class='ocrx_word' id='word_1_275' title='bbox 1629 1748 1644 1763; x_wconf 83' lang='grc'><em>’</em></span> 
     </span>
    </p>
   </div>
   <div class='ocr_carea' id='block_1_35' title="bbox 1777 1719 3313 1809">
    <p class='ocr_par' dir='ltr' id='par_1_35' title="bbox 1777 1739 3313 1809">
     <span class='ocr_line' id='line_1_35' title="bbox 1777 1739 3313 1809; baseline 0.002 -17"><span class='ocrx_word' id='word_1_276' title='bbox 1777 1740 2055 1809; x_wconf 73' lang='grc' dir='ltr'><em>ηιὶίίρριιηι</em></span> <span class='ocrx_word' id='word_1_277' title='bbox 2078 1779 2093 1805; x_wconf 91' lang='grc'><strong>,</strong></span> <span class='ocrx_word' id='word_1_278' title='bbox 2146 1750 2196 1795; x_wconf 89' lang='lat' dir='ltr'><strong>et</strong></span> <span class='ocrx_word' id='word_1_279' title='bbox 2225 1740 2353 1794; x_wconf 85' lang='lat' dir='ltr'><strong>dicit</strong></span> <span class='ocrx_word' id='word_1_280' title='bbox 2397 1741 2445 1794; x_wconf 91' lang='lat' dir='ltr'><strong>ei</strong></span> <span class='ocrx_word' id='word_1_281' title='bbox 2477 1739 2664 1795; x_wconf 81' lang='lat' dir='ltr'><strong>Jesus:</strong></span> <span class='ocrx_word' id='word_1_282' title='bbox 2695 1740 2916 1809; x_wconf 82' lang='lat' dir='ltr'><strong>Sequere</strong></span> <span class='ocrx_word' id='word_1_283' title='bbox 2954 1757 3034 1794; x_wconf 88' lang='lat' dir='ltr'><strong>me</strong></span> <span class='ocrx_word' id='word_1_284' title='bbox 3064 1741 3109 1796; x_wconf 74' lang='grc' dir='ltr'><em>τ.</em></span> <span class='ocrx_word' id='word_1_285' title='bbox 3142 1739 3313 1795; x_wconf 84' lang='lat' dir='ltr'><strong>Paulo</strong></span> 
     </span>
    </p>
   </div>
   <div class='ocr_carea' id='block_1_36' title="bbox 89 1818 1649 1891">
    <p class='ocr_par' dir='ltr' id='par_1_36' title="bbox 89 1818 1649 1891">
     <span class='ocr_line' id='line_1_36' title="bbox 89 1818 1649 1891; baseline 0.006 -21"><span class='ocrx_word' id='word_1_286' title='bbox 89 1818 179 1870; x_wconf 78' lang='grc' dir='ltr'><em>καὶ</em></span> <span class='ocrx_word' id='word_1_287' title='bbox 211 1818 434 1886; x_wconf 76' lang='grc' dir='ltr'><em>ἐκλήθη</em></span> <span class='ocrx_word' id='word_1_288' title='bbox 469 1822 501 1872; x_wconf 85' lang='grc' dir='ltr'><strong>ό</strong></span> <span class='ocrx_word' id='word_1_289' title='bbox 560 1820 799 1887; x_wconf 82' lang='grc' dir='ltr'><em>Ἰησοῦς</em></span> <span class='ocrx_word' id='word_1_290' title='bbox 835 1821 933 1874; x_wconf 75' lang='grc' dir='ltr'><em>καὶ</em></span> <span class='ocrx_word' id='word_1_291' title='bbox 970 1825 1022 1875; x_wconf 84' lang='grc' dir='ltr'><strong>οὶ</strong></span> <span class='ocrx_word' id='word_1_292' title='bbox 1064 1824 1321 1891; x_wconf 79' lang='grc' dir='ltr'><em>μαθηταὶ</em></span> <span class='ocrx_word' id='word_1_293' title='bbox 1353 1825 1538 1879; x_wconf 87' lang='grc' dir='ltr'><em>αὑτοῦ</em></span> <span class='ocrx_word' id='word_1_294' title='bbox 1563 1827 1649 1891; x_wconf 77' lang='grc' dir='ltr'><em>εις</em></span> 
     </span>
    </p>
   </div>
   <div class='ocr_carea' id='block_1_37' title="bbox 90 1908 1336 1983">
    <p class='ocr_par' dir='ltr' id='par_1_37' title="bbox 90 1908 1336 1983">
     <span class='ocr_line' id='line_1_37' title="bbox 90 1908 1336 1983; baseline 0.007 -22"><span class='ocrx_word' id='word_1_295' title='bbox 90 1909 187 1962; x_wconf 79' lang='grc' dir='ltr'><strong>τὸν</strong></span> <span class='ocrx_word' id='word_1_296' title='bbox 212 1908 421 1979; x_wconf 80' lang='grc' dir='ltr'><em>γάμον,</em></span> <span class='ocrx_word' id='word_1_297' title='bbox 448 1911 548 1966; x_wconf 80' lang='grc' dir='ltr'><em>καὶ</em></span> <span class='ocrx_word' id='word_1_298' title='bbox 578 1908 659 1983; x_wconf 82' lang='grc' dir='ltr'><em>ἦν</em></span> <span class='ocrx_word' id='word_1_299' title='bbox 684 1913 811 1966; x_wconf 79' lang='grc' dir='ltr'><em>ἐκεῖ</em></span> <span class='ocrx_word' id='word_1_300' title='bbox 834 1915 874 1982; x_wconf 77' lang='grc' dir='ltr'>ἡ</span> <span class='ocrx_word' id='word_1_301' title='bbox 903 1913 1100 1982; x_wconf 85' lang='grc' dir='ltr'><em>μήτηρ</em></span> <span class='ocrx_word' id='word_1_302' title='bbox 1128 1914 1336 1970; x_wconf 86' lang='grc' dir='ltr'><em>αὑτοῦ.</em></span> 
     </span>
    </p>
   </div>
   <div class='ocr_carea' id='block_1_38' title="bbox 153 2108 1651 2183">
    <p class='ocr_par' dir='ltr' id='par_1_38' title="bbox 153 2108 1651 2183">
     <span class='ocr_line' id='line_1_38' title="bbox 153 2108 1651 2183; baseline 0.001 -21"><span class='ocrx_word' id='word_1_303' title='bbox 153 2109 215 2162; x_wconf 75' lang='grc' dir='ltr'><strong>οι</strong></span> <span class='ocrx_word' id='word_1_304' title='bbox 242 2108 299 2161; x_wconf 76' lang='grc' dir='ltr'><em>δὲ</em></span> <span class='ocrx_word' id='word_1_305' title='bbox 326 2108 471 2163; x_wconf 70' lang='grc' dir='ltr'><em>ἄλλοι</em></span> <span class='ocrx_word' id='word_1_306' title='bbox 508 2110 888 2179; x_wconf 78' lang='grc' dir='ltr'><em>εὑαγγελισταὶ</em></span> <span class='ocrx_word' id='word_1_307' title='bbox 920 2112 1030 2183; x_wconf 87' lang='lat' dir='ltr'><strong>(l6)</strong></span> <span class='ocrx_word' id='word_1_308' title='bbox 1078 2112 1374 2183; x_wconf 83' lang='grc' dir='ltr'><em>φάσκουσιν</em></span> <span class='ocrx_word' id='word_1_309' title='bbox 1404 2113 1565 2167; x_wconf 86' lang='grc' dir='ltr'><em>αὐτὸν</em></span> <span class='ocrx_word' id='word_1_310' title='bbox 1593 2113 1651 2165; x_wconf 81' lang='grc' dir='ltr'><em>ὲν</em></span> 
     </span>
    </p>
   </div>
   <div class='ocr_carea' id='block_1_39' title="bbox 88 2200 1652 2274">
    <p class='ocr_par' dir='ltr' id='par_1_39' title="bbox 88 2200 1652 2274">
     <span class='ocr_line' id='line_1_39' title="bbox 88 2200 1652 2274; baseline 0.001 -22"><span class='ocrx_word' id='word_1_311' title='bbox 88 2203 148 2270; x_wconf 80' lang='grc' dir='ltr'><em>τῇ</em></span> <span class='ocrx_word' id='word_1_312' title='bbox 177 2200 365 2272; x_wconf 83' lang='grc' dir='ltr'><em>ὲρήμῳ</em></span> <span class='ocrx_word' id='word_1_313' title='bbox 394 2200 749 2270; x_wconf 78' lang='grc' dir='ltr'><em>πεποιηκέναι</em></span> <span class='ocrx_word' id='word_1_314' title='bbox 781 2203 1185 2273; x_wconf 80' lang='grc' dir='ltr'><em>τεσσαράκοντα</em></span> <span class='ocrx_word' id='word_1_315' title='bbox 1212 2204 1442 2274; x_wconf 79' lang='grc' dir='ltr'><em>ἡμέρας,</em></span> <span class='ocrx_word' id='word_1_316' title='bbox 1469 2219 1652 2273; x_wconf 83' lang='grc' dir='ltr'><em>πειρα-</em></span> 
     </span>
    </p>
   </div>
   <div class='ocr_carea' id='block_1_40' title="bbox 90 2290 1649 2366">
    <p class='ocr_par' dir='ltr' id='par_1_40' title="bbox 90 2290 1649 2366">
     <span class='ocr_line' id='line_1_40' title="bbox 90 2290 1649 2366; baseline 0.004 -23"><span class='ocrx_word' id='word_1_317' title='bbox 90 2292 308 2361; x_wconf 84' lang='grc' dir='ltr'><em>ζόμενον</em></span> <span class='ocrx_word' id='word_1_318' title='bbox 340 2292 443 2345; x_wconf 77' lang='grc' dir='ltr'><strong>ὑπὸ</strong></span> <span class='ocrx_word' id='word_1_319' title='bbox 489 2291 581 2344; x_wconf 78' lang='grc' dir='ltr'><em>τοῦ</em></span> <span class='ocrx_word' id='word_1_320' title='bbox 629 2290 897 2365; x_wconf 74' lang='grc' dir='ltr'><em>διαὸόλου,</em></span> <span class='ocrx_word' id='word_1_321' title='bbox 927 2294 1021 2347; x_wconf 73' lang='grc' dir='ltr'><em>καὶ</em></span> <span class='ocrx_word' id='word_1_322' title='bbox 1061 2294 1181 2346; x_wconf 88' lang='grc' dir='ltr'><em>τότε</em></span> <span class='ocrx_word' id='word_1_323' title='bbox 1217 2295 1649 2366; x_wconf 74' lang='grc' dir='ltr'><em>ὑποστρέψαντα,</em></span> 
     </span>
    </p>
   </div>
   <div class='ocr_carea' id='block_1_41' title="bbox 91 2382 1649 2455">
    <p class='ocr_par' dir='ltr' id='par_1_41' title="bbox 91 2382 1649 2455">
     <span class='ocr_line' id='line_1_41' title="bbox 91 2382 1649 2455; baseline 0.003 -18"><span class='ocrx_word' id='word_1_324' title='bbox 91 2385 177 2437; x_wconf 79' lang='grc' dir='ltr'><em>καὶ</em></span> <span class='ocrx_word' id='word_1_325' title='bbox 210 2382 590 2454; x_wconf 77' lang='grc' dir='ltr'><em>παραλαϐόντα</em></span> <span class='ocrx_word' id='word_1_326' title='bbox 617 2384 741 2448; x_wconf 82' lang='grc' dir='ltr'><em>τοὺς</em></span> <span class='ocrx_word' id='word_1_327' title='bbox 770 2383 1036 2455; x_wconf 87' lang='grc' dir='ltr'><em>μαθητάς.</em></span> <span class='ocrx_word' id='word_1_328' title='bbox 1068 2386 1174 2437; x_wconf 80' lang='grc' dir='ltr'><strong>Καὶ</strong></span> <span class='ocrx_word' id='word_1_329' title='bbox 1218 2387 1314 2439; x_wconf 73' lang='grc' dir='ltr'><em>οὐκ</em></span> <span class='ocrx_word' id='word_1_330' title='bbox 1358 2386 1559 2440; x_wconf 83' lang='grc' dir='ltr'><em>οἴδασιν</em></span> <span class='ocrx_word' id='word_1_331' title='bbox 1599 2389 1649 2441; x_wconf 78' lang='lat' dir='ltr'><strong>oi</strong></span> 
     </span>
    </p>
   </div>
   <div class='ocr_carea' id='block_1_42' title="bbox 89 2474 1653 2550">
    <p class='ocr_par' dir='ltr' id='par_1_42' title="bbox 89 2474 1653 2550">
     <span class='ocr_line' id='line_1_42' title="bbox 89 2474 1653 2550; baseline 0.004 -24"><span class='ocrx_word' id='word_1_332' title='bbox 89 2474 603 2547; x_wconf 80' lang='grc' dir='ltr'><em>ἀπαρακολούθητοι,</em></span> <span class='ocrx_word' id='word_1_333' title='bbox 629 2475 709 2528; x_wconf 84' lang='grc' dir='ltr'><em>ὅτι</em></span> <span class='ocrx_word' id='word_1_334' title='bbox 738 2475 950 2546; x_wconf 77' lang='grc' dir='ltr'><em>ἑκάστῳ</em></span> <span class='ocrx_word' id='word_1_335' title='bbox 974 2476 1327 2547; x_wconf 79' lang='grc' dir='ltr'><em>εὐαγγελιστῇ</em></span> <span class='ocrx_word' id='word_1_336' title='bbox 1354 2478 1653 2550; x_wconf 85' lang='grc' dir='ltr'><em>μεμελέτη-</em></span> 
     </span>
    </p>
   </div>
   <div class='ocr_carea' id='block_1_43' title="bbox 89 2564 1649 2637">
    <p class='ocr_par' dir='ltr' id='par_1_43' title="bbox 89 2564 1649 2637">
     <span class='ocr_line' id='line_1_43' title="bbox 89 2564 1649 2637; baseline 0.003 -21"><span class='ocrx_word' id='word_1_337' title='bbox 89 2582 172 2619; x_wconf 89' lang='grc' dir='ltr'><strong>ται</strong></span> <span class='ocrx_word' id='word_1_338' title='bbox 204 2564 504 2635; x_wconf 82' lang='grc' dir='ltr'><strong>συμφώνως</strong></span> <span class='ocrx_word' id='word_1_339' title='bbox 536 2565 633 2635; x_wconf 84' lang='grc' dir='ltr'><em>μὲν</em></span> <span class='ocrx_word' id='word_1_340' title='bbox 658 2568 770 2628; x_wconf 83' lang='grc' dir='ltr'><em>τοῖς</em></span> <span class='ocrx_word' id='word_1_341' title='bbox 803 2564 1007 2636; x_wconf 81' lang='grc' dir='ltr'><em>ἑτέροις</em></span> <span class='ocrx_word' id='word_1_342' title='bbox 1029 2565 1256 2637; x_wconf 84' lang='grc' dir='ltr'><em>λαλῆσαι</em></span> <span class='ocrx_word' id='word_1_343' title='bbox 1288 2568 1357 2621; x_wconf 75' lang='grc' dir='ltr'><em>τὰ</em></span> <span class='ocrx_word' id='word_1_344' title='bbox 1390 2568 1481 2620; x_wconf 82' lang='grc' dir='ltr'><strong>ὑπ’</strong></span> <span class='ocrx_word' id='word_1_345' title='bbox 1506 2568 1649 2621; x_wconf 84' lang='grc' dir='ltr'><em>ὲκεί-</em></span> 
     </span>
    </p>
   </div>
   <div class='ocr_carea' id='block_1_44' title="bbox 92 2656 1654 2728">
    <p class='ocr_par' dir='ltr' id='par_1_44' title="bbox 92 2656 1654 2728">
     <span class='ocr_line' id='line_1_44' title="bbox 92 2656 1654 2728; baseline 0.002 -19"><span class='ocrx_word' id='word_1_346' title='bbox 92 2673 189 2709; x_wconf 86' lang='grc' dir='ltr'><strong>νων</strong></span> <span class='ocrx_word' id='word_1_347' title='bbox 216 2656 511 2727; x_wconf 73' lang='grc' dir='ltr'><em>εἰρημένα·</em></span> <span class='ocrx_word' id='word_1_348' title='bbox 544 2656 679 2709; x_wconf 85' lang='grc' dir='ltr'><strong>ἀλλά</strong></span> <span class='ocrx_word' id='word_1_349' title='bbox 714 2656 779 2726; x_wconf 77' lang='grc' dir='ltr'><em>δὴ</em></span> <span class='ocrx_word' id='word_1_350' title='bbox 811 2656 879 2709; x_wconf 85' lang='grc' dir='ltr'><em>τὰ</em></span> <span class='ocrx_word' id='word_1_351' title='bbox 909 2657 999 2710; x_wconf 81' lang='grc' dir='ltr'><strong>ὑπ’</strong></span> <span class='ocrx_word' id='word_1_352' title='bbox 1034 2658 1256 2711; x_wconf 77' lang='grc' dir='ltr'><em>ἐκείνων</em></span> <span class='ocrx_word' id='word_1_353' title='bbox 1286 2657 1519 2728; x_wconf 78' lang='grc' dir='ltr'><em>ρηθέντα</em></span> <span class='ocrx_word' id='word_1_354' title='bbox 1548 2676 1654 2712; x_wconf 84' lang='grc' dir='ltr'><em>πα-</em></span> 
     </span>
    </p>
   </div>
   <div class='ocr_carea' id='block_1_45' title="bbox 94 2745 1653 2821">
    <p class='ocr_par' dir='ltr' id='par_1_45' title="bbox 94 2745 1653 2821">
     <span class='ocr_line' id='line_1_45' title="bbox 94 2745 1653 2821; baseline 0.002 -21"><span class='ocrx_word' id='word_1_355' title='bbox 94 2748 434 2818; x_wconf 84' lang='grc' dir='ltr'><em>ραλειφθέντα</em></span> <span class='ocrx_word' id='word_1_356' title='bbox 467 2747 637 2810; x_wconf 77' lang='grc' dir='ltr'><em>οὕτως</em></span> <span class='ocrx_word' id='word_1_357' title='bbox 659 2747 1024 2817; x_wconf 78' lang='grc' dir='ltr'><em>ἀποκαλύψαι.</em></span> <span class='ocrx_word' id='word_1_358' title='bbox 1053 2750 1127 2801; x_wconf 66' lang='lat' dir='ltr'><strong>Ub</strong></span> <span class='ocrx_word' id='word_1_359' title='bbox 1153 2749 1261 2821; x_wconf 81' lang='grc' dir='ltr'><strong>γάρ</strong></span> <span class='ocrx_word' id='word_1_360' title='bbox 1289 2745 1355 2820; x_wconf 76' lang='grc' dir='ltr'><em>ἦν</em></span> <span class='ocrx_word' id='word_1_361' title='bbox 1386 2749 1564 2804; x_wconf 83' lang='grc' dir='ltr'><em>αὐτῶν</em></span> <span class='ocrx_word' id='word_1_362' title='bbox 1592 2750 1653 2803; x_wconf 79' lang='grc' dir='ltr'><em>τὸ</em></span> 
     </span>
    </p>
   </div>
   <div class='ocr_carea' id='block_1_46' title="bbox 92 2840 1653 2913">
    <p class='ocr_par' dir='ltr' id='par_1_46' title="bbox 92 2840 1653 2913">
     <span class='ocr_line' id='line_1_46' title="bbox 92 2840 1653 2913; baseline 0.002 -20"><span class='ocrx_word' id='word_1_363' title='bbox 92 2841 314 2913; x_wconf 76' lang='grc' dir='ltr'><em>θέλημα,</em></span> <span class='ocrx_word' id='word_1_364' title='bbox 340 2841 474 2895; x_wconf 85' lang='grc' dir='ltr'><em>ἀλλὰ</em></span> <span class='ocrx_word' id='word_1_365' title='bbox 513 2845 577 2894; x_wconf 83' lang='grc' dir='ltr'><em>ὲκ</em></span> <span class='ocrx_word' id='word_1_366' title='bbox 610 2840 924 2910; x_wconf 86' lang='grc' dir='ltr'><em>Πνεύματος</em></span> <span class='ocrx_word' id='word_1_367' title='bbox 955 2841 1112 2908; x_wconf 81' lang='grc' dir='ltr'><em>ἀγίου</em></span> <span class='ocrx_word' id='word_1_368' title='bbox 1147 2844 1179 2913; x_wconf 82' lang='grc' dir='ltr'>ἡ</span> <span class='ocrx_word' id='word_1_369' title='bbox 1213 2841 1529 2896; x_wconf 76' lang='grc' dir='ltr'><em>διδασκαλία</em></span> <span class='ocrx_word' id='word_1_370' title='bbox 1560 2844 1653 2895; x_wconf 70' lang='grc' dir='ltr'><em>καὶ</em></span> 
     </span>
    </p>
   </div>
   <div class='ocr_carea' id='block_1_47' title="bbox 91 2933 1652 3006">
    <p class='ocr_par' dir='ltr' id='par_1_47' title="bbox 91 2933 1652 3006">
     <span class='ocr_line' id='line_1_47' title="bbox 91 2933 1652 3006; baseline -0.001 -20"><span class='ocrx_word' id='word_1_371' title='bbox 91 2936 121 3004; x_wconf 76' lang='grc' dir='ltr'><strong>η</strong></span> <span class='ocrx_word' id='word_1_372' title='bbox 163 2933 464 2986; x_wconf 84' lang='grc' dir='ltr'><em>ἀκολουθία.</em></span> <span class='ocrx_word' id='word_1_373' title='bbox 509 2935 570 2986; x_wconf 83' lang='grc' dir='ltr'><strong>Εἰ</strong></span> <span class='ocrx_word' id='word_1_374' title='bbox 616 2936 721 3006; x_wconf 78' lang='grc' dir='ltr'><em>γὰρ</em></span> <span class='ocrx_word' id='word_1_375' title='bbox 764 2934 951 2987; x_wconf 78' lang='grc' dir='ltr'><em>τούτου</em></span> <span class='ocrx_word' id='word_1_376' title='bbox 984 2933 1259 3003; x_wconf 76' lang='grc' dir='ltr'><em>βούλονται</em></span> <span class='ocrx_word' id='word_1_377' title='bbox 1292 2933 1652 3003; x_wconf 75' lang='grc' dir='ltr'><em>ἐπιλαμϐάνε-</em></span> 
     </span>
    </p>
   </div>
   <div class='ocr_carea' id='block_1_48' title="bbox 95 3024 1720 3124">
    <p class='ocr_par' dir='ltr' id='par_1_48' title="bbox 95 3024 1720 3124">
     <span class='ocr_line' id='line_1_48' title="bbox 95 3024 1720 3124; baseline 0.001 -46"><span class='ocrx_word' id='word_1_378' title='bbox 95 3026 229 3089; x_wconf 85' lang='grc' dir='ltr'><em>σθαι,</em></span> <span class='ocrx_word' id='word_1_379' title='bbox 257 3026 599 3096; x_wconf 82' lang='grc' dir='ltr'><em>μαθέτωσαν,</em></span> <span class='ocrx_word' id='word_1_380' title='bbox 635 3028 715 3079; x_wconf 81' lang='grc' dir='ltr'><em>ὅτι</em></span> <span class='ocrx_word' id='word_1_381' title='bbox 756 3028 804 3079; x_wconf 77' lang='grc' dir='ltr'><em>οἱ</em></span> <span class='ocrx_word' id='word_1_382' title='bbox 845 3025 992 3080; x_wconf 79' lang='grc' dir='ltr'><em>ἄλλοι</em></span> <span class='ocrx_word' id='word_1_383' title='bbox 1040 3026 1186 3094; x_wconf 80' lang='grc' dir='ltr'><em>τρεῖς</em></span> <span class='ocrx_word' id='word_1_384' title='bbox 1220 3025 1320 3077; x_wconf 74' lang='grc' dir='ltr'><em>οὐκ</em></span> <span class='ocrx_word' id='word_1_385' title='bbox 1361 3025 1455 3077; x_wconf 81' lang='grc' dir='ltr'><em>ἀπ’</em></span> <span class='ocrx_word' id='word_1_386' title='bbox 1485 3024 1651 3095; x_wconf 77' lang='grc' dir='ltr'><em>αὐτῆς</em></span> <span class='ocrx_word' id='word_1_387' title='bbox 1679 3067 1720 3124; x_wconf 80' lang='lat' dir='ltr'><strong><em>C</em></strong></span> 
     </span>
    </p>
   </div>
   <div class='ocr_carea' id='block_1_49' title="bbox 92 3116 1651 3189">
    <p class='ocr_par' dir='ltr' id='par_1_49' title="bbox 92 3116 1651 3189">
     <span class='ocr_line' id='line_1_49' title="bbox 92 3116 1651 3189; baseline 0 -19"><span class='ocrx_word' id='word_1_388' title='bbox 92 3119 375 3189; x_wconf 63' lang='grc' dir='ltr'><em>ἐνήρξαντο</em></span> <span class='ocrx_word' id='word_1_389' title='bbox 404 3119 502 3189; x_wconf 80' lang='grc' dir='ltr'><em>τῆς</em></span> <span class='ocrx_word' id='word_1_390' title='bbox 528 3117 863 3180; x_wconf 85' lang='grc' dir='ltr'><em>ἀκολουθίας.</em></span> <span class='ocrx_word' id='word_1_391' title='bbox 887 3116 1157 3179; x_wconf 84' lang='grc' dir='ltr'><em>Ματθαῖος</em></span> <span class='ocrx_word' id='word_1_392' title='bbox 1185 3116 1293 3188; x_wconf 81' lang='grc' dir='ltr'><strong>γάρ</strong></span> <span class='ocrx_word' id='word_1_393' title='bbox 1320 3116 1531 3187; x_wconf 83' lang='grc' dir='ltr'><em>πρῶτος</em></span> <span class='ocrx_word' id='word_1_394' title='bbox 1555 3116 1651 3187; x_wconf 81' lang='grc' dir='ltr'><strong>ἄρ·</strong></span> 
     </span>
    </p>
   </div>
   <div class='ocr_carea' id='block_1_50' title="bbox 92 3204 1653 3280">
    <p class='ocr_par' dir='ltr' id='par_1_50' title="bbox 92 3204 1653 3280">
     <span class='ocr_line' id='line_1_50' title="bbox 92 3204 1653 3280; baseline -0.003 -17"><span class='ocrx_word' id='word_1_395' title='bbox 92 3228 231 3280; x_wconf 81' lang='grc' dir='ltr'><em>χεται</em></span> <span class='ocrx_word' id='word_1_396' title='bbox 277 3209 738 3278; x_wconf 76' lang='grc' dir='ltr'><em>εὐαγγελίζεσθαι.</em></span> <span class='ocrx_word' id='word_1_397' title='bbox 772 3208 958 3279; x_wconf 78' lang='grc' dir='ltr'><em>Τούτῳ</em></span> <span class='ocrx_word' id='word_1_398' title='bbox 998 3208 1107 3278; x_wconf 84' lang='grc' dir='ltr'><em>γὰρ</em></span> <span class='ocrx_word' id='word_1_399' title='bbox 1134 3204 1203 3279; x_wconf 82' lang='grc' dir='ltr'><em>ἦν</em></span> <span class='ocrx_word' id='word_1_400' title='bbox 1235 3207 1653 3278; x_wconf 77' lang='grc' dir='ltr'><em>ἐπιτεταγμένον</em></span> 
     </span>
    </p>
   </div>
   <div class='ocr_carea' id='block_1_51' title="bbox 92 3298 1652 3370">
    <p class='ocr_par' dir='ltr' id='par_1_51' title="bbox 92 3298 1652 3370">
     <span class='ocr_line' id='line_1_51' title="bbox 92 3298 1652 3370; baseline 0.001 -18"><span class='ocrx_word' id='word_1_401' title='bbox 92 3301 147 3352; x_wconf 82' lang='grc' dir='ltr'><em>τὸ</em></span> <span class='ocrx_word' id='word_1_402' title='bbox 193 3299 512 3368; x_wconf 77' lang='grc' dir='ltr'><em>Εὐαγγέλιον</em></span> <span class='ocrx_word' id='word_1_403' title='bbox 562 3299 795 3370; x_wconf 80' lang='grc' dir='ltr'><em>κηρύξαι</em></span> <span class='ocrx_word' id='word_1_404' title='bbox 846 3298 942 3352; x_wconf 82' lang='grc' dir='ltr'><em>ἀπ’</em></span> <span class='ocrx_word' id='word_1_405' title='bbox 968 3299 1161 3369; x_wconf 83' lang='grc' dir='ltr'><em>ἀρχῆς,</em></span> <span class='ocrx_word' id='word_1_406' title='bbox 1192 3298 1267 3361; x_wconf 82' lang='grc' dir='ltr'><em>ὡς</em></span> <span class='ocrx_word' id='word_1_407' title='bbox 1307 3298 1401 3351; x_wconf 78' lang='grc' dir='ltr'><em>καὶ</em></span> <span class='ocrx_word' id='word_1_408' title='bbox 1441 3300 1498 3351; x_wconf 84' lang='grc' dir='ltr'><em>ὲν</em></span> <span class='ocrx_word' id='word_1_409' title='bbox 1522 3298 1652 3369; x_wconf 73' lang='grc' dir='ltr'><em>ἄλλῃ</em></span> 
     </span>
    </p>
   </div>
   <div class='ocr_carea' id='block_1_52' title="bbox 93 3390 1654 3463">
    <p class='ocr_par' dir='ltr' id='par_1_52' title="bbox 93 3390 1654 3463">
     <span class='ocr_line' id='line_1_52' title="bbox 93 3390 1654 3463; baseline 0 -20"><span class='ocrx_word' id='word_1_410' title='bbox 93 3392 288 3461; x_wconf 77' lang='grc' dir='ltr'><em>αἱρέσει</em></span> <span class='ocrx_word' id='word_1_411' title='bbox 319 3392 443 3463; x_wconf 76' lang='grc' dir='ltr'><em>περὶ</em></span> <span class='ocrx_word' id='word_1_412' title='bbox 474 3392 661 3443; x_wconf 83' lang='grc' dir='ltr'><em>τούτου</em></span> <span class='ocrx_word' id='word_1_413' title='bbox 687 3391 772 3444; x_wconf 75' lang='grc' dir='ltr'><em>διὰ</em></span> <span class='ocrx_word' id='word_1_414' title='bbox 798 3390 1031 3453; x_wconf 81' lang='grc' dir='ltr'><em>πλάτους</em></span> <span class='ocrx_word' id='word_1_415' title='bbox 1062 3391 1360 3462; x_wconf 82' lang='grc' dir='ltr'><em>εἰρήκαμεν</em></span> <span class='ocrx_word' id='word_1_416' title='bbox 1378 3407 1391 3420; x_wconf 83' lang='lat'><strong><em>°</em></strong></span> <span class='ocrx_word' id='word_1_417' title='bbox 1425 3390 1574 3443; x_wconf 72' lang='grc' dir='ltr'><em>οὐδὲν</em></span> <span class='ocrx_word' id='word_1_418' title='bbox 1598 3390 1654 3443; x_wconf 88' lang='grc' dir='ltr'><em>δὲ</em></span> 
     </span>
    </p>
   </div>
   <div class='ocr_carea' id='block_1_53' title="bbox 94 3479 1654 3554">
    <p class='ocr_par' dir='ltr' id='par_1_53' title="bbox 94 3479 1654 3554">
     <span class='ocr_line' id='line_1_53' title="bbox 94 3479 1654 3554; baseline -0.001 -17"><span class='ocrx_word' id='word_1_419' title='bbox 94 3484 230 3552; x_wconf 75' lang='grc' dir='ltr'><em>ἡμᾶς</em></span> <span class='ocrx_word' id='word_1_420' title='bbox 260 3483 491 3553; x_wconf 79' lang='grc' dir='ltr'><em>λυπήσει</em></span> <span class='ocrx_word' id='word_1_421' title='bbox 524 3484 618 3536; x_wconf 76' lang='grc' dir='ltr'><em>καὶ</em></span> <span class='ocrx_word' id='word_1_422' title='bbox 649 3479 802 3545; x_wconf 85' lang='grc' dir='ltr'><em>αὖθις</em></span> <span class='ocrx_word' id='word_1_423' title='bbox 831 3483 959 3554; x_wconf 78' lang='grc' dir='ltr'><em>περὶ</em></span> <span class='ocrx_word' id='word_1_424' title='bbox 987 3482 1094 3535; x_wconf 85' lang='grc' dir='ltr'><em>τῶν</em></span> <span class='ocrx_word' id='word_1_425' title='bbox 1139 3482 1316 3536; x_wconf 80' lang='grc' dir='ltr'><em>αὐτῶν</em></span> <span class='ocrx_word' id='word_1_426' title='bbox 1358 3482 1654 3554; x_wconf 83' lang='grc' dir='ltr'><em>διαλαμΰά-</em></span> 
     </span>
    </p>
   </div>
   <div class='ocr_carea' id='block_1_54' title="bbox 95 3575 1655 3647">
    <p class='ocr_par' dir='ltr' id='par_1_54' title="bbox 95 3575 1655 3647">
     <span class='ocr_line' id='line_1_54' title="bbox 95 3575 1655 3647; baseline 0.003 -21"><span class='ocrx_word' id='word_1_427' title='bbox 95 3592 218 3639; x_wconf 84' lang='grc' dir='ltr'><em>νειν,</em></span> <span class='ocrx_word' id='word_1_428' title='bbox 251 3578 329 3638; x_wconf 85' lang='grc' dir='ltr'><em>εἰς</em></span> <span class='ocrx_word' id='word_1_429' title='bbox 378 3576 719 3645; x_wconf 82' lang='grc' dir='ltr'><em>παράστασιν</em></span> <span class='ocrx_word' id='word_1_430' title='bbox 766 3576 865 3644; x_wconf 83' lang='grc' dir='ltr'><em>τῆς</em></span> <span class='ocrx_word' id='word_1_431' title='bbox 897 3575 1152 3646; x_wconf 79' lang='grc' dir='ltr'><em>ἀληθείας</em></span> <span class='ocrx_word' id='word_1_432' title='bbox 1186 3576 1278 3629; x_wconf 79' lang='grc' dir='ltr'><em>καὶ</em></span> <span class='ocrx_word' id='word_1_433' title='bbox 1309 3575 1526 3647; x_wconf 72' lang='grc' dir='ltr'><em>ἔλεγχον</em></span> <span class='ocrx_word' id='word_1_434' title='bbox 1547 3575 1655 3630; x_wconf 81' lang='grc' dir='ltr'><em>τῶν</em></span> 
     </span>
    </p>
   </div>
   <div class='ocr_carea' id='block_1_55' title="bbox 98 3668 536 3738">
    <p class='ocr_par' dir='ltr' id='par_1_55' title="bbox 98 3668 536 3738">
     <span class='ocr_line' id='line_1_55' title="bbox 98 3668 536 3738; baseline 0.009 -20"><span class='ocrx_word' id='word_1_435' title='bbox 98 3668 536 3738; x_wconf 80' lang='grc' dir='ltr'><em>πεπλανημένων.</em></span> 
     </span>
    </p>
   </div>
   <div class='ocr_carea' id='block_1_56' title="bbox 160 3824 1656 3912">
    <p class='ocr_par' dir='ltr' id='par_1_56' title="bbox 160 3840 1656 3912">
     <span class='ocr_line' id='line_1_56' title="bbox 160 3840 1656 3912; baseline 0 -15"><span class='ocrx_word' id='word_1_436' title='bbox 160 3846 231 3897; x_wconf 84' lang='grc' dir='ltr'><strong>Ε’.</strong></span> <span class='ocrx_word' id='word_1_437' title='bbox 274 3840 443 3908; x_wconf 74' lang='grc' dir='ltr'><em>Οὗτος</em></span> <span class='ocrx_word' id='word_1_438' title='bbox 472 3844 646 3897; x_wconf 83' lang='grc' dir='ltr'><em>τοίνυν</em></span> <span class='ocrx_word' id='word_1_439' title='bbox 677 3847 704 3897; x_wconf 88' lang='grc' dir='ltr'>ὁ</span> <span class='ocrx_word' id='word_1_440' title='bbox 732 3844 1006 3907; x_wconf 83' lang='grc' dir='ltr'><em>Ματθαῖος</em></span> <span class='ocrx_word' id='word_1_441' title='bbox 1031 3842 1379 3908; x_wconf 81' lang='grc' dir='ltr'><em>καταξιοῦται</em></span> <span class='ocrx_word' id='word_1_442' title='bbox 1400 3844 1459 3897; x_wconf 85' lang='grc' dir='ltr'><em>τὸ</em></span> <span class='ocrx_word' id='word_1_443' title='bbox 1481 3844 1656 3912; x_wconf 82' lang='grc' dir='ltr'><em>Εὐαγ-</em></span> 
     </span>
    </p>
   </div>
   <div class='ocr_carea' id='block_1_57' title="bbox 98 3932 1655 4007">
    <p class='ocr_par' dir='ltr' id='par_1_57' title="bbox 98 3932 1655 4007">
     <span class='ocr_line' id='line_1_57' title="bbox 98 3932 1655 4007; baseline -0.001 -18"><span class='ocrx_word' id='word_1_444' title='bbox 98 3936 284 4005; x_wconf 80' lang='grc' dir='ltr'><em>γέλιον,</em></span> <span class='ocrx_word' id='word_1_445' title='bbox 310 3937 388 3999; x_wconf 83' lang='grc' dir='ltr'><em>ὼς</em></span> <span class='ocrx_word' id='word_1_446' title='bbox 439 3937 605 4007; x_wconf 81' lang='grc' dir='ltr'><em>ἔφην’</em></span> <span class='ocrx_word' id='word_1_447' title='bbox 641 3936 734 3989; x_wconf 80' lang='grc' dir='ltr'><em>καὶ</em></span> <span class='ocrx_word' id='word_1_448' title='bbox 776 3936 1087 3989; x_wconf 77' lang='grc' dir='ltr'><em>δικαιότατα</em></span> <span class='ocrx_word' id='word_1_449' title='bbox 1137 3932 1378 4005; x_wconf 81' lang='grc' dir='ltr'><em>ἧν.Ἔδει</em></span> <span class='ocrx_word' id='word_1_450' title='bbox 1429 3934 1536 4004; x_wconf 79' lang='grc' dir='ltr'><em>γὰρ</em></span> <span class='ocrx_word' id='word_1_451' title='bbox 1567 3934 1655 3988; x_wconf 81' lang='grc' dir='ltr'><em>τὸν</em></span> 
     </span>
    </p>
   </div>
   <div class='ocr_carea' id='block_1_58' title="bbox 99 4026 1656 4098">
    <p class='ocr_par' dir='ltr' id='par_1_58' title="bbox 99 4026 1656 4098">
     <span class='ocr_line' id='line_1_58' title="bbox 99 4026 1656 4098; baseline -0.001 -19"><span class='ocrx_word' id='word_1_452' title='bbox 99 4027 197 4080; x_wconf 78' lang='grc' dir='ltr'><em>ἀπὸ</em></span> <span class='ocrx_word' id='word_1_453' title='bbox 239 4027 454 4081; x_wconf 84' lang='grc' dir='ltr'><em>πολλῶν</em></span> <span class='ocrx_word' id='word_1_454' title='bbox 498 4028 608 4098; x_wconf 87' lang='lat' dir='ltr'><strong>(l7)</strong></span> <span class='ocrx_word' id='word_1_455' title='bbox 653 4027 1057 4098; x_wconf 79' lang='grc' dir='ltr'><em>ἁμαρτημάτων</em></span> <span class='ocrx_word' id='word_1_456' title='bbox 1110 4026 1531 4096; x_wconf 79' lang='grc' dir='ltr'><em>ἐπιστρέψαντα,</em></span> <span class='ocrx_word' id='word_1_457' title='bbox 1564 4028 1656 4079; x_wconf 79' lang='grc' dir='ltr'><em>καὶ</em></span> 
     </span>
    </p>
   </div>
   <div class='ocr_carea' id='block_1_59' title="bbox 97 4116 1656 4187">
    <p class='ocr_par' dir='ltr' id='par_1_59' title="bbox 97 4116 1656 4187">
     <span class='ocr_line' id='line_1_59' title="bbox 97 4116 1656 4187; baseline -0.004 -14"><span class='ocrx_word' id='word_1_458' title='bbox 97 4120 196 4172; x_wconf 76' lang='grc' dir='ltr'><em>ἀπὸ</em></span> <span class='ocrx_word' id='word_1_459' title='bbox 224 4120 316 4173; x_wconf 81' lang='grc' dir='ltr'><em>τοῦ</em></span> <span class='ocrx_word' id='word_1_460' title='bbox 334 4118 616 4172; x_wconf 85' lang='grc' dir='ltr'><em>τελωνείου</em></span> <span class='ocrx_word' id='word_1_461' title='bbox 643 4118 946 4171; x_wconf 83' lang='grc' dir='ltr'><em>ἀναστάντα</em></span> <span class='ocrx_word' id='word_1_462' title='bbox 972 4116 1050 4187; x_wconf 80' lang='grc' dir='ltr'><em>τῷ</em></span> <span class='ocrx_word' id='word_1_463' title='bbox 1070 4116 1272 4170; x_wconf 72' lang='grc' dir='ltr'><em>ἐλθόντι</em></span> <span class='ocrx_word' id='word_1_464' title='bbox 1299 4116 1391 4168; x_wconf 74' lang='grc' dir='ltr'><strong>ἐπὶ</strong></span> <span class='ocrx_word' id='word_1_465' title='bbox 1417 4116 1656 4186; x_wconf 75' lang='grc' dir='ltr'><em>σωτηρία</em></span> 
     </span>
    </p>
   </div>
   <div class='ocr_carea' id='block_1_60' title="bbox 98 4204 1657 4283">
    <p class='ocr_par' dir='ltr' id='par_1_60' title="bbox 98 4204 1657 4283">
     <span class='ocr_line' id='line_1_60' title="bbox 98 4204 1657 4283; baseline -0.002 -21"><span class='ocrx_word' id='word_1_466' title='bbox 98 4212 168 4281; x_wconf 84' lang='grc' dir='ltr'><em>τῷ</em></span> <span class='ocrx_word' id='word_1_467' title='bbox 195 4212 340 4279; x_wconf 79' lang='grc' dir='ltr'><em>γένει</em></span> <span class='ocrx_word' id='word_1_468' title='bbox 385 4211 494 4265; x_wconf 83' lang='grc' dir='ltr'><em>τῶν</em></span> <span class='ocrx_word' id='word_1_469' title='bbox 537 4211 859 4283; x_wconf 86' lang='grc' dir='ltr'><em>ἀνθρώπων,</em></span> <span class='ocrx_word' id='word_1_470' title='bbox 891 4211 986 4263; x_wconf 70' lang='grc' dir='ltr'><em>καὶ</em></span> <span class='ocrx_word' id='word_1_471' title='bbox 1038 4209 1277 4276; x_wconf 70' lang='grc' dir='ltr'><em>λέγοντν</em></span> <span class='ocrx_word' id='word_1_472' title='bbox 1310 4210 1429 4262; x_wconf 84' lang='grc' dir='ltr'><strong>Οὐκ</strong></span> <span class='ocrx_word' id='word_1_473' title='bbox 1470 4204 1657 4277; x_wconf 80' lang='grc' dir='ltr'><em>ἦλθον</em></span> 
     </span>
    </p>
   </div>
   <div class='ocr_carea' id='block_1_61' title="bbox 99 4298 1656 4371">
    <p class='ocr_par' dir='ltr' id='par_1_61' title="bbox 99 4298 1656 4371">
     <span class='ocr_line' id='line_1_61' title="bbox 99 4298 1656 4371; baseline -0.003 -15"><span class='ocrx_word' id='word_1_474' title='bbox 99 4304 343 4360; x_wconf 79' lang='grc' dir='ltr'><em>καλέσω</em></span> <span class='ocrx_word' id='word_1_475' title='bbox 377 4304 666 4369; x_wconf 81' lang='grc' dir='ltr'><em>δικαίους,</em></span> <span class='ocrx_word' id='word_1_476' title='bbox 709 4302 869 4357; x_wconf 82' lang='grc' dir='ltr'><em>ἀλλὰ</em></span> <span class='ocrx_word' id='word_1_477' title='bbox 919 4302 1303 4371; x_wconf 84' lang='grc' dir='ltr'><em>ἁμαρτωλοὺς</em></span> <span class='ocrx_word' id='word_1_478' title='bbox 1348 4304 1431 4365; x_wconf 79' lang='grc' dir='ltr'><strong>είς</strong></span> <span class='ocrx_word' id='word_1_479' title='bbox 1478 4298 1656 4368; x_wconf 88' lang='grc' dir='ltr'><em>μετὰ-</em></span> 
     </span>
    </p>
   </div>
   <div class='ocr_carea' id='block_1_62' title="bbox 98 4391 1732 4486">
    <p class='ocr_par' dir='ltr' id='par_1_62' title="bbox 98 4391 1732 4486">
     <span class='ocr_line' id='line_1_62' title="bbox 98 4391 1732 4486; baseline -0.002 -39"><span class='ocrx_word' id='word_1_480' title='bbox 98 4412 279 4460; x_wconf 86' lang='grc' dir='ltr'><em>νοιαν,</em></span> <span class='ocrx_word' id='word_1_481' title='bbox 314 4398 395 4459; x_wconf 82' lang='grc' dir='ltr'><strong>είς</strong></span> <span class='ocrx_word' id='word_1_482' title='bbox 427 4395 728 4465; x_wconf 84' lang='grc' dir='ltr'><em>ὑπόδειγμα</em></span> <span class='ocrx_word' id='word_1_483' title='bbox 752 4397 881 4463; x_wconf 84' lang='grc' dir='ltr'><em>ἡμῖν</em></span> <span class='ocrx_word' id='word_1_484' title='bbox 908 4393 1015 4446; x_wconf 86' lang='grc' dir='ltr'><em>τῶν</em></span> <span class='ocrx_word' id='word_1_485' title='bbox 1046 4392 1343 4463; x_wconf 83' lang='grc' dir='ltr'><em>μελλόντων</em></span> <span class='ocrx_word' id='word_1_486' title='bbox 1366 4391 1653 4456; x_wconf 75' lang='grc' dir='ltr'><em>σώζεσθαι,</em></span> <span class='ocrx_word' id='word_1_487' title='bbox 1686 4427 1732 4486; x_wconf 79' lang='lat' dir='ltr'><strong>D</strong></span> 
     </span>
    </p>
   </div>
   <div class='ocr_carea' id='block_1_63' title="bbox 101 4484 1655 4558">
    <p class='ocr_par' dir='ltr' id='par_1_63' title="bbox 101 4484 1655 4558">
     <span class='ocr_line' id='line_1_63' title="bbox 101 4484 1655 4558; baseline -0.002 -19"><span class='ocrx_word' id='word_1_488' title='bbox 101 4486 200 4558; x_wconf 71' lang='grc' dir='ltr'><strong>’τῷ</strong></span> <span class='ocrx_word' id='word_1_489' title='bbox 228 4490 285 4541; x_wconf 81' lang='grc' dir='ltr'><em>ὲν</em></span> <span class='ocrx_word' id='word_1_490' title='bbox 313 4488 392 4557; x_wconf 83' lang='grc' dir='ltr'><em>τῷ</em></span> <span class='ocrx_word' id='word_1_491' title='bbox 424 4487 688 4556; x_wconf 81' lang='grc' dir='ltr'><em>τελωνείῳ</em></span> <span class='ocrx_word' id='word_1_492' title='bbox 722 4486 1029 4557; x_wconf 78' lang='grc' dir='ltr'><em>ἀναχθέντι,</em></span> <span class='ocrx_word' id='word_1_493' title='bbox 1050 4486 1142 4539; x_wconf 76' lang='grc' dir='ltr'><em>καὶ</em></span> <span class='ocrx_word' id='word_1_494' title='bbox 1161 4485 1269 4538; x_wconf 86' lang='grc' dir='ltr'><em>ἀπὸ</em></span> <span class='ocrx_word' id='word_1_495' title='bbox 1296 4484 1504 4547; x_wconf 84' lang='grc' dir='ltr'><em>ἀδικίας</em></span> <span class='ocrx_word' id='word_1_496' title='bbox 1525 4484 1655 4536; x_wconf 88' lang='grc' dir='ltr'><em>ἀνα-</em></span> 
     </span>
    </p>
   </div>
   <div class='ocr_carea' id='block_1_64' title="bbox 100 4576 1655 4651">
    <p class='ocr_par' dir='ltr' id='par_1_64' title="bbox 100 4576 1655 4651">
     <span class='ocr_line' id='line_1_64' title="bbox 100 4576 1655 4651; baseline -0.003 -18"><span class='ocrx_word' id='word_1_497' title='bbox 100 4582 379 4651; x_wconf 75' lang='grc' dir='ltr'><em>στρέψαντι</em></span> <span class='ocrx_word' id='word_1_498' title='bbox 412 4579 789 4651; x_wconf 80' lang='grc' dir='ltr'><em>παρασχέσθαι</em></span> <span class='ocrx_word' id='word_1_499' title='bbox 822 4580 883 4632; x_wconf 86' lang='grc' dir='ltr'><em>τὸ</em></span> <span class='ocrx_word' id='word_1_500' title='bbox 926 4581 1184 4649; x_wconf 74' lang='grc' dir='ltr'><em>κήρυγμα</em></span> <span class='ocrx_word' id='word_1_501' title='bbox 1210 4579 1308 4648; x_wconf 78' lang='grc' dir='ltr'><em>τῆς</em></span> <span class='ocrx_word' id='word_1_502' title='bbox 1347 4576 1616 4647; x_wconf 85' lang='grc' dir='ltr'><em>σωτηρίας</em></span> <span class='ocrx_word' id='word_1_503' title='bbox 1643 4593 1655 4605; x_wconf 91' lang='grc'><strong>·</strong></span> 
     </span>
    </p>
   </div>
   <div class='ocr_carea' id='block_1_65' title="bbox 98 4670 1664 4766">
    <p class='ocr_par' dir='ltr' id='par_1_65' title="bbox 98 4670 1664 4766">
     <span class='ocr_line' id='line_1_65' title="bbox 98 4670 1664 4766; baseline -0.003 -42"><span class='ocrx_word' id='word_1_504' title='bbox 98 4672 179 4725; x_wconf 84' lang='grc' dir='ltr'><em>ῐνα</em></span> <span class='ocrx_word' id='word_1_505' title='bbox 202 4675 296 4727; x_wconf 80' lang='grc' dir='ltr'><em>ἀπ’</em></span> <span class='ocrx_word' id='word_1_506' title='bbox 324 4673 490 4727; x_wconf 79' lang='grc' dir='ltr'><em>αὑτοῦ</em></span> <span class='ocrx_word' id='word_1_507' title='bbox 536 4672 777 4741; x_wconf 83' lang='grc' dir='ltr'><em>μάθωσιν</em></span> <span class='ocrx_word' id='word_1_508' title='bbox 805 4674 854 4724; x_wconf 75' lang='grc' dir='ltr'><em>οἱ</em></span> <span class='ocrx_word' id='word_1_509' title='bbox 888 4671 1161 4741; x_wconf 86' lang='grc' dir='ltr'><em>ἀνθρωποι</em></span> <span class='ocrx_word' id='word_1_510' title='bbox 1195 4671 1295 4766; x_wconf 58' lang='grc' dir='ltr'><strong>ξῆν</strong></span> <span class='ocrx_word' id='word_1_511' title='bbox 1331 4670 1429 4739; x_wconf 77' lang='grc' dir='ltr'><em>τῆς</em></span> <span class='ocrx_word' id='word_1_512' title='bbox 1462 4685 1664 4739; x_wconf 83' lang='grc' dir='ltr'><em>παρου-</em></span> 
     </span>
    </p>
   </div>
   <div class='ocr_carea' id='block_1_66' title="bbox 99 4760 1665 4835">
    <p class='ocr_par' dir='ltr' id='par_1_66' title="bbox 99 4760 1665 4835">
     <span class='ocr_line' id='line_1_66' title="bbox 99 4760 1665 4835; baseline -0.004 -17"><span class='ocrx_word' id='word_1_513' title='bbox 99 4767 207 4831; x_wconf 86' lang='grc' dir='ltr'><em>σίας</em></span> <span class='ocrx_word' id='word_1_514' title='bbox 238 4764 665 4835; x_wconf 85' lang='grc' dir='ltr'><em>φιλανθρωπίαν.</em></span> <span class='ocrx_word' id='word_1_515' title='bbox 695 4764 847 4817; x_wconf 62' lang='lat' dir='ltr'><strong>Maca</strong></span> <span class='ocrx_word' id='word_1_516' title='bbox 878 4763 984 4834; x_wconf 82' lang='grc' dir='ltr'><em>γὰρ</em></span> <span class='ocrx_word' id='word_1_517' title='bbox 1011 4764 1111 4831; x_wconf 84' lang='grc' dir='ltr'><em>τὴν</em></span> <span class='ocrx_word' id='word_1_518' title='bbox 1140 4760 1331 4831; x_wconf 70' lang='grc' dir='ltr'><em>άιρεσιν</em></span> <span class='ocrx_word' id='word_1_519' title='bbox 1354 4760 1462 4813; x_wconf 84' lang='grc' dir='ltr'><em>τῶν</em></span> <span class='ocrx_word' id='word_1_520' title='bbox 1484 4761 1665 4830; x_wconf 81' lang='grc' dir='ltr'><em>ἀμαρ-</em></span> 
     </span>
    </p>
   </div>
   <div class='ocr_carea' id='block_1_67' title="bbox 97 4852 1658 4927">
    <p class='ocr_par' dir='ltr' id='par_1_67' title="bbox 97 4852 1658 4927">
     <span class='ocr_line' id='line_1_67' title="bbox 97 4852 1658 4927; baseline -0.003 -19"><span class='ocrx_word' id='word_1_521' title='bbox 97 4857 217 4909; x_wconf 82' lang='grc' dir='ltr'><em>τιῶν</em></span> <span class='ocrx_word' id='word_1_522' title='bbox 263 4857 572 4927; x_wconf 78' lang='grc' dir='ltr'><em>ἐδωρήσατο</em></span> <span class='ocrx_word' id='word_1_523' title='bbox 617 4856 765 4925; x_wconf 75' lang='grc' dir='ltr'><em>αὐτῷ</em></span> <span class='ocrx_word' id='word_1_524' title='bbox 813 4856 907 4908; x_wconf 69' lang='grc' dir='ltr'><em>καὶ</em></span> <span class='ocrx_word' id='word_1_525' title='bbox 958 4855 1250 4908; x_wconf 80' lang='grc' dir='ltr'><em>ἀνάστασιν</em></span> <span class='ocrx_word' id='word_1_526' title='bbox 1294 4852 1523 4924; x_wconf 84' lang='grc' dir='ltr'><em>νεκρῶν,</em></span> <span class='ocrx_word' id='word_1_527' title='bbox 1566 4852 1658 4906; x_wconf 78' lang='grc' dir='ltr'><em>καὶ</em></span> 
     </span>
    </p>
   </div>
   <div class='ocr_carea' id='block_1_68' title="bbox 98 4944 1658 5019">
    <p class='ocr_par' dir='ltr' id='par_1_68' title="bbox 98 4944 1658 5019">
     <span class='ocr_line' id='line_1_68' title="bbox 98 4944 1658 5019; baseline -0.002 -20"><span class='ocrx_word' id='word_1_528' title='bbox 98 4947 355 5019; x_wconf 81' lang='grc' dir='ltr'><em>κάθαρσιν</em></span> <span class='ocrx_word' id='word_1_529' title='bbox 386 4947 609 5017; x_wconf 79' lang='grc' dir='ltr'><em>λέπρας,</em></span> <span class='ocrx_word' id='word_1_530' title='bbox 642 4949 735 4999; x_wconf 73' lang='grc' dir='ltr'><em>καὶ</em></span> <span class='ocrx_word' id='word_1_531' title='bbox 765 4946 1009 5015; x_wconf 74' lang='grc' dir='ltr'><em>ἰαμάτων</em></span> <span class='ocrx_word' id='word_1_532' title='bbox 1034 4945 1307 5015; x_wconf 85' lang='grc' dir='ltr'><em>δυνάμεις,</em></span> <span class='ocrx_word' id='word_1_533' title='bbox 1335 4946 1427 4997; x_wconf 82' lang='grc' dir='ltr'><em>καὶ</em></span> <span class='ocrx_word' id='word_1_534' title='bbox 1459 4944 1658 4997; x_wconf 79' lang='grc' dir='ltr'><em>ἀπέλα-</em></span> 
     </span>
    </p>
   </div>
   <div class='ocr_carea' id='block_1_69' title="bbox 100 5035 1658 5109">
    <p class='ocr_par' dir='ltr' id='par_1_69' title="bbox 100 5035 1658 5109">
     <span class='ocr_line' id='line_1_69' title="bbox 100 5035 1658 5109; baseline -0.001 -20"><span class='ocrx_word' id='word_1_535' title='bbox 100 5056 177 5091; x_wconf 80' lang='grc' dir='ltr'><strong>σιν</strong></span> <span class='ocrx_word' id='word_1_536' title='bbox 218 5039 519 5109; x_wconf 86' lang='grc' dir='ltr'><em>δαιμόνων·</em></span> <span class='ocrx_word' id='word_1_537' title='bbox 560 5039 647 5091; x_wconf 84' lang='grc' dir='ltr'><em>ἵνα</em></span> <span class='ocrx_word' id='word_1_538' title='bbox 695 5038 768 5108; x_wconf 85' lang='grc' dir='ltr'><em>μὴ</em></span> <span class='ocrx_word' id='word_1_539' title='bbox 818 5037 974 5107; x_wconf 83' lang='grc' dir='ltr'><em>μόνον</em></span> <span class='ocrx_word' id='word_1_540' title='bbox 1014 5037 1122 5089; x_wconf 88' lang='grc' dir='ltr'><em>ἀπὺ</em></span> <span class='ocrx_word' id='word_1_541' title='bbox 1165 5035 1257 5089; x_wconf 76' lang='grc' dir='ltr'><em>τοῦ</em></span> <span class='ocrx_word' id='word_1_542' title='bbox 1310 5035 1468 5104; x_wconf 84' lang='grc' dir='ltr'><em>λόγου</em></span> <span class='ocrx_word' id='word_1_543' title='bbox 1496 5035 1658 5107; x_wconf 74' lang='grc' dir='ltr'><em>πείσῃ</em></span> 
     </span>
    </p>
   </div>
   <div class='ocr_carea' id='block_1_70' title="bbox 99 5128 1660 5199">
    <p class='ocr_par' dir='ltr' id='par_1_70' title="bbox 99 5128 1660 5199">
     <span class='ocr_line' id='line_1_70' title="bbox 99 5128 1660 5199; baseline -0.001 -18"><span class='ocrx_word' id='word_1_544' title='bbox 99 5133 213 5193; x_wconf 81' lang='grc' dir='ltr'><em>τοὺς</em></span> <span class='ocrx_word' id='word_1_545' title='bbox 243 5130 559 5193; x_wconf 81' lang='grc' dir='ltr'><em>ἀκούοντας,</em></span> <span class='ocrx_word' id='word_1_546' title='bbox 588 5130 723 5183; x_wconf 85' lang='grc' dir='ltr'><strong>ἀλλά</strong></span> <span class='ocrx_word' id='word_1_547' title='bbox 750 5130 843 5182; x_wconf 77' lang='grc' dir='ltr'><em>καὶ</em></span> <span class='ocrx_word' id='word_1_548' title='bbox 868 5129 960 5181; x_wconf 78' lang='grc' dir='ltr'><em>ἀπ’</em></span> <span class='ocrx_word' id='word_1_549' title='bbox 988 5128 1151 5183; x_wconf 80' lang='grc' dir='ltr'><em>αὑτοῦ</em></span> <span class='ocrx_word' id='word_1_550' title='bbox 1186 5128 1278 5181; x_wconf 78' lang='grc' dir='ltr'><em>τοῦ</em></span> <span class='ocrx_word' id='word_1_551' title='bbox 1310 5128 1467 5199; x_wconf 79' lang='grc' dir='ltr'><em>ἔργου</em></span> <span class='ocrx_word' id='word_1_552' title='bbox 1492 5128 1660 5199; x_wconf 83' lang='grc' dir='ltr'><em>κηρύ-</em></span> 
     </span>
    </p>
   </div>
   <div class='ocr_carea' id='block_1_71' title="bbox 174 5282 1702 5352">
    <p class='ocr_par' dir='ltr' id='par_1_71' title="bbox 174 5282 1702 5352">
     <span class='ocr_line' id='line_1_71' title="bbox 174 5282 1702 5352; baseline 0.002 -18"><span class='ocrx_word' id='word_1_553' title='bbox 174 5286 186 5313; x_wconf 85' lang='grc'>¹</span> <span class='ocrx_word' id='word_1_554' title='bbox 226 5286 530 5352; x_wconf 69' lang='lat' dir='ltr'><strong>Corruptus</strong></span> <span class='ocrx_word' id='word_1_555' title='bbox 555 5285 638 5336; x_wconf 89' lang='lat' dir='ltr'><strong>hic</strong></span> <span class='ocrx_word' id='word_1_556' title='bbox 670 5286 844 5339; x_wconf 86' lang='lat' dir='ltr'><strong>locus.</strong></span> <span class='ocrx_word' id='word_1_557' title='bbox 921 5286 943 5315; x_wconf 82' lang='grc'>³</span> <span class='ocrx_word' id='word_1_558' title='bbox 974 5285 1135 5337; x_wconf 81' lang='lat' dir='ltr'><strong>Joan.</strong></span> <span class='ocrx_word' id='word_1_559' title='bbox 1166 5300 1204 5345; x_wconf 84' lang='lat' dir='ltr'><strong>I,</strong></span> <span class='ocrx_word' id='word_1_560' title='bbox 1238 5285 1288 5337; x_wconf 82' lang='grc' dir='ltr'><strong>ί.</strong></span> <span class='ocrx_word' id='word_1_561' title='bbox 1366 5284 1387 5315; x_wconf 88' lang='grc'><strong><em>³</em></strong></span> <span class='ocrx_word' id='word_1_562' title='bbox 1421 5283 1553 5337; x_wconf 84' lang='lat' dir='ltr'><strong>ibid.</strong></span> <span class='ocrx_word' id='word_1_563' title='bbox 1616 5282 1702 5337; x_wconf 74' lang='lat' dir='ltr'><strong>M.</strong></span> 
     </span>
    </p>
   </div>
   <div class='ocr_carea' id='block_1_72' title="bbox 545 5354 1008 5419">
    <p class='ocr_par' dir='ltr' id='par_1_72' title="bbox 545 5354 1008 5419">
     <span class='ocr_line' id='line_1_72' title="bbox 545 5354 1008 5419; baseline 0.006 -14"><span class='ocrx_word' id='word_1_564' title='bbox 545 5357 565 5386; x_wconf 84' lang='lat'>&#39;</span> <span class='ocrx_word' id='word_1_565' title='bbox 596 5354 785 5408; x_wconf 79' lang='lat' dir='ltr'><strong>Matth.</strong></span> <span class='ocrx_word' id='word_1_566' title='bbox 817 5371 894 5419; x_wconf 77' lang='lat' dir='ltr'><strong>ix,</strong></span> <span class='ocrx_word' id='word_1_567' title='bbox 924 5354 1008 5408; x_wconf 77' lang='grc'><strong>15.</strong></span> 
     </span>
    </p>
   </div>
   <div class='ocr_carea' id='block_1_73' title="bbox 172 5469 1659 5542">
    <p class='ocr_par' dir='ltr' id='par_1_73' title="bbox 172 5469 1659 5542">
     <span class='ocr_line' id='line_1_73' title="bbox 172 5469 1659 5542; baseline -0.002 -17"><span class='ocrx_word' id='word_1_568' title='bbox 172 5469 277 5542; x_wconf 76' lang='grc'><strong>(16)</strong></span> <span class='ocrx_word' id='word_1_569' title='bbox 320 5473 386 5524; x_wconf 88' lang='grc' dir='ltr'><strong>οι</strong></span> <span class='ocrx_word' id='word_1_570' title='bbox 421 5470 488 5523; x_wconf 81' lang='grc' dir='ltr'><em>δὲ</em></span> <span class='ocrx_word' id='word_1_571' title='bbox 524 5470 699 5524; x_wconf 80' lang='grc' dir='ltr'><em>ἄλλοι</em></span> <span class='ocrx_word' id='word_1_572' title='bbox 745 5472 1182 5540; x_wconf 60' lang='grc' dir='ltr'><em>εὐαηγιγελιίινταί.</em></span> <span class='ocrx_word' id='word_1_573' title='bbox 1249 5469 1383 5526; x_wconf 81' lang='lat' dir='ltr'><strong>Vide</strong></span> <span class='ocrx_word' id='word_1_574' title='bbox 1427 5471 1659 5542; x_wconf 82' lang='lat' dir='ltr'><strong>August.</strong></span> 
     </span>
    </p>
   </div>
   <div class='ocr_carea' id='block_1_74' title="bbox 110 5540 962 5611">
    <p class='ocr_par' dir='ltr' id='par_1_74' title="bbox 110 5540 962 5611">
     <span class='ocr_line' id='line_1_74' title="bbox 110 5540 962 5611; baseline -0.002 -16"><span class='ocrx_word' id='word_1_575' title='bbox 110 5540 145 5595; x_wconf 87' lang='lat' dir='ltr'><strong>l.</strong></span> <span class='ocrx_word' id='word_1_576' title='bbox 177 5540 211 5594; x_wconf 89' lang='lat' dir='ltr'><strong>ll</strong></span> <span class='ocrx_word' id='word_1_577' title='bbox 248 5540 323 5594; x_wconf 89' lang='lat' dir='ltr'><strong>De</strong></span> <span class='ocrx_word' id='word_1_578' title='bbox 370 5557 512 5594; x_wconf 80' lang='lat' dir='ltr'><strong>cons.</strong></span> <span class='ocrx_word' id='word_1_579' title='bbox 546 5558 753 5611; x_wconf 80' lang='lat' dir='ltr'><strong>erang.,</strong></span> <span class='ocrx_word' id='word_1_580' title='bbox 789 5558 840 5595; x_wconf 90' lang='lat' dir='ltr'><strong>c.</strong></span> <span class='ocrx_word' id='word_1_581' title='bbox 876 5542 962 5595; x_wconf 79' lang='grc'><strong>16.</strong></span> 
     </span>
    </p>
   </div>
   <div class='ocr_carea' id='block_1_75' title="bbox 174 5608 1654 5680">
    <p class='ocr_par' dir='ltr' id='par_1_75' title="bbox 174 5608 1654 5680">
     <span class='ocr_line' id='line_1_75' title="bbox 174 5608 1654 5680; baseline -0.003 -17"><span class='ocrx_word' id='word_1_582' title='bbox 174 5612 282 5679; x_wconf 81' lang='grc'><strong>(17)</strong></span> <span class='ocrx_word' id='word_1_583' title='bbox 326 5611 481 5664; x_wconf 84' lang='grc' dir='ltr'><em>Ἔδει</em></span> <span class='ocrx_word' id='word_1_584' title='bbox 504 5612 611 5680; x_wconf 75' lang='grc' dir='ltr'><em>γὰρ</em></span> <span class='ocrx_word' id='word_1_585' title='bbox 640 5608 747 5663; x_wconf 72' lang='grc' dir='ltr'><em>τὸν</em></span> <span class='ocrx_word' id='word_1_586' title='bbox 782 5611 898 5665; x_wconf 82' lang='grc' dir='ltr'><strong>ἀπὸ</strong></span> <span class='ocrx_word' id='word_1_587' title='bbox 932 5608 1197 5680; x_wconf 65' lang='grc' dir='ltr'><em>πολλῶν.</em></span> <span class='ocrx_word' id='word_1_588' title='bbox 1233 5608 1410 5663; x_wconf 83' lang='lat' dir='ltr'><strong>Malim</strong></span> <span class='ocrx_word' id='word_1_589' title='bbox 1436 5610 1513 5680; x_wconf 86' lang='grc' dir='ltr'><em>τῷ</em></span> <span class='ocrx_word' id='word_1_590' title='bbox 1538 5608 1654 5680; x_wconf 74' lang='grc' dir='ltr'><em>ἑπι-</em></span> 
     </span>
    </p>
   </div>
   <div class='ocr_carea' id='block_1_76' title="bbox 116 5678 1653 5752">
    <p class='ocr_par' dir='ltr' id='par_1_76' title="bbox 116 5678 1653 5752">
     <span class='ocr_line' id='line_1_76' title="bbox 116 5678 1653 5752; baseline -0.005 -14"><span class='ocrx_word' id='word_1_591' title='bbox 116 5681 432 5752; x_wconf 67' lang='grc' dir='ltr'><em>στρέψαντι,</em></span> <span class='ocrx_word' id='word_1_592' title='bbox 479 5678 529 5737; x_wconf 80' lang='lat' dir='ltr'><strong>et</strong></span> <span class='ocrx_word' id='word_1_593' title='bbox 576 5678 877 5736; x_wconf 75' lang='grc' dir='ltr'><em>ἀναστάντι</em></span> <span class='ocrx_word' id='word_1_594' title='bbox 950 5678 1199 5734; x_wconf 61' lang='lat' dir='ltr'><strong>Vicissim</strong></span> <span class='ocrx_word' id='word_1_595' title='bbox 1250 5696 1403 5741; x_wconf 79' lang='lat' dir='ltr'><strong>vero,</strong></span> <span class='ocrx_word' id='word_1_596' title='bbox 1448 5678 1539 5732; x_wconf 76' lang='grc' dir='ltr'><em>τὸν</em></span> <span class='ocrx_word' id='word_1_597' title='bbox 1570 5678 1653 5731; x_wconf 67' lang='grc' dir='ltr'><em>έλ-</em></span> 
     </span>
    </p>
   </div>
   <div class='ocr_carea' id='block_1_77' title="bbox 104 5354 474 5417">
    <p class='ocr_par' dir='ltr' id='par_1_77' title="bbox 104 5354 474 5417">
     <span class='ocr_line' id='line_1_77' title="bbox 104 5354 474 5417; baseline 0.005 -11"><span class='ocrx_word' id='word_1_598' title='bbox 104 5354 123 5385; x_wconf 90' lang='grc'>⁶</span> <span class='ocrx_word' id='word_1_599' title='bbox 143 5354 294 5408; x_wconf 83' lang='lat' dir='ltr'><strong>Joan.</strong></span> <span class='ocrx_word' id='word_1_600' title='bbox 330 5372 387 5417; x_wconf 87' lang='lat' dir='ltr'><strong>ll,</strong></span> <span class='ocrx_word' id='word_1_601' title='bbox 431 5360 474 5408; x_wconf 90' lang='lat' dir='ltr'><strong>l.</strong></span> 
     </span>
    </p>
   </div>
   <div class='ocr_carea' id='block_1_78' title="bbox 1749 1830 3313 1903">
    <p class='ocr_par' dir='ltr' id='par_1_78' title="bbox 1749 1830 3313 1903">
     <span class='ocr_line' id='line_1_78' title="bbox 1749 1830 3313 1903; baseline -0.004 -13"><span class='ocrx_word' id='word_1_602' title='bbox 1749 1842 1873 1903; x_wconf 92' lang='lat' dir='ltr'><strong>post</strong></span> <span class='ocrx_word' id='word_1_603' title='bbox 1899 1848 2028 1887; x_wconf 90' lang='lat' dir='ltr'><strong>vero</strong></span> <span class='ocrx_word' id='word_1_604' title='bbox 2070 1832 2144 1886; x_wconf 89' lang='lat' dir='ltr'><strong>ita</strong></span> <span class='ocrx_word' id='word_1_605' title='bbox 2180 1834 2560 1902; x_wconf 87' lang='lat' dir='ltr'><strong>prosequitur:</strong></span> <span class='ocrx_word' id='word_1_606' title='bbox 2603 1832 2672 1885; x_wconf 89' lang='lat' dir='ltr'><strong>Et</strong></span> <span class='ocrx_word' id='word_1_607' title='bbox 2713 1842 2828 1897; x_wconf 84' lang='lat' dir='ltr'><strong>post</strong></span> <span class='ocrx_word' id='word_1_608' title='bbox 2860 1830 3093 1885; x_wconf 85' lang='lat' dir='ltr'><strong>triduum</strong></span> <span class='ocrx_word' id='word_1_609' title='bbox 3116 1830 3313 1903; x_wconf 72' lang='lat' dir='ltr'><strong>nuptia:</strong></span> 
     </span>
    </p>
   </div>
   <div class='ocr_carea' id='block_1_79' title="bbox 1749 1920 3311 1993">
    <p class='ocr_par' dir='ltr' id='par_1_79' title="bbox 1749 1920 3311 1993">
     <span class='ocr_line' id='line_1_79' title="bbox 1749 1920 3311 1993; baseline -0.002 -16"><span class='ocrx_word' id='word_1_610' title='bbox 1749 1924 1906 1993; x_wconf 63' lang='lat' dir='ltr'><strong>factae</strong></span> <span class='ocrx_word' id='word_1_611' title='bbox 1955 1932 2075 1978; x_wconf 86' lang='lat' dir='ltr'><strong>sunt</strong></span> <span class='ocrx_word' id='word_1_612' title='bbox 2101 1924 2155 1977; x_wconf 85' lang='lat' dir='ltr'><strong>in</strong></span> <span class='ocrx_word' id='word_1_613' title='bbox 2196 1922 2346 1978; x_wconf 85' lang='lat' dir='ltr'><strong>Cana</strong></span> <span class='ocrx_word' id='word_1_614' title='bbox 2385 1922 2659 1987; x_wconf 74' lang='lat' dir='ltr'><strong>Galilaete;</strong></span> <span class='ocrx_word' id='word_1_615' title='bbox 2687 1932 2737 1977; x_wconf 90' lang='lat' dir='ltr'><strong>et</strong></span> <span class='ocrx_word' id='word_1_616' title='bbox 2763 1932 2974 1977; x_wconf 81' lang='lat' dir='ltr'><strong>uocatus</strong></span> <span class='ocrx_word' id='word_1_617' title='bbox 2998 1932 3075 1976; x_wconf 86' lang='lat' dir='ltr'><strong>est</strong></span> <span class='ocrx_word' id='word_1_618' title='bbox 3116 1920 3311 1989; x_wconf 72' lang='lat' dir='ltr'><strong>Iesus,</strong></span> 
     </span>
    </p>
   </div>
   <div class='ocr_carea' id='block_1_80' title="bbox 1748 2013 3308 2083">
    <p class='ocr_par' dir='ltr' id='par_1_80' title="bbox 1748 2013 3308 2083">
     <span class='ocr_line' id='line_1_80' title="bbox 1748 2013 3308 2083; baseline -0.001 -14"><span class='ocrx_word' id='word_1_619' title='bbox 1748 2025 1798 2069; x_wconf 86' lang='lat' dir='ltr'><strong>et</strong></span> <span class='ocrx_word' id='word_1_620' title='bbox 1832 2014 2079 2081; x_wconf 84' lang='lat' dir='ltr'><strong>discipuli</strong></span> <span class='ocrx_word' id='word_1_621' title='bbox 2106 2014 2219 2083; x_wconf 82' lang='lat' dir='ltr'><strong>ejus</strong></span> <span class='ocrx_word' id='word_1_622' title='bbox 2250 2014 2319 2068; x_wconf 85' lang='lat' dir='ltr'><strong>ad</strong></span> <span class='ocrx_word' id='word_1_623' title='bbox 2348 2016 2579 2081; x_wconf 82' lang='lat' dir='ltr'><strong>nuptias,</strong></span> <span class='ocrx_word' id='word_1_624' title='bbox 2601 2023 2651 2068; x_wconf 88' lang='lat' dir='ltr'><strong>et</strong></span> <span class='ocrx_word' id='word_1_625' title='bbox 2692 2027 2807 2068; x_wconf 85' lang='lat' dir='ltr'><strong>erat</strong></span> <span class='ocrx_word' id='word_1_626' title='bbox 2840 2014 2911 2067; x_wconf 89' lang='lat' dir='ltr'><strong>ibi</strong></span> <span class='ocrx_word' id='word_1_627' title='bbox 2933 2024 3100 2067; x_wconf 86' lang='lat' dir='ltr'><strong>mater</strong></span> <span class='ocrx_word' id='word_1_628' title='bbox 3137 2013 3245 2082; x_wconf 83' lang='lat' dir='ltr'><strong>ejus</strong></span> <span class='ocrx_word' id='word_1_629' title='bbox 3262 2014 3308 2067; x_wconf 85' lang='grc'><em>⁸.</em></span> 
     </span>
    </p>
   </div>
   <div class='ocr_carea' id='block_1_81' title="bbox 1768 2105 3313 2177">
    <p class='ocr_par' dir='ltr' id='par_1_81' title="bbox 1768 2105 3313 2177">
     <span class='ocr_line' id='line_1_81' title="bbox 1768 2105 3313 2177; baseline -0.001 -17"><span class='ocrx_word' id='word_1_630' title='bbox 1768 2150 1771 2151; x_wconf 42' lang='grc' dir='ltr'><em>ν</em></span> <span class='ocrx_word' id='word_1_631' title='bbox 1819 2107 2171 2177; x_wconf 68' lang='lat' dir='ltr'><strong>Evangelistaa</strong></span> <span class='ocrx_word' id='word_1_632' title='bbox 2202 2120 2328 2161; x_wconf 88' lang='lat' dir='ltr'><strong>vero</strong></span> <span class='ocrx_word' id='word_1_633' title='bbox 2357 2106 2538 2161; x_wconf 61' lang='lat' dir='ltr'><strong>caeteri</strong></span> <span class='ocrx_word' id='word_1_634' title='bbox 2568 2112 2790 2160; x_wconf 89' lang='lat' dir='ltr'><strong>narrant</strong></span> <span class='ocrx_word' id='word_1_635' title='bbox 2819 2121 2885 2159; x_wconf 72' lang='lat' dir='ltr'><strong>si.</strong></span> <span class='ocrx_word' id='word_1_636' title='bbox 2915 2106 3032 2160; x_wconf 89' lang='lat' dir='ltr'><strong>dies</strong></span> <span class='ocrx_word' id='word_1_637' title='bbox 3067 2105 3217 2160; x_wconf 91' lang='lat' dir='ltr'><strong>illum</strong></span> <span class='ocrx_word' id='word_1_638' title='bbox 3253 2106 3313 2158; x_wconf 90' lang='lat' dir='ltr'><strong>in</strong></span> 
     </span>
    </p>
   </div>
   <div class='ocr_carea' id='block_1_82' title="bbox 1750 2196 3317 2262">
    <p class='ocr_par' dir='ltr' id='par_1_82' title="bbox 1750 2196 3317 2262">
     <span class='ocr_line' id='line_1_82' title="bbox 1750 2196 3317 2262; baseline -0.003 -9"><span class='ocrx_word' id='word_1_639' title='bbox 1750 2198 1968 2255; x_wconf 79' lang='lat' dir='ltr'><strong>deserto</strong></span> <span class='ocrx_word' id='word_1_640' title='bbox 1998 2198 2283 2262; x_wconf 88' lang='lat' dir='ltr'><strong>mansisse,</strong></span> <span class='ocrx_word' id='word_1_641' title='bbox 2310 2205 2364 2252; x_wconf 90' lang='lat' dir='ltr'><strong>et</strong></span> <span class='ocrx_word' id='word_1_642' title='bbox 2393 2212 2425 2252; x_wconf 90' lang='lat' dir='ltr'><strong>a</strong></span> <span class='ocrx_word' id='word_1_643' title='bbox 2457 2196 2672 2251; x_wconf 87' lang='lat' dir='ltr'><strong>diabolo</strong></span> <span class='ocrx_word' id='word_1_644' title='bbox 2704 2196 2872 2252; x_wconf 85' lang='lat' dir='ltr'><strong>fuisse</strong></span> <span class='ocrx_word' id='word_1_645' title='bbox 2908 2204 3172 2251; x_wconf 85' lang='lat' dir='ltr'><strong>tentatum</strong></span> <span class='ocrx_word' id='word_1_646' title='bbox 3198 2213 3212 2261; x_wconf 91' lang='lat'><strong>;</strong></span> <span class='ocrx_word' id='word_1_647' title='bbox 3248 2210 3317 2250; x_wconf 87' lang='lat' dir='ltr'><strong>ac</strong></span> 
     </span>
    </p>
   </div>
   <div class='ocr_carea' id='block_1_83' title="bbox 1750 2286 3315 2357">
    <p class='ocr_par' dir='ltr' id='par_1_83' title="bbox 1750 2286 3315 2357">
     <span class='ocr_line' id='line_1_83' title="bbox 1750 2286 3315 2357; baseline -0.001 -14"><span class='ocrx_word' id='word_1_648' title='bbox 1750 2298 1865 2345; x_wconf 93' lang='lat' dir='ltr'><strong>tum</strong></span> <span class='ocrx_word' id='word_1_649' title='bbox 1883 2289 2108 2344; x_wconf 88' lang='lat' dir='ltr'><strong>demum</strong></span> <span class='ocrx_word' id='word_1_650' title='bbox 2141 2288 2451 2343; x_wconf 86' lang='lat' dir='ltr'><strong>redeuntem</strong></span> <span class='ocrx_word' id='word_1_651' title='bbox 2500 2287 2889 2357; x_wconf 89' lang='lat' dir='ltr'><strong>discipulorum</strong></span> <span class='ocrx_word' id='word_1_652' title='bbox 2923 2288 3182 2344; x_wconf 87' lang='lat' dir='ltr'><strong>habuisse</strong></span> <span class='ocrx_word' id='word_1_653' title='bbox 3215 2286 3315 2342; x_wconf 87' lang='lat' dir='ltr'><strong>de-</strong></span> 
     </span>
    </p>
   </div>
   <div class='ocr_carea' id='block_1_84' title="bbox 1752 2379 3314 2449">
    <p class='ocr_par' dir='ltr' id='par_1_84' title="bbox 1752 2379 3314 2449">
     <span class='ocr_line' id='line_1_84' title="bbox 1752 2379 3314 2449; baseline 0.001 -15"><span class='ocrx_word' id='word_1_654' title='bbox 1752 2380 1969 2435; x_wconf 87' lang='lat' dir='ltr'><strong>lectum.</strong></span> <span class='ocrx_word' id='word_1_655' title='bbox 2002 2379 2111 2434; x_wconf 82' lang='lat' dir='ltr'><strong>Nec</strong></span> <span class='ocrx_word' id='word_1_656' title='bbox 2141 2380 2295 2442; x_wconf 91' lang='lat' dir='ltr'><strong>illud,</strong></span> <span class='ocrx_word' id='word_1_657' title='bbox 2322 2394 2441 2449; x_wconf 68' lang='lat' dir='ltr'><strong>quae</strong></span> <span class='ocrx_word' id='word_1_658' title='bbox 2468 2393 2655 2434; x_wconf 89' lang='lat' dir='ltr'><strong>eorum</strong></span> <span class='ocrx_word' id='word_1_659' title='bbox 2688 2381 2906 2435; x_wconf 88' lang='lat' dir='ltr'><strong>inscitia</strong></span> <span class='ocrx_word' id='word_1_660' title='bbox 2931 2388 3034 2446; x_wconf 88' lang='lat' dir='ltr'><strong>est,</strong></span> <span class='ocrx_word' id='word_1_661' title='bbox 3065 2380 3314 2435; x_wconf 87' lang='lat' dir='ltr'><strong>animad-</strong></span> 
     </span>
    </p>
   </div>
   <div class='ocr_carea' id='block_1_85' title="bbox 1752 2470 3318 2541">
    <p class='ocr_par' dir='ltr' id='par_1_85' title="bbox 1752 2470 3318 2541">
     <span class='ocr_line' id='line_1_85' title="bbox 1752 2470 3318 2541; baseline 0 -15"><span class='ocrx_word' id='word_1_662' title='bbox 1752 2479 2005 2527; x_wconf 88' lang='lat' dir='ltr'><strong>vertunt:</strong></span> <span class='ocrx_word' id='word_1_663' title='bbox 2041 2470 2093 2524; x_wconf 92' lang='lat' dir='ltr'><strong>id</strong></span> <span class='ocrx_word' id='word_1_664' title='bbox 2120 2470 2573 2539; x_wconf 86' lang='lat' dir='ltr'><strong>evangelistarum</strong></span> <span class='ocrx_word' id='word_1_665' title='bbox 2605 2486 3045 2541; x_wconf 87' lang='lat' dir='ltr'><strong>unumquemque</strong></span> <span class='ocrx_word' id='word_1_666' title='bbox 3079 2472 3318 2527; x_wconf 80' lang='lat' dir='ltr'><strong>studuis-</strong></span> 
     </span>
    </p>
   </div>
   <div class='ocr_carea' id='block_1_86' title="bbox 1751 2561 3315 2632">
    <p class='ocr_par' dir='ltr' id='par_1_86' title="bbox 1751 2561 3315 2632">
     <span class='ocr_line' id='line_1_86' title="bbox 1751 2561 3315 2632; baseline -0.002 -11"><span class='ocrx_word' id='word_1_667' title='bbox 1751 2579 1831 2628; x_wconf 83' lang='lat' dir='ltr'><strong>se,</strong></span> <span class='ocrx_word' id='word_1_668' title='bbox 1864 2571 1942 2626; x_wconf 90' lang='lat' dir='ltr'><strong>ut,</strong></span> <span class='ocrx_word' id='word_1_669' title='bbox 1978 2578 2098 2632; x_wconf 68' lang='lat' dir='ltr'><strong>qua:</strong></span> <span class='ocrx_word' id='word_1_670' title='bbox 2123 2562 2191 2616; x_wconf 90' lang='lat' dir='ltr'><strong>ab</strong></span> <span class='ocrx_word' id='word_1_671' title='bbox 2217 2562 2338 2616; x_wconf 88' lang='lat' dir='ltr'><strong>aliis</strong></span> <span class='ocrx_word' id='word_1_672' title='bbox 2362 2571 2543 2616; x_wconf 89' lang='lat' dir='ltr'><strong>essent</strong></span> <span class='ocrx_word' id='word_1_673' title='bbox 2572 2561 2783 2631; x_wconf 89' lang='lat' dir='ltr'><strong>prodita</strong></span> <span class='ocrx_word' id='word_1_674' title='bbox 2804 2601 2821 2627; x_wconf 91' lang='lat'><strong>,</strong></span> <span class='ocrx_word' id='word_1_675' title='bbox 2854 2578 2917 2618; x_wconf 86' lang='lat' dir='ltr'><strong>ea</strong></span> <span class='ocrx_word' id='word_1_676' title='bbox 2946 2573 3315 2619; x_wconf 86' lang='lat' dir='ltr'><strong>consentanee</strong></span> 
     </span>
    </p>
   </div>
   <div class='ocr_carea' id='block_1_87' title="bbox 1750 2654 3317 2728">
    <p class='ocr_par' dir='ltr' id='par_1_87' title="bbox 1750 2654 3317 2728">
     <span class='ocr_line' id='line_1_87' title="bbox 1750 2654 3317 2728; baseline 0 -15"><span class='ocrx_word' id='word_1_677' title='bbox 1750 2674 1874 2713; x_wconf 89' lang='lat' dir='ltr'><strong>cum</strong></span> <span class='ocrx_word' id='word_1_678' title='bbox 1902 2658 2009 2712; x_wconf 89' lang='lat' dir='ltr'><strong>illis</strong></span> <span class='ocrx_word' id='word_1_679' title='bbox 2036 2661 2328 2725; x_wconf 77' lang='lat' dir='ltr'><strong>exponeret</strong></span> <span class='ocrx_word' id='word_1_680' title='bbox 2364 2673 2378 2708; x_wconf 87' lang='lat'><strong>:</strong></span> <span class='ocrx_word' id='word_1_681' title='bbox 2406 2654 2620 2709; x_wconf 87' lang='lat' dir='ltr'><strong>interim</strong></span> <span class='ocrx_word' id='word_1_682' title='bbox 2655 2662 2833 2725; x_wconf 82' lang='lat' dir='ltr'><strong>tamen</strong></span> <span class='ocrx_word' id='word_1_683' title='bbox 2864 2656 3159 2723; x_wconf 88' lang='lat' dir='ltr'><strong>nonnulla,</strong></span> <span class='ocrx_word' id='word_1_684' title='bbox 3193 2672 3317 2728; x_wconf 80' lang='lat' dir='ltr'><strong>qua.-</strong></span> 
     </span>
    </p>
   </div>
   <div class='ocr_carea' id='block_1_88' title="bbox 1752 2743 3319 2818">
    <p class='ocr_par' dir='ltr' id='par_1_88' title="bbox 1752 2743 3319 2818">
     <span class='ocr_line' id='line_1_88' title="bbox 1752 2743 3319 2818; baseline 0.002 -17"><span class='ocrx_word' id='word_1_685' title='bbox 1752 2749 1820 2803; x_wconf 90' lang='lat' dir='ltr'><strong>ab</strong></span> <span class='ocrx_word' id='word_1_686' title='bbox 1861 2747 2052 2801; x_wconf 86' lang='lat' dir='ltr'><strong>iisdem</strong></span> <span class='ocrx_word' id='word_1_687' title='bbox 2096 2752 2280 2802; x_wconf 90' lang='lat' dir='ltr'><strong>essent</strong></span> <span class='ocrx_word' id='word_1_688' title='bbox 2318 2743 2715 2814; x_wconf 56' lang='lat' dir='ltr'><strong>praetermissa,</strong></span> <span class='ocrx_word' id='word_1_689' title='bbox 2762 2757 3101 2801; x_wconf 84' lang='lat' dir='ltr'><strong>memoraret.</strong></span> <span class='ocrx_word' id='word_1_690' title='bbox 3132 2745 3319 2818; x_wconf 83' lang='lat' dir='ltr'><strong>Neque</strong></span> 
     </span>
    </p>
   </div>
   <div class='ocr_carea' id='block_1_89' title="bbox 1752 2834 3315 2909">
    <p class='ocr_par' dir='ltr' id='par_1_89' title="bbox 1752 2834 3315 2909">
     <span class='ocr_line' id='line_1_89' title="bbox 1752 2834 3315 2909; baseline 0.001 -17"><span class='ocrx_word' id='word_1_691' title='bbox 1752 2839 1894 2894; x_wconf 84' lang='lat' dir='ltr'><strong>enim</strong></span> <span class='ocrx_word' id='word_1_692' title='bbox 1921 2837 1971 2890; x_wconf 89' lang='lat' dir='ltr'><strong>id</strong></span> <span class='ocrx_word' id='word_1_693' title='bbox 1996 2838 2048 2890; x_wconf 93' lang='lat' dir='ltr'><strong>in</strong></span> <span class='ocrx_word' id='word_1_694' title='bbox 2070 2851 2258 2890; x_wconf 90' lang='lat' dir='ltr'><strong>eorum</strong></span> <span class='ocrx_word' id='word_1_695' title='bbox 2282 2836 2556 2889; x_wconf 87' lang='lat' dir='ltr'><strong>voluntate</strong></span> <span class='ocrx_word' id='word_1_696' title='bbox 2580 2836 2741 2889; x_wconf 86' lang='lat' dir='ltr'><strong>situm</strong></span> <span class='ocrx_word' id='word_1_697' title='bbox 2768 2834 2868 2889; x_wconf 80' lang='lat' dir='ltr'><strong>fuit</strong></span> <span class='ocrx_word' id='word_1_698' title='bbox 2892 2854 2911 2903; x_wconf 87' lang='lat'><strong>;</strong></span> <span class='ocrx_word' id='word_1_699' title='bbox 2936 2838 3030 2892; x_wconf 91' lang='lat' dir='ltr'><strong>sed</strong></span> <span class='ocrx_word' id='word_1_700' title='bbox 3051 2854 3080 2891; x_wconf 91' lang='lat' dir='ltr'><strong>a</strong></span> <span class='ocrx_word' id='word_1_701' title='bbox 3109 2839 3315 2909; x_wconf 82' lang='lat' dir='ltr'><strong>Spiritu</strong></span> 
     </span>
    </p>
   </div>
   <div class='ocr_carea' id='block_1_90' title="bbox 1752 2928 3322 2999">
    <p class='ocr_par' dir='ltr' id='par_1_90' title="bbox 1752 2928 3322 2999">
     <span class='ocr_line' id='line_1_90' title="bbox 1752 2928 3322 2999; baseline 0 -15"><span class='ocrx_word' id='word_1_702' title='bbox 1752 2938 1941 2984; x_wconf 90' lang='lat' dir='ltr'><strong>sancto</strong></span> <span class='ocrx_word' id='word_1_703' title='bbox 1984 2930 2162 2984; x_wconf 88' lang='lat' dir='ltr'><strong>omnis</strong></span> <span class='ocrx_word' id='word_1_704' title='bbox 2203 2928 2417 2982; x_wconf 91' lang='lat' dir='ltr'><strong>illorum</strong></span> <span class='ocrx_word' id='word_1_705' title='bbox 2456 2928 2723 2993; x_wconf 83' lang='lat' dir='ltr'><strong>doctrina,</strong></span> <span class='ocrx_word' id='word_1_706' title='bbox 2759 2928 3141 2999; x_wconf 85' lang='lat' dir='ltr'><strong>scribendique</strong></span> <span class='ocrx_word' id='word_1_707' title='bbox 3181 2930 3322 2984; x_wconf 89' lang='lat' dir='ltr'><strong>ordo</strong></span> 
     </span>
    </p>
   </div>
   <div class='ocr_carea' id='block_1_91' title="bbox 1754 3016 3319 3089">
    <p class='ocr_par' dir='ltr' id='par_1_91' title="bbox 1754 3016 3319 3089">
     <span class='ocr_line' id='line_1_91' title="bbox 1754 3016 3319 3089; baseline -0.001 -16"><span class='ocrx_word' id='word_1_708' title='bbox 1754 3022 2028 3089; x_wconf 82' lang='lat' dir='ltr'><strong>prolectus</strong></span> <span class='ocrx_word' id='word_1_709' title='bbox 2067 3027 2172 3073; x_wconf 85' lang='lat' dir='ltr'><strong>est.</strong></span> <span class='ocrx_word' id='word_1_710' title='bbox 2215 3017 2348 3071; x_wconf 84' lang='lat' dir='ltr'><strong>Nam</strong></span> <span class='ocrx_word' id='word_1_711' title='bbox 2397 3018 2443 3072; x_wconf 86' lang='lat' dir='ltr'><strong>si</strong></span> <span class='ocrx_word' id='word_1_712' title='bbox 2485 3017 2986 3088; x_wconf 84' lang='lat' dir='ltr'><strong>reprehendendum</strong></span> <span class='ocrx_word' id='word_1_713' title='bbox 3033 3016 3167 3071; x_wconf 92' lang='lat' dir='ltr'><strong>illud</strong></span> <span class='ocrx_word' id='word_1_714' title='bbox 3201 3020 3319 3073; x_wconf 76' lang='lat' dir='ltr'><strong>exi-</strong></span> 
     </span>
    </p>
   </div>
   <div class='ocr_carea' id='block_1_92' title="bbox 1754 3109 3321 3180">
    <p class='ocr_par' dir='ltr' id='par_1_92' title="bbox 1754 3109 3321 3180">
     <span class='ocr_line' id='line_1_92' title="bbox 1754 3109 3321 3180; baseline -0.002 -12"><span class='ocrx_word' id='word_1_715' title='bbox 1754 3113 1998 3175; x_wconf 91' lang='lat' dir='ltr'><strong>stimant,</strong></span> <span class='ocrx_word' id='word_1_716' title='bbox 2027 3110 2332 3180; x_wconf 76' lang='lat' dir='ltr'><strong>intelligant</strong></span> <span class='ocrx_word' id='word_1_717' title='bbox 2365 3117 2476 3166; x_wconf 90' lang='lat' dir='ltr'><strong>tres</strong></span> <span class='ocrx_word' id='word_1_718' title='bbox 2523 3111 2663 3165; x_wconf 86' lang='lat' dir='ltr'><strong>alios</strong></span> <span class='ocrx_word' id='word_1_719' title='bbox 2704 3109 3065 3180; x_wconf 88' lang='lat' dir='ltr'><strong>evangelistas</strong></span> <span class='ocrx_word' id='word_1_720' title='bbox 3104 3125 3212 3164; x_wconf 89' lang='lat' dir='ltr'><strong>non</strong></span> <span class='ocrx_word' id='word_1_721' title='bbox 3248 3111 3321 3165; x_wconf 86' lang='lat' dir='ltr'><strong>ab</strong></span> 
     </span>
    </p>
   </div>
   <div class='ocr_carea' id='block_1_93' title="bbox 1752 3201 3318 3274">
    <p class='ocr_par' dir='ltr' id='par_1_93' title="bbox 1752 3201 3318 3274">
     <span class='ocr_line' id='line_1_93' title="bbox 1752 3201 3318 3274; baseline -0.001 -17"><span class='ocrx_word' id='word_1_722' title='bbox 1752 3204 1870 3274; x_wconf 89' lang='lat' dir='ltr'><strong>ipso</strong></span> <span class='ocrx_word' id='word_1_723' title='bbox 1914 3218 2095 3257; x_wconf 87' lang='lat' dir='ltr'><strong>rerum</strong></span> <span class='ocrx_word' id='word_1_724' title='bbox 2140 3209 2412 3273; x_wconf 86' lang='lat' dir='ltr'><strong>gestarum</strong></span> <span class='ocrx_word' id='word_1_725' title='bbox 2460 3201 2616 3256; x_wconf 92' lang='lat' dir='ltr'><strong>initio</strong></span> <span class='ocrx_word' id='word_1_726' title='bbox 2646 3202 2979 3256; x_wconf 83' lang='lat' dir='ltr'><strong>narrationis</strong></span> <span class='ocrx_word' id='word_1_727' title='bbox 3011 3217 3125 3257; x_wconf 60' lang='lat' dir='ltr'><strong>suae.</strong></span> <span class='ocrx_word' id='word_1_728' title='bbox 3168 3217 3318 3260; x_wconf 85' lang='lat' dir='ltr'><strong>sum-</strong></span> 
     </span>
    </p>
   </div>
   <div class='ocr_carea' id='block_1_94' title="bbox 1753 3294 3321 3368">
    <p class='ocr_par' dir='ltr' id='par_1_94' title="bbox 1753 3294 3321 3368">
     <span class='ocr_line' id='line_1_94' title="bbox 1753 3294 3321 3368; baseline 0 -17"><span class='ocrx_word' id='word_1_729' title='bbox 1753 3298 1927 3368; x_wconf 89' lang='lat' dir='ltr'><strong>psisse</strong></span> <span class='ocrx_word' id='word_1_730' title='bbox 1954 3295 2272 3366; x_wconf 89' lang='lat' dir='ltr'><strong>primordia.</strong></span> <span class='ocrx_word' id='word_1_731' title='bbox 2319 3294 2605 3351; x_wconf 68' lang='lat' dir='ltr'><strong>Matthaaus</strong></span> <span class='ocrx_word' id='word_1_732' title='bbox 2648 3296 2792 3350; x_wconf 89' lang='lat' dir='ltr'><strong>enim</strong></span> <span class='ocrx_word' id='word_1_733' title='bbox 2836 3297 3044 3366; x_wconf 86' lang='lat' dir='ltr'><strong>primus</strong></span> <span class='ocrx_word' id='word_1_734' title='bbox 3076 3294 3321 3366; x_wconf 84' lang='lat' dir='ltr'><strong>Evange-</strong></span> 
     </span>
    </p>
   </div>
   <div class='ocr_carea' id='block_1_95' title="bbox 1754 3387 3320 3458">
    <p class='ocr_par' dir='ltr' id='par_1_95' title="bbox 1754 3387 3320 3458">
     <span class='ocr_line' id='line_1_95' title="bbox 1754 3387 3320 3458; baseline 0.001 -17"><span class='ocrx_word' id='word_1_735' title='bbox 1754 3389 1883 3441; x_wconf 91' lang='lat' dir='ltr'><strong>lium</strong></span> <span class='ocrx_word' id='word_1_736' title='bbox 1913 3387 2153 3441; x_wconf 83' lang='lat' dir='ltr'><strong>scribere</strong></span> <span class='ocrx_word' id='word_1_737' title='bbox 2176 3402 2468 3457; x_wconf 86' lang='lat' dir='ltr'><strong>aggressus</strong></span> <span class='ocrx_word' id='word_1_738' title='bbox 2494 3395 2599 3441; x_wconf 90' lang='lat' dir='ltr'><strong>est.</strong></span> <span class='ocrx_word' id='word_1_739' title='bbox 2626 3387 2727 3442; x_wconf 85' lang='lat' dir='ltr'><strong>Cui</strong></span> <span class='ocrx_word' id='word_1_740' title='bbox 2757 3387 2973 3458; x_wconf 91' lang='lat' dir='ltr'><strong>quidem</strong></span> <span class='ocrx_word' id='word_1_741' title='bbox 3006 3388 3161 3442; x_wconf 91' lang='lat' dir='ltr'><strong>initio</strong></span> <span class='ocrx_word' id='word_1_742' title='bbox 3189 3402 3320 3457; x_wconf 74' lang='lat' dir='ltr'><strong>prae-</strong></span> 
     </span>
    </p>
   </div>
   <div class='ocr_carea' id='block_1_96' title="bbox 1752 3476 3321 3549">
    <p class='ocr_par' dir='ltr' id='par_1_96' title="bbox 1752 3476 3321 3549">
     <span class='ocr_line' id='line_1_96' title="bbox 1752 3476 3321 3549; baseline 0 -17"><span class='ocrx_word' id='word_1_743' title='bbox 1752 3478 1967 3532; x_wconf 87' lang='lat' dir='ltr'><strong>dicandi</strong></span> <span class='ocrx_word' id='word_1_744' title='bbox 2013 3476 2287 3547; x_wconf 84' lang='lat' dir='ltr'><strong>Evangelii</strong></span> <span class='ocrx_word' id='word_1_745' title='bbox 2338 3494 2537 3534; x_wconf 90' lang='lat' dir='ltr'><strong>munus</strong></span> <span class='ocrx_word' id='word_1_746' title='bbox 2575 3486 2658 3533; x_wconf 87' lang='lat' dir='ltr'><strong>est</strong></span> <span class='ocrx_word' id='word_1_747' title='bbox 2687 3480 3061 3535; x_wconf 88' lang='lat' dir='ltr'><strong>commissum.</strong></span> <span class='ocrx_word' id='word_1_748' title='bbox 3102 3477 3179 3534; x_wconf 92' lang='lat' dir='ltr'><strong>De</strong></span> <span class='ocrx_word' id='word_1_749' title='bbox 3210 3494 3321 3549; x_wconf 87' lang='lat' dir='ltr'><strong>qua</strong></span> 
     </span>
    </p>
   </div>
   <div class='ocr_carea' id='block_1_97' title="bbox 1753 3568 3320 3639">
    <p class='ocr_par' dir='ltr' id='par_1_97' title="bbox 1753 3568 3320 3639">
     <span class='ocr_line' id='line_1_97' title="bbox 1753 3568 3320 3639; baseline 0.002 -18"><span class='ocrx_word' id='word_1_750' title='bbox 1753 3584 1812 3623; x_wconf 92' lang='lat' dir='ltr'><strong>re</strong></span> <span class='ocrx_word' id='word_1_751' title='bbox 1856 3569 1910 3622; x_wconf 88' lang='lat' dir='ltr'><strong>in</strong></span> <span class='ocrx_word' id='word_1_752' title='bbox 1954 3568 2060 3621; x_wconf 88' lang='lat' dir='ltr'><strong>alia</strong></span> <span class='ocrx_word' id='word_1_753' title='bbox 2107 3568 2302 3623; x_wconf 71' lang='lat' dir='ltr'><strong>haeresi</strong></span> <span class='ocrx_word' id='word_1_754' title='bbox 2347 3568 2567 3638; x_wconf 88' lang='lat' dir='ltr'><strong>c0piose</strong></span> <span class='ocrx_word' id='word_1_755' title='bbox 2616 3568 3048 3639; x_wconf 88' lang='lat' dir='ltr'><strong>disputavimus,</strong></span> <span class='ocrx_word' id='word_1_756' title='bbox 3083 3580 3137 3625; x_wconf 90' lang='lat' dir='ltr'><strong>et</strong></span> <span class='ocrx_word' id='word_1_757' title='bbox 3174 3585 3320 3625; x_wconf 87' lang='lat' dir='ltr'><strong>nunc</strong></span> 
     </span>
    </p>
   </div>
   <div class='ocr_carea' id='block_1_98' title="bbox 1752 3660 3321 3730">
    <p class='ocr_par' dir='ltr' id='par_1_98' title="bbox 1752 3660 3321 3730">
     <span class='ocr_line' id='line_1_98' title="bbox 1752 3660 3321 3730; baseline -0.001 -14"><span class='ocrx_word' id='word_1_758' title='bbox 1752 3660 1940 3716; x_wconf 88' lang='lat' dir='ltr'><strong>eadem</strong></span> <span class='ocrx_word' id='word_1_759' title='bbox 1973 3660 2072 3714; x_wconf 88' lang='lat' dir='ltr'><strong>hoc</strong></span> <span class='ocrx_word' id='word_1_760' title='bbox 2092 3660 2212 3714; x_wconf 92' lang='lat' dir='ltr'><strong>loco</strong></span> <span class='ocrx_word' id='word_1_761' title='bbox 2245 3668 2487 3730; x_wconf 88' lang='lat' dir='ltr'><strong>repetere</strong></span> <span class='ocrx_word' id='word_1_762' title='bbox 2509 3676 2630 3714; x_wconf 92' lang='lat' dir='ltr'><strong>cum</strong></span> <span class='ocrx_word' id='word_1_763' title='bbox 2648 3660 2714 3714; x_wconf 85' lang='lat' dir='ltr'><strong>ad</strong></span> <span class='ocrx_word' id='word_1_764' title='bbox 2736 3661 2980 3716; x_wconf 88' lang='lat' dir='ltr'><strong>veritatis</strong></span> <span class='ocrx_word' id='word_1_765' title='bbox 2998 3660 3177 3728; x_wconf 79' lang='lat' dir='ltr'><strong>ﬁdem,</strong></span> <span class='ocrx_word' id='word_1_766' title='bbox 3205 3670 3321 3716; x_wconf 85' lang='lat' dir='ltr'><strong>tum</strong></span> 
     </span>
    </p>
   </div>
   <div class='ocr_carea' id='block_1_99' title="bbox 1754 3752 3292 3822">
    <p class='ocr_par' dir='ltr' id='par_1_99' title="bbox 1754 3752 3292 3822">
     <span class='ocr_line' id='line_1_99' title="bbox 1754 3752 3292 3822; baseline -0.001 -15"><span class='ocrx_word' id='word_1_767' title='bbox 1754 3752 1820 3807; x_wconf 92' lang='lat' dir='ltr'><strong>ad</strong></span> <span class='ocrx_word' id='word_1_768' title='bbox 1850 3753 2066 3806; x_wconf 89' lang='lat' dir='ltr'><strong>illorum</strong></span> <span class='ocrx_word' id='word_1_769' title='bbox 2100 3752 2503 3807; x_wconf 89' lang='lat' dir='ltr'><strong>convincendos</strong></span> <span class='ocrx_word' id='word_1_770' title='bbox 2542 3766 2757 3807; x_wconf 88' lang='lat' dir='ltr'><strong>errores</strong></span> <span class='ocrx_word' id='word_1_771' title='bbox 2809 3752 3033 3807; x_wconf 91' lang='lat' dir='ltr'><strong>minime</strong></span> <span class='ocrx_word' id='word_1_772' title='bbox 3070 3752 3292 3822; x_wconf 89' lang='lat' dir='ltr'><strong>pigebit.</strong></span> 
     </span>
    </p>
   </div>
   <div class='ocr_carea' id='block_1_100' title="bbox 1825 3842 3314 3914">
    <p class='ocr_par' dir='ltr' id='par_1_100' title="bbox 1825 3842 3314 3914">
     <span class='ocr_line' id='line_1_100' title="bbox 1825 3842 3314 3914; baseline 0 -16"><span class='ocrx_word' id='word_1_773' title='bbox 1825 3844 1888 3898; x_wconf 82' lang='lat' dir='ltr'><strong>V.</strong></span> <span class='ocrx_word' id='word_1_774' title='bbox 1927 3844 2211 3900; x_wconf 75' lang='lat' dir='ltr'><strong>Mattlueus</strong></span> <span class='ocrx_word' id='word_1_775' title='bbox 2260 3845 2424 3912; x_wconf 89' lang='lat' dir='ltr'><strong>igitur</strong></span> <span class='ocrx_word' id='word_1_776' title='bbox 2469 3844 2677 3914; x_wconf 88' lang='lat' dir='ltr'><strong>primus</strong></span> <span class='ocrx_word' id='word_1_777' title='bbox 2720 3842 2995 3914; x_wconf 84' lang='lat' dir='ltr'><strong>Evangelii</strong></span> <span class='ocrx_word' id='word_1_778' title='bbox 3040 3843 3314 3899; x_wconf 86' lang='lat' dir='ltr'><strong>scribendi</strong></span> 
     </span>
    </p>
   </div>
   <div class='ocr_carea' id='block_1_101' title="bbox 1755 3935 3322 4008">
    <p class='ocr_par' dir='ltr' id='par_1_101' title="bbox 1755 3935 3322 4008">
     <span class='ocr_line' id='line_1_101' title="bbox 1755 3935 3322 4008; baseline 0.001 -18"><span class='ocrx_word' id='word_1_779' title='bbox 1755 3937 2087 4008; x_wconf 87' lang='lat' dir='ltr'><strong>provinciam</strong></span> <span class='ocrx_word' id='word_1_780' title='bbox 2138 3944 2328 3990; x_wconf 90' lang='lat' dir='ltr'><strong>nactus</strong></span> <span class='ocrx_word' id='word_1_781' title='bbox 2356 3942 2459 3999; x_wconf 88' lang='lat' dir='ltr'><strong>est,</strong></span> <span class='ocrx_word' id='word_1_782' title='bbox 2494 3942 2551 3988; x_wconf 90' lang='lat' dir='ltr'><strong>ut</strong></span> <span class='ocrx_word' id='word_1_783' title='bbox 2597 3935 2871 3999; x_wconf 76' lang='lat' dir='ltr'><strong>diximus,</strong></span> <span class='ocrx_word' id='word_1_784' title='bbox 2905 3936 3067 4005; x_wconf 71' lang='lat' dir='ltr'><strong>idque</strong></span> <span class='ocrx_word' id='word_1_785' title='bbox 3115 3937 3163 3990; x_wconf 92' lang='lat' dir='ltr'><strong>ei</strong></span> <span class='ocrx_word' id='word_1_786' title='bbox 3197 3938 3322 4005; x_wconf 85' lang='lat' dir='ltr'><strong>jure</strong></span> 
     </span>
    </p>
   </div>
   <div class='ocr_carea' id='block_1_102' title="bbox 1756 4025 3320 4096">
    <p class='ocr_par' dir='ltr' id='par_1_102' title="bbox 1756 4025 3320 4096">
     <span class='ocr_line' id='line_1_102' title="bbox 1756 4025 3320 4096; baseline -0.001 -14"><span class='ocrx_word' id='word_1_787' title='bbox 1756 4030 1948 4083; x_wconf 91' lang='lat' dir='ltr'><strong>merito</strong></span> <span class='ocrx_word' id='word_1_788' title='bbox 1998 4027 2244 4095; x_wconf 88' lang='lat' dir='ltr'><strong>contigit.</strong></span> <span class='ocrx_word' id='word_1_789' title='bbox 2297 4025 2595 4096; x_wconf 88' lang='lat' dir='ltr'><strong>Oportebat</strong></span> <span class='ocrx_word' id='word_1_790' title='bbox 2627 4026 2771 4078; x_wconf 85' lang='lat' dir='ltr'><strong>enim</strong></span> <span class='ocrx_word' id='word_1_791' title='bbox 2814 4041 2937 4081; x_wconf 89' lang='lat' dir='ltr'><strong>eum</strong></span> <span class='ocrx_word' id='word_1_792' title='bbox 2982 4026 3190 4096; x_wconf 77' lang='lat' dir='ltr'><strong>ipsum,</strong></span> <span class='ocrx_word' id='word_1_793' title='bbox 3224 4029 3320 4096; x_wconf 90' lang='lat' dir='ltr'><strong>qui</strong></span> 
     </span>
    </p>
   </div>
   <div class='ocr_carea' id='block_1_103' title="bbox 1756 4120 3318 4190">
    <p class='ocr_par' dir='ltr' id='par_1_103' title="bbox 1756 4120 3318 4190">
     <span class='ocr_line' id='line_1_103' title="bbox 1756 4120 3318 4190; baseline -0.001 -15"><span class='ocrx_word' id='word_1_794' title='bbox 1756 4122 1823 4175; x_wconf 89' lang='lat' dir='ltr'><strong>ad</strong></span> <span class='ocrx_word' id='word_1_795' title='bbox 1860 4121 2252 4174; x_wconf 89' lang='lat' dir='ltr'><strong>conciliandam</strong></span> <span class='ocrx_word' id='word_1_796' title='bbox 2286 4120 2525 4174; x_wconf 90' lang='lat' dir='ltr'><strong>humano</strong></span> <span class='ocrx_word' id='word_1_797' title='bbox 2568 4121 2752 4190; x_wconf 88' lang='lat' dir='ltr'><strong>generi</strong></span> <span class='ocrx_word' id='word_1_798' title='bbox 2799 4121 3030 4175; x_wconf 89' lang='lat' dir='ltr'><strong>salutem</strong></span> <span class='ocrx_word' id='word_1_799' title='bbox 3083 4120 3318 4174; x_wconf 87' lang='lat' dir='ltr'><strong>advene-</strong></span> 
     </span>
    </p>
   </div>
   <div class='ocr_carea' id='block_1_104' title="bbox 1757 4211 3318 4283">
    <p class='ocr_par' dir='ltr' id='par_1_104' title="bbox 1757 4211 3318 4283">
     <span class='ocr_line' id='line_1_104' title="bbox 1757 4211 3318 4283; baseline -0.001 -16"><span class='ocrx_word' id='word_1_800' title='bbox 1757 4220 1863 4279; x_wconf 89' lang='lat' dir='ltr'><strong>rat,</strong></span> <span class='ocrx_word' id='word_1_801' title='bbox 1889 4212 2088 4283; x_wconf 89' lang='lat' dir='ltr'><strong>quique</strong></span> <span class='ocrx_word' id='word_1_802' title='bbox 2117 4213 2191 4267; x_wconf 88' lang='lat' dir='ltr'><strong>ita</strong></span> <span class='ocrx_word' id='word_1_803' title='bbox 2221 4211 2428 4268; x_wconf 81' lang='lat' dir='ltr'><strong>dixerat</strong></span> <span class='ocrx_word' id='word_1_804' title='bbox 2454 4230 2466 4266; x_wconf 91' lang='lat'><strong>:</strong></span> <span class='ocrx_word' id='word_1_805' title='bbox 2499 4211 2622 4267; x_wconf 88' lang='lat' dir='ltr'><strong>Non</strong></span> <span class='ocrx_word' id='word_1_806' title='bbox 2660 4214 2771 4267; x_wconf 73' lang='lat' dir='ltr'><strong>veni</strong></span> <span class='ocrx_word' id='word_1_807' title='bbox 2802 4229 2984 4267; x_wconf 81' lang='lat' dir='ltr'><strong>vocare</strong></span> <span class='ocrx_word' id='word_1_808' title='bbox 3002 4212 3199 4281; x_wconf 82' lang='lat' dir='ltr'><strong>justas,</strong></span> <span class='ocrx_word' id='word_1_809' title='bbox 3228 4212 3318 4266; x_wconf 87' lang='lat' dir='ltr'><strong>sed</strong></span> 
     </span>
    </p>
   </div>
   <div class='ocr_carea' id='block_1_105' title="bbox 1756 4301 3321 4373">
    <p class='ocr_par' dir='ltr' id='par_1_105' title="bbox 1756 4301 3321 4373">
     <span class='ocr_line' id='line_1_105' title="bbox 1756 4301 3321 4373; baseline -0.002 -16"><span class='ocrx_word' id='word_1_810' title='bbox 1756 4312 2049 4373; x_wconf 76' lang='lat' dir='ltr'><strong>peccatores</strong></span> <span class='ocrx_word' id='word_1_811' title='bbox 2079 4302 2146 4354; x_wconf 87' lang='lat' dir='ltr'><strong>ad</strong></span> <span class='ocrx_word' id='word_1_812' title='bbox 2170 4303 2527 4371; x_wconf 74' lang='lat' dir='ltr'><strong>paenitentiam</strong></span> <span class='ocrx_word' id='word_1_813' title='bbox 2552 4303 2608 4369; x_wconf 81' lang='lat'><strong>’;</strong></span> <span class='ocrx_word' id='word_1_814' title='bbox 2635 4302 2702 4356; x_wconf 90' lang='lat' dir='ltr'><strong>ad</strong></span> <span class='ocrx_word' id='word_1_815' title='bbox 2726 4317 2915 4357; x_wconf 90' lang='lat' dir='ltr'><strong>eorum</strong></span> <span class='ocrx_word' id='word_1_816' title='bbox 2944 4302 3034 4371; x_wconf 92' lang='lat' dir='ltr'><strong>qui</strong></span> <span class='ocrx_word' id='word_1_817' title='bbox 3067 4301 3321 4356; x_wconf 88' lang='lat' dir='ltr'><strong>servandi</strong></span> 
     </span>
    </p>
   </div>
   <div class='ocr_carea' id='block_1_106' title="bbox 1757 4396 3322 4468">
    <p class='ocr_par' dir='ltr' id='par_1_106' title="bbox 1757 4396 3322 4468">
     <span class='ocr_line' id='line_1_106' title="bbox 1757 4396 3322 4468; baseline 0 -16"><span class='ocrx_word' id='word_1_818' title='bbox 1757 4406 1913 4452; x_wconf 88' lang='lat' dir='ltr'><strong>erant</strong></span> <span class='ocrx_word' id='word_1_819' title='bbox 1935 4397 2264 4466; x_wconf 81' lang='lat' dir='ltr'><strong>exemplum,</strong></span> <span class='ocrx_word' id='word_1_820' title='bbox 2286 4397 2335 4453; x_wconf 92' lang='lat' dir='ltr'><strong>ei</strong></span> <span class='ocrx_word' id='word_1_821' title='bbox 2359 4397 2563 4452; x_wconf 89' lang='lat' dir='ltr'><strong>homini</strong></span> <span class='ocrx_word' id='word_1_822' title='bbox 2591 4398 2931 4468; x_wconf 87' lang='lat' dir='ltr'><strong>potissimum</strong></span> <span class='ocrx_word' id='word_1_823' title='bbox 2967 4396 3322 4468; x_wconf 59' lang='lat' dir='ltr'><strong>praedicanda:</strong></span> 
     </span>
    </p>
   </div>
   <div class='ocr_carea' id='block_1_107' title="bbox 1757 4489 3321 4560">
    <p class='ocr_par' dir='ltr' id='par_1_107' title="bbox 1757 4489 3321 4560">
     <span class='ocr_line' id='line_1_107' title="bbox 1757 4489 3321 4560; baseline 0.001 -15"><span class='ocrx_word' id='word_1_824' title='bbox 1757 4489 1950 4545; x_wconf 88' lang='lat' dir='ltr'><strong>salutis</strong></span> <span class='ocrx_word' id='word_1_825' title='bbox 1984 4505 2181 4545; x_wconf 89' lang='lat' dir='ltr'><strong>munus</strong></span> <span class='ocrx_word' id='word_1_826' title='bbox 2214 4490 2514 4560; x_wconf 63' lang='lat' dir='ltr'><strong>iniungere,</strong></span> <span class='ocrx_word' id='word_1_827' title='bbox 2546 4490 2639 4559; x_wconf 91' lang='lat' dir='ltr'><strong>qui</strong></span> <span class='ocrx_word' id='word_1_828' title='bbox 2661 4491 2730 4545; x_wconf 86' lang='lat' dir='ltr'><strong>ab</strong></span> <span class='ocrx_word' id='word_1_829' title='bbox 2758 4490 3058 4545; x_wconf 90' lang='lat' dir='ltr'><strong>innumeris</strong></span> <span class='ocrx_word' id='word_1_830' title='bbox 3084 4490 3321 4560; x_wconf 85' lang='lat' dir='ltr'><strong>peccatis</strong></span> 
     </span>
    </p>
   </div>
   <div class='ocr_carea' id='block_1_108' title="bbox 1758 4579 3320 4643">
    <p class='ocr_par' dir='ltr' id='par_1_108' title="bbox 1758 4579 3320 4643">
     <span class='ocr_line' id='line_1_108' title="bbox 1758 4579 3320 4643; baseline -0.001 -9"><span class='ocrx_word' id='word_1_831' title='bbox 1758 4594 2083 4643; x_wconf 85' lang='lat' dir='ltr'><strong>conversus,</strong></span> <span class='ocrx_word' id='word_1_832' title='bbox 2122 4589 2176 4635; x_wconf 92' lang='lat' dir='ltr'><strong>et</strong></span> <span class='ocrx_word' id='word_1_833' title='bbox 2213 4596 2243 4634; x_wconf 90' lang='lat' dir='ltr'><strong>a</strong></span> <span class='ocrx_word' id='word_1_834' title='bbox 2273 4581 2475 4635; x_wconf 91' lang='lat' dir='ltr'><strong>telonio</strong></span> <span class='ocrx_word' id='word_1_835' title='bbox 2507 4581 2800 4635; x_wconf 88' lang='lat' dir='ltr'><strong>suscitatus</strong></span> <span class='ocrx_word' id='word_1_836' title='bbox 2832 4579 3033 4643; x_wconf 78' lang='lat' dir='ltr'><strong>fuerat,</strong></span> <span class='ocrx_word' id='word_1_837' title='bbox 3073 4595 3136 4633; x_wconf 89' lang='lat' dir='ltr'><strong>ac</strong></span> <span class='ocrx_word' id='word_1_838' title='bbox 3167 4595 3227 4635; x_wconf 90' lang='lat' dir='ltr'><strong>se</strong></span> <span class='ocrx_word' id='word_1_839' title='bbox 3252 4580 3320 4634; x_wconf 85' lang='lat' dir='ltr'><strong>ab</strong></span> 
     </span>
    </p>
   </div>
   <div class='ocr_carea' id='block_1_109' title="bbox 1759 4671 3321 4739">
    <p class='ocr_par' dir='ltr' id='par_1_109' title="bbox 1759 4671 3321 4739">
     <span class='ocr_line' id='line_1_109' title="bbox 1759 4671 3321 4739; baseline 0 -14"><span class='ocrx_word' id='word_1_840' title='bbox 1759 4672 1906 4725; x_wconf 89' lang='lat' dir='ltr'><strong>omni</strong></span> <span class='ocrx_word' id='word_1_841' title='bbox 1956 4673 2160 4726; x_wconf 90' lang='lat' dir='ltr'><strong>scelere</strong></span> <span class='ocrx_word' id='word_1_842' title='bbox 2217 4680 2271 4726; x_wconf 88' lang='lat' dir='ltr'><strong>et</strong></span> <span class='ocrx_word' id='word_1_843' title='bbox 2323 4671 2590 4739; x_wconf 87' lang='lat' dir='ltr'><strong>injustitia</strong></span> <span class='ocrx_word' id='word_1_844' title='bbox 2632 4679 2950 4733; x_wconf 87' lang='lat' dir='ltr'><strong>revocarat,</strong></span> <span class='ocrx_word' id='word_1_845' title='bbox 2995 4678 3053 4724; x_wconf 93' lang='lat' dir='ltr'><strong>ut</strong></span> <span class='ocrx_word' id='word_1_846' title='bbox 3105 4671 3173 4725; x_wconf 88' lang='lat' dir='ltr'><strong>ab</strong></span> <span class='ocrx_word' id='word_1_847' title='bbox 3227 4671 3321 4725; x_wconf 92' lang='lat' dir='ltr'><strong>illo</strong></span> 
     </span>
    </p>
   </div>
   <div class='ocr_carea' id='block_1_110' title="bbox 1761 4762 3320 4833">
    <p class='ocr_par' dir='ltr' id='par_1_110' title="bbox 1761 4762 3320 4833">
     <span class='ocr_line' id='line_1_110' title="bbox 1761 4762 3320 4833; baseline 0 -16"><span class='ocrx_word' id='word_1_848' title='bbox 1761 4772 1962 4833; x_wconf 88' lang='lat' dir='ltr'><strong>quanta</strong></span> <span class='ocrx_word' id='word_1_849' title='bbox 1993 4762 2095 4817; x_wconf 91' lang='lat' dir='ltr'><strong>sibi</strong></span> <span class='ocrx_word' id='word_1_850' title='bbox 2121 4770 2265 4819; x_wconf 88' lang='lat' dir='ltr'><strong>esset</strong></span> <span class='ocrx_word' id='word_1_851' title='bbox 2288 4763 2519 4817; x_wconf 91' lang='lat' dir='ltr'><strong>adventu</strong></span> <span class='ocrx_word' id='word_1_852' title='bbox 2554 4764 2755 4821; x_wconf 78' lang='lat' dir='ltr'><strong>Christi</strong></span> <span class='ocrx_word' id='word_1_853' title='bbox 2784 4764 3091 4818; x_wconf 83' lang='lat' dir='ltr'><strong>humanitas</strong></span> <span class='ocrx_word' id='word_1_854' title='bbox 3125 4763 3320 4817; x_wconf 84' lang='lat' dir='ltr'><strong>collata</strong></span> 
     </span>
    </p>
   </div>
   <div class='ocr_carea' id='block_1_111' title="bbox 1764 4852 3323 4924">
    <p class='ocr_par' dir='ltr' id='par_1_111' title="bbox 1764 4852 3323 4924">
     <span class='ocr_line' id='line_1_111' title="bbox 1764 4852 3323 4924; baseline 0 -17"><span class='ocrx_word' id='word_1_855' title='bbox 1764 4854 2019 4908; x_wconf 89' lang='lat' dir='ltr'><strong>mortales</strong></span> <span class='ocrx_word' id='word_1_856' title='bbox 2054 4854 2344 4909; x_wconf 89' lang='lat' dir='ltr'><strong>discerent.</strong></span> <span class='ocrx_word' id='word_1_857' title='bbox 2384 4852 2593 4924; x_wconf 86' lang='lat' dir='ltr'><strong>Quippe</strong></span> <span class='ocrx_word' id='word_1_858' title='bbox 2640 4865 2761 4924; x_wconf 89' lang='lat' dir='ltr'><strong>post</strong></span> <span class='ocrx_word' id='word_1_859' title='bbox 2806 4864 3147 4924; x_wconf 88' lang='lat' dir='ltr'><strong>peccatorum</strong></span> <span class='ocrx_word' id='word_1_860' title='bbox 3193 4868 3323 4907; x_wconf 89' lang='lat' dir='ltr'><strong>con-</strong></span> 
     </span>
    </p>
   </div>
   <div class='ocr_carea' id='block_1_112' title="bbox 1764 4944 3321 5009">
    <p class='ocr_par' dir='ltr' id='par_1_112' title="bbox 1764 4944 3321 5009">
     <span class='ocr_line' id='line_1_112' title="bbox 1764 4944 3321 5009; baseline -0.001 -10"><span class='ocrx_word' id='word_1_861' title='bbox 1764 4944 2112 4999; x_wconf 87' lang='lat' dir='ltr'><strong>donationem</strong></span> <span class='ocrx_word' id='word_1_862' title='bbox 2133 4983 2148 5007; x_wconf 89' lang='lat'><strong>,</strong></span> <span class='ocrx_word' id='word_1_863' title='bbox 2180 4945 2281 5000; x_wconf 85' lang='lat' dir='ltr'><strong>hoc</strong></span> <span class='ocrx_word' id='word_1_864' title='bbox 2315 4945 2491 5000; x_wconf 90' lang='lat' dir='ltr'><strong>cidem</strong></span> <span class='ocrx_word' id='word_1_865' title='bbox 2523 4946 2811 5009; x_wconf 86' lang='lat' dir='ltr'><strong>concessit,</strong></span> <span class='ocrx_word' id='word_1_866' title='bbox 2849 4952 2906 5000; x_wconf 93' lang='lat' dir='ltr'><strong>ut</strong></span> <span class='ocrx_word' id='word_1_867' title='bbox 2952 4953 3195 4999; x_wconf 92' lang='lat' dir='ltr'><strong>mortuos</strong></span> <span class='ocrx_word' id='word_1_868' title='bbox 3225 4960 3321 4998; x_wconf 77' lang='lat' dir='ltr'><strong>ex—</strong></span> 
     </span>
    </p>
   </div>
   <div class='ocr_carea' id='block_1_113' title="bbox 1762 5037 3323 5108">
    <p class='ocr_par' dir='ltr' id='par_1_113' title="bbox 1762 5037 3323 5108">
     <span class='ocr_line' id='line_1_113' title="bbox 1762 5037 3323 5108; baseline 0.001 -18"><span class='ocrx_word' id='word_1_869' title='bbox 1762 5037 1933 5091; x_wconf 89' lang='lat' dir='ltr'><strong>citare</strong></span> <span class='ocrx_word' id='word_1_870' title='bbox 1961 5045 2143 5107; x_wconf 90' lang='lat' dir='ltr'><strong>posset</strong></span> <span class='ocrx_word' id='word_1_871' title='bbox 2172 5037 2240 5092; x_wconf 90' lang='lat' dir='ltr'><strong>ad</strong></span> <span class='ocrx_word' id='word_1_872' title='bbox 2286 5038 2471 5100; x_wconf 90' lang='lat' dir='ltr'><strong>vitam,</strong></span> <span class='ocrx_word' id='word_1_873' title='bbox 2516 5052 2805 5108; x_wconf 87' lang='lat' dir='ltr'><strong>repurgare</strong></span> <span class='ocrx_word' id='word_1_874' title='bbox 2848 5038 3074 5106; x_wconf 90' lang='lat' dir='ltr'><strong>lepram,</strong></span> <span class='ocrx_word' id='word_1_875' title='bbox 3100 5049 3154 5091; x_wconf 87' lang='lat' dir='ltr'><strong>et</strong></span> <span class='ocrx_word' id='word_1_876' title='bbox 3178 5051 3323 5091; x_wconf 90' lang='lat' dir='ltr'><strong>mor-</strong></span> 
     </span>
    </p>
   </div>
   <div class='ocr_carea' id='block_1_114' title="bbox 1762 5127 3323 5201">
    <p class='ocr_par' dir='ltr' id='par_1_114' title="bbox 1762 5127 3323 5201">
     <span class='ocr_line' id='line_1_114' title="bbox 1762 5127 3323 5201; baseline -0.002 -17"><span class='ocrx_word' id='word_1_877' title='bbox 1762 5127 1863 5185; x_wconf 91' lang='lat' dir='ltr'><strong>bos</strong></span> <span class='ocrx_word' id='word_1_878' title='bbox 1892 5130 2180 5199; x_wconf 90' lang='lat' dir='ltr'><strong>depellere,</strong></span> <span class='ocrx_word' id='word_1_879' title='bbox 2209 5129 2589 5200; x_wconf 67' lang='lat' dir='ltr'><strong>daamonesque</strong></span> <span class='ocrx_word' id='word_1_880' title='bbox 2613 5131 2929 5201; x_wconf 87' lang='lat' dir='ltr'><strong>pr0pulsare</strong></span> <span class='ocrx_word' id='word_1_881' title='bbox 2953 5149 2966 5183; x_wconf 87' lang='lat'><strong>:</strong></span> <span class='ocrx_word' id='word_1_882' title='bbox 2993 5144 3062 5183; x_wconf 85' lang='lat' dir='ltr'><strong>ne</strong></span> <span class='ocrx_word' id='word_1_883' title='bbox 3093 5127 3323 5182; x_wconf 84' lang='lat' dir='ltr'><strong>dicendo</strong></span> 
     </span>
    </p>
   </div>
   <div class='ocr_carea' id='block_1_115' title="bbox 1782 5284 3318 5341">
    <p class='ocr_par' dir='ltr' id='par_1_115' title="bbox 1782 5284 3318 5341">
     <span class='ocr_line' id='line_1_115' title="bbox 1782 5284 3318 5341; baseline -0.001 -4"><span class='ocrx_word' id='word_1_884' title='bbox 1782 5285 1959 5340; x_wconf 55' lang='lat' dir='ltr'><strong>‘ibid.</strong></span> <span class='ocrx_word' id='word_1_885' title='bbox 1999 5285 2085 5339; x_wconf 76' lang='grc'><strong>15.</strong></span> <span class='ocrx_word' id='word_1_886' title='bbox 2164 5285 2188 5316; x_wconf 84' lang='grc'><strong><em>⁸</em></strong></span> <span class='ocrx_word' id='word_1_887' title='bbox 2233 5286 2365 5340; x_wconf 86' lang='lat' dir='ltr'><strong>ibid.</strong></span> <span class='ocrx_word' id='word_1_888' title='bbox 2427 5287 2516 5341; x_wconf 70' lang='lat'><strong>29.</strong></span> <span class='ocrx_word' id='word_1_889' title='bbox 2592 5288 2611 5317; x_wconf 82' lang='lat'>&#39;</span> <span class='ocrx_word' id='word_1_890' title='bbox 2656 5285 2785 5341; x_wconf 87' lang='lat' dir='ltr'><strong>ibid.</strong></span> <span class='ocrx_word' id='word_1_891' title='bbox 2828 5287 2915 5341; x_wconf 83' lang='lat'><strong>58.</strong></span> <span class='ocrx_word' id='word_1_892' title='bbox 2989 5284 3170 5339; x_wconf 85' lang='lat' dir='ltr'><strong>&#39;ibid.</strong></span> <span class='ocrx_word' id='word_1_893' title='bbox 3230 5284 3318 5338; x_wconf 74' lang='grc'><strong>45.</strong></span> 
     </span>
    </p>
   </div>
   <div class='ocr_carea' id='block_1_116' title="bbox 1770 5467 3321 5543">
    <p class='ocr_par' dir='ltr' id='par_1_116' title="bbox 1770 5467 3321 5543">
     <span class='ocr_line' id='line_1_116' title="bbox 1770 5467 3321 5543; baseline -0.001 -20"><span class='ocrx_word' id='word_1_894' title='bbox 1770 5470 1970 5543; x_wconf 85' lang='grc' dir='ltr'><em>θόντα,</em></span> <span class='ocrx_word' id='word_1_895' title='bbox 2003 5483 2108 5528; x_wconf 91' lang='lat' dir='ltr'><strong>etc.</strong></span> <span class='ocrx_word' id='word_1_896' title='bbox 2167 5471 2232 5528; x_wconf 84' lang='lat' dir='ltr'><strong>Ut</strong></span> <span class='ocrx_word' id='word_1_897' title='bbox 2279 5472 2441 5528; x_wconf 90' lang='lat' dir='ltr'><strong>dandi</strong></span> <span class='ocrx_word' id='word_1_898' title='bbox 2478 5489 2639 5529; x_wconf 90' lang='lat' dir='ltr'><strong>casus</strong></span> <span class='ocrx_word' id='word_1_899' title='bbox 2685 5472 2977 5543; x_wconf 86' lang='lat' dir='ltr'><strong>Apostolo.</strong></span> <span class='ocrx_word' id='word_1_900' title='bbox 3028 5467 3321 5543; x_wconf 75' lang='lat' dir='ltr'><strong>accusandi</strong></span> 
     </span>
    </p>
   </div>
   <div class='ocr_carea' id='block_1_117' title="bbox 1766 5541 3320 5621">
    <p class='ocr_par' dir='ltr' id='par_1_117' title="bbox 1766 5541 3320 5621">
     <span class='ocr_line' id='line_1_117' title="bbox 1766 5541 3320 5621; baseline 0 -27"><span class='ocrx_word' id='word_1_901' title='bbox 1766 5542 1985 5621; x_wconf 73' lang='lat' dir='ltr'><strong>Christo</strong></span> <span class='ocrx_word' id='word_1_902' title='bbox 2045 5543 2367 5599; x_wconf 82' lang='lat' dir='ltr'><strong>tribuatur:</strong></span> <span class='ocrx_word' id='word_1_903' title='bbox 2419 5544 2561 5614; x_wconf 92' lang='lat' dir='ltr'><strong>quod</strong></span> <span class='ocrx_word' id='word_1_904' title='bbox 2616 5541 3168 5613; x_wconf 44' lang='lat' dir='ltr'><strong>nos—interpretando</strong></span> <span class='ocrx_word' id='word_1_905' title='bbox 3225 5552 3320 5593; x_wconf 81' lang='lat' dir='ltr'><strong>se-</strong></span> 
     </span>
    </p>
   </div>
   <div class='ocr_carea' id='block_1_118' title="bbox 1764 5624 2007 5681">
    <p class='ocr_par' dir='ltr' id='par_1_118' title="bbox 1764 5624 2007 5681">
     <span class='ocr_line' id='line_1_118' title="bbox 1764 5624 2007 5681; baseline 0.012 -17"><span class='ocrx_word' id='word_1_906' title='bbox 1764 5624 2007 5681; x_wconf 82' lang='lat' dir='ltr'><strong>quimur.</strong></span> 
     </span>
    </p>
   </div>
  </div>
