3846 6284
458 268 564 323 895
1846 259 1906 316 S.
1962 258 2018 312 El

2124 258 2297 312 HANII
3591 253 3717 309 ωδ

457 382 633 438 solum
682 380 1031 452 persuaderet
1079 378 1418 434 auditoribus
1446 418 1461 442 ,
1507 376 1602 432 sed
1656 378 2018 447 evangelicam

2130 376 2213 441 ξαι
2239 376 2347 446 (18)
2371 374 2673 444 Εὑαγγέλια
2700 376 2811 437 τοῖς
2837 372 3243 443 ἀπολλυμένοις,
3268 371 3353 424 ὅτι
3376 367 3717 440 εὖρεθήσονο

457 471 760 524 doctrinam
798 470 955 524 factis
1001 470 1163 524 etiam
1212 469 1345 538 ipsis
1382 468 1738 537 praedicaret;
1778 475 1940 536 atque
1969 472 2018 520 et

2127 486 2215 521 ται
2243 466 2333 520 διὰ
2367 467 2671 537 μετανοίας,
2700 465 2926 527 καὶτοῖς
2955 463 3318 524 πεπτωκόσιν,
3352 461 3432 513 ὅτι
3465 462 3713 530 avari;-

460 564 687 635 perditis
717 563 1025 616 hominibus
1048 561 1339 622 nuutiaret,
1369 574 1530 630 posse
1562 559 1683 612 illos
1707 557 2018 627 pmnitendo

2132 574 2334 621 σονται,
2366 556 2459 609 καὶ
2484 558 2594 617 τοῖς
2621 554 2956 623 τεθνηκόσιν,
2985 554 3067 606 ὅτι
3093 550 3610 622 ζωογονηθήσονται.

456 654 803 722 recuperari;
831 662 884 706 et
923 653 991 705 iis
1032 651 1125 722 qui
1166 649 1494 714 ceciderant,
1548 658 1955 702 resurrecturos
1986 661 2047 702 se
2079 662 2201 703 esse
2226 664 2241 713 ;
2270 645 2435 718 426
2461 654 2515 700 et
2564 646 2657 716 qui
2690 644 2889 698 mortui
2921 652 3127 708 essent,
3156 644 3319 696 vitam
3365 656 3490 696 esse
3519 641 3714 694 denuo

457 750 868 797 consecuturos.

527 831 625 885 Hic
660 832 825 900 igitur
856 829 1136 883 Matthaaus
1165 826 1433 882 Hebraica
1465 826 1649 896 lingua
1680 824 1924 894 scripsit,
1958 838 2018 879 ac

2187 820 2295 874 Kal.
2323 812 2475 882 οὗτος
2509 818 2606 889 μὲν
2635 813 2727 872 οῦν
2774 820 2803 872 ὀ
2852 817 3128 882 Ματθαῖος
3167 818 3475 890 Ἑϐραϊκοῖς
3507 823 3705 891 γράμ-

456 925 768 994 prazdicavit
800 922 1170 992 Evangelium,
1204 935 1303 975 nec
1334 921 1402 974 ab
1430 920 1549 989 ejus
1578 920 1733 973 initio
1758 918 2018 972 duntaxat

2124 930 2253 982 μασι
2284 911 2486 982 γράφει
2518 910 2579 962 τὸ
2612 909 2960 978 Εὑαγγέλιον,
2988 910 3082 962 καὶ
3126 910 3403 980 κηρύττει.
3440 913 3552 965 Καὶ
3592 914 3704 984 ἀρ-

454 1031 684 1071 exorsus
731 1023 845 1080 est;
889 1014 982 1069 sed
1028 1014 1261 1083 primum
1302 1012 1506 1067 Christi
1555 1012 1925 1082 genealogiam
1956 1010 2018 1064 ab

2124 1020 2274 1073 χεται
2302 1004 2402 1056 οὐκ
2428 1004 2522 1056 ἀπ’
2550 1004 2723 1073 ἀρχῆς
2743 1019 2759 1032 ·
2785 1002 2919 1056 ἀλλά
2949 1003 3210 1075 διηγεῖται
3239 1003 3337 1073 μὲν
3368 1004 3471 1073 τὴν
3504 1021 3704 1072 γενεα-

454 1109 760 1161 Abrahamo
832 1106 1118 1175 pertexuit.
1172 1104 1472 1168 Abraham,
1541 1104 1793 1174 inquit‘,
1850 1104 2018 1173 genuit

2124 1097 2304 1166 λογίαν
2326 1096 2433 1149 ἀπὸ
2461 1095 2554 1148 τοῦ
2582 1096 2845 1167 Ἀϐραάμ.
2868 1095 3140 1165 Ἀϐραὰμ,
3175 1096 3358 1165 φησὶν,
3402 1097 3705 1165 ἐγέννησε

456 1197 801 1265 Isaac,1saac
830 1210 1003 1251 autem
1030 1197 1203 1265 genuit
1235 1194 1568 1262 Jacob,etc.,
1592 1210 1766 1265 usque
1790 1196 1855 1249 ad
1884 1194 2011 1251 Jose

2124 1188 2227 1241 τὸν
2262 1186 2498 1242 Ἰσαάκ·
2529 1187 2737 1242 Ἰσαὰκ
2778 1186 2845 1239 δὲ
2871 1186 3161 1255 ἐγέννησε
3202 1186 3308 1239 τὸν
3329 1187 3562 1252 Ἰακὼϐ,
3604 1189 3705 1242 καὶ

456 1296 619 1360 phum
648 1298 701 1344 et
731 1290 976 1342 Mariam.
1013 1288 1077 1341 Et
1106 1287 1237 1341 illud
1282 1288 1499 1357 quidem
1546 1288 1699 1341 initio
1745 1287 1972 1357 praeﬁxit
2000 1306 2014 1341 :

2124 1280 2182 1334 τὰ
2211 1280 2359 1350 ἑξῆς,
2382 1278 2509 1349 ἄχρι
2536 1278 2629 1331 τοῦ
2656 1278 2853 1349 Ἰωσὴφ
2877 1279 2970 1332 καὶ
3001 1279 3239 1347 Μαρίας.
3270 1280 3380 1331 Καὶ
3401 1281 3496 1332 ἀπ’
3518 1282 3701 1350 ἀρχῆς

453 1380 609 1434 Liber
666 1381 1014 1449 generationis
1057 1378 1188 1432 Jesu
1237 1377 1436 1433 Christi
1479 1374 1582 1447 ﬁlii
1626 1378 1829 1443 David;
1872 1378 2018 1432 addit

2124 1375 2319 1437 τάττει,
2362 1372 2568 1441 λέγων’
2606 1374 2823 1438 Βίϐλος
2867 1372 3155 1442 γενέσεως
3178 1373 3378 1440 Ἰησοῦ
3434 1373 3699 1441 Χριστοῦ

452 1469 671 1535 deinde,
702 1470 801 1538 ﬁlii
849 1470 1136 1524 Abraham.
1166 1465 1302 1522 Tum
1341 1470 1407 1523 ad
1444 1468 1494 1521 id
1524 1468 1668 1537 quod
1713 1469 2018 1523 instituerat

2124 1466 2250 1520 υἱοῦ
2278 1464 2455 1518 Δαόίδ
2480 1480 2494 1495 ⁸
2522 1462 2638 1517 εἷτά
2671 1481 2830 1535 φησιν
2852 1482 2865 1495 ⁸
2898 1464 3031 1518 υίοῦ
3066 1464 3331 1532 Ἀϐραάμ.
3362 1460 3496 1518 Εἶτα
3523 1464 3703 1516 ἐλθὼν

454 1564 825 1631 prog‘ressus:
882 1559 1110 1623 Christi,
1170 1561 1373 1629 inquit,
1422 1560 1687 1629 generatio
1737 1561 1812 1613 sic
1860 1568 2018 1614 erat:

2124 1560 2211 1611 ἐπ’
2244 1557 2374 1611 αὐτὸ
2405 1556 2466 1609 τὸ
2498 1555 2845 1626 ζητούμενον,
2883 1556 3042 1626 φησί·
3084 1554 3194 1609 Τοῦ
3227 1556 3294 1608 δὲ
3319 1556 3526 1617 ἰησοῦ
3568 1559 3701 1625 Χρι·

453 1652 586 1707 Cum
625 1660 759 1707 esset
804 1652 1117 1721 desponsata
1156 1661 1324 1705 mater
1368 1652 1535 1720 ipsius
1584 1650 1765 1705 Maria
1809 1650 2018 1719 Joseplt,

2124 1649 2273 1703 στοῦ
2314 1650 2353 1718 ἠ
2388 1648 2671 1717 γέννησις
2694 1647 2883 1712 οὕτως
2904 1642 3013 1716 ἦν’
3039 1648 3538 1714 Μνηστευθείσης
3586 1648 3702 1715 τῆς

453 1757 731 1813 antequam
762 1744 1106 1809 convenirent,
1136 1744 1343 1797 inventa
1371 1753 1447 1796 est
1476 1744 1529 1795 in
1561 1752 1707 1796 utero
1732 1741 1927 1796 habens
1956 1741 2018 1796 de

2124 1737 2337 1807 μητρὸς
2378 1736 2567 1791 αὑτοῦ
2608 1736 2835 1804 Μαρίας
2861 1734 2941 1800 τῷ
2964 1735 3207 1803 Ἰωσὴφ,
3247 1734 3427 1803 πρινὴ
3475 1741 3703 1791 συνελ-

453 1830 655 1899 Spiritu
703 1841 904 1885 sancto.
958 1832 1153 1901 Joseph
1205 1843 1400 1894 autem,
1456 1849 1572 1884 cum
1621 1842 1753 1885 esset
1799 1832 2017 1901 justus,

452 1920 719 1989 quarebat
767 1923 963 1975 occulte
1015 1921 1280 1976 dimittere
1321 1922 1488 1976 illam.
1546 1921 1615 1975 Et
1649 1938 1763 1976 ecce
1805 1924 2020 1993 angelus

455 2010 671 2065 Domini
701 2013 944 2079 apparuit
974 2012 1053 2064 illi
1079 2013 1133 2065 in
1168 2014 1386 2074 somnis,
1420 2013 1595 2066 dicens
1627 2030 1643 2065 :
1676 2012 1807 2067 Noli
1834 2012 2019 2067 dimit-

458 2111 563 2155 tere
594 2104 864 2172 conjugem
893 2112 1057 2156 tuam.
1093 2103 1244 2168 Quod
1274 2105 1410 2157 enim
1440 2107 1493 2157 in
1526 2106 1639 2172 ipsa
1672 2115 1770 2166 est,
1808 2106 1873 2159 de
1904 2104 2021 2174 Spi-

455 2196 565 2247 ritu
609 2206 792 2249 sancto
838 2209 933 2250 est.
972 2196 1103 2251 Ecce
1143 2197 1279 2250 enim
1321 2200 1489 2265 pariet
1524 2199 1694 2267 ﬁlium
1721 2208 1771 2251 et
1813 2199 2020 2252 vocabis

452 2301 640 2338 nomen
684 2286 797 2353 ejus
844 2284 1046 2341 Jesum.
1098 2288 1201 2340 Hic
1250 2287 1473 2341 salvabit
1519 2290 1764 2356 papulum
1804 2305 1956 2341 suum
1988 2305 2022 2341 a

451 2378 696 2445 pereatis.
744 2376 810 2430 Et
852 2378 967 2441 hoc,
1024 2379 1219 2448 inquit,
1259 2379 1460 2447 factum
1489 2388 1586 2444 est,
1629 2389 1684 2432 ut
1724 2382 2023 2447 impleretur

452 2470 589 2537 quod
620 2470 817 2521 dictum
842 2479 921 2523 est
950 2487 981 2522 a
1012 2469 1235 2525 Domino
1264 2486 1355 2539 per
1380 2472 1682 2539 prophetam
1712 2472 1965 2527 dicentem
2001 2488 2019 2526 :

455 2557 588 2611 Ecce
621 2557 772 2627 Virgo
800 2561 1070 2627 concipiet,
1105 2571 1209 2615 etc.
1238 2559 1533 2631 Exsurgens
1566 2575 1739 2615 autem
1769 2580 1801 2615 a
1838 2579 2021 2616 somno

451 2651 529 2702 ita
574 2652 696 2718 fecit
744 2652 958 2721 Ioseph.
996 2652 1061 2705 Et
1105 2655 1301 2722 accepit
1346 2670 1563 2707 uxorem
1597 2672 1786 2719 suam;
1832 2664 1881 2708 et
1919 2671 2022 2709 non

452 2745 792 2811 cognoscebat
836 2762 982 2807 eam,
1013 2747 1174 2799 donec
1207 2748 1401 2813 peperit
1446 2746 1615 2815 ﬁlium
1642 2762 1793 2801 suum
1822 2747 2021 2814 primo-

453 2836 711 2903 genitum;
741 2846 788 2887 et
822 2838 1020 2889 vocavit
1056 2854 1237 2891 nomen
1278 2838 1390 2907 ejus
1420 2837 1622 2891 Iesum.
1657 2836 1836 2907 Pergit
1868 2838 2022 2892 dein-

454 2921 521 2975 de
550 2925 569 2952 ²
604 2941 614 2974 :
650 2922 783 2977 Cum
832 2935 988 2978 natus
1020 2936 1153 2979 esset
1197 2925 1352 2979 Jesus
1401 2927 1455 2978 in
1494 2925 1787 2978 Bethlehem
1818 2923 2022 2978 Juda'ae

2120 1830 2245 1884 θεῖν
2275 1829 2515 1895 αὐτοὺς,
2544 1826 2753 1896 εὑρέθη
2794 1828 2863 1880 ὲν
2896 1828 3105 1896 γαστρὶ
3132 1827 3363 1896 ἔχουσα
3393 1828 3463 1880 ἐκ
3502 1830 3702 1881 Hreni-

2114 1938 2301 1989 ματος
2333 1921 2524 1989 ἁγίου.
2553 1920 2661 1973 Kal
2686 1918 2931 1987 Ἰωσὴφ,
2954 1917 3186 1984 δίκαιος
3215 1917 3319 1980 ὢν,
3348 1918 3536 1981 ἐζήτει
3559 1920 3707 1971 ἀπο-

2119 2012 2304 2066 λῦσαι
2347 2011 2544 2079 αὐτὴν
2585 2010 2794 2079 λάθρα.
2839 2012 2950 2064 Kal
2994 2010 3122 2064 ὶὸοὺ
3168 2008 3423 2079 ἄγγελος
3472 2010 3703 2077 Κυρίου

2120 2101 2314 2171 ἐφάνη
2345 2099 2504 2165 αὑτῷ
2533 2100 2659 2153 κατ’
2682 2100 2827 2168 ὄναρ
2863 2101 3083 2169 λέγων·
3113 2099 3207 2167 Μὴ
3232 2100 3553 2165 ἀπολύσῃς
3586 2100 3705 2167 τὴν

2119 2191 2371 2261 γυναῖκά
2391 2209 2505 2246 σου
2530 2208 2539 2216 ·
2573 2191 2635 2245 τὸ
2656 2192 2776 2261 γὰρ,
2792 2192 2861 2245 ἐν
2886 2191 3039 2260 αὐτῇ
3062 2192 3130 2246 ἐκ
3157 2193 3499 2261 Πνεύματός
3526 2194 3707 2246 ἐστιν

2120 2283 2481 2353 ἁγίου.ἰδοὺ
2507 2284 2618 2353 γὰρ
2651 2283 2927 2353 γεννήσει
2974 2283 3129 2349 υίὸν,
3172 2284 3269 2337 καί
3311 2284 3595 2349 καλέσεις
3634 2286 3701 2337 τὸ

2122 2377 2308 2445 ὄνομα
2334 2376 2517 2430 αὑτοῦ
2549 2378 2808 2444 Ἰησοῦν.
2845 2372 3032 2442 Οὗτος
3063 2376 3247 2431 σώσει
3283 2376 3390 2431 τὸν
3408 2377 3564 2431 λαὸν
3595 2380 3705 2431 αὺ-

2120 2467 2225 2521 τοῦ
2249 2467 2367 2521 ἀπὸ
2396 2467 2712 2536 ἁμαρτιῶν.
2738 2467 2847 2521 Kal
2868 2466 3062 2533 τοῦτο,
3094 2470 3245 2540 φησὶ,
3283 2471 3556 2539 γέγονεν,
3598 2469 3706 2523 ἵνα

2121 2558 2403 2628 πληρωθῇ
2425 2559 2491 2613 τὸ
2514 2560 2701 2629 ῥηθὲν
2727 2561 2846 2614 ὑπὸ
2886 2559 2992 2613 τοῦ
3013 2562 3236 2628 Κυρίου
3276 2559 3373 2614 διὰ
3411 2561 3520 2614 τοῦ
3554 2576 3673 2627 προ

2120 2651 2331 2720 φήτου,
2375 2652 2692 2721 λέγοντος·
2741 2651 2897 2707 Ἰδοὺ
2940 2653 2979 2721 ή
3028 2652 3327 2720 Παρθένος
3361 2652 3429 2705 ἐν
3476 2652 3697 2721 γαστρὶ

2119 2740 2262 2806 ἔξει,
2298 2742 2391 2795 καὶ
2428 2740 2498 2794 τὰ
2544 2741 2689 2812 ἑξῆς.
2732 2742 2841 2795 Kal
2884 2742 3164 2811 ἐγερθεὶς,
3195 2743 3378 2812 φησὶν,
3424 2740 3545 2796 ἀπὸ
3590 2741 3701 2795 τοῦ

2121 2833 2336 2897 ὕπνου,
2367 2834 2659 2903 ἐποίησεν
2686 2834 2870 2899 οὕτως
2898 2837 2930 2887 ὀ
2957 2834 3205 2903 Ἰωσήφ.
3250 2835 3357 2889 Kal
3398 2835 3701 2902 παρέλαϐε

2123 2924 2236 2992 τὴν
2264 2925 2515 2993 γυναῖκα
2554 2926 2737 2980 αὑτοῦ
2761 2940 2775 2954 ⁸
2811 2926 2907 2979 καὶ
2951 2928 3062 2979 οὐκ
3101 2928 3428 2996 ἐγίνωσκεν
3470 2926 3691 2989 αὐτὴν,

456 3016 509 3065 in
538 3014 717 3068 diebus
748 3017 973 3071 Herodis
1006 3020 1163 3086 regis,
1189 3034 1302 3071 ecce
1336 3019 1476 3086 magi
1508 3017 1571 3068 ab
1619 3016 1831 3069 Oriente
1868 3032 2016 3069 vene-

2124 3018 2230 3084 ἕως
2255 3014 2327 3074 οὗ
2355 3020 2521 3073 ἔτεκε
2542 3019 2648 3072 τὸν
2670 3020 2803 3073 υίόν
2822 3017 3010 3084 αὐτῆς
3039 3018 3145 3071 τὸν
3181 3020 3575 3085 πρωτότοκον
3598 3016 3698 3070 καὶ

455 3116 577 3157 runt
606 3107 1025 3177 Hierosolymam
1062 3108 1327 3161 dicentes:
1366 3102 1464 3161 Ubi
1507 3117 1584 3161 est
1622 3110 1710 3179 qui
1757 3118 1911 3161 natus
1940 3118 2017 3162 est

456 3212 549 3250 rex
567 3195 875 3251 Judarorum
901 3203 925 3254 ?
959 3197 1191 3251 Vidimus
1217 3200 1353 3252 enim
1376 3200 1585 3253 stellam
1610 3200 1721 3268 ejus
1751 3201 1803 3252 in
1834 3200 2018 3254 Orien-

456 3297 523 3351 te,
550 3302 597 3342 et
626 3292 854 3344 venimus
885 3290 1109 3343 adorare
1137 3308 1275 3345 eum.
1311 3290 1411 3346 Ubi
1444 3292 1607 3362 igitur
1634 3300 1716 3345 est
1745 3291 2019 3347 Zachariae

458 3379 549 3431 ila
584 3382 764 3435 omnis
803 3381 1064 3434 historia?
1101 3380 1199 3434 Ubi
1242 3389 1370 3435 sunt
1404 3397 1523 3451 qua:
1556 3398 1585 3434 a
1620 3380 1761 3435 Luca
1796 3398 2019 3435 narran-

458 3471 584 3524 tur?
618 3471 719 3525 Ubi
750 3474 924 3526 visum
957 3474 1087 3526 illud
1118 3473 1335 3542 angeli?
1362 3471 1461 3524 Ubi
1503 3471 1729 3525 Joannis
1764 3472 2019 3541 Baptista

458 3563 784 3631 prophetia?
822 3563 921 3617 Ubi
959 3565 1255 3633 increpatio
1286 3562 1582 3626 Zachariie,
1616 3572 1674 3615 ut
1722 3564 1869 3631 loqui
1894 3573 2019 3618 ante

458 3671 566 3707 non
602 3664 819 3723 posset,
851 3671 1012 3724 quam
1062 3655 1300 3724 perfecta
1346 3662 1529 3709 essent
1562 3654 1764 3714 omnia,
1798 3669 1917 3722 quae
1951 3657 2019 3707 ab

459 3748 653 3814 angelo
678 3753 835 3800 erant
870 3747 1071 3799 allata?
1102 3744 1206 3811 Ubi
1252 3753 1382 3799 sunt
1422 3760 1544 3815 qua:
1584 3746 1809 3814 angelus
1839 3744 2021 3799 Maria:

459 3838 676 3891 locutus
724 3839 849 3891 est?
878 3836 979 3891 Ubi
1023 3838 1207 3891 cautio
1255 3838 1345 3890 illa
1386 3851 1450 3891 ac
1499 3837 1820 3905 prudentia,
1854 3851 2017 3906 quam

460 3944 562 3985 suo
595 3930 691 3985 illo
738 3931 805 3985 ad
854 3932 1105 4002 angelum
1140 3944 1405 4000 responso
1434 3928 1602 3983 Maria
1646 3932 1755 3999 pra:
1790 3944 1849 3984 se
1874 3930 2017 3994 tulit,

458 4038 583 4077 cum
626 4024 698 4077 ita
726 4024 875 4077 illum
906 4023 1261 4092 interrogavit
1287 4021 1309 4053 ³
1342 4036 1356 4072 :
1404 4020 1679 4088 Quomodo
1720 4022 1811 4090 ﬁet
1851 4022 2011 4086 illud,

457 4116 704 4183 quoniam
734 4116 899 4168 virum
947 4131 1052 4167 non
1094 4115 1385 4184 cognosco?
1415 4120 1509 4166 aut
1547 4102 1765 4167 sincera
1796 4114 1887 4167 illa
1922 4129 2019 4167 an-

459 4204 567 4274 geli
596 4216 959 4274 accurataquo
997 4208 1073 4260 rei
1117 4204 1364 4274 gerendae
1395 4204 1731 4274 propositio?
1760 4202 2015 4273 Spiritus,

460 4296 657 4366 inquit.
691 4308 904 4351 sanctus
930 4302 1245 4367 superveniet
1276 4299 1330 4351 in
1361 4309 1408 4350 te
1428 4336 1441 4361 ,
1482 4307 1529 4349 et
1562 4296 1728 4350 uirtus
1760 4296 2019 4350 Altissimi

462 4388 790 4441 obumbrabit
827 4388 948 4445 tibi.

2122 3110 2376 3166 ἐκάλεσε
2410 3111 2474 3164 τὸ
2502 3112 2689 3180 ὄνομα
2727 3112 2911 3166 αὐτοῦ
2938 3113 3199 3180 Ἰησοῦν.
3230 3112 3339 3166 Τοῦ
3381 3110 3449 3163 δὲ
3489 3110 3699 3177 Ἰησοῦ

2122 3204 2532 3273 γεννηθέντος,
2566 3204 2751 3275 φησὶν,
2778 3204 2849 3256 ἐν
2881 3202 3153 3272 Βηθλεὲμ
3186 3203 3293 3271 τῆς
3314 3201 3701 3269 Ἰουδαίας-ἐν

2122 3295 2367 3364 ἡμέραις
2406 3294 2661 3362 Ἡρώδου
2700 3294 2808 3348 τοῦ
2851 3293 3171 3360 βασιλέως,
3198 3294 3323 3349 ίδοὺ
3364 3292 3544 3363 μάγοι
3580 3296 3700 3349 ἀπὸ

2135 3384 2467 3441 Ἀνατολῶν
2484 3388 2875 3457 παρεγένοντο
2918 3389 3004 3453 εὶς
3043 3386 3454 3455 Ἰερουσαλὴμ,
3497 3386 3703 3454 ,πέτον-

2122 3493 2247 3542 τες’
2273 3478 2393 3531 Ποῦ
2416 3477 2586 3531 ἐστιν
2612 3480 2645 3531 ὁ
2664 3478 2892 3546 τεχθεὶς
2908 3478 3207 3542 βασιλεὺς
3228 3475 3344 3529 τῶν
3370 3476 3699 3538 ἰουδαίωνς

2125 3570 2375 3638 Εἶδομεν
2420 3570 2528 3639 γὰρ
2567 3568 2673 3622 τὸν
2706 3568 2930 3637 ἀστέρα
2957 3569 3141 3622 αὐτοῦ
3166 3569 3234 3621 ἐν
3261 3566 3335 3635 τῇ
3380 3566 3699 3633 Ἀνατολῇ,

2125 3662 2223 3714 καὶ
2266 3661 2525 3730 ἤλθομεν
2555 3659 2974 3728 προσκυνῆσαι
3008 3660 3187 3725 αὐτῷ.
3221 3660 3329 3713 Ποῦ
3359 3656 3454 3713 οῦν
3484 3662 3518 3729 ἡ
3550 3678 3699 3731 πρα-

2124 3752 2357 3820 γματεία
2409 3750 2503 3803 τοῦ
2548 3752 2855 3820 Ζαχαρίους
2901 3748 3009 3802 Ποῦ
3044 3750 3112 3803 τὰ
3139 3750 3215 3820 τῷ
3263 3752 3447 3820 Λουκᾷ
3484 3766 3700 3817 πεπρα-

2123 3840 2511 3911 γματευμένας
2540 3840 2651 3892 Ποῦ
2700 3843 2732 3911 ἡ
2776 3840 3009 3893 ὀπτασία
3056 3840 3149 3892 τοῦ
3194 3839 3463 3908 ἀγγέλου;
3506 3837 3618 3892 Ποῦ
3667 3842 3703 3909 ἡ

2125 3933 2430 4004 προφητεία
2457 3932 2702 3986 Ἰωάννου
2728 3932 2821 3985 τοῦ
2849 3932 3188 3998 Βαπτιστοῦ;
3233 3932 3341 3986 Ποῦ
3382 3932 3477 3984 τοῦ
3521 3934 3699 4001 Ζαχα-

2128 4026 2242 4094 ρίου
2289 4028 2321 4095 ἡ
2370 4024 2706 4095 ἐπιτίμησις,
2732 4025 2827 4078 τοῦ
2880 4026 2953 4095 μὴ
3003 4024 3261 4078 δύνασθαι
3309 4023 3469 4076 αὑτὸν
3521 4024 3704 4076 λαλεῖν

2124 4115 2283 4185 ἄχρις
2309 4106 2370 4166 οὗ
2404 4113 2627 4184 γένηται⁹
2676 4114 2739 4167 τὰ
2783 4116 2886 4167 ὑπὸ
2926 4114 3020 4167 τοῦ
3056 4114 3287 4182 ἀγγέλου
3324 4113 3701 4184 λελαλημένα;

2126 4202 2235 4256 Ποῦ
2261 4203 2329 4255 τά
2358 4203 2460 4255 ὑπὸ
2486 4203 2580 4255 τοῦ
2609 4203 2847 4273 Γαϐριὴλ
2874 4206 2939 4273 τῇ
2972 4203 3229 4273 Παρθένῳ
3263 4202 3553 4273 λεχθέντα;
3588 4203 3703 4255 Ποῦ

2124 4296 2156 4364 ἡ
2206 4292 2549 4364 παράστασις
2596 4293 2694 4361 τῆς
2739 4292 3058 4361 ἀσφαλείας,
3094 4293 3195 4362 τῆς
3242 4294 3380 4364 μετά
3431 4294 3703 4353 συνέσεως

2052 4374 2094 4428 Ῐ)
2122 4388 2219 4456 τῆς
2240 4385 2456 4457 Μαρίας
2482 4383 2631 4453 αύτῷ
2658 4383 2735 4454 τῷ
2762 4384 2979 4455 ἀγγέλῳ
3000 4384 3415 4455 ἀποκριθείσης,
3443 4386 3520 4447 ὡς
3547 4383 3703 4455 ἡρώο

451 4492 542 4538 τα,
572 4475 828 4547 λέγουσαι
862 4481 992 4548 Πῶς
1018 4480 1185 4537 ἔσται
1210 4481 1404 4544 τοῦτο,
1428 4480 1557 4535 ἐπεὶ
1591 4480 1780 4548 ἄνδρα
1818 4482 1889 4533 οὐ
1931 4480 2199 4549 γινώσκω
2221 4496 2239 4542 ;
2263 4479 2357 4530 καὶ
2389 4480 2421 4548 ἡ
2478 4477 2615 4547 μετά
2668 4477 2953 4548 ἀκριϐείας
3003 4477 3219 4548 καθαρά
3265 4479 3561 4549 ὑφήγησις,
3627 4478 3705 4543 ὡς

455 4564 609 4622 εἶπεν
640 4572 775 4641 αὐτῇ
795 4585 809 4600 ·
855 4572 1094 4641 Πνεῦμα
1122 4570 1341 4640 Κυρίου
1375 4572 1763 4629 ἐπελεύσεται
1794 4572 1890 4625 ἐπὶ
1917 4570 2011 4632 σὲ,
2040 4570 2135 4625 καί
2158 4571 2414 4639 δύναμις
2452 4570 2730 4636 Ὑψίστου
2751 4569 3094 4624 ἐπισκιάσει
3117 4586 3219 4624 σοι
3246 4586 3265 4634 ;

542 4659 617 4714 il.
651 4661 885 4726 Quinam
915 4678 1045 4733 ergo
1079 4663 1281 4718 factum
1309 4665 1646 4733 putabimus,
1684 4672 1743 4719 ut
1769 4680 1890 4734 qua:
1920 4664 2021 4719 Lu'

457 4766 552 4805 cas
584 4754 858 4821 exposuit.
888 4769 951 4809 ea
979 4756 1086 4809 sint
1114 4771 1143 4807 a
1170 4755 1422 4809 Matthzeo
1452 4757 1854 4826 praetermissa?
1880 4755 2017 4810 Num

461 4842 771 4901 Matthaeum
813 4847 882 4901 ab
924 4848 1002 4900 rei
1052 4846 1274 4903 veritate
1323 4847 1636 4917 discrepare
1682 4850 2021 4904 statuemus?

456 4931 618 5002 427
652 4937 730 4989 An
766 4945 959 4990 contra
1002 4938 1055 4991 in
1101 4938 1293 5007 primis
1329 4938 1438 4993 illis
1475 4940 1639 4995 rebus
1665 4943 1851 5009 gestis,
1882 4956 2020 5009 quas

464 5028 747 5081 Matthaaus
795 5028 1133 5099 perscripsit,
1167 5028 1365 5082 Lucam
1416 5029 1594 5100 ipsum
1636 5031 1859 5086 minime
1891 5048 2016 5086 vera

461 5119 756 5171 narrasse?
801 5118 990 5174 Nonne
1037 5120 1267 5189 singulis
1314 5123 1532 5192 propria
1580 5123 1822 5193 quaedam
1878 5124 2017 5179 Deus

462 5209 727 5274 attribuit,
766 5217 823 5262 ut
857 5214 1199 5282 evangelista:
1240 5221 1474 5281 quatuor
1503 5215 1568 5268 ad
1617 5215 2013 5283 praedicandum

464 5300 808 5370 livaugelium
836 5302 1029 5357 delecti
1060 5320 1218 5358 suum
1246 5304 1517 5374 quoddam
1550 5308 1878 5377 prmcipuum
1906 5324 2016 5359 inu-

533 5481 546 5509 '
580 5478 767 5533 Matth.
802 5496 815 5532 ι
866 5481 888 5533 1
928 5495 1046 5550 sqq.

2196 4665 2285 4728 ς’.
2327 4661 2391 4714 Τί
2413 4657 2504 4715 οὖν
2532 4660 2799 4731 ὲροῦμεν;
2830 4663 2951 4715 ἐπεὶ
2984 4662 3058 4733 μὴ
3096 4663 3460 4732 κατήγγελλεν
3492 4666 3522 4717 ὁ
3550 4666 3707 4718 Ματ-

2126 4754 2273 4817 θαῖος
2326 4753 2393 4807 τὰ
2431 4754 2535 4806 ὑπὸ
2577 4753 2671 4806 τοῦ
2721 4755 2902 4807 Λουκᾶ
2934 4754 3189 4826 ρηθέντα.
3221 4757 3326 4827 ἀρα
3374 4756 3707 4827 ἀσύμφωνος

2122 4845 2206 4917 εἴη
2255 4847 2283 4898 ὁ
2316 4846 2470 4913 ἀγιος
2496 4846 2774 4907 Ματθαῖος
2808 4846 2946 4916 πρὸς
2987 4846 3085 4916 τὴν
3118 4847 3403 4917 ἀλήθειαν;
3432 4847 3570 4899 Ἀλλ’
3601 4850 3706 4901 οὐκ

2123 4938 2375 5008 ἀληθεύει
2398 4939 2425 4990 ὁ
2458 4936 2612 5006 ἅγιος
2635 4940 2870 5000 Λουκᾶς.
2896 4937 3065 4991 είπὼν
3089 4940 3217 5006 περὶ
3241 4938 3347 4991 τῶν
3373 4938 3603 5010 πρώτων
3624 4941 3703 5010 τῷ

2124 5027 2385 5099 Ματθαίῳ
2412 5029 2987 5099 πεπραγματευμένων
3012 5043 3025 5089 ;
3048 5029 3181 5097 Οὐχὶ
3204 5028 3418 5097 ἑκάστῳ
3444 5028 3705 5099 ἐμέρισεν

2122 5122 2151 5172 ὁ
2184 5120 2332 5183 Θεὸς,
2362 5121 2446 5173 ἵνα
2473 5121 2520 5173 οἱ
2552 5120 2816 5190 τέσσαρες
2836 5119 3239 5187 εὐαγγελισταὶ,
3266 5120 3567 5187 ὀφείλοντες
3596 5137 3701 5189 κη-

2127 5210 2304 5283 ρύξαι,
2340 5211 2574 5283 εῦρωσιν
2601 5212 2828 5271 ἕκαστος
2850 5210 2901 5262 τί
2932 5209 3303 5279 ἐργάσωνται;
3352 5213 3445 5263 καὶ
3488 5210 3556 5263 τὰ
3601 5212 3703 5279 μὲν

2125 5304 2427 5374 συμφώνως
2476 5304 2570 5357 καὶ
2622 5304 2750 5367 ἴσως
2792 5302 3117 5372 κηρύξωσιν,
3163 5304 3248 5357 ἴνα
3285 5301 3587 5374 δειχθιῖηιν,
3619 5304 3699 5355 ὅτι

1126 5499 1144 5511 ·
1174 5479 1360 5532 Matth.
1393 5496 1453 5541 ll,
1490 5483 1507 5533 ι
1538 5496 1656 5552 sqq.
1729 5481 1750 5512 ³
1783 5479 1914 5533 Luc.
1954 5497 1991 5542 ι,
2023 5480 2113 5540 ⁸54.
2140 5480 2229 5534 35.

533 5658 641 5725 (18)
698 5655 821 5712 Ἀπ’
854 5652 1039 5709 αὐτοῦ
1072 5651 1177 5708 τοῦ
1215 5654 1391 5722 ἔργου
1430 5654 1699 5722 κηρύξαι.
1730 5656 1836 5709 Aut
1876 5654 2015 5728 κηρύ

2124 5657 2241 5727 leg.,
2287 5665 2381 5711 aut
2408 5657 2500 5710 τοῦ
2531 5658 2781 5729 κηρύξαι.
