3750 6200
56 294 182 353 897

790 287 1153 345 ADVERSUS
1192 284 1533 343 lhERESES
1570 285 1695 341 LIB.
1742 285 1803 341 ll.
1843 286 2004 342 TOM.
2047 285 2086 342 1.
2126 318 2197 329 —-
2254 286 2525 346 HERES.
2565 290 2650 346 ιι.

3209 294 3313 350 898

50 408 125 475 ἐξ
150 409 317 480 αὐτῆς
359 410 457 480 τῆς
487 410 666 479 πηγῆς
708 407 989 480 ὥρμηνται
1007 425 1024 442 ο
1044 408 1114 463 τὰ
1141 408 1197 461 δὲ
1224 407 1436 477 ἑκάστῳ
1460 424 1587 479 παρέ

1775 421 1848 460 {US
1892 406 2190 460 haberent?
2222 404 2298 459 Ita
2348 405 2590 476 quidem,
2643 416 2701 461 ut
2752 409 3013 464 nonnulla
3050 412 3313 466 concordi

48 501 357 572 ληφθέντα,
388 500 544 563 ἀλλος
565 500 896 571 διηγήσεται,
924 500 981 566 ὃς
1004 501 1158 553 ἔλαϐε
1182 501 1330 571 παρὰ
1351 499 1441 551 τοῦ
1468 497 1638 551 Πνεύ-

51 612 235 662 ματος
268 594 433 665 μέρος
462 595 563 664 τῆς
596 594 908 662 ἀναλογίας.
940 594 1004 646 Τί
1044 595 1105 648 δὲ
1142 595 1455 663 ποιήσομεν,
1485 592 1637 645 Ματ-

48 685 215 738 θαίου
249 687 344 756 μὲν
376 685 731 756 κηρύττοντος
765 689 823 739 ὲν
858 686 1103 757 Βηθλεὲμ
1155 685 1253 755 τὴν
1284 683 1514 755 Μαριὰμ
1541 701 1634 752 γε-

46 774 399 843 γεννηκέναι,
445 773 585 826 κατά
630 772 728 837 τὰς
778 774 911 845 παρ’
935 774 1082 845 αὐτῷ
1122 772 1491 842 γενεαλογίας,
1518 771 1625 825 ἀπὸ

63 866 321 937 Ἀϐραὰμ
346 868 440 920 καὶ
467 868 628 921 Δαόὶδ
650 868 746 939 τὴν
771 868 1031 938 ἔνσαρκον
1051 864 1284 937 Χριστοῦ
1306 864 1629 936 παρουσίαν,

45 956 133 1018 ὡς
188 958 284 1027 οὐχ
332 959 645 1029 εὑρίσκεται
691 962 718 1013 ὁ
766 960 920 1027 ἅγιος
951 960 1176 1029 Μάρκος
1203 956 1373 1010 ταῦτα
1422 956 1626 1024 λέγων·

46 1049 197 1102 ἁλλά
226 1051 333 1103 ἀπὸ
360 1051 459 1121 τῆς
492 1054 550 1104 ἐν
578 1052 653 1122 τῷ
687 1052 927 1124 Ἰορδάνῃ
972 1050 1353 1123 πραγματείας
1398 1051 1631 1101 ποιεῖται

42 1142 153 1211 τὴν
190 1143 496 1213 εἰσαγωγὴν
549 1146 639 1197 τοῦ
688 1144 1039 1212 Εὑαγγελίου,
1076 1145 1168 1197 καὶ
1213 1142 1405 1213 φησίν·
1458 1140 1629 1210 Ἀρχὴ

45 1235 161 1286 τοῦ
190 1237 558 1304 Εὺαηαελίου
580 1254 591 1267 ·
617 1238 696 1304 ὡς
721 1236 1037 1306 γέγραπται
1061 1237 1129 1289 ἐν
1154 1236 1355 1301 Ἡσαΐᾳ
1384 1232 1462 1298 τῷ
1486 1250 1629 1301 προ-

41 1325 237 1393 φήτῃ.
272 1327 442 1395 Φωνὴ
468 1328 738 1393 βοῶντος
779 1329 848 1381 ἐν
895 1326 968 1397 τῇ
1002 1326 1214 1397 ἐρήμῳ.
1244 1326 1397 1379 Οὕτω
1439 1326 1533 1378 καὶ
1562 1325 1629 1377 τά

41 1416 129 1486 τῷ
182 1418 319 1487 ἀγίῳ
372 1418 591 1491 Ἰωάννῃ
638 1419 1201 1493 πεπραγματευμένα,
1248 1419 1341 1471 καὶ
1386 1418 1443 1471 ὲν
1489 1418 1627 1486 ἀγίῳ

40 1508 332 1577 Πνεῦματι
376 1510 752 1581 ὴσφαλισμένα
790 1511 887 1581 τὴν
934 1511 1185 1582 φροντίδα
1220 1510 1373 1579 ἔσχεν
1406 1510 1466 1561 οὐ
1498 1506 1627 1579 περὶ

40 1592 158 1643 τῶν
194 1594 293 1663 ἤδη
335 1598 756 1667 κεκηρυγμένων
786 1598 1041 1662 πολλάκις
1080 1598 1235 1669 μόνον
1261 1597 1459 1665 λέγειν,
1490 1595 1625 1649 ἀλλὰ

42 1701 117 1735 πε
129 1685 183 1753 pi.
209 1685 315 1738 τῶν
349 1687 659 1756 ἀναγκαίων
688 1689 789 1742 ὑπὸ
819 1689 924 1743 τῶν
956 1690 1129 1744 ἄλλων
1156 1691 1235 1752 εἰς
1261 1683 1494 1751 αὑτοὺςί
1525 1705 1625 1757 κη-

1739 510 1801 549 ac
1836 506 2203 552 consentanea
2254 514 2387 553 VOCC
2424 506 2743 563 narrarent,
2783 516 2892 570 quo
2923 517 2981 556 SB
3010 518 3073 556 CX
3117 502 3309 558 eodem

1736 585 1986 642 hausisse
2017 586 2168 643 fonte
2212 595 2578 643 monstrarent
2611 606 2625 653 ;
2660 590 2906 660 quaedam
2941 608 3068 645 vero
3100 594 3167 647 ab
3197 594 3311 648 sin-

1735 679 1874 749 gulis
1930 680 2292 749 praetermissa
2342 680 2482 735 alius
2529 689 2859 751 exponeret,
2912 684 2999 736 cui
3055 684 3307 753 privatim

1735 768 1867 822 illud
1893 776 2038 824 esset
2071 784 2100 823 a
2130 768 2333 841 Spiritu
2364 781 2557 825 sancto
2606 788 2703 843 pro
2734 782 2853 828 rata
2888 776 3141 843 portione
3174 791 3307 829 con-

1733 875 1968 915 cessum.
1997 858 2137 927 Quid
2173 861 2339 932 igitur
2370 862 2655 927 faciemus,
2694 880 2816 919 cum
2867 864 3156 922 Matthaaus
3189 866 3304 921 Ma-

1733 953 1870 1007 riam
1902 953 2235 1009 Bethlehemi
2270 957 2548 1025 peperisse
2594 958 2817 1023 scribat,
2851 959 3152 1014 secundum
3183 975 3306 1030 per-

1731 1044 1989 1112 scriptam
2062 1045 2133 1099 ab
2189 1045 2381 1101 eodem
2442 1049 2847 1119 genealogiam,
2914 1066 3021 1120 qua
3095 1050 3304 1107 Christi

1729 1151 1852 1189 cum
1884 1152 2047 1189 carne.
2075 1140 2344 1194 venientis
2374 1140 2640 1211 originem
2673 1142 2740 1194 ab
2763 1142 3074 1198 Abrahamo
3104 1159 3167 1199 ac
3196 1144 3303 1199 Da-

1729 1225 1851 1280 vidc
1882 1230 2181 1297 pertexuit;
2225 1229 2438 1286 Marcus
2472 1248 2601 1286 vero
2629 1234 2762 1287 nihil
2790 1234 3299 1304 habeatejusmodi,

1728 1319 1823 1372 sed
1858 1319 1926 1373 ab
1957 1335 2021 1375 eo
2050 1321 2217 1390 quod
2241 1321 2307 1375 ad
2350 1320 2642 1376 Jordanem
2670 1333 2883 1394 gestum
2916 1337 3019 1388 est,
3055 1328 3301 1397 Evange-

1727 1407 1859 1461 lium
1913 1409 2183 1469 ordiatur.
2240 1411 2313 1464 ita
2364 1413 2656 1467 scribens:
2707 1412 2929 1467 Initium
2973 1415 3301 1487 Evangelii:

1725 1500 1860 1553 sicut
1890 1501 2140 1569 scriptum
2165 1513 2240 1556 est
2266 1504 2319 1556 in
2356 1503 2506 1557 Isaia
2534 1506 2788 1575 propheta
2815 1523 2833 1561 :
2872 1507 2982 1560 Vox
3018 1510 3299 1564 clamantis

1724 1591 1780 1644 in
1817 1590 2021 1646 deserto
2052 1592 2107 1646 ‘?
2142 1592 2231 1648 Sic
2281 1596 2334 1648 in
2376 1597 2443 1651 iis
2489 1613 2608 1666 qua:
2643 1599 2833 1654 beatus
2865 1597 3103 1656 Joannes
3141 1617 3300 1656 man—

1724 1679 1874 1735 davit
1906 1686 2200 1742 memoriae.
2232 1702 2460 1757 quaeque
2496 1688 2700 1757 Spiritu
2732 1699 2925 1745 sancto
2956 1692 3299 1762 gubernante

46 1777 350 1845 ρυγμάτων
386 1780 951 1847 καταλειφθέντων.Ἥ
991 1782 1098 1853 γὰρ
1140 1783 1287 1834 πᾶσα
1314 1780 1419 1833 τῶν
1446 1779 1587 1847 Εὐαγ

1775 1775 1830 1829 ie
1861 1776 2007 1829 omni
2062 1794 2125 1831 ac
2171 1782 2399 1834 veritate
2452 1782 2694 1835 stabilita
2734 1790 2885 1843 sunt,
2938 1761 2992 1838 id
3042 1785 3294 1840 videlicet

40 1870 248 1936 γελίων
275 1873 525 1936 ὑπόθεσις
546 1874 783 1927 τοιοῦτον
813 1870 923 1944 εἶχε
952 1873 1171 1945 τρόπον.

1728 1875 1909 1920 actum
1942 1878 2052 1934 est,
2101 1878 2159 1921 ut
2202 1886 2311 1924 non
2355 1873 2530 1926 solum
2567 1889 2629 1927 ea
2670 1889 2791 1943 qua:
2820 1876 3019 1944 saepius
3048 1880 3296 1933 nuntiata

40 1962 291 2025 fuerant,
328 1976 791 2035 praponerentur;
824 1966 918 2021 sed
957 1966 1346 2021 et‘necessaria
1373 1962 1618 2035 quaedam
1654 1960 1982 2014 adderentur
2008 1960 2280 2032 dogmata,
2313 1980 2432 2033 quae
2459 1966 2639 2019 caateri
2692 1974 2816 2021 ante
2866 1968 3016 2021 illum
3076 1970 3300 2025 minime

50 2059 286 2128 scriptis
318 2060 645 2130 attigissent.
676 2058 955 2129 Ejusmodi
999 2074 1191 2126 nempe
1236 2064 1407 2110 totum
1444 2052 1859 2123 Evangeliorum
1890 2062 2272 2122 argumentum
2302 2054 2423 2109 fuit.

120 2151 401 2204 Ματθαίου
433 2151 529 2221 μὲν
562 2153 668 2224 γάρ
697 2151 1058 2223 κεκηρυχότος
1089 2150 1177 2203 τὸν
1222 2147 1451 2217 Χριστὸν
1499 2162 1620 2214 γεν-

42 2241 308 2311 νηθέντα,
336 2242 427 2297 καὶ
477 2246 540 2296 ὲκ
572 2243 885 2314 Πνεύματος
927 2242 1079 2310 ἁγίου
1134 2239 1518 2311 συλληφθέντα,
1553 2238 1618 2289 ὲκ

44 2336 367 2405 σπέρματος
400 2334 559 2387 Δαϐὶδ
603 2335 695 2388 καὶ
741 2334 988 2405 Ἀϐραάμ
1018 2332 1157 2385 κατά
1203 2332 1380 2403 σάρκα
1412 2332 1616 2383 οἰκονο-

44 2425 318 2495 μηθέντα,
350 2424 523 2494 πλάνη
551 2425 659 2477 τισὶ
685 2426 973 2494 γεγένηται
994 2426 1106 2487 τοῖς
1154 2424 1227 2492 μὴ
1271 2421 1577 2491 νενοηκόσιν
1599 2438 1612 2449 ·

38 2519 108 2569 οὐ
143 2515 237 2569 τοῦ
269 2517 603 2585 Εὑαγγελίου
633 2517 804 2569 αίτίου
838 2516 986 2580 ὄντος
1014 2515 1191 2576 αὐτοῖς
1218 2516 1294 2575 είς
1317 2513 1377 2564 τὸ
1410 2510 1615 2580 πλανη-

41 2610 232 2679 θῆναι,
263 2609 396 2664 ἀλλά
437 2610 533 2680 τῆς
576 2610 754 2662 αὐτῶν
796 2610 1031 2671 διανοίας
1074 2605 1617 2676 πεπλανημένης,εἰς

39 2702 391 2771 παράστασιν
432 2700 532 2767 τῆς
578 2700 705 2771 περὶ
752 2698 1089 2753 τῶνναὺτῶν
1130 2694 1521 2767 πληροφορίας,
1548 2693 1617 2746 τὰ

39 2792 156 2843 ἀπὸ
208 2790 297 2843 τοῦ
338 2790 672 2859 Εὑαγγελίου
718 2795 861 2862 κακῇ
896 2792 1119 2863 ὑπονοίᾳ
1167 2793 1614 2867 ’ἐπινενοημένα.

45 2883 246 2935 Ἔνθεν
272 2881 377 2953 γάρ
410 2883 458 2935 οἱ
486 2883 615 2953 περὶ
658 2880 927 2953 Κήρινθον
958 2883 1052 2936 καὶ
1084 2884 1312 2939 Ἐὀίωνα
1344 2886 1497 2955 ψιλὸν
1522 2887 1612 2941 τὸν

40 2974 332 3043 ἄνθρωπον
389 2974 671 3043 κατέσχον,
724 2974 817 3027 καὶ
859 2975 1154 3047 Μήρινθον,
1199 2978 1292 3030 καὶ
1334 2977 1605 3043 Κλεόϐιον,

1793 2142 1926 2197 Cum
1962 2143 2246 2200 Matthzeus
2275 2146 2518 2215 genitum
2542 2146 2822 2203 Christum
2855 2157 3019 2220 atque
3044 2166 3074 2205 e
3105 2162 3296 2206 sancto

1725 2231 1932 2303 Spiritu
1977 2245 2341 2305 conceptum,
2394 2252 2457 2292 ac
2503 2239 2570 2293 de
2600 2238 2822 2295 Davidis
2869 2250 2923 2295 et
2971 2241 3291 2307 Abrahami,

1723 2325 1864 2395 quod
1910 2324 1977 2379 ad
2022 2342 2242 2381 carnem
2292 2329 2519 2393 attinet,
2563 2346 2763 2401 genere
2815 2340 3144 2401 prognatum
3192 2350 3292 2389 sua

1721 2420 2034 2487 narratione
2060 2418 2465 2488 descripsisset,
2498 2423 2778 2476 nonnullis
2804 2423 3183 2494 ignorantibus
3207 2442 3293 2480 cr-

1720 2508 1860 2561 roris
1898 2508 2041 2563 istud
2073 2512 2420 2565 occasionem
2467 2513 2635 2566 dedit.
2666 2514 2837 2582 Cujus
2875 2516 3092 2584 quidem
3125 2532 3290 2573 causa

1719 2614 1827 2652 non
1856 2599 2146 2670 Evangelio
2178 2602 2277 2671 ipsi
2310 2601 2632 2663 tribuenda;
2663 2604 2756 2657 sed
2794 2603 2929 2658 falsa
2957 2605 3169 2658 illorum
3202 2621 3291 2659 ac-

1717 2690 1959 2743 cusanda
1990 2706 2166 2753 mens,
2193 2692 2283 2763 qui
2319 2693 2382 2747 ad
2412 2692 2463 2746 id
2500 2693 2643 2763 quod
2682 2702 2831 2749 certo
2865 2696 2967 2750 sibi
2999 2711 3289 2766 persuase-

1717 2788 1859 2845 rant,
1890 2796 2169 2852 perperam
2202 2792 2456 2854 acceptas
2498 2800 2560 2839 ex
2607 2784 2902 2857 Evangelio
2934 2789 3292 2843 auctoritates

1717 2874 2223 2928 accommodabaut.
2283 2872 2422 2928 Hinc
2474 2876 2616 2930 enim
2667 2876 3001 2941 Cerinthus,
3051 2887 3105 2933 et
3155 2877 3291 2933 Ebio

1713 2960 1917 3018 nudum
1968 2964 2243 3019 hominem
2302 2966 2473 3021 fuisse
2507 2965 2781 3021 Christum
2835 2970 3093 3031 asseruit,
3135 2978 3194 3023 ut
3235 2977 3288 3026 et

40 3062 223 3115 εῖτουν
274 3061 601 3116 Κλεόϐουλον
635 3063 766 3133 (l9),
813 3065 906 3117 καὶ
955 3066 1233 3130 Κλαύδιον,
1267 3068 1362 3121 καὶ
1404 3072 1587 3140 Δημᾶν

1775 3057 2037 3123 erinthus,
2065 3067 2117 3112 et
2137 3057 2417 3121 Clcobius,
2444 3059 2559 3113 sive
2580 3059 2894 3125 Cleobulus,
2926 3068 2980 3115 et
3003 3061 3286 3125 Claudius,

42 3156 141 3204 καὶ
186 3152 512 3223 Ἑρμογένην
546 3152 678 3220 (20),
710 3156 834 3217 τοὺς
857 3156 1243 3226 ἀγαπήσαντας
1268 3158 1359 3210 τὸν
1386 3159 1614 3213 ἐνταῦθα

41 3244 241 3303 αἰῶνα,
275 3246 366 3297 καὶ
412 3244 840 3314 καταλείψαντας
888 3248 985 3318 τὴν
1032 3247 1146 3302 ὁδὸν
1188 3249 1287 3320 τῆς
1336 3250 1611 3321 ἀληθείας.

55 3335 456 3403 Ἀντιλέγοντες
508 3338 615 3407 γάρ
662 3340 770 3402 τοῖς
816 3338 909 3391 τοῦ
957 3341 1157 3411 Κυρίου
1204 3341 1468 3411 μαθηταῖς
1492 3346 1611 3396 κατ’

39 3431 225 3482 ἐκεῖνο
254 3429 467 3501 καιροῦ,
501 3431 609 3483 ἀπὸ
640 3431 736 3501 τῆς
767 3431 905 3485 κατὰ
932 3431 1023 3485 τὸν
1048 3433 1296 3505 Ἀϐραάμ
1324 3435 1416 3488 καὶ
1448 3436 1613 3489 Δαὸὶδ

38 3518 393 3586 γενεαλογίας
440 3519 540 3591 τὴν
565 3521 742 3573 αὐτῶν
771 3522 951 3575 ἄνοιαν
986 3527 1254 3595 παριστᾷν
1280 3525 1599 3597 ἐπειρῶντο·

37 3610 101 3661 οὐ
138 3609 316 3673 καλῶς
361 3611 461 3681 μὲν
484 3612 737 3682 οἰόμενοι,
771 3614 910 3685 πλὴν
935 3614 1180 3670 ἐντεῦθεν
1207 3617 1304 3688 τὴν
1340 3619 1609 3690 πρόφασιν

39 3701 371 3772 θηρώμενοι.
390 3704 727 3774 Ἀντέλεγον³
760 3706 862 3777 γάρ
894 3708 1149 3773 πολλάκις
1184 3711 1286 3763 ὑπὸ
1329 3712 1422 3763 τοῦ
1454 3712 1608 3780 ἁγίου

52 3794 300 3847 Ἰωάννου
339 3797 433 3848 καὶ
474 3795 579 3849 τῶν
619 3798 754 3868 ἀμφ’
785 3799 983 3864 αὐτῶν,
1012 3802 1243 3855 Λευκίου
1298 3805 1392 3856 καὶ
1438 3805 1610 3859 ἄλλων

38 3885 271 3941 πολλῶν.
301 3888 693 3960 Παρατρίψασα
719 3892 776 3944 δὲ
802 3893 997 3961 ἑαυτῆς
1020 3894 1081 3946 τὸ
1103 3894 1368 3965 μετώπιον
1397 3898 1429 3968 ἡ
1458 3898 1606 3952 ἀναι-

39 3977 288 4045 σχυντία,
319 3979 483 4051 ἑαυτῇ
518 3980 663 4033 κακά
694 3982 1096 4036 ἐπισπάσασθαι
1128 3985 1554 4057 ἐφιλοτιμήσατο.

106 4235 286 4300 Εὐθὺς
315 4238 371 4290 δὲ
402 4240 539 4309 μετά
567 4239 657 4294 τὸν
689 4240 964 4294 Ματθαῖον
992 4238 1102 4311 (21)
1141 4240 1429 4306 ἀκόλουθος
1456 4243 1607 4311 γενό-

1710 3166 1772 3204 ac
1803 3148 2017 3215 Dcmas,
2062 3160 2115 3205 et
2158 3149 2543 3221 Hermogenes,
2580 3154 2671 3222 qui
2716 3152 3024 3207 dilexerunt
3052 3154 3155 3209 hoc
3182 3170 3284 3210 sa:-

1708 3241 1911 3304 culum,
1994 3250 2047 3296 et
2090 3242 2232 3296 viam
2281 3242 2532 3298 veritatis
2587 3244 2925 3314 reliquerunt
2968 3246 3013 3299 ⁵.
3070 3244 3285 3317 Quippe

1712 3330 1924 3388 Domini
1949 3335 2233 3406 discipulis
2258 3351 2355 3406 per
2377 3336 2430 3391 id
2458 3344 2670 3406 tempus
2710 3337 3150 3391 contradicentes
3176 3338 3281 3399 illi,

1706 3443 1771 3481 ex
1798 3427 1996 3481 Christi
2041 3427 2353 3498 genealogia
2391 3428 2459 3482 ab
2499 3428 2808 3482 Abrahamo
2841 3436 2895 3481 et
2924 3427 3128 3483 Davide
3161 3445 3284 3499 per-

1705 3519 1867 3573 ducta
1888 3517 2156 3573 insaniam
2185 3534 2339 3573 suam
2365 3519 2719 3595 corroborare
2745 3519 3092 3575 studuerunt.
3122 3521 3281 3587 Quod

1706 3610 1807 3663 etsi
1839 3624 2121 3678 perperam
2168 3610 2219 3662 in
2264 3610 2508 3663 animum
2543 3610 2891 3676 induxerant,
2920 3610 3283 3666 nihilominus

1707 3700 1855 3753 illinc
1884 3700 2226 3753 occasionem
2272 3700 2418 3753 nacti
2462 3707 2606 3753 sunt.
2652 3699 2718 3753 Et
2749 3699 2987 3755 Joannes
3043 3701 3281 3769 quidem,

1705 3790 1933 3859 ejusque
1975 3788 2261 3859 discipuli,
2293 3790 2635 3859 maximeque
2677 3789 2911 3855 Lucius,
2945 3800 2999 3844 et
3038 3790 3130 3844 alii
3162 3791 3279 3861 ple-

1706 3879 1861 3948 riquc
1906 3878 2131 3932 istorum
2177 3880 2467 3933 conatibus
2494 3880 2691 3947 saepius
2734 3878 2901 3950 428
2927 3881 3276 3936 obstiterant.

1708 3968 1813 4022 Sed
1851 3967 2110 4021 nimirum
2144 3968 2236 4021 ubi
2266 3968 2432 4022 semel
2482 3967 2713 4022 frontem
2749 3984 2903 4021 suam
2940 3969 3275 4038 impudentia

1706 4056 2024 4128 perfricuit,
2061 4057 2201 4110 mala
2250 4058 2354 4111 sibi
2405 4058 2573 4110 multa
2613 4058 2872 4128 deinceps
2926 4061 3277 4116 accumulare

1706 4164 1812 4203 non
1845 4149 2068 4203 destitit.

1774 4241 1959 4313 itaque
1987 4250 2110 4314 post
2149 4241 2458 4298 Matthmum
2501 4247 2681 4299 statim
2729 4243 2932 4309 Marco,
2966 4246 3058 4317 qui
3089 4244 3275 4299 Romae

107 4422 125 4494 ξ
159 4419 221 4494 Ε.
259 4420 472 4494 αὐτόν.-
516 4419 538 4451 ³
570 4418 768 4477 Deesse
825 4420 1040 4476 videtur
1094 4420 1360 4475 nonnihil.
1436 4420 1459 4451 ³
1490 4417 1552 4474 F.

1778 4437 1952 4489 γοντο,
1991 4432 2045 4477 et
2087 4432 2234 4483 mox,
2290 4418 2426 4490 ἀμφ’
2460 4420 2637 4474 αὐτόν.
2716 4420 2739 4451 ⁸
2768 4420 2934 4478 Marc.
2966 4437 3024 4486 1,
3068 4424 3091 4476 1
3148 4438 3269 4494 sqq.

28 4492 51 4522 '
82 4491 125 4545 ll
162 4491 303 4547 Tim.
339 4506 411 4555 Iv,
445 4489 497 4545 9.

108 4648 240 4720 (19)
262 4649 373 4720 Kgl
409 4650 718 4710 Κλεόϐιον,
750 4647 951 4720 εῑτουν
998 4642 1394 4720 Κλεᾴϐουέον.
1432 4640 1586 4720 lgna:

1775 4650 1910 4720 test,
1960 4645 2037 4697 uti
2085 4644 2194 4720 duo
2240 4645 2486 4720 ejusdem
2528 4648 2766 4720 nominis
2812 4648 2990 4703 Dama:
3042 4649 3265 4705 fuerint.

30 4724 139 4777 tius
175 4711 243 4771 ad
285 4718 585 4772 Trallianos
617 4716 1063 4793 :fbstiys'renxai
1103 4712 1172 4793 τὰ
1213 4711 1318 4793 του.
1350 4713 1585 4782 πονηροῦ

29 4795 253 4862 ἔγγονα,
281 4790 553 4851 Θεόδοτον,
582 4788 675 4862 καὶ
710 4784 1132 4862 Κλεόβουλον-τά
1157 4784 1429 4852 γεννῶντα
1454 4800 1589 4862 καρ-

28 4840 560 4931 Athamana;
589 4840 689 4913 Ubi
717 4840 1233 4931 nonNicolaitarum
1256 4840 1589 4931 propagines

28 4922 374 5004 istosgl'uisse'
393 4922 585 5004 docet,
617 4938 675 4983 ut
715 4940 799 5004 est
825 4927 878 4980 in
913 4926 1111 5004 _An_nal.
1131 4964 1146 4987 ,
1176 4922 1272 5004 sed
1300 4923 1589 5004 τοῦπονη-

29 5004 129 5073 ροῦ
162 5002 379 5075 ἔγγονα,
434 5000 667 5075 hoc_est_
696 4998 957 5075 daemonis
992 4996 1152 5051 fetus.
1185 4993 1454 5075 Imposuit
1478 4997 1588 5075 flu-

26 5064 250 5126 naliuin'
272 5072 523 5139 scriptori
555 5070 777 5123 Latinus
819 5066 1105 5136 interpres,
1142 5064 1234 5134 qui
1260 5064 1333 5117 ita
1364 5064 1539 5118 reddit
1569 5081 1584 5119 :

28 5144 249 5211 Fugite,
286 5142 511 5211 peruersi
546 5141 692 5211 illius
726 5148 956 5211 nepotes.

101 5202 476 5281 (Ξογάημᾶν,
528 5202 1043 5281 καὶῙΕρμογένηῖ.
1096 5202 1468 5259 Theodoretus
1519 5203 1585 5257 ad

26 5283 72 5338 ll
100 5276 245 5337 Tim.
294 5276 349 5336 εἶ
377 5298 459 5345 ιν,
502 5280 753 5335 eumdem
793 5276 1209 5345 illumﬂDemam
1250 5289 1372 5345 esse
1407 5281 1583 5345 putat,

25 5355 120 5423 qui
174 5352 345 5421 Epist.
399 5344 466 5405 ad
527 5349 754 5423 Philem.
815 5344 1236 5423 et.__Co|o§s.tv
1297 5344 1583 5423 laudatur;

66 5412 232 5493 uiqué
266 5423 523 5476 saeculum
549 5420 806 5493 diligens,
842 5416 1033 5493 relicto
1070 5414 1275 5493 Paulo,
1306 5412 1582 5493 discessit.

66 5443 232 5493 urque
266 5443 523 5476 saeculum
555 5443 806 5489 "lugens,
844 5443 1033 5471 ητιιυιυ
1073 5443 1241 5495 fallit.)
1261 5454 1275 5477 ,
1306 5443 1577 5495 υιδυιξθθιι.

25 5443 135 5547 ged
172 5500 378 5546 mutato
407 5491 637 5566 consilio
665 5489 732 5542 ad
763 5486 990 5541 Paulum
1035 5493 1323 5566 revertisse
1357 5484 1577 5566 quidam

25 5564 355 5618 existimant.
408 5560 689 5631 Chrysost.
718 5574 846 5613 vero
883 5566 1003 5631 post
1035 5555 1390 5610 honoriﬁcam
1431 5555 1575 5607 illam

25 5634 90 5687 de
116 5649 185 5687 eo
214 5629 541 5686 mentionem
575 5647 603 5682 ιι
634 5629 800 5683 Paulo
831 5629 1139 5695 seiunctum
1165 5640 1289 5680 esse
1315 5632 1488 5695 putat.
1521 5632 1580 5695 ut

25 5703 117 5760 illa
161 5703 227 5757 ad
274 5702 497 5757 Philem.
538 5706 665 5755 ante
705 5699 744 5752 Il
779 5700 845 5754 ad
876 5693 1017 5753 Tim.
1050 5698 1255 5767 scripta
1301 5693 1393 5750 sit.
1435 5693 1578 5750 Fieri
1616 5766 1629 5779 ψ

1690 4712 1846 4788 Αριιά
1878 4714 2048 4788 lgnat.
2080 4712 2350 4783 Epistfad
2386 4716 2689 4788 Magnesia;
2718 4721 3037 4773 nominatur
3067 4722 3266 4775 Hamas

1690 4782 2088 4856 Magnesiorum
2125 4782 2438 4856 episcopus.

1760 4801 2088 4907 ignesmrum
2125 4802 2438 4856 episcopus.

1760 4871 1771 4912 l
1828 4854 1873 4923 Ι)
1903 4855 2112 4927 Εὐθὺς
2159 4855 2226 4908 δὲ
2260 4858 2413 4925 μετὰ
2454 4858 2561 4910 τὸν
2600 4856 2918 4911 Ματθαῖον.
2968 4856 3047 4911 Ex
3098 4873 3263 4927 prava

1686 4922 1935 4979 Coruarii
1970 4922 2419 4995 interpretatione
2464 4936 2557 4981 aut
2586 4928 2721 4981 falsa
2752 4935 2844 4981 aut
2871 4928 3037 4982 dubia
3067 4922 3131 4982 ei:
3176 4930 3262 4985 his

1686 4994 1869 5067 verbis
1903 4994 2130 5051 historia
2160 4998 2458 5067 colligitur,
2484 4998 2701 5067 jussum
2758 5013 2786 5051 a
2825 4997 2987 5052 Petro
3020 4996 3264 5053 Marcum

1685 5066 1970 5119 historiam
2022 5066 2330 5135 scripsisse.
2382 5066 2663 5121 Sic'enim
2706 5067 3012 5122 Cornarius
3066 5087 3079 5121 :
3130 5067 3262 5122 Post

1687 5136 1996 5207 blatthaeun:
2041 5147 2265 5192 secutus
2318 5144 2401 5191 est
2436 5136 2667 5207 Marcus,
2705 5139 2894 5207 jussus
2930 5154 2960 5191 a
2997 5138 3056 5191 S.
3097 5136 3261 5193 Petro

1690 5205 1873 5259 Romze
1918 5205 2268 5274 Evangelium
2317 5207 2496 5262 edere.
2556 5205 2815 5261 Neutrum
2870 5210 3065 5262 horum
3124 5208 3260 5263 dicit

1686 5276 1876 5345 Epiph.
1927 5286 2020 5349 aut
2050 5276 2192 5330 Petri
2218 5276 2379 5344 jussu
2403 5318 2416 5339 ,
2446 5285 2540 5349 aut
2580 5278 2766 5333 Romae
2797 5277 3259 5349 scripsisseiMar-

1684 5361 1829 5409 cum,
1863 5346 1955 5401 sed
1998 5348 2100 5399 hoc
2130 5354 2364 5408 tantum,
2400 5348 2656 5403 comitem
2687 5348 2838 5402 illum
2874 5346 3059 5403 Romae
3087 5348 3257 5403 fuisse

1685 5415 1850 5479 Petri,
1888 5426 1941 5470 et
1975 5415 2365 5486 ἐπιτρέπεσθαι
2408 5416 2468 5471 τὸ
2518 5419 2846 5486 Εὑαγγέλιον
2888 5419 3165 5472 ἐκθέσθαι.
3209 5419 3253 5471 Α

1686 5432 1850 5479 rem,
1888 5432 1941 5470 et
1975 5432 2098 5467 επιτ
2139 5432 2365 5470 επεσυαι
2408 5432 2468 5471 το
2520 5432 2846 5486 ιςυαγγελιον
2888 5432 3165 5472 εκυεσυαι.
3209 5432 3253 5471 A

1685 5487 1960 5555 quonam?
2009 5487 2054 5538 A
2098 5432 2306 5555 Spiritu
2356 5496 2567 5543 sancto.
2600 5490 2777 5543 lnscio
2810 5491 2953 5543 enim
2988 5488 3148 5542 Petro
3186 5486 3253 5540 ad

1686 5556 2033 5627 scribendum
2087 5570 2376 5627 aggressus
2432 5566 2552 5621 est,
2606 5558 2865 5613 Romanis
2920 5560 2972 5612 id
3023 5560 3097 5610 ab
3133 5562 3252 5625 ipso

1686 5626 2104 5697 postulantibus,
2134 5626 2200 5680 ut
2222 5636 2412 5683 auctor
2442 5636 2526 5683 est
2562 5627 2785 5684 Hieron.
2834 5629 2929 5683 lib.
2966 5628 3038 5681 De
3068 5629 3250 5692 script.

1684 5696 1893 5762 eccles.,
1919 5704 1972 5753 et
2018 5696 2214 5753 Euseb.
2248 5699 2340 5754 lib.
2376 5713 2435 5764 ll,
2464 5714 2494 5754 c
2546 5700 2633 5755 N.
2663 5698 2817 5765 Quod
2846 5714 2972 5753 cum
3008 5699 3252 5754 audisset
