3846 6336
422 347 527 407 899

1806 342 1868 399 S.
1909 339 2251 398 EPlPHANll

3574 336 3717 391 $00

396 458 397 461 “
427 467 603 523 sancti
622 465 768 521 Petri
787 480 969 522 comes
988 463 1463 533 fuerat,scrihendi
1481 463 1755 537 Evangelii
1774 467 1991 536 provin-

2114 481 2255 527 ιενος
2281 464 2310 517 ὁ
2336 461 2559 531 Μάρκος
2589 456 2668 532 τῷ
2698 458 2841 530 ἀγίῳ
2870 457 3066 529 Πέτρῳ
3107 457 3166 509 ὲν
3202 454 3412 527 Ῥώμῃ.
3449 450 3717 525 ἐπιτρέα

428 557 516 611 cia
548 558 927 612 committitur.
957 556 1110 622 Quod
1146 572 1270 610 cum
1305 555 1541 621 fecisset,
1576 571 1605 609 a
1643 557 1801 611 beato
1830 554 1992 610 Petro

436 651 485 702 in
516 646 812 719 Egyptum
843 648 1099 703 mittitur.
1129 646 1259 701 Erat
1292 648 1381 702 hic
1414 663 1559 703 unus
1591 664 1621 702 e
1652 662 1799 701 Lxxu
1832 647 1995 703 disci-

428 740 594 811 pulis,
627 740 720 810 qui
760 740 830 795 ob
871 754 1177 795 sermonem
1208 739 1362 793 illum
1392 739 1625 810 dispersi
1655 748 1801 806 sunt,
1832 754 1992 810 quem

400 830 694 887 Dominus
723 833 970 887 elocutus
1019 831 1237 887 fuerat:
1284 829 1405 886 Nisi
1443 832 1558 902 quis
1602 830 1994 884 manducauerit

427 941 641 979 carnem
669 941 861 991 meam,
892 933 942 978 et
980 924 1164 980 biberit
1192 925 1530 995 sanguinem,
1564 939 1665 977 non
1692 930 1775 977 ‘est
1800 939 1880 976 me
1911 922 1995 975 di-

404 1032 560 1087 ‘gnus
589 1015 631 1082 ⁸,
665 1017 740 1070 uti
772 1017 956 1071 sciunt
997 1018 1088 1086 qui
1120 1016 1472 1087 Evangelium
1517 1016 1761 1087 legerint.
1793 1012 1994 1069 Verum

431 1107 520 1161 ille
552 1108 696 1162 Petri
731 1123 894 1178 opera
931 1124 1202 1173 reversus,
1234 1124 1298 1163 ac
1339 1107 1546 1178 Spiritu
1591 1114 1783 1161 sancto
1820 1105 1994 1175 reple-

432 1207 516 1253 tus
569 1201 953 1255 conscribendi
1018 1200 1294 1271 Evangelii
1341 1216 1539 1254 munus
1588 1199 1816 1269 accepit.
1868 1197 1997 1253 lnde

432 1306 589 1361 porro
616 1292 749 1345 illud
778 1308 1005 1347 exorsus
1038 1300 1142 1355 est,
1179 1291 1322 1347 unde
1353 1290 1590 1362 Spiritus
1614 1307 1736 1346 eum
1772 1299 1996 1346 sanctus

426 1384 666 1454 impulit,
691 1391 746 1439 et
783 1400 813 1437 a
857 1400 926 1437 xv
954 1384 1156 1439 Tiberii
1200 1384 1431 1439 Caesaris
1460 1400 1603 1439 anno
1635 1383 1867 1454 sumpsit
1895 1383 1997 1438 ini-

424 1474 595 1541 tium;
630 1475 724 1546 qui
759 1483 841 1530 est
866 1492 971 1530 xxx
1001 1476 1068 1529 ab
1093 1492 1189 1541 eo,
1231 1475 1375 1530 unde
1409 1473 1695 1529 Matthams
1727 1476 1999 1531 narratioc

425 1582 548 1621 nem
568 1566 861 1622 inchoavit.
881 1565 1246 1633 Quamobrem
1271 1584 1393 1622 cum
1421 1567 1694 1624 secundus
1717 1552 1805 1622 hic
1827 1567 1999 1624 Evan-

425 1659 549 1728 gelii
582 1660 816 1729 scriptor
848 1660 1178 1727 exstitisset;
1211 1677 1308 1715 nec
1336 1663 1404 1716 de
1423 1660 1587 1716 Verbi
1611 1660 1705 1717 Dei
1736 1661 1791 1716 in
1822 1670 1997 1720 terras

2094 574 2254 610 πεται
2276 554 2337 609 τὸ
2367 554 2697 625 Εύαγγέλιον
2721 553 3012 608 ὲκθέσθαιι
3042 551 3134 605 καὶ
3166 550 3378 622 γράψας
3401 548 3717 603 ἀποστέλ-

2092 650 2241 704 λεται
2273 648 2378 703 ὑπὸ
2407 648 2501 702 τοῦ
2533 649 2691 718 ἁγίου
2720 648 2926 719 Πέτρου
2974 648 3054 710 είς
3099 644 3195 715 τὴν
3222 642 3329 697 τῶν
3356 642 3719 710 Αἰγυπτίαν

2094 742 2295 815 χώραν.
2323 733 2488 806 Οὗτος
2517 742 2573 796 δὲ
2605 738 2685 805 εἷς
2720 741 3013 812 ἐτύγχανεν
3050 739 3160 810 (‘22)
3203 740 3266 791 ὲκ
3296 733 3406 789 τῶν
3436 737 3713 805 ὲὸδομη-

2095 831 2350 886 κονταδύο
2396 832 2505 885 τῶν
2546 830 3073 904 διασκορπισθέντων
3120 828 3211 881 ἐπὶ
3255 826 3332 896 τῷ
3368 828 3617 897 ῥήματι,
3656 816 3717 890 ᾧ

2094 917 2247 977 εἷπεν
2270 926 2298 977 ὁ
2326 920 2551 995 Κύριος·
2598 923 2731 977 Ἐὰν
2753 921 2839 992 μή
2864 922 2959 987 τίς
2980 938 3099 990 μου
3126 918 3282 987 φάγῃ
3302 916 3419 984 τὴν
3449 915 3713 982 σάρκα,

2094 1016 2194 1070 καὶ
2227 1017 2332 1085 πίῃ
2373 1016 2440 1071 τὸ
2488 1010 2648 1085 αἷμα,
2674 1016 2785 1070 οὐκ
2812 1013 2944 1069 ἐστι
2970 1030 3088 1083 μου
3130 1012 3325 1076 ἄξιος·
3356 1010 3432 1073 ὡς
3454 1012 3581 1071 τοῖς
3624 1006 3714 1059 τὰ

2096 1108 2403 1179 Εὐαγγέλια
2451 1106 2741 1178 ἀναγνοῦσι
2794 1105 2969 1178 σαφὴς
3012 1108 3045 1176 ἡ
3097 1098 3713 1175 παράστασις.”ομως

2096 1201 2183 1255 διὰ
2233 1201 2436 1274 Πέτρου
2477 1199 2803 1272 ἀνακάμψας
2832 1196 3269 1267 εὐαγγελίζεσθαι
3293 1192 3715 1256 καταξιοῦτειι,

2096 1293 2374 1365 Πνεύματι
2415 1293 2554 1365 ἀγίῳ
2594 1290 3333 1364 ὲμπεφορημένος.⁹Αρχεται
3372 1286 3430 1339 δὲ
3468 1284 3711 1357 κηρύτ-

2096 1402 2229 1449 τειν,
2265 1385 2385 1440 ὅθεν
2410 1386 2469 1440 τὸ
2495 1385 2719 1456 Πνεῦμα
2746 1383 2894 1455 αὐτῷ
2936 1380 3395 1454 παρεκελεύσατο.
3428 1379 3531 1448 τὴν
3570 1378 3707 1449 ἁρ-

2098 1478 2197 1548 χὴν
2249 1477 2457 1531 τάττων
2513 1478 2619 1531 ἀπὸ
2673 1474 3158 1530 πεντεκαιδεκάτου
3207 1474 3361 1535 ἔτους
3418 1470 3707 1539 Τιὸερέου

2098 1568 2374 1643 Καίσαρος
2429 1567 2565 1639 μετά
2612 1567 2705 1638 ἔτη
2748 1567 3039 1639 τριάκοντα
3089 1567 3187 1639 τῆς
3240 1568 3337 1621 τοῦ
3390 1569 3707 1623 Mat-Gaio»

2100 1659 2502 1730 πραγματείας.
2538 1658 2801 1730 Δευτέρου
2843 1657 2903 1711 δὲ
2941 1658 3232 1729 γενομένου
3263 1658 3705 1727 εύαγγελιπαῦ,

425 1767 459 1805 e
492 1750 633 1805 ctelo
678 1750 900 1821 delapsu
947 1751 1234 1821 perspicue
1268 1752 1650 1824 signiﬁcasset,
1684 1769 1996 1825 quanquam

2114 1751 2194 1804 καὶ
2220 1752 2294 1821 μὴ
2333 1752 2462 1823 περὶ
2486 1751 2585 1822 τῆς
2609 1749 2813 1805 ἀνωθεν
2857 1751 3185 1819 καταγωγῆς
3208 1750 3343 1805 Θεοῦ
3376 1752 3553 1820 Λόγου
3578 1770 3709 1823 τηρ

432 1856 689 1911 expresse
718 1842 770 1897 id
797 1844 1020 1897 omnino
1055 1844 1352 1898 declaravit
1391 1862 1407 1899 :
1442 1860 1627 1899 verum
1655 1860 1779 1898 cum
1817 1845 1999 1900 minus

2114 1813 2316 1910 Καυγῶς
2345 1813 2715 1913 σημάναντος·
2761 1840 2898 1894 ἀλλὰ
2938 1813 3111 1912 πάντη
3143 1813 3256 1912 μὲν
3295 1813 3705 1913 ἐμφαντικῶς,

432 1931 484 1987 id
518 1941 773 1988 accurate
809 1941 1219 2004 pertractasset,
1256 1935 1387 1988 hinc
1432 1950 1582 1989 novze
1624 1935 1874 2005 quaedam
1920 1942 2000 1989 te-

430 2026 611 2081 nebrae
642 2027 881 2093 illorum,
911 2042 1050 2096 quos
1090 2028 1251 2097 paulo
1284 2037 1408 2083 ante
1434 2029 1876 2093 commemoravi,
1914 2028 1999 2083 in-

432 2117 603 2186 geniis
641 2118 845 2172 obortae
875 2126 1040 2185 sunt;
1071 2134 1140 2173 ne
1182 2134 1279 2175 eos
1323 2120 1671 2189 evangelicus
1700 2120 1788 2175 ille
1819 2119 2003 2191 splen-

434 2210 531 2265 ,ἴοι-
573 2210 892 2265 illustraret.
935 2209 1029 2265 Sic
1063 2212 1210 2266 enim
1255 2211 1333 2266 illi
1370 2212 1653 2282 jactabant
1685 2228 1698 2265 :
1731 2210 1872 2268 Ecce
1901 2211 2002 2267 tibi

431 2315 632 2356 novum
656 2301 724 2355 de
750 2300 969 2356 Christo
996 2302 1271 2372 proditum
1299 2314 1383 2359 est
1410 2302 1782 2374 Evangelium,
1812 2304 1866 2357 in
1894 2319 2003 2374 quo

431 2392 580 2447 o‘ulla
609 2392 677 2448 de
714 2393 923 2448 caelesti
968 2394 1059 2448 illa
1100 2395 1448 2463 generatione
1492 2396 1730 2462 mentio;
1768 2395 1866 2452 sed
1898 2396 2004 2451 hoc

433 2500 602 2539 unum
644 2493 949 2539 memorat:
1000 2482 1066 2538 In
1099 2483 1340 2540 Jordane
1371 2485 1639 2540 descendit
1681 2485 1915 2551 Spiritus
1949 2488 2004 2542 in

432 2576 620 2638 illum;
651 2585 701 2630 et
729 2591 827 2629 vos:
855 2576 993 2631 :Hic
1025 2585 1102 2631 est
1130 2574 1307 2631 Filius
1348 2593 1492 2631 meus
1526 2576 1772 2645 dilectus,
1813 2581 1868 2633 in
1897 2596 2005 2652 quo

434 2668 564 2722 mihi
589 2668 884 2738 complacui
906 2672 948 2722 '.

510 2758 617 2814 VII.
649 2761 783 2816 Cum
816 2761 981 2829 igitur
1007 2760 1074 2816 iis
1104 2761 1159 2815 in
1188 2763 1351 2818 rebus
1379 2769 1489 2817 tam
1517 2762 1854 2819 incredibilis
1886 2764 2008 2820 illo-

433 2867 553 2909 rum
568 2861 877 2908 versaretur
894 2856 1150 2919 amentia,
1183 2853 1418 2924 Spiritus
1438 2864 1660 2911 sanctus
1672 2856 1886 2911 beatum
1904 2855 2009 2911 Lu-

434 2960 555 2999 cam
584 2946 817 3001 occultis
851 2945 1177 3015 quibusdam
1223 2947 1460 3002 stimulis
1503 2947 1671 3018 cogit,
1702 2957 1752 3002 et
1781 2950 2004 3015 excitat,

437 3046 496 3092 ut
536 3053 601 3092 ex
645 3037 913 3093 altissima
962 3038 1054 3091 illa
1099 3038 1357 3109 voragine
1405 3053 1674 3094 caecorum
1723 3039 2006 3096 hominum

2100 1933 2163 1986 ού
2219 1934 2323 2003 μὴν
2371 1932 2510 1986 κατὰ
2556 1931 2941 2002 ἀκριϐολογίαν
2981 1931 3271 2003 τοσαύτην,
3320 1933 3519 2003 γέγονε
3564 1936 3704 1997 τοῖς

2102 2024 2540 2095 προειρημένοις.
2575 2026 2653 2087 είς
2679 2023 2928 2097 δεύτερον
2962 2024 3225 2077 σκότωσιν
3246 2025 3355 2077 τῶν
3382 2026 3705 2095 διανοημά-

2100 2134 2228 2181 των,
2261 2116 2355 2170 τοῦ
2384 2116 2457 2187 μὴ
2485 2117 2884 2187 καταξιωθῆναι
2906 2117 3043 2189 πρὸς
3074 2119 3351 2189 φωτισμὸν
3375 2119 3471 2173 τοῦ
3501 2120 3703 2187 Εὐαγ-

2102 2207 2305 2278 γελίου,
2338 2206 2603 2276 λεγόντων
2645 2207 2846 2269 αὐτῶν,
2876 2208 2959 2262 ὅτι
2986 2208 3117 2262 Ἰδοὺ
3152 2208 3404 2281 δεύτερον
3433 2210 3705 2278 Εὐαγγέ-

2102 2298 2215 2354 λιον
2247 2299 2375 2371 περὶ
2401 2297 2638 2371 Χριστοῦ
2671 2300 2952 2369 σημαῖνον,
2975 2300 3071 2354 καὶ
3097 2299 3333 2371 οὐδαμοῦ
3362 2301 3571 2354 ἀνωθεν
3595 2300 3700 2353 λέ-

2104 2409 2217 2461 γων
2264 2390 2361 2463 τὴν
2406 2390 2690 2463 γέννησιν’
2732 2389 2868 2444 ἀλ)ά
2908 2408 3106 2462 φησιν·
3146 2391 3244 2444 Ἐν
3278 2389 3359 2456 τῷ
3400 2391 3696 2460 Ἰορδάνῃ

2106 2480 2368 2553 κατῆλθε
2396 2483 2462 2537 τὸ
2495 2482 2734 2551 Πνεῦμα
2761 2482 2851 2535 ἐπ’
2884 2483 3090 2549 αὐτὸν,
3125 2483 3224 2537 καί
3259 2484 3466 2554 pars}!
3491 2481 3702 2553 Οὗτός

2104 2575 2276 2629 ἐστιν
2310 2578 2343 2629 ό
2382 2574 2515 2642 Υἱὸς
2548 2577 2583 2629 ό
2614 2574 2938 2645 ἀγαπητὸς,
2969 2574 3062 2645 ἐφ’
3091 2574 3164 2629 ὃν
3191 2576 3531 2645 ηὐδόκησα.

2177 2757 2250 2810 Ζ⁸.
2291 2754 2507 2827 Ἐπειδὴ
2530 2754 2587 2809 δὲ
2619 2753 2791 2808 ταῦτα
2819 2746 2987 2820 οὕτως
3012 2757 3069 2810 ὲν
3097 2759 3211 2821 τοῖς
3237 2756 3503 2822 τοιούτοις
3523 2758 3693 2831 dvo!)-

2106 2862 2216 2909 τως
2243 2845 2493 2908 ἐτελεῖτο,
2521 2844 2819 2913 ἀναγκάζει
2860 2845 2922 2899 τὸ
2965 2846 3120 2915 ἆγιον
3152 2846 3401 2917 Πνεῦμα,
3434 2849 3532 2900 καὶ
3566 2849 3693 2902 ἑπιο

2109 2936 2288 2990 νύττει
2329 2936 2421 2990 τὸν
2463 2937 2615 3007 ἆγιον
2639 2939 2874 3000 Δουκᾶν,
2904 2937 2981 3001 ὡς
3004 2939 3113 2992 ἀπὸ
3142 2938 3339 3010 βάθους
3366 2940 3689 2994 κατωτάτου

2111 3027 2295 3098 (κατὰ)
2330 3027 2428 3099 τὴν
2456 3026 2694 3081 διάνοιαν
2721 3028 2829 3082 τῶν
2858 3028 3226 3100 ἠπατημένων
3250 3030 3568 3099 ἀνενέγκαι,
3595 3031 3692 3085 καὶ

436 3139 646 3185 mentes
686 3130 976 3196 educeret,
1023 3137 1079 3185 et
1114 3146 1233 3200 qua:
1277 3129 1492 3185 fuerant
1536 3130 1604 3185 ab
1638 3131 1760 3186 aliis
1790 3141 2005 3201 praeter-

2114 3118 2179 3172 τὰ
2224 3118 2329 3172 ὑπὸ
2371 3118 2479 3173 τῶν
2524 3118 2698 3173 ἄλλων
2741 3121 3166 3189 καταλειφθέντα
3208 3117 3367 3185 αὖθις
3402 3124 3691 3177 ἐπιϐάλλει-

438 3221 605 3275 missa
658 3220 879 3290 scriptis
930 3220 1372 3287 commendaret,
1419 3236 1487 3274 ne
1531 3221 1655 3291 quis
1702 3236 1733 3274 a
1778 3222 2008 3278 veritate

437 3307 654 3380 longius
706 3310 968 3365 aberrans
1018 3308 1301 3376 crederet,
1346 3309 1549 3365 Christi
1599 3312 2007 3381 generationem

438 3401 507 3455 ab
541 3415 607 3456 eo
634 3401 781 3456 velut
812 3400 990 3455 fictam
1026 3399 1265 3455 fabulam
1299 3400 1470 3457 fuisse
1500 3405 1859 3473 propositam.
1904 3403 2010 3460 Sed

438 3491 742 3547 orationem
773 3492 864 3546 ille
903 3507 1058 3547 suam
1090 3492 1347 3563 deinceps
1377 3493 1529 3549 effert
1564 3495 1747 3559 altius,
1784 3510 1848 3551 ac
1884 3510 2010 3551 cum

439 3584 694 3639 subtilius
720 3592 959 3653 exponat
993 3584 1198 3649 omnia,
1224 3586 1302 3640 rei
1345 3594 1509 3655 gestat
1538 3586 1732 3641 seriem
1759 3598 2012 3644 accurate

440 3674 812 3744 prosequitur,
843 3681 899 3727 et
928 3671 995 3727 ad
1039 3662 1252 3728 veritati
1289 3673 1591 3729 faciendam
1637 3674 1794 3729 ﬁdem
1845 3684 2012 3733 testes

441 3764 567 3819 illos
604 3764 861 3833 proponit
892 3762 947 3817 in
996 3763 1254 3828 medium,
1288 3765 1379 3835 qui
1411 3765 1580 3820 divini
1611 3767 1757 3820 verbi
1795 3766 2013 3823 fuerant

444 3855 773 3910 administri.
820 3853 912 3911 Sic
953 3855 1098 3910 enim
1142 3855 1386 3926 loquitur
1413 3858 1433 3887 ³
1460 3872 1473 3908 :
1504 3857 1769 3923 Quoniam
1802 3858 2010 3930 quidem

443 3946 598 4000 multi
627 3946 802 4000 conati
823 3956 947 4001 sunt
973 3948 1054 4016 (ut
1086 3947 1399 4013 nonnullos,
1439 3950 1531 4019 qui
1577 3948 1630 4003 id
1669 3951 1851 4004 conati
1897 3951 2012 4007 fue-

443 4045 589 4102 rant,
637 4036 925 4101 indicaret,
972 4038 1289 4092 Corinthum
1338 4039 1621 4104 videlicet,
1659 4039 2010 4109 Merinthum,

440 4138 496 4184 et
523 4129 706 4198 alios).
730 4128 911 4200 Pergit
935 4146 1064 4185 vero
1093 4130 1304 4184 :Visum
1324 4140 1401 4184 est
1431 4132 1558 4185 mihi
1586 4132 1822 4201 deinceps
1850 4133 2015 4205 529

445 4235 683 4277 assecuta
709 4239 743 4276 a
785 4224 1044 4291 principio
1076 4222 1351 4293 diligenter
1383 4239 1471 4277 eos
1503 4224 1592 4292 qui
1625 4223 1723 4292 ipsi
1754 4224 2011 4291 viderunt,

441 4320 492 4366 et
529 4312 762 4365 ministri
794 4312 1053 4367 sermonis
1098 4311 1332 4379 fuerunt,
1379 4311 1605 4365 scribere
1652 4312 1780 4379 tibi,
1824 4315 2014 4381 optime

448 4402 725 4474 Theophile
764 4418 784 4456 :
825 4404 938 4458 sive
980 4403 1047 4457 ad
1102 4401 1459 4473 TheOphilum
1521 4404 1827 4473 quempiam
1877 4406 2014 4459 scri-

2112 3212 2261 3265 σθαι·
2298 3212 2384 3265 ἵνα
2412 3214 2484 3283 μή
2512 3229 2595 3275 τις
2624 3212 2733 3265 τῶν
2754 3212 3183 3284 πεπλανημένων
3206 3214 3474 3287 ἡγήσεται
3508 3216 3692 3287 μυθω-

2108 3304 2214 3369 δῶς
2242 3304 2403 3357 αὑτὸν
2433 3305 2703 3376 ἐκφράσαι
2730 3305 2828 3377 τὴν
2865 3308 3376 3379 γέννησιν.”Επειτα
3428 3308 3688 3381 ἀνωφερῆ

2109 3395 2200 3448 τὸν
2222 3394 2379 3464 λόγον
2424 3396 2738 3467 ἐργάζεταιο
2770 3397 2858 3450 διὰ
2884 3397 2941 3451 δὲ
2972 3398 3071 3468 τὴν
3100 3399 3382 3468 ἀκρίϐειαν
3416 3399 3688 3471 λεπτομε-

2114 3488 2224 3561 ρῶς
2255 3489 2351 3561 τὴν
2383 3491 2564 3544 πᾶσαν
2592 3491 2972 3561 πραγματείαν
2995 3490 3238 3558 διέξεισι,
3271 3492 3367 3547 καὶ
3395 3494 3481 3556 είς
3513 3492 3690 3563 mpi-

2114 3598 2303 3634 στασιν
2337 3580 2593 3653 ἀληθείας
2622 3582 2980 3655 ὲμμάρτυρας
3011 3584 3138 3646 τοὺς
3168 3583 3449 3655 ὑπηρέτας
3475 3584 3570 3638 τοῦ
3602 3584 3691 3638 λό-

2112 3688 2207 3741 γου
2270 3670 2594 3742 γενομένους
2631 3673 2974 3742 παρεισάγει,
3028 3674 3279 3743 φάσκωνο
3339 3675 3691 3745 Ἐπειδήπερ

2112 3761 2328 3815 πολλοὶ
2378 3761 2807 3830 ἐπεχείρησαν·
2858 3762 2945 3817 ἵνα
2989 3758 3140 3827 τινάς
3190 3764 3288 3834 μὲν
3332 3765 3689 3838 ὲπιχειρητάς

2112 3853 2281 3926 δείξῃ,
2308 3854 2451 3924 φημὶ
2499 3852 2556 3905 δὲ
2603 3853 2728 3916 τοὺς
2763 3853 2890 3926 περὶ
2925 3854 3219 3925 Κήρινθον,
3247 3855 3341 3909 καί⁵
3381 3856 3689 3928 Μήρινθον,

2113 3945 2207 3998 καὶ
2234 3946 2359 4009 τοὺς
2382 3945 2590 4009 ἄλλους.
2626 3941 2758 3999 Εἶτα
2780 3946 2833 3998 τί
2863 3962 3061 4017 φησιν;
3098 3946 3312 4011 Ἔδοξε
3337 3947 3519 4038 κόροι
3549 3952 3690 4003 καθ-

2111 4036 2258 4105 εξῆς
2315 4036 2866 4106 παρηκολουθηκότι
2917 4037 3143 4092 ἄνωθέν
3192 4038 3316 4104 τοῖς
3362 4036 3691 4107 αὐτόπται(-

2113 4131 2211 4184 nat
2239 4131 2561 4200 ὑπηρέταις
2591 4129 2697 4185 τοῦ
2725 4130 2911 4201 λόγου
2938 4132 3281 4201 γενομένοις
3310 4132 3534 4201 γράψαι
3562 4150 3685 4199 σοι,

2114 4222 2387 4291 κράτιστε
2405 4223 2675 4293 Θεόφιλε.
2698 4224 2889 4278 Είτουν
2917 4224 3023 4278 τινὶ
3052 4224 3292 4294 Θεοφίλῳ
3313 4224 3435 4277 τότε
3461 4226 3691 4297 γράφων

2113 4313 2271 4367 τοῦτο
2314 4313 2517 4383 ἔλεγεν,
2568 4313 2601 4385 ἦ
2650 4316 2813 4369 παντί¹
2865 4316 3133 4388 ἀνθρώπῳ
3179 4316 3310 4370 Θεὸν
3355 4318 3648 4387 ἀγαπῶντι
3670 4338 3685 4351 ·

2114 4405 2251 4472 Περὶ
2278 4399 2383 4468 ὧν,
2414 4407 2567 4477 φησὶ,
2598 4406 2943 4475 κατηχήθης
2962 4408 3160 4477 λόγων
3189 4408 3305 4476 τὴν
3322 4408 3685 4478 ἀσφάλειαν.

447 4497 581 4553 bens
609 4498 681 4550 ita
714 4495 931 4562 dixerit,
967 4496 1080 4551 sive
1108 4506 1379 4551 amantem
1426 4495 1516 4551 Dei
1551 4497 1846 4567 quemlibet
1872 4498 2005 4552 allo-

2116 4496 2221 4547 Καὶ
2252 4495 2350 4565 τὴν
2388 4496 2486 4565 μὲν
2515 4499 2816 4568 κατήχησιν
2848 4499 3291 4569 προτεταγμένην
3318 4498 3582 4568 ἔφασκεν,
3612 4503 3691 4567 ὡς

443 4597 645 4657 quatur
677 4604 690 4640 :
732 4603 937 4650 eorum,
971 4588 1166 4658 inquit,
1194 4588 1463 4643 verborum
1507 4588 1571 4644 de
1607 4589 1793 4659 quibus
1836 4591 2015 4645 erudi-

447 4690 532 4734 tus
577 4696 632 4734 es
680 4681 973 4733 veritatem.
1053 4677 1152 4734 Ubi
1230 4682 1544 4735 nonnullam
1615 4681 2012 4737 institutionem

447 4773 812 4827 antecessisse
840 4772 1128 4842 signiﬁcat,
1157 4786 1263 4841 qua
1292 4772 1361 4827 ab
1389 4773 1513 4828 aliis
1546 4772 1658 4841 jam
1687 4783 1804 4829 erat
1833 4774 2013 4828 imbu-

2110 4588 2210 4659 ἤδη
2244 4586 2348 4640 ὑπὸ
2376 4588 2550 4642 ἄλλων
2586 4589 2684 4660 μὲν
2732 4590 3158 4661 κεκατηχῆσθαι,
3192 4591 3291 4643 ούκ
3334 4592 3594 4659 ἀσφαλῶς
3632 4594 3689 4649 δὲ

2109 4680 2240 4751 παρ’
2267 4680 2446 4733 αὐτῶν
2473 4681 2867 4752 μεμαθηκέναι.
2915 4677 3046 4735 Εἶτα
3063 4679 3162 4751 τὴν
3182 4681 3465 4753 ἀκρίϐειαν
3498 4701 3686 4755 φησιν⁴

2121 4771 2389 4841 Ἐγένετο
2436 4772 2497 4826 έν
2557 4773 2802 4842 ἡμέραις
2843 4772 3089 4841 Ἡρώδου
3138 4770 3245 4827 τοῦ
3277 4773 3589 4842 ,ϐασιλέως
3618 4776 3689 4840 ἐξ

446 4869 574 4929 tus;
606 4864 700 4919 sed
734 4865 802 4919 ab
830 4864 1022 4920 iisdem
1065 4865 1201 4920 certi
1246 4864 1380 4918 nihil
1412 4866 1713 4934 accepisse.
1745 4865 1873 4920 Post
1901 4867 2005 4921 haec

2114 4865 2430 4933 ἐφημερίας
2485 4863 2636 4920 Ἀὅιᾱ
2682 4865 2787 4919 τοῦ
2831 4863 3145 4934 ἀρχιερέως
3189 4866 3379 4932 ἱερεύς
3420 4884 3511 4932 τις
3556 4868 3691 4921 ὀνό-

450 4957 529 5011 rei
563 4957 851 5012 veritatem
881 4957 1137 5027 exponit:
1174 4955 1301 5010 Fuit
1330 4957 1386 5010 in
1415 4956 1596 5011 diebus
1614 4959 1845 5012 Herodis
1875 4960 2013 5028 regis

450 5044 513 5100 de
545 5045 652 5101 vice
681 5046 814 5100 Abia
842 5048 1108 5117 pontiﬁcis
1134 5046 1377 5102 sacerdos
1414 5047 1631 5119 quidam
1661 5050 1870 5103 nomine
1911 5047 2014 5102 Za-

2114 4976 2257 5029 ματι
2296 4960 2611 5029 Ζαχαρίας,
2641 4958 2739 5011 καὶ
2767 4956 2921 5027 γυνὴ
2963 4958 3147 5011 αὑτοῦ
3178 4958 3247 5012 ἐκ
3290 4957 3408 5011 τῶν
3446 4960 3688 5028 θυγατέ-

2111 5067 2238 5119 ρων
2278 5049 2509 5119 Ἀαρὼν,
2540 5043 2580 5121 ᾗ
2613 5050 2798 5120 ὄνομα
2836 5048 3165 5104 Ἐλισάὄετ.
3198 5051 3309 5105 Καὶ
3331 5051 3555 5121 ἄρχεται
3580 5051 3688 5123 πρὸ

525 5200 541 5231 ⁸
573 5197 733 5254 Joan.
766 5215 841 5268 vi,
874 5200 962 5257 54.
1037 5204 1058 5234 ¹
1083 5200 1248 5257 Marc.
1283 5217 1321 5267 ι,
1364 5200 1454 5267 10,
1482 5202 1571 5257 Η.
1647 5200 1822 5259 'Luc.
1866 5218 1905 5266 ι,
1940 5205 1959 5258 Ι
2002 5220 2156 5275 seqq.

453 5356 666 5420 Petrus,
698 5354 845 5424 quod
864 5355 1079 5426 factum
1122 5366 1237 5409 erat
1266 5355 1606 5426 approbavit.
1635 5353 1821 5411 Romae
1845 5371 2008 5425 porro

451 5428 739 5496 scripsisse
764 5425 1058 5498 verisimile
1087 5433 1171 5480 est
1201 5441 1213 5475 :
1246 5425 1314 5480 de
1341 5425 1452 5497 quo
1479 5429 1534 5482 in
1565 5429 1702 5484 Ann.
1728 5427 1881 5498 plura
1917 5426 2012 5481 Ba-

451 5495 594 5557 ron.’,
629 5512 719 5550 an.
750 5495 843 5560 45,
869 5512 925 5549 n.
950 5495 1038 5551 ‘29.

520 5566 657 5637 (22L
673 5561 862 5631 Οὗτος
897 5565 964 5619 δὲ
980 5560 1081 5637 εἷς
1126 5565 1473 5637 ἐτύγχανεν.
1522 5563 1787 5620 Dissentit
1816 5563 2012 5637 Papias

451 5633 592 5719 apud
614 5633 845 5719 'Eusebx
888 5645 942 5719 et
964 5633 1245 5719 Christum
1280 5633 1522 5719 αξιοι-ου
1555 5643 1715 5719 negat
1743 5633 2008 5719 auditum.

502 5708 673 5761 ieron.
708 5708 761 5761 in
796 5706 956 5762 Pref.
988 5707 1055 5761 ad
1087 5705 1289 5776 Evang.
1316 5704 1507 5776 Marci,
1543 5707 1791 5776 eumdem
1818 5708 1893 5760 ait
1918 5705 2014 5761 Le-

452 5777 675 5835 viticum
710 5793 930 5847 genere,
960 5788 1013 5834 et
1039 5773 1377 5833 sacerdotem
1406 5774 1596 5833 fuisse.
1622 5773 1728 5831 Sed
1761 5775 1901 5831 falso
1925 5777 2013 5831 hic

2115 5356 2251 5411 liber
2282 5357 2505 5411 Hieron.
2534 5358 2811 5412 tribuitur.
2849 5356 3003 5423 Quod
3033 5368 3211 5413 autem
3248 5366 3503 5413 asserunt
3541 5374 3682 5412 non-

2114 5428 2271 5489 nulli,
2302 5425 2543 5482 Marcum
2576 5444 2683 5482 non
2714 5430 2916 5484 vidisse
2940 5427 3253 5491 Dominum,
3284 5430 3483 5483 viderit
3512 5444 3681 5483 necne

2115 5498 2253 5579 nihil
2288 5496 2541 5579 alii'rmo:
2584 5499 2769 5579 videre
2813 5498 3035 5579 quidem
3084 5501 3329 5579 potuisse
3376 5508 3677 5579 temporum

2116 5568 2233 5653 ipsa
2283 5569 2423 5649 ratio
2470 5570 2779 5652 persuadet.
2833 5568 3018 5652 Neque
3061 5568 3190 5625 vero
3239 5569 3546 5650 damnanda
3598 5578 3677 5622 est

2117 5637 2400 5708 bpiphamt
2448 5650 2716 5694 sententia
2738 5679 2753 5705 ,
2781 5639 2911 5694 dum
2946 5641 3096 5695 illum
3130 5656 3163 5695 e
3195 5655 3345 5694 Lxxu
3381 5638 3677 5709 discipulo—

2117 5724 2236 5779 rum
2280 5723 2510 5770 numero
2554 5708 2725 5767 fuisse
2775 5720 2989 5779 narrat,
3040 5711 3144 5767 etsi
3192 5708 3539 5765 contrarium
3587 5709 3677 5761 alii

2118 5777 2306 5834 Patres
2335 5780 2595 5835 sentiant.
