3750 6200
154 263 257 322 901

862 258 1232 317 ADVERSUS
1270 259 1609 319 HASBESES
1647 261 1733 317 LII

1874 306 1879 318 .
1908 262 2071 320 TOM.
2112 263 2153 321 Ι.
2178 294 2247 305 -
2285 265 2684 329 HERESJJ.

161 384 254 438 τοῦ
282 378 658 436 Ματθαίου.’0
704 377 803 448 μὲν
848 377 958 450 γάρ
996 379 1273 443 Ματθαῖος
1318 380 1555 452 ἐσήμανε
1581 397 1733 451 τρια-

1874 382 2065 445 turias,
2082 393 2130 436 et
2147 398 2283 436 uxor
2307 381 2419 451 ejus
2445 381 2509 435 de
2525 380 2737 450 ﬁliabus
2763 383 2967 447 Aaron,
2987 383 3195 439 nomine
3221 380 3401 439 Etim-

158 473 422 543 κονταετῆ
455 470 644 542 χρόνον
672 468 771 521 ἀπ’
799 470 1002 541 ἀρχῆςσ
1052 471 1081 522 ὁ
1129 470 1186 523 δὲ
1218 470 1442 543 Μάρκος
1485 472 1554 526 τὰ
1596 473 1734 543 μετά

155 568 453 641 τριάκοντα
487 556 708 618 ἔταττεν
739 561 855 634 ἔτη,
878 563 978 633 τὴν
1006 564 1063 616 ὲν
1086 562 1164 634 τῷ
1183 563 1420 637 Ἰορδάνῃ
1440 565 1738 639 γενομένην

159 657 221 713 ἐν
250 656 476 727 ἀληθείᾳ
503 654 907 726 πραγματείαν.
941 656 1100 724 ὃμοια
1132 655 1210 727 τῷ
1242 657 1505 728 Ματθαίῳ
1537 658 1631 713 καὶ
1658 658 1736 730 τῷ

157 750 378 820 Λουκᾷ·
413 750 442 802 ό
487 748 546 800 δὲ
588 746 863 810 Ματθαῖος
899 746 1008 800 ἀπὸ
1057 749 1504 818 τριακονταέτους
1542 750 1735 821 χρόνου

160 841 273 912 πρὸ
299 840 394 910 τῆς
416 841 474 891 ἐν
499 836 833 910 τῷἰορδάνῃ
852 837 1056 891 καὶτοῦ
1079 838 1452 911 βαπτίσματος
1478 858 1738 913 πραγμα-

158 934 315 996 τείας
346 932 406 985 τὺ
444 930 690 1001 διήγημα
728 930 993 982 ἐποιεῖτο·
1030 931 1244 993 Λουκᾶς
1277 930 1334 984 δὲ
1355 933 1460 1002 πρὸ
1484 932 1575 985 τοῦ
1607 934 1736 1005 χρό-

159 1043 258 1078 νου
294 1023 387 1077 τοῦ
427 1021 793 1093 συλληφθῆναι
836 1020 929 1073 τὸν
962 1021 1191 1093 Σωτῆρα
1220 1026 1279 1076 ἐν
1310 1026 1511 1096 γαστρὶ
1538 1027 1646 1080 ἀπὸ
1679 1027 1739 1093 ἒξ

164 1122 353 1193 μηνῶν
394 1120 487 1172 τὸν
533 1118 724 1191 χρόνον
769 1116 980 1188 ἐδήλου,
1013 1117 1107 1170 καὶ
1146 1117 1302 1172 ἐννέα
1342 1120 1527 1190 μηνῶν
1554 1122 1733 1185 πάλιν,

159 1214 260 1265 καὶ
287 1212 478 1280 ὀλίγων
507 1213 539 1281 ή
550 1209 728 1280 μερῶν
774 1209 874 1279 τῆς
921 1208 1233 1279 συλλήψεως
1263 1210 1357 1263 τοῦ
1388 1212 1591 1283 Κυρίου
1614 1230 1626 1242 ·
1660 1215 1736 1277 ὡς

159 1300 302 1358 εἶναι
353 1304 444 1356 τὸν
488 1302 665 1355 πάντα
691 1299 878 1372 χρόνον
911 1298 1021 1369 (23)
1070 1301 1360 1370 τριάκοντα
1386 1302 1442 1355 ἒν
1469 1304 1606 1368 ἔτος,
1640 1307 1734 1358 καὶ

163 1398 443 1453 ἐπέκεινα.
465 1398 739 1466 Διηγεῖται
768 1394 823 1446 δὲ
855 1393 948 1446 καὶ
976 1394 1074 1463 τὴν
1096 1393 1205 1447 τῶν
1231 1398 1501 1466 ποιμένων
1524 1398 1611 1450 διὰ
1626 1398 1736 1452 τῶν

163 1486 672 1557 εὐαγγελισαμένων
703 1484 948 1553 ἀγγέλων
973 1482 1255 1538 θεοπτίαν·
1287 1487 1383 1539 καὶ⁷
1412 1484 1487 1550 ὣς
1519 1490 1738 1561 ἐγεννή-

161 1576 233 1648 θη
265 1581 320 1631 ὲν
352 1577 619 1648 Βηθλεὲμ,
654 1576 746 1629 καὶ
771 1573 1167 1647 ἐσπαργανώθη
1214 1577 1274 1630 ὲν
1321 1578 1517 1651 φάτνῃ,
1548 1581 1643 1633 καὶ
1666 1582 1733 1651 τῇ

159 1670 326 1743 ὀγδόῃ
353 1668 715 1742 περιετμήθη,
744 1669 838 1721 καὶ
876 1668 933 1719 ἐν
968 1667 1374 1739 τεσσαράκοντα
1405 1669 1638 1741 ἡμέραις
1666 1670 1737 1723 τά

1837 474 1973 528 beth.
1994 473 2170 530 Altius
2199 488 2327 545 ergo
2353 489 2516 544 quam
2551 472 2833 530 Mattbaaus
2853 489 3084 532 exorsus
3117 487 3220 532 est.
3260 476 3400 532 Mat-

1834 567 2010 622 thaaus
2029 566 2173 622 enim
2199 566 2539 621 tricesimum
2565 567 2741 622 anatis
2762 581 2964 622 annum
2991 568 3148 624 initio
3162 568 3404 625 declara-

1833 658 2153 716 vit.Marcus
2168 676 2296 716 vero
2308 675 2427 730 quae
2441 669 2561 730 post
2576 660 2914 716 tricesimum
2931 671 3083 733 gesta
3100 671 3227 718 sunt
3242 679 3306 717 ex
3314 676 3405 732 po-

1833 754 1977 809 suit:
1997 761 2051 809 et
2079 749 2425 824 iniiSquae‘ad
2448 751 2741 807 Jordanem
2764 755 3117 825 contigerunt
3142 768 3404 809 enarran-

1835 847 1920 903 dis
1943 845 2197 900 Matthaeo
2221 860 2285 899 ac
2304 843 2465 900 Luca:
2481 860 2874 901 consentaneus
2894 855 2996 900 est.
3009 840 3405 903 SedMattba‘us

1837 936 1906 991 ab
1934 950 2078 990 anno
2114 936 2233 1005 ipso
2274 935 2568 997 tricesimo,
2616 943 2743 990 ante
2785 935 2931 989 illam
2977 950 3192 991 omnem
3226 936 3405 1006 bapti-

1836 1026 1961 1092 smi,
1990 1042 2053 1081 ac
2083 1041 2266 1082 rerum
2316 1024 2385 1079 ad
2427 1023 2720 1081 Jordanem
2761 1035 3037 1097 gestarum
3089 1027 3399 1091 historiam,

1836 1114 2202 1168 narrationem
2244 1114 2538 1169 inchoavit.
2577 1112 2753 1170 Lucas
2795 1131 2956 1184 porro
2993 1130 3023 1168 a
3066 1124 3220 1171 sexto
3247 1132 3397 1171 men-

1835 1220 1914 1268 se,
1958 1213 2083 1259 ante
2126 1204 2423 1260 Salvatoris
2465 1204 2519 1259 in
2564 1213 2718 1261 utero
2744 1206 3165 1276 generationem,
3198 1208 3403 1277 princi-

1834 1297 1982 1367 pium
2008 1295 2230 1350 dediixit
2254 1313 2268 1348 :
2292 1296 2491 1367 quibus
2519 1312 2707 1351 novem
2746 1297 2940 1353 deinde
2971 1314 3189 1354 menses
3229 1299 3399 1362 addit,

1836 1404 1942 1443 una
1968 1404 2092 1443 cum
2124 1388 2313 1459 paucis
2343 1389 2541 1460 quibus
2564 1390 2779 1460 genitus
2807 1398 2891 1445 est
2915 1392 3128 1456 diebus,
3151 1400 3210 1447 ut
3234 1407 3400 1462 supra

1836 1484 1998 1539 unius
2028 1497 2090 1537 ac
2118 1483 2341 1553 triginta
2370 1498 2637 1537 annorum
2665 1483 2899 1553 spatium
2926 1483 3235 1553 colligatur.
3259 1483 3400 1536 Nar-

1833 1578 1919 1622 rat
1945 1577 2202 1638 praaterea
2242 1570 2697 1639 quemadmodum
2732 1579 2980 1641 pastores
3010 1572 3080 1627 ab
3116 1573 3402 1627 internun.

1835 1658 1927 1713 tiis
1968 1661 2174 1729 angelis
2214 1661 2472 1715 admoniti
2508 1662 2675 1717 Deum
2708 1665 3125 1733 conspexerint;
3156 1673 3323 1735 utque
3353 1666 3407 1721 is

161 1762 309 1815 κατὰ
352 1762 440 1815 τὸν
487 1761 649 1831 νόμον
699 1760 1002 1832 προσφόρια
1032 1760 1171 1832 ὑπὲρ
1214 1760 1376 1814 αὐτοῦ
1410 1762 1731 1815 ἐπετέλουνο

1874 1752 2171 1807 ιειὴιοιιεηιί
2207 1750 2259 1806 in
2291 1753 2466 1807 lucem
2499 1754 2700 1819 editus,
2728 1770 2789 1809 ac
2816 1756 3012 1825 pannis
3045 1758 3322 1813 involutus
3344 1757 3402 1811 in

162 1856 263 1909 καὶ
304 1855 380 1918 ὡς
443 1856 471 1908 ό
518 1852 740 1924 Συμεὼν
786 1855 844 1905 ἐν
883 1852 1151 1922 ἀγκάλαις
1197 1852 1445 1923 ὲδέχετο’
1505 1852 1599 1906 καὶ
1663 1853 1739 1916 ὼς

165 1949 341 2002 Ἀννα
376 1946 800 2017 ἀνθωμολογεῖτο
845 1946 1089 2018 Θυγάτηρ
1125 1946 1369 2017 Φανουήλ
1390 1962 1404 1977 ⁸
1446 1946 1542 2000 καὶ
1571 1946 1645 2009 ὡς
1674 1946 1738 2000 ἐκ

161 2042 419 2111 Ναζαρὲτ
449 2040 611 2111 ἀπῄει
632 2041 710 2104 εἰς
750 2040 1102 2112 Ἰερουσαλήμ
1130 2040 1244 2110 ἀμα
1272 2042 1385 2104 τοῖς
1405 2039 1621 2109 γονεῦσι
1650 2057 1739 2094 τε·

160 2133 350 2187 λοῦσιν
377 2133 515 2203 ὑπὲρ
536 2131 698 2185 αὑτοῦ
722 2130 863 2185 κατά
886 2130 976 2183 τὸν
1006 2131 1185 2201 νόμον.
1195 2124 1294 2185 Ὦν
1318 2130 1466 2183 οὐδὲν
1487 2128 1565 2200 τῷ
1587 2131 1738 2183 Ματ-

163 2226 306 2296 θαίῳ
355 2225 730 2295 ἐπείργασται,
762 2223 882 2276 οὐδέ
922 2222 999 2294 τῷ
1029 2223 1263 2295 Μάρκῳ,
1292 2221 1430 2276 ἀλλά
1473 2222 1578 2293 μὴν
1618 2220 1738 2275 οὐδὲ

160 2318 247 2389 τῷ
276 2317 515 2389 Ἰωάννῃ.

236 2498 320 2550 H'.
362 2494 522 2548 Ὅθεν
570 2494 663 2548 καί
703 2511 846 2558 τινες
893 2493 1041 2548 ἄλλοι
1092 2492 1151 2558 ἐξ
1205 2492 1472 2566 Ἐλλήνων
1520 2490 1737 2562 φιλοσό-

162 2606 314 2657 φων,
356 2586 495 2657 φημὶ
524 2586 579 2639 δὲ
607 2585 932 2658 Πορφύριος,
962 2586 1056 2639 καὶ
1086 2584 1315 2650 Κέλσος,
1343 2585 1438 2638 καὶ
1475 2584 1738 2638 Φιλοσαὸ-

162 2678 353 2741 ϐάτιος
385 2677 517 2747 (24),
560 2679 588 2729 ό
636 2678 701 2730 ἐκ
742 2676 851 2730 τῶν
889 2675 1155 2729 Ἰουδαίων
1198 2674 1536 2747 ὁρμώμενος,
1568 2675 1737 2738 δεινὸς

164 2770 268 2825 καὶ
320 2768 570 2823 ἀπατεὼν
614 2768 769 2838 ὄφις,
814 2770 893 2833 είς
931 2768 1027 2838 τὴν
1061 2768 1200 2822 κατά
1235 2768 1336 2838 τῆς
1383 2766 1737 2839 εὐαγγελικῆς
1770 2787 1773 2790 .

164 2861 549 2934 πραγματείας
575 2860 857 2927 διεξιόντες
880 2858 1207 2930 ἀνατροπὴν,
1228 2858 1338 2912 τῶν
1379 2859 1546 2928 ἁγίων
1575 2858 1736 2928 εὐαγ-

165 2952 433 3022 γελιστῶν
463 2950 847 3023 κατηγοροῦσι,
874 2950 1094 3021 ψυχικοὶ
1135 2950 1230 3003 καί
1276 2950 1527 3023 σαρκικοὶ
1561 2950 1733 3023 ὑπάρ·

164 3063 375 3116 χοντες,
410 3044 549 3098 κατά
573 3043 750 3115 σάρκα
780 3042 836 3095 δέ
867 3042 1297 3115 στρατευόμενοι,
1347 3043 1441 3095 καὶ
1465 3042 1598 3096 Θεοῦ
1644 3042 1736 3095 εὐ-

1838 1842 2087 1912 ριιαέεερί,
2116 1850 2170 1896 et
2202 1850 2394 1897 octavo
2423 1844 2510 1897 die
2540 1844 2896 1901 circumcisus
2931 1845 3114 1913 luerit,
3145 1863 3245 1901 nec
3291 1862 3403 1902 non

1837 1941 1959 2003 post
1986 1932 2103 1990 dies
2148 1950 2218 1988 ιι.
2265 1950 2364 2004 pro
2393 1933 2580 1989 eodem
2611 1937 2791 1991 oblata
2836 1938 2965 2000 sint.
2997 1955 3118 2008 quae
3148 1941 3232 1995 lex
3266 1956 3405 2011 pra-

1838 2025 2154 2096 scripserat.
2199 2025 2338 2081 Tum
2388 2035 2448 2080 ut
2480 2042 2606 2082 eum
2638 2026 2873 2099 Symeon
2906 2031 2959 2084 in
2993 2032 3151 2086 ulnas
3181 2048 3404 2103 accepe-

1837 2119 1942 2182 rit,
1992 2116 2282 2175 Phanuelis
2316 2119 2424 2173 filia
2470 2120 2722 2177 confessa
2772 2122 2880 2189 sit;
2929 2130 3095 2193 utque
3138 2124 3406 2183 Nazareto

1837 2224 1960 2263 cum
2008 2210 2326 2280 parentibus
2370 2210 2800 2285 Hierosolymam
2847 2215 3063 2281 abierit,
3116 2218 3209 2287 qui
3255 2219 3402 2289 quod

1837 2301 1924 2357 lex
1966 2298 2208 2371 iusserat
2252 2303 2398 2358 illius
2438 2306 2659 2359 nomine
2708 2303 3105 2377 dependerunt.
3137 2308 3268 2376 Qua:
3300 2327 3405 2367 nec

1839 2391 2146 2458 Mattheus,
2181 2410 2280 2450 nec
2311 2394 2549 2459 Marcus,
2573 2411 2674 2451 nec
2699 2396 2938 2453 Joannes
2964 2402 3280 2471 attigerunt.

1909 2484 2051 2541 Vill.
2093 2486 2177 2541 Ex
2210 2504 2319 2559 quo
2347 2488 2546 2544 factum
2578 2500 2680 2555 est,
2712 2498 2773 2545 ut
2793 2492 3023 2563 gentiles
3042 2494 3260 2564 quidam
3283 2495 3405 2566 phi-

1838 2576 2072 2647 losophi,
2117 2577 2453 2650 Porphyrius
2485 2579 2713 2646 scilicet,
2763 2595 2827 2635 ac
2873 2582 3089 2648 Celsus,
3126 2592 3181 2638 et
3220 2583 3406 2640 Philo-

1838 2670 2183 2738 sahbathius,
2230 2687 2429 2742 genere
2467 2670 2710 2739 Iudaeus,
2740 2681 3013 2730 veterator
3033 2691 3097 2731 ac
3123 2678 3402 2747 nequissi-

1837 2779 1961 2820 mus
1992 2764 2236 2828 coluber,
2269 2779 2393 2821 cum
2420 2765 2684 2821 adversus
2710 2767 3075 2838 evangelicam
3114 2769 3403 2826 historian

1839 2856 2164 2923 scriberent,
2184 2872 2372 2912 sacros
2405 2858 2766 2927 evangelistas
2792 2860 3107 2929 arguerint:
3139 2862 3406 2918 animales

1839 2945 1920 3001 illi
1969 2947 2212 3016 quidem,
2269 2954 2325 3002 et
2371 2948 2623 3004 carnales
2662 2948 2935 3013 homines.
2988 2966 3053 3004 ac
3099 2954 3403 3007 secundum

1839 3053 2059 3093 carnem
2106 3039 2424 3103 militantes,
2473 3041 2567 3111 qui
2597 3056 2699 3095 nec
2729 3039 2838 3097 Deo
2870 3042 3089 3112 placere
3126 3053 3402 3115 poterant,

171 3136 473 3207 αρέστησιν
516 3135 790 3198 ἀδυνάτως
818 3133 1052 3204 ἔχοντες,
1095 3133 1187 3186 καὶ
1211 3135 1277 3188 τά
1306 3131 1399 3187 τοῦ
1432 3132 1733 3204 Πνεύματος

1874 3144 1950 3184 nec
1976 3145 2039 3186 ea
2065 3146 2186 3201 qua:
2213 3140 2342 3187 sunt
2375 3132 2608 3201 Spiritus
2636 3134 2810 3188 sancti
2848 3147 3236 3204 cognoverant.
3265 3135 3403 3191 Nam

171 3228 252 3299 μὴ
277 3227 628 3298 ,νενοηκότες
685 3226 951 3303 Ἕκαστος
982 3224 1093 3296 γάρ
1134 3224 1486 3296 προσκόπτων
1519 3228 1629 3289 τοῖς
1659 3226 1738 3279 λό-

165 3336 289 3388 γοις
338 3318 436 3386 τῆς
476 3317 732 3387 ἀληθείας
776 3317 863 3370 διά
907 3316 1005 3387 τὴν
1048 3317 1105 3368 ἐν
1150 3314 1297 3385 αὐτῴ
1328 3315 1597 3387 τύφλωσιν
1640 3316 1738 3387 τῆς

164 3410 462 3480 ἀγνωσίας,
494 3411 572 3474 είς
611 3408 766 3462 τοῦτο
799 3409 1161 3480 ἐμπίπτοντες
1184 3406 1365 3476 ἔλεγον
1385 3424 1398 3437 ·
1434 3407 1557 3471 Πῶς
1587 3407 1740 3461 δύνα-

162 3521 257 3557 ται
290 3506 325 3574 ἡ
358 3502 493 3572 αὐτὴ
528 3502 710 3573 ήμέρα
739 3497 874 3554 εἶναι
914 3502 1013 3572 τῆς
1046 3503 1102 3554 ἐν
1132 3500 1377 3571 Βηθλεὲμ
1414 3501 1735 3571 γεννήσεως,

166 3596 310 3668 αὐτὴ
338 3594 433 3647 καὶ⁵
466 3593 766 3664 περιτομήν
798 3591 938 3663 ἔχειν
965 3592 1328 3662 όκταήμερον,
1381 3591 1474 3644 xui
1507 3590 1596 3644 διὰ
1624 3608 1739 3646 τεσο

168 3688 481 3758 σαράκοντα
511 3683 736 3755 ήμερῶν
769 3685 827 3737 ἐν
869 3682 1256 3755 Ἱεροσολύμοις
1305 3684 1510 3746 ἄνοδον.
1548 3683 1641 3737 καὶ
1671 3682 1738 3737 τά

167 3780 286 3835 ἀπὸ
333 3778 617 3849 Συμεῶνος
665 3778 759 3831 καὶ
801 3778 998 3839 Ἀννας
1040 3778 1118 3840 είς
1156 3776 1317 3830 αὐτὸν
1358 3776 1736 3847 τετελεσμένα,

165 3872 332 3926 ὁπότε
369 3873 427 3924 ὲν
451 3872 517 3942 τῇ
545 3868 700 3923 νυκτὶ
788 3868 1071 3939 ἐγεννήθη,
1101 3868 1342 3939 πέφηνεν
1364 3867 1529 3939 αὐτῷ,
1553 3868 1736 3939 φησὶν,

164 3962 422 4032 ἅγγελος,
467 3962 603 4033 μετά
627 3960 724 4032 τήν
746 3960 854 4013 τῶν
887 3959 1073 4030 μάγων
1114 3959 1321 4012 ἔλευσιν
1348 3959 1455 4015 τῶν
1481 3959 1737 4013 ἐλθόντων

167 4053 546 4125 προσκυνῆσαι
585 4049 752 4121 αὐτῷ,
785 4050 880 4103 καὶ
913 4047 1237 4115 ἀνοιξάντων
1272 4046 1370 4111 τὰς
1417 4049 1615 4120 πήρας,
1644 4048 1739 4101 καὶ¹

167 4145 684 4218 προσενεγκάντωνς
731 4143 808 4207 ὡς
857 4141 1028 4212 λέγει,
1084 4141 1280 4212 φησιν’
1339 4142 1524 4210 Ὠφθη
1580 4138 1738 4205 αὑτῷ

166 4238 427 4309 ἄγγελος
456 4235 648 4305 λέγων
671 4251 686 4266 ο
728 4232 1013 4297 Ἀναστὰς
1059 4231 1204 4286 λάϐε
1232 4231 1297 4285 τὸ
1329 4230 1597 4285 παιδίον·
1640 4231 1738 4284 καὶ

164 4329 286 4397 τὴν
321 4326 573 4397 γυναῖκά
620 4340 761 4391 σου,
804 4324 901 4378 καὶ
953 4323 1212 4392 πορεύου
1262 4323 1349 4388 εὶς
1397 4321 1734 4391 Αιγυπτον-⁸

164 4422 260 4475 ὅτι
303 4418 460 4488 ζητεῖ
516 4417 771 4488 Ἡρώδης
803 4416 918 4485 τὴν
953 4415 1166 4484 ψυχὴν
1209 4413 1318 4468 τοῦ
1365 4413 1623 4469 παιδίου.
1674 4415 1737 4467 Et

1843 3237 2035 3276 omnes
2062 3221 2226 3293 5.30
2264 3223 2339 3277 illi
2372 3225 2438 3276 ad
2464 3239 2745 3281 sermones
2778 3226 3023 3280 veritatis
3041 3226 3399 3288 oil‘endenles.

1839 3328 1950 3383 pra:
1975 3313 2206 3368 inscitia:
2240 3314 2509 3379 caecitate,
2553 3321 2717 3385 atque
2750 3316 2819 3370 ad
2860 3331 2922 3370 ea
2966 3317 3172 3388 delapsi
3197 3318 3400 3389 jactare

1840 3403 2135 3459 identidem
2173 3405 2459 3460 solebant:
2486 3405 2700 3461 Fierine
2726 3414 2926 3478 potest,
2960 3416 3021 3463 ut
3052 3410 3240 3465 eadem
3284 3411 3405 3467 dies

1838 3505 1893 3550 et
1918 3495 2249 3552 Bethlehemi
2285 3506 2473 3552 natum
2514 3499 2732 3567 viderit,
2776 3509 2852 3564 et.
2906 3502 3051 3572 quod
3092 3514 3215 3572 post
3260 3506 3402 3560 oeti-

1838 3588 2006 3643 duum
2062 3590 2269 3645 solebat
2318 3590 2457 3657 ﬁeri,
2500 3592 2913 3659 circumcisum,
2943 3601 2997 3649 et
3030 3605 3152 3663 post
3185 3596 3300 3651 dies
3334 3612 3404 3652 xi.

1838 3677 2211 3753 Hierosolyma
2271 3682 2661 3754 deportatum;
2717 3693 2778 3739 ut
2831 3685 2959 3740 item
3006 3684 3282 3742 Simeonis
3349 3698 3404 3742 et

1838 3773 2008 3829 Annae
2050 3783 2170 3830 acta
2203 3776 2295 3829 illa
2328 3776 2385 3830 in
2433 3777 2679 3832 eamdem
2721 3778 2864 3832 diem
2908 3777 3234 3845 inciderint;
3268 3794 3404 3850 pras-

1839 3866 2027 3920 sertim
2059 3881 2183 3920 cum
2217 3882 2324 3936 qua
2352 3875 2514 3923 nocte
2543 3866 2701 3923 Jesus
2748 3876 2833 3923 est
2879 3869 2932 3922 in
2985 3868 3157 3923 lucem
3201 3868 3403 3930 editus.

1837 3955 2076 4028 Josepho
2126 3960 2356 4028 angelus
2409 3960 2747 4030 apparuerit,
2810 3969 2929 4030 post
2979 3975 3261 4031 magorum
3310 3960 3406 4014 ad~

1838 4056 2086 4113 ventum,
2136 4048 2230 4117 qui
2269 4048 2417 4105 illius
2465 4049 2726 4104 adorandi
2760 4066 2928 4106 causa
2960 4060 3249 4113 venerant,
3276 4052 3403 4120 qui-

1839 4154 1949 4209 que
2008 4154 2234 4194 munera
2272 4156 2370 4196 sua
2399 4142 2601 4213 apertis
2631 4143 2867 4198 sacculis
2897 4142 3245 4198 obtulerant?
3266 4141 3403 4196 Tum

1838 4228 1980 4284 enim
2016 4231 2286 4298 apparuit,
2316 4230 2512 4300 inquit,
2536 4232 2584 4285 ei
2610 4232 2825 4303 angelus
2863 4232 3076 4287 dicens:
3104 4230 3292 4302 Surge.
3319 4248 3403 4285 ae-

1838 4320 1952 4388 cipe
1983 4334 2222 4387 puerum,
2263 4329 2313 4373 et
2355 4320 2624 4389 conjugem
2665 4332 2830 4384 tuam,
2874 4331 2925 4375 et
2964 4322 3091 4376 vade
3131 4323 3187 4376 in
3231 4320 3403 4391 [Egy-

1839 4419 2016 4479 ptum;
2049 4412 2297 4481 quoniam
2355 4413 2543 4465 auwrit
2606 4411 2835 4467 Herodes
2890 4414 3123 4467 animum
3188 4420 3335 4482 pueri
3360 4415 3399 4465 '.

163 4513 352 4567 τοίνυν
384 4512 443 4563 ἐν
478 4509 842 4581 ταύτῃ’νυκτ“ι
924 4508 1265 4577 γεγέννηται,
1307 4504 1628 4576 παρελήφθη
1659 4505 1733 4567 είς

1874 4501 2205 4567 Quamobrem
2275 4502 2321 4557 si
2385 4504 2574 4557 eadem
2636 4520 2742 4574 qua
2807 4512 2966 4559 natus
3011 4513 3095 4560 est
3138 4512 3297 4560 nocte
3349 4506 3404 4558 in

164 4604 445 4672 Αἴγυπτον
475 4602 570 4655 καὶ
601 4602 718 4654 ἐκεῖ
743 4596 833 4672 ἦν,
863 4601 969 4663 ἕως
1000 4601 1122 4653 ὅτου
1153 4598 1421 4652 ἀπέθανεν
1459 4597 1701 4669 Ἡρώδης
1721 4615 1736 4630 ’

164 4693 336 4747 πόθεν
363 4693 425 4763 τὸ
456 4694 754 4764 ἐπιμεῖναι,
783 4692 878 4745 καὶ.
918 4692 1258 4763 ὀκταήμερον
1303 4688 1736 4762 περιτμηθῆναις

164 4789 201 4859 ἢ
249 4788 367 4851 πῶς
420 4787 480 4840 τὸ
534 4784 673 4857 μετά
729 4783 1136 4855 τεσσαράκοντα
1176 4782 1483 4853 εὑρίσκεται
1524 4781 1739 4843 Λουκᾶς

163 4879 531 4951 ψευδόμενος;
599 4874 739 4946 (Ὧς
798 4873 932 4943 φασὶ
984 4870 1431 4945 βλασφημοῦντες
1468 4870 1609 4924 κατὰ
1640 4870 1738 4941 τῆς

162 4969 382 5025 ἑαυτῶν
424 4965 727 5037 κεφαλῆς·)
771 4964 852 5018 ὅτι
899 4963 1063 5034 φησὶν
1113 4964 1170 5015 ἐν
1215 4964 1281 5032 τῇ
1328 4962 1735 5032 τεσσαρακοστῇ

161 5063 355 5135 ἡμέρᾳ
391 5061 694 5131 ἀνήνεγκαν
737 5056 900 5111 αὐτὸν
935 5058 1015 5119 είς
1060 5052 1432 5126 Ἰερουσαλὴμ,
1483 5051 1737 5106 κάκεῖθεν

159 5159 245 5220 εἰς
287 5150 560 5223 Ναζαρέτ.
594 5150 702 5203 Καὶ
747 5149 847 5203 οὐκ
876 5147 1080 5203 οἴδασιν
1129 5147 1177 5198 oi
1221 5144 1466 5216 ἀγνωσία
1517 5143 1738 5208 κατετόο

163 5264 322 5320 μενοι
350 5244 445 5298 τοῦ
484 5242 638 5312 ἀγίου
672 5241 982 5312 Πνεύματος
1012 5238 1110 5309 τὴν
1135 5236 1381 5306 δύναμιν.

229 5448 249 5497 ι
283 5442 477 5501 Matth.
511 5459 571 5504 ιι.
610 5443 698 5498 15.
773 5444 793 5474 ⁸
831 5442 959 5496 Luc.
993 5457 1053 5504 ιι,
1084 5440 1162 5493 ‘22
1195 5454 1317 5509 sqq.

230 5538 351 5613 (ἓξ)
387 5537 481 5602 Ὠς
501 5531 653 5590 εἶναι
673 5536 776 5589 τὸν
799 5535 993 5589 πάντα
1014 5535 1254 5613 χρόνον,
1272 5528 1509 5613 Tempus
1531 5531 1729 5613 ipsum,

156 5622 275 5665 ouo
301 5606 542 5662 Joannes
577 5617 871 5665 conceptus
896 5620 960 5659 ac
990 5614 1155 5658 natus
1175 5610 1280 5663 est.
1335 5606 1391 5656 et
1418 5606 1732 5657 incarnatus

157 5672 333 5745 atque
387 5678 444 5733 in
489 5679 664 5732 lucem
704 5671 884 5732 editus
912 5674 1188 5740 Christus,
1213 5672 1388 5729 Lucas
1415 5671 1733 5743 complecti-

1843 4590 2134 4660 !Egyptum
2169 4591 2384 4648 delatus
2422 4601 2529 4656 est,
2559 4604 2613 4649 et
2646 4595 2757 4649 illic
2795 4594 2919 4659 fuit,
2952 4594 3126 4649 donec
3161 4592 3407 4650 Herodes

1842 4693 2093 4738 mortuus
2114 4686 2507 4754 est,quomodo
2538 4702 2859 4757 permanere
2888 4688 2941 4741 in
2983 4686 3172 4742 Iudaea
3204 4688 3406 4758 potuit,

1841 4782 1896 4828 et
1911 4781 2108 4828 octavo
2124 4774 2211 4829 die
2226 4775 2583 4831 circumcidi?
2601 4776 2709 4830 Aut
2729 4776 2858 4847 quid
2883 4777 3103 4832 tandem
3132 4786 3257 4848 post
3289 4778 3407 4833 dies

1842 4880 1913 4919 ιι.
1944 4864 2149 4921 factum
2190 4882 2315 4922 esse
2356 4867 2534 4924 Lucas
2564 4869 2828 4924 mentitus
2855 4869 2971 4925 est?
3000 4868 3115 4939 (Sic
3143 4868 3286 4924 enim
3313 4884 3409 4939 per

1843 4974 2112 5016 summam
2142 4960 2218 5014 illi
2245 4961 2661 5032 blasphemiam,
2688 4961 2740 5015 id
2774 4960 2920 5032 quod
2949 4961 3004 5016 in
3029 4976 3218 5017 eorum
3245 4968 3409 5031 caput

1843 5060 2039 5113 vertat,
2087 5050 2402 5121 objiciunt.)
2440 5050 2574 5106 Nam
2607 5052 3032 5124 quadragesimo
3074 5052 3175 5123 (ait
3204 5051 3408 5124 Lucas)

1844 5140 1936 5195 die
1964 5141 2211 5196 tulerunt
2237 5142 2388 5196 illum
2427 5143 2481 5198 in
2510 5143 2874 5208 Hierusalem.
2904 5152 2957 5201 et
2985 5144 3115 5201 inde
3144 5146 3199 5200 in
3230 5143 3407 5199 Naza-

1845 5232 2025 5286 reth'.
2065 5231 2171 5287 Sed
2213 5233 2390 5304 ignari
2450 5235 2703 5292 videlicet
2756 5237 3007 5293 homines
3049 5253 3171 5310 qua!
3205 5238 3291 5294 vis
3338 5238 3411 5293 sit

1845 5324 2022 5380 sancti
2052 5324 2291 5396 Spiritus
2317 5342 2662 5401 nequaquam
2692 5329 3027 5403 intelligunt.

1837 5533 2148 5605 turAzrquod
2177 5541 2392 5605 tempus
2425 5538 2692 5593 mensium
2725 5546 2808 5594 cst
2840 5542 2949 5593 rere
2981 5554 3070 5594 xv.

1907 5602 2037 5675 (ευ
2064 5604 2196 5676 ᾲΚαὶ
2259 5602 2741 5676 Φιλοσαϐὄάτιος.
2806 5606 2881 5663 De
2938 5609 3041 5664 hoc
3118 5608 3250 5663 nihil
3309 5608 3413 5664 lia-

1838 5680 2034 5731 etenus
2062 5674 2188 5747 legi.
