3750 6200
459 282 565 340 905

1826 275 1887 331 S.
1925 270 2269 329 EPIPHANII
3568 281 3638 337 905

532 393 621 449 lX.
682 392 892 448 Etenim
939 391 1237 462 unicuique
1282 389 1740 461 evangelistarum
1795 405 2019 444 conces-

2189 387 2267 442 Θ’.
2338 386 2585 458 Ἑκάστῳ
2658 386 2761 459 γὰρ
2829 382 2935 440 τῶν
2990 386 3389 457 εὖαγγελιστῶν
3446 390 3638 465 ἐδωρῇεκη

457 503 580 541 sum
614 496 719 549 est.
774 494 832 539 ut
878 500 996 554 qua:
1032 485 1265 554 singulis
1288 493 1342 537 et
1374 482 1710 554 temporibus
1744 490 1797 537 et
1820 497 2014 551 oppor-

459 574 786 629 tunitatibus
817 580 967 643 gesta
1003 582 1159 626 erant
1186 572 1467 627 verissime
1496 571 1873 641 perscriberet.
1912 570 2016 622 Ita-

458 678 566 734 que
596 664 902 730 Matthaeus,
936 680 1057 717 cum
1092 664 1142 717 id
1179 679 1345 717 unum
1382 664 1744 733 exposuisset,
1789 660 1856 716 de
1888 659 2014 729 Spi—

462 757 573 809 ritu
618 770 806 810 saneto
856 764 1166 824 susceptum
1207 755 1357 808 illum
1396 768 1459 808 ac
1492 755 1753 825 genitum,
1794 752 1861 808 de
1910 754 2017 807 cir-

462 847 798 900 cumcisione
834 847 1035 911 tacuit;
1069 860 1170 899 nec
1197 846 1359 899 ullam
1389 861 1575 899 earum
1607 860 1784 899 rerum
1816 844 2013 913 attigit,

463 954 582 1006 qum
613 947 737 992 ante
766 938 1043 991 biennium
1078 936 1419 1002 acciderunt;
1460 935 1552 991 sed
1601 951 1877 1005 magorum
1925 937 2019 988 de-

464 1046 607 1081 mmu
637 1030 912 1082 enarravit
955 1028 1265 1085 adventum.
1303 1026 1757 1097 quemadmodum
1800 1028 2013 1083 verissi-

461 1137 585 1175 mus
632 1120 722 1174 Dei
774 1135 954 1174 sermo
1002 1126 1232 1173 testatur
1266 1121 1303 1181 ¹,
1354 1136 1476 1173 cum
1508 1120 1717 1174 scilicet
1745 1130 1957 1189 tempus
1988 1134 2018 1172 a

463 1212 636 1280 magis
671 1212 967 1280 exquisivit
1018 1210 1279 1276 Herodes,
1325 1227 1389 1264 ac
1422 1211 1488 1265 de
1519 1212 1673 1265 stella
1700 1227 1819 1280 qua:
1850 1226 2017 1280 appa-

462 1312 651 1357 ruerat
700 1312 954 1357 accurate
996 1303 1309 1358 sciscitatus
1344 1312 1446 1359 est.
1480 1303 1563 1357 Ad
1597 1304 1710 1356 haec
1743 1318 2019 1372 magorum

462 1403 886 1448 commemorata
912 1396 1219 1463 responsio,
1245 1395 1311 1448 de
1334 1394 1548 1449 duobus
1573 1395 1752 1457 annis,
1780 1403 1833 1448 et
1856 1394 2018 1458 infra,

463 1497 517 1540 ut
554 1487 825 1541 diversum
889 1488 956 1540 ab
986 1501 1050 1540 eo
1091 1496 1300 1555 tempus
1334 1503 1455 1542 esse
1481 1495 1710 1549 constet,
1747 1486 1888 1555 quod
1918 1485 2025 1539 Lu-

462 1594 555 1632 cas
602 1579 915 1632 narratione
951 1594 1048 1633 sua
1086 1580 1405 1647 complexus
1439 1587 1540 1633 est.
1576 1578 1673 1630 Hic
1715 1578 1857 1631 enim
1901 1593 2023 1647 quze

464 1678 592 1722 ante
651 1669 931 1722 biennium
982 1669 1113 1721 illud
1160 1677 1309 1738 gesta
1353 1671 1464 1724 sint
1508 1670 1746 1739 exponit.
1790 1670 1858 1722 At
1898 1670 2027 1722 Mat-

2120 479 2352 532 έκάστου
2380 480 2571 549 χρόνου
2601 479 2697 532 καὶ
2733 478 2923 549 καιροῦ
2952 478 3250 549 διηγεῖσθαι
3281 480 3356 533 τὰ
3388 483 3443 534 έν
3468 484 3637 557 ἀληθείᾳ
3700 478 3701 511 ³

2122 569 2499 639 πληρωθέντα.
2553 570 2663 622 Καὶ
2704 569 2732 620 ὁ
2804 570 2902 640 μὲν
2944 570 3245 635 Ιιῐατθαῖος,
3291 572 3637 644 διηγησάμενος

2124 661 2313 728 μόνον,
2368 662 2450 714 ὅτι
2507 660 2768 731 ἐγεννήθη
2809 663 2866 713 ὲν
2928 660 3205 730 Πνεύματι
3256 663 3417 733 ἁγίῳ,
3466 670 3545 719 καὶ
3582 670 3635 720 ὅτι

2124 751 2427 823 συνελήφθη
2472 752 2599 806 ἄνευ
2649 751 2955 824 σπέρματος
3000 752 3212 823 ἀνδρὸς,
3248 754 3402 806 οὐδὲν
3438 757 3550 825 περὶ
3569 760 3636 825 τῆς

2122 845 2423 915 περιτομῆς
2454 839 2627 908 εἶπεν,
2659 844 2779 897 οὐδὲ
2809 844 2913 914 πρὸ
2939 842 3047 896 τῶν
3085 843 3177 897 δύο
3220 846 3359 897 ἐτῶν
3386 864 3436 898 τι
3471 849 3561 901 τῶν
3583 856 3634 912 εἰς

2122 933 2284 986 αὐτὸν
2313 934 2689 1003 γεγενημένων
2707 950 2720 963 ο
2757 932 2891 986 ἀλλά
2916 933 3181 1002 διηγεῖται
3209 934 3311 1004 τὴν
3343 934 3533 986 ἐλευσιν
3560 939 3635 988 re}.

2127 1024 2349 1093 μάγωνο
2398 1023 2474 1086 ὡς
2519 1026 2881 1095 ἐπιμαρτυρεῖ
2928 1024 3056 1094 ὑμῖν
3097 1026 3125 1075 ό
3172 1023 3379 1094 ἀληθὴς
3418 1026 3501 1077 τοῦ
3539 1028 3632 1080 Θεεηῐ

2123 1114 2298 1182 λόγος,
2326 1114 2634 1184 ἐρωτῶντος
2666 1112 2757 1165 τοῦ
2788 1111 3026 1184 Ἡρώδου
3057 1111 3205 1183 παρὰ
3232 1112 3343 1163 τῶν
3390 1116 3553 1181 μάγων
3575 1118 3632 1165 τὸ.

2124 1207 2335 1277 χρόνον.
2386 1206 2494 1259 Καὶ
2535 1205 2809 1277 ηκρίὸωτο
2836 1205 2929 1258 τοῦ
2967 1205 3257 1274 γενομένου
3309 1206 3537 1274 ἀστέρος,
3571 1212 3631 1260 12‘:

2125 1297 2231 1349 τῶν
2281 1298 2469 1366 μάγων
2533 1297 2565 1366 ή
2631 1297 2942 1369 ἀπόκρισις,
2991 1296 3069 1348 ὅτι
3127 1296 3234 1348 ἀπὸ
3279 1295 3375 1348 δύο
3421 1298 3537 1349 ἐτῶν
3570 1304 3633 1351 καὶ

2126 1387 2448 1456 κατωτέρω·
2493 1386 2567 1449 ὡς
2609 1388 2682 1457 μὴ
2725 1382 2863 1439 εἶναι
2906 1386 2994 1438 τὸν
3026 1386 3213 1455 χρόνον
3256 1387 3458 1447 τοῦτον,
3490 1387 3561 1440 τὸν
3584 1392 3631 1459 τῷ

2128 1479 2309 1548 Λουκᾷ
2357 1478 2939 1547 πεπραγματευμένον.
2998 1478 3136 1528 Ἀλλ’
3160 1479 3187 1529 ὁ
3244 1478 3342 1547 μὲν
3370 1481 3557 1542 Λουκᾶς
3588 1486 3632 1534 τὰ

2129 1570 2233 1640 πρὸ
2279 1570 2371 1622 δύο
2418 1570 2552 1622 ὲτῶν
2597 1571 2897 1640 διηγεῖται’
2948 1569 3220 1634 Ματθαῖος
3272 1572 3350 1635 δὲ,
3384 1572 3529 1624 εἰπὼν
3566 1575 3632 1643 τὴν

2128 1663 2403 1731 γέννησιν,
2433 1662 2779 1733 ἀπεπήδησεν
2804 1665 2881 1725 εἰς
2908 1662 2996 1715 τὸν
3036 1663 3180 1731 διετῆ
3214 1662 3422 1732 χρόνον,
3452 1666 3529 1714 καὶ
3555 1666 3633 1733 Eii,-

469 1762 638 1815 thams
664 1777 692 1814 a
725 1761 1008 1814 nativitate
1042 1761 1223 1813 statim
1266 1760 1332 1813 ad
1381 1761 1678 1815 secundum
1733 1776 1933 1814 annum
1969 1777 2028 1816 se

2135 1750 2267 1803 λωσε
2299 1751 2367 1804 τὰ
2396 1751 2663 1821 γενόμενα
2704 1752 2840 1821 μετά
2866 1750 2957 1803 δύο
2980 1751 3094 1820 ἔτη.
3124 1751 3212 1802 Διὸ
3240 1751 3334 1803 καί
3364 1753 3393 1802 ὁ
3429 1752 3629 1821 Ἡρᾶης,

464 1852 714 1916 contulit,
744 1859 795 1905 et
828 1867 948 1920 quae
980 1858 1098 1919 post
1126 1851 1403 1904 biennium
1435 1851 1733 1905 acciderint
1774 1851 2031 1905 declarat.

465 1942 619 2008 Quod
687 1941 931 1995 Herodes
984 1945 1165 1995 animo
1220 1949 1498 2009 reputans,
1558 1951 1846 2011 postquam
1894 1943 2035 2012 magi

465 2035 570 2088 alia
618 2034 702 2086 via
752 2033 1149 2097 discesserunt,
1199 2035 1253 2087 in
1282 2035 1373 2087 illa
1414 2034 1701 2087 infantium
1744 2034 1898 2087 turba
1951 2033 2036 2088 de-

467 2122 734 2195 prehendi
762 2124 1049 2192 puerulum
1082 2124 1257 2187 illum,
1283 2129 1446 2191 atque
1472 2122 1703 2178 interfici
1736 2138 1898 2193 posse
1924 2138 2038 2178 cre-

466 2218 702 2271 diderat.
773 2215 1009 2272 Infantes
1059 2217 1201 2271 enim
1251 2230 1463 2274 omnes.
1512 2224 1775 2285 quotquot
1820 2215 1874 2269 in
1904 2230 2034 2285 agro

471 2305 919 2361 Bethlebemitico
977 2306 1177 2368 forent,
1234 2320 1263 2357 a
1312 2305 1517 2359 bimatu
1573 2313 1627 2359 et
1680 2303 1821 2358 infra
1871 2304 2027 2375 431

463 2397 633 2467 jussit
667 2397 865 2460 occidi,
912 2397 979 2449 ad
1028 2396 1177 2450 illam
1225 2410 1396 2465 usque
1434 2394 1600 2460 diem,
1641 2411 1748 2466 qua
1792 2396 1937 2466 apud
1973 2411 2032 2451 se

470 2486 609 2555 magi
644 2484 895 2539 fuissent.

539 2576 617 2628 Ex
641 2591 751 2645 quo
791 2576 916 2643 quis
956 2589 1066 2628 non
1109 2572 1311 2635 videat,
1356 2581 1473 2627 tum
1521 2588 1647 2627 cum
1687 2572 1830 2643 magi
1866 2587 2032 2628 vene-

470 2667 623 2722 runt,
678 2659 944 2712 bimulum
997 2658 1167 2713 fuisse
1216 2658 1486 2728 puerum?
1537 2657 1805 2728 siquidem
1855 2671 1918 2712 ea
1954 2658 2033 2713 rei

466 2759 637 2820 gesta:
703 2751 946 2804 narratio
1014 2751 1302 2805 veritatem
1378 2751 1551 2820 ipsam
1615 2750 2033 2805 accuratissime

471 2841 826 2895 demonstrat.
884 2839 1095 2895 Etenim
1122 2838 1298 2895 Lucas
1318 2855 1566 2909 puerum,
1592 2840 1753 2895 simul
1784 2854 1847 2893 ac
1873 2846 2031 2895 natus

470 2937 575 2993 est,
610 2928 792 2984 fasciis
822 2930 1125 2982 involutum
1176 2944 1300 2983 esse
1344 2930 1571 2993 scribit;
1635 2938 1688 2983 et
1719 2930 1774 2981 in
1802 2929 2030 2998 prtesepi

472 3034 534 3074 ac
584 3020 839 3089 spelunca
886 3020 1146 3089 jacuisse,
1197 3020 1341 3089 quod
1388 3020 1569 3075 nullus
1623 3022 1681 3073 in
1727 3019 2031 3074 diversorio

2131 1842 2432 1913 διανοηθεὶς
2454 1843 2608 1895 τοῦτο
2635 1843 2772 1911 μετά
2805 1844 2863 1895 τὸ
2895 1842 3185 1896 ἀπονεῦσαι
3230 1844 3354 1904 τοὺς
3395 1846 3565 1913 μάγους
3588 1847 3631 1896 δι’

2132 1933 2322 2003 ἑτέρας
2347 1934 2489 1996 ὁδοῦ,
2519 1934 2670 2003 ᾠήθη
2698 1934 2755 1984 ἐν
2789 1933 2864 2003 τῷ
2892 1934 3082 2005 πλήθει
3111 1934 3218 1986 τῶν
3248 1934 3446 1986 παίδων
3469 1937 3544 1985 καὶ
3568 1938 3630 1987 1'3-

2130 2025 2219 2078 τὸν
2258 2025 2585 2096 γεννηθέντα
2632 2025 3043 2097 εὑρεθήσεσθαι,
3082 2026 3176 2079 καὶ
3219 2028 3317 2079 σὺν
3345 2029 3510 2089 αὐτοῖς
3543 2028 3631 2079 ἀπο-

2132 2116 2464 2171 κτίννυσθαι.
2518 2117 2797 2170 Ἐκέλευσε
2844 2118 2952 2189 γὰρ
2991 2119 3113 2182 τοὺς
3143 2120 3199 2171 ὲν
3228 2122 3341 2182 τοῖς
3378 2119 3525 2189 ὁρίοις
3561 2120 3632 2189 Βη-

2130 2207 2296 2278 θλεὲμ
2334 2209 2528 2272 παῖδας
2563 2209 2988 2281 ἀποκτανθῆναι,
3017 2211 3142 2273 τοὺς
3174 2211 3282 2263 ἀπὸ
3320 2211 3409 2263 δύο
3434 2212 3546 2262 ἐτῶν
3566 2214 3631 2264 iul.

2131 2302 2421 2370 κατωτέρω
2458 2300 2560 2363 ἓως
2589 2301 2756 2371 αὐτῆς
2783 2301 2882 2371 τῆς
2924 2300 3151 2372 ἡμέρας,
3189 2297 3258 2372 ἧς
3290 2303 3339 2353 οἱ
3372 2301 3514 2373 μάγοι
3537 2303 3629 2371 παρ’

2129 2390 2277 2461 αὐτῷ
2311 2392 2573 2460 ἐγένοντο.

2204 2563 2393 2617 Ἔνθεν
2439 2563 2544 2617 τίνι
2583 2564 2644 2617 οὐ
2697 2565 2942 2632 φανεῖται
2971 2562 3117 2633 (25).
3168 2564 3272 2626 ὅτι,
3309 2564 3394 2615 ὅτε
3434 2558 3563 2632 ἦλθον
3592 2566 3624 2616 ot

2133 2657 2315 2727 μάγοι,
2349 2656 2442 2709 δύο
2478 2652 2547 2729 ἦν
2586 2657 2722 2710 ἐτῶν
2761 2659 2789 2711 ό
2826 2660 2952 2721 παῖς
2997 2658 3391 2727 γεγενημένοςς
3439 2658 3529 2709 Καὶ
3553 2659 3625 2727 γὰρ

2130 2748 2224 2800 κα).
2265 2749 2297 2818 ἡ
2332 2747 2467 2818 αὐτὴ
2502 2748 2854 2818 πραγματεία
2880 2748 2977 2820 τὴν
3005 2750 3185 2802 πᾶσαν
3214 2748 3483 2820 ἀκρίϐειαν
3508 2765 3624 2816 σαφη-

2131 2836 2292 2901 νίζει.
2334 2839 2392 2891 '0
2424 2839 2522 2909 μὲν
2555 2838 2663 2911 γὰρ
2692 2841 2905 2903 Λουκᾶς
2939 2839 3084 2908 λέγει
3122 2840 3622 2910 ὲσπαργανῶσθαιτὶν

2131 2928 2303 2981 Παῖδα
2338 2928 2498 2991 εὐθὺς
2525 2929 2865 2999 τετεγμένον,
2896 2930 2994 2982 καὶ
3025 2930 3234 2983 κεῖσθαι
3267 2933 3325 2984 ἐν
3369 2930 3537 3003 φάτνῃ,
3561 2930 3623 2981 aui

2131 3020 2189 3072 ὲν
2221 3020 2485 3091 σπηλαίῳ,
2532 3020 2620 3074 διὰ
2653 3021 2714 3074 τὸ
2766 3022 2839 3094 μὴ
2889 3016 3027 3076 εἶναι
3054 3023 3217 3075 τόπον
3249 3024 3308 3075 ὲν
3343 3022 3417 3093 τῷ
3455 3020 3624 3073 καταλῦ-

473 3110 626 3164 locus
655 3118 819 3166 esset.
857 3110 993 3165 Tum
1028 3112 1171 3164 enim
1223 3126 1422 3166 census
1473 3110 1811 3176 habebatur;
1853 3121 1907 3165 et
1936 3109 2029 3181 qui

2136 3128 2296 3180 ματιο
2341 3111 2632 3183 ἀπογραφὴ
2683 3112 2792 3184 γὰρ
2840 3107 2908 3183 ἦν
2945 3112 3088 3169 τότε.
3130 3114 3240 3167 Καὶ
3288 3115 3336 3165 οἱ
3382 3113 3623 3183 διασκορπι-

475 3200 738 3254 bellorum
772 3203 1129 3271 temporibus,
1169 3217 1291 3271 quae
1321 3204 1423 3257 sub
1456 3201 1778 3258 Machabaeis
1808 3204 2034 3259 exstite-

474 3299 619 3354 rant,
679 3293 909 3362 dispersi
967 3293 1205 3355 fuerant,
1246 3295 1441 3364 quovis
1487 3302 1757 3349 terrarum
1790 3309 2039 3365 pervase-

477 3392 634 3449 rant;
691 3385 829 3438 adeo
874 3393 932 3437 ut
978 3386 1137 3454 pauci
1176 3386 1401 3440 omnino
1429 3385 1760 3441 Bethlebemi
1792 3402 2037 3442 remane-

475 3482 619 3529 rent.
657 3476 838 3539 Quare
874 3475 928 3528 in
964 3476 1199 3545 quodam
1247 3478 1703 3547 evangelistarum
1743 3480 2035 3550 exemplari

477 3564 697 3621 Davidis
727 3567 859 3621 urbs
888 3567 1126 3633 dicitur;
1155 3569 1210 3622 in
1243 3568 1351 3621 alio
1378 3584 1510 3624 vero
1537 3570 2034 3639 vicus—appellatur,

476 3657 624 3727 quod
672 3672 863 3726 agrum
916 3658 1141 3714 haberet
1195 3661 1664 3730 angustissimum.
1699 3660 1833 3715 Cum
1874 3662 2037 3732 igitur

478 3743 713 3812 Augusti
772 3744 1115 3813 imperatoris
1168 3748 1404 3803 edictum
1454 3757 1598 3804 esset
1651 3750 1894 3813 allatum.
1942 3753 2035 3822 qui

480 3833 587 3887 huc
625 3835 862 3906 illucque
907 3836 1153 3909 dissipati
1191 3850 1367 3904 erant,
1409 3856 1529 3896 cum
1562 3840 1780 3898 familiis
1813 3844 1928 3899 suis
1962 3845 2029 3900 ad

481 3924 632 3977 illum
667 3926 842 3980 locum
893 3930 1148 3983 censendi
1190 3932 1362 3999 gratia
1411 3932 1594 3986 venire
1639 3934 1830 3997 coacti,
1879 3934 2039 3990 facile

480 4016 910 4084 compleverunt,
966 4028 1023 4071 ut
1077 4027 1300 4088 prOpter
1348 4020 1629 4074 hominum
1676 4022 2035 4092 frequentiam

482 4106 617 4159 nihil
663 4115 809 4163 esset
858 4108 913 4161 in
958 4106 1263 4164 diversorio
1309 4110 1410 4164 loci
1452 4112 1722 4167 relictum.
1757 4112 1886 4169 Post
1920 4131 2040 4169 cen-

482 4211 603 4248 sum
635 4212 764 4250 vero
802 4198 1178 4267 unusquisque
1231 4214 1317 4261 eo,
1366 4200 1457 4253 ubi
1501 4201 1832 4256 domicilium
1872 4206 2039 4258 collo-

480 4294 655 4350 carat,
711 4303 962 4344 reversus
1013 4297 1116 4344 est.
1154 4287 1305 4345 Unde
1352 4291 1526 4346 laxius
1572 4292 1638 4347 ad
1686 4294 2035 4350 habitandmn

481 4380 719 4443 spatium
749 4376 867 4432 fuit.
894 4378 1078 4446 Itaque
1117 4379 1295 4447 priore
1328 4378 1441 4448 jam
1487 4396 1632 4436 anno
1664 4382 1836 4448 finito,
1872 4392 1927 4438 et
1958 4386 2037 4438 al-

480 4478 598 4522 tero
645 4469 886 4537 insuper,
935 4471 1004 4523 ob
1028 4484 1215 4523 eorum
1242 4486 1362 4540 quae
1389 4482 1538 4543 gesta
1571 4474 1681 4528 illic
1709 4484 1885 4541 erant,
1922 4492 2032 4531 me-

554 4623 566 4652 ¹
600 4621 787 4675 Matth.
823 4638 881 4687 tt,
911 4625 941 4677 7
963 4639 1086 4693 sqq.
1160 4626 1179 4655 ¹
1207 4621 1267 4679 F.
1290 4625 1446 4679 κατά.

553 4776 665 4845 (25)
700 4779 918 4832 Ἔνθεν
954 4779 1070 4830 τίνι
1106 4782 1178 4831 οὐ
1229 4777 1515 4847 φανεῖται.
1548 4778 1784 4836 Tametsi
1811 4780 1943 4837 nihil
1968 4800 2035 4839 ex

482 4844 771 4923 Evangelio
803 4849 892 4923 _de
915 4862 1204 4923 magorum
1232 4844 1506 4902 adventus
1538 4859 1774 4918 tempore
1832 4853 2035 4923 liquido

485 4917 918 4985 possitexprimi,
944 4917 1273 4986 probabilior
1306 4926 1482 4972 tamen
1512 4927 1595 4972 est
1620 4917 1948 4986 communis,
1971 4937 2035 4976 ac

484 4990 1018 5058 recepta‘sententia.
1048 5002 1207 5056 quam
1246 4989 1335 5042 illa
1373 5004 1438 5042 ex
1482 4987 1761 5058 Epiphanii
1817 5007 1881 5047 ac
1926 4992 2037 5047 Eu-

483 5055 619 5108 sebii
656 5054 927 5109 Chronicis
987 5054 1197 5119 hausta,
1224 5058 1441 5112 biennio
1492 5054 1612 5119 post
1655 5059 1927 5115 Christum
1980 5066 2034 5117 in

487 5075 619 5108 sentt
656 5075 927 5109 curamus
987 5075 1197 5119 ItaUSta,
1226 5075 1441 5112 btettnto
1529 5075 1612 5113 OSI.
1655 5075 1927 5115 Lurtstum
1980 5079 2034 5117 ιιι

487 5124 660 5195 lucem
692 5126 893 5177 editum
930 5142 1113 5195 magos
1139 5128 1441 5183 advenisse.
1477 5075 1630 5194 δυοά
1662 5144 1726 5183 ex
1762 5130 1867 5186 illis
1896 5130 2034 5185 Mat-

484 5194 605 5266 tlitei
638 5195 814 5248 verbis
836 5195 1010 5266 colligi
1028 5194 1309 5266 putabant,
1338 5199 1536 5266 quibus
1559 5197 1818 5255 Herodem
1853 5211 2036 5255 narrat

484 5280 516 5315 a
539 5263 737 5340 bimatu
766 5272 813 5340 et
832 5263 984 5340 infra'
1010 5263 1491 5340 pueros_occi5tisse,
1521 5269 1802 5340 secundum
1834 5282 2033 5340 tempus

483 5334 619 5407 quod
640 5335 965 5407 exquisierqt
1000 5352 1032 5387 a
1069 5336 1233 5405 magis
1264 5335 1476 5405 (Matth.
1518 5353 1578 5401 ιι,
1612 5337 1722 5407 16).
1760 5340 1860 5395 Sed
1892 5334 2036 5395 hunc

484 5405 687 5471 nodum
734 5403 1055 5471 jampridem
1112 5403 1474 5461 dissolverunt
1514 5403 1711 5463 eruditi
1755 5426 2034 5465 sacrarum

482 5469 813 5527 Litterarum
851 5469 1198 5543 interpretes.

555 5543 663 5614 (26)
700 5543 811 5597 Kal
869 5542 1136 5619 ἀνάγκην
1176 5544 1364 5614 ἔσχον
1386 5548 1460 5619 ὀἱ
1499 5546 2032 5619 διεσκορπισμένα.

484 5613 755 5684 Quantum
792 5616 951 5668 verba
991 5618 1105 5682 ipsa
1144 5613 1355 5684 praise
1380 5614 1579 5679 ferunt,
1611 5613 1858 5674 indicare
1882 5621 2032 5675 vide-

486 5694 576 5741 tur
612 5682 824 5739 Judaeos
848 5685 1087 5752 quolibet
1117 5682 1381 5741 terrarum
1409 5685 1682 5755 dispersos
1713 5690 1765 5743 in
1798 5687 2032 5744 Palaesti—

2137 3199 2351 3264 σθέντες
2385 3200 2491 3255 ἀπὸ
2531 3202 2625 3255 τοῦ
2665 3203 2856 3275 χρόνου
2885 3201 2993 3257 τῶν
3024 3202 3272 3274 πολέμων
3311 3202 3413 3255 τῶν
3445 3203 3520 3255 ἐπὶ
3550 3203 3623 3261 ταῖς

2133 3293 2510 3357 Μακκαϐαίοις
2551 3295 2851 3363 γεγονότων
2878 3296 2971 3349 ἐπὶ
3038 3296 3107 3349 τὰ
3156 3293 3426 3365 πανταχοῦ
3466 3294 3548 3363 γῆς
3579 3292 3620 3343 δι’

2134 3384 2592 3457 εσκορπίσθησαν,
2650 3387 2743 3441 καὶ
2801 3388 2968 3456 ὀλίγοι
3026 3388 3305 3452 παντελῶς
3368 3388 3548 3459 ἔμειναν
3586 3388 3623 3437 ἐν

2134 3475 2378 3547 Βηθλεὲμ
2417 3478 2815 3542 κατοικοῦντες.
2859 3480 2949 3533 Διὸ
2995 3479 3052 3533 ἐν
3097 3496 3202 3532 τινι
3245 3480 3530 3550 ἀντιγράφω
3552 3476 3623 3529 τῶν

2136 3569 2537 3637 εὐαγγελιστῶν
2566 3570 2808 3624 καλεῖται
2847 3573 2999 3637 πόλις
3022 3572 3114 3627 τοῦ
3143 3573 3309 3626 Δαὸίδ
3327 3590 3339 3603 ’
3371 3575 3423 3627 ὲν
3460 3572 3570 3639 ἄλλῳ
3589 3570 3624 3622 a‘:

2135 3658 2328 3730 κώμην
2353 3659 2522 3731 αὐτὴν
2565 3662 2805 3723 καλοῦσι,
2833 3663 2917 3717 διὰ
2958 3664 3017 3717 τὸ
3049 3667 3126 3728 εἰς
3165 3664 3353 3735 ὀλίγην
3383 3665 3472 3733 γῆν
3508 3662 3623 3727 αὐτὴν

2135 3749 2347 3819 ὴκέναι.
2395 3750 2525 3803 Ὅτε
2565 3750 2622 3803 δὲ
2654 3752 2841 3821 γέγονε
2890 3753 2950 3806 τὸ
2985 3754 3258 3823 κέλευσμα
3297 3756 3386 3807 τοῦ
3431 3751 3622 3823 βασιλέως

2135 3841 2485 3909 Αὐγούστου,
2540 3843 2634 3895 καὶ
2681 3844 2924 3915 ἀνάγκην
2979 3844 3133 3916 ἔσχον
3181 3847 3231 3897 οἱ
3288 3842 3613 3915 διεσκορπιςμὲο

2135 3949 2214 3984 νοι
2237 3930 2368 4002 (26),
2402 3933 2496 3986 καὶ
2529 3933 2597 3986 τὰ
2623 3935 2643 3965 ³
2672 3936 2850 3989 αὐτῶν
2879 3936 3030 4007 γένη,
3064 3932 3224 4007 ἦλθεν
3266 3938 3344 4000 εἰς
3376 3937 3456 3989 τὸν
3492 3935 3622 3993 τόπον,

2136 4024 2222 4077 ἵνα
2271 4025 2661 4095 ἁπογραφῶσιν
2704 4028 3023 4100 ὲπιρῤέοντα
3074 4028 3142 4081 τὰ
3184 4029 3393 4100 πλήθη,
3460 4029 3535 4080 καὶ
3572 4028 3611 4076 ἐν

2142 4114 2346 4187 έπλησε
2384 4117 2475 4169 τὸν
2497 4118 2676 4184 τόπον,
2716 4120 2808 4173 καὶ
2839 4120 2938 4173 οὐκ
2970 4116 3036 4191 ἦν
3075 4120 3238 4182 τόπος
3268 4123 3325 4175 ἐν
3352 4119 3422 4190 τῷ
3456 4116 3621 4172 καταλὺ-

2140 4221 2267 4274 ματι
2302 4207 2387 4260 διὰ
2435 4207 2530 4279 τὴν
2573 4210 2869 4280 συνέχειαν.
2910 4212 3110 4264 Λοιπὸν
3152 4212 3207 4265 δὲ
3245 4214 3381 4282 μετά
3424 4212 3603 4281 τὴνάπο

2137 4300 2351 4370 γραφὴν
2388 4302 2625 4371 ἀπῆλθεν
2664 4303 2911 4367 ἕκαστος,
2942 4305 3061 4357 ὅποι
3108 4305 3210 4375 γῆς
3251 4305 3348 4377 τὴν
3386 4302 3615 4372 καταμεινῆ

2138 4391 2235 4457 τῆς
2264 4391 2629 4461 κατοικήσεως
2664 4388 2797 4461 εἶχε.
2844 4394 2935 4445 Διὸ
2964 4393 3056 4447 καὶ
3088 4394 3287 4457 πλάτος
3312 4394 3561 4462 ἐτύγχανεν
3589 4390 3615 4438 ἐκ

2139 4482 2203 4550 τῇ
2233 4482 2325 4550 γῇ.
2379 4482 2687 4554 Ἑρχόμενοι
2711 4484 2789 4547 δὲ,
2818 4485 2893 4549 ὡς
2921 4488 3091 4539 εἰπεῖν
3120 4487 3252 4554 (27),
3298 4486 3494 4556 μνήμης
3511 4484 3621 4535 ἓνευ

2138 4799 2261 4838 nam
2322 4791 2541 4839 coactos
2595 4798 2737 4838 esse.
2770 4781 2876 4838 Sed
2914 4784 3195 4839 commode
3237 4784 3347 4839 haec
3378 4780 3622 4851 accipienda

2138 4862 2288 4918 sunt,
2330 4862 2385 4908 ut
2408 4854 2473 4908 de
2504 4854 2571 4907 iis
2610 4855 2878 4975 lmhuatur,
2904 4855 2993 4924 qui
3044 4854 3097 4907 in
3128 4852 3403 4909 Palaestina
3439 4850 3622 4921 ipsa,rel

2138 4923 2294 4975 Svria
2339 4925 2614 4975 (tenerent.
2716 4939 2855 4975 eaue
2910 4925 3052 4975 enim
3104 4933 3234 4975 nuto
3282 4927 3334 4975 in
3383 4923 3531 4975 Italia.
3565 4920 3622 4971 vel

2137 4923 2294 4994 Syria
2339 4925 2614 4994 degerent.
2674 4920 2855 4993 Neque
2910 4920 3052 4978 enim
3104 4933 3234 4993 puto
3282 4927 3334 4978 in
3383 4920 3531 4983 Italia,
3565 4920 3622 4971 rel

2134 4992 2362 5056 Grazcia,
2401 5000 2494 5047 aut
2526 4992 2780 5063 Egypto’
2812 4994 2975 5047 etiam
3022 4994 3342 5058 habitarent,
3371 4994 3483 5046 alibi
3504 5002 3623 5059 quam

2135 5063 2228 5120 ibi.
2260 5064 2351 5118 ubi
2380 5074 2550 5126 erant.
2588 5064 2753 5117 fuisse
2790 5078 3002 5117 censos.

2206 5133 2317 5201 (27)
2362 5132 2699 5201 Ἐρχόμενοι
2741 5132 2831 5195 δὲ,
2867 5133 2947 5198 ὡς
2973 5132 3182 5186 εἰπεῖν.
3218 5130 3415 5203 Nollem
3461 5128 3620 5203 erudito

2136 5202 2441 5258 Maldonato
2481 5204 2531 5257 id
2591 5203 2644 5255 in
2702 5212 2931 5256 mentem
2989 5204 3228 5258 venisset
3265 5201 3531 5272 Epiphanio
3552 5201 3621 5272 tn:

2136 5274 2301 5326 buere
2356 5272 2500 5342 quod
2533 5281 2585 5326 et
2610 5272 3060 5342 absurdissimum
3102 5282 3206 5335 est,
3266 5264 3450 5342 néc'rab
3476 5283 3529 5323 eo
3560 5264 3616 5342 te!

2138 5334 2408 5397 levissime
2457 5344 2770 5411 cogitatum.
2804 5341 3004 5395 Scribit
3050 5334 3201 5396 enim,
3223 5341 3394 5396 mirari
3422 5354 3487 5411 se,
3514 5334 3614 5411 qugd

2141 5411 2469 5480 Epiphanius
2498 5404 2768 5466 eiistimet
2806 5411 3099 5480 Josephum
3124 5422 3179 5465 et
3212 5411 3417 5464 Mariam
3446 5404 3615 5476 singulis

2135 5479 2293 5552 annis
2324 5496 2389 5535 eo
2418 5482 2506 5535 die
2541 5496 2607 5536 ex
2636 5479 2869 5552 Egyth
2905 5479 2957 5534 in
3001 5480 3307 5536 Bethlebem
3332 5479 3494 5533 venire
3516 5487 3611 5527 coa-

2136 5551 2378 5624 suevisse
2400 5566 2669 5624 ;_cumqt_ie
2694 5551 2813 5619 post
2829 5551 2967 5606 duos
2983 5565 3155 5606 annos
3171 5552 3612 5624 rediissent_,‘tna_sos

2136 5636 2231 5674 eos
2261 5620 2552 5675 invenisse.
2582 5616 2708 5674 Hoc'
2733 5636 2861 5676 vero
2892 5636 3167 5689 nunquam
3206 5616 3610 5689 scripsitlslp‘ipha-

2136 5691 2281 5745 nius.
2301 5690 2475 5755 Quare
2491 5691 2855 5746 halluciuatus
2872 5701 2953 5747 est
2977 5688 3370 5745 eruditissimus
3398 5688 3477 5742 ille
3490 5688 3608 5737 Eran-
