3750 6200
59 265 174 320 905

843 257 1211 315 ADVERSUS
1244 257 1588 313 HERESES
1626 257 1651 311 Ι

1821 256 1854 311 ι.
1899 219 2062 310 ron.
2106 257 2144 310 ι.
2190 253 2460 311 ιιίειιεε.
2508 254 2591 311 Ll.

3222 253 3324 311 906

60 374 174 426 τῶν
209 373 322 425 ἐκεῖ
349 367 780 439 γεγεννημένων,
824 367 1039 440 πρώτου
1074 369 1320 422 ἐνιαυτοῦ
1367 366 1641 422 τελεσθέν-

1821 368 1974 421 niam
2007 383 2073 423 eo
2099 383 2158 424 se
2193 377 2446 438 parentes
2484 367 2770 433 Nazareto,
2813 369 2958 424 velut
2984 369 3051 424 ad
3076 372 3324 428 eamdem

58 483 176 527 τος,
215 463 308 517 καὶ
343 461 437 514 τοῦ
469 461 725 530 δευτέρου
759 461 1159 532 πληρωθέντος,
1190 457 1352 532 ἦλθον
1391 464 1436 514 oi
1473 466 1647 530 γονεῖς

59 558 246 608 ἐκεῖσε
297 552 404 607 ἀπὸ
456 551 729 624 Ναζαρὲτ,
771 551 847 614 ὠς
889 553 970 614 είς
1025 551 1123 624 τὴν
1171 555 1477 624 πανήγυριν
1518 553 1648 606 ταύ-

58 663 164 716 την
204 645 336 715 (28).
372 645 460 696 Διὸ
490 645 581 698 καὶ
627 646 659 716 ή
709 643 916 707 ἕλευσις
950 644 1057 697 τῶν
1116 646 1304 716 μάγων
1359 647 1646 716 γεγένηται

59 737 159 790 καὶ
196 736 337 790 κατά
379 735 476 806 τὴν
523 735 778 805 τοιαύτην
830 735 1150 807 συγκυρίαν.
1189 737 1386 791 Ούκέτι
1422 737 1550 803 ίσως
1577 742 1643 810 τῇ

59 826 358 880 καταλύσει
415 827 535 880 τότε
589 827 686 896 τῆς
748 827 969 900 Μαρίας
1020 827 1113 880 καλ.
1178 828 1372 900 Ἰωσήφ
1421 829 1508 883 διά
1549 830 1646 901 τήν

59 920 395 991 ἀπογραφὴν
444 921 510 988 τῇ
563 919 668 971 ὑπὸ
720 918 814 972 τοῦ
855 921 1041 973 Λουκᾶ
1084 921 1367 993 εἰρημένῃ.
1417 923 1492 974 Ού
1540 923 1646 994 γὰρ

59 1003 238 1079 ηῧραν
264 1012 362 1080 τὴν
388 1011 618 1083 Μαριὰμ
649 1013 706 1063 ὲν
734 1011 816 1082 τῷ
853 1012 1122 1083 σπηλαίῳ,
1151 1015 1286 1067 ὅπου
1316 1015 1607 1086 ἐγέννησεν
1629 1033 1643 1048 ο

60 1103 201 1155 ἀλλὰ
251 1103 326 1166 ὡς
380 1102 489 1174 ἔχει
538 1102 598 1155 τὺ
647 1103 998 1172 Εὑαγγέλιον,
1049 1105 1134 1158 δτι
1185 1105 1406 1176 ὼδήγει,
1459 1107 1644 1176 φησὶν,

59 1195 264 1257 αὐτοὺς
317 1194 346 1245 6
391 1195 566 1266 ἀστήρ
603 1195 730 1266 ἄχρι
783 1194 875 1248 τοῦ
925 1195 1113 1256 τόπου,
1153 1191 1224 1251 οὗ
1281 1196 1361 1265 ἦν
1407 1197 1538 1250 ἐκεῖ
1582 1198 1647 1250 τὸ

59 1286 328 1341 παιδίον.
365 1287 474 1341 Kal
507 1287 884 1354 εἰσελθόντες
907 1289 992 1354 εις
1023 1287 1130 1343 τὸν
1156 1283 1341 1355 οἷκον,
1370 1285 1551 1358 εὗρον
1581 1289 1647 1343 τὸ

54 1378 291 1446 βρέφος
325 1377 476 1448 μετὰ
506 1379 756 1448 Μαρίας,
803 1378 985 1432 ούκέτι
1020 1381 1079 1433 ἐν
1131 1379 1327 1453 φάτνῃ,
1375 1381 1557 1434 ούκέτι
1590 1384 1647 1435 ἐν

64 1469 342 1540 σπηλαίῳ,
369 1469 484 1522 ἀλλ’
516 1472 574 1522 ὲν
613 1469 747 1540 οἴκῳ
767 1485 782 1500 ·
828 1469 918 1522 ἵνα
945 1470 1160 1542 γνωσθῇ
1194 1473 1293 1541 τῆς
1330 1470 1584 1541 ἀληθείας
1611 1474 1644 1542 ἡ

60 1561 343 1630 ἀκρίϐεια,
375 1561 471 1615 καὶ
499 1561 814 1633 τοῦ·χρόνου
836 1561 944 1614 τῶν
975 1561 1068 1615 δύο
1101 1563 1237 1616 ἐτῶν
1261 1564 1321 1616 τὸ
1351 1563 1644 1634 διάστημα,

61 1655 344 1707 τουτέστιν
390 1652 572 1718 ὲξότου
623 1655 908 1726 ἐγεννήθη,
936 1655 1042 1717 ἕως
1076 1656 1164 1708 ὅτε
1200 1655 1560 1725 παρεγένοντο
1597 1657 1645 1708 οἱ

1749 460 2144 522 celebritatem,
2195 461 2566 515 contuli-runt.
2617 459 2738 526 Quo
2763 467 3007 530 tempore
3041 477 3324 531 magorum

1747 550 2014 605 adventus
2045 549 2316 620 ejusmodi
2348 552 2587 620 quadam
2622 551 3037 620 opportunitate
3072 551 3322 622 contigit.

1750 641 1992 698 Tametsi
2025 659 2135 698 non
2166 643 2219 697 in
2253 643 2443 698 eodem
2473 643 2568 698 illo
2598 641 2849 698 fortassis
2879 643 3180 700 diversorio
3209 660 3327 700 ver-

1749 734 2034 800 sabantur,
2085 736 2142 789 in
2169 751 2277 806 quo
2326 735 2552 789 Mariam
2581 751 2644 790 ac
2665 733 2961 807 Joscphum
3003 737 3325 806 descriptio-

1748 826 1836 881 nis
1884 834 2129 897 tempore
2156 827 2428 882 mansisse
2485 825 2664 884 Lucas
2715 835 2946 882 testatus
2990 836 3091 882 est.
3140 826 3325 897 Neque

1747 917 1893 973 enim
1937 917 2162 973 Mariam
2201 919 2256 974 in
2289 919 2577 989 spelunca,
2616 918 2706 974 ubi
2742 927 3051 991 pepererat.
3108 934 3328 988 repere-

1747 1017 1912 1077 runt;
1982 1012 2100 1078 sed,
2136 1019 2196 1066 ut
2254 1010 2604 1082 Evangelium
2658 1021 2868 1074 narrat,
2911 1011 3066 1066 stella
3094 1010 3217 1066 illos
3257 1011 3324 1065 ad

1747 1119 1872 1157 eum
1902 1105 2078 1158 locum
2107 1106 2398 1175 perduxit,
2433 1106 2522 1159 ubi
2545 1115 2658 1160 erat
2682 1121 2830 1174 puer.
2858 1103 2923 1157 Et
2949 1105 3206 1158 intrantes
3236 1105 3328 1158 do-

1749 1211 1890 1247 mum
1922 1196 2226 1249 invenerunt
2249 1212 2468 1264 puerum
2516 1213 2635 1250 cum
2672 1197 2922 1263 Maria’,
2962 1214 3066 1252 non
3101 1199 3154 1251 in
3184 1213 3323 1267 pra:-

1748 1287 1884 1357 sepi,
1922 1288 2002 1343 vel
2027 1287 2080 1342 in
2112 1289 2396 1360 spelunca,
2425 1289 2521 1344 sed
2557 1289 2610 1343 in
2640 1291 2803 1344 domo
2853 1293 3088 1352 scilicet,
3137 1300 3197 1345 ut
3227 1306 3323 1347 ac-

1748 1385 1937 1431 curata
1979 1377 2053 1432 rei
2090 1380 2317 1443 veritas,
2350 1395 2411 1434 ac
2435 1379 2642 1434 biennii
2674 1379 3018 1436 intervallum
3047 1384 3323 1454 exprime-

1748 1474 1917 1532 retur,
1958 1468 2104 1538 quod
2132 1470 2200 1523 ab
2222 1470 2341 1540 ejus
2382 1471 2550 1524 natali
2597 1471 2662 1524 ad
2706 1487 2986 1542 magorum
3033 1474 3321 1528 adventum

1747 1555 2047 1613 eﬂluxerat.
2101 1559 2302 1614 Eadem
2339 1562 2429 1616 illa
2464 1577 2594 1616 vero
2633 1572 2813 1629 nocte,
2861 1563 3076 1619 duobus
3112 1582 3141 1619 a
3183 1569 3327 1620 nati~

1748 1649 1916 1705 vitate
1971 1652 2131 1706 annis
2161 1654 2386 1723 elapsis,
2429 1657 2656 1726 angelus
2691 1659 2964 1727 apparuit,
3001 1674 3064 1712 ac
3095 1675 3325 1728 puerum

63 1745 254 1814 μάγοι.
297 1744 405 1798 Καὶ
434 1746 553 1798 κατ’
583 1745 796 1816 ἐκείνην
826 1745 923 1816 τὴν
952 1745 1123 1799 νύκτα
1155 1745 1292 1816 μετά
1313 1745 1404 1799 δύο
1427 1745 1518 1818 έτη
1546 1745 1645 1816 τῆς

1824 1757 1874 1794 ιιι
1907 1751 2082 1798 matre
2108 1745 2162 1798 in
2197 1753 2396 1800 terram
2447 1747 2667 1819 Egypti
2711 1748 2878 1819 jussit
2907 1750 3198 1806 abducere.
3240 1750 3326 1805 ld-

61 1838 373 1907 γεννήσεως
403 1835 556 1908 ὢφθη
588 1837 616 1888 6
659 1836 906 1906 ἄγγελος,
943 1837 1035 1890 καὶ
1073 1833 1193 1890 εἷπε
1227 1838 1560 1909 παραλαϐεῖν
1588 1838 1648 1892 τὸ

62 1929 278 1981 παιδίον
314 1929 407 1981 καὶ
432 1927 530 2000 τὴν
566 1928 779 2000 μητέρα
810 1930 890 1993 είς
917 1929 1020 1998 γῆν
1063 1929 1358 1997 Αἰγύπτου.
1395 1929 1486 1982 Διὸ
1521 1929 1648 1982 οὐκ·

59 2022 143 2074 ἐτι
189 2021 390 2092 Ἰωσήφ
435 2019 784 2092 ἀνακάμπτει
826 2021 906 2086 είς
951 2019 1228 2092 Ναζαρὲτ,
1282 2021 1416 2074 ἀλλὰ
1464 2022 1646 2076 ἀποδι-

62 2114 295 2184 δράσκει
325 2114 439 2183 ἅμα
474 2112 551 2185 τῷ
595 2113 765 2178 παιδὶ,
801 2114 896 2167 καλ⁸
941 2116 1007 2185 τῇ
1048 2115 1216 2185 μητρὶ
1249 2113 1413 2167 αὑτοῦ
1444 2117 1523 2178 είς
1549 2114 1646 2167 Λί-

61 2224 294 2274 γυπτον,
329 2207 422 2260 καὶ
457 2206 591 2260 ἄλλα
632 2206 726 2260 δύο
771 2205 866 2278 ἔτη
897 2209 1042 2260 ποιεῖ
1081 2208 1261 2260 ἐκεῖσε
1284 2224 1297 2237 ·
1335 2209 1430 2260 καὶ
1477 2207 1648 2271 οὕτως

64 2299 229 2352 πάλιν
262 2301 292 2352 6
334 2297 561 2367 ἄγγελος
605 2298 742 2369 μετά
799 2298 898 2370 τὴν
944 2298 1038 2352 τοῦ
1105 2298 1348 2371 Ἡρώδου
1393 2298 1651 2370 τελευτὴν

63 2390 384 2460 ἐπιστρέφει
421 2388 510 2442 τὸν
542 2389 704 2443 αὐτὸν
745 2391 801 2443 ὲν
833 2393 899 2462 τῇ
943 2389 1191 2462 Ἰουδαίᾳ.

134 2484 192 2537 ι’.
238 2482 330 2553 Τῷ
363 2480 470 2554 γάρ
502 2480 808 2553 τριακοστῷ
841 2482 1010 2552 τρίτῳ
1049 2481 1159 2552 (29)
1201 2481 1309 2536 ἔτει
1340 2480 1434 2534 τοῦ
1474 2481 1650 2553 Ἡρώ-

62 2573 153 2627 δου
204 2575 463 2642 γεννᾶται
509 2574 537 2626 6
591 2573 826 2645 Κύριος’
875 2572 1182 2645 τριακοστῷ
1215 2573 1450 2644 πέμπτῳ
1491 2567 1652 2643 ἦλθον

61 2667 113 2718 ot
152 2666 355 2736 μάγον
390 2663 695 2736 τριακοστῷ
739 2664 953 2736 ἑϐδόμῳ
999 2665 1106 2718 ἔτει
1139 2665 1366 2736 τελευτᾷ
1409 2667 1437 2718 6
1481 2663 1654 2736 Ἦρώ-

64 2757 196 2828 δης·
240 2756 336 2810 καὶ
364 2755 665 2826 διαδέχεται
715 2755 1004 2828 Ἀρχέλαος
1052 2756 1166 2820 υίὸς
1216 2757 1380 2812 αὐτοῦ
1409 2757 1470 2810 τὸ
1501 2757 1655 2828 βασί-

65 2849 232 2912 λειον,
268 2851 500 2921 ποιήσας
553 2848 648 2920 ἐτη
698 2849 853 2903 ἐννέα
903 2848 1223 2920 βασιλεύων,
1265 2849 1515 2920 καθάπερ
1565 2866 1654 2920 μοι

69 2942 128 2994 ἓν
180 2940 364 3003 ἄλλοις
408 2941 596 3005 τόποις
639 2941 872 3012 εἴρηται.
937 2939 1306 3012 Ἀνεχὼρησεν
1349 2937 1441 2994 οὖν
1492 2939 1656 2994 ἀκού-

69 3049 168 3095 σας
197 3031 332 3103 περὶ
369 3031 682 3102 Ἀρχελάου,
719 3033 813 3085 καὶ
847 3029 1016 3084 ἐλθὼν
1050 3031 1370 3103 κατῴκησεν
1420 3033 1498 3095 είς
1541 3031 1653 3084 Να-
1680 3072 1723 3130 C

65 3119 258 3190 ζαρέτ.
315 3119 421 3172 Καὶ
468 3119 676 3173 ἐκεῖθεν
721 3121 882 3173 πάλιν
925 3121 1043 3174 κατ’
1075 3121 1191 3184 ἔτος
1230 3121 1382 3192 ἀνῄει
1417 3122 1495 3184 είς
1558 3120 1654 3173 Ἰε-

70 3211 378 3283 ρουσαλήμ.
441 3211 606 3282 Ὁρᾷς
664 3211 763 3282 ὅση
810 3212 1068 3282 τυγχάνει
1127 3210 1382 3280 ἀκρίϐεια
1433 3212 1490 3263 ἐν
1541 3213 1653 3274 τοῖς

66 3301 235 3365 θείοις
270 3299 623 3370 Εὐαγγελίοις
669 3301 797 3370 περὶ
840 3300 1076 3371 ἑκάστης
1122 3298 1542 3369 πραγματείας;
1588 3297 1651 3350 Oi

68 3392 125 3447 δὲ
156 3393 356 3464 ἀγνοίᾳ
395 3392 703 3464 φερόμενοι,
734 3392 826 3445 τὸν
863 3389 1073 3444 ἑαυτῶν
1103 3389 1227 3445 νοῦν
1262 3389 1649 3452 σκοτώσαντες,

67 3486 166 3538 οὐκ
198 3486 351 3538 ἴσασι
377 3484 438 3537 τὸ
468 3484 620 3547 τέλος
653 3484 884 3537 ἑκάστου
916 3483 1076 3551 λόγου
1095 3499 1109 3513 ο
1137 3481 1273 3535 ἀλλά
1302 3481 1485 3544 ἁπλῶς
1511 3479 1652 3534 κατά

65 3579 177 3630 τω»
228 3575 403 3644 ἁγίων
461 3576 744 3646 ἐπαίρουσι
793 3574 855 3627 τὸ
910 3574 1103 3644 στόμα,
1155 3574 1250 3628 καὶ
1299 3571 1502 3645 χαλῶσι
1553 3572 1650 3643 τὴν

69 3668 342 3736 γλῶτταν,
383 3667 550 3739 μηδὲν
591 3667 690 3736 μὲν
736 3665 984 3734 λέγοντες
1025 3668 1082 3720 ὲν
1129 3666 1377 3736 ἀληθεία,
1427 3665 1652 3728 ἑαυτοὺς

67 3759 126 3813 δὲ
155 3760 256 3832 τῆς
290 3759 432 3831 ζωῆς
463 3758 884 3829 ἀλλοτριοῦντες.

143 3941 344 3995 Ἔνθεν
391 3939 484 3995 οὖν
527 3945 554 3996 6
597 3942 831 4006 Λουκᾶς,
901 3941 1036 4011 μετά
1084 3940 1145 3993 τὸ
1187 3940 1543 4010 διηγήσασθαι
1584 3939 1652 3993 τά

73 4033 303 4104 πρῶτα,
358 4033 520 4086 πάλιν
571 4033 751 4102 λέγει,
813 4032 929 4097 πῶς
984 4033 1042 4084 ὲν
1088 4031 1167 4103 τῷ
1216 4031 1501 4103 δωδεκάτῳ
1545 4031 1653 4084 ἔτει

75 4125 307 4196 ἀνῆλθεν
333 4127 412 4188 εἰς
455 4124 841 4197 Ἰερουσαλήμο
893 4125 979 4177 ἵνα
1029 4123 1106 4194 μὴ
1138 4123 1449 4196 παραλείψῃ
1491 4123 1655 4176 τόπον

73 4220 183 4282 τοῖς
224 4217 508 4288 νομίσασιν
537 4215 695 4269 αὐτὸν
725 4215 911 4278 ἁπλῶς
936 4214 1102 4285 ἄνδρα
1129 4214 1330 4268 τέλειον
1371 4216 1429 4268 ὲν
1467 4215 1655 4285 κόσμῳ

1749 1831 1897 1885 circo
1927 1848 2036 1888 non
2095 1835 2208 1904 jam
2268 1834 2599 1892 Nazaretum
2649 1837 2926 1910 Josephus
2982 1843 3322 1912 regreditur;

1750 1925 1845 1979 sed
1895 1941 2021 1980 cum
2079 1943 2249 1997 puero
2283 1944 2345 1984 ac
2373 1938 2548 1986 matre
2583 1931 2719 2003 fugit
2771 1933 2825 1987 in
2875 1932 3192 2005 A'Igyptum,
3233 1937 3324 1990 ubi

1750 2016 1971 2072 biennio
2000 2020 2170 2075 altero
2202 2030 2578 2079 commoratus
2612 2033 2695 2079 est
2723 2042 2740 2091 ;
2799 2035 2961 2095 atque
2995 2028 3067 2080 ita
3105 2043 3324 2083 rursum

1751 2118 1875 2177 post
1899 2107 2128 2166 Herodis
2146 2113 2353 2167 obitum
2380 2115 2606 2186 angelus
2629 2117 2902 2180 eumdem,
2928 2128 2984 2172 ut
3009 2119 3063 2172 in
3084 2119 3326 2174 Judaeam

1751 2201 1974 2268 rediret,
2007 2205 2306 2260 admonuit.

1821 2462 1983 2534 432
2019 2461 2088 2517 Χ.
2118 2462 2331 2534 Quippe
2360 2481 2532 2519 χχχιιι
2567 2466 2799 2525 Herodis
2828 2487 2976 2526 anno
3028 2481 3190 2530 natus
3243 2487 3327 2532 est

1755 2553 2036 2634 Dominus,
2069 2558 2426 2628 ejusdemque
2465 2575 2610 2615 xxxv
2635 2563 2775 2633 magi
2806 2574 3093 2620 venerunt.
3128 2567 3331 2626 Deinde

1756 2663 1944 2701 xxxvii
1986 2649 2203 2718 imperii
2243 2665 2387 2706 anno
2427 2653 2662 2707 moritur
2692 2651 2958 2721 Herodes,
2987 2661 3076 2712 cui
3108 2675 3327 2718 succes-

1757 2739 1827 2792 sit
1858 2738 2190 2805 Archelaus,
2226 2740 2382 2811 isque
2412 2756 2605 2796 novem
2639 2746 2882 2814 regnavit
2909 2751 3090 2812 annis,
3129 2760 3188 2803 ut
3221 2753 3329 2807 alio

1757 2842 1784 2879 a
1819 2842 1904 2881 me
1932 2828 2052 2882 loco
2081 2828 2286 2882 dictum
2328 2830 2568 2885 memini.
2605 2830 2785 2898 Quare
2817 2849 2942 2890 cum
2968 2837 3034 2892 de
3059 2839 3330 2896 Archelao

1758 2919 2085 2988 accepisset,
2140 2921 2372 2977 recessit
2414 2921 2726 2994 Iosephus,
2780 2941 2844 2982 ac
2893 2944 2953 2985 se
3002 2929 3327 2988 Nazaretum

1758 3010 2041 3066 habitandi
2075 3026 2242 3068 causa
2264 3015 2519 3069 contulit.
2554 3016 2710 3072 Unde
2742 3022 3039 3088 quotannis
3071 3021 3328 3082 Hieroso-

1755 3101 1953 3173 lymam
1988 3102 2262 3172 proﬁcisci
2291 3114 2670 3161 consueverat.
2711 3109 2872 3166 Vides
2913 3122 3118 3182 quanta
3157 3119 3228 3172 sit
3271 3121 3324 3174 in

1757 3194 1936 3248 sacris
1962 3192 2272 3262 Evangeliis
2305 3196 2597 3265 cujuslibet
2631 3198 2710 3254 rei
2737 3203 3025 3260 narranda;
3055 3223 3328 3279 quamque

1754 3295 2010 3340 accurata
2044 3287 2372 3356 diligentia?
2403 3288 2472 3343 At
2523 3290 2614 3346 isti
2660 3291 2965 3363 ignorantia
2996 3297 3147 3360 caci,
3188 3315 3329 3368 quo-

1754 3391 1875 3429 rum
1926 3385 2011 3430 est
2059 3378 2302 3434 tenebris
2355 3378 2596 3434 obducta
2655 3399 2840 3450 mens,
2893 3388 3328 3460 uniuscujusque

1754 3467 2090 3522 narrationis
2132 3469 2335 3523 exitum
2373 3470 2660 3541 ignorant;
2715 3475 2808 3529 sed
2845 3475 3107 3534 adversus
3147 3496 3327 3536 saero-

1753 3569 1943 3615 sancta
1985 3574 2215 3632 qnzeque
2260 3576 2322 3614 os
2364 3577 2523 3616 suum
2565 3575 2888 3635 arroganter
2925 3571 3213 3638 extollunt,
3262 3589 3329 3630 ac

1753 3653 1995 3724 linguam
2049 3652 2332 3728 relaxant,
2368 3655 2505 3710 adeo
2549 3667 2603 3710 ut
2647 3675 2821 3729 neque
2867 3661 2977 3714 veri
3029 3663 3325 3733 quidquam

1753 3744 2003 3811 aﬂerant,
2036 3751 2091 3799 et
2121 3759 2150 3798 a
2180 3745 2287 3798 vita
2321 3745 2678 3804 nihilominus
2705 3765 2770 3804 ac
2804 3751 2978 3808 salute
3007 3758 3328 3828 semetipsos

1754 3839 2012 3894 alienent.

1824 3928 1954 3986 Post
1979 3930 2093 3986 haec
2125 3930 2304 3985 Lucas
2341 3931 2432 3984 ubi
2475 3945 2660 4000 priora
2704 3945 3028 4002 persecutus
3071 3943 3177 4002 est,
3228 3952 3325 3992 ex-

1754 4023 1907 4092 ponit
1956 4023 2415 4093 qucmadmodum
2469 4038 2616 4077 anno
2658 4041 2732 4078 xu
2785 4024 3164 4099 Hierosolyma
3206 4045 3330 4098 per-

1754 4114 1980 4176 rexerit,
2016 4130 2083 4168 ne
2111 4129 2272 4184 quem
2305 4114 2524 4168 illorum
2555 4115 2731 4170 errori
2767 4097 2952 4170 locum‘
2972 4097 3327 4188 relinqueret,

1756 4207 1848 4276 qui
1882 4205 2033 4261 illum
2064 4207 2312 4262 arbitrati
2343 4216 2472 4263 sunt
2500 4207 2735 4278 perfecta
2769 4225 2831 4264 ac
2860 4209 3002 4266 virili
3027 4210 3141 4281 jam
3170 4218 3331 4266 aetate

75 4309 398 4379 πεφηνέναι,
434 4308 528 4361 καὶ
561 4308 638 4372 είς
667 4307 755 4361 τὸν
802 4307 1072 4378 Ἰορδάνην
1104 4305 1241 4377 πρὸς
1265 4306 1357 4359 τὸν
1403 4306 1651 4374 Ἰωάννην

1849 4298 2054 4354 mundo
2094 4308 2314 4369 repente
2343 4298 2514 4354 fuisse
2547 4310 2902 4371 conspectum
2936 4321 2952 4357 :
2981 4302 3163 4374 itaque
3193 4319 3328 4360 con-

73 4399 267 4467 ήκέναι
296 4415 309 4427 ·
345 4397 418 4461 ὡς
448 4396 722 4468 ὑπεδλήθη
759 4396 863 4449 ὑπὸ
891 4395 1188 4467 Κηρίνθου,
1237 4395 1330 4448 καὶ
1380 4395 1650 4459 Ἐϐίωνος,

1821 4390 2012 4446 ιηίοιιάἱ
2062 4391 2287 4447 Joannis
2319 4393 2493 4463 gratia
2550 4392 2617 4446 ad
2674 4391 2968 4452 Iordanem
3003 4398 3326 4463 accessisse,

75 4491 167 4542 καὶ
189 4489 305 4542 τῶν
339 4488 530 4542 ἀλλων.
563 4488 743 4550 Δεινὸς
773 4487 881 4560 γὰρ
911 4487 1034 4557 ὄφις
1065 4486 1346 4558 σκαληνῶς
1365 4486 1651 4540 διαϐαίνων

1821 4499 1880 4538 Ia:
1910 4483 2015 4537 fuit
2069 4482 2340 4546 Cerinthi,
2400 4481 2650 4548 Ebionis,
2725 4493 2778 4540 et
2835 4486 3069 4539 aliorum
3119 4488 3325 4558 opinio.

75 4585 131 4636 ἐν
165 4584 269 4654 μιᾷ
305 4582 497 4655 γνώμη
528 4583 624 4652 οὐχ
671 4581 884 4635 ἵσταται
908 4597 921 4611 ⁸
958 4580 1094 4634 ἀλλά
1130 4582 1239 4644 τοῖς
1280 4580 1379 4649 μὲν
1409 4582 1556 4633 δοκεῖ
1597 4582 1651 4635 ὲκ

1825 4574 2047 4639 quidem
2075 4573 2308 4628 callidus
2346 4573 2436 4629 ille
2459 4589 2686 4645 serpens
2711 4575 2949 4648 obliquis
2975 4578 3199 4634 ﬂexibus
3229 4581 3332 4634 ad-

77 4675 430 4748 παρατριᾶῆς
463 4676 557 4727 καὶ
607 4673 918 4744 σπέρματος
947 4673 1140 4744 ἀνδρὸς
1171 4671 1515 4743 γεγενῆσθαι,
1547 4675 1651 4737 τοῖς

1821 4682 1976 4737 pens,
2042 4665 2179 4720 nihil
2221 4680 2390 4719 unum
2420 4680 2485 4722 ac
2518 4675 2782 4724 constans
2809 4669 3030 4723 asserit.
3071 4668 3178 4726 Sed
3205 4673 3330 4730 aliis

72 4767 117 4821 δ’
156 4768 344 4832 ἄλλοις
376 4767 561 4830 ἁπλῶς
603 4767 887 4837 ἄνθρωπος
932 4766 1249 4836 πεφηνέναι.
1291 4765 1382 4818 Διὸ
1426 4765 1566 4820 κατά
1601 4767 1651 4818 τί

1821 4765 1936 4814 acet
1955 4773 2022 4812 ex
2056 4757 2347 4829 utriusque
2397 4757 2782 4828 conjunctione
2837 4776 3024 4828 sexus,
3073 4776 3136 4816 ac
3180 4763 3329 4818 virili

74 4858 272 4912 λεπτὸν
305 4857 372 4911 τά
405 4857 580 4911 πάντα
612 4855 956 4928 διηγούμενοι
1001 4857 1049 4908 οἱ
1094 4855 1236 4924 ἅγιοι
1269 4856 1651 4925 εύαγγελισταὶ

1825 4851 1970 4905 mine
1993 4849 2272 4906 Christum
2314 4864 2438 4906 esse
2464 4861 2830 4920 procreatum.
2874 4853 2979 4906 Alii
3011 4855 3335 4924 simpliciter

75 4947 516 5022 ἀκριϐολογοῦσι.
563 4946 672 4999 Καὶ
705 4946 924 5016 φύσευὸ
966 4948 1180 5010 Λουκᾶς
1223 4945 1298 5010 ὡς
1328 4947 1435 5000 ἀπὸ
1475 4947 1651 5000 κάτω-

1821 4942 2038 4996 ιιιιίιιειιι
2072 4940 2396 5013 apparuisse
2423 4948 2696 4997 statuunt.
2727 4945 2857 5010 Quae
2883 4961 3052 5001 causa
3099 4949 3202 5003 fuit
3233 4966 3335 5006 cur

73 5041 165 5096 θεν
193 5044 294 5096 ἐπὶ
316 5041 386 5094 τά
416 5041 527 5095 ἄνευ
555 5039 840 5109 ἀναφέρων
867 5038 967 5110 τὴν
995 5037 1230 5092 διάνοιαν
1256 5036 1453 5092 φάσκει
1476 5051 1490 5066 ⁸
1535 5032 1651 5091 Ἦν

1821 5034 2042 5090 ιὶιῑίιίιετ
2098 5042 2468 5106 accurateque
2520 5034 2704 5090 omnia
2753 5039 2931 5092 sancti
2985 5041 3337 5113 evangelista:

142 5200 161 5233 ³
192 5197 390 5252 Matth.
413 5213 471 5262 ιι,
501 5196 554 5264 9,
581 5196 669 5250 Η.

77 5356 345 5425 geliorum
375 5353 676 5425 interpres;
711 5365 810 5406 nec
840 5348 962 5425 ideo
977 5355 1157 5425 tamen
1185 5349 1392 5425 tantum
1410 5358 1648 5425 comme-

77 5417 204 5490 ruit,
243 5435 306 5480 ut
354 5439 386 5478 a
437 5417 760 5495 Casaubono
792 5428 900 5495 tam
947 5417 1302 5495 inclementer
1348 5417 1648 5495 achutile

78 5486 388 5557 notaretur,
414 5503 466 5548 et
497 5491 978 5551 virulentissimus,
1003 5503 1067 5542 ac
1093 5486 1647 5557 maledicentissimus

77 5553 713 5642 scriptor‘a—ppellaretnr
762 5561 818 5642 in
860 5560 1168 5642 illoﬁopere,
1195 5553 1646 5642 quodipsumex
1745 5558 2054 5642 παχήηγυριν
2088 5559 2386 5642 appellare.

81 5626 692 5705 vim-lentiscalumniis
723 5642 772 5686 et
797 5626 1075 5705 haareticis
1129 5626 1481 5705 opinionibus
1512 5641 1646 5683 con-

1821 5626 1928 5705 {29)
1968 5626 2052 5694 Τῷ
2225 5632 2558 5698 τριακοστῷ
2582 5634 2771 5702 τρίτῳ.
2802 5631 2875 5689 De
2909 5633 2996 5688 his
3023 5632 3336 5688 accuratius

80 5714 289 5763 textum
318 5706 582 5760 adversus
614 5703 952 5756 Baronianos
977 5695 1207 5754 Annales
1231 5695 1440 5754 eﬂudit.
1745 5695 1908 5770 paulo
1940 5706 2066 5770 post
2091 5695 2344 5772 agemus.

410 5796 683 5854 ΡΑτιιοι..
731 5792 850 5853 Gn.
897 5789 1063 5851 XLI.
1509 5879 1513 5886 ἢ
1613 5836 1616 5840 .

2929 5791 3009 5853 29

1818 5341 1931 5412 (‘28)
1961 5345 2053 5420 Ὡς
2070 5345 2156 5412 εἰς
2173 5345 2287 5420 τὴν
2304 5361 2644 5420 mann-va
2659 5352 2904 5420 ταύτην.
2926 5351 3098 5417 Quam
3119 5350 3338 5406 tandem

1744 5413 1835 5489 hic
1871 5419 2180 5488 πανήγυριν
2213 5413 2489 5489 intelligat
2515 5413 2717 5476 nescio.
2753 5413 2984 5477 Videtur
3009 5423 3113 5476 loci
3162 5422 3336 5484 illius,

1744 5485 1800 5539 in
1829 5499 1937 5552 quo
1962 5485 2126 5542 natus
2149 5495 2266 5542 erat
2326 5485 2609 5555 Dominus,
2645 5493 2972 5548 celebratam
3015 5491 3340 5547 memoriam
