3750 6200
23 224 145 283 ῖῧῦ

21 339 126 393 τοῦ
155 340 407 414 κηρύξαι
428 338 489 394 τὸ
509 336 859 406 Εὐαγγέλιονο
885 338 979 391 καὶ
1002 338 1261 410 κηρύττει
1293 339 1509 412 πρῶτον
1527 338 1637 408 (33)
1668 338 1714 397 Α

31 451 74 483 ν
111 433 438 505 Δαλματίᾳ,
470 432 563 486 καὶ
590 428 812 500 Γαλλίᾳ,
843 430 939 483 καὶ
970 430 1028 485 ἐν
1067 431 1287 503 Ἰταλίᾳ,
1326 432 1421 486 καὶ⁴
1454 432 1641 485 Μακε-

19 526 216 597 iovis}.
268 525 435 597 Ἀρχὴ
465 525 521 577 δὲ
546 526 603 579 ἐν
633 524 698 592 τῇ
729 520 949 592 Γαλλίᾳ·
987 522 1064 585 ὼς
1092 521 1187 574 καὶ
1206 521 1333 593 περί
1355 537 1514 575 τινων
1532 518 1641 573 τῶν

19 616 215 671 ιύτοῦ
251 617 561 686 ἀκολούθων
600 617 747 687 λέγει
778 617 835 670 ἐν
872 617 992 678 ταῖς
1029 611 1194 667 αὑτοῦ
1242 612 1580 675 Ἐπιστολαῖς
1614 613 1643 665 ὁ

19 708 214 772 ιύτδς
248 708 480 774 Παῦλος·
513 709 804 779 Κρίσκης,
836 706 1024 777 φησὶν,
1054 706 1124 759 ἐν·
1153 703 1228 774 τῇ
1252 703 1637 773 mxumae).

18 798 104 850 )0
153 798 277 873 γὰρ
311 802 367 853 ὲν
395 802 461 870 τῇ
494 798 753 871 Γαλατίᾳ,
791 797 866 862 ὥς
904 813 1053 860 τινες
1092 794 1458 867 πλανηθέντες
1488 792 1643 865 νομί-

17 890 264 957 ζουσιν,
286 893 422 946 ἀλλά
455 894 512 947 ὲν
538 895 607 964 τῇ
642 891 862 963 Γαλλίᾳ.

107 983 230 1038 ΙΒ’.
264 983 410 1054 Πλὴν
445 984 539 1036 ἐπὶ
565 982 626 1036 τὸ
660 980 1021 1053 προκείμενον
1049 979 1361 1049 ἐλεύσομαι.
1400 976 1643 1046 Ἀνενέγ-

15 1095 258 1142 καντος
282 1077 389 1148 γὰρ
412 1074 505 1129 τοῦ
530 1075 716 1128 Λουκᾶ
736 1073 835 1137 τὰς
852 1072 1205 1142 γενεαλογίας
1230 1071 1339 1124 ἀπὸ
1362 1069 1471 1123 τῶν
1496 1069 1643 1123 κάτω

15 1169 140 1221 ἐπὶ
173 1168 252 1221 τά
281 1167 413 1232 ἀνω,
446 1166 540 1220 καὶ
574 1164 881 1235 φθάσαντος
916 1163 1015 1229 τὴν
1048 1161 1285 1234 ἔμφασιν
1318 1159 1642 1233 ποιήσασθαι

14 1260 142 1331 τῆς
180 1259 395 1314 ἄνωθεν
420 1258 515 1312 τοῦ
538 1257 674 1311 Θεοῦ
704 1256 877 1325 Λόγου
902 1255 1227 1327 παρουσίας,
1257 1252 1394 1323 ὁμοῦ
1425 1270 1482 1307 τε
1513 1269 1641 1306 συν-

13 1347 323 1417 αφθέντος
352 1348 420 1418 τῇ
459 1346 710 1417 ἐνσάρκῳ
747 1343 912 1399 αὑτοῦ
941 1342 1243 1415 οἰκονομίᾳ.
1285 1343 1374 1396 ἵνα
1410 1341 1644 1412 ἀποτρέ-

13 1440 220 1511 ῲηται
267 1438 376 1494 ἀπὸ
406 1437 515 1492 τῶν
548 1435 981 1508 πεπλανημένων
1018 1435 1119 1507 τὴν
1155 1434 1386 1503 πλάνην,
1419 1435 1519 1487 οὐκ
1559 1434 1645 1486 ἐν-

11 1529 307 1601 ενόησαν.
334 1527 427 1582 Διὸ
454 1527 679 1600 ὕστερον
708 1526 1011 1596 ἀναγκάζει
1039 1526 1102 1581 τὸ
1128 1527 1282 1595 ἅγιον
1304 1525 1529 1596 Πνεῦμα
1550 1526 1642 1579 τὸν

24 1621 323 1691 Ἰωάννην
367 1618 805 1691 παραιτούμενον
855 1617 1314 1687 εὐαγγελίσασθαι
1359 1617 1425 1670 δι’
1479 1615 1639 1669 εὐλά-

12 1712 204 1766 ϐειαν
248 1713 342 1766 καὶ
384 1710 885 1783 ταπεινοφροσύνην
928 1710 1022 1763 ἐπὶ
1062 1711 1128 1780 τῇ
1182 1707 1429 1779 γηραλέᾳ
1476 1706 1642 1761 αὐτοῦ
1676 1693 1719 1752 Β

15 1803 264 1876 ἡλικίᾳ,
299 1802 439 1876 μετά
460 1802 556 1874 ἔτη
590 1803 916 1874 ἐνενήκοντα
943 1802 1042 1873 τῆς
1066 1798 1261 1853 ἐαυτοῦ
1298 1799 1465 1869 ζωῆς,
1505 1798 1642 1869 μετά

12 1897 146 1968 τὴν
189 1895 362 1951 αὑτοῦ
405 1896 513 1950 ἀπὸ
544 1898 643 1967 τῆς
682 1896 904 1966 Πάτμου
933 1894 1047 1965 (55)
1094 1891 1370 1956 ἐπάνοδον,
1419 1890 1517 1961 τὴν
1551 1889 1645 1941 ἐπὶ

18 1988 327 2043 Κλαυδίου
360 1987 658 2059 γενομένην
693 1986 990 2058 Καίσαρος.
1026 1985 1136 2039 Καὶ
1178 1982 1315 2055 μετά
1348 1983 1509 2036 ἰκανά
1548 1980 1643 2052 ἐτη

17 2078 141 2132 τοῦ
172 2078 457 2149 διατρίψαι
491 2077 654 2131 αὑτὸν
683 2075 791 2130 ἀπὸ
816 2075 913 2146 τῆς
956 2073 1139 2137 Ἀσίας
1160 2072 1527 2140 ἀναγκάζεται
1549 2072 1642 2124 ἐκ-

20 2170 249 2225 Θὲσθαι
286 2169 348 2223 τὸ
380 2168 733 2237 Εῦαγγέλιον,
771 2167 883 2219 Καὶ.
913 2165 1013 2219 οὐκ
1040 2161 1109 2236 ἦν
1142 2163 1293 2235 αὑτῷ
1326 2164 1486 2236 χρεία
1516 2163 1645 2234 περὶ

24 2263 152 2333 τῆς
207 2262 477 2333 ἐνσάρκου
523 2259 905 2331 πραγματείας
956 2256 1319 2326 λεπτολογεῖνο
1376 2256 1477 2329 ἤδη
1534 2256 1644 2327 γὰρ

28 2354 382 2425 ἡσφάλιστο.
425 2352 586 2408 Ἀλλά
610 2352 687 2416 ὼς
712 2351 941 2405 κατόπιν
960 2350 1123 2404 τινῶν
1148 2350 1367 2420 βαίνων,
1391 2349 1483 2402 καὶ
1502 2347 1644 2420 ὁρῶν

26 2448 257 2511 αὐτοὺς
296 2447 388 2500 ἐπὶ
425 2446 493 2500 τὰ
537 2445 845 2517 ἔμπροσθεν
880 2445 1059 2509 ὄντας,
1103 2442 1197 2497 καὶ
1224 2442 1319 2496 ἐπὶ
1348 2442 1415 2496 τὰ
1440 2440 1646 2514 τραχύ-

30 2556 193 2612 τερα
227 2538 454 2604 ἑαυτοὺς
478 2538 844 2602 ἐκδεδωκότας
904 2537 999 2591 καὶ
1028 2536 1237 2600 πλάνας
1270 2535 1362 2590 καὶ
1399 2533 1646 2590 ἀκανθώ-

29 2629 142 2700 δη,
179 2629 620 2683 ἀνακαλέσασθαι
650 2629 849 2693 αὐτοὺς
873 2629 951 2691 είς
980 2626 1193 2680 εὐθεῖαν
1218 2627 1335 2680 ὁδὸν
1358 2626 1647 2697 προνοοῦν-

28 2739 169 2789 τος,
220 2722 314 2776 καὶ
359 2720 794 2792 ἀσφαλιζομένου
852 2719 1388 2792 ἐπικηρυκεύσασθαι
1439 2720 1642 2783 αὐτοῖς’

34 2812 151 2866 καὶ
184 2807 329 2867 εἴη·
361 2813 427 2866 Τί
458 2811 764 2877 πλανᾶσθε;
789 2811 1195 2884 ποῖτρέπεσθες
1225 2813 1318 2865 ποῖ
1347 2809 1644 2875 πλανᾶσθε,

36 2905 325 2978 Κήρινθε,
353 2906 448 2960 καὶ
488 2904 701 2971 Ἐϐίων,
726 2906 821 2959 καὶ
847 2906 897 2959 oi
930 2904 1109 2969 ἄλλοις
1139 2905 1253 2957 Οὐκ
1282 2903 1428 2957 ἔστιν
1452 2901 1644 2966 οὕτως,

38 2998 136 3061 ὡς
173 2998 443 3069 νομίζετε.
484 2998 594 3050 Ναὶ
633 2997 896 3069 ἐγεννήθη
926 2998 955 3050 ό
990 2997 1224 3071 Χριστὸς
1264 2996 1404 3051 κατὰ
1444 2994 1645 3068 σάρκα,

36 3092 241 3163 δῆλον.
283 3091 414 3144 Ἰδοὺ
442 3090 552 3161 γὰρ
579 3088 742 3152 αὐτὸς
770 3088 1041 3159 ὁμολογῶ,
1071 3090 1154 3143 ὅτι
1196 3088 1250 3141 Ὁ
1271 3088 1463 3158 Λόγος
1492 3086 1649 3157 σὰρξ

36 3182 318 3254 ἐγένετο.
362 3181 522 3237 Ἀλλά
548 3180 643 3253 μὴ,
669 3181 819 3246 ἐξότε
842 3182 1062 3251 ἐγένετο
1088 3181 1247 3254 σὰρξ,
1276 3182 1536 3253 νομίσητε
1559 3181 1651 3236 τὸν

43 3274 225 3329 αὐτὸν
251 3269 412 3329 εἶναι.
440 3275 554 3329 Οὐκ
575 3273 691 3327 ἐστι
719 3273 829 3345 γὰρ
857 3273 967 3327 ἀπὸ
988 3274 1197 3344 χρόνων
1221 3273 1441 3346 Μαρίας
1466 3273 1650 3343 μόνον,

46 3369 140 3430 ὡς
163 3368 394 3431 ἕκαστος
424 3366 583 3437 ἡμῶν
610 3366 705 3435 ἀφ’
725 3366 849 3419 ὅτου
878 3366 1132 3435 γεννᾶται
1157 3365 1413 3437 ὑπάρχει·
1441 3365 1572 3437 πρὶν
1592 3364 1653 3417 δέ

45 3458 156 3514 τοῦ
180 3458 528 3531 γεννηθῆναι,
556 3458 658 3511 οὐκ
686 3452 849 3511 εῐναι.

742 219 1060 279 ADVERSU
1073 222 1110 278 S
1149 222 1495 279 IIERESE‘S
1532 221 1641 277 LIB

1822 220 1976 275 ΙῸΜ.
2017 221 2035 275 1
2076 252 2147 263 -
2186 220 2459 275 ιιτειιιῑε.
2503 219 2587 277 LI.

3229 219 3339 279 910

1744 335 1839 388 vit.
1904 333 2042 389 lIurc
2088 334 2252 405 igitur
2297 333 2630 403 praedicandi
2685 334 2963 409 Evangelii
3007 352 3208 394 munus
3252 340 3337 394 est

1746 427 2045 495 creditum;
2082 427 2246 497 idque
2271 426 2388 497 ipse
2431 426 2667 496 primum
2720 429 2775 482 in
2808 428 3098 496 Dalmatia,
3139 429 3337 496 Gallia,

1744 517 1897 573 Italia
1939 530 1993 574 et
2042 517 2358 573 Macedonia
2408 518 2703 588 przestitit;
2755 518 2851 574 sed
2905 520 2959 576 in
3004 522 3182 577 Gallia
3228 538 3340 593 pra:

1744 612 1997 678 caeteris;
2032 618 2091 665 ut
2124 611 2192 667 de
2232 610 2512 665 nonnullis
2558 611 2855 667 comitibus
2894 613 3011 668 suis
3052 613 3255 669 Paulus
3282 616 3337 671 in

1744 702 2005 774 Epistolis
2063 710 2341 758 testatur:
2385 702 2674 766 Crescens,
2728 704 2937 774 inquit,
2984 707 3038 759 in
3089 706 3337 762 Gallia‘.

1741 794 1862 850 Non
1896 796 2039 850 enim
2076 795 2129 849 in
2164 793 2374 849 Galatia
2406 795 2692 865 legendum
2734 791 2852 863 est,
2900 806 2963 853 ut
3010 798 3340 869 quibusdam

1744 887 2024 942 immerito
2061 888 2286 958 placuit,
2324 886 2417 942 sed
2451 887 2507 940 in
2542 884 2739 941 Gallia.

1815 980 1930 1036 XII.
1964 980 2073 1035 Sed
2117 988 2178 1035 ut
2226 980 2292 1035 ad
2334 980 2644 1036 institutum
2681 981 2902 1037 redeam
2935 1000 2948 1035 :
2984 998 3110 1037 cum
3164 982 3341 1038 Lucas

1744 1070 1814 1126 ab
1862 1068 2221 1126 inferioribus
2270 1071 2336 1125 ad
2393 1073 2680 1141 superiora
2727 1074 3108 1143 generationes
3150 1075 3343 1145 perdu.

1743 1164 1937 1226 xisset,
1987 1176 2053 1217 ac
2097 1163 2341 1217 divinum
2376 1162 2615 1218 Verbum
2649 1179 2679 1218 e
2713 1164 2853 1219 emlo
2891 1165 3175 1235 delapsum
3217 1181 3342 1222 esse

1744 1253 2148 1326 signiﬁcasset;
2199 1255 2476 1325 simulque
2521 1267 2789 1325 suscepta:
2825 1257 3009 1311 carnis
3050 1256 3120 1312 ab
3147 1258 3340 1313 eodem

1742 1346 2064 1418 mysterium
2108 1347 2408 1417 attigisset,
2441 1356 2499 1401 ut
2534 1362 2713 1402 caecos
2755 1347 3005 1403 homines
3045 1348 3114 1403 ab
3155 1364 3343 1405 errore

1743 1446 2044 1505 revocaret,
2080 1438 2186 1494 hoc
2228 1438 2305 1492 illi
2350 1444 2535 1493 tamen
2577 1437 2794 1508 assequi
2844 1439 3226 1507 nequiverunt.
3257 1438 3341 1496 οι)

1750 1529 1806 1584 id
1840 1529 2039 1586 deinde
2074 1528 2314 1601 Spiritus
2344 1536 2569 1586 sanctus
2592 1527 2886 1595 Joannem,
2915 1530 3146 1586 invitum
3181 1533 3337 1600 licet,

1743 1635 1808 1675 ac
1848 1620 2109 1692 religione
2139 1620 2377 1691 quadam
2433 1628 2489 1675 et
2543 1620 2712 1674 animi
2766 1621 3140 1678 moderatione
3192 1624 3341 1679 defu-

1747 1712 2006 1783 gientem,
2039 1712 2105 1767 ad
2139 1713 2492 1769 scribendum
2524 1711 2879 1783 Evangelium
2911 1716 3145 1784 impulit,
3176 1715 3344 1790 434

1748 1804 1941 1859 atl'ecta
1980 1806 2093 1876 jam
2140 1812 2321 1872 aetate,
2376 1811 2564 1875 utpote
2615 1804 2733 1885 qui‘
2759 1804 2872 1875 jam
2924 1809 3341 1878 nonagesimum
3380 1825 3397 1835 “

1746 1908 1949 1947 annum
2001 1893 2321 1958 excederet,
2375 1888 2665 1963 postquam
2704 1907 2735 1947 a
2791 1892 2981 1949 Patmo
3030 1896 3209 1950 insula
3263 1912 3342 1951 re-

1750 2000 1937 2041 versus
1966 1992 2071 2051 est,
2120 1985 2266 2055 quod
2294 1985 2514 2055 quidem
2552 1983 2779 2038 Claudio
2830 1985 3132 2055 imperante
3170 1988 3344 2042 conti-

1744 2078 1842 2149 git.
1874 2076 2241 2144 Quamobrem
2275 2093 2399 2134 eum
2442 2077 2643 2131 multos
2675 2076 2789 2147 jam
2830 2092 3006 2135 annos
3047 2082 3342 2137 mansisset

1745 2169 1800 2223 in
1832 2169 1984 2233 Asia,
2022 2168 2373 2240 Evangelium
2415 2169 2658 2226 scribere
2697 2178 2925 2225 coaetus
2967 2178 3071 2226 est.
3124 2172 3183 2227 In
3232 2189 3341 2243 quo

1744 2260 1882 2315 nihil
1916 2274 2057 2330 opus
2092 2260 2282 2316 habuit
2333 2262 2648 2318 accuratius
2694 2277 2758 2318 ea
2804 2263 3067 2321 mandare
3119 2264 3340 2329 litteris,

1746 2368 1865 2423 qua:
1900 2352 2176 2417 Christus,
2208 2362 2480 2423 quatenus
2522 2369 2691 2411 carne
2734 2365 2857 2411 erat
2917 2355 3202 2426 praeditus,
3229 2357 3343 2412 edi-

1745 2444 1935 2499 disset.
1979 2441 2104 2499 Haec
2149 2444 2295 2498 enim
2341 2445 2582 2500 stabilita
2616 2446 2729 2516 jam
2773 2461 2845 2501 ac
2884 2448 3182 2502 constituta
3232 2448 3341 2503 fue-

1746 2542 1891 2589 rant.
1930 2533 2038 2589 Sed
2066 2534 2290 2605 perinde
2314 2536 2445 2606 egit,
2478 2552 2543 2592 ac
2580 2537 2625 2593 si
2672 2546 2795 2608 post
2839 2537 2976 2593 alios
3015 2538 3340 2605 ambularet,

1745 2641 1886 2698 quos
1914 2637 1969 2683 et
1997 2628 2380 2685 antecedentes
2408 2638 2680 2695 cerneret,
2712 2640 2767 2686 et
2795 2645 2893 2701 per
2920 2631 3247 2703 confragosa
3277 2646 3340 2685 ac

1747 2721 1921 2790 spinis
1954 2720 2135 2777 obsita
2165 2721 2305 2787 loca,
2341 2729 2395 2777 et
2421 2722 2743 2778 diverticula
2771 2722 3082 2793 gradientes
3116 2725 3172 2779 in
3198 2724 3340 2778 viam

1748 2829 2007 2870 revocare
2063 2824 2306 2885 cuperet,
2347 2823 2402 2871 et
2448 2817 2502 2870 in
2550 2823 2727 2870 tutum
2768 2816 3052 2881 reducere,
3106 2817 3182 2871 ita
3233 2816 3340 2871 illis

1747 2905 2082 2960 denuntians
2137 2913 2190 2961 et
2243 2906 2601 2962 exclamans:
2633 2906 2776 2973 Quid
2816 2908 3049 2963 erratis?
3089 2922 3200 2978 quo
3244 2923 3341 2962 vos

1752 2995 2116 3052 eonvertitis‘!
2152 3012 2292 3067 quos
2342 2996 2626 3053 anfractus
2657 2998 2924 3069 qumritis,
2969 3006 3027 3053 tu
3063 2998 3340 3064 Cerinthe,

1755 3096 1811 3144 tu
1846 3088 2070 3155 Marcio,
2105 3105 2313 3160 vosque
2346 3091 2562 3146 caeteri?
2600 3089 2721 3147 Non
2753 3092 2827 3146 ita
2860 3106 2920 3148 se
2950 3107 3039 3149 res
3073 3093 3255 3157 habet,
3284 3100 3338 3147 ut

1752 3181 1999 3237 creditis.
2027 3180 2282 3236 Christus
2316 3180 2535 3252 quidem
2584 3184 2885 3239 secundum
2917 3200 3139 3241 carnem
3180 3192 3339 3241 natus

1752 3280 1858 3333 est.
1890 3288 2066 3343 neque
2100 3274 2204 3328 hoc
2237 3273 2533 3331 obscurum
2572 3284 2677 3332 est.
2714 3274 2869 3333 Ultro
2904 3278 2956 3333 id
2986 3293 3088 3350 ego
3127 3276 3338 3333 fateor:

1766 3362 2013 3429 Verbum,
2059 3363 2305 3435 inquam,
2337 3381 2467 3420 caro
2518 3366 2717 3435 factum
2760 3376 2838 3421 est
2868 3368 2909 3421 '.
2942 3366 3142 3423 Verum
3177 3383 3247 3423 ne
3276 3368 3339 3422 αι·

1754 3469 1823 3511 εο
1850 3456 2029 3512 solum
2057 3462 2305 3527 tempore
2352 3472 2462 3527 quo
2513 3472 2645 3514 caro
2696 3458 2897 3515 factum
2938 3450 3046 3527 est,
3092 3461 3338 3518 eumderrI

48 3552 237 3607 fuisse
294 3556 559 3623 putatote.
617 3548 804 3621 Neque
860 3548 1005 3605 enim
1068 3563 1099 3603 a
1163 3546 1346 3603 Mariae
1398 3556 1643 3620 tempore
1677 3548 1943 3603 duntaxat
1997 3548 2248 3617 exstitit;
2312 3550 2770 3621 quemadmodum
2835 3550 3064 3623 quilibet
3094 3558 3338 3609 nostrum

48 3652 176 3699 tum
209 3659 332 3699 cum
365 3652 528 3700 natus
553 3651 660 3709 est,
690 3658 813 3700 esse
854 3642 1057 3713 erepit;
1100 3658 1202 3697 nec
1237 3649 1529 3713 antequam
1557 3649 1877 3698 nasceretur
1908 3640 2020 3696 ullo
2052 3642 2217 3698 modo
2254 3642 2376 3698 fuit.

144 3742 205 3794 '0
248 3741 302 3794 δέ
341 3740 497 3809 ἆγιος
525 3740 655 3804 Θεὸς
699 3739 893 3809 Λόγος,
922 3739 1053 3801 Υἱὸς
1081 3737 1174 3791 τοῦ
1215 3737 1374 3806 Θεοῦ,
1415 3738 1652 3810 Χριστὸς

52 3829 269 3902 Κύριος
297 3829 456 3902 ἡμῶν
494 3828 722 3901 Ἰησοῦς,
757 3830 858 3882 οὐκ
890 3827 1038 3881 ἐστιν
1068 3827 1177 3882 ἀπὸ
1197 3827 1405 3899 χρόνων
1432 3829 1653 3897 Μαρίας

56 3924 227 3996 μόνον
302 3922 426 3976 οὔτε
474 3922 583 3977 ἀπὸ
615 3922 822 3995 χρόνων
881 3922 1079 3993 Ἰωσὴφ
1114 3920 1294 3991 μόνον,
1342 3920 1465 3974 οὗτε
1512 3919 1651 3985 Ἠλὶ,

56 4014 189 4070 οὔτε
225 4013 375 4081 Λευῒ,
405 4012 529 4068 οὔτε
555 4012 881 4086 Ζοροϐάϐελ,
913 4012 1035 4067 οὔτε
1067 4010 1357 4084 Σαλαθιὴλ,
1392 4010 1515 4065 οὔτε
1540 4011 1653 4067 Νά-

138 4171 156 4202 ¹
186 4168 229 4221 ιι
257 4168 399 4223 Tim.
432 4184 507 4235 Iv,
547 4168 633 4222 10.
707 4170 728 4200 ¹
758 4166 915 4222 Joan.
952 4184 989 4232 ι,
1022 4168 1108 4222 14.

57 4324 269 4397 εἰδὼς,
301 4327 395 4381 καὶ
448 4324 951 4397 παρηκολουθηκὼς
988 4324 1160 4397 ἅπασι
1210 4323 1524 4397 κατηγορῶν.
1558 4322 1650 4379 Sic

59 4398 233 4469 igitur
260 4396 437 4453 Lucas
468 4396 674 4469 ἀνωθεν
715 4396 1255 4469 παρηκολουθηκέναι
1288 4398 1454 4450 πᾶσιν
1493 4396 1653 4467 ἀκρι-

105 4468 181 4532 ὦς
228 4470 452 4535 dicitur,
509 4468 613 4522 hoc
661 4476 745 4523 est
780 4468 1081 4537 comperta,
1125 4469 1538 4536 explorataque,
1585 4480 1651 4519 ac

66 4546 314 4609 spectata
346 4540 511 4595 etiam
551 4539 831 4594 habuisse.
872 4538 952 4592 Ac
980 4538 1155 4593 videri
1190 4544 1392 4608 potest,
1428 4545 1483 4592 et
1514 4550 1652 4591 non-

66 4610 219 4664 nulla
247 4610 335 4664 hic
369 4609 661 4665 antithesis
706 4625 850 4673 esse,
884 4615 944 4662 ut
987 4624 1113 4663 eum
1146 4609 1429 4673 superiore
1483 4622 1650 4661 versu

64 4682 267 4762 dixerit
292 4697 307 4733 ς
335 4679 788 4762 Quandoquidem
828 4679 991 4762 multi
1016 4694 1108 4735 res
1136 4693 1165 4731 a
1192 4678 1413 4762 Christo
1444 4684 1650 4762 .gestas

63 4752 309 4806 scribere
360 4748 604 4822 aggressi
662 4758 813 4814 sunt,
860 4748 1070 4822 103(qu
1087 4748 1393 4822 παρέδοσαν
1434 4751 1570 4822 ἡμῖν
1600 4748 1649 4799 οἱ

61 4823 157 4875 ἀπ’
186 4819 870 4946 (1911;;'s’tatitnsubiiciat
895 4819 1103 4901 ε”Εδοξε
1120 4819 1288 4891 κάμοὶ
1310 4819 1653 4892 παρηκολου-

61 4892 278 4946 θηκότι.
346 4907 411 4945 oc
450 4899 553 4946 est.
595 4894 689 4946 aui
744 4908 877 4946 non.
909 4898 969 4945 ut
999 4892 1098 4946 IIII.
1159 4893 1223 4943 ἐκ
1274 4890 1647 4946 παραδόσεως.

60 4890 411 4961 θηκόταᾘοε
450 4899 553 4955 est,
595 4894 689 4962 qui
721 4890 877 4957 non,
909 4898 969 4945 ut
999 4891 1098 4954 illi,
1159 4890 1223 4943 ἐκ
1274 4890 1647 4961 παραδόσεως,

63 4964 160 5017 sed
192 4979 258 5017 ex
291 4963 513 5034 propria
548 4962 599 5016 id
661 4962 893 5019 scientia
942 4962 1327 5034 compererim.
1375 4962 1649 5034 Cancrum

62 5029 541 5089 tametsi'adeum
572 5048 794 5089 sensum
842 5029 1243 5087 accommodari
1282 5031 1447 5086 Lucae
1481 5029 1650 5085 verba

64 5105 509 5174 nibilprohibet,
552 5120 661 5159 non
699 5103 907 5159 ideirco
942 5112 1122 5156 tamen
1161 5102 1369 5157 Christi
1389 5101 1649 5174 discipu-

63 5176 178 5229 lum
210 5170 381 5231 fuisse
406 5184 558 5230 certo
602 5176 959 5245 pronuntiare
990 5174 1189 5245 ausim,
1224 5187 1349 5245 eum
1387 5172 1515 5227 huic
1546 5170 1649 5245 ad:

62 5247 273 5301 versari
298 5248 583 5302 sententia:
606 5240 776 5316 longe
814 5246 998 5316 plures
1042 5243 1147 5316 PP.
1169 5244 1504 5316 intelligam.
1540 5240 1648 5316 Sed

64 5316 169 5371 ista
203 5317 653 5382 commemoravi,
688 5313 745 5369 ut
779 5313 846 5371 ne
885 5314 1049 5370 Luca:
1075 5315 1192 5385 ipsi
1228 5315 1294 5369 de
1327 5330 1389 5369 se
1422 5313 1648 5368 testanti

67 5386 332 5458 refragari
358 5388 649 5458 quisquam
680 5386 1045 5458 Epiphaniqu
1080 5384 1398 5458 arbitretur.

140 5453 251 5529 (53)
272 5453 390 5511 Kai'
409 5453 682 5528 κηρύττει
717 5453 971 5526 πρῶτον.
1004 5454 1213 5529 Lucam
1231 5456 1284 5509 in
1310 5453 1484 5511 Gallia
1501 5468 1649 5529 prae:-

67 5524 301 5596 dicasse,
336 5524 541 5593 nullus,
582 5528 728 5598 quod
758 5524 974 5587 sciam.
1005 5525 1264 5597 prodidit.
1290 5530 1467 5598 Atque
1500 5524 1645 5598 haud

68 5602 187 5656 seio
219 5615 285 5654 an
307 5600 537 5670 Calliam
572 5597 906 5669 Cisalpinam
940 5598 1228 5670 intelligat,
1268 5597 1551 5670 perquam
1591 5597 1644 5650 in

68 5670 407 5734 Dalmatiam,
435 5669 807 5741 Graeciamque
832 5669 1192 5725 contenderit.

1822 3739 1892 3792 At
1948 3748 2338 3795 sacrosanctus
2392 3737 2538 3795 Deus
2592 3736 2854 3806 Verbum,
2906 3753 2971 3793 ac
3021 3738 3116 3795 Dei
3149 3737 3339 3797 Filius.

1748 3828 2000 3886 Christus
2025 3827 2186 3886 Iesus
2214 3829 2479 3886 Dominus
2505 3837 2713 3897 noster,
2758 3846 2866 3887 non
2891 3846 2921 3885 a
2951 3830 3136 3887 Mariae
3165 3832 3343 3888 solum

1749 3928 1995 3992 tempore
2020 3936 2145 3976 esse
2174 3922 2362 3992 coepit,
2388 3937 2567 3992 neque
2589 3920 2814 3993 Joseph,
2842 3923 2926 3977 vel
2953 3922 3058 3987 Eli,
3082 3923 3166 3978 vel
3187 3921 3341 3989 Levi,

1750 4012 1835 4068 vel
1861 4010 2184 4081 Zorobabel,
2220 4013 2305 4069 vel
2331 4011 2611 4081 Salathiel,
2640 4013 2728 4070 vel
2759 4012 2997 4078 Nathan,
3025 4012 3111 4070 vel
3133 4010 3341 4081 David;

1830 4324 1943 4395 (54)
1974 4327 2262 4395 Κρίσκης,
2295 4324 2516 4394 φησὶν.
2568 4326 2639 4379 ἐν
2696 4323 2771 4393 τῇ
2808 4324 3063 4393 Γαλλίᾳ.
3107 4325 3224 4380 Imo
3264 4328 3343 4392 είς

1681 4362 1730 4424 θ
1756 4362 2375 4466 Γαλλίέιν.¹ἷναηι”ἶῖιι³ξ‹ἶ
2418 4366 2516 4460 εἰς’
2544 4362 2831 4449 Γαλατίὲιν.
2877 4362 3345 4466 ρυέἙεὶἽεῖιῖἶ

1754 4467 1999 4522 stissima
2055 4476 2111 4522 et
2154 4464 2465 4522 certissima
2537 4467 2720 4530 lectio,
2784 4465 3053 4535 quidquid
3114 4464 3344 4521 aﬂirmet

1754 4536 2111 4607 Epiphanius.
2171 4536 2351 4607 Quam;
2380 4543 2433 4590 et
2478 4537 2750 4607 Eusebius
2812 4538 2849 4589 Ι.
2892 4550 2952 4590 ιιι
3004 4535 3176 4607 Ηίειη
3213 4538 3340 4595 (λι.

1753 4605 2066 4678 βὶιιίγεοςιη
2104 4606 2449 4668 Ambrosius,
2493 4605 2895 4678 Theodoretus,
2952 4620 3016 4660 ac
3059 4605 3257 4678 Graeci,
3290 4618 3345 4660 et

1752 4676 1934 4732 Lati—ni
1998 4693 2200 4748 omnes
2243 4685 2572 4748 agnoscunt.
2604 4676 2930 4748 Quanquam
2975 4692 3085 4730 non
3118 4677 3341 4739 desunt,

1752 4748 1848 4818 qui
1867 4763 1979 4871 fer
2002 4745 2443 4871 Γαλατίανίιὲιιᾱ
2476 4747 2707 4801 Paulum
2746 4745 2976 4801 Calliam
3016 4747 3341 4817 intelligant,

1755 4827 1814 4871 ιιι
1899 4818 2267 4871 ‘heodoretus.
2375 4827 2680 4871 rescentem
2736 4832 2869 4871 vero
2943 4815 3245 4871 Galliarum
3291 4827 3341 4871 et

1755 4815 1814 4872 Iit
1867 4815 2267 4875 Theodoretus.
2327 4815 2680 4874 Crescentem
2736 4832 2869 4872 vero
2943 4815 3245 4871 Galliarum
3291 4827 3346 4873 et

1752 4887 1979 4961 Galatia:
2030 4890 2591 4961 pariter_apostolum
2635 4887 2828 4951 fuisse,
2866 4886 2983 4941 Αᾶο
3004 4888 3077 4961 jn
3109 4886 3336 4961 Martyr.

1752 4976 1786 5013 v
1822 4960 1942 5016 Kal.
1974 4956 2084 5016 Jul.
2144 4961 2198 5014 in
2231 4956 2490 5014 Chronico
2520 4966 2773 5021 testatur,
2805 4965 2865 5011 ut
2904 4965 2959 5012 et
3004 4956 3164 5013 Rom.
3200 4956 3345 5013 hlar-

1753 5038 1860 5099 tyr.
1886 5047 2109 5088 novum.
2144 5029 2315 5085 Vetus
2338 5031 2483 5085 enim
2518 5028 2745 5084 Galatiae
2773 5027 3043 5099 duntaxat
3062 5029 3340 5099 meminit.

1751 5096 1819 5156 Et
1847 5110 1998 5159 certe
2022 5101 2258 5157 dubitari
2280 5107 2481 5171 potest,
2510 5109 2693 5154 utrum
2724 5114 2837 5171 non
2858 5098 3022 5154 modo
3049 5096 3341 5171 Crescens.

1753 5172 1850 5226 sed
1902 5174 1987 5229 vel
2049 5172 2191 5228 alius
2237 5168 2528 5241 quisquam
2586 5186 2681 5241 per
2733 5170 2826 5225 illa
2858 5176 3108 5240 tempora
3145 5168 3344 5224 Galliis

1751 5241 2031 5312 Evangelii
2058 5245 2234 5297 lucem
2267 5242 2601 5312 importarit.

1821 5307 1931 5384 (.55I
1959 5313 2120 5369 Μετά
2140 5312 2257 5381 τὴν
2287 5307 2473 5384 αὗτοῦ
2657 5309 2767 5380 τῆς
2796 5311 3060 5384 Πάτμουἷ
3086 5307 3212 5384 N_9n_
3243 5308 3340 5384 igi-

1750 5378 1842 5438 tur
1890 5378 1947 5440 in
1997 5378 2211 5439 Patmo‘
2252 5378 2936 5454 scripsithEvangelium;
2968 5381 3064 5437 sed
3115 5378 3337 5454 Ephesi.

1749 5454 1938 5525 Neque
1977 5470 2107 5510 vero
2161 5454 2265 5509 sub
2319 5450 2571 5518 Claudio,
2616 5450 2713 5525 sed
2760 5453 2865 5509 sub
2892 5450 3070 5508 Nerva
3104 5450 3344 5525 Cocceio

1750 5528 1819 5579 ab
1848 5520 2048 5582 exsilio
2074 5540 2328 5581 reversus
2361 5532 2467 5587 est,
2497 5524 2750 5596 quamvis
2782 5525 2980 5581 iterum
3012 5527 3204 5596 postea
3236 5520 3343 5578 sub

1748 5597 1980 5654 Claudio
2021 5604 2337 5654 revocatum
2384 5595 2602 5652 asserit.
