3846 6350
437 262 532 318 9H
881 316 933 354 Α

1847 254 1904 314 S.
1955 255 2304 312 EPIPIIANII

3789 103 3797 194 ί

3667 249 3772 309 €13

437 391 612 447 neque
650 374 719 430 ab
744 372 935 438 Iacob,
969 381 1062 428 aut
1088 372 1261 438 Isaac,
1291 380 1383 427 aut
1417 373 1486 428 ab
1516 371 1708 428 Adami
1743 385 1807 426 ac
1838 370 2026 427 Noemi

2147 371 2255 439 iav,
2286 367 2410 424 οὗτε
2437 368 2620 435 Δαϐὶδ,
2657 366 2780 423 οὔτε
2808 369 2917 423 ἀπὸ
2962 370 3179 436 Ἰακὼϐ,
3208 369 3333 424 οὔτε
3367 370 3480 424 ἀπὸ
3533 371 3774 432 ’lmx,

435 470 840 539 Abrahamique
870 468 1208 538 temporibus
1235 485 1249 534 ;
1293 467 1385 523 sed
1412 483 1510 522 nec
1545 482 1575 520 a
1598 467 1687 522 die
1705 466 1914 536 quinta,
1942 466 2027 520 vel

435 579 652 635 quat-:3,
676 563 760 618 vel
791 562 971 622 tertia,
1001 561 1085 616 vel
1108 561 1344 615 secunda
1372 578 1387 625 ;
1412 561 1520 613 imo
1544 575 1610 614 ne
1628 575 1696 614 ex
1717 575 1782 615 eo
1807 559 2026 630 quidem

437 666 700 726 tempore,
735 670 846 724 quo
874 655 1070 708 omium
1096 668 1159 706 ac
1185 660 1334 706 terra
1360 651 1705 721 mundusque
1731 650 2028 706 fabricatus

437 759 522 805 est
556 767 569 804 :
604 748 698 802 sed
732 746 799 801 In
827 746 1086 816 principio
1118 753 1232 798 erat
1282 743 1531 808 Verbum,
1571 753 1619 797 et
1659 743 1878 797 Verbum
1916 751 2030 796 erat

439 838 580 909 apud
609 839 798 902 Deum,
837 845 887 890 et
916 835 1055 890 Deus
1083 843 1199 889 erat
1234 833 1479 887 Verbum.
1515 832 1707 887 Omnia
1747 846 1838 898 per
1860 831 2032 898 ipsum

441 933 587 1001 facta
613 939 755 991 sunt,
791 938 841 982 et
868 929 979 981 sine
998 929 1108 995 ipso
1133 925 1333 994 factum
1367 934 1444 980 est
1475 923 1627 987 nihil,
1659 922 1796 994 quod
1831 921 2032 991 factum

441 1035 541 1086 est,
571 1032 680 1078 etc.
705 1021 770 1075 Et
811 1020 1028 1074 Verbum
1053 1035 1178 1072 caro
1213 1018 1414 1087 factum
1455 1025 1553 1080 est,
1590 1025 1637 1070 et
1683 1015 1936 1068 habitavit
1979 1014 2032 1066 in

443 1115 616 1178 nobis,
658 1123 707 1168 et
749 1113 973 1167 vidimus
1027 1111 1182 1165 illud.
1222 1109 1460 1164 Deinde:
1515 1106 1640 1160 Fuit
1664 1106 1818 1162 homo
1839 1105 2032 1158 missus

445 1225 479 1260 a
519 1205 664 1272 Deo,
707 1205 792 1259 cui
817 1220 1002 1257 nomen
1031 1201 1422 1256 eratIoannes.
1470 1197 1573 1252 Hic
1615 1199 1749 1252 venit
1784 1199 1840 1251 in
1895 1199 2035 1251 testi-

445 1299 700 1360 monium,
754 1306 808 1349 ut
845 1296 1198 1349 testimonium
1247 1292 1532 1362 perhiberet
1589 1291 1654 1344 de
1708 1290 1925 1354 lumine,
1977 1300 2032 1342 ut

445 1409 623 1446 omnes
676 1393 940 1445 crederent
989 1384 1080 1457 per
1131 1387 1306 1442 illum.
1363 1385 1485 1439 Non
1531 1395 1646 1439 erat
1687 1384 1814 1449 lux,
1858 1383 1946 1438 sed
1975 1394 2032 1436 ut

448 1483 801 1539 testimonium
841 1479 1129 1548 perhiberet
1177 1478 1241 1532 de
1281 1478 1498 1531 lumine.
1557 1475 1691 1530 Erat
1733 1476 1826 1529 luas
1875 1492 2030 1536 vera,

446 1589 565 1643 quae
596 1572 866 1626 illuminat
914 1588 1118 1626 omnem
1152 1569 1414 1623 hominem
1463 1569 1748 1622 venientem
1788 1568 1844 1620 in
1899 1567 2034 1620 hunc

448 1665 724 1719 mundum.
783 1663 850 1717 In
912 1662 1106 1716 mundo
1167 1671 1304 1724 erat,
1348 1670 1397 1715 et
1455 1659 1684 1714 mundus
1723 1675 1813 1726 per
1862 1660 2032 1734 ipsum

2127 461 2254 516 οὔτε
2277 462 2386 517 ἀπὸ
2411 462 2620 532 χρόνων
2641 460 2735 515 τοῦ
2772 461 2969 532 Ἀδὰμ,
2991 461 3115 515 οὕτε
3134 463 3285 526 Νῶε,
3307 462 3437 516 οὔτε
3453 463 3570 516 ’ΔΘ
3579 461 3784 532 9:51;,

2129 555 2254 608 οὒτε
2287 555 2395 609 ἀπὸ
2429 556 2531 625 τῆς
2555 554 2816 625 πέμπτης
2841 555 3074 626 ἡμέρας,
3108 553 3232 608 οὔτε
3261 556 3370 609 ἀπὸ
3404 559 3508 624 τῆς
3550 555 3790 622 τετάρ-

2130 663 2230 716 της
2259 645 2493 717 ἡμέρας,
2521 643 2645 698 οὔτε
2674 644 2784 697 ἀπὸ
2814 645 2914 716 τῆς
2947 645 3157 716 τρίτης,
3192 644 3318 698 οὔτε
3349 646 3462 700 ἀπὸ
3489 645 3620 716 τῆς
3653 645 3792 695 δεικ-

2130 740 2316 812 τέρας,
2343 737 2467 792 οὔτε
2497 736 2683 802 ἐξότου
2714 736 2944 808 οὐρανὸς
2973 738 3066 790 καὶ
3091 740 3124 808 ἡ
3153 739 3225 808 γῆ
3256 739 3604 810 γεγένηται,
3646 737 3788 789 οὔτε

2133 832 2316 899 ὲξότου
2339 833 2368 884 ὁ
2396 830 2621 901 κόσμος⁹
2660 829 2795 882 ἀλλὰ
2831 831 2937 883 Ἐν
2965 827 3124 898 ἀρχῇ
3153 825 3233 899 ἦν
3263 833 3296 884 ό
3321 833 3548 900 Λόγος,
3592 831 3716 883 καὶ
3751 833 3786 880 ὁ

2135 925 2326 993 Λότος
2350 918 2429 992 ἦν
2454 923 2604 991 πρὸς
2638 921 2744 975 τὸν
2775 921 2947 986 Θεὸν,
2994 921 3094 974 καὶ
3131 922 3268 989 Θεὸς
3318 919 3399 994 ἦν
3447 927 3482 976 ό
3521 925 3788 991 Λόγος.

2136 1014 2340 1070 Πάντα
2361 1015 2434 1068 δι’
2457 1015 2647 1069 αὐτοῦ
2672 1015 2934 1084 ἐγένετο,
2964 1015 3060 1068 καὶ
3082 1014 3261 1085 χωρὶς
3283 1016 3479 1070 αὐτοῦ
3497 1016 3712 1087 ἑτέ-νε
3723 1034 3794 1068 το

2137 1107 2279 1163 οὐδὲ
2307 1107 2396 1176 ἓν,
2429 1107 2460 1161 ὃ
2491 1109 2724 1178 γέγονε,
2764 1109 2860 1161 καὶ
2885 1109 2955 1160 τὰ
2987 1107 3132 1180 ἑξῆς.
3158 1109 3267 1162 Kal
3299 1113 3332 1164 ό
3357 1113 3565 1180 Λόγος
3597 1110 3794 1178 σὰρξ

2137 1197 2398 1270 ἐγένετο,
2429 1201 2529 1255 καὶ
2558 1200 2916 1267 ἐσκήνωσεν
2935 1202 3004 1254 ἐν
3028 1200 3192 1271 ἡμῖν,
3235 1204 3336 1257 καὶ
3361 1203 3640 1273 εἴδομεν
3673 1207 3794 1258 αὺ-

2113 1295 2259 1347 -τόν,
2294 1290 2448 1348 Εἶτα·
2499 1292 2762 1363 Ἐγένετο
2795 1291 3106 1360 ἅνθρωπος
3134 1294 3626 1364 ἀπεσταλμένος
3661 1311 3790 1348 ετα-

2105 1385 2208 1455 ρὰ
2243 1386 2412 1447 Θεοῦ,
2445 1385 2632 1454 ὄνομα
2669 1385 2831 1452 αὐτῷ
2871 1387 3164 1452 Ἰωάννης.
3208 1381 3399 1454 Οὗτος
3431 1384 3653 1458 ἦλθεν
3686 1392 3788 1453 εἰς

2130 1476 2482 1545 μαρτυρίαν,
2519 1476 2619 1529 ἵνα
2664 1477 3024 1546 μαρτυρήσῃ
3063 1478 3193 1546 περὶ
3231 1479 3336 1533 τοῦ
3378 1480 3624 1548 φωτὸς,
3668 1481 3786 1532 ira

2136 1567 2360 1630 πάντες
2385 1569 2762 1622 πιστεύσωσι
2797 1567 2872 1621 δι’
2898 1569 3104 1623 αὐτοῦ.
3142 1572 3263 1624 Οὐκ
3292 1567 3373 1640 ἦν
3405 1571 3678 1638 ἐκεῖνος
3707 1574 3782 1623 τὸ

2136 1659 2282 1727 φῶςο
2328 1660 2467 1714 ἀλλ’
2509 1661 2610 1714 ἵνα
2649 1660 3014 1729 μαρτυρήσῃ
3053 1663 3185 1731 περὶ
3221 1662 3329 1716 τοῦ
3362 1667 3597 1732 φωτός.
3655 1661 3789 1720 *Ην

447 1756 622 1824 [actus
647 1765 747 1819 est,
788 1764 834 1808 et
862 1752 1085 1807 mundus
1113 1767 1232 1806 eum
1283 1767 1386 1804 non
1425 1752 1682 1821 cognovit.
1723 1748 1786 1802 In
1819 1763 1928 1816 pro,
1952 1751 2035 1801 ria

2147 1750 2202 1805 ro
2239 1750 2366 1820 φῶς
2398 1751 2464 1805 τὸ
2493 1752 2807 1821 ἀληθινὸν,
2845 1753 2878 1806 ὃ
2920 1753 3148 1822 φωτίζει
3189 1754 3388 1809 πάντα
3413 1756 3784 1825 ἄνθρωπον

448 1849 606 1915 venit,
658 1856 709 1902 et
763 1848 846 1901 sui
873 1863 992 1900 eum
1039 1862 1142 1899 non
1189 1855 1508 1913 receperunt.
1557 1842 1720 1915 435
1767 1843 2036 1912 Quotquot

449 1951 628 1996 autem
653 1948 953 2009 receperunt
981 1954 1118 2003 eunt,
1152 1936 1296 1990 dedit
1327 1938 1401 1991 eis
1432 1944 1742 2004 potestatem
1766 1934 1908 2004 ﬁlios
1939 1933 2039 1988 Dei

451 2037 570 2105 ﬁeri
602 2050 620 2089 :
658 2035 748 2105 qui
776 2050 878 2088 non
917 2048 982 2085 ex
1014 2029 1361 2101 sanguinibus
1400 2037 1448 2082 et
1494 2044 1673 2094 carne,
1717 2029 1806 2082 sed
1847 2040 1911 2080 ex
1928 2027 2038 2082 Deo

450 2127 566 2180 nati
598 2135 741 2179 sunt.
773 2123 843 2177 Et
876 2122 1100 2178 Verbum
1130 2139 1256 2177 caro
1279 2122 1480 2190 factum
1503 2129 1601 2183 est,
1632 2120 1726 2184 ait,
1754 2133 1802 2174 et
1831 2120 2040 2175 habita-

450 2218 524 2270 vit
547 2217 602 2269 in
623 2215 796 2270 nobis.
821 2214 1054 2267 Ioannes
1080 2213 1436 2268 testimonium
1461 2211 1713 2280 perhibet,
1735 2221 1782 2264 et
1813 2211 2034 2275 clamat,

450 2308 629 2362 dicens
658 2323 676 2360 :
710 2305 814 2360 Hic
846 2316 960 2360 erat
988 2323 1138 2376 quem
1175 2305 1291 2358 dixi
1313 2304 1494 2364 vobis;
1525 2314 1575 2358 et
1611 2303 1674 2358 de
1711 2304 2036 2374 plenitudine

450 2400 565 2469 ejus
609 2416 702 2454 nos
740 2415 916 2452 omnes
958 2397 1272 2465 accepimus.
1321 2396 1388 2448 Et
1437 2394 1612 2447 dicit:
1648 2393 1757 2465 Ego
1785 2412 1884 2449 non
1917 2410 2033 2449 sum

453 2490 718 2553 Christus,
746 2490 836 2545 sed
863 2505 962 2544 vox
991 2490 1270 2542 clamantis
1296 2489 1348 2541 in
1388 2491 1594 2541 deserto
1628 2487 1666 2541 '.

2137 1843 2466 1912 ἐρχόμενον
2496 1846 2582 1909 εἰς
2614 1841 2724 1897 τὸν
2746 1846 3000 1914 κόσμον.
3038 1847 3133 1900 Ἐν
3158 1845 3238 1911 τῷ
3267 1851 3479 1918 κόσμῳ
3508 1847 3625 1920 ἦν,
3664 1852 3780 1903 se:er

2140 1938 2172 1988 ό
2203 1937 2434 2005 κόσμος
2466 1934 2539 1989 δι’
2573 1937 2762 1992 αὐτοῦ
2795 1938 3054 2007 ἐγένετο,
3090 1940 3188 1994 καὶ
3223 1943 3256 1994 ό
3289 1943 3522 2011 κόσμος
3550 1944 3780 1997 αὐτὸ*

2139 2031 2250 2083 οὐκ
2271 2030 2443 2099 ἔγνω.
2479 2032 2584 2096 Εἰς
2610 2029 2682 2084 τὰ
2713 2029 2834 2083 ἴδια
2864 2026 3034 2101 ἦλθε,
3069 2032 3169 2084 καὶ
3205 2035 3257 2086 οἱ
3283 2032 3420 2088 ἴδιοι
3444 2035 3664 2088 αὑτὸν
3697 2036 3780 2087 civ

2140 2121 2502 2189 παρέλαϐον.
2531 2123 2697 2176 Ὅσοι
2719 2122 2788 2175 δὲ
2810 2124 3031 2178 ἔλαϐον
3055 2125 3262 2189 αὐτὸν,
3280 2125 3515 2180 ἔδωκεν
3534 2126 3776 2192 αὐτοῖς

2141 2211 2436 2276 ἐξουσίαν
2465 2213 2648 2266 τέκνα
2683 2214 2832 2268 Θεοῦ
2878 2215 3174 2284 γενέσθαι·
3211 2215 3268 2269 οἳ
3297 2219 3410 2270 οὐκ
3453 2218 3529 2282 ἐξ
3571 2219 3779 2288 αἰμὰ-

2142 2319 2262 2356 των
2288 2302 2386 2357 καὶ
2413 2304 2666 2372 σαρκὸς,
2698 2305 2838 2359 ἀλλ’
2866 2306 2934 2358 ἐκ
2975 2306 3122 2360 Θεοῦ
3147 2307 3604 2378 ἐγεννήθησαν.
3645 2309 3772 2364 Kal

2143 2399 2176 2450 ό
2212 2395 2406 2465 Λόγος
2435 2397 2592 2466 σὰρξ
2621 2397 2880 2466 ἐγένετο,
2924 2399 3079 2468 φησὶ,
3125 2398 3224 2452 καὶ
3265 2401 3774 2469 κατεσκήνωσεν

2141 2487 2211 2542 ἐν
2243 2488 2406 2558 ἡμῖν.
2448 2488 2722 2557 Ἰωάννης
2745 2490 3053 2558 μαρτυρεῖ,
3092 2491 3190 2544 καὶ
3229 2491 3486 2561 κέκραγε
3516 2495 3765 2558 λέγων·

455 2583 645 2654 Οὗτος
676 2583 776 2656 ἦν,
811 2586 883 2640 ὃν
909 2581 1084 2639 εἷπον
1109 2584 1268 2654 ὑμῖν·
1302 2585 1401 2638 καὶ
1441 2584 1532 2637 ὅτι
1572 2585 1639 2637 ἐκ
1673 2582 1782 2637 τοῦ
1836 2583 2232 2653 πληρώματος
2283 2585 2469 2640 αὐτοῦ
2509 2585 2677 2654 ἡμεῖς
2724 2586 2947 2655 πάντες
2996 2587 3307 2658 ἐλάϐομεν.
3365 2591 3478 2645 Kal
3555 2597 3765 2659 λέγει·

455 2685 579 2737 Οὐκ
609 2680 723 2751 εἰμὶ
753 2679 868 2748 ἐγὼ
901 2683 933 2734 ό
965 2679 1243 2748 Χριστὸς,
1276 2678 1440 2734 ἀλλὰ
1470 2680 1640 2748 φωνὴ
1665 2677 1941 2744 βοῶντος
1972 2679 2041 2732 ἐν
2076 2677 2150 2746 τῇ
2177 2677 2393 2748 ἐρήμῳ.

521 2773 663 2828 XIII.
693 2773 904 2840 Quibus
935 2773 1220 2843 expositis,
1261 2772 1337 2826 ita
1392 2771 1588 2827 deinde
1630 2772 1984 2842 prosequitur
2016 2790 2028 2825 :

457 2866 588 2922 Herc
614 2867 666 2919 in
692 2864 992 2918 Bethabara
1022 2864 1169 2933 facta
1198 2873 1320 2917 sunt
1339 2865 1380 2916 ².
1411 2862 1467 2917 In
1499 2864 1620 2918 aliis
1641 2863 2042 2934 exemplaribus

451 2967 582 3013 est:
619 2957 900 3020 Bethania,
951 2966 1096 3010 trans
1132 2954 1444 3009 Iordanem.
1492 2953 1622 3009 Post
1675 2955 1788 3008 haec
1850 2961 2038 3008 narrat

2221 2771 2317 2823 II".
2348 2769 2452 2824 Καὶ
2479 2771 2566 2824 ὅτε
2595 2771 2862 2843 διηγεῖται
2893 2771 3069 2826 ταῦτα
3102 2773 3299 2837 πάντα,
3333 2774 3506 2843 λέγει·
3552 2776 3764 2830 Ταῦτα

2147 2863 2219 2917 ἐν
2232 2863 2548 2933 Βηθαϐαρᾷ
2568 2863 2676 2935 (³56)
2695 2863 2953 2935 ἐγένετο.
2977 2865 3069 2920 Ἐν
3089 2865 3268 2930 ἄλλοις
3286 2865 3339 2919 δὲ
3357 2868 3754 2939 ἀντιγράφοις,

2147 2957 2219 3010 ἐν
2238 2959 2526 3026 Βηθανίᾳ,
2559 2958 2749 3026 πέραν
2773 2957 2879 3011 τοῦ
2912 2958 3230 3027 Ἰορδάνου.
3262 2960 3372 3013 Καὶ
3399 2961 3540 3029 μετὰ
3569 2961 3754 3014 ταῦτα

452 3050 680 3106 Joannis
720 3048 1022 3118 discipulos
1075 3049 1440 3117 interrogasse
1475 3065 1488 3100 :
1533 3044 1723 3110 Rabbi,
1760 3045 1850 3098 ubi
1890 3045 2036 3098 habi-

2147 3048 2434 3114 δείκνυσιν,
2467 3050 2549 3102 ὅτι
2583 3045 2737 3102 εἶπον
2769 3049 2917 3120 αὐτῷ
2944 3053 2990 3104 oi
3023 3051 3131 3104 ἀπὸ
3154 3051 3246 3104 τοῦ
3277 3050 3533 3104 Ἰωάννου
3563 3052 3752 3123 μαθη-

455 3145 582 3197 tas?
611 3140 822 3207 Quibus
871 3140 962 3195 ille
1011 3139 1332 3210 respondit:
1374 3137 1576 3204 Venite,
1621 3146 1670 3192 et
1727 3139 1914 3193 videte.
1973 3136 2041 3191 Et

453 3233 717 3296 abierunt,
749 3242 798 3286 et
826 3229 964 3299 apud
991 3247 1107 3284 eum
1141 3238 1446 3284 manserunt
1474 3229 1557 3282 die
1591 3230 1706 3283 illa.
1739 3228 1806 3282 Et
1833 3239 2043 3298 postera

454 3328 560 3390 die,
603 3326 738 3380 hora
779 3335 893 3380 erat
939 3326 1092 3395 quasi
1136 3323 1386 3388 decima;
1428 3332 1542 3377 erat
1584 3322 1823 3377 Andreas
1873 3323 2044 3390 frater

457 3420 691 3476 Simonis
742 3421 889 3474 Petri
939 3435 1076 3473 unus
1119 3433 1184 3472 ex
1230 3416 1434 3471 duobus
1480 3417 1569 3486 qui
1622 3417 1787 3470 secuti
1829 3415 2041 3485 fuerant

454 3530 595 3570 eum.
630 3495 833 3566 Invenit
873 3511 957 3564 hic
993 3511 1195 3579 primus
1225 3510 1445 3578 fratrem
1483 3523 1639 3562 suum
1679 3505 1968 3573 Simonem,
1993 3517 2042 3562 et

456 3605 585 3658 dicit
631 3604 680 3658 ei
725 3619 744 3657 :
802 3600 1102 3656 Invenimus
1161 3599 1454 3663 Messium,
1511 3601 1601 3670 qui
1660 3599 2043 3670 interpretatur

456 3695 724 3752 Christus.
769 3692 872 3746 llic
900 3678 1124 3746 adduxit
1161 3709 1280 3746 eum
1319 3691 1387 3745 ad
1423 3690 1629 3747 Iesum.
1680 3691 1916 3746 Intuitus
1944 3709 2040 3746 au-

459 3795 558 3840 tem
585 3801 702 3838 eum
732 3783 888 3838 Iesus
933 3783 1068 3836 dixit
1098 3798 1116 3836 :
1155 3781 1234 3837 Tu
1271 3799 1324 3837 es
1367 3781 1552 3838 Simon
1589 3783 1733 3852 ﬁlius
1769 3782 1949 3847 Iona;
1985 3796 2039 3837 tu

457 3870 727 3930 vocaberis
755 3872 977 3942 Cephas,
1003 3873 1142 3945 quod
1171 3875 1551 3944 interpretatur
1584 3873 1794 3928 Petrus.
1827 3874 1893 3928 In
1927 3892 2042 3928 cra-

390 3972 393 3975 ’
457 3965 657 4019 stinum
690 3966 851 4018 voluit
881 3964 1025 4017 exire
1063 3964 1116 4017 in
1159 3962 1462 4027 Calilwum,
1505 3972 1555 4018 et
1593 3963 1786 4017 invenit
1835 3963 2041 4034 Philip-

456 4069 604 4128 pum,
644 4067 690 4113 ει
717 4056 841 4110 dicit
864 4059 912 4111 ei
933 4055 1128 4111 Iesus:
1157 4055 1380 4127 Sequere
1411 4071 1509 4110 me.
1537 4054 1669 4110 Erat
1706 4064 1881 4110 autem
1914 4056 2042 4110 Phi-

460 4150 629 4220 lippus
658 4167 690 4203 a
721 4149 1028 4212 Bethsaida,
1065 4149 1272 4203 civitate
1307 4149 1534 4203 Andreae
1565 4158 1614 4202 et
1640 4148 1804 4203 Petri.
1836 4149 2042 4204 Invenit

457 4243 737 4313 Philippus
803 4241 1146 4306 Nathanael,
1199 4250 1248 4295 et
1297 4241 1426 4295 dicit
1476 4243 1573 4295 ei:
1617 4242 1783 4308 Quem
1827 4243 2041 4312 scripsit

455 4333 668 4405 Moyses
696 4335 749 4387 in
779 4334 906 4403 lege,
943 4342 991 4387 et
1025 4333 1308 4400 prophetae,
1332 4333 1622 4388 invenimus
1653 4334 1836 4387 Iesum
1867 4335 2040 4403 [ilium

2144 3139 2254 3193 ταί·
2298 3141 2509 3203 Ῥαϐϐὶ,
2563 3141 2681 3196 ποῦ
2728 3141 2969 3208 μένεις;
3007 3143 3064 3195 '0
3098 3142 3154 3195 δὲ
3195 3137 3337 3196 εἴπεο
3384 3143 3592 3209 Δεῦτε,
3647 3144 3753 3198 καὶ

2146 3232 2320 3288 ἴδετε.
2362 3234 2473 3288 Καὶ
2513 3233 2814 3303 ἀπῆλθον,
2860 3235 2957 3288 καὶ
2991 3236 3125 3304 παρ’
3151 3234 3311 3301 αὐτῷ
3344 3235 3602 3305 ἔμειναν
3631 3237 3752 3303 τὴν

2143 3323 2375 3393 ἡμέραν
2388 3325 2647 3393 ἐκείνην.
2672 3325 2782 3379 Kal
2809 3323 2881 3392 τῇ
2897 3323 3125 3391 αὔριον,
3151 3321 3270 3390 ὥρα
3293 3320 3462 3393 ἦνὼς
3485 3322 3742 3390 δεκάτηο

2143 3412 2225 3487 ἦν
2263 3416 2534 3484 Ἀνδρέας
2577 3419 2611 3470 ὁ
2653 3415 2919 3485 ἀδελφὸς
2968 3415 3234 3485 Σίμωνος
3266 3414 3518 3484 Πέτρου,
3557 3412 3651 3484 εἷς
3676 3415 3746 3470 ἐκ

2143 3507 2265 3563 τῶν
2301 3507 2411 3563 δύο
2457 3507 2577 3563 τῶν
2620 3507 3173 3576 ἀκολουθησάντων
3219 3507 3400 3574 αὐτῷ.
3448 3509 3744 3577 Εὐριόνκει

2145 3597 2324 3667 οὗτος
2347 3600 2578 3669 πρῶτος
2607 3602 2715 3654 τὸν
2737 3600 3007 3668 ἀδελφὸν
3028 3601 3138 3654 τὸν
3165 3600 3319 3655 ἴδιον
3352 3600 3614 3671 ΣΙμωνα,
3639 3603 3742 3656 καὶ

2143 3695 2306 3763 λέγει
2354 3692 2532 3758 αὐτῷ’
2573 3691 2931 3762 Εἰιρήκαμεν
2968 3694 3267 3758 Μεσσίαν,
3309 3694 3417 3747 τόν
3449 3695 3741 3764 μεθερμη-

2143 3784 2476 3854 νευόμενον
2529 3785 2811 3853 Χριστόν.
2861 3781 3047 3850 Οὗτος
3077 3784 3304 3854 ἤπιγεν
3344 3785 3538 3839 αὐτὸν
3589 3786 3739 3855 πρές

2143 3879 2253 3931 τὸν
2288 3877 2538 3945 Ἰησοῦν.
2587 3877 2916 3949 Ἐμϐλέψας
2947 3878 3015 3931 δὲ
3044 3877 3202 3944 αὐτῷ
3229 3881 3260 3933 ό
3298 3877 3558 3946 Ἰησοῦς,
3583 3876 3735 3934 εἶπ’

2143 3971 2229 4026 Σὺ
2281 3967 2341 4025 εἴ
2389 3972 2586 4040 Σίμων
2633 3969 2764 4037 υἱὸς
2825 3971 3003 4025 Ἰωνᾶ·
3055 3970 3135 4024 σὺ
3180 3969 3461 4039 κληθήσῃ
3500 3971 3735 4041 Κηφᾶς*

2143 4065 2175 4120 ὃ
2223 4065 2608 4134 ἑρμηνεύεται
2661 4066 2903 4132 Πέτρος.
2963 4063 3041 4133 Τῇ
3087 4065 3377 4133 ἐπαύριον
3427 4064 3738 4132 ἠθέλησεν·

2142 4155 2412 4222 ἐξελθεῖν
2440 4159 2528 4221 εὶς
2554 4155 2671 4225 τὴν
2699 4156 3057 4222 Γαλιλαίαν,
3087 4158 3185 4211 καὶ
3218 4157 3485 4225 είζρίσκει
3515 4160 3734 4211 Φίλιπ-

2143 4264 2283 4312 πον,
2334 4247 2428 4302 καὶ
2469 4247 2634 4318 λέγει
2677 4249 2841 4314 αὐτῷ
2874 4252 2906 4303 ό
2947 4249 3197 4317 Ἰησοῦς·
3245 4251 3582 4304 Ἀκολούθει
3613 4267 3732 4319 μοι.

2141 4334 2252 4394 Ἦν
2277 4338 2345 4392 δέ
2371 4339 2670 4405 Φίλιππος
2713 4340 2830 4394 ἀπὸ
2875 4338 3200 4408 Βηθσαιδᾶ,
3246 4340 3314 4394 ἐκ
3355 4340 3468 4408 τῆς
3497 4342 3735 4406 πόλεως

455 4425 648 4495 Ioseph
677 4442 708 4478 a
743 4424 1038 4480 Nazareth.
1071 4424 1136 4478 Et
1167 4425 1305 4479 dixit
1327 4427 1376 4479 ei
1404 4424 1749 4480 Nathanael.‘
1782 4428 1823 4480 Α
1856 4425 2036 4480 Naza-

2157 4430 2426 4500 Ἂνδρέου
2480 4432 2579 4485 καὶ
2631 4431 2879 4500 Πέτρου.
2931 4433 3215 4501 Εὐρίσκει
3268 4434 3571 4499 Φίλιππος
3631 4434 3735 4487 τὸν

457 4520 569 4574 reth
606 4527 777 4588 potest
810 4518 1014 4588 aliquid
1057 4520 1178 4572 boni
1224 4522 1377 4575 esse?
1427 4519 1570 4573 Dicit
1621 4520 1670 4573 ei
1719 4517 2039 4589 Philippus:

465 4610 596 4664 Veni
634 4621 682 4664 et
736 4611 867 4664 vide.
909 4609 1099 4664 Videns
1175 4620 1348 4664 autem
1393 4609 1550 4666 Iesus
1598 4609 1904 4666 Nat/tanael
1952 4629 2039 4666 ve-

455 4705 680 4760 nientem
713 4703 781 4756 ad
820 4720 874 4757 se
908 4702 1043 4757 dixit
1086 4703 1148 4757 de
1176 4705 1286 4772 ipso
1315 4720 1332 4758 :
1366 4702 1498 4758 Ecce
1523 4720 1636 4758 vere
1674 4702 1949 4767 Israelita,
1986 4706 2037 4756 in

455 4811 556 4866 quo
587 4794 741 4849 dolus
795 4812 898 4848 non
952 4805 1051 4850 est.
1105 4794 1248 4849 Dicit
1292 4797 1341 4850 ei
1391 4795 1743 4851 Nathanael:
1779 4796 1926 4852 Unde
1958 4815 2039 4851 me

455 4889 638 4943 nosti?
672 4887 958 4956 Respondit
990 4886 1171 4952 Iesus,
1224 4898 1273 4943 et
1316 4889 1454 4941 dixit
1502 4889 1594 4942 ei:
1635 4888 1957 4961 Priusquam
1990 4901 2038 4945 te

457 4977 736 5047 Philippus
770 4991 994 5043 vocaret,
1037 4997 1154 5034 cum
1197 4997 1334 5050 esses
1377 4980 1470 5034 sub
1511 4981 1616 5051 ﬁcu
1669 4982 1774 5035 vidi
1817 4992 1882 5036 te.
1934 4981 2036 5036 Re-

454 5071 662 5140 spondit
686 5075 734 5125 ei
768 5072 1091 5135 Nat/lanael,
1127 5084 1174 5127 et
1216 5074 1351 5126 dixit
1383 5089 1402 5127 :
1432 5073 1618 5138 Babbi,
1664 5085 1720 5127 tu
1760 5092 1813 5129 es
1861 5074 2037 5130 Filius

457 5164 572 5228 Dei,
607 5172 660 5215 tu
691 5182 742 5216 es
783 5181 874 5218 rex
906 5164 1099 5220 Israel.
1132 5165 1417 5235 Respondit
1442 5164 1646 5242 _Iesus.
1676 5176 1726 5221 et
1767 5166 1904 5221 dixit
1944 5170 2036 5223 ei:

455 5257 594 5323 Quia
629 5255 744 5309 dixi
773 5258 904 5310 tibi:
947 5257 1065 5311 Vidi
1115 5268 1160 5313 te
1208 5259 1302 5313 sub
1345 5261 1471 5330 ﬁcu,
1509 5259 1718 5316 credis?
1746 5257 1926 5329 Majas
1955 5261 2036 5316 his

452 5347 672 5401 videbis.
707 5348 772 5400 Et
803 5351 939 5403 dixit
969 5351 1018 5403 ci
1046 5367 1064 5405 :
1097 5351 1280 5414 Amen,
1315 5369 1466 5406 amen
1503 5352 1620 5406 dico
1651 5351 1815 5417 vobis,
1845 5351 2030 5407 videbi-

528 5506 729 5563 ‘Iozm.
763 5521 803 5571 t,
837 5508 856 5560 I
892 5524 1014 5578 sqq.
1092 5510 1111 5539 ’
1145 5508 1276 5564 ibid.
1308 5511 1380 5565 ‘28
1404 5527 1524 5581 sqq.

523 5667 637 5738 (56)
675 5666 865 5721 Ταῦτα
889 5666 958 5720 ἐν
983 5665 1314 5736 Βηθιιὸηρᾷ.
1349 5664 1589 5738 Utraque
1617 5681 1719 5721 vox
1759 5675 1812 5722 et
1844 5666 2041 5738 Betha-

455 5736 695 5806 bara,‘et
729 5738 990 5794 Bethania
1053 5738 1194 5810 apud
1251 5737 1507 5809 antiquos
1557 5739 1846 5806 reperitur.
1900 5737 2036 5794 Vide

2142 4524 2491 4593 Ναθαναὴλ,
2534 4523 2630 4578 καὶ
2658 4522 2820 4594 λέγει
2852 4523 3030 4590 αὐτῷ’
3073 4526 3174 4579 Ὃν
3205 4525 3428 4595 ἔγραψε
3465 4523 3732 4592 Mummii;

2141 4617 2210 4671 ἐν
2237 4614 2317 4683 τῷ
2341 4617 2521 4686 νόμῳ,
2549 4616 2647 4670 καὶ
2672 4619 2726 4670 οἱ
2758 4617 3078 4686 προφῆται,
3109 4617 3444 4686 εὑρήκαμεν
3485 4619 3652 4686 Ἰησο
3664 4619 3734 4673 ὗν

2141 4712 2278 4763 υἱὸν
2322 4709 2429 4763 τοῦ
2488 4708 2701 4778 Ἰωσὴφ
2751 4711 2860 4762 τὸν
2907 4709 3026 4763 ἀπὸ
3075 4710 3350 4779 Ναζαρέτ.
3399 4710 3509 4765 Καὶ
3561 4707 3731 4765 εἶπεν

2141 4802 2300 4868 αὐτῷ
2330 4803 2681 4872 Ναθαναήλ·
2722 4801 2817 4856 Ἕκ
2853 4803 3115 4872 Ναζαρὲτ
3146 4803 3397 4858 δύναται
3419 4823 3474 4858 τι
3503 4805 3731 4874 ἀγαθὼ·

2143 4891 2332 4958 εἷνιιι;
2363 4895 2534 4964 Λέγει
2552 4893 2723 4960 ,αὐτῷ
2744 4898 2777 4948 ό
2795 4895 3112 4960 Φίλιππος·
3143 4896 3377 4962 Ἔρχου,
3416 4894 3526 4950 ἴδε.
3572 4896 3729 4950 Ἰδὼν

2144 4985 2212 5038 δὲ
2246 4989 2278 5040 ό
2320 4985 2554 5054 Ἰησοῦς
2582 4985 2692 5039 τὸν
2723 4983 3052 5052 Ναθαναὴλ
3089 4984 3417 5054 ἐρχόμενον
3443 4986 3597 5053 πρὸς
3621 4990 3726 5041 αὑ·

2144 5078 2272 5142 τὸν,
2295 5079 2458 5149 λέγει
2488 5078 2620 5147 περὶ
2646 5078 2853 5132 αὐτοῦ·
2913 5078 3026 5133 Ἴδε
3053 5077 3292 5145 ἀληθῶς
3333 5079 3720 5146 Ἰσραηλίτης,

2143 5170 2214 5224 ἐν
2239 5163 2286 5236 ᾧ
2318 5170 2499 5237 δόλος
2533 5173 2644 5225 οὐκ
2674 5170 2826 5225 ἐστι.
2862 5169 3029 5240 Λέγει
3061 5170 3220 5235 αὐτῷ
3246 5170 3594 5234 Ναθαναήλ
3619 5171 3725 5223 Πό-

2143 5265 2249 5316 θεν
2274 5280 2351 5332 με
2382 5263 2734 5333 γινώσκεις
2785 5264 3089 5331 Ἀπεκρίθη
3133 5261 3386 5331 Ἰησοῦς,
3431 5263 3529 5314 καὶ
3560 5259 3722 5315 εἶπεν

2143 5353 2321 5420 αὐτῷ·
2366 5355 2486 5425 Πρό
2512 5355 2620 5410 τοῦ
2649 5371 2723 5409 σε
2738 5355 3036 5409 Φίλιππον
3066 5354 3411 5427 [sator-ﬁcari,
3439 5354 3584 5407 ὄντα
3614 5356 3716 5407 ὑπὸ

2151 5681 2271 5736 quze
2294 5667 2360 5723 de
2392 5667 2495 5720 hoc
2523 5664 2647 5720 loco
2703 5663 2976 5736 scripsere
3015 5662 3218 5736 Mpsius
3253 5674 3304 5722 et
3336 5665 3618 5723 Sertorius
3665 5666 3710 5720 iu

2143 5735 2328 5795 Iosue.
2365 5736 2602 5793 Maldon.
2631 5746 2678 5793 et
2709 5735 2931 5793 Toletus
2965 5737 3014 5791 in
3040 5735 3240 5808 Evang.
