3846 6292
23 399 168 455 -925

791 400 1163 465 ADVERSUS
1207 409 1552 471 llASliESES
1584 415 1728 472 LIB.
1770 419 1835 476 ll.
1877 419 2044 476 ΤΟΜ.
2087 419 2127 475 Ι.
2153 449 2223 459 -
2250 419 2522 475 ΙΙιΕΙὶΕδ.
2567 421 2652 476 L1.
3262 423 3366 481 9M

53 514 177 581 τὴν
203 514 439 584 συκῆν,
472 511 640 571 εἶδόν
668 533 763 572 σε.
793 519 1101 590 Ἀπεκρίθη
1133 525 1294 592 αὐτῷ
1317 529 1666 598 Ναθαναὴλ,

1779 534 1843 588 tis
1891 534 2080 588 coelum
2131 543 2392 602 apertum,
2433 544 2481 588 et
2531 535 2746 606 angelos
2799 533 2893 589 Dei
2935 537 3271 591 ascendentes
3315 550 3363 593 et

53 607 155 657 mi
175 604 336 661 εἷπε·
355 609 568 673 'Pa66’l,
582 610 664 664 σὺ
681 606 737 665 εἷ
751 613 784 666 ό
809 612 942 678 Υἱὸς
961 614 1069 668 τοῦ
1087 617 1258 683 Θεοῦ,
1276 619 1667 690 σὺβασιλεὺς

1779 625 2141 681 descendentes
2186 643 2343 696 super
2386 624 2590 680 Filium
2643 628 2891 682 hominis.
2953 627 3018 680 Et
3065 628 3150 684 die
3207 633 3364 686 tertia

49 697 112 750 εἶ
134 699 247 754 τοῦ
277 702 540 771 Ἰσραήλ.
563 704 876 773 Ἀπεκρίθη
897 709 930 761 ό
957 708 1210 776 Ἰησοῦς,
1240 711 1339 764 καὶ
1365 709 1537 767 εἶπεν
1555 718 1664 771 αὐ-

1779 720 1973 788 nuptia:
2001 718 2160 787 facta:
2192 728 2316 772 sunt
2345 719 2397 773 in
2423 717 2571 774 Cana
2603 719 2844 776 Gali/cca:
2868 724 2907 786 ¹,
2939 730 3047 778 etc.

51 790 177 855 τῴ;
211 792 349 847 Ὀτι
379 790 554 848 εἶπόν
581 811 702 860 σοι,
735 796 920 850 Εϊδόν
950 814 1026 852 σε
1048 799 1329 855 ὑποκάτω
1359 803 1470 874 τῆς
1491 805 1714 874 συκῆς,
1747 809 2087 874 πιστεύεις;
2118 807 2304 868 Μείζω
2335 811 2564 863 τούτων
2589 809 2742 878 ὄψει.
2788 810 2901 864 Καὶ
2951 807 3122 866 εἶπεν
3181 811 3363 878 αὐτῷ·

64 882 292 950 Ἀμὴν,
349 883 516 953 ἀμὴν
560 885 717 956 λέγω
772 887 936 958 ὑμῖν,
980 889 1209 958 ὄψεσθε
1252 893 1360 948 τὸν
1406 897 1670 966 οὐρανὸν
1707 899 2031 969 ἀνεῳγότα,
2075 899 2175 954 καὶ
2218 899 2361 966 τοὺς
2401 899 2698 970 ἀγγέλους
2762 901 2868 954 τοῦ
2923 901 3071 956 Θεοῦ
3123 903 3366 956 ἀναϐαί-

53 996 292 1047 νοντας
323 981 425 1034 καὶ
453 985 929 1052 καταϐαίνοντας
961 986 1061 1041 ἐπὶ
1097 988 1208 1042 τὸν
1247 989 1386 1045 Υίὸν
1420 993 1524 1046 τοῦ
1561 994 1903 1063 ἀνθρώπου.
1943 996 2052 1050 Καὶ
2091 994 2165 1064 τῇ
2197 995 2386 1065 ἡμέρᾳ
2422 995 2495 1065 τῇ
2560 997 2728 1064 τρίτῃ
2789 996 2978 1066 γάμος
3028 997 3264 1067 ἐγένετο
3296 997 3366 1051 ἐν

53 1069 234 1136 lim-(1
271 1069 386 1138 τῆς
415 1073 768 1140 Γαλιλαίας,
795 1076 888 1128 καὶ
911 1076 977 1130 τὰ
1004 1077 1151 1149 ἑξῆς.

133 1185 266 1238 Ἶνα
289 1185 465 1256 δείξῃ,
491 1188 631 1257 μετὰ
653 1187 754 1254 τὰς
778 1194 1191 1263 τεσσαράκοντα
1207 1196 1317 1268 (57)
1344 1197 1557 1270 ἡμέρας
1578 1198 1671 1252 τοῦ

59 1278 413 1347 πειρασμοῦ,
449 1280 545 1332 καὶ
581 1281 720 1351 μετά
758 1282 858 1353 τὴν
899 1283 993 1336 ἀπ’
1027 1285 1192 1339 αὑτοῦ
1232 1287 1326 1340 τοῦ
1361 1289 1670 1360 πειρασμοῦ

1854 1200 1921 1256 Ut
1952 1201 2055 1256 hoc
2081 1201 2364 1257 evidenter
2402 1202 2715 1258 ostenderet
2751 1221 2764 1258 :
2794 1202 2924 1260 Post
2959 1220 3025 1259 XI.
3057 1204 3175 1260 dies
3203 1220 3365 1274 quam

1779 1300 2020 1347 tentatus
2061 1291 2256 1359 fuerat,
2288 1291 2453 1366 436
2483 1301 2536 1346 «ει
2567 1293 2636 1348 ab
2682 1309 2746 1349 ea
2795 1298 3095 1350 tcntatione
3133 1295 3369 1350 Nazare-

56 1371 336 1424 ὲττάνοδον
369 1371 464 1424 καὶ
490 1373 668 1444 ὁρμὴν
691 1373 790 1446 τὴν
825 1376 920 1428 ἐπὶ
947 1377 1204 1448 Ναζαρὲτ
1230 1381 1324 1434 καὶ
1357 1380 1669 1448 Γαλιλαίαν,

55 1463 136 1526 ὡς
177 1466 227 1517 οἱ
270 1464 425 1518 ἄλλοι
473 1469 625 1538 τρεῖς
668 1467 1054 1537 εὐαγγελισται
1102 1470 1332 1542 ἔφησαν,
1383 1474 1545 1530 πάλιν
1578 1475 1672 1528 ἐπὶ

55 1561 156 1610 τὸν
206 1559 489 1630 Ἰορδάνην
530 1560 691 1618 αὑτὸν
735 1562 948 1632 ἡκέναι·
984 1563 1059 1628 ὡς
1093 1566 1187 1619 καὶ
1225 1567 1332 1619 ἀπὸ
1373 1567 1467 1620 τοῦ
1510 1568 1670 1638 λόγου

71 1653 335 1706 Ἰωάννου
356 1652 726 1723 δειχθήσεται,
755 1656 1028 1725 φήσαντος
1059 1655 1251 1721 οὕτως’
1285 1659 1672 1714 Εἷδεναύτὸν

59 1746 413 1814 ἐρχόμενον
472 1745 544 1815 τῇ
598 1747 924 1815 ἐπαύριον,
993 1745 1180 1803 εἶπεν·
1225 1750 1337 1804 Ἵὸε
1384 1755 1417 1805 ό
1466 1751 1672 1822 Ἄμνὸς

62 1836 172 1888 τοῦ
205 1837 390 1900 Θεοῦ,
421 1840 454 1891 ό
481 1837 669 1906 αῑρων
703 1838 818 1906 τὴν
848 1839 1144 1910 ἁμαρτίαν
1165 1843 1272 1897 τοῦ
1297 1845 1550 1914 κόσμου’
1581 1847 1674 1898 καὶ
1705 1877 1747 1932 Β

61 1931 258 1983 ¹ιταλινο
306 1929 390 1998 Τῇ
419 1929 582 2000 ἄλλῃ
625 1932 840 2001 ἡμέρᾳ,
885 1934 966 2000 ὡς
1005 1931 1168 1989 εἶδεν
1197 1935 1384 1990 αὑτὸν
1421 1952 1672 2006 περιπα-

60 2021 317 2085 τοῦντα,
367 2021 508 2090 ἔφη·
555 2018 748 2088 Οὗτός
789 2023 944 2085 ἐστι,
989 2024 1122 2093 περὶ
1177 2023 1247 2080 οὗ
1297 2023 1471 2080 εἷπον
1507 2028 1668 2098 ὑμῖν·

74 2111 138 2164 '0
170 2112 378 2165 ὀπίσω
401 2129 522 2180 μου
553 2112 879 2182 ἐρχόμενος
903 2114 1245 2184 ἔμπροσθέν
1258 2135 1379 2186 μου
1403 2117 1671 2189 γέγονεν,

64 2203 155 2255 ὅτι
203 2201 452 2270 πρῶτός
507 2221 627 2273 μου
681 2204 781 2273 ἦν.
835 2207 945 2260 Καὶ
1002 2208 1409 2277 ἐμαρτύρησε,
1472 2211 1670 2281 φησὶν,

76 2295 370 2362 Ἰωάννης
395 2295 615 2364 λέγων’
642 2297 763 2350 Ὅτι
785 2299 1062 2368 τεθέαμαι
1092 2299 1155 2353 τὸ
1177 2299 1418 2369 Πνεῦμα
1441 2301 1510 2356 ἐν
1528 2301 1673 2356 εἴδει

63 2385 440 2454 περιστερᾶς
470 2387 854 2453 καταϐαῖνον,
882 2389 978 2443 καὶ
1007 2389 1336 2460 ἐρχόμενον
1350 2391 1442 2444 ἐπ’
1464 2392 1671 2449 αὐτόν.

65 2479 141 2532 Τὸ
169 2479 254 2545 δὲ,
283 2479 692 2548 ἐμαρτύρησε,
718 2481 814 2534 καὶ
845 2481 928 2533 ὅτι
966 2477 1155 2548 Οὗτός
1183 2483 1374 2548 ἐστιν,
1405 2484 1478 2536 ὃν
1503 2480 1675 2538 εἶπον

63 2573 236 2643 ὑμῖν,
259 2573 341 2636 ὡς
358 2573 461 2643 ἤδη
488 2575 616 2646 περὶ
642 2574 804 2629 ἄλλου
824 2574 1021 2647 καιροῦ
1048 2577 1450 2648 παρῳχημένου
1477 2577 1672 2646 λέγων,

67 2667 158 2718 ἵνα
185 2665 371 2737 δείξῃ,
403 2667 467 2718 οὑ
499 2666 590 2719 τὸν
627 2662 963 2721 αὐτὸνέἴναι
999 2668 1190 2740 καιρὸν
1221 2668 1409 2722 τοῦτον
1441 2671 1671 2735 ἐκεῖνον,

67 2757 160 2809 τὸν
191 2757 294 2810 τοῦ
339 2756 721 2829 βαπτίσματος
755 2759 966 2830 χρόνον,
1003 2758 1138 2813 ἀλλὰ
1171 2759 1328 2816 ἄλλον
1363 2763 1493 2832 παρ’
1534 2763 1677 2814 ἐκεῖ·

67 2865 180 2902 νον.
226 2849 374 2903 Οὔτε
416 2849 525 2921 γὰρ
560 2850 723 2916 εὐθὺς
765 2851 876 2905 ἀπὸ
916 2850 1010 2904 τοῦ
1057 2851 1366 2924 πειρασμοῦ
1413 2852 1550 2925 πρὸς
1582 2853 1675 2906 τὸν

67 2942 342 3013 Ἰωάννην
372 2943 704 3011 ἀφικνεῖταιο
736 2942 874 2996 ἀλλὰ
899 2943 1117 3015 πρῶτον
1156 2943 1254 3015 μὲν
1283 2947 1362 3008 εἰς
1387 2945 1487 3015 τὴν
1516 2944 1676 2997 Γαλι-

65 3033 257 3096 λαίαν,
305 3034 504 3089 ἔπειτα
536 3035 592 3087 δὲ
636 3036 744 3088 ἀπὸ
785 3036 1076 3101 Γαλιλαίας
1118 3037 1210 3090 ἐπὶ
1251 3037 1342 3090 τὸν
1378 3037 1671 3110 Ἰορδάνην,

65 3127 214 3195 ὅπερ
249 3121 319 3197 ἦν
354 3126 513 3181 τοῦτο
559 3127 697 3198 πρὸς
723 3129 814 3181 τὸν
861 3129 1134 3201 Ἰωάννην.
1172 3130 1262 3183 Διὸ
1290 3129 1456 3199 λέγει’
1485 3127 1675 3196 Οὗτος

1777 1391 1916 1448 tum,
1958 1393 2011 1440 et
2056 1385 2112 1438 in
2143 1383 2416 1440 Galilznam
2451 1400 2722 1450 reversus,
2755 1387 2899 1456 quod
2931 1387 3022 1441 alii
3059 1397 3170 1444 tres
3207 1404 3368 1444 evan-

1779 1477 1984 1546 gelista:
2035 1484 2596 1530 commemoraverunt
2626 1515 2639 1540 ,
2691 1478 2890 1533 iterum
2953 1479 3020 1533 ad
3073 1479 3366 1535 Jordanem

1778 1567 2017 1631 venisse,
2054 1575 2112 1621 ut
2135 1584 2199 1622 ex
2234 1565 2462 1623 Joannis
2494 1569 2740 1625 oratione
2775 1570 3069 1633 constabit,
3121 1587 3246 1625 cum
3294 1573 3369 1625 ita

1780 1659 1970 1713 scribit
1998 1660 2018 1690 ³
2053 1676 2066 1712 :
2099 1657 2230 1713 Cum
2261 1658 2470 1714 vidisset
2510 1661 2661 1714 illum
2688 1663 2971 1715 venientem
2997 1663 3228 1732 sequenti
3259 1662 3366 1725 die,

1779 1751 1916 1805 dixit
1949 1767 1967 1806 :
1999 1751 2134 1806 Ecce
2167 1751 2347 1822 Agnus
2395 1751 2514 1819 Dei,
2557 1755 2648 1824 qni
2705 1754 2844 1808 tollit
2894 1765 3107 1824 peccata
3158 1754 3365 1810 mundi.

1778 1839 1947 1894 Item:
1986 1841 2110 1894 Alia
2168 1839 2253 1894 die
2310 1857 2427 1894 cum
2483 1842 2693 1898 vidisset
2751 1845 2903 1898 illum
2964 1845 3366 1910 ambulantem,

1777 1933 1957 1987 dixit:
1994 1932 2095 1987 Hic
2129 1942 2227 2001 est,
2267 1934 2330 1988 de
2357 1952 2457 2006 quo
2497 1936 2611 1990 dixi
2651 1938 2794 1991 vobis
2827 1955 2844 1992 :
2877 1938 2979 2003 Qui
3015 1947 3131 2006 post
3170 1955 3249 1992 me
3284 1955 3367 1992 ve-

1775 2025 1874 2087 nit,
1906 2035 2027 2079 ante
2055 2038 2135 2080 me
2167 2025 2341 2095 factus
2371 2036 2470 2089 est,
2503 2029 2628 2096 quia
2657 2029 2804 2096 prior
2831 2047 2910 2084 me
2944 2039 3079 2084 erat.
3118 2029 3183 2082 Et
3216 2030 3368 2084 testi-

1775 2120 2030 2182 monium,
2073 2120 2280 2190 inquit,
2326 2119 2588 2189 perhibuit
2637 2119 2908 2186 Joannes,
2964 2123 3142 2177 dicens
3171 2140 3189 2177 :
3223 2123 3366 2190 Quia

1775 2211 1880 2264 vidi
1915 2210 2171 2280 Spiritum
2220 2212 2613 2267 descendentem
2669 2213 2926 2270 columbae
2960 2216 3145 2284 specie,
3190 2224 3239 2268 et
3282 2232 3368 2270 vc-

1774 2303 2000 2357 nientem
2049 2319 2206 2372 super
2250 2320 2389 2361 eum.
2419 2305 2552 2372 Quae
2597 2308 2790 2370 verba,
2836 2307 3192 2360 testimonium
3244 2323 3366 2374 per-

1775 2393 1968 2458 hibuit,
1991 2402 2043 2449 et
2072 2435 2084 2447 .
2107 2395 2209 2449 Hic
2238 2407 2316 2449 est
2345 2411 2497 2468 quem
2526 2395 2640 2449 dixi
2664 2397 2827 2460 vobis,
2859 2396 2923 2452 ad
2953 2397 3098 2452 aliud
3131 2406 3185 2453 et
3217 2397 3366 2451 aliud

1774 2485 2192 2556 signiﬁcandum
2227 2495 2442 2557 tempus
2473 2496 2726 2559 usurpat,
2774 2496 2834 2542 ut
2890 2504 2998 2542 non
3052 2489 3193 2544 idem
3243 2506 3369 2543 cum

1774 2577 2030 2648 baptismi
2076 2588 2338 2649 tempore,
2385 2579 2484 2634 sed
2531 2581 2808 2635 divorsum
2862 2597 2984 2636 esse
3023 2582 3370 2636 demonstra-

1775 2676 1877 2723 ret.
1906 2667 2024 2723 Non
2056 2669 2199 2724 enim
2234 2679 2455 2740 repente
2487 2679 2612 2740 post
2643 2671 2974 2740 baptismum
3005 2673 3073 2726 ad
3101 2670 3369 2727 Joannem

1773 2763 2027 2828 accessit,
2060 2764 2154 2819 sed
2189 2765 2422 2834 primum
2469 2765 2521 2818 in
2564 2763 2866 2827 Galilaeam,
2904 2764 3030 2820 inde
3073 2753 3137 2822 ad
3178 2763 3371 2820 Jorda-

1774 2869 1932 2920 nem,
1975 2854 2076 2907 hoc
2116 2861 2200 2908 est
2242 2855 2308 2908 ad
2349 2853 2637 2919 Joannem,
2678 2855 2936 2924 perrexit.
2975 2851 3130 2909 Unde
3181 2855 3365 2910 dixit:

1777 2943 1881 2996 llic
1913 2952 1989 2998 est
2024 2960 2173 3014 quem
2207 2944 2321 2996 dixi
2359 2945 2524 2998 vobis.
2557 2943 2638 2998 Ad
2685 2945 2799 2998 hzee
2848 2958 2970 2998 cum
3014 2943 3366 3014 Evangelium

1776 3035 1849 3089 ita
1902 3044 2090 3090 narrat
2141 3054 2153 3090 :
2220 3033 2287 3088 Et
2349 3037 2705 3090 testimonium
2756 3034 3016 3104 perhibuit
3082 3034 3316 3092 Joannes
3348 3052 3366 3089 :

1778 3126 1920 3194 Quia
1945 3127 2074 3193 vidi,-
2107 3127 2386 3198 aliquauto
2426 3127 2479 3182 id
2529 3137 2656 3184 ante
2679 3127 3248 3199 tempore-contigisse
3273 3127 3369 3184 de-

66 3215 150 3289 ἦν
176 3219 258 3272 ὃν
283 3215 463 3274 εἷπον
487 3219 647 3289 ὑμῖν·
674 3223 770 3274 καὶ
794 3222 875 3275 δτι
908 3223 968 3276 τὸ
1000 3223 1332 3292 Εὑαγγέλιόν
1369 3240 1521 3294 φησι·
1557 3224 1668 3277 Καὶ
1699 3229 1741 3289 C
1777 3219 1967 3274 clarat.

66 3311 502 3378 ἐμαρτύρησεν
541 3311 816 3381 Ἰωάννης
837 3332 851 3347 ·
881 3315 1001 3369 Ὅτι
1031 3316 1324 3385 τεθέαμαι·
1360 3314 1434 3378 ὡς
1455 3315 1554 3386 ήδη
1584 3315 1678 3370 τοῦ

71 3403 416 3474 πράγματος
439 3404 546 3477 πρὸ
570 3407 764 3478 καιροῦ
799 3424 942 3472 τινος
969 3408 1273 3478 γεγονότος.

142 3495 252 3549 Μ’.
287 3495 449 3549 Μετὰ
479 3495 657 3552 ταῦτα
685 3498 828 3571 ἀρχὴ
860 3499 1108 3571 κλήσεως
1150 3500 1259 3554 τῶν
1301 3502 1428 3572 περὶ
1472 3500 1676 3574 Πέτρον

70 3587 186 3642 ἀπὸ
236 3587 494 3659 Ἀνδρέου
539 3590 885 3662 σημαίνεται.
943 3591 1166 3661 Ἀνῆλθε
1210 3593 1319 3665 γὰρ
1362 3595 1492 3664 παρ’
1525 3593 1677 3665 αὑτῷ

69 3679 366 3750 ’Λ-ὦρὲας,
405 3676 484 3744 εἷς
536 3681 643 3734 τῶν
680 3681 773 3735 δύο
817 3682 925 3735 τῶν
975 3682 1456 3754 ἀκολουθησάντων
1503 3683 1672 3756 αὐτῷ,

75 3775 550 3845 μαθητευομένων
583 3776 682 3847 μὲν
715 3778 845 3849 παρ’
873 3777 1145 3840 Ἰωάννου,
1178 3777 1261 3830 ἔτι
1297 3777 1356 3830 δὲ
1387 3779 1444 3831 ὲν
1467 3779 1536 3849 τῇ
1568 3778 1676 3831 Γα-

71 3867 264 3938 λιλαίᾳ
304 3867 756 3937 παραμενόντων,
791 3867 986 3940 καιροῦ
1017 3869 1093 3940 τῷ
1122 3868 1349 3942 Ἰωάννῃ
1383 3869 1672 3940 σχολαζόνσ

72 3977 206 4012 των.
242 3960 355 4011 Καὶ
379 3959 541 4023 εὐθὺς
575 3960 858 4031 μείναντος
890 3961 1141 4032 Ἀνδρέου
1173 3961 1389 4033 ἐκείνην
1411 3963 1509 4034 τὴν
1534 3961 1675 4033 ἠμέ-

75 4069 179 4121 ραν
213 4050 358 4120 (ὥρα
388 4047 456 4121 ἦν
484 4051 558 4116 ὡς
583 4053 1192 4126 δεκάτη),συμ6ἐ6ηκεν
1221 4055 1360 4126 αὐτῇ
1390 4055 1456 4126 τῇ
1491 4055 1676 4126 ἡμέρᾳ.

73 4140 397 4210 ἀπαντῆσαι
427 4141 588 4196 αὐτὸν
618 4141 695 4213 τῷ
723 4143 836 4215 ἰδίῳ
873 4143 1084 4215 ἀδελφῷ
1123 4144 1346 4215 Σίμωνι,
1376 4144 1474 4198 καὶ
1499 4146 1675 4199 εἰπεῖν

147 4317 167 4350 ¹
202 4315 370 4372 Joan.
412 4333 448 4383 I,
479 4319 682 4386 58-51;
717 4335 777 4387 ιι,
811 4323 863 4375 1.
943 4325 962 4353 ¹
1002 4321 1161 4377 Joan.
1188 4337 1226 4388 ι,
1258 4320 1326 4375 εν
1357 4336 1478 4391 sqq.

150 4515 268 4582 (37)
305 4515 442 4570 ἰνα
475 4517 668 4586 δείξῃ,
692 4518 844 4588 μετὰ
885 4519 993 4585 τὰς
1022 4516 1509 4588 τεσσαράκοντα,
1553 4515 1674 4587 Epi-

1852 3499 1988 3556 XIV.
2037 3500 2164 3556 Post
2207 3501 2323 3556 haec
2367 3499 2672 3556 vocationis
2726 3497 2872 3555 Petri
2921 3505 3085 3568 atque
3133 3497 3366 3552 Andreae

1778 3591 1992 3645 initium
2040 3591 2385 3646 deseribitur.
2441 3590 2523 3645 Ad
2570 3590 2851 3646 Christum
2907 3590 3056 3645 enim
3115 3589 3364 3644 Andreas

1778 3681 1933 3750 adiit,
1963 3700 2104 3740 unus
2139 3701 2203 3740 ex
2247 3685 2511 3739 ambobus
2544 3684 2635 3754 qui
2675 3699 2799 3739 eum
2835 3684 3006 3739 secuti
3038 3691 3164 3740 sunt
3195 3701 3209 3750 ;
3247 3683 3366 3753 qui-

1776 3791 1881 3845 que
1919 3774 2148 3832 Joannis
2203 3788 2361 3832 erant
2407 3777 2686 3847 discipuli,
2730 3783 2784 3832 et
2830 3775 3008 3830 adhuc
3041 3776 3095 3830 in
3141 3775 3362 3829 Galilaaa

1779 3866 2087 3926 manebant,
2112 3880 2176 3920 ac
2196 3864 2390 3920 Joanni
2420 3867 2636 3921 interim
2670 3881 2890 3935 Operam
2912 3867 3134 3922 dabant.
3159 3864 3363 3920 Deinde

1776 3967 2065 4027 postquam
2091 3956 2184 4012 illo
2213 3957 2298 4013 die
2323 3973 2446 4012 cum
2469 3957 2686 4014 Christo
2713 3966 2958 4013 moratus
2979 3965 3062 4012 est
3090 3957 3362 4022 Andreas,

1777 4065 1840 4103 ac
1865 4049 1978 4118 jam
2018 4049 2152 4103 hora
2181 4048 2394 4103 decima
2423 4056 2592 4112 esset,
2645 4048 2784 4103 forte
2823 4049 3042 4111 accidit,
3080 4058 3137 4102 ut
3170 4048 3362 4103 eadem

1777 4139 1866 4195 die
1918 4141 1971 4195 in
2027 4139 2302 4196 Simonem
2341 4140 2564 4197 fratrem
2615 4141 2902 4206 incideret,
2947 4155 3118 4211 eaque
3156 4139 3364 4196 diceret

1777 4517 2006 4572 Joannis
2066 4515 2229 4570 verba
2279 4515 2363 4570 vel
2406 4515 2686 4584 minimam
2736 4515 2858 4584 ejus
2908 4512 3362 4584 signiﬁcationem

75 4586 268 4667 pbanii
307 4588 580 4667 sententia
609 4583 1323 4667 lueeest:Christumpost
1355 4605 1422 4642 ιιι,
1459 4583 1674 4645 dierum
1707 4585 1750 4639 D
1781 4591 1914 4644 dare
1965 4587 2098 4642 mihi
2133 4583 2578 4667 videntur.__Vid.e
2618 4583 2776 4667 num.
2814 4583 3364 4667 16‘,_ubi‘aceuratius

69 4658 377 4724 jejunium,
418 4664 501 4728 iet
553 4661 914 4728 tentationem
969 4661 1022 4714 in
1064 4659 1342 4715 Galilaeam
1374 4673 1498 4728 esse
1547 4674 1677 4728 pro-

75 4728 329 4801 fectum;
414 4727 766 4801 indidemque
825 4731 891 4785 ad
943 4729 1207 4801 Joannem
1253 4739 1322 4801 Aet
1377 4727 1672 4801 Jordaiiem

76 4799 381 4872 revertisse
418 4815 578 4872 :_quo
645 4799 892 4872 tempore
944 4799 1183 4872 Joannes
1229 4799 1392 4872 illum
1440 4799 1674 4872 intuitus

74 4884 307 4922 rursum
337 4869 406 4923 de
441 4870 560 4939 ipso
587 4869 820 4928 testatus
839 4881 944 4930 est.
973 4870 1128 4926 Joan.
1158 4887 1197 4936 ι,
1225 4871 1314 4926 36.
1350 4869 1488 4925 Tum
1523 4871 1672 4926 enim

75 4939 460 5012 ambulantem
482 4940 686 4996 vidisse
705 4941 890 4998 Jesum
923 4943 1118 4997 scribit
1139 4941 1401 4998 Joannes.
1436 4941 1506 4995 At
1544 4940 1674 5012 Epi-

74 5011 322 5079 phanius
347 5009 417 5063 29
439 5018 494 5065 et
524 5012 593 5067 50
617 5021 889 5066 commata
915 5028 1040 5067 eum
1075 5014 1144 5068 55
1169 5022 1223 5067 et
1256 5012 1325 5066 36
1353 5009 1674 5068 confudisse

73 5080 321 5155 videtur,
352 5096 476 5155 cum
505 5097 571 5136 ex
607 5082 898 5155 Evangelia
919 5083 1128 5155 profert
1160 5102 1173 5138 :
1210 5083 1291 5155 '[ﬁ
1314 5083 1456 5155 ann
1486 5083 1672 5154 ἡμέρᾳ

73 5150 151 5214 ὡς
181 5147 323 5223 εἶδεν
353 5150 516 5223 αὐτὸν
551 5147 958 5223 περιπατοῦντα
1007 5154 1110 5223 ἔφη
1141 5171 1154 5185 ·
1186 5147 1356 5216 Οὗτός
1386 5147 1538 5216 ἐστι,
1559 5147 1664 5207 οἱοί

74 5224 212 5286 Quae
245 5221 488 5294 diversis
541 5223 596 5276 in
628 5221 995 5278 commatihus
1043 5221 1319 5294 leguntur.
1361 5223 1530 5294 Porro
1572 5239 1670 5292 pro

73 5308 142 5366 eo
163 5291 314 5366 quod
334 5293 820 5366 vulgiidscriptuln
849 5305 950 5359 est,
995 5296 1073 5366 Τῇ
1102 5291 1408 5366 ἐπαύριον,
1434 5291 1672 5363 Epipha-

74 5361 204 5417 nius
241 5362 374 5436 legit
396 5361 488 5436 ,Τῇ
516 5364 649 5435 ἄλλῃ
672 5361 920 5436 ’ἡμέρας
963 5361 1073 5422 nisi
1099 5381 1160 5420 ea
1187 5361 1368 5436 potius
1399 5361 1664 5436 interpre-

73 5435 213 5488 tatio
244 5433 338 5486 sit.
396 5431 487 5505 Ut:
517 5444 569 5488 et
620 5431 826 5490 iios't'er'
858 5431 1134 5505 interpres
1177 5431 1403 5490 {Altera
1467 5431 1572 5489 die.
1599 5434 1669 5488 At

75 5505 256 5577 prima
298 5503 644 5577 _tes_tiileatio
677 5505 843 5575 paulo
872 5503 1375 5577 post—baptismum
1415 5505 1554 5559 facta
1590 5505 1668 5558 vi-

71 5574 255 5646 detur.
298 5571 462 5646 Unde,
513 5571 1042 5645 inter-baptismum
1074 5571 1302 5642 Christi,
1343 5592 1406 5631 ac
1435 5577 1664 5646 primam

73 5645 225 5718 illam
295 5645 769 5718 testilicatioAnem,
795 5656 850 5701 et
884 5648 1258 5718 apostolorum
1295 5645 1663 5718 vocationem,

71 5713 475 5787 profectionem
509 5716 563 5771 in
597 5716 873 5774 Galilaeam
914 5713 1296 5773 intercessisse
1337 5726 1489 5787 putat
1536 5715 1666 5786 Epi-

73 5785 367 5859 phanium.
395 5785 588 5856 Dequa
620 5789 956 5859 proiectione
989 5789 1130 5843 haud
1163 5790 1279 5844 scio
1296 5785 1372 5859 an,
1401 5785 1665 5856 interpre-

74 5861 222 5922 tum,
257 5855 635 5916 docturuinve'
661 5862 952 5930 quisquam
984 5860 1312 5918 meminerit.
1351 5858 1459 5916 Sed
1487 5855 1664 5930 neque

1779 4675 1842 4715 ea
1885 4669 2187 4727 temporum
2205 4655 2486 4711 intervalla
2500 4655 2843 4726 digeruntur.
2875 4653 3008 4727 Post
3027 4653 3362 4727 baptismum

1778 4747 1848 4785 XL
1896 4722 2106 4784 dierum
2157 4726 2430 4797 jejunium
2481 4722 2778 4794 sequitur:
2819 4733 2934 4797 tum
2973 4722 3365 4797 _hebd_omades

1778 4801 1892 4856 fere
1921 4799 2062 4861 duae,
2098 4791 2300 4868 quibus
2352 4791 2605 4852 Νεαποὶί
2645 4797 2698 4850 in
2722 4795 2906 4868 patria
2932 4795 3089 4868 vixit.
3123 4791 3261 4846 lslinc
3292 4794 3362 4849 ad

1775 4871 2041 4926 Joannem
2071 4866 2386 4930 revertitur,
2421 4883 2449 4921 a
2472 4881 2583 4937 quo
2610 4867 2827 4938 agnitus
2861 4881 2924 4938 ac
2952 4866 3362 4920 demonstratus

1775 4951 1898 5004 est;
1933 4955 1995 4994 ac
2027 4948 2157 4994 tunc
2187 4938 2436 4994 Andreas
2461 4940 2612 4992 illum
2643 4937 2766 4990 cuni
2803 4937 2955 4991 socio
2985 4941 3212 4990 secutus
3238 4944 3360 5001 est;

1778 5013 1904 5068 inde
1940 5011 2162 5076 Petrus;
2218 5018 2341 5080 post
2371 5010 2772 5080 Philippushac
2795 5006 3133 5080 Nathanael;
3170 5019 3364 5060 secun-

1776 5085 1904 5137 dum
1961 5097 2083 5152 qua:
2131 5076 2337 5152 nuptiis
2363 5076 2805 5152 interluit._Qum
2841 5077 3022 5132 omnia
3064 5082 3301 5152 (tuorum
3330 5092 3360 5132 a

1776 5146 2048 5224 baptismo
2081 5146 2692 5224 me_nsium__intervallo
2727 5157 2876 5224 gesta
2905 5157 3056 5224 putat
3083 5163 3108 5224 ;_
3138 5146 3242 5224 hoc
3277 5156 3362 5202 est

1775 5217 1952 5296 usque
1973 5223 2041 5296 _a_d
2068 5239 2118 5276 v1
2149 5221 2563 5296 Januarii,_quo
2585 5219 2672 5274 die
2697 5217 2917 5296 nuptiis
2939 5217 3206 5296 interfuit,
3233 5233 3360 5270 eum

1771 5311 1824 5348 vr
1860 5285 1937 5349 id.
1972 5293 2231 5356 Novemb,
2273 5299 2333 5345 ut
2363 5285 2665 5344 arbitratur
2698 5285 3058 5360 Epiphanius,
3099 5302 3128 5360 a
3151 5285 3364 5342 Joanne

1774 5366 2085 5435 baptizatus
2133 5369 2298 5418 essirt.
2353 5360 2702 5435 colliguntur
2731 5359 2849 5435 dies
2878 5376 2968 5435 Lg;
2991 5359 3256 5435 nimirum
3296 5373 3362 5435 xl.

1767 5431 1962 5506 jejunii
1990 5453 2005 5502 ;
2047 5441 2174 5506 tum
2205 5449 2316 5506 _xtv.
2351 5432 2551 5502 quibus
2577 5433 2648 5506 in
2680 5432 2875 5502 patria,
2906 5431 3362 5506 Galilaeacoristi—

1772 5496 1851 5560 iii.
1898 5496 2097 5560 Postea
2128 5503 2350 5557 biduum
2371 5496 2493 5574 'quo
2524 5501 2590 5556 ad
2619 5496 2884 5574 Joannem
2913 5500 3189 5574 kaccessit.
3227 5496 3359 5574 Item

1770 5576 1999 5630 biduum
2051 5574 2220 5638 aliud,
2254 5589 2377 5627 cum
2400 5567 2414 5574 ’
2440 5573 2706 5632 Andreas.
2749 5572 2874 5626 inde
2912 5572 3106 5627 Petrus
3134 5567 3359 5638 sesead

1769 5662 1893 5720 eum
1925 5636 2293 5720 applicarunt.
2326 5644 2512 5720 Altera
2557 5659 2685 5698 vero
2710 5643 2798 5720 die
2820 5641 3125 5720 Philippus,
3150 5654 3220 5720 ac
3253 5636 3360 5690 Na-

1771 5712 2008 5790 thanae]:
2035 5716 2264 5790 vocati;
2324 5716 2562 5790 denique
2594 5714 2787 5790 _tertio
2815 5714 2904 5790 die
2953 5712 3075 5784 post
3110 5712 3363 5790 ultimum

1770 5787 1902 5841 illud
1959 5786 2212 5855 hiduhm,
2253 5780 2487 5858 nuptiae
2523 5785 2851 5842 subsecutae.
2888 5780 2970 5851 Ita'
3010 5798 3075 5838 ιι
3108 5780 3224 5835 dies
3265 5793 3377 5851 ιιι(

1769 5859 2008 5931 plentur.
