3846 6284
474 302 590 399 eis

1878 365 1935 420 S.
1996 362 2343 421 ΕΡΙΡΠΑΜΙ

3676 368 3772 423 916

471 474 594 531 quia
644 461 810 532 paulo
860 470 985 521 ante
1041 472 1585 526 commemoravimus
1620 492 1630 527 :
1663 473 1801 541 Quia
1860 477 2053 533 inveni-

2165 480 2232 532 τὰ
2263 478 2661 551 προειρημένγ
2699 482 2822 535 Ὅτι
2857 481 3172 553 εὑρήκαμεν
3200 481 3469 536 Μεσσίαν
3509 480 3609 533 καὶ
3644 482 3775 545 ἀγει-

472 566 598 609 mus
632 549 913 621 Messian);
948 557 1137 628 sicque
1174 559 1323 613 illum
1376 562 1441 615 ad
1483 562 1763 621 Christum
1802 568 2066 638 perduce-

470 648 576 710 ret,
611 651 715 701 etc.
752 644 950 703 Secuta
979 660 1108 705 sunt
1152 652 1240 707 illa
1282 654 1560 728 deinceps,
1617 668 1677 715 ut
1725 663 1775 718 ei
1806 663 2013 720 diceret
2047 684 2060 719 :

475 734 556 790 Tu
587 738 855 795 vocaberis
906 741 1128 812 Cephas.
1178 744 1245 800 In
1297 753 1592 807 crastinum
1630 756 1815 822 voluit,
1864 757 2059 828 inquit,

472 827 616 882 exire
669 830 721 884 in
765 831 1078 900 Galilaeam,
1119 846 1169 891 et
1224 840 1419 895 invenit
1458 842 1796 915 Philippum,
1836 859 1886 902 et
1929 827 2061 902 dicit

473 921 522 974 ei
543 919 700 978 Jesus
730 941 749 979 :
776 924 999 997 Sequere
1031 947 1128 985 me.
1163 930 1297 987 Erat
1322 946 1497 990 autem
1536 935 1809 1010 Philippus
1841 958 1873 995 a
1902 941 2062 997 Beth-

473 1015 652 1081 saida,
678 1019 888 1074 civitate
924 1022 1151 1079 Andrea:
1179 1036 1228 1080 et
1262 1026 1413 1083 Petri
1435 1032 1475 1083 ί.
1504 1028 1673 1089 Vides
1714 1036 2064 1106 quemadmo-

472 1104 603 1162 dum
633 1111 982 1181 cogitandum
1032 1117 1191 1174 nobis
1230 1119 1363 1177 illud
1401 1124 1675 1197 relinquat
1705 1104 1816 1195 {ex
1845 1127 2061 1185 duobus

473 1198 582 1255 illis
610 1198 836 1261 Joannis
880 1206 1187 1279 discipulis,
1213 1214 1308 1283 qui
1353 1213 1633 1273 Christum
1680 1220 1853 1275 secuti
1896 1229 2058 1285 sunt;

471 1306 706 1364 quorum
742 1297 906 1355 unius
954 1316 1174 1369 nomen,
1216 1305 1448 1364 Andreae
1503 1311 1732 1378 scilicet,
1767 1315 2058 1383 expressit,

472 1386 699 1443 alterius
736 1391 930 1459 tacuit,
966 1392 1113 1450 hunc
1150 1397 1326 1467 ipsum
1366 1416 1489 1458 esse
1536 1401 1867 1475 Philippum,
1900 1406 2059 1476 cujus

470 1491 671 1533 nomen
716 1488 801 1535 est
850 1484 1136 1550 omissum,
1167 1487 1312 1558 quod
1342 1498 1396 1545 et
1427 1494 1706 1563 popularis
1727 1495 1865 1565 ejus
1889 1503 2055 1561 esset,

469 1569 635 1642 437
671 1581 725 1628 et
774 1576 1208 1647 contubernalis,
1259 1591 1314 1638 et
1372 1587 1621 1643 eamdem
1671 1596 1841 1645 artem
1893 1598 2058 1662 atque

470 1664 746 1734 opiﬁcium
774 1678 1072 1726 exerceret.
1106 1672 1220 1729 Nisi
1253 1674 1393 1733 forte
1431 1676 1695 1735 Joannem
1737 1683 1931 1750 mavis,
1964 1694 2057 1739 aut

469 1752 731 1812 Jacobum
765 1758 1010 1817 Zebedaei
1046 1762 1237 1820 lilium.
1283 1766 1499 1825 Primos
1531 1770 1676 1825 enim
1712 1775 1893 1829 vocari
1936 1775 2057 1831 illos

2166 574 2282 640 γεῖν
2309 572 2469 625 αὑτὸν
2497 572 2633 644 πρὸς
2655 572 2745 624 τὸν
2768 570 2994 645 Κύριον,
3020 574 3115 626 καὶ
3137 574 3206 627 τά
3229 573 3374 643 ἑξῆς.
3406 572 3522 625 Καὶ
3553 572 3640 635 ὡς
3666 574 3775 639 ἔχει

2165 666 2196 735 ἡ
2235 664 2549 731 ἀκολουθία,
2586 666 2666 719 ὅτι
2710 662 2862 719 εἶπεν
2903 665 3072 737 αὐτῷ·
3102 667 3187 720 Σὺ
3215 664 3501 734 κληθήσῃ
3530 663 3773 733 Κηφᾶς.

2164 757 2275 812 Καὶ
2297 756 2370 826 τῇ
2397 759 2687 827 ἐπαύριον
2715 757 3000 827 ἠθέλησε,
3038 759 3225 831 φησὶν,
3246 758 3523 823 ἐξελθεῖν
3540 761 3638 823 εὶς
3663 758 3777 821 τὴν

2165 850 2530 914 Γαλιλαίαν,
2593 852 2691 905 καὶ
2744 852 3014 921 εὑρίσκει
3071 852 3390 913 Φίλιππον,
3445 854 3550 906 καὶ
3604 852 3773 919 λέγει

2164 940 2326 1006 αὐτῷ
2351 944 2384 995 δ
2425 942 2675 1010 Ἰησοῦς·
2720 944 3057 999 Ἀκολούθει
3082 963 3204 1015 μοι.
3237 941 3348 999 Ἦν
3369 945 3435 998 δὲ
3458 946 3771 1009 Φίλιπεπς

2163 1033 2283 1087 ἀπὸ
2310 1034 2640 1103 Βηθσαϊδᾶ,
2684 1035 2751 1089 ἐκ
2782 1038 3016 1102 πόλεως
3064 1036 3334 1106 Ἀνδρέου
3372 1039 3469 1090 καὶ
3510 1038 3769 1105 Πέτρα.

2164 1128 2273 1181 Καὶ
2301 1128 2454 1197 ὁρᾷς,
2499 1129 2581 1180 ὅτι
2623 1129 2686 1181 τὸ
2722 1130 3073 1202 διανοηθῆναι
3108 1132 3240 1201 ἡμῖν
3268 1131 3505 1193 δίδωσιν,
3537 1132 3624 1184 ὅτι
3662 1130 3771 1182 τῶν

2161 1214 2254 1269 δύο
2305 1217 2414 1270 τῶν
2472 1218 2959 1290 ἀκολουθησάντων
3018 1221 3477 1293 μαθητευομὲνων
3536 1223 3641 1292 μὲν

2163 1305 2406 1381 Ἰωάννῃ,
2441 1310 2498 1376 ἐξ
2526 1304 2600 1365 ὧν
2632 1310 2751 1374 ἑνὸς
2780 1312 2841 1365 τὸ
2878 1312 3049 1383 ὄνομα
3088 1313 3330 1384 εἴρηκεν,
3372 1313 3455 1367 ὅτι
3500 1314 3769 1386 Ἀνδρέας

2159 1394 2248 1471 ἦν,
2287 1400 2382 1453 τοῦ
2412 1401 2469 1453 δὲ
2497 1401 2657 1455 ἄλλον
2705 1405 2805 1457 οὐκ
2850 1402 3091 1477 εἴρηκεν*
3121 1404 3197 1468 ὡς
3240 1404 3573 1459 διανοεῖσθαι
3613 1408 3769 1477 ἡμᾶς

2159 1491 2349 1545 τοῦτον
2372 1489 2531 1557 εἶναι,
2553 1487 2614 1547 οὗ
2633 1494 2694 1547 τὸ
2716 1494 2888 1565 ὄνομα
2907 1495 3006 1547 οὐκ
3028 1494 3239 1567 εἴρηκε,
3263 1495 3349 1549 διὰ
3370 1496 3430 1548 τὸ
3449 1497 3765 1568 όμόχωρον,

2159 1584 2248 1639 διὰ
2285 1585 2345 1639 τὸ
2375 1584 2665 1657 σύσκηνον,
2703 1585 2792 1639 διὰ
2821 1587 2881 1639 τὸ
2912 1588 3222 1658 ὁμότεχνον,
3254 1587 3341 1640 διὰ
3374 1587 3435 1640 τὸ
3463 1589 3763 1659 όμοεργές·

2159 1675 2193 1746 ἢ
2234 1676 2326 1730 τὸν
2356 1674 2609 1747 Ἰωάννην
2651 1671 2813 1741 εἶναι,
2848 1676 2881 1747 ἢ
2916 1676 3006 1730 τὸν
3045 1678 3321 1743 Ἰάκωϐον,
3362 1679 3459 1732 ἕνα
3489 1680 3602 1733 τῶν
3632 1681 3770 1731 υἱῶν

2160 1766 2470 1822 Ζεϐεδαίου.
2535 1768 2683 1821 Ἔδει
2745 1767 2854 1839 γάρ
2904 1766 3131 1832 τούτους
3189 1771 3405 1840 πρῶτον
3458 1771 3763 1840 κληθῆναισ

470 1850 750 1919 oportuit;
781 1860 896 1907 tum
926 1854 1187 1927 deinceps
1223 1856 1555 1931 Philippum,
1596 1878 1706 1933 quo
1740 1865 1794 1919 in
1820 1864 2053 1938 Evange-

2162 1858 2355 1913 ἔπειτα
2387 1858 2478 1913 τὸν
2503 1859 2790 1923 Φίλιππον,
2831 1859 2973 1912 κατὰ
2997 1861 3096 1931 τὴν
3131 1860 3470 1926 ἀκολουθίαν,
3501 1863 3582 1925 ὡς
3603 1864 3769 1915 τέτα-

469 1938 560 1994 liis
607 1942 797 1998 ordine
852 1956 1233 2002 numerantur.
1310 1948 1507 2007 Petrus
1557 1954 1768 2023 primus
1800 1996 1813 2019 ,
1862 1957 2059 2013 deinde

472 2031 740 2100 Andreas,
771 2045 883 2090 tum
925 2036 1197 2106 Jacobus,
1240 2041 1364 2097 inde
1411 2042 1674 2111 Joannes,
1715 2056 1901 2119 postea
1943 2048 2063 2103 Phi-

471 2124 671 2196 lippus.
725 2126 832 2184 Sed
870 2131 937 2187 de
979 2131 1047 2188 iis
1094 2133 1383 2192 hactenus.
1428 2135 1670 2208 Longius
1718 2139 1863 2194 enim
1913 2147 2060 2211 patet

472 2215 577 2271 ista
607 2216 930 2289 disputatio.

541 2392 657 2450 XV.
693 2395 850 2456 Nunc
883 2402 950 2458 ad
988 2403 1043 2459 id
1069 2406 1217 2476 quod
1243 2413 1362 2462 erat
1393 2407 1447 2462 in
1478 2410 1783 2478 quzestione
1816 2413 2053 2468 redeun-

471 2485 601 2541 dum
632 2500 736 2556 est,
761 2492 1043 2561 nimirum,
1080 2498 1487 2556 observandum
1521 2503 1655 2557 illud
1685 2519 1828 2571 esse,
1860 2521 2053 2576 quem-

472 2577 767 2637 admodum
808 2583 888 2639 illi
920 2602 1043 2643 cum
1081 2587 1310 2646 Joannis
1355 2605 1544 2649 essent
1584 2595 1864 2666 discipuli,
1894 2598 2055 2667 eique

469 2682 736 2729 navarent
766 2690 1029 2746 .Operam,
1065 2682 1210 2750 apud
1254 2680 1440 2739 Jesum
1478 2685 1655 2757 prima
1703 2688 1792 2743 die
1831 2703 2053 2744 manse-

467 2770 621 2817 runt.
656 2764 703 2818 A
735 2779 843 2836 quo
878 2771 1143 2839 postridie
1171 2772 1426 2844 digressi,
1470 2777 1670 2832 iterum
1718 2779 1784 2833 ad
1832 2781 2053 2848 piscan-

469 2853 600 2910 dum
644 2859 850 2915 reversi
899 2872 1050 2928 sunt,
1090 2866 1167 2919 uti
1212 2875 1540 2923 czeterorum
1592 2872 2053 2941 evangelistarum

467 2951 718 3005 narratio
760 2953 1026 3009 continet.
1065 2953 1279 3010 Etenim
1325 2958 1418 3013 ubi
1470 2959 1630 3016 Jesus
1674 2970 1891 3032 postera
1934 2966 2055 3022 luce

469 3042 753 3106 discessit,
790 3046 976 3099 statim
1008 3050 1322 3119 evangelica
1354 3051 1489 3106 illud
1526 3054 1757 3110 historia
1789 3059 2010 3129 subjicit
2038 3078 2053 3115 :

468 3132 569 3189 Die
604 3138 758 3189 tertia
795 3140 991 3205 nuptiae
1037 3140 1198 3209 facta:
1243 3154 1367 3198 sicut
1416 3146 1470 3200 in
1509 3144 1660 3201 Cana
1699 3147 1973 3215 Galilazaz;
2006 3160 2055 3205 et

466 3236 581 3279 erat
623 3238 791 3283 mater
820 3230 950 3286 Jesu
980 3232 1075 3288 ibi.
1119 3234 1346 3292 Vocatus
1379 3250 1457 3293 est
1497 3251 1675 3296 autem
1712 3252 1761 3296 et
1792 3241 1972 3311 Iesus,
2002 3256 2052 3301 et

468 3315 720 3388 discipuli
739 3322 853 3390 ejus
884 3324 954 3377 ad
986 3330 1201 3395 nuptias
1225 3331 1265 3382 '.
1294 3329 1397 3385 Ubi
1433 3348 1499 3387 ex
1532 3335 1837 3391 enucleatis
1873 3340 2052 3393 utrin-

467 3424 576 3478 que
637 3413 976 3481 minutisque
1033 3419 1218 3475 verbis
1276 3435 1342 3475 ac
1398 3425 1685 3480 sententiis
1741 3427 2049 3498 colligitur,

467 3498 748 3557 Christum
800 3505 939 3561 alios
989 3523 1178 3564 Secum
1227 3511 1526 3570 adduxisse
1575 3515 1900 3588 discipulos,
1958 3523 2052 3591 qui

468 3603 596 3643 cum
638 3606 706 3645 eo
753 3607 1153 3652 remanserant.
1198 3599 1521 3671 Cujusmodi
1572 3604 1713 3663 forte
1752 3606 2053 3666 Nathanael

468 3677 594 3743 fuit,
626 3688 681 3735 et
721 3680 1029 3754 Philippus,
1073 3689 1278 3760 aliique
1313 3694 1600 3763 nonnulli;
1642 3712 1769 3752 nam
1802 3700 2052 3759 Andreas

466 3783 593 3825 cum
629 3774 748 3829 suis
790 3787 1114 3835 recesserat.
1151 3781 1256 3849 Qui
1288 3800 1418 3841 vero
1456 3789 1601 3858 apud
1641 3791 1795 3848 illum
1835 3810 2055 3853 manse-

466 3872 615 3931 rant,
657 3881 781 3922 cum
816 3884 883 3924 eo
913 3871 979 3925 ad
1021 3875 1244 3946 nuptias
1276 3876 1491 3934 invitati
1526 3891 1674 3938 sunt.
1705 3883 1902 3943 Postea
1925 3904 2050 3943 cum

468 3958 708 4029 primum
741 3961 873 4017 illud
906 3967 1218 4038 prodigium
1266 3969 1511 4039 fecisset,
1563 3976 1616 4030 in
1670 3977 2056 4050 Capharnaitiv

467 4066 594 4105 cum
644 4067 836 4123 agrum
873 4059 1155 4127 profectus
1207 4063 1408 4119 ibidem
1462 4066 1726 4125 habitavit
1773 4091 1787 4129 :
1828 4088 1898 4129 ex
1943 4091 2054 4147 quo

466 4148 719 4213 tempore
768 4147 877 4201 alia
930 4149 1190 4223 deinceps
1236 4156 1505 4213 miracula
1557 4163 1725 4232 coepit
1765 4165 1949 4230 edere,
1996 4177 2051 4222 ut

466 4248 594 4287 cum
619 4236 831 4292 aridam
855 4239 1094 4299 hominis
1120 4261 1343 4303 manum
1368 4252 1593 4306 sanitati
1623 4255 1883 4310 restituit.
1913 4257 2051 4313 Tum

466 4322 613 4381 Petri
646 4343 870 4385 socrum
899 4336 1134 4391 curavit.
1172 4337 1269 4393 llic
1298 4342 1444 4397 enim
1470 4342 1758 4401 Bethsaida
1783 4351 2054 4409 oriundus

466 4434 533 4475 ex
569 4422 772 4492 oppido
811 4424 1196 4498 Capharnaum
1241 4451 1471 4491 uxorem
1504 4438 1756 4507 duxerat,
1791 4461 1912 4515 quae
1941 4445 2053 4501 duo

2162 1952 2363 2006 κταιέν
2379 1952 2490 2015 τοῖς
2518 1950 2891 2021 Εὑαγγελίοιςο
2922 1950 3130 2022 Πέτρος
3158 1952 3393 2024 πρῶτος,
3419 1953 3617 2006 ἔπειτα
3644 1956 3767 2006 Ἀν-

2157 2043 2342 2115 δρέας,
2392 2041 2510 2098 εἷτα
2561 2043 2843 2107 Ἰάκωϐος,
2885 2039 3005 2096 εἶτα
3044 2043 3318 2115 Ἰωάννηςο
3355 2045 3501 2116 μετά
3531 2044 3767 2107 τούτους

2160 2135 2446 2200 Φίλιππος.
2482 2135 2646 2189 Ἀλλὰ
2690 2135 2819 2204 περὶ
2858 2135 3064 2189 τούτων
3096 2135 3165 2189 τά
3205 2135 3300 2190 νῦν
3338 2136 3526 2190 ὲάσθω
3556 2136 3742 2205 λέγειν

2160 2228 2336 2299 Πολλὴ
2381 2229 2491 2299 γάρ
2533 2214 2680 2283 ἐστιν
2729 2229 2762 2300 ἡ
2811 2226 2910 2298 τῆς
2958 2228 3343 2299 πραγματείας
3386 2227 3601 2301 ταύτης
3632 2229 3765 2282 ἀκο-

2157 2321 2364 2374 λουθία.
2948 2324 2960 2336 ’

2227 2438 2329 2490 ΙΕ’.
2364 2437 2459 2501 Εἰς
2484 2436 2540 2489 δὲ
2567 2437 2628 2489 τὸ
2658 2432 2995 2509 ζητούμενον
3021 2434 3432 2508 ἀνακαμπτὲον,
3470 2438 3615 2510 ὅπερ
3643 2438 3761 2491 ἐστὶ

2157 2532 2516 2601 κατανοῆσαι,
2556 2530 2660 2593 ὅτι,
2718 2530 2972 2601 καθάπερ
3022 2530 3101 2601 τῷ
3163 2529 3383 2602 Ἰωάννῃ
3424 2530 3527 2600 ἤδη
3584 2531 3760 2600 μαθη-

2155 2621 2455 2693 τευόμενοι,
2492 2621 2588 2673 καὶ
2617 2624 2685 2692 τῇ
2720 2621 2985 2693 μαθητείᾳ
3011 2622 3456 2693 προσανέχοντες,
3485 2622 3761 2686 ὡσαύτως

2156 2714 2249 2766 καὶ
2278 2713 2427 2784 παρά
2455 2712 2533 2784 τῷ
2573 2713 2749 2785 Ἰησοῦ
2797 2715 3123 2785 ποιήσαντες
3155 2713 3377 2787 πρώτην
3422 2716 3669 2787 ἡμέραν,
3690 2720 3757 2787 τῇ

2156 2803 2283 2873 ἑξῆς
2328 2804 2678 2870 ἀπελθόντες,
2726 2804 2888 2858 πάλιν
2934 2807 2991 2858 ὲν
3053 2808 3117 2877 τῇ
3165 2806 3291 2877 ἁλία
3330 2807 3650 2877 ἐσχόλαζον,
3682 2809 3756 2871 ὡς

2155 2892 2373 2963 ἔχουσιν
2436 2895 2492 2946 αἱ
2564 2893 2876 2948 ἀκολουθίαι
2935 2894 3042 2947 τῶν
3123 2896 3325 2967 ἑτέρων
3376 2898 3750 2967 Εὐαγγελξων.

2157 2986 2313 3040 Μετὰ
2343 2985 2454 3057 γὰρ
2484 2987 2544 3040 τὸ
2576 2987 2674 3057 τὴν
2700 2984 2890 3058 αὔριον
2930 2986 3166 3053 ἐξελθεῖν
3190 2988 3278 3041 τὸν
3322 2989 3556 3061 Ἰησοῦν,
3591 2991 3753 3052 εὐθὺς

2158 3079 2195 3149 ἡ
2235 3077 2523 3131 ἀκολουθία
2570 3079 2805 3147 φάσκει,
2844 3079 2925 3132 ὅτι
2985 3077 3063 3145 Τῇ
3112 3079 3279 3148 τρίτῃ
3317 3081 3505 3149 ἡμέρᾳ
3568 3082 3751 3153 γάμος

2083 3185 2126 3241 C
2157 3168 2393 3240 ἐγένετο
2447 3170 2515 3224 ἐγ
2559 3168 2725 3236 Κανᾷ
2770 3168 2881 3238 τῆς
2914 3170 3279 3237 Γαλιλαίας·
3318 3173 3415 3226 καὶ
3451 3169 3533 3244 ἦν
3560 3174 3689 3227 ἐκεῖ
3718 3178 3750 3240 ὴ

2156 3260 2352 3332 μήτηρ
2386 3260 2492 3316 τοῦ
2541 3261 2752 3330 Ἰησοῦ.
2795 3261 3055 3330 Ἐκλήθη
3076 3260 3142 3314 δὲ
3184 3261 3284 3315 καὶ
3316 3265 3350 3316 ό
3394 3263 3635 3332 Ἰησοῦς
3655 3264 3747 3320 καὶ

2161 3356 2215 3407 οἱ
2238 3353 2489 3420 μαθηταὶ
2512 3353 2697 3408 αὐτοῦ
2718 3355 2804 3420 εἰς
2834 3353 2943 3407 τόν
2975 3352 3184 3423 γάμον.
3229 3353 3359 3407 Ἀπὸ
3380 3354 3436 3407 δὲ
3469 3355 3750 3426 ἑκατέρων

2159 3445 2267 3499 τῶν
2294 3446 2394 3514 τῆς
2416 3446 2771 3515 λεπτολογίας
2807 3447 3069 3519 ῥημάτων
3110 3446 3205 3501 καὶ
3235 3446 3551 3501 ὑποθέσεων
3580 3449 3751 3501 ἰστέον

2162 3538 2330 3603 ἐστὶν,
2361 3540 2445 3591 ὅτι
2474 3540 2568 3591 καὶ
2595 3539 2819 3611 ἐτέρους
2855 3540 3275 3613 συμπαρείληφε
3316 3539 3595 3612 μαθητὰς,
3618 3542 3749 3594 ait:-

2160 3650 2249 3696 νες
2281 3632 2379 3685 σὺν
2431 3631 2577 3702 αὑτῷ
2606 3631 2851 3703 ἔμειναν.
2904 3632 3058 3704 Τάχα
3103 3633 3160 3686 δὲ
3195 3634 3245 3687 οἱ
3274 3635 3403 3705 περὶ
3427 3633 3746 3705 Ναθαναὴλ,

2162 3722 2257 3775 καὶ
2281 3721 2565 3786 Φίλιππον,
2586 3723 2679 3776 καὶ
2711 3722 2860 3777 ἄλλοι
2883 3723 3049 3787 τινές.
3090 3725 3151 3777 Οἱ
3176 3724 3284 3797 γὰρ
3324 3724 3452 3797 περὶ
3491 3725 3745 3795 Ἀνδρέαν

2160 3812 2538 3887 ἀνεχώρησαν.
2563 3815 2627 3868 Οἱ
2650 3814 2706 3868 δὲ
2726 3816 2857 3888 παρ’
2882 3815 3031 3887 αὐτῷ
3050 3817 3418 3887 μεμενηκότες
3437 3816 3746 3888 ἐκλήθησαν

2162 3912 2258 3965 καὶ
2313 3912 2466 3964 αὐτοὶ
2524 3913 2604 3975 εἰς
2645 3911 2773 3975 τοὺς
2819 3911 3054 3982 γάμους.
3095 3912 3205 3965 Καὶ
3245 3911 3380 3983 μετὰ
3423 3912 3486 3964 τὸ
3524 3912 3747 3984 ποιῆσαι

2161 4004 2318 4058 τοῦτο
2360 4004 2572 4075 πρῶτον
2630 4006 2876 4075 σημεῖον,
2928 4002 3205 4058 κατελθὼν
3260 4006 3338 4067 εἰς
3372 4003 3441 4057 τὰ
3483 4004 3628 4075 μέρη
3652 4003 3748 4072 τῆς

2163 4094 2542 4167 Καφαρναοὺμ
2569 4093 2737 4147 ἐλθὼν
2790 4094 3099 4166 κατῴκησε’
3137 4096 3229 4148 καὶ
3282 4095 3468 4150 λοιπὸν
3544 4099 3745 4166 σημεῖα

2162 4188 2279 4241 ὲκεί
2319 4186 2432 4258 (38)
2476 4186 2705 4259 ἄρχεται
2754 4186 3083 4259 ἐργάζεσθαι
3127 4187 3317 4259 ἕτερα·
3365 4190 3455 4242 ὅτε
3497 4187 3601 4260 τὴν
3657 4186 3745 4240 τού

2164 4276 2334 4349 ξηρὰν
2368 4276 2583 4347 ἔχοντος
2617 4280 2774 4349 χεῖρα
2802 4278 3007 4332 ἰάσατο.
3046 4278 3205 4332 Ἀλλά
3228 4279 3323 4333 καὶ
3346 4278 3445 4351 τὴν
3477 4280 3746 4353 πενθερὰν

2160 4368 2254 4422 τοῦ
2288 4368 2515 4440 Πέτρου,
2550 4370 2645 4423 τοῦ
2680 4370 2778 4441 μὲν
2819 4370 2928 4424 ἀπὸ
2965 4371 3242 4443 Βηθσαῖδᾶ
3267 4372 3440 4439 ὄντος,
3466 4376 3746 4444 γήμαντος

2160 4458 2214 4511 δὲ
2233 4458 2339 4512 ἀπὸ
2370 4460 2769 4530 Καφαρναοὺμ,
2804 4461 3022 4532 μακρὰν
3044 4462 3064 4493 ³
3084 4462 3254 4516 ὄντων
3280 4463 3387 4516 τῶν
3416 4464 3603 4517 τόπων
3628 4464 3743 4519 τού-

466 4517 669 4587 oppida
707 4519 850 4577 haud
888 4526 1079 4593 procul
1109 4541 1139 4580 a
1175 4544 1234 4584 se
1270 4529 1504 4587 invicem
1538 4533 1737 4591 dissita
1771 4546 1921 4594 sunt.
1951 4540 2043 4596 So.

2159 4566 2261 4602 των
2278 4546 2356 4617 τῷ
2388 4548 2735 4621 διαστήματι,
2770 4551 2973 4622 ταύτην
3010 4550 3117 4606 ἀπὸ
3143 4553 3238 4607 τοῦ
3275 4553 3514 4626 πυρετοῦ
3546 4554 3743 4609 διασὼο

462 4622 599 4665 crus
634 4610 803 4681 igitur
835 4612 981 4671 Petri
1016 4633 1046 4671 a
1080 4617 1328 4677 febribus
1359 4622 1589 4679 liberata
1619 4638 1843 4698 repente
1880 4630 2048 4686 mini-

462 4700 685 4755 8travit.
722 4702 818 4759 Sic
856 4707 1000 4760 enim
1039 4711 1378 4767 narrationis
1420 4713 1559 4769 ordo
1591 4720 1916 4786 pertexitur.
1955 4721 2053 4779 llis

464 4791 539 4846 ita
580 4796 751 4865 gestis
790 4795 1142 4865 Nazaretum,
1196 4804 1286 4858 ubi
1331 4805 1601 4863 educatus
1636 4809 1837 4877 fuerat,
1870 4813 2052 4872 denuo

461 4887 779 4944 revertitur.
816 4889 953 4946 Tum
986 4893 1205 4949 demum
1248 4898 1399 4953 Isaiae
1426 4901 1706 4970 prophetae
1738 4904 1939 4961 librum
1973 4909 2049 4964 le-

462 4975 563 5043 git,
586 4980 809 5045 quando
839 4993 892 5038 et
922 4988 1283 5061 occupatione
1311 4991 1551 5061 quadam
1583 4994 1665 5049 sic
1695 4995 1817 5053 illos
1840 4998 2048 5055 allocu-

463 5072 554 5122 tus
586 5075 672 5125 est
702 5089 716 5126 :
750 5072 940 5145 Utique
975 5077 1159 5134 dicetis
1194 5082 1324 5138 mihi
1360 5084 1496 5139 hanc
1531 5086 1846 5154 parabolam
1883 5106 1901 5144 :
1932 5090 2047 5146 Me-

532 5269 552 5300 ⁸
582 5269 743 5329 Joan.
776 5288 813 5338 I,
841 5273 911 5327 42
942 5290 1063 5345 sqq.
1139 5279 1158 5309 ³
1184 5277 1340 5335 Joan.
1375 5299 1435 5347 η,
1463 5285 1483 5337 l
1530 5302 1629 5357 sqq

529 5444 642 5533 S38)
674 5447 806 5533 Keil“
836 5449 1313 5533 .totadrno'nyeia
1378 5456 1519 5511 ἐκεῖ.
1552 5457 1682 5515 Post
1729 5464 2045 5533 nuptiarum

455 5514 695 5600 ofﬁcium
748 5520 1004 5600 Christus
1044 5514 1446 5600 Capharuaum
1490 5544 1611 5600 sese
1642 5514 2045 5600 *coiiilﬁii,“

457 5589 909 5667 ιηόόίεςὶιιᾏῐηυΙ-ιιιΔ
923 5589 1140 5667 patrata
1160 5595 1333 5649 credit
1355 5594 1715 5667 Epiphanius,
1746 5589 1902 5658 velut,
1921 5589 2047 5660 cum

456 5673 679 5713 socrum
708 5659 852 5716 Petri
888 5659 1207 5718 febrientem
1223 5659 1472 5731 curavit;
1488 5676 1540 5723 et
1567 5659 1777 5725 aridam
1806 5659 2047 5730 hominis

463 5741 689 5807 {narium
723 5734 983 5807 restituit.
1046 5732 1157 5807 Sed
1181 5750 1462 5807 perperam
1493 5738 1609 5795 base
1638 5743 1748 5795 duo
1781 5748 2044 5800 miracula

466 5794 527 5853 in
580 5800 722 5856 idem
780 5803 995 5877 tempus
1039 5794 1309 5876 conjecta.
1368 5807 1501 5863 Nam
1533 5794 2044 5880 alterum,lioeveis‘t

2159 4637 2262 4702 ζει,
2298 4636 2391 4689 καὶ
2442 4636 2839 4709 θεραπευθείσα
2876 4640 3112 4712 διηκόνει
3136 4659 3150 4673 ·
3180 4642 3320 4695 ὥστε
3361 4638 3504 4696 εἶναι
3541 4645 3742 4716 ταύτην

2155 4727 2497 4784 ἀκολουθίαν.
2547 4730 2658 4783 Καὶ
2703 4730 2839 4799 μετά
2870 4730 3043 4785 ταῦτα
3079 4732 3240 4787 πάλιν
3285 4732 3452 4786 αὐτού
3483 4733 3742 4806 ἀναστρέ-

2152 4821 2354 4889 ψαντος
2399 4821 2479 4885 εἰς
2522 4822 2621 4893 τὴν
2653 4822 2934 4894 Ναζαρὲτ,
2970 4825 3102 4879 ὅπου
3134 4821 3201 4896 ἦν
3235 4826 3740 4897 ἀνατεθραμμένος.

2154 4912 2288 4964 Τότε
2319 4912 2530 4982 ἀνέγνω
2558 4913 2619 4965 τὸ
2654 4913 2855 4983 βιϐλίον
2882 4916 3099 4969 Ἡσαΐου
3125 4916 3220 4969 τοῦ
3246 4919 3552 4987 προφήτου,
3581 4919 3738 4973 αὑτοῦ

2152 5004 2338 5058 λοιπὸν
2361 5005 2727 5076 προλαϐόντος
2746 5007 2965 5071 αὐτοὺς,
2994 5009 3088 5061 κα)⁵
3100 5008 3370 5076 λέγοντος,
3394 5011 3479 5062 ὅτι
3498 5011 3739 5073 Πάντως

2152 5094 2338 5162 ἐρεῖτέ
2371 5114 2471 5165 μοι
2516 5097 2631 5166 τὴν
2661 5098 3046 5167 παραϐολήν
3105 5098 3309 5164 Ἰατοὲ,
3365 5102 3739 5170 θεράπευσον

1731 5288 1751 5319 ³
1795 5288 1953 5345 Deest
1986 5292 2184 5361 opinor
2208 5295 2268 5347 ob
2303 5313 2471 5369 μακρ.

2149 5468 2319 5546 aridae
2353 5486 2549 5546 manus
2580 5473 2875 5546 restitutio,
2914 5474 3073 5546 longe
3100 5482 3226 5546 post
3259 5476 3412 5544 prius
3446 5477 3581 5531 illud
3610 5494 3729 5533 cou-

2147 5540 2292 5609 tigit,
2357 5543 2617 5619 nimirum
2672 5553 2796 5619 post
2828 5540 3040 5619 Pascha
3063 5563 3078 5612 ;
3101 5540 3432 5619 :secundutli
3464 5550 3611 5618 quod
3644 5564 3727 5619 per

2148 5620 2433 5688 sata-cuni
2467 5614 2765 5688 discipulis
2809 5616 3049 5688 transiit.
3100 5614 3207 5688 Sed
3238 5616 3307 5671 de
3351 5618 3421 5672 iis
3449 5614 3722 5688 posteaad

2147 5696 2205 5735 n.
2246 5681 2502 5760 XXVll._
2528 5681 2795 5760 Imposuit
2852 5685 3161 5760 Epiphanio
3203 5681 3499 5760 multiplex
3542 5704 3607 5746 ac
3653 5690 3721 5745 di-

2146 5766 2342 5811 versus
2372 5756 2438 5810 ad
2464 5754 2847 5827 Caph’arnaum
2877 5754 3058 5813 aditus
3084 5758 3313 5815 Christi.
