3846 6326
105 376 183 432 91
197 376 230 429 7
849 375 1225 435 ADVERSUS
1266 377 1608 434 IIJERESES
1649 377 1723 434 LI]

1836 378 1875 437 I.
1917 377 2080 435 TOM.
2116 379 2157 435 1.
2184 378 2546 436 -ΙίίΕῐὶΕΞ,
2580 378 2643 432 Ll
3306 370 3414 429 918

108 500 419 555 σεαυτόν.
467 499 620 554 Ὅσα
676 497 1032 570 ἠκούσαμεν
1076 500 1294 570 σημεῖα
1339 501 1635 570 γενόμενα
1661 501 1723 554 ἐν

1836 501 1969 564 dice,
1997 517 2126 555 cura
2156 501 2399 570 teipsum.
2437 499 2653 567 Quanta
2681 498 2980 552 audivimus
3003 496 3154 567 signa
3187 496 3331 566 facta
3358 496 3415 550 in

109 589 564 661 Καφαρναοὺμ,
591 590 856 657 ποίησον
875 590 972 644 καὶ
992 585 1108 643 ὦδε
1135 589 1205 642 ἐν
1235 589 1306 657 τῇ
1333 590 1568 660 πατρίδι
1589 606 1723 645 σου.

1836 593 2237 662 Capharuaum,
2269 593 2356 662 {ac
2385 592 2468 645 hic
2498 593 2549 645 in
2579 592 2758 659 patria
2795 599 2886 643 tua
2909 590 2950 642 ³.

196 686 315 740 Καὶ
341 687 500 756 ὁρᾷς,
531 683 603 748 ὠς
641 682 758 736 ἐστι
789 683 890 754 τῆς
911 681 1172 752 ἀληθείας
1203 685 1236 753 ὴ
1264 681 1593 747 ἀκολουθίας
1620 682 1723 735 Καὶ

1907 683 2094 740 Viden’
2123 700 2287 755 quam
2321 685 2392 740 sit
2424 685 2674 740 veritatis
2704 689 2962 739 conserta
2984 681 3417 750 continuataque

105 776 227 829 οὐκ
260 775 492 846 ἐποίησε
525 773 616 827 διὰ
655 773 755 844 τὴν
799 772 1057 826 ἀπιστίαν
1090 771 1267 826 αὐτῶν
1289 812 1304 837 ,
1336 771 1523 842 φησὶν,
1555 771 1723 826 οὐδέν.

1836 776 2038 831 series?
2071 775 2337 830 Cancrum
2381 775 2590 828 nullum
2629 773 2701 828 ibi
2733 780 2954 844 propter
2988 772 3205 827 illorum
3236 775 3416 830 incre-

108 867 404 920 Κάκεῖθεν
439 862 724 937 παρελθὼν
748 865 828 928 είς
867 865 966 936 τὴν
987 864 1366 934 Καφαρναοὺμ
1391 862 1564 929 πόλιν,
1602 881 1723 916 κατ-

1836 866 2118 921 dulitatem
2169 869 2387 937 signum
2441 865 2634 921 edidit.
2685 864 2815 919 Inde
2860 865 3244 935 Capharnaum
3289 879 3419 934 pro-

109 958 337 1030 ᾤκησε.
397 957 503 1011 Καὶ
549 956 718 1010 ἐλθὼν
763 957 845 1020 είς
884 955 953 1010 τά
998 955 1138 1028 μέρη
1173 956 1276 1026 τῆς
1323 955 1620 1026 θαλάσσης,
1655 954 1723 1020 ὦς

1836 960 2030 1022 fectus,
2062 959 2118 1013 in
2145 974 2210 1014 eo
2237 958 2439 1028 oppido
2471 956 2694 1012 resedit.
2731 956 2863 1013 Post
2886 957 2954 1010 ad
2983 956 3261 1010 maritima
3293 958 3416 1011 loca

115 1063 297 1117 φησι)
324 1049 356 1100 6
389 1045 690 1110 Ma:8aio;,
733 1041 855 1099 εῖδε
888 1047 1126 1114 Σίμωνα
1161 1045 1410 1115 Πέτρον,
1455 1045 1556 1100 καὶ
1604 1047 1723 1101 Ἀν-

1836 1052 2168 1122 digrediens,
2204 1052 2370 1124 538
2407 1057 2636 1105 auclore
2673 1047 2949 1112 Matthaeo,
2982 1049 3113 1101 vidit
3149 1045 3417 1102 Simonem

112 1137 314 1206 δρέαν
340 1137 450 1192 τὸν
476 1137 748 1207 ἀδελφὸν
789 1138 977 1192 αὐτοῦ
999 1137 1353 1204 βάλλοντας
1385 1138 1456 1192 τὰ
1481 1139 1723 1193 δίκτυα·

1836 1142 2075 1207 Petrum,
2115 1151 2164 1197 et
2197 1141 2466 1195 Andream
2498 1139 2720 1208 fratrem
2751 1137 2866 1207 ejus
2909 1139 3175 1190 mittentes
3218 1137 3353 1190 retia
3372 1137 3413 1188 ⁸.

115 1235 223 1285 καὶ
270 1231 443 1285 πάλιν
505 1231 762 1285 Ἰάκωϐον
810 1232 904 1285 καὶ
947 1232 1202 1304 Ἰωάννην
1237 1234 1387 1296 υἱοὺς
1420 1233 1723 1296 Ζεϐεδαίου,

1836 1234 1971 1288 Tum
2008 1233 2274 1289 Jacobum
2309 1243 2364 1290 et
2398 1232 2664 1288 Joannem
2712 1230 2856 1286 ﬁlios
2899 1228 3168 1295 Zcbedaei,
3201 1244 3266 1283 ac
3294 1244 3418 1298 per-

113 1324 223 1377 καὶ
250 1325 317 1376 τὸ
363 1323 545 1377 τέλεον
592 1325 792 1388 αὐτοὺς
819 1324 1068 1378 ἐκάλεσε.
1114 1326 1226 1378 Καὶ
1261 1325 1517 1396 ῥίψαντες
1544 1325 1723 1379 λοιπὸν

1836 1327 1976 1382 fecle
2017 1327 2238 1382 demum
2289 1327 2414 1381 illos
2459 1324 2730 1380 evocavit.
2768 1323 2870 1390 Qui
2924 1323 3137 1379 retibus
3187 1322 3417 1393 abiectis

111 1414 193 1467 τά
226 1414 448 1478 δίκτυα,
481 1412 858 1484 ἠκολούθησαν
891 1413 1062 1484 αὐτῷ.
1108 1413 1167 1470 Ὀ
1192 1414 1249 1468 δὲ
1275 1415 1490 1480 Λουκᾶς
1514 1417 1608 1470 καὶ
1632 1416 1723 1484 τὴν

1836 1420 2005 1476 secuti
2043 1430 2171 1475 sunt
2201 1420 2379 1490 ipsum
2406 1419 2449 1473 ⁵.
2481 1417 2654 1485 Quam
2694 1432 2808 1472 rem
2850 1415 3266 1472 accuratissime
3305 1413 3414 1469 Lu-

113 1507 424 1579 ἀκρίϐειαν
454 1507 713 1578 σημαίνει
738 1505 834 1561 τοῦ
865 1508 1214 1578 πράγματος,
1243 1507 1325 1562 διὸ
1349 1510 1364 1540 ¹
1390 1509 1485 1563 καὶ
1506 1508 1723 1580 ἠκολού-

1836 1527 1926 1567 cas
1951 1513 2246 1582 expressit,
2281 1526 2382 1566 cur
2410 1510 2484 1564 ita
2517 1509 2690 1566 secuti
2724 1510 2857 1574 sint,
2894 1524 3178 1579 nunquam
3211 1516 3272 1562 ut
3299 1523 3416 1560 am-

116 1599 308 1670 θησαν
348 1598 541 1652 λοιπὸν
575 1598 1002 1671 ἀμετάτρεπτοι,
1042 1599 1242 1669 μηκέτι
1301 1599 1723 1671 ἀναϐαλλόμενοι

1836 1605 1978 1676 plius
2002 1604 2392 1670 discesserint;
2421 1618 2522 1658 nec
2545 1603 2724 1658 vocati
2745 1602 3082 1657 distulerint.
3114 1601 3190 1655 Ita
3215 1602 3417 1671 quippe

111 1692 226 1764 τῆς
278 1693 551 1764 κλήσεως,
608 1693 808 1763 φήσας,
865 1693 948 1746 ὅτι
996 1691 1274 1756 Ἐλθόντος
1307 1692 1472 1746 αὐτοῦ
1504 1693 1598 1747 ἐπὶ
1632 1691 1723 1764 τὴν

1836 1698 2061 1769 scripsit
2093 1716 2108 1752 :
2138 1697 2276 1751 Cum
2307 1697 2374 1750 ad
2407 1696 2586 1750 lacum
2618 1694 2953 1752 Genesareth
2983 1694 3243 1759 venisset,
3280 1693 3417 1748 vidit

110 1785 328 1858 λίμνην
361 1787 726 1859 Γεννησαρὲθ,
763 1783 872 1842 εἶδε
912 1787 1133 1858 Σίμωνα
1168 1788 1262 1840 καὶ
1312 1787 1566 1859 Ἀνδρέαν
1598 1805 1723 1842 κατ-

1836 1787 2115 1845 Simonem
2149 1797 2203 1844 et
2233 1788 2508 1844 Andream
2540 1789 2848 1844 reﬁcientes
2876 1788 3052 1853 retia;
3087 1796 3140 1841 et
3166 1784 3417 1839 ascendit

113 1847 459 1951 αρτίξοντας
517 1847 588 1934 τά
612 1847 823 1941 δίκτυα,
864 1847 1163 1952 καίάνέϐη
1212 1881 1292 1944 είς
1354 1879 1414 1933 τὸ
1440 1847 1658 1946 ⁸πλοῖον,
1701 1879 1723 1933 ε

1836 1883 1891 1937 in
1934 1883 2138 1944 navim,
2192 1896 2313 1951 qua:
2361 1889 2479 1934 erat
2530 1880 2772 1938 Simonis
2816 1879 2984 1942 Petri,
3026 1887 3079 1932 et
3113 1877 3343 1932 Andreaa
3371 1877 3412 1932 ⁸.

111 1969 189 2044 ἦν
236 1974 513 2043 Σίμωνος,
577 1974 732 2043 φησὶ.
787 1973 996 2044 Πέτρου
1030 1973 1126 2027 καὶ
1170 1971 1440 2043 Ἀνδρέου.
1467 1971 1640 2025 Τοῦτο
1662 1971 1722 2030 δὲ

1836 1973 1990 2042 Quod
2023 1973 2240 2044 quidem
2274 1974 2538 2036 declarat,
2566 1973 2682 2042 jam
2715 1973 2855 2027 inter
2890 1973 3040 2043 ipsos
3070 1971 3308 2040 aliquam
3339 1969 3418 2024 in-

117 2066 418 2137 σημαίνει,
465 2065 542 2129 ὡς
599 2065 699 2136 ήδη
734 2065 885 2129 ὄντος
919 2064 1086 2118 αὐτοῦ
1127 2065 1187 2118 ὲν
1223 2067 1334 2128 τοῖς
1357 2067 1377 2096 ¹
1412 2065 1471 2116 ὲν
1506 2063 1723 2133 γνώσει.

1836 2066 2157 2122 tercessisse
2187 2066 2461 2120 notitiam.
2496 2065 2656 2120 llunc
2685 2065 2855 2135 igitur
2882 2073 3106 2134 propter
3129 2062 3418 2117 familiari-

114 2159 216 2211 Διὸ
245 2156 343 2210 διὰ
375 2158 478 2229 τὴν
515 2156 803 2228 συνήθειαν
827 2157 921 2210 καὶ
954 2157 1303 2229 προσήκαντο
1327 2171 1342 2188 ·
1373 2155 1469 2209 καὶ
1493 2154 1723 2209 ἀνελθὼν

1836 2165 1997 2212 tatem
2051 2159 2354 2228 accipiunt,
2411 2166 2464 2214 et
2509 2158 2557 2213 is
2610 2172 2917 2213 conscenso
2971 2155 3188 2227 navigio
3253 2155 3416 2210 sedit.

115 2249 412 2303 ἐκάθισεν.
462 2244 596 2302 Εἶτα
642 2247 789 2317 λέγει
828 2247 906 2318 τῷ
940 2249 1132 2323 Πέτρῳ
1169 2248 1307 2320 μετὰ
1346 2247 1447 2320 τὴν
1472 2249 1723 2303 διδασκα-

1836 2248 1972 2305 Tum
2003 2257 2060 2304 ut
2091 2250 2290 2305 docere
2320 2251 2580 2320 populum
2609 2251 2794 2315 desiit,
2821 2249 3043 2306 Petrum
3076 2249 3150 2303 ita
3177 2250 3418 2319 compel-

115 2341 244 2396 λίαν
261 2359 279 2374 ·
318 2340 702 2411 Ἐπανάγαγε
723 2343 810 2409 είς
833 2341 899 2395 τὸ
925 2342 1140 2407 βάθος,
1173 2342 1271 2398 καί
1317 2341 1631 2411 χαλάσατε
1659 2345 1723 2397 τὰ

1836 2343 1908 2396 lat
1943 2359 1957 2398 :
1989 2342 2166 2396 Reduc
2206 2343 2259 2397 in
2294 2345 2485 2406 altum,
2517 2353 2566 2397 et
2609 2343 2788 2398 laxate
2836 2344 2996 2397 retia.
3046 2343 3117 2396 At
3153 2342 3236 2395 illi
3264 2343 3417 2396 dixe-

110 2433 369 2489 δίκτυα.
418 2436 482 2487 Ol
516 2431 584 2487 δὲ
612 2429 786 2487 εἷπον
804 2450 818 2463 ·
867 2431 1212 2488 Ἐπιστάτα.
1241 2433 1375 2506 Ἤδη
1394 2434 1500 2506 γὰρ
1523 2434 1608 2488 διὰ
1631 2435 1723 2506 τὴν

1836 2433 2300 2505 runt:Prwceptor
2320 2443 2361 2489 ".
2379 2433 2496 2490 Jam
2523 2434 2668 2489 enim
2693 2436 2763 2490 ob
2786 2433 3012 2490 Joannis
3042 2434 3416 2489 testimonium

116 2525 218 2579 τοῦ
267 2524 524 2578 Ἰωάννου
559 2524 867 2595 μαρτυρίαν
903 2524 1202 2593 ἐπιστάτην
1233 2524 1394 2578 αὐτὸν
1424 2524 1652 2579 ἐκάλουν
1679 2527 1723 2578 ol

1836 2535 2224 2599 praeceptorem
2269 2528 2423 2587 illum
2456 2528 2758 2593 vocabant;
2806 2542 2933 2581 cum
2978 2527 3046 2580 ab
3078 2542 3144 2581 eo
3178 2528 3418 2596 primum

122 2617 408 2689 πρότερον
436 2615 600 2670 αὑτοῦ
624 2615 978 2681 ἀκούσαντες,
1009 2618 1090 2670 ὅτι
1129 2616 1282 2671 Ἰδοὺ
1322 2620 1355 2670 ὁ
1389 2618 1595 2686 Ἁμνὸς
1621 2617 1723 2671 τοῦ

1836 2621 2182 2676 audiissent:
2227 2619 2362 2674 Ecce
2404 2619 2581 2690 Agnus
2635 2619 2752 2683 Dei,
2810 2620 2900 2688 qui
2956 2618 3094 2672 tollit
3145 2627 3418 2686 peceatum

124 2707 310 2770 Θεοῦ,
335 2710 370 2761 ὀ
387 2707 572 2775 αἴρων
597 2707 713 2776 τὴν
741 2709 1036 2776 ἁμαρτίαν
1053 2708 1159 2762 τοῦ
1182 2709 1416 2777 κόσμου
1438 2725 1450 2739 ·
1485 2711 1582 2763 καὶ
1644 2710 1723 2764 ὃτι

1836 2713 2087 2778 mundi“;
2120 2719 2174 2767 et
2201 2711 2388 2767 eadem
2425 2713 2514 2767 die
2543 2726 2668 2766 cum
2702 2727 2766 2767 eo
2794 2711 3116 2768 commorati
3150 2710 3421 2781 postridie

119 2799 263 2870 παρ’
313 2798 466 2870 αὐτῷ
499 2798 721 2870 ἔμειναν
746 2798 842 2871 τὴν
864 2799 1108 2870 ἡμέραν,
1134 2800 1228 2853 καὶ
1251 2801 1330 2864 είς
1355 2800 1453 2872 τὴν
1473 2801 1723 2873 δευτέραν

1836 2805 2209 2861 recessissent.

120 2888 385 2962 ἐξῆλθον.
1140 2891 1144 2896 ’

194 2981 524 3038 Μετὲπειτα
585 2983 643 3034 ἐν
686 2984 752 3052 τῇ
780 2980 925 3052 ἄγρᾳ
953 2980 1062 3033 τῶν
1101 2979 1297 3052 ἰχθύων
1333 2980 1723 3053 θαυμασάντων

1901 2980 2034 3037 Post
2067 2981 2182 3036 hmo
2224 2981 2278 3035 in
2323 2980 2534 3052 piscatu
2571 2979 2920 3036 vehementer
2951 2980 3102 3034 illum
3139 2979 3418 3034 admiran-

121 3073 338 3134 αὐτῶν,
362 3073 456 3126 καὶ
485 3073 694 3144 Πέτρου
719 3073 966 3142 λέγοντος
984 3089 998 3104 ·
1035 3072 1289 3136 Ἔξελθε
1310 3073 1411 3127 ἀπ’
1437 3073 1602 3142 ἐμοῦ,
1641 3073 1723 3126 ὅτι

1836 3073 2001 3135 libus,
2052 3089 2115 3127 ac
2153 3073 2367 3128 dicente
2401 3073 2562 3128 Petro
2597 3092 2609 3126 :
2643 3072 2865 3126 Discede
2903 3089 2935 3125 a
2967 3089 3066 3135 me,
3102 3075 3228 3141 quia
3263 3073 3417 3128 Immo

121 3162 291 3231 ἀνὴρ
308 3163 658 3232 ἁμαρτωλός
677 3165 812 3232 εἰμι,
861 3163 1040 3231 Κύριε
1079 3162 1242 3232 (τάχα
1253 3161 1362 3234 γάρ
1383 3163 1477 3216 καὶ
1506 3179 1632 3234 μετε
1641 3163 1723 3233 μέ-

1836 3177 2074 3236 peccator
2120 3169 2281 3221 sum“
2314 3167 2593 3238 (fortassis
2653 3168 2798 3221 enim
2853 3166 3154 3237 pmnitebat
3212 3168 3415 3238 ipsum,

121 3257 258 3310 λετο
281 3257 374 3309 διά
425 3255 488 3308 τὸ
532 3255 798 3326 πρότερον
825 3255 986 3308 αὐτὸν
1023 3253 1344 3326 κεκλῆσθαι,
1376 3254 1471 3307 καὶ
1506 3254 1723 3324 στρέψαι

1836 3261 1982 3331 quod
2017 3260 2084 3314 ab
2120 3260 2212 3314 illo
2260 3270 2488 3315 vocatus
2538 3260 2696 3313 initio
2737 3259 2803 3313 ad
2851 3260 3186 3329 piscaturam
3234 3259 3419 3314 denm

124 3350 227 3402 ἐπὶ
249 3349 379 3410 τοὺς
398 3346 611 3418 ἰχθύας,
634 3346 728 3400 καὶ
750 3347 848 3418 τὴν
871 3344 1208 3418 ἀνεργασίαν
1235 3345 1334 3416 τῆς
1365 3344 1570 3414 ἁλείας)
1597 3363 1608 3374 ·
1633 3347 1661 3398 6
1678 3345 1723 3398 δὲ

1837 3353 2138 3424 rcdiisset),
2172 3353 2243 3406 ita
2281 3350 2544 3406 Dominus
2572 3351 2902 3420 alloquitur:
2932 3349 3062 3403 Noli
3103 3350 3320 3414 timere;
3363 3361 3418 3404 ,ιι

123 3437 295 3505 εἶπες·
319 3437 419 3506 Μὴ
438 3437 626 3506 φοϐοῦ
645 3455 660 3470 ·
694 3436 1129 3509 παραθαρσύνων
1155 3436 1337 3500 αὐτὸν,
1374 3437 1456 3489 ὅτι
1497 3436 1597 3489 οὐκ
1633 3438 1723 3490 ἀπ-

1836 3447 1988 3502 illum
2022 3445 2091 3500 ab
2127 3460 2191 3499 eo
2231 3452 2376 3498 metu
2409 3444 2795 3510 conﬁrmaret;
2837 3458 2937 3496 nec
2979 3458 3038 3496 se
3072 3443 3416 3513 repudiatum

124 3531 438 3606 ηγορεύθη,
467 3531 582 3585 ἀλλ’
603 3531 685 3584 ὅτι
697 3530 918 3584 δύναται
944 3530 1039 3600 τῆς
1076 3528 1321 3600 κλήσεως
1344 3528 1732 3599 ἔχεσθαι.⁰’οτι,

126 3626 328 3696 φησὶν,
357 3624 477 3679 ἀπὸ
505 3623 613 3678 τοῦ
647 3623 768 3678 νῦν
798 3621 1152 3690 ἀνθρώπους
1194 3620 1310 3690 ἔσῃ
1349 3619 1580 3691 ζωγρῶν
1599 3637 1612 3650 ’
1647 3620 1736 3673 ὅτε

127 3719 230 3772 καὶ
256 3717 356 3770 σὺν
378 3720 490 3781 τοῖς
524 3716 771 3788 μετόχοις
800 3717 914 3777 τοῖς
935 3716 990 3765 ἐν
1022 3712 1101 3784 τῷ
1120 3713 1292 3784 ἑτέρῳ
1318 3712 1488 3785 πλοίῳ
1513 3712 1734 3766 ¹ἔνευε-αν

126 3809 214 3872 εἰς
273 3805 540 3876 σύλληψιν
599 3805 755 3876 ἥκειν
814 3802 914 3873 τῆς
946 3803 1119 3872 αὐτῆς
1162 3802 1359 3875 ἄγρας.
1397 3798 1577 3857 Ἷὶσαν
1625 3803 1737 3873 γὰρ

127 3897 508 3964 κοινωνοὶ,ὦς
550 3914 704 3968 φησι,
745 3894 823 3966 τῷ
854 3895 1083 3965 Σίμωνι,
1127 3893 1379 3966 καθάπερ
1411 3895 1522 3949 ἄνω
1564 3896 1735 3966 κάμοὶ

127 3989 541 4065 προδεδήλωται
565 3991 628 4043 ἐκ
647 3989 744 4061 τῆς
760 3987 1068 4052 ὑποθέσεως
1090 3987 1294 4061 ταύτης
1313 4004 1327 4018 ο
1355 3985 1459 4041 Δύο
1481 3987 1580 4058 μὲν
1604 3988 1735 4040 ἀκο-

127 4083 522 4155 λουθησάντων
574 4081 722 4154 αὐτῷ
782 4082 935 4153 παρὰ
968 4082 1216 4136 Ἰωάννου
1269 4081 1609 4152 ἀκηκοότων,
1661 4073 1736 4134 ὧν

126 4177 230 4232 δύο
265 4171 350 4240 εἷς
411 4171 480 4247 ἦν
514 4178 543 4230 6
599 4174 876 4247 Ἀνδρέας.
920 4175 1033 4244 Ἐφ’
1077 4177 1208 4246 ἡμῖν
1242 4174 1298 4228 δὲ
1335 4173 1735 4245 διανενοημένοι

129 4269 446 4333 καλλίστως
473 4268 565 4321 τὸν
586 4269 774 4340 ἕτερον
807 4264 946 4323 εἶναι
978 4268 1122 4339 τάχα
1143 4268 1240 4321 ἕνα
1277 4266 1385 4320 τῶν
1410 4266 1541 4320 υἱῶν
1573 4264 1737 4320 Ζεϐε-

127 4362 312 4428 δαίου,
339 4361 429 4414 διά
472 4360 534 4415 τὸ
577 4362 840 4433 συνεργὸν
874 4363 969 4416 καὶ
999 4362 1229 4431 μέτοχον
1257 4362 1353 4413 καὶ
1395 4358 1732 4413 κοινωνικόν.

127 4456 248 4512 Καὶ
270 4454 460 4509 λοιπὸν
496 4453 635 4525 μετά
674 4454 846 4509 ταῦτα
869 4455 1050 4509 πάντα
1081 4452 1510 4522 καταλείψαντες
1536 4452 1584 4504 οἱ
1613 4450 1736 4507 τέσ-

1836 3539 2062 3592 omnino
2090 3545 2308 3607 putaret
2341 3553 2496 3602 esse;
2529 3536 2622 3590 sed
2661 3536 2904 3606 pristinae
2937 3535 3211 3588 vocatioui
3246 3536 3418 3589 iulia:-

1838 3645 1959 3684 rere
1990 3645 2152 3699 posse
2195 3630 2516 3684 conﬁderet.
2563 3628 2764 3694 Quare,
2813 3644 2877 3680 ex
2919 3626 3035 3689 hac,
3076 3627 3272 3696 inquit,
3313 3627 3418 3685 eris

1827 3724 1947 3792 jam
1976 3721 2208 3774 homines
2241 3721 2449 3789 capiens
2474 3720 2537 3772 ιο.
2574 3722 2692 3785 Quo
2732 3730 2973 3788 tempore
3005 3720 3193 3785 sociis,
3236 3723 3328 3788 qui
3363 3721 3418 3776 in

1837 3817 2008 3870 altera
2061 3813 2184 3868 navi
2236 3822 2417 3876 erant,
2457 3813 2773 3877 innueruut,
2812 3821 2868 3865 ut
2909 3812 2974 3866 ad
3005 3813 3416 3867 convellendum

1837 3907 2110 3978 piscatum
2144 3905 2250 3961 sibi
2282 3905 2548 3959 auxilium
2586 3903 2811 3959 ferrent.
2842 3903 3009 3957 Erant
3033 3907 3177 3958 enim
3207 3904 3416 3959 Simoni

1838 3999 1996 4064 socii,
2030 3996 2492 4069 quemadmodum
2531 3997 2695 4067 paulo
2735 4003 2860 4050 ante
2890 3997 3154 4058 diximus,
3188 4011 3311 4050 cum
3346 3996 3420 4048 ita

1838 4092 2244 4162 disputavimus
2276 4108 2288 4143 :
2317 4087 2466 4143 Duos
2491 4089 2615 4144 illos
2643 4086 2872 4143 Joannis
2896 4088 3079 4141 audita
3109 4101 3239 4141 voce
3259 4087 3419 4140 Chri-

1838 4193 1985 4241 stum
2019 4195 2272 4251 seculos;
2302 4197 2536 4253 quorum
2565 4198 2706 4237 unus
2732 4189 2851 4236 erat
2877 4179 3144 4234 Andreas.
3171 4180 3418 4233 Alterum

1839 4291 2026 4331 verum
2052 4289 2221 4329 unum
2255 4288 2284 4328 e
2312 4271 2560 4329 Zebedaci
2596 4272 2784 4326 liberis
2819 4270 3011 4334 fuisse,
3042 4277 3261 4340 propter
3284 4268 3420 4322 artis

1839 4365 2179 4430 societatem,
2213 4379 2278 4418 ac
2318 4364 2761 4419 communionem
2798 4361 3102 4416 rectissima
3138 4360 3421 4430 conjectu-

1837 4471 1900 4511 ra
1938 4454 2203 4538 suspicati
2237 4469 2453 4510 sumus.
2488 4451 2860 4518 Quamobrem
2914 4448 3122 4503 relictis
3158 4447 3420 4516 deinceps

135 4566 331 4621 σαρες,
359 4548 429 4602 τά
448 4565 506 4601 τε
536 4547 715 4613 πλοῖα,
743 4549 822 4611 είς
843 4547 941 4619 τὴν
968 4546 1073 4618 γῆν
1101 4544 1498 4617 ἠκολούθησαν,
1521 4543 1596 4607 ὡς
1625 4544 1723 4614 ἔχει

1843 4549 2121 4613 omnibus,
2158 4545 2404 4616 adeoque
2440 4544 2675 4613 navigiis
2726 4543 2882 4612 ipsis,
2932 4539 3000 4594 ad
3043 4547 3246 4594 terram
3277 4553 3419 4608 qua-

129 4647 167 4716 ή
205 4642 304 4696 τοῦ
331 4643 520 4696 Λουκᾶ
551 4642 850 4714 μαρτυρία.
877 4642 1039 4693 Ὥστε
1069 4637 1371 4705 ὲξάπαντος
1404 4637 1736 4704 δείκνυσθαι,

131 4736 218 4788 ὅτι
245 4733 479 4804 οὐδεμία
504 4732 806 4804 σκολιότης,
841 4729 963 4784 οὔτε
992 4731 1304 4802 ἐναντιότης
1333 4733 1390 4783 ὲν
1415 4731 1528 4794 τοῖς
1563 4729 1739 4798 ἁγίοις

130 4825 519 4894 Εὑαγγελίοις,
579 4823 704 4878 οὗτε
752 4823 904 4897 παρὰ
961 4825 1072 4887 τοῖς
1112 4823 1290 4893 ἁγίοις
1327 4823 1739 4892 εὐαγγελισταῖς

130 4918 480 4990 εὑρίσκεται,
510 4915 645 4970 ἀλλὰ
665 4915 840 4970 πάντα
869 4915 1037 4987 σαφῆ,
1061 4915 1270 4986 χρόνων
1295 4915 1351 4969 δέ
1386 4917 1492 4968 εἰσι
1520 4914 1739 4969 διαστά-

133 5027 274 5072 σεις.
335 5006 616 5062 Ἐντεῦθεν
669 5007 779 5078 γάρ
818 5007 913 5060 καὶ
968 5005 1227 5060 ἐπέκεινα
1278 5006 1411 5074 (59),
1454 5003 1562 5058 τῶν
1604 5005 1734 5076 περὶ

133 5101 348 5172 Πέτρον
402 5099 497 5153 καὶ
543 5098 797 5170 Ἰωάννην
823 5097 1010 5151 λοιπὸν
1050 5095 1452 5166 συναφθέντων,
1485 5095 1581 5149 καὶ
1605 5094 1734 5148 ἀκο-

133 5192 492 5256 λουθούντων,
535 5192 752 5261 ἐγένετο
774 5190 1040 5244 διδάσκων
1070 5190 1127 5241 ὲν
1184 5189 1336 5261 πάσῃ
1365 5190 1430 5259 τῇ
1474 5186 1735 5258 Γαλιλαίᾳ

135 5289 230 5341 καὶ
280 5288 341 5339 ὲν
375 5287 442 5357 τῇ
495 5284 748 5355 Ἰουδαίᾳ.
802 5283 915 5338 Καὶ
963 5281 1150 5336 λοιπὸν
1204 5279 1607 5350 πλατυνομένου
1637 5279 1729 5332 τοῦ

204 5453 220 5484 ¹
253 5450 316 5506 F.
354 5451 422 5506 δι’
450 5449 499 5504 ὅ.
603 5451 624 5482 ⁸
651 5447 714 5503 F.
750 5449 954 5513 αὐτοῖς.
1056 5450 1077 5480 ³
1110 5448 1239 5504 Luc.
1272 5465 1345 5513 tv,
1381 5449 1470 5503 ‘25.

135 5524 155 5553 ⁸
183 5521 348 5577 Joan.
383 5539 420 5586 ι,
462 5520 554 5576 29.
631 5521 652 5552 ⁹
686 5519 821 5576 Luc.
853 5537 905 5586 ν,
945 5520 999 5577 8.
1078 5521 1121 5552 ¹⁰
1157 5521 1290 5575 ibid.
1321 5520 1408 5574 10.

207 5637 326 5708 (50)
343 5635 664 5692 Ἐντεῦθεν
678 5636 788 5708 γὰρ
803 5635 904 5690 καὶ
918 5634 1216 5691 ἐπέκεινα.
1235 5636 1310 5691 Ex
1335 5637 1401 5693 iis
1415 5635 1723 5707 quaedisse-

140 5711 206 5765 rit
248 5706 612 5780 Epiphanius,
639 5706 870 5761 eilicitur
895 5708 1208 5780 paulo_post
1245 5706 1446 5780 ultimo
1474 5717 1719 5772 vocatos,

137 5797 200 5835 ac
233 5776 339 5836 sibi
373 5776 668 5846 adiunctos
697 5776 1009 5847 apostolos,
1043 5776 1286 5842 Petrum,
1329 5777 1603 5834 Andream
1671 5787 1724 5832 et

138 5860 373 5911 cancros
399 5848 464 5904 ad
498 5847 942 5921 praedicationem
990 5863 1332 5921 aggressum,
1373 5851 1534 5906 etiam
1569 5856 1724 5904 aute-

1837 4651 1962 4698 tuor
2004 4641 2082 4694 illi
2113 4637 2287 4694 secuti
2324 4645 2488 4702 sunt;
2523 4636 2668 4707 quod
2700 4634 2862 4688 Lucre
2896 4640 3132 4688 testatur
3166 4632 3418 4687 historia.

1835 4737 1912 4791 Ex
1939 4734 2139 4807 quibus
2169 4730 2428 4786 omnibus
2457 4729 2690 4785 ellicitur
2713 4769 2728 4796 ,
2766 4728 2905 4783 nihil
2938 4725 2993 4780 in
3026 4724 3202 4780 sacris
3241 4723 3421 4778 Evan-

1835 4826 2014 4897 geliis,
2055 4839 2355 4894 eorumque
2404 4822 2769 4892 scriptoribus
2817 4819 3137 4889 perplexum
3179 4832 3302 4871 esse
3333 4816 3418 4870 vel

1834 4931 2186 4987 repugnans;
2237 4915 2331 4970 sed
2382 4915 2545 4985 plana
2589 4920 2643 4967 et
2681 4911 2936 4981 expedita
2970 4925 3093 4965 esse
3126 4909 3332 4974 omnia,
3370 4909 3419 4962 si

1841 5017 2147 5078 temporum
2173 5007 2459 5062 intervalla
2483 5004 2812 5075 distinguas.
2847 5001 2946 5058 llis
2972 5003 3048 5057 ita
3077 5004 3270 5073 gestis,
3293 5017 3418 5056 cum

1835 5101 1948 5172 jam
1982 5099 2178 5157 Petrus
2211 5115 2275 5154 ac
2307 5099 2549 5154 Joannes
2579 5097 2871 5168 caaterique
2895 5096 3114 5166 penitus
3156 5095 3422 5150 adhaesis-

1841 5201 1984 5258 sent,
2016 5208 2080 5247 ac
2111 5202 2506 5262 sequerentur;
2539 5204 2634 5260 per
2659 5196 2828 5244 totam
2857 5186 3023 5260 439
3049 5185 3327 5241 Galilaeam
3358 5201 3423 5240 ac

1840 5283 2080 5340 Judaeam
2105 5285 2306 5340 docere
2334 5283 2519 5353 eozpit.
2555 5283 2736 5353 Atque
2768 5281 2845 5336 ita
2877 5281 3034 5352 longe
3066 5280 3281 5350 lateque
3309 5278 3425 5332 dis-

1578 5449 1599 5480 ⁸
1631 5448 1723 5505 Ma:

1862 5451 2059 5514 iv,l8.
2171 5450 2468 5507 nomen.
2546 5449 2979 5517 “Luc.v,‘2,5.
3057 5441 3419 5507 "ihid.4,5.

1831 5655 1995 5710 quam
2030 5638 2269 5695 Joannes
2313 5641 2368 5694 in
2427 5642 2649 5697 vincula
2693 5638 3085 5710 conjiceretur.
3121 5633 3194 5710 De
3220 5649 3329 5704 qua
3362 5647 3426 5690 ro

1833 5706 2180 5837 Bostniodum
2214 5721 2426 5780 agetur,
2461 5719 2520 5766 ut
2549 5720 2603 5766 et
2649 5712 2716 5767 de
2751 5706 2923 5765 natali
2957 5706 3162 5762 Christi
3198 5720 3260 5760 ac
3293 5719 3426 5761 vero

1873 5783 2088 5837 anusmi
2111 5789 2164 5837 tl.
2192 5783 2465 5837 passionis
2489 5797 2655 5836 anno.

1873 5789 2088 5852 aplismi
2111 5789 2164 5838 ιι
2192 5789 2465 5852 passionis
2489 5797 2655 5836 anno.
