3846 6348
381 295 492 356 919

1766 312 1824 368 S.
1891 314 2233 373 EPIPHANII

3554 322 3686 380 923

384 422 562 490 sipata
587 419 862 495 Evangelii
891 427 1300 497 prtedicatione,
1338 441 1533 487 caetera
1565 434 1814 505 prodigia
1847 452 1970 506 per-

2102 441 2462 511 ῑηρύγματος,
2516 442 2583 494 τά
2641 442 2766 512 ἐξῆς
2817 441 2926 495 τῶν
2988 442 3328 513 θεοσημείων
3381 442 3690 495 ἐπετέλειτ

390 514 538 578 fecit,
587 523 646 568 ut
697 516 788 573 hic
832 519 1123 577 subductis
1175 523 1436 580 omnibus
1471 523 1654 580 rerum
1689 536 1970 598 gestarum

387 609 546 672 ordo,
585 623 648 662 ac
681 611 854 665 series
890 613 1226 669 instituenda
1261 616 1355 672 sit.

461 699 601 755 XVI.
658 701 713 756 In
746 705 940 773 primis
990 707 1301 776 baptizatus
1344 718 1450 772 est,
1491 711 1537 765 si
1587 702 1974 783 Egj'ptiorum

392 797 666 849 mensium
700 799 968 851 rationem
1000 799 1226 865 habeas,
1283 801 1457 872 Athyr
1489 819 1584 856 xu.
1612 818 1661 856 a.
1691 803 1743 858 d.
1773 821 1827 859 vr
1857 805 1974 860 Eid.

395 887 644 951 Novem,
667 889 767 945 hoc
788 899 872 946 est
909 907 976 945 ιιι
1003 902 1127 947 ante
1161 893 1358 949 festum
1390 896 1824 967 Epiphaniorum
1863 899 1986 967 die,

397 997 504 1050 qua
559 983 603 1036 is
641 985 941 1040 secundum
984 1002 1204 1042 carnem
1256 997 1420 1043 natus
1468 998 1595 1044 est:
1641 991 1692 1044 id
1728 991 1873 1062 quod
1911 1007 1978 1047 ex

398 1071 695 1142 Evangelia
736 1074 896 1131 Lucae
927 1088 1182 1133 constare
1202 1087 1400 1148 potest.
1440 1080 1531 1134 Sic
1565 1083 1708 1135 enim
1743 1083 1975 1138 scribit:

398 1161 704 1218 Erallesus
739 1167 992 1234 incipiens
1020 1184 1132 1222 esse
1164 1170 1319 1238 quasi
1353 1186 1613 1224 annorum
1649 1189 1776 1238 xxx,
1803 1174 1977 1241 ﬁlius,

395 1267 452 1309 ut
484 1258 796 1324 putabatur,
825 1256 1023 1327 Joseph
1055 1260 1094 1313 '.
1127 1258 1261 1314 Nam
1292 1263 1336 1318 si
1363 1272 1675 1318 accuratam
1717 1265 1981 1335 temporis

399 1351 668 1404 rationem
721 1351 896 1410 ineas,
954 1354 1176 1407 nonnisi
1235 1371 1366 1410 xxix
1399 1372 1668 1410 annorum
1721 1366 1862 1422 erat,
1918 1374 1981 1413 ac

399 1456 428 1493 x
463 1441 757 1504 mensium,
792 1456 919 1495 cum
971 1441 1039 1496 ad
1078 1445 1408 1514 baptismum
1451 1463 1574 1503 sese
1623 1449 1878 1514 contulit,
1924 1459 1983 1503 ut

396 1533 624 1601 triginta
665 1547 958 1598 annorum,
993 1551 1100 1589 non
1130 1544 1312 1591 tamen
1350 1539 1656 1608 plenorum,
1697 1541 1866 1596 fuisse
1899 1542 1984 1596 di-

396 1633 573 1681 catur.
613 1624 847 1697 Ideoque
883 1628 1147 1699 scriptum
1182 1638 1296 1684 est:
1338 1629 1604 1701 Incipiens
1632 1635 1786 1704 quasi
1816 1651 1984 1688 antio-

398 1735 514 1771 rum
548 1734 676 1772 xxx.
713 1719 980 1792 Deinceps
1025 1737 1091 1776 ιι.
1123 1724 1444 1780 tentationis
1474 1726 1590 1780 dies
1621 1728 1793 1782 secuti
1833 1736 1978 1782 sunt.

2076 530 2214 584 ὥστε
2250 529 2388 586 εἶναι
2416 531 2511 604 τὴν
2541 532 2861 586 ἀκολουθίαν
2887 532 3186 600 ὲξάπαντος
3217 533 3414 597 οὕτως.

2151 712 2266 778 ις’.
2295 710 2520 783 Πρῶτον
2553 711 2650 782 μὲν
2697 709 3083 780 βαπτισθέντος
3130 711 3296 766 αὑτοῦ
3335 713 3462 765 κατ’
3501 712 3690 779 Αἰγυ-

2078 803 2285 868 πτίους,
2343 805 2418 870 ὡς
2458 804 2690 875 ἔφημεν,
2740 805 2905 877 Ἀθὺρ
2938 805 3212 878 δωδεκάτῃ
3261 807 3368 877 πρὸ
3409 806 3468 872 ἒξ
3498 807 3690 858 mare?

2077 896 2422 969 Νοεμϐρίων,
2455 898 2697 952 τουτέστι
2727 899 2830 970 πρὸ
2856 899 3118 970 ἐξήκοντα
3141 899 3364 971 ἡμερῶν
3409 898 3692 970 (πλήρης)

2079 989 2174 1061 τῆς
2232 989 2444 1062 ἡμέρας
2497 990 2605 1044 τῶν
2669 991 3024 1060 Ἐπιφανίων,
3075 992 3110 1060 ἦ
3146 993 3295 1044 ἐστιν
3345 990 3532 1062 ἡμέρα
3567 991 3688 1060 τῆς

2081 1081 2245 1135 αυτοῦ
2281 1083 2586 1154 γεννήσεως
2627 1083 2769 1136 κατά
2809 1083 3008 1152 σάρκα,
3057 1080 3132 1147 ὡς
3168 1083 3279 1152 ἔχει
3326 1084 3359 1153 ἡ
3395 1083 3690 1153 μαρτυρία

2081 1175 2175 1226 τοῦ
2210 1173 2351 1227 κατά
2385 1174 2597 1227 Λουκᾶν
2626 1174 2954 1243 Εὐαγγελίου
2977 1217 2993 1242 ,
3041 1174 3122 1227 ὅτι
3153 1169 3263 1228 Ἦν
3302 1173 3538 1240 Ἰησοῦς
3565 1175 3688 1240 ἀρ·-

2083 1267 2339 1334 χόμενος
2380 1261 2534 1319 εἶναι
2581 1265 2662 1331 ὡς
2705 1265 2858 1321 ἐτῶν
2903 1266 3242 1335 τριάκοντα,
3285 1263 3372 1319 ὢν
3413 1266 3692 1330 υἱὸς-,ὡς

2082 1353 2398 1422 ἐνομίζετο.
2432 1353 2542 1409 τοῦ
2574 1352 2926 1425 ’1ωσήφ.Ἧν
2956 1356 3064 1429 γὰρ
3085 1355 3162 1427 τῷ
3190 1358 3287 1427 μὲν
3315 1355 3429 1409 ὄντι
3472 1358 3692 1410 εἰκοσι-

2085 1446 2240 1500 εννέα
2293 1445 2449 1508 ἐτῶν,
2500 1447 2594 1502 καὶ
2634 1449 2820 1519 μηνῶν
2847 1448 3001 1515 δέκα,
3042 1449 3130 1501 ὅτε
3164 1450 3256 1502 ἐπὶ
3283 1448 3346 1500 τὸ
3384 1447 3694 1517 βάπτισμα.

2084 1532 2210 1608 ἧκε,
2242 1539 2534 1609 τριάκοντα
2559 1539 2656 1610 μὲν
2683 1540 2839 1605 ἐτῶν,
2875 1541 2989 1593 ἀλλ’
3023 1541 3082 1594 οὐ
3120 1541 3354 1611 πλήρης.
3387 1539 3482 1591 Διὸ
3504 1538 3686 1607 λέγει’

2099 1632 2447 1701 ’Λρχόμεικός
2489 1634 2569 1699 ὡς
2623 1632 2775 1688 ἑτῶν
2827 1633 3162 1702 τριάκοντα.
3220 1629 3579 1684 ’Λπεντεῦθεν
3617 1631 3696 1682 αἱ

2086 1721 2494 1792 τεσσαράκοντα
2538 1720 2634 1775 τοῦ
2668 1723 3000 1795 πειρασμοῦ,
3035 1721 3130 1776 καὶ
3163 1724 3216 1776 αἱ
3256 1721 3350 1774 δύο
3379 1721 3694 1790 ἐΰδομάδες

397 1811 538 1866 Tum
571 1813 945 1870 hebdomades
985 1816 1110 1886 plus
1152 1818 1335 1873 minus
1367 1819 1507 1884 dum,
1554 1834 1692 1888 quas
1734 1819 1981 1873 Nazarcti

2102 1813 2270 1885 ιικρῷ
2325 1813 2506 1868 πλεῖον
2556 1815 2612 1867 αἱ
2672 1816 2730 1867 ὲν
2765 1815 3022 1885 Ναζαρὲτ
3060 1815 3166 1869 ἀπὸ
3198 1813 3307 1868 τῶν
3330 1814 3561 1884 ἡμερῶν
3584 1813 3694 1865 τοῦ

399 1911 522 1974 post
557 1907 914 1961 tentationem
946 1909 1157 1978 exegit;
1201 1922 1339 1974 tum,
1384 1911 1527 1981 apud
1568 1909 1835 1966 Joannem
1868 1914 1983 1982 pri-

399 2011 486 2048 ma
507 1997 792 2066 alteraque
817 1999 965 2060 dies;
995 2014 1077 2064 ac,
1107 2012 1396 2072 postquam
1419 2018 1447 2055 a
1471 2002 1682 2058 Joanne
1703 2003 1980 2070 discessit,

400 2086 651 2152 totidem,
684 2104 808 2143 cum
836 2089 1083 2148 Andreas
1108 2093 1258 2147 illum
1290 2109 1397 2148 una
1427 2109 1553 2148 cum
1583 2096 1736 2150 socio
1764 2108 1984 2154 secutus

399 2185 507 2245 est,
542 2177 740 2234 deinde
777 2178 968 2236 Simon
1024 2181 1241 2238 Petrus.
1288 2185 1472 2240 Altera
1505 2202 1635 2241 vero
1673 2187 1783 2252 die,
1829 2197 1886 2242 ut
1932 2199 1985 2244 ct

401 2284 504 2324 nos
533 2270 797 2338 diximus,
831 2279 884 2326 ct
914 2275 1241 2345 evangelicae
1269 2278 1604 2333 narrationis
1635 2279 1770 2333 mdo
1798 2288 2008 2350 postu:

402 2360 500 2424 lat,
531 2361 815 2433 Philippus
849 2375 1096 2432 vocatus,
1129 2383 1192 2421 ac
1219 2367 1545 2425 Nathauael.
1574 2369 1762 2426 Tertio
1794 2383 1984 2443 postea

403 2455 492 2509 die
538 2457 735 2524 nuptiae
776 2458 934 2527 factm
965 2471 1088 2513 sunt
1123 2465 1176 2513 in
1219 2462 1368 2516 Cana
1407 2461 1646 2518 Galila'w
1674 2467 1714 2527 ⁹,
1747 2476 1868 2535 post
1904 2468 1985 2521 bi-

403 2550 572 2600 duum
607 2549 739 2603 illud
774 2569 786 2603 :
820 2551 982 2621 idque
1036 2554 1270 2622 primum
1319 2556 1697 2626 prodigiorum
1742 2560 1985 2613 omnium

403 2641 654 2708 exstitit;
688 2656 751 2696 ac
785 2651 900 2696 tum
930 2660 1198 2699 annorum
1226 2663 1335 2701 xxx
1359 2663 1628 2704 numerus
1651 2649 1719 2703 ab
1743 2650 1865 2720 ejus
1894 2667 1988 2704 na-

404 2734 501 2788 tali
533 2736 842 2806 completus
874 2745 980 2792 est.
1019 2737 1217 2794 Eadem
1258 2740 1461 2811 quippe
1497 2741 1603 2807 die,
1644 2758 1754 2813 qua
1783 2759 1985 2800 secun-

405 2826 534 2880 dum
570 2840 790 2881 carnem
824 2836 987 2883 natus
1021 2829 1219 2897 fuerat,
1256 2831 1492 2900 primum
1538 2832 1674 2887 illud
1708 2849 1989 2891 conversa:

405 2918 462 2972 in
497 2919 688 2973 vinum
721 2933 876 2990 aquae
917 2920 1246 2974 miraculum
1277 2922 1520 2978 edidisse
1552 2924 1821 2991 creditur,
1863 2942 1987 2982 cum

347 3080 353 3086 _
405 3011 630 3081 triginta
655 3012 768 3081 jam
804 3027 981 3067 annos
1029 3013 1235 3068 solidos
1273 3014 1342 3068 ab
1377 3021 1500 3068 ortu
1545 3030 1648 3068 suo
1685 3019 1988 3071 secundum

405 3118 654 3171 carnem,
683 3105 1034 3175 adventuque
1060 3105 1352 3160 clausisset
1378 3125 1391 3161 :
1420 3106 1471 3160 id
1502 3106 1646 3176 quod
1678 3122 1822 3178 saepe
1842 3123 1989 3162 com-

405 3197 856 3262 memoravimus,
898 3205 952 3252 et
991 3204 1050 3251 ut
1098 3197 1164 3252 ad
1195 3213 1319 3252 eum
1365 3198 1585 3252 modum
1630 3199 1987 3269 accipiamus,

407 3289 740 3361 evangelicae
773 3289 1114 3345 narrationis
1155 3297 1346 3345 exacta
1386 3291 1561 3346 series
1599 3293 1879 3362 postulare
1909 3293 1990 3346 vi-

408 3387 587 3436 detur.
620 3380 740 3434 Jam
774 3391 897 3451 post
949 3382 1183 3451 primum
1227 3381 1359 3436 illud
1405 3383 1732 3436 miraculum
1779 3385 1991 3454 reliqua

413 3475 661 3544 prodigia
707 3475 1002 3529 subsecuta
1043 3492 1056 3527 :
1091 3488 1191 3529 nec
1221 3489 1328 3528 non
1364 3484 1420 3530 et
1451 3475 1696 3530 caelestis
1728 3475 1993 3531 doctrinae

409 3564 748 3635 prmdicatio,
780 3573 834 3619 et
870 3563 925 3617 id
958 3580 1130 3634 genus
1161 3573 1380 3630 caetera,
1414 3582 1534 3636 qua}
1561 3566 1629 3620 ad
1659 3567 1990 3638 singularem

413 3662 470 3711 in
511 3673 614 3713 nos
661 3657 1082 3722 humanitatem,
1115 3657 1506 3729 Evangeliique
1535 3661 1824 3715 miriﬁcam
1860 3663 1990 3726 vim,

413 3765 476 3805 ac
501 3750 808 3805 doctrinam
845 3751 1235 3820 praestandam,
1270 3766 1333 3805 ac
1363 3752 1848 3809 demonstrandam
1876 3771 1994 3826 per-

409 3843 607 3899 tinent.
646 3843 800 3910 Quod
831 3859 955 3898 cum
985 3859 1014 3897 a
1049 3858 1134 3898 me
1164 3854 1248 3898 est
1281 3859 1389 3899 non
1420 3845 1589 3901 semel
1621 3845 1848 3913 dictum,
1878 3856 1992 3902 tum

411 3933 482 3989 ob
516 3948 784 3989 caecorum
819 3933 1127 3998 hominum,
1159 3931 1254 4004 qui
1287 3933 1626 3991 inﬁdelitatis
1663 3939 1992 4004 asscrendae,

412 4030 576 4094 atque
613 4032 668 4078 et
697 4032 889 4080 sancto
921 4021 1173 4094 Spiritui,
1202 4031 1258 4079 et
1283 4024 1699 4096 Evangeliorum
1731 4037 1992 4084 constan-

410 4118 629 4175 tissimo
657 4119 835 4175 ordini
881 4117 1300 4174 contradicendi
1347 4122 1696 4184 occasionem
1749 4123 1990 4194 undique

411 4217 658 4282 captant,
694 4224 862 4279 cogor
889 4224 1032 4278 srepe
1063 4215 1328 4278 repetere.

481 4301 649 4356 XVII.
693 4301 901 4355 Etenim
944 4309 1055 4355 tam
1101 4299 1388 4355 enucleata
1430 4312 1795 4375 accurataque
1833 4304 1998 4378 440

412 4397 558 4454 ratio
589 4396 713 4450 illos
744 4409 936 4450 omnes
973 4393 1297 4464 occupando
1339 4395 1644 4462 submovet,
1679 4399 1771 4468 qui
1805 4400 1996 4463 adver-

2090 1903 2423 1974 πειρασμοῦ,
2490 1903 2584 1956 καὶ
2631 1903 2822 1976 πρώτη
2869 1904 3052 1977 ἡμέρα
3111 1904 3248 1975 πρὸς
3291 1903 3554 1972 Ἰωάννην
3586 1902 3695 1954 καὶ

2087 1996 2334 2068 δευτέρα.
2400 1996 2508 2049 Καὶ
2547 1996 2710 2049 πάλιν
2746 1998 2854 2050 ἀπὸ
2898 1998 3147 2051 Ἰωάννου
3186 1996 3379 2067 πρώτη
3431 1996 3526 2048 καὶ
3565 1994 3700 2046 δευ-

2088 2091 2242 2161 τέρα,
2288 2090 2377 2143 ὅτε
2450 2088 2824 2161 ἠκολούθησαν
2892 2089 3038 2159 αὐτῴ
3096 2090 3143 2141 οἱ
3191 2089 3320 2158 περὶ
3394 2085 3692 2156 Ἀνδρέαν,

2091 2182 2280 2237 ἔπειτα
2305 2181 2486 2252 Σίμων
2516 2182 2738 2251 Πέτρος.
2789 2181 2900 2234 Καὶ
2934 2184 2997 2251 τῇ
3025 2181 3158 2253 ἄλλῃ
3187 2180 3392 2252 ἡμέρα,
3427 2179 3504 2242 ὡς
3543 2179 3692 2247 ἔφη·

2093 2291 2212 2344 μεν,
2252 2275 2347 2327 καὶ
2383 2274 2493 2342 ἔχει
2519 2275 2551 2344 ἡ
2587 2272 2876 2326 ἀκολουθία
2902 2271 2998 2324 τοῦ
3025 2271 3380 2340 Εὑαγγελίου,
3406 2269 3694 2321 Φιλίππου

2091 2367 2301 2437 κλῆσις,
2358 2367 2452 2420 καὶ
2500 2366 2595 2419 τοῦ
2655 2364 2971 2435 Ναθαναήλ.
3020 2365 3130 2416 Καὶ
3176 2363 3363 2416 λοιπὸν
3403 2364 3472 2432 τῇ
3520 2360 3695 2432 τρίτῃ

2091 2460 2274 2531 ἡμέρα
2296 2458 2480 2531 γάμος
2499 2457 2736 2528 ἐγένετο
2765 2459 2836 2511 ἐν
2850 2454 3014 2523 Κανᾷ
3029 2455 3138 2524 τῆς
3165 2457 3519 2520 Γαλιλαίας.
3542 2453 3696 2523 μετὰ

2089 2552 2192 2616 τὰς
2215 2553 2306 2606 δύο
2332 2553 2428 2616 τὰς
2465 2552 2870 2624 προειρημένας
2889 2569 2901 2581 ·
2928 2552 3023 2604 σπε
3034 2569 3065 2623 ρ
3091 2550 3306 2622 πρῶτον
3338 2551 3564 2618 σημεῖον
3588 2548 3692 2598 καὶ

2093 2645 2362 2717 πλήρωμα
2393 2647 2684 2716 τριάκοντα
2717 2643 2853 2698 ἑτῶν
2881 2645 2987 2697 ἀπὸ
3013 2645 3315 2716 γεννήσεως
3352 2641 3453 2710 τῆς
3482 2641 3693 2709 ἐνσάρο

2094 2755 2188 2792 κου
2230 2737 2393 2790 αὐτοῦ
2449 2737 2768 2810 παρουσίας.
2817 2738 2904 2790 Ἐν
2943 2737 3080 2807 αὐτῇ
3113 2734 3221 2807 γὰρ
3255 2735 3570 2805 εὑρίσκεται
3612 2733 3686 2801 τῇ

2093 2831 2274 2902 ἡμέρα
2325 2829 2427 2900 τῆς
2477 2829 2640 2882 αὐτοῦ
2686 2831 2829 2883 κατὰ
2890 2829 3066 2898 σάρκα
3101 2829 3405 2898 γεννήσεως
3442 2842 3685 2892 πεποιηο

2095 2922 2203 2985 κὼς
2236 2922 2296 2975 τὸ
2327 2922 2542 2994 πρῶτον
2578 2922 2739 2976 πάλιν
2786 2925 3007 2992 σημεῖον
3032 2920 3126 2974 τοῦ
3157 2920 3347 2983 ὓδατος
3403 2921 3481 2982 είς
3513 2913 3684 2980 οἶνον,

2093 3017 2150 3067 ἐν
2184 3014 2261 3084 τῷ
2295 3014 2583 3086 πληρῶσαι
2640 3014 2802 3067 αὑτὸν
2830 3015 3122 3087 τριάκοντα
3152 3013 3267 3082 ἐτη,
3294 3011 3371 3074 ὡς
3419 3009 3685 3070 πολλάκις

2095 3103 2269 3172 εἷπον,
2317 3108 2426 3161 ἀπὸ
2470 3107 2569 3177 τῆς
2612 3107 2880 3180 ἐνσάρκου
2920 3106 3084 3159 αὐτοῦ
3128 3103 3433 3174 γεννήσεως
3486 3120 3546 3154 τε
3588 3102 3684 3154 καὶ

2095 3197 2397 3268 παρουσίας
2425 3214 2438 3228 '
2490 3197 2566 3260 ὡς
2611 3197 2923 3250 ὑποτίθεται
2959 3197 3091 3266 ἡμῖν
3130 3193 3366 3246 συνιέναι
3423 3190 3517 3243 καὶ
3574 3207 3683 3241 και

2095 3289 2462 3359 ταλαμὸἀνειν
2489 3291 2520 3360 ἡ
2562 3289 2667 3342 τῶν
2698 3286 3043 3357 Εὐαγγελίων
3068 3285 3323 3356 ἀκρίϐειά
3351 3301 3409 3335 τε
3437 3283 3532 3336 καὶ
3552 3284 3685 3334 ἀκο-

2095 3381 2298 3436 λουθία.
2331 3381 2436 3434 Καὶ
2467 3381 2652 3434 λοιπὸν
2683 3380 2800 3454 ἀπὸς
2825 3379 2918 3433 τοῦ
2962 3381 3178 3449 πρώτου
3217 3377 3443 3448 σημείου
3490 3373 3683 3427 τούτου

2095 3476 2163 3528 τά
2190 3492 2248 3527 τε
2283 3475 2417 3528 ἄλλα
2449 3477 2649 3546 σημεῖα
2679 3515 2692 3538 ,
2730 3475 2824 3527 καὶ
2864 3474 2924 3526 το
2950 3477 3210 3543 κήρυγμα
3242 3469 3447 3523 λοιπὸν.
3485 3469 3578 3521 και
3615 3467 3687 3519 τὰ

2096 3565 2230 3619 ἄλλα
2277 3567 2452 3619 πάντα
2501 3567 2599 3637 τῆς
2633 3565 2955 3636 θαυμαστῆς
2994 3563 3156 3617 αὑτοῦ
3208 3559 3542 3634 πληρώσεως
3584 3559 3683 3626 τῆς

2097 3657 2528 3728 φιλανθρωπίας,
2562 3658 2654 3710 καὶ
2693 3657 3057 3726 εὐαγγελικῆς
3121 3652 3565 3724 θαυματουργίας
3623 3668 3683 3701 τε

2097 3749 2190 3802 καὶ
2210 3747 2574 3817 διδασκαλίας,
2611 3752 2686 3815 ὡς
2709 3751 2966 3812 πολλάκις
2993 3749 3145 3819 ἔφην,
3169 3747 3262 3800 καὶ
3300 3741 3685 3812 ἀναγκάζομαι

2098 3839 2412 3904 πλειστάκις
2462 3840 2658 3909 λέγειν,
2692 3843 2712 3872 ³
2744 3841 2830 3894 διὰ
2862 3842 2959 3912 τὴν
2987 3839 3096 3892 τῶν
3142 3838 3541 3907 ἁπατωμένων,
3589 3838 3685 3888 καὶ

2098 3931 2582 4002 προφασιζομένων
2635 3931 2903 4004 θηρᾶσθαι
2943 3933 3154 3994 ἑαυτοῖς
3179 3931 3245 3982 τὰ
3275 3931 3370 3999 τῆς
3400 3927 3680 3989 ἀπιστίας,

2098 4023 2299 4076 καὶτοῦ
2341 4024 2640 4094 ἀντιλέγειν
2667 4024 2742 4095 τῷ
2765 4025 2904 4093 ἁγίῳ
2930 4023 3227 4094 Πνεύματι,
3257 4025 3352 4075 καὶ
3370 4024 3436 4092 τῇ
3467 4021 3682 4092 θαυμαο

2101 4119 2199 4189 στῇ
2231 4115 2338 4170 τῶν
2363 4117 2711 4186 Εὐαγγελίων
2744 4115 3057 4188 ἀκολουθία.

2174 4297 2270 4352 IZ'.
2328 4296 2510 4367 Πάντη
2571 4296 2680 4368 γὰρ
2739 4297 2866 4360 τοὺς
2913 4293 3359 4364 ἐναντιουμένους
3421 4290 3499 4361 τῷ
3544 4292 3687 4362 ἁγίῳ

2100 4389 2416 4461 Εὑαγγελίῳ
2446 4389 2782 4461 προλήςιιεται
2834 4390 2869 4460 ἡ
2913 4387 3150 4456 τοσαύτη
3183 4384 3558 4456 ἁκριϐολογία,
3586 4383 3682 4453 δη-

413 4504 508 4544 sus
531 4486 884 4558 Evangelium
911 4500 1152 4557 pugnare
1176 4501 1288 4540 nou
1309 4483 1582 4551 dubitant,
1608 4502 1732 4543 cum
1759 4488 1987 4559 idipsum

2102 4483 2286 4546 λοῦσα,
2328 4483 2409 4536 ὅτι
2439 4482 2546 4535 ἀπὸ
2591 4481 2683 4534 τοῦ
2721 4481 3097 4551 βαπτίσματος
3124 4481 3157 4550 ἡ
3193 4479 3334 4548 ἁρχὴ
3363 4477 3463 4546 τῆς
3491 4475 3686 4545 λοιπῆς

411 4584 795 4642 demonstrat;
840 4575 1141 4631 secundum
1189 4576 1524 4646 baptismum
1557 4587 1876 4634 czeterarum
1912 4596 1996 4635 re.

411 4691 533 4730 rum
563 4683 844 4747 gestarum
873 4673 1024 4727 initia
1054 4675 1200 4730 hunc
1223 4675 1277 4729 in
1307 4674 1528 4729 modum
1556 4682 1764 4726 secuta.
1789 4670 1996 4727 Deinde

409 4781 534 4835 quae
578 4774 700 4835 post
735 4765 1067 4837 baptismum
1109 4767 1162 4819 iu
1197 4767 1288 4820 illa
1321 4781 1386 4819 χι.
1423 4765 1632 4820 dierum
1668 4763 1992 4826 tentatione,

413 4872 479 4909 ac
505 4853 725 4911 deserto
752 4855 1123 4926 contigerunt,
1159 4869 1267 4910 non
1299 4857 1418 4912 sine
1445 4854 1619 4910 sancti
1646 4853 1886 4924 Spiritus
1913 4853 1995 4907 af-

412 4946 543 5000 ﬂatu
579 4961 610 4998 a
643 4945 853 5000 Joanne
888 4945 1278 5015 praetermissa,
1307 4946 1453 5016 quod
1487 4961 1517 4998 a
1551 4946 1727 4999 tribus
1763 4959 1994 5014 evange-

414 5040 556 5094 listis
595 5045 758 5093 antea
798 5039 1077 5094 memoriae
1119 5047 1305 5094 essent
1356 5038 1590 5108 prodita.
1629 5035 1996 5103 Quemadmo-

415 5132 544 5186 dum
587 5129 692 5184 alia
738 5129 828 5184 alii
883 5131 1232 5201 evangelista:
1285 5129 1662 5200 przetercunda
1695 5136 1994 5200 fputaruut,

413 5222 558 5294 quod
586 5222 816 5278 alterius
857 5223 993 5278 alter
1024 5223 1172 5277 velut
1207 5223 1456 5278 subsidio
1493 5225 1775 5278 niteretur.
1811 5221 1886 5278 Ita
1914 5235 1998 5278 ta-

413 5333 562 5381 men,
610 5323 668 5369 ut
713 5331 820 5370 una
861 5316 930 5370 sit
973 5329 1040 5370 ex
1081 5317 1340 5373 omnibus
1373 5317 1604 5371 collecta
1632 5331 1694 5372 ac
1726 5317 1997 5373 subducta

489 5480 500 5507 '
540 5476 670 5530 Luc.
703 5490 786 5540 ιιι,
822 5475 912 5530 25.
990 5476 1010 5506 ¹
1039 5473 1198 5531 Joan.
1235 5492 1293 5542 ιι,
1331 5476 1380 5531 l.

420 5548 621 5619 σειράκ.
655 5546 877 5617 ἡμερῶν
908 5544 1164 5601 refertur.

1499 5479 1520 5510 ³
1555 5477 1710 5534 Deest
1749 5479 2020 5534 nonnihil.

2098 4573 2504 4648 πραγματείας,
2540 4575 2616 4637 ὡς
2666 4575 2778 4645 ἔχει
2807 4573 3009 4638 οὕτως·
3055 4574 3136 4626 ὅτι
3177 4572 3366 4624 ἔπειτα
3411 4569 3556 4623 κατά
3588 4570 3688 4640 τὴν

2094 4670 2309 4739 ἡμέραν
2335 4667 2428 4721 τοῦ
2467 4665 2849 4738 βαπτίσματος
2876 4669 2932 4720 ὲν
2960 4665 3038 4737 τῷ
3062 4663 3353 4736 πειρασμῷ
3387 4663 3684 4732 γενομένου

2094 4759 2282 4824 αὑτοῦ,
2315 4761 2425 4814 τῶν
2451 4759 2856 4830 τεσσαράκοντα
2892 4758 3112 4831 ἡμερῶν
3143 4760 3199 4810 ἐν
3215 4759 3281 4827 τῇ
3313 4758 3504 4826 ἐρήμῳ
3526 4755 3682 4827 περὶ*

2095 4853 2275 4927 (Θεοῦ)
2333 4854 2412 4927 τῷ
2470 4854 2750 4925 Πνεύματι
2807 4853 2888 4924 τῷ
2936 4851 3084 4922 ἁγίῳ
3121 4848 3364 4922 (40),διά
3407 4849 3683 4914 Ἰωάννου,

2096 4950 2157 5004 οὐ
2203 4951 2592 5021 πεφρόντισται
2647 4949 2909 5019 σημᾶναι.
2957 4945 3094 5014 Ἤδη
3137 4944 3248 5015 γὰρ
3285 4941 3353 5014 ἦν
3400 4942 3560 4996 τοῦτο
3598 4941 3685 4994 διὰ

2098 5040 2206 5093 τῶν
2234 5041 2402 5112 τριῶν
2445 5038 2848 5109 εὐαγγελιστῶν
2899 5035 3193 5109 σημανθέν.
3242 5034 3348 5088 Καὶ
3382 5035 3546 5086 πάλιν
3574 5034 3683 5094 τοῖς

2099 5131 2278 5196 ἄλλοις
2324 5133 2742 5201 εὐαγγελισταῖς
2798 5132 2924 5203 περὶ
2957 5131 3063 5184 τῶν
3094 5129 3271 5182 ἄλλων
3309 5127 3370 5179 οὐ
3398 5127 3683 5196 πεφρόντιο

2102 5243 2243 5287 σται,
2294 5225 2381 5278 διὰ
2430 5226 2490 5279 τὸ
2532 5227 2762 5279 ἕκαστον
2801 5227 2894 5294 ἀφ’
2939 5223 3168 5276 ἑκάστου
3201 5217 3533 5291 βοηθεῖσθαι.
3577 5218 3679 5268 Καὶ

2102 5316 2254 5390 παρά
2289 5319 2504 5372 πάντων
2553 5317 2921 5386 συλλεγομένη
2953 5317 2985 5386 ὴ
3020 5313 3248 5384 ἀλήθεια
3271 5310 3546 5364 δείκνυται
3585 5307 3677 5377 μία

2130 5481 2149 5510 ⁸
2189 5477 2251 5532 F.
2287 5480 2412 5554 πέρι
2444 5481 2524 5534 vel
2560 5481 2624 5532 ἐκ
2675 5476 2952 5548 περιττοῦ.
2996 5477 3052 5532 Si
3096 5475 3223 5548 πέρι
3261 5476 3405 5541 legas
3462 5470 3524 5539 ad
3558 5484 3671 5522 τεσ-

491 5727 606 5798 ‹40)
652 5728 790 5795 Περὶ
819 5725 1111 5800 ’Θεοῢῖτῷ
1159 5727 1482 5798 Πνεύματι.
1527 5727 1731 5786 Prmtcr
1780 5727 1987 5800 Conjcct

2103 5745 2154 5784 m
2218 5745 2362 5784 ...am
2408 5743 2570 5799 quam
2631 5726 2796 5782 modo
2826 5734 3177 5791 attexumxus,
3224 5730 3462 5778 Ut.‘(lll'l'il
3517 5717 3669 5775 διιὼι

419 5792 608 5870 posse,
640 5817 707 5853 πε
717 5792 770 5872 pl.
791 5792 852 5853 οὗ
878 5798 956 5870 τῷ
980 5799 1078 5854 Πν.
