3846 6284
415 344 523 405 923
754 320 757 333 ’
1836 359 1921 449 s.‘
1954 361 2298 421 El’lPllANlt
3588 367 3699 428 est

416 463 658 521 Joannes
697 463 942 536 Baptista
972 464 1365 535 pronuntiavit.
1417 469 1519 527 Hic
1549 482 1627 529 est
1662 474 1725 529 de
1752 493 1853 547 quo
1884 477 1935 531 di

2187 496 2290 549 τος
2327 482 2492 549 ἐστι,
2542 485 2677 554 περὶ
2709 480 2781 542 οὗ
2830 481 3005 541 εἷπον
3036 483 3213 557 ὑμῖνο
3266 484 3365 539 καὶ
3399 484 3587 546 πάλιν,
3618 488 3702 541 ὅτι

416 560 561 616 vobis
594 559 648 627 ¹;
682 559 846 615 item:
890 559 1011 614 Vidi
1045 560 1305 632 Spiritum
1338 574 1581 619 sanciunt
1610 566 1935 624 descendenti

2181 576 2389 647 θέαμαι
2420 577 2486 631 τὸ
2512 579 2755 649 Πνεῦμα
2792 578 2858 635 τὸ
2882 580 3056 650 ἄτιον
3094 580 3459 635 καταϐαῖνον
3495 580 3569 634 ἐν
3612 583 3696 634 εῖ-

416 653 471 708 in
511 656 680 721 specie
714 654 994 722 columbae,
1022 664 1072 709 et
1106 668 1401 712 manentem
1434 675 1592 728 super
1622 661 1793 730 ipsum
1822 664 1841 692 ²
1867 679 1882 729 ;
1908 677 1935 717 e

2181 683 2193 716 t
2228 666 2602 733 περιστερᾶς,
2632 669 2730 721 καὶ
2759 668 2948 739 μένον
2980 670 3073 722 ἐπ’
3107 669 3322 724 αὐτόν’
3361 670 3479 735 καὶ,
3506 666 3700 737 Οὗτός

421 747 524 800 llic
555 758 632 801 est
663 749 755 818 qui
801 749 940 801 tollit
968 761 1239 818 peccatum
1274 752 1457 805 mundi
1499 752 1541 807 ³.
1595 752 1940 811 Animadverl

2178 771 2277 809 ’τιν
2318 759 2352 810 ὀ
2397 758 2582 826 αἴρων
2623 759 2737 828 τὴν
2785 760 3080 829 ἁμαρτίαν
3126 762 3234 816 τοῦ
3283 765 3538 831 κόσμου.
3585 764 3697 817 Καὶ

420 840 588 907 igitur
620 840 753 894 nihil
792 840 861 895 ab
893 855 958 895 eo
988 856 1084 911 per
1121 842 1457 897 oblivionem
1486 857 1610 899 esse
1643 845 1939 915 praeteritur

2178 848 2257 917 ᾷς,
2285 847 2366 900 ὅτι
2397 848 2549 903 οὐδὲν
2576 852 2719 904 κατὰ
2739 851 3016 922 λησμονὴν
3039 852 3332 921 ὑφηγεῖται
3352 869 3366 882 ν
3396 853 3697 921 παρέλειᾲε

420 932 513 986 sed
552 946 614 985 ea
654 931 917 986 duntaxat
963 933 1157 988 relicta
1189 973 1205 998 ,
1235 949 1355 1005 quae
1378 934 1494 1007 jam
1521 935 1808 993 Matthaeus
1837 955 1939 1010 exp

2192 938 2259 992 τὰ
2289 938 2366 1009 τῷ
2394 940 2657 1012 Ματθαίῳ
2681 943 3194 1013 πραγματευθέντα.
3211 944 3286 996 Οὑ
3312 942 3422 1013 γὰρ
3439 939 3509 1013 ἦν
3538 946 3697 1016 χρεία

418 1032 622 1079 ευιιηιι.
655 1024 865 1090 Quibus
899 1040 1023 1079 cum
1069 1025 1208 1080 nihil
1237 1041 1375 1097 opus
1414 1034 1530 1083 erat
1576 1030 1811 1101 amplius
1839 1071 1853 1095 ,
1890 1038 1937 1085 tu

2181 1030 2332 1084 είνων
2358 1032 2541 1085 οὑκέτι
2569 1073 2584 1098 ,
2622 1033 2759 1086 ἀλλὰ
2796 1035 2894 1105 τῆς
2929 1035 3078 1099 Θείας
3125 1038 3379 1107 φράσεως
3425 1036 3562 1107 πρὸς
3608 1038 3700 1089 ἀν-

420 1115 606 1170 divina
642 1116 731 1169 illa
762 1115 1074 1173 adhibenda
1103 1133 1225 1184 vox,
1256 1133 1363 1189 qua
1390 1135 1582 1176 eorum
1608 1122 1846 1193 jugulari
1881 1137 1939 1191 pc

2179 1124 2360 1193 Βρησιν
2408 1124 2519 1178 τῶν
2565 1124 2899 1195 νομιζόντων
2948 1128 3057 1181 ἀπὸ
3110 1130 3329 1199 Μαρίας
3388 1130 3488 1181 καὶ
3539 1128 3698 1198 δεῦρο

420 1216 504 1262 sct
534 1222 725 1271 error,
757 1209 850 1279 qui
880 1208 1159 1266 Christum
1201 1227 1231 1266 a
1263 1211 1433 1267 Maria
1475 1220 1710 1279 tantum,
1744 1222 1909 1285 atque
1938 1248 1939 1255 η

2178 1214 2343 1268 ιιστὸν
2371 1215 2532 1269 αὐτὸν
2580 1216 2900 1280 καλεῖσθαι,
2938 1219 3033 1271 καὶ
3063 1219 3188 1272 Υίὸν
3234 1219 3369 1272 Θεοῦ
3412 1220 3569 1289 ψιλὸν
3604 1219 3697 1273 ἄν·

418 1300 514 1355 iilo
548 1301 785 1370 primum
816 1310 1063 1373 tempore
1090 1304 1434 1360 nominatum
1462 1304 1771 1375 crederent,
1802 1307 1935 1379 quiq

2181 1323 2348 1373 ωπον,
2384 1307 2527 1361 κατὰ
2566 1309 2850 1380 προκοπὴν
2880 1310 2936 1363 δὲ
2969 1311 3164 1381 ἡκέναι
3196 1313 3276 1375 εἰς
3300 1313 3364 1364 τὸ
3410 1310 3697 1365 καλεῖσθαι

419 1395 514 1449 Dei
542 1393 739 1449 Filium
782 1394 987 1451 nudum
1019 1395 1298 1453 hominem
1333 1396 1506 1455 fuisse
1534 1398 1819 1464 dicerent,
1853 1415 1938 1455 eui

2180 1400 2239 1455 ὸν
2265 1400 2424 1459 Θεοῦ.
2458 1401 2551 1456 Διὸ
2579 1402 2688 1456 τῶν
2715 1404 3029 1472 ἀναγκαίων
3066 1404 3439 1475 ἐπιμελεῖται·
3479 1406 3698 1457 πάντων

419 1486 658 1557 demque
708 1487 877 1543 certis
930 1489 1352 1545 accessionibus
1407 1497 1463 1545 et
1525 1490 1883 1548 incrementis

2182 1509 2211 1546 ν
2230 1486 2323 1547 οὑν
2354 1493 2609 1565 μεγάλων
2638 1494 2808 1549 ὄντων
2830 1495 2927 1550 καὶ
2947 1497 3284 1565 ἀναγκαίων,
3312 1497 3701 1567 περιττότερον

418 1594 771 1651 progressum
797 1620 812 1645 ,
842 1590 903 1635 ut
931 1579 1057 1635 Filii
1109 1579 1205 1636 Dei
1258 1582 1679 1652 appellationem
1714 1583 1937 1639 obtinen

2216 1585 2539 1656 ποιούμενος
2581 1585 2689 1640 τῶν
2719 1578 3059 1659 ἐπουρανίων
3099 1588 3196 1660 τὴν
3238 1589 3449 1643 ἄνωθεν
3495 1591 3703 1642 οἰκονο-

419 1671 501 1729 Ob
557 1670 612 1726 id
649 1671 888 1730 Joannes
919 1688 1038 1729 eam
1086 1673 1188 1729 sibi
1224 1684 1434 1744 partem
1468 1676 1870 1747 deposcendam
1909 1693 1938 1748 p

2179 1692 2263 1729 αν.
2312 1675 2547 1746 Λέγουσι
2599 1677 2659 1731 δὲ
2712 1679 2773 1732 τὸ
2828 1679 2967 1733 κατὰ
3022 1681 3276 1752 Ἰωάννην
3324 1682 3698 1750 Εὑαγγέλιον,

418 1767 575 1829 tavit,
602 1782 724 1837 quae
762 1767 1077 1823 necessaria
1116 1768 1413 1824 videretur.
1448 1766 1600 1824 Licet
1626 1769 1771 1823 enim
1812 1785 1933 1841 mag

2185 1765 2300 1837 ειδὴ
2348 1767 2422 1840 μὴ
2471 1768 2540 1822 τὰ
2577 1769 2715 1823 αὑτὰ
2763 1769 2889 1841 ἔφη,
2937 1771 3217 1827 ἀδιάθετον
3255 1768 3429 1837 εἶναι,
3476 1776 3574 1826 καὶ
3627 1776 3702 1845 μὴ

418 1857 601 1912 omnia
630 1858 742 1913 sint
780 1873 845 1912 ac
882 1858 1221 1918 necessaria,
1261 1866 1443 1913 tamen
1492 1860 1549 1914 in
1588 1858 1792 1916 divinis
1827 1862 1937 1930 poti

2185 1859 2357 1931 (εσθαι
2379 1839 2577 1924 αὑτοὺς
2602 1860 2753 1925 αὐτὸ,
2781 1839 2922 1916 κατὰ
2946 1862 3123 1921 πάντα
3149 1864 3581 1937 πεπλανημένοι,

419 1949 622 2004 simum
649 1949 1010 2020 explicandis,
1040 1965 1104 2003 ac
1138 1950 1347 2005 ccelcsti
1395 1950 1486 2004 illa
1525 1950 1938 2008 administratiOJ

1403 1950 1486 2004 illa
1525 1950 2001 2008 administratione
2106 1951 2513 2023 τυφλώττοντες
2540 1952 2639 2025 τὴν
2665 1953 2922 2009 διάνοιαν.

419 2042 635 2099 defixus
666 2052 771 2099 est.
810 2042 966 2108 Quod
998 2043 1165 2114 igitur
1206 2041 1434 2100 Joannis
1466 2043 1819 2115 Evangelium
1883 2040 1955 2100 ob
2011 2045 2066 2102 id
2110 2061 2142 2101 a
2195 2045 2350 2101 Novo
2409 2044 2763 2101 Testamento
2794 2047 3156 2125 lrepudiant,
3212 2064 3313 2103 nec
3380 2047 3703 2113 admittunt,

419 2136 566 2194 ouod
594 2151 700 2191 non
734 2152 857 2191 cum
889 2136 1012 2190 aliis
1046 2134 1190 2189 haud
1225 2135 1361 2192 satis
1396 2137 1708 2192 consentiat
1736 2176 1751 2202 ,
1793 2150 2012 2192 summo
2054 2136 2110 2192 in
2137 2152 2348 2203 errore,
2381 2152 2446 2191 ac
2474 2138 2674 2193 mentis
2708 2141 2950 2194 caecitate
2978 2148 3287 2194 versantur.

490 2227 633 2283 XIX.
667 2227 879 2283 Etenim
907 2227 1293 2284 sanctissimus
1328 2227 1418 2283 hic
1444 2229 1777 2299 evangelista
1813 2230 2008 2286 ordine

2185 2230 2283 2285 [Θ’.
2328 2230 2601 2301 Τέταρτος
2633 2230 2740 2301 γὰρ
2786 2234 2927 2285 κατά
2958 2231 3208 2303 διαδοχὴν
3250 2232 3424 2285 ἐλθὼν
3455 2236 3485 2286 ὁ
3524 2236 3704 2304 μακά-

420 2336 486 2377 ac
524 2321 878 2377 successione
914 2328 1184 2391 quartus,
1221 2335 1285 2375 ac
1339 2321 1557 2376 tametsi
1614 2321 1824 2391 primus
1861 2337 1939 2378 ess

2186 2339 2249 2388 ›ς,
2278 2323 2494 2393 πρῶτος
2527 2323 2624 2393 μὲν
2657 2321 2754 2386 ὣν,
2785 2321 3011 2393 ὕστερος
3041 2323 3097 2377 δὲ
3130 2326 3242 2387 τοῖς
3270 2324 3446 2378 ἔτεσιν
3471 2328 3705 2395 εὐαγγε-

417 2415 689 2478 omnium,
732 2412 1009 2469 scribendi
1034 2421 1211 2468 tamen
1245 2421 1491 2483 tempore
1521 2422 1850 2482 postremus,
1885 2430 1936 2484 qi

2184 2414 2401 2485 τάμενος
2432 2413 2500 2466 τὰ
2528 2413 2633 2485 πρὸ
2662 2411 2827 2466 αὑτοῦ
2867 2411 3049 2477 καλῶς
3072 2415 3404 2484 τεταγμένα,
3440 2418 3543 2469 οὑκ
3574 2421 3597 2470 ὲ
3607 2436 3703 2488 με-

420 2516 550 2563 ante
587 2521 649 2563 se
701 2507 962 2577 praeclare
990 2512 1147 2562 erant
1198 2506 1427 2560 aliorum
1462 2521 1628 2576 opera
1666 2505 1877 2577 digesta
1921 2522 1939 2560 ι

2184 2518 2375 2579 ανησεν
2416 2506 2707 2560 ἐκθέσθαι·
2761 2506 2896 2560 ἀλλὰ
2939 2507 3316 2578 προλαμϐάνει
3364 2510 3475 2562 τῶν
3512 2512 3703 2582 ρηθέν-

420 2607 606 2673 petere
631 2600 834 2667 noluit;
871 2599 967 2655 sed
1008 2605 1135 2654 ante
1177 2613 1238 2652 t-a
1270 2613 1389 2668 qua:
1417 2597 1533 2669 jam
1576 2597 1725 2652 dicta
1766 2598 1939 2654 fuerat

2185 2617 2225 2653 »ν
2268 2598 2337 2652 τὰ
2383 2597 2458 2670 μὴ
2498 2598 2754 2669 ῥηθέντα.
2802 2600 2858 2652 'O
2892 2598 3173 2662 Ματθαῖος
3202 2600 3310 2670 γὰρ
3339 2601 3572 2671 ἄρχεται
3599 2604 3704 2655 ἀπὸ

419 2709 543 2765 qua:
575 2707 685 2749 non
735 2700 895 2748 erant
932 2691 1079 2747 dicta
1118 2689 1425 2760 proposuit.
1469 2688 1761 2747 Matthazus
1786 2690 1938 2762 quid:

2183 2690 2407 2762 ,ϐραάμο
2445 2690 2585 2761 μετὰ
2622 2690 2681 2744 δὲ
2705 2690 2804 2762 τὴν
2831 2691 3026 2763 ἀρχὴν,
3058 2692 3153 2745 καὶ
3188 2692 3326 2762 μετὰ
3353 2692 3446 2745 δύο
3475 2694 3573 2765 ἔτη
3606 2695 3702 2765 τῆς

421 2789 492 2844 ab
526 2787 840 2843 Abrahamo
892 2786 1170 2843 scribendi
1211 2786 1369 2840 initio
1400 2784 1547 2840 facto
1570 2825 1586 2852 ,
1626 2793 1751 2856 post
1784 2786 1940 2841 incur

2182 2784 2442 2855 ννήσεως,
2479 2782 2643 2836 πάλιν
2668 2786 2902 2836 ποιεῖται
2932 2783 3031 2856 τὴν
3062 2785 3357 2855 ὑφήγησιν.
3386 2788 3620 2858 Μάρκος
3649 2787 3701 2839 δὲ

418 2880 546 2938 ιτιιιει
571 2879 799 2943 Christi,
836 2888 889 2934 et
916 2880 1148 2933 alterum
1183 2893 1213 2932 a
1241 2876 1409 2932 natali
1443 2876 1564 2946 ejus
1598 2892 1804 2932 annum
1842 2876 1937 2949 Μ

2183 2891 2342 2943 ιχεται
2374 2873 2482 2927 άπὸ
2507 2873 2992 2929 πεντεκαιδεκάτου
3032 2873 3184 2939 ἔτους
3218 2876 3509 2948 Τιϐερίουδ
3542 2877 3702 2948 μεσύ-

420 2972 797 3029 narrationem
848 2971 1108 3041 pertexit.
1158 2970 1377 3025 Marcus
1423 2984 1550 3025 vero
1584 2971 1654 3025 ab
1687 2985 1778 3025 an.
1814 2986 1882 3024 xv
1913 2969 1939 3023 Ἰ

2185 2983 2253 3021 τα
2283 2965 2391 3019 τῶν
2423 2965 2563 3037 μετὰ
2586 2966 2683 3038 τὴν
2711 2968 2905 3038 ἀρχήν.
2936 2969 3151 3032 Λουκᾶς
3176 2967 3231 3022 δὲ
3261 2969 3436 3041 ἀρχὴν
3469 2973 3578 3042 πρὸ
3607 2971 3700 3041 τῆς

419 3061 557 3121 berii
582 3105 596 3128 ,
639 3064 1078 3134 circumscriptis
1117 3062 1280 3119 medii
1311 3063 1577 3135 temporis
1615 3063 1782 3119 rebus
1814 3071 1931 3134 gest

2182 3060 2289 3130 ›χῆς
2318 3060 2592 3130 ἐπήνεγκε
2622 3059 2720 3131 τὴν
2746 3060 2853 3132 πρὸ
2881 3060 2979 3131 τῆς
3003 3062 3309 3133 γεννήσεως
3337 3065 3396 3116 ὲν
3424 3067 3490 3135 τῇ
3514 3066 3701 3137 συλλή⁴

421 3172 656 3213 exorsus
688 3164 792 3212 est.
859 3156 929 3210 At
972 3154 1151 3211 Lucas
1199 3154 1361 3212 altius
1405 3155 1511 3211 ista
1552 3164 1805 3227 repetens
1838 3155 1908 3210 ab

2175 3171 2206 3206 ει
2228 3152 2328 3222 τῆς
2347 3154 2586 3225 γαστρὸς
2607 3153 2828 3225 Μαρίας
2855 3154 2949 3207 καὶ
2970 3153 3072 3224 τῆς
3097 3154 3376 3208 Ἐλισάδετ
3394 3162 3694 3226 γεγονυῖαν.

422 3261 670 3324 tempore
698 3254 865 3324 etrapit
892 3292 907 3318 ,
943 3252 1089 3323 quod
1130 3251 1338 3309 Christi
1372 3260 1553 3307 ortum
1586 3252 1914 3317 antecessit;

2181 3247 2386 3318 ωάννης
2431 3247 2487 3300 δὲ
2522 3248 2603 3301 ἔτι
2639 3249 2925 3320 πρότερον,
2968 3249 3192 3322 ὕστερος
3224 3250 3415 3316 ἐλθὼν,
3453 3255 3700 3320 ὲπασφα-

424 3355 535 3401 tam
574 3345 775 3413 hujus,
832 3360 998 3416 quam
1029 3344 1259 3401 Joannis
1306 3346 1362 3399 in
1402 3344 1587 3400 Mariae
1638 3352 1802 3414 atque
1840 3342 1943 3398 Elis

2179 3339 2327 3403 ζεται
2372 3340 2471 3411 τὴν
2508 3340 2616 3413 πρὸ
2657 3341 2759 3412 τῆς
2795 3343 3062 3415 ὲνσάρκου
3094 3344 3396 3416 παρουσίας
3438 3363 3698 3417 πραγμα-

422 3435 553 3491 beth
603 3444 759 3490 utero
808 3442 1132 3505 conceptum
1192 3435 1465 3505 exposuit.
1506 3433 1746 3489 Joannes
1777 3431 1939 3502 deuiq

2186 3430 2289 3484 ίαν.
2342 3431 2707 3503 Πνευματικά
2746 3433 2855 3503 γὰρ
2897 3429 2966 3505 ἦν
3008 3434 3075 3488 τὰ
3122 3436 3350 3490 πλεῖστα
3399 3438 3491 3490 ὑπ’
3542 3437 3700 3491 αὑτεῦ

423 3535 736 3597 postremus
764 3526 1031 3581 accedens
1065 3525 1337 3581 altissime
1359 3526 1606 3582 omnium
1638 3525 1942 3579 narratione

2181 3521 2409 3592 γόμενα,
2446 3523 2555 3576 τῶν
2590 3522 2875 3594 σαρκικῶν
2904 3524 3005 3595 ἥδη
3042 3526 3581 3596 ὲπασφαλισθέντων.
3615 3528 3699 3580 Ai‘;

421 3615 680 3682 arcessit,
717 3623 772 3671 et
802 3631 922 3686 quae
950 3616 1153 3672 Christi
1183 3615 1515 3686 temporaria
1546 3615 1637 3669 illa
1661 3614 1939 3685 generatio

2182 3613 2508 3684 νευματικῶς
2545 3614 2646 3685 τὴν
2681 3615 2956 3687 ὑφήγησιν
2980 3620 3215 3670 ποιεῖται
3241 3619 3339 3688 τῆς
3362 3618 3575 3673 ἄνωθεν
3602 3620 3701 3674 ἀπὸ

422 3706 607 3778 priora
641 3714 792 3773 sunt,
831 3707 1077 3763 stabilire
1120 3722 1184 3761 ac
1231 3707 1446 3762 munire
1492 3706 1752 3761 instituit.
1787 3703 1941 3777 Spiril

2181 3705 2331 3776 ιτρὸς
2360 3706 2599 3777 ἀνάρχου
2641 3707 2852 3779 δωρεᾶς
2883 3711 3016 3779 ἡμῖν
3051 3708 3334 3781 ἐλθούσης,
3370 3710 3516 3764 κατὰ
3562 3711 3700 3764 εὐδο-

423 3802 497 3856 lia
529 3801 676 3857 enim
719 3799 889 3856 ferme
945 3812 1105 3865 sunt,
1141 3817 1264 3872 qua:
1294 3800 1385 3856 ille
1431 3799 1710 3856 memoria:
1742 3814 1942 3854 comma

2182 3814 2243 3851 αν
2283 3798 2496 3869 Πατρὺς
2530 3800 2587 3853 ἐν
2614 3802 2680 3871 τῇ
2709 3800 2841 3872 ἁγίᾳ
2875 3800 3157 3873 Παρθένῳ,
3192 3803 3249 3854 ἐν
3288 3803 3472 3874 μήτρᾳ
3502 3803 3701 3874 παρθε-

422 3892 609 3957 davit,
656 3907 781 3947 cum
834 3907 956 3963 quae
990 3891 1057 3946 ad
1102 3908 1304 3962 corpus
1336 3891 1634 3947 attinerent
1673 3889 1890 3946 abunde
1922 3905 1941 3945 ε

2181 3893 2241 3961 κῇ
2279 3891 2747 3963 οἰκονομηθείσης.
2780 3892 2890 3946 Καὶ
2935 3894 2985 3947 οἱ
3020 3893 3193 3947 λοιποὶ
3226 3894 3305 3959 δὲ,
3345 3895 3414 3947 τὰ
3453 3896 3547 3949 ῐσα
3584 3894 3700 3949 τοὺ-

423 3993 548 4043 sent
612 3985 845 4041 aliorum
913 3985 1137 4056 scriptis
1202 3985 1581 4041 corroborata.
1644 3981 1942 4051 Quamobrt

2178 4000 2231 4047 tt;
2262 3981 2571 4053 συμφώνως
2595 3985 2863 4049 εἰπόντες,
2885 3980 2960 4039 ὧν
2984 3980 3052 4056 ἦν
3082 3987 3241 4058 χρεία
3272 3987 3697 4059 ὲπεμελήσαντο.

422 4079 725 4151 spiritalem
758 4079 825 4134 dc
854 4077 1041 4134 divino
1081 4078 1173 4134 illo
1210 4078 1358 4134 dono
1404 4077 1779 4133 narrationem
1817 4088 1941 4149 aggt

2180 4074 2270 4128 id‘e
2316 4076 2569 4148 Ἰωάννης
2604 4076 2700 4131 καὶ
2732 4077 2832 4148 τὴν
2884 4078 3141 4149 πρόθεσιν
3164 4078 3295 4150 (45),
3328 4080 3415 4132 ἵνα
3449 4080 3559 4133 ἀπὸ
3589 4097 3699 4133 τεσ-

422 4172 603 4237 ditur,
643 4172 789 4243 quod
834 4172 989 4227 initio
1019 4186 1219 4226 carens
1268 4168 1419 4224 omni
1475 4168 1544 4223 ab
1581 4168 1791 4224 caelesti
1827 4168 1884 4223 in
1913 4184 1941 4223 n

2179 4184 2300 4239 :pwv
2330 4168 2733 4237 εὑαγγελιστὼν
2758 4169 2855 4239 τήν
2898 4171 3079 4224 πᾶσαν
3128 4172 3268 4225 κατά
3294 4189 3356 4225 τε
3390 4174 3489 4243 τὴν
3528 4175 3698 4246 σάρκα

422 4261 585 4318 Patre
642 4261 983 4319 transfusum
1022 4270 1148 4326 est,
1206 4261 1365 4317 etde
1426 4259 1595 4331 hujus
1659 4259 1894 4315 consilio

1985 4273 2016 4313 c
2114 4259 2372 4314 καὶκατὰ
2393 4260 2492 4332 τὴν
2528 4260 2761 4332 θεότητα
2791 4262 3079 4333 ἁκρίόειαν
3114 4264 3500 4335 κατάσχωμεν.

419 4358 701 4413 voluntate
737 4359 792 4412 in
830 4358 892 4413 B.
954 4356 1232 4428 Virginem
1275 4357 1531 4428 illapsum
1563 4395 1579 4421 ,
1612 4364 1777 4426 atque
1816 4356 1871 4410 in
1934 4355 2181 4427 virgineo
2249 4355 2371 4426 ejus
2412 4357 2621 4427 gremio
2677 4372 2801 4412 cum
2856 4373 3023 4413 carne
3072 4360 3451 4432 conjunctutn.
3508 4362 3699 4418 Cancri

421 4468 588 4523 porro
622 4454 695 4509 ita
727 4453 923 4509 iisdem
956 4454 1065 4508 illis
1104 4461 1477 4510 consentanea
1509 4451 1804 4518 dixerunt,
1855 4460 1915 4506 ut
1976 4451 2051 4515 id,
2112 4452 2259 4522 quod
2313 4461 2432 4508 erat
2466 4469 2722 4517 necesse,
2764 4455 3113 4524 potissimum
3162 4465 3495 4527 spectarent.
3542 4459 3700 4515 Joan-

421 4565 521 4605 nes
551 4565 682 4605 vero
714 4550 866 4620 ejus,
918 4550 1062 4621 quod
1121 4550 1227 4607 sibi
1283 4555 1699 4621 proposuerat,
1738 4550 2007 4605 rationem
2038 4547 2250 4604 habuit.
2293 4546 2372 4602 Ita
2430 4548 2488 4603 fit
2549 4557 2608 4603 ut
2638 4564 2705 4604 ex
2740 4566 2791 4605 tv
2850 4549 3161 4621 Evangeliis
3219 4565 3412 4607 eorum
3460 4570 3587 4623 qua:
3639 4554 3699 4609 ad

418 4642 627 4697 Christi
660 4658 884 4698 carnem
928 4651 982 4696 et
1037 4643 1104 4697 ad
1144 4642 1487 4698 divinitatem
1535 4642 1811 4709 attinent,
1853 4648 2113 4696 accurata
2142 4640 2305 4696 nobis
2337 4640 2544 4697 veritas
2575 4657 2641 4696 ac
2666 4641 2976 4697 certissima
3010 4649 3227 4697 constet

491 4730 607 4786 XX.
649 4732 862 4788 Etenim
923 4742 1037 4789 toto
1103 4734 1194 4789 illo
1256 4734 1513 4804 baptismi
1576 4734 2008 4805 tentationisque

2184 4729 2271 4787 ΚΖ
2314 4730 2723 4785 Τελειωθέντων
2768 4731 2876 4803 γὰρ
2918 4732 3026 4786 τῶν
3064 4736 3281 4787 πάντων
3313 4733 3425 4789 τῶν
3459 4735 3607 4788 κατὰ
3645 4735 3699 4788 τὸ

421 4825 641 4893 negotio
676 4826 999 4895 perfunctus
1031 4829 1208 4891 venit,
1249 4844 1314 4882 ac
1357 4828 1647 4901 discipulis
1703 4830 1940 4900 adjuncti

2179 4843 2402 4897 ιπτισμα
2462 4826 2559 4879 καὶ
2603 4826 2743 4880 κατὰ
2794 4825 2885 4878 τὸν
2930 4826 3234 4897 πειρασμὸν
3288 4827 3490 4893 αὑτοῦ,
3547 4830 3698 4891 εὐθὺς

421 4914 658 4985 primum
709 4916 844 4970 illud
898 4918 949 4970 in
997 4918 1146 4971 Cana
1188 4916 1422 4974 Galilaaae
1474 4920 1803 4975 miraculum
1860 4922 1940 4977 fec

2181 4919 2365 4982 θόντος
2400 4919 2495 4972 καὶ
2539 4918 3048 4990 συμπαρειληφότος
3086 4921 3210 4982 τοὺς
3248 4920 3517 4991 μαθητὰς,
3540 4921 3698 4974 τοῦτο

421 5008 581 5060 tertia
617 5024 778 5077 quam
811 5011 1112 5080 praedicare
1139 5022 1382 5083 cmperat
1412 5012 1520 5068 die.
1561 5012 1682 5069 Non
1708 5016 1854 5070 enim
1885 5031 1940 5069 at

2179 5010 2334 5064 adytov
2366 5013 2591 5083 σημεῖον
2623 5009 2889 5081 πεποίηκε
2920 5013 2987 5081 τῇ
3015 5010 3175 5083 τρίτῃ
3204 5012 3388 5083 ἡμέρα
3413 5012 3508 5065 τοῦ
3538 5012 3698 5084 κηρύ-

421 5098 779 5153 tentationem
817 5100 1068 5158 Christus
1126 5104 1335 5173 nuptiis
1397 5103 1714 5160 interfuisse
1763 5106 1932 5161 dicitu

2176 5121 2327 5167 ιατος
2357 5105 2415 5157 ὲν
2456 5104 2612 5174 Κανᾷ
2654 5103 2755 5173 τῆς
2802 5102 3111 5167 Γαλιλαίας.
3149 5103 3285 5157 Οὑτε
3317 5104 3423 5175 γὰρ
3468 5106 3575 5176 πρὸ
3614 5104 3695 5159 τοῦ

422 5202 524 5243 nec
576 5188 745 5243 ullum
796 5193 1021 5247 omnino
1080 5195 1388 5267 prodigium
1439 5206 1565 5251 ante
1616 5196 1748 5251 illud
1800 5204 1941 5265 temp

2172 5196 2428 5268 ειρασμοῦ
2492 5198 2551 5249 ὲν
2596 5197 2761 5267 γάμῳ
2805 5197 3003 5265 φάσκει
3063 5196 3156 5249 τὸν
3194 5198 3427 5268 Χριστὸν
3481 5200 3691 5269 ηκέναι·

420 5278 615 5345 edidit,
649 5282 755 5337 nisi
792 5282 839 5337 si
869 5299 991 5353 qua:
1035 5284 1222 5340 forsan
1261 5286 1471 5341 ludicra
1507 5287 1702 5344 fecisse
1738 5289 1793 5343 in
1824 5305 1939 5359 puer

2173 5310 2180 5338 ι
2208 5289 2318 5361 γὰρ
2352 5289 2489 5351 ὅλως
2517 5305 2570 5341 τι
2595 5287 2704 5341 τῶν
2734 5288 3073 5360 θεοσημείων
3102 5289 3196 5342 καὶ
3228 5287 3320 5342 τοῦ
3353 5290 3692 5362 κηρύγματος

421 5374 499 5429 tia
536 5374 761 5441 dicitur,
793 5377 941 5446 quod
977 5393 1005 5431 a
1039 5380 1320 5434 nonnullis
1351 5379 1608 5435 alIirmari
1636 5381 1815 5437 video.
1845 5382 1940 5452 Atq

2172 5382 2227 5453 ρὸ
2260 5381 2354 5435 τοῦ
2390 5379 2699 5453 πειρασμοῦ
2725 5383 2754 5434 ὁ
2793 5380 3028 5454 Χριστὸς
3060 5382 3371 5455 εἰργάσατο,
3405 5385 3454 5435 εἰ
3487 5386 3560 5455 μή
3590 5401 3635 5435 τι
3662 5380 3691 5433 ἃ

423 5470 690 5524 nonnulla
733 5470 958 5542 puerilis
999 5470 1176 5526 anatis
1211 5480 1529 5539 argumenta
1573 5473 1817 5544 praebere
1856 5474 1942 5528 illu

2143 5474 2302 5527 ἱδεται
2339 5475 2467 5547 περὶ
2488 5472 2653 5529 αὑτοῦ
2687 5475 2746 5529 ὲν
2776 5474 2929 5529 παιδὶ
2968 5474 3350 5547 πεποιηκέναι,
3381 5475 3459 5537 ὡς
3491 5477 3548 5529 ὲν
3574 5492 3662 5528 παι

494 5648 513 5682 ¹
536 5647 695 5707 Joan.
725 5664 790 5718 lt,
830 5649 920 5707 30.
996 5652 1017 5682 ¹
1060 5650 1191 5707 ibid.
1218 5650 1305 5708 32.
1385 5650 1406 5682 ³
1435 5651 1567 5707 ibid.
1596 5651 1687 5708 29.
1768 5653 1789 5685 ⁸
1813 5653 2039 5712 Mutilus
2060 5654 2235 5711 locus.

498 5807 614 5881 (45)
655 5811 707 5865 ’0
758 5811 826 5867 δὲ
889 5813 1161 5885 Ἰωάννης
1202 5815 1296 5869 καί
1345 5813 1457 5884 τὴν
1501 5815 1807 5885 πρόθεσιν.
1881 5816 1942 5875 F.
1986 5818 2127 5874 κατὰ
2159 5818 2255 5892 τὴν
2299 5820 2573 5891 πρόθεσιν.
