3750 6200
102 275 237 337 99.3

839 273 1213 334 ADVERSUS
1252 277 1598 335 lleRESES
1637 274 1763 333 LIB.
1808 277 1869 334 ll.
1911 276 2075 335 ΤΟΜ.
2112 278 2150 335 l.
2184 308 2253 321 --
2283 278 2562 336 IUERES.
2604 279 2692 337 Li.

3305 275 3411 334 926

100 400 284 469 γνίῳ,
311 397 386 461 ὦς
429 414 573 461 τινες
617 398 907 466 φάσκουσι.
945 400 1054 453 Καὶ
1096 401 1303 473 ἔδειτῴ
1338 404 1435 474 μὲν
1468 402 1582 456 ὄντι
1629 420 1696 456 κα

1869 402 2069 474 portuit
2093 442 2108 469 ,
2142 418 2212 459 ne
2261 417 2369 473 qua
2407 401 2710 458 baercsibus
2758 402 2879 457 aliis
2912 400 3130 457 occasio
3157 399 3406 461 daretur,

100 488 432 562 παιδαρικὰ
462 489 623 543 αὐτὸν
648 489 812 559 ἔχειν,
844 490 931 543 ἵνα
955 491 1029 563 μὴ
1059 492 1331 563 πρόφασις
1353 494 1575 566 γένηται
1596 497 1718 558 ταῖς

102 581 320 645 ἄλλαις
368 581 645 653 αἱρέσεσι,
681 585 803 646 ταῖς
848 582 1166 651 λεγούσαις,
1204 587 1283 640 ὅτι
1312 588 1419 640 ἀπὸ
1454 586 1548 640 τοῦ
1586 588 1717 659 Ἰορ-

101 674 288 729 δάνου
321 670 451 747 ἦλθε
485 674 722 745 Χριστὸς
758 678 839 740 εἰς
879 677 1063 740 αὐτὸν,
1097 679 1235 750 ὅπερ
1286 679 1435 732 ἐστὶν
1481 681 1514 750 ὴ
1560 697 1716 750 περι-

105 768 318 840 στερά.
350 769 441 820 Διὸ
469 768 563 821 καὶ
597 768 654 819 ἐν
679 767 756 838 τῷ
784 767 1068 841 δωδεκάτῳ
1095 770 1203 823 ἔτει
1229 771 1416 840 σαφῶς
1446 772 1714 825 δείκνυσιν

104 863 138 914 ὁ
160 862 410 923 Λουκᾶς,
439 860 523 913 ὅτι
554 859 1076 932 προσδιαλεγόμενος
1111 866 1221 926 τοῖς
1254 864 1457 933 ἱερεῦσι
1480 866 1572 917 καὶ
1602 867 1715 927 τοῖς

107 953 546 1026 πρεσϐυτέροις,
578 954 682 1025 ἔφη
711 955 777 1025 τῇ
809 956 1017 1026 Μαρίᾳ,
1043 958 1124 1010 ὅτι
1144 960 1265 1012 Οὐκ
1292 959 1505 1027 ᾔδειτε,
1531 959 1619 1013 ὅτι
1643 960 1714 1013 ἐν

103 1046 250 1112 τοῖς
284 1045 391 1100 τοῦ
441 1046 673 1114 Πατρός
710 1064 829 1116 μου
868 1047 964 1100 δεῖ
1003 1067 1079 1117 με
1116 1046 1304 1113 εἷναι;
1344 1051 1431 1104 ἵνα
1478 1051 1620 1124 πέσῃ
1684 1052 1712 1104 ὁ

102 1137 282 1206 λόγος
310 1136 419 1190 τῶν
452 1136 738 1205 λεγόντων,
768 1139 850 1192 ὅτι
892 1138 999 1194 ἀπὸ
1033 1139 1126 1193 τοῦ
1165 1140 1357 1212 χρόνου
1391 1142 1486 1196 τοῦ
1516 1142 1711 1213 βαπτί·

105 1246 333 1299 σματος
376 1229 580 1301 κατέϐη
626 1232 706 1294 είς
743 1230 906 1284 αὑτὸν
944 1231 1005 1284 τὸ
1048 1232 1274 1304 Πνεῦμα
1309 1235 1370 1287 τὸ
1404 1236 1579 1304 ἅγιον,
1616 1236 1710 1289 καὶ

108 1320 313 1391 σαφῶς
340 1319 581 1393 γνωσθῇ,
613 1323 695 1375 ὅτι
725 1322 931 1377 ἄνωθεν
961 1325 1304 1396 ἐπεδήμησεν
1332 1328 1359 1378 ὁ
1390 1328 1584 1396 Λόγος,
1615 1329 1710 1380 καὶ

103 1410 414 1485 ἑσαρκώθη
442 1412 552 1465 ἀπὸ
572 1412 813 1485 Μαρίας,
843 1414 939 1467 καὶ
965 1415 1023 1466 ὲν
1051 1415 1129 1486 τῷ
1165 1416 1404 1490 Ἰορδάνῃ
1442 1419 1708 1489 κατῆλθεν

103 1499 202 1553 ἐπ’
244 1499 410 1553 αὑτὸν
445 1500 507 1553 τὸ
538 1500 764 1572 Πνεῦμα
785 1517 797 1531 ⁸
831 1503 921 1557 ἵνα
950 1507 1169 1576 σημανῇ
1209 1506 1294 1569 τίς
1330 1508 1476 1562 ἐστιν
1508 1510 1536 1561 ὁ
1564 1528 1706 1582 μαρ-

102 1592 454 1665 τυρούμενος
498 1593 607 1647 ἀπὸ
646 1593 741 1647 τοῦ
794 1594 1042 1667 Πατρός,
1094 1599 1175 1652 ότι
1231 1593 1421 1667 Οὗτός
1464 1601 1636 1656 ἐστιν
1674 1607 1708 1658 ό

113 1683 262 1752 Υἱός
296 1703 420 1755 μου
470 1688 504 1740 ό
544 1687 884 1757 ἀγαπητός⁸
926 1689 1113 1744 αὐτοῦ
1166 1691 1441 1747 ἀκούετε’
1478 1696 1573 1748 καὶ
1621 1696 1707 1751 ἵνα

1820 511 1944 565 qua:
2004 494 2281 552 Christum
2342 495 2412 549 ad
2471 493 2767 550 Jordanem
2834 494 3057 549 ﬂuvium
3119 493 3171 547 in
3251 495 3403 548 illum

1820 588 2173 645 descendisse
2206 582 2472 644 columbae
2503 587 2685 657 specie
2716 587 3032 658 praedicant.
3067 587 3246 652 Quare
3270 588 3408 641 duo-

1820 680 2033 736 decimo
2063 681 2239 737 aetatis
2280 696 2425 735 anno
2460 678 2750 734 manifeste
2796 678 2973 733 Lucas
3013 677 3064 731 id
3102 680 3402 747 expressit,

1817 774 2185 843 disputantem
2218 776 2368 828 illum
2397 790 2520 828 cum
2554 772 2953 837 sacerdotibus,
3002 786 3064 824 ac
3094 772 3404 825 senioribus

1818 863 2003 919 Maria:
2032 865 2268 919 dixisse:
2310 864 2638 919 Nesciebatis
2693 865 2831 929 quod
2883 864 2937 915 in
2970 861 3049 914 itis
3080 879 3195 930 qua’
3226 861 3402 913 Patris

1817 958 1920 1011 mei
1968 968 2090 1011 sunt
2152 965 2354 1025 oportet
2408 973 2488 1010 me
2524 972 2635 1009 esse
2668 955 2736 1007 ’ἲ
2777 951 2846 1006 Ut
2894 970 3080 1006 eorum
3131 953 3398 1005 rationem

1815 1048 2154 1113 excluderet,
2190 1049 2281 1118 qui
2324 1049 2391 1102 ab
2429 1064 2493 1102 eo
2523 1049 2757 1117 primum
2793 1054 3057 1115 tempore,
3088 1060 3198 1112 quo
3223 1043 3401 1111 bapti-

1816 1149 1972 1196 zatus
2025 1149 2149 1205 est,
2187 1142 2451 1211 Spiritum
2493 1151 2742 1195 sanctum
2785 1139 2838 1192 in
2872 1138 3022 1191 illum
3060 1144 3255 1207 putant
3281 1151 3402 1191 esse

1813 1236 2141 1304 delapsum;
2202 1241 2426 1289 econtra
2484 1249 2616 1290 vero
2670 1234 2921 1289 homines
3004 1232 3400 1300 intelligerent,

1819 1326 2051 1382 Verbum
2082 1328 2259 1397 ipsum
2301 1344 2331 1383 e
2369 1327 2513 1382 ccelo
2543 1326 2884 1382 descendens
2912 1340 3130 1400 carnem
3163 1339 3193 1378 e
3232 1322 3400 1376 Maria

1811 1421 2080 1487 traxisse;
2110 1436 2345 1491 cumque
2370 1420 2435 1475 ad
2467 1419 2759 1477 Jordanem
2790 1420 3117 1475 accessisset
3147 1423 3397 1470 sanctum

1812 1530 1871 1569 se
1902 1515 1957 1569 in
1992 1515 2145 1569 illum
2178 1513 2450 1569 infudisse
2483 1513 2783 1585 Spiritum:
2816 1529 2925 1583 quo
2957 1520 3010 1566 et
3042 1510 3176 1564 illud
3214 1509 3391 1563 decla-

1810 1606 1920 1662 rari
1950 1615 2155 1677 posset,
2192 1607 2316 1678 quis
2355 1615 2503 1663 esset
2532 1607 2623 1662 ille
2658 1606 2725 1661 de
2760 1605 2922 1678 M3
2954 1620 3060 1674 quo
3093 1602 3251 1656 Pater
3284 1608 3395 1653 tam

1810 1700 2027 1769 insigne
2062 1700 2439 1755 testimonium
2477 1698 2748 1753 dedisset:
2785 1696 2889 1751 Hic
2938 1690 3015 1750 est
3042 1693 3090 1747 F
3095 1695 3219 1747 ilius
3250 1706 3396 1745 meus

104 1776 347 1847 γένηται
395 1775 556 1831 τοῦτο
595 1755 913 1851 νὺπόδειγμα
958 1783 1072 1846 τοῖς
1121 1782 1405 1853 μέλλουσιν
1446 1786 1502 1839 ἐν
1556 1787 1696 1859 αὐτῷ

1871 1792 2072 1857 lectus;
2103 1792 2275 1860 ipsum
2304 1792 2484 1845 audite
2509 1790 2552 1845 ³.
2589 1789 2727 1844 Illud
2760 1805 2890 1844 vero
2920 1795 3180 1858 praeterea
3210 1798 3397 1840 exem-

104 1874 473 1943 φωτίζεσθαι,
501 1876 584 1930 ὅτι
634 1878 1137 1951 καταξιωθήσονται
1180 1878 1499 1952 Πνεύματος
1548 1880 1704 1949 ἁγίου

103 1967 168 2018 ἐν
197 1966 282 2038 τῷ
316 1967 525 2041 λουτρῷ
559 1969 659 2041 τῆς
705 1970 937 2041 δωρεᾶς,
974 1973 1070 2027 καὶ
1110 1970 1359 2042 ἀφέσεως
1396 1974 1703 2047 ἁμαρτιῶν,

103 2058 341 2131 χάριτος
365 2060 467 2131 τῆς
491 2060 582 2115 ὑπ’
610 2062 777 2116 αὑτοῦ
796 2063 1063 2136 δοθείσης.

176 2329 315 2383 KA'.
367 2327 594 2399 Ἀφότου
626 2327 685 2383 δὲ
724 2328 796 2385 τὰ
843 2328 1023 2383 τέλεια
1055 2328 1258 2401 ήρξατο
1301 2331 1475 2385 ποιεῖν
1516 2329 1704 2404 θεοσή-

106 2440 243 2495 μεια
275 2423 336 2477 ὲν
370 2420 448 2494 τῷ
484 2420 662 2494 καιρῷ
698 2421 793 2475 τοῦ
834 2420 1213 2493 κηρύγματος,
1249 2420 1429 2477 Τοῦτο
1468 2422 1705 2492 πρῶτον

104 2515 368 2585 σημεῖον
400 2514 703 2583 ἐποίησεν
730 2514 763 2568 ὁ
797 2514 1060 2583 Ἰησοῦς,
1089 2514 1272 2584 φησὶν,
1300 2513 1371 2567 ἐν
1399 2512 1566 2583 Κανᾷ
1592 2512 1704 2584 τῆς

103 2608 449 2679 Γαλιλαίας
470 2622 483 2637 ·
507 2606 628 2678 οὐχὶ
659 2605 768 2678 πρὸ
788 2605 882 2659 τοῦ
914 2605 1311 2677 βαπτίσματος,
1338 2606 1414 2671 ὡς
1442 2606 1703 2672 πολλάκις

105 2698 266 2769 ἔφην,
314 2697 429 2752 ἀλλ’
472 2699 559 2752 ὅτε
594 2698 913 2769 ἀνέκαμψεν
965 2697 1074 2752 ἀπὸ
1117 2696 1212 2750 τοῦ
1258 2697 1603 2771 πειρασμοῦ,
1632 2702 1699 2770 τῇ

104 2792 263 2862 τρίτῃ
298 2790 486 2862 ἡμέρᾳ
516 2790 656 2862 μετὰ
677 2790 777 2855 τὰς
797 2789 910 2854 δύο,
934 2790 1113 2863 ἇσπερ
1143 2789 1364 2861 ἔμειναν
1394 2791 1524 2862 παρ’
1553 2789 1701 2862 αύτῷ

102 2883 154 2936 οἱ
187 2883 284 2937 δύο
313 2884 556 2956 μαθηταὶ
575 2883 670 2937 τοῦ
704 2884 973 2948 Ἰωάννου,
995 2884 1043 2937 οἱ
1070 2883 1423 2949 ἀκούσαντες,
1449 2883 1543 2936 καὶ
1565 2884 1699 2937 ἀκο-

105 2976 475 3048 λουθήσαντες
509 2976 680 3048 αὐτῷ.
718 2977 806 3041 Ὠς
832 2976 996 3041 εὐθὺς
1028 2975 1169 3047 μετὰ
1202 2977 1300 3040 τὰς
1332 2976 1425 3030 δύο
1462 2977 1693 3049 ἡμέρας,

1810 1885 1900 1957 plo
1936 1900 2061 1942 esse
2106 1899 2171 1939 ac
2201 1885 2534 1940 documento
2565 1883 2737 1939 voluit
2767 1882 2835 1936 iis
2862 1921 2877 1945 ,
2919 1880 3013 1950 qui
3070 1879 3253 1932 divina
3301 1889 3399 1944 per

1808 1978 1963 2034 illum
2001 1977 2125 2033 luce
2151 1975 2652 2050 perfunderentur;
2686 1974 2932 2029 futurum
2962 1970 3219 2033 omnino,
3252 1975 3313 2021 ut
3341 1973 3397 2021 et

1807 2070 1916 2142 ipsi
1936 2069 2199 2141 Spiritum
2232 2079 2507 2135 sanctum,
2529 2082 2630 2123 nec
2662 2081 2771 2121 non
2796 2065 3019 2120 caeleste
3042 2061 3391 2123 beneficium,

1808 2178 1873 2219 ac
1902 2170 2253 2234 peccatorum
2283 2163 2521 2224 veniam,
2541 2172 2592 2216 et
2623 2160 3080 2215 communicatam
3110 2154 3179 2210 ab
3202 2151 3395 2208 eodem

1807 2256 2040 2337 gratiam
2082 2256 2136 2309 in
2162 2256 2438 2327 baptismo
2473 2262 2963 2322 consequerentur.

1876 2345 2020 2402 XXI.
2066 2346 2173 2403 Sed
2228 2345 2320 2401 ubi
2356 2345 2567 2415 majora
2608 2345 2700 2398 illa
2750 2341 3186 2414 perfectioraque
3228 2352 3395 2391 nnra-

1805 2441 1928 2498 cuia
1948 2439 2351 2511 praedicationis
2380 2453 2492 2493 sua:
2522 2444 2766 2508 tempore
2793 2443 2877 2490 est
2899 2447 3190 2504 aggressus
3208 2470 3223 2495 ,
3252 2433 3390 2492 Hoc,

1806 2533 2019 2605 inquit,
2059 2533 2289 2603 primum
2340 2532 2549 2602 signum
2591 2530 2715 2599 fecit
2752 2528 2911 2584 Jesus
2950 2529 3004 2581 in
3052 2525 3206 2581 Cana
3250 2523 3397 2578 Cali-

1806 2627 1921 2683 lwa:
1953 2625 1996 2681 ⁸.
2052 2625 2169 2679 Non
2214 2631 2341 2679 ante
2382 2624 2754 2694 baptismum,
2789 2628 2849 2676 ut
2900 2635 3045 2691 srepe
3096 2617 3252 2681 dixi,
3295 2614 3393 2671 sed

1805 2726 1920 2773 tum
1970 2718 2207 2788 primum
2260 2716 2313 2770 id
2371 2716 2614 2781 accidit,
2669 2722 2960 2786 postquam
3006 2729 3036 2767 a
3095 2710 3393 2765 tentatione

1802 2823 2060 2865 reversus
2115 2815 2241 2873 est,
2282 2806 2439 2862 tertia
2478 2806 2567 2862 die
2620 2811 2745 2877 post
2798 2804 3029 2860 biduum
3079 2800 3246 2866 illud,
3280 2812 3392 2871 quo

1802 2901 1963 2956 ambo
2006 2901 2149 2971 apud
2198 2903 2379 2973 ipsum
2428 2901 2637 2955 haesere
2687 2895 2916 2954 Joannis
2953 2894 3251 2965 discipuli,
3294 2893 3389 2964 qui

1800 2996 1857 3045 et
1891 2988 2183 3044 audierunt
2214 2990 2408 3053 illum,
2455 2997 2506 3045 et
2564 2990 2740 3043 secuti
2797 2996 2944 3042 sunt.
2988 2984 3181 3040 Statim
3241 2985 3388 3039 enim

105 3070 170 3133 ἃς
226 3069 495 3140 ἐποίησαν
548 3070 679 3140 παρ’
754 3069 947 3142 αύτῷ,
991 3070 1274 3138 ἐπεισάγει
1325 3069 1527 3139 λέγων·
1587 3071 1695 3125 Kal

1869 3091 1927 3135 ist
1962 3079 2216 3145 biduum,
2258 3096 2366 3152 quo
2395 3079 2538 3152 apud
2573 3080 2723 3134 illum
2752 3078 2843 3135 isti
2876 3076 3202 3133 commorati
3234 3082 3385 3138 sunt,

104 3161 369 3232 ἐξῆλθεν
388 3164 475 3229 είς
504 3161 619 3230 τὴν
640 3163 998 3232 Γαλιλαίαν,
1028 3163 1127 3219 καί
1156 3162 1350 3232 εὑρὼν
1370 3164 1695 3227 Φίλιππον,

105 3250 303 3308 εἶπεν
348 3254 680 3308 Ἀκολούθει
706 3270 828 3323 μοι.
858 3249 991 3309 Εἶτα
1023 3254 1208 3318 εὐθύςο
1246 3254 1325 3324 Τῇ
1356 3257 1523 3325 τρίτῃ
1548 3255 1695 3326 ἡμέ-

99 3362 175 3413 ρᾳ
205 3345 395 3415 γάμος
433 3343 672 3414 ἐγένετο
703 3344 775 3399 ἐν
813 3343 982 3412 Κανᾷ
1009 3344 1120 3415 τῆς
1153 3346 1507 3412 Γαλιλαίας.
1549 3346 1695 3399 Ἔδει

105 3437 210 3509 γάρ
246 3438 411 3491 αὐτὸν
454 3436 762 3492 ἀπελθόντα
804 3437 967 3501 εὐθὺς
1010 3438 1205 3509 γάμων
1249 3435 1585 3509 τελουμένων
1613 3440 1694 3503 είς

105 3530 200 3602 τὴν
240 3532 410 3603 τιμὴν
450 3530 615 3584 αὑτοῦ
648 3531 915 3604 κληθῆναι
967 3534 1052 3586 ἐπ’
1097 3531 1318 3604 εὐλογίᾳ
1359 3531 1452 3586 τοῦ
1491 3532 1689 3604 γάμου.

106 3624 211 3676 Καί
233 3642 367 3695 φησι
387 3640 402 3654 °
428 3625 630 3694 Γάμος
658 3624 896 3695 ἐγένετο
926 3623 1001 3693 τῇ
1033 3625 1200 3695 τρίτῃ
1222 3624 1413 3695 ἡμέρᾳ
1431 3624 1503 3679 ἐν
1525 3621 1693 3690 Κανᾷ

107 3714 212 3782 τῆς
249 3718 619 3785 Γαλιλαίας·
649 3717 749 3771 καί
773 3713 853 3788 ἦν
881 3717 920 3786 ἡ
942 3716 1142 3787 μήτηρ
1168 3718 1277 3772 τοῦ
1327 3717 1521 3786 Ἰησοῦ
1543 3715 1687 3770 ἐκεῖ.

119 3806 378 3877 Ἐκλήθη
406 3808 475 3862 δὲ
503 3809 603 3863 καὶ
638 3812 672 3864 ό
702 3809 944 3878 Ἰησοῦς
994 3810 1094 3864 καί
1125 3813 1180 3864 οί
1212 3811 1473 3881 μαθηταί
1503 3807 1690 3865 αὐτοῦ

108 3901 159 3955 ol
191 3901 319 3970 μετ’
349 3901 538 3957 αὐτοῦ
576 3904 663 3969 είς
704 3901 813 3957 τὸν
843 3897 1054 3972 γάμον.
1091 3903 1203 3958 Kal
1236 3903 1692 3974 ὑστερήσαντος

107 3991 301 4059 οἴνου,
345 3991 509 4063 λέγει
561 3994 599 4063 ἠ
639 3992 841 4063 μήτηρ
899 3992 1006 4048 τοῦ
1061 3994 1300 4062 ’1ησοῦ⁸
1356 3991 1535 4049 Οἶνον
1578 4000 1690 4052 οὐκ

109 4083 333 4153 ἔχουσι.
384 4086 494 4141 Kal
520 4085 685 4156 λέγει
735 4084 892 4156 αὑτῇ
930 4088 963 4141 ὀ
1004 4085 1279 4155 Ἰησοῦς·
1335 4088 1398 4142 Τί
1420 4087 1551 4158 ἐμοὶ
1588 4088 1689 4143 καὶ

110 4178 220 4240 σοὶ,
250 4181 466 4248 rural;
505 4180 669 4233 οὔπω
696 4179 827 4247 ἣκει
858 4182 895 4249 ἡ
919 4178 1040 4248 ὥρα
1064 4198 1204 4249 μου.

174 4270 325 4325 Μετὰ
370 4271 433 4324 τὸ
480 4271 653 4326 ἐλθεῖν
703 4272 866 4325 αὑτὸν
914 4272 1024 4325 ἀπὸ
1069 4272 1163 4325 τοῦ
1200 4271 1547 4346 πειρασμοῦ,
1594 4275 1689 4329 καὶ

112 4360 327 4417 διελθεῖν
376 4364 467 4418 διὰ
508 4364 609 4433 τῆς
654 4364 929 4435 θαλάσσης
976 4364 1071 4418 καὶ
1119 4364 1213 4418 τοῦ
1249 4366 1538 4437 Ἰορδάνου,
1588 4366 1687 4438 τὴν

1802 3172 2061 3243 subjicit:
2103 3172 2172 3227 Et
2197 3174 2327 3228 abiit
2362 3175 2416 3228 in
2445 3173 2762 3238 Galilaeam,
2791 3183 2840 3226 et
2874 3172 3140 3226 inveniens
3181 3168 3385 3237 Philip-

1798 3278 1923 3332 pum
1991 3262 2175 3317 dixit:
2234 3263 2459 3335 Sequere
2515 3281 2595 3318 me
2642 3265 2685 3318 '.
2744 3262 2998 3318 Deinde:
3061 3260 3241 3315 Tertia
3302 3260 3390 3313 die

1797 3355 1997 3423 nuptiae
2048 3354 2206 3425 facile
2239 3365 2361 3410 sunt
2409 3356 2465 3410 in
2496 3354 2642 3412 Cana
2673 3351 2932 3410 Galilww.
2968 3352 3247 3423 Siquidem
3290 3367 3389 3422 par

1797 3452 1916 3500 erat
1994 3446 2143 3500 illum
2187 3487 2201 3508 ,
2282 3462 2408 3502 cum
2498 3446 2848 3513 discederet,
2930 3445 3203 3500 commodi
3226 3458 3389 3509 mque

1796 3533 2001 3603 nuptae
2035 3535 2466 3603 celebrarentur,
2501 3536 2730 3591 honoris
2758 3550 2927 3591 causa
2962 3534 3030 3589 ad
3055 3534 3275 3590 easdem
3304 3534 3390 3586 iii-

1794 3625 1992 3692 vitari,
2030 3627 2107 3680 uti
2148 3628 2358 3698 nuptiis
2409 3629 2778 3684 benediceret.
2820 3627 3002 3695 Quare
3032 3628 3107 3682 ita
3161 3625 3381 3683 scribit:

1797 3715 2016 3787 Nuptia:
2045 3719 2202 3787 facta:
2242 3729 2363 3773 sunt
2410 3722 2567 3775 tertia
2610 3722 2694 3776 die
2733 3722 2788 3776 in
2827 3720 2979 3777 Cana
3018 3719 3277 3775 Galilwa'.
3314 3718 3385 3774 Et

1792 3817 1907 3862 erat
1941 3820 2112 3864 mater
2146 3809 2273 3865 Iesu
2306 3811 2401 3864 ibi.
2443 3811 2673 3867 Vocatus
2702 3824 2779 3866 est
2820 3822 2996 3867 autent
3028 3823 3075 3866 et
3112 3810 3303 3877 Iesus,
3334 3820 3385 3866 et

1791 3898 2044 3967 discipuli
2089 3899 2203 3969 ejus
2255 3899 2323 3952 ad
2378 3902 2612 3969 nuptias.
2676 3900 2965 3971 Deﬁciente
3015 3911 3192 3955 autem
3242 3904 3381 3967 rino,

1790 3990 1921 4043 dicit
1965 4000 2136 4045 mater
2166 3989 2335 4045 Jesu:
2388 3991 2578 4046 Vinum
2626 4008 2729 4046 non
2778 3991 2990 4047 habent.
3037 3993 3178 4047 Dicit
3216 3995 3263 4048 ei
3289 3992 3384 4049 le-

1789 4099 1917 4139 sua:
1950 4082 2091 4151 Quid
2130 4083 2262 4139 mihi
2293 4092 2346 4139 et
2380 4083 2496 4151 tibi,
2538 4084 2776 4143 mulier?
2815 4085 3048 4140 nondum
3090 4086 3225 4141 venit
3250 4087 3383 4161 liora

1790 4193 1907 4231 mea
1946 4177 1988 4231 ⁸.

1862 4270 1995 4335 Quae
2022 4276 2139 4324 tum
2163 4279 2315 4341 gesta
2344 4278 2494 4336 sunt,
2529 4286 2654 4326 cum
2684 4280 2808 4340 post
2830 4278 3209 4336 tentationem,
3240 4270 3380 4325 mari

1791 4376 1854 4415 ac
1886 4360 2125 4419 Jordane
2164 4361 2395 4431 trajectu
2415 4402 2430 4427 ,
2458 4363 2561 4419 iter
2591 4362 2649 4418 in
2675 4363 2908 4433 patriam
2940 4362 3244 4426 convertit,
3274 4361 3383 4415 Na-

113 4453 273 4527 ὁρμὴν
307 4457 601 4527 ἐσχηκότος
645 4458 738 4511 ἐπὶ
782 4457 849 4512 τά
881 4458 1079 4522 οἰκεῖα,
1110 4456 1362 4513 ἀπελθὼν
1420 4460 1549 4514 ἔνθα
1593 4462 1688 4515 άν-

1869 4461 2035 4509 ιέιυιη
2066 4454 2296 4520 scilicet,
2328 4455 2419 4509 ubi
2450 4456 2718 4511 educatus
2755 4470 2788 4510 a
2826 4462 3000 4511 matre
3038 4454 3235 4510 fuerat.
3276 4453 3379 4509 Ubi

113 4548 311 4621 ετράφη
348 4550 486 4624 πρὸς
525 4552 625 4621 τὴν
673 4551 885 4622 μητέρα
927 4552 985 4604 ὲν
1030 4551 1319 4623 Ναζαρὲτ,
1355 4553 1452 4606 καὶ
1505 4571 1688 4626 παρα-

118 4641 291 4709 μείνας
332 4642 428 4696 δύο
473 4642 699 4714 ἡμερῶν
729 4644 779 4709 ί,
811 4642 1001 4697 λοιπὸν
1054 4644 1413 4715 ἐπειγομένου
1457 4647 1537 4709 είς
1587 4646 1685 4718 τήν

117 4736 371 4805 σωτηρίαν
399 4734 507 4788 τῶν
546 4735 870 4807 ἀνθρώπων,
899 4734 993 4788 τοῦ
1028 4736 1383 4807 κηρύγματος
1416 4737 1683 4809 ἄρξασθαι

114 4826 494 4897 ἐπιμελεῖσθαι.
524 4830 634 4882 Καὶ
658 4829 840 4899 ἔμεινε
872 4830 971 4899 μὲν
1000 4830 1092 4883 δύο
1120 4831 1356 4903 ἡμέρας,
1386 4831 1474 4885 διὰ
1509 4832 1571 4885 τὸ
1594 4832 1684 4886 διὰ

114 4916 291 4985 χρόνου
312 4920 525 4991 ήκέναι,
568 4921 708 4990 ἔχων
744 4921 862 4991 μεθ’
889 4921 1083 4974 ἑαυτοῦ
1117 4920 1211 4985 οὓς
1236 4922 1336 4993 ήδη
1376 4923 1683 4994 παρείληφε

119 5009 349 5083 μαθητὰς
372 5055 387 5077 ,
427 5013 704 5078 ἀπολύσας
749 5015 876 5077 τοὺς
909 5014 1001 5067 δύο
1034 5016 1159 5077 τοὺς
1210 5015 1685 5088 ἀκολουθήσαντας

116 5099 270 5171 αὐτῷ,
298 5103 459 5168 εὐθὺς
492 5104 583 5157 ἐπὶ
620 5103 719 5175 τὴν
753 5103 1043 5158 Γαλιλαίαν
1086 5103 1320 5170 ἐξελθεῖν
1353 5103 1441 5158 διὰ
1481 5104 1541 5158 τὸ
1578 5105 1680 5176 κή-

118 5206 304 5264 ρυγμα,
329 5196 505 5249 καὶτὸ
535 5196 696 5269 ἔργον
719 5196 815 5250 τοῦ
847 5197 1190 5269 θεοσημείου,
1213 5196 1307 5250 τοῦ
1331 5199 1388 5251 ἐν
1407 5197 1485 5267 τῷ
1514 5199 1679 5270 γάμῳ

116 5281 548 5351 ὲπιτελεσθέντος.
608 5288 782 5341 Βλέπε
840 5286 949 5359 γὰρ
1009 5287 1127 5352 πῶς
1178 5286 1603 5357 ὲπασφαλίζεται
1650 5291 1679 5342 ό

116 5372 275 5444 λόγος,
307 5382 380 5445 ὼς
397 5381 692 5454 Ἰωάννηςὸ
717 5380 1028 5451 Βαπτιστὴς
1065 5383 1352 5452 μαρτυρεῖ,
1383 5380 1576 5449 λέγων,
1602 5380 1679 5445 ὡς

118 5473 484 5543 παρῳχηκότος
531 5473 630 5544 ήδη
665 5473 759 5527 τοῦ
797 5473 977 5541 λόγου,
1014 5474 1096 5527 ὅτι
1143 5472 1315 5543 Κάγὼ
1357 5475 1468 5527 οὐκ
1510 5472 1679 5543 ᾔδειν

116 5558 314 5613 αὐτόν’
350 5564 511 5620 ἀλλὰ
552 5569 584 5619 ό
621 5565 867 5636 πέμψας
912 5584 988 5636 με
1018 5563 1329 5631 βαπτίζειν
1376 5562 1506 5620 εἶπέ
1534 5584 1673 5637 μοι·

1794 4561 1919 4600 cum
1954 4545 2183 4603 biduum
2215 4547 2466 4604 haesisset
2495 4587 2510 4612 ,
2545 4552 2797 4603 humanae
2847 4547 3037 4603 salutis
3068 4546 3251 4602 studio
3277 4562 3379 4601 eu-

1793 4654 1965 4709 raque
2013 4654 2317 4697 succensus
2356 4639 2692 4712 praedicandi
2745 4657 2948 4697 munus
2986 4640 3139 4696 obire
3186 4641 3375 4711 coepit.

1794 4730 2026 4787 Biduum
2057 4734 2220 4805 igitur
2251 4733 2451 4789 ibidem
2487 4750 2718 4791 manens
2742 4776 2759 4801 ,
2817 4734 2965 4805 quod
3016 4734 3176 4800 longo
3208 4733 3377 4789 inter-

1793 4824 1935 4879 vallo
1987 4825 2263 4890 redierat,
2308 4825 2705 4897 discipulorum
2762 4825 3003 4896 aliquot,
3062 4839 3203 4896 quos
3260 4824 3375 4895 jam

1794 4918 2083 4981 asciverat,
2137 4918 2405 4973 comitatu
2458 4929 2689 4989 septus,
2731 4918 2948 4973 duobus
2978 4958 2993 4984 ,
3046 4918 3141 4988 qui
3197 4916 3374 4972 secuti

1794 5018 1992 5077 erant,
2034 5011 2285 5066 remissis
2314 5049 2329 5074 ,
2382 5011 2567 5066 statim
2616 5009 2675 5064 in
2712 5008 2989 5064 Galilaaam
3042 5007 3375 5079 praedicandi

1789 5118 1955 5159 causa
1989 5102 2269 5174 profectus
2297 5110 2411 5157 est:
2454 5103 2618 5159 simul
2652 5109 2710 5157 ut
2746 5102 3054 5173 prodigium
3083 5101 3217 5156 illud
3247 5114 3375 5156 eue-

1787 5204 1913 5261 ret,
1947 5196 2093 5266 quod
2145 5196 2201 5251 in
2239 5196 2447 5267 nuptiis
2484 5197 2553 5251 ab
2592 5211 2658 5252 eo
2707 5196 2911 5250 factum
2951 5195 3203 5266 legimus.
3234 5191 3375 5249 Vide

1786 5296 1993 5359 quanta
2022 5305 2148 5344 eum
2171 5289 2667 5360 circumspectione
2696 5288 2840 5345 istud
2877 5289 3056 5360 ipsum
3084 5288 3371 5358 Scriptura

1785 5382 2167 5447 declaraverit,
2192 5383 2654 5454 quemadmodum
2675 5384 2912 5440 Joannes
2935 5392 3196 5453 tanquam
3224 5377 3370 5436 facto

1781 5477 1893 5545 jam
1926 5492 2180 5532 sermone
2212 5484 2447 5532 testetur
2472 5478 2559 5532 his
2589 5478 2804 5534 verbis:
2836 5476 2904 5530 Et
2943 5493 3033 5547 ego
3072 5474 3367 5529 nesciebam

1784 5568 1973 5633 illum;
2009 5568 2098 5624 sed
2132 5570 2221 5640 qui
2248 5571 2390 5624 misit
2418 5586 2498 5624 me
2534 5570 2806 5641 baptizare
2839 5569 2977 5624 dixit
3006 5569 3168 5623 mihi:
3200 5568 3369 5635 Super

182 5714 277 5775 'F.
307 5724 540 5797 ἡμέρας.
618 5727 636 5756 ¹
669 5724 800 5782 Luc.
838 5742 899 5792 ιι,
932 5726 1015 5782 49.
1096 5727 1113 5759 ³
1147 5727 1334 5783 Matth.
1363 5744 1496 5799 xvii,
1656 5730 1673 5761 ⁸

1897 5746 1955 5798 ιι,
1987 5732 2070 5786 ιι.
2149 5737 2168 5765 δ
2200 5732 2353 5790 Juan.
2396 5750 2431 5801 ι,
2463 5734 2550 5790 1.3.
2632 5732 2651 5765 ⁸
2684 5729 2840 5788 Joan.
2876 5747 2937 5797 ιι,
2970 5730 2990 5786 l
3032 5745 3156 5803 sqq.
