3846 6292
386 338 476 399 9⁵27
1788 343 1847 406 S.
1910 342 2253 402 EPll’llANll

3545 346 3650 402 9:3

389 473 542 527 quem
571 456 764 513 videris
802 455 1065 526 Spiritum
1098 456 1151 510 in
1183 457 1349 526 specie
1373 458 1629 514 columba:
1670 459 1979 514 descenden-

2093 460 2218 530 Ἐφ’
2249 460 2322 515 ὃν
2368 459 2446 515 ἂν
2491 460 2627 528 ἴδῃς
2647 458 2714 514 τὸ
2745 458 2985 529 Πνεῦμα
3020 459 3089 512 ἐν
3119 459 3264 513 εἴδει
3295 458 3647 528 περιστερᾶς

394 559 496 604 tem
519 591 533 616 ,
585 548 669 602 hic
717 558 798 602 est
834 551 875 602 ¹.
907 546 1171 602 Joannem
1200 547 1400 618 quippe
1441 549 1759 620 baptizandi
1798 550 1972 620 gratia

394 641 616 696 mittens
649 639 812 694 Pater
855 640 956 694 hoc
988 638 1038 694 ei
1075 640 1289 708 signum
1322 641 1626 708 praebuerat
1655 658 1669 707 ;
1707 656 1772 696 ex
1811 639 1975 714 m

395 745 505 800 quo
561 727 898 784 Salvalorem
946 728 1096 782 illum
1146 728 1214 782 de
1265 729 1465 782 animis
1518 729 1726 783 nostris
1771 731 1975 800 optime

397 820 654 874 meritum
707 826 1062 889 agnosceret,
1095 819 1185 888 qui
1235 817 1304 872 de
1342 819 1482 872 caelo
1514 820 1715 874 missus
1743 822 1798 873 in
1831 821 1976 876 hunc

397 911 583 966 orbem
620 911 875 965 venisset.
907 909 1272 975 Quamobrem
1318 925 1384 964 ex
1417 909 1725 964 istiusmodi
1750 912 1975 968 veritate

400 1003 832 1073 Scripturarum‘,
869 1011 1233 1071 accurataque
1276 1001 1487 1056 ratione
1520 1001 1572 1054 id
1607 1019 1777 1073 genus
1807 1003 1977 1057 homi-

400 1111 499 1151 nes
529 1096 780 1166 redargui
822 1105 1092 1164 pos-sunt;
1128 1109 1192 1148 ac
1220 1095 1522 1164 praesertim
1559 1109 1624 1148 ex
1660 1109 1712 1149 tv
1751 1109 1977 1165 evange-

399 1189 651 1244 listarum
687 1203 982 1243 consensu.
1022 1185 1194 1242 Nemo
1236 1187 1379 1241 enim
1430 1187 1524 1257 qui
1579 1187 1796 1257 quidem
1831 1196 1976 1243 recte

401 1281 621 1342 sentiat,
662 1273 958 1347 rejicienda
992 1278 1081 1332 illa
1106 1277 1210 1333 sibi
1234 1278 1606 1350 persuadebit,
1644 1295 1763 1349 quae
1792 1295 1823 1333 a
1855 1277 1979 1349 Spi-

403 1372 511 1425 ritu
560 1382 752 1427 saucto
783 1371 838 1425 in
887 1371 1255 1426 sacrosanctis
1297 1370 1602 1442 Evangeliis
1635 1373 1978 1446 exactissime

404 1471 534 1519 sunt
566 1471 806 1532 peracta.

472 1553 636 1608 XXII.
678 1554 945 1609 Caeterum
983 1571 1049 1610 ex
1083 1555 1188 1608 alio
1219 1560 1480 1623 praeterea
1514 1554 1691 1624 capite
1726 1562 1974 1610 sanctum

404 1647 816 1718 evangelistam,
858 1649 944 1701 vel
987 1647 1161 1716 ipsius
1201 1646 1381 1717 potius
1414 1645 1765 1717 Evangelium
1799 1661 1974 1700 accu-

403 1747 564 1806 sant;
598 1741 890 1809 quoniam,
926 1739 1182 1810 inquiunt
1207 1779 1220 1802 ,
1250 1738 1488 1795 Joannes
1518 1739 1625 1794 duo
1655 1739 1723 1794 ab
1761 1739 1978 1792 ChriSto

2074 551 2402 621 ἐρχόμενον
2440 551 2530 606 ἐπ’
2566 549 2790 616 αὑτὸν,
2836 547 3013 618 οὗτός
3055 553 3243 606 ἐστιν.
3279 552 3645 606 Ἀποστὲλλων

2075 643 2184 715 γὰρ
2213 645 2240 696 ὁ
2268 643 2458 716 Πατὴρ
2487 643 2577 696 τδν
2621 645 2872 712 Ἰωάννην
2901 641 3203 714 βαπτίζειν,
3226 643 3384 697 τοῦτο
3417 643 3564 714 αὐτῷ
3590 645 3646 698 τὸ

2078 737 2302 806 σημεῖον
2325 736 2656 807 ἐδωρήσατο,
2683 737 2771 801 ἵν’,
2804 738 2931 790 ὅταν
2961 737 3067 810 ἴδῃ,
3101 737 3307 807 ἐπιγνῷ
3324 738 3416 790 τὸν
3443 737 3646 791 ἄνωθεν

2076 826 2133 876 ὲν
2166 826 2243 896 τῷ
2282 826 2473 897 κόσμῳ
2523 827 2916 892 ἀποσταλέντα,
2947 828 3174 899 Σωτῆρα
3215 828 3308 882 καὶ
3357 828 3647 900 εὐεργέτην

2074 914 2181 967 τῶν
2207 916 2490 986 ἡμετέρων
2517 915 2722 986 ψυχῶν.
2750 916 3166 988 Ἀνατρὲπονται
3193 918 3370 970 τοίνυν
3399 919 3448 969 οἱ
3474 918 3647 970 τοιοῦ-

2075 1021 2156 1058 τοι
2180 1006 2287 1058 ἀπὸ
2317 1006 2416 1077 τῆς
2442 1005 2700 1077 ἀληθείας
2733 1007 2842 1060 τῶν
2883 1007 3138 1061 τοιούτων
3175 1008 3404 1080 Γραφῶν
3430 1007 3525 1060 καὶ
3553 1007 3648 1077 τῆς

2077 1094 2363 1166 ἀκριϐείας
2389 1114 2402 1128 ο
2429 1095 2663 1165 μάλιστα
2709 1094 2816 1148 ἀπὸ
2848 1097 2949 1167 τῆς
2983 1094 3299 1166 συμφωνίας
3326 1093 3435 1146 τῶν
3459 1095 3650 1147 τεσσά-

2079 1203 2188 1258 ρων
2227 1187 2651 1256 εὑαγγελιστῶν.
2701 1188 2776 1241 Οὐ
2809 1188 2918 1258 γάρ
2954 1205 3036 1252 τις
3085 1187 3195 1240 τῶν
3246 1185 3649 1258 εὐφρονούντων

2076 1277 2368 1331 ἀποϐάλλοι
2403 1278 2472 1334 τὰ
2499 1278 2577 1348 τῷ
2622 1278 2761 1348 ἁγίῳ
2784 1277 3061 1349 Πνεύματι
3097 1280 3151 1331 ὲν
3184 1279 3298 1341 τοῖς
3338 1278 3515 1347 ἁγίοις
3546 1278 3646 1332 Εὐ·

2079 1371 2350 1440 αγγελίοις
2378 1371 2620 1442 ἀκριϐῶς
2644 1372 2820 1442 πάντη
2849 1372 3416 1444 πεπραγματευμένα.

2147 1551 2273 1604 ΚΒ’.
2315 1551 2696 1622 Κατηγοροῦσι
2719 1552 2775 1605 δὲ
2797 1552 2956 1606 πάλιν
2980 1553 3087 1624 (Μ)
3116 1554 3165 1606 οἱ
3195 1553 3347 1606 αὐτοὶ
3375 1552 3470 1605 τοῦ
3498 1553 3648 1620 ἁγίου

2077 1644 2483 1714 εὐαγγελιστοῦ,
2517 1645 2715 1715 μᾶλλον
2745 1645 2802 1699 δὲ
2833 1645 2924 1699 τοῦ
2949 1645 3123 1699 ἀὐτοῦ
3147 1645 3511 1714 Εὐαγγελίου,
3552 1648 3646 1707 ὅτι,

2081 1736 2264 1804 φησὶν,
2296 1737 2324 1788 ὁ
2357 1737 2606 1809 Ἰωάννης
2633 1737 2735 1809 ἔφη
2766 1740 2893 1811 περὶ
2920 1738 3011 1791 δυο
3033 1737 3263 1808 Πασχῶν
3291 1739 3381 1790 τὸν
3426 1738 3650 1808 Σωτῆρα

402 1832 675 1887 celebrata
707 1831 974 1887 Paschala
1026 1839 1458 1898 commemorat,
1489 1847 1611 1887 cum
1646 1832 1811 1886 unius
1844 1831 1977 1885 duu-

2088 1829 2439 1899 πεποιηκότα,
2471 1831 2520 1882 οἱ
2565 1829 2621 1883 δὲ
2659 1831 2808 1884 ἄλλοι
2859 1831 3241 1900 εὐαγγελισταὶ
3292 1830 3420 1900 περὶ
3468 1830 3655 1898 Πάσχα

403 1931 554 1978 taxat
579 1926 759 1980 caeteri
802 1927 1132 1980 mentionem
1168 1924 1414 1978 fecerint.
1451 1923 1560 1978 Nec
1593 1925 1720 1978 illud
1752 1925 1980 1994 ineptis-

404 2016 529 2070 simi
571 2016 818 2070 homines
872 2015 1352 2078 animadvertunt,
1407 2031 1513 2070 non
1566 2016 1674 2070 duo
1715 2015 1890 2070 solum
1927 2013 1980 2068 in

403 2106 712 2178 Evangeliis
757 2103 1025 2162 Paschata
1067 2106 1496 2176 comprehendi,
1546 2107 1640 2162 sed
1689 2107 1756 2160 ad
1796 2107 1982 2177 priora

404 2201 495 2254 illa
525 2199 635 2255 duo
667 2199 887 2255 tertium
919 2198 1200 2262 accedere,
1242 2199 1295 2252 in
1327 2215 1436 2269 quo
1464 2199 1714 2254 Salvator
1746 2205 1829 2255 est
1857 2215 1984 2269 pas-

406 2307 502 2346 sus
529 2332 543 2358 ,
576 2298 635 2345 ut
667 2291 891 2344 omnino
917 2291 1018 2344 tria
1049 2290 1160 2344 sint
1199 2293 1291 2344 toti
1315 2291 1389 2346 illi
1417 2291 1819 2360 praedicationis
1850 2297 1984 2345 tem-

405 2385 522 2454 pori
564 2385 869 2440 tribuenda.
902 2383 1112 2438 Etenim
1143 2383 1324 2438 statim
1363 2392 1420 2437 ut
1450 2398 1479 2435 a
1508 2380 1746 2437 Jordanc
1775 2381 1985 2452 digres-

405 2494 502 2532 sus
531 2485 648 2542 est,
683 2487 834 2540 erat,
878 2485 935 2530 ut
965 2493 994 2529 a
1031 2475 1178 2529 Luca
1210 2477 1476 2546 scriptum
1509 2487 1623 2540 est,
1663 2473 1820 2528 Jesus
1858 2474 1984 2528 inci-

403 2572 550 2624 nicns
581 2585 692 2624 esse
720 2571 872 2640 quasi
916 2587 1173 2622 annorum
1220 2586 1350 2632 xxx,
1392 2570 1556 2639 filius,
1582 2576 1637 2621 ut
1671 2565 1982 2636 putabatur,

403 2659 627 2731 Jeseplt,
677 2662 766 2732 qui
817 2662 919 2730 fuit
962 2661 1124 2726 Eli’,
1167 2671 1271 2718 etc.
1313 2662 1472 2718 Anno
1513 2663 1714 2732 quippe
1753 2659 1983 2731 Augusti

405 2755 751 2824 imperatoris
785 2770 891 2808 xui
927 2764 1086 2810 natus
1113 2765 1196 2810 est
1235 2754 1519 2817 Christus,
1553 2756 1645 2823 qui
1686 2761 1803 2806 crat
1831 2767 1982 2815 XXIX,

403 2865 470 2902 ex
493 2863 602 2917 quo
635 2844 864 2902 Romani
908 2847 1012 2902 sibi
1040 2845 1256 2903 JlltllDOS
1289 2846 1669 2915 adjunxerant.
1706 2844 1983 2914 Siquidem

404 2941 686 3007 Augustus
733 2955 826 2993 xm
883 2940 1042 2994 anuis
1091 2937 1417 3008 imperavit,
1475 2945 1768 3006 antequam
1800 2934 1986 2990 Judaea

404 3033 624 3101 penitus
668 3040 814 3087 esset
845 3030 1110 3086 Romanis
1161 3030 1438 3100 adjuncta.
1495 3028 1821 3098 Quanquam
1867 3033 1988 3096 post

407 3137 584 3178 annos
614 3121 760 3187 fere,
815 3135 978 3188 quam
1019 3118 1292 3188 imperare
1326 3125 1567 3188 coeperat
1591 3157 1605 3178 ,
1651 3118 1771 3188 plus
1806 3117 1985 3170 minus
2014 3152 2056 3210 ο

407 3223 647 3284 quatuor
691 3212 868 3270 foedus
907 3213 1051 3268 inter
1081 3211 1362 3266 Romanos
1403 3225 1467 3265 ac
1513 3207 1734 3264 Judzeos
1786 3208 1985 3263 initum

408 3309 604 3372 fuerat,
639 3305 1272 3375 auxiliaque-submissa.
1314 3302 1456 3368 Quin
1491 3311 1544 3356 et
1574 3309 1897 3372 procurator
1932 3301 1987 3354 in

405 3395 592 3452 Iudaea
644 3396 1013 3460 constitutus,
1068 3411 1133 3451 ac
1164 3394 1415 3450 nonnihil
1456 3394 1784 3449 tributorum
1823 3393 1989 3464 quin-

407 3505 513 3560 que
539 3488 929 3558 propemodum
967 3489 1128 3544 annis
1176 3486 1479 3550 indictum,
1511 3487 1685 3541 donec
1714 3483 1989 3542 [tertiano-

408 3597 529 3634 rum
557 3580 752 3636 ditioni
781 3585 941 3637 cessit
966 3581 1179 3650 penitus
1204 3619 1219 3643 ,
1255 3587 1307 3633 et
1339 3579 1566 3633 omnino
1592 3579 1873 3648 vectigalis
1906 3586 1988 3634 cst

409 3671 575 3733 facta,
606 3686 730 3724 cum
755 3669 869 3739 jam
913 3670 1188 3739 principes
1221 3684 1251 3723 e
1282 3669 1426 3722 tribu
1454 3666 1606 3722 Judae
1634 3669 1986 3734 defecissent,

407 3775 463 3817 et
497 3760 737 3816 Herodes
765 3777 832 3816 ex
859 3762 1134 3831 gentibus,
1176 3759 1271 3815 sed
1307 3767 1485 3816 tamen
1529 3761 1861 3831 proselytus,
1905 3776 1990 3815 re-

410 3868 578 3919 gnum
609 3852 898 3908 obtineret.
951 3851 1147 3908 Postea
1179 3867 1308 3907 vero
1355 3851 1612 3908 Christus
1653 3853 1988 3909 Bethlehemi

407 3943 610 4008 Judaaat
629 3953 792 4001 natus
817 3954 922 4012 est,
952 3951 1006 4000 et
1030 3945 1098 3999 ad
1130 3944 1520 4015 auspicandum
1546 3945 1988 4015 praedicationem

405 4037 652 4119 prodiit;
719 4052 830 4109 quo
887 4045 1128 4108 tempore
1177 4037 1384 4092 Christi
1439 4036 1610 4092 duces
1675 4039 1838 4108 plane
1893 4037 1990 4092 de-

482 4178 498 4204 ⁶
520 4173 682 4231 Joan.
715 4189 755 4240 ι,
781 4173 871 4228 '55.
947 4173 970 4205 ³
999 4170 1134 4227 Luc.
1172 4187 1252 4239 ιιι,
1272 4172 1364 4230 9.5.

481 4309 592 4380 (44)
635 4306 1048 4378 Κατηγοροῦσι
1071 4306 1156 4380 es
1188 4306 1396 4362 πάλιν.
1451 4305 1678 4380 Nullum
1703 4314 1787 4363 est
1818 4307 1870 4361 in
1903 4307 1990 4362 his

410 4377 582 4436 libris
624 4377 1024 4450 arguuieutuﬁm,
1069 4379 1122 4450 in
1163 4395 1271 4446 quo
1303 4379 1590 4433 tractando
1630 4377 1753 4446 plus
1811 4394 1990 4447 operte

413 4467 478 4508 ac
513 4448 1288 4518 studii—navaritEpiphanius,
1313 4463 1477 4518 quam
1510 4450 1561 4502 in
1582 4463 1645 4502 ea
1659 4450 1985 4518 quaestione,

2083 1920 2220 1983 ἑνός.
2257 1921 2367 1972 Καὶ
2402 1921 2503 1974 οὐκ
2550 1919 2756 1974 οἴδασιν
2791 1924 2838 1975 οἱ
2888 1921 3114 1985 ἰδιῶται,
3146 1922 3226 1974 ὅτι
3266 1921 3326 1973 οὐ
3377 1921 3537 1990 μόνον
3569 1919 3658 1972 δύο

2084 2012 2275 2082 Πάσχα
2313 2011 2563 2084 ὁμολογεῖ
2592 2013 2660 2067 τὰ
2699 2013 3026 2082 Εὑαγγὲλια,
3060 2012 3195 2067 ἀλλὰ
3224 2011 3316 2066 δύο
3341 2011 3438 2082 μὲν
3469 2011 3658 2082 πρῶτα

2083 2103 2260 2171 λέγει,
2313 2105 2408 2158 καὶ
2452 2105 2585 2159 αὐτὸ
2618 2105 2676 2158 δὲ
2719 2107 2778 2158 ἐν
2820 2098 2863 2172 ᾧ
2908 2104 3174 2158 πέπονθεν
3205 2107 3233 2158 ὁ
3278 2105 3497 2176 Σωτὴρ,
3536 2102 3660 2174 τρία

2084 2193 2275 2264 Πάσχα
2307 2195 2416 2248 τῶν
2469 2197 2526 2250 ὲν
2571 2195 2649 2267 τῷ
2701 2195 3013 2268 κηρύγματι
3057 2197 3657 2267 πεπραγματευμένων.

2084 2285 2259 2348 Εὐθὺς
2294 2285 2405 2358 γὰρ
2436 2287 2543 2340 ἀπὸ
2574 2286 2668 2340 τοῦ
2718 2287 3004 2357 Ἰορδάνου,
3035 2287 3111 2350 ὡς
3151 2289 3179 2340 ὁ
3222 2287 3436 2350 Λουκᾶς
3475 2303 3659 2356 φησιν,

2083 2374 2163 2452 ἦν
2208 2381 2240 2432 ὀ
2285 2379 2524 2446 Ἰησοῦς
2570 2381 2902 2450 ἀρχόμενος
2976 2375 3129 2434 εἶναι
3176 2379 3254 2446 ὡς
3302 2379 3454 2431 ἐτῶν
3502 2377 3660 2446 τριά-

2086 2488 2289 2536 κοντα,
2331 2472 2416 2524 ῶν
2457 2471 2608 2538 υἱὸς,
2652 2473 2732 2540 ὡς
2767 2471 3085 2542 ἐνομίζετο,
3129 2471 3232 2525 τοῦ
3280 2471 3512 2539 Ἰωσὴφ,
3557 2470 3660 2523 τοῦ

2100 2561 2254 2622 Ἠλὶ,
2307 2561 2401 2614 καὶ
2448 2561 2541 2615 ἐπὶ
2590 2561 2661 2615 τὰ
2705 2563 2980 2635 ἀνωτέρω.
3030 2563 3290 2617 Γεννᾶται
3335 2563 3431 2632 μὲν
3482 2560 3591 2632 γὰρ
3635 2561 3663 2612 ὁ

2086 2651 2274 2724 Σωτὴρ
2315 2651 2392 2722 τῷ
2439 2652 2856 2725 τεσσαρακοστῷ
2904 2653 3144 2726 δευτέρῳ
3197 2654 3304 2706 ἔτει
3348 2651 3659 2723 Αὐγούστου

2089 2742 2350 2812 βασιλέως
2395 2743 2502 2797 τῶν
2548 2745 2872 2816 Ῥωμαίων·
2904 2747 3040 2818 ὅπερ
3082 2743 3148 2818 ἦν
3198 2746 3485 2816 Ῥωμαίων
3529 2745 3661 2814 πρὸς

2101 2833 2382 2899 Ἰουδαίους
2407 2835 2698 2903 συναφείας
2726 2835 2969 2888 εἰκοστὸν
3004 2836 3187 2889 ἔνατον
3219 2835 3356 2898 ἔτος.
3383 2832 3661 2886 Βασιλεύει

2093 2927 2189 2996 μὲν
2216 2927 2325 2998 γὰρ
2365 2926 2673 2997 Αὔγουστος
2699 2929 3051 3000 τρισκαίδεκα
3084 2929 3179 2999 ἔτη
3212 2928 3377 3002 πρινὴ
3405 2927 3503 2997 τὴν
3538 2926 3664 2978 Ἰου-

2088 3018 2242 3073 δαίαν
2285 3020 2620 3092 συναψθῆναι
2668 3021 2888 3087 τελείως
2943 3022 3250 3092 Ῥωμαίοις.
3310 3016 3418 3072 Ἱιν
3471 3018 3526 3070 δὲ
3573 3018 3663 3070 καὶ

2090 3107 2238 3176 ἐξότε
2269 3110 2618 3165 ἐϐασίλευσεν
2646 3111 2956 3181 Αὔγουστος
2995 3113 3135 3184 μετά
3167 3112 3261 3182 ἔτη
3295 3111 3538 3180 τέσσαρα
3567 3112 3663 3179 τῆς

2089 3202 2253 3255 αὑτοῦ
2303 3202 2578 3273 βασιλείας
2614 3205 2782 3258 πλείω
2819 3206 2853 3278 ἢ
2899 3206 3131 3270 ἐλάσσω,
3179 3205 3330 3274 φιλία
3381 3203 3482 3274 μὲν
3528 3204 3661 3255 Ῥω-

2093 3293 2266 3364 μαίων
2293 3295 2430 3366 πρὸς
2479 3296 2784 3361 Ἰουδαίους,
2827 3299 2920 3350 καὶ
2974 3297 3259 3368 συμμαχία
3303 3293 3661 3364 πεμπομένη,

2089 3385 2184 3438 καὶ
2232 3385 2524 3458 ἐπίτροπος
2553 3387 2981 3457 καθιστάμενος,
3024 3387 3118 3441 καὶ
3167 3387 3307 3458 μέρη
3347 3387 3528 3457 φόρων
3575 3385 3663 3438 ἐπὶ

2090 3479 2252 3532 πέντε
2277 3479 2421 3532 ἔτεσι
2453 3479 2672 3552 πλείωῆ
2706 3480 2918 3534 ἐλάσσω
2939 3498 2952 3512 ο
2984 3479 3088 3544 ἓως
3143 3481 3265 3533 ὅτου
3291 3478 3470 3533 τέλεον
3525 3496 3663 3548 τιαρ-

2091 3569 2244 3641 εδόθη
2292 3572 2323 3642 ἡ
2376 3570 2636 3637 Ἰουδαία,
2669 3574 2762 3627 καὶ
2808 3575 2911 3627 ὑπὸ
2944 3574 3107 3646 φόρον
3149 3572 3665 3644 γεγένηταιτελειό-

2087 3679 2258 3718 τατα·
2315 3660 2595 3735 ληξάντων
2664 3667 2772 3721 τῶν
2828 3668 2936 3721 ἀπὸ
2993 3668 3160 3721 Ἰούδα
3213 3667 3523 3739 ἀρχόντων,
3571 3669 3665 3719 καὶ

2103 3755 2337 3826 Ἡρώδου
2363 3758 2420 3823 ἐξ
2439 3759 2604 3813 ὲθνῶν
2625 3760 3077 3824 κατασταθέντος,
3099 3758 3436 3830 προσηλύτου
3463 3761 3668 3829 μέντοι·

2089 3863 2174 3916 γε.
2205 3844 2338 3902 Εἶτα
2363 3850 2601 3923 Χριστοῦ
2642 3853 2989 3924 γεννηθέντος
3015 3853 3071 3906 ἐν
3103 3851 3353 3920 Βηθλεὲμ
3391 3853 3491 3920 τῆς
3536 3851 3665 3903 Ἰου-

2089 3940 2271 4005 δαίας,
2303 3942 2544 4008 ἐλθόντος
2595 3961 2654 3997 τε
2699 3945 2791 3997 ἐπὶ
2829 3944 2891 3998 τὸ
2937 3945 3222 4015 κήρυγμα,
3265 3943 3542 4013 ληξάντων
3574 3944 3668 3996 καὶ

2091 4031 2344 4105 Χριστῶν
2371 4035 2712 4106 ἡγουμένων,
2738 4034 3145 4106 διαρκεσάντων
3179 4033 3284 4098 ἕως
3315 4032 3667 4106 Ἀλεξάνδρου

2094 4303 2387 4373 nologicis;
2439 4310 2499 4356 ιιι
2526 4313 2579 4357 et
2617 4303 2684 4359 de
2711 4302 3069 4359 illustrissimi
3105 4302 3319 4359 Baronii
3346 4303 3668 4371 Annalibus,

2094 4390 2159 4428 ac
2186 4375 2399 4430 caeteris
2427 4374 2859 4446 chronographis
2887 4383 3115 4430 taceam.
3149 4375 3396 4441 Quorum
3421 4377 3667 4430 omnium

2092 4453 2214 4514 post
2239 4452 2350 4498 tam
2373 4445 2702 4513 exquisitam
2740 4445 2795 4499 et
2847 4453 3096 4501 exactam
3126 4461 3372 4515 cperam,
3415 4462 3672 4515 superva-

411 4537 519 4588 qua
559 4519 822 4574 Dominici
852 4511 1072 4583 natalis,
1100 4527 1154 4573 et
1171 4511 1445 4588 pasSionis
1469 4534 1646 4574 anuus
1668 4511 1984 4588 inquiritur.
2019 4511 2064 4566 1)
2093 4511 2321 4588 calicum
2374 4511 2546 4570 videri
2581 4523 2812 4588 poterat,
2851 4517 3083 4588 adnobis
3113 4511 3180 4572 ea
3205 4517 3472 4586 disputari
3489 4511 3670 4588 'vehe-
3695 4547 3702 4554 -

414 4593 522 4647 Sed
583 4606 681 4646 nec
733 4590 1020 4646 obscurior
1053 4605 1282 4660 usquam
1324 4591 1480 4660 locus
1523 4596 1627 4652 est,
1669 4601 1762 4645 aut
1795 4590 1848 4642 in
1880 4605 1988 4660 quo

413 4664 596 4716 minus
623 4662 904 4729 interpreti
932 4659 1300 4730 tergiversari,
1333 4676 1398 4714 ac
1427 4659 1777 4715 dissimulare
1804 4659 1984 4715 liceat.

413 4732 648 4787 Tantum
697 4732 872 4793 abest,
928 4737 987 4784 ut
1025 4733 1076 4783 in
1113 4745 1176 4784 eo
1219 4730 1549 4785 declarando
1576 4746 1645 4785 ne
1674 4731 1746 4785 sit
1779 4731 1990 4801 longior

409 4805 586 4858 vereri
609 4802 821 4864 dein-at,
853 4808 948 4854 aut
977 4800 1223 4856 instituta
1273 4817 1332 4856 se
1371 4812 1623 4855 notarum
1660 4811 1714 4856 et
1743 4800 1989 4855 animad-

411 4874 725 4928 versionqu
752 4872 1017 4926 brevitate
1059 4870 1368 4926 defendere.
1394 4870 1573 4940 Atque
1600 4885 1662 4928 ea
1689 4887 1819 4928 sane
1843 4887 1990 4941 quae-

412 4944 519 4998 stio
548 4959 671 5006 cum
725 4957 833 4994 non
870 4943 1050 4996 minus
1085 4942 1187 4996 hac
1217 4951 1555 5011 tempestate,
1591 4957 1751 5010 quam
1786 4943 1986 5011 priscis

412 5013 524 5068 illis
547 5012 908 5078 temporibus.
936 5011 1179 5067 eruditos
1230 5018 1499 5075 exerceat,
1523 5027 1589 5067 eo
1620 5013 1854 5081 denique
1889 5013 1986 5067 ad-

413 5084 575 5136 ducta
605 5098 692 5137 res
715 5092 820 5144 cst,
847 5089 905 5134 ut
933 5083 1024 5152 qui
1053 5083 1328 5138 inscitiam
1357 5098 1512 5137 suam
1555 5084 1786 5152 ingenue
1810 5083 1988 5138 fassus

413 5152 1002 5224 fuerit,pudentiorem
1033 5154 1237 5224 exitum
1269 5161 1497 5224 quwrat.
1553 5168 1714 5224 quam
1761 5154 1806 5207 si
1850 5153 1987 5224 certi

414 5223 643 5292 aliquid.
705 5233 758 5277 et
807 5223 1075 5294 explorati
1110 5223 1296 5279 tenere
1340 5240 1397 5279 se
1433 5223 1592 5294 posse
1631 5224 1889 5280 confidat.
1922 5223 1990 5278 Ut

412 5295 556 5349 enim
592 5293 1047 5364 {vetustioribus
1095 5295 1310 5348 initium
1361 5293 1642 5364 repetam;
1675 5295 1799 5364 quis
1845 5304 1992 5348 ante-

412 5380 576 5431 quam
618 5361 864 5432 Dionysii
898 5365 1136 5434 vulgaris
1171 5366 1260 5418 illa
1289 5361 1440 5419 ratio
1471 5361 1896 5434 percrebuisset,
1932 5365 1988 5419 in

412 5441 642 5497 certam,
673 5447 736 5486 ac
759 5432 1113 5488 constitutam
1131 5437 1456 5491 sententiam
1472 5432 1688 5489 includi
1717 5451 1774 5491 se
1794 5450 1988 5504 passus

411 5504 542 5558 est?
587 5505 831 5573 Longum
884 5513 1006 5568 cst,
1051 5515 1104 5560 et
1158 5507 1397 5559 otiosum
1461 5519 1701 5561 veterum
1762 5503 1988 5559 Patrum

413 5574 701 5650 opiniones
730 5588 924 5629 omnes
950 5577 1243 5650 per_sequi_;
1278 5577 1442 5650 idque
1456 5579 1522 5630 ab
1541 5577 1663 5630 aliis
1699 5575 1988 5650 diligenter

413 5654 500 5716 est
535 5645 776 5716 factum;
814 5645 1175 5716 pra'sertim’a
1207 5645 1436 5702 Dekerio
1485 5654 1673 5702 nostro
1701 5646 1777 5716 τῷ
1808 5645 1988 5716 μακα-

421 5714 648 5796 ρίτῃ-..οι
689 5715 898 5796 Joanne
952 5715 1648 5796 heplero‘mathematico;
1677 5714 1990 5796 inerti-dita

351 5781 366 5794 ’
422 5781 920 5846 ἰὶιξιῖίὶεεειιίιιὶοιιθ
941 5787 1016 5843 De
1038 5781 1176 5845 anno
1201 5787 1482 5856 Natali,et
1515 5788 1567 5843 in
1601 5785 1811 5859 Ectogis
1839 5788 1959 5842 claro
1977 5814 1989 5828 ο

2092 4587 2353 4649 mentius,
2386 4601 2506 4655 qua:
2538 4587 2700 4640 anxie
2739 4586 2808 4640 ab
2845 4586 2954 4640 illis
2982 4594 3133 4648 sunt,
3166 4585 3530 4655 accurateque
3555 4585 3670 4642 dis-

2091 4671 2278 4720 cussa,
2334 4657 2440 4710 uisi
2509 4673 2611 4712 nos
2669 4655 2737 4710 ad
2768 4657 2819 4710 id
2873 4658 3035 4711 etiam
3079 4656 3278 4712 invitos
3325 4656 3670 4726 Epiphanius

2091 4727 2229 4796 ipse,
2277 4741 2340 4798 ac
2380 4727 2644 4798 suscepti
2688 4728 2932 4782 muneris
2991 4726 3124 4782 fides
3188 4728 3512 4798 impelleret.
3552 4727 3669 4780 Erit

2091 4804 2272 4868 autem
2302 4797 2426 4851 huic
2450 4797 2693 4858 conatui.
2721 4799 3002 4868 laborique
3027 4805 3219 4868 nostro
3253 4798 3428 4868 facilis
3458 4797 3663 4861 lcetor,

2092 4868 2137 4922 si
2170 4867 2271 4921 hoc
2307 4882 2439 4921 ame
2463 4877 2764 4936 spectatum
2785 4867 3093 4938 agnoverit.
3115 4878 3174 4921 ut
3206 4867 3471 4938 infinitam
3499 4883 3670 4938 prope

2091 4938 2546 5009 controversiam,
2608 4936 2963 5009 omniurirque
3000 4936 3212 5009 ῇιιᾱιοιο
3266 4936 3666 4999 difﬁcillimam,

2091 5023 2268 5078 neque
2313 5008 2542 5079 brevius
2603 5023 2766 5078 quam
2828 5025 2917 5064 res
2953 5016 3100 5063 tanta
3145 5008 3414 5079 disputari
3470 5011 3666 5077 possit,

2061 5089 2066 5094 '
2091 5094 2270 5148 neque
2308 5078 2524 5148 longius
2554 5095 2716 5146 quam
2757 5094 2986 5134 necesse
3015 5079 3108 5138 sit.
3135 5078 3348 5134 summa
3385 5094 3514 5132 vero
3543 5095 3667 5132 cum

2095 5150 2352 5202 facilitate
2411 5150 2840 5219 complecterer;
2902 5159 2956 5203 et
3000 5166 3061 5205 ea
3092 5165 3211 5218 quae
3265 5150 3334 5202 ah
3367 5148 3669 5218 ingeniosis

2091 5221 2376 5300 doctisque
2415 5219 2550 5300 viris
2597 5219 2665 5273 de
2703 5235 2765 5273 ea
2814 5235 2873 5300 re
2907 5221 3140 5274 solerter
3159 5221 3469 5300 excogitata
3513 5229 3664 5283 sunt,

2092 5289 2410 5344 accessione
2469 5291 2653 5359 aliqua
2721 5298 2910 5345 nostra
2986 5291 3266 5345 cumulata
3310 5289 3664 5359 proferrem.

2093 5362 2272 5426 Quare
2306 5359 2505 5431 duplex
2554 5361 2658 5415 erit
2712 5359 2814 5414 hoc
2860 5361 2981 5415 loco
3030 5360 3357 5431 disputanda
3397 5361 3663 5429 quaestio:

2094 5433 2262 5486 altera
2289 5431 2356 5486 de
2383 5430 2528 5486 anno
2562 5431 2827 5501 ipso,quo
2849 5439 3010 5486 natus
3041 5440 3125 5486 est
3155 5430 3443 5496 Christus;
3478 5433 3663 5501 altera.

2093 5503 2161 5572 de
2212 5518 2277 5557 eo
2334 5516 2444 5572 quo
2504 5516 2700 5570 passus
2737 5500 2866 5558 iest.
2909 5501 3066 5570 (Quae
3095 5502 3178 5554 hic
3213 5502 3278 5572 de
3311 5518 3450 5554 anno
3478 5500 3665 5555 Natali

2093 5571 2294 5628 Christi
2311 5571 2360 5626 et
2391 5589 2451 5627 eo
2480 5588 2581 5641 quo
2607 5588 2796 5642 passus
2825 5583 2903 5626 est
2936 5573 3218 5640 disputavit
3251 5571 3524 5636 Petavius,
3555 5589 3662 5642 cunt

2090 5643 2387 5708 prolixiora
2423 5640 2527 5698 sint
2562 5640 2619 5696 ut
2643 5645 2778 5696 inter
2810 5653 2962 5698 notas
2995 5643 3165 5698 locum
3202 5643 3449 5705 habeant,
3501 5662 3561 5698 ea
3603 5640 3662 5692 ad

2092 5714 2442 5782 Appendicem
2473 5713 2916 5785 Dissertationum
2942 5713 3343 5769 amandavimus
3375 5731 3508 5785 quas
3551 5714 3664 5784 Epi-

2092 5785 2274 5855 phanii
2317 5785 2558 5855 operibus
2586 5784 2927 5854 subjecimus.
2962 5785 3141 5856 Ευιτ.)
