3846 6300
155 243 268 298 9:29

874 233 1246 294 ADVERSUS
1287 230 1630 289 IIAERESES
1673 231 1798 286 LIB.
1841 233 1906 288 ll.
1950 230 2114 288 ΤΟΜ.
2158 228 2197 284 1.
2229 263 2297 272 -
2337 201 2614 293 Il/EIiES.
2656 239 2741 296 LI.

3347 231 3452 290 ιιο

149 365 299 429 ήγου
306 358 497 432 μένου,
524 358 617 411 καὶ
642 354 908 420 Σααλίνας
932 355 1029 426 τῆς
1058 355 1155 410 καὶ
1187 351 1543 425 Ἀλεξάνδρας
1560 369 1574 383 ·
1603 324 1721 406 άτιν

1862 353 2105 419 sierant;
2139 353 2232 424 qui
2280 354 2497 424 quidem
2533 355 2600 409 ad
2632 353 3006 410 Alexandrum
3043 364 3217 419 usque
3248 349 3454 418 princi-

150 453 338 505 ταῦτα
366 449 548 504 πάντα
580 448 835 511 ὲτελεῖτο,
871 446 1155 518 ἀρξάμενα
1199 444 1308 498 ἀπο
1330 442 1431 513 τῆς
1455 443 1762 514 γεννήσεως

153 545 258 612 τῆς
294 544 354 595 ὲν
390 541 642 614 Βηθλεὲμ
672 542 730 593 ἐν
763 535 1186 609 τεσσαρακοστῷ
1232 535 1472 607 δευτέρῳ
1505 533 1615 588 ἔτει
1665 534 1765 604 τῆς

155 637 350 706 πάσης
397 634 678 704 βασιλείας
729 630 1065 700 Αὐγούστου,
1090 629 1149 694 ὃς
1186 624 1254 699 ἦν
1286 627 1475 691 ἔνατος
1519 625 1764 688 ἐνιαυτὸς

156 728 269 782 ἀπὸ
292 726 398 795 τῆς
420 725 725 795 ἐπιτροπῆς
753 722 1111 794 Ἀντιπάτρου
1141 720 1235 773 τοῦ
1265 719 1471 790 πατρὸς
1499 718 1759 790 Ἡρώδου,

152 820 247 871 ὅτε
281 817 438 886 φιλία
476 812 546 886 ἦν
599 815 888 885 Ῥωμαίων
920 814 1056 885 πρὸς
1098 811 1420 875 Ἰουδαίους,
1479 811 1574 864 καὶ
1619 809 1761 882 μέρη

153 909 438 979 δομάτων,
465 908 560 961 καὶ
589 906 848 978 τέταρτον
887 905 1006 968 ἔτος
1053 903 1487 966 κατασταθέντος
1522 903 1624 955 ὑπὸ
1651 902 1758 953 Λύ-

153 999 420 1068 γούστου.
455 997 612 1052 Μετὰ
655 997 712 1049 δὲ
743 997 805 1049 τὸ
850 996 1110 1067 τέταρτον
1156 994 1274 1056 ἔτος
1327 992 1586 1064 Ἡρώδου,
1644 995 1762 1044 επι-

153 1088 377 1160 τροπῆς
404 1106 466 1142 τε
500 1088 664 1142 πέντε
698 1087 835 1142 ἐτῶν
878 1086 1108 1158 πλείωῆ
1143 1085 1359 1140 ἐλάσσω
1401 1085 1758 1156 Ἀντιπάτρου

152 1181 253 1235 τοῦ
284 1181 500 1252 πατρὸς
521 1179 710 1245 αὐτοῦ,
733 1179 918 1233 λοιπὸν
941 1177 1339 1250 παραδοθείσης
1362 1178 1461 1248 τῆς
1497 1177 1760 1240 Ἰουδαίας

151 1273 412 1338 τελείως,
442 1273 547 1336 ἕως
582 1269 909 1343 τριακοστοῦ
936 1271 1119 1342 τρίτου
1152 1269 1303 1333 ἔτους
1345 1268 1606 1340 Ἡρώδου,
1637 1287 1756 1322 τεσ-

153 1365 513 1440 σαρακοστοῦ
545 1362 801 1434 δευτέρου
829 1363 984 1424 ἔτους
1009 1361 1320 1430 Αὐγούστου
1349 1360 1454 1432 πλη
1466 1359 1754 1432 ρώσαντος,

152 1457 541 1532 κρατηθείσης
577 1456 676 1525 τῆς
727 1456 910 1522 πάσης
952 1453 1238 1517 Ἰουδαίας,
1281 1453 1356 1516 ώς
1404 1452 1559 1523 ἔφην,
1617 1453 1755 1524 μετὰ

152 1552 216 1604 τὸ
267 1550 502 1620 ποιῆσαι
569 1547 738 1618 αὐτὴν
774 1545 1107 1599 εὶκοσιεννέα
1155 1545 1250 1617 ἔτη
1299 1545 1574 1616 ὑπόφορον
1624 1545 1755 1596 Ῥω-

155 1643 378 1714 μαίοις,
437 1640 532 1694 καὶ
579 1637 718 1710 μετὰ
763 1637 824 1690 τὸ
860 1637 1268 1704 κατασταθῆναι
1317 1636 1610 1706 ἐπίτροπον
1661 1634 1752 1688 τὸν

1862 459 2008 515 pem,
2044 453 2097 500 et
2124 442 2422 510 Saalinam,
2452 461 2574 516 quae
2598 453 2651 500 et
2679 446 2824 499 dicta
2855 450 2941 499 est
2965 439 3294 507 Alexandra,
3327 455 3452 510 per-

1863 535 2139 590 stiterunt.
2197 534 2271 589 Ea
2307 551 2436 591 vero
2471 545 2670 591 cuneta
2712 537 2780 591 ab
2827 551 2894 590 eo
2932 544 3176 604 tempore
3211 547 3449 602 coepere,

1863 643 1978 698 quo
2028 628 2283 683 Christus
2328 628 2666 684 Betlileliemi
2711 637 2874 683 natus
2924 636 3043 692 est;
3081 642 3225 681 anno
3278 625 3452 680 totius

1862 721 2078 790 imperii
2112 720 2342 792 Augusti
2395 737 2545 786 xui,
2591 721 2684 791 qui
2724 727 2842 776 erat
2899 735 3077 775 nonus
3121 735 3150 772 a
3191 733 3455 788 procura-

1862 812 2014 867 tione
2064 811 2337 882 Antipatri
2393 812 2625 868 Herodis
2681 813 2924 882 parentis
2951 851 2966 876 ,
3009 827 3132 865 cuin
3175 809 3453 863 Itomauos

1863 903 2006 958 inter
2052 919 2116 959 ac
2151 903 2370 960 Iudaeos
2433 905 2671 959 amicitia
2711 905 2890 968 foret,
2940 917 3003 956 ac
3055 902 3315 955 nonnulla
3350 901 3449 952 tri-

1861 997 1989 1051 buta
2052 997 2462 1068 penderentur,
2530 997 2692 1069 445
2767 1007 2820 1051 et
2878 1004 3073 1066 quarto
3131 994 3242 1062 jam
3306 1007 3452 1045 anno

1861 1089 2103 1145 Herodes
2160 1099 2306 1146 esset
2352 1091 2421 1145 ab
2476 1092 2722 1160 Augusto
2772 1091 3120 1160 praepositus.
3164 1086 3268 1153 Qui
3323 1102 3449 1139 eum

1859 1199 2036 1239 annos
2093 1183 2146 1238 in
2197 1199 2258 1238 ea
2323 1184 2806 1239 administratione
2860 1190 3096 1252 quatuor
3148 1179 3446 1248 exegisset,

1856 1275 2142 1345 Antipater
2183 1290 2313 1329 vero
2362 1275 2510 1330 illius
2555 1284 2710 1345 pater
2739 1274 2981 1344 quinque
3023 1273 3133 1327 fere
3183 1286 3448 1341 procura-

1856 1366 2005 1422 tione
2036 1369 2364 1440 perfunctus
2393 1379 2560 1433 esset,
2595 1369 2812 1423 tandem
2843 1367 3030 1422 Judiea
3067 1382 3297 1437 prorsus
3339 1363 3450 1417 Ro-

1855 1475 2145 1515 manorum
2169 1463 2424 1533 potestati
2454 1463 2642 1526 cessit,
2677 1462 2742 1516 ad
2767 1460 2998 1516 Herodis
3023 1477 3224 1514 annum
3250 1475 3445 1524 χχχιιι,

1851 1553 2086 1624 Augusti
2117 1570 2249 1610 vero
2293 1572 2425 1618 xui,
2480 1571 2603 1610 cum
2627 1593 2643 1618 ,
2677 1563 2734 1608 ut
2767 1555 3010 1610 diximus
3032 1595 3048 1620 ,
3082 1552 3267 1607 Judzea
3301 1563 3447 1606 esset

1853 1647 2034 1701 omnis
2068 1655 2334 1718 occupata
2363 1687 2376 1712 ,
2413 1662 2476 1701 ac
2501 1647 2614 1716 jam
2648 1663 2776 1700 nix
2809 1647 2969 1701 annis
3007 1646 3269 1700 Romanis
3301 1644 3445 1697 facta

164 1734 534 1804 Ἀντίπατρον
569 1728 810 1801 Ἡρώδου
846 1727 1080 1799 πατέρα,
1129 1727 1246 1798 μετ’
1279 1728 1438 1781 αὑτὸν
1483 1727 1540 1780 δὲ
1576 1725 1721 1798 Ἥρώ

1855 1736 2168 1807 vectigalis;
2225 1745 2513 1807 postquam
2560 1744 2614 1790 et
2651 1735 2938 1805 Antipater
2979 1733 3207 1788 Ilerodis
3246 1745 3444 1800 parens

148 1826 250 1898 δην
303 1824 536 1896 βασιλέα
585 1820 998 1876 κατασταθῆναι
1025 1819 1132 1872 ὑπὸ
1165 1818 1476 1888 Αὐγούστου
1516 1818 1610 1871 ἐπὶ
1652 1819 1750 1889 τῆς

162 1917 448 1982 Ἰουδαίας.

147 2054 206 2105 Δ⁹
293 2050 487 2105 Ταῦτα
520 2049 576 2104 δὲ
610 2047 1037 2120 ὲπραγματεύθη
1085 2049 1144 2101 ὲν
1185 2047 1424 2120 ὑπατεία
1463 2049 1748 2120 Ὀκταυῖου

372 2118 698 2208 Αὐγούστου
716 2118 1189 2208 τρισκαιδέκατον,
1201 2120 1322 2208 Ρκαὶ
1352 2118 1576 2208 Σιλανοῦ
1611 2121 1748 2174 ὑπά-

371 2188 487 2255 του,
524 2193 716 2262 ἥντινα
742 2188 1008 2262 ὑπατείαν
1053 2188 1358 2262 διεδέξαντο
1385 2190 1441 2242 αἱ
1480 2193 1748 2244 ὑποτετα-

375 2258 576 2333 γμέναι
609 2263 862 2315 ὑπατεῖαι
890 2260 1196 2323 ἀκολούθως
1226 2258 1397 2323 οὕτως
1425 2276 1440 2290 ο

148 2355 206 2411 B’
289 2355 595 2409 Λεντούλου
627 2352 720 2407 καὶ
753 2353 1030 2414 Πίσσωνος
1055 2352 1115 2404 τὸ
1138 2350 1412 2423 δεύτερον,

147 2429 203 2482 1"
291 2426 531 2480 Λουκίου
564 2423 840 2486 Καίσαρος
872 2423 966 2475 καὶ
998 2423 1211 2475 Παύλου

147 2503 200 2552 Δ⁹
291 2495 641 2550 Οὑίνδουκίου
678 2494 772 2547 καὶ
805 2494 1040 2564 Οὐάρου,

147 2571 204 2622 Ε⁶
287 2567 526 2637 Λαμμία
548 2567 643 2620 καὶ
684 2562 1356 2637 ΣερουϊούλίουμΝομμίου,

149 2643 220 2707 ς’
293 2633 522 2706 Μάγνου
555 2633 840 2706 Πομπηΐου
876 2635 972 2707 καὶ
1004 2633 1320 2702 Οὐαλερίου,

147 2704 204 2764 Ζ¹
291 2704 530 2761 Λεπίδου
557 2704 649 2760 καῖ
688 2704 1023 2777 Ἀρουνκίου,

147 2783 210 2834 H’
283 2779 570 2850 Καίσαρος
591 2777 695 2850 καὶ,
713 2775 1059 2850 Καπίτωνος,

144 2852 204 2904 θ’
295 2845 581 2920 Κρητικού
615 2848 710 2920 καὶ
737 2845 972 2920 Νερούα,

147 2923 183 2975 1¹
294 2914 580 2990 Κὰιλίλλου
613 2919 706 2972 καὶ
737 2914 1172 2990 Κυίντιλλιανοῦ,

147 2994 230 3046 IA'
294 2987 570 3060 Καμήρου
606 2990 698 3042 καὶ
730 2987 981 3060 Σαδίνου,

146 3065 225 3117 IB'
292 3055 602 3114 Δολαϐέλλα
632 3060 726 3113 καὶ
756 3055 1067 3122 Σιλουανοῦ,

147 3135 224 3188 ιν
284 3132 523 3185 Λεπίδου
551 3132 648 3184 καὶ
670 3130 907 3200 Ταύρου,

145 3203 223 3258 1Δ⁹
288 3203 545 3254 Φλάκκου
571 3202 665 3255 καὶ
697 3199 1007 3264 Σιλουανοῦ,

145 3276 226 3329 IE’
281 3272 407 3327 Τῶν
436 3272 530 3325 δύο
559 3272 830 3324 Σέκστων.

144 3347 243 3413 ις’
289 3344 582 3414 Πομπηΐου
610 3343 840 3414 Μάγνου
861 3343 956 3395 καὶ
999 3339 1338 3411 Ἀπουληΐου,

146 3418 226 3470 IZ'
284 3413 528 3485 Βρούτου
560 3413 653 3485 καὶ
680 3413 959 3485 νΦλάγκου,

146 3485 233 3539 IH'
291 3483 510 3556 Ταύρου
542 3483 925 3556 καὶ-Λίδιυνος,

145 3559 224 3610 18'
283 3553 546 3626 Κράσσου
576 3554 671 3608 καὶ
702 3553 972 3626 ΑῬούφου,

143 3629 208 3682 Κ¹
285 3623 542 3698 Τιβερίου
605 3623 881 3698 ιξαίσαρος
927 3625 989 3676 τὸ
1037 3625 1308 3696 δεύτερον,
1360 3624 1456 3676 καὶ
1500 3625 1739 3695 Δρούσου

363 3693 646 3767 Γερμανοῦ
669 3695 728 3746 τὺ
744 3693 1025 3767 δεύτερον,

142 3769 254 3821 KA'
291 3765 584 3820 Σιλουανοῦ
618 3767 713 3818 καὶ
742 3765 972 3831 Βάλϐου,

143 3840 252 3892 KB'
289 3839 556 3892 Μεσσαλᾶ
585 3837 681 3889 καὶ
710 3837 942 3908 Γράτου,

141 3909 249 3964 Kl"
293 3908 548 3980 Τιϐερίου
578 3903 856 3980 Καίσαρος
888 3907 948 3961 τὸ
977 3906 1178 3980 τρίτον,
1209 3905 1304 3960 καὶ
1333 3903 1571 3976 Δρούσου
1607 3903 1740 3976 Γερ-

367 3978 539 4050 μανοῦ
579 3979 639 4030 τὸ
672 3978 872 4050 τρίτον,

143 4053 246 4104 ΚΔ⁹
300 4051 433 4121 Ἀγρ

142 4123 248 4175 ΚΕ⁰
287 4119 591 4184 Πολλίωνος
631 4121 725 4172 καὶ
753 4119 1037 4191 Οὐέτερος,

141 4194 267 4259 κεῖν
293 4191 548 4262 Κεθήγου
582 4192 677 4243 καὶ
710 4189 946 4262 Οὐάρου,

294 4257 610 4346 Ἀγρίππου.
635 4263 696 4314 τὸ
718 4257 979 4346 δεύτερον
1008 4259 1103 4312 καὶ
1128 4257 1426 4312 Λεντούλου
1450 4257 1680 4324 Γάλδου,

141 4333 255 4387 ΚΗ¹
292 4334 332 4386 Γ
334 4331 613 4386 ετουλικοῦ
645 4331 740 4385 καὶ
767 4331 987 4395 Σαὸίου,

139 4404 246 4458 ΚΘ¹
281 4403 662 4476 Κράσσουλκαὶ
693 4403 980 4476 Πείσωνος,

138 4476 196 4528 Λ¹
287 4472 575 4528 Σιλουανοῦ
606 4476 701 4527 καὶ
733 4472 968 4544 Νερούα,

205 4590 341 4645 Kl“.
377 4589 486 4643 Καὶ
513 4590 666 4660 ὁρᾷς,
699 4590 782 4642 ὃτι
810 4604 1233 4661 τριακονταετης
1264 4586 1379 4640 ἐστὶ
1401 4585 1610 4656 χρόνος.
1639 4583 1731 4636 Διὸ

137 4681 651 4752 ἐφιλπιμησάμεθα
683 4681 780 4745 τάς
810 4679 1044 4751 καθεξῆς
1079 4679 1338 4742 ὑπατείας
1370 4677 1612 4750 ἀκριϐῶς
1645 4676 1732 4730 θέ-

139 4775 284 4841 σθαι,
316 4776 399 4838 εἰς
432 4772 493 4827 τὸ
533 4775 658 4838 τοὺς
690 4773 1069 4844 διερχομένους
1111 4772 1261 4838 ἰδεῖν,
1289 4772 1371 4824 ὃτι
1405 4771 1506 4824 οὐκ
1535 4769 1648 4823 ἐστι
1678 4787 1729 4822 τι

136 4866 664 4938 παραπεποιημένον
695 4866 752 4918 ἐν
793 4863 872 4934 τῷ
904 4864 1032 4935 θείῳ
1061 4864 1292 4935 δόγματι
1325 4861 1425 4933 τῆς
1450 4860 1726 4934 ἀληθείας,

135 4959 272 5013 ἀλλὰ
305 4961 447 5028 μετὰ
474 4957 761 5029 ἀκριϐείας
805 4957 874 5010 τά
914 4957 1092 5012 πάντα
1117 4960 1183 5028 τῇ
1223 4955 1522 5028 Ἐκκλησία
1563 4957 1730 5028 κεκή-

141 5070 360 5123 ρυκται.
391 5051 488 5114 Τίς
517 5051 648 5123 γὰρ,
678 5050 991 5123 ἀριθμήσας
1030 5051 1134 5114 τάς
1166 5049 1241 5120 μὴ
1265 5048 1570 5119 δυναμένας
1600 5065 1730 5118 σφα-

135 5144 292 5216 λῆναι
328 5143 452 5198 καθ’
475 5143 665 5213 εἱρμὸν
717 5142 1002 5206 ὑπατείας,
1045 5141 1105 5195 οὐ
1158 5141 1569 5211 καταγνώσεται
1617 5138 1726 5194 τῶν

134 5236 467 5307 νομιζόντων
493 5234 789 5302 διαφωνίαν
812 5230 946 5287 εἶναι
975 5236 1030 5286 ὲν
1063 5233 1140 5304 τῷ
1164 5233 1274 5286 τῶν
1315 5231 1450 5284 ἐτῶν
1481 5230 1722 5302 ἀριθμῷ,

134 5329 208 5400 τῷ
237 5327 393 5400 παρὰ
419 5330 531 5390 τοῖς
558 5327 971 5397 εὐαγγελισταῖς
1001 5325 1273 5398 ᾀδομένῳς
1304 5325 1402 5378 Διὰ
1428 5323 1586 5377 τοῦτο
1614 5323 1722 5396 γὰρ

135 5422 226 5476 καὶ
251 5422 458 5474 ἔπεσαν
499 5421 555 5472 αἱ
587 5420 852 5491 πρότερον
881 5420 1141 5492 αἱρέσεις,
1189 5421 1241 5472 αἱ
1292 5415 1554 5488 μυθωδῷς
1591 5417 1721 5471 ἀναο

134 5514 488 5583 γραψάμεναι
511 5513 636 5576 τοὺς
668 5513 964 5584 τριάκοντα
997 5512 1220 5576 αἰῶνας,
1253 5512 1348 5564 καὶ
1381 5510 1451 5564 τά
1477 5510 1586 5564 άπὸ
1611 5509 1720 5564 τών

134 5607 429 5676 τριάκοντα
468 5606 604 5660 ὲτῶν
631 5606 722 5660 τοῦ
758 5606 1008 5678 Σωτῆρος
1045 5606 1176 5678 παρ’
1199 5605 1378 5659 αὐτῶν
1416 5605 1721 5678 ἀλληγορη-

137 5701 292 5755 θέντα
313 5717 327 5730 ·
371 5700 459 5753 ἵνα
485 5699 646 5770 δῆθεν
673 5699 943 5772 δυνηθῶσι
982 5703 1090 5756 τῶν
1128 5703 1260 5773 παρ’
1286 5701 1465 5764 αὐτοῖς
1506 5698 1716 5754 αἰώνων

441 4051 606 4103 ίππου
630 4048 726 4102 καὶ
752 4048 980 4111 Βάλϐου,

1852 1831 2294 1900 procurationem
2328 1830 2520 1899 gessit,
2552 1836 2605 1882 et
2637 1827 2879 1884 Herodes
2905 1837 3027 1897 post
3057 1826 3210 1878 illum
3243 1821 3445 1876 Judaete

1852 1937 1945 1977 rex
1982 1922 2051 1978 ab
2077 1921 2325 1993 Augusto
2349 1930 2569 1976 creatus
2601 1927 2704 1976 est.

1850 2059 1872 2115 1
1928 2065 1942 2084 ‘
2127 2057 2260 2112 Acta
2293 2057 2408 2111 hac
2449 2064 2576 2110 sunt
2609 2053 2832 2108 Octavio
2863 2052 3107 2123 Augusto
3143 2050 3257 2106 XIII
3280 2060 3326 2107 et
3359 2052 3444 2106 Si-

2195 2131 2320 2182 lano
2355 2143 2502 2182 coss.
2523 2168 2538 2191 ,
2581 2126 2884 2180 secundum
2915 2141 3055 2194 quos
3087 2123 3140 2176 III
3181 2128 3442 2195 deinceps

2199 2203 2458 2254 exstitere
2487 2197 2770 2252 consules.

1851 2353 1893 2407 Il
2109 2351 2376 2407 Lentulus
2404 2361 2453 2406 et
2496 2350 2626 2404 Piso
2658 2351 2728 2408 ll.

1851 2421 1916 2478 Ill
2110 2422 2172 2477 L.
2208 2424 2392 2478 Carsar
2424 2432 2478 2476 et
2511 2421 2713 2474 Paulus
2739 2459 2753 2483 ,

1850 2493 1920 2548 IV
2102 2493 2406 2548 Vinducius
2429 2502 2481 2547 et
2509 2491 2716 2554 Varus,

1855 2563 1894 2617 V
2107 2564 2294 2618 Lamia
2326 2573 2379 2617 et
2419 2563 2684 2618 Servilius
2720 2559 3010 2613 Nommius
3035 2599 3050 2623 ,

1850 2632 1919 2703 VI
2108 2635 2339 2703 Magnus
2363 2633 2652 2702 Pompeius
2693 2643 2748 2685 et
2786 2629 3069 2694 Valerius,

1849 2702 1940 2758 VII
2114 2702 2350 2774 Lepidus
2386 2715 2440 2758 et
2469 2703 2760 2767 Aruntius,

1849 2774 1964 2830 VIlI
2105 2776 2292 2830 Caesar
2320 2784 2374 2828 et
2405 2776 2620 2842 Capito,

1850 2845 1921 2900 IX
2096 2847 2356 2910 Creticus
2378 2854 2429 2899 et
2463 2844 2636 2899 Nerva
2661 2884 2674 2906 ,

1853 2916 1898 2970 Χ
2104 2918 2367 2972 Camillus
2398 2923 2450 2968 et
2476 2914 2888 2980 Quintillianus,

1848 2985 1920 3042 XI
2112 2988 2436 3041 Camerinus
2472 2995 2526 3040 et
2551 2986 2790 3038 Sabinus
2813 3023 2826 3045 .

1772 3062 1814 3120 C
1854 3056 1943 3112 XII
2113 3057 2388 3111 Dolabella
2426 3064 2477 3110 et
2512 3056 2790 3117 Silvanus,

1850 3127 1966 3198 XIII
2106 3127 2344 3198 Lepidus
2374 3135 2427 3180 et
2453 3126 2709 3198 Taurus,
2735 3161 2740 3172 .

1847 3197 1966 3253 XIV
2104 3197 2336 3253 Flaccus
2361 3207 2415 3253 et
2446 3197 2705 3251 Silvanus
2722 3236 2737 3259 ,

1847 3268 1942 3324 XV
2109 3270 2264 3324 Sexti
2300 3268 2409 3322 duo
2435 3307 2448 3328 ,

1845 3339 1987 3410 XVI,
2109 3339 2402 3410 Pompeius
2438 3337 2506 3410 ill.
2540 3345 2594 3392 et
2618 3335 2915 3406 Apuleius,

1844 3409 1989 3466 XVII
2116 3408 2315 3465 Brutus
2355 3419 2410 3463 et
2438 3408 2669 3464 Flaccus
2694 3448 2709 3473 ,

1844 3481 2012 3536 XVIII
2101 3481 2318 3536 Taurus
2348 3490 2400 3536 et
2432 3480 2566 3534 Libo
2587 3519 2603 3542 ,

1843 3551 1966 3606 XIX
2113 3554 2352 3607 Crassus
2387 3559 2440 3605 et
2474 3549 2671 3612 Rufus.

1842 3622 1943 3677 XX
2106 3622 2357 3746 Tiberiqls
2405 3620 2589 3680 Caesar
2649 3620 2690 3674 Il
2744 3629 2797 3675 et
2859 3620 3072 3678 Drusus
3137 3620 3431 3677 Germani-

2183 3710 2281 3746 CUS
2363 3733 2377 3746 .

2183 3710 2281 3750 cus
2305 3710 2377 3756 ιι,

1842 3763 1962 3818 XXI
2114 3764 2338 3820 Silanus
2361 3775 2414 3820 et
2439 3764 2666 3827 Balbus,

1843 3832 1985 3888 XXII
2116 3834 2346 3889 Messala
2380 3843 2432 3888 et
2475 3833 2674 3888 Gratus
2701 3871 2715 3894 ,

1839 3906 2009 3960 XXIII
2117 3905 2374 3960 Tiberius
2427 3904 2611 3960 Caesar
2661 3905 2726 3958 III
2781 3909 2834 3957 et
2885 3909 3096 3962 Jrnsns
3137 3902 3427 3963 Germani-

2183 3991 2282 4030 cus
2321 3975 2386 4028 III

2111 4047 2352 4119 Agrippa
2375 4056 2444 4119 e_l_
2464 4045 2667 4104 Balnus
2687 4087 2702 4113 ,

1837 4115 1985 4171 XXV
2114 4115 2300 4172 Pollio
2319 4125 2373 4170 et
2407 4117 2574 4174 Vetus
2591 4157 2606 4181 ,

2106 4189 2458 4265 Cetliegiiset
2488 4187 2706 4265 Varus,

1838 4257 2031 4329 XXVII
2102 4260 2341 4329 Agrippa
2372 4257 2412 4312 II
2437 4270 2490 4315 et
2519 4259 2782 4315 Lentulus
2817 4259 3023 4328 Gallia,

1839 4327 2057 4402 Igilii"
2105 4327 2287 4402 M67
2309 4330 2591 4402 Getulicus
2621 4340 2675 4387 et
2711 4331 2952 4387 Sabinus
2978 4371 2994 4398 ,

1763 4405 1809 4462 1)
1838 4399 2010 4454 XXIX
2103 4399 2340 4457 Crassus
2365 4410 2419 4456 et
2449 4401 2575 4457 Piso
2594 4442 2609 4466 ,

1836 4469 1985 4526 XXX

1907 4584 2095 4640 XXIII.
2139 4586 2327 4642 Annos
2370 4587 2539 4642 habes
2565 4587 2851 4646 absolutos
2910 4605 3039 4643 xxx.
3080 4587 3190 4643 Nos
3237 4596 3422 4643 autem

1832 4680 2159 4735 consulatus
2215 4680 2351 4735 istos
2391 4680 2714 4752 singillatim
2763 4681 2888 4736 ideo
2938 4696 3265 4751 percensere
3299 4690 3420 4736 stu-

1830 4775 2074 4840 duimus,
2112 4779 2172 4828 ut
2206 4773 2444 4829 lectores
2497 4773 2827 4844 intelligant,
2867 4773 3004 4828 nihil
3058 4773 3112 4828 in
3145 4789 3304 4828 sacro
3334 4790 3422 4829 ve-

1829 4867 2008 4922 ritatis
2035 4867 2288 4939 dogmate
2319 4866 2756 4921 eommentitium
2784 4881 2928 4932 esse,
2948 4865 3041 4921 sed
3076 4865 3144 4920 ab
3168 4864 3418 4922 Ecclesia

1829 4973 1994 5030 quam
2071 4958 2488 5014 accuratissime
2563 4958 2819 5012 universa
2899 4955 3211 5027 praadieari.
3279 4957 3417 5024 Quis

1827 5051 1974 5108 enim
2006 5052 2073 5108 ad
2108 5052 2250 5108 lianc
2294 5067 2440 5108 coss.
2475 5050 2673 5107 seriem
2702 5091 2717 5117 ,
2748 5065 2856 5121 qua
2891 5049 3028 5104 nihil
3075 5049 3283 5106 certius
3307 5057 3412 5114 est.

1826 5145 2017 5200 oculos
2056 5145 2354 5215 adjiciens,
2382 5159 2491 5199 non
2524 5159 2619 5200 eos
2657 5145 2986 5199 condemnet
3021 5143 3116 5213 qui
3143 5144 3196 5198 in
3241 5158 3413 5198 anno-

1825 5254 1948 5293 rum
1971 5255 2201 5295 numero
2224 5239 2294 5295 ab
2313 5239 2664 5310 evangelistis
2695 5254 2959 5311 expresso
2977 5238 3408 5310 discrepantiam

1823 5348 1948 5389 esse
2019 5333 2184 5387 ullam
2258 5331 2616 5387 existimant?
2673 5329 2972 5402 Pr0pterca
3033 5330 3296 5385 nimirum
3355 5340 3409 5383 et

1824 5427 2038 5498 priores
2096 5426 2204 5481 illae
2238 5426 2477 5482 luereses
2519 5425 2947 5491 interciderunt,
2979 5440 3100 5497 quae
3134 5425 3254 5477 illas
3301 5438 3409 5476 aee-

1821 5534 1951 5573 num
2008 5517 2233 5590 triginta
2274 5516 2488 5574 fabulas
2534 5518 2934 5582 conlinxerant,
2993 5524 3302 5583 caateraque
3350 5512 3409 5568 id

1820 5623 1993 5679 genus
2038 5623 2103 5661 et
2161 5607 2457 5662 tricenario
2508 5605 2813 5663 Salvatoris
2856 5620 3129 5660 annorum
3175 5617 3408 5658 numero

1824 5700 2114 5773 allegorice
2142 5699 2508 5768 deduxerant,
2527 5699 2730 5770 quibus
2757 5698 2823 5754 ad
2861 5713 3078 5756 menum
3103 5711 3166 5752 ac
3198 5694 3408 5767 princi-

2113 4471 2368 4527 Silvanus
2397 4481 2450 4527 et
2475 4471 2673 4527 Nerva.
