3846 6284
423 229 520 289 93!

1837 231 1892 287 S.
1955 229 2305 288 EPIPIIANII

424 361 651 425 patuum
723 368 896 426 nugas
969 353 1093 409 illas
1167 352 1558 409 describendas
1629 354 2006 409 abuterentur.

2125 356 2211 408 καὶ
2223 355 2408 426 ἀρχῶν
2429 355 2764 428 ἀναγράφειν
2778 356 2876 430 τὴν
2899 358 3239 430 μυθοποιίαν.
3255 359 3588 432 Εὑρίσκεται
3603 379 3636 427 γ
3647 363 3708 431 ὲρ

426 449 583 502 Anno
606 446 808 517 quippe
832 446 899 501 ab
923 445 1307 501 lncarnatione
1335 447 1684 518 adventuque
1713 463 1815 502 suo
1845 463 2017 502 xxxiii

425 547 643 596 constat
687 540 980 610 unigenam
1040 539 1134 595 Dei
1187 539 1388 595 Filium
1440 555 1565 597 esse
1613 555 1859 610 passum.
1912 539 2017 606 Qui

426 629 642 685 tametsi
692 630 802 699 pati
835 645 932 699 per
961 644 1084 685 sese
1124 630 1263 684 nihil
1310 638 1525 699 posset,
1549 638 1732 701 utpote
1779 629 2017 686 Verbum

427 721 521 778 Dei
551 722 618 777 de
659 723 800 776 erelo
834 721 1117 792 delapsum
1147 760 1164 786 ,
1205 722 1568 778 nihilominus
1615 730 1873 792 suscepta
1919 737 2018 793 pro

428 813 587 869 nobis
616 828 782 868 carne
813 821 1046 868 mortem
1096 815 1306 885 perpeti
1337 815 1544 882 voluit,
1591 822 1653 869 ut
1685 815 1882 870 mortis
1920 814 2018 869 ad-

429 919 648 960 versum
717 919 820 959 nos
886 903 1310 974 chirographum
1370 906 1688 962 solveret‘.
1745 906 2015 973 Quocirca

428 1003 553 1066 post
592 1010 688 1050 eos
719 1009 865 1051 coss.
910 994 1004 1064 qui
1047 994 1101 1048 in
1130 1009 1334 1049 annum
1382 995 1531 1053 illius
1572 1012 1682 1051 xxx
1722 996 2012 1062 incidunt,

429 1101 530 1156 par
575 1084 724 1140 aliud
784 1099 929 1140 coss.
985 1085 1268 1154 sequitur,
1319 1084 1682 1142 Geminorum
1737 1087 2012 1154 duorum,

429 1176 626 1233 deinde
681 1177 804 1232 Ruﬁ
867 1192 932 1232 ac
987 1175 1353 1233 Ruhellionis.
1418 1178 1632 1245 Quibus
1694 1194 2017 1235 successere

428 1284 578 1325 coss.
625 1268 908 1335 Vinicius,
953 1285 1016 1324 ac
1054 1269 1338 1340 Longinus
1372 1270 1634 1338 Cassius;
1668 1271 1773 1326 sub
1811 1271 2015 1342 quibus

431 1358 683 1416 Salvator
721 1374 919 1431 passus
967 1368 1053 1414 est
1097 1375 1149 1413 a.
1201 1359 1257 1414 d.
1305 1374 1405 1413 xm
1441 1359 1563 1414 Kal.
1603 1352 1736 1432 Apr.
1775 1359 1852 1414 Ex
1905 1375 2015 1431 quo

429 1454 649 1508 illorum
694 1451 941 1508 omnium
987 1451 1342 1507 convincitur
1383 1467 1569 1518 error,
1597 1459 1653 1508 et
1701 1453 2014 1508 certissima

428 1542 678 1598 veritatis
731 1540 982 1595 doctrina
1027 1547 1400 1604 monstratur,
1437 1555 1545 1595 non
1577 1540 1688 1596 duo
1733 1542 1912 1598 solum
1956 1541 2014 1595 in

433 1633 734 1707 Scripturis
767 1633 1036 1690 Paschata
1055 1671 1070 1700 ,
1101 1632 1199 1688 sed
1232 1639 1286 1688 et
1316 1632 1421 1688 tria
1444 1633 1695 1704 reperiri.

497 1902 690 1960 XXIV.
749 1902 888 1959 Cum
933 1901 1079 1958 enim
1112 1900 1378 1957 Januario
1424 1914 1610 1956 mense
1651 1908 1813 1955 natus
1845 1907 2010 1966 esset,

431 2013 527 2053 vni
575 1995 654 2052 ld.
701 1993 824 2050 Jan.
861 1993 955 2065 qui
987 2004 1073 2050 est
1102 1993 1246 2065 apud
1289 1993 1569 2047 Romanos
1617 1989 1864 2046 Januarii
1895 1991 2014 2048 dies

428 2107 460 2145 v
488 2089 801 2162 ;1Egyptiis
834 2103 1001 2159 porro
1035 2087 1172 2161 Tybi
1195 2102 1285 2151 x1;
1328 2086 1486 2158 Syris
1516 2086 1631 2141 sive
1670 2085 1876 2142 Graecis
1903 2086 2012 2140 Au-

428 2185 603 2258 dynaei
629 2180 940 2254 v1;Cypriis
967 2180 1084 2237 sive
1119 2178 1435 2234 Salaminiis
1454 2178 1632 2249 quinti
1660 2178 1865 2234 mensis
1895 2178 2016 2234 dies

427 2296 491 2348 v;
526 2278 750 2350 Papliits
777 2275 904 2331 Juli’
935 2291 1060 2341 xlv;
1089 2273 1231 2345 apud
1257 2272 1468 2328 Arabes
1491 2287 1621 2326 vero
1659 2272 1851 2327 Aleum
1883 2289 2010 2339 xm;

427 2369 851 2443 Cappadocibus
903 2367 1114 2422 Atartae
1161 2362 1575 2431 xnt;llebraeis
1621 2362 1829 2418 Tehetb
1883 2380 2015 2430 xm;

429 2463 862 2521 Atheniensibus
891 2459 1346 2515 Maemactcrionis
1377 2472 1467 2523 v1;
1504 2471 1698 2511 omnes
1723 2456 1849 2512 illos
1879 2471 2020 2528 quos

430 2573 600 2629 supra
635 2554 1018 2611 recensuimus
1069 2566 1200 2605 xxix
1231 2550 1476 2622 integros
1517 2548 1841 2605 consulatus
1889 2563 2018 2618 per-

428 2650 626 2705 currit.
672 2646 788 2703 Sub
828 2645 1112 2701 tricesimo
1147 2643 1346 2699 deinde
1387 2644 1714 2710 consulatu,
1756 2657 1947 2698 mense
1986 2657 2020 2696 x

428 2741 810 2812 ad,Joannein
849 2738 1121 2806 accessit,
1169 2736 1333 2810 M7
1382 2737 1451 2793 ab
1499 2752 1672 2808 eoque
1711 2737 2021 2807 baptizatus

427 2839 534 2896 est,
572 2844 766 2886 annoa
796 2829 963 2884 natali
997 2842 1098 2884 suo
1127 2843 1257 2892 xxx,
1289 2826 1464 2899 Athyr
1497 2827 1800 2883 secundum
1846 2825 2021 2898 Egy-

429 2925 570 2996 ptios
599 2939 712 2992 xu,
752 2939 804 2978 vt
833 2921 911 2978 Id.
951 2920 1201 2986 Novem;
1233 2919 1440 2975 Graecis
1481 2935 1614 2976 vero
1642 2921 1725 2976 Dii
1757 2935 1882 2987 vin;
1923 2917 2021 2973 Sa-

431 3014 708 3081 laminiis,
765 3015 882 3070 sive
922 3011 1480 3078 Constantiensibus,
1513 3013 1661 3068 tertii
1699 3012 1906 3066 Clusae
1931 3026 2017 3078 vr;

428 3073 1037 3182 Paphiis,'Apogonici
1082 3121 1209 3172 xvi;
1266 3073 1544 3160 Arabibus
1589 3073 2018 3176 Angalthabaith
2047 3073 2090 3132 ο

431 3217 595 3269 xxii;
665 3199 1056 3258 Macedonibus
1119 3197 1344 3268 Apellaai
1411 3213 1544 3264 xVI;
1598 3196 2018 3268 Cappadocibus

428 3297 672 3349 Aratataa
707 3309 808 3359 xv;
849 3291 1280 3347 Atheniensibus
1313 3288 1725 3360 Metagitnionis
1769 3305 1880 3356 vn;
1909 3287 2020 3346 He-

431 3387 595 3441 braeis
625 3384 1023 3449 Marcbesuvan
1057 3397 1152 3437 vn.
1171 3382 1269 3438 Cui
1303 3379 1524 3452 quidem
1550 3382 1837 3437 sententia:
1860 3380 2021 3437 Lucae

429 3494 654 3552 quoque
711 3478 1050 3548 sull‘ragatur
1102 3475 1500 3545 Evangelium,
1545 3475 1604 3528 in
1653 3491 1765 3545 quo
1799 3475 1906 3531 ista
1943 3476 2022 3531 le-

431 3581 638 3642 guntur
666 3589 679 3625 :
717 3570 848 3624 Erat
881 3581 1057 3623 autem
1081 3566 1238 3621 Jesus
1272 3567 1525 3636 incipiens
1565 3568 1723 3637 quasi
1761 3583 2020 3622 annorum

433 3680 564 3730 xxx,
595 3663 736 3733 ﬁlius
757 3703 772 3727 ,
831 3671 886 3715 ut
915 3661 1235 3730 putabatur,
1256 3657 1449 3729 Joseplz
1478 3662 1521 3713 ¹.
1561 3659 1691 3715 Post
1722 3660 1837 3715 haec
1876 3677 1906 3716 a
1941 3677 2019 3718 xu

331 3781 336 3784 ·
432 3758 523 3812 die
561 3756 736 3827 Athyr
762 3754 1078 3824 przedicavit
1107 3767 1310 3807 annum
1345 3753 1736 3823 acceptabilem
1771 3753 2019 3820 Domini,

433 3848 890 3921 quemadmodum
993 3845 1161 3902 Isaias
1252 3844 1518 3914 prapheta
1620 3846 2019 3916 praedixerat:

434 3942 670 4012 Spiritus
708 3938 923 3993 Domini
964 3954 1121 4006 super
1154 3953 1270 4002 me;
1310 3953 1405 4006 pro
1436 3952 1495 3990 eo
1539 3937 1678 4006 quod
1716 3938 1869 3990 unxit
1906 3954 1986 3991 me
2001 3956 2022 4002 ,·

432 4034 794 4104 euangelizare
837 4031 1155 4102 pauperibus
1187 4029 1334 4082 misit
1364 4043 1488 4092 me;
1523 4029 1817 4097 prwdicare
1855 4031 2024 4098 capti-

436 4130 514 4183 vis
548 4127 910 4182 remissionem
964 4131 1298 4192 peccatorum
1324 4161 1338 4183 ,
1373 4132 1422 4176 et
1445 4122 1598 4175 crucis
1638 4122 1842 4186 visum;
1888 4137 2025 4191 prae-

433 4223 617 4275 dicare
647 4234 844 4273 annum
894 4216 1112 4271 Domini
1152 4215 1554 4284 acceptabilem,
1600 4224 1651 4269 et
1699 4214 1839 4269 diem
1876 4216 2027 4270 retri-

433 4314 665 4368 butionis
691 4313 731 4367 ³.

2119 450 2178 503 ἐν
2198 448 2276 519 τῷ
2298 449 2608 520 τριακοστῷ
2627 450 2796 521 τρίτῳ
2819 450 2929 504 ἔτει
2955 452 3054 522 τῆς
3081 450 3246 506 αὑτοῦ
3272 451 3670 524 ἐνσαρκὼσεως
3688 452 3710 484 ⁵

2119 539 2425 610 παρουσίας
2456 539 2683 610 πάσχων
2711 542 2740 594 ὁ
2777 540 3104 613 Μονογενὴς,
3139 540 3356 613 ἀπαθὴς
3386 540 3465 595 ὢν
3504 540 3710 595 ἄνωθεν

2116 629 2249 694 Θεὸς
2278 629 2471 700 Λόγος,
2509 632 2688 704 σάρκα
2712 631 2771 685 δέ
2796 631 3196 703 ἀναδεξάμενος
3219 634 3361 705 ὑπὲρ
3403 634 3561 704 ήμῶν
3604 650 3708 685 παι

2117 720 2230 776 θεῖν
2252 722 2593 790 κατεδέξατο,
2616 723 2702 776 ἵνα
2735 722 2830 776 τοῦ
2859 722 3090 778 θανάτου
3141 724 3202 778 τὸ
3258 724 3383 778 καθ’
3409 724 3568 795 ἡμῶν
3598 742 3710 795 χει-

2119 815 2392 886 ρόγραφον
2439 814 2601 887 λύσῃ.
2658 816 2792 870 Μετ’
2820 815 3038 888 ἐκείνην
3071 815 3180 889 γὰρ
3219 816 3318 886 τὴν
3357 815 3628 870 ὑπατείαν
3653 818 3709 869 ἐν

2113 909 2192 980 τῷ
2232 909 2540 981 τριακοστῷ
2589 909 2699 963 ἔτει
2743 910 2908 965 αὑτοῦ
2939 911 3346 982 σημαινομένην
3388 910 3528 980 άλλη
3567 912 3710 964 ὑπα-

2114 1001 2234 1054 τεία
2261 999 2473 1070 γέγονε,
2511 999 2780 1072 λεγομένη
2819 1002 2928 1055 τῶν
2962 1001 3056 1055 δύο
3089 1001 3348 1074 Γεμηνῶν
3368 1016 3384 1032 ο
3410 999 3532 1054 εἶτα
3572 1001 3709 1072 ἄλλη

2116 1091 2348 1147 ὑπατεία
2397 1090 2626 1161 Ῥούφου
2656 1093 2751 1146 καὶ
2793 1093 3228 1158 Ῥουϐελλίωνος.
3261 1094 3373 1146 Καὶ
3403 1092 3578 1156 οὕτως
3617 1110 3713 1164 με-

2113 1185 2386 1255 ταζούσης
2423 1183 2525 1254 τῆς
2578 1185 2841 1250 ὑπατείας
2861 1187 2961 1258 τῆς
2988 1186 3124 1258 μετὰ
3144 1185 3240 1258 τὴν
3261 1186 3530 1239 ὑπατείαν
3563 1186 3712 1238 Ῥου-

2117 1277 2425 1340 ϐελλίωνος,
2445 1276 2570 1347 ἥτις
2602 1277 2829 1350 ὕστερον
2861 1274 3026 1350 ἦλθεν
3049 1279 3354 1332 Οὑῖννικίου
3375 1279 3542 1334 καλου
3551 1279 3707 1350 μένη.

2114 1369 2210 1422 καὶ
2238 1367 2506 1436 Λογγίνου
2531 1368 2799 1434 Κασσίου,
2828 1369 3030 1440 πάσχει
3049 1371 3078 1422 ό
3104 1370 3294 1442 Σωτὴρ
3320 1371 3380 1424 ἐν
3405 1372 3476 1441 τῇ
3505 1370 3613 1441 πρὸ
3643 1376 3709 1438 ιγ’

2114 1459 2410 1515 Καλανδῶν
2426 1460 2775 1532 Ἀπριλλίων.
2801 1463 2914 1516 Καὶ
2950 1462 3271 1535 ἐλήλεγκται
3301 1462 3509 1516 τούτων
3537 1462 3712 1516 άπάνο

2113 1569 2221 1606 των
2242 1554 2276 1622 ἡ
2308 1550 2509 1620 πλάνη,
2539 1551 2940 1625 εὑρισκομένης
2963 1554 3150 1622 σαφῶς
3175 1553 3274 1624 τῆς
3293 1553 3440 1607 κατὰ
3464 1554 3562 1625 τὴν
3584 1554 3711 1622 ἀλή-

2117 1647 2271 1703 θειαν
2298 1648 2673 1711 διδασκαλίας,
2695 1646 2770 1709 ὡς
2805 1646 2867 1698 οὑ
2897 1645 3056 1715 μόνον
3083 1645 3176 1698 δύο
3207 1645 3416 1716 χρόνων
3461 1645 3712 1716 περίοδος

2044 1725 2090 1786 Β
2118 1739 2348 1810 Πασχῶν
2397 1737 2455 1793 ἐν
2498 1740 2611 1802 τοῖς
2659 1734 3014 1804 Εὐαγγελίοις
3061 1734 3386 1806 ἐμφέρεται,
3427 1735 3568 1789 ἀλλὰ
3617 1737 3714 1788 καὶ

2113 1849 2300 1905 τριων.

2186 1925 2314 1980 ΚΔ’.
2355 1921 2716 1994 Γεννηθέντος
2739 1921 2848 1992 γὰρ
2873 1918 3038 1975 αὑτοῦ
3075 1919 3206 1992 περὶ
3228 1919 3319 1973 τὸν
3348 1919 3714 1992 Ἰαννουάριςν

2119 2017 2286 2090 μῆνα,
2329 2014 2578 2070 τουτέστι
2607 2012 2717 2084 πρὸ
2755 2011 2923 2065 -όκτὼ
2952 2010 3121 2064 Εἰδῶν
3160 2012 3561 2082 Ἰαννουαρίων,
3591 2012 3715 2081 ἣτις

2116 2110 2235 2164 ἐστὶ
2255 2106 2398 2163 κατὰ
2412 2104 2718 2177 Ῥωμαίους
2743 2103 2968 2174 πέμπτη
2992 2100 3086 2155 τοῦ
3125 2101 3490 2173 Ἰαννουαρίου
3519 2102 3713 2173 μηνὸς,

2116 2201 2259 2255 κατὰ
2285 2198 2618 2269 Αἰγυπτίους
2641 2195 2779 2248 Τυϐὶ⁸
2803 2194 3087 2265 ἑνδεκάτη’
3115 2193 3258 2248 κατὰ
3280 2192 3512 2264 Σύρους,
3536 2195 3714 2245 aito-sv

2121 2293 2409 2365 Ἕλληνας,
2446 2289 2717 2343 Δὺδυνέου
2751 2287 2935 2341 ἐκτουο
2986 2286 3127 2340 κατὰ
3175 2286 3485 2357 Κυπρίους,
3534 2285 3713 2338 είτονν

2119 2382 2499 2456 Σαλαμινίους,
2539 2380 2792 2452 πέμπτου
2827 2378 3087 2449 πέμπτηο
3126 2377 3268 2432 κατὰ
3296 2377 3544 2447 Παφίους
3580 2378 3711 2431 Ἰούο

2119 2477 2212 2530 λου
2242 2470 2836 2546 τεσσαρεσκαιδεκάτην
2882 2467 3022 2524 κατὰ
3052 2467 3299 2541 Ἄραϐας
3338 2467 3555 2539 Ἀλεὼμ
3601 2475 3708 2522 ita."

2120 2565 2264 2621 κατὰ
2290 2564 2665 2627 Καππαδόκας
2714 2562 2954 2634 Ἀταρτᾶ.
2994 2567 3081 2630 ιγ’·
3116 2561 3260 2614 κατὰ
3294 2560 3584 2634 Ἐϐραίους
3621 2559 3710 2613 τι·

2121 2659 2244 2732 ϐιὴθ
2278 2665 2365 2729 ιγ”
2402 2657 2542 2712 κατὰ
2587 2656 2904 2726 Ἀθηναίους
2923 2653 3426 2727 Μαιμακτηριῶνος
3465 2661 3549 2719 g"
3581 2671 3710 2725 παρ

2120 2752 2251 2825 ἦλθε
2297 2750 2398 2815 τὰς
2442 2748 2854 2822 προειρημένας
2891 2746 3158 2811 ὑπατείας
3199 2745 3534 2799 είκοσιεννέα
3584 2745 3694 2816 πλή

2126 2859 2268 2916 ρεις·
2299 2844 2378 2908 είς
2415 2841 2474 2896 δὲ
2500 2840 2597 2912 τὴν
2638 2839 2964 2912 τριακοστὴν
2991 2838 3276 2902 ὑπατείαν,
3309 2838 3454 2908 φημὶ
3491 2837 3551 2890 δὲ
3588 2838 3709 2907 περὶ

2082 2998 2083 3001 η
2122 2931 2216 2984 τὸν
2244 2930 2468 2985 δέκατον
2493 2929 2658 3001 μῆνα,
2687 2924 2819 3000 ἦλθε
2851 2928 2987 3000 πρὸς
3014 2927 3107 2983 τὸν
3140 2928 3412 2998 Ἰωάννην,
3450 2928 3550 2980 καὶ
3585 2927 3704 2979 ἐϐα-

2125 3025 2324 3096 πτίσθη
2355 3026 2412 3078 ἐν
2453 3023 2693 3095 Ἰορδάνῃ
2717 3021 2946 3094 ποταμῷ
2969 3021 3064 3075 τοῦ
3086 3021 3410 3095 τριακοστοῧ
3433 3020 3592 3084 ἔτους
3616 3021 3707 3091 τῆς

2121 3117 2390 3188 ἐνσάρκου
2405 3116 2733 3187 γεννήσεως,
2751 3115 2996 3169 τουτέστι
3019 3115 3160 3168 κατὰ
3180 3113 3516 3182 Αἰγυπτίους
3553 3113 3706 3184 mea,

2119 3207 2416 3282 δωδεκάτῃ,
2447 3207 2553 3278 πρὸ
2590 3205 2650 3275 ἐξ
2707 3206 2879 3261 Είδῶν
2906 3203 3251 3278 Νοεμϐρίων·
3271 3204 3414 3258 κατὰ
3443 3204 3707 3274 Ἕλληνας

2120 3301 2244 3354 Δίου
2272 3308 2322 3372 η’
2339 3319 2353 3333 ’
2381 3302 2525 3356 κατὰ
2550 3299 2933 3372 Σαλαμινίους,
2965 3299 3094 3363 τοὺς
3123 3299 3219 3352 καὶ
3243 3300 3707 3362 Κωσταντιαίους,

2120 3392 2305 3465 τρίτου
2339 3392 2514 3446 Χοιὰκ
2572 3399 2656 3457 ςὀ
2708 3391 2851 3445 κατὰ
2895 3391 3138 3459 Παφίους
3173 3390 3560 3460 Ἀπογονιστοῦ
3605 3392 3680 3456 ις’

2122 3483 2264 3539 κατὰ.
2286 3484 2532 3556 ’Ἄραϐας
2559 3482 2988 3554 ’Δγγαλθαϐαεὶθ
3005 3483 3090 3555 κβ¹
3108 3500 3122 3514 ·
3137 3483 3275 3538 κατὰ
3287 3484 3614 3548 Μακεδόνας
3638 3485 3715 3537 'A-

2123 3576 2379 3632 πελλαίου
2410 3583 2506 3642 ig"
2531 3577 2672 3630 κατὰ
2713 3576 3092 3640 Καππαδόκας
3127 3575 3400 3646 Ἀρατατᾶ
3447 3582 3538 3628 ιε’·
3575 3577 3715 3630 κατὰ

2136 3669 2453 3740 Ἀθηναίους
2479 3669 2948 3739 Μεταγειτνιῶνος
2974 3668 3209 3739 ἐϐδόμῃ·
3245 3669 3390 3722 κατὰ
3427 3667 3714 3738 Ἐϐραίους

2122 3761 2454 3835 Μαρεσουάν
2483 3763 2714 3836 ἐϐδόμῃ·
2752 3761 2829 3825 ὼς
2857 3761 3225 3832 ἐπιμαρτυρεῖ
3246 3777 3347 3832 μου
3372 3759 3450 3830 τῷ
3481 3759 3629 3832 λόγῳ
3656 3763 3714 3812 τὸ

2124 3854 2280 3923 ἅγιον
2317 3853 2460 3908 κατὰ
2490 3856 2706 3908 Λουκᾶν
2728 3853 3079 3922 Εὐαγγέλοιον,
3105 3846 3207 3906 ὧδέ
3235 3869 3352 3916 πως
3379 3851 3570 3921 λέγον·
3598 3849 3707 3908 ἿΙν
3812 3925 3813 3932 γ

2123 3946 2191 4000 δὲ
2242 3946 2474 4015 Ἰησοῦς
2511 3946 2842 4016 ἀρχόμενος
2875 3945 3017 3998 ὡσεὶ
3060 3943 3213 3998 ἐτῶν
3261 3943 3605 4014 τριάκοντα,
3634 3945 3716 3998 ὢν

2123 4038 2277 4105 υἱὸς,
2334 4039 2415 4105 ὡς
2458 4037 2757 4107 ἐνομίζετο
2806 4033 2980 4101 εἶναι,
3016 4036 3124 4090 τοῦ
3169 4036 3409 4106 Ἰωσήφ.
3450 4038 3564 4091 Καὶ
3610 4038 3715 4092 άπ-

2125 4128 2371 4182 εντεῧθεν
2398 4127 2504 4182 ὑπὸ
2538 4129 2698 4201 Ἀθὺρ
2713 4127 2992 4199 δωδεκάτη
3010 4130 3031 4160 ⁵
3060 4127 3424 4200 κηρύττοντος
3442 4127 3612 4182 αὑτοῦ
3628 4128 3714 4180 τὺν

2124 4220 2312 4274 δεκτὺν
2365 4220 2608 4274 ἐνιαυτὸν
2657 4219 2888 4291 Κυρίου,
2933 4221 3074 4274 κατὰ
3123 4220 3194 4274 τὰ
3241 4221 3299 4274 ἐν
3348 4219 3426 4291 τῷ
3460 4223 3714 4292 προφήτῃ

2140 4313 2338 4386 Ἡσαΐᾳ
2366 4312 2742 4386 προειρημένα
2761 4330 2774 4344 ·
2807 4314 2898 4367 ὃτι·
2919 4313 3162 4382 Πνεῦμα
3200 4313 3421 4382 Κυρίου
3469 4313 3567 4366 ἐπ’
3591 4314 3714 4382 ἐμὲ,

434 4404 505 4463 οὗ
550 4409 785 4461 εἵνεκεν
831 4401 1042 4474 ἔχρισέ
1073 4417 1178 4472 με’
1212 4403 1722 4472 εὐαγγελίσασθαι
1769 4403 2030 4472 πτωχοῖς
2066 4407 2416 4464 ἀπέσταλκέ
2439 4427 2537 4480 με,
2570 4409 2824 4477 κηρύξαι
2872 4409 3270 4478 αἰχμαλώτοις
3322 4409 3568 4478 ἄφεσιν,
3619 4428 3713 4463 και

435 4501 686 4572 τυφλοῖς
741 4498 1100 4567 ἀνάϐλεψιν,
1154 4496 1410 4564 κηρύξαι
1472 4497 1755 4550 ἐνιαυτὸν
1806 4498 2029 4566 Κυρίου
2061 4501 2298 4566 δεκτὸν,
2331 4503 2429 4558 καὶ
2456 4503 2686 4572 ἡμέραν
2714 4502 3202 4568 ἀνταποδόσεως.

503 4591 673 4646 XXV.
701 4590 871 4645 Plane
901 4585 1371 4659 quidem'annum
1407 4585 1727 4658 praedicavit
1769 4595 2019 4658 accepta-

2200 4593 2328 4648 KE'.
2377 4593 2464 4657 Ὠς
2492 4592 2708 4663 ἀληθῶς
2750 4593 2859 4664 γὰρ
2911 4590 3176 4663 ἐκήρυξεν
3209 4590 3453 4644 ἐνιαυτὸν
3506 4593 3712 4651 δεκτόν,

434 4686 630 4746 bilem,
697 4684 751 4737 in
805 4697 914 4752 quo
976 4695 1136 4736 nemo
1193 4679 1241 4734 ei
1298 4679 1720 4734 contradixcrit.
1776 4677 2019 4735 Primum

2130 4685 2377 4737 τουτέστι
2409 4685 2484 4756 μὴ
2515 4682 3070 4755 ἀντιλεγόμενον.Τδν
3101 4683 3210 4754 γὰρ
3232 4683 3446 4756 πρῶτον
3474 4686 3714 4739 ἐνιαυτὸν

435 4780 582 4833 enim
635 4776 780 4831 hunc
821 4791 1024 4829 annum
1059 4783 1182 4844 post
1220 4790 1327 4828 xxx
1366 4787 1396 4826 a
1440 4774 1726 4828 nativitate
1761 4789 1860 4828 sua
1894 4790 2026 4845 pra:-

438 4870 674 4924 dicundo
713 4868 1015 4939 transegit,
1069 4867 1504 4937 approbantibus
1552 4867 1862 4934 universis;
1896 4883 2025 4923 cum

439 4978 538 5016 nec
589 4961 758 5016 Judaei
805 4962 1147 5024 resisterent,
1184 4975 1286 5014 nec
1337 4959 1604 5030 gentiles,
1652 4976 1753 5015 nec
1783 4958 2027 5015 Samari-

441 5054 572 5109 έκιιῐ,
600 5052 692 5105 sed
722 5051 992 5104 dicentem
1019 5065 1211 5104 omnes
1245 5051 1577 5120 perlibenter
1605 5050 1877 5105 audirent.
1902 5049 2026 5116 Quo

438 5155 628 5199 andem
682 5158 829 5197 anno
860 5142 1298 5214 Hierosolymam
1347 5143 1627 5206 ascendit,
1661 5150 2023 5213 posteaquam

440 5235 748 5304 napiizatus
787 5241 901 5297 est,
930 5241 984 5288 et
1037 5233 1155 5288 dies
1195 5248 1263 5288 xl.
1316 5234 1639 5290 tentationis
1689 5234 1906 5305 exegit,
1959 5250 2026 5290 ac

437 5329 832 5398 discipulorum
868 5327 1145 5383 delectum
1184 5328 1413 5392 habuit,
1437 5342 1564 5382 cum
1617 5327 1688 5382 ab
1720 5326 2026 5382 tentatione

435 5423 502 5476 ad
541 5420 836 5476 Jerdanem
883 5419 1078 5485 rediit,
1125 5435 1189 5475 ac
1237 5420 1471 5490 trajecto
1522 5420 1659 5474 mari
1713 5418 2026 5475 Tiberiadis

434 5513 766 5570 Nazaretum
823 5510 1201 5582 contendens,
1247 5511 1687 5586 Hierosolymam
1746 5512 2022 5582 pervenit.

2135 4775 2273 4846 μετὰ
2298 4776 2616 4850 τριακοστὸν
2648 4776 2768 4840 ἔτος
2798 4776 2898 4846 τῆς
2929 4775 3092 4829 αὑτοῦ
3119 4775 3385 4847 ὲνσάρκου
3414 4780 3716 4849 παρουσίας

2131 4867 2423 4938 ἐκήρυσσε,
2452 4867 2548 4920 καὶ
2570 4868 2772 4930 πάντες
2793 4867 3171 4938 κατεδέχοντο·
3203 4868 3295 4921 καὶ
3316 4867 3441 4920 οὔτε
3477 4871 3713 4924 Ἰουδαῖοι

2131 4959 2436 5028 ἀντέλεγον,
2479 4958 2602 5012 οὔτε
2624 4959 2773 5031 ἔθνη,
2801 4959 2924 5013 οὕτε
2957 4960 3318 5032 Σαμαρεῖται·
3350 4959 3490 5014 ἀλλὰ
3522 4963 3716 5025 πάντες

2133 5052 2304 5125 ἡδέως
2335 5053 2531 5123 ήκουον
2576 5051 2761 5105 αὑτοῦ.
2808 5053 2895 5107 Ἐν
2922 5045 2965 5120 ᾧ
3000 5052 3229 5123 ἐνιαυτῷ
3263 5052 3470 5106 ἄνεισιν
3503 5057 3584 5118 εἰς
3627 5055 3714 5108 Ἰει

2132 5144 2427 5215 ροσόλυμα,
2489 5145 2628 5216 μετὰ
2677 5145 2738 5198 τὸ
2779 5143 3166 5216 βαπτισθῆναι,
3213 5146 3306 5198 καὶ
3344 5145 3576 5200 διελθεῖν
3622 5149 3716 5202 τὰς

2127 5237 2533 5308 τεσσαράκοντα
2560 5238 2773 5308 ἡμέρας
2801 5237 2895 5291 τοῦ
2921 5236 3252 5308 πειρασμοῦ,
3281 5238 3372 5290 καὶ
3395 5237 3714 5303 ἐκλέξασθαι

2126 5328 2254 5390 τοὺς
2280 5327 2472 5380 ἑαυτοῦ
2503 5327 2773 5400 μαθητὰς.
2811 5327 3143 5398 ἁνακὰμψας
3167 5328 3275 5382 ἀπὸ
3295 5328 3386 5381 τοῦ
3411 5329 3710 5400 πειρασμοῦ

2129 5421 2222 5474 ἐπὶ
2253 5418 2345 5473 τὸν
2384 5419 2676 5491 Ἰορδάνην,
2704 5421 2798 5474 καὶ
2824 5419 3048 5474 διελθὼν
3070 5420 3166 5473 ἐπὶ
3188 5420 3287 5491 τῆς
3321 5420 3597 5490 θαλάσσης
3616 5419 3710 5488 τῆς

2129 5510 2470 5583 Τιϐεριάδος,
2499 5510 2593 5564 ἐπὶ
2618 5511 2717 5583 τήν
2741 5509 2997 5583 Ναζαρὲτ
3031 5511 3416 5583 πορευόμενος,
3440 5510 3605 5584 ἀνέϐη
3630 5510 3706 5582 δη-

510 5689 764 5756 ‘Coloss.
799 5705 861 5762 ιι,
897 5689 984 5750 ll.
1061 5692 1081 5725 ²
1109 5688 1241 5747 Luc.
1275 5705 1360 5759 ιιι,
1387 5689 1480 5746 25.
1561 5690 1580 5722 ³
1611 5686 1718 5748 lsa.
1753 5702 1866 5760 ut,
1895 5689 1921 5743 l
1963 5702 2019 5760 sq

2165 5689 2185 5721 ⁸
2206 5685 2268 5746 F.
2301 5688 2590 5744 ἐνσάοκου.
2669 5692 2687 5723 ⁸
2723 5689 2785 5746 F.
2819 5690 3146 5766 δωδεκάτης.

3605 239 3706 294 951
3812 235 3813 238 “
