3750 6200
83 207 179 267 933

737 192 1110 256 ADVERSUS
1154 189 1495 249 llel‘xESES
1530 188 1650 244 LIB.

1823 186 1979 244 I‘OM.
2018 187 2059 243 l.
2097 219 2166 228 —
2201 185 2478 245 HAERES.
2512 187 2603 246 Li.

3218 185 3326 244 97,4

78 320 244 378 λονότι
293 317 373 382 είς
421 314 793 389 Ἰερουσαλήμ.
835 314 943 368 Καὶ
991 314 1050 366 ἐν
1099 310 1250 382 μέσῳ
1300 310 1400 381 τῆς
1449 308 1643 380 ἑορτῆς

1853 307 1906 359 in
1941 304 2118 360 medio
2151 303 2290 360 l’csto
2324 304 2662 360 vociferatus
2693 315 2778 361 est
2806 303 2997 364 dicens
3049 324 3062 363 :
3109 303 3170 363 Si
3208 309 3324 378 quis

79 412 360 482 ἐκέκραγε,
398 407 572 476 λέγων
592 425 606 438 ·
633 407 706 458 Εἴ
731 423 818 472 τις
847 402 1014 472 διψᾷ,
1061 401 1326 472 ἐρχέσθω
1363 401 1515 468 πρός
1542 415 1641 468 με,

78 503 172 557 καὶ
206 500 440 555 πινέτω.
475 499 585 554 Καὶ
627 496 800 561 οὕτως
849 494 1092 566 ἀπῆλθεν
1124 497 1204 558 εἰς
1247 493 1522 565 Ναζαρὲτ,
1549 492 1646 546 καὶ

82 595 158 657 εἰς
193 593 288 662 τὴν
337 590 620 654 Ἰουδαίαν,
666 587 758 642 καὶ
802 588 883 649 είς
934 583 1269 655 Σαμάρειαν,
1319 583 1412 637 καὶ
1451 583 1531 645 είς
1578 580 1646 634 τὰ

85 683 219 755 μέρη
248 682 444 753 Τύρου.
474 677 586 733 Καὶ
615 675 989 748 πληρωθέντος
1012 675 1105 730 τοῦ
1135 675 1348 746 πρώτου
1373 674 1642 741 ἐνιαυτοῦ,

83 774 239 828 πάλιν
267 773 469 828 ἄνεισιν
511 771 591 834 είς
637 767 1000 840 Ἱεροσόλυμα.
1036 767 1145 821 Καὶ
1186 765 1372 820 λοιπὸν
1418 766 1645 837 ἐζήτουν

80 865 236 920 αὑτὸν
265 861 459 916 πιάσαι
490 863 548 915 ἐν
581 861 646 932 τῇ
699 861 881 929 ἑορτῇ,
934 858 1029 912 καὶ
1081 857 1445 929 ἐφοϐήθησαν.
1489 858 1577 912 Ἐν

78 959 230 1029 ἑορτῇ
263 954 466 1022 ἔλεγεν,
497 952 578 1007 ὅτι
632 953 713 1005 οὐ
753 950 1087 1006 καταϐαίνω
1137 951 1224 1016 εις
1271 947 1387 1018 τὴν
1430 947 1648 1017 ἑορτὴν

76 1049 315 1113 ταύτην.
349 1045 422 1098 Οὐ
464 1044 574 1115 γὰρ
603 1042 872 1112 ἐψεύδετο,
921 1041 995 1114 μὴ
1036 1041 1284 1111 γένοιτοι
1321 1042 1646 1109 Μεσούσης

75 1139 180 1211 γὰρ
213 1137 323 1206 τῆς
350 1134 584 1204 ἑορτῆς,
615 1129 783 1204 ἦλθε,
811 1133 966 1205 φησὶ,
999 1134 1100 1187 καὶ
1129 1132 1309 1200 ἀνέϐη
1347 1135 1435 1200 εις
1474 1133 1648 1200 Ἰερο-

75 1232 338 1300 σόλυμα·
372 1227 469 1280 καὶ
518 1227 764 1296 ἔλεγον·
800 1228 923 1296 Οὐχ
962 1222 1142 1292 οὗτός
1182 1227 1372 1290 ἐστιν,
1408 1225 1482 1279 ὃν
1519 1223 1648 1294 ἐζή-

74 1339 220 1379 τουν
246 1318 455 1374 πιάσαι
473 1334 493 1383 ;
522 1319 629 1376 Kal
672 1317 800 1372 ἰδοὺ
834 1318 1138 1386 παρῤησίᾳ
1175 1319 1380 1372 λαλεῖ·
1402 1317 1489 1389 μὴ
1533 1317 1648 1387 ἄρα

74 1415 293 1483 ἔμαθον
315 1415 369 1466 οί
385 1411 577 1481 ἱερεῖς,
596 1409 683 1462 ὅτι
709 1403 886 1476 οὗτός
899 1409 1071 1463 ἐστιν
1091 1413 1124 1463 ό
1137 1411 1425 1479 Χριστός;
1463 1411 1648 1466 Ἀλλὰ

75 1506 318 1574 οἴδαμεν
347 1500 525 1568 οὗτος
552 1503 737 1556 πόθεν
776 1500 928 1555 ἐστι.
961 1501 1370 1573 Μυστηριωδῶς
1408 1502 1516 1575 γὰρ
1554 1503 1648 1556 καὶ

1745 397 1888 462 sitit,
1930 399 2136 464 reniat,
2161 407 2210 451 et
2241 395 2384 449 bibat
2423 397 2465 449 ³.
2507 395 2636 451 Inde
2690 395 3016 452 Nazaretum
3056 400 3326 469 perrexit;

1745 496 1799 543 et
1828 489 1882 542 in
1914 487 2109 542 Judam
2131 529 2146 554 ,
2173 504 2236 543 ac
2262 488 2566 543 Samariam
2584 528 2598 552 ,
2623 503 2687 542 ac
2715 487 3005 559 Tyriorum
3048 492 3326 561 regionem

1746 580 2027 652 profectus
2075 588 2181 637 est.
2222 579 2354 636 Post
2388 583 2502 636 lucc
2535 581 2754 636 evoluto
2785 581 2900 652 jam
2935 582 3117 652 priore
3150 599 3325 648 anno,

1747 671 2175 745 Hierosolymam
2225 676 2537 728 revertitur.
2573 671 2678 728 Ubi
2703 687 2828 728 cum
2867 689 2993 728 eum
3054 673 3195 730 festo
3240 675 3330 731 die

1747 766 2205 836 comprehendere
2234 766 2470 832 vellent,
2505 772 2652 820 metu
2675 765 2915 836 repressi
2947 773 3096 821 sunt.
3125 763 3202 820 Ac
3225 765 3330 821 sub

1745 855 1889 910 idem
1925 855 2125 912 festum
2157 858 2232 909 ita
2287 856 2406 912 suis
2441 855 2657 910 locutus
2694 862 2820 910 est:
2858 853 2979 909 Non
3002 856 3227 909 ascendo
3261 856 3330 908 ad

1746 947 1882 1002 diem
1935 948 2129 1018 festum
2169 950 2329 1002 istum
2359 948 2401 1002 ⁸.
2455 948 2513 1002 In
2575 963 2685 1018 quo
2741 948 2884 1003 absit
2935 956 2995 1001 ut
3047 949 3329 1002 mentitum

1746 1041 1897 1096 illum
1952 1040 2316 1096 arbitremur!
2368 1037 2495 1093 Jam
2549 1040 2689 1093 enim
2739 1039 2823 1094 die
2878 1041 3013 1108 [esto
3069 1035 3334 1096 m'ediante

1747 1131 1910 1199 abiit,
1955 1132 2162 1202 inquit,
2191 1142 2239 1187 et
2285 1131 2519 1185 ascendit
2565 1131 2621 1184 in
2657 1129 2992 1186 Hierusalem
3025 1132 3082 1201 ⁸;
3114 1141 3163 1188 et
3193 1134 3334 1189 dice—

1748 1222 1874 1276 bant
1907 1238 1925 1276 :
1958 1221 2147 1276 Nonne
2206 1223 2292 1276 hic
2348 1232 2460 1287 est,
2513 1238 2666 1293 quem
2723 1227 3031 1294 qurerebant
3093 1243 3332 1296 compre-

1746 1314 1966 1369 hendere
1989 1319 2015 1372 7
2038 1315 2106 1369 Et
2152 1332 2266 1370 ecce
2295 1315 2474 1385 palam
2513 1315 2764 1386 loquitur.
2800 1315 3056 1388 Nunquid
3097 1336 3210 1374 vere
3253 1337 3336 1373 co-

1747 1419 2030 1477 gnoverunt
2072 1408 2405 1471 sacerdotes,
2457 1408 2584 1477 quia
2631 1407 2714 1461 hic
2763 1418 2842 1463 est
2903 1409 3184 1465 Christus?
3230 1410 3333 1466 Sd

1748 1498 1884 1550 hunc
1905 1500 2098 1553 scimus
2123 1498 2260 1553 unde
2289 1500 2357 1552 sit
2383 1500 2424 1553 °.
2452 1496 2587 1551 Nam
2611 1514 2733 1553 cum
2764 1502 3022 1572 mystice,
3062 1519 3125 1558 ac
3166 1504 3334 1574 spiri-

77 1595 457 1669 πνευματικῶς
487 1593 865 1666 διαλεγομένου
901 1596 1013 1659 τοῖς
1055 1593 1219 1649 αὑτοῦ
1249 1594 1515 1664 ἀδελφοῖς,
1543 1595 1642 1648 οὐκ

1830 1587 1930 1640 iter
1981 1588 2241 1643 fratribus
2273 1587 2390 1646 suis
2419 1588 2757 1658 loqueretur,
2784 1591 2914 1660 quid
2951 1592 3158 1648 diceret
3186 1594 3335 1664 igno-

74 1692 288 1763 ἥδεισαν
323 1689 376 1744 τί
401 1688 602 1757 ἔλεγεν.

146 1781 339 1850 Ἔλεγε
367 1780 476 1852 γὰρ
505 1779 687 1842 αὑτοῖς
735 1779 809 1850 μὴ
855 1777 1166 1833 ἀναϐαίνειν
1196 1779 1277 1844 είς
1313 1777 1373 1833 τὺ
1408 1779 1549 1852 ἱερὸν
1587 1781 1644 1833 ἐν

72 1878 135 1947 τῇ
169 1875 334 1947 ἑορτῇ
367 1873 570 1945 ἐκείνῃ,
589 1871 721 1944 μηδὲ
748 1873 828 1935 είς
851 1870 941 1924 τὸν
966 1871 1216 1942 σταυρὸν,
1240 1871 1334 1925 τού
1360 1871 1645 1926 τελειῶσαι

73 1967 210 2028 τέως
235 1965 333 2036 τὴν
353 1965 660 2035 οἰκονομίαν
681 1963 774 2016 τοῦ
799 1963 1010 2027 Πάθους
1037 1962 1224 2028 αὑτοῦ,
1252 1964 1348 2017 καὶ
1377 1965 1646 2036 σωτηρίας

75 2059 393 2129 μυστήριον,
438 2058 531 2110 καὶ
574 2059 638 2110 ἐκ
675 2055 886 2128 νεκρῶν
915 2056 1234 2126 ἀναστῆναι,
1286 2057 1380 2110 καὶ
1429 2058 1509 2120 είς
1555 2058 1647 2110 τὸν

71 2147 300 2218 οὐρανὸν
332 2145 594 2217 ἀναϐῆναι
615 2162 628 2176 ο
667 2143 823 2199 ἅτινα
872 2144 1109 2216 ἐπλήρου
1153 2145 1330 2198 πάντα
1359 2147 1417 2198 ἐν
1449 2148 1514 2216 τῇ
1544 2144 1648 2217 ἰδία

72 2238 242 2292 αὑτοῦ
269 2237 504 2308 ἐξουσίᾳ.
536 2239 645 2291 Καὶ
670 2236 808 2308 μετὰ
829 2235 1002 2290 ταῦτα
1042 2237 1117 2301 ὠς
1146 2236 1523 2309 πληρωθέντος
1552 2237 1645 2290 τοῦ

71 2329 280 2393 διετοῦς
305 2329 496 2400 χρόνου
535 2328 670 2399 μετὰ
700 2329 760 2381 τὸ
783 2327 1084 2399 βάπτισμα,
1108 2329 1202 2382 καὶ
1220 2329 1320 2399 τὴν
1346 2328 1510 2382 αὑτοῦ
1535 2329 1651 2398 γέν-

72 2437 252 2488 νησιν,
285 2419 394 2472 ἀπὸ
422 2418 726 2490 Νοεμϐρίου
773 2420 961 2490 μηνὸς,
1008 2419 1102 2472 καὶ
1149 2419 1256 2472 ἀπὸ
1293 2420 1648 2492 Ἰαννουαρίου

73 2514 268 2583 μηνὸς,
302 2513 395 2565 καὶ
428 2515 536 2566 τῶν
581 2512 858 2578 ἐπέκεινα,
907 2513 1090 2565 λοιπὸν
1132 2513 1192 2564 ἐν
1226 2511 1302 2584 τῷ
1345 2513 1652 2586 τριακοστῷ

71 2604 244 2675 τρίτῳ
271 2603 379 2656 ἔτει
409 2604 507 2673 τῆς
538 2603 704 2656 αὑτοῦ
749 2602 1013 2673 ἐνσάρκου
1054 2604 1386 2675 οἰκονομίας,
1420 2605 1560 2676 μετὰ
1590 2605 1653 2658 τὸ

72 2695 380 2765 ὑπερϐῆναι
414 2695 575 2749 αὑτὸν
613 2693 712 2758 τὰς
740 2694 833 2748 δύο
864 2694 1147 2760 ὑπατείας,
1177 2695 1243 2760 ἃς
1286 2696 1517 2768 ἔφημεν,
1545 2696 1653 2752 τῶν

73 2801 129 2837 τε
150 2784 244 2836 δύο
265 2783 525 2854 Γεμηνῶν
551 2783 643 2837 καὶ
672 2784 770 2854 τὴν
807 2784 1033 2853 Ῥούφου
1085 2786 1179 2838 καὶ
1217 2785 1651 2851 Ῥουϐελλίωνος,

72 2875 258 2929 λοιπὸν
288 2877 348 2928 ἐν
367 2878 431 2947 τῇ
461 2877 619 2947 τρίτῃ
653 2875 909 2946 ὑπατείᾳ,
935 2879 992 2929 ἐν
1017 2876 1093 2946 τῷ
1114 2878 1282 2949 τρίτῳ
1308 2879 1438 2949 μηνὶ
1461 2881 1650 2951 αὐτῆς,

1674 1652 1716 1708 Β
1746 1678 1940 1733 rabant

1817 1769 1984 1843 448
2014 1769 2260 1844 Negabat
2311 1777 2457 1832 enim
2509 1793 2569 1835 se
2610 1779 2705 1836 illo
2745 1780 2832 1835 die
2894 1778 3034 1834 festo
3095 1778 3148 1832 in
3196 1784 3336 1832 tem-

1749 1861 2030 1931 plum,aut
2057 1863 2112 1918 in
2145 1880 2365 1921 crucem
2391 1883 2770 1938 escensurum,
2808 1879 2868 1926 ut
2888 1870 3167 1926 Passionis
3201 1885 3334 1932 suae,

1742 1967 1812 2007 .ac
1840 1961 2042 2009 nostra:
2071 1957 2265 2014 salutis
2295 1959 2770 2017 administratione
2802 1961 3136 2034 fungeretur,
3173 1969 3336 2031 atque

1750 2059 1780 2098 a
1812 2036 2042 2102 mortuis
2065 2049 2336 2107 excitatus
2363 2053 2606 2108 evolaret
2639 2055 2694 2108 in
2739 2055 2937 2108 caelum
2961 2095 2975 2119 ,
3003 2069 3124 2123 quae
3152 2054 3338 2107 omnia

1750 2152 1850 2207 pro
1924 2154 2022 2192 sua
2076 2148 2347 2209 potestate
2395 2159 2458 2198 ac
2498 2147 2776 2200 voluntate
2823 2152 3013 2215 postea
3064 2145 3336 2214 praestitit.

1751 2226 1889 2282 llinc
1917 2227 2140 2283 biennio
2177 2231 2288 2300 jam
2321 2233 2508 2302 elapso
2555 2245 2677 2304 post
2729 2234 2986 2304 baptismi
3035 2249 3098 2287 ac
3144 2233 3330 2287 nativi-

1751 2321 1878 2374 tatis
1913 2319 2092 2386 diem,
2144 2321 2246 2375 boc
2273 2331 2386 2388 est,
2446 2335 2570 2393 post
2602 2323 2963 2380 Novembrem
3017 2338 3082 2378 ac
3136 2321 3341 2378 Janua-

1750 2409 1893 2464 rium
1920 2451 1934 2474 ,
1960 2418 2014 2465 et
2044 2412 2362 2482 interjectos
2404 2415 2616 2485 aliquot
2649 2415 2800 2480 dies,
2833 2431 2978 2469 anno
3031 2416 3099 2471 ab
3156 2415 3342 2470 lucar-

1753 2503 1974 2556 natione
1997 2517 2095 2557 sua
2135 2519 2308 2558 xxxm
2329 2544 2344 2570 ,
2377 2507 2667 2576 praeteritis
2696 2506 2809 2576 jam
2837 2548 2851 2570 ,
2881 2507 3027 2578 quod
3061 2508 3302 2564 diximus
3322 2548 3337 2572 ,

1753 2593 2130 2649 consulatibus
2189 2595 2432 2662 duobus,
2488 2598 2773 2652 amborum
2821 2597 3210 2664 Geminorum,
3277 2616 3342 2655 ac

1753 2683 1876 2738 Iluli
1907 2694 1962 2739 'et
2001 2684 2366 2755 Rubellionis,
2409 2689 2568 2745 tertio
2608 2690 2828 2745 demum
2873 2692 3205 2756 consulatu,
3249 2693 3343 2746 iti-

1755 2777 1987 2848 demque
2046 2779 2212 2834 tertio
2271 2787 2395 2850 post
2461 2779 2782 2838 Januarium
2855 2799 2920 2839 ac
2982 2783 3339 2840 Februarium

1756 2883 1964 2930 mense,
1999 2869 2089 2939 qui
2118 2869 2346 2927 Martius
2377 2871 2599 2937 dicitur,
2626 2871 2864 2928 Verbum
2898 2875 3032 2929 illud
3068 2875 3342 2946 passionis

73 2967 217 3039 μετὰ
239 2967 336 3020 τὸν
381 2968 734 3039 Ἰαννουάριον
761 2969 854 3021 καὶ
894 2969 1276 3040 Φευρουάριον,
1322 2971 1380 3023 ἐν
1426 2971 1650 3041 Μαρτίῳ

1823 2961 1939 3016 nnis
1982 2978 2211 3030 expers,
2261 2965 2571 3034 passionem
2631 2967 2685 3020 in
2743 2982 2909 3022 carne
2956 2984 3110 3023 suam
3152 2977 3340 3023 nostra

74 3059 229 3129 μηνὶ,
262 3059 460 3112 τελειοῖ
478 3059 538 3112 τὸ
569 3057 662 3111 τοῦ
700 3059 906 3122 πάθους
941 3064 1236 3133 μυστήριον
1259 3063 1287 3114 ὁ
1310 3063 1523 3135 ἀπαθὴς
1549 3065 1654 3116 Λό-

73 3168 166 3220 γος
208 3149 399 3203 παθὼν
431 3151 487 3202 ἐν
522 3150 685 3222 σαρκὶ
715 3150 784 3203 δι’
812 3151 977 3221 ἡμᾶς.
1009 3151 1175 3205 Μένει
1201 3151 1256 3205 δὲ
1303 3154 1361 3206 ἐν
1394 3153 1654 3224 ἀπαθείᾳ,

71 3242 145 3306 ὡς
173 3240 329 3310 λέγει
366 3239 569 3312 Πέτρος
588 3255 602 3270 ο
646 3240 1012 3306 Θανατωθεὶς
1043 3242 1244 3310 σαρκὶ,
1277 3239 1657 3312 ζωογονηθεὶς

72 3329 140 3383 δὲ
173 3330 258 3396 τῷ
297 3331 608 3399 πνεύματι.

141 3422 297 3487 KQ".
329 3420 532 3489 Πάσχει
575 3419 631 3472 δὲ
669 3419 726 3471 ἐν
762 3420 828 3490 τῇ
879 3419 986 3492 πρὸ
1022 3419 1321 3494 δεκατριῶν
1362 3423 1657 3478 Καλανδῶν

85 3512 449 3585 Ἀπριλλίων,
497 3510 948 3583 ὑπερϐεϐηκότων
972 3512 1152 3567 αὐτῶν
1221 3514 1347 3584 μίαν
1397 3515 1653 3587 ἑσπέραν,

69 3603 356 3657 τουτέστιν
391 3602 450 3654 ἐν
473 3603 537 3671 τῇ
576 3602 1142 3676 τεσσαρεσκαιδεκάτῃ
1169 3603 1269 3673 τῆς
1306 3604 1536 3678 σελήνης
1567 3623 1658 3658 νυ-

71 3697 297 3766 κτερινῇ
340 3695 500 3767 μέσῃ.
533 3695 839 3765 Προέλαϐον
859 3695 968 3767 γὰρ
998 3696 1093 3749 καὶ
1118 3696 1319 3765 ἔφαγον
1349 3697 1411 3750 τὸ
1444 3699 1655 3770 Πάσχα,

67 3784 143 3848 ὥς
172 3802 314 3855 φησι
342 3785 402 3838 τὸ
434 3786 782 3855 Εὑαγγέλιον,
814 3787 1088 3857 καλήμείς
1121 3787 1378 3853 πολλάκις
1407 3789 1654 3861 εἴπομεν.

74 3877 329 3946 Ἐφαγον
366 3872 458 3932 οὖν
485 3878 544 3931 τὸ
573 3879 762 3949 Πάσχα
789 3879 894 3950 πρὸ
921 3878 1014 3931 δύο
1051 3881 1271 3952 ήμερῶν
1310 3881 1404 3934 τοῦ
1440 3885 1654 3952 φαγεῖν,

68 3971 324 4023 τουτέστι
352 3973 419 4041 τῇ
462 3969 620 4043 τρίτῃ
664 3971 902 4040 ἑσπέρας
926 3970 964 4037 ³,
995 3971 1130 4042 ὅπερ
1178 3971 1284 4024 ἔδει
1329 3975 1394 4043 τῇ
1433 3973 1658 4047 πέμπτῃ

70 4055 338 4127 ἑσπέρας.
356 4055 928 4129 Τεσσαρεσκαιδεκάτη
949 4057 1055 4130 γὰρ
1080 4059 1250 4123 οὕτως
1265 4056 1332 4131 ἦν
1354 4063 1386 4132 ἡ
1410 4061 1653 4134 πέμπτη.

70 4145 523 4218 Συλλαμϐάνεται
572 4151 626 4203 δέ
663 4153 727 4221 τῇ
773 4151 930 4222 τρίτῃ
974 4155 1040 4222 τῇ
1093 4153 1228 4224 αὑτῇ
1273 4153 1389 4223 ὀψὲ,
1427 4155 1548 4225 ἥτις
1590 4152 1657 4226 ἦν

69 4239 335 4311 ἑνδεκάτη
359 4241 458 4310 τῆς
493 4241 718 4313 σελήνης
749 4243 1058 4315 νυκτερινὴ,
1089 4244 1194 4316 πρὸ
1225 4245 1416 4310 δεκαέξ
1447 4247 1658 4299 Καλαν-

66 4329 173 4384 δῶν
191 4333 550 4403 Ἀπριλλίων*
578 4334 770 4405 τετρὰς
799 4335 1072 4406 δωδεκάτη
1101 4337 1405 4408 νυκτερινὴ,
1433 4339 1538 4410 πρὸ
1569 4339 1654 4392 δε-
1689 4317 1731 4371 υ

66 4427 313 4478 καπέντε
331 4425 613 4480 Καλανδῶν
629 4426 972 4497 Ἀπριλλίων
989 4427 1213 4499 πέμπτη
1235 4431 1652 4503 τρισκαιδεκάτῃ

65 4519 336 4590 ἡμερινὴ,
363 4518 649 4589 νυκτερινὴ
681 4519 738 4572 δὲ
760 4519 1344 4589 τεσσαρεσκαιδεκάτη,
1375 4521 1480 4592 πρὸ
1505 4523 1656 4575 δεκα-

62 4612 359 4682 τεσσάρων
401 4610 691 4664 Καλανδῶν
739 4611 1082 4681 ’Λπριλλίωνο
1126 4613 1502 4683 προσάϐϐατον
1530 4633 1654 4668 τεσ-

67 4718 132 4753 σα
141 4700 546 4772 ρεσκαιδεκάτη
561 4701 867 4771 νυκτερινὴ,
886 4700 990 4772 πρὸ
1004 4700 1417 4773 δεκατεσσάρων
1434 4704 1652 4758 Καλαν-

62 4793 169 4845 δῶν
187 4791 540 4862 Ἀπριλλίων·
561 4790 835 4843 Σάϐϐατον
864 4790 1319 4864 πεντεκαιδεκάτη
1342 4810 1500 4847 νυκτε
1510 4796 1649 4868 ρινή,

63 4886 172 4955 πρὸ
204 4883 443 4936 δεκαδύο
460 4882 746 4936 Καλανδῶν
763 4882 1103 4954 Ἀπριλλίωψ
1132 4884 1518 4954 ἐπιφὼσκουσα
1549 4888 1653 4940 Κυ-

67 4973 237 5044 ριακὴ
255 4972 723 5043 πεντεκαιδεκάτη
737 4975 1052 5044 νυκτερινή¹
1073 4991 1086 5005 ο
1121 4975 1258 5046 ὅπερ
1288 4972 1354 5047 ἦν
1375 4979 1653 5049 φωτισμδς

61 5064 214 5134 ᾅδου,
260 5063 365 5116 καὶ
413 5063 535 5132 γῆς,
577 5063 671 5116 καὶ
708 5063 960 5133 οὐρανοῦ,
1013 5065 1108 5116 καὶ
1155 5066 1388 5136 ἡμέρας,
1422 5067 1510 5121 διὰ
1553 5068 1652 5140 τὴν

59 5154 573 5226 πεντεκαιδεκάτην
597 5154 846 5225 σελήνης,
875 5155 968 5208 καὶ
993 5156 1082 5209 τὸν
1113 5156 1262 5228 ἡλίου
1292 5157 1490 5229 δρόμον
1514 5177 1527 5191 ·
1558 5161 1653 5213 καὶ

56 5243 137 5299 ὅτι
180 5246 494 5309 ἀνάστασις
541 5247 636 5299 καὶ
684 5245 938 5317 ἰσημερία
971 5248 1075 5318 πρὸ
1121 5248 1310 5301 ἕνδεκα
1363 5251 1653 5306 Καλανδῶν

66 5337 434 5413 Ἀπριλλίων,
452 5338 517 5393 δι’
546 5339 612 5410 ἢν
644 5338 1006 5412 πλανηθέντες
1027 5341 1330 5413 ὑπέρϐατον
1363 5343 1491 5414 μίαν
1515 5343 1652 5416 ἠμέ-

127 5518 510 5602 ιῗειλυτρὶίξῃ
560 5517 801 5602 ἑσπέρᾳ,
857 5527 911 5575 et
955 5519 1190 5602 ,πέμπτῃ
1235 5523 1465 5598 ἑσπέρᾳ.
1539 5528 1559 5558 ¹
1591 5525 1650 5586 F.

1823 5531 1948 5602 ηνή.
2026 5531 2234 5590 a.loan.
2289 5551 2384 5602 vn,
2435 5535 2526 5592 37.

52 5590 75 5625 ‘
104 5591 249 5648 ibid.
279 5579 510 5646 25-527."
560 5591 580 5621 '
607 5589 624 5644 l
649 5579 800 5648 Pet}:
830 5605 910 5658 ιιι,
948 5591 1035 5645 18.

1759 3067 1924 3108 causa
1984 3051 2174 3109 subiit.
2241 3053 2566 3126 Quanquam
2625 3056 2679 3110 in
2741 3073 2840 3112 sua
2900 3059 3342 3129 impassibilitate

1761 3143 2080 3212 permansit,
2109 3152 2168 3198 ut
2197 3145 2273 3200 ait
2302 3144 2498 3202 Petrus
2535 3165 2546 3202 :
2583 3146 2944 3220 Mortiﬁcatus
2988 3168 3177 3217 carne,
3208 3153 3341 3207 vivi-

1759 3235 1949 3304 ﬁcatus
1998 3248 2173 3290 autem
2203 3239 2394 3308 spiritu
2422 3240 2462 3293 ⁷.

1829 3409 2019 3467 XXVI.
2049 3411 2254 3469 Passus
2285 3423 2368 3470 est
2411 3431 2509 3472 xm
2545 3418 2669 3473 Kal.
2703 3420 2854 3489 Apr.,
2885 3436 3006 3487 cum
3044 3422 3118 3475 illi
3152 3437 3341 3494 vespe-

1759 3515 1874 3555 ram
1906 3517 2071 3557 unam
2108 3507 2566 3566 antevertissent:
2596 3509 2698 3563 hoc
2723 3517 2812 3563 est
2841 3512 2966 3564 luna
3003 3528 3092 3565 xw
3124 3525 3341 3568 noctur-

1761 3607 1828 3646 na
1869 3593 2065 3648 media.
2103 3593 2382 3664 Siquidem
2420 3609 2544 3652 ante
2579 3605 2796 3667 tempus
2855 3600 2930 3654 illi
2987 3599 3198 3656 Pascha
3249 3618 3341 3658 co-

1761 3684 2083 3750 mederunt,
2117 3694 2176 3739 ut
2226 3686 2580 3759 Evangelium
2634 3697 2904 3756 testatur,
2934 3707 2998 3746 ac
3061 3708 3162 3749 nos
3196 3710 3340 3764 smpe

1761 3779 2092 3833 monuimus.
2117 3777 2299 3845 Quare
2339 3782 2506 3836 biduo
2529 3793 2653 3836 ante
2684 3783 2981 3852 legitimum
3013 3784 3154 3839 diem
3188 3803 3342 3856 epu--

1759 3873 1870 3926 lum
1904 3871 2167 3929 Paschale
2217 3875 2582 3931 celebrarunt.
2619 3875 2732 3931 lloc
2766 3886 2851 3932 est
2903 3877 3038 3934 feria
3071 3880 3230 3934 tertia
3272 3881 3340 3935 ad

1757 3967 2222 4035 vesperam,quod
2250 3967 2439 4036 quinta
2469 3967 2581 4023 ﬁeri
2607 3971 2870 4038 Oportuit.
2893 3969 2966 4024 ita
2991 3972 3136 4025 enim
3151 3973 3342 4042 quinta

1761 4055 1814 4108 in
1848 4056 2114 4109 decimam
2161 4066 2413 4126 quartam
2471 4059 2764 4114 incidebat.
2824 4061 3091 4117 Caeterum
3147 4062 3338 4118 eadem

1760 4148 1851 4201 illa
1890 4147 2064 4215 feria,
2118 4150 2204 4205 die
2247 4151 2406 4205 tertia
2450 4152 2516 4205 ad
2569 4167 2848 4222 vesperam
2913 4155 3343 4225 comprehensus

1759 4247 1862 4303 est,
1922 4254 2044 4308 quae
2095 4249 2213 4294 erat
2244 4241 2370 4296 luna
2406 4259 2461 4298 χι
2518 4251 2787 4298 nocturna
2820 4285 2834 4310 ,
2895 4261 2982 4299 va
3015 4245 3134 4301 Kal.
3181 4248 3338 4318 Apr.;

1760 4340 1952 4399 quarta
1989 4331 2152 4399 feria,
2195 4333 2494 4405 eademque
2535 4345 2801 4391 nocturna
2827 4337 2954 4391 luna
2989 4353 3100 4402 xu,
3127 4353 3192 4393 xv
3217 4337 3338 4392 Kal.

1760 4428 1915 4496 Apr.;
1942 4426 2130 4496 quinta
2172 4425 2307 4482 feria
2348 4443 2446 4482 xm
2483 4428 2710 4492 diurna,
2753 4437 3024 4484 nocturna
3066 4445 3194 4485 vero
3224 4447 3338 4499 xiv,

1762 4536 1850 4574 xiv
1891 4519 2012 4572 Kal.
2046 4521 2215 4588 Apr.;
2254 4517 2588 4587 Parasceve,
2636 4536 2724 4574 xiv
2771 4530 3076 4585 nocturna,
3107 4537 3194 4576 xiv
3217 4520 3337 4578 Kal.

1759 4612 1921 4681 Apr.;
1948 4609 2281 4675 Sabbatum,
2310 4628 2374 4666 xv
2403 4620 2673 4667 nocturna
2697 4653 2713 4681 ,
2750 4628 2826 4666 xu
2875 4611 2994 4666 Kal.
3043 4614 3210 4683 Apr.;
3242 4614 3348 4670 de-'

1759 4719 1908 4757 mum
1960 4702 2237 4757 Dominica
2269 4703 2387 4761 dies
2414 4704 2615 4770 illuxit,
2660 4719 2782 4775 qua:
2832 4703 3071 4770 inferos,
3102 4714 3335 4770 terram,

1757 4805 1917 4865 atque
1950 4797 2150 4851 caelum
2191 4811 2288 4851 sua
2322 4797 2442 4853 luce
2485 4797 2863 4862 collustravit,
2904 4805 3126 4868 propter
3151 4798 3335 4853 lunam

1757 4903 1824 4942 xv
1852 4886 2094 4957 solisque
2123 4903 2366 4944 cursum.
2393 4888 2532 4944 Tum
2554 4890 2703 4961 quod
2737 4890 3070 4944 resurrectio
3097 4898 3150 4945 et
3174 4891 3335 4960 aequi-

1755 4980 1997 5034 noctium
2043 4980 2098 5034 in
2140 4997 2191 5035 a.
2241 4981 2296 5037 d.
2330 4997 2382 5037 χι
2417 4981 2536 5036 Kal.
2567 4982 2698 5052 Apr.
2731 4982 3000 5036 incidunt.
3033 4980 3243 5048 Quibus
3267 4982 3336 5039 de

1754 5071 1936 5126 causis
1967 5071 2306 5136 hallucinati,
2339 5088 2450 5128 uno
2473 5074 2561 5128 dic
2602 5074 2904 5144 legitimum
2953 5086 3167 5144 tempus
3200 5091 3337 5145 pra:-

1759 5165 2016 5235 tergressi
2052 5174 2214 5232 sunt,
2258 5175 2316 5221 ut
2360 5175 2488 5223 ante
2529 5167 2792 5222 diximus.
2831 5166 3140 5237 Supersunt
3187 5169 3336 5223 enim

1757 5270 1822 5311 ex
1847 5256 2065 5312 illorum
2088 5259 2394 5315 ratiociniis
2421 5261 2570 5315 hora:
2610 5260 2820 5329 aliquot
2845 5259 3194 5329 appendices,
3213 5275 3333 5330 qua:

1759 5348 1921 5404 tertio
1954 5364 2170 5422 quoque
2209 5366 2354 5408 anno
2380 5352 2486 5409 diei
2511 5351 2655 5423 apud
2691 5353 2813 5408 illos
2840 5351 3004 5406 unius
3036 5351 3331 5406 discrimen

2628 5535 2649 5568 ⁸
2690 5535 2823 5592 ibid.
2860 5534 2914 5596 8.
2997 5535 3019 5566 ⁸
3058 5534 3189 5591 ibid.
3238 5533 3326 5590 M.
