3846 6292
466 252 572 310 935

1857 255 1912 307 S.
1958 250 2298 307 EI‘II’II.\NII

3640 265 3732 321 936

464 368 716 424 auferunt.
747 365 956 437 Quippe
985 367 1232 421 lunarem
1273 366 1341 421 ad
1381 367 1602 422 modum
1639 367 1806 441 M9
1846 376 2045 439 praeter

2152 389 2250 442 ραν
2281 369 2571 440 ἐποίησαν,
2605 371 2680 434 ὼς
2723 374 3004 442 προεῖπον,
3040 373 3194 447 Ἔχει
3231 377 3287 430 δὲ
3335 377 3493 447 ὧρας
3530 383 3678 445 τινὰς
3707 384 3736 452 ἡ

463 473 648 515 cccuv
671 459 809 523 dies,
837 459 1000 514 horas
1031 459 1255 529 insuper
1281 468 1579 529 quaternas
1609 461 1894 530 adjiciunt,
1925 480 2044 533 qua:

464 552 700 625 singulis
730 551 986 606 trienniis
1027 552 1170 607 diem
1213 551 1486 622 integrum
1529 554 1847 608 conﬁciunt.
1887 555 1970 610 0b
1999 557 2053 610 id

464 645 592 699 antri
629 661 719 699 xrv
765 659 980 698 menses
1024 645 1307 713 postulant
1338 645 1696 701 intercalares
1721 663 1782 705 v.
1815 664 1882 702 eo
1909 648 2056 717 quod

463 737 532 791 de
557 737 690 792 solis
717 752 908 800 cursu,
926 738 1016 807 qui
1039 745 1123 790 est
1149 736 1361 791 dierum
1394 754 1593 792 cccnxv
1617 754 1740 792 cum
1773 739 1926 793 horis
1961 756 2046 802 Ill,

467 845 629 882 unam
676 830 866 883 horam
912 832 1230 899 decerpunt.
1282 829 1417 883 Nam
1451 830 1602 884 horis
1642 831 1883 894 additis.
1921 832 2060 890 Iiunt

463 918 662 973 deinde
691 934 895 974 cccuv
928 919 1067 982 dies,
1113 934 1216 973 una
1247 919 1382 972 hora
1419 920 1623 974 minus.
1656 918 1811 975 Unde
1843 921 1921 974 illi
1965 937 2054 975 xiv

461 1012 624 1069 annis
656 1011 834 1066 sexies
871 1011 1273 1080 multiplicatis,
1305 1021 1364 1065 ut
1391 1028 1593 1066 Lxxxtv
1643 1013 1774 1066 anni
1817 1028 2053 1069 consur-

459 1114 612 1176 gant,
669 1117 816 1159 anno
846 1117 1022 1159 Lxxxv
1055 1117 1299 1156 mensem
1339 1116 1508 1154 unum
1540 1101 1870 1156 intercalant
1908 1117 2056 1172 :quo

460 1199 518 1252 ﬁt
547 1207 605 1253 ut
673 1215 848 1252 Lxxxv
899 1194 1025 1251 anni
1067 1210 1194 1250 ιιικι
1242 1209 1460 1249 menses
1509 1192 2055 1259 exhauriantycum

459 1298 717 1345 accurata
762 1291 902 1344 ratio
954 1298 1153 1360 praeter
1192 1301 1410 1345 menses
1454 1301 1596 1350 xxx,
1633 1284 1750 1340 dies
1796 1293 2058 1355 praeterea

459 1399 585 1436 xxrv
603 1423 616 1445 ,
644 1397 706 1436 ac
733 1390 845 1436 tres
871 1383 1036 1438 horas
1089 1383 1350 1452 requirat.

2153 461 2330 532 ψῆφος
2352 461 2451 530 τῆς
2470 462 2842 530 λεπτολῠγίας,
2871 465 2992 534 ἥτις
3015 467 3276 536 ἐμπίπτει
3297 469 3386 524 διὰ
3410 472 3550 523 ὲτῶν
3579 473 3740 541 τριῶν

2155 551 2285 621 παρ’
2314 550 2498 613 αὐτοῖς
2518 551 2930 623 διαφωνουμένη
2957 556 2988 625 ἠ
3027 555 3121 624 μία
3147 559 3353 629 ἡμέρα.
3384 561 3737 631 Προστιθὲασι

2154 642 2262 713 γὰρ
2293 642 2368 712 τῷ
2396 644 2697 713 σεληνιακῷ
2715 644 2900 716 δρόμῳ
2933 647 3071 715 μετὰ
3086 649 3519 720 τὰςτριακοσίας
3545 672 3729 726 ﬂ:qu-

2157 733 2598 804 κοντατέιτσαρας
2646 735 2856 806 ἡμέρας
2899 737 2992 788 καὶ
3025 738 3189 802 ἄλλας
3228 743 3348 793 κατ’
3384 744 3506 806 ἔτος
3557 744 3738 798 tias:-

2162 844 2258 897 ρας
2286 826 2431 898 ὥρας
2457 843 2470 855 ·
2516 827 2590 890 ὡς
2635 823 2773 880 εἶναι
2807 830 2886 892 εἰς
2919 829 2988 883 τὰ
3023 831 3150 901 τρία
3194 833 3287 901 ἐτη
3328 835 3547 904 ἡμέραν
3594 838 3737 906 μίαν.

2155 915 2245 968 Διὸ
2273 916 2400 984 παρ’
2429 916 2612 978 αὐτοῖς
2643 916 2803 970 πέντε
2848 917 3014 987 μῆνες
3039 919 3318 974 τελοῦνται
3342 923 3634 993 ἐμϐόλιμοι
3669 929 3741 987 εἰς

2155 1007 2248 1077 ἔτη
2281 1007 2677 1079 δεκατέσσαρα,
2719 1008 2806 1061 διὰ
2844 1009 2904 1061 τὸ
2944 1011 3297 1081 ἀφαιρεῖσθαι
3331 1014 3443 1066 ἀπὸ
3473 1015 3565 1066 τοῦ
3597 1016 3744 1085 ἡλια-

2157 1098 2255 1152 κοῦ
2293 1098 2492 1169 δρόμου
2521 1099 2630 1152 τῶν
2664 1099 2994 1170 τριακοσίων
3042 1101 3477 1173 ὲξηκονταπέντε
3526 1110 3742 1176 ἡμεριῖιν

2157 1192 2254 1244 καί⁵
2293 1191 2452 1260 ὡρῶν
2477 1191 2645 1262 τριῶν
2689 1191 2784 1262 τὴν
2829 1192 2956 1261 μίαν
2991 1192 3160 1263 ὥραν.
3207 1196 3604 1267 Προσθεμένων
3638 1217 3741 1268 γαρ

2158 1281 2265 1334 τῶν
2299 1281 2479 1351 ὡρῶν,
2530 1281 2716 1333 λοιπὸν
2751 1281 2991 1349 γίνονται
3020 1279 3125 1346 τξε⁹
3157 1284 3360 1354 ἡμέραι
3398 1287 3554 1356 παρὰ
3597 1287 3741 1356 ῶραν

2162 1375 2308 1446 μίαν.
2343 1375 2506 1427 Ὅθεν
2539 1375 2692 1428 αὐτοὶ
2720 1374 2905 1438 ἑξάκις
2932 1375 3476 1441 πολυπλασιάσαντες
3500 1379 3568 1430 τὰ
3588 1380 3741 1437 δεκα,

458 1497 699 1567 τέσσαρα
749 1496 842 1567 ἔτη
895 1495 988 1549 τοῦ
1039 1497 1395 1568 ὀγδοηκοστοῦ
1430 1479 1693 1568 τετάρτου
1733 1493 1908 1556 ἔτους.
1951 1496 2008 1546 ἐν
2055 1491 2132 1562 τῷ
2171 1490 2512 1560 ὀγδοηκοστῷ
2552 1491 2790 1559 πέμπτῳ
2834 1490 3076 1543 τιθέασιν
3105 1490 3401 1560 ἐμϐόλιμον
3442 1490 3540 1544 ἕνα
3581 1493 3740 1562 μῆνα,

457 1593 538 1653 είς
579 1590 638 1642 τὺ
678 1585 814 1642 εἶναι
862 1590 1152 1661 τριάκοντα
1169 1591 1261 1642 καὶ
1294 1589 1387 1642 ἕνα
1409 1590 1552 1660 μῆνα
1598 1592 1678 1653 είς
1708 1606 1777 1642 το.
1840 1585 2167 1657 ὀγδοήκοντα
2222 1585 2317 1636 καὶ
2369 1582 2528 1635 πέντε
2569 1581 2686 1652 ἔτη,
2716 1582 2910 1644 οἵτινες
2965 1581 3193 1650 ὤφειλον
3248 1576 3423 1632 εἶναι’
3456 1583 3603 1635 κατὰ
3653 1584 3743 1653 τὴν

455 1685 743 1756 ἀκρίϐειαν
781 1687 1158 1756 τριακονταεῖς
1194 1685 1322 1754 μὴν,
1372 1685 1466 1738 καὶ
1501 1685 1943 1754 εἰκοσιτέσσαρες
1994 1679 2221 1754 ἡμέραι,
2245 1679 2338 1732 καὶ
2359 1673 2498 1747 ὧραι
2533 1679 2700 1748 τρεῖς.

526 1801 742 1857 XXVII.
788 1805 919 1869 Quae
954 1818 1080 1858 cum
1126 1803 1235 1860 illis
1273 1803 1563 1858 aberrandi
1611 1819 1780 1860 causa
1830 1804 2046 1870 luisset,

2225 1803 2345 1857 KZ’.
2387 1798 2615 1854 Ἕνεκεν
2637 1797 2819 1850 τοίνυν
2842 1799 3032 1849 τούτου
3065 1797 3183 1849 τότε
3209 1796 3534 1864 σφαλέντες,
3565 1797 3626 1848 ού
3659 1798 3747 1866 μό-

457 1910 567 1949 ιιοιι
600 1895 763 1949 modo
809 1897 1198 1964 pet-turbantes
1257 1897 1466 1959 omnia,
1520 1895 1690 1951 biduo
1749 1897 2048 1968 legitimum

459 1985 745 2042 Paschalis
785 1994 1000 2056 tempus
1031 1994 1467 2054 anteverterunt,
1514 1987 1610 2042 sed
1650 1995 1704 2042 et
1741 2003 1848 2042 uno
1893 1990 2049 2042 insu-

459 2095 556 2148 per
580 2078 668 2133 die
695 2079 1092 2149 praetergressi,
1129 2079 1340 2151 magnis
1377 2095 1437 2134 se
1476 2079 1762 2134 erroribus
1797 2079 2049 2149 implica-

460 2179 610 2225 runt.
657 2170 764 2224 Sed
813 2171 1062 2226 veritatis
1095 2171 1332 2242 sapienti
1385 2171 1625 2240 quadam
1671 2170 2049 2225 mederatione

461 2261 666 2316 factum
723 2271 809 2316 est
852 2269 912 2315 ut
943 2277 1106 2332 quant
1155 2261 1510 2316 exactissima
1555 2261 1624 2315 ad
1665 2261 1898 2316 salutem
1947 2274 2048 2314 no-

461 2362 633 2409 stram
669 2353 1010 2408 referrentur
1049 2353 1328 2408 universa.
1369 2351 1554 2418 Quare
1597 2360 1719 2422 post
1763 2359 2044 2422 peractum

459 2443 692 2508 Pascha,
766 2443 1015 2498 Salvator
1074 2443 1126 2495 in
1178 2449 1417 2496 montem
1471 2439 1719 2500 secessit,
1764 2455 1889 2493 cum
1945 2439 2046 2492 hoc

461 2534 640 2604 ipsum
686 2533 894 2588 Pascha
931 2529 1282 2594 comedisset,
1329 2526 1477 2598 quod
1522 2524 1798 2581 desiderio
1832 2524 2048 2579 deside-

460 2638 616 2678 rasse
646 2639 704 2678 se
730 2622 864 2676 dicit
887 2623 926 2675 ι.
956 2619 1193 2674 Proinde
1216 2617 1430 2673 Pascha
1461 2617 1572 2670 illic
1601 2613 1891 2670 Iudaicum
1920 2628 2045 2668 cum

460 2713 750 2784 discipulis
792 2712 1066 2776 comedit;
1104 2725 1205 2764 nec
1239 2709 1400 2763 aliter
1433 2694 1579 2762 istu'd
1613 2707 1722 2776 egit
1758 2706 1907 2775 ipse,
1951 2704 2046 2760 sed

459 2810 652 2862 eodem
691 2821 922 2878 prorsus
963 2803 1148 2868 modo,
1179 2818 1290 2872 quo
1348 2808 1400 2856 et
1434 2802 1510 2854 illi
1544 2800 1942 2870 praestiterunt,
1989 2806 2048 2851 ut

461 2916 529 2954 ne
565 2899 725 2970 legem
758 2899 1000 2962 solveret,
1035 2895 1126 2950 sed
1156 2893 1527 2962 adimpleret'.
1567 2890 1668 2944 Hic
1700 2891 1884 2960 itaque
1919 2904 2046 2944 cum

457 2991 742 3046 tricesimo
774 3004 919 3044 anno
945 2989 1058 3058 jam
1091 2987 1280 3056 elapso
1318 2985 1385 3039 ad
1419 2985 1751 3054 baptismum
1782 2982 2049 3039 accessis-

459 3093 564 3147 set,
615 3098 679 3138 ac
712 3090 836 3154 post
890 3079 1142 3138 eumdem
1191 3077 1554 3140 tricesimum,
1601 3075 1836 3130 solidum
1889 3075 2042 3129 illum

2157 1913 2244 1948 νον
2276 1894 2575 1966 προέλαϐον
2608 1888 3020 1960 θορυϐούμενοι,
3053 1889 3151 1952 τὰς
3184 1890 3511 1962 δύοήμέρας
3539 1891 3745 1961 βεϐρω-

2151 1965 2402 2050 κότεςγτὺ
2431 1965 2641 2055 ΙῘάσχα,
2675 1979 2811 2032 ἀλλὰ
2835 1985 2930 2034 καὶ
2973 1981 3071 2051 τὴν
3106 1981 3412 2051 ὑπέρϐατον
3453 1982 3744 2052 προθέντες

2154 2078 2281 2148 μίαν
2311 2076 2544 2146 ἡμέραν,
2591 2071 2732 2128 κατὰ
2770 2070 2947 2124 πάντα
2973 2072 3171 2142 τρόπον
3215 2073 3370 2125 αὐτοὶ
3422 2073 3741 2142 σῳαλέντες.

2162 2165 2224 2216 Ἢ
2258 2163 2312 2217 δὲ
2345 2163 2626 2233 οἰκονομία
2658 2163 2756 2234 τῆς
2781 2159 3040 2229 ἀληθείας
3066 2159 3434 2230 ἀκριϐέστατα
3460 2162 3530 2214 τὰ
3569 2163 3744 2215 πάνυ.

2149 2256 2283 2324 ἡμῖν
2320 2252 2677 2322 σωτηριωδῶς
2711 2246 3029 2323 είργάσατο.
3065 2246 3230 2300 Ὅθεν
3255 2248 3348 2300 καὶ
3390 2248 3558 2312 αὐτὸς
3586 2251 3617 2301 ό
3643 2249 3744 2300 Σω-

2148 2347 2274 2417 τὴρ,
2301 2345 2359 2398 τὸ
2385 2345 2578 2414 Πάσχα
2601 2342 2915 2408 τελειώσας,
2962 2338 3186 2410 ἐξῆλθεν
3224 2341 3303 2402 είς
3337 2341 3400 2391 τὸ
3442 2338 3572 2410 ὅρος
3608 2344 3740 2411 μετὰ

2147 2439 2209 2490 τὸ
2244 2437 2595 2508 βεϐρωκέναι,
2639 2435 2904 2508 ἐπιθυμίᾳ
2955 2430 3340 2508 ἐπιθυμήσας
3387 2431 3487 2486 καὶ
3534 2434 3655 2484 ἐκεῖ
3689 2434 3740 2484 τὸ

2149 2529 2340 2598 Πάσχα
2365 2527 2426 2579 τὸ
2462 2525 2752 2580 Ἰουδαϊκὸν
2778 2527 2918 2597 μετὰ
2945 2526 3054 2580 τῶν
3089 2521 3350 2600 μαθητῶν
3381 2523 3613 2599 ἔφαγεν,
3644 2525 3738 2574 οὐκ

2147 2619 2322 2682 ἄλλως
2351 2620 2604 2688 ποιήσας,
2638 2617 2773 2671 ἀλλὰ
2801 2620 2896 2672 καὶ
2927 2619 3090 2683 αὐτὸς
3118 2621 3257 2690 μετὰ
3300 2621 3406 2674 τῶν
3436 2616 3736 2677 ποιούντων

2151 2708 2280 2774 ίσως
2314 2711 2546 2780 ποιήσας
2567 2727 2578 2739 ο
2610 2709 2695 2763 ἴνα
2725 2711 2800 2781 μὴ
2834 2712 3162 2780 καταλύσῃ·
3187 2711 3294 2765 τὸν
3329 2716 3544 2783 νόμον,
3575 2716 3733 2770 ἀλλὰ

2147 2801 2461 2870 πληρώσῃ.
2495 2801 2605 2854 Καὶ
2631 2795 2788 2866 οὗτος
2825 2803 2965 2872 μετὰ
2995 2803 3055 2856 τὸ
3079 2803 3380 2874 ὑπερϐῆναι
3409 2809 3731 2876 τριακοστὸν

2147 2892 2289 2957 ἔτος,
2321 2895 2408 2947 ὅτε
2445 2893 2773 2965 ἐϐαπτίσθη,
2818 2895 2914 2946 καὶ
2965 2895 3104 2965 μετὰ
3138 2896 3200 2948 τὸ
3248 2899 3577 2967 τριακοστὸν
3620 2899 3730 2962 ἔτος

2148 2984 2391 3056 κηρύξας
2423 2986 2798 3057 πληρέστατον
2839 2987 3085 3040 ἐνιαυτὸν
3122 2987 3332 3053 δεκτδν,
3361 2989 3456 3042 καὶ
3485 2991 3562 3060 μὴ
3590 2992 3707 3044 ἀντι

2148 3079 2459 3149 λεγόμενον,
2485 3080 2581 3132 καὶ
2607 3078 2793 3150 ἕτερον
2822 3080 3257 3150 ἀντιλεγόμενον,
3288 3083 3381 3134 καὶ
3414 3084 3476 3135 ὲν
3508 3083 3727 3153 διωγμῷ

459 3177 854 3250 acceptabiletn
903 3173 1186 3244 implesset
1225 3185 1451 3235 annum,
1493 3167 1908 3222 contradicente
1945 3182 2042 3222 ne-

2149 3175 2294 3238 ὅντα,
2325 3173 2720 3243 ὲγκοτούμενόν
2755 3189 2813 3225 τε
2871 3174 2964 3226 καὶ
2995 3175 3132 3244 μετὰ
3173 3173 3263 3227 τὸν
3298 3174 3456 3228 ἄλλον
3488 3177 3726 3230 ἐνιαυτὸν

458 3276 626 3336 mine,
661 3287 784 3327 mox
825 3271 1058 3324 alterum
1088 3263 1412 3327 addidisset,
1452 3275 1561 3332 quo
1592 3267 1647 3314 et
1671 3266 2042 3330 repugnantes

457 3363 676 3420 Iudaeos
705 3370 966 3431 expertus
999 3364 1106 3420 est,
1143 3367 1196 3410 et
1225 3368 1419 3410 eorum
1455 3350 1842 3408 vexationibus
1876 3357 2042 3418 atque

460 3455 664 3512 invidia
697 3452 992 3523 plurimum
1033 3455 1118 3503 est
1149 3446 1493 3516 exagitatus;
1537 3456 1601 3497 ac
1630 3450 1894 3511 praeterea
1928 3449 2040 3496 ter-

458 3549 595 3602 tium
627 3546 739 3615 jam
769 3543 982 3596 iniisset
1027 3553 1230 3594 annum
1265 3539 1334 3592 ab
1361 3552 1428 3592 eo
1457 3537 1545 3592 die
1588 3551 1696 3605 quo
1730 3543 1897 3588 natus
1934 3539 2042 3599 est,

461 3639 565 3693 hoc
596 3646 682 3690 cst
715 3632 1172 3704 Epiphaniorum,
1205 3645 1326 3699 qua:
1366 3630 1422 3683 in
1450 3644 1504 3683 vr
1534 3625 1783 3681 Januarii
1815 3627 2043 3693 mensis,

460 3728 734 3800 IEgyptlis
757 3740 887 3780 vero
929 3722 1066 3794 Tybi
1100 3738 1176 3776 ιιι
1210 3723 1523 3788 incurrunt,
1573 3720 1640 3774 ad
1676 3735 1839 3775 Lxxtv
1871 3735 2046 3790 usque

459 3826 598 3886 dies,
653 3821 769 3891 qui,
823 3827 885 3874 ut
934 3818 1141 3873 dictum
1187 3825 1294 3880 est,
1339 3817 1394 3872 in
1438 3831 1536 3869 xm
1565 3813 1686 3868 Kal.
1719 3816 1852 3884 Apr.
1901 3813 2048 3868 desi-

459 3924 617 3978 nunt,
649 3915 741 3985 qui
797 3923 882 3968 est
918 3911 1192 3982 [Egyptiis
1235 3908 1576 3963 Phamenoth
1616 3924 1779 3974 xxiv;
1827 3908 1933 3961 hoc
1965 3907 2044 3961 in-

458 4023 624 4078 quam
659 4006 818 4061 modo
851 4020 1002 4060 xxxii
1025 4009 1272 4073 integros
1303 4016 1500 4065 annos,
1537 4016 1601 4054 ac
1633 3999 1751 4055 dies
1782 4008 2046 4069 praeterea

457 4117 619 4156 t.xxtv
641 4100 709 4154 ab
759 4098 1082 4170 Epiphaniis
1144 4093 1410 4165 implevit.
1467 4092 1790 4149 Resurrexit
1842 4106 2046 4161 porro,

458 4201 620 4268 prout
675 4190 917 4263 Egyptii
971 4195 1300 4250 numerant,
1353 4185 1694 4241 Phamenoth
1743 4199 1890 4251 xxvr,
1925 4185 2046 4256 ipso

2149 3264 2390 3337 ὑπερϐάς
2423 3265 2529 3317 ἀπὸ
2553 3265 2649 3334 τῆς
2669 3265 2778 3317 τῶν
2805 3264 3093 3334 γενεθλίων
3117 3264 3282 3319 αὐτοῦ
3309 3265 3555 3337 ἡμέρας,
3577 3285 3727 3322 τουτ-

2146 3357 2295 3410 έστιν
2342 3357 2693 3425 Ἐπιφανίων,
2729 3357 2852 3427 ἥτις
2879 3357 3138 3427 τυγχάνει
3179 3357 3310 3427 ἕκτη
3364 3357 3724 3432 Ἰαννουαρίου

2152 3445 2342 3516 μηνὸς,
2372 3445 2515 3498 κατὰ
2545 3445 2602 3499 δὲ
2625 3446 2956 3515 Αίγυπτίους
2993 3444 3130 3500 Τυϐὶ
3156 3445 3443 3516 ἑνδεκάτη,
3481 3449 3578 3502 ἐπὶ
3608 3450 3728 3512 ὅλας

2143 3537 2516 3609 ἑϐδομήκοντα
2552 3539 2826 3610 τέσσαρας
2865 3541 3104 3612 ἡμέρας,
3140 3539 3217 3605 ὼς
3244 3540 3605 3612 προείπομεν,
3631 3543 3727 3605 ἕως

2142 3628 2245 3699 τῆς
2275 3631 2380 3701 πρὸ
2418 3630 2717 3703 δεκατριῶν
2742 3632 3036 3686 Καλανδῶν
3081 3633 3423 3704 Ἀπριλλίων,
3471 3634 3569 3687 καὶ
3597 3635 3726 3687 κατᾶ

2143 3723 2475 3791 Αἰγυπτίους
2525 3723 2789 3795 Φαμενὼθ
2856 3725 3096 3798 τετάρτῃ
3145 3727 3239 3779 καὶ
3271 3726 3470 3789 εἰκάδι,
3523 3727 3726 3779 ἐτέλεσε

2146 3815 2536 3887 τριακονταδύο
2569 3816 2664 3889 ἐτη
2695 3818 3067 3890 πληρέστατα,
3101 3818 3196 3872 καὶ
3229 3818 3725 3888 ὲϐδομηκοντατέτ-

2151 3926 2325 3980 σαρας
2355 3909 2569 3980 ἡμέρας
2619 3910 2727 3964 ἀπὸ
2773 3911 3125 3981 Ἐπιφανίων.
3164 3910 3276 3965 Καὶ
3326 3910 3571 3974 ἀναστάς
3615 3911 3726 3963 κατ’

2145 4003 2476 4072 Αίγυπτίους
2503 4003 2764 4073 Φαμενὼθ
2786 4004 2922 4078 ἕκτῃ
2951 4005 3047 4060 καὶ
3075 4004 3274 4068 εἰκάδι,
3300 4005 3420 4075 ἥτις
3448 3998 3521 4077 ἦν
3554 4005 3728 4075 ἰσημε-

2150 4093 2262 4165 ρία,
2292 4097 2388 4150 καὶ
2419 4097 2527 4168 πρὸ
2545 4095 2612 4151 ια’
2638 4097 2931 4150 Καλανδῶν
2965 4096 3288 4170 Ἀπριλλίων
3307 4114 3320 4127 ο
3353 4097 3440 4150 ἴνα
3471 4095 3728 4168 εὐρεθῶσι

2149 4190 2348 4254 πάντες
2375 4189 2696 4262 ψευδόμενοι
2726 4191 2775 4243 οἱ
2814 4191 2888 4262 μὴ
2922 4191 3075 4255 ὄντες
3103 4191 3210 4244 υίοὶ
3232 4191 3330 4260 τῆς
3356 4189 3640 4262 ἀληθείας.

458 4288 796 4361 ΑΞιιιιῑιιοοῑὶἰ
838 4287 948 4352 die,
997 4285 1113 4340 sive
1143 4298 1200 4338 x1
1259 4281 1380 4338 Kal.
1420 4283 1553 4353 Apr.
1618 4279 1698 4336 Ex
1733 4298 1843 4353 quo
1873 4282 2046 4338 illoru:

2151 4288 2396 4342 omnium
2455 4287 2745 4344 manifesta
2797 4289 3086 4346 mendacia
3141 4301 3291 4354 sunt,
3349 4288 3444 4359 qui
3488 4285 3728 4344 veritatis

457 4397 570 4437 non
608 4389 734 4437 sunt
763 4379 881 4434 ﬁlii.

530 4472 696 4546 450
739 4466 974 4525 XXVIII.
1015 4468 1227 4521 Horum
1269 4465 1482 4538 primus
1525 4465 1687 4522 nobis
1715 4461 2044 4520 Valentinus

2219 4462 2355 4519 KH’.
2393 4465 2569 4531 Εὐθὺς
2605 4465 2822 4538 πρῶτος
2853 4466 3205 4530 Οὐαλεντῖνος
3237 4466 3726 4544 δραματουργήσας

458 4565 741 4623 occurrit:
775 4563 870 4634 qui
923 4560 1146 4632 quidem
1182 4574 1246 4614 ex
1289 4557 1583 4612 tricenario
1629 4571 1899 4612 annorum
1943 4572 2048 4611 nu-

459 4673 633 4722 mero,
670 4656 736 4711 ad
764 4671 924 4726 quem
964 4651 1268 4707 Salvatoris
1303 4657 1544 4715 aatatem,
1580 4664 1645 4704 ac
1683 4649 1840 4704 virile
1877 4649 2048 4704 robur

456 4751 738 4806 existimat
761 4747 928 4802 fuisse
951 4744 1300 4816 perductum,
1334 4758 1490 4796 suam
1524 4741 1670 4794 illam
1706 4755 1918 4796 menum
1945 4740 2045 4795 tri-

459 4843 611 4913 ginta
659 4841 898 4895 fabulam
946 4836 1235 4892 conﬁnxit.
1281 4835 1339 4890 In
1375 4850 1484 4906 quo
1529 4833 1667 4905 fugit
1707 4850 1832 4889 eum
1877 4834 2041 4888 ratio.

461 4935 578 4988 Non
607 4935 753 4988 enim
786 4933 1009 5002 triginta
1054 4929 1206 4985 solos
1234 4928 1392 4991 vixit,
1437 4923 1532 4983 sed
1578 4927 1858 4982 tricesimo
1899 4941 2046 4980 anno

459 5027 768 5098 baptizatus
824 5033 942 5087 est,
998 5038 1120 5078 cum
1170 5021 1282 5091 jam
1334 5019 1608 5074 decimum
1653 5033 1896 5075 mensem
1950 5035 2045 5073 su-

461 5136 555 5190 pra
588 5133 719 5173 xxtx
756 5131 932 5171 annos
973 5115 1266 5185 attigisset.
1297 5111 1469 5179 Quem
1513 5112 1657 5167 diem
1694 5122 1816 5166 ante
1850 5109 2045 5166 deﬁni-

459 5210 639 5264 vimus
686 5222 762 5262 ιιι
815 5205 986 5262 luisse
1033 5206 1242 5260 mensis
1273 5204 1464 5275 Athyr,
1519 5212 1572 5258 ct
1625 5218 1719 5258 vttt
1768 5201 1845 5257 Id.
1903 5201 2039 5258 Nov.

457 5298 591 5355 Post
626 5299 741 5352 haec
773 5314 894 5353 cum
934 5297 1258 5367 placabilem
1296 5294 1510 5351 Domini
1560 5295 1909 5365 przcdicasset
1954 5309 2047 5351 an-

459 5409 613 5456 num,
661 5392 940 5461 aliumque
970 5392 1156 5444 itidem
1214 5391 1647 5446 contradictione
1689 5392 1932 5462 plenum,
1974 5406 2038 5446 ac

457 5499 623 5541 Lxxrv
647 5491 908 5555 praeterea
941 5484 1058 5538 dies
1083 5482 1272 5536 eadem
1311 5484 1557 5538 molestia
1591 5484 1847 5551 refertos,
1880 5485 1948 5539 ab
1971 5499 2037 5541 eo

457 5575 569 5639 die,
613 5591 722 5647 quo
753 5575 883 5630 olim
915 5575 1224 5645 baptizatus
1259 5582 1378 5628 erat
1413 5583 1538 5630 ante
1568 5577 1801 5632 natalem
1836 5593 2032 5644 suum;

530 5733 554 5768 ⁸
597 5733 733 5792 Luc.
776 5750 912 5802 xxtt,
948 5734 1034 5791 13.
1111 5737 1132 5768 ¹¹
1160 5733 1444 5808 Matth.‘_v,
1483 5734 1569 5790 I7.

2148 4560 2446 4631 τριάκοντα
2463 4562 2596 4632 ἡμῖν
2619 4562 2843 4627 αἰῶνας,
2867 4562 2976 4616 ἀπὸ
3001 4561 3095 4615 τοῦ
3116 4563 3572 4634 τριακονταέτους
3593 4568 3726 4636 νομί-

2148 4652 2257 4716 ζων
2289 4653 2390 4722 τῆς
2420 4653 2514 4705 τοῦ
2550 4653 2800 4725 Σωτῆρος
2835 4656 3126 4726 ἀναγωγῆς
3155 4655 3248 4708 καὶ
3289 4655 3615 4727 ἁνδρώσεως
3635 4658 3725 4728 τῆς

2148 4744 2312 4799 αὑτοῦ
2345 4745 2560 4817 ἡλικίας
2585 4763 2598 4776 ·
2635 4745 2735 4799 οὐκ
2769 4745 2944 4812 εἰδὼς,
2981 4748 3064 4800 ὅτι
3093 4746 3154 4800 ού
3184 4747 3483 4817 τριάκοντα
3513 4750 3610 4821 ἔτη
3640 4753 3726 4821 μό-

2146 4853 2236 4891 νον
2267 4837 2545 4908 ὲποίησεν,
2576 4838 2690 4892 ἀλλ’
2716 4839 2774 4890 ὲν
2799 4838 2876 4908 τῷ
2906 4839 3211 4910 τριακοστῷ
3235 4838 3562 4912 ἐϐαπτίσθη,
3595 4842 3724 4913 μετὰ

2145 4931 2208 4983 τὸ
2241 4928 2530 5000 πληρῶσαι
2565 4931 2906 4985 ,εἰκοσιεννέα
2955 4930 3051 5002 ἔτη
3104 4931 3199 4984 καὶ
3230 4931 3364 4985 δέκα
3413 4932 3615 5003 μῆνας,
3655 4934 3724 4994 ὡς

2147 5024 2510 5094 προεῖπον,τῇ
2528 5021 2805 5096 δωδεκάτῃ
2849 5021 3036 5094 Ἀθὺρ,
3073 5023 3179 5094 πρὸ
3193 5020 3336 5077 ὀκτὼ
3362 5023 3536 5077 Είδῶν
3561 5025 3723 5095 Νοεμ-

2145 5113 2345 5185 ϐρίωνο
2381 5117 2476 5168 καὶ
2520 5116 2658 5186 μετὰ
2707 5115 2878 5169 ταῦτα
2933 5115 3180 5189 κηρύξας
3233 5118 3479 5172 ἐνιαυτὸν
3521 5121 3720 5192 Κυρίου

2143 5205 2332 5259 δεκτόν
2355 5223 2367 5236 ·
2407 5205 2502 5259 καὶ
2533 5206 2673 5276 μετὰ
2712 5208 2803 5261 τὸν
2839 5211 3082 5261 ἐνιαυτὸν
3116 5207 3274 5263 ἄλλον
3307 5211 3550 5264 ἐνιαυτὸν
3584 5213 3720 5265 ἀντι-

2142 5293 2454 5366 λεγόμενον,
2492 5298 2585 5350 καὶ
2605 5297 3248 5371 ἑϐδομηκοψιατέσσαρας
3277 5301 3493 5373 ἡμέρας
3524 5301 3717 5354 ἀντιλε-

2145 5389 2402 5460 γομένας,
2429 5388 2578 5455 ἐξότε
2609 5389 2934 5463 ἐϐαπτίσθη,
2958 5392 3066 5463 πρὸ
3086 5391 3194 5444 τῶν
3220 5391 3384 5446 αὑτοῦ
3417 5393 3710 5462 γενεθλίων·

2143 5481 2283 5536 ὥστε
2317 5479 2456 5538 εἶναι
2494 5483 2565 5538 τὰ
2607 5486 2784 5539 πάντα
2817 5483 2912 5556 ἔτη
2943 5485 3044 5556 τῆς
3083 5485 3248 5540 αὑτοῦ
3290 5488 3555 5560 ὲνσάρκου
3582 5504 3710 5556 παρ-

2141 5577 2328 5641 ουσίας
2370 5577 2472 5643 ἓως
2507 5577 2603 5632 τοῦ
2638 5578 2843 5644 πάθους
2885 5579 2992 5635 ἀπὸ
3016 5582 3116 5653 τῆς
3145 5583 3452 5654 γεννήσεως
3485 5599 3709 5656 apuch
