  <div class='ocr_page' id='page_1' title='image "/cluster/home/n/w/nwhite01/storage/ocr_20150623/41/hvd.32044011753001/500.png"; bbox 0 0 3846 6290; ppageno 0'>
   <div class='ocr_carea' id='block_1_1' title="bbox 110 182 215 239">
    <p class='ocr_par' dir='ltr' id='par_1_1' title="bbox 110 182 215 239">
     <span class='ocr_line' id='line_1_1' title="bbox 110 182 215 239; baseline 0 0"><span class='ocrx_word' id='word_1_1' title='bbox 110 182 215 239; x_wconf 79' lang='grc'><strong>937</strong></span> 
     </span>
    </p>
   </div>
   <div class='ocr_carea' id='block_1_2' title="bbox 864 169 2669 234">
    <p class='ocr_par' dir='ltr' id='par_1_2' title="bbox 864 169 2669 234">
     <span class='ocr_line' id='line_1_2' title="bbox 864 169 2669 234; baseline -0.004 -1"><span class='ocrx_word' id='word_1_2' title='bbox 864 175 1237 234; x_wconf 81' lang='lat' dir='ltr'><strong>ADVERSUS</strong></span> <span class='ocrx_word' id='word_1_3' title='bbox 1275 171 1620 231; x_wconf 68' lang='lat' dir='ltr'><strong>HERESES</strong></span> <span class='ocrx_word' id='word_1_4' title='bbox 1648 169 1777 226; x_wconf 88' lang='lat' dir='ltr'><strong>LIB.</strong></span> <span class='ocrx_word' id='word_1_5' title='bbox 1819 169 1888 228; x_wconf 87' lang='lat' dir='ltr'><strong>ll.</strong></span> <span class='ocrx_word' id='word_1_6' title='bbox 1928 170 2091 227; x_wconf 79' lang='lat' dir='ltr'><strong>&#39;I‘OM.</strong></span> <span class='ocrx_word' id='word_1_7' title='bbox 2134 171 2249 227; x_wconf 90' lang='lat' dir='ltr'><strong>I.-—-</strong></span> <span class='ocrx_word' id='word_1_8' title='bbox 2268 171 2542 227; x_wconf 63' lang='grc' dir='ltr'><strong>ΠιΕΒΕΒ.</strong></span> <span class='ocrx_word' id='word_1_9' title='bbox 2587 170 2669 225; x_wconf 84' lang='lat' dir='ltr'><strong>LI.</strong></span> 
     </span>
    </p>
   </div>
   <div class='ocr_carea' id='block_1_3' title="bbox 3275 170 3384 226">
    <p class='ocr_par' dir='ltr' id='par_1_3' title="bbox 3275 170 3384 226">
     <span class='ocr_line' id='line_1_3' title="bbox 3275 170 3384 226; baseline -0.009 0"><span class='ocrx_word' id='word_1_10' title='bbox 3275 170 3384 226; x_wconf 78' lang='lat'><strong>938</strong></span> 
     </span>
    </p>
   </div>
   <div class='ocr_carea' id='block_1_4' title="bbox 104 288 1701 371">
    <p class='ocr_par' dir='ltr' id='par_1_4' title="bbox 104 290 1698 371">
     <span class='ocr_line' id='line_1_4' title="bbox 104 290 1698 371; baseline -0.005 -16"><span class='ocrx_word' id='word_1_11' title='bbox 104 302 272 355; x_wconf 73' lang='grc' dir='ltr'>ταδύο</span> <span class='ocrx_word' id='word_1_12' title='bbox 303 299 424 371; x_wconf 76' lang='grc' dir='ltr'>Ξτη,</span> <span class='ocrx_word' id='word_1_13' title='bbox 468 300 564 353; x_wconf 72' lang='grc' dir='ltr'>καὶ</span> <span class='ocrx_word' id='word_1_14' title='bbox 606 296 677 352; x_wconf 78' lang='grc' dir='ltr'>οδ¹</span> <span class='ocrx_word' id='word_1_15' title='bbox 705 290 952 369; x_wconf 46' lang='grc' dir='ltr'>ἡμέρας</span> <span class='ocrx_word' id='word_1_16' title='bbox 983 296 1091 351; x_wconf 79' lang='grc' dir='ltr'><strong>ἀπὸ</strong></span> <span class='ocrx_word' id='word_1_17' title='bbox 1122 295 1181 349; x_wconf 75' lang='grc' dir='ltr'>δὲ</span> <span class='ocrx_word' id='word_1_18' title='bbox 1217 295 1394 366; x_wconf 83' lang='grc' dir='ltr'>ἀρχῆς</span> <span class='ocrx_word' id='word_1_19' title='bbox 1439 292 1698 357; x_wconf 77' lang='grc' dir='ltr'>ὑπατείας</span> 
     </span>
    </p>
   </div>
   <div class='ocr_carea' id='block_1_5' title="bbox 1806 288 3387 371">
    <p class='ocr_par' dir='ltr' id='par_1_5' title="bbox 1806 288 3387 363">
     <span class='ocr_line' id='line_1_5' title="bbox 1806 288 3387 363; baseline 0 -18"><span class='ocrx_word' id='word_1_20' title='bbox 1806 298 1856 345; x_wconf 89' lang='grc' dir='ltr'><strong>ιιι</strong></span> <span class='ocrx_word' id='word_1_21' title='bbox 1890 298 2067 346; x_wconf 84' lang='grc' dir='ltr'>ιοιιιιη</span> <span class='ocrx_word' id='word_1_22' title='bbox 2108 291 2229 362; x_wconf 83' lang='lat' dir='ltr'><strong>ejus</strong></span> <span class='ocrx_word' id='word_1_23' title='bbox 2270 292 2393 350; x_wconf 83' lang='lat' dir='ltr'><strong>vitae</strong></span> <span class='ocrx_word' id='word_1_24' title='bbox 2437 300 2653 363; x_wconf 81' lang='lat' dir='ltr'><strong>tempus</strong></span> <span class='ocrx_word' id='word_1_25' title='bbox 2688 292 2755 345; x_wconf 91' lang='lat' dir='ltr'><strong>ab</strong></span> <span class='ocrx_word' id='word_1_26' title='bbox 2794 299 2921 345; x_wconf 90' lang='lat' dir='ltr'><strong>ortu</strong></span> <span class='ocrx_word' id='word_1_27' title='bbox 2960 288 3026 346; x_wconf 88' lang='lat' dir='ltr'><strong>ad</strong></span> <span class='ocrx_word' id='word_1_28' title='bbox 3073 289 3387 361; x_wconf 85' lang='lat' dir='ltr'><strong>passionem</strong></span> 
     </span>
    </p>
   </div>
   <div class='ocr_carea' id='block_1_6' title="bbox 106 384 1704 459">
    <p class='ocr_par' dir='ltr' id='par_1_6' title="bbox 106 384 1704 459">
     <span class='ocr_line' id='line_1_6' title="bbox 106 384 1704 459; baseline -0.004 -16"><span class='ocrx_word' id='word_1_29' title='bbox 106 388 402 443; x_wconf 73' lang='grc' dir='ltr'>Σιλουανοῦ</span> <span class='ocrx_word' id='word_1_30' title='bbox 430 389 528 441; x_wconf 76' lang='grc' dir='ltr'>καὶ</span> <span class='ocrx_word' id='word_1_31' title='bbox 556 385 777 459; x_wconf 86' lang='grc' dir='ltr'>Νερούα</span> <span class='ocrx_word' id='word_1_32' title='bbox 801 386 895 439; x_wconf 85' lang='grc' dir='ltr'><strong>δύο</strong></span> <span class='ocrx_word' id='word_1_33' title='bbox 922 386 1018 458; x_wconf 80' lang='grc' dir='ltr'>ἔτη</span> <span class='ocrx_word' id='word_1_34' title='bbox 1061 386 1159 439; x_wconf 76' lang='grc' dir='ltr'>καὶ</span> <span class='ocrx_word' id='word_1_35' title='bbox 1190 385 1294 457; x_wconf 77' lang='grc' dir='ltr'>ρλδ¹</span> <span class='ocrx_word' id='word_1_36' title='bbox 1322 385 1555 456; x_wconf 79' lang='grc' dir='ltr'>ἡμέρας.</span> <span class='ocrx_word' id='word_1_37' title='bbox 1593 384 1704 437; x_wconf 77' lang='grc' dir='ltr'><strong>Καὶ</strong></span> 
     </span>
    </p>
   </div>
   <div class='ocr_carea' id='block_1_7' title="bbox 105 476 1701 550">
    <p class='ocr_par' dir='ltr' id='par_1_7' title="bbox 105 476 1701 550">
     <span class='ocr_line' id='line_1_7' title="bbox 105 476 1701 550; baseline -0.004 -16"><span class='ocrx_word' id='word_1_38' title='bbox 105 480 435 550; x_wconf 69' lang='grc' dir='ltr'>ἑλήλεγδιται</span> <span class='ocrx_word' id='word_1_39' title='bbox 470 480 569 549; x_wconf 81' lang='grc' dir='ltr'>μὲν</span> <span class='ocrx_word' id='word_1_40' title='bbox 597 477 833 532; x_wconf 83' lang='grc' dir='ltr'>ἐνταῦθα</span> <span class='ocrx_word' id='word_1_41' title='bbox 857 480 885 531; x_wconf 87' lang='grc' dir='ltr'>ὁ</span> <span class='ocrx_word' id='word_1_42' title='bbox 902 476 1303 548; x_wconf 73' lang='grc' dir='ltr'><strong>προειρημένος</strong></span> <span class='ocrx_word' id='word_1_43' title='bbox 1327 476 1701 539; x_wconf 82' lang='grc' dir='ltr'>υύαλεντῖνος,</span> 
     </span>
    </p>
   </div>
   <div class='ocr_carea' id='block_1_8' title="bbox 104 565 1703 639">
    <p class='ocr_par' dir='ltr' id='par_1_8' title="bbox 104 565 1703 639">
     <span class='ocr_line' id='line_1_8' title="bbox 104 565 1703 639; baseline -0.004 -17"><span class='ocrx_word' id='word_1_44' title='bbox 104 570 200 622; x_wconf 77' lang='grc' dir='ltr'>καὶ</span> <span class='ocrx_word' id='word_1_45' title='bbox 224 570 277 620; x_wconf 81' lang='lat' dir='ltr'><strong>oi.</strong></span> <span class='ocrx_word' id='word_1_46' title='bbox 310 568 499 621; x_wconf 73' lang='grc' dir='ltr'>πολλοὶ</span> <span class='ocrx_word' id='word_1_47' title='bbox 536 569 583 620; x_wconf 76' lang='lat' dir='ltr'><strong>ot</strong></span> <span class='ocrx_word' id='word_1_48' title='bbox 616 568 736 621; x_wconf 86' lang='grc' dir='ltr'>κατ’</span> <span class='ocrx_word' id='word_1_49' title='bbox 768 566 931 621; x_wconf 76' lang='grc' dir='ltr'>αὐτόν</span> <span class='ocrx_word' id='word_1_50' title='bbox 975 566 1355 639; x_wconf 77' lang='grc' dir='ltr'><strong>ἀφραίνοντες.</strong></span> <span class='ocrx_word' id='word_1_51' title='bbox 1400 565 1703 635; x_wconf 84' lang='grc' dir='ltr'>Ἤλέγχθη-</span> 
     </span>
    </p>
   </div>
   <div class='ocr_carea' id='block_1_9' title="bbox 108 649 1706 727">
    <p class='ocr_par' dir='ltr' id='par_1_9' title="bbox 108 649 1706 727">
     <span class='ocr_line' id='line_1_9' title="bbox 108 649 1706 727; baseline -0.005 -16"><span class='ocrx_word' id='word_1_52' title='bbox 108 676 203 711; x_wconf 82' lang='grc' dir='ltr'><strong>σαν</strong></span> <span class='ocrx_word' id='word_1_53' title='bbox 231 660 329 711; x_wconf 72' lang='grc' dir='ltr'>καὶ</span> <span class='ocrx_word' id='word_1_54' title='bbox 359 660 407 711; x_wconf 70' lang='lat' dir='ltr'><strong>oi</strong></span> <span class='ocrx_word' id='word_1_55' title='bbox 442 656 875 727; x_wconf 73' lang='grc' dir='ltr'>ἀποόαλλόμενοι</span> <span class='ocrx_word' id='word_1_56' title='bbox 907 649 969 709; x_wconf 74' lang='grc' dir='ltr'><strong>τὺ</strong></span> <span class='ocrx_word' id='word_1_57' title='bbox 996 654 1138 709; x_wconf 80' lang='grc' dir='ltr'>κατὰ</span> <span class='ocrx_word' id='word_1_58' title='bbox 1180 654 1431 723; x_wconf 82' lang='grc' dir='ltr'><strong>Ἰωάννην</strong></span> <span class='ocrx_word' id='word_1_59' title='bbox 1460 651 1706 720; x_wconf 75' lang='grc' dir='ltr'>Εὐαγγέ-</span> 
     </span>
    </p>
   </div>
   <div class='ocr_carea' id='block_1_10' title="bbox 102 743 1703 816">
    <p class='ocr_par' dir='ltr' id='par_1_10' title="bbox 102 743 1703 816">
     <span class='ocr_line' id='line_1_10' title="bbox 102 743 1703 816; baseline -0.002 -15"><span class='ocrx_word' id='word_1_60' title='bbox 102 750 235 813; x_wconf 80' lang='grc' dir='ltr'>λιον,</span> <span class='ocrx_word' id='word_1_61' title='bbox 292 748 392 814; x_wconf 84' lang='grc' dir='ltr'>οὓς</span> <span class='ocrx_word' id='word_1_62' title='bbox 438 748 663 812; x_wconf 77' lang='grc' dir='ltr'><strong>δικαίως</strong></span> <span class='ocrx_word' id='word_1_63' title='bbox 704 744 935 816; x_wconf 82' lang='grc' dir='ltr'>ἀλόγους</span> <span class='ocrx_word' id='word_1_64' title='bbox 990 745 1318 816; x_wconf 84' lang='grc' dir='ltr'>καλέσομαι,</span> <span class='ocrx_word' id='word_1_65' title='bbox 1370 744 1557 815; x_wconf 85' lang='grc' dir='ltr'>ἐπειδὴ</span> <span class='ocrx_word' id='word_1_66' title='bbox 1611 743 1703 797; x_wconf 83' lang='grc' dir='ltr'>τὸν</span> 
     </span>
    </p>
   </div>
   <div class='ocr_carea' id='block_1_11' title="bbox 104 840 1704 912">
    <p class='ocr_par' dir='ltr' id='par_1_11' title="bbox 104 840 1704 912">
     <span class='ocr_line' id='line_1_11' title="bbox 104 840 1704 912; baseline -0.001 -16"><span class='ocrx_word' id='word_1_67' title='bbox 104 844 278 910; x_wconf 80' lang='grc' dir='ltr'>Λόγον</span> <span class='ocrx_word' id='word_1_68' title='bbox 306 841 404 896; x_wconf 84' lang='grc' dir='ltr'><strong>τοῦ</strong></span> <span class='ocrx_word' id='word_1_69' title='bbox 432 842 571 896; x_wconf 83' lang='grc' dir='ltr'><strong>Θεοῦ</strong></span> <span class='ocrx_word' id='word_1_70' title='bbox 608 841 1031 905; x_wconf 79' lang='grc' dir='ltr'>άποὸάλλονται,</span> <span class='ocrx_word' id='word_1_71' title='bbox 1066 840 1160 894; x_wconf 85' lang='grc' dir='ltr'>τὸν</span> <span class='ocrx_word' id='word_1_72' title='bbox 1194 840 1282 895; x_wconf 87' lang='grc' dir='ltr'><strong>διὰ</strong></span> <span class='ocrx_word' id='word_1_73' title='bbox 1324 841 1576 910; x_wconf 80' lang='grc' dir='ltr'><strong>Ἰωάννην</strong></span> <span class='ocrx_word' id='word_1_74' title='bbox 1601 857 1704 912; x_wconf 80' lang='grc' dir='ltr'>κη-</span> 
     </span>
    </p>
   </div>
   <div class='ocr_carea' id='block_1_12' title="bbox 105 932 1706 1007">
    <p class='ocr_par' dir='ltr' id='par_1_12' title="bbox 105 932 1706 1007">
     <span class='ocr_line' id='line_1_12' title="bbox 105 932 1706 1007; baseline 0.001 -21"><span class='ocrx_word' id='word_1_75' title='bbox 105 935 406 1006; x_wconf 78' lang='grc' dir='ltr'>ρυχθέντα,</span> <span class='ocrx_word' id='word_1_76' title='bbox 455 934 723 1007; x_wconf 77' lang='grc' dir='ltr'><strong>πατρικὸν</strong></span> <span class='ocrx_word' id='word_1_77' title='bbox 768 933 901 988; x_wconf 85' lang='grc' dir='ltr'><strong>Θεὸν</strong></span> <span class='ocrx_word' id='word_1_78' title='bbox 936 933 1131 1003; x_wconf 81' lang='grc' dir='ltr'><strong>Λόγον,</strong></span> <span class='ocrx_word' id='word_1_79' title='bbox 1164 934 1262 986; x_wconf 75' lang='grc' dir='ltr'><strong>ἀπ’</strong></span> <span class='ocrx_word' id='word_1_80' title='bbox 1294 932 1526 1004; x_wconf 77' lang='grc' dir='ltr'>ούρανοῦ</span> <span class='ocrx_word' id='word_1_81' title='bbox 1572 943 1706 987; x_wconf 73' lang='grc' dir='ltr'>κατ-</span> 
     </span>
    </p>
   </div>
   <div class='ocr_carea' id='block_1_13' title="bbox 103 1023 1704 1098">
    <p class='ocr_par' dir='ltr' id='par_1_13' title="bbox 103 1023 1704 1098">
     <span class='ocr_line' id='line_1_13' title="bbox 103 1023 1704 1098; baseline 0 -20"><span class='ocrx_word' id='word_1_82' title='bbox 103 1027 432 1097; x_wconf 80' lang='grc' dir='ltr'>εληλυθότα,</span> <span class='ocrx_word' id='word_1_83' title='bbox 485 1028 583 1080; x_wconf 69' lang='grc' dir='ltr'>καὶ</span> <span class='ocrx_word' id='word_1_84' title='bbox 638 1027 912 1098; x_wconf 77' lang='grc' dir='ltr'><strong>σωτηρίαν</strong></span> <span class='ocrx_word' id='word_1_85' title='bbox 960 1028 1093 1097; x_wconf 80' lang='grc' dir='ltr'>ἡμῖν</span> <span class='ocrx_word' id='word_1_86' title='bbox 1153 1024 1549 1097; x_wconf 86' lang='grc' dir='ltr'>ἐργασάμενον,</span> <span class='ocrx_word' id='word_1_87' title='bbox 1603 1023 1704 1095; x_wconf 87' lang='grc' dir='ltr'><strong>τῆς</strong></span> 
     </span>
    </p>
   </div>
   <div class='ocr_carea' id='block_1_14' title="bbox 102 1115 1703 1190">
    <p class='ocr_par' dir='ltr' id='par_1_14' title="bbox 102 1115 1703 1190">
     <span class='ocr_line' id='line_1_14' title="bbox 102 1115 1703 1190; baseline -0.001 -19"><span class='ocrx_word' id='word_1_88' title='bbox 102 1120 288 1189; x_wconf 76' lang='grc' dir='ltr'>πάσης</span> <span class='ocrx_word' id='word_1_89' title='bbox 324 1119 495 1172; x_wconf 74' lang='grc' dir='ltr'>αὐτοῦ</span> <span class='ocrx_word' id='word_1_90' title='bbox 526 1119 794 1190; x_wconf 79' lang='grc' dir='ltr'>ἐνσάρκου</span> <span class='ocrx_word' id='word_1_91' title='bbox 842 1115 1167 1189; x_wconf 84' lang='grc' dir='ltr'>παρουσίας.</span> <span class='ocrx_word' id='word_1_92' title='bbox 1202 1118 1323 1171; x_wconf 85' lang='grc' dir='ltr'><strong>Ὅτι</strong></span> <span class='ocrx_word' id='word_1_93' title='bbox 1353 1118 1461 1170; x_wconf 85' lang='grc' dir='ltr'>ἀπό</span> <span class='ocrx_word' id='word_1_94' title='bbox 1494 1134 1553 1169; x_wconf 86' lang='grc' dir='ltr'><strong>τε</strong></span> <span class='ocrx_word' id='word_1_95' title='bbox 1594 1117 1703 1169; x_wconf 86' lang='grc' dir='ltr'><strong>τῶν</strong></span> 
     </span>
    </p>
   </div>
   <div class='ocr_carea' id='block_1_15' title="bbox 103 1209 1702 1280">
    <p class='ocr_par' dir='ltr' id='par_1_15' title="bbox 103 1209 1702 1280">
     <span class='ocr_line' id='line_1_15' title="bbox 103 1209 1702 1280; baseline -0.003 -14"><span class='ocrx_word' id='word_1_96' title='bbox 103 1212 409 1277; x_wconf 75' lang='grc' dir='ltr'>ὑπατειῶν,</span> <span class='ocrx_word' id='word_1_97' title='bbox 441 1213 536 1265; x_wconf 74' lang='grc' dir='ltr'>καὶ</span> <span class='ocrx_word' id='word_1_98' title='bbox 560 1212 669 1265; x_wconf 78' lang='grc' dir='ltr'><strong>ἀπὸ</strong></span> <span class='ocrx_word' id='word_1_99' title='bbox 691 1211 800 1264; x_wconf 90' lang='grc' dir='ltr'><strong>τῶν</strong></span> <span class='ocrx_word' id='word_1_100' title='bbox 830 1210 988 1278; x_wconf 89' lang='grc' dir='ltr'>ἐτῶν,</span> <span class='ocrx_word' id='word_1_101' title='bbox 1016 1210 1111 1264; x_wconf 67' lang='grc' dir='ltr'>καὶ</span> <span class='ocrx_word' id='word_1_102' title='bbox 1132 1209 1239 1264; x_wconf 81' lang='grc' dir='ltr'><strong>ἀπὸ</strong></span> <span class='ocrx_word' id='word_1_103' title='bbox 1264 1211 1363 1280; x_wconf 83' lang='grc' dir='ltr'>τῆς</span> <span class='ocrx_word' id='word_1_104' title='bbox 1387 1210 1702 1272; x_wconf 84' lang='grc' dir='ltr'>συστάσεως</span> 
     </span>
    </p>
   </div>
   <div class='ocr_carea' id='block_1_16' title="bbox 102 1298 1702 1371">
    <p class='ocr_par' dir='ltr' id='par_1_16' title="bbox 102 1298 1702 1371">
     <span class='ocr_line' id='line_1_16' title="bbox 102 1298 1702 1371; baseline -0.003 -15"><span class='ocrx_word' id='word_1_105' title='bbox 102 1302 195 1356; x_wconf 83' lang='grc' dir='ltr'><strong>τοῦ</strong></span> <span class='ocrx_word' id='word_1_106' title='bbox 235 1303 525 1371; x_wconf 81' lang='grc' dir='ltr'>προφήτου</span> <span class='ocrx_word' id='word_1_107' title='bbox 573 1301 817 1362; x_wconf 76' lang='grc' dir='ltr'>Ἡσαΐου,</span> <span class='ocrx_word' id='word_1_108' title='bbox 872 1301 965 1354; x_wconf 80' lang='grc' dir='ltr'>καὶ</span> <span class='ocrx_word' id='word_1_109' title='bbox 999 1298 1109 1352; x_wconf 80' lang='grc' dir='ltr'><strong>ἀπὸ</strong></span> <span class='ocrx_word' id='word_1_110' title='bbox 1148 1298 1243 1351; x_wconf 90' lang='grc' dir='ltr'><strong>τοῦ</strong></span> <span class='ocrx_word' id='word_1_111' title='bbox 1297 1298 1436 1352; x_wconf 84' lang='grc' dir='ltr'>κατὰ</span> <span class='ocrx_word' id='word_1_112' title='bbox 1487 1300 1702 1352; x_wconf 80' lang='grc' dir='ltr'>Λουκᾶν</span> 
     </span>
    </p>
   </div>
   <div class='ocr_carea' id='block_1_17' title="bbox 103 1388 1700 1461">
    <p class='ocr_par' dir='ltr' id='par_1_17' title="bbox 103 1388 1700 1461">
     <span class='ocr_line' id='line_1_17' title="bbox 103 1388 1700 1461; baseline -0.002 -15"><span class='ocrx_word' id='word_1_113' title='bbox 103 1392 472 1460; x_wconf 79' lang='grc' dir='ltr'>Εύαγγελίου,</span> <span class='ocrx_word' id='word_1_114' title='bbox 494 1392 589 1445; x_wconf 79' lang='grc' dir='ltr'>καὶ</span> <span class='ocrx_word' id='word_1_115' title='bbox 621 1390 728 1444; x_wconf 84' lang='grc' dir='ltr'><strong>ἀπὸ</strong></span> <span class='ocrx_word' id='word_1_116' title='bbox 752 1390 843 1444; x_wconf 90' lang='grc' dir='ltr'><strong>τοῦ</strong></span> <span class='ocrx_word' id='word_1_117' title='bbox 876 1390 1019 1445; x_wconf 84' lang='grc' dir='ltr'>κατὰ</span> <span class='ocrx_word' id='word_1_118' title='bbox 1052 1390 1324 1461; x_wconf 84' lang='grc' dir='ltr'>Ἰωάννην,</span> <span class='ocrx_word' id='word_1_119' title='bbox 1356 1391 1450 1444; x_wconf 77' lang='grc' dir='ltr'>καὶ</span> <span class='ocrx_word' id='word_1_120' title='bbox 1472 1390 1580 1443; x_wconf 79' lang='grc' dir='ltr'><strong>ἀπὸ</strong></span> <span class='ocrx_word' id='word_1_121' title='bbox 1607 1388 1700 1443; x_wconf 86' lang='grc' dir='ltr'><strong>τοῦ</strong></span> 
     </span>
    </p>
   </div>
   <div class='ocr_carea' id='block_1_18' title="bbox 102 1480 1703 1553">
    <p class='ocr_par' dir='ltr' id='par_1_18' title="bbox 102 1480 1703 1553">
     <span class='ocr_line' id='line_1_18' title="bbox 102 1480 1703 1553; baseline -0.002 -15"><span class='ocrx_word' id='word_1_122' title='bbox 102 1485 249 1538; x_wconf 76' lang='grc' dir='ltr'>κατὰ</span> <span class='ocrx_word' id='word_1_123' title='bbox 277 1484 583 1548; x_wconf 74' lang='grc' dir='ltr'>Ματθαῐον,</span> <span class='ocrx_word' id='word_1_124' title='bbox 608 1483 701 1537; x_wconf 82' lang='grc' dir='ltr'>καὶ</span> <span class='ocrx_word' id='word_1_125' title='bbox 722 1482 831 1536; x_wconf 77' lang='grc' dir='ltr'><strong>ἀπὸ</strong></span> <span class='ocrx_word' id='word_1_126' title='bbox 856 1481 949 1535; x_wconf 88' lang='grc' dir='ltr'><strong>τοῦ</strong></span> <span class='ocrx_word' id='word_1_127' title='bbox 972 1481 1115 1536; x_wconf 83' lang='grc' dir='ltr'>κατὰ</span> <span class='ocrx_word' id='word_1_128' title='bbox 1142 1480 1390 1553; x_wconf 86' lang='grc' dir='ltr'>Μάρκον,</span> <span class='ocrx_word' id='word_1_129' title='bbox 1416 1482 1509 1535; x_wconf 78' lang='grc' dir='ltr'>καὶ</span> <span class='ocrx_word' id='word_1_130' title='bbox 1532 1481 1703 1549; x_wconf 79' lang='grc' dir='ltr'>ἁπαξ-</span> 
     </span>
    </p>
   </div>
   <div class='ocr_carea' id='block_1_19' title="bbox 102 1573 1697 1646">
    <p class='ocr_par' dir='ltr' id='par_1_19' title="bbox 102 1573 1697 1646">
     <span class='ocr_line' id='line_1_19' title="bbox 102 1573 1697 1646; baseline -0.004 -15"><span class='ocrx_word' id='word_1_131' title='bbox 102 1577 298 1641; x_wconf 84' lang='grc' dir='ltr'>απλῶς</span> <span class='ocrx_word' id='word_1_132' title='bbox 365 1575 704 1646; x_wconf 74' lang='grc' dir='ltr'>πανταχόθεν</span> <span class='ocrx_word' id='word_1_133' title='bbox 749 1574 1092 1646; x_wconf 73' lang='grc' dir='ltr'>ἠλέγχθησαν</span> <span class='ocrx_word' id='word_1_134' title='bbox 1142 1575 1191 1627; x_wconf 82' lang='lat' dir='ltr'><strong>oi</strong></span> <span class='ocrx_word' id='word_1_135' title='bbox 1258 1573 1697 1645; x_wconf 66' lang='grc' dir='ltr'>πεπλανημένον</span> 
     </span>
    </p>
   </div>
   <div class='ocr_carea' id='block_1_20' title="bbox 1805 383 3389 454">
    <p class='ocr_par' dir='ltr' id='par_1_20' title="bbox 1805 383 3389 454">
     <span class='ocr_line' id='line_1_20' title="bbox 1805 383 3389 454; baseline -0.001 -15"><span class='ocrx_word' id='word_1_136' title='bbox 1805 398 1984 454; x_wconf 91' lang='lat' dir='ltr'><strong>usque</strong></span> <span class='ocrx_word' id='word_1_137' title='bbox 2038 399 2212 439; x_wconf 88' lang='lat' dir='ltr'><strong>annos</strong></span> <span class='ocrx_word' id='word_1_138' title='bbox 2264 400 2459 449; x_wconf 87' lang='lat' dir='ltr'><strong>xxxu,</strong></span> <span class='ocrx_word' id='word_1_139' title='bbox 2510 399 2575 438; x_wconf 90' lang='lat' dir='ltr'><strong>ac</strong></span> <span class='ocrx_word' id='word_1_140' title='bbox 2621 383 2742 439; x_wconf 82' lang='lat' dir='ltr'><strong>dies</strong></span> <span class='ocrx_word' id='word_1_141' title='bbox 2799 397 2958 438; x_wconf 80' lang='lat' dir='ltr'><strong>Lxxiv</strong></span> <span class='ocrx_word' id='word_1_142' title='bbox 3021 383 3389 453; x_wconf 73' lang='lat' dir='ltr'><strong>colligatzab</strong></span> 
     </span>
    </p>
   </div>
   <div class='ocr_carea' id='block_1_21' title="bbox 1805 474 3382 538">
    <p class='ocr_par' dir='ltr' id='par_1_21' title="bbox 1805 474 3382 538">
     <span class='ocr_line' id='line_1_21' title="bbox 1805 474 3382 538; baseline 0.001 -9"><span class='ocrx_word' id='word_1_143' title='bbox 1805 475 2030 531; x_wconf 89' lang='lat' dir='ltr'><strong>ineunte</strong></span> <span class='ocrx_word' id='word_1_144' title='bbox 2073 491 2206 531; x_wconf 89' lang='lat' dir='ltr'><strong>vero</strong></span> <span class='ocrx_word' id='word_1_145' title='bbox 2248 476 2421 531; x_wconf 92' lang='lat' dir='ltr'><strong>Silani</strong></span> <span class='ocrx_word' id='word_1_146' title='bbox 2451 491 2517 532; x_wconf 89' lang='lat' dir='ltr'><strong>ac</strong></span> <span class='ocrx_word' id='word_1_147' title='bbox 2552 474 2746 532; x_wconf 60' lang='lat' dir='ltr'><strong>Nerva}</strong></span> <span class='ocrx_word' id='word_1_148' title='bbox 2771 474 3064 531; x_wconf 89' lang='lat' dir='ltr'><strong>consulatu</strong></span> <span class='ocrx_word' id='word_1_149' title='bbox 3089 475 3216 530; x_wconf 90' lang='lat' dir='ltr'><strong>anni</strong></span> <span class='ocrx_word' id='word_1_150' title='bbox 3247 474 3382 538; x_wconf 83' lang='lat' dir='ltr'><strong>duo,</strong></span> 
     </span>
    </p>
   </div>
   <div class='ocr_carea' id='block_1_22' title="bbox 1803 562 3385 630">
    <p class='ocr_par' dir='ltr' id='par_1_22' title="bbox 1803 562 3385 630">
     <span class='ocr_line' id='line_1_22' title="bbox 1803 562 3385 630; baseline 0.001 -11"><span class='ocrx_word' id='word_1_151' title='bbox 1803 580 1869 620; x_wconf 86' lang='lat' dir='ltr'><strong>ac</strong></span> <span class='ocrx_word' id='word_1_152' title='bbox 1900 565 2019 621; x_wconf 89' lang='lat' dir='ltr'><strong>dies</strong></span> <span class='ocrx_word' id='word_1_153' title='bbox 2033 580 2237 621; x_wconf 87' lang='lat' dir='ltr'><strong>cxxxiv</strong></span> <span class='ocrx_word' id='word_1_154' title='bbox 2264 564 2542 621; x_wconf 84' lang='lat' dir='ltr'><strong>ﬂuxerint.</strong></span> <span class='ocrx_word' id='word_1_155' title='bbox 2586 567 2663 620; x_wconf 88' lang='lat' dir='ltr'><strong>lta</strong></span> <span class='ocrx_word' id='word_1_156' title='bbox 2704 579 2812 621; x_wconf 92' lang='lat' dir='ltr'><strong>non</strong></span> <span class='ocrx_word' id='word_1_157' title='bbox 2844 564 3006 620; x_wconf 89' lang='lat' dir='ltr'><strong>modo</strong></span> <span class='ocrx_word' id='word_1_158' title='bbox 3040 562 3385 630; x_wconf 83' lang='lat' dir='ltr'><strong>Valentinus,</strong></span> 
     </span>
    </p>
   </div>
   <div class='ocr_carea' id='block_1_23' title="bbox 1802 656 3385 728">
    <p class='ocr_par' dir='ltr' id='par_1_23' title="bbox 1802 656 3385 728">
     <span class='ocr_line' id='line_1_23' title="bbox 1802 656 3385 728; baseline 0 -15"><span class='ocrx_word' id='word_1_159' title='bbox 1802 656 1903 713; x_wconf 86' lang='lat' dir='ltr'><strong>sed</strong></span> <span class='ocrx_word' id='word_1_160' title='bbox 1932 663 1989 712; x_wconf 85' lang='lat' dir='ltr'><strong>et</strong></span> <span class='ocrx_word' id='word_1_161' title='bbox 2014 657 2212 728; x_wconf 81' lang='lat' dir='ltr'><strong>reliqui</strong></span> <span class='ocrx_word' id='word_1_162' title='bbox 2243 657 2490 727; x_wconf 81' lang='lat' dir='ltr'><strong>ejusdem</strong></span> <span class='ocrx_word' id='word_1_163' title='bbox 2540 664 2846 714; x_wconf 70' lang='lat' dir='ltr'><strong>sectatores</strong></span> <span class='ocrx_word' id='word_1_164' title='bbox 2886 656 3136 721; x_wconf 65' lang='lat' dir='ltr'><strong>insaniae,</strong></span> <span class='ocrx_word' id='word_1_165' title='bbox 3176 658 3385 714; x_wconf 92' lang='lat' dir='ltr'><strong>erroris</strong></span> 
     </span>
    </p>
   </div>
   <div class='ocr_carea' id='block_1_24' title="bbox 1802 747 3386 821">
    <p class='ocr_par' dir='ltr' id='par_1_24' title="bbox 1802 747 3386 821">
     <span class='ocr_line' id='line_1_24' title="bbox 1802 747 3386 821; baseline 0.001 -18"><span class='ocrx_word' id='word_1_166' title='bbox 1802 756 2134 820; x_wconf 80' lang='lat' dir='ltr'><strong>arguuntur.</strong></span> <span class='ocrx_word' id='word_1_167' title='bbox 2196 748 2305 805; x_wconf 87' lang='lat' dir='ltr'><strong>Sed</strong></span> <span class='ocrx_word' id='word_1_168' title='bbox 2349 757 2404 804; x_wconf 86' lang='lat' dir='ltr'><strong>et</strong></span> <span class='ocrx_word' id='word_1_169' title='bbox 2450 749 2532 804; x_wconf 82' lang='lat' dir='ltr'><strong>illi</strong></span> <span class='ocrx_word' id='word_1_170' title='bbox 2574 749 2679 821; x_wconf 85' lang='lat' dir='ltr'><strong>ipsi</strong></span> <span class='ocrx_word' id='word_1_171' title='bbox 2722 764 2966 820; x_wconf 88' lang='lat' dir='ltr'><strong>quoque,</strong></span> <span class='ocrx_word' id='word_1_172' title='bbox 3015 749 3109 820; x_wconf 89' lang='lat' dir='ltr'><strong>qui</strong></span> <span class='ocrx_word' id='word_1_173' title='bbox 3153 747 3386 805; x_wconf 82' lang='lat' dir='ltr'><strong>Joannis</strong></span> 
     </span>
    </p>
   </div>
   <div class='ocr_carea' id='block_1_25' title="bbox 1802 839 3389 913">
    <p class='ocr_par' dir='ltr' id='par_1_25' title="bbox 1802 839 3389 913">
     <span class='ocr_line' id='line_1_25' title="bbox 1802 839 3389 913; baseline 0.001 -18"><span class='ocrx_word' id='word_1_174' title='bbox 1802 839 2156 911; x_wconf 84' lang='lat' dir='ltr'><strong>Evangelium</strong></span> <span class='ocrx_word' id='word_1_175' title='bbox 2182 841 2474 911; x_wconf 88' lang='lat' dir='ltr'><strong>abjiciunt,</strong></span> <span class='ocrx_word' id='word_1_176' title='bbox 2500 857 2643 913; x_wconf 90' lang='lat' dir='ltr'><strong>quos</strong></span> <span class='ocrx_word' id='word_1_177' title='bbox 2660 842 2886 912; x_wconf 80' lang='grc' dir='ltr'>ἀλόγους</span> <span class='ocrx_word' id='word_1_178' title='bbox 2914 843 3110 897; x_wconf 86' lang='lat' dir='ltr'><strong>merito</strong></span> <span class='ocrx_word' id='word_1_179' title='bbox 3138 842 3389 898; x_wconf 77' lang='lat' dir='ltr'><strong>nomina-</strong></span> 
     </span>
    </p>
   </div>
   <div class='ocr_carea' id='block_1_26' title="bbox 1802 931 3389 1003">
    <p class='ocr_par' dir='ltr' id='par_1_26' title="bbox 1802 931 3389 1003">
     <span class='ocr_line' id='line_1_26' title="bbox 1802 931 3389 1003; baseline -0.001 -16"><span class='ocrx_word' id='word_1_180' title='bbox 1802 946 1948 997; x_wconf 87' lang='lat' dir='ltr'><strong>mus,</strong></span> <span class='ocrx_word' id='word_1_181' title='bbox 1976 932 2239 1003; x_wconf 87' lang='lat' dir='ltr'><strong>quoniam</strong></span> <span class='ocrx_word' id='word_1_182' title='bbox 2287 932 2479 1001; x_wconf 83' lang='grc' dir='ltr'>Λόγον,</span> <span class='ocrx_word' id='word_1_183' title='bbox 2521 932 2627 988; x_wconf 89' lang='lat' dir='ltr'><strong>hoc</strong></span> <span class='ocrx_word' id='word_1_184' title='bbox 2674 944 2757 991; x_wconf 79' lang='grc' dir='ltr'><strong>εει</strong></span> <span class='ocrx_word' id='word_1_185' title='bbox 2790 931 2885 989; x_wconf 89' lang='lat' dir='ltr'><strong>Dei</strong></span> <span class='ocrx_word' id='word_1_186' title='bbox 2923 931 3160 988; x_wconf 79' lang='lat' dir='ltr'><strong>Verbum</strong></span> <span class='ocrx_word' id='word_1_187' title='bbox 3193 932 3389 1003; x_wconf 64' lang='lat' dir='ltr'><strong>praedi-</strong></span> 
     </span>
    </p>
   </div>
   <div class='ocr_carea' id='block_1_27' title="bbox 1801 1022 3387 1096">
    <p class='ocr_par' dir='ltr' id='par_1_27' title="bbox 1801 1022 3387 1096">
     <span class='ocr_line' id='line_1_27' title="bbox 1801 1022 3387 1096; baseline 0.001 -18"><span class='ocrx_word' id='word_1_188' title='bbox 1801 1030 1983 1078; x_wconf 85' lang='lat' dir='ltr'><strong>catum</strong></span> <span class='ocrx_word' id='word_1_189' title='bbox 2028 1039 2059 1078; x_wconf 89' lang='lat' dir='ltr'><strong>a</strong></span> <span class='ocrx_word' id='word_1_190' title='bbox 2085 1022 2299 1079; x_wconf 78' lang='lat' dir='ltr'><strong>Joanne</strong></span> <span class='ocrx_word' id='word_1_191' title='bbox 2348 1024 2671 1095; x_wconf 84' lang='lat' dir='ltr'><strong>repudiarit;</strong></span> <span class='ocrx_word' id='word_1_192' title='bbox 2714 1024 2916 1087; x_wconf 83' lang='lat' dir='ltr'><strong>Patris,</strong></span> <span class='ocrx_word' id='word_1_193' title='bbox 2960 1025 3209 1096; x_wconf 86' lang='lat' dir='ltr'><strong>inquam,</strong></span> <span class='ocrx_word' id='word_1_194' title='bbox 3263 1024 3387 1080; x_wconf 79' lang='lat' dir='ltr'><strong>Ver-</strong></span> 
     </span>
    </p>
   </div>
   <div class='ocr_carea' id='block_1_28' title="bbox 1801 1112 3386 1187">
    <p class='ocr_par' dir='ltr' id='par_1_28' title="bbox 1801 1112 3386 1187">
     <span class='ocr_line' id='line_1_28' title="bbox 1801 1112 3386 1187; baseline 0.003 -20"><span class='ocrx_word' id='word_1_195' title='bbox 1801 1112 1931 1168; x_wconf 86' lang='lat' dir='ltr'><strong>bum</strong></span> <span class='ocrx_word' id='word_1_196' title='bbox 1969 1114 2123 1179; x_wconf 92' lang='lat' dir='ltr'><strong>illud,</strong></span> <span class='ocrx_word' id='word_1_197' title='bbox 2153 1130 2217 1171; x_wconf 92' lang='lat' dir='ltr'><strong>ac</strong></span> <span class='ocrx_word' id='word_1_198' title='bbox 2250 1114 2442 1179; x_wconf 90' lang='lat' dir='ltr'><strong>Deum,</strong></span> <span class='ocrx_word' id='word_1_199' title='bbox 2474 1117 2569 1187; x_wconf 88' lang='lat' dir='ltr'><strong>qui</strong></span> <span class='ocrx_word' id='word_1_200' title='bbox 2599 1117 2666 1171; x_wconf 90' lang='lat' dir='ltr'><strong>de</strong></span> <span class='ocrx_word' id='word_1_201' title='bbox 2698 1118 2840 1173; x_wconf 62' lang='lat' dir='ltr'><strong>male</strong></span> <span class='ocrx_word' id='word_1_202' title='bbox 2868 1116 3128 1186; x_wconf 86' lang='lat' dir='ltr'><strong>delapsus</strong></span> <span class='ocrx_word' id='word_1_203' title='bbox 3154 1116 3386 1171; x_wconf 84' lang='lat' dir='ltr'><strong>salutem</strong></span> 
     </span>
    </p>
   </div>
   <div class='ocr_carea' id='block_1_29' title="bbox 1800 1205 3385 1277">
    <p class='ocr_par' dir='ltr' id='par_1_29' title="bbox 1800 1205 3385 1277">
     <span class='ocr_line' id='line_1_29' title="bbox 1800 1205 3385 1277; baseline 0.003 -17"><span class='ocrx_word' id='word_1_204' title='bbox 1800 1205 1963 1262; x_wconf 90' lang='lat' dir='ltr'><strong>nobis</strong></span> <span class='ocrx_word' id='word_1_205' title='bbox 2014 1213 2130 1261; x_wconf 91' lang='lat' dir='ltr'><strong>toto</strong></span> <span class='ocrx_word' id='word_1_206' title='bbox 2179 1207 2294 1273; x_wconf 90' lang='lat' dir='ltr'><strong>illo,</strong></span> <span class='ocrx_word' id='word_1_207' title='bbox 2332 1224 2442 1277; x_wconf 91' lang='lat' dir='ltr'><strong>quo</strong></span> <span class='ocrx_word' id='word_1_208' title='bbox 2489 1208 2631 1263; x_wconf 89' lang='lat' dir='ltr'><strong>inter</strong></span> <span class='ocrx_word' id='word_1_209' title='bbox 2684 1209 2936 1263; x_wconf 88' lang='lat' dir='ltr'><strong>homines</strong></span> <span class='ocrx_word' id='word_1_210' title='bbox 2983 1217 3237 1264; x_wconf 81' lang='lat' dir='ltr'><strong>versatus</strong></span> <span class='ocrx_word' id='word_1_211' title='bbox 3278 1220 3385 1270; x_wconf 84' lang='lat' dir='ltr'><strong>est.</strong></span> 
     </span>
    </p>
   </div>
   <div class='ocr_carea' id='block_1_30' title="bbox 1801 1301 3382 1372">
    <p class='ocr_par' dir='ltr' id='par_1_30' title="bbox 1801 1301 3382 1372">
     <span class='ocr_line' id='line_1_30' title="bbox 1801 1301 3382 1372; baseline 0 -17"><span class='ocrx_word' id='word_1_212' title='bbox 1801 1309 2047 1372; x_wconf 86' lang='lat' dir='ltr'><strong>tempore</strong></span> <span class='ocrx_word' id='word_1_213' title='bbox 2075 1303 2414 1357; x_wconf 81' lang='lat' dir='ltr'><strong>conciliavit.</strong></span> <span class='ocrx_word' id='word_1_214' title='bbox 2450 1302 2585 1357; x_wconf 85' lang='lat' dir='ltr'><strong>Nam</strong></span> <span class='ocrx_word' id='word_1_215' title='bbox 2636 1312 2690 1359; x_wconf 84' lang='lat' dir='ltr'><strong>et</strong></span> <span class='ocrx_word' id='word_1_216' title='bbox 2725 1301 3045 1358; x_wconf 83' lang='lat' dir='ltr'><strong>consulares</strong></span> <span class='ocrx_word' id='word_1_217' title='bbox 3075 1304 3197 1359; x_wconf 89' lang='lat' dir='ltr'><strong>illos</strong></span> <span class='ocrx_word' id='word_1_218' title='bbox 3232 1303 3382 1367; x_wconf 82' lang='lat' dir='ltr'><strong>fasti,</strong></span> 
     </span>
    </p>
   </div>
   <div class='ocr_carea' id='block_1_31' title="bbox 1800 1394 3387 1465">
    <p class='ocr_par' dir='ltr' id='par_1_31' title="bbox 1800 1394 3387 1465">
     <span class='ocr_line' id='line_1_31' title="bbox 1800 1394 3387 1465; baseline 0.003 -18"><span class='ocrx_word' id='word_1_219' title='bbox 1800 1399 1856 1447; x_wconf 87' lang='lat' dir='ltr'><strong>et</strong></span> <span class='ocrx_word' id='word_1_220' title='bbox 1887 1407 2157 1447; x_wconf 90' lang='lat' dir='ltr'><strong>annorum</strong></span> <span class='ocrx_word' id='word_1_221' title='bbox 2204 1395 2376 1449; x_wconf 84' lang='lat' dir='ltr'><strong>series</strong></span> <span class='ocrx_word' id='word_1_222' title='bbox 2405 1395 2543 1464; x_wconf 90' lang='lat' dir='ltr'><strong>ipsa,</strong></span> <span class='ocrx_word' id='word_1_223' title='bbox 2594 1404 2645 1450; x_wconf 90' lang='lat' dir='ltr'><strong>et</strong></span> <span class='ocrx_word' id='word_1_224' title='bbox 2683 1394 2835 1450; x_wconf 63' lang='lat' dir='ltr'><strong>Isaias</strong></span> <span class='ocrx_word' id='word_1_225' title='bbox 2870 1395 3145 1465; x_wconf 81' lang='lat' dir='ltr'><strong>prophetae</strong></span> <span class='ocrx_word' id='word_1_226' title='bbox 3183 1394 3387 1451; x_wconf 83' lang='lat' dir='ltr'><strong>ﬁrmis-</strong></span> 
     </span>
    </p>
   </div>
   <div class='ocr_carea' id='block_1_32' title="bbox 1800 1483 3385 1556">
    <p class='ocr_par' dir='ltr' id='par_1_32' title="bbox 1800 1483 3385 1556">
     <span class='ocr_line' id='line_1_32' title="bbox 1800 1483 3385 1556; baseline 0.001 -17"><span class='ocrx_word' id='word_1_227' title='bbox 1800 1483 1941 1540; x_wconf 89' lang='lat' dir='ltr'><strong>sima</strong></span> <span class='ocrx_word' id='word_1_228' title='bbox 1972 1486 2249 1556; x_wconf 83' lang='lat' dir='ltr'><strong>probatio,</strong></span> <span class='ocrx_word' id='word_1_229' title='bbox 2280 1494 2335 1541; x_wconf 91' lang='lat' dir='ltr'><strong>et</strong></span> <span class='ocrx_word' id='word_1_230' title='bbox 2365 1484 2545 1551; x_wconf 63' lang='lat' dir='ltr'><strong>Lucae,</strong></span> <span class='ocrx_word' id='word_1_231' title='bbox 2576 1485 2830 1553; x_wconf 77' lang='lat' dir='ltr'><strong>Joannis,</strong></span> <span class='ocrx_word' id='word_1_232' title='bbox 2858 1485 3094 1541; x_wconf 69' lang='lat' dir='ltr'><strong>Matthaai</strong></span> <span class='ocrx_word' id='word_1_233' title='bbox 3122 1502 3188 1541; x_wconf 90' lang='lat' dir='ltr'><strong>ac</strong></span> <span class='ocrx_word' id='word_1_234' title='bbox 3216 1486 3385 1542; x_wconf 79' lang='lat' dir='ltr'><strong>Marci</strong></span> 
     </span>
    </p>
   </div>
   <div class='ocr_carea' id='block_1_33' title="bbox 1800 1574 3386 1647">
    <p class='ocr_par' dir='ltr' id='par_1_33' title="bbox 1800 1574 3386 1647">
     <span class='ocr_line' id='line_1_33' title="bbox 1800 1574 3386 1647; baseline 0.003 -17"><span class='ocrx_word' id='word_1_235' title='bbox 1800 1574 2118 1647; x_wconf 87' lang='lat' dir='ltr'><strong>Evangelia,</strong></span> <span class='ocrx_word' id='word_1_236' title='bbox 2148 1584 2223 1641; x_wconf 84' lang='lat' dir='ltr'><strong>et,</strong></span> <span class='ocrx_word' id='word_1_237' title='bbox 2257 1585 2315 1631; x_wconf 91' lang='lat' dir='ltr'><strong>ut</strong></span> <span class='ocrx_word' id='word_1_238' title='bbox 2347 1591 2457 1632; x_wconf 85' lang='lat' dir='ltr'><strong>uno</strong></span> <span class='ocrx_word' id='word_1_239' title='bbox 2485 1579 2651 1633; x_wconf 89' lang='lat' dir='ltr'><strong>verbo</strong></span> <span class='ocrx_word' id='word_1_240' title='bbox 2683 1579 2886 1645; x_wconf 87' lang='lat' dir='ltr'><strong>dicam,</strong></span> <span class='ocrx_word' id='word_1_241' title='bbox 2925 1580 3113 1634; x_wconf 90' lang='lat' dir='ltr'><strong>omnia</strong></span> <span class='ocrx_word' id='word_1_242' title='bbox 3148 1579 3271 1634; x_wconf 91' lang='lat' dir='ltr'><strong>illos</strong></span> <span class='ocrx_word' id='word_1_243' title='bbox 3296 1596 3386 1635; x_wconf 82' lang='lat' dir='ltr'><strong>ra-</strong></span> 
     </span>
    </p>
   </div>
   <div class='ocr_carea' id='block_1_34' title="bbox 100 1656 1701 1740">
    <p class='ocr_par' dir='ltr' id='par_1_34' title="bbox 100 1664 1701 1740">
     <span class='ocr_line' id='line_1_34' title="bbox 100 1664 1701 1740; baseline -0.003 -18"><span class='ocrx_word' id='word_1_244' title='bbox 100 1671 183 1722; x_wconf 80' lang='grc' dir='ltr'>ὅτι</span> <span class='ocrx_word' id='word_1_245' title='bbox 217 1669 282 1721; x_wconf 87' lang='grc' dir='ltr'><strong>ού</strong></span> <span class='ocrx_word' id='word_1_246' title='bbox 319 1669 484 1740; x_wconf 86' lang='grc' dir='ltr'>μόνον</span> <span class='ocrx_word' id='word_1_247' title='bbox 526 1665 586 1720; x_wconf 80' lang='grc' dir='ltr'>ἓν</span> <span class='ocrx_word' id='word_1_248' title='bbox 621 1668 813 1737; x_wconf 83' lang='grc' dir='ltr'>Πάσχα</span> <span class='ocrx_word' id='word_1_249' title='bbox 850 1665 988 1737; x_wconf 81' lang='grc' dir='ltr'>μετὰ</span> <span class='ocrx_word' id='word_1_250' title='bbox 1027 1665 1127 1737; x_wconf 83' lang='grc' dir='ltr'>τὴν</span> <span class='ocrx_word' id='word_1_251' title='bbox 1173 1664 1351 1737; x_wconf 81' lang='grc' dir='ltr'>ἀρχὴν</span> <span class='ocrx_word' id='word_1_252' title='bbox 1387 1664 1483 1719; x_wconf 89' lang='grc' dir='ltr'><strong>τοῦ</strong></span> <span class='ocrx_word' id='word_1_253' title='bbox 1533 1664 1701 1735; x_wconf 89' lang='grc' dir='ltr'>κηρύ-</span> 
     </span>
    </p>
   </div>
   <div class='ocr_carea' id='block_1_35' title="bbox 1806 1656 3386 1740">
    <p class='ocr_par' dir='ltr' id='par_1_35' title="bbox 1806 1666 3386 1740">
     <span class='ocr_line' id='line_1_35' title="bbox 1806 1666 3386 1740; baseline 0.004 -20"><span class='ocrx_word' id='word_1_254' title='bbox 1806 1666 2023 1722; x_wconf 90' lang='lat' dir='ltr'><strong>tionum</strong></span> <span class='ocrx_word' id='word_1_255' title='bbox 2066 1668 2307 1737; x_wconf 87' lang='lat' dir='ltr'><strong>pondera</strong></span> <span class='ocrx_word' id='word_1_256' title='bbox 2358 1683 2423 1723; x_wconf 90' lang='lat' dir='ltr'><strong>ac</strong></span> <span class='ocrx_word' id='word_1_257' title='bbox 2477 1679 2751 1724; x_wconf 88' lang='lat' dir='ltr'><strong>momenta</strong></span> <span class='ocrx_word' id='word_1_258' title='bbox 2801 1670 3160 1733; x_wconf 84' lang='lat' dir='ltr'><strong>convincunt,</strong></span> <span class='ocrx_word' id='word_1_259' title='bbox 3219 1670 3386 1740; x_wconf 85' lang='lat' dir='ltr'><strong>idque</strong></span> 
     </span>
    </p>
   </div>
   <div class='ocr_carea' id='block_1_36' title="bbox 98 1756 1693 1832">
    <p class='ocr_par' dir='ltr' id='par_1_36' title="bbox 98 1756 1693 1832">
     <span class='ocr_line' id='line_1_36' title="bbox 98 1756 1693 1832; baseline -0.004 -17"><span class='ocrx_word' id='word_1_260' title='bbox 98 1778 318 1832; x_wconf 83' lang='grc' dir='ltr'>γματος</span> <span class='ocrx_word' id='word_1_261' title='bbox 348 1760 489 1815; x_wconf 80' lang='grc' dir='ltr'>κατὰ</span> <span class='ocrx_word' id='word_1_262' title='bbox 514 1759 763 1830; x_wconf 80' lang='grc' dir='ltr'>περίοδον</span> <span class='ocrx_word' id='word_1_263' title='bbox 810 1758 1001 1829; x_wconf 84' lang='grc' dir='ltr'>χρόνον</span> <span class='ocrx_word' id='word_1_264' title='bbox 1041 1756 1287 1811; x_wconf 80' lang='grc' dir='ltr'>ἐνιαυτοῦ</span> <span class='ocrx_word' id='word_1_265' title='bbox 1332 1756 1659 1810; x_wconf 79' lang='grc' dir='ltr'>ἀπετέλεσεν</span> <span class='ocrx_word' id='word_1_266' title='bbox 1680 1774 1693 1785; x_wconf 91' lang='grc'>·</span> 
     </span>
    </p>
   </div>
   <div class='ocr_carea' id='block_1_37' title="bbox 98 1849 1697 1925">
    <p class='ocr_par' dir='ltr' id='par_1_37' title="bbox 98 1849 1697 1925">
     <span class='ocr_line' id='line_1_37' title="bbox 98 1849 1697 1925; baseline -0.003 -18"><span class='ocrx_word' id='word_1_267' title='bbox 98 1854 243 1908; x_wconf 73' lang='grc' dir='ltr'>ἀλλὰ</span> <span class='ocrx_word' id='word_1_268' title='bbox 289 1853 578 1925; x_wconf 77' lang='grc' dir='ltr'>περιόδους</span> <span class='ocrx_word' id='word_1_269' title='bbox 624 1850 792 1923; x_wconf 84' lang='grc' dir='ltr'>τριῶν</span> <span class='ocrx_word' id='word_1_270' title='bbox 830 1850 1102 1904; x_wconf 83' lang='grc' dir='ltr'>ὑπατειῶν</span> <span class='ocrx_word' id='word_1_271' title='bbox 1144 1849 1297 1921; x_wconf 88' lang='grc' dir='ltr'>παρά</span> <span class='ocrx_word' id='word_1_272' title='bbox 1329 1867 1381 1902; x_wconf 90' lang='grc' dir='ltr'><strong>τι</strong></span> <span class='ocrx_word' id='word_1_273' title='bbox 1411 1850 1697 1921; x_wconf 79' lang='grc' dir='ltr'>ἐπλήρωσε</span> 
     </span>
    </p>
   </div>
   <div class='ocr_carea' id='block_1_38' title="bbox 104 1939 1698 2018">
    <p class='ocr_par' dir='ltr' id='par_1_38' title="bbox 104 1939 1698 2018">
     <span class='ocr_line' id='line_1_38' title="bbox 104 1939 1698 2018; baseline -0.004 -18"><span class='ocrx_word' id='word_1_274' title='bbox 104 1947 248 2018; x_wconf 76' lang='grc' dir='ltr'>μετὰ</span> <span class='ocrx_word' id='word_1_275' title='bbox 301 1945 365 1999; x_wconf 81' lang='grc' dir='ltr'>τὸ</span> <span class='ocrx_word' id='word_1_276' title='bbox 407 1944 655 1998; x_wconf 85' lang='grc' dir='ltr'>Ἰωάννου</span> <span class='ocrx_word' id='word_1_277' title='bbox 713 1940 1017 2013; x_wconf 76' lang='grc' dir='ltr'>βάπτισμα.</span> <span class='ocrx_word' id='word_1_278' title='bbox 1070 1940 1179 1994; x_wconf 77' lang='lat' dir='ltr'><strong>Kal.</strong></span> <span class='ocrx_word' id='word_1_279' title='bbox 1222 1939 1478 2004; x_wconf 79' lang='grc' dir='ltr'>ἐξέπεσεν</span> <span class='ocrx_word' id='word_1_280' title='bbox 1518 1941 1547 1994; x_wconf 82' lang='grc' dir='ltr'><strong>ὁ</strong></span> <span class='ocrx_word' id='word_1_281' title='bbox 1589 1941 1698 1995; x_wconf 88' lang='grc' dir='ltr'><strong>τῶν</strong></span> 
     </span>
    </p>
   </div>
   <div class='ocr_carea' id='block_1_39' title="bbox 100 2033 1699 2111">
    <p class='ocr_par' dir='ltr' id='par_1_39' title="bbox 100 2033 1699 2111">
     <span class='ocr_line' id='line_1_39' title="bbox 100 2033 1699 2111; baseline -0.004 -18"><span class='ocrx_word' id='word_1_282' title='bbox 100 2035 647 2111; x_wconf 78' lang='grc' dir='ltr'>ἀπαρακολουθήτων</span> <span class='ocrx_word' id='word_1_283' title='bbox 680 2034 838 2104; x_wconf 82' lang='grc' dir='ltr'>λόγος</span> <span class='ocrx_word' id='word_1_284' title='bbox 879 2034 1191 2088; x_wconf 86' lang='grc' dir='ltr'>παντάπασι</span> <span class='ocrx_word' id='word_1_285' title='bbox 1218 2035 1316 2104; x_wconf 81' lang='grc' dir='ltr'>τῆς</span> <span class='ocrx_word' id='word_1_286' title='bbox 1346 2033 1575 2104; x_wconf 77' lang='grc' dir='ltr'>πλάνης,</span> <span class='ocrx_word' id='word_1_287' title='bbox 1604 2036 1699 2089; x_wconf 75' lang='grc' dir='ltr'>καὶ</span> 
     </span>
    </p>
   </div>
   <div class='ocr_carea' id='block_1_40' title="bbox 100 2127 1699 2201">
    <p class='ocr_par' dir='ltr' id='par_1_40' title="bbox 100 2127 1699 2201">
     <span class='ocr_line' id='line_1_40' title="bbox 100 2127 1699 2201; baseline -0.003 -14"><span class='ocrx_word' id='word_1_288' title='bbox 100 2132 317 2193; x_wconf 76' lang='grc' dir='ltr'>ἀνοίας,</span> <span class='ocrx_word' id='word_1_289' title='bbox 361 2132 453 2183; x_wconf 73' lang='grc' dir='ltr'>καὶ</span> <span class='ocrx_word' id='word_1_290' title='bbox 494 2128 756 2200; x_wconf 79' lang='grc' dir='ltr'>ἀμαθίας,</span> <span class='ocrx_word' id='word_1_291' title='bbox 789 2128 851 2181; x_wconf 88' lang='grc' dir='ltr'><strong>ού</strong></span> <span class='ocrx_word' id='word_1_292' title='bbox 896 2127 1054 2197; x_wconf 84' lang='grc' dir='ltr'>μόνον</span> <span class='ocrx_word' id='word_1_293' title='bbox 1086 2127 1162 2199; x_wconf 81' lang='grc' dir='ltr'>μὴ</span> <span class='ocrx_word' id='word_1_294' title='bbox 1199 2127 1574 2199; x_wconf 81' lang='grc' dir='ltr'>γινωσκούσης</span> <span class='ocrx_word' id='word_1_295' title='bbox 1600 2129 1699 2201; x_wconf 78' lang='grc' dir='ltr'>τὴν</span> 
     </span>
    </p>
   </div>
   <div class='ocr_carea' id='block_1_41' title="bbox 102 2214 1700 2290">
    <p class='ocr_par' dir='ltr' id='par_1_41' title="bbox 102 2214 1700 2290">
     <span class='ocr_line' id='line_1_41' title="bbox 102 2214 1700 2290; baseline -0.003 -16"><span class='ocrx_word' id='word_1_296' title='bbox 102 2220 307 2274; x_wconf 77' lang='grc' dir='ltr'>ἑαυτοῦ</span> <span class='ocrx_word' id='word_1_297' title='bbox 354 2219 519 2290; x_wconf 78' lang='grc' dir='ltr'>ζωὴν,</span> <span class='ocrx_word' id='word_1_298' title='bbox 562 2218 699 2271; x_wconf 79' lang='grc' dir='ltr'>ἀλλὰ</span> <span class='ocrx_word' id='word_1_299' title='bbox 737 2218 832 2271; x_wconf 73' lang='grc' dir='ltr'>καὶ</span> <span class='ocrx_word' id='word_1_300' title='bbox 861 2214 1072 2287; x_wconf 77' lang='grc' dir='ltr'>ψευδῶς</span> <span class='ocrx_word' id='word_1_301' title='bbox 1120 2218 1261 2270; x_wconf 85' lang='grc' dir='ltr'>κατὰ</span> <span class='ocrx_word' id='word_1_302' title='bbox 1295 2217 1391 2288; x_wconf 83' lang='grc' dir='ltr'>τῆς</span> <span class='ocrx_word' id='word_1_303' title='bbox 1442 2218 1700 2287; x_wconf 80' lang='grc' dir='ltr'>ἀληθείας</span> 
     </span>
    </p>
   </div>
   <div class='ocr_carea' id='block_1_42' title="bbox 105 2308 876 2383">
    <p class='ocr_par' dir='ltr' id='par_1_42' title="bbox 105 2308 876 2383">
     <span class='ocr_line' id='line_1_42' title="bbox 105 2308 876 2383; baseline 0.001 -19"><span class='ocrx_word' id='word_1_304' title='bbox 105 2315 291 2382; x_wconf 68' lang='grc' dir='ltr'>μάτην</span> <span class='ocrx_word' id='word_1_305' title='bbox 322 2308 876 2383; x_wconf 78' lang='grc' dir='ltr'>ὲπιστρατευομένης.</span> 
     </span>
    </p>
   </div>
   <div class='ocr_carea' id='block_1_43' title="bbox 172 2572 1697 2646">
    <p class='ocr_par' dir='ltr' id='par_1_43' title="bbox 172 2572 1697 2646">
     <span class='ocr_line' id='line_1_43' title="bbox 172 2572 1697 2646; baseline -0.001 -16"><span class='ocrx_word' id='word_1_306' title='bbox 172 2577 314 2631; x_wconf 71' lang='grc' dir='ltr'><strong>ΚΘθ.</strong></span> <span class='ocrx_word' id='word_1_307' title='bbox 345 2575 689 2646; x_wconf 77' lang='grc' dir='ltr'>Εὑρίσκομεν</span> <span class='ocrx_word' id='word_1_308' title='bbox 728 2573 837 2644; x_wconf 81' lang='grc' dir='ltr'><strong>γὰρ</strong></span> <span class='ocrx_word' id='word_1_309' title='bbox 886 2572 979 2627; x_wconf 77' lang='grc' dir='ltr'>καὶ</span> <span class='ocrx_word' id='word_1_310' title='bbox 1019 2572 1393 2644; x_wconf 80' lang='grc' dir='ltr'>ἐμφερόμενόν</span> <span class='ocrx_word' id='word_1_311' title='bbox 1440 2591 1542 2627; x_wconf 87' lang='grc' dir='ltr'><strong>που</strong></span> <span class='ocrx_word' id='word_1_312' title='bbox 1586 2575 1697 2644; x_wconf 72' lang='grc'><strong>(45)</strong></span> 
     </span>
    </p>
   </div>
   <div class='ocr_carea' id='block_1_44' title="bbox 101 2664 1701 2737">
    <p class='ocr_par' dir='ltr' id='par_1_44' title="bbox 101 2664 1701 2737">
     <span class='ocr_line' id='line_1_44' title="bbox 101 2664 1701 2737; baseline -0.004 -13"><span class='ocrx_word' id='word_1_313' title='bbox 101 2672 224 2733; x_wconf 78' lang='grc' dir='ltr'>τοῖς</span> <span class='ocrx_word' id='word_1_314' title='bbox 285 2667 470 2736; x_wconf 86' lang='grc' dir='ltr'>λόγοις</span> <span class='ocrx_word' id='word_1_315' title='bbox 513 2665 727 2728; x_wconf 83' lang='grc' dir='ltr'>τούτοις</span> <span class='ocrx_word' id='word_1_316' title='bbox 781 2664 1190 2737; x_wconf 84' lang='grc' dir='ltr'>γεγραμμένον,</span> <span class='ocrx_word' id='word_1_317' title='bbox 1226 2664 1308 2717; x_wconf 83' lang='grc' dir='ltr'>ὅτι</span> <span class='ocrx_word' id='word_1_318' title='bbox 1355 2666 1384 2718; x_wconf 88' lang='grc' dir='ltr'><strong>ό</strong></span> <span class='ocrx_word' id='word_1_319' title='bbox 1426 2664 1519 2717; x_wconf 88' lang='grc' dir='ltr'><strong>τοῦ</strong></span> <span class='ocrx_word' id='word_1_320' title='bbox 1566 2664 1701 2719; x_wconf 84' lang='grc' dir='ltr'>Θεοῦ</span> 
     </span>
    </p>
   </div>
   <div class='ocr_carea' id='block_1_45' title="bbox 100 2755 1702 2831">
    <p class='ocr_par' dir='ltr' id='par_1_45' title="bbox 100 2755 1702 2831">
     <span class='ocr_line' id='line_1_45' title="bbox 100 2755 1702 2831; baseline -0.004 -15"><span class='ocrx_word' id='word_1_321' title='bbox 100 2761 413 2831; x_wconf 75' lang='grc' dir='ltr'>ἀγέννητος</span> <span class='ocrx_word' id='word_1_322' title='bbox 443 2758 615 2827; x_wconf 88' lang='grc' dir='ltr'>Λόγος</span> <span class='ocrx_word' id='word_1_323' title='bbox 636 2757 701 2810; x_wconf 87' lang='grc' dir='ltr'><strong>ἐκ</strong></span> <span class='ocrx_word' id='word_1_324' title='bbox 732 2755 827 2810; x_wconf 87' lang='grc' dir='ltr'><strong>τοῦ</strong></span> <span class='ocrx_word' id='word_1_325' title='bbox 853 2755 989 2810; x_wconf 88' lang='grc' dir='ltr'>Θεοῦ</span> <span class='ocrx_word' id='word_1_326' title='bbox 1024 2756 1150 2827; x_wconf 72' lang='grc' dir='ltr'>περὶ</span> <span class='ocrx_word' id='word_1_327' title='bbox 1180 2755 1238 2809; x_wconf 79' lang='grc' dir='ltr'>τὸ</span> <span class='ocrx_word' id='word_1_328' title='bbox 1264 2757 1702 2827; x_wconf 72' lang='grc' dir='ltr'>τεσσαρακοστὸν</span> 
     </span>
    </p>
   </div>
   <div class='ocr_carea' id='block_1_46' title="bbox 102 2847 1703 2921">
    <p class='ocr_par' dir='ltr' id='par_1_46' title="bbox 102 2847 1703 2921">
     <span class='ocr_line' id='line_1_46' title="bbox 102 2847 1703 2921; baseline -0.006 -14"><span class='ocrx_word' id='word_1_329' title='bbox 102 2857 233 2917; x_wconf 76' lang='grc' dir='ltr'>ἔτος</span> <span class='ocrx_word' id='word_1_330' title='bbox 263 2850 578 2920; x_wconf 76' lang='grc' dir='ltr'>Αὐγούστου</span> <span class='ocrx_word' id='word_1_331' title='bbox 599 2852 668 2916; x_wconf 65' lang='grc' dir='ltr'><strong>,ι’</strong></span> <span class='ocrx_word' id='word_1_332' title='bbox 696 2849 833 2921; x_wconf 75' lang='grc' dir='ltr'>ὅπερ</span> <span class='ocrx_word' id='word_1_333' title='bbox 859 2848 1052 2918; x_wconf 75' lang='grc' dir='ltr'>λέληθε</span> <span class='ocrx_word' id='word_1_334' title='bbox 1076 2847 1167 2901; x_wconf 77' lang='grc' dir='ltr'><strong>τὺν</strong></span> <span class='ocrx_word' id='word_1_335' title='bbox 1193 2848 1499 2919; x_wconf 68' lang='grc' dir='ltr'>γράψαντα,</span> <span class='ocrx_word' id='word_1_336' title='bbox 1533 2848 1566 2919; x_wconf 75' lang='grc' dir='ltr'><strong>ἢ</strong></span> <span class='ocrx_word' id='word_1_337' title='bbox 1606 2851 1703 2921; x_wconf 81' lang='grc' dir='ltr'><strong>τῆς</strong></span> 
     </span>
    </p>
   </div>
   <div class='ocr_carea' id='block_1_47' title="bbox 100 2939 1727 3013">
    <p class='ocr_par' dir='ltr' id='par_1_47' title="bbox 100 2939 1727 3013">
     <span class='ocr_line' id='line_1_47' title="bbox 100 2939 1727 3013; baseline -0.004 -14"><span class='ocrx_word' id='word_1_338' title='bbox 100 2946 200 2999; x_wconf 72' lang='grc' dir='ltr'>διὰ</span> <span class='ocrx_word' id='word_1_339' title='bbox 234 2943 335 2997; x_wconf 88' lang='grc' dir='ltr'><strong>τοῦ</strong></span> <span class='ocrx_word' id='word_1_340' title='bbox 374 2943 515 3013; x_wconf 75' lang='grc' dir='ltr'>βῆτα</span> <span class='ocrx_word' id='word_1_341' title='bbox 542 2941 725 3011; x_wconf 79' lang='grc' dir='ltr'>ψήφου</span> <span class='ocrx_word' id='word_1_342' title='bbox 756 2939 1209 3010; x_wconf 83' lang='grc' dir='ltr'>ἀπαλειφθείσης,</span> <span class='ocrx_word' id='word_1_343' title='bbox 1235 2941 1329 2993; x_wconf 81' lang='grc' dir='ltr'>καὶ</span> <span class='ocrx_word' id='word_1_344' title='bbox 1357 2940 1452 2994; x_wconf 87' lang='grc' dir='ltr'><strong>τοῦ</strong></span> <span class='ocrx_word' id='word_1_345' title='bbox 1491 2940 1562 3012; x_wconf 85' lang='grc' dir='ltr'><strong>μῦ</strong></span> <span class='ocrx_word' id='word_1_346' title='bbox 1609 2943 1727 3013; x_wconf 68' lang='grc' dir='ltr'>μόι</span> 
     </span>
    </p>
   </div>
   <div class='ocr_carea' id='block_1_48' title="bbox 1800 1759 3386 1831">
    <p class='ocr_par' dir='ltr' id='par_1_48' title="bbox 1800 1759 3386 1831">
     <span class='ocr_line' id='line_1_48' title="bbox 1800 1759 3386 1831; baseline 0.003 -18"><span class='ocrx_word' id='word_1_347' title='bbox 1800 1759 1979 1830; x_wconf 92' lang='lat' dir='ltr'><strong>ipsum</strong></span> <span class='ocrx_word' id='word_1_348' title='bbox 2028 1760 2175 1831; x_wconf 91' lang='lat' dir='ltr'><strong>quod</strong></span> <span class='ocrx_word' id='word_1_349' title='bbox 2202 1762 2456 1816; x_wconf 82' lang='lat' dir='ltr'><strong>volumus</strong></span> <span class='ocrx_word' id='word_1_350' title='bbox 2497 1761 2736 1816; x_wconf 81' lang='lat' dir='ltr'><strong>elliciunt</strong></span> <span class='ocrx_word' id='word_1_351' title='bbox 2772 1776 2919 1816; x_wconf 90' lang='lat' dir='ltr'><strong>:non</strong></span> <span class='ocrx_word' id='word_1_352' title='bbox 2955 1777 3123 1816; x_wconf 91' lang='lat' dir='ltr'><strong>unum</strong></span> <span class='ocrx_word' id='word_1_353' title='bbox 3168 1762 3386 1817; x_wconf 83' lang='lat' dir='ltr'><strong>Pascha</strong></span> 
     </span>
    </p>
   </div>
   <div class='ocr_carea' id='block_1_49' title="bbox 1795 1851 3387 1923">
    <p class='ocr_par' dir='ltr' id='par_1_49' title="bbox 1795 1851 3387 1923">
     <span class='ocr_line' id='line_1_49' title="bbox 1795 1851 3387 1923; baseline 0.002 -16"><span class='ocrx_word' id='word_1_354' title='bbox 1795 1851 2071 1907; x_wconf 77' lang='lat' dir='ltr'><strong>duntaxat</strong></span> <span class='ocrx_word' id='word_1_355' title='bbox 2099 1867 2128 1907; x_wconf 91' lang='lat' dir='ltr'><strong>a</strong></span> <span class='ocrx_word' id='word_1_356' title='bbox 2161 1852 2568 1923; x_wconf 83' lang='lat' dir='ltr'><strong>praedicationis</strong></span> <span class='ocrx_word' id='word_1_357' title='bbox 2596 1853 2823 1908; x_wconf 79' lang='lat' dir='ltr'><strong>exordio</strong></span> <span class='ocrx_word' id='word_1_358' title='bbox 2860 1869 3043 1908; x_wconf 91' lang='lat' dir='ltr'><strong>annuo</strong></span> <span class='ocrx_word' id='word_1_359' title='bbox 3078 1854 3387 1909; x_wconf 88' lang='lat' dir='ltr'><strong>celebrasse</strong></span> 
     </span>
    </p>
   </div>
   <div class='ocr_carea' id='block_1_50' title="bbox 1798 1942 3388 2013">
    <p class='ocr_par' dir='ltr' id='par_1_50' title="bbox 1798 1942 3388 2013">
     <span class='ocr_line' id='line_1_50' title="bbox 1798 1942 3388 2013; baseline 0.002 -16"><span class='ocrx_word' id='word_1_360' title='bbox 1798 1942 2060 2010; x_wconf 89' lang='lat' dir='ltr'><strong>circuitu,</strong></span> <span class='ocrx_word' id='word_1_361' title='bbox 2089 1943 2184 2000; x_wconf 86' lang='lat' dir='ltr'><strong>sed</strong></span> <span class='ocrx_word' id='word_1_362' title='bbox 2216 1959 2338 1998; x_wconf 92' lang='lat' dir='ltr'><strong>cum</strong></span> <span class='ocrx_word' id='word_1_363' title='bbox 2366 1945 2533 1998; x_wconf 84' lang='lat' dir='ltr'><strong>tertio</strong></span> <span class='ocrx_word' id='word_1_364' title='bbox 2562 1944 2785 2013; x_wconf 89' lang='lat' dir='ltr'><strong>insuper</strong></span> <span class='ocrx_word' id='word_1_365' title='bbox 2802 1945 3097 1999; x_wconf 90' lang='lat' dir='ltr'><strong>consulatu</strong></span> <span class='ocrx_word' id='word_1_366' title='bbox 3128 1945 3249 1999; x_wconf 68' lang='lat' dir='ltr'><strong>vitae</strong></span> <span class='ocrx_word' id='word_1_367' title='bbox 3272 1960 3388 2001; x_wconf 68' lang='lat' dir='ltr'><strong>sua:</strong></span> 
     </span>
    </p>
   </div>
   <div class='ocr_carea' id='block_1_51' title="bbox 1798 2033 3388 2107">
    <p class='ocr_par' dir='ltr' id='par_1_51' title="bbox 1798 2033 3388 2107">
     <span class='ocr_line' id='line_1_51' title="bbox 1798 2033 3388 2107; baseline 0.001 -18"><span class='ocrx_word' id='word_1_368' title='bbox 1798 2051 1866 2090; x_wconf 91' lang='lat' dir='ltr'><strong>ex</strong></span> <span class='ocrx_word' id='word_1_369' title='bbox 1917 2036 2103 2107; x_wconf 89' lang='lat' dir='ltr'><strong>aliqua</strong></span> <span class='ocrx_word' id='word_1_370' title='bbox 2154 2036 2348 2091; x_wconf 87' lang='lat' dir='ltr'><strong>saltem</strong></span> <span class='ocrx_word' id='word_1_371' title='bbox 2389 2044 2546 2107; x_wconf 85' lang='lat' dir='ltr'><strong>parte</strong></span> <span class='ocrx_word' id='word_1_372' title='bbox 2602 2041 2817 2105; x_wconf 84' lang='lat' dir='ltr'><strong>tempus</strong></span> <span class='ocrx_word' id='word_1_373' title='bbox 2859 2033 3198 2106; x_wconf 83' lang='lat' dir='ltr'><strong>adaequasse,</strong></span> <span class='ocrx_word' id='word_1_374' title='bbox 3238 2043 3388 2107; x_wconf 89' lang='lat' dir='ltr'><strong>post-</strong></span> 
     </span>
    </p>
   </div>
   <div class='ocr_carea' id='block_1_52' title="bbox 1799 2124 3386 2198">
    <p class='ocr_par' dir='ltr' id='par_1_52' title="bbox 1799 2124 3386 2198">
     <span class='ocr_line' id='line_1_52' title="bbox 1799 2124 3386 2198; baseline 0.003 -20"><span class='ocrx_word' id='word_1_375' title='bbox 1799 2140 2015 2195; x_wconf 91' lang='lat' dir='ltr'><strong>quama</strong></span> <span class='ocrx_word' id='word_1_376' title='bbox 2047 2125 2259 2183; x_wconf 83' lang='lat' dir='ltr'><strong>Joanne</strong></span> <span class='ocrx_word' id='word_1_377' title='bbox 2302 2127 2615 2198; x_wconf 84' lang='lat' dir='ltr'><strong>baptizatus</strong></span> <span class='ocrx_word' id='word_1_378' title='bbox 2650 2134 2755 2182; x_wconf 88' lang='lat' dir='ltr'><strong>est.</strong></span> <span class='ocrx_word' id='word_1_379' title='bbox 2806 2124 2960 2182; x_wconf 87' lang='lat' dir='ltr'><strong>Unde</strong></span> <span class='ocrx_word' id='word_1_380' title='bbox 3004 2127 3386 2197; x_wconf 88' lang='lat' dir='ltr'><strong>imperitorum</strong></span> 
     </span>
    </p>
   </div>
   <div class='ocr_carea' id='block_1_53' title="bbox 1808 2215 3390 2290">
    <p class='ocr_par' dir='ltr' id='par_1_53' title="bbox 1808 2215 3390 2290">
     <span class='ocr_line' id='line_1_53' title="bbox 1808 2215 3390 2290; baseline 0.003 -21"><span class='ocrx_word' id='word_1_381' title='bbox 1808 2215 2094 2270; x_wconf 91' lang='lat' dir='ltr'><strong>hominum</strong></span> <span class='ocrx_word' id='word_1_382' title='bbox 2127 2218 2272 2273; x_wconf 87' lang='lat' dir='ltr'><strong>ratio</strong></span> <span class='ocrx_word' id='word_1_383' title='bbox 2301 2220 2485 2273; x_wconf 92' lang='lat' dir='ltr'><strong>omnis</strong></span> <span class='ocrx_word' id='word_1_384' title='bbox 2514 2218 2737 2281; x_wconf 80' lang='lat' dir='ltr'><strong>excidit,</strong></span> <span class='ocrx_word' id='word_1_385' title='bbox 2768 2233 3003 2288; x_wconf 90' lang='lat' dir='ltr'><strong>quorum</strong></span> <span class='ocrx_word' id='word_1_386' title='bbox 3036 2228 3222 2275; x_wconf 89' lang='lat' dir='ltr'><strong>tantus</strong></span> <span class='ocrx_word' id='word_1_387' title='bbox 3242 2234 3390 2290; x_wconf 81' lang='lat' dir='ltr'><strong>gras-</strong></span> 
     </span>
    </p>
   </div>
   <div class='ocr_carea' id='block_1_54' title="bbox 1800 2308 3389 2379">
    <p class='ocr_par' dir='ltr' id='par_1_54' title="bbox 1800 2308 3389 2379">
     <span class='ocr_line' id='line_1_54' title="bbox 1800 2308 3389 2379; baseline 0.003 -19"><span class='ocrx_word' id='word_1_388' title='bbox 1800 2315 1955 2361; x_wconf 90' lang='lat' dir='ltr'><strong>satur</strong></span> <span class='ocrx_word' id='word_1_389' title='bbox 1984 2323 2160 2373; x_wconf 89' lang='lat' dir='ltr'><strong>error,</strong></span> <span class='ocrx_word' id='word_1_390' title='bbox 2195 2324 2318 2363; x_wconf 93' lang='lat' dir='ltr'><strong>cum</strong></span> <span class='ocrx_word' id='word_1_391' title='bbox 2346 2311 2584 2365; x_wconf 86' lang='lat' dir='ltr'><strong>amentia</strong></span> <span class='ocrx_word' id='word_1_392' title='bbox 2604 2308 2934 2379; x_wconf 80' lang='lat' dir='ltr'><strong>inscitiaque</strong></span> <span class='ocrx_word' id='word_1_393' title='bbox 2949 2308 3302 2379; x_wconf 85' lang='lat' dir='ltr'><strong>conjunctus,</strong></span> <span class='ocrx_word' id='word_1_394' title='bbox 3330 2318 3389 2364; x_wconf 86' lang='lat' dir='ltr'><strong>ut</strong></span> 
     </span>
    </p>
   </div>
   <div class='ocr_carea' id='block_1_55' title="bbox 1803 2400 3389 2473">
    <p class='ocr_par' dir='ltr' id='par_1_55' title="bbox 1803 2400 3389 2473">
     <span class='ocr_line' id='line_1_55' title="bbox 1803 2400 3389 2473; baseline 0.003 -21"><span class='ocrx_word' id='word_1_395' title='bbox 1803 2413 1983 2468; x_wconf 85' lang='lat' dir='ltr'><strong>neque</strong></span> <span class='ocrx_word' id='word_1_396' title='bbox 2008 2400 2175 2454; x_wconf 88' lang='lat' dir='ltr'><strong>vitam</strong></span> <span class='ocrx_word' id='word_1_397' title='bbox 2210 2400 2314 2471; x_wconf 91' lang='lat' dir='ltr'><strong>ipsi</strong></span> <span class='ocrx_word' id='word_1_398' title='bbox 2343 2416 2497 2456; x_wconf 89' lang='lat' dir='ltr'><strong>suam</strong></span> <span class='ocrx_word' id='word_1_399' title='bbox 2529 2408 2853 2470; x_wconf 79' lang='lat' dir='ltr'><strong>agnoscant,</strong></span> <span class='ocrx_word' id='word_1_400' title='bbox 2882 2409 2936 2456; x_wconf 87' lang='lat' dir='ltr'><strong>et</strong></span> <span class='ocrx_word' id='word_1_401' title='bbox 2970 2400 3040 2455; x_wconf 88' lang='lat' dir='ltr'><strong>ad</strong></span> <span class='ocrx_word' id='word_1_402' title='bbox 3067 2415 3389 2473; x_wconf 82' lang='lat' dir='ltr'><strong>Oppugnan-</strong></span> 
     </span>
    </p>
   </div>
   <div class='ocr_carea' id='block_1_56' title="bbox 1801 2490 3383 2564">
    <p class='ocr_par' dir='ltr' id='par_1_56' title="bbox 1801 2490 3383 2564">
     <span class='ocr_line' id='line_1_56' title="bbox 1801 2490 3383 2564; baseline 0.001 -19"><span class='ocrx_word' id='word_1_403' title='bbox 1801 2490 1925 2545; x_wconf 90' lang='lat' dir='ltr'><strong>dam</strong></span> <span class='ocrx_word' id='word_1_404' title='bbox 1958 2493 2246 2547; x_wconf 87' lang='lat' dir='ltr'><strong>veritatem</strong></span> <span class='ocrx_word' id='word_1_405' title='bbox 2273 2492 2478 2548; x_wconf 80' lang='lat' dir='ltr'><strong>frustra</strong></span> <span class='ocrx_word' id='word_1_406' title='bbox 2512 2496 2627 2549; x_wconf 86' lang='lat' dir='ltr'><strong>suis</strong></span> <span class='ocrx_word' id='word_1_407' title='bbox 2656 2510 2715 2548; x_wconf 89' lang='lat' dir='ltr'><strong>se</strong></span> <span class='ocrx_word' id='word_1_408' title='bbox 2742 2491 3042 2549; x_wconf 89' lang='lat' dir='ltr'><strong>mendaciis</strong></span> <span class='ocrx_word' id='word_1_409' title='bbox 3071 2495 3383 2564; x_wconf 86' lang='lat' dir='ltr'><strong>accingaut.</strong></span> 
     </span>
    </p>
   </div>
   <div class='ocr_carea' id='block_1_57' title="bbox 1871 2582 3389 2656">
    <p class='ocr_par' dir='ltr' id='par_1_57' title="bbox 1871 2582 3389 2656">
     <span class='ocr_line' id='line_1_57' title="bbox 1871 2582 3389 2656; baseline 0.002 -20"><span class='ocrx_word' id='word_1_410' title='bbox 1871 2582 2066 2639; x_wconf 73' lang='lat' dir='ltr'><strong>XXIX.</strong></span> <span class='ocrx_word' id='word_1_411' title='bbox 2112 2583 2218 2640; x_wconf 89' lang='lat' dir='ltr'><strong>Sed</strong></span> <span class='ocrx_word' id='word_1_412' title='bbox 2256 2587 2361 2639; x_wconf 93' lang='lat' dir='ltr'><strong>hoc</strong></span> <span class='ocrx_word' id='word_1_413' title='bbox 2395 2586 2451 2641; x_wconf 94' lang='lat' dir='ltr'><strong>in</strong></span> <span class='ocrx_word' id='word_1_414' title='bbox 2491 2586 2642 2641; x_wconf 89' lang='lat' dir='ltr'><strong>hisce</strong></span> <span class='ocrx_word' id='word_1_415' title='bbox 2674 2585 2830 2640; x_wconf 89' lang='lat' dir='ltr'><strong>libris</strong></span> <span class='ocrx_word' id='word_1_416' title='bbox 2864 2586 3131 2656; x_wconf 89' lang='lat' dir='ltr'><strong>scriptum</strong></span> <span class='ocrx_word' id='word_1_417' title='bbox 3174 2587 3389 2641; x_wconf 79' lang='lat' dir='ltr'><strong>inveni-</strong></span> 
     </span>
    </p>
   </div>
   <div class='ocr_carea' id='block_1_58' title="bbox 1804 2677 3384 2749">
    <p class='ocr_par' dir='ltr' id='par_1_58' title="bbox 1804 2677 3384 2749">
     <span class='ocr_line' id='line_1_58' title="bbox 1804 2677 3384 2749; baseline 0.003 -20"><span class='ocrx_word' id='word_1_418' title='bbox 1804 2689 1951 2740; x_wconf 88' lang='lat' dir='ltr'><strong>mus,</strong></span> <span class='ocrx_word' id='word_1_419' title='bbox 1981 2685 2247 2733; x_wconf 65' lang='lat' dir='ltr'><strong>aeternum</strong></span> <span class='ocrx_word' id='word_1_420' title='bbox 2285 2679 2375 2734; x_wconf 91' lang='lat' dir='ltr'><strong>Dei</strong></span> <span class='ocrx_word' id='word_1_421' title='bbox 2410 2680 2647 2735; x_wconf 75' lang='lat' dir='ltr'><strong>Verbum</strong></span> <span class='ocrx_word' id='word_1_422' title='bbox 2676 2692 2820 2733; x_wconf 88' lang='lat' dir='ltr'><strong>anno</strong></span> <span class='ocrx_word' id='word_1_423' title='bbox 2846 2677 3075 2749; x_wconf 80' lang='lat' dir='ltr'><strong>Augusti</strong></span> <span class='ocrx_word' id='word_1_424' title='bbox 3101 2695 3168 2733; x_wconf 68' lang='grc' dir='ltr'>τι.</span> <span class='ocrx_word' id='word_1_425' title='bbox 3195 2688 3384 2734; x_wconf 91' lang='lat' dir='ltr'><strong>natum</strong></span> 
     </span>
    </p>
   </div>
   <div class='ocr_carea' id='block_1_59' title="bbox 1804 2767 3387 2841">
    <p class='ocr_par' dir='ltr' id='par_1_59' title="bbox 1804 2767 3387 2841">
     <span class='ocr_line' id='line_1_59' title="bbox 1804 2767 3387 2841; baseline 0.002 -19"><span class='ocrx_word' id='word_1_426' title='bbox 1804 2782 1948 2824; x_wconf 81' lang='lat' dir='ltr'><strong>csse.</strong></span> <span class='ocrx_word' id='word_1_427' title='bbox 1980 2767 2113 2834; x_wconf 71' lang='lat' dir='ltr'><strong>Quae</strong></span> <span class='ocrx_word' id='word_1_428' title='bbox 2142 2778 2227 2825; x_wconf 81' lang='lat' dir='ltr'><strong>est</strong></span> <span class='ocrx_word' id='word_1_429' title='bbox 2257 2771 2547 2841; x_wconf 87' lang='lat' dir='ltr'><strong>scriptoris</strong></span> <span class='ocrx_word' id='word_1_430' title='bbox 2584 2771 2965 2835; x_wconf 88' lang='lat' dir='ltr'><strong>hallucinatio,</strong></span> <span class='ocrx_word' id='word_1_431' title='bbox 2995 2771 3099 2827; x_wconf 91' lang='lat' dir='ltr'><strong>nisi</strong></span> <span class='ocrx_word' id='word_1_432' title='bbox 3138 2771 3277 2826; x_wconf 80' lang='lat' dir='ltr'><strong>forte</strong></span> <span class='ocrx_word' id='word_1_433' title='bbox 3306 2771 3387 2825; x_wconf 86' lang='lat' dir='ltr'><strong>bi-</strong></span> 
     </span>
    </p>
   </div>
   <div class='ocr_carea' id='block_1_60' title="bbox 1805 2862 3387 2937">
    <p class='ocr_par' dir='ltr' id='par_1_60' title="bbox 1805 2862 3387 2937">
     <span class='ocr_line' id='line_1_60' title="bbox 1805 2862 3387 2937; baseline 0.002 -21"><span class='ocrx_word' id='word_1_434' title='bbox 1805 2862 1999 2919; x_wconf 87' lang='lat' dir='ltr'><strong>narius</strong></span> <span class='ocrx_word' id='word_1_435' title='bbox 2027 2866 2225 2920; x_wconf 78' lang='lat' dir='ltr'><strong>extrita</strong></span> <span class='ocrx_word' id='word_1_436' title='bbox 2260 2868 2439 2922; x_wconf 86' lang='lat' dir='ltr'><strong>littera</strong></span> <span class='ocrx_word' id='word_1_437' title='bbox 2473 2867 2517 2937; x_wconf 69' lang='grc' dir='ltr'><strong>β*</strong></span> <span class='ocrx_word' id='word_1_438' title='bbox 2552 2869 2624 2921; x_wconf 83' lang='lat' dir='ltr'><strong>sit</strong></span> <span class='ocrx_word' id='word_1_439' title='bbox 2656 2874 2985 2937; x_wconf 87' lang='lat' dir='ltr'><strong>expunctus.</strong></span> <span class='ocrx_word' id='word_1_440' title='bbox 3019 2875 3071 2922; x_wconf 86' lang='lat' dir='ltr'><strong>et</strong></span> <span class='ocrx_word' id='word_1_441' title='bbox 3098 2868 3168 2921; x_wconf 88' lang='lat' dir='ltr'><strong>ita</strong></span> <span class='ocrx_word' id='word_1_442' title='bbox 3202 2883 3267 2921; x_wconf 77' lang='lat' dir='ltr'><strong>xl.</strong></span> <span class='ocrx_word' id='word_1_443' title='bbox 3297 2883 3387 2921; x_wconf 73' lang='lat' dir='ltr'><strong>so-</strong></span> 
     </span>
    </p>
   </div>
   <div class='ocr_carea' id='block_1_61' title="bbox 1808 2956 3389 3029">
    <p class='ocr_par' dir='ltr' id='par_1_61' title="bbox 1808 2956 3389 3029">
     <span class='ocr_line' id='line_1_61' title="bbox 1808 2956 3389 3029; baseline 0.004 -22"><span class='ocrx_word' id='word_1_444' title='bbox 1808 2956 1921 3009; x_wconf 93' lang='lat' dir='ltr'><strong>lum</strong></span> <span class='ocrx_word' id='word_1_445' title='bbox 1949 2958 2075 3011; x_wconf 91' lang='lat' dir='ltr'><strong>anni</strong></span> <span class='ocrx_word' id='word_1_446' title='bbox 2115 2960 2500 3013; x_wconf 84' lang='lat' dir='ltr'><strong>remanserint.</strong></span> <span class='ocrx_word' id='word_1_447' title='bbox 2545 2958 2742 3013; x_wconf 90' lang='lat' dir='ltr'><strong>Natum</strong></span> <span class='ocrx_word' id='word_1_448' title='bbox 2776 2960 2992 3029; x_wconf 87' lang='lat' dir='ltr'><strong>quidem</strong></span> <span class='ocrx_word' id='word_1_449' title='bbox 3019 2968 3236 3014; x_wconf 85' lang='lat' dir='ltr'><strong>constat</strong></span> <span class='ocrx_word' id='word_1_450' title='bbox 3266 2975 3389 3015; x_wconf 88' lang='lat' dir='ltr'><strong>esse</strong></span> 
     </span>
    </p>
   </div>
   <div class='ocr_carea' id='block_1_62' title="bbox 100 3003 1701 3120">
    <p class='ocr_par' dir='ltr' id='par_1_62' title="bbox 100 3003 1701 3107">
     <span class='ocr_line' id='line_1_62' title="bbox 100 3003 1701 3107; baseline -0.002 -15"><span class='ocrx_word' id='word_1_451' title='bbox 100 3056 201 3092; x_wconf 71' lang='grc' dir='ltr'><strong>νον</strong></span> <span class='ocrx_word' id='word_1_452' title='bbox 232 3003 784 3107; x_wconf 67' lang='grc' dir='ltr'>παραμεμενηκότος,</span> <span class='ocrx_word' id='word_1_453' title='bbox 814 3039 864 3105; x_wconf 85' lang='grc' dir='ltr'>μ’</span> <span class='ocrx_word' id='word_1_454' title='bbox 892 3003 1155 3103; x_wconf 77' lang='grc' dir='ltr'>ἐποίησαν</span> <span class='ocrx_word' id='word_1_455' title='bbox 1182 3033 1320 3103; x_wconf 90' lang='grc' dir='ltr'>μόνα</span> <span class='ocrx_word' id='word_1_456' title='bbox 1342 3032 1458 3105; x_wconf 77' lang='grc' dir='ltr'>ἐτη.</span> <span class='ocrx_word' id='word_1_457' title='bbox 1598 3003 1701 3107; x_wconf 74' lang='grc' dir='ltr'>γὰρ</span> 
     </span>
    </p>
   </div>
   <div class='ocr_carea' id='block_1_63' title="bbox 1806 3003 3382 3120">
    <p class='ocr_par' dir='ltr' id='par_1_63' title="bbox 1814 3003 3382 3120">
     <span class='ocr_line' id='line_1_63' title="bbox 1814 3003 3382 3120; baseline 0.003 -22"><span class='ocrx_word' id='word_1_458' title='bbox 1814 3042 2095 3101; x_wconf 86' lang='lat' dir='ltr'><strong>Christum</strong></span> <span class='ocrx_word' id='word_1_459' title='bbox 2123 3062 2265 3102; x_wconf 87' lang='lat' dir='ltr'><strong>anno</strong></span> <span class='ocrx_word' id='word_1_460' title='bbox 2284 3047 2444 3120; x_wconf 66' lang='grc'><strong>45],</strong></span> <span class='ocrx_word' id='word_1_461' title='bbox 2475 3048 2709 3119; x_wconf 76' lang='lat' dir='ltr'><strong>Augusti</strong></span> <span class='ocrx_word' id='word_1_462' title='bbox 2746 3003 2880 3103; x_wconf 57' lang='grc' dir='ltr'>κῖιι.</span> <span class='ocrx_word' id='word_1_463' title='bbox 2911 3049 3128 3103; x_wconf 85' lang='lat' dir='ltr'><strong>Addunt</strong></span> <span class='ocrx_word' id='word_1_464' title='bbox 3153 3066 3228 3103; x_wconf 86' lang='lat' dir='ltr'><strong>xu</strong></span> <span class='ocrx_word' id='word_1_465' title='bbox 3265 3049 3382 3104; x_wconf 84' lang='lat' dir='ltr'><strong>Kal.</strong></span> 
     </span>
    </p>
   </div>
   <div class='ocr_carea' id='block_1_64' title="bbox 100 3122 1709 3200">
    <p class='ocr_par' dir='ltr' id='par_1_64' title="bbox 100 3122 1709 3200">
     <span class='ocr_line' id='line_1_64' title="bbox 100 3122 1709 3200; baseline -0.009 -15"><span class='ocrx_word' id='word_1_466' title='bbox 100 3127 539 3200; x_wconf 69' lang='grc' dir='ltr'>τεσσαρακοστῷ</span> <span class='ocrx_word' id='word_1_467' title='bbox 560 3125 798 3197; x_wconf 85' lang='grc' dir='ltr'>δευτέρῳ</span> <span class='ocrx_word' id='word_1_468' title='bbox 823 3124 932 3179; x_wconf 78' lang='grc' dir='ltr'>ἔτει</span> <span class='ocrx_word' id='word_1_469' title='bbox 965 3122 1276 3195; x_wconf 81' lang='grc' dir='ltr'>Αὐγούστου</span> <span class='ocrx_word' id='word_1_470' title='bbox 1306 3126 1588 3198; x_wconf 85' lang='grc' dir='ltr'>ἐγεννήθη,</span> <span class='ocrx_word' id='word_1_471' title='bbox 1608 3128 1709 3182; x_wconf 59' lang='lat' dir='ltr'><strong>«ba.</strong></span> 
     </span>
    </p>
   </div>
   <div class='ocr_carea' id='block_1_65' title="bbox 1812 3134 3386 3211">
    <p class='ocr_par' dir='ltr' id='par_1_65' title="bbox 1812 3134 3386 3211">
     <span class='ocr_line' id='line_1_65' title="bbox 1812 3134 3386 3211; baseline 0.003 -21"><span class='ocrx_word' id='word_1_472' title='bbox 1812 3134 1989 3193; x_wconf 87' lang='lat' dir='ltr'><strong>Julias</strong></span> <span class='ocrx_word' id='word_1_473' title='bbox 2038 3139 2155 3196; x_wconf 85' lang='lat' dir='ltr'><strong>sive</strong></span> <span class='ocrx_word' id='word_1_474' title='bbox 2189 3138 2404 3206; x_wconf 88' lang='lat' dir='ltr'><strong>Junias,</strong></span> <span class='ocrx_word' id='word_1_475' title='bbox 2452 3156 2630 3211; x_wconf 89' lang='lat' dir='ltr'><strong>neque</strong></span> <span class='ocrx_word' id='word_1_476' title='bbox 2679 3140 2829 3196; x_wconf 91' lang='lat' dir='ltr'><strong>enim</strong></span> <span class='ocrx_word' id='word_1_477' title='bbox 2882 3150 3032 3195; x_wconf 89' lang='lat' dir='ltr'><strong>certo</strong></span> <span class='ocrx_word' id='word_1_478' title='bbox 3066 3141 3200 3203; x_wconf 88' lang='lat' dir='ltr'><strong>scio,</strong></span> <span class='ocrx_word' id='word_1_479' title='bbox 3239 3140 3386 3196; x_wconf 85' lang='lat' dir='ltr'><strong>istud</strong></span> 
     </span>
    </p>
   </div>
   <div class='ocr_carea' id='block_1_66' title="bbox 102 3216 1701 3303">
    <p class='ocr_par' dir='ltr' id='par_1_66' title="bbox 102 3216 1701 3293">
     <span class='ocr_line' id='line_1_66' title="bbox 102 3216 1701 3293; baseline -0.004 -15"><span class='ocrx_word' id='word_1_480' title='bbox 102 3242 233 3278; x_wconf 73' lang='grc' dir='ltr'>σκει</span> <span class='ocrx_word' id='word_1_481' title='bbox 246 3223 327 3285; x_wconf 82' lang='grc' dir='ltr'>δὲ,</span> <span class='ocrx_word' id='word_1_482' title='bbox 346 3224 429 3276; x_wconf 82' lang='grc' dir='ltr'><strong>δτι</strong></span> <span class='ocrx_word' id='word_1_483' title='bbox 453 3222 559 3293; x_wconf 80' lang='grc' dir='ltr'><strong>πρὸ</strong></span> <span class='ocrx_word' id='word_1_484' title='bbox 578 3220 805 3273; x_wconf 83' lang='grc' dir='ltr'>δεκαδύο</span> <span class='ocrx_word' id='word_1_485' title='bbox 828 3218 941 3289; x_wconf 72' lang='grc'>(46)</span> <span class='ocrx_word' id='word_1_486' title='bbox 953 3216 1244 3271; x_wconf 82' lang='grc' dir='ltr'>Καλανδῶν</span> <span class='ocrx_word' id='word_1_487' title='bbox 1260 3217 1492 3271; x_wconf 83' lang='grc' dir='ltr'>Ἰουλίων</span> <span class='ocrx_word' id='word_1_488' title='bbox 1515 3218 1547 3289; x_wconf 81' lang='grc' dir='ltr'>ἢ</span> <span class='ocrx_word' id='word_1_489' title='bbox 1579 3220 1701 3273; x_wconf 79' lang='grc' dir='ltr'>Ἰου-</span> 
     </span>
    </p>
   </div>
   <div class='ocr_carea' id='block_1_67' title="bbox 1806 3216 3389 3303">
    <p class='ocr_par' dir='ltr' id='par_1_67' title="bbox 1818 3230 3389 3303">
     <span class='ocr_line' id='line_1_67' title="bbox 1818 3230 3389 3303; baseline 0.005 -22"><span class='ocrx_word' id='word_1_490' title='bbox 1818 3230 2102 3297; x_wconf 86' lang='lat' dir='ltr'><strong>accidisse,</strong></span> <span class='ocrx_word' id='word_1_491' title='bbox 2130 3232 2368 3303; x_wconf 84' lang='lat' dir='ltr'><strong>Sulpllio</strong></span> <span class='ocrx_word' id='word_1_492' title='bbox 2396 3234 2688 3289; x_wconf 83' lang='lat' dir='ltr'><strong>Camerino</strong></span> <span class='ocrx_word' id='word_1_493' title='bbox 2715 3241 2769 3287; x_wconf 89' lang='lat' dir='ltr'><strong>et</strong></span> <span class='ocrx_word' id='word_1_494' title='bbox 2793 3232 3030 3288; x_wconf 82' lang='lat' dir='ltr'><strong>Buteone</strong></span> <span class='ocrx_word' id='word_1_495' title='bbox 3058 3231 3389 3303; x_wconf 86' lang='lat' dir='ltr'><strong>Pompeiano</strong></span> 
     </span>
    </p>
   </div>
   <div class='ocr_carea' id='block_1_68' title="bbox 180 3344 687 3401">
    <p class='ocr_par' dir='ltr' id='par_1_68' title="bbox 180 3344 687 3401">
     <span class='ocr_line' id='line_1_68' title="bbox 180 3344 687 3401; baseline -0.004 -2"><span class='ocrx_word' id='word_1_496' title='bbox 180 3347 201 3378; x_wconf 82' lang='grc'>¹</span> <span class='ocrx_word' id='word_1_497' title='bbox 238 3344 407 3401; x_wconf 86' lang='lat' dir='ltr'><strong>Deest</strong></span> <span class='ocrx_word' id='word_1_498' title='bbox 438 3344 687 3399; x_wconf 86' lang='lat' dir='ltr'><strong>verbum.</strong></span> 
     </span>
    </p>
   </div>
   <div class='ocr_carea' id='block_1_69' title="bbox 185 3462 1705 3537">
    <p class='ocr_par' dir='ltr' id='par_1_69' title="bbox 185 3462 1705 3537">
     <span class='ocr_line' id='line_1_69' title="bbox 185 3462 1705 3537; baseline -0.004 -13"><span class='ocrx_word' id='word_1_499' title='bbox 185 3470 309 3537; x_wconf 73' lang='grc'><strong>(45)</strong></span> <span class='ocrx_word' id='word_1_500' title='bbox 335 3467 712 3536; x_wconf 74' lang='grc' dir='ltr'>εὑρίσκομεν</span> <span class='ocrx_word' id='word_1_501' title='bbox 724 3462 956 3537; x_wconf 65' lang='grc' dir='ltr'>γὰρκαὶ</span> <span class='ocrx_word' id='word_1_502' title='bbox 981 3462 1386 3537; x_wconf 66' lang='grc' dir='ltr'>ἐμφερόμενὸν</span> <span class='ocrx_word' id='word_1_503' title='bbox 1413 3477 1551 3537; x_wconf 61' lang='grc' dir='ltr'>που.</span> <span class='ocrx_word' id='word_1_504' title='bbox 1577 3464 1705 3531; x_wconf 85' lang='lat' dir='ltr'><strong>Qui-</strong></span> 
     </span>
    </p>
   </div>
   <div class='ocr_carea' id='block_1_70' title="bbox 108 3533 1701 3608">
    <p class='ocr_par' dir='ltr' id='par_1_70' title="bbox 108 3533 1701 3608">
     <span class='ocr_line' id='line_1_70' title="bbox 108 3533 1701 3608; baseline -0.004 -11"><span class='ocrx_word' id='word_1_505' title='bbox 108 3533 217 3597; x_wconf 76' lang='lat' dir='ltr'><strong>bus</strong></span> <span class='ocrx_word' id='word_1_506' title='bbox 244 3533 305 3593; x_wconf 77' lang='lat' dir='ltr'><strong>in</strong></span> <span class='ocrx_word' id='word_1_507' title='bbox 343 3533 499 3593; x_wconf 80' lang='lat' dir='ltr'><strong>libris</strong></span> <span class='ocrx_word' id='word_1_508' title='bbox 529 3533 800 3608; x_wconf 80' lang='lat' dir='ltr'><strong>reperisse</strong></span> <span class='ocrx_word' id='word_1_509' title='bbox 821 3534 1293 3608; x_wconf 85' lang='lat' dir='ltr'><strong>dicat,__non_sati_s</strong></span> <span class='ocrx_word' id='word_1_510' title='bbox 1325 3533 1590 3608; x_wconf 79' lang='lat' dir='ltr'><strong>declarat.</strong></span> <span class='ocrx_word' id='word_1_511' title='bbox 1620 3537 1701 3591; x_wconf 89' lang='lat' dir='ltr'><strong>An</strong></span> 
     </span>
    </p>
   </div>
   <div class='ocr_carea' id='block_1_71' title="bbox 107 3604 1703 3729">
    <p class='ocr_par' dir='ltr' id='par_1_71' title="bbox 107 3604 1703 3729">
     <span class='ocr_line' id='line_1_71' title="bbox 107 3604 1703 3729; baseline -0.004 -61"><span class='ocrx_word' id='word_1_512' title='bbox 107 3614 175 3668; x_wconf 81' lang='lat' dir='ltr'><strong>de</strong></span> <span class='ocrx_word' id='word_1_513' title='bbox 210 3614 321 3664; x_wconf 87' lang='lat' dir='ltr'><strong>hoc</strong></span> <span class='ocrx_word' id='word_1_514' title='bbox 357 3624 459 3663; x_wconf 91' lang='lat' dir='ltr'><strong>suo</strong></span> <span class='ocrx_word' id='word_1_515' title='bbox 498 3604 664 3679; x_wconf 76' lang='lat' dir='ltr'><strong>opere</strong></span> <span class='ocrx_word' id='word_1_516' title='bbox 709 3608 954 3675; x_wconf 86' lang='lat' dir='ltr'><strong>loquitur</strong></span> <span class='ocrx_word' id='word_1_517' title='bbox 993 3604 1354 3729; x_wconf 59' lang='lat' dir='ltr'><strong>Epiphanius,</strong></span> <span class='ocrx_word' id='word_1_518' title='bbox 1394 3605 1447 3659; x_wconf 90' lang='lat' dir='ltr'><strong>in</strong></span> <span class='ocrx_word' id='word_1_519' title='bbox 1493 3621 1602 3669; x_wconf 82' lang='lat' dir='ltr'><strong>quo</strong></span> <span class='ocrx_word' id='word_1_520' title='bbox 1639 3608 1703 3661; x_wconf 93' lang='lat' dir='ltr'><strong>li-</strong></span> 
     </span>
     <span class='ocr_line' id='line_1_72' title="bbox 107 3673 1703 3729; baseline 0 0"><span class='ocrx_word' id='word_1_521' title='bbox 107 3684 432 3729; x_wconf 74' lang='lat' dir='ltr'><strong>hmrimum</strong></span> <span class='ocrx_word' id='word_1_522' title='bbox 469 3679 816 3729; x_wconf 81' lang='lat' dir='ltr'><strong>oscilanliam</strong></span> <span class='ocrx_word' id='word_1_523' title='bbox 856 3685 1076 3729; x_wconf 88' lang='lat' dir='ltr'><strong>accuset</strong></span> <span class='ocrx_word' id='word_1_524' title='bbox 1155 3673 1355 3729; x_wconf 85' lang='lat' dir='ltr'><strong>Verum</strong></span> <span class='ocrx_word' id='word_1_525' title='bbox 1378 3691 1441 3729; x_wconf 81' lang='lat' dir='ltr'><strong>ex</strong></span> <span class='ocrx_word' id='word_1_526' title='bbox 1486 3674 1555 3729; x_wconf 90' lang='lat' dir='ltr'><strong>iis</strong></span> <span class='ocrx_word' id='word_1_527' title='bbox 1581 3694 1703 3729; x_wconf 70' lang='lat' dir='ltr'><strong>una:</strong></span> 
     </span>
    </p>
   </div>
   <div class='ocr_carea' id='block_1_72' title="bbox 107 3673 1704 3747">
    <p class='ocr_par' dir='ltr' id='par_1_72' title="bbox 107 3673 1704 3747">
     <span class='ocr_line' id='line_1_73' title="bbox 107 3673 1704 3747; baseline -0.004 -8"><span class='ocrx_word' id='word_1_528' title='bbox 107 3684 432 3739; x_wconf 74' lang='lat' dir='ltr'><strong>brariorum</strong></span> <span class='ocrx_word' id='word_1_529' title='bbox 469 3673 816 3735; x_wconf 77' lang='lat' dir='ltr'><strong>oscitantiaiii</strong></span> <span class='ocrx_word' id='word_1_530' title='bbox 856 3673 1121 3747; x_wconf 56' lang='lat' dir='ltr'><strong>accuset!</strong></span> <span class='ocrx_word' id='word_1_531' title='bbox 1155 3673 1355 3729; x_wconf 84' lang='lat' dir='ltr'><strong>Verum</strong></span> <span class='ocrx_word' id='word_1_532' title='bbox 1378 3691 1441 3730; x_wconf 81' lang='lat' dir='ltr'><strong>ex</strong></span> <span class='ocrx_word' id='word_1_533' title='bbox 1486 3674 1555 3731; x_wconf 92' lang='lat' dir='ltr'><strong>iis</strong></span> <span class='ocrx_word' id='word_1_534' title='bbox 1581 3694 1704 3747; x_wconf 71' lang='lat' dir='ltr'><strong>qua:</strong></span> 
     </span>
    </p>
   </div>
   <div class='ocr_carea' id='block_1_73' title="bbox 109 3746 1703 3823">
    <p class='ocr_par' dir='ltr' id='par_1_73' title="bbox 109 3746 1703 3823">
     <span class='ocr_line' id='line_1_74' title="bbox 109 3746 1703 3823; baseline -0.001 -18"><span class='ocrx_word' id='word_1_535' title='bbox 109 3761 470 3823; x_wconf 83' lang='lat' dir='ltr'><strong>sequuntur,</strong></span> <span class='ocrx_word' id='word_1_536' title='bbox 522 3750 737 3804; x_wconf 83' lang='lat' dir='ltr'><strong>videtur</strong></span> <span class='ocrx_word' id='word_1_537' title='bbox 792 3746 1533 3823; x_wconf 42' lang='lat' dir='ltr'><strong>meditati”chronologicos,</strong></span> <span class='ocrx_word' id='word_1_538' title='bbox 1588 3746 1703 3823; x_wconf 74' lang='lat' dir='ltr'><strong>sive</strong></span> 
     </span>
    </p>
   </div>
   <div class='ocr_carea' id='block_1_74' title="bbox 111 3816 1702 3887">
    <p class='ocr_par' dir='ltr' id='par_1_74' title="bbox 111 3816 1702 3887">
     <span class='ocr_line' id='line_1_75' title="bbox 111 3816 1702 3887; baseline -0.004 -8"><span class='ocrx_word' id='word_1_539' title='bbox 111 3816 424 3881; x_wconf 73' lang='lat' dir='ltr'><strong>historicos</strong></span> <span class='ocrx_word' id='word_1_540' title='bbox 448 3819 872 3877; x_wconf 88' lang='lat' dir='ltr'><strong>commentarios</strong></span> <span class='ocrx_word' id='word_1_541' title='bbox 899 3816 1219 3887; x_wconf 77' lang='lat' dir='ltr'><strong>intelligere.</strong></span> <span class='ocrx_word' id='word_1_542' title='bbox 1245 3817 1301 3871; x_wconf 91' lang='lat' dir='ltr'><strong>In</strong></span> <span class='ocrx_word' id='word_1_543' title='bbox 1332 3816 1537 3887; x_wconf 81' lang='lat' dir='ltr'><strong>quibus</strong></span> <span class='ocrx_word' id='word_1_544' title='bbox 1563 3820 1607 3872; x_wconf 90' lang='lat' dir='ltr'><strong>si</strong></span> <span class='ocrx_word' id='word_1_545' title='bbox 1637 3835 1702 3873; x_wconf 77' lang='grc' dir='ltr'>ιιι.</span> 
     </span>
    </p>
   </div>
   <div class='ocr_carea' id='block_1_75' title="bbox 109 3886 1700 3964">
    <p class='ocr_par' dir='ltr' id='par_1_75' title="bbox 109 3886 1700 3964">
     <span class='ocr_line' id='line_1_76' title="bbox 109 3886 1700 3964; baseline -0.004 -15"><span class='ocrx_word' id='word_1_546' title='bbox 109 3893 356 3964; x_wconf 81' lang='lat' dir='ltr'><strong>Augusti</strong></span> <span class='ocrx_word' id='word_1_547' title='bbox 406 3894 563 3964; x_wconf 65' lang='lat' dir='ltr'><strong>anno~</strong></span> <span class='ocrx_word' id='word_1_548' title='bbox 607 3901 792 3945; x_wconf 88' lang='lat' dir='ltr'><strong>natum</strong></span> <span class='ocrx_word' id='word_1_549' title='bbox 852 3886 1192 3964; x_wconf 67' lang='lat' dir='ltr'><strong>Salvatoreui</strong></span> <span class='ocrx_word' id='word_1_550' title='bbox 1238 3886 1362 3964; x_wconf 85' lang='lat' dir='ltr'><strong>esse</strong></span> <span class='ocrx_word' id='word_1_551' title='bbox 1420 3889 1700 3964; x_wconf 84' lang='lat' dir='ltr'><strong>proditum</strong></span> 
     </span>
    </p>
   </div>
   <div class='ocr_carea' id='block_1_76' title="bbox 1813 3467 3384 3543">
    <p class='ocr_par' dir='ltr' id='par_1_76' title="bbox 1813 3467 3384 3543">
     <span class='ocr_line' id='line_1_77' title="bbox 1813 3467 3384 3543; baseline 0.003 -21"><span class='ocrx_word' id='word_1_552' title='bbox 1813 3468 1958 3543; x_wconf 83' lang='lat' dir='ltr'><strong>gusti</strong></span> <span class='ocrx_word' id='word_1_553' title='bbox 2004 3467 2259 3543; x_wconf 73' lang='lat' dir='ltr'><strong>Julianus</strong></span> <span class='ocrx_word' id='word_1_554' title='bbox 2310 3478 2394 3543; x_wconf 85' lang='lat' dir='ltr'><strong>est</strong></span> <span class='ocrx_word' id='word_1_555' title='bbox 2430 3470 2514 3543; x_wconf 75' lang='lat' dir='ltr'><strong>vel</strong></span> <span class='ocrx_word' id='word_1_556' title='bbox 2564 3485 2653 3543; x_wconf 71' lang='lat' dir='ltr'><strong>xu</strong></span> <span class='ocrx_word' id='word_1_557' title='bbox 2706 3471 2803 3543; x_wconf 85' lang='lat' dir='ltr'><strong>vel</strong></span> <span class='ocrx_word' id='word_1_558' title='bbox 2839 3484 2989 3534; x_wconf 84' lang='lat' dir='ltr'><strong>xui;</strong></span> <span class='ocrx_word' id='word_1_559' title='bbox 3042 3470 3096 3524; x_wconf 90' lang='lat' dir='ltr'><strong>in</strong></span> <span class='ocrx_word' id='word_1_560' title='bbox 3148 3489 3384 3543; x_wconf 81' lang='lat' dir='ltr'><strong>quorum</strong></span> 
     </span>
    </p>
   </div>
   <div class='ocr_carea' id='block_1_77' title="bbox 1811 3539 3385 3613">
    <p class='ocr_par' dir='ltr' id='par_1_77' title="bbox 1811 3539 3385 3613">
     <span class='ocr_line' id='line_1_78' title="bbox 1811 3539 3385 3613; baseline 0.003 -20"><span class='ocrx_word' id='word_1_561' title='bbox 1811 3541 2137 3595; x_wconf 87' lang='lat' dir='ltr'><strong>alterutrum</strong></span> <span class='ocrx_word' id='word_1_562' title='bbox 2169 3539 2415 3594; x_wconf 86' lang='lat' dir='ltr'><strong>Natalem</strong></span> <span class='ocrx_word' id='word_1_563' title='bbox 2452 3540 2656 3596; x_wconf 88' lang='lat' dir='ltr'><strong>Christi</strong></span> <span class='ocrx_word' id='word_1_564' title='bbox 2698 3541 2996 3613; x_wconf 65' lang='lat' dir='ltr'><strong>scriptores</strong></span> <span class='ocrx_word' id='word_1_565' title='bbox 3027 3543 3103 3595; x_wconf 92' lang='lat' dir='ltr'><strong>illi</strong></span> <span class='ocrx_word' id='word_1_566' title='bbox 3130 3539 3385 3613; x_wconf 79' lang='lat' dir='ltr'><strong>conjece-</strong></span> 
     </span>
    </p>
   </div>
   <div class='ocr_carea' id='block_1_78' title="bbox 1813 3608 3383 3682">
    <p class='ocr_par' dir='ltr' id='par_1_78' title="bbox 1813 3608 3383 3682">
     <span class='ocr_line' id='line_1_79' title="bbox 1813 3608 3383 3682; baseline 0.003 -18"><span class='ocrx_word' id='word_1_567' title='bbox 1813 3620 1970 3664; x_wconf 91' lang='lat' dir='ltr'><strong>rant:</strong></span> <span class='ocrx_word' id='word_1_568' title='bbox 1998 3620 2323 3682; x_wconf 89' lang='lat' dir='ltr'><strong>conceptum</strong></span> <span class='ocrx_word' id='word_1_569' title='bbox 2352 3618 2531 3682; x_wconf 83' lang='lat' dir='ltr'><strong>autem</strong></span> <span class='ocrx_word' id='word_1_570' title='bbox 2564 3608 2885 3667; x_wconf 80' lang='lat' dir='ltr'><strong>asserebant</strong></span> <span class='ocrx_word' id='word_1_571' title='bbox 2912 3608 3021 3682; x_wconf 81' lang='lat' dir='ltr'><strong>Jul.</strong></span> <span class='ocrx_word' id='word_1_572' title='bbox 3054 3628 3122 3667; x_wconf 74' lang='lat' dir='ltr'><strong>xi.</strong></span> <span class='ocrx_word' id='word_1_573' title='bbox 3149 3608 3345 3669; x_wconf 53' lang='lat' dir='ltr'><strong>vel&#39;xu</strong></span> <span class='ocrx_word' id='word_1_574' title='bbox 3369 3633 3383 3669; x_wconf 87' lang='lat'><strong>:</strong></span> 
     </span>
    </p>
   </div>
   <div class='ocr_carea' id='block_1_79' title="bbox 1810 3680 3385 3751">
    <p class='ocr_par' dir='ltr' id='par_1_79' title="bbox 1810 3680 3385 3751">
     <span class='ocr_line' id='line_1_80' title="bbox 1810 3680 3385 3751; baseline 0.003 -17"><span class='ocrx_word' id='word_1_575' title='bbox 1810 3696 2046 3751; x_wconf 88' lang='lat' dir='ltr'><strong>quorum</strong></span> <span class='ocrx_word' id='word_1_576' title='bbox 2077 3680 2278 3751; x_wconf 80' lang='lat' dir='ltr'><strong>aliquis</strong></span> <span class='ocrx_word' id='word_1_577' title='bbox 2322 3680 2581 3737; x_wconf 78' lang='lat' dir='ltr'><strong>suﬂ‘ectos</strong></span> <span class='ocrx_word' id='word_1_578' title='bbox 2615 3682 2738 3736; x_wconf 93' lang='lat' dir='ltr'><strong>illos</strong></span> <span class='ocrx_word' id='word_1_579' title='bbox 2768 3698 2909 3736; x_wconf 78' lang='lat' dir='ltr'><strong>coss.</strong></span> <span class='ocrx_word' id='word_1_580' title='bbox 2942 3681 3149 3737; x_wconf 87' lang='lat' dir='ltr'><strong>habuit.</strong></span> <span class='ocrx_word' id='word_1_581' title='bbox 3190 3682 3385 3739; x_wconf 88' lang='lat' dir='ltr'><strong>Verum</strong></span> 
     </span>
    </p>
   </div>
   <div class='ocr_carea' id='block_1_80' title="bbox 1810 3751 3386 3826">
    <p class='ocr_par' dir='ltr' id='par_1_80' title="bbox 1810 3751 3386 3826">
     <span class='ocr_line' id='line_1_81' title="bbox 1810 3751 3386 3826; baseline 0.003 -22"><span class='ocrx_word' id='word_1_582' title='bbox 1810 3752 2073 3826; x_wconf 78' lang='lat' dir='ltr'><strong>quoniam</strong></span> <span class='ocrx_word' id='word_1_583' title='bbox 2130 3752 2382 3826; x_wconf 73' lang='lat' dir='ltr'><strong>Augusti</strong></span> <span class='ocrx_word' id='word_1_584' title='bbox 2408 3767 2583 3826; x_wconf 83' lang='lat' dir='ltr'><strong>annos</strong></span> <span class='ocrx_word' id='word_1_585' title='bbox 2628 3755 2696 3806; x_wconf 88' lang='lat' dir='ltr'><strong>ab</strong></span> <span class='ocrx_word' id='word_1_586' title='bbox 2733 3751 3038 3826; x_wconf 74' lang='lat' dir='ltr'><strong>Epiphanio</strong></span> <span class='ocrx_word' id='word_1_587' title='bbox 3075 3754 3217 3808; x_wconf 79' lang='grc' dir='ltr'>κατὰ</span> <span class='ocrx_word' id='word_1_588' title='bbox 3252 3755 3386 3826; x_wconf 83' lang='grc' dir='ltr'>πρό-</span> 
     </span>
    </p>
   </div>
   <div class='ocr_carea' id='block_1_81' title="bbox 1810 3820 3387 3893">
    <p class='ocr_par' dir='ltr' id='par_1_81' title="bbox 1810 3820 3387 3893">
     <span class='ocr_line' id='line_1_82' title="bbox 1810 3820 3387 3893; baseline 0.004 -19"><span class='ocrx_word' id='word_1_589' title='bbox 1810 3820 1973 3893; x_wconf 83' lang='grc' dir='ltr'>ληψιν</span> <span class='ocrx_word' id='word_1_590' title='bbox 2028 3820 2303 3893; x_wconf 72' lang='lat' dir='ltr'><strong>numerari</strong></span> <span class='ocrx_word' id='word_1_591' title='bbox 2353 3822 2642 3893; x_wconf 86' lang='lat' dir='ltr'><strong>docuimus</strong></span> <span class='ocrx_word' id='word_1_592' title='bbox 2693 3838 2729 3893; x_wconf 12' lang='lat' dir='ltr'><strong>a7</strong></span> <span class='ocrx_word' id='word_1_593' title='bbox 2774 3820 3063 3885; x_wconf 79' lang='lat' dir='ltr'><strong>Kal.Jan.,</strong></span> <span class='ocrx_word' id='word_1_594' title='bbox 3112 3833 3169 3878; x_wconf 92' lang='lat' dir='ltr'><strong>ut</strong></span> <span class='ocrx_word' id='word_1_595' title='bbox 3210 3820 3387 3881; x_wconf 83' lang='lat' dir='ltr'><strong>annus</strong></span> 
     </span>
    </p>
   </div>
   <div class='ocr_carea' id='block_1_82' title="bbox 1812 3891 3388 3964">
    <p class='ocr_par' dir='ltr' id='par_1_82' title="bbox 1812 3891 3388 3964">
     <span class='ocr_line' id='line_1_83' title="bbox 1812 3891 3388 3964; baseline 0.003 -17"><span class='ocrx_word' id='word_1_596' title='bbox 1812 3891 2103 3964; x_wconf 82' lang='lat' dir='ltr'><strong>illiusqu</strong></span> <span class='ocrx_word' id='word_1_597' title='bbox 2128 3893 2199 3947; x_wconf 89' lang='lat' dir='ltr'><strong>sit</strong></span> <span class='ocrx_word' id='word_1_598' title='bbox 2219 3891 2614 3964; x_wconf 80' lang='lat' dir='ltr'><strong>Julianiis_ille,</strong></span> <span class='ocrx_word' id='word_1_599' title='bbox 2646 3892 2905 3964; x_wconf 82' lang='lat' dir='ltr'><strong>cujusab</strong></span> <span class='ocrx_word' id='word_1_600' title='bbox 2928 3893 3174 3964; x_wconf 86' lang='lat' dir='ltr'><strong>Augusto</strong></span> <span class='ocrx_word' id='word_1_601' title='bbox 3200 3911 3388 3951; x_wconf 83' lang='lat' dir='ltr'><strong>mense</strong></span> 
     </span>
    </p>
   </div>
   <div class='ocr_carea' id='block_1_83' title="bbox 112 3956 3386 4033">
    <p class='ocr_par' dir='ltr' id='par_1_83' title="bbox 112 3956 3386 4033">
     <span class='ocr_line' id='line_1_84' title="bbox 112 3956 3386 4033; baseline -0.001 -12"><span class='ocrx_word' id='word_1_602' title='bbox 112 3956 244 4027; x_wconf 51' lang='lat' dir='ltr'><strong>fuit:</strong></span> <span class='ocrx_word' id='word_1_603' title='bbox 276 3979 392 4017; x_wconf 86' lang='lat' dir='ltr'><strong>non</strong></span> <span class='ocrx_word' id='word_1_604' title='bbox 420 3963 557 4017; x_wconf 85' lang='lat' dir='ltr'><strong>adeo</strong></span> <span class='ocrx_word' id='word_1_605' title='bbox 582 3976 775 4015; x_wconf 89' lang='lat' dir='ltr'><strong>recens</strong></span> <span class='ocrx_word' id='word_1_606' title='bbox 807 3969 890 4014; x_wconf 85' lang='lat' dir='ltr'><strong>est</strong></span> <span class='ocrx_word' id='word_1_607' title='bbox 925 3958 1015 4013; x_wconf 86' lang='lat' dir='ltr'><strong>illa</strong></span> <span class='ocrx_word' id='word_1_608' title='bbox 1046 3956 1291 4013; x_wconf 82' lang='lat' dir='ltr'><strong>Deckerii</strong></span> <span class='ocrx_word' id='word_1_609' title='bbox 1322 3958 1555 4012; x_wconf 82' lang='lat' dir='ltr'><strong>assertio</strong></span> <span class='ocrx_word' id='word_1_610' title='bbox 1585 3974 1709 4029; x_wconf 65' lang='lat' dir='ltr'><strong>qua:</strong></span> <span class='ocrx_word' id='word_1_611' title='bbox 1815 3979 1925 4033; x_wconf 80' lang='lat' dir='ltr'><strong>xui</strong></span> <span class='ocrx_word' id='word_1_612' title='bbox 1960 3963 2189 4032; x_wconf 78' lang='lat' dir='ltr'><strong>Augusti</strong></span> <span class='ocrx_word' id='word_1_613' title='bbox 2229 3962 2436 4033; x_wconf 84' lang='lat' dir='ltr'><strong>inierit.</strong></span> <span class='ocrx_word' id='word_1_614' title='bbox 2474 3961 2629 4016; x_wconf 90' lang='lat' dir='ltr'><strong>Unde</strong></span> <span class='ocrx_word' id='word_1_615' title='bbox 2666 3956 2733 4017; x_wconf 76' lang='lat' dir='ltr'><strong>ex</strong></span> <span class='ocrx_word' id='word_1_616' title='bbox 2783 3956 3043 4033; x_wconf 60' lang='lat' dir='ltr'><strong>ejusdem&#39;</strong></span> <span class='ocrx_word' id='word_1_617' title='bbox 3067 3980 3233 4033; x_wconf 79' lang='lat' dir='ltr'><strong>sensu</strong></span> <span class='ocrx_word' id='word_1_618' title='bbox 3277 3982 3386 4021; x_wconf 77' lang='lat' dir='ltr'><strong>xm</strong></span> 
     </span>
    </p>
   </div>
   <div class='ocr_carea' id='block_1_84' title="bbox 108 4036 940 4103">
    <p class='ocr_par' dir='ltr' id='par_1_84' title="bbox 108 4036 940 4103">
     <span class='ocr_line' id='line_1_85' title="bbox 108 4036 940 4103; baseline -0.012 -10"><span class='ocrx_word' id='word_1_619' title='bbox 108 4053 242 4093; x_wconf 83' lang='lat' dir='ltr'><strong>eum</strong></span> <span class='ocrx_word' id='word_1_620' title='bbox 285 4036 467 4103; x_wconf 85' lang='lat' dir='ltr'><strong>ipsum</strong></span> <span class='ocrx_word' id='word_1_621' title='bbox 506 4046 708 4103; x_wconf 81' lang='lat' dir='ltr'><strong>annum</strong></span> <span class='ocrx_word' id='word_1_622' title='bbox 736 4038 940 4103; x_wconf 73' lang='lat' dir='ltr'><strong>tuetur.</strong></span> 
     </span>
    </p>
   </div>
   <div class='ocr_carea' id='block_1_85' title="bbox 1815 4031 3384 4103">
    <p class='ocr_par' dir='ltr' id='par_1_85' title="bbox 1815 4031 3384 4103">
     <span class='ocr_line' id='line_1_86' title="bbox 1815 4031 3384 4103; baseline 0.003 -18"><span class='ocrx_word' id='word_1_623' title='bbox 1815 4031 2068 4103; x_wconf 38' lang='lat' dir='ltr'><strong>Augusti’</strong></span> <span class='ocrx_word' id='word_1_624' title='bbox 2090 4047 2238 4088; x_wconf 84' lang='lat' dir='ltr'><strong>coss.</strong></span> <span class='ocrx_word' id='word_1_625' title='bbox 2268 4032 2371 4103; x_wconf 82' lang='lat' dir='ltr'><strong>sibi</strong></span> <span class='ocrx_word' id='word_1_626' title='bbox 2410 4032 2650 4103; x_wconf 84' lang='lat' dir='ltr'><strong>vindicat</strong></span> <span class='ocrx_word' id='word_1_627' title='bbox 2686 4031 2824 4102; x_wconf 76' lang='lat' dir='ltr'><strong>Aug.</strong></span> <span class='ocrx_word' id='word_1_628' title='bbox 2860 4047 2959 4086; x_wconf 87' lang='lat' dir='ltr'><strong>xui</strong></span> <span class='ocrx_word' id='word_1_629' title='bbox 2986 4042 3045 4103; x_wconf 86' lang='lat' dir='ltr'><strong>et</strong></span> <span class='ocrx_word' id='word_1_630' title='bbox 3079 4031 3384 4098; x_wconf 81' lang='lat' dir='ltr'><strong>Silvanum,</strong></span> 
     </span>
    </p>
   </div>
   <div class='ocr_carea' id='block_1_86' title="bbox 186 4096 1701 4186">
    <p class='ocr_par' dir='ltr' id='par_1_86' title="bbox 186 4096 1701 4186">
     <span class='ocr_line' id='line_1_87' title="bbox 186 4096 1701 4186; baseline -0.003 -28"><span class='ocrx_word' id='word_1_631' title='bbox 186 4096 320 4186; x_wconf 57' lang='lat'><strong>(46):</strong></span> <span class='ocrx_word' id='word_1_632' title='bbox 621 4100 735 4186; x_wconf 59' lang='grc' dir='ltr'><strong>δέ,</strong></span> <span class='ocrx_word' id='word_1_633' title='bbox 781 4101 871 4155; x_wconf 79' lang='grc' dir='ltr'>ὅτι</span> <span class='ocrx_word' id='word_1_634' title='bbox 915 4100 1029 4186; x_wconf 68' lang='grc' dir='ltr'>πρὸ</span> <span class='ocrx_word' id='word_1_635' title='bbox 1069 4099 1387 4186; x_wconf 42' lang='grc' dir='ltr'>ξεκαδύο..</span> <span class='ocrx_word' id='word_1_636' title='bbox 1420 4096 1701 4186; x_wconf 56' lang='grc' dir='ltr'>Μειιροειιε</span> 
     </span>
    </p>
   </div>
   <div class='ocr_carea' id='block_1_87' title="bbox 1806 4096 3389 4186">
    <p class='ocr_par' dir='ltr' id='par_1_87' title="bbox 1816 4096 3389 4186">
     <span class='ocr_line' id='line_1_88' title="bbox 1816 4096 3389 4186; baseline 0.001 -29"><span class='ocrx_word' id='word_1_637' title='bbox 1816 4096 2255 4186; x_wconf 43' lang='lat' dir='ltr'><strong>hacirationehxr.</strong></span> <span class='ocrx_word' id='word_1_638' title='bbox 2282 4102 2514 4186; x_wconf 78' lang='lat' dir='ltr'><strong>Augusti</strong></span> <span class='ocrx_word' id='word_1_639' title='bbox 2539 4101 2685 4158; x_wconf 89' lang='lat' dir='ltr'><strong>cadit</strong></span> <span class='ocrx_word' id='word_1_640' title='bbox 2716 4096 3149 4186; x_wconf 57' lang='lat' dir='ltr'><strong>in&#39;consulatuin</strong></span> <span class='ocrx_word' id='word_1_641' title='bbox 3263 4096 3389 4186; x_wconf 66' lang='lat' dir='ltr'><strong>Cal-</strong></span> 
     </span>
    </p>
   </div>
   <div class='ocr_carea' id='block_1_88' title="bbox 114 4170 1705 4248">
    <p class='ocr_par' dir='ltr' id='par_1_88' title="bbox 114 4170 1705 4248">
     <span class='ocr_line' id='line_1_89' title="bbox 114 4170 1705 4248; baseline -0.004 -18"><span class='ocrx_word' id='word_1_642' title='bbox 114 4170 319 4248; x_wconf 74' lang='grc' dir='ltr'><strong>ι)τὺευί</strong></span> <span class='ocrx_word' id='word_1_643' title='bbox 351 4174 671 4248; x_wconf 80' lang='lat' dir='ltr'><strong>dubio__iste</strong></span> <span class='ocrx_word' id='word_1_644' title='bbox 706 4173 864 4248; x_wconf 78' lang='lat' dir='ltr'><strong>locus</strong></span> <span class='ocrx_word' id='word_1_645' title='bbox 912 4180 1017 4227; x_wconf 87' lang='lat' dir='ltr'><strong>est.</strong></span> <span class='ocrx_word' id='word_1_646' title='bbox 1066 4170 1253 4248; x_wconf 80' lang='lat' dir='ltr'><strong>Neque</strong></span> <span class='ocrx_word' id='word_1_647' title='bbox 1304 4170 1447 4248; x_wconf 72' lang='lat' dir='ltr'><strong>enim</strong></span> <span class='ocrx_word' id='word_1_648' title='bbox 1486 4171 1705 4248; x_wconf 70' lang='lat' dir='ltr'><strong>opinor2</strong></span> 
     </span>
    </p>
   </div>
   <div class='ocr_carea' id='block_1_89' title="bbox 116 4240 1706 4321">
    <p class='ocr_par' dir='ltr' id='par_1_89' title="bbox 116 4240 1706 4321">
     <span class='ocr_line' id='line_1_90' title="bbox 116 4240 1706 4321; baseline -0.006 -19"><span class='ocrx_word' id='word_1_649' title='bbox 116 4240 455 4304; x_wconf 75' lang='lat' dir='ltr'><strong>asserebant</strong></span> <span class='ocrx_word' id='word_1_650' title='bbox 496 4246 593 4321; x_wconf 64' lang='lat' dir='ltr'><strong>illi,</strong></span> <span class='ocrx_word' id='word_1_651' title='bbox 624 4242 779 4321; x_wconf 74' lang='lat' dir='ltr'><strong>apud</strong></span> <span class='ocrx_word' id='word_1_652' title='bbox 826 4256 965 4313; x_wconf 92' lang='lat' dir='ltr'><strong>quos</strong></span> <span class='ocrx_word' id='word_1_653' title='bbox 1000 4240 1424 4321; x_wconf 64' lang='lat' dir='ltr'><strong>quadragesimo</strong></span> <span class='ocrx_word' id='word_1_654' title='bbox 1471 4240 1706 4321; x_wconf 76' lang='lat' dir='ltr'><strong>Augusti</strong></span> 
     </span>
    </p>
   </div>
   <div class='ocr_carea' id='block_1_90' title="bbox 116 4310 1704 4383">
    <p class='ocr_par' dir='ltr' id='par_1_90' title="bbox 116 4310 1704 4383">
     <span class='ocr_line' id='line_1_91' title="bbox 116 4310 1704 4383; baseline -0.004 -12"><span class='ocrx_word' id='word_1_655' title='bbox 116 4335 270 4373; x_wconf 88' lang='lat' dir='ltr'><strong>anno</strong></span> <span class='ocrx_word' id='word_1_656' title='bbox 314 4326 504 4371; x_wconf 85' lang='lat' dir='ltr'><strong>natum</strong></span> <span class='ocrx_word' id='word_1_657' title='bbox 549 4310 885 4369; x_wconf 80' lang='lat' dir='ltr'><strong>Salvatorem</strong></span> <span class='ocrx_word' id='word_1_658' title='bbox 932 4310 1153 4383; x_wconf 79' lang='lat' dir='ltr'><strong>reperit,</strong></span> <span class='ocrx_word' id='word_1_659' title='bbox 1189 4310 1434 4383; x_wconf 84' lang='lat' dir='ltr'><strong>Natalem</strong></span> <span class='ocrx_word' id='word_1_660' title='bbox 1464 4310 1583 4379; x_wconf 90' lang='lat' dir='ltr'><strong>ejus</strong></span> <span class='ocrx_word' id='word_1_661' title='bbox 1628 4325 1704 4383; x_wconf 82' lang='lat' dir='ltr'><strong>xu</strong></span> 
     </span>
    </p>
   </div>
   <div class='ocr_carea' id='block_1_91' title="bbox 114 4382 1702 4451">
    <p class='ocr_par' dir='ltr' id='par_1_91' title="bbox 114 4382 1702 4451">
     <span class='ocr_line' id='line_1_92' title="bbox 114 4382 1702 4451; baseline -0.006 -8"><span class='ocrx_word' id='word_1_662' title='bbox 114 4388 241 4443; x_wconf 71' lang='lat' dir='ltr'><strong>Kal.</strong></span> <span class='ocrx_word' id='word_1_663' title='bbox 272 4387 494 4447; x_wconf 87' lang='lat' dir='ltr'><strong>Junias,</strong></span> <span class='ocrx_word' id='word_1_664' title='bbox 522 4386 603 4439; x_wconf 89' lang='lat' dir='ltr'><strong>vel</strong></span> <span class='ocrx_word' id='word_1_665' title='bbox 630 4383 804 4438; x_wconf 85' lang='lat' dir='ltr'><strong>Julias</strong></span> <span class='ocrx_word' id='word_1_666' title='bbox 835 4382 1139 4448; x_wconf 81' lang='lat' dir='ltr'><strong>accidisse;</strong></span> <span class='ocrx_word' id='word_1_667' title='bbox 1187 4382 1281 4439; x_wconf 89' lang='lat' dir='ltr'><strong>sed</strong></span> <span class='ocrx_word' id='word_1_668' title='bbox 1316 4388 1375 4435; x_wconf 87' lang='lat' dir='ltr'><strong>ut</strong></span> <span class='ocrx_word' id='word_1_669' title='bbox 1416 4382 1702 4451; x_wconf 86' lang='lat' dir='ltr'><strong>sequentia</strong></span> 
     </span>
    </p>
   </div>
   <div class='ocr_carea' id='block_1_92' title="bbox 115 4450 1702 4525">
    <p class='ocr_par' dir='ltr' id='par_1_92' title="bbox 115 4450 1702 4525">
     <span class='ocr_line' id='line_1_93' title="bbox 115 4450 1702 4525; baseline -0.007 -9"><span class='ocrx_word' id='word_1_670' title='bbox 115 4463 533 4518; x_wconf 86' lang='lat' dir='ltr'><strong>demonstrant,</strong></span> <span class='ocrx_word' id='word_1_671' title='bbox 561 4458 629 4511; x_wconf 92' lang='lat' dir='ltr'><strong>de</strong></span> <span class='ocrx_word' id='word_1_672' title='bbox 652 4456 1026 4525; x_wconf 84' lang='lat' dir='ltr'><strong>conceptionis</strong></span> <span class='ocrx_word' id='word_1_673' title='bbox 1046 4454 1135 4509; x_wconf 85' lang='lat' dir='ltr'><strong>die</strong></span> <span class='ocrx_word' id='word_1_674' title='bbox 1156 4452 1326 4508; x_wconf 86' lang='lat' dir='ltr'><strong>locuti</strong></span> <span class='ocrx_word' id='word_1_675' title='bbox 1357 4450 1509 4525; x_wconf 65' lang='lat' dir='ltr'><strong>sunt,</strong></span> <span class='ocrx_word' id='word_1_676' title='bbox 1530 4450 1702 4505; x_wconf 90' lang='lat' dir='ltr'><strong>Julias</strong></span> 
     </span>
    </p>
   </div>
   <div class='ocr_carea' id='block_1_93' title="bbox 116 4522 1701 4595">
    <p class='ocr_par' dir='ltr' id='par_1_93' title="bbox 116 4522 1701 4595">
     <span class='ocr_line' id='line_1_94' title="bbox 116 4522 1701 4595; baseline -0.007 -9"><span class='ocrx_word' id='word_1_677' title='bbox 116 4533 436 4593; x_wconf 86' lang='lat' dir='ltr'><strong>accidisse;</strong></span> <span class='ocrx_word' id='word_1_678' title='bbox 472 4527 565 4582; x_wconf 88' lang='lat' dir='ltr'><strong>sed</strong></span> <span class='ocrx_word' id='word_1_679' title='bbox 606 4533 666 4579; x_wconf 92' lang='lat' dir='ltr'><strong>ut</strong></span> <span class='ocrx_word' id='word_1_680' title='bbox 708 4522 993 4595; x_wconf 82' lang='lat' dir='ltr'><strong>sequentia</strong></span> <span class='ocrx_word' id='word_1_681' title='bbox 1027 4522 1537 4595; x_wconf 75' lang='lat' dir='ltr'><strong>demonstrant,_de</strong></span> <span class='ocrx_word' id='word_1_682' title='bbox 1566 4536 1701 4575; x_wconf 89' lang='lat' dir='ltr'><strong>cou-</strong></span> 
     </span>
    </p>
   </div>
   <div class='ocr_carea' id='block_1_94' title="bbox 116 4593 1705 4673">
    <p class='ocr_par' dir='ltr' id='par_1_94' title="bbox 116 4593 1705 4673">
     <span class='ocr_line' id='line_1_95' title="bbox 116 4593 1705 4673; baseline -0.009 -16"><span class='ocrx_word' id='word_1_683' title='bbox 116 4600 404 4673; x_wconf 85' lang='lat' dir='ltr'><strong>ceptionis</strong></span> <span class='ocrx_word' id='word_1_684' title='bbox 440 4598 539 4673; x_wconf 76' lang='lat' dir='ltr'><strong>die</strong></span> <span class='ocrx_word' id='word_1_685' title='bbox 558 4596 722 4673; x_wconf 78' lang='lat' dir='ltr'><strong>locuti</strong></span> <span class='ocrx_word' id='word_1_686' title='bbox 763 4593 912 4673; x_wconf 77' lang='lat' dir='ltr'><strong>sunt.</strong></span> <span class='ocrx_word' id='word_1_687' title='bbox 942 4593 1570 4673; x_wconf 75' lang='lat' dir='ltr'><strong>Quare_restituendum_</strong></span> <span class='ocrx_word' id='word_1_688' title='bbox 1588 4607 1705 4673; x_wconf 81' lang='lat' dir='ltr'><strong>ver-</strong></span> 
     </span>
    </p>
   </div>
   <div class='ocr_carea' id='block_1_95' title="bbox 119 4662 1700 4739">
    <p class='ocr_par' dir='ltr' id='par_1_95' title="bbox 119 4662 1700 4739">
     <span class='ocr_line' id='line_1_96' title="bbox 119 4662 1700 4739; baseline -0.006 -12"><span class='ocrx_word' id='word_1_689' title='bbox 119 4662 253 4727; x_wconf 57' lang='lat' dir='ltr'><strong>bu&#39;m</strong></span> <span class='ocrx_word' id='word_1_690' title='bbox 277 4678 369 4726; x_wconf 89' lang='lat' dir='ltr'><strong>est</strong></span> <span class='ocrx_word' id='word_1_691' title='bbox 399 4668 730 4739; x_wconf 75' lang='grc' dir='ltr'>συνελήφθη,</span> <span class='ocrx_word' id='word_1_692' title='bbox 752 4667 901 4739; x_wconf 83' lang='lat' dir='ltr'><strong>quod</strong></span> <span class='ocrx_word' id='word_1_693' title='bbox 918 4670 1085 4739; x_wconf 89' lang='lat' dir='ltr'><strong>culpa</strong></span> <span class='ocrx_word' id='word_1_694' title='bbox 1114 4665 1460 4739; x_wconf 82' lang='lat' dir='ltr'><strong>librariorum</strong></span> <span class='ocrx_word' id='word_1_695' title='bbox 1493 4662 1700 4733; x_wconf 82' lang='lat' dir='ltr'><strong>eﬂ‘ugit.</strong></span> 
     </span>
    </p>
   </div>
   <div class='ocr_carea' id='block_1_96' title="bbox 120 4736 1702 4805">
    <p class='ocr_par' dir='ltr' id='par_1_96' title="bbox 120 4736 1702 4805">
     <span class='ocr_line' id='line_1_97' title="bbox 120 4736 1702 4805; baseline -0.006 -8"><span class='ocrx_word' id='word_1_696' title='bbox 120 4741 352 4798; x_wconf 81' lang='lat' dir='ltr'><strong>Utinam</strong></span> <span class='ocrx_word' id='word_1_697' title='bbox 396 4736 746 4795; x_wconf 40' lang='lat' dir='ltr'><strong>caetera&#39;tain</strong></span> <span class='ocrx_word' id='word_1_698' title='bbox 803 4738 962 4791; x_wconf 80' lang='lat' dir='ltr'><strong>facile</strong></span> <span class='ocrx_word' id='word_1_699' title='bbox 1007 4736 1274 4791; x_wconf 85' lang='lat' dir='ltr'><strong>extricare</strong></span> <span class='ocrx_word' id='word_1_700' title='bbox 1306 4750 1547 4805; x_wconf 89' lang='lat' dir='ltr'><strong>possem,</strong></span> <span class='ocrx_word' id='word_1_701' title='bbox 1581 4750 1702 4803; x_wconf 73' lang='lat' dir='ltr'><strong>quae</strong></span> 
     </span>
    </p>
   </div>
   <div class='ocr_carea' id='block_1_97' title="bbox 119 4805 1698 4879">
    <p class='ocr_par' dir='ltr' id='par_1_97' title="bbox 119 4805 1698 4879">
     <span class='ocr_line' id='line_1_98' title="bbox 119 4805 1698 4879; baseline -0.004 -12"><span class='ocrx_word' id='word_1_702' title='bbox 119 4822 257 4867; x_wconf 84' lang='lat' dir='ltr'><strong>sunt</strong></span> <span class='ocrx_word' id='word_1_703' title='bbox 295 4809 722 4879; x_wconf 86' lang='lat' dir='ltr'><strong>impeditissima</strong></span> <span class='ocrx_word' id='word_1_704' title='bbox 744 4807 847 4879; x_wconf 78' lang='grc' dir='ltr'><strong>ιιη</strong></span> <span class='ocrx_word' id='word_1_705' title='bbox 871 4807 1061 4879; x_wconf 81' lang='lat' dir='ltr'><strong>primis</strong></span> <span class='ocrx_word' id='word_1_706' title='bbox 1079 4805 1513 4879; x_wconf 51' lang='lat' dir='ltr'><strong>enimparjllud</strong></span> <span class='ocrx_word' id='word_1_707' title='bbox 1551 4819 1698 4879; x_wconf 56' lang='lat' dir='ltr'><strong>coss.</strong></span> 
     </span>
    </p>
   </div>
   <div class='ocr_carea' id='block_1_98' title="bbox 118 4875 1701 4951">
    <p class='ocr_par' dir='ltr' id='par_1_98' title="bbox 118 4875 1701 4951">
     <span class='ocr_line' id='line_1_99' title="bbox 118 4875 1701 4951; baseline -0.005 -14"><span class='ocrx_word' id='word_1_708' title='bbox 118 4875 455 4937; x_wconf 81' lang='grc' dir='ltr'>Σουλπικίου</span> <span class='ocrx_word' id='word_1_709' title='bbox 508 4875 912 4951; x_wconf 60' lang='grc' dir='ltr'>Καμμαρίνού,</span> <span class='ocrx_word' id='word_1_710' title='bbox 970 4875 1296 4951; x_wconf 65' lang='lat' dir='ltr'><strong>et_Bq1:&#39;céoi</strong></span> <span class='ocrx_word' id='word_1_711' title='bbox 1342 4875 1701 4951; x_wconf 70' lang='grc' dir='ltr'>ῌομπηῖανοῦ</span> 
     </span>
    </p>
   </div>
   <div class='ocr_carea' id='block_1_99' title="bbox 118 4946 1704 5017">
    <p class='ocr_par' dir='ltr' id='par_1_99' title="bbox 118 4946 1704 5017">
     <span class='ocr_line' id='line_1_100' title="bbox 118 4946 1704 5017; baseline -0.004 -10"><span class='ocrx_word' id='word_1_712' title='bbox 118 4956 356 5009; x_wconf 77' lang='grc' dir='ltr'>ὑπάτων</span> <span class='ocrx_word' id='word_1_713' title='bbox 387 4952 555 5007; x_wconf 92' lang='lat' dir='ltr'><strong>nullis</strong></span> <span class='ocrx_word' id='word_1_714' title='bbox 584 4946 656 5004; x_wconf 74' lang='lat' dir='ltr'><strong>iu</strong></span> <span class='ocrx_word' id='word_1_715' title='bbox 682 4946 837 5005; x_wconf 78' lang='lat' dir='ltr'><strong>lastis</strong></span> <span class='ocrx_word' id='word_1_716' title='bbox 879 4948 1093 5017; x_wconf 85' lang='lat' dir='ltr'><strong>reperio</strong></span> <span class='ocrx_word' id='word_1_717' title='bbox 1129 4946 1305 5017; x_wconf 84' lang='lat' dir='ltr'><strong>(quos</strong></span> <span class='ocrx_word' id='word_1_718' title='bbox 1336 4946 1505 5000; x_wconf 77' lang='lat' dir='ltr'><strong>fuisse</strong></span> <span class='ocrx_word' id='word_1_719' title='bbox 1540 4948 1704 5000; x_wconf 89' lang='lat' dir='ltr'><strong>sull&#39;c-</strong></span> 
     </span>
    </p>
   </div>
   <div class='ocr_carea' id='block_1_100' title="bbox 118 5017 1703 5094">
    <p class='ocr_par' dir='ltr' id='par_1_100' title="bbox 118 5017 1703 5094">
     <span class='ocr_line' id='line_1_101' title="bbox 118 5017 1703 5094; baseline -0.006 -14"><span class='ocrx_word' id='word_1_720' title='bbox 118 5037 244 5081; x_wconf 88' lang='lat' dir='ltr'><strong>ctos</strong></span> <span class='ocrx_word' id='word_1_721' title='bbox 280 5031 532 5094; x_wconf 89' lang='lat' dir='ltr'><strong>oportet,</strong></span> <span class='ocrx_word' id='word_1_722' title='bbox 561 5036 657 5094; x_wconf 82' lang='lat' dir='ltr'><strong>per</strong></span> <span class='ocrx_word' id='word_1_723' title='bbox 694 5018 1117 5094; x_wconf 81' lang='lat' dir='ltr'><strong>illa_te_m_pora).</strong></span> <span class='ocrx_word' id='word_1_724' title='bbox 1150 5018 1285 5073; x_wconf 84' lang='lat' dir='ltr'><strong>Cum</strong></span> <span class='ocrx_word' id='word_1_725' title='bbox 1325 5017 1703 5094; x_wconf 74' lang='lat' dir='ltr'><strong>igituraucto-</strong></span> 
     </span>
    </p>
   </div>
   <div class='ocr_carea' id='block_1_101' title="bbox 120 5087 1703 5163">
    <p class='ocr_par' dir='ltr' id='par_1_101' title="bbox 120 5087 1703 5163">
     <span class='ocr_line' id='line_1_102' title="bbox 120 5087 1703 5163; baseline -0.006 -12"><span class='ocrx_word' id='word_1_726' title='bbox 120 5112 212 5151; x_wconf 83' lang='lat' dir='ltr'><strong>res</strong></span> <span class='ocrx_word' id='word_1_727' title='bbox 262 5087 366 5156; x_wconf 75' lang='lat' dir='ltr'><strong>illi,</strong></span> <span class='ocrx_word' id='word_1_728' title='bbox 406 5087 735 5163; x_wconf 46' lang='lat' dir='ltr'><strong>quos—citat</strong></span> <span class='ocrx_word' id='word_1_729' title='bbox 782 5087 1159 5163; x_wconf 83' lang='lat' dir='ltr'><strong>Epiphanius,</strong></span> <span class='ocrx_word' id='word_1_730' title='bbox 1218 5087 1403 5141; x_wconf 87' lang='lat' dir='ltr'><strong>natum</strong></span> <span class='ocrx_word' id='word_1_731' title='bbox 1460 5087 1703 5163; x_wconf 70' lang='lat' dir='ltr'><strong>dixerint</strong></span> 
     </span>
    </p>
   </div>
   <div class='ocr_carea' id='block_1_102' title="bbox 119 5154 1702 5232">
    <p class='ocr_par' dir='ltr' id='par_1_102' title="bbox 119 5154 1702 5232">
     <span class='ocr_line' id='line_1_103' title="bbox 119 5154 1702 5232; baseline -0.008 -11"><span class='ocrx_word' id='word_1_732' title='bbox 119 5154 594 5222; x_wconf 46' lang='lat' dir='ltr'><strong>Christum-anno</strong></span> <span class='ocrx_word' id='word_1_733' title='bbox 630 5154 861 5232; x_wconf 74' lang='lat' dir='ltr'><strong>Augusti</strong></span> <span class='ocrx_word' id='word_1_734' title='bbox 886 5154 980 5232; x_wconf 51' lang='grc' dir='ltr'>ξι,</span> <span class='ocrx_word' id='word_1_735' title='bbox 1011 5168 1335 5229; x_wconf 88' lang='lat' dir='ltr'><strong>conceptum</strong></span> <span class='ocrx_word' id='word_1_736' title='bbox 1381 5171 1509 5232; x_wconf 80' lang='lat' dir='ltr'><strong>vero</strong></span> <span class='ocrx_word' id='word_1_737' title='bbox 1536 5154 1702 5210; x_wconf 90' lang='lat' dir='ltr'><strong>Junio</strong></span> 
     </span>
    </p>
   </div>
   <div class='ocr_carea' id='block_1_103' title="bbox 121 5228 1703 5298">
    <p class='ocr_par' dir='ltr' id='par_1_103' title="bbox 121 5228 1703 5298">
     <span class='ocr_line' id='line_1_104' title="bbox 121 5228 1703 5298; baseline -0.004 -11"><span class='ocrx_word' id='word_1_738' title='bbox 121 5240 204 5293; x_wconf 80' lang='lat' dir='ltr'><strong>vel</strong></span> <span class='ocrx_word' id='word_1_739' title='bbox 237 5236 391 5292; x_wconf 91' lang='lat' dir='ltr'><strong>Julio</strong></span> <span class='ocrx_word' id='word_1_740' title='bbox 430 5249 646 5298; x_wconf 88' lang='lat' dir='ltr'><strong>mense,</strong></span> <span class='ocrx_word' id='word_1_741' title='bbox 680 5228 743 5287; x_wconf 74' lang='lat' dir='ltr'><strong>ac</strong></span> <span class='ocrx_word' id='word_1_742' title='bbox 774 5248 843 5285; x_wconf 90' lang='lat' dir='ltr'><strong>vu</strong></span> <span class='ocrx_word' id='word_1_743' title='bbox 886 5229 1153 5283; x_wconf 82' lang='lat' dir='ltr'><strong>duntaxat</strong></span> <span class='ocrx_word' id='word_1_744' title='bbox 1188 5228 1419 5298; x_wconf 76' lang='lat' dir='ltr'><strong>menses</strong></span> <span class='ocrx_word' id='word_1_745' title='bbox 1460 5228 1703 5298; x_wconf 81' lang='lat' dir='ltr'><strong>inutero</strong></span> 
     </span>
    </p>
   </div>
   <div class='ocr_carea' id='block_1_104' title="bbox 119 5296 1703 5379">
    <p class='ocr_par' dir='ltr' id='par_1_104' title="bbox 119 5296 1703 5379">
     <span class='ocr_line' id='line_1_105' title="bbox 119 5296 1703 5379; baseline -0.008 -15"><span class='ocrx_word' id='word_1_746' title='bbox 119 5316 448 5379; x_wconf 84' lang='lat' dir='ltr'><strong>gestatum,</strong></span> <span class='ocrx_word' id='word_1_747' title='bbox 490 5306 543 5379; x_wconf 85' lang='lat' dir='ltr'><strong>_s_i</strong></span> <span class='ocrx_word' id='word_1_748' title='bbox 586 5296 791 5358; x_wconf 79' lang='lat' dir='ltr'><strong>Natalis</strong></span> <span class='ocrx_word' id='word_1_749' title='bbox 836 5300 1089 5379; x_wconf 83' lang='lat' dir='ltr'><strong>eumdem</strong></span> <span class='ocrx_word' id='word_1_750' title='bbox 1145 5313 1269 5379; x_wconf 81' lang='lat' dir='ltr'><strong>cum</strong></span> <span class='ocrx_word' id='word_1_751' title='bbox 1324 5296 1596 5379; x_wconf 65' lang='lat' dir='ltr'><strong>Egyptiis</strong></span> <span class='ocrx_word' id='word_1_752' title='bbox 1648 5305 1703 5377; x_wconf 67' lang='lat' dir='ltr'><strong>et</strong></span> 
     </span>
    </p>
   </div>
   <div class='ocr_carea' id='block_1_105' title="bbox 120 5370 1700 5451">
    <p class='ocr_par' dir='ltr' id='par_1_105' title="bbox 120 5370 1700 5451">
     <span class='ocr_line' id='line_1_106' title="bbox 120 5370 1700 5451; baseline -0.008 -17"><span class='ocrx_word' id='word_1_753' title='bbox 120 5370 445 5451; x_wconf 68' lang='lat' dir='ltr'><strong>Epiphanio</strong></span> <span class='ocrx_word' id='word_1_754' title='bbox 474 5374 617 5451; x_wconf 83' lang='lat' dir='ltr'><strong>diem</strong></span> <span class='ocrx_word' id='word_1_755' title='bbox 663 5374 987 5451; x_wconf 44' lang='lat' dir='ltr'><strong>statuerint,</strong></span> <span class='ocrx_word' id='word_1_756' title='bbox 1010 5370 1339 5451; x_wconf 70' lang='lat' dir='ltr'><strong>convenient</strong></span> <span class='ocrx_word' id='word_1_757' title='bbox 1384 5370 1434 5421; x_wconf 92' lang='lat' dir='ltr'><strong>hi</strong></span> <span class='ocrx_word' id='word_1_758' title='bbox 1464 5384 1608 5421; x_wconf 82' lang='lat' dir='ltr'><strong>coss.</strong></span> <span class='ocrx_word' id='word_1_759' title='bbox 1646 5370 1700 5421; x_wconf 90' lang='lat' dir='ltr'><strong>in</strong></span> 
     </span>
    </p>
   </div>
   <div class='ocr_carea' id='block_1_106' title="bbox 120 5440 1704 5518">
    <p class='ocr_par' dir='ltr' id='par_1_106' title="bbox 120 5440 1704 5518">
     <span class='ocr_line' id='line_1_107' title="bbox 120 5440 1704 5518; baseline -0.009 -13"><span class='ocrx_word' id='word_1_760' title='bbox 120 5440 338 5505; x_wconf 47' lang='lat' dir='ltr'><strong>ann-um</strong></span> <span class='ocrx_word' id='word_1_761' title='bbox 388 5446 616 5515; x_wconf 75' lang='lat' dir='ltr'><strong>Augusti</strong></span> <span class='ocrx_word' id='word_1_762' title='bbox 659 5460 845 5518; x_wconf 72' lang='lat' dir='ltr'><strong>xxxix.</strong></span> <span class='ocrx_word' id='word_1_763' title='bbox 882 5441 989 5518; x_wconf 78' lang='lat' dir='ltr'><strong>sed</strong></span> <span class='ocrx_word' id='word_1_764' title='bbox 1035 5440 1265 5518; x_wconf 71' lang='lat' dir='ltr'><strong>Augusti</strong></span> <span class='ocrx_word' id='word_1_765' title='bbox 1311 5440 1704 5518; x_wconf 79' lang='lat' dir='ltr'><strong>imper._anno-</strong></span> 
     </span>
    </p>
   </div>
   <div class='ocr_carea' id='block_1_107' title="bbox 120 5507 1699 5583">
    <p class='ocr_par' dir='ltr' id='par_1_107' title="bbox 120 5507 1699 5583">
     <span class='ocr_line' id='line_1_108' title="bbox 120 5507 1699 5583; baseline -0.009 -8"><span class='ocrx_word' id='word_1_766' title='bbox 120 5537 250 5575; x_wconf 86' lang='lat' dir='ltr'><strong>rum</strong></span> <span class='ocrx_word' id='word_1_767' title='bbox 287 5507 505 5571; x_wconf 64' lang='lat' dir='ltr'><strong>diversa</strong></span> <span class='ocrx_word' id='word_1_768' title='bbox 532 5524 658 5571; x_wconf 91' lang='lat' dir='ltr'><strong>sunt</strong></span> <span class='ocrx_word' id='word_1_769' title='bbox 700 5516 875 5575; x_wconf 86' lang='lat' dir='ltr'><strong>initia,</strong></span> <span class='ocrx_word' id='word_1_770' title='bbox 910 5514 975 5566; x_wconf 87' lang='lat' dir='ltr'><strong>de</strong></span> <span class='ocrx_word' id='word_1_771' title='bbox 1002 5507 1201 5583; x_wconf 70' lang='lat' dir='ltr'><strong>quibus</strong></span> <span class='ocrx_word' id='word_1_772' title='bbox 1236 5509 1458 5583; x_wconf 74' lang='lat' dir='ltr'><strong>cepiose</strong></span> <span class='ocrx_word' id='word_1_773' title='bbox 1492 5507 1699 5583; x_wconf 75' lang='lat' dir='ltr'><strong>dictum</strong></span> 
     </span>
    </p>
   </div>
   <div class='ocr_carea' id='block_1_108' title="bbox 120 5576 1700 5655">
    <p class='ocr_par' dir='ltr' id='par_1_108' title="bbox 120 5576 1700 5655">
     <span class='ocr_line' id='line_1_109' title="bbox 120 5576 1700 5655; baseline -0.009 -8"><span class='ocrx_word' id='word_1_774' title='bbox 120 5601 232 5647; x_wconf 88' lang='lat' dir='ltr'><strong>est.</strong></span> <span class='ocrx_word' id='word_1_775' title='bbox 268 5587 410 5642; x_wconf 86' lang='lat' dir='ltr'><strong>Nam</strong></span> <span class='ocrx_word' id='word_1_776' title='bbox 443 5595 535 5640; x_wconf 89' lang='lat' dir='ltr'><strong>aut</strong></span> <span class='ocrx_word' id='word_1_777' title='bbox 558 5586 629 5639; x_wconf 91' lang='lat' dir='ltr'><strong>ab</strong></span> <span class='ocrx_word' id='word_1_778' title='bbox 665 5586 781 5655; x_wconf 90' lang='lat' dir='ltr'><strong>ipsa</strong></span> <span class='ocrx_word' id='word_1_779' title='bbox 810 5583 938 5637; x_wconf 85' lang='lat' dir='ltr'><strong>Julii</strong></span> <span class='ocrx_word' id='word_1_780' title='bbox 966 5576 1199 5655; x_wconf 61' lang='lat' dir='ltr'><strong>Caesaris</strong></span> <span class='ocrx_word' id='word_1_781' title='bbox 1230 5576 1383 5655; x_wconf 62' lang='lat' dir='ltr'><strong>nece,</strong></span> <span class='ocrx_word' id='word_1_782' title='bbox 1407 5576 1634 5655; x_wconf 70' lang='lat' dir='ltr'><strong>Juliano</strong></span> <span class='ocrx_word' id='word_1_783' title='bbox 1662 5594 1700 5632; x_wconf 90' lang='grc' dir='ltr'><strong>ιι</strong></span> 
     </span>
    </p>
   </div>
   <div class='ocr_carea' id='block_1_109' title="bbox 120 5648 1701 5723">
    <p class='ocr_par' dir='ltr' id='par_1_109' title="bbox 120 5648 1701 5723">
     <span class='ocr_line' id='line_1_110' title="bbox 120 5648 1701 5723; baseline -0.009 -6"><span class='ocrx_word' id='word_1_784' title='bbox 120 5668 516 5720; x_wconf 80' lang='lat' dir='ltr'><strong>numerantur,</strong></span> <span class='ocrx_word' id='word_1_785' title='bbox 552 5667 644 5707; x_wconf 87' lang='lat' dir='ltr'><strong>aut</strong></span> <span class='ocrx_word' id='word_1_786' title='bbox 678 5648 707 5708; x_wconf 68' lang='grc' dir='ltr'><strong>εἰ</strong></span> <span class='ocrx_word' id='word_1_787' title='bbox 733 5660 1015 5723; x_wconf 86' lang='lat' dir='ltr'><strong>sequente,</strong></span> <span class='ocrx_word' id='word_1_788' title='bbox 1042 5651 1151 5706; x_wconf 87' lang='lat' dir='ltr'><strong>Jul.</strong></span> <span class='ocrx_word' id='word_1_789' title='bbox 1183 5668 1265 5705; x_wconf 86' lang='grc' dir='ltr'>ιιι.</span> <span class='ocrx_word' id='word_1_790' title='bbox 1300 5649 1456 5705; x_wconf 91' lang='lat' dir='ltr'><strong>Unde</strong></span> <span class='ocrx_word' id='word_1_791' title='bbox 1482 5666 1559 5721; x_wconf 66' lang='grc' dir='ltr'>ιιι.</span> <span class='ocrx_word' id='word_1_792' title='bbox 1593 5648 1701 5703; x_wconf 82' lang='grc' dir='ltr'>Λιι-</span> 
     </span>
    </p>
   </div>
   <div class='ocr_carea' id='block_1_110' title="bbox 458 5769 1080 5835">
    <p class='ocr_par' dir='ltr' id='par_1_110' title="bbox 458 5769 1080 5835">
     <span class='ocr_line' id='line_1_111' title="bbox 458 5769 1080 5835; baseline -0.008 0"><span class='ocrx_word' id='word_1_793' title='bbox 458 5776 731 5835; x_wconf 51' lang='lat' dir='ltr'><strong>Pyram“</strong></span> <span class='ocrx_word' id='word_1_794' title='bbox 768 5774 884 5833; x_wconf 86' lang='lat' dir='ltr'><strong>Gn.</strong></span> <span class='ocrx_word' id='word_1_795' title='bbox 920 5769 1080 5831; x_wconf 72' lang='lat' dir='ltr'><strong>XLI.</strong></span> 
     </span>
    </p>
   </div>
   <div class='ocr_carea' id='block_1_111' title="bbox 1816 4170 3389 4244">
    <p class='ocr_par' dir='ltr' id='par_1_111' title="bbox 1816 4170 3389 4244">
     <span class='ocr_line' id='line_1_112' title="bbox 1816 4170 3389 4244; baseline 0.002 -18"><span class='ocrx_word' id='word_1_796' title='bbox 1816 4174 1964 4244; x_wconf 80' lang='lat' dir='ltr'><strong>visii,</strong></span> <span class='ocrx_word' id='word_1_797' title='bbox 1996 4180 2049 4229; x_wconf 90' lang='lat' dir='ltr'><strong>et</strong></span> <span class='ocrx_word' id='word_1_798' title='bbox 2073 4172 2133 4226; x_wconf 89' lang='lat' dir='ltr'><strong>L.</strong></span> <span class='ocrx_word' id='word_1_799' title='bbox 2155 4170 2426 4242; x_wconf 83' lang='lat' dir='ltr'><strong>Passieni,</strong></span> <span class='ocrx_word' id='word_1_800' title='bbox 2454 4189 2622 4227; x_wconf 85' lang='lat' dir='ltr'><strong>xxxix</strong></span> <span class='ocrx_word' id='word_1_801' title='bbox 2651 4188 2781 4244; x_wconf 79' lang='lat' dir='ltr'><strong>vero</strong></span> <span class='ocrx_word' id='word_1_802' title='bbox 2809 4173 2950 4244; x_wconf 88' lang='lat' dir='ltr'><strong>Aug.</strong></span> <span class='ocrx_word' id='word_1_803' title='bbox 2983 4189 3060 4228; x_wconf 86' lang='lat' dir='ltr'><strong>xu</strong></span> <span class='ocrx_word' id='word_1_804' title='bbox 3097 4182 3152 4230; x_wconf 87' lang='lat' dir='ltr'><strong>et</strong></span> <span class='ocrx_word' id='word_1_805' title='bbox 3182 4173 3242 4229; x_wconf 90' lang='lat' dir='ltr'><strong>L.</strong></span> <span class='ocrx_word' id='word_1_806' title='bbox 3270 4173 3389 4234; x_wconf 84' lang='lat' dir='ltr'><strong>Sul-</strong></span> 
     </span>
    </p>
   </div>
   <div class='ocr_carea' id='block_1_112' title="bbox 1818 4242 3388 4315">
    <p class='ocr_par' dir='ltr' id='par_1_112' title="bbox 1818 4242 3388 4315">
     <span class='ocr_line' id='line_1_113' title="bbox 1818 4242 3388 4315; baseline 0.003 -20"><span class='ocrx_word' id='word_1_807' title='bbox 1818 4243 1923 4315; x_wconf 80' lang='lat' dir='ltr'><strong>l_sm</strong></span> <span class='ocrx_word' id='word_1_808' title='bbox 1972 4259 2121 4315; x_wconf 89' lang='lat' dir='ltr'><strong>coss.</strong></span> <span class='ocrx_word' id='word_1_809' title='bbox 2179 4244 2362 4315; x_wconf 62' lang='lat' dir='ltr'><strong>habet,</strong></span> <span class='ocrx_word' id='word_1_810' title='bbox 2414 4243 2615 4315; x_wconf 91' lang='lat' dir='ltr'><strong>quibus</strong></span> <span class='ocrx_word' id='word_1_811' title='bbox 2664 4242 2875 4315; x_wconf 73' lang='lat' dir='ltr'><strong>sull‘eeti</strong></span> <span class='ocrx_word' id='word_1_812' title='bbox 2906 4242 3056 4299; x_wconf 57' lang='lat' dir='ltr'><strong>&#39;sunt</strong></span> <span class='ocrx_word' id='word_1_813' title='bbox 3110 4244 3388 4315; x_wconf 78' lang='lat' dir='ltr'><strong>Sulpicius</strong></span> 
     </span>
    </p>
   </div>
   <div class='ocr_carea' id='block_1_113' title="bbox 1813 4312 3387 4394">
    <p class='ocr_par' dir='ltr' id='par_1_113' title="bbox 1813 4312 3387 4394">
     <span class='ocr_line' id='line_1_114' title="bbox 1813 4312 3387 4394; baseline 0.003 -27"><span class='ocrx_word' id='word_1_814' title='bbox 1813 4313 2167 4394; x_wconf 75' lang='lat' dir='ltr'><strong>Camerinus,</strong></span> <span class='ocrx_word' id='word_1_815' title='bbox 2214 4322 2268 4369; x_wconf 88' lang='lat' dir='ltr'><strong>et</strong></span> <span class='ocrx_word' id='word_1_816' title='bbox 2308 4312 2677 4394; x_wconf 66' lang='lat' dir='ltr'><strong>Pompeianus</strong></span> <span class='ocrx_word' id='word_1_817' title='bbox 2710 4315 2800 4394; x_wconf 85' lang='lat' dir='ltr'><strong>ille</strong></span> <span class='ocrx_word' id='word_1_818' title='bbox 2839 4313 3051 4394; x_wconf 81' lang='lat' dir='ltr'><strong>Buteo:</strong></span> <span class='ocrx_word' id='word_1_819' title='bbox 3091 4313 3160 4394; x_wconf 67' lang='lat' dir='ltr'><strong>de</strong></span> <span class='ocrx_word' id='word_1_820' title='bbox 3184 4312 3387 4394; x_wconf 51' lang='lat' dir='ltr'><strong>{ignibus</strong></span> 
     </span>
    </p>
   </div>
   <div class='ocr_carea' id='block_1_114' title="bbox 1813 4331 3389 4441">
    <p class='ocr_par' dir='ltr' id='par_1_114' title="bbox 1813 4331 3389 4441">
     <span class='ocr_line' id='line_1_115' title="bbox 1813 4331 3387 4439; baseline 0.002 -70"><span class='ocrx_word' id='word_1_821' title='bbox 1813 4331 2167 4377; x_wconf 62' lang='lat' dir='ltr'><strong>uamermus,</strong></span> <span class='ocrx_word' id='word_1_822' title='bbox 2214 4331 2268 4369; x_wconf 88' lang='grc' dir='ltr'><strong>ει</strong></span> <span class='ocrx_word' id='word_1_823' title='bbox 2310 4331 2677 4439; x_wconf 65' lang='lat' dir='ltr'><strong>rompeianus</strong></span> <span class='ocrx_word' id='word_1_824' title='bbox 2710 4331 2800 4370; x_wconf 91' lang='grc' dir='ltr'>ιιιε</span> <span class='ocrx_word' id='word_1_825' title='bbox 2840 4331 3051 4370; x_wconf 73' lang='lat' dir='ltr'><strong>buteo:</strong></span> <span class='ocrx_word' id='word_1_826' title='bbox 3091 4331 3160 4370; x_wconf 89' lang='lat' dir='ltr'><strong>ae</strong></span> <span class='ocrx_word' id='word_1_827' title='bbox 3184 4331 3387 4394; x_wconf 56' lang='lat' dir='ltr'><strong>q‘uuus</strong></span> 
     </span>
     <span class='ocr_line' id='line_1_116' title="bbox 1813 4384 3389 4441; baseline 0.001 -3"><span class='ocrx_word' id='word_1_828' title='bbox 1813 4386 1960 4439; x_wconf 88' lang='lat' dir='ltr'><strong>circa</strong></span> <span class='ocrx_word' id='word_1_829' title='bbox 1992 4387 2094 4440; x_wconf 89' lang='lat' dir='ltr'><strong>lios</strong></span> <span class='ocrx_word' id='word_1_830' title='bbox 2137 4400 2312 4439; x_wconf 90' lang='lat' dir='ltr'><strong>annos</strong></span> <span class='ocrx_word' id='word_1_831' title='bbox 2352 4386 2447 4439; x_wconf 88' lang='lat' dir='ltr'><strong>nul</strong></span> <span class='ocrx_word' id='word_1_832' title='bbox 2473 4400 2502 4438; x_wconf 90' lang='lat' dir='ltr'><strong>a</strong></span> <span class='ocrx_word' id='word_1_833' title='bbox 2544 4385 2597 4439; x_wconf 90' lang='lat' dir='ltr'><strong>in</strong></span> <span class='ocrx_word' id='word_1_834' title='bbox 2645 4384 2802 4440; x_wconf 82' lang='lat' dir='ltr'><strong>fastis</strong></span> <span class='ocrx_word' id='word_1_835' title='bbox 2836 4388 3060 4441; x_wconf 90' lang='lat' dir='ltr'><strong>mentio.</strong></span> <span class='ocrx_word' id='word_1_836' title='bbox 3099 4384 3203 4439; x_wconf 88' lang='lat' dir='ltr'><strong>Sed</strong></span> <span class='ocrx_word' id='word_1_837' title='bbox 3244 4402 3389 4439; x_wconf 89' lang='lat' dir='ltr'><strong>anno</strong></span> 
     </span>
    </p>
   </div>
   <div class='ocr_carea' id='block_1_115' title="bbox 1807 4454 3389 4537">
    <p class='ocr_par' dir='ltr' id='par_1_115' title="bbox 1807 4454 3389 4537">
     <span class='ocr_line' id='line_1_117' title="bbox 1807 4454 3389 4537; baseline -0.001 -27"><span class='ocrx_word' id='word_1_838' title='bbox 1807 4457 2031 4537; x_wconf 63' lang='lat' dir='ltr'><strong>demum</strong></span> <span class='ocrx_word' id='word_1_839' title='bbox 2086 4455 2306 4537; x_wconf 65' lang='lat' dir='ltr'><strong>Iuliano</strong></span> <span class='ocrx_word' id='word_1_840' title='bbox 2362 4472 2450 4509; x_wconf 78' lang='lat' dir='ltr'><strong>LIV</strong></span> <span class='ocrx_word' id='word_1_841' title='bbox 2512 4455 2578 4520; x_wconf 78' lang='grc' dir='ltr'><strong>ρ.</strong></span> <span class='ocrx_word' id='word_1_842' title='bbox 2632 4454 2909 4537; x_wconf 79' lang='lat' dir='ltr'><strong>Sulpicius</strong></span> <span class='ocrx_word' id='word_1_843' title='bbox 2955 4456 3276 4537; x_wconf 64' lang='lat' dir='ltr'><strong>Camerinus</strong></span> <span class='ocrx_word' id='word_1_844' title='bbox 3326 4464 3389 4537; x_wconf 33' lang='lat' dir='ltr'><strong>net</strong></span> 
     </span>
    </p>
   </div>
   <div class='ocr_carea' id='block_1_116' title="bbox 1808 4524 3388 4597">
    <p class='ocr_par' dir='ltr' id='par_1_116' title="bbox 1808 4524 3388 4597">
     <span class='ocr_line' id='line_1_118' title="bbox 1808 4524 3388 4597; baseline 0 -19"><span class='ocrx_word' id='word_1_845' title='bbox 1808 4525 2075 4596; x_wconf 70' lang='lat' dir='ltr'><strong>Poppazus</strong></span> <span class='ocrx_word' id='word_1_846' title='bbox 2122 4526 2362 4580; x_wconf 86' lang='lat' dir='ltr'><strong>Sabinus</strong></span> <span class='ocrx_word' id='word_1_847' title='bbox 2409 4541 2557 4597; x_wconf 88' lang='lat' dir='ltr'><strong>coss.</strong></span> <span class='ocrx_word' id='word_1_848' title='bbox 2610 4524 2981 4581; x_wconf 87' lang='lat' dir='ltr'><strong>ascribunlur.</strong></span> <span class='ocrx_word' id='word_1_849' title='bbox 3045 4524 3119 4581; x_wconf 87' lang='lat' dir='ltr'><strong>De</strong></span> <span class='ocrx_word' id='word_1_850' title='bbox 3168 4525 3388 4597; x_wconf 85' lang='grc' dir='ltr'>Βηττέῳ</span> 
     </span>
    </p>
   </div>
   <div class='ocr_carea' id='block_1_117' title="bbox 1808 4596 3387 4667">
    <p class='ocr_par' dir='ltr' id='par_1_117' title="bbox 1808 4596 3387 4667">
     <span class='ocr_line' id='line_1_119' title="bbox 1808 4596 3387 4667; baseline 0.001 -19"><span class='ocrx_word' id='word_1_851' title='bbox 1808 4596 2145 4667; x_wconf 83' lang='grc' dir='ltr'>Πομπηῖανῷ</span> <span class='ocrx_word' id='word_1_852' title='bbox 2173 4597 2309 4651; x_wconf 91' lang='lat' dir='ltr'><strong>nihil</strong></span> <span class='ocrx_word' id='word_1_853' title='bbox 2332 4596 2564 4666; x_wconf 88' lang='lat' dir='ltr'><strong>reperio.</strong></span> <span class='ocrx_word' id='word_1_854' title='bbox 2608 4597 2765 4667; x_wconf 78' lang='lat' dir='ltr'><strong>Quod</strong></span> <span class='ocrx_word' id='word_1_855' title='bbox 2806 4612 3004 4651; x_wconf 90' lang='lat' dir='ltr'><strong>nomen</strong></span> <span class='ocrx_word' id='word_1_856' title='bbox 3041 4599 3303 4667; x_wconf 83' lang='lat' dir='ltr'><strong>mendose</strong></span> <span class='ocrx_word' id='word_1_857' title='bbox 3326 4596 3387 4667; x_wconf 87' lang='lat' dir='ltr'><strong>iu</strong></span> 
     </span>
    </p>
   </div>
   <div class='ocr_carea' id='block_1_118' title="bbox 1806 4664 3388 4737">
    <p class='ocr_par' dir='ltr' id='par_1_118' title="bbox 1806 4664 3388 4737">
     <span class='ocr_line' id='line_1_120' title="bbox 1806 4664 3388 4737; baseline -0.001 -15"><span class='ocrx_word' id='word_1_858' title='bbox 1806 4664 2165 4722; x_wconf 34' lang='lat' dir='ltr'><strong>dandi‘cas&#39;u</strong></span> <span class='ocrx_word' id='word_1_859' title='bbox 2216 4664 2480 4737; x_wconf 77' lang='lat' dir='ltr'><strong>scriptum</strong></span> <span class='ocrx_word' id='word_1_860' title='bbox 2520 4674 2625 4721; x_wconf 89' lang='lat' dir='ltr'><strong>est.</strong></span> <span class='ocrx_word' id='word_1_861' title='bbox 2672 4665 2897 4737; x_wconf 89' lang='lat' dir='ltr'><strong>Corrige</strong></span> <span class='ocrx_word' id='word_1_862' title='bbox 2939 4667 3120 4737; x_wconf 89' lang='lat' dir='ltr'><strong>itaque</strong></span> <span class='ocrx_word' id='word_1_863' title='bbox 3165 4664 3388 4737; x_wconf 87' lang='grc' dir='ltr'>Βηττέω</span> 
     </span>
    </p>
   </div>
   <div class='ocr_carea' id='block_1_119' title="bbox 1804 4736 3384 4808">
    <p class='ocr_par' dir='ltr' id='par_1_119' title="bbox 1804 4736 3384 4808">
     <span class='ocr_line' id='line_1_121' title="bbox 1804 4736 3384 4808; baseline 0 -18"><span class='ocrx_word' id='word_1_864' title='bbox 1804 4737 2162 4808; x_wconf 85' lang='grc' dir='ltr'>Πομπηῖανοῦ</span> <span class='ocrx_word' id='word_1_865' title='bbox 2181 4752 2195 4765; x_wconf 82' lang='grc'><em>’</em></span> <span class='ocrx_word' id='word_1_866' title='bbox 2228 4736 2375 4806; x_wconf 82' lang='lat' dir='ltr'><strong>quod</strong></span> <span class='ocrx_word' id='word_1_867' title='bbox 2398 4737 2664 4808; x_wconf 79' lang='lat' dir='ltr'><strong>orationis</strong></span> <span class='ocrx_word' id='word_1_868' title='bbox 2685 4736 2856 4793; x_wconf 84' lang='lat' dir='ltr'><strong>series</strong></span> <span class='ocrx_word' id='word_1_869' title='bbox 2886 4736 3146 4806; x_wconf 89' lang='lat' dir='ltr'><strong>postulat.</strong></span> <span class='ocrx_word' id='word_1_870' title='bbox 3166 4736 3384 4806; x_wconf 90' lang='lat' dir='ltr'><strong>Alioqui</strong></span> 
     </span>
    </p>
   </div>
   <div class='ocr_carea' id='block_1_120' title="bbox 1807 4806 3384 4879">
    <p class='ocr_par' dir='ltr' id='par_1_120' title="bbox 1807 4806 3384 4879">
     <span class='ocr_line' id='line_1_122' title="bbox 1807 4806 3384 4879; baseline -0.001 -18"><span class='ocrx_word' id='word_1_871' title='bbox 1807 4806 1919 4861; x_wconf 86' lang='lat' dir='ltr'><strong>non</strong></span> <span class='ocrx_word' id='word_1_872' title='bbox 1946 4806 2067 4863; x_wconf 86' lang='lat' dir='ltr'><strong>sum</strong></span> <span class='ocrx_word' id='word_1_873' title='bbox 2097 4807 2509 4879; x_wconf 29' lang='lat' dir='ltr'><strong>nesciusaquin</strong></span> <span class='ocrx_word' id='word_1_874' title='bbox 2543 4806 2739 4861; x_wconf 86' lang='lat' dir='ltr'><strong>Latino</strong></span> <span class='ocrx_word' id='word_1_875' title='bbox 2786 4822 2940 4879; x_wconf 83' lang='lat' dir='ltr'><strong>more</strong></span> <span class='ocrx_word' id='word_1_876' title='bbox 2977 4821 3125 4879; x_wconf 70' lang='lat' dir='ltr'><strong>coss=</strong></span> <span class='ocrx_word' id='word_1_877' title='bbox 3158 4810 3384 4879; x_wconf 87' lang='lat' dir='ltr'><strong>nomina</strong></span> 
     </span>
    </p>
   </div>
   <div class='ocr_carea' id='block_1_121' title="bbox 1806 4875 3380 4959">
    <p class='ocr_par' dir='ltr' id='par_1_121' title="bbox 1806 4875 3380 4959">
     <span class='ocr_line' id='line_1_123' title="bbox 1806 4875 3380 4959; baseline -0.001 -27"><span class='ocrx_word' id='word_1_878' title='bbox 1806 4894 1903 4959; x_wconf 85' lang='lat' dir='ltr'><strong>per</strong></span> <span class='ocrx_word' id='word_1_879' title='bbox 1925 4875 2471 4959; x_wconf 40' lang='lat' dir='ltr'><strong>dativum‘interdum</strong></span> <span class='ocrx_word' id='word_1_880' title='bbox 2500 4893 2759 4959; x_wconf 77' lang='lat' dir='ltr'><strong>expressa</strong></span> <span class='ocrx_word' id='word_1_881' title='bbox 2787 4878 3055 4959; x_wconf 61' lang='lat' dir='ltr'><strong>legantur.</strong></span> <span class='ocrx_word' id='word_1_882' title='bbox 3085 4875 3153 4931; x_wconf 92' lang='lat' dir='ltr'><strong>Ut</strong></span> <span class='ocrx_word' id='word_1_883' title='bbox 3185 4877 3239 4931; x_wconf 91' lang='lat' dir='ltr'><strong>in</strong></span> <span class='ocrx_word' id='word_1_884' title='bbox 3270 4885 3380 4959; x_wconf 58' lang='lat' dir='ltr'><strong>vet.</strong></span> 
     </span>
    </p>
   </div>
   <div class='ocr_carea' id='block_1_122' title="bbox 1806 4946 3387 5020">
    <p class='ocr_par' dir='ltr' id='par_1_122' title="bbox 1806 4946 3387 5020">
     <span class='ocr_line' id='line_1_124' title="bbox 1806 4946 3387 5020; baseline 0 -18"><span class='ocrx_word' id='word_1_885' title='bbox 1806 4946 2079 5020; x_wconf 83' lang='lat' dir='ltr'><strong>inscript.,</strong></span> <span class='ocrx_word' id='word_1_886' title='bbox 2116 4948 2377 5003; x_wconf 71' lang='grc' dir='ltr'><strong>Αιεπαηά.</strong></span> <span class='ocrx_word' id='word_1_887' title='bbox 2406 4946 2723 5003; x_wconf 70' lang='lat' dir='ltr'><strong>Chronicou.</strong></span> <span class='ocrx_word' id='word_1_888' title='bbox 2758 4946 2878 5017; x_wconf 76' lang='lat' dir='ltr'><strong>pag.</strong></span> <span class='ocrx_word' id='word_1_889' title='bbox 2929 4946 3057 5011; x_wconf 68' lang='grc'>497,</span> <span class='ocrx_word' id='word_1_890' title='bbox 3090 4962 3234 5002; x_wconf 85' lang='lat' dir='ltr'><strong>anno</strong></span> <span class='ocrx_word' id='word_1_891' title='bbox 3281 4947 3387 5002; x_wconf 87' lang='lat' dir='ltr'><strong>Au-</strong></span> 
     </span>
    </p>
   </div>
   <div class='ocr_carea' id='block_1_123' title="bbox 1804 5020 3381 5090">
    <p class='ocr_par' dir='ltr' id='par_1_123' title="bbox 1804 5020 3381 5090">
     <span class='ocr_line' id='line_1_125' title="bbox 1804 5020 3381 5090; baseline -0.001 -17"><span class='ocrx_word' id='word_1_892' title='bbox 1804 5020 1949 5090; x_wconf 87' lang='lat' dir='ltr'><strong>gusti</strong></span> <span class='ocrx_word' id='word_1_893' title='bbox 2001 5036 2069 5074; x_wconf 81' lang='lat' dir='ltr'><strong>xt.</strong></span> <span class='ocrx_word' id='word_1_894' title='bbox 2109 5030 2302 5090; x_wconf 80' lang='lat' dir='ltr'><strong>natum</strong></span> <span class='ocrx_word' id='word_1_895' title='bbox 2333 5035 2483 5090; x_wconf 78' lang='lat' dir='ltr'><strong>esse</strong></span> <span class='ocrx_word' id='word_1_896' title='bbox 2521 5020 2803 5090; x_wconf 81' lang='lat' dir='ltr'><strong>Christum</strong></span> <span class='ocrx_word' id='word_1_897' title='bbox 2836 5027 3121 5090; x_wconf 85' lang='lat' dir='ltr'><strong>memorat.</strong></span> <span class='ocrx_word' id='word_1_898' title='bbox 3165 5033 3381 5072; x_wconf 90' lang='lat' dir='ltr'><strong>monar-</strong></span> 
     </span>
    </p>
   </div>
   <div class='ocr_carea' id='block_1_124' title="bbox 1805 5088 3383 5145">
    <p class='ocr_par' dir='ltr' id='par_1_124' title="bbox 1805 5088 3383 5145">
     <span class='ocr_line' id='line_1_126' title="bbox 1805 5088 3383 5145; baseline 0.001 -2"><span class='ocrx_word' id='word_1_899' title='bbox 1805 5088 1943 5145; x_wconf 81' lang='lat' dir='ltr'><strong>cliiae</strong></span> <span class='ocrx_word' id='word_1_900' title='bbox 1991 5107 2180 5144; x_wconf 86' lang='lat' dir='ltr'><strong>xxviu.</strong></span> <span class='ocrx_word' id='word_1_901' title='bbox 2240 5088 2345 5143; x_wconf 88' lang='lat' dir='ltr'><strong>Sed</strong></span> <span class='ocrx_word' id='word_1_902' title='bbox 2410 5088 2729 5144; x_wconf 90' lang='lat' dir='ltr'><strong>mendosum</strong></span> <span class='ocrx_word' id='word_1_903' title='bbox 2765 5103 2889 5143; x_wconf 85' lang='lat' dir='ltr'><strong>esse</strong></span> <span class='ocrx_word' id='word_1_904' title='bbox 2924 5088 3119 5143; x_wconf 78' lang='lat' dir='ltr'><strong>locum</strong></span> <span class='ocrx_word' id='word_1_905' title='bbox 3156 5103 3383 5145; x_wconf 86' lang='lat' dir='ltr'><strong>necesse</strong></span> 
     </span>
    </p>
   </div>
   <div class='ocr_carea' id='block_1_125' title="bbox 1804 5158 3383 5232">
    <p class='ocr_par' dir='ltr' id='par_1_125' title="bbox 1804 5158 3383 5232">
     <span class='ocr_line' id='line_1_127' title="bbox 1804 5158 3383 5232; baseline -0.001 -17"><span class='ocrx_word' id='word_1_906' title='bbox 1804 5170 1908 5215; x_wconf 90' lang='lat' dir='ltr'><strong>est.</strong></span> <span class='ocrx_word' id='word_1_907' title='bbox 1941 5159 2077 5226; x_wconf 85' lang='lat' dir='ltr'><strong>Quia</strong></span> <span class='ocrx_word' id='word_1_908' title='bbox 2104 5177 2226 5232; x_wconf 91' lang='lat' dir='ltr'><strong>pag.</strong></span> <span class='ocrx_word' id='word_1_909' title='bbox 2252 5159 2357 5232; x_wconf 57' lang='lat'><strong>1953</strong></span> <span class='ocrx_word' id='word_1_910' title='bbox 2384 5174 2557 5214; x_wconf 90' lang='lat' dir='ltr'><strong>annos</strong></span> <span class='ocrx_word' id='word_1_911' title='bbox 2592 5158 2836 5232; x_wconf 79' lang='lat' dir='ltr'><strong>Augusto</strong></span> <span class='ocrx_word' id='word_1_912' title='bbox 2868 5158 3060 5232; x_wconf 73' lang='lat' dir='ltr'><strong>tribuit</strong></span> <span class='ocrx_word' id='word_1_913' title='bbox 3089 5172 3201 5232; x_wconf 59' lang='grc' dir='ltr'>ινι,</span> <span class='ocrx_word' id='word_1_914' title='bbox 3235 5174 3383 5232; x_wconf 83' lang='lat' dir='ltr'><strong>men-</strong></span> 
     </span>
    </p>
   </div>
   <div class='ocr_carea' id='block_1_126' title="bbox 1805 5228 3379 5299">
    <p class='ocr_par' dir='ltr' id='par_1_126' title="bbox 1805 5228 3379 5299">
     <span class='ocr_line' id='line_1_128' title="bbox 1805 5228 3379 5299; baseline 0 -17"><span class='ocrx_word' id='word_1_915' title='bbox 1805 5246 1892 5299; x_wconf 90' lang='lat' dir='ltr'><strong>ses</strong></span> <span class='ocrx_word' id='word_1_916' title='bbox 1914 5246 1964 5282; x_wconf 79' lang='lat' dir='ltr'><strong>vi</strong></span> <span class='ocrx_word' id='word_1_917' title='bbox 1994 5249 2009 5286; x_wconf 90' lang='lat'><strong>:</strong></span> <span class='ocrx_word' id='word_1_918' title='bbox 2058 5228 2124 5287; x_wconf 80' lang='lat' dir='ltr'><strong>ex</strong></span> <span class='ocrx_word' id='word_1_919' title='bbox 2168 5228 2373 5297; x_wconf 62' lang='lat' dir='ltr'><strong>ciuibus</strong></span> <span class='ocrx_word' id='word_1_920' title='bbox 2401 5245 2491 5299; x_wconf 69' lang='lat' dir='ltr'><strong>xiv</strong></span> <span class='ocrx_word' id='word_1_921' title='bbox 2544 5239 2665 5299; x_wconf 87' lang='lat' dir='ltr'><strong>post</strong></span> <span class='ocrx_word' id='word_1_922' title='bbox 2686 5228 2906 5283; x_wconf 83' lang='lat' dir='ltr'><strong>Christi</strong></span> <span class='ocrx_word' id='word_1_923' title='bbox 2944 5228 3191 5283; x_wconf 81' lang='lat' dir='ltr'><strong>Natalem</strong></span> <span class='ocrx_word' id='word_1_924' title='bbox 3220 5230 3379 5283; x_wconf 86' lang='lat' dir='ltr'><strong>vixit.</strong></span> 
     </span>
    </p>
   </div>
   <div class='ocr_carea' id='block_1_127' title="bbox 1806 5294 3383 5382">
    <p class='ocr_par' dir='ltr' id='par_1_127' title="bbox 1806 5294 3383 5382">
     <span class='ocr_line' id='line_1_129' title="bbox 1806 5294 3383 5382; baseline -0.002 -28"><span class='ocrx_word' id='word_1_925' title='bbox 1806 5298 1982 5382; x_wconf 73' lang='lat' dir='ltr'><strong>Unde</strong></span> <span class='ocrx_word' id='word_1_926' title='bbox 2014 5294 2329 5382; x_wconf 52' lang='lat' dir='ltr'><strong>xuinagere</strong></span> <span class='ocrx_word' id='word_1_927' title='bbox 2374 5294 2600 5382; x_wconf 60' lang='lat' dir='ltr'><strong>debuit,</strong></span> <span class='ocrx_word' id='word_1_928' title='bbox 2643 5314 2751 5382; x_wconf 85' lang='lat' dir='ltr'><strong>quo</strong></span> <span class='ocrx_word' id='word_1_929' title='bbox 2793 5307 3039 5382; x_wconf 63' lang='lat' dir='ltr'><strong>tempore</strong></span> <span class='ocrx_word' id='word_1_930' title='bbox 3087 5305 3279 5382; x_wconf 41' lang='lat' dir='ltr'><strong>nutus.</strong></span> <span class='ocrx_word' id='word_1_931' title='bbox 3298 5306 3383 5354; x_wconf 83' lang='lat' dir='ltr'><strong>est</strong></span> 
     </span>
    </p>
   </div>
   <div class='ocr_carea' id='block_1_128' title="bbox 1806 5368 3383 5439">
    <p class='ocr_par' dir='ltr' id='par_1_128' title="bbox 1806 5368 3383 5439">
     <span class='ocr_line' id='line_1_130' title="bbox 1806 5368 3383 5439; baseline -0.003 -15"><span class='ocrx_word' id='word_1_932' title='bbox 1806 5370 2076 5425; x_wconf 84' lang='lat' dir='ltr'><strong>Christus.</strong></span> <span class='ocrx_word' id='word_1_933' title='bbox 2123 5368 2391 5425; x_wconf 59' lang='lat' dir='ltr'><strong>Cancrum</strong></span> <span class='ocrx_word' id='word_1_934' title='bbox 2443 5368 2745 5424; x_wconf 86' lang='lat' dir='ltr'><strong>Cornarius</strong></span> <span class='ocrx_word' id='word_1_935' title='bbox 2796 5384 2895 5439; x_wconf 91' lang='lat' dir='ltr'><strong>pro</strong></span> <span class='ocrx_word' id='word_1_936' title='bbox 2930 5368 3172 5439; x_wconf 54' lang='lat' dir='ltr'><strong>Burrjw</strong></span> <span class='ocrx_word' id='word_1_937' title='bbox 3230 5369 3383 5438; x_wconf 84' lang='grc' dir='ltr'>Πομ-</span> 
     </span>
    </p>
   </div>
   <div class='ocr_carea' id='block_1_129' title="bbox 1806 5437 3377 5510">
    <p class='ocr_par' dir='ltr' id='par_1_129' title="bbox 1806 5437 3377 5510">
     <span class='ocr_line' id='line_1_131' title="bbox 1806 5437 3377 5510; baseline -0.003 -16"><span class='ocrx_word' id='word_1_938' title='bbox 1806 5441 2059 5510; x_wconf 86' lang='grc' dir='ltr'>πηϊανοῦ,</span> <span class='ocrx_word' id='word_1_939' title='bbox 2098 5440 2196 5497; x_wconf 86' lang='lat' dir='ltr'><strong>Cu.</strong></span> <span class='ocrx_word' id='word_1_940' title='bbox 2233 5440 2559 5507; x_wconf 83' lang='lat' dir='ltr'><strong>Pompeiano</strong></span> <span class='ocrx_word' id='word_1_941' title='bbox 2613 5437 2867 5510; x_wconf 80' lang='lat' dir='ltr'><strong>reddidit.</strong></span> <span class='ocrx_word' id='word_1_942' title='bbox 2922 5437 3035 5495; x_wconf 85' lang='lat' dir='ltr'><strong>Nos</strong></span> <span class='ocrx_word' id='word_1_943' title='bbox 3078 5437 3377 5493; x_wconf 87' lang='lat' dir='ltr'><strong>Buteonem</strong></span> 
     </span>
    </p>
   </div>
   <div class='ocr_carea' id='block_1_130' title="bbox 1805 5509 3380 5635">
    <p class='ocr_par' dir='ltr' id='par_1_130' title="bbox 1805 5509 3380 5635">
     <span class='ocr_line' id='line_1_132' title="bbox 1805 5509 3380 5635; baseline -0.003 -71"><span class='ocrx_word' id='word_1_944' title='bbox 1805 5524 2085 5635; x_wconf 54' lang='lat' dir='ltr'><strong>picunque</strong></span> <span class='ocrx_word' id='word_1_945' title='bbox 2144 5512 2475 5577; x_wconf 86' lang='lat' dir='ltr'><strong>maluimus,</strong></span> <span class='ocrx_word' id='word_1_946' title='bbox 2523 5512 2671 5583; x_wconf 86' lang='lat' dir='ltr'><strong>quod</strong></span> <span class='ocrx_word' id='word_1_947' title='bbox 2732 5509 3023 5565; x_wconf 82' lang='lat' dir='ltr'><strong>Fabiorum</strong></span> <span class='ocrx_word' id='word_1_948' title='bbox 3074 5522 3380 5578; x_wconf 77' lang='lat' dir='ltr'><strong>cognomen</strong></span> 
     </span>
     <span class='ocr_line' id='line_1_133' title="bbox 1830 5589 3322 5635; baseline 0 0"><span class='ocrx_word' id='word_1_949' title='bbox 1830 5589 1925 5635; x_wconf 72' lang='lat' dir='ltr'><strong>unt.</strong></span> <span class='ocrx_word' id='word_1_950' title='bbox 3314 5626 3322 5635; x_wconf 93' lang='lat'><strong>.</strong></span> 
     </span>
    </p>
   </div>
   <div class='ocr_carea' id='block_1_131' title="bbox 1830 5582 1925 5635">
    <p class='ocr_par' dir='ltr' id='par_1_131' title="bbox 1830 5582 1925 5635">
     <span class='ocr_line' id='line_1_134' title="bbox 1830 5582 1925 5635; baseline 0 0"><span class='ocrx_word' id='word_1_951' title='bbox 1830 5582 1925 5635; x_wconf 89' lang='lat' dir='ltr'><strong>uit.</strong></span> 
     </span>
    </p>
   </div>
   <div class='ocr_carea' id='block_1_132' title="bbox 2993 5758 3071 5817">
    <p class='ocr_par' dir='ltr' id='par_1_132' title="bbox 2993 5758 3071 5817">
     <span class='ocr_line' id='line_1_135' title="bbox 2993 5758 3071 5817; baseline 0 0"><span class='ocrx_word' id='word_1_952' title='bbox 2993 5758 3071 5817; x_wconf 89' lang='lat'><strong>30</strong></span> 
     </span>
    </p>
   </div>
  </div>
