3846 6282
144 194 246 252 οιι

902 192 1304 271 ,ΑονΕιιευδ
1348 189 1722 250 ιιιειιιῑειεε]

1837 234 1845 246 .
1882 190 1948 248 ll.
1981 189 2148 247 TOM.
2191 192 2230 248 Ι.
2256 192 2612 251 —H}ERES.
2656 194 2745 250 Li.

3308 195 3420 257 9η

213 302 298 360 Δ⁹.
335 305 431 360 Διδ
455 305 550 361 καὶ
576 307 634 360 ὲν
664 306 878 372 πολλοῖς
916 308 1104 371 τόποις
1136 306 1247 377 (50)
1285 308 1413 378 ἄχρι
1445 307 1544 378 τῆς
1576 307 1722 381 δεῦρ(

1914 302 2081 359 XXX.
2121 303 2181 359 In
2233 304 2394 373 cujus
2434 305 2514 360 rei
2558 304 2716 359 ﬁdem
2762 304 3032 377 hodieque
3067 307 3320 378 pluribus
3364 308 3422 365 in

138 398 294 451 τουτὶ
317 396 532 466 γίνεται
563 396 685 451 τότε
713 398 775 451 τὺ
805 396 1097 469 γενόμενον
1126 398 1464 471 θεοσήμειον,
1493 402 1573 465 είς
1605 417 1741 472 μαρ-

137 489 331 559 τύριον
370 492 487 554 τοῖς
520 489 873 544 ἀπιστοῦσινο
909 490 985 554 ὡς
1024 491 1398 564 μαρτυροῦσιν
1432 492 1491 545 ὲν
1524 491 1740 554 πολλοῖς

136 584 332 647 τόποις
366 584 544 654 πηγαί
585 600 647 636 τε
704 583 800 638 καὶ⁷
840 583 1080 655 ποταμοὶ
1121 586 1213 649 εἰς’
1233 580 1376 638 οἶνον
1406 582 1738 656 μεταϐαλλό-

138 693 319 747 μενοι.
356 675 611 748 Κιόύρης
641 676 738 748 μὲν
764 677 866 747 τῆς
892 677 1101 741 πόλεως
1129 678 1228 749 τῆς
1255 676 1469 750 Καρίας
1496 678 1531 748 ἠ
1561 676 1733 749 πηγὴν

134 768 265 821 καθ’
293 769 366 840 ἢν
397 768 672 840 ἦντλησαν
702 769 851 841 ὥραν
897 770 947 823 οἱ
986 769 1247 835 διάκονοι,
1275 769 1370 823 καὶ
1411 764 1561 823 εῐπεο
1594 771 1737 825 Δότε

134 860 217 926 τῷ
247 861 696 931 ἀρχιτρικλίνῳ.
728 863 1018 935 Μαρτυρεῖ
1043 862 1101 916 δὲ
1128 863 1222 917 καὶ
1246 864 1279 935 ἠ
1311 864 1368 916 ἐν
1394 864 1459 916 Γε
1470 862 1607 935 ράσῃ
1636 863 1737 933 τῆς

147 953 417 1026 ’Δραδίας
460 955 613 1026 πηγὴ
647 955 928 1019 ὡσαύτως.
971 954 1320 1026 Πεπώκαμεν
1354 955 1461 1009 ἀπὸ
1490 955 1591 1025 τῆς
1631 956 1735 1009 Κι-

135 1046 339 1118 δύρης’
381 1047 643 1119 ἡμέτεροι
682 1047 738 1101 δὲ
767 1047 984 1118 ἀδελφοὶ
1016 1047 1125 1101 ἀπὸ
1154 1048 1252 1119 τῆς
1287 1049 1346 1101 ὲν
1375 1048 1414 1100 Γ
1416 1047 1592 1120 εράσῃ
1627 1063 1735 1119 πη-

132 1139 264 1209 τῆςο
295 1140 398 1209 τῆς
424 1141 482 1192 ἐν
506 1138 583 1211 τῷ
605 1140 928 1211 Μαρτυρίῳ.
969 1139 1078 1194 Καὶ
1117 1138 1302 1193 πολλοὶ
1327 1138 1384 1192 δὲ
1415 1141 1510 1193 καὶ
1550 1140 1607 1192 ὲν
1641 1140 1737 1193 Αι-

132 1231 339 1302 γύπτῳ
372 1232 620 1303 περὶτοῦ
652 1233 846 1286 Νείλου
872 1230 1031 1286 τοῦτο
1063 1231 1422 1305 μαρτυροῦσι.
1452 1231 1651 1304 Διόπερ
1675 1233 1735 1286 ὲν

135 1328 203 1395 τῇ
242 1322 512 1398 ἑνδεκάτῃ
546 1324 686 1377 Τυϐὶ
718 1323 839 1378 κατ’
867 1324 1199 1393 Αἰγυπτίους
1245 1325 1445 1388 πάντες
1487 1323 1736 1397 ὑδρεύον-

132 1433 227 1469 ται
262 1415 434 1489 ὕδωρ,
465 1416 561 1470 καὶ
588 1415 938 1469 άποτιθέασιν
973 1415 1030 1469 ὲν
1064 1414 1200 1487 αὐτῇ
1230 1417 1295 1486 τῇ
1330 1414 1607 1486 Αἰγύπτῳ,
1640 1414 1735 1469 καὶ

134 1509 194 1561 ὲν
246 1507 477 1572 πολλαῖς
518 1507 797 1579 πατρίσιν.
842 1506 1029 1571 Οὕτως
1070 1507 1180 1579 γὰρ
1235 1508 1545 1579 εὑρίσκεται
1594 1506 1733 1578 μετὰ

132 1601 236 1673 τὴν
263 1601 578 1673 δωδεκάτην
617 1600 800 1670 Ἀθὺρ,
828 1598 1154 1661 ἀπελθόντος
1172 1639 1187 1663 ,
1222 1599 1315 1653 καὶ
1346 1597 1732 1670 πειρασθέντος

1841 393 1981 450 locis
2015 395 2181 462 idem,
2238 395 2382 465 quod
2436 395 2567 450 olim
2601 396 2804 451 factum
2844 406 2957 466 est,
2992 400 3297 471 prodigium
3342 401 3429 456 in-

1839 495 2144 551 stauratur,
2195 486 2361 556 idque
2402 485 2582 557 ipsum
2613 484 2796 543 fontes
2843 487 3103 561 ﬁuviique
3150 499 3425 548 testantur

1841 580 2049 651 passim
2095 578 2152 633 in
2197 579 2325 633 vina
2370 580 2645 635 conversi.
2678 580 3003 651 Cujusmodi
3052 586 3116 637 at'
3165 584 3422 656 Cibyram

1838 672 2015 728 Caria:
2047 672 2310 744 oppidum
2349 671 2471 728 fons
2512 680 2617 736 est,
2653 674 2747 744 qui
2774 673 2967 729 eadem
2995 675 3086 729 illa
3116 675 3273 744 hora,
3313 692 3423 749 qua

1840 764 2082 819 ministri
2118 778 2318 834 aquam
2352 764 2676 829 hauserunt,
2723 778 2787 819 ac
2817 763 3067 821 Salvator
3093 766 3423 825 dixit:Date

1839 856 2206 912 architriclino
2232 859 2272 922 ’,
2303 858 2359 911 in
2387 858 2576 913 vinum
2606 859 2859 913 vertitur.
2893 859 3040 915 Idem
3075 870 3129 915 et
3158 861 3214 917 in
3244 862 3420 919 Gera-

1837 965 1972 1005 seno
2004 951 2223 1006 Arabiae
2261 950 2415 1006 fonte
2449 951 2743 1022 contingit.
2789 950 2904 1008 Nos
2953 968 3021 1008 ex
3057 953 3274 1027 Cibyra:
3321 955 3419 1013 illo

1837 1041 2009 1109 fonte,
2047 1040 2246 1098 fratres
2278 1042 2476 1106 nostri,
2523 1056 2591 1097 ex
2624 1040 2904 1099 Geraseno
2947 1048 3282 1115 potavimus,
3324 1047 3422 1119 qui

1838 1131 1893 1187 in
1924 1131 2185 1205 Martyrio
2206 1141 2310 1191 est.
2331 1133 2587 1206 Plerique
2612 1149 2747 1192 vero
2772 1136 2914 1192 idem
2938 1146 2992 1193 et
3014 1139 3081 1196 de
3103 1138 3225 1194 Nilo
3251 1140 3423 1213 :Egy—

1835 1225 1916 1297 pti
1943 1225 2109 1282 ﬁuvio
2139 1226 2489 1285 conﬁrmant.
2536 1225 2670 1294 Quae
2698 1243 2868 1285 causa
2910 1240 2999 1287 est
3045 1246 3147 1287 cur
3189 1232 3325 1307 Tybi
3365 1251 3420 1291 xl

1836 1332 2054 1374 omnem
2097 1318 2155 1373 in
2192 1318 2433 1391 Egypto
2464 1335 2664 1391 aquam
2706 1321 2987 1389 hauriant,
3013 1339 3078 1380 ac
3109 1340 3416 1395 reservent,

1836 1410 2005 1483 idque
2050 1413 2241 1469 multis
2278 1414 2404 1470 aliis
2433 1415 2491 1470 in
2520 1414 2657 1472 locis
2702 1414 2817 1473 ﬁeri
2851 1419 3078 1476 assolet.
3122 1420 3311 1493 Igitur,
3341 1420 3422 1482 uti

1834 1516 1986 1561 certo
2039 1513 2381 1577 compertum
2433 1507 2745 1574 habuimus,
2788 1519 2912 1579 post
2958 1527 3038 1567 xu
3076 1512 3250 1587 Athyr
3286 1518 3424 1574 abiit

1834 1596 2107 1665 Christus,
2154 1612 2218 1653 ac
2257 1599 2615 1655 tentationem
2649 1615 2719 1655 xt.
2765 1601 2884 1658 dies
2933 1604 3121 1660 subiit.
3158 1604 3289 1665 Inde
3333 1611 3421 1667 di-

132 1693 550 1765 τεσσαράκοντα
577 1692 811 1764 ἡμέρας,
834 1692 928 1745 καὶ
954 1690 1216 1756 ἐλθόντος,
1244 1690 1339 1744 καὶ
1369 1688 1722 1761 ὲκλεξαμένου

1837 1704 2056 1759 gressus
2111 1688 2414 1762 discipulos
2469 1690 2680 1764 aliquot
2726 1693 2946 1766 delegit.
2990 1695 3131 1753 Tum
3174 1709 3299 1771 post
3345 1718 3414 1761 XI.

133 1786 291 1850 τινας
336 1785 448 1839 τῶν
491 1784 658 1838 αὑτοῦ
701 1783 995 1856 μαθητῶν,
1031 1783 1129 1837 καὶ
1176 1781 1544 1853 ὲναρξαμένου
1589 1781 1731 1853 μετὰ

133 1879 553 1950 τεσσαράκοντα
579 1877 795 1949 ἡμέρας
817 1874 914 1928 τοῦ
951 1872 1257 1947 πειρασμοῦ
1281 1872 1591 1945 κηρύττειν.
1621 1873 1733 1926 Καὶ

133 1970 303 2024 αὐτοῦ
353 1968 705 2034 κατελθόντος
739 1970 818 2031 είς
865 1968 957 2020 τὸν
992 1966 1283 2038 Ἰορδάνην,
1327 1966 1422 2019 καὶ
1466 1966 1732 2035 συναντή-

135 2079 335 2126 σαντος
366 2063 478 2125 τοῖς
514 2061 644 2132 περὶ
686 2057 1011 2131 Ναθαναὴλ,
1055 2058 1150 2111 καὶ
1190 2055 1600 2128 παραλασόντος
1630 2055 1729 2108 αὐ-

132 2154 284 2219 τοὺς,
321 2154 412 2207 ὅτε
441 2152 660 2225 ἔμειναν
695 2154 823 2223 παρ’
857 2150 1006 2222 αὐτῷ
1033 2148 1125 2203 δύο
1153 2149 1386 2221 ἡμέρας,
1423 2148 1518 2202 καὶ
1549 2138 1731 2201 αὗίτῶν

133 2244 635 2317 ἀναχωρησάντων,
668 2244 759 2298 καὶ
787 2242 951 2297 αὐτοῦ
993 2242 1354 2314 ἐκϐεϐηκότος
1384 2243 1462 2306 είς
1491 2242 1590 2311 τὴν
1623 2242 1731 2294 Γα-

132 2338 387 2393 λιλαίαν·
425 2337 586 2403 εὐθὺς
634 2336 721 2391 διά
763 2336 863 2400 τὰς
914 2336 1177 2410 πρότερον
1225 2334 1318 2390 δύο
1366 2334 1581 2407 ἡμέρας
1629 2333 1732 2397 τάς

133 2430 440 2503 εἰρημένας
466 2429 573 2503 ἔφη
600 2429 660 2483 τὸ
688 2428 1017 2499 Εὐαγγέλιον
1038 2446 1051 2459 ·
1092 2427 1172 2497 Τῇ
1200 2428 1366 2497 τρίτῃ
1403 2426 1595 2497 ἡμέρᾳ
1625 2426 1729 2497 γάρ

127 2538 249 2593 μσς
283 2522 526 2591 ἐγένετο
568 2522 640 2575 ἐν
665 2519 835 2588 Κανᾷ
868 2520 979 2591 τῆς
1006 2521 1375 2586 Γαλιλαίαςθ
1419 2521 1557 2593 ὅπερ
1594 2519 1733 2591 σύμ-

134 2610 298 2662 ϐολον
338 2604 409 2681 ἦν
440 2610 537 2681 τῆς
584 2606 944 2677 Ἐκκλησίας’
992 2611 1051 2663 ὲν
1092 2608 1202 2681 γάρ
1238 2612 1305 2681 τῇ
1353 2609 1510 2681 τρίτῃ
1547 2610 1731 2683 ἡμέρᾳ

132 2699 237 2772 τῆς
278 2702 338 2754 ὲν
370 2703 439 2771 τῇ
484 2701 685 2773 καρδίᾳ
728 2700 831 2771 τῆς
878 2700 980 2771 γῆς
1016 2699 1181 2754 αὑτοῦ
1230 2699 1631 2772 πραγματείας,
1664 2697 1732 2774 ἦς

133 2794 196 2846 ἐν
235 2794 306 2864 τῇ
352 2795 426 2864 γῇ
473 2792 719 2863 εποίησε,
759 2792 898 2864 μετὰ
950 2791 1011 2846 τὸ
1053 2792 1226 2857 πάθος
1264 2793 1522 2859 ἀναστὰς,
1553 2794 1731 2865 γάμον

134 2887 385 2957 συνῆπτε
432 2888 499 2958 τῇ
552 2887 731 2958 Κανᾷ.
778 2887 938 2939 Κανᾶ
978 2884 1087 2958 γὰρ
1137 2886 1497 2958 ἑρμηνεύεται
1538 2887 1650 2956 (51)
1690 2888 1728 2956 ἡ

134 2974 513 3046 κτησαμένη.
547 2976 645 3041 Τίς
688 2975 746 3029 δέ
777 2978 924 3031 ἐστιν
961 2976 993 3047 ὴ
1038 2976 1355 3048 κτησαμένη
1390 2975 1562 3048 ἀλλ’ἢ
1594 2977 1731 3049 κλη-

137 3070 375 3142 ρονόμος
393 3111 408 3133 ,
434 3070 565 3141 περὶ
592 3063 661 3141 ἧς
688 3072 716 3123 ὁ
748 3068 1050 3140 Ψαλμῳδδς
1081 3069 1138 3122 ὲν
1163 3068 1241 3141 τῷ
1271 3068 1507 3141 πέμπτῳ
1529 3069 1730 3142 ψαλμῷ

132 3163 347 3233 lle-{ev
387 3160 555 3231 ’Υπὲρ
582 3160 691 3230 τῆς
723 3161 1247 3231 κληρονομούσης,
1273 3162 1367 3214 καὶ
1395 3161 1463 3215 τὰ
1492 3160 1656 3231 ἐξῆςς

208 3256 396 3327 Γάμος
417 3255 527 3327 γάρ
545 3247 719 3318 οὗτος,
742 3256 818 3319 ὡς
846 3253 1061 3326 άληθῶς
1089 3253 1472 3324 εὐλογημένος,
1499 3253 1607 3307 άπὸ
1633 3251 1729 3307 τοῦ

132 3348 313 3401 τύπου
347 3347 560 3400 ἐκείνου
602 3345 781 3416 λαϐὼν
816 3347 913 3417 τὴν
946 3346 1241 3419 πρόφασιν.
1285 3345 1433 3400 Ἐκεῖ
1484 3345 1584 3417 μὲν
1621 3345 1730 3418 γάρ

131 3441 320 3511 γάμος
351 3435 421 3510 ἦν
447 3438 704 3510 αἰσθητὸς
736 3442 794 3513 ἐν
822 3442 978 3513 Κανᾷ
1010 3440 1110 3510 τῆς
1139 3440 1447 3505 Γαλιλαίας,
1470 3442 1563 3495 καὶ
1586 3442 1731 3514 ὕδωρ

132 3532 360 3604 ἀληθῶς
387 3529 534 3595 οἶνος
559 3532 813 3602 γεγονώς·
840 3534 934 3586 καὶ
960 3533 1164 3605 ἐκλήθη
1188 3532 1331 3588 κατά
1356 3533 1449 3587 δύο
1470 3535 1726 3607 τρόπους,

134 3626 225 3680 ἴνα
273 3624 337 3678 τὸ
383 3623 577 3695 ὑδαρὲς
620 3623 731 3678 τῶν
779 3627 836 3679 ὲν
877 3625 957 3696 τῷ
1008 3627 1199 3697 κόσμῳ
1247 3626 1731 3697 ἐκϐακχευομένων

135 3717 417 3789 ὲπιστύψῃ
440 3718 535 3771 τοῦ
562 3719 741 3789 γάμου
788 3720 867 3782 είς
903 3718 1256 3791 σωφροσύνην
1292 3720 1387 3774 καὶ
1420 3722 1500 3784 είς
1534 3722 1728 3792 σεμνός

133 3829 302 3883 τητα,
337 3812 433 3865 καὶ
458 3812 545 3865 ἴνα
567 3812 629 3864 τὸ
651 3811 838 3865 λοιπὸν
861 3810 1305 3884 ἐπιδιορθώσεται
1331 3814 1410 3878 εἰς
1432 3814 1731 3885 εὐφρασίαν

133 3904 233 3958 τοῦ
263 3902 559 3957 λυσιπόνου
590 3902 734 3957 οἴνου
762 3903 857 3956 καὶ
882 3904 981 3973 τῆς
1001 3903 1241 3973 χάριτος·
1271 3905 1359 3958 ἵνα
1384 3906 1526 3958 κατὰ
1556 3907 1732 3960 πάντα

133 3997 348 4070 τρόπον
383 3994 564 4067 φράξῃ
596 3995 663 4049 τὰ
698 3995 939 4065 στόματα
962 3995 1071 4048 τῶν
1094 3994 1238 4050 κατὰ
1276 3995 1480 4067 Κυρίου
1514 3999 1731 4066 ἐπεγει-

138 4090 412 4162 ρομένων,
448 4089 543 4141 καὶ
577 4088 664 4141 ἴνα
692 4087 863 4162 δείξῃ,
899 4087 1159 4152 ὅτιαῦτός
1188 4090 1304 4141 ἐστι
1332 4088 1464 4153 Θεὸς
1500 4090 1595 4143 σὺν
1626 4091 1732 4143 Πα-

135 4185 231 4255 τρὶ
264 4182 364 4235 καὶ
391 4180 470 4251 τῷ
503 4180 644 4252 ἁγίῳ
685 4180 849 4234 αὑτοῦ
881 4176 1193 4250 Πνέύματι,
1226 4179 1287 4233 τὸ
1330 4179 1473 4251 ὕδωρ
1513 4183 1580 4252 τῇ
1621 4183 1732 4251 άμ-

138 4277 293 4347 πέλιρ
320 4273 599 4346 παρέχων,
632 4271 863 4345 χροῖζων
895 4272 1025 4325 αὐτὸ
1056 4274 1113 4325 ὲν
1153 4273 1290 4344 αὐτῇ
1332 4276 1411 4337 είς
1438 4268 1600 4336 οἶνον,
1638 4274 1731 4327 καὶ

1836 1780 2153 1837 tentationis
2201 1781 2320 1837 dies
2364 1772 2812 1853 prtedicationem
2864 1801 3159 1859 aggressus
3195 1792 3263 1848 ad
3290 1792 3419 1849 Jor-

1833 1872 2030 1928 danem
2079 1874 2341 1945 perrexit.
2394 1872 2472 1930 lbi
2518 1874 2862 1943 Nathanaeli,
2920 1889 2975 1936 et
3028 1883 3099 1940 iis
3143 1886 3237 1956 qui
3292 1904 3418 1945 cum

1832 1965 1994 2038 452
2028 1982 2094 2022 eo
2136 1976 2316 2031 erant,
2352 1969 2596 2024 occurrit
2629 1988 2643 2026 :
2671 1986 2811 2041 quos
2859 1981 2914 2028 et
2948 1990 3134 2032 secum
3166 1981 3417 2049 obduxit,

1833 2076 1959 2114 cum
1991 2061 2201 2117 scilicet
2242 2061 2408 2118 biduo
2442 2064 2585 2134 apud
2614 2065 2766 2120 illum
2810 2083 3151 2127 manserunt.
3188 2074 3421 2149 Moxque

1837 2162 1894 2205 ut
1928 2152 2093 2208 iidem
2130 2162 2503 2220 recesserunt,
2547 2156 2603 2211 in
2658 2156 2934 2216 Galilaeam
2976 2164 3257 2233 profectus
3309 2180 3419 2229 est.

1833 2244 1990 2311 Quod
2041 2260 2171 2301 vero
2213 2246 2367 2302 bidui
2412 2248 2578 2319 hujus
2629 2252 2965 2309 mentionem
3016 2254 3244 2322 fecerat.
3297 2260 3421 2318 ideo

1833 2336 2016 2390 statim
2046 2333 2400 2408 Evan‘gelium
2454 2338 2725 2409 subiicit:
2762 2341 2941 2396 Tertio
2981 2343 3069 2400 die
3108 2350 3306 2418 παρήιε
3330 2352 3420 2422 fa-

1832 2438 1930 2482 cta:
1969 2437 2093 2483 sunt
2142 2430 2196 2483 in
2235 2427 2386 2484 Cana
2437 2430 2719 2487 (ἔαιὶιιῐειιεἰ
2761 2452 2775 2490 :
2808 2435 2955 2505 quod
2992 2437 3061 2492 ad
3112 2438 3414 2499 Ecclesiam

1835 2519 2109 2589 pertinere
2157 2522 2463 2592 putandum
2518 2532 2623 2581 est.
2667 2525 2883 2582 Etenim
2928 2531 3087 2586 tertia
3137 2533 3226 2590 die
3267 2538 3419 2594 omni

1832 2613 1945 2675 illa,
1976 2628 2139 2683 quam
2169 2614 2223 2669 in
2252 2623 2415 2671 terra:
2440 2618 2820 2687 penetralibus
2852 2629 2976 2691 post
3000 2632 3229 2681 mortem
3256 2629 3416 2696 obiit,

1833 2701 2309 2761 administratione
2345 2698 2965 2777 perfunctus,surrexit
2995 2728 3025 2767 a
3058 2719 3313 2784 mortuis,
3352 2735 3419 2779 ac

1832 2794 2055 2864 nuptias
2077 2811 2201 2851 cum
2244 2796 2395 2852 Cana
2421 2800 2729 2869 conjunxit.
2772 2802 2918 2856 Cana
2948 2818 3115 2874 porro
3140 2812 3417 2877 possiden-

1836 2893 1938 2938 Iem
1996 2884 2293 2955 signiﬁcat.
2340 2886 2472 2954 Qua:
2515 2897 2602 2944 est
2649 2906 2780 2945 vero
2833 2893 3121 2961 possidens
3163 2898 3251 2954 illa
3307 2902 3415 2959 nisi

1836 2976 2032 3039 haeres,
2076 2976 2237 3047 cujus
2278 2979 2493 3049 psalmo
2525 2981 2721 3050 quinto
2766 2983 2934 3041 David
2986 2990 3272 3048 meminit:
3307 2994 3418 3054 Pro

1833 3067 2193 3125 ltwreditatem
2226 3082 2524 3140 capessente
2544 3073 2603 3129 ‘?
2629 3075 2740 3127 etc.

1904 3249 1996 3306 [lae
2018 3252 2219 3324 quippe
2252 3254 2454 3325 nuptia:
2483 3268 2614 3313 sunt
2643 3274 2708 3314 ac
2737 3275 2926 3319 revera
2948 3263 3269 3333 benedicta.
3296 3285 3418 3341 qua:

1833 3354 2217 3415 argumentum
2246 3363 2314 3402 ex
2344 3348 2436 3403 illa
2473 3349 2645 3422 ﬁgura
2678 3352 3082 3423 quodammodo
3106 3367 3414 3421 traxerunt.

1832 3434 2045 3492 Etenim
2095 3437 2151 3494 in
2200 3440 2349 3496 Cana
2382 3440 2618 3499 Galilaeae
2668 3457 2907 3504 externae
2957 3458 3085 3505 sunt
3128 3453 3418 3512 celebrata:

1834 3530 2059 3601 nuptiae,
2108 3533 2202 3589 ubi
2235 3535 2291 3590 in
2330 3537 2516 3591 vinum
2567 3552 2710 3608 aqua
2752 3549 2837 3595 est
2881 3556 3073 3598 revera
3122 3560 3410 3603 conversa.

1833 3621 2015 3687 Quare
2064 3623 2279 3681 duabus
2336 3626 2470 3681 mihi
2531 3627 2600 3684 de
2651 3629 2836 3686 causis
2889 3631 3107 3689 videtur
3152 3635 3417 3694 invitatus

1831 3731 1956 3771 esse
1997 3715 2271 3775 Christus.
2308 3719 2552 3775 Primum
2611 3730 2670 3777 ut
2704 3738 2860 3795 aqua:
2901 3725 3161 3792 similem,
3217 3744 3282 3786 ac
3316 3729 3422 3785 dif-

1833 3809 2087 3866 ﬂuentem
2115 3811 2451 3868 furiosorum
2490 3813 2771 3868 hominum
2802 3816 2855 3870 in
2906 3818 3110 3873 mundo
3138 3819 3415 3879 libidinem

1832 3903 2150 3973 nuptiarum
2181 3903 2509 3960 castimonia
2538 3913 2594 3960 et
2631 3906 2917 3963 honestate
2963 3911 3365 3982 constringeret
3398 3933 3414 3970 :

1832 4003 1948 4049 tum
1995 4004 2055 4048 ut
2098 3995 2247 4065 quod
2290 3995 2481 4051 deerat
2525 3997 2865 4059 emendaret,
2916 4014 2983 4054 ac
3018 4000 3414 4070 jucundissimi

1786 4102 1790 4105 ·
1832 4087 1945 4141 vini
1993 4088 2264 4143 suavitate
2311 4088 2578 4144 mulceret
2620 4098 2674 4145 et
2723 4090 2931 4160 gratia;
2971 4108 3184 4149 necnon
3227 4103 3281 4151 et
3321 4111 3419 4153 eo-

1835 4197 1956 4236 rum
1987 4181 2286 4238 obduraret
2312 4198 2432 4247 ora,
2474 4182 2568 4254 qui
2596 4182 2861 4240 adversus
2896 4185 3185 4242 Dominum
3230 4189 3418 4246 insur-

1837 4283 1988 4347 gunt.
2023 4275 2203 4346 Atque
2234 4284 2295 4330 ut
2336 4276 2586 4345 eumdem
2639 4293 2698 4333 se
2736 4293 2861 4332 cum
2895 4278 3077 4347 Patre,
3126 4288 3180 4337 et
3211 4280 3419 4353 Spiritu

137 4364 450 4437 εὐφρασίαν
477 4361 800 4435 ἀνθρώπων.
842 4362 932 4417 Ἑν
962 4363 1105 4434 άλλῳ
1139 4364 1194 4418 δὲ
1221 4364 1369 4435 τόπῳ
1399 4363 1722 4434 μακρότεροι.

1840 4375 2033 4423 sancto
2057 4367 2359 4423 declararet
2378 4384 2501 4424 esse
2524 4367 2713 4434 Deum,
2735 4372 2826 4440 qui
2856 4372 3141 4427 humorem
3166 4374 3259 4428 viti
3286 4390 3420 4446 sup-

138 4459 272 4529 περὶ
297 4455 508 4511 τούτων
544 4453 935 4526 διηγησόμεθα’
972 4455 1207 4509 ἐνταῦθα
1244 4456 1301 4509 δὲ
1337 4455 1410 4518 ὡς
1438 4458 1497 4509 ὲν
1527 4472 1733 4525 παρεκ-

138 4551 303 4608 “ut
347 4549 637 4622 διέδραμον
669 4548 762 4602 τὸν
804 4547 982 4615 λόγον.
1029 4549 1220 4620 Ὅμως
1259 4548 1353 4602 δύο
1391 4548 1582 4618 Πάσχα
1632 4548 1730 4619 μὲν

219 4737 235 4767 ³
270 4736 431 4792 loan.
468 4750 530 4800 ιι,
561 4733 616 4789 8.
699 4737 719 4766 ²
746 4734 879 4790 ibid.
934 4735 984 4787 1.
1062 4734 1081 4764 ³
1110 4731 1255 4788 Psal.
1290 4748 1342 4798 v,
1379 4730 1437 4787 1.

142 4937 219 4984 vr,
249 4919 369 4975 ﬁeri
404 4934 516 4974 non
552 4927 752 4989 potest,
791 4928 849 4972 ut
894 4925 989 4971 aut
1034 4918 1245 4989 eodem.
1276 4932 1387 4986 quo
1421 4924 1582 4989 natus
1609 4922 1716 4979 est,

146 4987 600 5073 autetiamhqu'o
630 4991 934 5073 baptizatus
974 4999 1078 5073 e_st,
1104 4988 1193 5073 die
1214 5001 1417 5073 aquam
1442 4987 1499 5073 in
1520 4987 1718 5073 lviuum

144 5060 396 5117 verterit.
444 5058 661 5130 Alioqui
700 5058 1115 5130 perabsurdum,
1150 5064 1270 5122 est,
1317 5072 1463 5112 anno
1500 5059 1719 5130 demum

144 5141 271 5203 post.
302 5125 638 5203 baptismum
681 5125 891 5202 elapso,
927 5145 1052 5184 cum
1099 5129 1234 5197 jam,
1266 5135 1344 5203 ut_
1369 5138 1495 5183 ante
1537 5125 1721 5203 docui-

142 5198 290 5266 mus,
337 5198 788 5271 praedicationem
836 5214 999 5271 orsus
1046 5207 1213 5271 esset,
1262 5198 1517 5271 primum
1543 5198 1611 5251 ab
1637 5211 1721 5271 _e_o

140 5266 483 5348 miraculum
501 5272 720 5348 editum
750 5271 909 5329 velle.
942 5270 1055 5328 Hoc
1095 5270 1239 5348 enim
1266 5266 1605 5348 evangelica:
1637 5266 1721 5348 hi:

143 5345 340 5415 storias
372 5344 659 5415 manifeste
698 5352 1001 5415 repugnat:
1042 5342 1231 5415 multo
1259 5355 1388 5395 vero
1436 5340 1631 5415 magis.
1672 5340 1720 5391 si

142 5416 252 5469 tria
283 5414 553 5468 duntaxat
587 5411 858 5469 Paschata
886 5428 1009 5468 cum
1040 5412 1320 5466 veteribus
1354 5411 1719 5480 assignemus.

143 5484 520 5555 Quamobrem
540 5484 649 5538 alio
671 5484 776 5548 die,
797 5499 960 5555 quam
986 5499 1033 5536 vi
1056 5481 1204 5555 dam,
1227 5478 1722 5555 miraculum_ist_ud

50 5570 51 5573 ‘
144 5554 393 5621 accidit;
427 5555 643 5610 tametsi
672 5550 864 5610 eodem
897 5569 1007 5624 quo
1054 5553 1363 5623 baptismus
1399 5551 1486 5607 die
1522 5551 1592 5624 ab
1633 5550 1727 5603 Ec-

144 5624 321 5679 clesia
354 5625 681 5681 celebretur.
725 5625 799 5680 De
844 5623 954 5694 quo
1005 5624 1131 5679 vide
1168 5625 1479 5679 Perrerium
1530 5623 1625 5676 lib.
1671 5635 1725 5674 xt

140 5694 305 5751 Cum.
340 5696 394 5749 in
416 5694 582 5755 υαη..
611 5705 667 5752 et
698 5697 898 5751 Baron.
932 5696 987 5751 in
1020 5694 1158 5749 Ann.

1839 4456 2113 4529 pcditans,
2148 4457 2203 4511 in
2237 4458 2346 4513 vini
2382 4459 2621 4513 colorem
2667 4460 2732 4514 ad
2767 4460 3047 4517 hominum
3082 4465 3419 4534 voluptatem

1839 4549 2367 4621 oblectationemque
2411 4558 2734 4607 commutat.
2790 4550 2897 4608 Sed
2927 4552 2995 4610 de
3031 4570 3096 4611 ea
3147 4571 3206 4612 re
3243 4556 3419 4614 fusius

1887 4913 1999 4984 (50)
2042 4908 2136 4967 Διὸ
2174 4913 2272 4967 καὶ
2327 4912 2396 4965 ἐν
2432 4912 2703 4984 πολέοῖςγ
2733 4912 2959 4984 τόποις.
3006 4912 3169 4980 Quod
3201 4912 3411 4984 ‘horum

1816 4982 2052 5039 fontium
2107 4984 2426 5049 historiam,
2471 4990 2525 5037 et
2553 4982 2844 5053 Epiphanii
2880 4983 3038 5038 Iidem
3076 4986 3133 5039 in
3182 4982 3410 5038 dubium

1814 5055 2092 5110 revocavit
2125 5054 2426 5109 Calvinista
2456 5053 2683 5124 quidam
2716 5068 2962 5122 nuperus
3004 5055 3058 5108 in
3099 5053 3414 5124 Casauboni

1824 5124 2167 5193 Defensione,
2206 5124 2337 5180 facit
2384 5123 2885 5195 impudentissime.
2909 5124 3044 5195 ASed
3093 5124 3245 5180 hunc
3286 5123 3417 5195 ΑΕ)ρί-

1819 5198 2007 5265 phanii
2057 5197 2239 5251 locum
2272 5195 2539 5266 pluribus»
2566 5194 2859 5249 illustravit
2908 5193 3231 5266 H_eribertus
3282 5193 3418 5250 Res-

1820 5264 2056 5342 vveydus
2096 5264 2285 5342 noster
2316 5266 2370 5319 in
2418 5264 2881 5342 Ταιὶοηεωεοιιιιςα
2912 5264 3343 5342 _Casaub_omm_n_.
3383 5279 3416 5318 a

1822 5333 2183 5461 quodinjuria
2226 5342 2449 5391 notatus
2490 5343 2607 5391 erat
2641 5333 3057 5393 illustrissimus
3120 5336 3416 5390 Annalium

1825 5423 1929 5461 con
1976 5416 2105 5461 llOl'.

1825 5409 2105 5463 conditor.

1897 5478 2008 5551 (δι)
2047 5477 2213 5534 Κανᾶ
2244 5476 2357 5548 γὰρ
2382 5476 2789 5551 ἑρμηνεύεται.
2811 5474 3085 5551 vocabuli
3112 5472 3420 5551 hujusori-

1827 5542 2007 5672 ginem
2036 5565 2066 5603 a
2102 5542 2268 5606 verbo
2303 5542 2419 5632 .‘up
2445 5542 2705 5617 deducit,
2744 5547 2895 5623 quod
2943 5542 3419 5619 possideresigni-

1868 5635 1929 5672 ca
1963 5660 1977 5672 .

1868 5629 1977 5674 cat.
