3846 6282
446 173 554 232 ΜΞ

1858 168 1923 224 ’8.
1952 166 2301 226 ΕΡΙΡΙΙΑΝΠ

3613 169 3719 227 966

448 287 559 341 alio
590 284 711 340 loco
739 281 1161 355 disputavimus.
1194 282 1295 339 Hic
1328 291 1507 338 autem
1537 281 1686 337 velut
1729 282 1909 340 obiter
1944 286 2022 341 di-

2136 286 2277 342 κατὰ
2314 285 2413 357 τὴν
2450 254 2624 358 ἀρχὴν
2648 286 2743 339 τοῦ
2784 284 3139 357 κηρύγματος
3179 286 3208 340 6
3235 284 3429 357 Σωτὴρ
3457 287 3717 349 ποιεῖται,

448 377 626 449 gressi
665 391 785 431 eam
831 376 1135 431 orationem
1178 376 1479 445 attigimus.
1517 372 1718 428 Verum
1752 377 2033 432 enimvero

449 475 574 539 post
595 467 997 538 praedicationis
1024 467 1309 522 exordiqu
1328 466 1439 520 duo
1461 481 1491 519 a
1516 465 1736 521 Christo
1754 467 2031 523 celebrata

450 569 581 618 sunt
609 559 879 615 Paschata
904 577 918 625 ;
958 560 1120 615 tertio
1149 567 1235 615 est
1270 558 1467 614 deinde
1500 573 1723 628 passus,
1751 551 1821 613 ιη’
1841 558 2031 615 confe-

449 659 540 706 cta
592 652 777 706 omnia
827 652 922 706 illa
966 652 1079 705 sint
1122 666 1153 705 a
1186 664 1272 705 me
1312 656 1744 704 commemorata
1793 649 2030 717 dierum,

448 741 745 806 mensium,
770 756 836 797 ac
855 742 1240 797 consulatuum
1262 738 1568 794 intervalla.
1592 739 1771 809 Atque
1794 739 1869 794 ita
1892 740 2028 795 falsa

446 835 630 892 omnis
666 834 899 890 istorum
929 832 1208 888 evanescit
1243 831 1406 893 ratio,
1467 844 1595 884 cum
1622 830 1703 884 sic
1739 830 1885 885 inter
1909 846 2033 887 sese

441 925 743 996 Evangelia
774 925 1142 989 consentiant,
1170 923 1381 979 nullum
1428 932 1486 977 ut
1524 922 1598 978 ab
1623 921 1794 979 altero
1823 922 2028 979 discre-

440 1032 583 1087 pare
612 1016 882 1072 videatur.

522 1106 712 1161 XXXI.
767 1107 873 1161 Sed
916 1113 975 1161 ut
1018 1119 1085 1161 eo
1111 1104 1224 1174 jam
1264 1103 1507 1166 redeam,
1563 1102 1711 1158 unde
1744 1103 2031 1174 digressus

446 1200 683 1261 fueram,
727 1200 920 1253 scribit
948 1196 1148 1260 Lucas,
1184 1196 1236 1251 id
1267 1196 1414 1266 quod
1446 1194 1515 1249 ad
1560 1211 1623 1250 ea
1656 1196 2030 1249 conﬁrmanda

450 1293 613 1356 valet,
640 1305 761 1360 quas
792 1298 921 1345 sunt
945 1304 975 1343 a
1008 1304 1096 1344 me
1127 1290 1276 1343 varie
1314 1288 1797 1357 multipliciterque
1828 1304 2032 1359 propo-

449 1386 555 1441 sita
576 1404 589 1439 :
614 1383 976 1437 Factum—esse
997 1384 1051 1436 in
1074 1380 1309 1437 Sabbato
1334 1382 1561 1435 secundo
1582 1381 1753 1449 primo
1782 1381 1820 1433 ¹.
1845 1378 2026 1446 Quare

449 1494 553 1532 vox
586 1478 792 1531 indicat
822 1476 1057 1546 primum
1087 1488 1211 1528 esse
1237 1471 1535 1527 Sabbatum
1572 1470 1724 1536 illud,
1753 1472 1897 1541 quod
1927 1470 2031 1524 ini-

2134 380 2229 433 καὶ
2277 378 2354 449 τῷ
2398 380 2568 451 τρίτῳ
2613 378 2834 449 πάσχει·
2871 379 2948 444 ὼς
2989 378 3325 449 πληροῦσθαι
3368 378 3440 431 τὰ
3484 379 3589 449 ἤδη
3626 396 3718 448 μοι

2134 471 2277 525 κατὰ
2304 471 2499 524 λεπτὸν
2527 472 2795 543 εἰρημένα
2829 470 2955 542 περὶ
2990 469 3232 542 ἡμερῶν,
3262 470 3356 523 καὶ
3387 470 3597 541 μηνῶν,
3624 472 3718 524 καὶ

2134 561 2431 616 ὑπατειῶν.
2473 562 2578 615 Καὶ
2630 560 2967 631 πανταχόθεν
3009 560 3256 613 διέπεσεν
3292 562 3321 613 6
3354 561 3485 630 περὶ
3512 561 3717 613 τούτων

2134 649 2552 721 πεπλανημένος
2595 650 2774 719 λόγος,
2806 650 2916 703 τῶν
2956 649 3301 719 Εὑαγγελίων
3342 651 3556 721 συνῳδὰ
3583 652 3717 721 πρὸς

2132 740 2336 813 ἄλληλα
2367 743 2621 813 ἐχόντων,
2649 742 2745 796 καὶ
2788 741 2910 813 μηδ’
2945 742 3200 814 ὁπότερον
3233 742 3341 797 τῶν
3370 742 3715 811 Εὑαγγελίων

2132 835 2408 890 ἀντίθετον
2434 835 2569 907 πρὸς
2592 835 2682 889 τὸν
2712 835 2898 905 ἕτερον
2932 834 3183 905 ἑχόντων.

2203 1095 2329 1149 AA'.
2373 1092 2695 1164 Ἐλεύσομαι
2725 1092 2781 1147 δὲ
2815 1092 2977 1149 πάλιν
3010 1096 3089 1158 είς
3113 1094 3174 1148 τὸ
3198 1096 3582 1167 προκείμενον.
3611 1098 3717 1155 Φά-

2135 1203 2253 1238 σκει
2288 1185 2447 1239 πάλιν
2468 1187 2497 1238 6
2530 1188 2745 1250 Λουκᾶς
2772 1186 2906 1257 (52),
2940 1188 3231 1259 μαρτυρῶν
3276 1207 3365 1258 μοι
3400 1195 3513 1254 τοῖς
3557 1193 3715 1245 πολι)⁶

2136 1278 2317 1349 μερῶς
2347 1279 2441 1331 καί
2477 1278 2829 1350 πολυτρόπως
2857 1282 3185 1353 εἰρημένοις,
3219 1282 3300 1335 ὅτι
3343 1283 3618 1352 Ἐγένετο
3648 1287 3717 1338 ἐν

2134 1370 2414 1433 Σαϐϐάτῳ
2444 1369 2929 1439 δευτεροπρώτῳσ
2964 1372 3050 1426 ’ίνα
3082 1372 3231 1445 δείξῃ
3252 1374 3534 1427 Σάϐϐατον
3562 1375 3715 1446 πρῶ-

2131 1479 2223 1514 τον
2250 1462 2362 1533 (55)
2398 1461 2537 1515 εἶναι
2580 1464 2641 1516 τὸ
2685 1464 2780 1517 ἀπ’
2812 1464 2986 1535 ἀρχῆς
3019 1464 3230 1536 ὁρισθὲν
3266 1466 3358 1518 καὶ
3404 1465 3570 1537 ῥηθὲν
3614 1469 3715 1519 ύπδ

450 1568 526 1621 tio
561 1566 927 1636 praestitutum
970 1562 1179 1627 fuerat,
1220 1561 1288 1616 de
1328 1576 1440 1631 quo
1489 1561 1544 1621 in
1576 1560 1762 1614 mundi
1806 1560 2022 1632 opiﬁcio

2133 1553 2337 1624 Κυρίου
2384 1556 2442 1607 ὲν
2493 1556 2557 1625 τῇ
2599 1556 2951 1626 κοσμοποιίᾳ,
2983 1557 3123 1609 κατὰ
3164 1556 3407 1627 περίοδον
3440 1558 3549 1610 ἀπὸ
3594 1560 3714 1612 τότε

450 1658 666 1712 locutus
720 1664 804 1711 est
862 1653 1153 1717 Dominus,
1206 1651 1461 1721 quodque
1517 1666 1582 1706 ex
1637 1650 1730 1705 illo
1780 1658 2022 1721 tempore

2133 1645 2261 1717 ἄχρι
2291 1647 2385 1699 τοῦ
2419 1647 2598 1718 δεῦρο,
2633 1649 2775 1700 κατὰ
2808 1649 2947 1701 ἑπτὰ
2973 1650 3183 1719 ἡμέρας
3218 1650 3710 1721 ἀνακυκλούμενον,

449 1749 707 1820 deinceps
744 1747 811 1802 ad
835 1762 954 1801 eam
982 1746 1125 1801 diem
1160 1753 1510 1814 septenorum
1537 1743 1747 1796 dierum
1771 1742 2028 1808 circuitu,

446 1858 510 1898 ac
556 1840 897 1897 revolutione
942 1843 1285 1908 pervenerat.
1325 1834 1486 1906 453
1518 1832 1834 1889 Secundum
1877 1848 2027 1897 vero,

446 1935 677 1989 alterum
710 1930 841 1986 illud
876 1930 991 2000 lege
1040 1928 1419 1982 constitutum.
1462 1925 1536 1979 Ita
1572 1926 1717 1981 enim
1758 1927 2027 1982 sancitum

447 2026 618 2079 fuisse
659 2024 891 2094 legimus
926 2039 938 2074 :
974 2019 1162 2075 Sume:
1197 2018 1291 2071 tibi
1338 2034 1531 2087 agnum
1565 2019 1894 2080 anniculam,
1925 2018 2029 2071 im-

449 2113 797 2177 maculatum,
832 2111 1127 2165 masculum
1152 2110 1296 2179 (qua:
1326 2108 1497 2178 ﬁgura
1532 2105 1841 2161 Salvatoris
1878 2106 2025 2178 fuit),

440 2224 480 2263 α
513 2206 717 2261 decima
747 2204 963 2259 mensis.
995 2200 1065 2255 Et
1108 2200 1402 2255 servabitur
1447 2202 1516 2253 ad
1549 2217 1659 2263 xlv,
1703 2209 1753 2254 et
1786 2200 2027 2254 immola-

444 2299 568 2353 bitis
607 2312 725 2351 eum
778 2294 845 2349 ad
882 2309 1147 2363 vesperam
1189 2308 1300 2347 xlv.
1352 2290 1420 2345 Et
1454 2292 1555 2345 erit
1607 2292 1700 2344 tibi
1734 2290 2025 2345 Sabbatum

445 2390 557 2443 dies
598 2396 803 2443 sancta.
840 2385 907 2439 Et
948 2384 1231 2440 comedetis
1273 2400 1467 2455 azyma
1505 2399 1574 2438 vn
1618 2382 1834 2446 diebus;
1861 2392 1911 2436 et
1949 2397 2023 2437 vu

444 2479 532 2533 die
557 2478 723 2547 facies
760 2485 1002 2532 sanctum
1041 2474 1355 2542 Sabbatum,
1394 2474 1533 2528 diem
1577 2475 1880 2528 sanctum’.
1918 2473 2023 2530 Ubi

446 2568 580 2625 illud
601 2568 1034 2625 animadvertere
1064 2567 1211 2630 licet,
1233 2565 1695 2638 quemadmodum
1720 2566 2022 2621 secundum

448 2677 480 2717 a
509 2662 694 2733 priore
734 2658 1035 2715 Sabbatum
1070 2664 1258 2714 sancta
1311 2658 1402 2712 illa
1433 2656 1738 2714 Parasceve
1776 2656 2025 2713 nomine-

447 2762 544 2808 tur
563 2793 579 2818 ,
614 2767 736 2824 qua!
762 2750 819 2807 in
842 2749 1143 2807 Sabbatum
1172 2758 1559 2816 consecratur;
1594 2763 1660 2804 ac
1690 2749 1805 2804 sive
1835 2763 1899 2804 ea
1925 2746 2025 2804 Do-

451 2846 651 2901 minica
691 2845 784 2911 sit,
814 2844 930 2900 sive
974 2840 1237 2906 secunda,
1268 2841 1383 2896 sive
1417 2842 1579 2896 tertia
1625 2840 1779 2895 feria.
1812 2841 1881 2894 At
1914 2840 2020 2895 hoc

446 2940 624 3010 ipsum
667 2935 991 3001 secundum,
1045 2941 1253 3006 septem
1304 2933 1516 2988 dierum
1566 2931 1701 2987 orbe
1746 2932 2017 2995 revoluto,

446 3030 683 3100 primum
726 3027 945 3082 dicitur.
984 3023 1055 3081 Ut
1079 3026 1166 3081 vel
1210 3026 1358 3081 istud
1407 3031 1730 3096 argumento
1768 3024 1861 3089 sit,
1909 3039 2021 3081 non

443 3118 711 3177 Joannem
749 3120 929 3185 modo,
979 3119 1074 3174 sed
1105 3127 1160 3174 et
1184 3117 1409 3183 Lucam,
1457 3127 1513 3173 et
1543 3125 1771 3173 caeteros
1810 3116 2020 3172 biennii

443 3208 675 3276 pariter,
724 3221 789 3262 ac
817 3207 985 3261 trium
1036 3205 1324 3262 Paschatis
1366 3205 1748 3261 celebritatum
1794 3206 2021 3260 mentio-

444 3310 569 3352 nem
605 3296 805 3352 facere.
842 3298 920 3350 lta
959 3297 1161 3369 quippe
1192 3297 1278 3352 lex
1310 3296 1617 3368 praescribit
1648 3313 1662 3349 :
1694 3292 2019 3351 Numerabis

445 3388 539 3443 tibi
576 3404 648 3445 vn
691 3388 1068 3451 hebdomadas,
1119 3404 1184 3445 ex
1229 3406 1332 3459 quo
1375 3388 1705 3457 manipulum
1743 3386 2017 3452 obtuleris,

436 3484 582 3537 abea
610 3482 823 3552 die,qua
845 3483 1033 3551 falcem
1057 3484 1110 3535 in
1139 3492 1359 3553 segetem
1385 3481 1590 3535 miseris
1617 3495 1635 3533 :
1663 3488 1712 3534 et
1734 3478 2021 3535 celebrabis

438 3576 717 3645 septimam
736 3572 1107 3628 hebdomadam
1135 3573 1274 3628 diem
1296 3573 1489 3644 festum
1506 3571 1727 3626 Domino
1749 3571 1853 3627 Deo
1878 3581 1965 3627 tuo
1979 3572 2017 3625 ⁸.

514 3754 531 3783 ³
556 3751 692 3809 Luc.
726 3768 801 3815 vt,
831 3752 882 3807 l.
962 3754 982 3783 ²
1012 3750 1182 3808 Exod.
1213 3768 1311 3819 χιι,
1337 3755 1372 3810 5
1400 3767 1524 3822 sqq.

519 3906 632 3977 (52)
671 3906 1122 3979 «(relaxatam/ur
1166 3911 1199 3963 ό
1250 3910 1508 3978 Λουκᾶς.
1563 3912 1852 3979 Quomodo
1894 3923 2020 3964 cum

443 3980 662 4034 ca‘tcris
696 3978 1053 4049 evanAgelistis
1084 3977 1329 4036 Joannes
1360 3977 1685 4049 consentiat,
1723 3998 1793 4037 ex
1825 3995 1891 4035 eo
1934 3978 2025 4034 de-

441 4050 613 4113 ducit,
644 4047 1032 4121 quodPascba
1056 4050 1315 4121 primum,
1340 4050 1501 4108 Joan.
1546 4068 1584 4107 ιι
1612 4047 1820 4109 diserte
1854 4050 2025 4121 nomi-

441 4128 631 4175 natum
658 4122 726 4174 ab
761 4120 884 4175 aliis
909 4120 1232 4190 expressum
1266 4122 1361 4184 sit,
1401 4138 1523 4178 cum
1573 4122 1801 4177 Sabbati
1835 4120 2022 4176 deute-

441 4192 652 4260 roproti
690 4191 1025 4263 mentionem
1050 4190 1281 4263 iaciunt.
1309 4191 1422 4247 Hoc
1459 4192 1608 4247 enim
1643 4200 1768 4263 post
1790 4190 2022 4263 primam

440 4259 772 4331 Aaymorum
811 4260 1027 4331 i_ncidit.
1060 4259 1359 4316 Historiam
1404 4259 1693 4318 vulsaruin
1740 4259 2018 4331 spicarth

2130 1739 2288 1791 τοῦτο
2339 1737 2477 1793 εἶναι
2530 1741 2766 1812 πρῶτον.
2812 1738 3075 1813 Δεύτερον
3114 1742 3169 1795 δὲ
3196 1742 3475 1797 Σάϐϐατον
3508 1745 3569 1798 τὸ
3606 1746 3712 1798 ἀπὺ

2129 1832 2295 1901 νόμου
2344 1832 2666 1903 ὡρισμένον.
2729 1833 2931 1886 Φάσκει
2970 1834 3107 1905 γὰρ,
3151 1835 3232 1887 ὅτι
3286 1835 3468 1905 Amm
3509 1838 3713 1903 σαυτῷ

2130 1923 2431 1989 πρόϐατον
2457 1922 2787 1988 ἐνιαύσιον,
2821 1922 3081 1992 ἄμωμον,
3112 1922 3300 1991 ἄρσεν
3342 1926 3502 1997 (ὅπερ
3531 1921 3601 1997 ἦν
3626 1928 3712 1981 ἀν-

2128 2012 2350 2067 τίτυπον
2387 2013 2480 2068 τοῦ
2518 2015 2820 2084 Σωτῆρος),
2880 2013 3000 2067 ἀπὸ
3049 2012 3303 2082 δεκάτης
3350 2015 3458 2069 τοῦ
3492 2019 3705 2085 μηνός.

2128 2106 2237 2159 Καὶ
2284 2106 2453 2160 ἔσται
2507 2104 3007 2175 διατετηρημένον
3044 2106 3183 2175 ἄχρι
3225 2107 3333 2175 τῆς
3373 2125 3708 2177 τεσσαρεσο

2134 2198 2511 2266 καιδεκάτης⁰
2544 2198 2641 2252 καὶ
2672 2200 2885 2253 θύσετε
2919 2200 3073 2252 αὐτό
3091 2199 3351 2268 ἑσπέρας
3386 2198 3463 2270 τῇ
3492 2217 3708 2256 τεσσα-

2121 2288 2561 2359 ρεσκαιδεκάτῃ
2614 2290 2823 2359 ἡμέρᾳ.
2874 2290 2981 2343 Kal
3029 2288 3199 2343 ἔσται
3248 2308 3345 2344 σοι
3403 2291 3706 2346 Σάϐϐατον

2127 2380 2321 2450 ἡμέρα
2350 2381 2511 2451 ἁγία,
2557 2381 2652 2434 καί
2698 2381 2907 2435 ἕδεσθε
2934 2379 3121 2449 ἄζυμα
3152 2380 3300 2435 ἑπτὰ
3327 2379 3573 2451 ἡμέρας·
3610 2382 3703 2435 καὶ

2126 2469 2204 2540 τῇ
2230 2470 2447 2541 ἐϐδόμῃ
2476 2469 2665 2540 ἡμέρᾳ
2700 2471 2975 2539 ποιήσεις
3015 2471 3186 2542 ἅγιον
3212 2472 3537 2537 Σάϐϐατον,
3567 2473 3707 2543 ἠμέ-

2120 2580 2241 2632 ραν
2265 2564 2463 2634 ἁγίαν.
2487 2564 2596 2616 Καὶ
2624 2566 2809 2635 ὁρᾶτε,
2838 2562 2920 2617 ὅτι
2947 2561 3197 2636 δεύτερον
3224 2564 3470 2618 καλεῖται
3498 2566 3706 2621 Σάϐϐα·

2125 2671 2217 2709 τον
2248 2654 2387 2725 μετὰ
2431 2655 2493 2707 τὸ
2522 2654 2798 2710 Σάϐϐατον
2832 2656 2865 2725 ἡ
2894 2655 3119 2727 τοιαύτη
3162 2655 3293 2725 ἁγία
3325 2655 3422 2710 τοῦ
3464 2658 3708 2730 Προσαὸ-

2128 2741 2291 2797 ϐάτου
2316 2743 2428 2814 (54)
2466 2743 2667 2815 ἡμέρα,
2700 2745 2780 2807 είς
2816 2743 3093 2798 Σάϐϐατον
3125 2745 3480 2814 ἁγιασθεῐσα,
3517 2746 3621 2802 κᾶν
3648 2765 3706 2802 τε

2126 2834 2380 2908 Κυριακὴ
2410 2835 2515 2907 εἴη,
2542 2835 2648 2889 κᾶν
2672 2834 2920 2907 δευτέρα,
2962 2834 3064 2889 κᾶν
3092 2852 3150 2889 τε
3179 2836 3333 2907 τρίτη
3370 2839 3701 2913 καταντήσῃ.

2124 2925 2220 2989 El;
2246 2924 2303 2978 δὲ
2333 2926 2472 2979 ἑπτὰ
2504 2924 2718 2998 ἡμέρας
2754 2925 2915 2978 πάλιν
2955 2925 3426 2997 ἀνακυκλούμενον
3455 2928 3703 2999 δεύτερον

2127 3016 2369 3070 καλεῖται
2398 3016 2633 3089 πρῶτον·
2665 3016 2751 3069 ἵνα
2779 3017 2926 3089 δείξῃ
2970 3017 3218 3072 ἐντεῦθεν
3236 3059 3253 3083 ,
3280 3019 3361 3072 ὅτι
3391 3021 3454 3074 ού
3487 3021 3646 3091 μόνον
3676 3025 3703 3075 6

2126 3108 2381 3181 Ἰωάννης
2422 3110 2550 3182 περὶ
2599 3110 2843 3181 περιόδου
2891 3111 3115 3183 ἡμερῶν
3160 3113 3423 3166 ἐνιαυτῶν
3474 3114 3566 3167 δύο
3612 3118 3701 3168 καὶ

2124 3202 2291 3273 τριῶν
2318 3203 2520 3274 ἑορτῶν
2548 3201 2638 3256 τοῦ
2671 3204 2859 3273 Πάσχα
2888 3205 3181 3276 ἐσήμανεν,
3213 3206 3350 3259 ἀλλὰ
3384 3208 3478 3260 καὶ
3510 3208 3538 3259 6
3567 3210 3701 3261 Δου-

2126 3296 2250 3360 κᾶς,
2281 3296 2374 3350 καὶ
2402 3297 2452 3348 οἱ
2482 3295 2650 3350 ἄλλοι.
2684 3297 2839 3350 Οὕτω
2869 3296 2977 3369 γὰρ
3006 3297 3203 3366 φάσκει
3241 3299 3269 3351 6
3318 3299 3513 3369 νόμος·
3553 3302 3698 3369 Ἀρι-

2127 3387 2381 3457 θμήσεις
2407 3386 2643 3454 σεαυτῷ
2668 3387 2816 3442 ἑπτὰ
2850 3388 3177 3458 ἑϐδομάδας
3215 3389 3315 3443 ἀπ’
3343 3390 3539 3461 ἀρχῆς
3566 3392 3701 3460 apd-

2128 3496 2379 3551 τματος,
2420 3479 2527 3534 τοῦ
2556 3480 2777 3545 ,ϐαλεῖν
2830 3479 3124 3549 δρέπανον
3173 3481 3266 3534 ἐπ’
3315 3482 3553 3551 ἁμητῷ,
3600 3485 3697 3539 καί

2129 3570 2391 3640 ποιήσῃς
2417 3570 2674 3641 ἑϐδόμην
2704 3570 2996 3641 ἑϐδομάδα
3024 3571 3253 3641 ἡμέραν
3280 3573 3459 3642 ἁγίαν
3486 3576 3689 3643 Κυρίῳ.

1599 3750 1620 3783 ³
1650 3747 1823 3808 Levit.
1856 3770 1986 3818 xxv,
2018 3754 2105 3810 15.
2208 3758 2218 3766 ’

2162 3909 2278 3980 uod
2304 3923 2338 3980 e
2376 3907 2667 3980 scriptura
2701 3909 3060 3980 demonstrat.
3099 3906 3234 3980 Mos;
3258 3924 3388 3964 vero
3428 3910 3689 3980 subiicit:

2120 3924 2268 4032 ἓιιοιι
2304 3924 2334 3963 e
2376 3924 2667 3978 acrtptura
2701 3924 3060 3963 aemonsuat.
3100 3924 3218 3963 mox
3258 3924 3388 3964 vero
3428 3924 3689 3980 subjtctt:

2169 3981 2215 4060 ίς
2237 3979 2295 4060 δὲ
2322 3979 2462 4031 ἑπτὰ
2486 3978 2714 4060 ﬁpépag‘
2738 3978 2902 4060 πάλιν
2931 3978 3407 4060 ἀνακυκλούμενον
3444 3982 3696 4060 δεύτερον

2120 4049 2364 4131 itali-{tat
2390 4049 2642 4131 ςπριῇτον.
2676 4049 2752 4131 1ij
2781 4049 3012 4131 quibus,
3036 4057 3096 4131 ut
3121 4057 3176 4103 et
3216 4049 3694 4131 exsequentibus,

2121 4120 2214 4174 illa
2248 4117 2536 4188 Epipha‘nii
2580 4117 2851 4174 sententia
2895 4121 3168 4188 posterior
3197 4117 3448 4181 elicitur:
3496 4121 3673 4177 Salzba

2126 4199 2241 4244 tum
2265 4190 2721 4261 deu_te_roproton,
2742 4204 2876 4261 esse
2890 4190 3280 4253 Pentecosten;
3307 4192 3362 4246 in
3390 4209 3498 4261 qua
3522 4193 3675 4246 δεύτε

2160 4278 2220 4314 ον
2250 4258 2385 4332 illud
2419 4258 2721 4332 Sabbatum
2762 4259 2981 4332 πρῶτον
3009 4262 3332 4330 appelletur.
3367 4258 3480 4317 cur
3512 4272 3695 4319 autem

442 4312 776 4400 summa.
822 4312 1036 4414 pater;
1063 4312 1912 4458 ‘sa'r'im"’;ere;fagitans;
1936 4312 2019 4384 Ei
2051 4312 2096 4368 Ι)
2122 4312 2837 4412 δευτεροπρωτονόἰοίριιιῗ.
2870 4312 3303 4412 ιιιιιιιὶᾦὲὶιῦιῖί
3326 4312 3694 4403 tesquis;

444 4402 550 4455 line
579 4415 731 4454 num.
759 4399 924 4458 huius
954 4401 1260 4458 intelltaere
1298 4410 1473 4458 notes.
1510 4419 1583 4458 au
1692 4410 1777 4458 est
1808 4402 2023 4456 harmo-
2121 4415 2189 4455 ex
2244 4398 2535 4458 Eotoltanu
2579 4399 2763 4455 verbis
2804 4410 3079 4456 extricare
3130 4417 3397 4458 possunt:
3450 4404 3549 4458 sed
3604 4405 3693 4458 illa

444 4399 554 4473 line
579 4415 731 4454 num.
759 4399 924 4470 hujus
954 4401 1260 4473 intelligere
1298 4410 1473 4473 potes,
1510 4399 1658 4473 quod
1692 4410 1777 4458 est
1808 4402 2023 4473 harmo-

442 4472 549 4525 nia:
586 4485 753 4543 supra
794 4469 843 4524 a’
879 4471 1043 4528 nobis
1070 4469 1367 4543 proposita:
1398 4469 1856 4529 consentaneum.
1897 4469 2019 4525 1am

440 4556 573 4613 vero
615 4539 833 4613 ex_bac
874 4539 1201 4598 ceterorum
1257 4541 1646 4613 suﬂ‘ragatione
1695 4543 2018 4613 Alugorum,

342 4661 349 4668 .
442 4610 957 4675 Valentinianorum
984 4627 1048 4668 ac
1071 4619 1398 4667 czeterorum
1428 4610 1774 4668 mendacium
1798 4610 2021 4665 convin-

442 4683 554 4743 cit,
592 4681 686 4751 qui
718 4681 943 4736 unicum
989 4683 1257 4737 duntaxat
1289 4683 1510 4737 Christo
1558 4682 1769 4739 Pascha
1808 4681 2020 4735 tribue-

441 4754 577 4807 rint.
614 4750 752 4806 Cum
788 4752 935 4807 enim
960 4766 1086 4807 eum
1113 4758 1238 4822 post
1272 4755 1509 4822 primum
1550 4752 1762 4807 Pascha
1786 4752 2017 4822 vixisse,

440 4830 494 4874 et
537 4837 634 4892 per
668 4830 786 4876 sata
827 4818 1389 4886 transiisse'constet,
1427 4822 1623 4878 falsum
1661 4831 1745 4878 est
1770 4836 1881 4875 uno
1923 4818 2020 4873 Pa-

443 4892 636 4947 schate
656 4905 747 4962 res
774 4892 849 4962 ab
876 4906 943 4946 eo
970 4899 1157 4962 gestas
1183 4893 1565 4962 circumscribi
1589 4892 1809 4962 debere.

514 4962 626 5030 (55)
656 4961 793 5015 Ἵνα
824 4960 994 5031 δείξῄ
1036 4962 1339 5017 Σάϐϐατον
1370 4961 1624 5031 πρῶτον.
1664 4964 1744 5017 De
1779 4960 2019 5017 Sabbato

442 5032 853 5100 deuteroproto,
868 5033 992 5087 vide
1009 5048 1131 5103 qua!
1156 5033 1224 5088 ad
1245 5032 1377 5087 haer.
1409 5049 1536 5103 xxx,
1561 5032 1816 5096 num.52,
1838 5031 2021 5101 dispu-

444 5102 720 5167 tavimus;
750 5115 877 5173 nam
914 5103 1009 5158 illo
1030 5102 1162 5157 loco
1192 5103 1430 5173 priorem
1462 5102 1754 5173 Epiphanii
1795 5110 2019 5173 senten-

443 5173 599 5236 tiam,
640 5179 695 5244 et
738 5171 961 5241 quidem
1003 5170 1425 5243 probabiliorem
1461 5170 1842 5244 exposuimus.
1884 5170 2017 5237 Quae

442 5250 625 5297 autem
662 5242 767 5296 hoc
800 5244 853 5295 in
894 5242 1123 5298 numero
1147 5244 1401 5307 traditur,
1437 5242 1727 5299 obscurior
1755 5250 1863 5304 est,
1897 5250 1952 5296 et
1985 5256 2017 5296 a

440 5327 570 5368 vera
616 5311 869 5368 vocabUIi
915 5313 1063 5369 illius
1090 5314 1302 5371 oriuine
1335 5329 1402 5369 ac
1448 5314 1674 5370 notione
1722 5312 2014 5370 remotior.

445 5381 655 5464 Duplex
715 5382 863 5464 apud
916 5381 1150 5464 Iudaeos
1182 5381 1406 5464 Sabbati
1460 5400 1635 5464 genus
1693 5383 2011 5464 constituit.

442 5450 621 5525 Unum
652 5450 958 5522 antiquius,
980 5462 1035 5525 et
1064 5456 1335 5519 naturale,
1365 5450 1514 5525 quod
1547 5456 1617 5510 ab
1645 5468 1833 5510 rerum
1858 5452 2016 5525 initio

440 5524 724 5595 conditum
776 5531 895 5595 est;
934 5524 1173 5595 alterum
1208 5523 1544 5595 secundum,
1579 5537 1634 5582 et
1684 5523 2015 5595 posterioris

438 5593 673 5661 Ordinis,
697 5594 827 5665 quia
843 5591 1018 5654 Judmi
1045 5593 1183 5652 festa
1212 5596 1396 5652 omnia
1430 5591 2011 5653 Sabbata'vocabant:

2121 4398 2535 4471 exiE'piplianii
2579 4399 2779 4471 verbis
2804 4398 3100 4456 extricare‘
3130 4417 3397 4471 possum;
3450 4398 3549 4459 sed
3604 4405 3693 4459 illa

2124 4470 2427 4544 hlaldonati
2469 4470 2718 4544 opinioni
2769 4470 2899 4544 huic
2939 4470 3225 4544 aptissima
3271 4472 3527 4544 videtur;
3566 4490 3694 4544 quo-

2120 4539 2267 4594 niam
2336 4555 2403 4595 ex
2452 4540 2731 4611 primariis
2778 4539 3197 4605 tribus—festis,
3247 4541 3362 4597 sive
3436 4539 3695 4599 Sabh'atis

2120 4609 2493 4685 Aaymorum}
2532 4609 2976 4685 Primitivorum,
3008 4621 3069 4685 et
3094 4611 3464 4683 Scenopegize,
3506 4618 3690 4685 proxi-

2121 4695 2331 4751 mumga
2358 4681 2541 4750 priore
2568 4688 2623 4736 et
2655 4680 2906 4751 δεύτερον
2936 4683 3007 4736 sit
3038 4680 3391 4738 Pentecostés
3423 4680 3689 4749 solemne,

2121 4749 2244 4823 ideo
2263 4749 2711 4823 Abeu’vspdnpwvov
2737 4749 3023 4822 appellari.
3057 4751 3181 4806 Haec
3215 4752 3382 4823 igitur
3410 4757 3583 4811 altera
3611 4767 3689 4811 est

2121 4818 2411 4895 Epiphanii
2434 4818 2856 4895 'sententiagac
2890 4824 3043 4877 vocis
3088 4818 3259 4877 illius'
3284 4824 3687 4895 interpretatio,

2118 4903 2151 4942 a
2198 4892 2491 4961 superiore
2541 4892 2701 4959 longe
2748 4893 3003 4959 diversa;
3057 4904 3144 4956 et,
3199 4896 3244 4948 si
3290 4892 3478 4949 verum
3532 4896 3690 4953 lateri

2121 4960 2397 5033 volumus,
2431 4963 2612 5033 minus
2640 4978 2803 5033 quam
2840 4964 2930 5016 illa
2964 4965 3284 5033 probabilis.

2194 4978 2397 5021 tumus,
2431 4978 2612 5016 minus
2640 4978 2803 5085 gnam
2840 4978 2930 5016 tua
2964 4978 3284 5033 pronanms.

2192 5031 2305 5101 (54)
2352 5032 2601 5102 Τοιαύτη
2684 5034 2782 5102 ria
2826 5033 2933 5086 τοῦ
2961 5034 3406 5100 Προσαϐϐἀτου.
3455 5033 3686 5089 Prosab-

2119 5101 2305 5174 batum
2345 5101 2482 5155 nihil
2533 5102 2681 5156 aliud
2725 5112 2826 5174 est,
2870 5120 3035 5174 quam
3082 5102 3419 5169 Paraseeve;
3462 5121 3573 5174 quo
3624 5107 3688 5158 ad

2121 5172 2267 5244 hunc
2288 5171 2468 5225 locum
2496 5173 2731 5241 pertinet
2756 5171 2914 5228 nihil.
2938 5171 3058 5227 Non
3090 5175 3236 5229 enim
3265 5171 3594 5244 Azyinorum
3616 5193 3685 5230 vu

2120 5243 2174 5315 in
2204 5241 2549 5297 Parasceven
2580 5244 2898 5315 necessario
2934 5246 3227 5309 convenit,
3260 5241 3425 5315 quam
3459 5247 3685 5303 subinde

2120 5314 2176 5385 in
2202 5327 2225 5365 ⁴ι
2256 5321 2349 5385 aut
2381 5327 2444 5373 ιι,
2495 5323 2591 5367 aut
2632 5329 2691 5368 ιιι
2728 5312 2919 5370 feriam
2959 5316 3159 5370 cadere
3210 5312 3375 5385 posse
3424 5317 3682 5373 declarat.

2118 5384 2223 5459 aut
2256 5382 2423 5454 igitur
2454 5384 2812 5459 expungenda
2847 5385 3099 5459 istavox
3139 5382 3227 5441 est
3255 5408 3269 5442 :
3317 5395 3412 5441 aut
3448 5388 3669 5459 Προσῦ

2118 5451 2298 5529 ϐατον
2320 5467 2418 5521 pro
2454 5468 2505 5506 v1
2528 5451 3172 5529 'hebdomadzediebus,
3209 5451 3516 5529 usurpavit,
3555 5474 3683 5527 quas

2115 5530 2243 5648 213,6
2247 5522 2470 5648 ἓὲἇιυὲῗι
2505 5525 2761 5595 profanas
2794 5526 3102 5597 nominant,
3125 5522 3364 5601 quaeque
3391 5522 3684 5585 Sabbatum

2118 5603 2465 5649 antecedunt.
