3846 6352
124 354 220 409 9ιὸ

874 358 1245 417 ADVERSUS
1280 362 1623 420 HJERESES
1661 363 1713 419 L1

1834 365 1883 422 ll
1919 366 2085 423 TUM.
2127 366 2168 422 ι.
2210 394 2280 410 —~
2321 367 2595 422 HERES.
2633 364 2716 422 LI.

3285 366 3405 424 9&6

184 467 477 539 Σημαίνων
508 470 636 540 περὶ
679 473 1079 546 Πεντηκοστῆς.
1119 478 1272 531 Μετὰ
1313 480 1422 551 γάρ
1448 481 1510 534 τὸ
1550 481 1713 537 θῦσαι

1888 484 2100 552 Quibus
2129 486 2314 541 verbis
2344 484 2712 541 Pentecosten
2758 468 2983 539 indicat.
3020 483 3233 539 Etenim
3266 491 3401 554 post.

120 560 172 611 τὸ
198 560 425 631 Πάσχα,
461 559 594 614 είσω
627 561 793 633 τριῶν
818 565 1065 635 ἡμερῶν,
1105 570 1351 624 τουτέστι
1388 572 1525 641 μετὰ
1557 575 1707 642 τρεῖς

1820 577 2149 631 immolatum
2198 576 2444 643 Pascha,
2498 578 2641 632 intra
2696 577 2918 631 tertium
2990 577 3157 641 diem,
3208 574 3409 631 offerriv

121 652 329 724 ἡμέρας
359 652 454 706 τοῦ
481 654 779 726 προϐάτου,
807 657 1140 728 προσέταττε
1181 660 1242 713 τὸ
1281 662 1503 734 δράγμα
1529 664 1711 734 εἰσφέ-

122 744 327 815 ρεσθαι·
366 745 455 798 ίνα
490 747 711 819 σημάνῃ
753 748 812 801 τὸ
842 750 1203 821 εὐλογημένον
1245 753 1463 825 δράγμα
1505 756 1712 826 ἐγειρό-

122 855 275 907 μενον
305 839 374 891 ὲκ
402 838 513 893 τῶν
544 840 757 911 νεκρῶν
789 840 928 913 μετά
973 843 1164 914 τρίτην
1198 846 1429 915 ἡμέραν.
1475 848 1572 917 τῆς
1606 848 1710 916 γῆς

119 929 244 983 αὐτὸ
286 931 740 1004 προσφερούσης,
787 936 883 987 καὶ
914 935 1081 988 αὐτοῦ
1129 936 1261 990 αὐτὸ
1300 938 1460 992 πάλιν
1494 939 1712 1010 κομιζο-

122 1021 279 1091 μένου
311 1023 409 1075 άπ⁹
440 1024 611 1094 αὐτῆς
635 1027 692 1078 ὲν
722 1028 787 1097 τῇ
823 1026 1123 1080 ἀναστάσει
1154 1028 1244 1081 τοῦ
1280 1032 1583 1101 μνήματος.
1618 1031 1713 1085 καὶ

122 1114 374 1183 μένοντος
410 1117 507 1169 σὺν
545 1120 658 1181 τοῖς
706 1117 975 1190 μαθηταῖς
1019 1122 1431 1193 τεσσαράκοντα
1476 1122 1710 1194 ἡμέρας,

120 1205 204 1259 καὶ
234 1207 333 1260 ἐπὶ
362 1206 440 1279 τῷ
468 1208 610 1262 τέλει
634 1208 736 1280 τῆς
764 1211 1147 1284 Πεντηκοστῆς
1195 1214 1539 1285 είσφέροντος
1581 1216 1715 1269 αὐτὸ

120 1298 191 1362 είς
213 1296 291 1351 τά
321 1298 623 1369 ἐπουράνια
648 1300 726 1372 τῷ
755 1302 932 1373 Πατρὶ
960 1302 1022 1356 τὸ
1048 1304 1391 1376 πρωτότοκον
1419 1306 1527 1360 τῶν
1558 1324 1714 1378 πρω-

126 1389 380 1456 τοτόκων,
413 1392 449 1461 ἡ
480 1391 705 1463 ἀπαρχὴ
735 1394 768 1464 ἠ
812 1392 978 1461 ἁγία,
1006 1394 1068 1448 τὸ
1112 1394 1361 1467 δράγμα,
1395 1396 1430 1449 ὃ
1454 1394 1714 1469 ἐδράξατο

121 1481 221 1535 ἀπὸ
252 1482 480 1556 Μαρίας
504 1524 519 1546 ,
548 1484 583 1554 ἡ
614 1484 1009 1553 ἀγκαλισθεῖσα
1046 1487 1103 1539 ὲν
1136 1486 1291 1558 Θεῷ,
1318 1488 1347 1541 ό
1373 1489 1582 1561 καρπὸς
1614 1492 1715 1561 τῆς

121 1574 353 1638 κοιλίας,
383 1576 418 1647 ἡ
453 1575 676 1647 ἀπαρχὴ
706 1577 807 1650 τῆς
849 1578 981 1633 ἆλω.
1019 1579 1218 1633 Οὐκέτι
1254 1584 1363 1653 γὰρ
1398 1580 1537 1653 μετὰ
1574 1582 1714 1635 Πεν⁴

120 1664 395 1737 τηκοστὴν
420 1665 482 1718 τὸ
506 1666 771 1737 δρέπανον
795 1668 907 1721 ἀπα
918 1667 1049 1739 ρχὴν
1075 1668 1192 1739 Θεῷ
1225 1670 1545 1742 προσφέρει.
1572 1673 1718 1725 015x-

117 1756 196 1810 ἐτι
222 1760 342 1826 γάρ
372 1758 627 1826 Χριστὸς
650 1758 1045 1828 ἀποθνήσκει,
1076 1757 1334 1827 θάνατος
1360 1760 1549 1814 αὐτοῦ
1577 1762 1717 1815 οὐκ-

1815 668 2153 739 manipulum
2201 666 2431 738 jubebat
2465 687 2479 723 :
2514 676 2574 724 ut
2612 668 2905 725 benedicti
2932 667 3083 723 illius
3127 665 3413 735 manipuli.

1812 761 2165 817 adumbraret
2204 761 2521 832 imaginem,
2548 762 2643 832 qui
2673 778 2704 815 ει
2749 760 2984 817 mortuis
3010 760 3309 821 excitatus,
3339 765 3410 814 et.

1812 867 1841 905 a
1869 859 2016 907 terra
2046 853 2452 921 quodammodo
2496 854 2586 910 die
2638 853 2803 908 tertia
2840 862 2926 909 est
2970 851 3210 917 oblatus,
3248 847 3417 906 unde.

1812 960 1935 999 eum
1968 945 2022 998 in
2055 944 2148 998 illa
2173 944 2242 1001 de
2271 946 2531 1015 sepulcro
2572 942 2980 1000 resurrectione
3028 944 3393 1012 recuperavit;

1812 1034 1942 1090 inde
1969 1050 2038 1089 χι.
2066 1035 2263 1091 diebus
2310 1051 2436 1089 cum
2475 1035 2760 1106 discipulis
2798 1040 3070 1099 moratus,
3115 1039 3398 1103 postremo

1814 1128 1918 1183 sub
1947 1127 2112 1184 linem
2163 1126 2540 1193 Pentecostes,
2581 1126 2834 1182 eumdem
2878 1124 3029 1180 Patri
3076 1121 3411 1178 coelestibus.

1816 1218 1871 1274 in
1898 1220 2195 1276 domiciliis
2214 1220 2413 1276 obtulit
2433 1238 2447 1275 :
2465 1220 2559 1291 qui
2586 1228 2671 1276 est
2712 1217 3111 1290 primogenitus
3136 1230 3168 1271 e
3192 1214 3400 1285 primo-

1815 1312 2037 1383 genitis,
2093 1312 2352 1383 primitiae
2406 1321 2631 1376 sanctae,
2674 1309 2990 1381 manipulus
3033 1323 3064 1363 e
3105 1306 3277 1361 Maria
3311 1304 3402 1361 de-

1815 1411 2020 1467 sectus,
2042 1402 2213 1459 l'ascis
2238 1402 2294 1457 in
2322 1401 2434 1459 Deo
2458 1401 2914 1472 comprehensus,
2934 1398 3148 1453 fructus
3168 1398 3397 1459 ventris,

1816 1508 1956 1549 areae
1990 1494 2262 1564 primitiae.
2298 1491 2485 1560 Neque
2507 1493 2652 1548 enim
2693 1498 2817 1563 post
2846 1490 3209 1546 Pentecosten
3236 1489 3404 1557 depu-

1815 1592 1942 1639 tatae
1967 1584 2105 1641 falce
2129 1586 2386 1656 primitiae
2413 1583 2717 1641 oﬁ‘eruntur
2739 1583 2994 1653 amplius.
3027 1580 3210 1648 Quare
3234 1593 3419 1649 neque

1818 1673 2059 1729 Christus
2078 1675 2199 1745 jam
2220 1677 2470 1739 moritur,
2488 1690 2632 1729 mors
2652 1674 2699 1728 ei
2721 1673 2866 1727 ultra
2888 1688 2992 1727 non
3012 1669 3401 1732 dominabitur,

1818 1774 1879 1821 ut
1914 1767 2176 1834 scriptum
2208 1766 2353 1822 est’.
2378 1764 2570 1821 Jamne
2599 1764 2755 1821 vides
2789 1772 2923 1835 quot
2946 1763 3000 1818 in
3025 1764 3145 1833 lege
3193 1768 3409 1832 myste-

117 1847 195 1899 ἐτι
230 1848 525 1915 κυριεύει,
558 1848 698 1901 κατὰ
727 1848 789 1901 τὸ
823 1849 1229 1920 γεγραμμένον.
1266 1850 1376 1903 Καὶ
1412 1850 1545 1923 δρᾷς
1572 1850 1713 1906 πόσα

1820 1858 1895 1912 ria
1928 1856 2236 1928 signiﬁcata
2270 1856 2405 1922 sint,
2439 1859 2492 1911 in
2531 1854 2828 1926 Evangelia
2868 1852 3154 1924 perfecta?
3183 1848 3401 1916 Quanta

118 1938 248 1991 Θεοῦ
309 1942 590 2013 μυστήρια
636 1940 947 2011 προετύπου
996 1942 1194 2013 νόμος,
1240 1943 1334 1995 καὶ
1381 1943 1620 2015 ἐπλήρου
1655 1944 1717 1997 τὸ

117 2030 493 2100 Εὐαγγὲλιον;
529 2031 703 2085 Πόθεν
730 2032 787 2085 δὲ
816 2032 915 2086 οὐκ
954 2031 1149 2104 ἔχομεν
1184 2032 1389 2086 τούτων
1413 2031 1585 2101 δεῖξαι
1617 2035 1715 2104 τὴν

120 2123 422 2195 σαφήνειαν
446 2141 459 2184 ;
479 2123 578 2177 Διὰ
602 2123 661 2177 τὸ
696 2124 771 2195 μὴ
799 2125 878 2188 εἰς
910 2123 1107 2185 πλάτος
1135 2124 1245 2195 (55)
1285 2124 1471 2196 φέρειν
1495 2125 1586 2179 τὸν
1618 2126 1711 2179 λό-

114 2232 227 2283 γον,
268 2219 284 2249 ί
312 2215 397 2271 διὸ
431 2215 526 2269 ἐπὶ
572 2216 671 2287 τὴν
721 2216 1042 2271 ἀκολουθίαν
1088 2216 1249 2270 πάλιν
1301 2218 1710 2288 ἐπιπρεπτέον.

116 2306 375 2359 Φαίνεται
405 2304 463 2359 δὲ
491 2306 600 2359 ἀπό
642 2323 704 2359 τε
746 2307 853 2360 τῶν
903 2306 1150 2377 σταχύων
1188 2306 1279 2359 καὶ
1311 2306 1417 2360 ἀπὸ
1448 2306 1542 2360 τοῦ
1571 2308 1715 2378 ἀμηο

116 2401 230 2468 τοῦ,
276 2402 381 2456 καὶ
417 2402 527 2456 τῶν
561 2401 838 2474 μαθητῶν,
879 2404 956 2467 ὡς
995 2403 1134 2473 μετὰ
1161 2402 1268 2457 τῶν
1306 2404 1716 2475 τεσσαράκοντα

114 2494 349 2566 ἡμερῶν
382 2494 688 2566 πειρασμὸν
723 2494 896 2549 ταῦτα
929 2496 1108 2549 πάντα
1149 2495 1417 2567 διηγεῖται
1457 2499 1485 2549 ὁ
1527 2497 1715 2552 Ἰωάν-

111 2602 229 2656 νης,
266 2584 371 2638 καὶ
398 2585 636 2648 Λουκᾶς,
667 2585 762 2638 καὶ
794 2586 841 2638 οἱ
865 2584 1086 2649 πάντες.

179 2676 317 2730 AB’.
356 2676 471 2730 Οὐκ
493 2675 768 2730 αίδοῦνται
803 2674 861 2729 δὲ
891 2676 1056 2730 πάλιν
1097 2676 1147 2730 oi
1174 2674 1407 2731 τοιοῦτοι
1438 2675 1583 2731 κατὰ
1609 2676 1719 2731 τῶν

112 2769 217 2825 ὑπὸ
264 2767 373 2822 τοῦ
427 2767 583 2838 ἁγίου
639 2766 887 2821 Ἰωάννου
933 2766 1241 2839 εἰρημένων
1284 2765 1714 2838 ἐξοπλιζόμενοι,

110 2861 439 2933 νομίζοντες
483 2862 557 2931 μή
593 2875 671 2931 πη
704 2859 812 2931 ἄρα
850 2858 1106 2914 δύνανται
1151 2858 1249 2930 τὴν
1289 2857 1545 2930 ἀλήθειαν
1590 2860 1721 2912 ἀνα-

107 2953 347 3023 τρέπειν
367 2969 382 2983 ο
410 2952 511 3005 οὐκ
542 2951 777 3015 εἰδότες,
818 2951 900 3005 ὅτι
939 2950 1060 3003 καθ’
1091 2949 1301 3004 ἑαυτῶν
1335 2949 1534 3021 μᾶλλον
1566 2950 1720 3004 ὁπλί-

110 3042 331 3111 ζονται,
364 3043 511 3116 ἤπερ
541 3043 684 3098 κατά
708 3044 810 3115 τῆς
831 3041 1018 3111 ὑγιοῦς
1044 3042 1411 3106 διδασκαλίας.
1448 3043 1719 3097 Φάσκουσι

108 3136 167 3189 δὲ
201 3134 357 3190 κατὰ
385 3135 485 3207 τῆς
528 3134 949 3204 Ἀποκαλύψεως
976 3133 1101 3186 τάδε
1129 3132 1499 3204 χλευάζοντες·
1528 3134 1592 3189 Τί
1627 3152 1715 3206 με,

108 3230 309 3304 φησὶν.
339 3227 598 3298 ὠφελεῖή
642 3226 1010 3296 ’Δποκάλυψις
1052 3227 1318 3290 Ἰωάννου,
1347 3227 1585 3296 λέγουσά
1625 3245 1716 3298 μοι

105 3322 246 3387 περὶ
296 3320 454 3374 ἑπτὰ
493 3319 789 3388 ἀγγέλων,
831 3317 930 3371 καὶ
977 3318 1127 3371 ἑπτὰ
1179 3320 1565 3388 mainly-rw;
1618 3321 1718 3374 οὐκ

107 3414 339 3475 εἰδότες,
371 3411 493 3474 πῶς
516 3410 792 3480 ἀναγκαία
821 3412 914 3463 καὶ
946 3409 1200 3481 ὠφέλιμα
1228 3411 1453 3465 τοιαῦτα
1478 3412 1718 3484 ὑπῆρξεν

107 3509 163 3559 ἐν
196 3510 267 3577 τῇ
313 3504 569 3577 ὀρθότητι
599 3502 695 3556 τοῦ
745 3502 1118 3574 κηρύγματος.
1148 3503 1289 3556 Ὅσα
1318 3502 1427 3576 γὰρ
1458 3499 1525 3575 ἦν
1567 3506 1718 3577 νόμῳ

107 3600 203 3653 καὶ
232 3601 298 3651 ὲν
326 3597 639 3670 προφήταις
686 3594 937 3648 σκοτεινὰ
981 3596 1075 3648 καὶ
1117 3596 1515 3667 αἰνιγματώδη,
1546 3595 1718 3650 ταῦτα

106 3690 139 3741 δ
169 3690 387 3761 Κύριος
436 3687 754 3759 ᾠκονόμησε
800 3686 887 3739 διὰ
936 3686 1029 3740 τοῦ
1076 3686 1232 3756 ἁγίου
1275 3688 1597 3761 Πνεύματος
1636 3688 1718 3750 είς

105 3782 275 3853 ἡμῶν
302 3779 582 3852 σωτηρίαν
606 3780 684 3850 τῷ
705 3778 873 3849 δούλῳ
899 3778 1066 3833 αὑτοῦ
1102 3780 1322 3853 Ἰωάννῃ
1345 3780 1714 3851 ἀποκαλύψαι·

103 3875 174 3930 τὰ
206 3876 398 3927 ἐκεῖσε
434 3872 682 3926 σκοτεινὰ
714 3866 815 3926 ὧδε
863 3874 944 3936 είς
988 3874 1335 3943 τωευματικὰ
1378 3874 1475 3928 καὶ
1514 3872 1715 3944 ἔκδηλα

103 3966 438 4038 κηρύττων.
480 3962 873 4035 Πνευματικῶς
899 3963 957 4016 δὲ
998 3964 1129 4034 ἡμῖν
1158 3964 1225 4017 τά
1255 3965 1396 4018 αὐτὰ
1425 3964 1714 4036 ᾠκονόμει.

104 4060 221 4113 Καὶ
255 4062 325 4113 ἐκ
359 4058 649 4129 δερμάτων
680 4058 776 4128 μὲν
820 4056 941 4109 τότε
971 4054 1372 4121 κατασκευάζει
1415 4055 1533 4124 τὴν
1573 4073 1719 4127 σκη-

101 4153 255 4219 νὴν,
286 4148 416 4204 τῶν
442 4148 749 4218 δερμάτων
771 4148 1371 4219 ἠρυθροδανωμένοηρ,
1397 4148 1495 4202 καὶ
1519 4151 1721 4205 ὑακιν-

104 4247 324 4307 θίνων,
343 4241 531 4295 καὶτὰ
563 4240 709 4311 ἑξῆς,
730 4242 817 4295 ἵνα
842 4241 989 4313 δείξῃ
1019 4241 1117 4312 τὴν
1150 4239 1354 4311 σκηνὴν
1376 4240 1554 4294 ἐκεῖσε
1589 4257 1718 4312 σκη-

1818 1964 1985 2020 porro
2018 1947 2087 2002 ad
2130 1962 2249 2003 eam
2300 1963 2413 2002 rem
2469 1946 2762 2018 perspicue
2814 1943 3203 1999 declarandam
3246 1955 3423 2009 argu~

1818 2048 2130 2095 mentorum
2153 2039 2311 2109 copia
2336 2037 2615 2109 suppetit?
2647 2035 2757 2097 Sed
2796 2051 2866 2091 ne
2894 2034 3115 2104 longius
3143 2038 3411 2088 excurrat-

1816 2133 2017 2197 oratio,
2053 2131 2121 2186 ad
2150 2131 2204 2187 id
2240 2131 2387 2201 quod
2429 2130 2587 2186 initio
2618 2128 2961 2202 pr0positum
3007 2134 3127 2182 erat
3169 2124 3414 2180 redeun-

1817 2224 1951 2279 dum
2000 2223 2161 2279 nobis
2206 2230 2311 2279 est.
2358 2222 2529 2292 lgitur
2570 2230 2837 2293 quantum
2870 2236 2937 2275 ex
2975 2218 3145 2290 spicis
3180 2216 3313 2281 illis,
3350 2221 3418 2271 et»:

1816 2332 2022 2385 messe,
2059 2331 2124 2372 ac
2175 2315 2465 2387 discipulis
2505 2315 2789 2386 conjicere
2823 2327 3143 2384 possumus,
3181 2315 3419 2381 apparet,

1817 2409 1969 2464 illam
1995 2407 2248 2476 Joannis,
2280 2407 2443 2464 Luca:
2473 2396 2910 2475 caeterorumque
2930 2402 3303 2459 narrationem
3335 2399 3417 2455 ad.

1816 2496 1874 2551 id
1918 2504 2157 2569 tempus,
2197 2496 2343 2568 quod
2385 2497 2599 2554 dierum
2633 2511 2705 2551 XI.
2750 2494 3106 2550 tentationem
3153 2500 3402 2547 secutum

1815 2597 1923 2653 cst,
1957 2605 2081 2646 esse
2111 2588 2493 2646 referendam.

1887 2676 2053 2750 5,55
2087 2676 2300 2736 XXXII.
2342 2678 2558 2734 Atenim
2616 2676 2785 2732 iidem
2832 2675 2911 2730 illi
2956 2674 3101 2730 citra
3136 2671 3402 2744 pudorem

1818 2769 1989 2824 ullum
2006 2783 2129 2824 sese
2144 2768 2409 2825 adversus
2424 2766 2660 2824 Joannis
2677 2766 3061 2823 auctoritatem
3085 2764 3403 2834 accingunt,

1817 2867 1873 2915 et
1901 2859 1958 2915 id
1988 2874 2158 2915 unum
2186 2861 2455 2932 cOgitaut,
2492 2870 2550 2915 ut
2583 2860 2769 2930 aliqua
2802 2874 2869 2914 ex
2893 2866 3069 2930 parte,
3091 2857 3139 2912 si
3161 2857 3421 2929 possint,

1818 2951 2106 3007 veritatem
2163 2959 2451 3017 evertant;
2515 2965 2621 3006 nec
2684 2949 3010 3021 intelligunt
3061 2956 3257 3005 contra
3317 2962 3406 3004 sec

1818 3043 2086 3115 metipsos
2110 3042 2296 3115 potius
2346 3057 2513 3114 quam
2542 3049 2735 3098 contra
2768 3042 3040 3097 sinceram
3068 3040 3423 3106 doctrinam,.

1818 3150 1940 3192 eam
1997 3152 2057 3193 se
2115 3136 2582 3208 oppugnationem
2634 3133 2939 3204 suscipere.
2992 3132 3198 3189 Contra
3256 3132 3422 3203 Apo-~

1817 3228 2064 3300 calypsiu
2109 3229 2296 3297 itaque
2343 3244 2409 3284 ea
2453 3227 2667 3298 jactare
2700 3242 2799 3299 per
2842 3226 3141 3281 ludibrium
3176 3226 3403 3282 solent:

1816 3320 1961 3387 Quid
1994 3336 2101 3384 me,
2130 3321 2407 3393 inquiunt,
2436 3319 2666 3377 Joannis
2685 3320 3045 3393 Apocalypsis
3070 3318 3247 3389 juvat,
3274 3332 3419 3375 cum.

1818 3414 1953 3468 mihi
1976 3423 2170 3483 septem
2192 3415 2405 3487 angelos
2434 3415 2750 3486 totidemque
2764 3413 2917 3468 tubas
2933 3418 3329 3469 commemorat
3350 3411 3429 3466 "if

1818 3507 1927 3564 Sed
1966 3521 2131 3579 quam
2177 3508 2291 3562 haec
2337 3506 2656 3564 necessaria
2712 3507 2844 3570 sint,
2899 3512 3280 3577 quantumque
3330 3504 3421 3559 ad;

1817 3601 2121 3656 Christiani
2153 3600 2428 3672 dogmatis
2457 3601 2833 3657 sinceritatem
2877 3598 3184 3662 conferant,
3213 3597 3425 3652 miseri~

1816 3682 2072 3748 homines
2099 3691 2373 3761 ignorant.
2407 3689 2543 3746 Nam
2573 3706 2915 3762 quaecunque
2944 3690 3001 3745 in
3028 3690 3145 3762 lege
3174 3702 3238 3743 ac
3274 3704 3405 3761 pro-

1817 3783 1999 3852 phetis
2043 3791 2202 3838 erant
2257 3782 2519 3849 obscura,
2562 3782 2649 3836 vel
2700 3783 3052 3853 aenigmatum
3103 3781 3427 3836 involucris.

1818 3873 2076 3939 obducta,
2129 3873 2246 3927 haec
2308 3873 2375 3927 ad
2437 3887 2789 3928 communem
2846 3878 3096 3927 nostrum
3158 3872 3404 3927 omnium

1818 3966 2052 4021 salutem
2087 3963 2231 4020 Deus
2261 3979 2422 4020 servo
2450 3980 2549 4020 suo
2587 3961 2832 4019 Joanni‘
2874 3963 3139 4035 singulari
3167 3965 3421 4034 quadam,

1818 4055 2170 4127 providentia
2199 4055 2453 4125 detegere
2492 4053 2687 4117 voluit,
2729 4058 2791 4107 ut
2820 4068 2943 4123 qua:
2970 4051 3260 4108 tenebrosa
3285 4051 3424 4106 illic-

1816 4155 1977 4201 erant
2037 4152 2094 4200 et
2150 4144 2359 4209 abdita,
2412 4142 2505 4198 hic
2557 4142 2864 4213 spiritalem
2899 4155 2965 4195 ac
3014 4140 3304 4195 clariorem
3344 4140 3404 4196 in

1818 4236 2049 4291 modum
2084 4236 2425 4291 conformata
2473 4241 2827 4306 proponeret.
2879 4231 3160 4306 Siquidem
3189 4242 3423 4289 veteres.

101 4336 207 4406 νὴν
266 4334 375 4403 μὲν
422 4328 623 4396 οὖσαν,
660 4332 1068 4405 ἀποδεχομένην
1122 4333 1181 4387 δὲ
1226 4331 1325 4403 τὴν
1372 4332 1713 4405 τελειοτάτην

1820 4329 1927 4384 illa;
1979 4344 2172 4384 omnes
2219 4329 2487 4400 imagines
2544 4335 2771 4399 propter
2829 4342 2931 4383 nos
2979 4325 3211 4397 spiritali
3241 4326 3419 4395 plane

102 4424 327 4497 σκηνὴν
356 4421 453 4475 τοῦ
489 4422 748 4494 Χριστοῦ.
790 4424 978 4495 Δέρμα
1016 4424 1127 4495 γὰρ
1155 4422 1264 4477 ἀπὸ
1295 4421 1544 4494 σώματος
1582 4423 1713 4493 γίνε-

1820 4430 1950 4475 sunt
1993 4422 2207 4477 ratione
2266 4420 2567 4492 dispositae.
2609 4418 2772 4475 Velut
2812 4419 2957 4490 quod
3000 4417 3419 4473 tabernaculum

97 4537 193 4573 ται
242 4514 453 4586 νεκρὸν
492 4514 574 4577 ὃν,
618 4514 693 4579 ὥς
741 4515 870 4569 σκιά
906 4514 1154 4587 σώματος
1186 4513 1412 4581 ζῶντος,
1449 4516 1536 4569 ἵνα
1568 4516 1713 4589 δείξῃ

1820 4530 1884 4569 ea:
1912 4514 2199 4568 rubricatis
2230 4524 2280 4567 et
2304 4512 2666 4584 hyacinthinis
2699 4509 2925 4582 pellibus
2962 4517 3403 4581 coagmentatum

100 4611 355 4681 σώματα
386 4602 533 4661 εἶναι
565 4606 667 4679 τὴν
704 4608 1030 4681 σκηνὴν-τοῦ
1074 4607 1229 4662 Θεοῦ.
1267 4608 1485 4681 Ἐπειδὴ
1516 4609 1625 4681 γὰρ
1656 4611 1713 4663 ὲν

1820 4606 2053 4679 legimus
2081 4606 2125 4673 ',
2153 4620 2217 4661 ac
2243 4605 2290 4662 si
2323 4620 2431 4676 qua
2461 4612 2592 4663 sunt
2620 4604 2743 4676 ejus
2779 4605 2996 4677 generis
3024 4604 3152 4670 alia,
3184 4618 3250 4659 eo
3278 4618 3405 4673 per-

99 4704 378 4776 σώμασιν
413 4699 586 4770 ἁγίοις
613 4704 948 4773 κατασκηνοῖ
972 4703 1001 4754 ό
1028 4701 1178 4768 Θεδς,
1207 4702 1585 4776 πληρουμένου
1619 4701 1713 4757 τοῦ

1821 4699 2018 4762 tinent,
2070 4704 2132 4752 ut
2183 4698 2240 4753 in
2292 4696 2459 4767 hujus
2497 4695 2913 4755 tabernaculum
2958 4703 3248 4753 venturum
3278 4709 3403 4752 esse

98 4796 312 4869 ῥητοῦ,
364 4793 449 4846 δτι
490 4789 949 4861 Κατασκηνώσω
987 4794 1059 4849 ἐν
1085 4794 1315 4862 αὐτοῖς,
1347 4792 1447 4849 καὶ
1478 4794 1713 4865 ἐμπερι-

1820 4799 2175 4846 monstraret.
2216 4788 2393 4847 Pellis
2420 4789 2627 4861 quippe
2651 4790 2887 4847 mortuis
2931 4788 3262 4861 corporibus
3315 4787 3407 4844 de-

92 4889 399 4953 πατήσω.
1823 4882 2084 4950 trahitur,
2122 4897 2188 4938 ac
2241 4883 2323 4938 sic
2374 4890 2637 4954 tanquam
2690 4882 2941 4940 vivorum
2989 4882 3185 4938 umbra
3215 4896 3403 4938 comes

93 4992 209 5039 est.
250 4978 318 5033 In
354 4992 468 5048 quo
509 4991 740 5048 corpora
800 4986 988 5033 nostra
1039 4978 1134 5033 Dei
1177 4994 1301 5033 esse
1369 4977 1787 5033 tabernaculum
1825 4976 2090 5032 declarat.
2144 4975 2281 5031 Cum
2323 4975 2582 5031 nimirum
2624 4975 2682 5030 in
2720 4982 3039 5031 sanctorum
3074 4971 3419 5044 corporibus.

93 5076 334 5132 habitet
391 5069 568 5133 Deus,_
601 5086 667 5125 ac
712 5070 928 5125 dictum
966 5072 1098 5127 illud
1151 5072 1327 5142 reipsa
1382 5081 1716 5143 pt'mstetur:
1754 5069 2025 5125 Habitaba
2057 5070 2110 5123 in
2142 5070 2275 5133 illis,
2310 5079 2359 5124 et
2398 5068 2745 5124 inambulatio
2775 5069 2817 5121 ⁸.

171 5167 467 5241 Ἐμελλεν
499 5163 591 5220 οὖν
626 5166 801 5238 πλάνη
827 5185 911 5231 τις
945 5167 1189 5238 γίνεσθαι
1217 5169 1275 5221 ὲν
1306 5171 1536 5233 πιστοῖς,
1568 5170 1614 5221 εί
1642 5169 1713 5242 μὴ

1896 5167 2094 5225 Verum
2148 5168 2294 5222 haud
2353 5166 2518 5222 dubie
2565 5164 2807 5221 fidelium
2858 5165 3135 5224 mentibus
3178 5162 3417 5236 quidam

89 5268 124 5338 ἡ
170 5262 380 5336 βίϐλος
415 5259 802 5329 πνευματικῶς
826 5261 959 5332 ἡμῖν
988 5260 1383 5333 ἀπεκαλύφθη,
1417 5262 1505 5315 ἵνα.
1541 5261 1713 5333 μάθω-

1820 5260 2161 5332 obrepsisset
2191 5275 2366 5327 error,
2398 5258 2508 5314 nisi
2542 5259 2809 5329 spiritalis
2841 5260 3002 5316 nobis
3031 5275 3229 5316 sensus
3256 5265 3407 5316 esset

92 5374 205 5429 μεν
254 5352 345 5425 μὴ
395 5348 709 5421 σαλπίγγων
756 5346 895 5405 εἶναι
943 5353 1163 5424 χρείαν,
1198 5351 1335 5406 ἀλλὰ
1373 5352 1597 5416 εἰδέναι,
1633 5353 1713 5406 ὅτι

1820 5351 1970 5407 illius
2018 5351 2146 5407 libri
2194 5349 2630 5423 patefactuszut
2671 5350 2801 5407 inde
2850 5350 3215 5417 disceremus,
3264 5351 3404 5406 nihil

88 5441 475 5516 πνευματική
501 5442 709 5512 ὲστινιή
736 5443 887 5496 πᾶσα
909 5442 1006 5495 τοῦ
1045 5441 1182 5496 Θεοῦ
1215 5441 1592 5516 πραγματεία·
1627 5442 1713 5497 ἵνα

1820 5444 1969 5501 tubis
1996 5443 2119 5502 istis
2144 5460 2284 5517 opus
2303 5439 2448 5510 esse,
2464 5445 2560 5503 sed
2586 5443 2855 5519 quidquid
2872 5446 2960 5501 hic
2984 5445 3206 5501 molitur
3234 5444 3402 5511 Deus,

170 5611 191 5641 ⁸
230 5605 418 5659 Deest
445 5601 674 5676 aliquid.
752 5604 774 5635 ²
806 5601 965 5656 Rom.
996 5619 1069 5671 vr,
1106 5603 1159 5659 9.
1236 5603 1454 5675 "Apoc.
1487 5619 1606 5670 vin,
1642 5602 1698 5658 2.
1778 5603 2000 5676 ‘pApoc.
2030 5619 2071 5669 ι,
2104 5604 2154 5660 i.
2232 5606 2254 5639 ⁸
2289 5604 2461 5663 Exod.
2498 5621 2631 5675 xu,
2655 5606 2709 5660 5.
2860 5606 2881 5638 ‘
2909 5605 3085 5663 Levit.
3112 5620 3262 5668 xxvi,
3301 5602 3411 5671 12;

86 5677 139 5737 ιι
175 5678 337 5736 Cor.
370 5689 445 5737 vt,
483 5674 568 5727 lti.

165 5834 306 5916 (55)
356 5832 460 5888 Διὰ
506 5830 569 5887 τὸ
609 5832 697 5903 μὴ
743 5834 831 5900 είς
863 5830 1115 5901 πλάτος.
1166 5831 1399 5891 Scribe:
1438 5832 1537 5889 Διὰ
1566 5832 1624 5888 δὲ
1661 5831 1724 5887 τὸ
1756 5831 1831 5905 μὴ
1861 5832 1941 5898 εἰς
1974 5828 2176 5894 πλάτος
2208 5828 2396 5901 φέρειν
2426 5829 2518 5882 τὸν
2544 5827 2723 5898 λόγον,
2747 5828 2840 5883 ἐπὶ
2862 5826 2961 5901 τὴν
2990 5824 3357 5885 ἀκολουθίαν..
