3750 6200
25 282 151 342 939

758 278 1129 335 ADVERSUS
1168 272 1508 334 llASRESES
1546 274 1677 332 LIB.
1716 272 1784 331 11.
1822 273 1987 332 ΤΟΜ.
2028 274 2070 329 1.
2109 306 2180 316 —
2211 274 2485 330 HERES.
2528 274 2613 330 Ll.

3212 275 3333 334 9H)

28 400 180 470 εξῆς
201 418 214 431 ο
238 400 295 464 ὃς
308 395 374 472 ἦν
388 399 577 470 χρόνος
597 396 732 469 μετὰ
752 396 849 466 τὴν
865 395 958 448 τοῦ
982 395 1507 467 Σωτῆροςῖἁνὰληψιν

1802 392 1878 445 uit
1902 410 1914 446 :
1936 390 2234 446 Ecclesiam
2263 398 2384 458 post
2415 390 2805 458 apostolorum,
2848 390 2949 447 hoc
2979 400 3062 446 est
3091 388 3316 448 Joannis

32 492 139 543 ἐπὶ
165 492 493 561 ἐνενήκοντα
540 489 633 541 καὶ
662 486 837 558 τρισὶν
884 486 1057 538 ἔτεσιν
1076 526 1089 546 ,
1119 486 1193 549 ὡς
1227 486 1522 556 μελλούσης
1547 486 1643 555 τῆς

33 582 234 633 ἐκεῖσε
280 578 603 649 Ἐκκλησίας
634 575 957 637 πλανᾶσθαι,
990 575 1084 627 καὶ
1116 574 1445 644 χωνεύεσθαι
1487 576 1543 627 ὲν
1576 577 1643 643 τῇ

33 672 195 726 κατὰ
232 671 453 743 Φρύγας
488 668 713 739 αἱρέσει.
768 665 922 718 Οὕτω
965 664 1071 735 γὰρ
1111 664 1270 727 εὐθὺς
1314 665 1574 734 διελέγχει
1616 666 1644 716 ό

42 764 299 835 Κύριος·
346 761 597 830 Γράψον
624 756 703 822 τῷ
748 755 981 825 ἀγγέλῳ
1030 754 1139 823 τῆς
1186 756 1258 807 ἐν
1306 755 1645 821 Θυατείροις

50 855 435 922 Ἐκκλησίας
458 870 471 885 ·
515 851 657 907 Τάδε
691 849 850 919 λέγει
886 852 917 903 ό
948 849 1101 917 ἔχων
1130 847 1270 913 τοὺς
1300 846 1648 915 ὀφθαλμοὺς

33 950 127 1015 ὡς
163 949 368 1018 φλόγα
401 944 609 1013 πυρὸς,
645 944 740 996 καὶ
773 946 824 996 cl
854 942 1034 1005 πόδες
1069 940 1255 994 αὑτοῦ
1288 939 1474 1009 ὅμοιοι
1501 942 1645 1007 χαλ-

34 1038 381 1104 κολιϐάνῳ·
430 1033 575 1089 Οἶδά
622 1050 738 1088 σου
790 1032 906 1100 τὴν
951 1033 1181 1091 πίστιν,
1237 1031 1330 1083 καὶ
1382 1029 1642 1097 ἀγάπην,

35 1129 148 1182 καὶ
178 1127 298 1195 τὴν
324 1126 657 1189 διακονίαν,
694 1123 789 1177 καὶ
818 1124 905 1176 ὅτι
932 1124 1002 1176 τὰ
1028 1121 1258 1191 ἔσχατά
1283 1138 1399 1175 σου
1443 1123 1646 1175 πλείο-

34 1239 125 1275 να
167 1221 294 1274 τῶν
332 1218 594 1288 πρώτων.
657 1218 818 1286 Ἔχω
865 1216 933 1268 δὲ
978 1214 1125 1268 κατὰ
1170 1214 1307 1278 σοῦ,
1355 1215 1439 1267 ὅτι
1474 1214 1645 1283 ἀφεὶς

40 1312 174 1379 τὴν
203 1307 720 1381 γυναῖκαἸεζάϐελ
763 1306 1000 1373 ἀπατᾶν
1029 1308 1170 1373 τοὺς
1212 1306 1472 1373 δούλους
1501 1324 1642 1375 μου,

35 1402 361 1474 ,λέγουσαν
389 1400 616 1469 ἑαυτὴν
644 1398 960 1468 προφῆτιν,
983 1398 1402 1452 διδάσκουσαν
1432 1395 1647 1466 φαγεῖν

36 1495 418 1549 εἰδωλόθυτα
449 1492 547 1546 καὶ
584 1492 916 1560 πορνεὺειν.
951 1491 1060 1544 Καὶ
1093 1490 1287 1543 ἔδωκα
1326 1488 1482 1556 αὑτῇ
1508 1488 1647 1557 χρό-

36 1604 164 1640 νον
180 1582 577 1655 μετανοῆσαι,
606 1582 705 1635 καὶ
744 1584 815 1636 οὐ
856 1581 1011 1635 θέλει
1034 1577 1406 1650 μετανοῆσαι
1433 1578 1501 1630 ἐκ
1534 1575 1646 1646 τῆς

38 1682 342 1750 πορνείας
379 1678 590 1747 αὐτῆς.

120 1863 238 1932 Οὐχ
265 1861 449 1932 ὁρᾶτε,
479 1847 720 1918 ὧννοῧτοι,
757 1853 836 1906 ὅτι
876 1849 1002 1920 περὶ
1040 1848 1146 1900 τῶν
1189 1845 1463 1915 γυναικῶν
1496 1844 1644 1913 λέγει

38 1952 165 2007 τῶν
208 1954 267 2005 ἐν
300 1950 473 2019 οἰήσει
510 1934 846 2018 προφητείας
876 1940 1269 2011 ἁπατωμένων,
1306 1938 1397 1990 καὶ
1424 1939 1645 1989 ἀπατω-

42 2046 165 2099 σῶν
198 2044 455 2109 πολλούς;
499 2040 641 2111 φημὶ
672 2038 729 2091 δὲ
781 2036 910 2105 περὶ
957 2032 1305 2105 Πρισκίλλας,
1336 2031 1430 2084 καὶ
1468 2030 1645 2096 Μαξι-

45 2137 275 2210 μίλλας,
310 2135 404 2189 καὶ
439 2129 794 2191 Κυϊντίλλας,
822 2120 895 2180 ὧν
924 2126 984 2178 οὐ
1015 2123 1203 2194 λέληθε
1236 2121 1296 2175 τὸ
1340 2122 1564 2191 Πνεῦμα
1586 2121 1648 2173 τὸ

42 2232 213 2298 ἅγιον
241 2228 336 2282 καὶ
363 2229 395 2298 ἡ
426 2224 605 2280 αὐτῶν
630 2221 811 2291 ἀπάτη
835 2235 847 2249 ·
883 2218 1017 2272 ἁλλὰ
1047 2215 1403 2287 προεθέσπισε
1435 2230 1646 2284 προφη-

44 2323 223 2384 τικῶς
255 2324 313 2374 ὲν
346 2317 422 2390 τῷ
450 2316 675 2386 στόματι
715 2311 809 2365 τοῦ
852 2310 1007 2379 ἁγίου
1049 2308 1324 2370 Ἰωάννου,
1357 2307 1493 2377 ὅπερ
1522 2304 1646 2373 ἐγέ-

43 2433 176 2468 νετο
209 2412 347 2485 μετὰ
386 2410 488 2482 τὴν
532 2406 625 2461 τοῦ
677 2404 834 2472 ἁγίου
874 2401 1121 2455 Ἰωάννου
1167 2398 1442 2468 κοίμησιν.
1474 2392 1647 2448 Αὑτοῦ

43 2506 105 2558 δὲ
126 2501 606 2575 προφητεύσαντος
624 2499 679 2550 ἐν
700 2496 912 2568 χρόνοις
930 2492 1194 2546 Κλαυδίου
1229 2493 1245 2561 (
1254 2490 1321 2544 60
1328 2504 1342 2556 )
1374 2490 1650 2559 Καίσαρος

47 2597 339 2659 ἀνωτάτω,
372 2595 459 2647 ὅτε
504 2594 583 2655 είς
616 2589 713 2659 τὴν
749 2586 970 2657 Πὰτμον
1013 2586 1173 2656 νῆσον
1222 2582 1459 2655 ὑπῆρξεν
1498 2584 1648 2652 (ὁμο-

45 2687 277 2757 λογοῦσι
306 2686 413 2757 γὰρ
442 2685 539 2739 καὶ
579 2676 725 2737 οὗτοι
773 2682 829 2733 ἐν
872 2679 1188 2750 Θυατείροις
1227 2676 1399 2730 ταῦτα
1440 2676 1648 2747 πεπλη-

50 2780 313 2851 ρῶσθαι),
334 2780 437 2850 ἄρα
462 2775 591 2846 γοῦν
628 2773 766 2829 κατὰ
788 2771 1122 2845 προφητείαν
1156 2770 1361 2839 ἔγραφε
1395 2773 1505 2832 τοῖς
1533 2771 1651 2822 ἐκεῖ

49 2874 111 2924 ὲν
140 2869 364 2942 Χριστῷ
394 2868 510 2922 κατ’
548 2868 721 2920 ἐκεῖνο
764 2860 1265 2930 πεπολιτευμένοις,
1305 2860 1384 2912 ὅτι
1419 2858 1649 2929 ἤμελλεν

50 2965 259 3034 ἑαυτὴν
280 2962 413 3032 γυνὴ
438 2960 707 3033 προφῆτιν
727 2958 928 3012 καλεῖν.
953 2954 1063 3006 Καὶ
1081 2952 1325 3005 διέπεσεν
1344 2953 1372 3003 ό
1392 2952 1530 3005 κατὰ
1552 2952 1650 3021 τῆς

1755 498 1819 537 ac
1858 492 2180 537 ca‘terorum
2219 490 2487 551 tempora,
2528 481 2592 535 ad
2626 496 2866 535 errorem
2910 497 3030 537 esse
3076 482 3302 537 declina.

1757 584 1939 629 turam
1972 576 2132 629 annis
2168 582 2291 644 post
2324 589 2609 629 ascensum
2637 572 2841 627 Christi
2869 574 3041 629 tribus
3066 590 3129 628 ac
3158 590 3327 628 nona»

1754 667 1941 736 ginta:
1970 681 2076 736 quo
2105 675 2344 734 tempore
2404 666 2459 720 in
2506 681 2746 721 errorem
2782 666 3038 730 incidere,
3073 675 3233 734 atque
3262 667 3315 720 in

1756 757 2029 828 Phrygum
2064 759 2293 814 haeresin
2324 760 2468 815 velut
2495 760 2722 831 eliquari
2769 760 2918 815 illius
2970 760 3073 815 loci
3099 760 3316 815 deberet

1754 851 2021 907 Ecclesia.
2054 851 2207 907 Unde
2232 860 2287 908 et
2315 854 2645 923 coarguendi
2679 855 2849 922 gratia
2909 853 3090 907 statim
3119 854 3190 907 ita
3222 853 3315 908 Do-

1755 943 1936 997 minus
1994 943 2279 1012 loquitur:
2312 943 2492 999 Scribe
2543 944 2728 1015 angelo
2781 943 3053 1006 Ecclesiar,
3098 961 3213 1013 qua:
3242 954 3317 997 est

1756 1033 2025 1104 Thyatiris
2054 1052 2072 1088 :
2108 1034 2234 1089 ch
2266 1035 2393 1088 dicit
2434 1039 2522 1105 qui
2554 1036 2705 1089 habet
2760 1036 2938 1090 oculos
2985 1036 3122 1089 sicut
3161 1034 3316 1103 ﬂam-

1748 1141 1888 1177 mant
1924 1126 2083 1194 ignis,
2138 1134 2185 1179 et
2234 1126 2384 1194 pedes
2427 1126 2540 1195 ejus
2580 1127 2777 1181 similes
2808 1126 3155 1180 aurichalco:
3186 1125 3317 1179 Novi

1750 1214 1905 1282 [idem
1932 1224 2096 1279 tuam,
2123 1225 2170 1269 et
2196 1216 2531 1280 charitatem,
2585 1227 2633 1271 et
2681 1218 3051 1283 ministerium,
3080 1228 3127 1271 et
3161 1235 3317 1286 opera

1750 1316 1841 1359 tua
1870 1307 2156 1359 novissima
2172 1307 2325 1374 plura
2355 1308 2641 1375 prioribus.
2666 1306 2766 1363 Sed
2792 1308 2951 1363 habeo
2979 1308 3225 1363 adversus
3246 1319 3316 1373 te,
3350 1358 3355 1363 .

1749 1400 1874 1469 quia
1894 1401 2155 1467 permittis
2180 1400 2449 1454 mulierem
2470 1400 2680 1455 Jesabel
2701 1401 2943 1455 seducere
2960 1419 3132 1457 servos
3157 1419 3318 1466 meos;

1747 1505 1864 1557 qua:
1896 1506 1951 1543 se
1972 1489 2103 1542 dicit
2132 1490 2536 1557 prophetissam,
2564 1491 2830 1545 docentem
2860 1491 3178 1545 manducare
3205 1491 3318 1546 ido-

1749 1579 1975 1650 lothyta,
2011 1592 2060 1634 et
2086 1582 2366 1649 fornicari.
2401 1582 2468 1635 Et
2513 1582 2635 1637 dedi
2676 1584 2758 1636 illi
2811 1592 3031 1652 tempus.
3068 1594 3123 1637 ut
3152 1585 3317 1651 parui-

1750 1674 1970 1726 tentiam
2004 1684 2202 1743 ageret,
2235 1684 2286 1727 et
2333 1691 2439 1728 non
2483 1674 2591 1728 vult
2638 1676 2885 1743 paenitere
2909 1693 2939 1729 (ι
2973 1676 3319 1744 fornicatione

1746 1779 1847 1816 sua
1870 1764 1913 1818 ¹.

1818 1852 1960 1908 Νυιιι
1994 1854 2127 1909 illud
2165 1854 2331 1927 456
2366 1857 2551 1913 videre
2581 1858 2799 1914 tandem
2828 1860 3077 1929 potestis,
3106 1859 3173 1915 de
3204 1875 3319 1913 mu-

1750 1946 1979 2003 lieribus
2018 1948 2168 2002 illum
2197 1949 2367 2018 loqui,
2410 1967 2533 2020 qua:
2578 1952 2715 2007 falsa
2754 1953 3057 2022 prophetici
3100 1954 3322 2023 spiritus

1750 2040 2108 2110 persuasione
2148 2039 2420 2110 decepta,
2483 2044 2914 2112 quamplurimos
2968 2045 3321 2116 deceperunt,

1751 2133 1853 2187 hoc
1878 2142 1961 2188 est
1993 2131 2059 2187 de
2074 2130 2348 2200 Priscilla,
2368 2131 2688 2197 Maximilla,
2708 2149 2772 2189 ac
2795 2133 3324 2206 Quintilla,qnarum

1750 2224 1902 2280 fraus
1933 2225 2100 2280 latere
2135 2224 2399 2295 Spiritum
2448 2234 2698 2281 sanctum
2735 2228 2960 2283 minime
2994 2230 3189 2299 potuit,
3227 2230 3325 2285 sed

1752 2332 1849 2387 per
1873 2317 2018 2373 beati
2050 2315 2278 2374 Joannis
2323 2333 2386 2373 os
2423 2318 2538 2373 fore
2590 2319 2691 2375 ista
2739 2320 3011 2391 praedixit,
3041 2338 3163 2391 qua:
3198 2329 3322 2391 post

1751 2406 1869 2476 ejus
1898 2408 2105 2461 obitum
2157 2408 2522 2464 acciderunt?
2570 2408 2675 2476 Qui
2707 2426 2829 2465 cum
2861 2412 2989 2465 olim
3023 2413 3329 2482 imperante

1750 2500 1982 2557 Claudio
2008 2502 2221 2557 Caasare
2243 2502 2560 2556 vaticinium
2617 2501 2750 2557 illud
2796 2503 3046 2569 ediderit,
3097 2520 3221 2558 cum
3269 2503 3333 2560 in

1751 2592 1980 2649 Patbmo
2019 2594 2199 2648 insula
2243 2602 2555 2648 versaretur
2606 2594 2771 2665 (istud
2831 2610 2959 2650 vero
3004 2595 3081 2649 illi
3110 2612 3328 2666 quoque

1751 2688 2028 2760 Thyatiris
2050 2690 2345 2761 contigisse
2378 2706 2488 2745 non
2524 2692 2767 2762 negant),
2811 2692 3033 2746 omnino
3064 2690 3329 2747 Christia-

1755 2782 1863 2847 nis,
1925 2782 2019 2852 qui
2072 2791 2187 2837 tum
2246 2782 2356 2837 illic
2409 2791 2599 2847 erant,
2659 2798 2767 2838 non
2831 2784 2951 2839 sine
3008 2785 3327 2855 prophetico

1753 2874 2017 2929 instinctu
2068 2875 2308 2945 scripsit,
2355 2882 2643 2930 venturam
2688 2875 2983 2946 aliquando
3014 2877 3322 2941 mulierem,

1754 2982 1875 3039 quae
1897 2983 1955 3023 se
1988 2967 2393 3038 prophetissam
2418 2968 2731 3038 appellaret.
2770 2967 2846 3022 Ex
2877 2983 2987 3039 quo
3017 2970 3196 3024 omnis
3238 2970 3328 3023 illa

50 3056 316 3128 ἀληθείας
337 3052 752 3125 ὲπεγειρόμενος
773 3048 1103 3119 πανταχόθεν
1131 3049 1378 3117 ὲπινενοη
1387 3045 1545 3116 μένος
1563 3045 1644 3099 λό-

1802 3060 1817 3113 ι
1841 3060 2257 3132 Oppngnandam
2288 3060 2577 3116 veritatem
2598 3067 2911 3131 comparata
2930 3062 3073 3116 ratio
3095 3062 3326 3119 corruit:

52 3167 175 3216 γος,
216 3145 562 3216 δεικνυμένου
611 3144 705 3197 τοῦ
751 3141 891 3196 κατὰ
952 3140 1046 3210 τὴν
1085 3138 1446 3208 Ἀποκάλυψιν
1494 3138 1651 3208 λόγου

55 3238 402 3314 προφητικοῦ
425 3238 595 3301 ὄντος,
619 3238 682 3289 ὲκ
700 3234 839 3289 Πνεύ
849 3250 1016 3305 ματος
1042 3232 1195 3300 ἁγίου
1216 3232 1355 3285 κατὰ
1375 3230 1651 3302 ἀλήθειαν.

129 3332 253 3386 ΛΔ’.
298 3330 647 3401 Ἐπαίρονται
672 3328 728 3381 δὲ
762 3326 922 3382 πάλιν
948 3329 1012 3397 τῇ
1044 3326 1250 3396 διανοίᾳ
1288 3325 1336 3378 οἱ
1382 3324 1534 3377 αὐτοὶ
1565 3324 1653 3378 λε-

61 3422 415 3495 ξιθηροῦντες
466 3421 730 3492 ἀπείρως,
766 3420 853 3473 ἵνα
908 3418 1097 3485 δόξωσι
1141 3416 1538 3488 παρεκὸάλλειν
1585 3417 1655 3472 τὰ

55 3515 157 3572 τοῦ
189 3517 346 3586 ἁγίου
383 3515 710 3574 Ἀποστόλου
745 3512 942 3583 βιϐλία,
973 3512 1113 3581 φημὶ
1144 3511 1199 3564 δὲ
1237 3511 1483 3570 Ἰωάννου
1506 3512 1565 3564 τό
1592 3528 1651 3563 τε

59 3607 397 3679 Εὐαγγέλιον
440 3608 534 3659 καὶ
580 3605 679 3677 τὴν
719 3603 1106 3673 Ἀποκάλυψιν,
1131 3604 1269 3675 τάχα
1313 3603 1370 3656 δὲ
1417 3604 1511 3656 καὶ
1556 3603 1656 3668 τὰς

73 3700 419 3763 Ἐπιστολάς.
450 3698 738 3770 Συνᾴδουσι
766 3696 876 3768 γὰρ
908 3695 1002 3749 καὶ
1039 3688 1197 3749 αὗται
1225 3693 1302 3766 τῷ
1337 3695 1656 3769 Εὑαγγελίῳ

61 3794 160 3847 καὶ
185 3796 252 3865 τῇ
284 3790 664 3859 Ἀποκαλύψει.
692 3788 799 3843 Καί
834 3806 1015 3857 φασιν,
1050 3789 1131 3840 ὅτι
1168 3784 1367 3852 Εἶδον,
1399 3789 1496 3843 καὶ
1527 3786 1657 3844 εἷπε

60 3886 144 3952 τῷ
170 3884 406 3955 ἀγγέλῳ
422 3901 434 3913 ·
469 3882 673 3938 Λῦσον
698 3880 839 3946 τοὺς
864 3879 1168 3948 τέσσαρας
1195 3880 1487 3949 ἀγγέλους
1512 3882 1655 3949 τοὺς

62 3980 165 4034 ἐπὶ
198 3977 307 4033 τοῦ
336 3976 673 4046 Εὐφράτου.
705 3974 811 4029 Kal
845 3972 1083 4043 ἥκουσα
1130 3972 1237 4027 τὸν
1269 3974 1519 4044 ἀριθμὸν
1549 3973 1657 4028 τοῦ

63 4072 351 4144 στρατοῦ,
392 4072 593 4141 μύριαι
644 4067 949 4138 μυριάδες,
994 4067 1087 4120 καὶ
1139 4067 1321 4136 χίλιαι
1372 4065 1655 4135 χιλιάδες·

67 4168 166 4221 καὶ
227 4162 394 4236 ἦσαν
434 4160 818 4231 ἐνδεδυμένοι
882 4158 1150 4227 θώρακας
1212 4162 1502 4226 πιιοίνους
1562 4159 1657 4211 καὶ

68 4259 347 4322 θειώδεις,
377 4254 471 4308 καὶ
508 4252 914 4315 ὑακινθίνους.
962 4251 1250 4319 Ἐνόμισαν
1276 4252 1382 4321 γὰρ
1410 4251 1456 4302 οἱ
1484 4250 1656 4303 τοιοῦ-

66 4370 173 4415 τοι,
208 4351 282 4421 μή
323 4366 396 4419 πη
438 4348 545 4416 ἄρα
579 4345 785 4415 γελοῖόν
818 4348 962 4397 ἐστιν
1011 4346 1043 4414 ἡ
1085 4343 1329 4415 ἀλήθεια.
1383 4343 1509 4397 Ἐὰν
1550 4344 1658 4412 γὰρ

1757 3167 1879 3206 cum
1914 3152 2281 3224 Apocalypsis.
2306 3152 2395 3207 ille
2422 3153 2559 3208 liber
2592 3153 2893 3223 prophetici
2928 3168 3049 3209 esse
3085 3156 3327 3224 generis,

1762 3254 1814 3300 et
1836 3260 1866 3297 a
1895 3245 2100 3315 Spiritu
2145 3252 2336 3299 sancto
2363 3244 2645 3301 verissime
2680 3244 2957 3317 prolectus
2989 3245 3322 3301 ostenditur.

1832 3337 2073 3394 XXXIV.
2114 3337 2354 3411 Pergunt
2392 3339 2468 3394 illi
2522 3354 2652 3395 vero
2689 3339 3084 3410 imperitissimi
3130 3354 3325 3393 vocum

1757 3438 2146 3501 aucupatores,
2182 3444 2245 3484 ac
2278 3444 2397 3485 sese
2439 3429 2782 3500 imprudenter
2809 3428 3060 3489 ell‘ernnt,
3093 3439 3148 3481 ut
3184 3428 3327 3481 beati

1759 3524 1992 3594 apostoli
2037 3523 2268 3594 scripta,
2318 3522 2422 3578 hoc
2473 3527 2567 3577 est’
2607 3519 2835 3576 Joannis
2877 3519 3226 3590 Evangelium
3273 3528 3329 3573 et

1759 3613 2168 3685 Apocalypsin,
2230 3629 2339 3668 non
2404 3612 2679 3668 immerito
2727 3611 2956 3683 rejicere
3016 3610 3327 3675 vidcantur,

1760 3706 2005 3776 adeoque
2029 3713 2083 3760 et
2115 3704 2389 3775 Epistolas
2417 3704 2587 3775 ipsas,
2631 3720 2753 3775 qua:
2789 3719 2913 3758 cum
2956 3701 3249 3773 Evangelia
3277 3711 3332 3754 et

1759 3798 2085 3869 Apocalypsi
2118 3797 2491 3852 consentiunt.
2527 3796 2617 3850 Sic
2646 3796 2807 3867 igitur
2830 3794 3100 3865 objiciunt
3136 3814 3147 3848 :
3188 3794 3328 3853 Vidi.

1758 3889 1936 3959 inquit
1965 3889 2126 3951 ille,et
2150 3888 2286 3940 dixit
2307 3884 2522 3956 angelo:
2547 3884 2700 3940 Solve
2730 3892 2960 3953 quatuor
2989 3882 3222 3953 angelos.
3244 3881 3353 3950 qui.

1760 3991 1883 4034 sunt
1910 3982 1965 4034 in
1984 3979 2274 4048 Euphrate.
2295 3977 2361 4030 Et
2390 3977 2566 4030 audivi
2590 3991 2864 4028 numerum
2890 3975 3148 4027 exercitus
3165 3972 3332 4025 decies

1762 4073 1954 4127 millies
1984 4072 2119 4126 dena
2142 4070 2335 4135 millia,
2365 4080 2413 4123 et
2437 4068 2626 4121 millies
2650 4064 2824 4130 mille;
2852 4074 2899 4119 et
2928 4064 3185 4117 habebant
3209 4063 3334 4117 lori-

1762 4182 1850 4218 cas
1874 4166 2074 4233 igneas,
2100 4173 2147 4217 et
2170 4162 2569 4231 sulphureas,et
2589 4158 2956 4230 hyacinthinus
2975 4159 3017 4212 ’.
3047 4156 3115 4209 At
3147 4156 3222 4209 illi
3243 4171 3333 4209 ve-

1762 4256 1907 4310 ritati
1930 4255 2031 4326 ipsi
2058 4255 2280 4310 subesse
2298 4252 2585 4307 ridiculum
2610 4250 2866 4321 quiddam
2890 4246 3150 4318 suspicati
3184 4254 3329 4301 sunt.

1762 4347 1924 4415 Atqui
1974 4360 2096 4399 cum
2127 4354 2361 4414 quatuor
2383 4343 2603 4412 angelos
2634 4340 2699 4395 ad
2730 4338 3041 4408 Euphraten
3079 4336 3330 4400 collocat,

68 4445 203 4514 λέγῃ
238 4442 365 4504 τοὺς
402 4440 672 4509 τέσσαρας
704 4438 971 4506 ἀγγέλους
1017 4436 1143 4499 τοὺς
1186 4437 1243 4487 ἐν
1285 4436 1361 4505 τῷ
1402 4435 1650 4508 Εὐφράτης

1802 4414 1990 4493 )tidem
2036 4438 2285 4492 nationes
2320 4435 2613 4506 signiﬁcat,
2649 4448 2769 4503 quze
2792 4432 2856 4486 ad
2886 4430 3196 4500 Euphraten
3234 4427 3332 4480 ha-

70 4531 492 4601 καθεζομένους,
521 4530 606 4581 ἵνα
642 4527 787 4598 δείξῃ
822 4526 918 4590 τὰς
942 4528 1211 4597 τέσσαρας
1255 4526 1517 4597 διαφορὰς
1553 4528 1661 4579 τῶν

72 4625 253 4676 ἐκεῖσε
278 4620 447 4675 ὲθνῶν
474 4619 852 4690 καθεζομένων
879 4620 970 4671 ἐπὶ
990 4618 1081 4670 τὸν
1106 4619 1416 4690 Εὐφράτην,
1466 4619 1661 4683 οἵτινές

147 4778 165 4807 ¹
200 4776 374 4846 Apoc.
402 4791 463 4840 ιι,
495 4774 681 4830 18-21.
761 4774 781 4803 ³
816 4774 983 4843 Apoc.
1019 4789 1093 4836 Ix,
1132 4772 1312 4828 l-H'l.

146 4888 264 4959 (59)
312 4881 495 4959 'Ociir
518 4885 911 4959 χρόνοςλιετὰ
938 4885 1054 4959 τὴν
1076 4885 1181 4959 τφῦ
1210 4884 1481 4955 Σωτῆρος
1510 4888 1653 4942 ἀνά-

146 4902 264 4959 (ῡυ)
317 4902 399 4951 υς
418 4902 495 4954 ην
518 4902 911 5007 χρονοςέιετα
938 4902 1054 4953 την
1076 4902 1181 4939 του
1210 4902 1481 4955 Δωτηρος
1510 4902 1650 4942 ανα-

74 4956 703 5051 θιεέζιὲίιξὲηὲιεῖξξε
728 4956 1504 5051 ..natusetsi59:39:89;
1534 4959 1650 5051 Pis":

76 5032 222 5085 enim
250 5034 373 5097 post
400 5026 684 5096 ἀνάληψιν,
728 5026 937 5097 hoc_est
968 5042 1256 5081 ascensum
1296 5026 1526 5091 Domini,
1557 5029 1651 5084 sed

78 5107 203 5171 post
251 5094 674 5171 ejusqéyvﬁcw
733 5104 787 5151 et
832 5094 1073 5171 Natalem
1133 5097 1201 5150 95
1253 5097 1454 5166 elapsis
1494 5100 1652 5171 annis

80 5163 444 5240 Apocalypsin
481 5163 720 5240 loatnles
765 5168 963 5240 attigit.
1003 5163 1201 5220 Verum
1247 5163 1500 5238 perplexe
1558 5170 1654 5223 ad-

83 5236 593 5309 moduni’quuitur
630 5236 965 5307 Epiphanius
990 5244 1097 5309 ;Uet
1136 5252 1257 5309 (Iulli
1316 5236 1471 5309 antea
1501 5240 1652 5294 lateri

82 5311 234 5367 visus
268 5309 363 5377 sit,
388 5305 614 5363 Joannis
644 5305 886 5377 tempore
934 5307 1141 5361 nullum
1180 5305 1457 5377 Thyatiris'
1482 5311 1652 5365 vesti-

83 5383 229 5451 gium
262 5376 872 5451 Ecclesizesuperl'uisse
898 5419 913 5442 ,
943 5394 1068 5432 mox
1103 5376 1336 5451 idipsum
1367 5388 1491 5451 post
1520 5395 1653 5451 apo-

84 5447 348 5506 stolorum
401 5462 464 5501 ac
508 5447 737 5502 Joannis
780 5455 990 5517 aetatem
1026 5448 1511 5517 contigisse'dicit:
1555 5447 1658 5502 ’Διὸ

86 5522 177 5575 καὶ
222 5518 520 5571 ἐσπούδασε
570 5518 629 5570 τὸ
659 5517 811 5589 ἆγιον
842 5516 1063 5588 Πνεῦμα
1114 5516 1458 5589 ἀποκαλύψαι
1504 5520 1655 5589 ἡμῖν,

88 5592 201 5653 πῶς
234 5589 423 5670 ἔμελλε
473 5587 773 5670 πλανᾶσθαι
800 5589 862 5666 ηή
903 5587 1193 5670 Ἐἕκλῃσία
1241 5590 1378 5670 μετὰ
1414 5590 1505 5669 τὸν
1525 5587 1659 5670 χρόα

87 5678 172 5713 νον
211 5657 321 5713 τῶν
364 5658 693 5721 ἀποστόλων,
735 5657 827 5710 τοῦ
865 5674 923 5710 τε
960 5657 1355 5719 Ἰωάννουίκαὶ
1385 5659 1490 5712 τῶν
1528 5657 1659 5712 ὀιαο-

87 5730 212 5803 εξῆς
235 5746 250 5761 ·
311 5727 455 5801 quod
485 5737 695 5799 tempus
733 5728 890 5786 annis
917 5728 985 5784 95
1034 5728 1170 5800 μετὰ
1203 5730 1299 5801 τὴν
1356 5729 1449 5784 τοῦ
1477 5730 1659 5800 Σωτῆ-

1766 4530 1961 4582 bitant.
1989 4524 2309 4595 Cujusmodi
2370 4534 2498 4578 sunt
2554 4523 2785 4594 Assyrii,
2830 4518 3135 4591 Babylonii,
3170 4516 3333 4581 Medi,

1770 4630 1933 4691 atque
1973 4619 2170 4676 Persae.
2203 4618 2328 4673 Hice
2356 4619 2501 4673 enim
2537 4616 2763 4686 imperia
2794 4622 3030 4684 quatuor
3059 4609 3200 4680 apud
3237 4607 3335 4662 Da-

1764 4908 1854 4962 ρος
1879 4883 2385 4962 ἀνάληψιναᾱείὶιιίι.
2500 4879 2896 4962 Cataphrygnm
2928 4875 3339 4962 .literesiisiann‘o

1759 4945 1964 5017 ish'risn
1998 4945 2120 5019 tlte,
2163 4956 2264 5011 hoc
2294 4962 2380 5009 est
2418 4945 2675 5005 Antonini
2721 4945 2832 5011 iii,
2867 4946 3081 5000 initium
3123 4945 3336 5009 habuit,

1762 5040 1823 5086 ut.
1840 5038 2027 5087 censet
2069 5026 2436 5098 Epiphanius,
2489 5022 2735 5076 Christus
2781 5026 2960 5098 autem
2998 5031 3194 5085 passus
3232 5026 3338 5098 est,

1760 5110 1813 5156 et
1848 5103 1900 5155 in
1945 5087 2141 5153 omium
2172 5087 2469 5151 subvectus
2503 5106 2643 5143 anno
2674 5104 2838 5142 χχχιιι
2874 5088 2956 5141 vel
2998 5102 3166 5141 χχχιιι
3189 5126 3202 5146 ,
3245 5087 3343 5138 ad-

1762 5172 1891 5227 ditis
1928 5171 2029 5225 105
2059 5212 2072 5234 ,
2106 5169 2243 5223 tiunt
2278 5164 2406 5218 anni
2441 5163 2657 5234 circiter
2705 5160 2801 5234 126
2826 5198 2842 5222 ,
2883 5158 3083 5227 quibus
3136 5156 3339 5234 elapsis

1763 5226 2143 5312 Thyatirorutn
2165 5308 2174 5312 _
2193 5235 2487 5312 Ecclesiam
2550 5230 2890 5312 intercidisse
2902 5226 2921 5312 7.
2945 5236 3096 5297 putat
3122 5244 3137 5293 ;
3192 5226 3339 5306 quod

1762 5298 2056 5381 ne'ipsum
2086 5306 2303 5381 quidem
2351 5300 2687 5381 tempusnad
2737 5298 3138 5381 Eatapbrygum
3175 5298 3339 5381 origi-

1763 5397 1885 5438 nem
1901 5369 2187 5439 convenit.
2220 5375 2401 5442 Quare
2440 5369 2542 5427 n'isi
2572 5370 2918 5442 librariorum
2949 5369 3105 5442 culpa
3143 5369 3332 5420 vitium

1764 5452 1819 5507 in
1849 5463 2202 5507 numerorum
2232 5439 2391 5501 notas
2420 5442 2730 5505 incurrerit,
2762 5439 3123 5510 Epiphaniam
3152 5450 3337 5489 errare

1765 5536 1987 5578 necesse
2009 5529 2111 5577 ρει.

1839 5592 1949 5661 (60)
2001 5594 2102 5645 Ἐν
2135 5590 2370 5661 χρόνοις
2401 5584 2727 5661 Κλαυδίου..
2759 5582 3042 5661 l’erperatu
3072 5617 3098 5661 ,Δ
3137 5584 3186 5661 ut
3212 5589 3353 5661 sua»

1768 5648 1863 5735 pra
1898 5648 2227 5718 insiluimus.
2261 5648 2395 5713 Nam
2437 5656 2538 5713 sub
2577 5652 2881 5709 Domitiano
2907 5648 3172 5716 relegatus
3201 5654 3321 5699 ρει..
