3846 6288
75 290 192 351 933
823 285 1200 344 ADVERSUS
1237 281 1584 341 HERESES
1614 279 1724 336 LIB

1819 319 1842 334 η.
1873 275 2040 333 ΤΟΜ.
2083 273 2212 330 1.-
2251 268 2528 328 ῙΙΑΞΒΕΞ.
2571 265 2679 332 LII.
3227 259 3358 316 ’954

77 413 148 466 δι’
171 410 362 468 αὐτῶν
386 409 632 465 ἐκδικίαν
652 409 905 480 γενέσθαι
935 409 1046 462 τῶν
1071 407 1240 464 αὑτοῦ
1271 406 1463 477 ἁγίων.
1500 407 1689 476 Ἐκρα-
1715 445 1724 465 ε

1819 417 1929 471 ιιιοε
1954 398 2197 454 nondum
2219 395 2313 450 Dei
2338 391 2552 464 justitia
2578 386 2841 452 solvebat,
2861 389 2920 440 ut
2942 389 3153 438 ceterae
3165 388 3357 451 gentes

81 504 284 558 τοῦντο
315 504 429 574 γὰρ
455 505 503 556 οἱ
538 474 958 572 ἐπιτεταγμένοι
992 501 1215 570 ἄγγελοι
1254 474 1360 553 ὑπὸ
1391 497 1486 554 τοῦ
1519 474 1688 550 Πνεύ-

1819 495 1856 549 α
1883 489 2315 564 persequendam
2359 491 2676 542 sanctorum
2701 477 2958 548 injuriam
2989 474 3357 532 solverentur.

86 613 287 667 ματος,
436 595 648 666 ἔχοντες
680 563 872 666 καιρδν
923 563 1244 664 ἐπιδρομῆς,
1275 590 1363 645 διὰ
1411 587 1473 642 τὸ
1522 588 1690 659 μήπω

1819 563 1957 639 idem
2015 587 2198 636 tamen
2254 575 2419 633 soluti
2469 571 2705 640 denique
2765 574 2965 622 terram
3021 563 3246 627 obeunt,
3295 569 3361 616 ut

82 651 604 758 iam-Limignm
629 651 818 757 δίκην,
846 682 939 737 τοῦ
977 651 1062 736 τὰ.
1093 651 1255 736 λοιπά
1290 680 1420 751 ἔθνη
1460 651 1682 732 λύεσθαι

1822 687 2030 730 oannes
2065 685 2130 726 ac
2157 667 2436 740 prophetae
2465 661 2648 718 caeteri
2683 656 2969 716 vaticinati
3001 662 3148 712 sunt.
3171 651 3364 724 Angeli

83 783 282 836 ἕνεκεν
311 781 416 850 τῆς
617 746 763 841 τοὺς.
786 775 972 845 ἁγίους
1004 773 1236 847 ὕϐρεως.
1283 746 1517 826 As.on
1551 769 1608 823 δὲ
1639 769 1690 823 oi

1819 765 1936 820 nim
1977 765 2107 820 dum
2137 765 2578 822 commoventur,
2603 760 2795 825 gentes
2817 750 2967 822 ipsas
2992 748 3060 802 ad
3089 746 3362 801 ulciscen-

83 871 352 936 τοιοῦτοι,
391 872 483 925 καὶ
518 870 838 941 ἐπέρχονται
869 870 934 938 τῇ
968 869 1061 938 γῇ,
1092 866 1168 929 ὡς
1207 865 1457 933 Ἰωάννης
1489 877 1693 932 προφη-

83 965 242 1020 τεύει
280 965 383 1019 καὶ
422 965 470 1017 οἱ
511 962 661 1018 ἄλλοι
692 961 987 1034 προφῆται.
1020 961 1129 1014 Καὶ
1156 959 1264 1028 γὰρ
1302 956 1607 1024 κινούμενοι
1643 957 1692 1009 οἱ

86 1057 324 1124 ἄγγελοι
358 1053 561 1110 κινοῦσι
586 1053 656 1108 τὰ
684 1054 813 1124 ἔθνη
841 1056 920 1116 είς
947 1052 1121 1124 ὁρμὴν
1142 1051 1400 1115 ὲκδικίας.
1432 1052 1552 1106 ’Ὁτι
1589 1051 1605 1082 ¹
1635 1049 1694 1104 δὲ

90 1147 370 1222 πυρίνους
393 1147 483 1198 καὶ
512 1144 769 1208 θειώδεις,
802 1145 895 1198 καὶ
930 1143 1272 1205 ὑακινθίνους
1305 1141 1560 1210 θώρακας
1594 1159 1660 1212 ση
1681 1170 1693 1181 -

94 1240 310 1309 μαίνει,
337 1238 514 1299 οὐδεὶς
545 1236 895 1308 ἀμφιϐάλλει.
946 1237 1157 1288 Ἐκεῖνοι
1189 1235 1298 1306 γὰρ
1335 1234 1403 1287 τὰ
1426 1234 1552 1304 ἔθνη
1590 1233 1696 1287 ἀπὸ

89 1331 192 1401 τῆς
221 1331 487 1400 τοιαύτης
523 1330 689 1400 χρόας
733 1329 846 1400 ἔχει
890 1329 990 1398 τὴν
1017 1328 1304 1398 ἀμφίασιν.
1349 1327 1427 1381 Τὰ
1466 1328 1565 1399 μὲν
1589 1325 1696 1398 γὰρ

92 1421 302 1493 θειώδη
331 1422 526 1492 ἱμάτια
553 1422 688 1493 χρόα
724 1421 807 1484 τίς
840 1422 957 1483 ἐστι
991 1419 1190 1491 μηλίνη
1222 1418 1363 1472 οῦτω
1389 1418 1695 1488 καλουμένη

92 1516 269 1586 ὲρὲα·
304 1515 378 1568 τὰ
407 1514 464 1568 δὲ
493 1513 712 1585 πύρινα,
740 1514 826 1566 ἵνα
857 1513 984 1584 εἴπῃ
1018 1512 1086 1566 τὰ
1119 1511 1370 1583 κοκκηρὰ
1405 1510 1697 1581 ἐνδύματα,

96 1610 196 1666 καὶ
228 1609 538 1671 ὑακίνθινα,
569 1610 654 1662 ἵνα
680 1607 826 1678 δείξῃ
855 1605 952 1677 τὴν
983 1603 1287 1674 Καλλαίνην
1321 1604 1505 1676 ὲρέαν.

166 1703 303 1757 AE'.
348 1700 507 1755 Ἀλλὰ
564 1694 744 1762 οὗτοι,
792 1699 866 1768 μὴ
912 1697 1193 1768 δεξάμενοι
1244 1696 1469 1766 Πνεῦμα
1520 1693 1696 1763 ἅγιον,

95 1794 496 1865 ἀνακρίνονται
527 1791 625 1862 μὲν
655 1787 1061 1860 πνευματικῶς,
1096 1788 1170 1858 μὴ
1209 1786 1453 1847 νοοῦντες
1491 1785 1562 1837 τὰ
1603 1784 1696 1836 τοῦ

98 1884 454 1956 Πνεύματος,
501 1883 592 1939 καὶ
638 1882 780 1938 κατά
816 1881 906 1934 τὸν
952 1880 1109 1947 λόγον
1145 1878 1454 1949 βουλόμενοι
1499 1876 1698 1944 λέγειν,

98 1978 200 2034 καὶ
230 1978 338 2032 οὐκ
375 1977 574 2039 εἰδότες
601 1975 668 2027 τὰ
701 1976 760 2027 ὲν
779 1975 845 2044 τῇ
881 1973 1013 2044 ἁγίᾳ
1050 1971 1342 2044 Ἐκκλησία
1369 1970 1700 2041 χαρίσματα,

101 2071 271 2124 ἅτινα
304 2067 524 2140 άληθῶς
564 2068 658 2120 καὶ
690 2067 966 2129 εὐσταθῶς
1004 2066 1062 2118 ὲν
1100 2063 1568 2135 παρακολουθήσει
1610 2062 1705 2115 καὶ

101 2161 416 2233 ἐρρωμένῳ
460 2159 536 2229 νῷ
572 2160 633 2212 τὸ
670 2158 895 2229 Πνεῦμα
927 2157 988 2210 τὸ
1016 2156 1168 2226 ἅγιον
1196 2155 1492 2227 διηγήσατο
1514 2170 1528 2184 ⁸
1565 2153 1617 2206 οἶ
1644 2169 1704 2206 τε

102 2254 259 2322 ἅγιοι
293 2251 574 2324 προφῆται
608 2251 704 2304 καὶ
738 2251 788 2303 οἱ
821 2249 964 2318 ἅγιοι
992 2247 1310 2302 ἀπόστολον
1354 2247 1412 2300 ὲν
1444 2237 1525 2308 οἷς
1554 2244 1650 2298 καὶ
1677 2245 1706 2298 ὁ

104 2347 270 2414 ᾶγιος
312 2345 565 2414 Ἰωάννης
591 2343 679 2396 διὰ
708 2341 802 2396 τοῦ
837 2339 1168 2409 Εύαγγελίου
1203 2339 1297 2392 καὶ
1327 2337 1434 2394 τῶν
1455 2337 1706 2390 Ἐπιστο-

102 2437 222 2494 λῶν
253 2437 353 2490 καὶ
379 2436 478 2507 τῆς
515 2433 935 2504 Ἀποκαλύψεως
962 2435 1025 2486 ὲκ
1048 2431 1141 2486 τοῦ
1174 2429 1338 2488 αὐτοῦ
1373 2429 1709 2504 χαρίσματος

103 2531 208 2585 τοῦ
239 2530 404 2599 ἁγίου
441 2528 802 2598 μεταδέδωκε.
845 2525 1040 2578 Φθάνει
1083 2524 1140 2577 δὲ
1186 2524 1280 2580 καὶ
1319 2522 1404 2575 ἐπ’
1429 2522 1624 2583 αὐτοὺς
1649 2518 1712 2573 τὸ

106 2623 431 2698 εἰρημένον.
455 2622 537 2676 ὃτι
565 2619 649 2686 Τῷ
675 2618 1149 2689 ,βλασφημοῦντι
1177 2619 1264 2685 είς
1287 2615 1353 2669 τὸ
1378 2614 1617 2684 Πνεῦμα
1643 2611 1709 2666 τὸ

107 2716 313 2787 ἅγιον,
347 2715 460 2767 οὐκ
512 2711 876 2780 ἀφεθήσεται
943 2706 1102 2772 αὺτῷ
1144 2704 1288 2761 οὐδὲ
1340 2705 1410 2759 ἐγ
1461 2702 1541 2770 τῷ
1595 2701 1713 2756 νῦν

107 2804 314 2869 αἰῶνι,
344 2802 490 2858 οὐδὲ
541 2803 612 2855 ἐν
643 2801 723 2867 τῷ
767 2800 1076 2870 μέλλοντι.
1119 2799 1230 2852 Καὶ
1279 2797 1388 2868 γὰρ
1423 2795 1563 2850 κατὰ
1604 2792 1712 2850 τῶν

113 2898 390 2973 ῥημάτων
426 2897 533 2949 τῶν
575 2895 677 2950 ὑπὸ
715 2894 808 2947 τοῦ
856 2891 1171 2963 Πνεύματος
1211 2890 1516 2963 εἰρημένων
1568 2880 1712 2944 οῦτοι

113 2989 393 3063 ἐστρατεύ
403 3007 580 3043 σαντο.

1792 859 1922 914 dum
1977 859 2343 912 commovent.
2381 849 2502 906 Jam
2548 862 2648 902 cur
2675 845 2878 902 loricas
2930 842 3041 900 illis
3070 840 3284 911 igneas,
3310 843 3366 894 et

1794 948 2143 1020 sulphureas,
2173 957 2228 1003 et
2249 942 2631 1016 hyacinthinas
2655 939 2880 1003 tribuat,
2906 934 3108 990 nemini
3139 932 3362 990 dubium

1794 1055 1901 1108 est,
1933 1049 2220 1112 propterea
2248 1039 2394 1109 quod
2417 1037 2550 1090 iisce
2573 1031 2853 1088 coloribus
2875 1029 3119 1100 gentium
3149 1026 3368 1080 illarum

1795 1143 1974 1190 vestes
1991 1132 2209 1188 infecta:
2229 1137 2358 1187 sunt
2374 1145 2390 1196 ;
2407 1143 2532 1180 nam
2545 1124 2690 1194 quod
2712 1121 2780 1178 ad
2803 1119 3129 1190 sulphureas
3152 1115 3368 1180 attinet,

1799 1229 2035 1284 melinus
2064 1229 2171 1281 iste
2214 1224 2366 1278 color
2395 1230 2503 1284 est,
2532 1234 2562 1273 a
2580 1234 2688 1288 quo
2719 1223 2772 1271 et
2800 1215 2936 1268 lauat
2977 1208 3226 1280 quaedam
3275 1222 3372 1276 ap-

1798 1321 2092 1391 pellantur.
2137 1316 2312 1388 lgnea:
2354 1327 2521 1384 porro
2549 1318 2731 1366 vestes
2781 1306 3072 1362 coccineas
3101 1300 3370 1358 indicant,

1799 1405 2254 1486 Quemadmodum
2302 1402 2783 1477 hyacinthinarum
2819 1395 3088 1452 vocabulo
3121 1391 3373 1449 Callaicae

1802 1507 1960 1572 lanae,
1989 1503 2095 1560 hoc
2124 1509 2210 1558 est
2239 1498 2586 1570 ferruginea,
2615 1490 3016 1563 signiﬁcantur.

1870 1699 2091 1758 XXXV.
2127 1701 2198 1755 At
2224 1699 2302 1754 illi
2329 1713 2454 1753 cum
2489 1693 2666 1752 sancti
2693 1691 2931 1764 Spiritus
2961 1694 3211 1758 expertes
3240 1683 3377 1751 sint,

1801 1795 2047 1868 ejusdem
2073 1793 2127 1849 vi
2158 1791 2399 1862 Spiritus
2420 1803 2541 1858 quae
2562 1787 2683 1856 eius
2716 1789 2847 1840 sunt
2877 1781 3092 1836 nescire
3117 1778 3378 1832 facillime

1799 1864 2138 1958 judicantur.
2158 1882 2262 1949 Qui
2286 1897 2409 1937 cum
2435 1879 2624 1935 divino
2639 1876 2806 1932 verbo
2827 1881 3198 1928 consentanea
3227 1864 3378 1936 loqui

1801 1979 1976 2035 videri
1992 1968 2208 2039 volunt,
2231 1972 2476 2028 cmlestia
2499 1970 2588 2025 illa
2617 1969 2672 2023 in
2685 1967 2986 2022 Ecclesiam
2999 1963 3195 2017 collata
3215 1959 3378 2022 dona,

1803 2069 2064 2126 vaticinia
2095 2067 2329 2128 scilicet,
2360 2068 2634 2133 ignorant,
2661 2073 2783 2129 quae
2810 2071 2937 2112 vere
2969 2069 3035 2108 ac
3062 2057 3383 2106 constanter

1806 2178 1904 2234 per
1930 2175 2028 2218 eos
2059 2160 2331 2220 homines,
2353 2154 2448 2225 qui
2472 2169 2536 2210 ea
2563 2165 2686 2222 quae
2713 2149 2964 2204 dicerent
2996 2144 3381 2213 intelligerent,

1807 2233 1874 2310 ac
1923 2253 2078 2308 ﬁrma
2106 2257 2162 2306 et
2200 2249 2433 2304 robusta
2473 2253 2650 2298 mente
2685 2239 2896 2312 praediti
2929 2245 3110 2299 erant,
3143 2233 3386 2304 Spiritus

1809 2357 2035 2406 sanctus
2064 2342 2340 2413 exposuit.
2391 2337 2592 2404 Quales
2641 2335 2818 2390 sancti
2859 2331 3228 2403 prophetaet
3255 2340 3388 2398 apo-

1810 2440 1936 2497 stoli
1962 2437 2197 2491 fuerunt.
2217 2431 2461 2498 Quorum
2485 2443 2516 2482 e
2541 2439 2771 2481 numero
2800 2423 2994 2478 beatus
3022 2419 3263 2474 Joannes
3291 2431 3390 2487 per

1811 2527 2168 2601 Evangelium
2202 2538 2386 2586 suum,
2423 2530 2589 2590 atque
2619 2515 2914 2587 Epistolas,
2943 2520 2996 2568 et
3022 2508 3388 2581 Apocalypsin

1813 2599 2218 2678 ideiiiemleste
2265 2627 2464 2667 munus
2516 2607 2795 2679 impertiit.
2847 2603 3118 2660 Caeterum
3164 2601 3220 2655 in
3265 2599 3390 2655 illos

1813 2711 2049 2784 quadrat
2075 2708 2192 2764 hinc
2229 2703 2437 2760 Christi
2470 2699 2775 2758 sententia:
2810 2697 2914 2764 Qui
2945 2692 3391 2764 blasphemaven't

1813 2805 1871 2858 in
1910 2800 2167 2870 Spiritum
2190 2807 2454 2853 sanctum.
2485 2793 2533 2847 ei
2569 2805 2730 2860 neque
2762 2789 2814 2841 iu
2842 2785 3112 2857 prementi,
3145 2799 3307 2852 neque
3336 2779 3392 2835 in

1817 2898 1996 2968 futuro
2029 2891 2222 2947 “ecula
2268 2898 2532 2958 peccatum
2569 2883 2772 2936 remi-ui
2788 2881 2832 2935 ⁸.
2891 2876 3026 2931 Nam
3061 2876 3138 2930 illi
3167 2888 3395 2944 expres-

1817 2966 2052 3045 sissimis
2087 2983 2325 3054 Spiritus
2353 2977 2530 3035 sancti
2562 2974 2745 3030 verbis
2776 2979 2963 3044 aperte
2993 2966 3319 3040 repugnant.

192 3082 320 3136 Τῶν
367 3081 422 3134 δὲ
469 3079 726 3134 τοιούτων
773 3095 868 3135 και
913 3075 1181 3130 τοσούτων
1225 3074 1528 3146 εἰρημένων
1578 3071 1718 3128 κατὰ

1891 3079 2068 3147 Atque
2100 3053 2213 3129 hinc
2244 3072 2508 3127 adversus
2548 3067 2697 3122 illam
2753 3053 2990 3118 haereSiu
3023 3061 3168 3114 hunc
3193 3061 3250 3113 in
3280 3071 3397 3114 mo-

112 3179 222 3246 τῆς
259 3173 520 3244 τοιαύτης
566 3173 852 3243 αἱρέσεως,
900 3168 1098 3232 ἱκανῶς
1141 3167 1282 3238 ἔχειν
1323 3167 1580 3236 νομίσας,
1623 3167 1717 3218 καὶ

114 3270 198 3330 ὡς
228 3267 652 3334 σκολόπενδραν,
686 3265 718 3335 ἢ
755 3262 924 3316 ἰοῦλον
960 3261 1290 3331 καλούμενον
1325 3258 1594 3329 (ἑρπετὸν,
1629 3274 1721 3310 που

115 3361 356 3421 λύποδα,
379 3360 558 3427 ὀλίγον
587 3359 686 3427 μὲν
709 3361 776 3427 τῇ
808 3356 1032 3425 δυνάμει
1056 3357 1124 3425 τῇ
1153 3353 1463 3424 περιοδυνίᾳ
1489 3351 1580 3404 τοῦ
1618 3350 1718 3416 ἰοῦ,

118 3455 412 3508 πολύπουν
437 3453 496 3506 δὲ
524 3453 622 3504 καὶ
663 3448 1070 3522 μακροείκελον)
1107 3450 1169 3518 τῇ
1202 3445 1296 3500 τοῦ
1331 3445 1464 3499 Θεοῦ
1495 3443 1722 3513 δυνάμει

121 3548 222 3602 καὶ
258 3544 490 3617 ἀληθείᾳ
521 3546 1043 3606 καταπατήσαντες,
1105 3538 1197 3590 ἐπὶ
1239 3537 1338 3600 τὰς
1391 3536 1516 3607 ἑξῆς
1563 3535 1722 3592 πάλιν

122 3639 538 3711 προϐαίνοντες,
571 3638 668 3692 σὺν
702 3636 768 3706 τῇ
799 3632 894 3688 τοῦ
932 3631 1066 3690 Θεοῦ
1095 3631 1318 3703 δυνάμει
1360 3630 1548 3701 ἴωμεν,
1589 3630 1726 3698 άγα-

122 3731 320 3805 πητοί.

540 3843 730 3898 ΚΑΤΑ
767 3838 1170 3894 ΑΔΑΜΙΑΝΩΝ
1190 3838 1245 3910 (6
1255 3839 1324 3909 ὃ),

551 3958 792 4026 Αἵρεσις
815 3954 926 4010 AB’
957 3955 995 4024 ἠ
1029 3953 1128 4008 καί
1162 3955 1294 4008 NB'.

203 4075 290 4130 A’.
329 4072 647 4142 ’Δσφάλακα
701 4067 925 4122 καλοῦσί
975 4085 1028 4121 τι
1067 4067 1205 4132 ζῶον
1249 4066 1308 4120 ὲν
1335 4067 1405 4136 τῇ
1457 4065 1528 4136 γῇ
1581 4063 1731 4117 κάτω

131 4163 477 4238 ὲμφωλεῦον,
516 4162 842 4234 τετράπουν,
872 4162 892 4191 ³
939 4157 1154 4230 ὀρύττει
1223 4156 1322 4227 τὴν
1381 4154 1507 4225 γῆν,
1545 4152 1636 4206 καὶ
1674 4153 1732 4205 ὲν

131 4261 248 4321 τοῖς
281 4255 604 4326 μυχοτάτοις
631 4251 801 4321 αὐτῆς
836 4249 948 4321 ἔχει
975 4249 1074 4319 τὴν
1104 4247 1334 4316 οἴκησιν.
1363 4244 1445 4298 Τὰ
1475 4243 1530 4298 δὲ
1556 4243 1734 4296 πάντα

132 4347 231 4412 τοῦ
270 4346 414 4422 (ibeo
456 4345 692 4414 ὑπάρχει
726 4342 856 4394 ὡσεὶ
891 4339 1089 4413 μικροῦ
1139 4336 1407 4399 σκύλακος
1445 4334 1603 4396 κυνὸς
1636 4332 1734 4404 τὴν

1819 3169 1950 3224 dum
1983 3167 2207 3235 copiose
2249 3163 2525 3230 disputata
2576 3155 2825 3213 suﬁicere
2866 3150 3161 3206 credimus.
3222 3147 3396 3212 Quam

1817 3261 1967 3316 velut
2004 3254 2446 3327 scopolendram,
2479 3249 2573 3320 qui
2611 3256 2666 3303 et
2701 3246 2848 3302 iulus
2875 3244 3081 3298 dicitur
3107 3238 3400 3309 (serpentis

1821 3350 1874 3406 id
1897 3364 2070 3422 genus
2093 3355 2200 3410 est,
2222 3344 2500 3412 multipes,
2523 3337 2878 3399 imbecillum,
2898 3333 3056 3404 cujus
3074 3332 3226 3386 virus
3255 3327 3402 3384 haud

1822 3456 2080 3513 maguum
2110 3439 2264 3493 aﬁ‘ert
2299 3437 2568 3497 dolerent,
2622 3431 2721 3486 sed
2767 3438 2821 3484 et
2863 3425 3056 3499 pedes,
3107 3433 3168 3478 ut
3196 3422 3401 3476 dictum

1825 3512 1936 3597 est,
1954 3533 2142 3603 plures
2172 3530 2352 3593 habet,
2375 3536 2430 3583 et
2453 3526 2749 3594 oblongum
2779 3519 2907 3589 est),
2935 3533 3059 3573 cum
3087 3515 3271 3571 divina
3291 3512 3404 3568 vir-

1825 3636 1943 3683 tute
1977 3641 2043 3680 ac
2087 3624 2318 3681 veritate
2361 3617 2803 3692 protriverimus,
2835 3611 3002 3684 5.58
3036 3609 3104 3664 ad
3140 3607 3402 3676 reliquas,

1825 3718 2162 3785 charissimi,
2194 3730 2320 3772 cum
2349 3713 2538 3769 eadem
2568 3708 2663 3765 Dei
2693 3722 2797 3777 ope
2826 3701 3264 3776 progrediamur.

2235 3824 2516 3882 CONTRA
2551 3814 2975 3880 ADAMIANOS,

2221 3939 2454 3995 eresis
2488 3932 2717 3990 XXXII
2748 3933 2855 3987 sive
2879 3927 3014 3984 LII.

1901 4058 1941 4113 1.
1978 4055 2207 4126 Talpam
2244 4068 2418 4125 genus
2456 4046 2730 4120 quoddam
2773 4041 3028 4098 animalis
3063 4042 3410 4105 nuncupant,

1833 4150 2168 4221 quadrupes,
2221 4142 2370 4216 quod
2416 4141 2520 4199 sub
2571 4146 2720 4193 terra
2753 4133 2993 4189 latebras
3023 4130 3203 4192 habet,
3237 4139 3412 4195 eaque

1833 4217 2060 4308 eﬁossa,
2104 4241 2166 4295 in-
2205 4235 2414 4294 intimis
2466 4233 2615 4289 illius
2655 4225 3029 4301 penetralibus
3073 4217 3409 4275 domicilium

1837 4336 2088 4391 collocat.
2144 4331 2241 4387 Est
2275 4337 2456 4384 autem
2487 4325 2686 4382 canino
2715 4319 2896 4377 catulo
2927 4315 3109 4387 specie
3137 4325 3298 4382 quam
3330 4309 3413 4364 si-

137 4401 502 4511 taepti'pépetav
658 4434 870 4506 ἡλικίας
891 4401 1052 4502 'Exo'v,
1085 4423 1130 4498 ᾧ
1179 4429 1298 4486 οὐδὲ
1335 4429 1470 4491 ὅλως
1500 4401 1724 4498 ὑπάρχει

1840 4428 2148 4489 millimum,
2180 4423 2481 4492 eodemque
2510 4427 2736 4475 statura:
2761 4411 2966 4467 ambitu
2997 4415 3281 4465 constans,
3317 4401 3414 4456 sed

135 4535 354 4606 ὅρασις.
402 4528 782 4602 Ἐρημωτικὺν
823 4526 882 4580 δὲ
905 4525 983 4596 ίόν
1015 4523 1078 4577 τὸ
1117 4521 1279 4588 ζῶον,
1310 4520 1552 4576 κάτωθεν
1585 4520 1735 4590 ἐκρι-

138 4623 272 4691 ζοῦν
316 4623 498 4676 πάντα
547 4620 616 4674 τά
660 4618 769 4676 τῶν
811 4615 1131 4689 ἀνθρώπων,
1155 4616 1543 4687 γεωργήματα,
1575 4611 1645 4669 τά
1673 4627 1734 4663 τε

144 4715 392 4788 σικυη
412 4713 481 4766 τὰ
505 4712 759 4783 μάλιστα,
786 4711 882 4766 καὶ
901 4709 970 4764 τά
989 4708 1183 4780 δριμέα
1210 4705 1544 4778 φυτεύματα.
1573 4720 1740 4774 κρομο

146 4811 305 4883 μύων
347 4824 408 4860 τε
447 4807 540 4859 καὶ
585 4803 873 4874 σκορόδων,
924 4799 1128 4872 βολϐῶν
1171 4799 1264 4852 καὶ
1307 4797 1415 4852 τῶν
1455 4793 1734 4856 τοιούτων,

143 4903 354 4977 κρίνων
381 4918 441 4953 τε
473 4899 566 4953 καὶ
592 4897 700 4950 τῶν
728 4895 919 4951 ἄλλων.
959 4894 1085 4948 Ἐὰν
1118 4893 1173 4945 δὲ
1197 4890 1358 4944 λαθὸν
1391 4892 1447 4943 ὲν
1477 4887 1554 4958 τῷ
1579 4885 1739 4963 ὀρύτ-

141 5013 262 5052 τειν
295 4993 480 5064 φθάσῃ
514 4993 606 5044 ἐπὶ
633 4988 735 5059 τῆς
761 4990 862 5059 γῆς
901 4987 1026 5054 ἔξω,
1054 4987 1136 5049 εἰς
1177 4985 1268 5038 τὸν
1297 4983 1436 5054 ἀέρα
1463 4979 1736 5051 γενέσθαι,

142 5091 178 5162 ἢ
217 5089 388 5149 ἁλοὺς
427 5083 717 5155 θηρευθείη
763 5081 870 5134 ὑπὸ
917 5080 1026 5132 τῶν
1075 5077 1396 5153 ἀνθρώπων,
1441 5073 1644 5143 γέλοιόν
1687 5089 1742 5125 τι

144 5181 376 5252 ἐμποιεῖ
407 5177 540 5237 πᾶσι
575 5177 686 5238 τοῖς
719 5173 874 5227 τοῦτο
903 5173 964 5224 τὸ
1005 5170 1141 5235 ζῶον
1175 5168 1517 5242 θηρεύσασιν.
1557 5165 1742 5229 Οῦτως

1839 4519 1959 4572 visu
1998 4517 2218 4586 penitus
2255 4521 2420 4568 caret.
2487 4509 2630 4564 Idem
2682 4504 2830 4576 agris
2876 4502 3187 4556 vastitatem
3233 4493 3414 4558 aﬁ‘ert,

1835 4620 1891 4667 et
1915 4623 2102 4666 eorum
2137 4620 2259 4675 qua:
2305 4600 2585 4658 hominum
2619 4597 2805 4652 labore
2832 4590 3044 4649 consita
3093 4593 3243 4649 sunt,
3269 4582 3416 4638 radi-

1836 4720 1931 4760 ces
1969 4700 2186 4765 evellit;
2233 4695 2329 4752 sed
2361 4703 2718 4749 cucumerum
2751 4691 2805 4743 iu
2851 4685 3060 4757 primis,
3109 4689 3219 4734 tum
3253 4675 3415 4749 quid-

1837 4795 1969 4869 quid
1990 4793 2265 4848 acriorum
2292 4793 2378 4843 est
2403 4784 2707 4842 seminum:
2743 4775 3052 4848 cojusmodi
3083 4779 3209 4828 sunt
3232 4784 3414 4840 caepas,
3483 4771 3485 4774 ‘

1838 4863 1989 4954 una,
2039 4884 2212 4948 bulbi,
2259 4888 2567 4950 caeteraque
2610 4875 2664 4931 id
2713 4886 2924 4943 genus;
2967 4868 3096 4921 item
3153 4863 3285 4928 lilia,
3335 4871 3419 4916 al-

1840 4995 1948 5052 que
2001 4978 2106 5032 alia
2161 4977 2439 5046 pleraque.
2509 4968 2664 5036 Quod
2717 4966 2766 5022 si
2815 4960 3071 5018 fodiendo
3100 4958 3318 5013 demum
3349 4954 3418 5008 ad

1839 5071 2166 5130 exteriorem
2215 5077 2374 5122 terrae
2420 5059 2790 5134 superﬁciem,
2842 5062 3199 5127 apertumque
3236 5059 3418 5102 aerem

1843 5163 2172 5236 pervenerit,
2216 5168 2310 5214 aut
2341 5158 2621 5212 hominum
2653 5149 2868 5207 insidiis
2911 5153 3105 5217 captus
3138 5144 3324 5209 fuerit,
3354 5139 3420 5195 iis

146 5235 249 5328 κἀι
279 5271 446 5332 αὐτὸς
471 5235 732 5340 ἐπιχειρῶ
758 5267 938 5335 λέγειν
973 5265 1101 5335 περὶ
1128 5235 1368 5334 τῆς-νυνὶ
1399 5259 1537 5330 μετὰ
1559 5262 1724 5330 χεῖραι

1845 5235 2106 5328 aquibus
2145 5263 2340 5323 captus
2373 5260 2480 5314 est,
2520 5249 2792 5304 ludicrum
2827 5243 2895 5299 de
2936 5257 2995 5298 se
3042 5235 3418 5309 spectaculum

144 5366 444 5440 αἱρέσεως,
572 5327 668 5432 μὲν
713 5359 854 5414 κατὰ
884 5360 984 5430 τὴν
1022 5327 1251 5427 καρδίαν
1289 5327 1613 5431 τυφλώττέί,

1846 5327 2072 5422 praebet.
2108 5347 2256 5403 Idem
2289 5343 2450 5402 nobis
2487 5343 2556 5399 de
2588 5358 2674 5407 ea,
2715 5355 2880 5413 quam
2909 5351 3024 5409 prae
3045 5331 3295 5388 manibus
3327 5327 3420 5379 lia-

221 5522 241 5553 ⁸
282 5522 431 5595 Lege
487 5523 608 5576 ὅτι.
685 5521 706 5550 ³
742 5516 902 5572 Deest
926 5517 1084 5586 ὅπερ.
1163 5514 1184 5545 ³
1211 5511 1379 5576 Marc.
1414 5525 1496 5572 in,
1535 5508 1627 5564 29.

251 5679 370 5743 (6‘5)
422 5673 802 5746 Ἀδαμιανών.
868 5668 1250 5745 Spurcissimze
1301 5665 1467 5737 huius
1525 5659 1747 5719 haeresis
1799 5663 2080 5718 auctorem
2134 5652 2511 5712 Theodoretus
2551 5645 2682 5704 facit
2745 5641 3072 5707 Prodicum,
3106 5633 3263 5705 cujus
3305 5637 3421 5688 me-

152 5755 326 5817 minit
355 5749 529 5806 Clem.
569 5763 628 5804 ιιι
664 5747 868 5803 Stravit.
