3846 6310
1912 293 1970 350 S.
2014 292 2353 350 EPIPHANII

3674 290 3767 346 πε
3810 290 3811 313 γ

477 405 694 469 bemus,
748 401 945 460 δαιτρεί
998 404 1290 461 dicendum
1349 405 1603 471 videtur,
1644 408 1772 477 quae
1816 410 2072 468 excaecati

2190 407 2517 479 ὶνοηταίνεν
2562 407 2796 479 ὲρημίαν
2843 408 2901 462 δὲ
2953 408 3119 479 ἑαυτῇ
3171 405 3487 478 ἐργάζεται,
3538 405 3644 457 καὶ
3686 406 3773 473 τὴν.

477 497 661 554 cordis
691 507 797 563 est,
837 512 902 553 ac
933 497 1169 569 desipit;
1222 498 1326 554 sibi
1362 513 1493 554 vero
1521 499 1831 555 vastitatem
1863 501 2056 568 affert;

475 597 531 646 et
554 589 813 661 idipsum,
834 604 903 645 ex
927 605 1037 661 quo
1058 598 1293 655 constat,
1329 592 1589 647 radicitus
1650 593 1876 649 excidit.
1916 594 2058 660 Quin

477 683 647 737 ctiam
682 682 963 739 radicibus
995 685 1437 756 quamplurimls,
1488 686 1596 742 illis
1637 687 1848 742 scilicet
1888 686 2051 741 homi-

479 774 668 841 nibus,
696 776 792 846 qui
825 775 893 830 ad
927 792 986 833 se
1014 776 1382 848 confugerint,
1412 780 1710 850 perniciem
1740 781 2057 836 consciscit.

478 867 523 923 Ε
545 870 824 925 contrario
854 884 986 924 vero
1010 871 1390 939 prudentibus,
1417 872 1461 927 si
1488 871 1543 926 in
1572 881 1926 942 conspectum
1958 873 2061 927 ali-

477 959 700 1032 quando
732 961 983 1026 venerit,"
1012 977 1119 1015 non
1150 961 1479 1016 mediocrem
1523 963 1591 1018 de
1630 980 1689 1019 se
1726 964 1900 1019 risum
1929 978 2064 1018 con-

477 1052 635 1108 citat.
688 1051 1158 1119 Quemadmodum
1208 1054 1363 1119 illud,
1403 1055 1471 1110 de
1502 1070 1613 1124 quo
1651 1054 1915 1119 diximus,
1945 1056 2064 1109 ani-

480 1145 614 1208 mal,
645 1144 814 1214 quod,
843 1145 969 1214 quia
1000 1159 1204 1198 caecum
1236 1154 1341 1211 est,
1374 1160 1475 1200 nec
1507 1153 1784 1215 receptum
1819 1144 2065 1200 invenire

479 1237 652 1291 ullum
691 1244 885 1306 potest,
928 1237 998 1291 ab
1038 1238 1295 1293 omnibus
1324 1238 1591 1301 illuditur,
1647 1254 1753 1290 non
1800 1237 2065 1294 absimilis

477 1336 566 1383 cst
615 1328 764 1383 illius
808 1330 1033 1385 haeresis
1076 1329 1337 1384 conditio.
1396 1328 1570 1395 Quam
1608 1329 1701 1398 qui
1737 1337 2064 1398 sequuntur,

478 1418 679 1474 Adami
705 1434 905 1475 nomen
936 1428 1295 1489 usurparunt.
1321 1417 1437 1472 Hoc
1458 1426 1667 1483 autem,
1702 1416 1850 1487 quod
1876 1431 1908 1471 a
1927 1418 2067 1472 mul-

2172 502 2429 554 σύστασιν
2482 501 2679 571 ἑαυτῆς
2724 500 2971 556 κάτωθεν
3014 499 3286 570 ἐκτέμνει.
3324 496 3524 561 Ῥιζῶν
3553 512 3621 549 τε
3656 496 3779 548 πολ-

2164 594 2292 656 λῶν,
2355 593 2463 647 τῶν
2536 594 2617 657 είς
2663 593 2833 665 αὐτὴν
2874 591 3306 646 ἐκπεπτωκότων
3359 587 3586 659 ἀνδρῶν
3606 627 3623 652 ,
3683 587 3777 657 τὴν

2165 684 2343 757 λύμην
2386 685 2776 757 ἀπεργάζεται.
2825 685 2953 748 Τοῖς
2992 683 3049 737 δὲ
3102 684 3340 744 ωνετοίς
3386 683 3441 734 εἴ
3482 696 3634 733 ποτε
3690 678 3778 748 7i-

2164 795 2308 832 νοιτο
2372 777 2805 849 κατοπευθῆναι
2860 778 3032 849 αὐτὴν
3057 817 3071 841 ,
3116 775 3333 844 γέλωτα
3390 774 3456 827 οὐ
3526 774 3633 825 τὸν
3689 789 3779 825 τυ-

2166 871 2333 942 χόντα
2368 870 2775 943 παρασκευάζει
2798 887 2809 902 ·
2844 871 2920 934 ὡς
2950 870 3045 923 καὶ
3073 869 3133 923 τὸ
3167 866 3580 940 προειρημένον
3610 864 3776 929 ζῶον,

2164 962 2254 1017 διὰ
2309 963 2408 1034 τὴν
2465 963 2658 1018 ἑαυτοῦ
2723 962 2993 1033 τύφλωσιν
3050 959 3459 1032 ἐμπαιζόμενον
3523 958 3626 1011 διὰ
3678 958 3775 1026 τὴν

2166 1056 2434 1127 ἀκρασίαν
2482 1056 2523 1119 ¹,
2579 1055 2674 1108 καὶ
2715 1055 2790 1126 μὴ
2844 1055 3095 1125 εύρίσκον
3145 1052 3249 1106 ποῦ
3302 1052 3405 1121 τὴν
3451 1050 3774 1118 εἰσαγωγὴν

2168 1146 2519 1217 ποιήσασθαι,
2546 1145 2622 1208 ὡς
2666 1145 2762 1198 καὶ
2804 1145 2941 1215 αὐτὴ
2977 1146 3011 1215 ἡ
3050 1145 3278 1215 αἵρεσις.
3323 1141 3632 1196 Ἐπέθεντο
3668 1140 3777 1208 γὰρ

2170 1238 2383 1301 ἑαυτοῖς
2415 1237 2509 1290 τοῦ
2552 1236 2726 1307 Ἀδὰμ
2762 1237 2826 1289 τὸ
2869 1236 3059 1305 ὄνομα.
3112 1234 3283 1287 Τοῦτο
3330 1232 3389 1285 δὲ
3434 1230 3551 1285 ἀπὸ
3603 1229 3777 1298 ἀκοῆς

2170 1327 2379 1399 ἀνδρῶν
2411 1326 2624 1380 πολλῶν
2664 1326 2960 1397 ἀκηκοότες
2997 1323 3207 1395 φαμέν*
3256 1323 3319 1376 ού
3362 1322 3477 1393 γὰρ
3534 1323 3602 1373 ἐν
3650 1336 3777 1386 συγ-

2169 1420 2492 1491 γράμμασιν
2524 1417 2779 1490 εύρομεν,
2818 1418 2851 1486 ἢ
2894 1415 3286 1487 περιετύχομεν
3327 1412 3609 1475 τοιούτοις
3643 1410 3777 1467 τισί.

478 1514 555 1573 tis
574 1515 853 1571 auditione
876 1514 1189 1581 didicimus,
1213 1515 1281 1571 de
1310 1528 1375 1569 eo
1401 1513 1686 1568 hominum
1719 1528 1915 1584 genere
1966 1517 2344 1584 proponimus,
2394 1530 2500 1568 non
2539 1515 2667 1569 ullis
2725 1500 3056 1583 scriptorum
3101 1509 3458 1566 monimentis
3517 1520 3776 1577 comper-

479 1618 622 1673 tum,
652 1620 749 1666 aut
782 1610 1110 1680 cujusquam
1155 1625 1222 1666 ex
1270 1610 1364 1664 illo
1388 1625 1552 1681 grege
1581 1625 1684 1665 usu
1740 1623 1805 1662 ac
1836 1609 2236 1665 consuetudine
2267 1618 2602 1679 perceptum.
3142 1607 3151 1620 '

554 1704 923 1771 Quamobrem
962 1719 1085 1759 cum
1123 1719 1188 1759 ea
1227 1720 1350 1775 qua:
1382 1705 1637 1759 dicturus
1672 1720 1793 1760 sum
1824 1705 2069 1775 plerique

2242 1704 2461 1758 Πολλῶν
2495 1698 2587 1757 οὖν
2619 1703 2938 1775 είρηκότων,
2976 1700 3126 1768 ἄξιον
3172 1700 3267 1754 καὶ
3310 1698 3487 1769 αὐτῆς
3521 1695 3779 1767 μνησθῇ

482 1798 1063 1861 narraverint,merito
1089 1796 1254 1867 hujus
1275 1805 1440 1853 sectae
1465 1797 1798 1851 mentionem
1827 1796 2063 1866 aliquam

482 1883 793 1941 faciendam
822 1901 945 1941 esse
967 1886 1246 1950 duximus,
1271 1900 1335 1940 ac
1357 1885 1482 1954 jure
1502 1888 1748 1940 eamdem
1774 1901 1897 1941 cum
1921 1902 2065 1959 caeco

482 1972 579 2029 illo
605 1974 933 2030 animalculo
968 1975 1428 2044 comparavimus.
1480 1976 1623 2045 quod
1664 1976 1733 2030 ad
1780 1977 2062 2032 hominum

483 2073 769 2137 aspectum
818 2065 967 2121 haud
1008 2066 1082 2121 ita
1120 2066 1437 2138 frequenter
1479 2070 1736 2139 erumpit,
1775 2076 2060 2139 propterea

482 2156 633 2227 quod
689 2156 795 2214 sub
845 2165 993 2213 terra
1039 2158 1350 2226 delitescit;
1401 2158 1753 2230 indidemque
1801 2161 2066 2233 stirpibus

482 2254 694 2318 pestem
721 2254 886 2319 atque
917 2248 1145 2304 exitium
1170 2250 1412 2306 molitur.
1470 2248 1573 2306 Sed
1606 2250 1835 2305 ridicula
1867 2252 1921 2306 in
1956 2254 2067 2323 pri-

483 2336 593 2393 mis
623 2336 848 2394 haeresis
883 2338 972 2392 illa
1001 2346 1105 2394 est.
1149 2338 1228 2394 Ac
1253 2339 1342 2393 diu
1377 2355 1509 2395 sane
1539 2340 1804 2404 dubitavi,
1847 2358 1977 2396 num
2003 2357 2068 2398 ea

482 2425 557 2483 ab
591 2435 911 2483 caeterarum
963 2444 1195 2484 numero
1237 2427 1575 2483 excludenda
1620 2444 1861 2497 prorsus,
1896 2436 2059 2484 esset.

482 2516 712 2587 Verum,
742 2520 889 2590 quod
911 2521 1042 2590 ejusf
1067 2521 1125 2575 in
1154 2520 1358 2574 mundo
1389 2529 1667 2590 utcunque
1697 2535 1867 2575 sonus
1894 2534 2064 2575 exau-

483 2611 655 2677 ditur,
701 2627 813 2668 non
848 2610 953 2667 erit
980 2611 1221 2667 auditori
1249 2611 1483 2681 sapienti
1519 2612 1830 2673 molestum,
1864 2612 1909 2666 si
1947 2612 2063 2667 lolii

486 2718 687 2776 genera
718 2704 900 2757 omnia
928 2703 1268 2774 cognoverit,
1314 2718 1435 2773 qua:
1481 2703 1538 2757 in
1566 2703 1700 2758 orbe
1732 2711 2013 2759 terrarum
2037 2719 2070 2759 a

487 2795 707 2851 diabolo
737 2794 903 2866 459
951 2794 1308 2857 disseminata
1348 2803 1497 2850 sunt.
1558 2793 1684 2849 Sive
1722 2796 1868 2850 enim
1922 2797 2071 2866 ejus-

485 2885 637 2940 modi
678 2892 781 2951 est,
822 2885 1039 2966 qualem
1070 2887 1395 2956 accepimus,
1448 2885 1563 2940 sive
1600 2900 1707 2941 non
1735 2894 1839 2949 est,
1888 2894 2071 2944 tamen

484 2992 610 3034 cum
645 2978 720 3033 ita
752 2978 1042 3049 plerosque
1072 2986 1361 3034 narrantes
1391 2978 1751 3045 audierimus,
1775 2979 1954 3035 visum
1987 2988 2072 3036 est

2174 1814 2260 1851 ναι
2302 1796 2721 1867 ἐδικαιώσαμεν.
2752 1795 2844 1848 Διὸ
2878 1795 2971 1848 καὶ
2998 1792 3224 1855 δικαίως
3256 1790 3463 1861 ταύτην
3495 1788 3773 1858 παρεικά-

2169 1908 2341 1961 σαμεν
2370 1889 2449 1961 τῷ
2493 1889 2873 1961 προειρημένῳ
2911 1884 3094 1957 τυφλῷ
3123 1883 3260 1949 ζῶον
3292 1886 3336 1949 ⁸,
3371 1883 3467 1936 καὶ
3506 1882 3775 1951 ἀνδράσιν

2166 1985 2228 2038 ού
2256 1985 2443 2055 τάχιον
2473 1985 2806 2055 φαινόμενοι,
2840 1981 2927 2035 διὰ
2954 1980 3013 2034 τὸ
3039 1978 3278 2052 κρύϐδην
3308 1980 3365 2031 ὲν
3398 1980 3469 2047 τῇ
3499 1978 3583 2046 γῇ
3613 1969 3773 2037 εἶναι,

2166 2079 2261 2131 καὶ
2297 2075 2539 2130 κάτωθεν
2574 2076 2671 2148 τὴν
2713 2076 2891 2147 λύμην
2946 2070 3295 2146 ἐργάζεσθαι.
3356 2067 3773 2139 Περιγὲλαστος

2166 2168 2225 2222 δέ
2254 2170 2398 2222 ὲστιο
2438 2167 2534 2221 καὶ
2567 2168 2913 2238 ὲσκεπτόμην
2952 2165 3069 2236 μηδ’
3095 2163 3232 2227 ὅλως
3268 2162 3351 2224 είς
3398 2157 3644 2228 ἀριθμὸν
3680 2158 3772 2209 αύ-

2167 2258 2498 2329 τὴν’φέρειν.
2532 2257 2630 2310 Διά
2664 2258 2721 2310 δὲ
2753 2256 2814 2309 τὸ
2855 2256 2991 2319 ὅλως
3018 2251 3151 2326 ἦχον
3191 2251 3360 2321 αὐτῆς
3395 2246 3540 2302 εἶναι
3584 2250 3643 2301 ἐν
3686 2250 3773 2299 κό-

2171 2367 2313 2421 σμῳ,
2367 2350 2518 2403 οὐδὲν
2564 2349 2824 2419 λυπήσειε
2892 2348 2984 2401 τὸν
3035 2344 3250 2399 συνετὸν
3305 2340 3591 2414 ἀκροατὴν
3649 2339 3775 2409 περὶ

2173 2444 2391 2499 πάντων
2420 2445 2617 2499 εἰδέναι
2644 2444 2768 2497 τῶν.
2790 2445 2846 2496 ὲν
2884 2443 2962 2513 τῷ
3004 2443 3194 2512 κόσμῳ
3237 2438 3342 2493 ὑπὸ
3376 2437 3474 2491 τοῦ
3522 2436 3773 2488 Eum/Jan

2171 2534 2505 2601 ζιζανιωδῶς
2532 2537 2911 2607 ὲσπαρμένων.
2948 2536 3078 2587 Εἴτε
3117 2534 3226 2602 γάρ
3268 2531 3419 2583 ὲστιν
3447 2531 3481 2599 ὴ
3520 2526 3772 2595 τοιαύτη.

2171 2629 2281 2682 εἴτε
2318 2628 2394 2700 μὴ
2424 2628 2557 2694 ἔστι,
2590 2628 2794 2681 πολλῶν
2827 2628 3090 2697 λεγόντων
3128 2623 3446 2695 ἀκηκοότες,
3470 2621 3772 2689 άσφαλείας

2172 2718 2332 2791 χάριν
2386 2718 2480 2772 καὶ
2532 2719 2659 2790 περὶ
2698 2719 2867 2788 αὐτῆς
2914 2719 3085 2771 εἰπεῖν
3132 2714 3352 2783 εὔλογόν
3400 2730 3491 2784 μοι
3536 2712 3773 2780 πέφηνε,

2173 2811 2267 2862 καὶ
2299 2809 2371 2881 μὴ
2408 2809 2760 2879 παραλείψαι,
2796 2808 2898 2862 κάν
2931 2825 2989 2860 τε
3026 2806 3399 2877 καταλύηται,
3438 2802 3539 2855 καὶ
3587 2800 3769 2853 οὐκέτι

2174 2902 2414 2973 ὑπάρχῃ.
2444 2903 2519 2955 Οὐ
2554 2902 2661 2973 γὰρ
2692 2901 2950 2969 ἀσφαλῶς
2981 2899 3302 2970 ἐπίσταμαι,
3333 2898 3380 2949 εἰ
3410 2894 3491 2948 ἔτι
3526 2893 3700 2955 ἔστιν,
3738 2893 3767 2960 ἦ

2179 2996 2254 3067 μὴ
2303 2996 2439 3048 ἐστι.
2483 2993 2547 3047 Τί
2584 2994 2640 3046 δὲ
2678 2996 2757 3056 εἰς
2803 2991 3010 3063 μακρὸν
3058 2988 3412 3057 ἀποτείνομαι
3462 2984 3657 3057 χρόνον
3695 2981 3770 3049 τῷ

486 3070 801 3126 securitatis
838 3085 1007 3127 causa
1036 3087 1147 3126 non
1183 3070 1504 3136 absurdum,
1551 3072 1596 3127 si
1635 3071 1702 3127 de
1736 3087 1799 3127 ea
1825 3073 2072 3128 nonnihil

2190 3065 2447 3158 προοιμίῳ
2477 3084 2758 3157 χρώμενος
2779 3084 2913 3154 πρὸς
2942 3083 3227 3153 διήγησινς
3262 3076 3539 3149 Ἀρξομαι
3584 3072 3644 3126 τὸ
3680 3073 3768 3140 γέ·

488 3174 799 3230 ageremus,
821 3176 999 3233 neque
1020 3162 1562 3232 praetermitteremus
1584 3164 1826 3233 penitus,
1855 3166 2073 3220 tametsi

483 3252 598 3324 jam
623 3269 817 3309 eversa
843 3254 1003 3319 foret,
1035 3270 1137 3310 nec
1160 3256 1371 3325 uspiam
1394 3256 1690 3312 resideret:
1718 3265 1900 3311 utrum
1926 3258 2072 3312 enim

490 3347 733 3415 supersit
777 3362 983 3414 necne,
1043 3347 1285 3403 nondum
1351 3349 1695 3417 exploratum
1757 3350 2069 3405 habuimus.

491 3437 634 3504 Quid
664 3449 845 3495 autem
873 3442 1066 3495 attinet
1094 3441 1147 3495 in
1174 3440 1323 3495 illius
1346 3442 1685 3498 narrationis
1706 3442 1934 3497 exordio
1959 3442 2076 3497 diu-

493 3527 609 3583 tius
637 3530 966 3584 immorari?
1000 3531 1113 3601 Age
1153 3531 1448 3585 ridiculam
1491 3531 1639 3585 illam
1676 3533 2069 3599 narrationem,

2179 3178 2318 3232 λοιον
2361 3176 2684 3249 διηγεῖσθαι,
2740 3176 2940 3246 μᾶλλον
2973 3174 3030 3227 δὲ
3068 3173 3130 3225 τὸ
3168 3169 3381 3233 πένθος.
3425 3165 3650 3228 Πένθος,
3690 3165 3765 3215 ὅτι

2181 3283 2297 3328 πως
2331 3267 2359 3318 ό
2385 3264 2630 3329 διάϐολος
2658 3264 2937 3334 ἐνοίκησεν
2980 3264 3037 3315 ὲν
3081 3264 3148 3334 τῇ
3185 3261 3293 3314 τῶν
3323 3256 3631 3329 ἀνθρώπων
3656 3256 3763 3307 δια-

2180 3354 2316 3427 νοίᾳ,
2348 3356 2607 3426 χλευάσαι
2638 3355 2697 3409 τὸ
2737 3354 2959 3425 πλάσμα
2988 3354 3050 3407 τὸ
3082 3355 3147 3406 ὲκ
3190 3350 3325 3405 Θεοῦ
3355 3347 3761 3416 πεπλασμένον·

2180 3447 2387 3515 γέλοιον
2414 3447 2491 3511 δὲ,
2523 3448 2651 3519 περὶ
2688 3446 2796 3500 τῶν
2826 3447 2961 3518 μήτε
2983 3442 3255 3517 ὁρώντων,
3287 3441 3422 3513 μήτε
3454 3441 3513 3492 τὸ
3554 3438 3765 3492 συνετὸν

2183 3538 2427 3609 διανενοη
2438 3538 2634 3608 μένων.

489 3618 579 3673 vel
604 3620 909 3673 luctuosam
941 3621 1124 3690 potius
1175 3621 1576 3691 aggrediamur.
1610 3621 1954 3679 Luctuosam.
2002 3624 2241 3709 quidem,
2310 3628 2457 3699 quod
2505 3628 2757 3683 diabolus
2794 3628 2859 3683 in
2894 3627 3178 3683 hominum
3226 3622 3505 3681 mentibus
3575 3620 3749 3676 sedem

490 3708 867 3771 constituerit,
904 3707 997 3765 Dei
1036 3718 1096 3765 ut
1129 3712 1346 3782 Opiﬁcio
1384 3720 1570 3783 posset
1604 3712 1850 3770 illudere.
1914 3707 2225 3774 Ridiculam
2278 3737 2431 3786 vero,
2456 3732 2728 3792 quatenus
2766 3720 2923 3789 nihil.
2954 3720 3045 3777 isti
3108 3733 3286 3789 neque
3331 3714 3542 3777 vident,
3594 3728 3759 3779 neque

491 3800 793 3874 prudenter
817 3800 1146 3873 intelligunt.

569 3898 635 3954 ll.
668 3898 725 3954 ln
750 3899 944 3971 primis
970 3902 1115 3955 enim
1140 3901 1430 3959 haereticos
1456 3903 1591 3960 istos
1615 3902 1795 3959 ferunt
1817 3903 2079 3959 ecclesias

497 3991 779 4057 suas,sive
804 3991 1030 4057 latibula
1058 3992 1259 4063 potius,
1287 4001 1352 4055 et,
1371 4009 1637 4049 cavernas
1663 3993 1766 4063 (sic
1791 3993 1937 4048 enim
1966 3993 2080 4048 hae-

498 4083 795 4139 reticorum
846 4085 975 4140 libet
1028 4086 1301 4155 appellare
1339 4088 1765 4156 conventicula),
1805 4087 1860 4140 in
1910 4088 2079 4158 hypo-

496 4176 707 4233 caustis
728 4187 1032 4233 exstruere.
1066 4178 1277 4249 Quippe
1305 4180 1493 4234 subter
1516 4180 1695 4251 ignem
1720 4180 1983 4243 excitant,
2011 4179 2079 4233 ad

498 4283 595 4324 eos
633 4271 979 4340 vaporandos
1021 4287 1084 4325 ac
1135 4271 1398 4328 fovendos
1438 4273 1528 4342 qui
1581 4275 1635 4326 in
1690 4272 1822 4327 illud
1857 4272 2083 4327 cubicu-

501 4361 613 4415 lum
645 4363 998 4417 conveniunt.
1032 4363 1090 4417 ln
1123 4364 1374 4433 ingressu
1409 4366 1859 4419 vestimentorum
1894 4375 2081 4419 custo-
2116 4343 2161 4400 D

499 4453 599 4509 des
628 4470 726 4529 pro
768 4453 977 4509 foribus
1026 4458 1402 4525 capsariorum
1450 4456 1626 4510 instar
1668 4458 1901 4526 appositi
1935 4466 2082 4511 sunt.

500 4544 642 4602 Tum
691 4548 1014 4601 intrantium
1064 4548 1297 4618 quisque
1333 4556 1441 4602 tam
1496 4549 1596 4615 vir,
1647 4564 1811 4619 quam
1863 4549 2085 4615 femina,

502 4642 639 4697 foris
686 4643 933 4697 vestibus
966 4658 1174 4697 exuens
1216 4658 1358 4706 sese,
1407 4651 1521 4697 toto
1565 4658 1815 4712 corpore,
1860 4643 2086 4712 perinde

505 4744 565 4788 ut
598 4749 663 4789 ex
693 4742 850 4788 utero
877 4734 1068 4788 matris
1098 4735 1250 4797 exiit,
1288 4735 1468 4790 nudus
1501 4736 1822 4806 ingreditur.
1858 4733 1963 4790 Sed
1989 4734 2083 4804 qui

505 4824 784 4896 principes
813 4826 955 4880 inter
979 4826 1102 4880 illos
1132 4826 1421 4888 habentur,
1452 4835 1504 4881 et
1527 4826 1799 4896 magistri,
1831 4820 2084 4897 p‘crazque

505 4914 639 4968 nudi
676 4916 985 4978 consident,
1038 4915 1130 4969 alii
1166 4916 1217 4968 in
1251 4916 1532 4985 superiore
1566 4916 1705 4981 loco,
1748 4916 1837 4969 alii
1870 4916 1924 4970 in
1949 4916 2089 4973 infe-

504 5005 676 5068 riore,
729 5007 1044 5076 promiscue
1097 5024 1158 5060 ac
1202 5009 1428 5077 passim.
1471 5008 1551 5063 Ad
1578 5007 1693 5063 haec
1734 5009 1980 5064 nonnulli
2023 5026 2091 5065 ex

507 5115 696 5154 eorum
728 5116 957 5155 numero
982 5110 1131 5164 sunt,
1168 5102 1256 5171 qui
1290 5101 1495 5156 scilicet
1518 5100 1873 5158 Continentes
1908 5102 2094 5173 appel-

510 5192 713 5257 lantur,
756 5193 919 5264 idque
955 5209 1066 5263 pra:
1096 5210 1154 5249 se
1190 5193 1395 5258 ferunt,
1427 5208 1490 5248 ac
1522 5193 1762 5263 virgines
1798 5194 2090 5262 habentur,

587 5349 603 5379 ⁸
626 5349 756 5406 Cor.
811 5350 1094 5421 ἀορασίαν.
1171 5351 1191 5382 ¹
1215 5347 1339 5405 Cor.
1404 5346 1550 5421 ζὼῳ,
1579 5357 1634 5404 et
1659 5332 1987 5421 φαινομένῳ.

580 5468 693 5537 (till
746 5467 843 5539 Διὰ
872 5467 940 5520 τό
980 5463 1125 5524 εἶναι
1166 5465 1375 5535 ἐθμην.
1415 5464 1544 5522 Hes.
1580 5486 1592 5522 :
1632 5465 1837 5535 Ἐθμὴ,
1892 5466 2087 5539 ἀτμὸς,

511 5540 719 5602 καπνὸς
754 5538 983 5602 λεπτὸς,
1019 5539 1189 5608 ἀτμή.

587 5612 697 5678 (65)
722 5611 904 5677 Δίκην
924 5606 1299 5680 καμψαρἱν.
1328 5607 1471 5661 Idem
1508 5606 1918 5679 ΗεεάΧάμψα,
1948 5608 2089 5679 θήκη

508 5681 976 5753 γλιυτσοκομεῖον,
1010 5690 1064 5753 et
1098 5680 1353 5753 scripti-(Att,
1373 5680 1830 5753 xavi,_xavicxta.
1869 5680 2086 5753 Suidas:

513 5751 755 5824 Κάμψα,
787 5750 948 5822 κίστη
970 5793 984 5819 ,
1019 5752 1053 5819 ἦ
1092 5751 1253 5819 θήκη.
1287 5751 1451 5820 Igitur
1504 5750 1753 5820 Capsarii
1786 5760 1916 5807 sunt
1969 5751 2089 5819 ίμα-

2256 3900 2332 3955 B'.
2367 3899 2597 3974 Πρῶτον.
2635 3900 2747 3972 γάρ
2777 3916 2909 3969 φασι
2946 3899 3073 3963 τοὺς
3124 3897 3396 3959 τοιούτους
3440 3895 3543 3958 τὰς
3594 3896 3762 3949 αὐτῶν

2186 3995 2543 4065 ἐκκλησίας,
2574 3995 2692 4062 ἦτοι
2766 3993 3006 4064 φωλεοὺς
3074 3990 3168 4046 καὶ
3223 3988 3539 4060 σπήλυγγας
3596 3990 3761 4059 (οὕτω

2187 4089 2296 4158 γὰρ
2322 4086 2533 4157 εἴποιμι
2568 4086 2668 4149 τὰς
2692 4084 2802 4139 τῶν
2828 4085 3093 4157 αἱρέσεων
3125 4078 3514 4150 συνελεύσεις),
3548 4082 3607 4133 ὲν
3638 4082 3761 4133 6m-

2188 4179 2446 4243 καύστοις
2475 4178 2897 4250 οἰκοδομεῖσθαι.
2942 4175 3255 4230 ’Υποκαίειν
3281 4174 3337 4227 δὲ
3380 4174 3562 4237 κάτω,
3602 4174 3686 4226 διὰ
3714 4176 3759 4225 τὲ

2190 4268 2328 4331 εἶναι
2357 4271 2529 4342 ἑθμην
2559 4270 2668 4342 (64)
2707 4272 2785 4333 είς
2813 4268 3006 4338 θάλψιν
3040 4267 3146 4320 τῶν
3180 4266 3326 4319 ἔνδον
3356 4267 3413 4319 ὲν
3442 4265 3518 4335 τῷ
3547 4266 3759 4331 οἰκίσκχι

2192 4363 2599 4435 συναγομένων.
2640 4363 2726 4415 Ἐν
2760 4362 2818 4415 δὲ
2852 4361 2929 4433 τῷ
2957 4361 3178 4413 εἰσιέναι
3220 4357 3640 4430 ίματιοφύλακές
3666 4361 3758 4410 εξςὲ

2189 4476 2335 4522 τινες
2365 4457 2501 4529 πρὸς
2542 4460 2661 4521 ταῖς
2694 4456 2886 4527 θύραις
2906 4498 2919 4519 ,
2950 4457 3105 4527 δίκην
3154 4453 3480 4526 καμψαρίων
3506 4452 3647 4522 (65),
3680 4455 3757 4504 ὑπ’

2189 4550 2368 4604 αὐτῶν
2390 4550 2825 4621 ἐπιτεταγμένοι,
2850 4549 2943 4603 καὶ
2967 4550 3195 4611 ἕκαστος
3228 4545 3431 4609 εἰσιὼν,
3465 4546 3583 4615 ἦτοι
3611 4546 3753 4614 ἀνὴρ,

2191 4645 2309 4715 ἢτοι
2343 4643 2515 4714 γυνὴ,
2555 4643 2877 4713 ὲκδυόμενος
2924 4641 3028 4708 ἔξω
3064 4641 3255 4693 εἴσεισι
3288 4638 3525 4709 γυμνὸς,
3566 4638 3636 4701 ὡς
3664 4640 3755 4689 ἁπὸ

2189 4733 2416 4806 μητρὸς,
2471 4733 2577 4805 ὅλῳ
2628 4734 2706 4805 τῷ
2746 4733 2991 4806 σώματι.⁹
3058 4733 3112 4786 οἷ
3152 4749 3209 4786 τε
3265 4730 3546 4794 δοκοῦντες
3594 4729 3753 4782 αὐτῶν

2185 4823 2417 4895 ἀρχηγοὶ
2441 4824 2534 4878 καὶ
2558 4825 2888 4887 διδάσκαλοι,
2917 4824 3113 4887 πάντες
3132 4824 3280 4885 ὡςέκ
3312 4822 3535 4893 μητρὸς,
3556 4820 3754 4884 καθεζό-

2191 4932 2376 4985 μενοι,
2402 4916 2451 4968 οἱ
2483 4916 2584 4987 μὲν
2616 4917 2750 4981 ἄνω,
2778 4917 2826 4969 οί
2856 4915 2914 4969 δὲ
2943 4916 3093 4969 κάτω
3124 4916 3324 4985 ἀναμὶξ
3349 4914 3443 4965 καὶ
3474 4914 3748 4984 σποράδην.

2190 5008 2312 5062 Εἰσὶ
2342 5009 2397 5062 δὲ
2425 5009 2557 5082 παρ’
2589 5012 2773 5073 αὐτοῖς
2820 5010 3142 5079 Ἐγκρατεῖς
3186 5007 3342 5077 δῆθεν
3373 5005 3649 5075 λεγόμενοί
3700 5023 3747 5057 τε

2191 5103 2285 5155 καὶ
2330 5101 2739 5171 κομπάζοντες,
2784 5101 2876 5154 καὶ
2924 5099 3228 5171 παρθένοι,
3267 5098 3340 5160 ὡς
3371 5099 3595 5159 ἑαυτοὺς
3626 5098 3747 5148 ﬁt:-

2193 5194 2347 5249 τῶσι.
2383 5194 2493 5258 Τάς
2521 5211 2579 5247 τε
2608 5194 2942 5262 ἀναγνώσεις
2961 5234 2974 5259 ,
3000 5194 3092 5247 καὶ
3128 5193 3197 5245 τὰ
3223 5193 3355 5247 ἄλλα
3390 5190 3565 5243 αὐτῶν
3596 5190 3743 5241 τιὰ-ηδ

2190 5468 2549 5538 τιοφύλακες,
2580 5467 2685 5521 hoc
2715 5472 2841 5538 est,
2882 5472 2943 5538 ut
2973 5462 3183 5538 Glossa;
3219 5458 3487 5538 reddunt,
3514 5456 3737 5538 vestiarii.

2195 5528 2369 5611 Supra
2406 5542 2456 5592 in
2478 5528 2735 5611 illebion.
2766 5528 3279 5611 oleario_s__vocabat.
3315 5528 3517 5584 Paulus
3565 5528 3645 5581 lib.
3673 5541 3737 5609 _m

2196 5611 2222 5683 §
2258 5604 2432 5666 u'ltim.
2467 5610 2541 5683 De
2590 5610 2733 5679 ofﬁc.
2766 5618 2919 5678 prwt.
2959 5604 3293 5676 Vig.eadcm
3321 5615 3456 5658 voce
3498 5604 3739 5671 capsaris-

2200 5682 2316 5737 rum
2353 5682 2606 5753 appellat.
