3846 6290
84 304 195 365 957

757 304 1131 364 ADVERSUS
1168 306 1512 364 [IERESES
1540 306 1668 363 LIB.

1820 306 1987 364 TUM.
2030 306 2070 363 Ι.
2107 339 2175 348 -
2198 306 2470 364 ΙΙίΕῐὶΕΞ.
2504 308 2614 364 ιιι.

3255 298 3365 357 958

89 415 284 487 γυμνοὶ
332 416 490 481 ὄντες
520 415 789 470 τελοῦσιν.
841 418 906 471 Εἰ
952 418 1010 472 δι
1041 418 1210 484 δόξειε
1260 419 1418 485 τινὰ,
1454 420 1529 483 ὡς
1584 418 1679 471 καὶ

1804 434 1954 489 teque
1986 420 2137 490 ipsos
2179 419 2324 473 hunc
2373 420 2428 473 in
2471 419 2692 472 modum
2735 413 3034 485 decipiunt.
3082 395 3201 469 Iam
3232 428 3365 467 vero

90 507 249 562 τοῦτο
272 508 561 577 λέγουσιν,
612 510 671 562 ὲν
716 510 1123 582 παραπτώματι
1176 511 1466 580 γενέσθαι,
1497 512 1680 565 οὐκέτι

92 601 278 655 τοῦτον
333 602 646 670 συνάγουσι.
698 603 969 657 Φάσκουσι
1027 604 1136 676 γὰρ
1184 606 1346 658 αὑτὸν
1378 607 1469 659 τὸν
1513 604 1682 675 Ἀδὰμ

90 696 178 746 τὸν
213 692 536 765 βεϐρωκότα
573 694 681 748 άπὸ
721 694 817 748 τοῦ
850 696 1016 762 ξύλου
1036 736 1050 760 ,
1084 696 1176 749 καὶ
1212 696 1488 768 κρίνουσιν
1522 696 1683 761 ὲξεῶ-

92 788 212 839 σθαι
245 786 324 849 ὡς
377 786 486 840 ἀπὸ
537 786 632 840 τοῦ
676 788 1007 859 παραδείσου
1032 828 1045 852 ,
1075 790 1322 841 τουτέστι
1355 790 1452 858 τῆς
1500 787 1682 842 αὑτῶν

104 877 455 948 Ἐκκλησίας.
504 878 792 947 Ἡγοῦνται
819 879 926 951 γάρ
966 881 1064 949 τὴν
1092 880 1303 933 ἑαυτῶν
1356 878 1681 951 Ἐκκλησίαν

92 968 230 1023 εἶναι
279 969 379 1022 τὸν
431 970 761 1041 παράδεισον
786 1013 800 1037 ,
837 971 929 1024 καὶ
974 972 1171 1035 αὑτοὺς
1210 967 1348 1024 εἶναι
1396 974 1521 1035 τοὺς
1556 971 1683 1043 περὶ

88 1060 274 1131 ,Ἀδάμ
310 1060 407 1114 καὶ
443 1059 601 1133 Εὑαν.
648 1061 767 1113 Τίνι
814 1057 909 1115 οὖν
943 1062 1019 1131 τῷ
1052 1062 1195 1133 λόγῳ
1235 1062 1559 1116 ὑποκαίουσι
1592 1061 1683 1115 τὸν

91 1152 368 1213 οἰκίσκον,
400 1151 487 1204 ἵνα
525 1152 599 1222 μὴ
640 1151 701 1205 τὸ
740 1152 905 1221 κρύος
938 1151 1117 1205 αὐτῶν
1150 1153 1466 1223 ὲφάψηται;
1514 1152 1685 1223 Ἀδὰμ

92 1242 196 1313 γάρ
233 1243 336 1295 xal.
366 1240 479 1296 Εὑα
506 1243 606 1296 οὑκ
631 1244 689 1295 ὲν
724 1244 1053 1314 ὑποκαύστῳ
1079 1246 1214 1315 οἴκῳ
1243 1246 1342 1316 τὴν
1369 1245 1575 1299 δίαιταν
1604 1240 1684 1298 εί-

93 1357 214 1410 χον,
248 1337 378 1392 οῦτε
411 1342 469 1393 ὲν
496 1338 722 1411 φλογμῷ
757 1358 861 1394 τινι
896 1340 1255 1405 ὑπεπιέζοντο
1280 1382 1293 1402 ,
1344 1340 1466 1393 οὔτε
1520 1340 1685 1411 κρύος

92 1432 290 1494 αὐτοὺς
319 1430 548 1501 ὲφόρτου
566 1448 578 1461 ο
612 1427 680 1502 ἦν
710 1430 766 1483 δὲ
799 1431 985 1495 αὑτοῖς
1015 1431 1122 1503 ἀὴρ
1145 1429 1529 1502 καθαρώτατος
1549 1469 1563 1494 ,
1590 1430 1683 1483 καὶ

94 1520 273 1591 πάσης
307 1520 610 1591 εὐκρασίας
659 1522 938 1585 εὐτάκτως
980 1522 1045 1574 ὲκ
1094 1519 1231 1573 Θεοῦ
1269 1520 1682 1591 μεμερημένος,

91 1613 212 1666 οὔτε
278 1614 585 1685 ἀπ-ηνότητι
619 1614 856 1686 ψυχρίας
897 1616 1301 1686 τετονωμὲνος,
1354 1614 1476 1668 οὔτε
1528 1615 1686 1685 ἀηδε-

94 1704 264 1777 στάτῃ
293 1703 604 1776 ἐκπυρώσει
630 1704 909 1767 καύσωνος
948 1704 1357 1776 ὲπηρτημένοςο
1379 1704 1596 1776 διαίταη
1630 1704 1687 1757 δὲ

1784 508 2045 563 lectiones
2079 524 2143 563 ac
2192 509 2401 578 reliqua
2440 506 2494 561 id
2532 521 2704 577 genus
2749 505 2953 560 obeunt
2999 503 3152 559 nudi.
3209 502 3362 570 Quod

1782 600 1830 655 si
1863 599 2011 669 quis,
2044 610 2103 653 ut
2135 600 2319 655 dicere
2348 600 2547 661 solent,
2580 599 2633 651 in
2670 598 2887 668 culpam
2921 598 3110 668 lapsus
3142 613 3265 653 esse
3292 598 3370 653 vi-

1781 692 1995 757 deatur,
2039 692 2184 745 hunc
2230 692 2286 746 in
2322 701 2651 747 conventuin
2683 708 2844 747 suum
2877 692 3103 746 minime
3133 691 3369 760 amplius

1783 779 2071 851 recipiunt.
2117 781 2383 836 Adamum
2411 782 2556 837 enim
2591 783 2743 836 illum
2775 798 2901 838 esse
2933 782 3145 845 dicunt,
3177 782 3273 850 qui
3302 781 3371 836 de

1786 874 1931 944 ligno
1957 873 2310 938 comederit‘,
2354 884 2517 945 atque
2544 891 2574 930 e
2602 875 2880 946 paradiso,
2932 876 3037 929 hoc
3066 884 3148 930 est
3175 873 3363 928 Eccle-

1787 966 1868 1021 sia
1898 980 2020 1032 sua,
2049 966 2525 1021 exterminandum
2555 968 2824 1037 judicant.
2893 966 3028 1021 Nam
3047 966 3373 1040 |Eeclesiam

1785 1074 1941 1114 suam
1980 1060 2295 1129 paradisum
2336 1075 2460 1116 esse
2485 1067 2737 1117 statuunt
2761 1078 2793 1128 ;,
2832 1061 3045 1131 seipsos
3071 1074 3201 1114 vero
3227 1058 3376 1112 Ada-

1786 1167 1935 1206 mum
1968 1160 2023 1206 et
2052 1151 2238 1207 Evam.
2285 1153 2399 1209 Cur
2439 1154 2607 1224 igitur
2655 1155 2848 1210 subter
2890 1152 3205 1209 cubiculum
3239 1149 3375 1205 illud

1786 1245 1965 1316 ignem
1998 1248 2263 1308 excitant,
2285 1262 2352 1301 ne
2375 1246 2581 1318 frigore
2603 1247 2971 1303 infestentur?
3005 1244 3377 1300 Etenim'Ada—

1766 1354 1910 1408 Διιιιιε
1942 1346 1996 1394 et
2025 1338 2136 1393 Eva
2173 1356 2350 1409 neque
2381 1341 2433 1394 in
2482 1341 2824 1412 hypocausto
2850 1339 3141 1411 degebant,
3198 1350 3376 1405 neque

1788 1435 1981 1489 ardore
2010 1434 2140 1499 ullo,
2166 1444 2329 1505 atque
2356 1442 2493 1492 aestu
2524 1436 2939 1506 premebantur;
2969 1447 3069 1488 nec
3099 1430 3270 1486 ullum
3294 1429 3377 1484 eis

1789 1526 1963 1599 frigus
1990 1536 2109 1583 erat
2144 1529 2470 1589 molestum:
2519 1528 2612 1583 sed
2648 1528 2944 1598 purissimo
2972 1540 3097 1581 aere
3120 1523 3376 1579 frueban-

1790 1628 1900 1685 tur,
1935 1635 2000 1675 ae
2030 1620 2259 1676 mirifice
2288 1637 2320 1675 a
2370 1619 2478 1675 Deo
2510 1626 2832 1691 temperato,
2875 1619 2967 1687 qui
3021 1632 3123 1673 nec
3157 1614 3378 1687 frigoris

1790 1712 2079 1768 atrocitate
2112 1712 2507 1777 vehementior,
2561 1727 2662 1768 nec
2694 1711 3086 1767 molestissimo
3136 1708 3375 1765 incendii

92 1796 375 1867 ἀμϐροσία
418 1794 561 1868 μάλα
592 1797 657 1849 ὲκ
707 1797 843 1851 Θεοῦ
875 1799 1253 1870 πεποιημένη·
1292 1800 1320 1851 ό
1348 1798 1525 1870 χῶρος
1568 1799 1685 1851 ὲτέ-

1804 1804 1996 1860 ardore
2027 1804 2303 1861 violentus
2338 1804 2666 1859 immineret.
2710 1803 2899 1859 Victus
2933 1802 3127 1859 iisdem
3154 1801 3376 1856 ambro-

92 1906 281 1953 τακτο,
316 1889 581 1961 θυμηδίας
610 1891 704 1943 καὶ
738 1890 973 1955 εὑζωῖας
1004 1890 1394 1962 πεποιημένος.
1431 1892 1541 1945 Καὶ
1566 1891 1689 1945 οὑτε

94 1982 236 2053 ῥίγει
276 1981 591 2035 ὑπέπιπτον
634 1980 757 2034 οὑτε
788 1982 1051 2046 καύσωνι,
1094 1983 1170 2047 ὠς
1197 1984 1355 2054 ἔφην.
1391 1983 1609 2037 Τούτων
1633 1984 1691 2037 δὲ

93 2075 358 2128 τοιούτων
388 2075 787 2147 ἐπιδεομένων,
844 2076 989 2147 μάλα
1027 2075 1157 2148 παρ’
1203 2077 1389 2141 αὑτοῖς
1435 2078 1469 2147 ἡ
1526 2076 1692 2147 χλεύη

94 2166 333 2235 γίνεται.

164 2366 245 2420 I".
279 2361 419 2419 Εἶτα
449 2364 507 2419 δὲ
560 2364 656 2420 καὶ
697 2364 758 2419 τὸ
797 2364 986 2438 ἕτερον
1035 2366 1437 2438 σκοπήσωμεν,
1495 2367 1610 2431 πῶς
1661 2370 1694 2439 ἡ

96 2461 252 2514 πᾶσα
309 2458 488 2529 πλάνη
526 2458 861 2529 διελέγχεται
888 2500 901 2523 ,
934 2460 1015 2512 ὅτι
1050 2460 1110 2512 οὑ
1161 2459 1290 2530 μίαν
1315 2458 1465 2531 ὥραν
1500 2461 1696 2513 ἐκεῖνοι

95 2551 303 2623 γυμνοὶ
344 2546 486 2623 ἦσαν
512 2593 526 2615 ,
572 2549 708 2603 άλλὰ
758 2549 1050 2619 διηνεκῶς,
1083 2550 1176 2603 καὶ
1223 2550 1323 2603 οὑκ
1378 2549 1694 2621 ᾐσχύνοντο.

94 2644 329 2709 Τούτοις
359 2643 419 2697 δὲ
459 2643 519 2697 οὑ
561 2643 649 2697 διά
678 2642 741 2696 τὸ
796 2642 871 2713 μὴ
902 2642 1257 2714 αἰσχύνεσθαι
1294 2644 1326 2713 ἡ
1383 2642 1697 2729 γύμνωσις,

96 2744 199 2798 κάν
225 2759 296 2795 τε
329 2740 501 2805 οὑτως
531 2739 684 2793 αὑτοὶ
709 2738 1023 2809 νομίσωσιν,
1057 2738 1172 2792 ἀλλ’
1206 2738 1369 2791 ἕνεκα
1402 2739 1699 2809 ἀκορέστου

96 2837 340 2906 ⁴εἶδον-ἶνις,
382 2835 570 2909 κόραις
625 2832 921 2902 ὀφθαλμῶν
976 2830 1315 2903 ἐμποιούσης
1349 2830 1449 2903 τὴν
1500 2830 1698 2895 θέλειν.

108 2927 426 3000 ’Δφῄρηται
475 2926 587 2998 γὰρ
621 2926 715 2979 ἀπ’
753 2924 934 2979 αὑτῶν
985 2926 1018 2994 ὴ
1075 2921 1248 2985 αίδὼ,
1289 2924 1322 2994 ἠ
1381 2924 1441 2975 ἐν
1498 2922 1707 2986 πάσαις

96 3022 292 3089 ἁγίαις
323 3020 569 3092 Γραφαῖς
604 3017 999 3089 ἐπαινουμένῳ
1036 3016 1131 3070 καὶ
1168 3014 1386 3085 ἀληθῶς
1412 3014 1703 3087 πεπλῆρω⁹

1802 1897 1881 1952 sia
1906 1903 2025 1952 erat
2054 1912 2085 1951 a
2114 1895 2222 1952 Deo
2251 1902 2460 1967 parata.
2498 1895 2677 1951 Locus
2704 1895 2824 1967 ipse
2851 1895 3017 1967 5.60
3039 1893 3274 1964 denique
3306 1891 3374 1946 ad

1799 2005 2018 2046 omnem
2064 2001 2183 2047 erat
2232 1991 2567 2061 voluptatem
2618 1988 3131 2060 iucunditatemque
3177 1988 3377 2041 factus.

1794 2081 1873 2135 Ita
1922 2089 1982 2134 ιιι
2009 2096 2185 2149 neque
2228 2081 2399 2151 algori
2451 2095 2630 2151 neque
2691 2078 2866 2143 aestui,
2922 2074 3381 2148 quemadmodum

1797 2173 2530 2238 diximus,essentobnoxii.
2563 2175 2633 2226 At
2659 2172 2736 2227 illi
2765 2186 2889 2226 eum
2922 2168 3229 2225 istiusmodi
3260 2168 3385 2222 vita:

1797 2265 2226 2320 necessitatibus
2260 2264 2495 2336 expositi
2523 2264 2655 2329 sint,
2707 2262 2933 2319 omnino
2980 2260 3201 2317 ridiculi
3234 2269 3383 2316 sunt.

1870 2378 1957 2434 Ill.
1998 2378 2141 2445 Quin
2175 2378 2310 2433 illud
2344 2394 2449 2433 una
2481 2375 2945 2433 considerandum
2979 2383 3086 2437 est,
3118 2371 3385 2443 quemad-

1801 2472 2023 2526 modum
2064 2487 2129 2525 ex
2166 2488 2231 2527 eo
2284 2471 2456 2527 refelli
2506 2469 2685 2525 omnis
2731 2469 2962 2523 istorum
3001 2482 3159 2521 error
3190 2467 3386 2535 possit.

1801 2559 1938 2615 Nam
1972 2562 2131 2630 primi
2158 2561 2330 2617 nostri
2365 2568 2618 2632 parentes
2656 2576 2762 2615 non
2794 2574 2901 2613 una
2936 2558 3201 2612 duntaxat
3231 2556 3386 2619 hora,

1803 2655 1897 2710 sed
1924 2661 2186 2723 perpetuo
2218 2653 2347 2706 nudi
2384 2652 2504 2708 sine
2534 2652 2644 2706 ullo
2672 2651 2878 2721 pudore
2903 2650 3327 2719 perseverabant
3344 2647 3385 2699 '.

1803 2744 1874 2798 At
1896 2745 1986 2801 isti
2015 2760 2125 2799 non
2157 2744 2303 2813 quod
2335 2743 2545 2812 pudore
2572 2749 2818 2802 careant,
2852 2748 3137 2810 propterea
3170 2739 3387 2792 nudan-

1806 2844 1918 2903 tur,
1958 2837 2177 2891 tametsi
2215 2837 2289 2890 ita
2332 2836 2437 2891 sibi
2483 2834 2871 2906 persuadeant,
2916 2834 3007 2888 sed
3042 2832 3093 2885 id
3123 2831 3392 2886 insatiatze

1807 2928 2020 2983 libidini
2044 2929 2314 2995 tribuunt,
2339 2943 2460 2998 qua?
2480 2925 2749 2996 ejusmodi
2775 2924 2951 2980 oculis
2989 2922 3272 2977 illecebras
3295 2930 3392 2974 ου-

1804 3018 1947 3089 jicit.
2018 3018 2303 3090 Siquidem
2335 3034 2552 3074 omnem
2590 3018 2667 3072 illi
2704 3016 3091 3073 verecundiam
3121 3013 3391 3083 deposue-

93 3129 185 3165 ται
213 3111 286 3165 τὸ
318 3109 471 3181 παρά
499 3109 576 3181 τῷ
620 3110 876 3182 προφήτῃ
908 3106 1198 3179 εἰρημένον
1238 3106 1321 3171 τὸ,
1353 3108 1533 3176 Ὅψις
1560 3109 1685 3176 πὸρι

1809 3118 1957 3175 runt,
1994 3126 2117 3181 qua:
2145 3110 2198 3164 in
2232 3112 2488 3167 omnibus
2523 3111 2696 3165 sacris
2733 3108 3036 3180 Scripturis
3062 3117 3145 3164 est
3176 3107 3393 3161 laudata

93 3222 213 3271 νης
239 3203 485 3274 ἐγένετό
509 3219 609 3257 σοι
628 3218 643 3233 ο
673 3203 1253 3271 ἀπηναισχύντησας
1270 3200 1421 3269 πρὸς
1444 3199 1695 3266 πάντας.

94 3294 260 3349 Μετὰ
291 3293 349 3347 δὲ
379 3294 480 3366 τὴν
516 3294 665 3365 ὥραν
709 3293 925 3363 ἐκείνην
951 3292 1056 3359 ἔξω
1106 3294 1341 3363 ἱματίοις
1376 3293 1702 3363 ἀμφιέννυν-

93 3404 188 3441 ται
207 3430 223 3453 ,.
274 3386 370 3441 καὶ
402 3386 584 3440 οὑκέτι
613 3387 750 3439 είσὶν
777 3388 805 3439 ό
850 3384 1041 3455 Ἀδάμ.
1076 3384 1213 3440 Οὑτε
1234 3384 1344 3456 γάρ
1368 3385 1527 3447 εὐθὺς
1558 3386 1702 3438 εκεῖ-

95 3496 188 3543 νος
224 3478 469 3549 ἱματίοις
522 3478 837 3555 ηὐπόρησεν
870 3494 885 3509 ο
926 3477 1064 3532 άλλὰ
1114 3476 1332 3549 πρῶτον
1387 3477 1485 3549 μὲν
1528 3474 1702 3545 φύλλα

98 3572 283 3643 συκῆς
303 3611 319 3637 ,
344 3570 535 3624 ἔπειτα
566 3571 622 3624 δὲ
648 3570 882 3642 χιτῶνας
909 3570 963 3624 δε
974 3570 1269 3642 ρματίνους
1288 3609 1303 3635 ,
1335 3568 1431 3623 καὶ
1455 3567 1533 3631 ὡς
1564 3567 1703 3639 μετὰ

97 3664 281 3717 πολὺν
326 3662 520 3735 χρόνον
571 3664 670 3734 τῆς
704 3662 885 3717 αὑτῶν
924 3661 1071 3732 ζωῆς
1116 3664 1149 3732 ή
1192 3660 1563 3733 παμποίκιλος
1606 3657 1702 3712 τοῦ

98 3749 243 3805 Θεοῦ
277 3751 442 3819 σοφία
469 3751 569 3821 τὴν
591 3752 799 3823 εἴδησιν
836 3752 1023 3815 αὐτοῖς
1064 3750 1288 3805 ἐνέϐαλε
1319 3750 1428 3805 τῶν
1457 3748 1699 3821 άμφίων.

99 3843 212 3900 Καὶ
245 3842 393 3897 κατά
428 3844 607 3898 πάντα
644 3844 846 3915 τρόπον
881 3843 1037 3896 αὑτοὶ
1069 3842 1534 3914 χλευασθήσονται
1556 3882 1571 3905 ,
1610 3842 1703 3896 λέ-

100 3954 302 4007 γοντες
331 3935 559 4000 ἑαυτοὺς
594 3932 734 3990 εἶναι
777 3936 906 4000 τοὺς
958 3936 1087 4005 περὶ
1134 3936 1337 4007 Ἀδάμ,
1368 3934 1703 4005 καταιιιευδό⁶

105 4045 266 4100 μενοι
303 4026 515 4081 ἑαυτῶν
539 4068 555 4091 ,
603 4027 699 4081 καὶ
734 4026 852 4099 ἅμα
894 4026 1275 4098 ἀληθεύοντες.
1312 4026 1435 4080 ’Ότι
1468 4026 1567 4097 μὲν
1596 4025 1706 4097 γὰρ

103 4110 258 4174 οὗτοι
300 4116 475 4187 Ἀδὰμ
507 4117 606 4189 οὑχ
638 4117 942 4189 ὑπάρχουσι
966 4160 980 4179 ,
1020 4115 1179 4170 τοῦτο
1208 4117 1366 4188 δῆλον
1395 4118 1460 4170 ὲκ
1496 4116 1708 4170 πολλῶν

102 4211 471 4284 τεκμηρίων,
506 4210 580 4276 ὡς
638 4210 730 4264 καὶ
776 4207 1171 4280 ὑπεδείξαμεν·
1225 4209 1307 4261 ὅτι
1356 4208 1413 4262 δὲ
1464 4208 1570 4261 ὑπὸ
1614 4207 1705 4261 τοῦ

105 4304 308 4376 νοητοῦ
343 4304 518 4373 ὄφεως
569 4303 962 4375 ὲμπαίξονται,
1001 4300 1160 4354 τοῦτο
1210 4301 1370 4369 δῆλον
1420 4300 1571 4371 παρὰ
1608 4300 1709 4372 τῆς

107 4396 495 4467 πεποιημένης
523 4395 701 4449 αὑτῶν
726 4394 1169 4467 σχηματουργίας
1187 4432 1202 4455 ,
1233 4394 1323 4447 καὶ
1349 4392 1705 4464 γυμνώσεως,

107 4488 211 4544 καὶ
238 4485 506 4559 αἰσχύνης
525 4527 540 4552 ,
571 4489 666 4543 καὶ
700 4486 916 4558 χλεύης.

182 4688 305 4744 Οὑκ
332 4686 483 4752 ἄξιον
508 4686 565 4739 δὲ
603 4686 751 4757 ἡμᾶς
794 4685 920 4759 περ)¹
951 4683 1147 4739 πολλοῦ
1203 4684 1474 4739 ποιεῖσθαι
1502 4682 1712 4736 τούτων

107 4780 216 4853 τὴν
268 4778 607 4849 ἀνατροπὴν.
664 4776 801 4831 Οὑτε
840 4778 950 4849 γάρ
1001 4777 1064 4830 τὸ
1111 4778 1296 4848 ὅμοιον
1351 4776 1531 4831 αὑτῶν
1575 4774 1713 4841 ζῶον

110 4870 337 4928 σκευῶν
367 4870 737 4941 πολεμικῶνῆ
768 4870 1017 4941 μεγάλων
1051 4870 1234 4925 ὅπλων
1272 4871 1547 4925 ἐπιδέεται
1577 4868 1714 4939 πρὸς

107 4964 431 5036 ἀναίρεσιν·
462 4962 550 5016 διὰ
578 4962 688 5034 γὰρ
725 4964 927 5033 μικρᾶς
966 4962 1164 5033 ράὗόου
1191 4963 1349 5017 τοῦτο
1368 4960 1712 5031 ἀφανίζεται.

109 5061 393 5124 Πολλάκις
442 5059 533 5123 δὲ,
570 5050 795 5130 μετάτὸ
836 5054 1192 5126 ἀνενεχθῆναι
1230 5055 1297 5107 ἐκ
1343 5052 1437 5106 τοῦ
1475 5050 1711 5121 φωλεοῦ,

109 5152 601 5224 καταλιμπάνεται
635 5151 826 5223 μόνον,
859 5149 955 5203 καὶ
986 5145 1165 5217 ἐαυτῷ
1186 5143 1591 5214 διαφθείρεται,
1624 5158 1717 5211 γε-

108 5248 397 5318 λώμενον,
431 5246 526 5300 καὶ
554 5244 958 5315 ὲμπαιζόμενον
981 5281 995 5306 ,
1037 5241 1130 5295 καὶ
1179 5238 1253 5310 μὴ
1301 5235 1715 5307 εὑρισκόμενον,

108 5339 207 5395 διὰ
243 5339 347 5410 τῆς
379 5338 757 5408 παγγελάστου
808 5336 1007 5407 χλεύης
1030 5374 1044 5398 ,
1088 5331 1186 5387 καὶ
1226 5329 1462 5399 άσέμνου
1509 5327 1711 5396 διαγω-

109 5432 224 5502 γῆς
250 5471 265 5496 ,
297 5430 393 5483 καὶ
422 5429 732 5493 ὑποθέσεως
758 5429 859 5500 τῆς
893 5427 1188 5500 ληρῳὸίας.
1212 5424 1323 5487 Τὰς
1365 5422 1422 5477 δὲ
1454 5420 1582 5492 ἑξῆς
1611 5421 1729 5474 δια-

108 5522 505 5593 σκοπήσαντες
532 5560 548 5584 ,
578 5520 741 5574 πάλιν
776 5502 1061 5591 εὑξώμεθα
1102 5516 1233 5572 Θεὸν
1265 5515 1549 5585 συνεργεῖν
1593 5513 1725 5585 ἡμῖν

195 5715 215 5750 ⁸
245 5713 388 5774 Gen.
421 5728 505 5782 ιιι,
536 5712 590 5770 6.
668 5715 689 5746 ²
711 5712 850 5774 Ibid.
882 5711 913 5765 7
1016 5712 1035 5743 ³
1059 5710 1264 5768 Jerem.
1294 5726 1377 5779 ιιι,
1410 5708 1467 5764 ‘5.

1805 3203 2026 3272 saepius.
2078 3200 2157 3255 Ac
2183 3202 2474 3256 verissime
2503 3202 2556 3253 in
2587 3200 2696 3254 illis
2723 3199 2998 3269 propheta:
3021 3198 3227 3252 dictum
3259 3197 3395 3250 illud

1804 3294 2096 3364 impletur:
2154 3290 2330 3346 Frons
2386 3293 2676 3346 meretricis
2709 3291 2855 3361 facta
2882 3300 2959 3345 est
3000 3288 3114 3353 tibi,
3144 3288 3395 3357 pudorem

1804 3386 1944 3455 apud
1988 3402 2165 3441 omnes
2205 3386 2445 3455 abjecisti
2477 3385 2518 3440 ³.
2578 3386 2847 3440 Caeterum
2878 3392 3004 3455 post
3036 3384 3181 3438 illam
3208 3383 3395 3435 horam

1807 3479 1942 3535 foris
1971 3493 2191 3534 rursum
2216 3487 2395 3534 vestes
2420 3478 2657 3532 induunt
2677 3485 2731 3532 et
2749 3475 2940 3531 Adami
2967 3491 3088 3531 esse
3113 3474 3395 3529 desinunt.

1806 3570 1998 3641 Neque
2025 3572 2171 3625 enim
2204 3571 2252 3627 is
2281 3573 2515 3627 vesuium
2547 3570 2779 3626 subinde
2794 3568 3009 3639 cepiam
3044 3567 3234 3621 habuit
3261 3582 3275 3630 ;
3304 3563 3401 3621 sed

1806 3664 2041 3735 primum
2083 3662 2218 3719 licus
2265 3664 2418 3728 folia,
2471 3663 2669 3719 deinde
2719 3661 2976 3733 pelliceas
3018 3660 3252 3714 tunicas.
3323 3658 3403 3712 lta

1802 3756 2026 3812 nonnisi
2055 3756 2216 3827 longo
2249 3766 2514 3827 tempore,
2566 3769 2730 3823 quam
2762 3753 2933 3807 creati
2960 3752 3199 3815 fuerant,
3233 3749 3403 3805 vcsti—

1808 3856 2120 3904 mentorum
2160 3863 2321 3904 usum
2359 3848 2545 3903 divina
2601 3847 2724 3901 illos
2773 3845 3042 3916 sapientia
3092 3843 3400 3914 perdocuit.

1806 3939 2175 4005 Quamobrem
2229 3939 2378 3997 omni
2413 3937 2738 4008 explodendi
2775 3937 3013 3991 ludibrio
3060 3946 3190 3995 sunt
3220 3934 3403 3990 homi-

1808 4047 1906 4088 nes
1936 4031 2049 4096 isti,
2086 4031 2178 4101 qui
2222 4030 2324 4085 sibi
2352 4030 2544 4083 Adami
2586 4028 2956 4084 conditionem
2990 4027 3323 4092 vindicant;
3348 4025 3404 4080 in

1807 4140 1917 4196 quo
1940 4123 2139 4194 partim
2164 4124 2529 4187 mentiuntur,
2556 4122 2749 4193 partim
2777 4136 2904 4175 vera
2925 4120 3201 4189 jactitant.
3251 4115 3408 4182 Quod

1808 4217 1955 4272 enim
1998 4215 2193 4271 Adami
2230 4231 2338 4271 non
2383 4224 2535 4279 sunt,
2578 4214 2789 4277 multis,
2836 4220 2895 4267 ut
2930 4212 3296 4273 ostendimus,
3324 4215 3410 4263 est

1810 4307 2148 4379 argumentis
2173 4306 2554 4378 perspicuum;
2584 4303 2733 4375 quod
2760 4312 2939 4357 autem
2972 4301 3042 4355 ab
3068 4295 3398 4367 intelligibili

1811 4405 2063 4468 serpente
2111 4397 2480 4458 ludificentur,
2531 4394 2583 4448 id
2620 4406 2748 4447 vero
2783 4406 2848 4445 ex
2889 4387 3145 4442 affectate
3192 4386 3408 4438 illorum

1742 4493 1787 4550 ι)
1815 4490 2004 4545 habitu
2034 4505 2097 4545 ac
2144 4491 2394 4545 nuditate
2425 4486 2789 4559 pudendoque
2819 4499 2883 4537 ac
2922 4479 3153 4535 ridendo
3204 4477 3297 4532 illo
3324 4476 3411 4528 in-

1818 4583 2014 4638 stituto
2043 4589 2286 4637 constat.

1893 4697 2189 4753 Enimvero
2228 4696 2365 4751 tanti
2399 4694 2621 4750 illorum
2662 4688 3053 4748 refutationem
3104 4682 3284 4737 facere
3314 4678 3417 4733 mi-

1823 4793 1970 4848 nime
1998 4791 2279 4846 convenit.
2315 4788 2502 4859 Neque
2528 4787 2675 4843 enim
2709 4782 2913 4839 animal
2941 4778 3097 4843 illud,
3128 4775 3219 4831 cui
3256 4773 3415 4830 simi-

1818 4883 1899 4939 les
1923 4890 2073 4949 sunt,
2116 4881 2327 4937 bellicis
2359 4878 2629 4934 machinis
2658 4884 2751 4930 aut
2787 4870 3091 4942 majoribus
3125 4865 3293 4921 armis
3322 4880 3418 4919 ex-

1820 4970 2051 5045 pugnari
2101 4971 2405 5041 conlicique
2438 4967 2625 5032 debet,
2677 4964 2773 5020 sed
2806 4962 3001 5033 exigua
3053 4958 3236 5028 aliqua
3264 4956 3417 5025 virga

1820 5063 2165 5134 profligatur.
2222 5062 2380 5130 Saepe
2413 5058 2578 5114 etiam
2608 5070 2734 5110 cum
2766 5068 2832 5107 ex
2865 5048 3137 5106 foramine
3174 5060 3419 5102 emerse-

1824 5156 1916 5218 rit,
1949 5154 1993 5209 si
2034 5153 2233 5207 ibidem
2270 5150 2592 5206 destitutum
2625 5144 2812 5208 fuerit,
2857 5156 2954 5213 per
2974 5154 3097 5195 sese
3122 5134 3422 5204 exstingui-

1796 5278 1803 5287 .
1829 5249 1922 5295 tur
1948 5238 2063 5294 risu
2094 5238 2336 5292 omnium
2367 5250 2432 5289 ac
2465 5232 2702 5287 ludibrio
2734 5237 3011 5290 vexatum,
3048 5238 3150 5280 nec
3179 5220 3417 5291 amplius

1832 5328 2129 5399 reperitur,
2151 5334 2506 5397 posteaquam
2535 5321 2613 5378 sic
2638 5318 2861 5374 illusum
2893 5312 3078 5374 fuerit,
3106 5325 3170 5363 ac
3202 5307 3423 5361 ludicrae

1832 5398 2218 5491 occupationis
2248 5416 2527 5471 materiem
2557 5409 2875 5484 praebuerit.
2909 5404 3028 5461 Jam
3058 5416 3189 5458 vero
3224 5398 3292 5453 ad
3317 5411 3424 5450 ea:-

1837 5522 1983 5569 teras
2017 5507 2447 5568 considerandas
2484 5504 2723 5561 haereses
2762 5499 3007 5557 divinam
3031 5504 3193 5564 opem
3229 5500 3427 5547 rursus
