3750 6200
28 184 97 240 6|
611 181 982 242 ADVERSUS
1023 183 1365 242 HAERESES
1403 181 1531 243 LIB.
1566 180 1632 241 il.
1663 180 1831 241 ΤΟΜ.
1864 184 1988 244 1.-
2025 182 2306 245 HIERES.
2343 182 2476 246 LIV.

3164 191 3274 254 962

31 303 108 367 αἳ,
149 301 241 356 καὶ
264 301 394 365 τοὺς
424 301 519 355 ἀπ’
546 302 744 367 αὐτοῦ,
784 305 843 358 ἐν
874 306 994 368 ταῖς
1022 304 1211 369 ἄλλαις
1238 304 1573 378 προδεδηλω-

1727 317 1795 357 tm
1840 302 2107 361 adversus
2153 305 2418 374 Elxaum,
2455 307 2570 363 sive
2592 306 2767 373 Elxai,
2806 320 2971 380 quam
3013 302 3133 382 eius
3176 327 3270 369 se-

27 394 190 456 ιέναις
220 392 492 464 αἱρέσεσι.
524 393 668 447 nam
696 393 807 465 γάρ
834 394 1085 464 φωρατὸς
1123 397 1151 449 ὁ
1181 396 1423 461 τοιοῦτος
1442 436 1457 461 ,
1487 396 1583 450 καὶ

27 507 32 555 ι
66 482 127 549 ἐξ
158 482 326 536 αὑτοῦ
381 482 624 555 αἵρεσις,
663 486 747 539 ὅτι
780 485 1144 544 πεπλάνηται.
1185 486 1277 552 '0;
1320 483 1415 541 οὖν
1451 487 1583 541 σαῦιι

28 589 99 623 αν
132 570 365 642 ἡλιακὴν
399 573 731 637 πεπαικότες
769 574 949 645 ῥάϐδῳ
973 575 1186 641 ἐλπίδος
1206 576 1445 648 Χριστοῦ
1487 576 1582 633 καὶ

28 657 90 712 κοῦ
129 658 390 730 σταυροῦ,
422 662 515 714 ἐπὶ
541 662 639 725 τὰς
673 662 800 733 ἑξῆς
836 664 1024 735 ἴωμεν.
1056 665 1241 732 Ἄξιον
1274 667 1382 738 γάρ
1410 667 1579 734 ἑστιν,

28 746 40 801 ι
85 750 310 821 ὀνόματι
346 751 574 816 ἑαυτοὺς
608 754 702 808 καὶ
744 746 893 808 οῦτοι
944 754 1236 826 ὠνόμασαν
1259 796 1275 821 ,
1316 755 1394 828 τῷ
1432 758 1583 829 αὐτῷ

28 842 296 916 εχρῆσθαι
322 843 608 914 αἰνίγματι
646 845 728 909 εἰς
760 844 960 917 φράσιν
989 846 1088 918 τῆς
1115 847 1295 901 αὐτῶν
1329 860 1582 920 παραπε-

27 932 298 1005 εοιημένης
349 934 686 1005 ἐπωνυμίας.
733 934 1003 1006 Σαμψαῖοι
1033 936 1144 1007 γὰρ
1185 938 1581 1011 ὲρμηνεύονται

28 1023 269 1079 Πλιακοί.
317 1025 410 1078 Διὸ
461 1026 554 1079 καὶ
584 1026 677 1080 τοῦ
708 1026 849 1090 ζώου
876 1028 1320 1100 ἐπεμνήσθημεν.
1362 1032 1580 1104 Ταύτην

32 1114 102 1183 ἀρ
142 1114 353 1185 σαῦραν
410 1114 553 1169 οὕτω
601 1116 989 1186 κικλήσκουσιν
1026 1118 1257 1192 ἡλιακὴν
1289 1122 1337 1173 οί
1371 1121 1580 1193 ἄνθρω-

27 1222 104 1259 τοι.
140 1206 354 1276 Χείρων
381 1206 438 1257 δὲ
484 1207 691 1277 αἵρεσις
737 1205 876 1277 αὕτη
927 1208 1028 1277 τῆς
1076 1208 1315 1281 σαύρας,
1349 1212 1481 1283 μηδὲ
1516 1211 1579 1266 τὸ

28 1299 279 1365 νκαριαίον
308 1296 408 1366 τῆς
431 1296 699 1366 ὠφελείας
739 1298 937 1368 ἑαυτῆς
963 1300 1183 1370 ἔχουσα.
1230 1302 1440 1374 Ἑκείνη
1470 1304 1579 1377 γὰρ

28 1387 445 1458 ιμϐλυωπήσασα
477 1389 651 1461 χρόνῳ
687 1390 1003 1457 ἀναϐλέπει,
1041 1392 1130 1446 διὰ
1159 1393 1387 1466 ἡλιακῆς
1417 1414 1577 1468 στρο-

27 1479 252 1547 αάλιγγος
280 1480 339 1531 ὲν
362 1480 555 1551 φωλεῷ
578 1481 715 1552 πρὸς
741 1483 1007 1553 ἀνατολὴν
1033 1485 1352 1556 προσέχοντι
1378 1488 1578 1561 ἑαυτὴν

27 1569 391 1638 τροσθλίψασα,
432 1570 527 1623 καὶ
556 1571 918 1641 νηστεύσασα,
949 1572 1085 1643 πρὸς
1118 1574 1381 1646 ἀνατολὴν
1410 1593 1580 1631 κατα-

1684 395 1888 450 ctarios
1934 395 2008 451 sit
2066 396 2285 452 abunde
2333 400 2659 468 praestitum.
2724 400 2950 458 Accedit
2996 403 3270 459 neminem

1682 501 1826 552 esse,
1862 489 1956 558 qui
1988 503 2099 544 non
2126 497 2182 544 et
2205 490 2372 553 hunc,
2407 498 2462 545 et
2490 484 2655 561 hujus
2679 493 2928 549 haeresim
2974 509 3003 548 a
3032 497 3269 552 veritate

1682 579 1982 650 plurimum
2018 581 2277 637 aberrare
2307 594 2628 653 cognoscat.
2667 583 2940 648 Quocirca
2966 600 3091 640 cum
3123 590 3270 642 sola~

1691 686 1806 728 rem
1834 673 1984 728 illam
2019 674 2278 730 lacertam
2311 676 2427 746 spei
2460 676 2515 730 in
2547 676 2771 731 Christo
2818 683 2872 730 et
2900 676 3083 733 crucis
3114 678 3269 748 virgo

1680 762 2138 830 percusserimus,
2154 764 2220 819 ad
2238 774 2463 820 caeteras
2476 780 2787 837 pergamus.
2803 765 2899 822 Est
2907 767 3053 823 enim
3065 767 3269 823 rationi

1686 859 2141 920 consentaneum,
2160 863 2216 909 ut
2236 871 2346 925 quo
2370 858 2592 912 nomine
2614 859 2826 928 seipsos
2847 856 3106 925 afﬁciunt,
3122 857 3264 914 idem

1681 942 1750 999 ad
1782 944 1904 999 illos
1935 945 2363 1014 adumbrandos,
2413 959 2578 1018 alque
2621 952 2941 1005 ementitam
2983 950 3135 1006 illam
3171 965 3268 1021 ap-

1680 1036 2031 1107 pellationem
2082 1039 2472 1096 declarandam
2533 1042 2915 1098 adhibeamus.
2999 1042 3266 1114 Sampsaei

1679 1130 1882 1200 quippe
1920 1132 2063 1188 idem
2112 1149 2176 1188 ac
2215 1134 2436 1190 Solares
2465 1135 2799 1205 signiﬁcant.
2839 1138 2998 1194 Unde
3025 1148 3080 1193 et
3118 1139 3266 1194 illius

1680 1223 1937 1279 animalis
1969 1226 2342 1283 meminimus.
2410 1225 2544 1281 Nam
2576 1227 2847 1297 ejusmodi
2887 1231 3147 1285 lacertam
3173 1245 3267 1286 so-

1680 1313 1857 1369 larem
1895 1316 2143 1372 homines
2183 1328 2527 1389 nuncupant.
2582 1320 2906 1392 Quanquam
2952 1324 3109 1394 longe
3150 1323 3266 1380 haec

1680 1406 1908 1463 haeresis
1929 1408 2133 1464 lacerta
2156 1410 2401 1467 deterior
2427 1422 2532 1476 est,
2569 1430 2691 1484 quae
2722 1431 2790 1471 ne
2818 1416 3107 1470 minimum
3139 1417 3265 1485 qui-

1678 1497 1803 1554 dem
1835 1501 2055 1557 utilitati
2098 1518 2212 1558 suae
2244 1506 2500 1561 consulit.
2551 1508 2621 1561 At
2662 1508 2892 1574 lacerta,
2936 1524 3062 1565 cum
3113 1509 3264 1564 oculi

1677 1590 1919 1660 caligare
1960 1595 2248 1664 coeperint,
2297 1598 2581 1667 aliquanto
2634 1609 2823 1670 postea
2856 1601 3033 1657 visum
3063 1601 3265 1658 solaris

28 1657 202 1711 οοῦσα.
234 1660 387 1731 Αὕτη
418 1661 503 1728 δὲ,
538 1663 702 1732 φημὶ,
743 1663 775 1733 ἡ
811 1663 1022 1735 αἵρεσις
1042 1704 1057 1728 ,
1088 1664 1146 1717 ὲν
1176 1664 1378 1720 ἅπασιν
1408 1669 1573 1741 ἀφρο-

1727 1657 1949 1739 ircuitus
1980 1657 2246 1742 beneﬂcio
2279 1657 2496 1759 recipit.
2538 1657 2673 1746 Nam
2705 1694 2762 1747 in
2792 1701 3084 1763 angustum
3116 1693 3266 1748 fora-

28 1753 157 1823 ύνην
190 1752 458 1826 κέκτηται
489 1754 584 1810 τοῦ
611 1755 783 1821 ζώουο
815 1756 876 1811 οὐ
906 1757 1013 1830 μὴν
1043 1760 1147 1811 κᾶν
1172 1759 1234 1812 τὸ
1264 1761 1443 1831 ὀλίγον
1476 1762 1571 1817 τοῦ

28 1846 231 1903 παίνου.
275 1847 367 1912 Ὠς
399 1843 492 1902 οὖν
536 1848 630 1902 καὶ
662 1848 802 1921 αῦτη
840 1852 872 1920 ἡ
925 1852 1168 1924 αἵρεσις,
1206 1852 1380 1926 σαῦρα
1437 1856 1573 1927 ἡμῖν

28 1937 239 2007 εχθείσα
263 1940 464 2013 ἡλιακὴ
488 1981 501 2008 ,
552 1943 646 1996 καὶ
676 1944 1126 2014 καταπατηθείσα
1156 1945 1261 2000 ὑπὸ
1294 1947 1394 2019 τῆς
1438 1949 1574 2021 άλη-

30 2030 137 2093 εἰας
176 2032 344 2087 αὑτοῦ
378 2036 603 2104 μενέτω.
640 2036 804 2105 μηδὲν
837 2037 1207 2108 κατισχύουσα
1241 2040 1371 2112 περῖ¹
1392 2041 1409 2070 ¹
1434 2041 1571 2096 Θεοῦ

30 2124 264 2191 ληθείας.
316 2125 506 2196 Ἡμεῖς
552 2127 611 2180 δὲ
663 2128 755 2180 ἐπὶ
790 2128 889 2192 τὰς
943 2128 1143 2196 ἄλλας,
1196 2130 1272 2196 ὡς
1324 2132 1570 2204 εἴπομεν,

28 2213 401 2288 ξορμήσωμεν.

1679 1786 1826 1838 men,
1848 1775 1995 1845 quod
2018 1778 2086 1833 ad
2114 1779 2378 1834 orientem
2403 1781 2695 1839 obversum
2721 1792 2829 1851 est,
2858 1785 3108 1849 subiens,
3139 1798 3264 1841 sese

1679 1867 2014 1938 comprimit,
2037 1870 2222 1939 pabuli
2244 1888 2463 1945 expers,
2482 1886 2538 1931 et
2560 1876 2629 1930 ad
2645 1878 2913 1933 orientem
2930 1877 3260 1948 respiciens.

1677 1953 1880 2012 Contra
1913 1958 2139 2017 haeresis
2168 1964 2273 2027 ista
2318 1966 2674 2023 stoliditatem
2724 1968 2944 2038 quidem
2990 1970 3046 2023 in
3078 1970 3263 2023 omni-

1682 2049 1786 2105 bus
1814 2051 2067 2109 animalis
2106 2054 2271 2125 hujus
2297 2059 2587 2130 exprimit:
2627 2061 2775 2131 quod
2799 2060 2855 2116 in
2887 2075 2956 2117 eo
2982 2062 3264 2117 verolau-

1688 2141 1872 2199 tlsbile
1898 2154 2005 2212 est,
2028 2162 2095 2203 ne
2117 2149 2344 2206 minima
2374 2151 2593 2222 quidem
2628 2169 2693 2208 ex
2723 2161 2877 2224 parte
2902 2155 3131 2212 obtinet.
3156 2158 3265 2230 lgi-

1680 2240 1772 2289 tur
1797 2251 1919 2307 quae
1960 2253 1994 2293 a
2020 2240 2181 2297 nobis
2210 2242 2434 2299 haeresis
2467 2244 2675 2300 lacerta
2712 2248 2909 2304 solaris
2933 2251 3257 2320 appellatur,

52 2307 278 2365 veritate
314 2310 631 2379 proculcata
694 2310 857 2365 modo
896 2311 1260 2383 relinquatur,
1316 2329 1444 2371 cum
1466 2318 1608 2376 nihil
1640 2324 1906 2386 adversus
1941 2328 2183 2387 divinam
2223 2333 2510 2390 veritatem
2582 2336 2796 2394 edicere
2829 2307 3091 2410 potueiit.
3151 2307 3264 2400 Nos

32 2400 212 2455 nterim
240 2400 305 2455 ad
331 2402 491 2467 alias,
519 2411 576 2457 ut
599 2402 806 2460 dictum
838 2418 943 2471 est,
969 2410 1410 2482 progrediamur.

343 2543 533 2597 KATA
560 2543 1041 2603 GEOAOTIANQN
1068 2550 1220 2619 (67),

28 2678 323 2744 "plaltOO’t’h
361 2678 607 2750 τετάρτη
631 2722 647 2744 ,
676 2683 716 2752 ἠ
750 2682 849 2737 καὶ
888 2687 1279 2758 πεντηκοστὴ
1304 2687 1574 2762 τετάρτη.

64 2815 137 2866 Λ’.
166 2813 391 2885 Ἀνέστη
425 2815 585 2870 πάλιν
615 2816 870 2881 Θεόδοτός
893 2836 996 2885 τις,
1024 2820 1366 2894 ἀπόσπασμα
1398 2825 1575 2898 ὑπάρ-

2029 2563 2310 2625 CONTRA
2339 2568 2905 2640 THEODOTIANOS,

2050 2696 2284 2757 Haresis
2309 2701 2504 2757 XXXI
2522 2704 2561 2759 γ
2589 2706 2699 2761 sive
2723 2703 2878 2764 LIV.

1744 2827 1785 2884 1.
1838 2826 2154 2891 Theodotus
2197 2836 2396 2892 iterum
2441 2840 2634 2895 nescio
2668 2844 2792 2915 quis
2834 2845 3078 2915 emersit,
3111 2848 3263 2904 velut

28 2923 100 2973 [ων
125 2908 187 2959 ὲκ
208 2908 309 2978 τῆς
337 2909 743 2980 προειρημένης
770 2911 966 2990 ἀλόγου
1012 2914 1279 2986 αἱρέσεως
1299 2957 1312 2982 ,
1340 2918 1436 2988 τῆς
1471 2920 1572 2991 ἀρ-

32 2995 251 3022 -....ι..--
289 2997 344 3022 ,ι
375 3000 513 3022 ﬂ--.
554 3002 665 3022 πμ]
708 3020 733 3022 μ
855 3004 921 3022 η.
1054 3006 1089 3022 ,ς
1328 3010 1340 3022 .
1428 3010 1440 3022 .
1516 3014 1528 3022 .

1727 2924 1949 2992 )pendix
1980 2928 2231 2996 quaedam
2276 2928 2427 2985 illius
2468 2908 2715 2997 haeresis,
2759 2951 2921 3005 quam
2964 2908 3260 3009 Aldgorum

28 2995 251 3068 ουμένης
287 2997 349 3051 τὸ
374 3000 514 3054 κατὰ
554 3002 805 3075 Ἰωάννην
854 3004 1182 3075 Εὑαγγέλιον
1209 3048 1223 3072 ,
1255 3010 1350 3061 καὶ
1392 3010 1484 3064 τὸν
1512 3014 1570 3065 ὲν

27 3087 137 3157 εὑτῷ
184 3089 243 3142 ὲν
272 3089 414 3162 ἀρχῇ
443 3090 572 3145 ὄντα
590 3093 722 3148 Θεὸν
744 3096 935 3165 Λόγον,
969 3098 1063 3151 καὶ
1087 3099 1187 3172 τὴν
1216 3101 1379 3155 αὑτοῦ
1416 3103 1575 3158 Ἀπο-

27 3180 239 3251 εάλυψιν,
272 3183 409 3237 ἀλλὰ
449 3187 542 3239 καὶ
575 3190 693 3251 ταῖς
733 3188 923 3254 ἄλλαις
956 3192 1201 3265 αἱρέσεσι
1232 3199 1354 3259 ταῖς
1387 3214 1574 3269 προει-

27 3275 251 3344 ῡημέναις
280 3279 681 3350 συγγενόμενός
709 3299 767 3335 τε
793 3283 887 3337 καὶ
914 3285 1281 3357 συνυπάρξας,
1314 3290 1406 3342 καὶ
1430 3288 1571 3344 κατὰ

27 3364 86 3418 τὸν
120 3370 302 3439 χρόνον
354 3371 527 3433 αὐτὰς
562 3372 942 3446 διαδεξάμενος
964 3419 978 3442 ,
1017 3378 1074 3444 ἐξ
1106 3374 1272 3451 οὗπερ
1300 3383 1348 3434 oi
1381 3383 1572 3435 Θεοδο-

27 3462 161 3513 τιανοὶ
197 3462 542 3534 καλούμενοι.
584 3467 694 3519 Καὶ
747 3469 793 3520 εἰ
847 3468 946 3538 μὲν
1001 3471 1234 3543 ὑπάρχει
1283 3477 1315 3545 ἡ
1361 3477 1573 3547 αἵρεσις

28 3567 73 3601 τι
96 3550 224 3622 αὕτη
246 3552 589 3625 ἀγνοουμένη
614 3558 634 3587 ²
655 3572 669 3586 θ
702 3555 772 3609 τὰ
801 3558 857 3612 δὲ
882 3560 961 3623 είς
984 3562 1129 3632 ἡμᾶς
1153 3564 1259 3616 ἀπὸ
1293 3582 1574 3637 συγγραμ-

27 3644 177 3697 ιάτων
214 3644 443 3700 ἐλθόντα
466 3647 720 3719 ἐροῦμεν.

70 3927 224 4000 Οὗτος
258 3938 287 3989 ὁ
317 3935 572 4000 Θεόδοτος
594 3936 701 3990 ἀπὸ
735 3937 1029 4002 Βυζαντίου
1065 3939 1164 4011 μὲν
1190 3939 1437 4012 ὡρμᾶτο,
1475 3942 1574 4015 τῆς

28 4029 108 4080 νυνὶ
131 4029 468 4101 καλουμένης
505 4031 915 4085 Κωνσταντίνου
948 4031 1174 4097 πόλεως,
1205 4035 1437 4096 σκυτεὺς
1475 4036 1573 4106 τὴν

27 4122 200 4193 τέχνην,
243 4122 569 4195 πολυμαθὴς
620 4124 677 4177 δὲ
723 4123 800 4196 τῷ
858 4124 1020 4197 λόγῳ.
1072 4120 1239 4190 Οὗτος
1292 4128 1409 4199 ἄμα
1461 4128 1573 4183 τισὶ

27 4214 227 4268 πλείοσιν
271 4217 328 4268 ὲν
375 4214 554 4287 καιρῷ
598 4215 837 4287 διωγμοῦ
875 4218 1183 4282 ἐνστάντος,
1214 4219 1315 4272 οὐκ
1351 4214 1466 4273 οἶδα
1494 4221 1562 4274 εί·

1674 3015 1897 3071 nomine
1919 3020 2459 3090 comprehendimus,
2486 3041 2606 3095 quae
2627 3024 2856 3084 Joannis
2884 3029 3260 3102 Evangelium,

1673 3116 1726 3163 ct
1754 3108 1921 3165 Deum
1952 3110 2100 3165 illum
2131 3112 2294 3187 463
2322 3114 2585 3182 Verbum.
2622 3122 2766 3191 quod
2799 3137 2828 3176 a
2860 3123 3131 3196 principio
3160 3126 3268 3181 ibi-

1673 3201 1795 3257 dem
1830 3203 2000 3260 l‘uisse
2025 3205 2249 3273 dicitur,
2301 3202 2514 3265 necnon
2542 3220 2596 3266 et
2616 3213 2985 3284 Apocalypsin
3031 3218 3261 3288 respuit.

1675 3290 1782 3346 Sed
1826 3299 1881 3347 et
1925 3293 2157 3349 aliarum
2208 3306 2334 3353 ante
2378 3311 2933 3357 commemoratarum
2984 3305 3265 3362 liaercseon

1674 3385 2075 3441 consuetudine
2121 3403 2256 3445 usus
2310 3397 2395 3446 est
2429 3389 2771 3458 Theodotus,
2812 3402 2866 3450 et
2899 3397 3090 3452 eodem
3125 3406 3265 3453 tem-

1674 3491 1807 3547 pore
1838 3477 1995 3545 vixit,
2032 3488 2196 3551 atque
2222 3481 2333 3538 illis
2359 3492 2547 3553 postea
2575 3489 2868 3555 successit,
2895 3504 2925 3543 a
2956 3506 3063 3560 quo
3087 3489 3266 3547 Theo-

1674 3565 1880 3620 dotiani
1920 3583 2119 3623 nomen
2166 3582 2518 3641 acceperunt.
2574 3571 2695 3631 Jam
2742 3592 2872 3633 vero
2912 3580 3057 3635 sitne
3104 3581 3266 3637 hodie

1675 3668 1954 3726 superstes
1982 3659 2096 3714 haec
2114 3660 2357 3726 haeresis,
2380 3665 2538 3733 plane
2563 3668 2871 3725 nescimus:
2902 3685 3023 3740 qua:
3043 3673 3265 3744 quidem

1676 3749 1940 3804 librorum
1974 3754 2349 3810 monumentis
2383 3756 2452 3810 ad
2482 3767 2729 3812 nostram
2760 3763 3082 3819 memoriam
3112 3782 3265 3821 com~

1675 3842 1929 3897 mendata
1959 3854 2350 3913 pervenerunt,
2378 3862 2444 3903 ea
2471 3850 2847 3907 narrabimus.

1746 3933 2066 3991 Theodotus
2100 3937 2269 4008 igitur
2326 3939 2430 3997 iste
2486 3940 2747 4014 Byzantio
2793 3946 3083 4012 oriundus,
3130 3965 3253 4021 quae

1675 4023 1837 4079 hodie
1876 4026 2383 4098 Constantinopolis
2414 4031 2640 4099 dicitur,
2676 4043 2793 4090 arte
2825 4040 3092 4094 coriarius
3121 4048 3263 4108 erat,

1678 4117 1841 4172 homo
1871 4119 2117 4188 apprime
2150 4121 2345 4177 litteris
2391 4122 2660 4182 eruditus.
2702 4124 2808 4194 Qui
2844 4144 2967 4183 cum
3000 4132 3122 4188 aliis
3152 4134 3270 4204 ple-

1676 4208 1864 4280 risque
1920 4209 2143 4265 ineunte
2189 4216 2570 4283 persecutione
2614 4219 3042 4290 comprehensus
3098 4225 3269 4296 (quae-

27 4311 116 4361 ιεῖν
143 4312 198 4362 ὲν
224 4308 301 4379 τῷ
358 4306 586 4380 τοιούτῳ
605 4309 626 4341 ³
666 4307 775 4381 (68)
810 4308 1055 4382 διωγμῷ,
1091 4309 1200 4364 ἀπὺ
1230 4309 1325 4365 τοῦ
1355 4310 1454 4384 τῆς
1480 4313 1573 4367 πό-

1727 4316 1805 4354 am
1846 4317 1973 4356 vero
2020 4319 2082 4357 ea
2137 4307 2448 4373 persecutio
2478 4306 2663 4373 fuerit,
2699 4312 2941 4368 nondum
2975 4318 3263 4390 comperi),

28 4416 128 4463 iam;
165 4400 421 4473 ἄρχοντος
472 4400 795 4472 συλληφθεὶς
832 4404 969 4473 μετὰ
1033 4402 1313 4471 πλειόνων,
1358 4405 1453 4458 καὶ
1485 4404 1573 4470 ἐξ·

28 4492 235 4567 πασθείς
270 4494 367 4547 σὺν
400 4496 513 4557 τοῖς
535 4492 714 4558 ἄλλοις
745 4493 885 4564 ὑπὲρ
919 4493 1177 4566 Χριστοῦ,
1208 4498 1256 4548 οί
1290 4499 1389 4567 μὲν
1423 4497 1573 4550 ἄλλοι

27 4583 189 4649 πάντες
235 4584 370 4639 Θεοῦ
416 4585 613 4649 δοῦλοι,
660 4585 720 4639 τὸ
754 4589 901 4649 νῖκος
944 4587 1402 4659 ἁπενεγκάμενοι,
1437 4589 1574 4662 βραα

27 4676 152 4731 Ξείων
196 4677 383 4749 ἔτυχον
420 4678 779 4751 ἐπουρανίων,
820 4680 963 4751 ὑπὲρ
995 4679 1231 4752 Χριστοῦ
1289 4684 1573 4756 μαρτυρή-

27 4779 215 4828 ῖαντεςο
266 4760 421 4830 οὗτος
468 4766 546 4829 δὲ,
579 4767 812 4839 Χριστὸν
841 4770 1221 4841 ἀρνησάμενος
1270 4772 1361 4825 καὶ
1394 4789 1573 4845 παρα-

27 4853 172 4907 τεσὼν
200 4856 290 4910 τοῦ
324 4858 528 4911 σκοποῦ
562 4860 661 4931 τῆς
693 4859 974 4930 ἀληθείας,
1002 4863 1059 4914 ὲν
1108 4862 1449 4935 παρεκϐάσει
1480 4882 1571 4933 γε-

28 4945 208 5017 γένηται
230 4966 243 4979 ο
287 4951 379 5003 καὶ
414 4948 523 5003 ἀπὸ
548 4950 807 5021 αἰσχύνης
840 4951 1040 5022 πολλῆς
1063 4951 1168 5005 ὑπὸ
1197 4951 1403 5007 πολλῶν
1433 4954 1573 5008 ὀνει-

27 5040 283 5110 ἓιξόμενος,
312 5042 587 5112 ἀπέδρασε
618 5046 717 5114 τῆς
751 5043 946 5098 ἑαυτοῦ
977 5044 1249 5117 πατρίδος.
1301 5044 1410 5098 Καὶ
1438 5046 1572 5098 ἀναο

28 5130 99 5194 Ξὲις
145 5134 221 5197 εἰς
283 5132 533 5207 Ῥώμην,
587 5136 764 5189 ἐκεῖσε
797 5134 1086 5207 διέτριϐεν.
1150 5134 1286 5188 ’Υπό
1332 5152 1475 5199 τινος
1515 5135 1572 5190 δὲ

75 5289 88 5320 ¹
113 5289 252 5346 Adde
282 5288 383 5362 τῆς
414 5290 561 5363 περί.
658 5293 680 5323 ³
702 5291 763 5347 F.
793 5290 1115 5364 ἀγνοοῦμεν.
1195 5292 1216 5324 ³
1248 5288 1307 5347 F.
1336 5292 1529 5364 ὁποίῳ.

73 5447 173 5517 (67)
211 5447 629 5521 Θεοδοτιανῶν.
684 5446 951 5521 Theodoti
1001 5448 1217 5521 coriarii
1281 5446 1579 5521 Byzantini

28 5521 236 5590 neininit
263 5519 643 5575 Eusebiuslib.
676 5537 708 5575 ν
741 5519 970 5582 Ηίθιογ..
999 5520 1252 5590 cap.r27,
1284 5519 1338 5575 et
1368 5520 1459 5574 alii
1487 5522 1567 5575 ci-

28 5590 95 5641 .ati
127 5605 153 5641 a
181 5589 410 5645 Baronio
464 5590 529 5644 Α.
585 5590 707 5645 196.
747 5589 1084 5657 Augustinus
1132 5589 1563 5646 Theodotionem

28 5659 256 5718 nominat.
293 5660 525 5718 Exstant
557 5662 891 5719 collectanea
923 5677 952 5716 a
983 5658 1249 5721 Theodoti
1278 5662 1565 5733 cujusdam

1679 4393 1773 4448 sed
1801 4402 1915 4447 tum
1949 4396 2017 4450 ab
2051 4397 2202 4452 urbis
2227 4398 2481 4468 prtefecto
2514 4416 2641 4457 cum
2674 4403 2923 4474 pluribus
2954 4418 3265 4480 correptus.

1681 4500 1805 4541 cum
1842 4486 1910 4542 de
1940 4490 2197 4546 omnibus
2238 4492 2468 4562 quaestio
2507 4495 2580 4549 ob
2614 4494 2820 4553 Christi
2857 4513 3058 4555 nomen
3099 4502 3268 4560 habe-

1680 4588 1855 4645 retur,
1888 4582 2070 4638 caeteri
2090 4584 2309 4654 quidem
2342 4584 2438 4641 Dei
2469 4584 2681 4655 famuli,
2707 4599 2980 4661 reportata
3013 4594 3265 4661 victoria,

1679 4672 1905 4729 caeleste
1958 4676 2240 4745 praemium
2301 4682 2585 4735 consecuti
2640 4689 2803 4746 sunt,
2853 4685 3115 4755 martyrio
3166 4702 3267 4757 pro

1679 4761 1903 4819 Christo
1946 4764 2247 4835 perfuncti.
2300 4767 2370 4823 At
2419 4770 2510 4825 ille
2557 4769 2835 4827 Christum
2888 4790 3114 4845 negans,
3146 4785 3199 4831 et
3234 4792 3265 4830 a

1680 4872 1850 4929 scopo
1902 4860 2149 4917 veritatis
2198 4861 2482 4929 excideris,
2515 4872 2892 4935 transgressor
2928 4874 3009 4921 est
3064 4868 3264 4925 factus.

1685 4951 1804 5018 Qua
1833 4967 1901 5008 ex
1928 4968 2008 5020 re,
2037 4967 2163 5006 cum
2198 4954 2401 5024 probro
2423 4958 2666 5012 omnium
2702 4960 2974 5029 appetitus
3001 4960 3264 5031 pudorem

1682 5046 1959 5101 sustinere
1983 5060 2089 5100 non
2130 5049 2564 5116 posset,’.relicta
2616 5052 2813 5121 patria,
2848 5053 3113 5123 profugus
3164 5053 3265 5108 Ro.

1679 5152 1827 5192 mam
1862 5139 2166 5206 contendit,
2217 5149 2273 5196 et
2302 5142 2414 5197 illic
2454 5142 2738 5201 habitavit.
2778 5142 2886 5200 Sed
2920 5156 2973 5203 et
3010 5144 3198 5202 Romae
3241 5162 3264 5199 ε

1673 5450 1895 5524 scriptis
1913 5450 2051 5521 apud
2073 5449 2246 5524 Clem.
2272 5465 2395 5524 qum
2420 5467 2529 5507 non
2556 5452 2776 5524 sapiunt
2797 5451 3162 5509 Catholicum.

1746 5516 1859 5593 (68)
1892 5516 2014 5593 ρῦκ
2037 5516 2170 5593 οἶδα
2186 5516 2393 5593 chiefs-
2418 5523 2489 5577 ἐν
2511 5522 2591 5590 τῷ
2619 5516 2882 5589 τοιούτῳ.
2910 5524 3264 5580 Correximus

1673 5592 1863 5668 61mqu
1906 5592 2028 5668 Sub
2166 5592 2374 5648 Aurelii
2405 5596 2783 5665 persecutione
2823 5596 2969 5652 istud
3009 5595 3263 5668 contigit,

1674 5670 1736 5718 ut
1755 5662 1956 5722 Barca.
1993 5664 2193 5720 ibidem
2220 5662 2439 5723 asserit.
