3846 6284
490 191 608 251 ,963

1880 184 1945 242 S.
1982 185 2330 245 EPIPHANII
3671 196 3753 251 κδ

499 301 741 374 quodam
779 300 998 373 agnitus
1049 300 1110 356 in
1164 297 1415 357 eamdem
1459 298 1818 371 ignominiam
1868 302 2082 369 incidit,

2200 306 2544 375 ἐπιγνωσθεὶς
2572 307 2680 361 τῶν
2722 308 2782 361 ὲν
2826 307 3033 383 Ῥώμῃ,
3084 310 3180 366 καὶ
3210 311 3374 366 πάλιν
3403 310 3503 366 καὶ
3552 312 3676 366 ἐκεῖ
3698 313 3760 383 τῷ

501 408 627 447 cum
660 392 756 463 qui
792 392 946 447 illum
979 391 1050 447 ob
1098 391 1368 463 insignem
1398 391 1762 448 eruditionem
1798 404 2086 459 noverant,

408 534 415 540 .
501 485 576 541 ob
627 484 684 539 id
711 499 841 540 eum
874 484 1218 548 incusarent,
1267 483 1414 554 quod
1467 484 1630 539 homo
1675 486 1960 540 excellenti
1993 486 2091 541 do-

502 576 683 631 ctrina
712 575 980 646 praeditus
1010 590 1039 629 a
1072 574 1302 629 veritate
1335 574 1650 630 excidisset.
1691 574 1870 641 Quare
1902 576 1971 631 ad
2003 578 2089 631 sui

501 668 917 723 excusationem
948 682 1144 721 vanum
1177 664 1374 736 dogma
1409 672 1751 721 commentus
1774 675 1882 731 est,
1916 675 2090 737 atque

504 762 581 817 ita
606 762 819 833 jactare
842 762 1011 832 erepit
1044 777 1057 811 :
1108 760 1241 831 Ego,
1278 759 1477 829 inquit,
1512 775 1625 814 non
1668 760 1837 815 Deum
1872 764 2088 831 negavi,

505 852 604 910 sed
657 853 951 910 hominem.
1003 852 1377 922 Interrogatus
1435 867 1595 921 quem
1646 854 1864 909 demum
1914 856 2091 910 homi-

505 947 671 1004 nem?
724 946 1026 1009 Christum,
1079 944 1280 1013 inquit,
1338 943 1617 1000 hominem
1678 947 1890 1016 negavi.
1954 946 2091 1002 Hinc

505 1036 866 1109 praedicanda:
900 1036 1051 1091 falsae
1088 1036 1255 1104 hujus
1288 1035 1565 1105 Opinionis
1610 1039 1951 1093 occasionem
1997 1054 2091 1093 ac-

505 1131 670 1202 cepit,
705 1136 765 1183 ut
796 1137 850 1184 et
903 1127 1288 1191 Theodotiani,
1344 1145 1579 1198 quorum
1628 1132 1721 1186 ille
1771 1142 1963 1187 auctor
1993 1148 2092 1188 ex-

506 1222 666 1278 stitit.
695 1221 796 1289 Qui
821 1220 1027 1276 nudum
1049 1220 1325 1276 hominem
1354 1236 1477 1277 esse
1503 1223 1780 1277 Christum
1813 1233 2092 1289 asserunt,

505 1322 672 1383 atque
698 1329 766 1369 ex
810 1313 1052 1367 humano
1081 1312 1291 1367 semine
1338 1314 1603 1383 genitum.
1638 1312 1842 1369 Deinde
1870 1331 1993 1385 quae
2025 1318 2089 1371 ad

506 1406 718 1461 erroris
757 1406 841 1461 sui
878 1404 1246 1474 patrocinium
1285 1406 1697 1461 accommodata
1732 1409 1952 1476 reperit,
1981 1424 2091 1463 non

506 1505 662 1552 casto
691 1511 756 1551 ac
787 1497 1006 1552 sincero
1040 1497 1242 1553 mentis
1285 1497 1520 1564 judicio,
1553 1497 1648 1553 sed
1690 1506 1749 1552 ut
1796 1498 2093 1568 impietatis

506 1606 620 1646 suae
653 1590 892 1662 speciem
942 1591 1183 1660 aliquam
1227 1598 1283 1647 et
1333 1591 1572 1646 colorem
1604 1600 1893 1662 quaereret,
1929 1594 2090 1648 undi-

2189 399 2337 469 αὐτῷ
2371 399 2562 453 ὀνείδει
2594 400 2910 463 ὑποπίπτει,
2942 402 3032 456 διὰ
3062 402 3125 458 τὸ
3170 404 3525 459 ἐκκαλεῖσθαι
3560 406 3586 436 ⁸
3616 404 3763 458 αὑτὸν

2191 490 2296 543 ὑπὸ
2323 490 2429 543 τῶν
2461 492 2623 544 αὑτὸν
2655 492 2871 545 εἰδότων
2902 494 3091 547 ἕνεκεν
3124 494 3224 566 τῆς
3256 494 3660 565 πολυμαθείας,
3693 498 3765 549 ὅτι

2190 582 2327 654 ἀνὴρ
2362 583 2678 655 πολυμαθὴς
2732 585 2850 649 πῶς
2895 585 3120 651 ἐξέπεσε
3171 587 3271 657 τῆς
3320 586 3627 657 ἀληθείαςς
3683 586 3766 649 Εἰς

2187 675 2382 728 ἑαυτοῦ
2422 674 2479 728 δὲ
2522 675 2683 746 δῆθεν
2721 678 2897 748 κακὴν
2925 677 3221 745 ἀπολογίαν
3254 678 3579 748 ἑπινενόηκε
3631 679 3767 730 τουτὶ

2190 765 2251 816 τὸ
2284 764 2437 817 κενὸν
2466 764 2662 835 δόγμα,
2712 768 2911 837 φήσας,
2964 768 3047 821 ὅτι
3080 768 3211 821 Θεὸν
3255 768 3369 835 ἐγὼ
3391 770 3498 822 οὐκ
3529 771 3769 841 ἠρνησά-

2195 874 2322 927 μην,
2354 857 2491 910 ἀλλὰ
2518 858 2804 929 ἄνθρωπον
2846 858 3192 929 ἠρνησάμην.
3233 856 3367 912 Εἶτα
3413 861 3767 930 ἐρωτώμενος

2192 951 2341 1001 ποῖον
2363 948 2669 1019 ἄνθρωπον,
2706 951 3057 1020 ἀποκρίνεται
3086 951 3290 1019 λέγων’
3326 951 3568 1020 Χριστὸν
3608 955 3767 1023 ἠρνηο

2194 1042 2375 1111 σάμην
2425 1041 2731 1113 ἄνθρωπον.
2794 1042 3071 1097 Ἐντεῦθεν
3115 1042 3284 1107 οὕτως
3329 1045 3514 1115 ἑαντῷ
3541 1046 3769 1116 £61:pr-

2191 1148 2308 1184 τισε
2340 1132 2515 1201 δόγμα
2551 1133 2643 1185 καὶ
2669 1133 2719 1184 oi
2766 1134 2859 1186 ἀπ’
2890 1133 3054 1186 αὑτοῦ
3103 1135 3459 1198 συσταθέντες
3490 1135 3768 1188 Θεοδοτιι-

2190 1225 2291 1288 νοὶ,
2340 1223 2495 1292 ψιλὸν
2528 1224 2813 1296 ἄνθρωπον
2860 1226 3157 1293 φάσκοντες
3206 1223 3343 1280 εἶναι
3387 1227 3483 1279 τὸν
3514 1228 3766 1297 Χριστὸν,

2192 1316 2289 1370 καὶ
2316 1317 2383 1369 ὲκ
2413 1316 2725 1387 σπέρματος
2754 1317 2945 1388 ἀνδρὸς
2978 1318 3357 1389 γεγεννῆσθαι.
3390 1314 3529 1373 Εἶτα
3557 1321 3643 1381 είς
3673 1336 3767 1372 κα·

2192 1407 2295 1479 κὴν
2339 1408 2534 1462 ἑαυτοῦ
2567 1409 2861 1477 ἀπολογίαν
2905 1410 3113 1482 ὅσαπερ
3161 1412 3404 1481 χρήσιμα
3444 1406 3632 1481 εὗρεν,
3680 1412 3767 1481 οὐχ

2194 1500 2373 1569 ἁγνῶς
2420 1502 2683 1571 οἰόμενος,
2724 1501 2859 1555 ἀλλὰ
2909 1502 3175 1572 προφάσει
3226 1502 3323 1572 τῆς
3383 1501 3591 1555 ἑαυτοῦ
3640 1519 3768 1573 παρ-

2194 1592 2462 1664 εκτροπῆς
2494 1592 2664 1646 ταῦτα
2679 1593 2855 1664 ἑαυτῷ
2883 1593 3232 1664 ὲπισωρεύων
3259 1593 3597 1664 συνήγαγενῖ
3632 1593 3762 1655 Ὀτι,

498 1699 613 1753 .que
658 1684 924 1740 arcessita
975 1682 1214 1755 collegit.
1257 1681 1435 1738 Veluti
1470 1683 1619 1753 quod
1668 1698 1699 1737 a
1736 1681 1968 1739 Domino
2004 1685 2092 1739 di-

2200 1685 2384 1756 φησὶν,
2431 1687 2459 1738 ὁ
2506 1686 2711 1757 Κύριος
2759 1685 2902 1756 ἔφη’
2937 1684 3069 1739 Νῦν
3110 1684 3179 1737 δὲ
3230 1683 3452 1750 ζητεῖτέ
3497 1700 3577 1753 με
3625 1684 3765 1738 ἀπε-

505 1783 655 1831 ctum
688 1784 772 1831 est
802 1793 815 1831 :
851 1773 1011 1829 Nunc
1037 1786 1213 1830 autem
1241 1776 1484 1846 quierim
1524 1791 1605 1828 me
1638 1775 1955 1844 inter/icere,
1997 1777 2091 1832 Ito-

506 1872 722 1934 minem,
765 1870 855 1939 qui
894 1870 1167 1923 veritatem
1225 1867 1368 1923 vobis
1418 1866 1625 1923 locutus
1660 1883 1775 1922 eum
1811 1868 1825 1898 ⁸
1872 1869 2087 1935 :vides,

505 1962 703 2030 inquit,
742 1960 1017 2016 hominem
1050 1960 1200 2015 illum
1232 1975 1377 2016 esse.

577 2051 641 2108 il.
686 2050 888 2108 Verum
933 2051 1079 2122 quod
1112 2052 1167 2106 in
1200 2052 1395 2107 eodem
1429 2052 1550 2108 ioco
1576 2052 1831 2110 Christus
1860 2069 2093 2125 usurpa-

2192 1776 2435 1840 κτεῖναι,
2462 1774 2795 1845 ἄνθρωπον,
2831 1777 2901 1845 ὃς
2939 1776 3054 1846 τὴν
3082 1776 3373 1843 ἀλήθειαν
3398 1776 3549 1847 ὑμῖν
3594 1777 3765 1831 λελά-

2189 1874 2381 1939 ληκα·
2417 1871 2568 1942 ὁρᾷς,
2604 1872 2791 1942 φησὶν,
2819 1873 2902 1926 ὅτι
2930 1871 3213 1944 ἄνθρωπός
3244 1876 3414 1927 ἐστιν.

2250 2045 2326 2101 Β.
2363 2045 2523 2101 Ἀλλὰ
2542 2048 2643 2101 οὐκ
2666 2047 2807 2116 ἔγνω
2827 2050 2855 2102 ὁ
2876 2048 3061 2113 τάλας,
3087 2049 3170 2102 ὅτι
3195 2050 3253 2101 ἑν
3274 2047 3459 2118 ταυτῷ
3479 2050 3507 2100 ὁ
3534 2048 3581 2100 Χ
3591 2060 3766 2120 puto;

511 2145 604 2208 vit,
643 2144 834 2200 infelix
863 2146 1115 2215 ignorat:
1149 2144 1436 2199 Veritatem
1469 2162 1628 2216 quam
1653 2146 1830 2201 audivi
1866 2164 1898 2201 a
1928 2146 2093 2202 Patre

2200 2139 2363 2209 λέγει·
2417 2140 2535 2210 Τὴν
2569 2141 2880 2209 ἀλήθειαν,
2912 2141 2993 2210 ἢν
3035 2142 3276 2209 ἤκουσα
3312 2142 3474 2208 παρὰ
3509 2142 3621 2196 τοῦ
3662 2146 3770 2196 Ha-

508 2254 622 2293 meo
659 2240 703 2293 ’.
740 2235 952 2303 Quibus
984 2244 1191 2305 patrem
1224 2235 1390 2308 m
1436 2253 1595 2292 suum
1627 2239 1860 2308 appellat
1899 2237 2089 2305 Deum,

509 2346 619 2385 non
652 2329 928 2385 hominem
966 2328 1175 2398 utique.
1218 2329 1355 2382 Nam
1390 2329 1437 2385 si
1484 2328 1551 2385 ab
1581 2330 1800 2386 homine
1831 2331 1964 2386 illud
2002 2346 2094 2386 au-

509 2424 723 2487 diisset,
773 2434 1117 2491 nequaquam
1167 2420 1417 2476 veritatis
1464 2421 1780 2477 testimonio
1826 2422 2090 2494 gloriare-

509 2521 619 2578 tur,
647 2519 705 2567 ut
728 2512 798 2567 ab
829 2511 1146 2567 hominibus
1173 2512 1456 2566 veritatem
1492 2528 1552 2567 se
1583 2514 1830 2583 accipere
1863 2512 2089 2570 diceret.

512 2605 620 2662 Sed
648 2605 773 2661 ideo
802 2604 908 2661 ista
938 2602 1096 2663 dixit.
1136 2613 1195 2657 ut
1221 2618 1345 2659 esse
1388 2619 1447 2659 se
1496 2603 1665 2659 Deum
1709 2606 2023 2661 ostenderet
2061 2622 2092 2659 a

508 2699 673 2755 Patre
720 2698 879 2755 initio
932 2699 1199 2769 genitum,
1256 2698 1642 2770 hominemque
1695 2708 1883 2755 nostra
1927 2715 2093 2755 causa

513 2788 739 2855 factum,
772 2786 979 2858 itaque,
1015 2786 1161 2857 quod
1210 2785 1279 2840 ad
1337 2801 1559 2842 carnem
1605 2789 1818 2855 attinet,
1865 2790 2093 2847 interfe-

511 2890 683 2943 ctum,
716 2886 777 2934 ut
801 2876 1090 2933 divinitate
1119 2887 1382 2949 perpetuo
1411 2879 1634 2933 viveret.

580 2970 830 3028 Addebat
873 2970 1085 3025 nullum
1119 2984 1179 3025 se
1219 2970 1273 3025 in
1334 2984 1400 3025 eo
1450 2978 1733 3040 peccatum
1781 2969 2092 3037 admisisse,

513 3064 661 3138 quod
710 3061 992 3117 Christum
1044 3069 1319 3131 negasset,
1352 3060 1797 3131 quandoquidem
1831 3060 1905 3115 ita
1935 3060 2097 3116 Chri-

514 3166 636 3215 stus
663 3156 780 3227 ipse
811 3155 1029 3211 locutus
1061 3162 1144 3209 est
1177 3171 1191 3207 :
1231 3152 1416 3209 Omnis
1453 3151 1777 3221 blasphemia
1804 3154 2098 3207 remittetur

513 3247 833 3313 hominibus,
869 3255 917 3300 et
944 3247 1034 3316 qui
1060 3244 1259 3299 dixerit
1288 3244 1498 3299 verbum
1526 3246 1579 3298 in
1616 3243 1815 3298 Filium
1846 3245 2096 3312 hominis,

514 3343 814 3397 remittetur
843 3340 911 3393 ei.
951 3338 1056 3405 Qui
1091 3346 1267 3391 autem
1298 3336 1734 3406 blasphemaverit
1760 3337 1813 3391 in
1840 3336 2097 3407 Spiritum

517 3443 788 3500 sanctum,
834 3448 940 3486 non
978 3430 1276 3485 remittetur
1309 3430 1358 3483 ei
1392 3430 1434 3483 ³.
1480 3428 1586 3484 Sed
1626 3429 1882 3484 nimirum
1914 3431 2101 3487 miser-

516 3530 689 3584 rimus
710 3528 874 3581 homo
902 3540 1013 3580 non
1048 3523 1300 3593 intelligit
1326 3522 1606 3578 Christum
1638 3522 1947 3589 Dominum,
1972 3540 2095 3580 cum

516 3633 708 3675 eorum
739 3616 833 3687 qui
867 3615 921 3669 in
958 3630 1017 3669 se
1050 3615 1179 3668 olim
1226 3613 1613 3669 contumeliosi
1660 3613 1895 3680 fuerant,
1928 3623 1982 3668 et
2031 3613 2099 3668 ad

519 3707 900 3781 pmnitentiam
936 3721 1057 3760 sese
1090 3703 1468 3769 traduxerant,
1507 3705 1835 3760 conlirmare
1865 3706 2097 3760 salutem

519 3808 766 3872 cuperet,
815 3815 883 3855 ne
915 3798 1079 3852 ullam
1128 3795 1395 3853 adversus
1428 3812 1522 3852 eos
1554 3812 1771 3867 pomum
1804 3799 2102 3854 constitue-

519 3900 623 3958 ret,
679 3906 778 3963 pro
825 3906 923 3947 sua
976 3888 1283 3944 incredibili
1318 3889 1660 3944 humanitate
1704 3905 1767 3944 ac
1812 3888 2099 3944 clementia

517 3983 802 4039 oraculum
856 3982 990 4037 illud
1045 3980 1306 4037 edidisse.
1364 3979 1752 4048 Quod'autem
1811 3983 2101 4036 nonnullos

520 4076 642 4133 fore
672 4082 1045 4147 cognosceret,
1093 4073 1186 4144 qui
1234 4072 1291 4127 in
1340 4070 1605 4142 Spiritum
1641 4080 1891 4127 sanctum
1925 4072 2104 4126 insur-

519 4178 730 4243 gerent,
767 4184 832 4223 ac
884 4166 1239 4237 hlaSphemiis
1289 4173 1625 4235 appeterent,
1677 4166 1879 4235 quique
1928 4176 1982 4220 et
2032 4165 2099 4218 ad

519 4261 771 4319 servilem
799 4259 1169 4314 conditionem
1214 4258 1541 4328 redigereut,
1573 4266 1626 4313 et
1658 4266 1902 4312 creatum
1940 4267 2102 4328 atque

518 4370 551 4408 a
599 4353 694 4410 Dei
732 4360 930 4407 natura
962 4352 1199 4405 alienum
1235 4365 1358 4407 esse
1387 4348 1653 4415 dicerent,
1685 4365 1794 4421 quo
1830 4350 1976 4404 hunc
2010 4366 2100 4404 er-
2134 4390 2176 4443 D

518 4460 701 4500 rorem
734 4443 1070 4506 excluderet,
1119 4442 1318 4512 adjecit
1349 4462 1363 4498 :
1399 4443 1500 4510 Qui
1554 4452 1728 4496 autem
1764 4441 2099 4511 blasphema-

520 4538 650 4592 uerit
680 4536 733 4590 in
768 4534 1031 4604 Spiritum
1059 4544 1325 4599 sanctum,
1360 4551 1460 4589 non
1494 4535 1789 4588 remittetur
1832 4533 1901 4597 ei,
1940 4549 2100 4602 neque

521 4629 626 4692 hic,
657 4642 816 4696 neque
844 4628 896 4680 in
939 4626 1119 4696 futuro
1150 4626 1366 4681 strculo.
1412 4627 1470 4681 in
1503 4642 1611 4696 quo
1645 4641 1751 4680 non
1794 4640 1889 4681 eos
1918 4627 2009 4695 qui
2042 4641 2100 4680 se

520 4716 1218 4789 biasphemarentlaudare
1282 4717 1486 4783 voluit;
1550 4717 1644 4771 sed
1700 4715 2096 4786 prmscientiam

520 4825 676 4865 suam
734 4810 1239 4877 humanitatemque
1304 4808 1658 4873 monstravit,
1714 4823 1830 4877 qua:
1883 4823 2097 4869 corum,

520 4902 615 4971 qui
666 4910 789 4971 post
836 4901 1227 4971 blasphemiam
1282 4899 1655 4969 ptenitentiam
1706 4901 2098 4969 suscepissent,

523 4992 861 5049 stabilienda:
881 4992 1042 5047 saluti
1073 4993 1406 5046 consuleret.
1436 4989 1647 5045 Etenim
1679 4989 1820 5045 idem
1847 4992 1955 5044 alio
1982 4991 2102 5045 loco

524 5083 661 5139 dixit
681 5082 792 5153 (69)
818 5103 830 5138 ε
864 5084 968 5151 Qui
996 5086 1257 5154 negaverit
1283 5099 1362 5137 me
1394 5099 1574 5137 coram
1598 5083 1917 5149 hominibus,
1943 5100 2103 5153 nega-

526 5176 669 5230 bitur
725 5193 904 5230 coram
954 5176 1117 5231 Patre
1158 5195 1271 5232 meo
1326 5178 1379 5244 ‘;
1443 5178 1617 5233 item:
1660 5175 1876 5247 Negabo
1920 5177 2098 5231 illum.

524 5268 728 5323 Contra
758 5288 770 5323 :
805 5268 910 5335 Qui
945 5286 1026 5323 me
1064 5270 1336 5339 confessus
1370 5269 1550 5338 fuerit,
1590 5266 1876 5338 conﬁtebor
1924 5268 2099 5337 ipsum

522 5371 706 5425 eorum
742 5359 903 5415 Patre
945 5378 1076 5415 meo.

2190 2231 2331 2299 τρός
2362 2249 2499 2299 μου.
2546 2230 2765 2301 Πατέρα
2809 2230 2865 2283 δὲ
2914 2228 3107 2285 ἑαυτοῦ
3153 2228 3300 2298 λέγει
3337 2228 3505 2282 Θεὸν
3553 2229 3621 2282 οὐ
3666 2227 3765 2299 γὰρ

2191 2323 2497 2395 ἄνθρωπον.
2547 2324 2611 2377 Et
2662 2323 2773 2394 γὰρ
2823 2323 2971 2396 παρά
3021 2322 3311 2396 ἀνθρώπου
3350 2323 3629 2392 ἀκήκοεν,
3674 2322 3767 2373 οὐκ

2194 2418 2463 2488 ἐκαυχᾶτο
2508 2420 2575 2489 τῇ
2627 2417 2900 2489 μαρτυρίᾳ
2946 2417 3045 2488 τῆς
3076 2417 3353 2489 ἀληθείας,
3384 2415 3563 2485 λέγων
3621 2414 3768 2486 παρὰ

2192 2506 2497 2579 ἀνθρώπων
2547 2509 2644 2579 τὴν
2694 2508 2949 2580 ἀλήθειαν
3001 2509 3327 2581 ἀκηκοέναιο
3388 2508 3504 2561 ἀλλ’
3539 2510 3630 2561 ἴνα
3677 2524 3771 2578 ar,-

2198 2601 2342 2672 μάνη
2392 2600 2525 2654 Θεὸν
2559 2601 2721 2655 αὐτὸν
2757 2601 2885 2655 ὄντα
2920 2603 2983 2654 ὲκ
3024 2600 3232 2673 [ἰατρὸς
3274 2599 3483 2653 ἄνωθεν
3516 2616 3772 2669 γεγεννη-

2199 2694 2377 2764 μένον,
2410 2695 2698 2766 ἇνθρωπον
2741 2695 2799 2747 δὲ
2843 2696 2911 2748 δι’
2942 2696 3087 2765 ἡμᾶς
3119 2694 3430 2764 γενόμενον,
3473 2694 3568 2747 καὶ
3611 2694 3772 2765 σαρκὶ

2196 2786 2624 2851 ἀποκτανθέντα,
2660 2786 2872 2857 θεότητι
2909 2786 2964 2840 δὲ
2998 2788 3084 2841 ἀεὶ
3113 2785 3309 2852 ζῶντα.

2270 2966 2407 3026 Εἶτά
2437 2987 2570 3040 φησι
2605 2969 2740 3041 μηδὲ
2783 2968 3053 3041 ἁμαρτίαν
3102 2969 3482 3041 πεποιηκέναι,
3530 2970 3769 3042 amca-

2205 3084 2361 3138 μενον
2394 3066 2484 3117 τὸν
2507 3064 2742 3136 Χριστόν
2762 3080 2775 3092 ·
2808 3062 2996 3127 αὑτοῦ,
3032 3063 3185 3134 φησι,
3211 3062 3305 3117 τοῦ
3331 3064 3571 3133 Χριστοῦ
3598 3067 3770 3117 εἰπάν-

2199 3174 2322 3221 τος·
2354 3154 2530 3211 Πᾶσα
2560 3156 2927 3224 ,βλασφημία
2973 3153 3334 3222 ἀφεθήσεται
3381 3155 3507 3220 τοῖς
3556 3155 3773 3222 ἀνθρώ-

2200 3266 2355 3316 ποις,
2390 3248 2487 3302 κιιὶ
2518 3251 2550 3301 ό
2572 3247 2767 3318 λέγων
2788 3248 2975 3317 λόγον
3003 3250 3087 3312 εἰς
3120 3248 3225 3300 τὸν
3247 3247 3384 3300 Υἱὸν
3412 3246 3520 3300 τοῦ
3552 3248 3769 3315 ἀνθρώ-

2200 3358 2317 3394 που
2344 3339 2708 3409 ἀφεθήσεται
2737 3338 2915 3403 αὐτῷ.
2959 3336 3042 3402 Τῷ
3073 3338 3141 3391 δὲ
3179 3336 3652 3406 ,βλασφημοῦντι
3688 3340 3773 3402 εις

2199 3434 2263 3487 τὸ
2320 3433 2493 3503 ἅγιον
2542 3432 2804 3502 Πνεῦμα,
2857 3434 2968 3485 οὐκ
3018 3429 3380 3500 ἀφεθήσεται
3427 3429 3611 3495 αὐτῷ.
3669 3431 3774 3483 Καὶ

2200 3527 2384 3594 ἀγνοεῖ
2420 3527 2449 3578 ὁ
2484 3524 2712 3588 ἐλεεινὸς
2750 3524 2862 3594 (69)
2915 3522 3225 3595 ἄνθρωπος.
3252 3523 3332 3575 ὅτι
3385 3521 3703 3591 βουλόμενος
3747 3523 3773 3572 ὁ

2201 3616 2405 3687 Κύριος
2438 3614 2839 3685 ἀσφαλίσασθαι
2886 3615 2982 3686 τὴν
3018 3613 3309 3684 σωτηρίαν,
3344 3614 3442 3684 τὴν
3488 3613 3600 3666 τῶν
3652 3629 3769 3665 ποτε

2201 3710 2364 3764 αὐτὸν
2408 3708 2938 3780 βλασφημησάντων,
2964 3704 3084 3760 -καὶ⁵
3114 3705 3661 3775 ὲπανακαμπτόντων
3703 3708 3772 3768 εἰς

2205 3804 2511 3874 μετάνοιαν,
2548 3802 2635 3854 ἵνα
2665 3800 2739 3871 μὴ
2782 3800 2941 3871 ὁρίσῃ
2970 3800 3154 3861 αὐτοῖς
3201 3797 3524 3868 καταδίκην,
3568 3798 3664 3851 τὸν
3699 3798 3772 3850 1d-

2201 3911 2297 3963 γον
2327 3893 2679 3965 προθεσπίζει
2706 3892 2773 3945 δι’
2803 3890 3103 3962 ὑπερϐολὴν
3128 3890 3433 3961 πραότητος
3452 3891 3544 3943 καὶ
3590 3891 3772 3958 φιλαν-

2202 3985 2466 4057 θρωπίας,
2517 3987 2609 4039 καὶ
2650 3984 2737 4038 διὰ
2778 3984 2838 4037 τὸ
2868 3983 3062 4037 εἰδέναι
3095 3983 3256 4036 αὑτὸν
3297 3982 3592 4053 μέλλοντάς
3633 4000 3775 4044 τινας

2203 4078 2614 4142 ἐπανίστασθαι,
2651 4076 2743 4130 καί
2775 4075 3114 4146 βλασφημεῖν
3135 4076 3195 4128 τὸ
3220 4076 3373 4143 ἆγιον
3412 4074 3663 4145 Πνεῦμα,
3690 4076 3775 4127 καὶ

2205 4172 2263 4223 ὲν
2294 4170 2443 4236 τάξει
2469 4169 2654 4223 δούλου
2695 4170 2827 4223 αὐτὸ
2858 4168 3156 4241 ὁρίζεσθαι,
3197 4168 3290 4220 καὶ
3326 4168 3542 4221 κτιστὸν
3576 4170 3673 4221 καὶ

2203 4261 2411 4330 λότριον
2448 4262 2545 4331 τῆς
2581 4260 2674 4314 τοῦ
2726 4260 2860 4313 Θεοῦ
2891 4260 3098 4322 οὐσίας.
3150 4259 3240 4312 Διὸ
3281 4260 3776 4328 ὲπασφαλιζὸμενὲς

2206 4370 2367 4423 φησιν
2389 4368 2401 4382 ·
2443 4352 2505 4403 '0
2531 4351 2600 4404 δὲ
2623 4352 3007 4420 ,ϐλασφημῶν
3032 4352 3118 4415 εις
3150 4349 3217 4404 τὸ
3233 4349 3477 4419 Πνεῦμα
3502 4349 3568 4401 τὸ
3596 4350 3773 4419 ἅγιον,

2205 4446 2318 4497 οὐκ
2349 4442 2711 4512 ἀφεθήσεται
2735 4441 2895 4507 αὑτῲ
2924 4442 3061 4495 οὔτε
3092 4441 3370 4505 ἐνταῦθα,
3406 4442 3544 4495 οὔτε
3592 4443 3664 4495 ἐν
3707 4440 3776 4504 τῷ

2199 4534 2490 4604 μέλλοντι
2517 4533 2705 4590 αἰῶνι.
2750 4536 2866 4587 Οὐκ
2897 4533 3135 4588 ἐπαινῶν
3178 4535 3302 4597 τοὺς
3329 4533 3773 4604 βλασφημοῦντας

2205 4627 2385 4691 αὐτὸν,
2431 4625 2569 4680 ἀλλὰ
2612 4625 2710 4697 τὴν
2749 4624 2913 4680 αὑτοῦ
2966 4625 3295 4697 πρόγνωσιν,
3348 4624 3443 4677 καὶ
3475 4622 3574 4694 τὴν
3619 4622 3773 4677 αὑτοῦ

2208 4717 2615 4787 φιλανθρωπίαν
2664 4718 2903 4771 δείκνυσι
2953 4713 3499 4789 προασφαλιζομὲνην
3539 4714 3641 4787 τὴν
3688 4732 3775 4767 σω-

2206 4811 2419 4882 τηρίαν,
2474 4810 2581 4863 ἀπὸ
2617 4809 2961 4881 βλασφημίας
3004 4809 3241 4877 (αὐτοὺς)
3277 4808 3301 4843 ⁸
3357 4808 3771 4878 μετανοούντων.

2207 4904 2375 4967 Αὐτὸς
2400 4903 2508 4975 γὰρ
2565 4903 2725 4957 πάλιν
2765 4903 2959 4974 φησίνο
3014 4902 3073 4954 '0
3116 4899 3535 4970 ἀρνησάμενός
3565 4917 3647 4970 με
3687 4899 3776 4968 ἔμ-

2206 5000 2470 5065 προσθεν
2522 4995 2641 5049 τῶν
2694 4994 3039 5063 ἀνθρώπων,
3069 4993 3475 5063 ἀρνηθήσεται
3528 4992 3775 5047 ἐνώπιον

2206 5088 2314 5144 τοῦ
2346 5090 2578 5157 Πατρός
2602 5106 2721 5158 μου
2746 5105 2758 5117 ·
2810 5089 2903 5141 καὶ
2934 5086 3093 5142 πάλιν
3112 5104 3125 5117 ·
3171 5085 3532 5157 Ἀρνήσομαι
3561 5087 3770 5141 αὐτόν’
3798 5110 3809 5131 ι

2207 5184 2301 5236 καὶ
2334 5182 2495 5237 πάλιν
2514 5200 2528 5215 ’
2582 5183 2644 5235 '0
2684 5178 2993 5251 ὁμολογῶν
3015 5180 3084 5234 ἐν
3113 5179 3264 5249 ἐμοὶ,
3296 5178 3650 5249 ὁμολογήσω
3677 5182 3773 5232 σὺ·

2206 5276 2312 5331 τὸν
2342 5277 2599 5331 ἐνώπιον
2633 5272 2741 5328 τοῦ
2775 5274 3004 5341 Πατρός
3030 5289 3171 5341 μου.

602 5520 618 5548 ⁸
648 5516 806 5572 Joan.
833 5532 951 5582 vm,
978 5518 1067 5573 ιο.
1135 5520 1155 5549 ¹
1188 5515 1322 5573 ibid.
1404 5516 1423 5548 ³
1449 5514 1642 5574 Matth.
1665 5531 1761 5581 xu,
1796 5517 1885 5573 3i.
1964 5517 1987 5549 δ
2016 5517 2093 5573 Lu

2200 5536 2271 5586 ιιι,
2297 5518 2350 5574 9.
2432 5520 2453 5551 ⁵
2491 5517 2552 5574 F.
2593 5517 2961 5588 ἐγκαλεῖσθαι.
3041 5520 3061 5551 ⁸
3092 5516 3151 5572 F.
3178 5518 3286 5571 τῶν
3318 5535 3411 5591 με.

600 5668 713 5743 β9)
753 5672 859 5726 Καὶ
899 5669 1106 5742 ἀγνοεῖ
1146 5672 1179 5724 ό
1231 5670 1513 5737 ἐλεεινός.
1558 5667 1693 5725 Vide
1748 5669 2094 5742 interpretes,

2200 5672 2490 5741 primisque
2519 5666 2755 5727 Maidon.
