3750 6200
32 193 108 252 65
678 199 1051 260 ADVERSUS
1090 201 1435 259 HERESES
1464 198 1601 255 LlB.
1647 198 1714 255 ll.
1761 192 1926 253 TOM.
1969 198 2085 253 l.—
2122 198 2402 254 HERES.
2434 196 2565 256 LIV.
3167 196 3273 257 966

74 306 151 360 Γθ.
170 303 281 360 Καὶ
300 304 464 359 πάλιν
482 303 539 357 δὲ
556 304 583 356 6
605 304 767 368 αὐτὸς
786 304 1043 368 Θεόδοτός
1065 322 1199 377 φησι
1218 322 1231 336 ·
1256 307 1368 361 Κῶ⁹
1394 311 1421 361 6
1444 310 1581 380 νόμο

1774 307 1863 361 111.
1926 306 2131 377 Ohjicit
2180 317 2439 377 praeterea
2497 307 2810 363 Theodotus
2855 325 2870 361 :
2922 305 3029 361 Lex
3079 307 3154 361 ita
3209 308 3277 364 de

31 398 133 470 ιερὶ
164 397 336 452 αὐτοῦ
360 396 464 467 ἔφη
485 410 499 425 ⁸
530 398 857 466 Προφήτην
884 398 952 451 ἐκ
979 397 1102 452 τῶν
1136 399 1419 469 ἀδελφῶν
1437 400 1581 466 ὑμῶς

1769 400 1922 453 tristo
1958 407 2184 453 narrat:
2223 398 2541 468 Prop/ictam
2583 415 2610 452 e
2650 398 2909 465 fratribus
2946 400 3131 454 vestris
3184 416 3278 454 su-

32 494 201 563 τερεῖ
227 496 442 564 Κύριος
466 496 546 562 ὡς
576 495 680 566 ἐμέ
704 513 717 527 ·
769 496 954 550 αὐτοῦ
991 497 1305 550 ἀκούσετε.
1359 494 1581 562 Μωῦσῆς

1769 491 1914 544 itabit
1978 491 2237 545 Dominus
2275 500 2527 561 tanquam
2564 506 2681 555 me;
2733 492 2904 558 ipsum
2954 491 3179 546 audietis
3232 494 3273 548 ⁸.

31 588 55 639 ὲ
95 583 164 657 ἦν
206 586 513 658 ἅνθρωπος.
559 589 618 640 '0
662 587 717 640 δὲ
754 589 818 639 ὲκ
848 586 982 639 Θεοῦ
1030 585 1396 656 ἐγειρόμενος,
1441 583 1581 652 φησὶἸ

1772 584 1865 653 qui
1895 582 2112 655 Moyses
2142 584 2307 638 homo
2334 588 2470 638 erat.
2495 580 2676 647 Quare
2706 582 2798 652 qui
2829 596 2860 635 a
2895 581 3004 637 Deo
3036 584 3275 639 suscita-

31 678 243 749 ἱριστὸς
267 673 419 742 οὗτος
457 678 557 732 οὐκ
578 674 653 749 ἦν
695 677 849 742 Θεὸς,
880 676 1017 730 ἀλλὰ
1046 677 1329 747 ἄνθρωπος
1349 690 1363 703 ⁸
1408 672 1581 727 ἐπειδῦ

1769 689 1790 726 s
1825 682 1931 737 est,
1963 672 2220 727 Christus
2276 671 2400 735 iste,
2436 685 2544 724 non
2586 668 2732 724 Deus
2765 678 2903 732 erat.
2936 672 3030 724 sed
3060 672 3222 724 homo
3256 687 3272 725 :

32 768 59 834 ξ
130 768 314 822 αὐτῶν
374 765 485 840 ἦν,
548 770 625 833 ὡς
688 769 783 823 καὶ
835 769 1075 839 Μωῦσῆς
1134 768 1419 838 ἅνθρωπος
1501 762 1590 836 ἦν.

31 861 112 913 ἰαὶ
186 860 291 913 οὐκ
357 855 496 913 οἶδεν
563 862 617 912 ὲν
684 858 861 929 ἐαυτῷ
888 898 902 921 ,
980 862 1008 912 6
1068 858 1125 911 ὲν
1182 857 1591 928 παραπτώματι

32 951 245 1019 ἐγονὼς
280 951 552 1014 Θεόδοτος,
582 950 700 1013 πῶς
742 950 901 1003 πάλιν
930 949 1133 1021 ἑκάστη
1170 948 1314 1013 λέξις
1345 948 1457 1018 ἔχει
1495 947 1592 1019 τὴν

32 1045 200 1114 αυτῆς
270 1042 588 1106 ἀσφάλειαν.
653 1043 774 1095 Ὅτι
836 1042 935 1112 μὲν
996 1040 1056 1106 ἐξ
1118 1040 1361 1109 ἀδελφῶν
1429 1040 1590 1095 αὑτὸν

32 1154 190 1208 ,γειρε
239 1135 466 1207 Κύριος,
514 1134 601 1188 διὰ
652 1134 712 1187 τὸ
749 1134 814 1187 ἐκ
850 1134 1071 1204 Μαρίας
1121 1133 1282 1187 αὐτὸν
1325 1133 1587 1203 γεγεννῆ-

32 1229 147 1293 θαι,
179 1227 261 1291 ὡς
291 1228 439 1295 λέγει
459 1241 474 1256 ⁸
517 1223 671 1278 Ἰδοὺ
708 1225 745 1291 ὴ
776 1222 1071 1290 παρθένος
1102 1223 1172 1275 ἐν
1200 1222 1412 1292 γαστρὶ
1439 1222 1582 1287 ἕξει,

32 1321 96 1374 ut
154 1319 388 1382 τέξεται
439 1318 609 1371 υἱόνο
658 1318 784 1379 καὶ,
838 1314 1142 1383 Παρθένος
1186 1315 1462 1384 μένουσα
1515 1316 1586 1369 ἐν

31 1412 211 1481 ιαστρὶ
240 1410 378 1478 ἔξει,
412 1410 513 1463 οὐκ
542 1410 605 1461 ἐκ
652 1408 964 1479 σπέρματος
1003 1408 1213 1479 ἀνδρὸς,
1246 1408 1342 1461 καὶ
1369 1407 1583 1472 τέξεται

32 1507 130 1569 ξὶὸν,
162 1503 322 1573 δῆλον
357 1505 415 1556 ἐν
447 1501 611 1573 σαρκὶ
636 1500 696 1553 τὸ
726 1501 974 1571 γέννημα
1007 1499 1115 1552 ἀπὸ
1155 1498 1423 1571 παρθένου
1452 1516 1579 1567 γεν-

34 1597 261 1667 ώμενον.
305 1595 463 1648 Ἀλλὰ
512 1593 846 1647 καλέσουσι
894 1592 961 1645 τὸ
993 1591 1180 1661 ὄνομα
1209 1590 1398 1645 αὑτοῦ
1444 1592 1579 1661 Ἐμ-

32 1666 297 1753 ιανουὴλ,
330 1683 361 1737 ὃ
395 1683 803 1753 ἑρμηνεύεται,
841 1682 985 1747 Θεὸς
1026 1684 1155 1751 μεθ’
1191 1680 1378 1751 ἡμῶν.
1431 1682 1581 1734 Ἔστι

1769 1702 1833 1741 m.
1863 1686 1946 1741 Ad
1987 1687 2102 1742 haec
2146 1706 2159 1741 :

31 1781 105 1849 ’ὰρ
145 1776 281 1840 Θεὸς
328 1775 652 1848 ἄνθρωπος,
710 1774 820 1828 ἀπὸ
878 1774 1091 1845 Πατρὸς
1153 1773 1252 1843 μὲν
1308 1773 1591 1845 γεννηθεὶς

32 1872 250 1941 ινάρχως
282 1868 379 1923 καὶ⁸
410 1868 675 1939 ἁχρόνως,
702 1866 986 1938 ἄνθρωπος
1017 1866 1087 1936 δὲ,
1112 1866 1221 1920 ἀπὸ
1249 1864 1470 1937 Μαρίας
1500 1865 1590 1920 διὰ

35 1962 94 2028 ὴν
122 1960 387 2030 ἕνσαρκον
412 1958 738 2030 παρουσίαν.

72 2134 219 2203 Εἶτα,
263 2138 419 2209 φησι,
457 2137 551 2190 καὶ
594 2136 729 2190 αὐτὸ
766 2136 828 2190 τὸ
862 2134 1195 2205 Εὐαγγέλιον
1224 2133 1337 2208 (70)
1373 2133 1478 2206 ἔφη
1521 2136 1588 2206 τῇ

31 2231 186 2303 γῘαρίᾳ
214 2247 230 2264 ο
292 2231 538 2300 Πνεῦμα
590 2231 812 2298 Κυρίου
875 2229 1271 2284 ἐπελεύσεται
1320 2229 1421 2283 ἐπὶ
1477 2228 1585 2282 σε’

31 2324 94 2376 καὶ
120 2324 219 2376 οὐκ
260 2317 418 2375 εἷπε·
455 2322 698 2391 Πνεῦμα
742 2322 966 2390 Κυρίου
1005 2322 1323 2392 γενήσεται
1356 2323 1426 2376 ὲν
1466 2323 1586 2376 σοί.

31 2416 91 2468 tto
120 2416 182 2467 ὲκ
228 2413 571 2484 πανταχόθεν
604 2412 925 2483 φιλονεικῶν
965 2415 994 2466 ὁ
1040 2413 1264 2485 ἀνόητος
1302 2414 1590 2487 ἄνθρωπος

32 2506 252 2557 ηκπίπτει
280 2504 381 2576 τῆς
406 2503 686 2575 ἀληθείας.
724 2503 1161 2575 Ἀσφαλιζομένη
1194 2505 1303 2576 γὰρ
1334 2507 1367 2577 ή
1395 2506 1589 2579 Γραφὴ

31 2596 332 2666 πανταχόθεν
377 2596 476 2666 τὴν
525 2595 801 2667 ἡμετέραν
844 2594 1010 2666 ζωὴν,
1066 2596 1154 2649 ἵνα
1198 2596 1403 2668 Τριάδα
1440 2595 1591 2670 δείξῃ

31 2685 172 2754 πάντη
203 2701 261 2736 τε
285 2684 380 2737 καὶ
407 2685 465 2739 ὲν
497 2685 660 2737 παντὶ
685 2684 815 2736 εῖδει
842 2685 1106 2740 συνοῦσαν
1139 2686 1303 2759 ἑαυτῇ
1328 2688 1421 2740 καὶ
1465 2704 1589 2742 συν·

32 2773 284 2844 ηργοῦσαν,
324 2774 410 2827 ἵνα
451 2775 523 2845 μή
560 2791 704 2837 τινες
734 2776 981 2839 εἴπωσιν,
1020 2777 1095 2839 ὼς
1124 2777 1218 2830 καὶ
1250 2778 1434 2832 πολλοὶ
1464 2796 1591 2852 προ-

31 2866 315 2931 ρασίζονται
367 2866 581 2929 ἑαυτοῖς
630 2865 807 2931 κακὰ,
872 2867 1279 2938 ἀλλοτριοῦντες
1325 2870 1386 2924 τὸ
1435 2871 1589 2941 ἅγιον

32 2960 219 3030 Ινεῦμα
255 2959 353 3012 τοῦ
397 2958 634 3031 Χριστοῦ
678 2960 773 3012 καὶ
816 2960 1063 3031 Πατρός·
1107 2962 1296 3017 τούτου
1333 2962 1520 3017 ἕνεκεν
1559 2967 1587 3018 6

31 3052 223 3120 ἱγγελος
253 3052 402 3121 λέγει
433 3056 499 3123 τῇ
530 3052 766 3123 Μαριάμ
786 3069 798 3083 ·
841 3052 1084 3124 Πνεῦμα
1124 3054 1297 3125 ἅγιον
1336 3058 1586 3113 ἐπελεύ-

32 3160 167 3197 mat
198 3144 297 3197 ἐπὶ
346 3143 441 3209 σὲ,
476 3145 573 3198 καὶ
620 3145 877 3214 δύναμις
918 3145 1212 3215 Ὑψίστου
1242 3148 1585 3206 ἐπισκιάσει

32 3250 121 3289 τοι.
166 3233 260 3287 Διὸ
292 3234 393 3287 καὶ
435 3234 502 3288 τὸ
551 3235 927 3305 γεννώμενον
967 3235 1036 3289 ἐκ
1080 3236 1198 3292 σοῦ
1232 3238 1404 3309 ἄτιον
1440 3245 1584 3309 κλη-

32 3326 244 3395 ἳήσεται
290 3326 423 3391 Υἱὸς
453 3325 623 3380 Θεοῦ.
674 3327 784 3380 Καὶ
809 3327 909 3382 οὐκ
952 3323 1071 3381 εἷπε
1121 3329 1303 3401 μόνον,
1352 3332 1423 3386 Τὸ
1451 3350 1584 3401 γεν-

32 3419 283 3488 νώμεγογ,
321 3418 479 3483 ἀλλὰ,
511 3418 610 3473 Διὸ
639 3420 739 3473 καὶ
772 3419 840 3473 τὸ
865 3419 1276 3491 γεννώμενον*
1310 3424 1395 3476 ἵνα
1434 3423 1584 3498 δείξῃ

31 3510 204 3563 ἱνωθεν
229 3510 362 3563 Θεὸν
400 3510 594 3577 Λόγον,
623 3511 719 3563 καὶ
747 3512 804 3564 ὲν
839 3513 1024 3583 μήτρα
1054 3511 1392 3584 γεννώμενον
1442 3515 1584 3569 κατὰ

31 3604 103 3672 τὴν
132 3601 318 3656 ἑαυτοῦ
356 3600 790 3673 ὲνανθρώπησιν,
828 3604 919 3657 καὶ
959 3604 1100 3659 κατὰ
1132 3604 1229 3677 τὴν
1270 3607 1464 3661 ἑαυτοῦ
1494 3609 1585 3660 εὐο

31 3694 204 3749 iouia».
241 3695 349 3748 Καὶ
374 3693 440 3747 δι’
470 3694 536 3764 ἣν
573 3694 922 3767 ᾡκονόμησεν
952 3698 1146 3751 ἑαυτοῦ
1174 3698 1583 3771 ένανθρώπησιν

31 3792 89 3851 εἰς
122 3790 272 3860 ἡμῶν
305 3791 601 3863 σωτηρίαν,
642 3792 1003 3864 προστίθησι·
1042 3794 1143 3848 Διὸ
1187 3796 1285 3850 καὶ
1332 3796 1399 3850 τὸ
1447 3814 1582 3867 γεν-

31 3882 263 3951 νώμενον
312 3884 484 3952 ἄτιον
534 3884 903 3953 κληθήσεται
960 3887 1092 3953 Υἱός
1139 3888 1309 3944 Θεοῦ.
1360 3892 1423 3943 Ei
1474 3891 1583 3963 γὰρ

31 3971 148 4037 εἷπε,
182 3977 424 4044 Πνεῦμα
467 3976 639 4046 ἅγιον
683 3980 1093 4035 εἰσελεύσεται
1143 3984 1229 4048 εἰς
1267 3984 1361 4048 σὲ,
1400 3984 1582 4037 οὐκέτι

32 4064 134 4116 Υών
156 4065 282 4118 Θεοῦ
310 4061 380 4136 ἦν
412 4066 662 4137 ἡγεῖσθαι
692 4071 749 4121 ἐν
790 4070 953 4139 σαρκὶ
989 4074 1421 4143 παραγεγονότα,
1449 4074 1583 4127 ἀλλὰ

31 4156 225 4227 Πνεῦμα
249 4158 404 4225 ἆγιον
430 4160 487 4211 ὲν
517 4160 683 4229 σαρκὶ
711 4163 1161 4230 παραγεγονέναι.
1206 4165 1326 4217 Ὅτι
1353 4165 1411 4217 δὲ
1439 4165 1582 4219 ἄνω-

31 4243 102 4297 θέν
130 4248 267 4300 ἐστιν
309 4246 479 4302 ἐλθὼν
512 4249 541 4301 6
577 4247 768 4312 Λόγος,
815 4249 1085 4322 Ἰωάννης,
1124 4254 1424 4325 σαφηνίσας
1484 4256 1582 4326 τὴν

1696 763 2137 833 quandoquidem
2220 776 2253 816 a
2309 761 2513 817 Iudaeis
2577 760 2712 831 ipsis
2797 760 3068 816 oriundus
3134 769 3273 826 erat,

1695 854 2155 925 quemadmodum
2188 861 2241 908 et
2276 853 2491 924 Moyses
2517 852 2680 906 homo
2713 849 2832 906 fuit.
2867 849 3065 907 Verum
3100 854 3278 908 nescit

1694 947 1893 1016 impius
1974 947 2066 1001 ille
2120 946 2367 1001 desertor
2429 945 2779 1010 Theodotus,
2833 959 2996 1015 quam
3062 946 3277 1015 egregie

1692 1053 2035 1107 unaquaeque
2084 1037 2253 1093 dictio
2304 1054 2400 1095 sua
2435 1039 2691 1093 cautione
2735 1039 2942 1092 munita
2984 1038 3078 1093 sit.
3140 1035 3278 1091 Nam

1689 1130 1837 1201 quod
1866 1146 1897 1185 e
1944 1129 2207 1186 fratribus
2242 1132 2395 1185 illum
2426 1131 2690 1187 Dominus
2720 1131 2995 1198 excitavit,
3038 1145 3105 1185 eo
3135 1129 3278 1186 refe-

1689 1225 1917 1280 rendum
1950 1234 2053 1291 est,
2100 1226 2245 1296 quod
2293 1241 2323 1281 e
2357 1226 2526 1280 Maria
2569 1226 2640 1280 sit
2669 1226 2886 1296 genitus
2917 1244 2930 1279 :
2964 1240 3074 1295 quo
3106 1240 3274 1280 sensu

1686 1318 1821 1372 illud
1864 1320 2238 1388 accipiendum
2272 1337 2284 1373 :
2327 1317 2460 1371 Ecce
2504 1318 2667 1390 465
2716 1319 2858 1389 virgo
2894 1319 2950 1372 in
2998 1328 3147 1372 utero
3179 1317 3276 1371 ha-

1685 1409 1840 1477 bebit,
1875 1419 1926 1465 et
1950 1412 2122 1479 pariet
2167 1412 2343 1481 ﬁlium
2367 1414 2387 1443 ³
2418 1428 2432 1477 ;
2469 1412 2634 1481 virgo,
2670 1411 2914 1479 inquam,
2949 1427 3186 1475 manens,
3218 1410 3276 1464 in

1683 1511 1831 1556 utero
1863 1503 2105 1568 habebit,
2132 1519 2245 1558 non
2271 1518 2338 1558 ex
2375 1503 2477 1557 viri
2510 1503 2739 1569 semine,
2764 1503 3043 1573 ﬁliumque
3075 1503 3274 1573 pariet,

1680 1590 1852 1648 fetum
1898 1594 2087 1664 utique
2129 1608 2297 1648 carne
2353 1592 2665 1663 praeditum,
2715 1602 2771 1647 et
2820 1607 2851 1647 a
2882 1591 3091 1662 virgine
3131 1591 3278 1662 geni—

2225 1684 2433 1739 Nomen
2481 1685 2595 1755 ejus
2628 1685 2885 1739 vocabunt
2938 1682 3272 1748 Emmanuel,

1691 1777 1831 1846 quod
1894 1778 2294 1846 interpretatur,
2331 1775 2624 1830 Nobiscum
2681 1775 2825 1830 Deus
2876 1776 2918 1829 ³.
2980 1774 3076 1831 Est
3128 1776 3276 1830 enim

1693 1866 1859 1921 homo
1893 1866 2036 1923 Deus
2070 1881 2100 1921 a
2147 1866 2329 1932 Patre,
2370 1866 2522 1921 nullo
2554 1881 2731 1936 neque
2764 1866 3053 1937 principio,
3098 1882 3277 1939 neque

1691 1966 1938 2030 tempore
1973 1962 2211 2032 genitus,
2262 1968 2316 2015 et
2354 1976 2421 2015 ex
2473 1959 2644 2014 Maria
2689 1959 2867 2015 factus
2906 1959 3091 2024 homo,
3138 1975 3277 2031 qua-

1690 2059 1855 2107 tenus
1893 2066 2060 2107 carne
2089 2052 2350 2122 praditus
2379 2052 2620 2107 advenit.

1769 2141 1878 2197 Sed
1908 2151 1963 2197 et
1992 2142 2127 2197 illud
2159 2144 2408 2213 opponit,
2462 2143 2608 2212 quod
2658 2142 2713 2197 in
2763 2141 3060 2214 Evangelio
3094 2142 3278 2199 Maria:

1692 2250 2020 2305 responsum
2064 2236 2263 2305 legitur
2292 2254 2305 2288 :
2342 2234 2576 2304 Spiritus
2606 2234 2828 2290 Domini
2868 2237 3189 2305 superveniet
3222 2238 3278 2290 in

1691 2337 1740 2381 te
1787 2330 1829 2381 ⁸.
1875 2326 1993 2381 Νοη
2034 2327 2177 2383 enim
2231 2328 2389 2395 dixit,
2426 2327 2658 2397 Spiritus
2708 2327 2923 2382 Domini
2961 2330 3061 2383 erit
3108 2330 3159 2382 in
3205 2339 3274 2383 te.

1698 2420 1852 2475 llunc
1887 2419 1940 2473 in
1988 2420 2210 2474 modum
2243 2420 2480 2476 stolidus
2516 2420 2812 2474 homuncio
2860 2421 3063 2491 ubique
3092 2421 3277 2477 studio

1693 2512 2062 2568 contentionis
2112 2513 2290 2573 elatus
2345 2529 2374 2565 a
2436 2512 2664 2567 veritate
2726 2512 3006 2568 desciscit.
3062 2512 3274 2566 Etenim

1695 2600 1975 2671 Scriptura
2021 2617 2200 2668 sacra,
2250 2618 2361 2673 quo
2408 2604 2576 2657 vitam
2624 2612 2870 2657 nostram
2912 2601 3275 2671 undequaque

1693 2694 1953 2759 ﬁrmaret,
1990 2703 2158 2765 utque
2215 2705 2621 2752 sacrosanctam
2660 2697 2914 2752 'l‘riadem
2960 2696 3184 2767 ubique,
3218 2704 3274 2751 et

1690 2784 1748 2841 in
1777 2785 1925 2841 omni
1974 2786 2251 2841 actionum
2283 2802 2481 2858 genere
2511 2790 2807 2845 convenire
2854 2804 3041 2845 secum
3072 2788 3271 2859 ipsam,

1692 2893 1757 2933 ac
1788 2880 2152 2935 communiter
2196 2878 2408 2935 efﬁcere
2438 2880 2763 2946 declararet,
2804 2897 2867 2936 ac
2910 2898 2978 2937 ne
3021 2883 3115 2952 qui
3157 2880 3274 2935 for-

1693 2982 1839 3028 tasse
1860 2975 2073 3044 jactare
2102 2973 2309 3044 aliquid
2338 2983 2583 3044 possent,
2608 2975 2753 3044 quod
2782 2991 2811 3028 a
2839 2975 3088 3045 pluribus
3120 2990 3275 3031 usur-

1689 3076 1876 3137 patum
1928 3076 2033 3133 est,
2089 3067 2184 3138 qui
2234 3082 2528 3138 pravorum
2581 3068 2895 3139 dogmatum
2951 3070 3274 3124 occasiones

1680 3159 1796 3215 sibi
1838 3166 2150 3230 captarum,
2179 3169 2233 3214 et
2262 3175 2292 3214 a
2340 3158 2563 3214 Christo
2596 3161 2761 3214 simul
2787 3169 2873 3230 ,ac
2903 3159 3065 3215 Patre
3097 3159 3273 3231 Spiri-

1688 3261 1803 3309 tum
1852 3262 2102 3308 sanctum
2139 3252 2540 3319 abalienarunt,
2592 3263 2876 3323 propterea
2928 3254 3009 3309 sic
3043 3253 3271 3309 Mariam

1688 3347 1937 3416 angelum
1972 3347 2268 3401 allocutum
2315 3360 2440 3401 esse
2494 3344 2780 3415 Scriptura
2828 3355 3268 3403 commemorat:

1687 3439 1924 3510 Spiritus
1969 3448 2183 3494 sanctus
2228 3440 2555 3509 superveniet
2593 3440 2647 3492 in
2696 3449 2764 3505 te,
2799 3448 2849 3493 et
2890 3440 3054 3495 virtus
3102 3440 3271 3496 Attis-

1687 3534 1809 3586 simi
1854 3531 2186 3586 obumbrabit
2220 3531 2337 3585 tibi.
2385 3530 2614 3601 Ideoque
2656 3540 2704 3585 et
2744 3530 2881 3602 quod
2924 3542 3171 3587 nascetur
3206 3549 3273 3587 ea:

1687 3634 1736 3678 te
1785 3633 2048 3688 sanctum,
2088 3621 2364 3676 vocabitur
2406 3619 2585 3675 Filius
2615 3620 2713 3674 Dei
2748 3622 2791 3674 ⁸.
2833 3619 2940 3676 Nec
2991 3622 3045 3674 id
3090 3622 3270 3676 solum

1686 3714 1845 3778 dixit,
1871 3713 2024 3779 Quod
2077 3722 2342 3776 nascetur,
2388 3712 2506 3777 sed,
2558 3709 2686 3765 Ideo
2733 3722 2782 3766 et
2822 3712 2961 3782 quod
3002 3722 3269 3779 nascetur,

1684 3804 1854 3860 Deum
1892 3812 1952 3858 ut
1984 3803 2224 3858 Verbum
2257 3818 2287 3857 a
2319 3802 2588 3873 principio
2618 3803 2790 3857 fuisse
2831 3813 3183 3869 monstraret,
3215 3811 3271 3859 et

1689 3895 1745 3948 in
1792 3895 1982 3949 matris
2036 3900 2190 3947 utero
2241 3895 2506 3962 genitum,
2559 3908 2682 3947 cum
2724 3882 2975 3948 naturam
3028 3896 3268 3952 hominis

1689 3994 1883 4056 sponte
1913 3999 2015 4040 sua
2048 3999 2112 4039 ac
2143 3984 2426 4039 voluntate
2462 3986 2725 4053 suscepit.
2764 3984 2833 4039 Ut
2870 3987 3036 4056 igitur
3070 3989 3267 4045 salutis

1686 4084 1888 4132 nostrae
1914 4076 2089 4145 gratia
2131 4083 2305 4130 totum
2352 4074 2486 4129 illud
2532 4084 2742 4129 natura:
2787 4088 3054 4147 susceptae
3098 4094 3269 4149 nego-

1685 4169 1820 4222 tium
1849 4167 2289 4226 administratum
2320 4168 2672 4239 intelliget-es,
2691 4168 2795 4224 ista
2821 4170 3084 4240 subjecit:
3109 4171 3267 4227 Ideo-

1683 4279 1779 4333 que
1807 4271 1855 4317 et
1888 4262 2025 4331 quod
2050 4272 2298 4316 nascetur
2325 4272 2590 4328 sanctum,
2627 4264 2899 4318 vocabitur
2938 4263 3112 4320 Filius
3144 4266 3260 4322 Dei.

31 4335 104 4387 τοῦ
132 4337 354 4406 ἀγγέλου
395 4339 757 4411 εὑαγγελικὴν
792 4342 997 4413 φωνὴν,
1049 4343 1232 4411 λέγει·
1281 4347 1382 4399 Ἐν
1421 4345 1581 4415 ἀρχῇ

1772 4353 1841 4407 od
1873 4353 1917 4410 si
1950 4354 2022 4408 ita
2055 4353 2305 4419 dixisset,
2337 4352 2568 4424 Spiritus
2612 4366 2829 4409 sanctus
2856 4356 3180 4426 ingredietur
3206 4359 3263 4413 in

32 4423 383 4498 ἦνόΛόγος,
442 4430 602 4484 καὶό
645 4432 834 4501 Λόγος
892 4429 973 4503 ἦν
1027 4436 1178 4502 πρὸς
1239 4436 1346 4489 τὸν
1406 4439 1572 4501 Θεὸν,

32 4517 109 4568 καὶ
138 4519 272 4585 Θεὸς
318 4516 398 4590 ἦν
441 4524 473 4575 ὁ
530 4524 741 4592 Λόγος.
820 4524 1022 4579 Πάντα
1081 4528 1155 4580 δι’
1212 4530 1398 4584 αὐτοῦ
1450 4532 1579 4602 ἐγέ-

32 4626 165 4675 νετο,
209 4611 303 4664 καὶ
334 4614 515 4681 χωρὶς
553 4616 740 4670 αὑτοῦ
789 4616 1024 4686 ἐγένετο
1071 4620 1214 4675 οὐδὲ
1278 4623 1384 4677 ἕν’
1454 4621 1575 4679 εἶτα

35 4701 149 4768 μετὰ
200 4703 402 4757 ταῦτα·
451 4705 562 4759 Καὶ
620 4711 651 4763 ό
687 4711 878 4780 Λόγος
947 4712 1104 4779 σὰρξ
1154 4712 1420 4782 ἐγένετο·
1478 4720 1573 4772 καὶ

32 4794 111 4845 οὐκ
138 4790 281 4849 εἴπεο
319 4795 394 4849 Τὸ
420 4800 659 4870 Πνεῦμα
708 4803 865 4871 σὰρξ
924 4803 1184 4874 ἐγένετο·
1242 4806 1363 4860 οὐδὲ
1414 4806 1533 4862 εἶπε
1557 4827 1571 4841 ο

32 4884 249 4952 xturch
276 4886 583 4957 ἅνθρωπος
610 4893 922 4964 ἐγεννήθη.
971 4897 1153 4968 Πάντη
1200 4899 1308 4969 γὰρ
1342 4902 1574 4970 ἀσφαλι-

32 4971 203 5047 ξομένη
254 4982 285 5051 ἡ
331 4980 451 5036 θεία
496 4982 536 5032 Γ
542 4984 685 5054 ραφὴ
734 4984 865 5038 Θεὸν
918 4989 1011 5040 καὶ
1060 4988 1344 5059 ἄνθρωπον
1418 4994 1574 5047 αὐτὸν

1687 4457 1755 4513 te,
1785 4462 1893 4500 non
1923 4447 2036 4517 jam
2079 4446 2233 4519 ῡεὶδΕ
2239 4448 2366 4503 ilius
2391 4463 2557 4502 carne
2580 4449 2864 4519 praeditus,
2891 4450 2985 4504 sed
3023 4448 3263 4519 Spiritus

1684 4544 1910 4593 sanctus
1968 4538 2184 4594 venisse
2234 4537 2570 4594 crederetur.
2626 4540 2783 4605 Quod
2836 4548 3017 4594 autem
3061 4542 3262 4597 ecmlo

1682 4627 1920 4684 Verbum
1947 4631 2246 4696 advenerit,
2270 4629 2508 4685 Joannes
2530 4631 2899 4701 evangelicum
2926 4633 3071 4687 illam
3096 4650 3261 4689 usur-

1682 4733 1863 4793 patam
1908 4723 1975 4778 ab
2016 4724 2207 4795 angelo
2237 4739 2425 4779 vocem
2460 4724 2745 4794 explicans
2798 4725 2873 4778 ita
2918 4733 3147 4781 testatur
3188 4729 3207 4757 ⁵
3241 4747 3254 4781 :

1683 4813 1749 4868 In
1797 4816 2052 4885 principio
2102 4824 2217 4870 erat
2265 4816 2526 4883 Verbum,
2576 4827 2626 4871 et
2691 4816 2913 4872 Verbum
2959 4831 3069 4872 erat
3118 4818 3260 4888 apud

1680 4906 1873 4970 Deum,
1906 4917 1955 4961 et
1990 4906 2128 4960 Deus
2149 4916 2263 4960 erat
2302 4906 2543 4961 Verbum.
2583 4906 2776 4963 Omnia
2795 4924 2885 4978 per
2918 4910 3089 4978 ipsum
3114 4910 3260 4980 facta

1682 5008 1826 5060 sunt,
1871 5006 1919 5053 et
1968 4998 2081 5052 sine
2127 4999 2241 5068 ipso
2291 4999 2492 5067 factum
2530 5008 2609 5054 est
2649 4997 2800 5055 nihil.
2843 4999 3049 5056 Deinde
3095 5002 3259 5071 paulo

90 5153 105 5183 ⁸
131 5152 275 5211 Deut.
300 5172 457 5226 xvnt,
481 5159 566 5215 15.
643 5161 664 5193 ³
703 5163 808 5219 lsa.
840 5180 938 5232 vn,
984 5166 1067 5221 14.
1144 5167 1165 5198 ³
1199 5167 1371 5239 ὶὺὶἀά
1400 5169 1581 5227 Matth.

1769 5175 1795 5228 ἱ.
1876 5173 2126 5242 ⁵ιυο.ι,
2160 5175 2249 5231 55.
2332 5178 2352 5209 ⁵
2394 5177 2527 5233 ibid.
2603 5177 2798 5235 'Joan.
2834 5196 2871 5247 t,
2917 5182 2939 5234 1
2988 5196 3111 5252 sqq.

90 5336 193 5436 $10“):
201 5341 373 5436 ﬁeri,
380 5343 553 5436 ξοησί,
564 5346 687 5436 οιαὶ
692 5348 839 5436 αὐτὸ
853 5353 918 5434 τό
936 5351 1326 5436 βόατγέτζιονε
1351 5352 1444 5436 Yis
1462 5354 1565 5436 ista

1769 5369 1984 5436 lautem
2020 5360 2075 5436 in
2102 5375 2166 5416 ea
2200 5361 2469 5428 futurum,
2495 5363 2606 5436 _v_el,
2648 5367 2895 5436 utpaqu
2923 5374 3046 5436 post
3080 5366 3257 5436 loqui-

32 5415 626 5504 :ﬁiiffiljfilli‘quigs‘bnjus
653 5416 834 5504 inisse
867 5415 1457 5504 videtur._'_'l’heo_dotu_s
1508 5433 1568 5480 ut
1669 5437 1792 5495 tur,
1831 5431 1887 5504 in
1913 5415 2468 5504 eamingressu’rum.’
2494 5415 2629 5488 Nam
2655 5415 3253 5501 ‘iit3“{éin3]'é.}éx‘."6-

33 5478 830 5577 EPPai‘ELEhIE‘g'Iﬁ'IIQWm2
867 5478 941 5549 ac,
960 5478 1566 5577 §implicem_hon_r_ihein
1670 5478 2771 5577 se;._';;.;{_';¢';";a';;.:.'i{ira‘inania:
2802 5478 3253 5562 tI'";.’u-i;;.'.;z.1.

33 5560 152 5635 Si???
180 5549 328 5608 Luca
358 5554 539 5635 verbis
558 5549 845 5635 υιθιιθιμιί.
894 5549 1094 5635 quibus
1126 5566 1351 5635 angelus
1388 5549 1569 5621 Mariae

32 5613 180 5686 dim.
228 5634 675 5695 superventurum
734 5613 801 5685 ini
829 5613 1566 5705 éaih‘ﬁﬁriﬁiiﬁ'Eanum};
