3846 6286
496 179 601 239 967
1882 175 1943 233 S.
1985 172 2080 231 ΕΡ]

2184 171 2331 232 IAN“
3673 187 3752 243 κδ

493 306 660 369 post:
697 294 765 351 Et
808 292 1032 351 Verbum
1068 310 1192 349 caro
1227 292 1423 364 factum
1466 301 1565 349 est.
1612 289 1732 349 Non
1762 292 1921 357 dixit,
1956 293 2077 362 Spi-

2184 292 2463 349 ὲπίσταται
2482 312 2497 327 ο
2531 294 2663 350 Θεὸν
2686 295 2794 351 ἀπὸ
2822 298 2956 352 Θεοῦ
2978 297 3184 355 ἀνωθεν
3208 302 3414 373 ἥκοντα
3430 320 3444 333 ·
3470 302 3754 375 ἄνθρωπε)

493 391 629 444 ritus
658 405 786 445 caro
810 389 985 459 factus
1019 400 1097 442 est
1121 406 1140 454 ;
1172 404 1239 441 ac
1272 403 1339 441 ne
1369 387 1500 441 illud
1537 386 1756 456 quidem
1788 404 1801 440 :
1831 385 2074 441 Christus

2184 386 2288 439 ἀπὸ
2332 387 2550 457 Μαρίας
2577 389 2705 444 ἄνευ
2746 391 3057 461 σπέρματος
3098 392 3290 463 ἀνδρὸς
3336 396 3755 465 γεγεννημένον.

492 482 647 536 homo
675 482 882 553 genitus
922 489 1018 536 est.
1052 478 1264 550 Quippe
1296 478 1579 548 Scriptura
1609 493 1787 541 sacra,
1824 478 1975 533 omni
2002 493 2068 534 ex

2184 477 2301 530 Τῶν
2353 479 2411 531 δὲ
2448 479 2543 532 δύο
2569 478 2772 534 τούτων
2820 482 3087 554 ἀληθινῶν
3134 487 3163 537 ὸ
3212 484 3367 548 ἐκτὸς
3419 485 3635 556 βαίνων
3678 488 3761 559 οὐχ

491 584 649 643 parte
702 573 913 628 munita
966 572 1317 641 stabilitaque
1367 569 1623 625 eumdem
1685 567 1856 623 Deum
1910 576 2077 639 atque

2184 570 2409 640 ὓπάρχει
2440 574 2539 644 τῆς
2566 574 2826 644 ἀληθείας

494 666 772 721 hominem
815 663 1106 734 agnoscit:
1177 660 1344 716 Deum
1393 661 1612 729 quidem
1683 674 1714 712 a
1765 657 1877 714 Deo
1922 661 2143 715 cmlitus
2182 662 2521 730 profectum;
2581 664 2852 723 hominem
2910 686 3040 726 vero
3091 672 3213 727 sine
3264 668 3409 725 virili
3467 670 3693 726 semine
3732 687 3757 726 ι

496 756 666 816 uaria
702 754 1065 826 progenitum.
1101 751 1205 819 Qui
1238 763 1389 806 extra
1424 751 1539 806 haec
1560 749 1727 823 566
1753 750 1863 806 duo
1888 752 2048 823 longe
2071 753 2357 809 verissima
2380 758 2647 826 graditur,
2686 773 2718 812 a
2753 764 2980 817 veritate
3008 772 3093 819 est
3127 764 3357 820 alienus.

567 870 659 925 IV.
698 868 859 923 Aliud
906 866 1130 936 insuper
1169 863 1487 919 Theodotus
1536 864 1789 934 Opponit,
1824 866 1974 935 quod
2005 866 2075 923 de

2232 870 2304 921 A’.
2324 867 2726 937 Προφασίζεται
2746 869 2906 923 πάλιν
2924 872 2953 922 ὁ
2968 870 3135 935 τάλας
3150 871 3406 937 Θεόδοτος
3423 875 3540 946 (71)
3562 874 3758 944 λέγων,

498 960 927 1035 ἱρεοειιετεηιίεε
965 956 1336 1030 pronuntiavit
1364 973 1376 1007 :
1410 955 1578 1009 Homo
1610 966 1707 1020 est,
1746 966 1797 1009 et
1838 957 1955 1026 quis
1986 974 2076 1012 co-

2184 960 2242 1013 ἱτι
2290 962 2384 1013 καὶ
2428 963 2456 1013 ὁ
2488 961 2759 1030 Ἱερεμίας
2799 964 2926 1031 περὶ
2952 964 3117 1017 αὑτοῦ
3147 966 3272 1035 ἔφη.
3302 968 3383 1020 ὅτι
3418 972 3759 1036 Ἄνθρωπός

497 1062 707 1127 gnoscet
737 1053 890 1106 illum
916 1050 975 1103 “l
1003 1048 1112 1103 Nec
1142 1049 1416 1119 intelligit,
1441 1062 1543 1118 pro
1568 1063 1635 1101 eo
1660 1058 1822 1117 atque
1862 1062 1895 1101 a
1928 1048 2074 1102 veri-

495 1154 611 1201 tate
636 1151 878 1201 remotus
909 1147 1014 1205 est,
1051 1153 1492 1209 unamquamque
1514 1140 1809 1192 dictionem
1836 1138 2075 1193 notionis

498 1252 612 1293 suae
670 1248 736 1290 ac
794 1233 1090 1304 potestatis
1144 1231 1649 1303 interpretationem
1703 1230 1904 1284 habere
1952 1244 2079 1283 con-

494 1326 764 1397 junctam.
827 1321 964 1377 Nam
1021 1322 1116 1391 qui
1170 1322 1335 1376 homo
1385 1321 1477 1381 sit,
1531 1320 1688 1390 plane
1730 1333 1760 1372 a
1804 1318 2078 1388 plerisque

496 1416 872 1486 agnoscitur,
902 1414 1103 1485 quibus
1129 1413 1273 1467 haud
1304 1414 1522 1484 ignotus
1548 1426 1670 1467 esse
1699 1419 1879 1481 potest
1904 1430 1917 1464 :
1947 1419 2076 1480 puta

496 1508 566 1563 ab
601 1518 833 1578 utroque
870 1513 1112 1577 parente,
1146 1505 1431 1567 fratribus,
1476 1504 1747 1573 cognatis,
1784 1503 2080 1557 contuber-

496 1597 737 1661 nalibus,
782 1597 1004 1659 vicinis,
1042 1596 1276 1662 civibus,
1327 1610 1392 1649 ac
1423 1597 1616 1650 servis.
1655 1594 1723 1647 At
1766 1594 1878 1649 illic
1922 1593 2076 1648 Scri-

2177 1050 2332 1109 ὲστι.
2372 1050 2469 1104 καί
2514 1052 2606 1117 τίς
2651 1050 2943 1121 γνώσεται
2989 1055 3212 1117 auctir;
3250 1053 3359 1107 Καὶ
3394 1054 3500 1107 οὐκ
3545 1052 3692 1107 οἶδεν
3732 1057 3756 1107 ὁ

2182 1143 2373 1195 ἑαυτὸν
2416 1144 2513 1213 τῆς
2564 1144 2819 1213 ἀληθείας
2869 1145 3249 1213 ἀποξενώσας,
3303 1147 3415 1210 ὅτι,
3466 1148 3548 1209 ὡς
3598 1147 3737 1217 ἔφην

2180 1228 2387 1302 ἑκάστη
2436 1234 2579 1299 λέξις
2626 1235 2737 1305 ἔχει
2765 1236 2865 1305 τῆς
2898 1237 3097 1307 ἑαυτῆς
3124 1236 3405 1305 δυνάμεως
3442 1238 3547 1308 τὴν
3580 1240 3757 1309 ἑρμη-

2177 1327 2347 1379 νείαν.
2392 1327 2450 1378 '0
2487 1328 2596 1399 γὰρ
2626 1328 2908 1400 ἄνθρωπος
2953 1328 3029 1381 ὢν
3063 1329 3279 1392 πάντως
3307 1329 3412 1382 ὑπὸ
3439 1331 3660 1384 πολλῶν
3691 1348 3758 1398 γι-

2178 1416 2446 1471 νώσκεται
2475 1418 2584 1470 τῶν
2629 1419 2789 1472 αὐτὸν
2822 1421 3196 1487 γινωσκόντων
3220 1437 3235 1450 ·
3284 1421 3426 1489 φημὶ
3457 1421 3519 1475 δὲ
3554 1423 3758 1490 πατρὸς

2179 1507 2273 1559 καὶ
2323 1507 2558 1577 μητρὸς,
2594 1507 2836 1577 ἀδελφῶν
2865 1525 2925 1561 τε
2969 1509 3062 1561 καὶ
3112 1511 3425 1578 συγγενῶν,
3471 1514 3757 1582 συσκήνων

2178 1613 2237 1648 τε
2280 1596 2376 1649 καὶ
2401 1596 2679 1663 γειτόνων,
2713 1597 2943 1651 πολιτῶν
2970 1616 3028 1651 τε
3056 1600 3148 1652 καὶ
3190 1600 3430 1654 οἰκετῶν.
3493 1602 3757 1655 Ἐνταῦθα

496 1699 657 1764 ptura
694 1690 865 1745 totius
896 1690 966 1743 ab
997 1689 1089 1744 illo
1114 1687 1356 1758 suscepti
1389 1687 1589 1757 negotii
1619 1686 1946 1741 miraculum
1975 1701 2075 1741 ex-

2184 1686 2231 1741 Βὲ
2274 1684 2307 1759 ἡ
2348 1687 2572 1759 Γραφὴ,
2626 1689 2687 1741 τὸ
2734 1688 3044 1759 θαυμαστὸν
3104 1691 3431 1763 διηγουμένη
3482 1693 3589 1763 τῆς
3632 1695 3755 1764 ὅλης

495 1778 729 1848 plicans,
752 1778 1027 1833 hominem
1069 1777 1289 1847 quidem
1321 1785 1544 1847 prapter
1568 1785 1905 1846 assumptam
1950 1792 2075 1832 car-

495 1884 621 1924 nem
668 1872 941 1935 nominat,
986 1868 1119 1923 iisce
1165 1880 1331 1938 porro
1372 1866 1594 1921 verbis:
1624 1866 1755 1932 Quis
1804 1874 2077 1935 cognoscet

496 1962 698 2019 illum?
736 1961 803 2016 ad
833 1960 954 2030 ejus
1000 1960 1363 2022 divinitatem,
1395 1973 1516 2027 qua:
1560 1956 1944 2027 comprehendi
1978 1972 2073 2012 ne-

499 2054 651 2122 quit,
703 2051 1085 2107 declarandam
1132 2051 1209 2106 uti
1259 2050 1448 2105 voluit.
1519 2047 1655 2101 Nam
1700 2064 1825 2103 cum
1873 2048 2077 2104 Filium

497 2162 650 2199 nemo
698 2145 839 2199 novit
892 2145 998 2199 nisi
1038 2142 1241 2197 Pater:
1274 2158 1434 2211 neque
1488 2140 1707 2195 Patrem
1740 2142 1880 2195 novit
1912 2141 2077 2203 ullus,

501 2238 605 2293 nisi
633 2237 831 2301 Filius,
868 2246 918 2293 et
949 2239 993 2291 is
1031 2238 1117 2291 cui
1144 2237 1387 2291 reuelauit
1414 2236 1455 2302 ’,
1498 2235 1769 2305 sequitur,
1795 2251 1865 2290 ne
1899 2234 2077 2305 ipsum

500 2332 754 2401 quidem,
799 2332 904 2387 nisi
952 2332 1041 2386 cui
1090 2331 1444 2393 revelaverit,
1499 2331 1568 2385 ab
1609 2331 1721 2386 ullo
1778 2345 1941 2403 posse
1987 2345 2081 2384 co-

501 2424 710 2494 gnosci.
750 2422 1018 2478 Cancrum
1064 2421 1245 2478 Patris
1276 2422 1365 2477 ille
1402 2421 1486 2477 sui
1528 2436 1595 2476 ac
1625 2438 1779 2477 suam
1814 2422 1950 2477 adeo
1993 2420 2079 2474 di-

499 2517 780 2571 vinitatem
820 2524 874 2569 et
901 2514 1128 2585 gloriam
1163 2515 1339 2570 servis
1372 2514 1489 2568 suis
1515 2528 1611 2583 per
1654 2512 1918 2584 Spiritum
1948 2526 2080 2567 san-

498 2616 650 2664 ctum
682 2607 903 2675 revelat,
933 2622 1146 2661 necnon
1178 2615 1233 2662 et
1257 2606 1497 2661 futuram
1523 2607 1670 2659 illam
1694 2607 2079 2676 sempiternam

497 2700 689 2765 vitam,
728 2701 1053 2771 reliquaque
1100 2697 1383 2770 mysteria,
1434 2712 1499 2755 ac
1539 2697 1869 2761 doctrinam,
1917 2706 2083 2766 atque

499 2792 644 2848 inter
679 2800 875 2847 cuatera
906 2806 1087 2847 veram
1118 2791 1267 2846 illam
1307 2805 1463 2845 suam
1507 2789 1975 2854 incarnationem;
2016 2802 2083 2843 ac

497 2885 961 2957 quemadmodum
992 2884 1134 2939 Deus
1186 2898 1217 2939 e
1248 2884 1409 2950 coelo,
1456 2882 1622 2938 homo
1662 2898 1729 2938 ex
1755 2880 1926 2937 Maria
1955 2897 2084 2953 pro-

501 2977 686 3033 dierit.

570 3089 638 3146 ν.
684 3089 867 3161 Pergit
901 3088 1040 3143 idem
1090 3072 1181 3141 ille
1229 3084 1570 3147 Theodotus,
1598 3091 1653 3138 et
1697 3084 1767 3139 ab
1797 3082 1937 3139 Isaia
1983 3084 2083 3137 ho-

501 3185 704 3239 minem
735 3183 886 3237 illum
912 3197 1035 3237 esse
1061 3178 1319 3234 allirmari
1343 3177 1521 3241 docet,
1550 3178 1637 3232 his
1661 3176 1840 3233 verbis
1866 3194 1880 3230 :
1908 3174 2083 3231 Homo

501 3280 670 3334 sciens
704 3277 930 3331 tolerare
952 3273 1342 3344 infirmitatem.
1374 3270 1441 3324 Et
1465 3272 1688 3326 vidimus
1712 3285 1832 3324 eum
1869 3282 2083 3338 percus-

500 3385 619 3423 sum
653 3376 700 3420 et
731 3368 864 3419 male
902 3364 1158 3417 habitum.
1188 3360 1255 3415 Et
1286 3362 1574 3430 ignominia
1605 3360 1823 3428 a/fectus
1851 3367 1952 3419 est,
1992 3373 2083 3411 nec

500 3468 777 3528 reputatus
802 3458 840 3511 ³.
877 3455 1077 3510 Verum
1115 3456 1390 3523 quomodo
1414 3453 1610 3506 iterum
1635 3451 1888 3521 redargui
1912 3450 2085 3520 possit

502 3564 670 3619 ρει-ηε
713 3548 814 3601 ista
849 3562 954 3600 non
986 3546 1152 3599 videt.
1189 3545 1399 3614 Quippe
1433 3542 1605 3599 Isaias
1647 3542 1835 3600 eodem
1871 3541 1924 3595 in
1966 3541 2085 3595 loco

503 3642 578 3694 ita
625 3641 905 3710 loquitur:
943 3638 1219 3707 Tanquam
1267 3638 1376 3690 ovis
1422 3636 1491 3688 ad
1542 3637 1855 3689 occisionem
1894 3634 2085 3686 ductus

500 3740 619 3794 est;
661 3740 710 3783 et
758 3738 815 3781 ut
845 3744 1011 3798 agnus
1054 3742 1235 3779 coram
1269 3725 1509 3778 tondente
1548 3740 1603 3778 se
1647 3733 1846 3787 mutus,
1881 3722 1955 3776 sic
1982 3738 2087 3774 non

504 3823 675 3892 aperit
721 3838 779 3874 os
813 3837 987 3875 suum.
1039 3818 1102 3873 In
1132 3818 1429 3871 humilitate
1474 3816 1645 3886 ipsius
1679 3814 1943 3884 judicium
1972 3813 2086 3882 ejus

505 3913 773 3967 sublatum
821 3920 918 3964 est.
971 3909 1206 3979 Subjicit
1250 3907 1447 3963 deinde
1484 3926 1497 3961 :
1540 3904 1940 3961 Generationem
1972 3905 2086 3974 ejus

501 4003 620 4073 quis
653 4000 971 4055 enarrubit?
1003 4000 1253 4070 quoniam
1292 3999 1498 4052 tollitur
1529 3996 1591 4052 de
1632 4007 1773 4050 terra
1815 3995 2085 4048 hominum

502 4097 613 4150 vita
639 4095 775 4163 ejus.
807 4092 925 4147 Non
958 4094 1117 4153 dixit,
1156 4092 1369 4145 tollitur
1398 4092 1507 4144 vita
1550 4088 1707 4159 ejus;
1752 4088 1849 4142 sed
1886 4102 1950 4141 ea:
1993 4087 2089 4141 Ito-

504 4186 741 4242 mintbus
783 4186 1004 4256 adjecit.
1066 4184 1200 4239 Cum
1233 4184 1378 4239 enim
1418 4182 1650 4237 Verbum
1695 4190 1958 4253 perpetuo
2002 4182 2089 4237 vi-

505 4288 632 4340 vat,
675 4286 840 4347 atque
875 4277 929 4330 in
971 4291 1094 4331 sese
1128 4276 1296 4328 vitam
1330 4276 1548 4336 habeat.
1594 4289 1823 4343 eamque
1872 4273 1959 4337 iis,
1990 4273 2089 4343 qui

2179 1779 2342 1834 αὑτοῦ
2384 1780 2789 1850 πραγματείας,
2828 1781 3113 1853 ἄνθρωπον
3145 1783 3243 1852 μὲν
3268 1784 3369 1853 ἔφη
3396 1783 3487 1835 διὰ
3534 1784 3639 1855 τὴν
3676 1786 3756 1836 ἕνα

2179 1888 2381 1944 σαρκον
2431 1873 2731 1944 παρουσίαν
2780 1875 2863 1938 τὸ,
2916 1876 3012 1940 Τίς
3068 1875 3136 1928 δὲ
3189 1875 3479 1945 γνώσεται
3532 1878 3759 1939 αὐτόν-ς

2179 1967 2418 2037 ὲσήμανε
2460 1968 2586 2035 περὶ
2615 1967 2712 2035 τῆς
2742 1966 2905 2019 αὑτοῦ
2947 1966 3195 2037 θεότητος
3222 1969 3318 2037 τῆς
3348 1969 3755 2039 ἀκαταλήπτω.

2190 2055 2406 2128 Ἐπειδὴ
2451 2058 2561 2127 γὰρ
2613 2058 2812 2124 οὐδεὶς
2865 2052 2987 2111 οἶδε
3026 2058 3134 2111 τὸν
3172 2060 3307 2112 Υιιὶν
3340 2060 3395 2112 εί
3436 2059 3529 2128 μὴ
3568 2065 3603 2114 ό
3648 2063 3757 2114 Πα-

2179 2146 2310 2214 τὴρ,
2348 2147 2445 2201 καί
2476 2149 2582 2202 τὸν
2621 2145 2851 2216 Πατέρα
2886 2148 3086 2214 οὐδεὶς
3114 2150 3278 2205 οἶδεν
3322 2153 3375 2203 ει
3400 2152 3491 2220 μὴ
3525 2155 3562 2207 ό
3610 2153 3753 2219 mg,

2180 2236 2278 2288 καὶ
2324 2229 2372 2301 ᾧ
2408 2236 2517 2290 ἐὰν
2559 2237 2928 2308 ἀποκαλύψῃ
2948 2255 2964 2271 ’
3006 2238 3181 2302 οὐδεὶς
3223 2234 3313 2292 οὖν
3368 2239 3644 2306 γνώσεται
3674 2242 3759 2293 ai:-

2179 2326 2292 2391 τὸν,
2350 2327 2444 2381 ὲάν
2513 2328 2586 2399 μὴ
2647 2328 2795 2400 αὐτῷ
2839 2329 3185 2402 ἀποκαλύψῃ.
3249 2330 3660 2385 Ἀποκαλύπτει
3705 2334 3757 2385 δὲ

2179 2422 2246 2477 δι’
2299 2423 2454 2493 ἁγίου
2508 2421 2823 2494 Πνεύματος
2864 2426 2976 2487 τοῖς
3004 2424 3167 2477 αὑτοῦ
3205 2424 3411 2487 δούλοις
3455 2426 3561 2494 τὴν
3598 2426 3759 2480 αὐτοῦ

2180 2517 2277 2570 καὶ
2317 2515 2417 2587 τὴν
2461 2516 2554 2569 τοῦ
2585 2514 2750 2571 αὐτοῦ
2797 2516 3011 2588 nam;
3041 2516 3291 2588 θεότητα,
3318 2522 3415 2573 καὶ
3452 2519 3640 2586 δόξαν,
3672 2523 3760 2575 καὶ

2180 2605 2279 2675 τὴν
2314 2604 2478 2659 αὐτοῦ
2521 2603 2667 2675 ζωὴν
2712 2605 2931 2660 αἰώνιον
2960 2607 3058 2677 τὴν
3093 2608 3413 2678 μέλλουσαν,
3448 2611 3551 2664 καὶ
3576 2612 3649 2665 τὰ
3679 2613 3762 2666 αὖ·

2180 2694 2276 2747 τοῦ
2323 2696 2620 2767 μυστήρια,
2664 2698 2759 2750 καὶ
2804 2697 3170 2763 διδασκαλίαν,
3218 2701 3313 2754 καὶ
3341 2701 3443 2773 τὴν
3483 2702 3655 2756 αὑτοῦ
3697 2704 3759 2756 δι’

2182 2788 2329 2858 ἡμᾶς
2362 2788 2626 2860 ἔνσαρκον
2671 2788 2849 2859 ἀληθῆ
2885 2791 3209 2862 παρουσίαν,
3243 2792 3326 2846 ὅτι
3367 2792 3507 2857 Θεὸς
3535 2795 3755 2861 ἀνωθεν,

2183 2881 2279 2934 καὶ
2325 2879 2612 2950 ἄνθρωπος
2648 2880 2758 2935 ἀπὸ
2796 2882 3036 2951 Μαρίας.

2230 3088 2309 3142 E'.
2351 3084 2485 3141 Εἶτα
2533 3086 2561 3140 ὁ
2609 3084 2772 3149 αὐτὸς
2814 3084 2976 3137 πάλιν
3029 3084 3163 3156 φησὶ
3206 3084 3487 3149 Θεόδοτος,
3540 3084 3625 3137 ὅτι
3663 3083 3748 3135 καὶ

2171 3174 2399 3239 Ἡσαΐας
2426 3176 2557 3246 περὶ
2585 3174 2749 3229 αὑτοῦ
2786 3172 2911 3244 ἔφη.
2951 3174 3034 3227 ὃτι
3060 3174 3349 3246 ἅνθρωπός
3378 3177 3554 3236 ἐστιν,
3584 3173 3747 3235 οὕτως

2184 3261 2353 3315 εἰπών
2373 3279 2387 3294 ο
2433 3264 2777 3329 Ἀνθρωπος
2820 3260 2993 3328 ειδὼς
3032 3263 3231 3331 φέρειν
3279 3264 3604 3331 μαλακίαν.
3652 3266 3749 3317 Καὶ

2182 3352 2421 3421 εἴδομεν
2460 3353 2651 3406 αὐτὸν
2694 3353 2764 3405 ἐν
2809 3349 3015 3423 πληγῇ
3059 3354 3156 3407 καί
3200 3354 3269 3407 ἐν
3321 3354 3604 3409 κακώσει.
3648 3355 3750 3407 Καὶ

2183 3444 2500 3514 ﬁrmatae",
2530 3444 2628 3497 καὶ
2676 3447 2787 3499 οὐκ
2827 3444 3139 3515 ἐλογίσθη.
3173 3444 3314 3498 Ἀλλ’
3342 3446 3447 3499 οὐκ
3491 3445 3601 3500 οἶδε
3645 3448 3751 3509 πῶς

2186 3537 2346 3591 πάλιν
2394 3535 2672 3605 ἐλέγχεται
2715 3539 2744 3590 ὁ
2799 3536 3097 3608 κτηνώδης.
3147 3538 3233 3590 Ἐν
3275 3538 3471 3601 αὐταῖς
3510 3540 3618 3610 γάρ
3644 3544 3751 3603 sui;

2185 3630 2392 3694 λέξεσιν
2436 3628 2663 3692 Ἡσαΐας
2711 3628 2885 3693 οὕτως
2942 3623 3129 3683 εἶπεν·
3175 3629 3270 3697 Ὧς
3315 3632 3618 3698 πρόϐατον
3661 3634 3747 3687 ἐπι

2185 3723 2434 3791 σφαγὴν
2461 3722 2640 3791 ἤχθη,
2678 3712 2775 3776 icui
2824 3723 2904 3789 ὡς
2950 3723 3143 3793 ἀμνὸς
3189 3724 3472 3779 ἐναντίον·
3506 3725 3615 3780 τοῦ
3646 3730 3747 3780 tesi-

2179 3830 2402 3883 ραντος
2453 3816 2640 3867 αὐτὸν
2694 3814 2971 3884 ἄφωνος*
3031 3816 3218 3882 οὕτως
3258 3819 3369 3871 οὐκ
3412 3817 3643 3888 ἀνοίγει
3690 3819 3749 3873 τὸ

2187 3909 2383 3975 στόμα
2418 3906 2626 3961 αὑτοῦ.
2687 3908 2789 3960 Ἐν
2838 3905 2912 3976 τῇ
2948 3906 3298 3961 ταπεινώσει
3337 3910 3531 3964 αὑτοῦ
3560 3910 3598 3978 ἡ
3641 3912 3751 3978 upi-

2186 4015 2288 4066 σις
2320 4000 2509 4055 αὑτοῦ
2555 3998 2731 4069 ἤρθη.
2778 3997 2909 4055 Εἶτά
2946 4019 3111 4072 φησι·
3159 4001 3278 4069 Τὴν
3316 4003 3536 4071 γενεὰν
3577 4002 3747 4058 αὑτοῦ

2187 4090 2279 4155 τίς
2324 4088 2711 4159 amnicum;
2763 4089 2852 4143 ὅτι
2903 4090 3128 4159 αἴρεται
3168 4090 3286 4145 ἀπὸ
3332 4089 3448 4159 τῆς
3486 4091 3602 4161 τῆς
3646 4091 3749 4145 τῶν·

2188 4179 2513 4250 ἀνθρώπων
2542 4181 2580 4249 ἡ
2611 4178 2722 4249 ζωὴ
2750 4181 2959 4237 αὑτοῦ.
2989 4181 3099 4234 Καὶ
3123 4180 3222 4235 οὐκ
3251 4176 3423 4245 εἶπεν,
3456 4183 3679 4250 uipera;
3714 4180 3745 4248 vi

2188 4270 2302 4341 ζωὴ
2364 4271 2574 4331 αὑτοῦ.
2630 4272 2785 4337 ἀλλά,
2842 4273 2961 4327 ἀπὸ
3020 4272 3361 4341 ἀνθρώπων.
3422 4276 3536 4328 Ἀεὶ
3583 4276 3686 4346 γὰρ
3724 4274 3750 4327 ι

503 4385 629 4427 sese
661 4378 867 4433 ament,
900 4368 1199 4439 impertiat,
1230 4382 1301 4423 ex
1337 4366 1657 4422 hominibus
1680 4374 1764 4422 est
1795 4366 1946 4422 illius
1971 4366 2080 4439 qui-

2188 4366 2360 4435 Λόγος
2394 4364 2503 4430 ζῶν
2531 4364 2813 4436 ὑπάρχων,
2869 4364 2963 4419 καὶ
3010 4365 3071 4417 τὸ
3099 4365 3197 4436 ζῇν
3246 4366 3333 4435 ἐφ’
3378 4367 3576 4420 ἑαυτοῦ
3606 4367 3744 4438 ἔχων.

577 4556 593 4585 ¹
620 4552 823 4608 Jereni.
854 4566 985 4614 xvn,
1018 4548 1074 4603 9.
1148 4552 1167 4581 '
1200 4547 1389 4603 Matth.
1421 4565 1498 4612 ιι,
1528 4547 1627 4615 27;
1654 4547 1786 4603 Luc.
1829 4564 1885 4610 ι,
1920 4547 2012 4605 22.

2184 4564 2248 4603 ιε.
2272 4564 2389 4616 ιιιι,
2430 4548 2466 4605 5
2502 4564 2624 4620 sqq.

576 4709 689 4781 (Ἠ)
729 4704 1151 4777 Προρασίζεται
1167 4703 1353 4781 fcit“:
1366 4707 1397 4757 ό
1412 4705 1597 4781 τάλας
1615 4703 1917 4781 Θεόδοτος.
1936 4701 2084 4781 ere:

504 4772 628 4836 mia).
660 4772 812 4835 l'ocu's
838 4772 927 4832 ille.
952 4820 966 4841 ,
988 4793 1146 4847 quem
1166 4774 1481 4829 Theodotus
1508 4774 1892 4847 aﬂ'erebat,_e1_t
1942 4772 2082 4847 LXX

504 4852 792 4905 Seniorunt
858 4844 1094 4903 editione
1160 4847 1514 4915 depromptus
1583 4852 1707 4900 est:
1766 4844 2083 4915 Ἄνθρωπός

503 4923 653 4985 ἐστι,
692 4922 787 4975 καὶ
834 4920 917 4983 τίς
968 4918 1238 4988 γνώσεται
1267 4916 1468 4981 αὑτόν;
1504 4916 1771 4988 Hebraica
1808 4930 1910 4967 vox
1938 4924 2082 4988 W3

502 4992 757 5060 ambigua
787 4985 1184 5060 signiﬁcatione
1203 4988 1567 5060 occasionem
1621 4985 2085 5060 interpretationis

504 5053 865 5134 illiusvdedit‘,
911 5069 969 5113 ut
1002 5056 1384 5134 animadvertit
1419 5055 1655 5134 llieron._
1677 5053 1820 5134 Nam
1851 5057 1897 5107 si
1936 5056 2082 5123 lega-

503 5148 621 5185 mus
648 5126 811 5210 ui‘ugt,
854 5132 1015 5184 homo
1037 5128 1234 5183 dicitur
1257 5144 1275 5181 .'
1303 5128 1351 5181 si
1387 5137 1563 5182 autem
1602 5126 1767 5211 uiuis,
1803 5125 2079 5180 inscruta-

501 5235 633 5303 bile,
663 5239 765 5291 sive
798 5236 1174 5306 desperabile;
1215 5252 1275 5290 eo
1312 5233 1458 5306 quod
1478 5233 1654 5287 nullus
1690 5248 1782 5306 cor
1809 5230 2078 5306 [taurinum

502 5306 676 5362 ualeat
724 5303 971 5361 invenire.
1028 5310 1097 5360 At
1152 5303 1332 5361 sancti
1386 5303 1491 5359 PP.
1548 5304 1881 5359 contrarium
1933 5304 2075 5369 ejus.

499 5378 649 5449 quod
700 5375 1013 5432 Theodotus
1069 5377 1373 5449 pugnabat,
1416 5376 1711 5449 ex_eodem
1752 5376 1871 5428 loco
1908 5373 2079 5449 dedit:

498 5442 636 5504 c'unt
664 5466 677 5504 :
708 5449 985 5503 Christum
1014 5442 1123 5501 non
1147 5442 1463 5517 'simplicem
1495 5446 1767 5500 hominem
1802 5442 2075 5517 essetsed

502 5533 610 5574 una
648 5519 812 5576 etiam
862 5517 1070 5572 Deum:
1106 5513 1659 5587 quod'Hieronymus
1696 5530 1819 5587 non
1861 5513 2071 5585 probat.

501 5588 723 5657 Solent,
770 5589 947 5660 inquit
975 5630 988 5655 ,
1018 5585 1235 5660 quidam
1268 5590 1469 5645 nostri.
1506 5585 1656 5640 ibono
1693 5585 1902 5653 quidem
1931 5594 2069 5650 voto,

2188 4703 2278 4757 sed
2317 4720 2420 4758 non
2466 4705 2753 4758 secundum
2796 4706 3067 4759 scientiam
3092 4744 3109 4768 ,
3159 4706 3235 4759 uti
3277 4706 3373 4758 Itoc
3428 4706 3546 4761 loco
3584 4718 3745 4761 contra

2186 4773 2438 4834 Judwos;
2467 4774 2604 4843 quod
2638 4774 2790 4848 homo
2833 4778 2899 4828 sit
2936 4776 3187 4829 Dominus
3230 4793 3405 4844 a-que,
3440 4789 3602 4848 atque
3639 4780 3745 4831 Sat-

2189 4856 2358 4908 vator,
2418 4850 2703 4897 secundum
2754 4846 3198 4913 dispensationem
3224 4848 3402 4900 carnis
3437 4846 3744 4915 assumpta;

2190 4916 2468 4985 nuttusque
2515 4916 2680 4984 possit
2739 4918 3033 4971 nativitatis
3082 4917 3195 4985 ejus
3253 4920 3386 4970 scire
3434 4921 3745 4986 mysterium.

2189 4986 2475 5041 secundum
2512 4986 2647 5039 illud
2686 4987 2824 5056 quod
2870 4988 3124 5054 scriptum
3165 4994 3273 5041 est:
3318 5007 3335 5039 ε
3362 4986 3745 5042 ϐεηετοιὲοικηι

2186 5057 2300 5123 ejus
2350 5058 2465 5121 quis
2498 5057 2815 5113 etiarrabit?
2841 5076 2859 5108 ι
2906 5058 3008 5111 nisi
3044 5058 3187 5111 solus
3228 5057 3364 5112 Deus
3392 5100 3408 5123 ,
3439 5060 3533 5127 qui
3564 5075 3745 5112 arcana

2188 5128 2451 5197 rimatur,
2489 5140 2537 5181 et
2580 5127 2749 5180 reddit
2777 5128 3057 5197 unicuique
3095 5128 3377 5182 secundum
3436 5144 3594 5194 opera
3641 5144 3745 5181 sua.

2186 5196 2379 5252 Metius
2413 5207 2587 5251 autem
2620 5207 2717 5259 est,
2766 5208 2823 5250 ut
2868 5196 3178 5265 simpliciter
3230 5198 3559 5264 accipiamus
3581 5240 3597 5257 .
3623 5198 3748 5267 quod

2184 5269 2784 5339 nullus__cogitationum
2836 5279 3034 5322 secreta
3084 5279 3404 5337 cognoscat.
3459 5272 3565 5322 nisi
3615 5271 3747 5321 solus

2184 5338 2347 5393 Deus.
2379 5336 2504 5393 Haec
2534 5340 2658 5394 .ille.
2691 5338 2771 5392 Ad
2819 5338 3067 5393 eumdem
3105 5336 3325 5394 sensum
3381 5341 3547 5393 refert
3594 5340 3744 5392 etiam

2184 5407 2601 5474 Theodoretus;
2648 5408 2854 5464 Tertul.
2897 5424 3024 5463 vero
3062 5406 3263 5478 Contra
3296 5405 3450 5467 Jud..
3500 5425 3618 5478 cap.
3655 5408 3741 5468 lt;

2181 5479 2489 5551 Cyprianus
2529 5478 2681 5534 Cont.
2717 5478 2873 5543 Jud.,
2915 5495 3034 5549 cap.
3069 5480 3179 5544 10;
3244 5477 3496 5533 Lactant.
3537 5477 3645 5551 lib.
3676 5494 3735 5535 iv.

2180 5547 2313 5621 cap.
2336 5551 2404 5604 15
2431 5566 2445 5614 ;
2477 5560 2543 5621 et
2566 5552 2655 5603 alii
2684 5590 2698 5613 ,
2744 5565 2884 5620 quos
2915 5547 3079 5604 tacito
3108 5550 3326 5604 nomine
3354 5559 3504 5603 notat
3537 5547 3734 5603 Hieron.

2181 5621 2249 5674 ad
2284 5620 2485 5676 Christi
2516 5620 2872 5676 divinitatem.
