3846 6286
446 275 542 333 97!

1847 273 1906 332 S.
1949 275 2289 333 EPIPHANII

3638 277 3742 333 97?.

447 395 624 449 tinere
658 393 1001 459 videbantur,
1044 395 1146 452 hac
1187 395 1241 451 in
1269 395 1660 452 dissertatione
1687 400 2034 467 preposueri-

2162 402 2246 465 ξιν,
2295 400 2720 472 ὑπερϐησόμεθα
2773 399 2913 453 κατὰ
2963 396 3024 452 τδ
3072 397 3191 461 ἔθος
3241 395 3341 466 τῆς
3393 393 3744 458 ἀκολουθίας.

448 498 591 549 mus,
650 487 716 541 ad
757 503 820 543 ea
873 505 994 560 qua:
1039 491 1306 562 deinceps
1329 500 1636 562 sequuntur
1673 508 1824 547 more
1853 501 2043 549 nostro

449 579 834 644 transibimus,
878 590 1168 653 postquam
1227 583 1375 637 velut
1421 584 1696 654 serpentis
1751 583 2041 653 cujusdam

449 682 662 742 partem
723 671 899 727 adhuc
952 673 1305 742 palpitantem
1357 675 1604 728 veritatis
1655 691 1752 746 spe
1800 691 1864 729 ac
1919 674 2043 735 (ide,

452 761 597 814 velut
629 761 794 826 fuste,
839 767 1216 832 percussimus
1263 771 1426 833 atque
1461 764 1855 820 exstinximus.
1905 763 2043 818 Pro-

2145 491 2335 564 ὥσπερ
2362 509 2412 545 τι
2443 493 2607 563 μέρος
2637 492 2867 564 ἑρπετοῦ
2903 491 2980 544 ἔτι
3005 489 3380 560 σκαρίζοντος,
3397 490 3466 558 τῇ
3490 487 3596 556 τῆς
3613 485 3747 554 ἀλη-

2149 583 2300 646 θείας
2320 584 2494 636 ἐλπίδι
2521 585 2613 636 καὶ
2643 585 2824 637 πίστει
2847 583 3172 645 πεπαικὸτες
3200 573 3293 634 καὶ
3315 580 3623 641 ἀνελόντες,
3644 577 3748 638 τας

2151 674 2275 746 ἑξῆς
2309 677 2790 748 διασκοπήσωμεν,
2821 677 2915 730 καὶ
2951 672 3374 748 περιϐλέπεσθαι
3409 671 3511 734 τὰς
3541 670 3747 740 θηριω-

2149 766 2413 832 δεστάτας
2447 769 2686 840 αἱρέσεις
2723 769 3067 840 σπεύσωμεν.

450 852 575 907 inde
633 855 700 908 ad
749 865 1039 926 sequentes
1081 857 1316 912 haereses
1359 857 1663 912 belluarum
1715 859 1767 911 in
1806 857 2026 912 modum
2057 859 2472 918 cﬂeratissimas
2542 861 2993 932 contemplandas
3060 858 3486 928 tractandasquc
3554 867 3742 925 prope-

452 961 660 1002 I'CIIHIS.

722 1041 1003 1098 CONTRA
1042 1043 1753 1110 MELCHISEDECIANOS,

879 1131 1112 1188 lla'resis
1145 1133 1354 1187 XXXV
1397 1134 1473 1189 vel
1499 1133 1540 1188 L
1559 1134 1616 1189 V.

525 1225 566 1278 Ι.
619 1225 722 1290 Qui
765 1224 1288 1282 Melchisedecianos
1335 1227 1598 1296 appellari
1665 1241 1788 1282 sese
1825 1227 2034 1289 volunt,

457 1332 542 1377 ac,
570 1316 673 1372 nisi
727 1315 907 1381 fallor,
937 1332 964 1368 a
997 1315 1390 1372 Theodotianis
1430 1320 1604 1373 avulsi
1637 1329 1787 1384 sunt,
1823 1319 2039 1373 Melchi-

459 1409 717 1466 sedecum
763 1409 940 1472 illum,
1000 1409 1069 1464 de
1117 1426 1226 1479 quo
1261 1410 1314 1464 in
1369 1409 1675 1481 Scripturis
1708 1413 1912 1467 mentio
1961 1412 2038 1476 tit,

459 1517 585 1556 cum
647 1502 839 1571 primis
894 1501 1209 1564 celebrant,
1269 1511 1322 1556 et
1377 1504 1693 1573 praeclaram
1746 1503 2041 1570 quamdam

458 1609 582 1649 esse
619 1594 878 1648 virtutem
917 1593 1275 1647 arbitrantur.
1313 1593 1486 1660 Quem
1534 1595 1698 1649 etiam
1737 1595 1789 1648 in
1843 1610 2038 1663 supre—

2480 1045 2670 1099 ΚΑΤΑ
2709 1044 3397 1110 ΜΕΛΧΙΣΕΔΕΚΙΑΝΩΝ,

2680 1137 2816 1198 ΛΕ’,
2848 1136 2886 1202 ἠ
2923 1134 3026 1189 καὶ
3061 1137 3194 1189 NE'.

2197 1227 2276 1280 A'.
2299 1227 2816 1297 Μελχισεδεκιανοὺς
2835 1227 2997 1280 πάλιν
3013 1227 3189 1298 ἕτεροι
3214 1227 3443 1288 ἑαυτοὺς
3463 1226 3743 1292 καλοῦσιν,

2145 1319 2588 1382 ἀποσπασθέντες
2618 1321 2756 1390 τάχα
2771 1318 2883 1388 (75)
2907 1318 3015 1372 ἀπὸ
3038 1319 3146 1372 τῶν
3169 1318 3536 1372 Θεοδοτιανῶν
3558 1318 3744 1371 καλουο

2147 1410 2342 1479 μένων.
2387 1407 2546 1466 Οὗτοι
2578 1412 2666 1465 τὸν
2689 1413 3028 1482 Μελχισεδὲκ
3050 1409 3139 1464 τὸν
3166 1413 3222 1463 ἐν
3244 1413 3364 1473 ταῖς
3381 1411 3634 1480 Γραφαῖς
3655 1411 3740 1462 λε-

2143 1498 2372 1567 γόμενον
2411 1499 2692 1565 δοξάζουσι
2732 1501 2974 1572 μεγάλην
3023 1501 3142 1554 τινὰ
3200 1491 3448 1570 δύναμιν.
3492 1496 3653 1553 Εἶναι
3685 1501 3742 1553 δὲ

2144 1590 2306 1644 αὑτὸν
2335 1592 2446 1646 ἄνω
2474 1593 2532 1644 ἐν
2577 1594 3042 1662 ἀκατονομάστοις
3078 1593 3265 1654 τόποις
3301 1610 3313 1621 °
3360 1592 3456 1646 καὶ
3490 1593 3571 1656 ὡς
3604 1588 3742 1646 εἶναι

458 1686 567 1742 mis
599 1693 764 1756 atque
801 1685 1280 1756 inexplicabilibus
1305 1687 1438 1741 locis
1461 1687 1824 1741 constituunt.
1857 1685 2042 1756 Neque

2162 1681 2332 1734 τοῦτον
2367 1683 2427 1735 οὐ
2459 1683 2622 1754 μόνον
2662 1682 2889 1754 δύναμίν
2935 1701 3078 1748 τινα,
3113 1683 3250 1736 ἀλλά
3303 1683 3394 1736 καὶ
3427 1685 3747 1755 μειζοτερον

460 1780 637 1835 solum
677 1779 935 1833 virtutem
969 1777 1120 1833 illum
1151 1793 1275 1834 esse
1307 1778 1600 1848 quamdam
1635 1787 1910 1838 asserunt,
1949 1778 2045 1832 sed

461 1871 582 1941 ipso
599 1871 762 1925 etiam
781 1869 1002 1926 Christo
1025 1868 1287 1939 majorem
1317 1885 1440 1926 esse
1467 1869 1740 1924 dictitant.
1762 1870 2042 1924 Christum

469 1971 622 2011 vero
671 1955 996 2025 simpliciter
1046 1954 1358 2018 advenisse,
1427 1963 1592 2024 atque
1653 1954 1800 2008 illius
1858 1953 2050 2008 ordine

465 2050 751 2121 dignatum
804 2065 928 2105 esse
981 2057 1226 2114 narrant,
1270 2063 1336 2104 ex
1378 2049 1472 2103 illo
1519 2047 1773 2102 videlicet
1832 2045 2049 2102 Davidis

464 2141 614 2194 dicto
649 2159 662 2194 :
701 2139 779 2192 Tu
812 2157 866 2194 es
901 2138 1148 2194 sacerdos
1192 2141 1244 2192 in
1274 2148 1533 2193 wternum
1581 2136 1868 2191 secundum
1901 2135 2051 2189 ordi-

464 2247 583 2286 nem
633 2229 1016 2285 Melchisedech
1042 2233 1081 2284 ί.
1141 2231 1324 2296 Quare
1355 2229 1752 2284 Melchisedeco
1777 2229 2048 2299 dignitate

473 2325 548 2380 sit
576 2323 823 2380 inferior.
858 2323 972 2379 Nisi
1005 2325 1150 2378 enim
1182 2323 1483 2378 secundum
1509 2322 1576 2376 ab
1608 2337 1673 2377 eo
1697 2321 2051 2376 existimatio-

466 2419 556 2473 nis
588 2418 768 2472 locum
815 2416 1061 2480 haberet,
1119 2430 1465 2485 nequaquam
1508 2414 1698 2469 ordine
1739 2414 1886 2468 illius
1907 2413 2050 2468 indi-

466 2516 637 2578 geret.
668 2505 787 2561 Jam
823 2507 890 2562 de
928 2507 1120 2562 eodem
1152 2507 1244 2560 illo
1268 2505 1666 2561 Melchisedeco
1692 2504 1898 2567 ierunt,
1932 2505 2050 2560 sine

467 2606 644 2654 matre
671 2599 849 2664 illum,
874 2614 936 2653 ac
962 2605 1137 2668 patre,
1160 2603 1215 2651 et
1242 2596 1563 2666 genealogia
1593 2595 1765 2651 fuisse
1789 2597 1808 2626 ¹
1839 2614 1851 2650 :
1888 2595 2052 2666 idque

465 2708 533 2746 ex
564 2691 720 2746 Pauli
750 2692 813 2746 ad
847 2691 1108 2746 Hebrteos
1155 2687 1398 2759 Epistola
1443 2688 1714 2743 allirmare
1754 2694 2048 2742 conantur.

464 2783 734 2839 Praeterea
765 2782 1176 2838 commentitios
1208 2778 1476 2850 quosdam
1506 2779 1676 2834 libros
1698 2793 1763 2833 ac
1789 2777 2053 2833 conﬁctos

462 2874 696 2938 habent,
722 2875 923 2946 quibus
951 2873 1316 2942 sibimetipsis
1351 2871 1608 2926 illudunt.

538 2965 740 3021 Verum
775 2983 848 3029 ex
895 2967 1030 3037 ipsis
1067 2965 1369 3036 Scriptura:
1400 2963 1583 3018 verbis
1614 2962 1774 3019 facile
1802 2973 1885 3020 est
1920 2962 2048 3019 istos

471 3074 592 3113 rum
636 3073 881 3113 errorem
915 3057 1269 3113 convincere.
1299 3051 1453 3120 Quod
1489 3052 1633 3108 enim
1663 3051 1728 3106 de
1760 3051 1989 3107 Domino
2022 3070 2052 3107 a

469 3149 675 3203 Davide
710 3146 1132 3219 pronuntiatum
1194 3153 1297 3209 est,
1351 3156 1476 3196 cum
1518 3139 1860 3197 sacerdotem
1901 3139 2052 3194 illum

469 3240 772 3296 secundum
832 3237 1078 3293 ordinem
1108 3233 1468 3289 Melchisedec
1498 3231 1614 3286 fore
1640 3231 1916 3301 przedixit,
1947 3248 2053 3286 una

467 3339 524 3386 et
541 3329 744 3385 Christi
778 3327 1150 3384 sacerdotium
1191 3323 1384 3378 iisdem
1418 3331 1503 3376 est
1533 3321 1640 3376 illis
1675 3321 1896 3378 Litteris
1918 3338 2056 3376 con-

469 3425 766 3493 signatum.
799 3421 874 3473 Ac
906 3419 1090 3474 statim
1141 3416 1274 3469 illud
1315 3431 1343 3468 a
1385 3413 1513 3468 divo
1543 3411 1714 3467 Paulo
1747 3413 2054 3481 subjectum

469 3515 711 3583 legitur:
741 3510 1088 3565 Assimilatus
1159 3505 1300 3558 Filio
1344 3504 1442 3556 Dei
1496 3513 1670 3557 manet
1710 3501 1958 3556 sacerdos
2000 3504 2054 3553 in

470 3601 814 3672 perpetuum'
889 3597 1008 3652 Jam
1052 3612 1183 3650 vero
1228 3595 1274 3650 si
1320 3592 1411 3647 Dei
1467 3593 1604 3646 Filio
1663 3589 2055 3646 Melchisedech

473 3695 836 3754 assimilatur,
889 3689 1120 3760 aequalis
1158 3686 1337 3741 eidem
1376 3700 1499 3740 esse
1536 3700 1642 3738 non
1676 3692 1876 3755 potest.
1907 3684 2054 3750 Quo-

473 3787 640 3842 modo
689 3784 832 3839 enim
881 3796 1074 3836 servus
1131 3778 1361 3831 Domino
1414 3792 1538 3831 esse
1589 3777 1764 3847 possit
1798 3776 2058 3846 aequalis?

472 3877 608 3932 Nam
660 3873 1020 3930 Melchisedec
1073 3872 1236 3925 homo
1280 3869 1466 3938 utique
1532 3867 1652 3922 fuit.
1710 3868 1890 3924 Patris
1931 3884 2059 3923 vero

474 3984 538 4023 ac
573 3969 765 4022 matris
795 3979 992 4034 expers
1037 3962 1261 4024 dicitur,
1304 3975 1411 4014 non
1459 3959 1604 4029 quod
1643 3960 1909 4013 ambobus
1950 3960 2058 4014 illis

473 4061 753 4122 caruerit,
807 4057 900 4112 sed
951 4055 1095 4126 quod
1155 4053 1305 4108 nulla
1357 4053 1428 4106 sit
1472 4053 1699 4106 illorum
1752 4052 1806 4106 in
1858 4053 2057 4108 divinis

474 4153 699 4208 Litteris
749 4165 1009 4221 expressa
1084 4147 1306 4200 mentio.
1383 4144 1527 4199 Sane
1580 4160 1742 4214 quam
1793 4145 2058 4215 plurimos

477 4247 889 4316 Scripturarum
928 4239 1202 4312 profunda
1259 4238 1604 4306 illustriaque
1638 4237 1805 4309 469
1833 4254 2060 4309 qumque

2147 1771 2240 1824 τοῦ
2285 1771 2522 1842 Χριστοῦ
2567 1772 2858 1842 φάσκουσι.
2910 1772 3141 1843 Χριστὸν
3175 1772 3230 1825 δὲ
3261 1770 3522 1842 ἡγοῦνται
3556 1773 3748 1837 ἁπλῶς

2150 1862 2476 1933 ἐληλυθότα,
2531 1865 2627 1916 καὶ
2667 1862 3072 1929 καταξιωθέντα
3101 1863 3202 1931 τῆς
3248 1863 3460 1916 ἐκείνου
3505 1864 3744 1928 τάξεως,

2149 1953 2308 2023 δῆθεν
2335 1954 2398 2006 ἐκ
2423 1953 2517 2006 τοῦ
2548 1954 2714 2025 ῥητοῦ
2751 1953 2845 2008 τοῦ
2872 1955 3158 2025 εἰρημένου
3185 1971 3199 1983 ·
3237 1954 3319 2007 Σὺ
3357 1949 3418 2006 εἴ
3441 1953 3640 2023 ἱερεὺς
3659 1957 3747 2020 εἰς

2149 2046 2256 2099 τὸν
2291 2045 2476 2102 αἰῶνα
2511 2050 2660 2101 κατὰ
2692 2047 2805 2115 τὴν
2833 2046 3006 2110 τάξιν
3034 2046 3407 2116 Μελχισεδέκ
3431 2064 3443 2075 ο
3472 2047 3553 2108 ὡς
3581 2042 3744 2106 εἶναι,

2151 2137 2334 2207 φησιν,
2365 2137 2526 2190 αὑτὸν
2572 2137 2651 2192 ἔτι
2689 2139 3075 2209 ὑποδεέστερον
3123 2139 3217 2191 τοῦ
3261 2138 3626 2209 Μελχισεδέκ.
3687 2140 3746 2192 Et

2155 2227 2230 2299 μὴ
2255 2229 2365 2300 γὰρ
2394 2224 2462 2298 ἦν
2505 2230 2563 2282 ὲν
2606 2229 2834 2301 δευτέρα
2862 2231 2970 2283 τινὶ
3010 2232 3199 2300 ἀγωγῇ
3233 2233 3507 2300 κείμενος,
3539 2232 3644 2285 οὐκ
3683 2233 3746 2285 ἂν

2151 2319 2250 2388 τῆς
2275 2320 2480 2373 ἐκείνου
2504 2321 2708 2386 τάξεως
2737 2322 2986 2374 ἐπεδέετο
3036 2323 3172 2391 Περὶ
3197 2322 3364 2375 αὑτοῦ
3391 2321 3451 2374 δὲ
3477 2321 3574 2375 τοῦ
3598 2322 3744 2376 Μελ-

2153 2411 2382 2482 χισεδὲκ,
2421 2414 2604 2481 φασὶν,
2635 2415 2718 2466 ὅτι
2771 2414 3025 2484 ἀμήτωρ,
3058 2414 3286 2484 ἀπάτωρ
3322 2413 3457 2481 (74),
3507 2415 3745 2483 ἀγενεα-

2153 2501 2398 2572 λόγητος,
2429 2505 2492 2556 ἐκ
2517 2503 2619 2574 τῆς
2653 2503 3089 2575 πρὸςἘὸραίους
3118 2503 3212 2556 τοῦ
3243 2504 3456 2573 Παῤ).ου
3487 2507 3748 2561 Ἐπιστοο

2152 2593 2250 2664 λῆς
2286 2596 2554 2665 παριστᾷν
2590 2594 2926 2665 βουλόμενοι.
2970 2596 3271 2649 Πλάττουσι
3303 2598 3359 2651 δὲ
3397 2601 3618 2666 ἑαυτοῖς
3647 2604 3742 2656 καὶ

2156 2687 2370 2759 βίϐλους
2401 2689 2789 2754 ἐπιπλάστους,
2821 2690 3047 2754 ἑαυτοὺς
3075 2691 3395 2754 ἀπατῶντες

2238 2955 2327 3020 Ἐξ
2350 2955 2526 3010 αὐτῶν
2544 2957 2599 3009 δὲ
2623 2956 2730 3009 τῶν
2755 2955 2933 3027 ῥητῶν
2955 2956 2987 3026 ὴ
3009 2956 3186 3010 αὐτῶν
3210 2954 3490 3024 ἀνατροπὴ
3509 2954 3743 3023 γίνεται.

2170 3047 2256 3112 Ὠς
2285 3049 2391 3120 γὰρ
2411 3047 2559 3118 λέγει
2589 3049 2718 3121 περὶ
2748 3049 2842 3102 τοῦ
2874 3049 3078 3120 Κυρίου
3111 3051 3138 3103 ὁ
3170 3049 3354 3110 Δαϐὶδ,
3383 3047 3745 3118 προφητεύων

2157 3141 2298 3196 κατὰ
2314 3142 2412 3212 τὴν
2433 3141 2584 3207 τάξιν
2614 3141 2946 3212 Μελχισεδὲκ
2977 3142 3124 3213 ἱερέα
3155 3141 3316 3194 αὑτὸν
3347 3140 3737 3205 καθίστασθαι,

2157 3235 2215 3288 ὲν
2240 3235 2422 3304 ταυτῷ
2459 3233 2676 3286 ἔσεσθαι
2705 3233 2796 3287 τὸν
2823 3233 3055 3304 Χριστὸν
3092 3235 3241 3306 ἱερέα
3267 3233 3532 3302 διηγεῖται
3567 3235 3602 3303 ή
3630 3232 3745 3286 θεία

2157 3328 2367 3398 Γραφὴ.
2397 3325 2726 3397 Εὑρίσκεται
2751 3325 2807 3380 δὲ
2829 3325 3202 3395 εὐθὺςὶέγων·
3245 3328 3745 3395 Ἀφομοιούμενος

2157 3419 2237 3486 τῷ
2269 3415 2378 3483 ΥΙῷ
2411 3418 2516 3472 τοῦ
2539 3417 2708 3484 Θεοῦ,
2729 3417 2896 3487 μένει
2919 3419 3108 3487 ἱερεὺς
3140 3423 3226 3484 είς
3259 3419 3321 3472 τὸ
3351 3418 3648 3485 διηνεκές.
3687 3413 3744 3472 ΕΞ

2156 3513 2213 3565 δὲ
2244 3510 2605 3581 ἀφομοιοῦται
2640 3509 2718 3580 τῷ
2747 3510 2862 3581 Υἱῴ
2909 3511 3000 3564 τοῦ
3025 3510 3181 3575 Θεοῦ,
3217 3511 3316 3563 οὐκ
3345 3511 3457 3574 ἶσος
3486 3512 3744 3580 τυγχάνει

2159 3602 2234 3674 τῷ
2267 3602 2383 3670 Υἱῷ
2416 3601 2509 3654 τοῦ
2549 3601 2712 3658 Θεοῦ.
2749 3601 2872 3666 Πῶς
2904 3604 3011 3674 γὰρ
3046 3603 3361 3666 δύναται-τὸ
3387 3602 3577 3655 δοῦλον
3612 3597 3744 3654 εἶναι

2163 3692 2273 3745 ἴσον
2295 3690 2372 3761 τῷ
2404 3691 2650 3764 Δεσπὸτῃ
2678 3707 2690 3754 ;
2734 3691 2791 3743 '0
2830 3692 2927 3762 μὲν
2955 3693 3062 3763 γὰρ
3091 3693 3423 3763 Μελχισεδὲκ
3461 3692 3745 3764 ἄνθρωπος

2157 3779 2246 3855 ἦν.
2281 3785 2354 3838 Τὸ
2386 3783 2442 3836 δὲ
2470 3785 2721 3853 ἀπάτωρ,
2750 3784 3005 3856 ἀμήτωρ,
3027 3784 3088 3837 οὑ
3111 3784 3198 3837 διὰ
3226 3785 3286 3837 τὸ
3315 3785 3388 3854 μὴ
3419 3785 3567 3855 ἐχειν
3587 3785 3744 3837 αὐτὸν

2160 3875 2396 3946 πατέρα,
2435 3875 2468 3946 ἢ
2504 3874 2734 3946 μητέρα,
2758 3875 2893 3928 ἀλλὰ
2923 3875 3011 3928 διὰ
3034 3874 3093 3928 τὸ
3124 3875 3197 3946 μὴ
3227 3877 3284 3928 ἐν
3307 3879 3370 3947 τῇ
3402 3876 3521 3947 θεία
3555 3877 3740 3947 Γραςῇ

2161 3966 2301 4020 κατά
2346 3967 2407 4019 τὸ
2457 3965 2839 4038 φανερώτατον
2895 3967 3303 4037 ἐπωνομάσθαι.
3354 3967 3595 4031 Πολλοὺς
3640 3968 3742 4036 γὰρ

2159 4057 2518 4125 ὲφαντασίασε
2552 4058 2618 4111 τὰ
2652 4057 2930 4128 βαθύτατα
2957 4059 3057 4129 τῆς
3089 4059 3239 4124 Θείας
3270 4061 3516 4132 Γραφῆς,
3545 4062 3644 4114 καὶ
3667 4061 3742 4114 ἑν-

2159 4147 2304 4212 δοξα,
2341 4149 2434 4202 καὶ
2461 4148 2827 4220 ὑπεραίροντα
2850 4151 3087 4204 διάνοιαν
3117 4151 3472 4223 ἀνθρωπίνης
3503 4154 3738 4221 φύσεως.

2160 4240 2220 4292 Oi
2259 4240 2357 4310 μὲν
2383 4240 2491 4310 γὰρ
2547 4243 2604 4294 ἐν
2636 4244 2701 4312 τῇ
2743 4241 2969 4313 ’Δραὸίᾳ
2999 4246 3064 4314 τῇ
3095 4244 3376 4314 Πετραίων
3417 4246 3656 4318 Ῥωκώμ
3685 4264 3740 4300 τι

474 4339 727 4394 humana:
773 4342 979 4389 natura:
1020 4340 1252 4386 mentem
1299 4343 1514 4384 omnem
1562 4344 1625 4382 ac
1671 4331 2050 4400 cogitationem

2163 4333 2256 4384 καὶ
2293 4330 2470 4402 Ἑδὼμ
2507 4333 2816 4405 καλουμένῃ
2853 4335 2944 4387 τὸν
2968 4335 3204 4389 Μωῦσέα
3238 4337 3326 4390 διὰ
3357 4337 3422 4389 τὰ
3451 4337 3740 4410 θεοσήμεια

474 4436 757 4501 superant,
809 4427 863 4480 in
911 4439 1154 4480 errorem
1195 4422 1558 4476 adduxerunt.
1600 4420 1881 4491 Siquidem
1921 4424 2052 4476 Ara-

475 4523 578 4578 biae
610 4518 830 4574 Petrreze
871 4516 1084 4579 incolae,
1130 4527 1252 4583 qua:
1285 4513 1436 4583 regio
1500 4512 1740 4566 Rochom
1797 4520 1850 4565 ct
1885 4511 2053 4567 Edom

474 4611 807 4682 appellatur,
846 4605 1109 4676 Moysem,
1145 4613 1368 4673 propter
1395 4603 1537 4657 edita
1570 4602 1638 4656 ab
1667 4603 1756 4656 illo
1782 4603 2050 4674 prodigia,

473 4719 574 4776 pro
620 4701 730 4758 Deo
783 4705 1136 4759 venerantur,
1187 4705 1241 4750 et
1287 4694 1408 4764 ejus
1449 4695 1747 4766 imaginem
1780 4695 2048 4764 adorant;

562 4820 577 4849 ¹
609 4811 972 4876 Ρδο1.οιι,4.
1037 4811 1057 4841 ¹¹
1088 4806 1252 4863 ilebr.
1295 4823 1392 4872 vn,
1429 4809 1482 4862 ‘5.
1551 4807 1571 4838 ³
1607 4807 1737 4862 ibid.

546 4931 657 5004 (75)
688 4926 1206 5004 Ἀποσπᾳσρένςτες
1243 4923 1413 4992 τάχα.
1529 4921 2058 5004 “Theodotianiior-

441 4994 446 5000 ’
476 4992 708 5094 to's‘Ies'se
744 4998 1261 5094 Melchisedecianos
1303 5001 1491 5094 censet
1525 4992 2053 5094 Eprba'Iiius.TTer-

476 5074 594 5129 toll.
626 5085 758 5124 vero
786 5070 882 5122 lib.
929 5067 1007 5122 De
1045 5068 1364 5134 prazscript.,
1407 5080 1529 5134 cap.
1565 5063 1852 5134 53,7etiam
1889 5063 2059 5118 Theo-

475 5144 662 5198 dotum
701 5147 864 5194 sectae
911 5133 1076 5205 hujus
1120 5133 1397 5192 auc-tarem
1427 5133 1734 5194 constituit,
1768 5148 1876 5205 non
1909 5134 2056 5202 prio-

476 5229 590 5269 rem
623 5211 794 5265 illum.
825 5218 875 5260 et
906 5203 1242 5277 Byiantium,
1275 5205 1367 5260 sed
1404 5203 2058 5277 alterumkquemﬁpyop-

475 5273 1112 5355 apet66v_'_l_‘liet_i_dot'etu_s
1139 5276 1359 5355 “fuisse.
1391 5283 1594 5355 narrat.
1629 5273 1921 5355 _Eusebius
1949 5273 2052 5355 Ilii).

475 5344 530 5419 νζ
554 5368 675 5422 cap.
706 5349 795 5413 27,
829 5346 1093 5422 TlLeodoti
1133 5346 1362 5422 Corierii
1410 5345 1734 5422 discipulum
1765 5344 2052 5422 quemdam

475 5413 870 5479 conititemorat
893 5416 1230 5469 Theodotum
1275 5413 1636 5483 Trapt-zita‘m,
1673 5429 1701 5465 a
1743 5429 1850 5482 quo
1895 5413 2054 5467 (lece-

474 5504 600 5565 ptus
656 5490 861 5565 N:tt:_ilis
915 5489 1199 5565 confessor
1244 5485 1436 5565 insigni
1474 5484 1754 5565 ¹[ιρὶτειοιιιο
1807 5484 2056 5565 Lesipuit,

473 5552 636 5634 cujus
665 5574 718 5634 et
749 5559 1124 5634 Theodorrtus
1168 5555 1431 5634 meminit.
1474 5553 1575 5634 llic
1616 5552 2055 5634 igiturjl'lteodo-

475 5623 564 5690 tus
611 5633 677 5686 ad
737 5632 981 5699 magistri
1043 5628 1126 5699 sui
1176 5625 1512 5699 impietatem
1565 5623 1667 5677 hoc
1719 5623 1948 5690 adjecit,
1999 5633 2056 5678 ut

474 5706 694 5760 Christo
758 5696 984 5757 Doiuiuo
1037 5696 1486 5752 Melcltiscdccum
1553 5703 1939 5763 anteponeret,
1996 5703 2055 5747 ut

2161 4422 2294 4475 Θεὸν
2318 4421 2618 4492 νομίζουσι,
2646 4424 3010 4491 προσκυνοῦσί
3041 4443 3099 4478 τε
3132 4426 3230 4497 τὴν
3251 4428 3414 4480 αὐτοῦ
3448 4430 3656 4494 εἰκόνα,
3679 4432 3739 4498 ἦν

2163 4515 2652 4586 ἀνατυπωσάμενοι
2675 4517 3137 4588 ἀπεπλανήθησαν
3157 4537 3168 4548 ·
3203 4519 3264 4571 οὐ
3286 4520 3380 4573 τοῦ
3411 4521 3625 4575 δικαίου
3647 4525 3737 4576 αὐ-

2153 4610 2263 4669 τοῖς
2297 4607 2465 4660 αἰτίου
2517 4610 2832 4680 γενομένου,
2874 4609 3009 4662 ἀλλὰ
3047 4609 3148 4676 τῆς
3185 4609 3395 4682 πλάνης
3439 4612 3625 4678 αὐτοῖς
3659 4613 3738 4666 διὰ

2153 4699 2246 4752 τοῦ
2274 4699 2484 4754 δικαίου
2507 4703 2564 4757 ὲν
2585 4704 2649 4772 τῇ
2669 4701 2864 4772 ἀγνοίᾳ
2882 4701 3181 4769 φαντασίαν
3212 4703 3538 4774 πράγματος
3561 4707 3737 4768 αὐτοῖς

2167 4923 2360 4979 scribit
2372 4921 3143 4979 Tertullianus.Theodoretns
3160 4939 3289 4977 vero
3301 4923 3659 4983 Melchisedec
3675 4944 3734 4983 ex

2165 4995 2311 5068 illius
2333 4994 2607 5068 sententia
2637 4992 3128 5068 δυναμίνᾷτιναῄκα).
3160 4995 3453 5068 θείανὶκαὶ
3481 5000 3735 5068 μεγίστην

2163 5064 2446 5136 exstitisse
2485 5063 2605 5136 κατ’
2639 5063 2825 5136 εἰκόνα
2865 5064 2922 5118 δὲ
2969 5065 3134 5136 agi-:05
3187 5065 3277 5117 τὸν
3316 5063 3734 5136 Χριστὺν’γεγεο

2162 5133 2375 5205 νῆσθαι.
2423 5133 2493 5205 At
2539 5135 2874 5203 Augustinus
2907 5144 2961 5189 et
3002 5134 3328 5189 Philastrius
3359 5133 3568 5190 nullum
3601 5133 3732 5192 Mel-

2160 5203 2555 5279 chisedeciauis
2601 5220 2841 5259 errorem
2889 5207 3058 5279 alium
3106 5207 3393 5279 tribuunt,
3448 5209 3550 5279 nisi
3596 5210 3730 5279 quod

2163 5273 2436 5329 hominem
2490 5291 2612 5330 esse
2650 5275 3002 5345 negaverint,
3057 5278 3150 5331 sed
3186 5278 3442 5332 virtutem
3488 5277 3577 5332 Dei
3614 5273 3730 5334 esse

2161 5346 2473 5417 statuerint.
2505 5346 2637 5417 _Vide
2669 5345 2960 5417 Epistolam
2984 5345 3146 5417 _|iier.
3180 5347 3302 5409 126,
3331 5349 3399 5399 ad
3434 5347 3726 5417 Ecagrium.

2231 5415 2344 5489 (74)
2385 5415 2652 5484 Ἀμήτωρ.
2680 5414 2940 5484 ἀπάτωρ.
2980 5415 3268 5489 Perperam
3301 5414 3728 5489 Erasmusiguoti

2155 5487 2323 5560 porris
2349 5503 2410 5538 ac
2448 5489 2805 5560 matrisrqua
2833 5487 3030 5560 stolida
3066 5487 3512 5560 interpretatione
3539 5487 3728 5560 Iri-vste-

2157 5556 2298 5628 rium
2336 5571 2495 5628 omne
2525 5557 2763 5628 sustulit,
2791 5558 2934 5628 quod
2975 5559 3029 5612 in
3063 5556 3254 5613 barum
3301 5563 3523 5618 notione
3554 5556 3719 5616 vcrum

2156 5625 2448 5696 Apostolus
2476 5626 2779 5683 constituit.
