3750 6200
59 287 179 340 977

719 289 1090 347 ADVERSUS
1129 291 1474 347 HrERESES
1512 290 1638 346 LIB.
1684 289 1746 347 ll.
1790 291 1966 350 TUM.
1997 293 2036 347 1.
2079 323 2148 334 -
2191 295 2464 350 ll/ERES.
2509 296 2618 351 LV.

3253 294 3358 352 9'78

58 405 172 470 φὺς
202 404 429 473 γέγονεν
473 406 649 459 ’ἰωδαὲ
673 407 784 474 (82)
816 409 911 462 τοῦ
951 409 1159 480 ἱερέως,
1200 409 1258 473 ἐξ
1291 411 1482 481 ἱερέων
1511 413 1539 464 δ

1879 413 2088 482 sapiam
2120 415 2447 483 reperimus,
2477 431 2638 482 quam
2668 414 2859 470 ordine
2887 415 3033 469 hunc
3057 414 3111 468 in
3142 413 3357 470 modum

57 493 166 544 καὶ
184 495 348 558 αὐτὸς
375 496 658 566 ὑπάρχων,
681 497 794 560 υἱὸς
814 499 871 555 δὲ
897 499 992 553 τοῦ
1028 501 1336 570 Ἀχιμαάμο
1356 521 1361 527 ’
1385 501 1668 573 ’Λχιμαὰμ

52 582 120 636 δὲ
151 586 270 650 υἱὸς
296 586 391 640 τοῦ
423 586 640 640 Σαδώκ·
674 589 862 641 Σαδὼκ
883 589 941 642 δὲ
967 590 1060 642 τοῦ
1088 592 1338 663 Ἀχιτὼὸ,
1362 592 1456 646 τοῦ
1483 594 1665 663 Ἀμω-

57 677 164 745 ρία
193 695 208 709 ’
259 681 534 751 Ἀμωρέας
569 682 683 745 υἱὸς
713 681 804 734 τοῦ
839 681 1037 754 Μωρία
1059 700 1070 713 ·
1109 685 1336 756 Μωρίας
1369 685 1462 738 τοῦ
1491 687 1662 757 Ζαρᾶ,

54 771 340 850 τοῦγἋζία
355 791 368 803 °
391 775 572 838 Ἀζὶας
589 775 681 827 to?)
693 776 877 841 Φινεές
895 794 906 806 ·
928 779 1111 841 Φινεὲς
1130 779 1242 842 υἱὸς
1262 779 1354 832 τοῦ
1372 778 1631 850 Ἐλεάζαρ
1647 795 1659 808 ·

53 849 340 939 Ἐλέάζαρ
354 867 466 931 υἱὸς
482 867 574 920 τοῦ
593 869 822 940 Ἀαρὼν,
839 871 932 924 τοῦ
951 873 994 924 is
1006 872 1140 943 ρὲως
1157 872 1427 942 δηλονότι·
1454 849 1663 944 Ἀαρὼν

54 957 191 1022 υἱὸς
215 959 307 1011 τοῦ
334 959 556 1030 ’Λμράμ
572 977 584 990 ·
619 961 840 1033 ’Λμρὰμ
863 961 955 1014 τοῦ
978 962 1134 1016 Καάθ
1156 980 1168 993 ·
1195 963 1352 1017 Καὰθ
1376 963 1470 1017 τοῦ
1495 965 1626 1016 Aeni
1642 982 1655 992 ·

51 1048 206 1100 Λευῖ
246 1049 426 1118 τρίτος
473 1051 588 1114 υἱὸς
635 1051 730 1103 τοῦ
790 1052 1020 1104 Ὶακὼ6’
1083 1054 1278 1107 Ἰακὼϐ
1320 1054 1376 1107 δὲ
1432 1054 1662 1124 ἀδελφὸς

62 1141 180 1209 μὲν
229 1141 424 1202 Ἠσαῦ,
483 1147 611 1206 παῖς
659 1144 714 1197 δὲ
762 1144 854 1197 τοῦ
907 1145 1124 1199 Ἰσαάκ·
1186 1146 1370 1202 Ἰσαὰκ
1414 1149 1526 1210 υἱὸς
1567 1148 1660 1202 τοῦ

70 1234 362 1305 Ἀϐραάμ.
409 1237 496 1289 Ἐν
525 1237 581 1289 δὲ
611 1239 730 1299 ταῖς
758 1240 948 1307 ῥηταῖς
978 1238 1178 1307 βίϐλοις
1201 1241 1260 1292 οὗ
1296 1242 1437 1294 πάνυ
1475 1241 1662 1310 σαφῶς

55 1331 117 1379 αἱ
159 1329 370 1384 τούτων
412 1331 756 1400 γενεαλογίαι
804 1333 1156 1403 ἐμφέρονται,
1205 1333 1238 1404 ἢ
1272 1332 1428 1404 μόνον
1457 1333 1514 1384 ὲν
1540 1337 1660 1396 ταῖς

57 1421 591 1491 Ιιαραλειπομέναις
611 1421 721 1490 (85)
747 1422 844 1488 τῆς
867 1422 1003 1474 κατὰ
1025 1425 1113 1475 τὸν
1150 1422 1334 1476 Ἠλίαν
1356 1421 1661 1486 ὑποθέσεως

58 1511 244 1581 μέρη.
280 1512 442 1564 Φύσει
487 1513 543 1565 δὲ
588 1513 695 1565 τῶν
724 1514 890 1584 τριῶν
941 1513 1167 1574 παίδων,
1197 1514 1422 1586 Σεδρὰχ.
1448 1513 1658 1578 Μισὰκ,

71 1604 418 1673 Ἀὅδεναγὼ,
449 1605 572 1657 οὔτε
617 1605 674 1657 ἐν
709 1606 1052 1676 ἀποκρύφοις
1081 1605 1202 1658 οὔτε
1220 1608 1276 1659 ὲν
1302 1606 1660 1677 παραδόσεσιν

53 1696 332 1767 εὕρομεν.
375 1697 440 1750 Ti
462 1695 553 1751 οὖν
585 1695 1011 1769 ἐροῦμεν;⁷Αρα
1049 1699 1308 1763 κάκεῖνοι,
1335 1700 1383 1751 οἱ
1413 1700 1538 1770 περὶ
1559 1699 1659 1750 Σε-

1774 520 2092 574 percenseo.
2133 505 2257 559 Fuit
2296 507 2444 561 Elias
2496 505 2787 562 Thesbites
2823 505 3010 560 Jodate
3056 505 3362 561 sacerdotis

1770 594 1986 660 frater;
2035 597 2266 665 proinde
2291 613 2357 652 ex
2392 597 2725 652 sacerdotali
2772 597 2966 666 stirpe,
3013 595 3158 649 filius
3198 595 3363 650 Achi-

1779 686 2002 746 maami,
2066 686 2455 742 Achimaamus
2508 684 2730 751 Sadoci,
2775 685 3020 741 Sadocus
3059 685 3360 750 Aebitobi',

1775 775 1866 832 bic
1904 779 2162 845 Ameriae,
2215 779 2472 834 Amorias
2522 778 2724 843 Moriae,
2781 777 2982 832 Mor-ias
3026 776 3199 841 lane,
3260 778 3364 833 iste

1766 869 1928 933 Aziaa,
1985 871 2147 925 Azias
2208 869 2505 936 Phineesi,
2562 871 2869 926 Pliineesus
2925 869 3214 939 Eleazari,
3276 871 3366 924 hic

1765 961 2000 1014 Aaronis
2055 961 2390 1026 sacerdotis,
2457 962 2647 1017 Aaron
2692 961 2964 1027 Amrami,
3006 961 3097 1016 hic
3145 949 3380 1025 Caatbi,’

1765 1053 2000 1108 Caatbus
2062 1053 2216 1119 Levi,
2281 1057 2376 1126 qui
2441 1057 2642 1111 tertius
2708 1053 2899 1109 Jacobi
2951 1054 3095 1109 filius
3140 1053 3263 1106 fuit.
3295 1053 3364 1106 At

1762 1143 2000 1199 Jacobus
2037 1143 2180 1203 Esau
2222 1145 2413 1212 frater,
2462 1148 2642 1202 lsaaci
2691 1147 2872 1211 filius,
2928 1145 3152 1201 lsaacus
3191 1144 3363 1197 Abra-

1765 1237 1934 1292 liami.
1961 1238 2030 1291 At
2055 1254 2186 1293 vero
2222 1239 2279 1293 in
2321 1239 2499 1295 sacris
2549 1239 2768 1296 Litteris
2832 1254 2942 1292 non
2985 1237 3211 1290 omnino
3243 1250 3364 1305 per-

1765 1329 1953 1399 spicue
1991 1330 2226 1384 istorqu
2263 1330 2511 1401 origines
2545 1330 2876 1390 indicantur,
2907 1330 3010 1383 nisi
3047 1328 3185 1381 forte
3216 1325 3361 1396 quod

1764 1423 1818 1476 in
1865 1422 2030 1478 libris.
2069 1423 2538 1494 Paralipomenon
2592 1422 2877 1488 nonnulla,
2935 1437 3054 1491 quae
3085 1420 3149 1474 ad
3189 1419 3360 1473 Eliam

1772 1514 2070 1584 pertinent,
2099 1515 2496 1584 comprehensa
2544 1521 2693 1569 sunt.
2736 1512 2892 1577 Quod
2948 1523 3129 1566 autem
3155 1511 3220 1564 ad
3250 1521 3360 1565 tres

1761 1603 1919 1678 47],
1941 1622 2138 1674 pueros
2157 1614 2390 1675 spectat,
2419 1603 2676 1665 Sidracb,
2719 1602 2929 1657 Misacb
2955 1611 3010 1657 et
3035 1600 3361 1671 Abdenago:

1763 1697 1897 1749 nihil
1927 1697 1994 1751 de
2024 1699 2090 1751 iis
2119 1714 2295 1766 neque
2326 1700 2381 1752 iu
2413 1695 2763 1766 apocryphis,
2821 1710 2998 1764 neque
3026 1693 3079 1746 in
3113 1692 3362 1746 traditio-

51 1789 210 1861 δρὰχ
227 1791 871 1860 λέγω,’<ραντασιάσουσιν
893 1791 1040 1861 ἡμᾶς
1056 1789 1365 1859 λογίζεσθαι
1389 1791 1423 1844 δι
1447 1791 1521 1863 μὴ

1879 1805 1931 1844 .IS
1978 1788 2310 1844 invenimus.
2361 1788 2634 1855 Quidnam
2678 1802 2810 1858 ergo
2855 1785 3142 1842 dicemus?
3194 1785 3276 1838 An
3306 1791 3360 1840 et

52 1885 163 1936 καὶ
183 1885 507 1955 ὑπερόγκως
535 1884 633 1936 θαυ
643 1884 833 1954 μάζειν
858 1884 999 1956 ὑπὲρ
1025 1883 1086 1936 τὸ
1114 1884 1308 1956 μέτρον
1333 1883 1400 1936 τὰ
1434 1885 1668 1955 ἑκάστης

51 1974 417 2037 ὑποθέσεως
461 1975 618 2027 Ἀλλὰ
648 1976 721 2045 μὴ
736 1975 970 2044 γένοιτοῑ
1000 1977 1106 2028 Καὶ
1128 1976 1241 2047 ὅροι
1269 1977 1378 2046 γὰρ
1400 1975 1664 2047 ἐτέθησαν

54 2068 227 2136 ἡμῖν,
248 2069 342 2120 καὶ
359 2066 615 2137 θεμέλιοι,
637 2068 727 2120 καὶ
750 2068 1004 2139 οἰκοδομὴ
1023 2070 1120 2136 τῆς
1137 2069 1388 2133 πίστεως,
1413 2069 1507 2122 καὶ
1532 2070 1661 2122 ἀπο-

54 2159 279 2212 στόλων
325 2159 670 2231 παραδόσεις,
709 2161 802 2213 καὶ
842 2161 1054 2231 Γραφαὶ
1084 2161 1256 2228 ἅγιαι,
1286 2163 1377 2214 καὶ
1416 2162 1659 2232 διαδοχαὶ

47 2250 420 2316 διδασκαλίας
446 2268 457 2279 ⁸
492 2253 584 2304 καὶ
618 2254 680 2305 ἐκ
710 2253 1046 2322 πανταχόθεν
1075 2256 1106 2323 ἡ
1133 2253 1481 2324 ἀλήθεια·τοῦ
1521 2254 1654 2307 Θεοῦ

50 2342 427 2410 ἱδσςράλισται.
464 2343 574 2396 Καὶ
612 2343 799 2413 μηδεὶς
836 2342 1139 2396 ἀπατάσθω
1187 2346 1393 2406 καινοῖς
1440 2341 1650 2414 μύθοις.

1776 1879 1852 1934 ιιιί
1901 1887 2015 1936 tres
2059 1882 2214 1950 pueri
2256 1897 2357 1936 nos
2409 1882 2464 1934 in
2509 1897 2634 1936 eum
2664 1896 2908 1935 errorem
2945 1879 3262 1948 conjicient,
3304 1887 3361 1930 ut

1770 1975 1917 2044 quod
1945 1973 2102 2029 nefas
2125 1981 2211 2029 est
2243 1974 2310 2028 de
2339 1973 2449 2028 illis
2477 1975 2808 2043 cogitemus,
2841 1979 2894 2026 et
2921 1985 3361 2040 unamquamque

1768 2081 1883 2122 rem
1907 2082 2072 2136 supra
2105 2081 2271 2136 quam
2308 2081 2407 2136 par
2436 2073 2542 2128 est,
2578 2072 2633 2119 et
2660 2064 2965 2134 impensius
2994 2061 3362 2116 admiremur?

1765 2161 1922 2215 Absit
1969 2169 2026 2213 ut
2074 2159 2126 2212 id
2170 2175 2411 2229 unquam
2455 2159 2507 2212 in
2546 2159 2794 2212 animum
2823 2158 3179 2214 inducamus!
3223 2155 3356 2208 Nam

1763 2260 1819 2306 et
1857 2251 2075 2306 termini
2127 2253 2432 2321 praescripti
2491 2251 2651 2307 nobis
2703 2261 2855 2316 sunt,
2907 2259 2962 2306 et
3007 2249 3360 2305 fundamenta

1767 2343 1970 2412 posita,
2003 2350 2058 2397 et
2091 2342 2216 2397 fidei
2256 2349 2560 2405 structura,
2597 2351 2653 2396 et
2691 2343 3070 2411 apostolorum
3113 2340 3359 2396 traditio-

51 2454 193 2502 nes,
224 2447 280 2492 et
311 2455 480 2493 sacra:
527 2437 763 2499 Litterae,
815 2446 868 2490 et
918 2439 1157 2493 C(Blestis
1198 2439 1464 2492 doctrina:
1499 2439 1805 2508 propagata
1865 2437 2167 2502 successio,
2215 2452 2280 2492 ac
2333 2437 2570 2507 denique
2629 2437 2814 2491 divina
2860 2437 3063 2492 veritas
3101 2451 3164 2490 ex
3210 2435 3356 2490 omni

53 2546 230 2602 parte
264 2534 470 2586 inuuita
501 2540 606 2596 est,
645 2543 696 2586 ct
736 2534 1055 2590 constituta.
1099 2533 1335 2589 Proinde
1373 2551 1528 2589 nemo
1568 2552 1627 2591 se
1666 2534 1924 2590 inanibus
1962 2533 2161 2590 fabulis
2202 2534 2256 2588 in
2298 2550 2539 2590 errorem
2579 2534 2775 2589 abduci
2819 2535 3073 2605 patiatur.

53 2686 223 2769 illius
257 2687 579 2769 sententiam
609 2687 687 2741 sic
711 2689 932 2756 exponit
955 2707 966 2741 :
988 2698 1300 2749 mmmam
1321 2697 1475 2750 tv'l’D
1493 2665 1666 2769 pii-ru

48 2763 182 2863 53;:
220 2763 392 2844 τρίτα
427 2788 539 2839 nan
601 2791 673 2863 ’πο
726 2790 872 2863 *νεῖται
925 2790 1080 2863 arma
1128 2791 1322 2842 om
1370 2763 1508 2846 -ινιιεί
1556 2789 1666 2844 2am

46 2860 205 2934 "ria:
246 2881 472 2931 7::me
507 2857 652 2954 mp:
690 2857 810 2932 πηοί)
839 2882 994 2932 min
1032 2857 1102 2933 ab
1144 2873 1252 2927 lloc
1300 2884 1383 2929 est
1422 2895 1434 2930 :
1488 2875 1552 2929 It.
1595 2877 1663 2932 Ι).

53 2962 314 3017 Kimchii
343 2965 420 3017 sic
451 2965 846 3032 interpretatur.
870 2965 1022 3032 Quod
1058 2967 1211 3020 initio
1252 2965 1566 3021 habitaverit
1610 2971 1663 3023 in

1771 2689 1873 2743 biae
1910 2707 1922 2742 ι
1953 2706 2017 2742 ex
2050 2687 2188 2740 LXX
2234 2688 2591 2741 translatione
2629 2687 2837 2744 Thisbi.
2875 2703 2905 2740 e
2939 2701 3047 2756 quo
3093 2683 3356 2738 oriundus

1773 2760 1944 2814 fuisse
1983 2758 2184 2812 Tobias
2230 2760 2512 2820 asserilur,
2553 2758 2606 2811 in
2653 2757 2870 2810 Galilaea
2910 2757 3356 2826 ponitur,_supra

1772 2831 1910 2884 Aser
1943 2848 1957 2885 :
1989 2844 2110 2899 qua:
2143 2827 2428 2899 in_Latina
2474 2827 2698 2899 minime
2741 2824 3133 2899 ι’(ιιδιιιίῖιιιιιιιικ⁸
3163 2824 3268 2899 Sed
3304 2833 3355 2877 et

1775 2899 1980 2955 Mazius
2007 2895 2073 2952 ad
2114 2915 2166 2952 χι
2199 2896 2365 2951 Josue
2399 2898 2581 2967 Θηϐῆς
2621 2913 2718 2966 pro
2756 2895 2958 2966 Θισϐῆς
3008 2895 3354 2967 scribendum

1773 2971 2069 3024 existimat.
2124 2967 2395 3036 .losepbus
2444 2965 2548 3022 lib.‘
2580 2965 2676 3030 vit,
2733 2984 2850 3037 cap.
2910 2965 2959 3031 '7,
3010 2965 3354 3037 Tbesbouem

54 3035 224 3107 urbe,
278 3035 425 3107 cujus
481 3053 664 3089 nomen
707 3047 821 3089 erat
883 3036 1155 3098 'I'osclmb;
1207 3047 1388 3102 postea
1444 3055 1561 3092 vero
1611 3041 1664 3094 in
1694 3039 1740 3101 C
1770 3038 2140 3107 Galaadjtidos
2178 3035 2362 3090 urbem
2398 3038 2528 3092 Elim
2571 3035 2816 3107 patriam
2843 3053 2964 3090 esse
2997 3036 3146 3107 dicit.

57 3105 292 3158 (ἒιιιιιιιίι
325 3107 642 3174 migraverit.
691 3107 875 3160 Verum
919 3123 1019 3159 non
1044 3108 1272 3173 explicat
1299 3125 1462 3175 quare
1492 3110 1664 3164 dictus

56 3180 137 3228 sit
173 3193 239 3230 ea:
267 3176 653 3229 habitatoribus
680 3176 908 3231 Galuad.
941 3177 1102 3245 Atqui
1132 3179 1312 3239 aliter,
1347 3178 1450 3231 nisi
1483 3179 1662 3246 fallor,

57 3247 370 3300 Kimchius
405 3248 759 3315 aceipiendus
787 3258 888 3302 est.
928 3247 1042 3300 Non
1073 3247 1214 3300 cuitu
1248 3258 1435 3302 cen~ct
1467 3267 1662 3306 nomen

59 3318 235 3371 urbis
279 3317 449 3371 fuisse
477 3327 650 3377 :w‘n,
685 3319 827 3386 quod
860 3317 1158 3371 absurdum
1207 3327 1311 3376 est.
1350 3320 1441 3372 St'ti
1480 3321 1572 3379 ibi,
1609 3322 1662 3375 in

55 3405 126 3441 ea
163 3387 378 3442 scilicet
419 3391 571 3446 urbe,
618 3389 721 3440 bne
765 3396 846 3442 est
901 3386 1115 3446 Tbisbi,
1153 3389 1421 3455 principio
1465 3406 1665 3446 conse-

56 3457 248 3512 disse.
283 3457 460 3523 Quare
499 3459 781 3527 legendum
822 3465 905 3513 cst
941 3457 1083 3543 ruga}
1126 3474 1231 3512 non
1271 3460 1430 3542 Πιςιιί.
1482 3461 1665 3532 Neque

59 3578 272 3617 verum
303 3571 405 3621 est.
458 3564 604 3632 quod
648 3562 794 3619 Elias
843 3564 1088 3631 subjicit,
1137 3580 1356 3619 causam
1395 3582 1423 3619 a
1464 3565 1664 3624 Davide

60 3635 287 3688 nullam
329 3633 532 3696 ail'erri,
567 3650 666 3687 cur
699 3634 868 3688 Eliam
915 3634 1198 3703 Scriptura
1246 3637 1390 3689 dicat
1435 3652 1558 3692 esse
1596 3655 1662 3694 ex

59 3704 484 3758 habitatoribus
531 3705 752 3767 Galaad,
799 3722 922 3758 cum
978 3705 1256 3775 expressis
1300 3707 1478 3761 verbis
1523 3709 1663 3764 banc

59 3777 255 3844 ipsam
290 3775 574 3844 significet,
609 3776 864 3843 qmmiam
907 3775 1095 3829 Tbisbi
1133 3776 1408 3844 profectus
1445 3778 1497 3830 in
1530 3777 1664 3832 Gaa-

60 3844 358 3914 laditidem
407 3846 734 3914 migraverit.
774 3845 918 3900 Elias
969 3861 1100 3899 vero
1153 3847 1312 3900 levita
1369 3849 1556 3901 urbem
1606 3851 1661 3904 in

58 3913 288 3968 Galaad
327 3913 510 3985 Tbislii
546 3915 713 3971 fuisse
748 3917 948 3980 docet;
980 3932 1100 3985 qua:
1141 3931 1264 3969 cum
1304 3918 1372 3972 ab
1403 3917 1662 3974 Israelitis

59 3993 204 4058 post
232 3986 392 4058 illam
410 3984 826 4058 Gabionitarttur
854 3984 1084 4049 cladem,
1115 4002 1221 4055 qua
1254 3986 1546 4042 Galaaditae
1575 4007 1664 4058 pa-

61 4055 214 4111 riter
254 4055 481 4108 involuti
532 4064 678 4127 sunt,
726 4055 854 4127 Jud.
905 4071 1020 4127 χιιι,
1057 4058 1174 4110 solo
1223 4066 1370 4112 esset
1410 4055 1658 4127 aequata;

65 4127 453 4198 plerique,q.ui
475 4126 674 4181 caedem
704 4126 850 4180 illam
874 4126 1174 4196 effugerant
1207 4128 1422 4198 reversi.
1471 4126 1660 4198 postea

62 4183 346 4266 oppid-um
379 4183 790 4263 instaurarunt;
862 4199 930 4250 ab
968 4183 1140 4266 eoque
1178 4214 1308 4253 casu
1340 4183 1662 4263 τώλέπιῃπῄ

63 4267 345 4321 nominati
375 4275 524 4323 sunt.
561 4269 801 4334 Quorum
849 4285 992 4322 unus
1034 4271 1179 4325 Elias
1220 4269 1360 4334 fuit;
1393 4287 1517 4324 nam
1556 4274 1660 4326 illis

63 4338 282 4392 vixisse
324 4339 660 4408 temporibus
706 4347 1031 4407 argumento
1073 4349 1178 4404 est,
1219 4341 1363 4408 quod
1403 4349 1515 4394 tum
1558 4358 1658 4396 su-

61 4419 294 4480 perstes
347 4400 467 4480 erat
516 4407 747 4463 Phincos
843 4425 1002 4477 quem
1056 4400 1306 4464 eumdem
1359 4427 1482 4466 esse
1531 4427 1654 4464 cum
1689 4400 1734 4453 Ι)

63 4478 194 4533 Elia
227 4479 503 4548 magistris
537 4481 730 4548 placet.
765 4478 889 4532 Haec
927 4480 1134 4534 Levita.
1171 4480 1302 4546 Quae
1331 4490 1462 4536 sunt
1498 4483 1662 4537 insul-

64 4551 320 4622 sissima.
358 4548 653 4622 Fingamus
689 4551 834 4604 enim
863 4550 1046 4622 Etiam
1068 4567 1190 4606 esse
1222 4551 1492 4616 Pliinees;
1531 4570 1660 4622 quo-

63 4619 246 4692 modo
288 4618 333 4672 is
373 4618 445 4692 ad
475 4618 661 4674 necem
707 4621 968 4689 qumsitus
1002 4621 1070 4674 ab
1115 4622 1395 4684 lsraelitis,
1433 4637 1496 4676 ac
1537 4618 1659 4692 fuga

63 4690 272 4759 iapsus
301 4690 448 4744 credi
489 4700 684 4759 potest,
720 4693 810 4760 qui
851 4692 920 4744 ab
964 4692 1178 4745 illorum
1210 4693 1459 4760 partibus
1498 4690 1662 4747 stete-

65 4763 172 4821 rit,
227 4760 529 4828 iisdemque
580 4762 890 4828 praefuerit?
924 4763 1082 4830 Atqui
1131 4763 1270 4814 banc
1316 4763 1563 4818 eamdem
1595 4766 1661 4819 de

67 4831 316 4885 [‘hinees
359 4830 618 4892 fabulam,
655 4831 799 4900 quod
838 4833 978 4884 idem
1037 4833 1108 4886 sit
1152 4848 1275 4886 cunt
1316 4832 1454 4898 Elia,
1501 4835 1663 4890 habet

67 4900 310 4972 Hieron.
346 4901 439 4954 lib.
478 4901 673 4972 Qttwst.
703 4902 865 4972 chr.
901 4903 956 4955 in
991 4901 1250 4972 Paralip,
1283 4903 1440 4970 cujus
1481 4917 1663 4958 aucto-

65 4971 241 5042 ritate
295 4971 464 5025 fretus
503 4971 696 5026 Petrus
743 4971 1038 5027 Damianus
1077 4971 1331 5042 epiStJv
1361 4973 1442 5026 Ad
1482 4973 1656 5030 Nicol.

64 5040 381 5111 pontiﬁcem
409 5044 653 5096 eamdem
686 5043 934 5112 pluribus
966 5040 1207 5112 exponit.
1235 5041 1388 5109 Quod
1422 5061 1490 5099 ne
1524 5049 1662 5101 retu-

68 5112 347 5166 tationem
391 5113 610 5182 quidem
665 5121 922 5168 meretur.
975 5115 1266 5168 Abulensis
1319 5118 1658 5171 sacerdotem

68 5183 472 5254 fuissﬁeynegat
517 5183 906 5254 ornmino,iscd
967 5185 1241 5238 levissima
1293 5186 1657 5254 conjectura;

67 5253 226 5322 quod
261 5252 615 5309 Galaaditidis
652 5253 831 5308 incola
873 5254 1203 5308 nominetur.
1248 5254 1358 5308 Imo
1389 5252 1517 5310 itero
1549 5263 1658 5312 sal-

65 5334 188 5377 tem
247 5338 310 5376 ex
371 5339 436 5378 eo
483 5324 1124 5395 contrariaaisuspicioni
1180 5325 1352 5388 locus,
1402 5328 1658 5395 quoniam

66 5402 356 5452 at:me
387 5410 451 5467 ea:
477 5396 751 5467 inquilinis
786 5394 908 5467 fuit,
955 5397 1055 5448 hoc
1090 5401 1184 5467 est
1233 5411 1340 5450 non
1387 5394 1659 5467 indigena,

68 5480 357 5536 nequecx
395 5466 483 5518 illa
524 5466 699 5536 tribu,
752 5464 847 5536 sed
893 5465 1232 5536 peregrinus,
1279 5476 1334 5521 et
1383 5467 1436 5520 in
1483 5464 1662 5524 alieno

67 5536 199 5608 solo
253 5533 473 5608 degens.
523 5534 720 5608 Verum
774 5535 835 5608 _i_n
893 5533 965 5608 re,
1001 5533 1163 5590 dubia
1209 5538 1463 5606 utrinque
1510 5540 1660 5608 larga

66 5605 361 5660 divinandi
400 5621 464 5659 ac
501 5605 809 5660 somniandi
847 5607 1003 5674 copia
1051 5615 1156 5660 est.
1201 5607 1312 5663 Nos
1359 5610 1516 5662 otiosi
1550 5605 1658 5663 non

67 5691 294 5747 sumus.
326 5674 482 5740 Quod
520 5677 583 5729 ad
619 5675 875 5747 oppidum
917 5692 1046 5728 vero
1091 5674 1278 5733 Tbisbi
1312 5681 1564 5747 pertinet,
1595 5680 1662 5734 de

66 5748 196 5816 ejus
226 5745 336 5800 situ
367 5761 524 5800 nemo
557 5748 684 5802 certi
717 5745 916 5818 aliquid
948 5747 1204 5817 prodidit,
1238 5745 1338 5804 nisi
1372 5749 1516 5820 quod
1553 5748 1660 5805 T0-

1842 3102 2284 3179 (82)"A68.15;é¢
2320 3102 2585 3177 γέγονεν’
2606 3107 2821 3179 Ἰωδαέ.
2869 3107 2966 3161 llic
3013 3116 3093 3179 est
3134 3105 3353 3179 doiadas

1769 3177 2033 3249 pontifex,
2079 3182 2172 3248 qui
2220 3180 2323 3234 sub
2363 3179 2578 3232 Atbalia
2619 3188 2670 3232 et
2711 3177 2841 3231 Joas
2885 3177 3190 3249 sacerdotio
3235 3177 3353 3228 fun-

1767 3248 1889 3306 ctus
1920 3259 2036 3315 est;
2093 3251 2195 3304 sub
2228 3251 2330 3303 buc
2371 3265 2497 3304 \ero
2538 3258 2806 3309 mortuus,
2842 3265 2964 3300 cum
3017 3248 3240 3300 vixisset
3265 3263 3362 3299 an-

1767 3337 1868 3376 nos
1906 3321 2025 3375 150.
2068 3319 2376 3375 Torniellus
2422 3334 2566 3373 anno
2603 3319 2787 3372 mundi
2823 3319 2955 3372 5191
3013 3325 3242 3370 mortem
3297 3317 3352 3369 il-

1768 3391 1895 3456 lius,
1933 3390 2066 3446 Joas
2100 3390 2379 3445 tricesimo
2417 3391 2610 3458 quinto
2657 3390 2786 3451 fere,
2835 3389 3140 3458 consignat.
3175 3387 3352 3458 (Trepit

1766 3470 1946 3516 autem
1977 3461 2127 3525 Joas,
2163 3477 2230 3515 ex
2257 3457 2608 3528 chronologia
2649 3469 2856 3519 nostra,
2903 3475 2998 3528 per
3031 3457 3139 3528 Jul.
3170 3457 3309 3528 5856
3336 3473 3350 3519 ;

1766 3533 1995 3602 proinde
2028 3533 2096 3587 55
2129 3532 2374 3598 ejusdem
2404 3526 2663 3602 cummi
2700 3533 2761 3602 in
2803 3547 2830 3581 a
2902 3526 3348 3602 perLJnI._3870.

1765 3596 1795 3657 ὸ
1838 3603 2038 3672 quibus
2087 3596 2349 3672 detractis
2404 3601 2526 3662 150,
2575 3601 2766 3670 reliqui
2813 3596 2939 3654 sum.
2973 3599 3130 3652 5⁸740.
3168 3596 3352 3666 Itaque

1766 3671 1910 3742 anno
1961 3689 2076 3742 per.
2134 3671 2241 3726 Jul.
2291 3672 2423 3726 '57-“
2479 3679 2674 3741 prazter
2751 3680 2971 3739 propter
3011 3741 3016 3742 γ
3055 3677 3223 3742 natus
3268 3674 3352 3742 est

1764 3739 2006 3806 Joiadas,
2057 3741 2319 3796 Roboami
2374 3757 2409 3796 ιι
2465 3739 2623 3811 annis
2672 3751 2794 3811 post
2837 3739 3350 3811 templidconditu'm

1767 3816 1887 3882 plus
1919 3815 2098 3867 minus
2125 3829 2272 3866 xxxr.
2306 3812 2460 3878 Quod
2494 3813 2539 3866 si
2570 3809 2776 3865 Joiada:
2827 3815 2991 3882 frater
3036 3809 3184 3882 Elias
3225 3809 3349 3869 fuit.

1763 3880 1818 3937 et
1855 3884 2148 3939 Achimaaz
2183 3883 2346 3943 lilius,
2397 3897 2740 3950 consequens
2778 3891 2862 3934 est
2907 3880 3157 3950 Azan-iam
3205 3895 3352 3932 eum-

1764 3954 1885 4008 dem
1909 3969 2029 4008 essc
2053 3969 2174 4007 cum
2213 3951 2422 4005 Joiada.
2458 3949 2667 4020 Quippe
2718 3951 2839 4004 libri
2873 3951 2888 4002 l
2920 3949 3073 4020 l’ar..
3111 3963 3231 4019 cap.
3272 3963 3347 4006 vi,

1765 4039 1794 4078 a
1833 4023 2013 4078 Sadok
2047 4038 2216 4091 usque
2245 4021 2311 4074 ad
2353 4022 2536 4091 templi
2569 4018 2854 4075 excidium
2886 4018 3232 4075 sacerdotum
3265 4033 3358 4072 se-

1764 4095 1872 4149 ries
1909 4095 2010 4148 ista
2048 4094 2386 4162 proponitur.

1871 4187 1892 4239 1
1942 4184 2118 4239 Sadoc

1867 4257 1901 4309 2
1940 4258 2232 4309 Acbimaas

1871 4328 1903 4379 5
1941 4327 2168 4379 Azarias

1870 4398 1901 4450 4
1937 4396 2187 4451 «ιοῖςίιιιιιιι

1877 4471 1908 4522 5
1946 4468 2170 4520 Azarias

2695 4184 2728 4236 8
2769 4182 2945 4236 Sadoc

2696 4253 2728 4307 9
2771 4253 2972 4307 Sellum

2665 4324 2728 4376 10
2768 4323 2981 4378 llelcias

2662 4395 2718 4446 il
2766 4396 2992 4447 Azarias

2663 4464 2729 4516 12
2771 4463 2992 4517 Sanuas

1868 4539 1900 4592 6
1939 4539 2190 4590 Amarias
2656 4535 2720 4587 15
2756 4533 2984 4589 Joscdec

1865 4611 1894 4662 7
1937 4606 2172 4661 Acbitob

1761 4701 1945 4756 Fuerit
1973 4699 2138 4767 igitur
2162 4699 2385 4750 Alarias
2411 4698 2548 4751 idem
2573 4714 2636 4749 ac
2662 4696 2917 4762 Joiadas;
2949 4697 3094 4767 quod
3120 4698 3349 4751 nonnul-

1760 4773 1844 4826 los
1869 4771 2159 4823 arbitratus
2185 4784 2307 4823 esse
2338 4777 2569 4821 testatur
2601 4769 2758 4821 Abul.
2791 4769 2842 4820 in
2872 4768 3015 4822 hunc
3042 4769 3219 4822 locmn
3252 4768 3343 4822 lib.

1762 4843 1778 4895 1
1807 4842 2038 4908 Paralip.
2067 4838 2209 4892 Sane
2235 4841 2532 4908 pertricosa
2559 4853 2644 4890 res
2673 4846 2755 4890 est
2781 4836 3092 4908 Judazorum
3125 4839 3346 4908 pontifi-

1762 4930 1884 4966 cum
1910 4907 2191 4965 successio
2215 4907 2491 4978 {quorum
2523 4909 2740 4978 nomina
2776 4910 2915 4977 apud
2946 4907 3242 4976 Josepbum
3277 4909 3346 4963 ab

1763 4985 1852 5046 iis,
1877 4999 1997 5051 quae
2021 4982 2073 5033 in
2100 4981 2192 5034 lib.
2214 4976 2445 5048 [’a'ralip.
2470 4976 2780 5051 tr:_rduntur,
2801 4976 3175 5051 diversissima
3193 4988 3341 5034 sunt.

1763 5049 2184 5122 Expeditissima
2231 5049 2559 5122 conciliandi
2604 5051 2744 5122 ratio
2791 5059 2902 5108 est,
2950 5058 3009 5103 ut
3057 5050 3344 5119 plerosque

1763 5119 2047 5191 multiplici
2073 5122 2291 5191 nomine
2326 5119 2581 5191 praulitos
2606 5120 2957 5191 aﬂirmemus.
2979 5123 3258 5191 Caeterum
3285 5125 3339 5172 in

1764 5189 2086 5247 sacerdotali
2127 5190 2254 5244 Elia:
2284 5207 2347 5242 ac
2379 5189 2584 5244 Joiadte
2615 5192 2784 5258 stirpe
2821 5190 2957 5245 duos
2997 5190 3345 5259 praetermisit

1762 5263 2130 5333 Epiphanius;
2163 5277 2294 5333 nam
2319 5261 2527 5320 Aziam.
2562 5261 2652 5333 qui
2690 5257 2776 5327 est
2815 5261 2868 5314 in
2912 5257 3189 5333 Scriptura
3219 5257 3338 5322 Ozi,

1763 5330 1931 5388 filium
1983 5333 2151 5386 fuisse
2203 5330 2434 5384 Phineas
2489 5332 2671 5392 tradit,
2719 5346 2841 5384 cum
2893 5332 3012 5401 ejus
3071 5346 3352 5401 proni-pos

1765 5403 1945 5457 fuerit.
1973 5403 2170 5456 Omisit
2203 5401 2348 5456 enim
2381 5401 2586 5455 Aliisne
2611 5411 2666 5456 et
2695 5401 2878 5456 Bocci.

1835 5474 1945 5540 (85)
1989 5474 2056 5527 Ἠ
2096 5473 2288 5540 μόνον
2333 5471 2404 5524 ἑν
2450 5472 2586 5536 ταῖς,
2638 5473 3219 5540 Παραιειπομένιιιςε
3261 5468 3341 5528 De

1765 5542 1895 5596 Elia:
1929 5538 2107 5609 Stirpe
2132 5543 2183 5595 in
2212 5541 2541 5611 Paralipom.
2569 5538 2889 5611 librisquod
2916 5544 3083 5595 sciam
3110 5538 3333 5611 verbum

1763 5613 1991 5667 nullum.
2036 5606 2290 5682 Alioquin
2331 5606 2546 5666 sublata
2591 5606 2777 5665 omnis
2815 5620 2959 5667 esset
2989 5611 3081 5663 illa
3113 5610 3180 5664 de
3203 5606 3338 5682 Elia:

1765 5685 1931 5751 stirpe
1965 5677 2213 5752 qumstio,
2244 5683 2288 5736 si
2320 5683 2386 5737 de
2420 5698 2523 5752 qua
2560 5683 2703 5737 tribu
2734 5690 2892 5736 natus
2931 5687 3097 5743 esset,
3134 5679 3216 5733 vel
3261 5677 3339 5732 le-

1765 5755 1984 5810 vissime
2025 5755 2374 5823 signiﬁcaret.
