3846 6336
409 275 512 334 979

1824 285 1880 340 S.
1921 285 2255 340 EPiPHANll

3554 289 3655 342 980

479 393 572 449 IV.
617 393 800 451 Redeo
821 396 933 466 jam
963 398 1029 452 ad
1064 399 1114 453 id
1140 401 1285 468 quod
1316 402 1444 455 mihi
1475 418 1883 473 propasucram,
1914 419 1973 457 ea

2151 405 2223 452 A'.
2273 400 2732 471 Ἐπανελεύσομαι
2782 401 2838 453 δὲ
2885 399 3045 454 πάλιν
3075 400 3155 462 εἱς
3184 398 3254 450 τὰ
3293 399 3652 467 προκείμενα,

409 484 683 550 videlicet,
717 502 840 556 quae
869 487 934 542 de
971 487 1363 546 Melchisedeco
1404 494 1742 561 ineptissime
1770 495 1978 548 coutin-

410 587 562 646 gunt.
586 575 708 632 Fuit
730 579 874 632 enim
899 579 1082 648 justus
1109 581 1198 634 illc
1221 583 1460 651 quidem,
1488 598 1547 636 ac
1578 582 1666 638 Dei
1697 586 1974 651 sacerdos,

409 675 463 720 et
492 683 583 721 rex
616 667 792 723 Salem
822 685 836 733 ;
873 669 967 724 sed
1007 687 1181 740 neque
1223 672 1275 724 in
1310 674 1449 726 cwlo
1479 674 1607 736 fuit,
1643 690 1741 729 nec
1780 691 1809 730 e
1838 676 1978 730 crelo

412 757 713 826 descendit.
758 758 927 813 Nemo
954 763 1093 814 enim
1145 762 1381 815 ascendit
1414 764 1464 816 in
1507 764 1714 830 etclam,
1754 766 1856 819 nisi
1887 768 1976 838 qui

412 847 475 902 de
507 850 631 902 cmlo
659 849 944 913 descendit,
984 852 1159 907 Filius
1190 854 1440 920 hominis,
1483 857 1556 908 ait
1594 859 1977 913 sanctissimus

411 941 842 1011 verissimusque
877 943 1019 999 Deus
1059 946 1198 1000 idem
1232 955 1285 1000 et
1331 944 1593 1001 Verbum’
1621 989 1634 1002 .
1661 948 1812 1006 Illum
1849 964 1978 1003 vero

414 1030 793 1089 Melchisedeci
834 1033 1083 1090 ordinem
1142 1053 1265 1090 cum
1323 1035 1608 1108 Scriptura
1649 1053 1805 1094 sacra
1847 1055 1978 1093 cun-

417 1122 612 1185 lirmat,
645 1138 708 1176 ac
738 1133 960 1180 sanctus
987 1124 1226 1196 Spiritus
1256 1130 1532 1197 expressis
1556 1130 1734 1184 verbis
1757 1131 1974 1196 asserit,

413 1212 706 1266 sacerdotii
743 1214 1156 1269 translationem
1203 1217 1463 1281 ostendit,
1512 1217 1657 1286 quod
1699 1219 1768 1272 ab
1800 1227 1980 1273 vetere

415 1299 699 1373 Synagoga
757 1306 974 1378 rituque
1018 1307 1295 1377 egregium
1355 1323 1418 1362 ac
1457 1309 1978 1378 praestantissimum

413 1390 467 1444 in
501 1391 690 1457 ritum,
722 1411 896 1464 neque
919 1397 1125 1453 carnali
1157 1399 1509 1454 successione
1537 1399 1848 1455 devinctum
1882 1416 1977 1471 po-

414 1492 527 1536 stea
551 1484 789 1538 transiit.
813 1486 1018 1540 Etenim
1043 1498 1267 1544 sanctus
1291 1490 1377 1545 ille
1393 1489 1747 1546 Melchisedec
1771 1492 1977 1546 nullum

415 1588 592 1643 neque
622 1586 743 1644 post
771 1592 828 1631 sc
862 1593 1237 1634 successorem
1272 1581 1481 1649 habuit,
1517 1597 1618 1636 nec
1650 1582 1698 1636 ei
1725 1582 1980 1637 sacerdo-

412 1666 548 1720 tium
583 1677 668 1723 est
711 1669 1064 1740 abrogatum,
1112 1672 1206 1726 sed
1258 1674 1512 1728 sacerdos
1549 1681 1662 1728 toto
1707 1673 1828 1727 vita:
1867 1689 1980 1729 sure

413 1763 656 1828 tempore
703 1763 926 1816 mansit.
982 1761 1162 1828 Quare
1208 1764 1385 1818 adhuc
1445 1765 1499 1817 in
1549 1766 1720 1819 sam-is
1757 1761 1977 1818 Litteris

415 1851 604 1905 eadem
650 1853 942 1908 sacerdotii
973 1838 1232 1925 dignitate
1277 1856 1617 1918 celebratur,
1649 1871 1774 1910 cum
1817 1872 1978 1908 nemo

416 1939 466 1994 ei
527 1945 898 2007 successerit;
941 1952 1035 1998 aut
1091 1946 1236 1999 illam
1292 1946 1580 2002 sacerdotii
1625 1946 1974 2013 iunctionem,

417 2047 522 2100 qua
554 2048 656 2088 suo
682 2041 924 2105 tempore
954 2047 1146 2091 nactus
1171 2044 1274 2101 est,
1297 2037 1569 2092 everterit.
1594 2037 1792 2092 Eodem
1822 2038 1979 2112 plane

414 2123 578 2178 modo
603 2124 863 2181 Dominus
895 2137 1081 2183 noster
1112 2129 1425 2196 nonlnudus
1457 2130 1638 2191 homo,
1661 2130 1754 2184 sed
1779 2146 1840 2184 ex
1870 2128 1978 2184 Deo

416 2215 560 2270 Deus
582 2213 842 2281 Verbum,
871 2217 1074 2288 Deique
1104 2217 1294 2285 Filius,
1325 2219 1392 2273 ab
1417 2219 1604 2273 eodem
1637 2221 1788 2274 nullo
1823 2221 1977 2277 initio

413 2315 516 2358 aut.
545 2315 787 2376 tempore
821 2308 1059 2376 genitus,
1087 2311 1178 2377 qui
1223 2319 1306 2363 est
1340 2323 1462 2362 cum
1501 2308 1659 2364 Patre
1691 2320 1972 2380 perpetuo,

417 2393 510 2447 sed
543 2394 707 2448 homo
734 2406 908 2450 tamen
939 2398 1006 2450 de
1037 2395 1202 2450 Maria
1238 2406 1425 2452 nostra
1457 2414 1622 2453 causa
1653 2399 1827 2455 factus
1857 2413 1973 2468 est;

412 2500 513 2539 nec
542 2501 606 2540 ex
639 2486 780 2538 virili
816 2488 1023 2541 semine
1056 2499 1394 2556 procreatus.
1417 2489 1520 2556 Qui
1548 2492 1764 2561 quidem
1795 2508 1977 2548 sacer-

413 2577 596 2633 dotale
633 2577 781 2632 Patri
835 2595 935 2634 suo
970 2597 1168 2636 munus
1203 2581 1382 2648 oﬂ‘ert,
1417 2592 1639 2653 accepta
1673 2600 1738 2640 ex
1782 2597 1975 2641 natura

412 2665 692 2720 hominum
725 2683 926 2731 massa,
967 2677 1023 2722 ut
1057 2685 1152 2740 pro
1183 2671 1342 2726 nobis
1387 2673 1646 2728 sacerdos
1675 2676 1972 2729 secundum

411 2757 660 2813 ordinem
703 2758 1057 2816 Melchiscdcc
1104 2763 1457 2818 successione
1502 2765 1647 2818 omni
1699 2775 1974 2823 carentem

409 2849 805 2904 constituatur.
838 2849 1015 2906 Manet
1041 2853 1208 2916 enim,
1235 2863 1289 2907 et
1325 2853 1544 2909 assidue
1570 2854 1709 2908 dona
1743 2871 1840 2924 pro
1873 2872 1974 2910 no-

411 2937 500 2993 bis
533 2937 706 2992 oﬂert.
745 2943 801 2994 In
835 2941 1024 3011 primis
1055 2944 1255 3013 quippe
1292 2945 1641 3014 semetipsum
1668 2947 1882 3012 obtulit,
1918 2956 1974 3001 ut

408 3030 740 3099 perfectiore
781 3033 1007 3102 vivaque
1053 3049 1150 3102 pro
1199 3036 1367 3091 totius
1411 3038 1596 3092 mundi
1640 3039 1813 3095 salute
1861 3056 1975 3094 ma-
2003 3063 2048 3124 ο

408 3128 553 3177 ctata
607 3121 808 3186 hostia,
841 3124 1038 3179 veteris
1086 3128 1394 3181 testamenti
1424 3130 1752 3185 sacriﬁcium
1792 3133 1974 3188 abole-

406 3220 509 3269 ret.
542 3213 600 3266 ln
624 3229 733 3283 quo
766 3213 907 3268 idem
943 3215 1058 3284 ipse
1082 3215 1301 3269 victima
1333 3217 1453 3281 fuit,
1479 3219 1593 3288 ipse
1618 3220 1970 3287 sacrificium,

409 3305 528 3375 ipse
569 3305 852 3367 sacerdos,
888 3306 1004 3376 ipse
1037 3308 1228 3373 altare,
1278 3310 1394 3379 ipse
1428 3309 1592 3374 Deus,
1631 3313 1747 3381 ipse
1789 3314 1970 3375 homo,

405 3396 521 3465 ipse
540 3395 674 3462 Rex,
701 3396 863 3469 472
895 3399 1009 3468 ipse
1033 3397 1298 3464 Pontifex,
1323 3401 1437 3469 ipse
1459 3401 1596 3463 ovis,
1624 3401 1738 3471 ipse
1762 3418 1970 3472 agnus;

406 3487 650 3557 adeoque
676 3491 854 3541 omnia
879 3492 932 3541 in
959 3490 1196 3543 omnibus
1219 3491 1239 3521 ³
1277 3501 1497 3560 propter
1523 3507 1624 3547 nos
1657 3501 1736 3548 est
1775 3496 1970 3558 factus,

407 3587 468 3630 ut
501 3580 675 3634 modis
704 3581 958 3636 omnibus
998 3583 1154 3638 nobis
1180 3583 1291 3636 vita
1325 3593 1668 3654 suppeteret;
1700 3601 1762 3639 ac
1793 3603 1976 3641 sacer—

404 3669 538 3723 dotii
574 3671 657 3724 sui
693 3681 1054 3736 constantem,
1081 3680 1133 3726 et
1159 3671 1552 3729 immutabilem
1585 3675 1892 3731 lirmitatem
1919 3677 1973 3731 in

406 3762 798 3831 sempiternum
831 3771 1111 3825 statueret,
1150 3771 1207 3818 ut
1261 3781 1368 3818 non
1415 3765 1529 3834 jam
1570 3767 1755 3835 stirpis
1790 3769 1972 3822 habita

407 3853 620 3908 ratione
655 3856 1033 3909 successiones
1064 3855 1446 3922 distribueret;
1483 3857 1577 3912 sed
1608 3873 1670 3912 ex
1699 3859 1970 3928 justilica-

404 3947 553 4002 tione
598 3947 910 4004 conservari
971 3950 1366 4020 propagarique
1417 3950 1470 4003 in
1525 3949 1729 4020 Spiritu
1783 3962 2011 4008 sancto-

408 4039 673 4107 singulari.
714 4041 974 4095 benelicio
1003 4041 1182 4096 vellet.

478 4129 542 4185 V.
584 4133 743 4186 Aliud
787 4142 1046 4202 prmterea
1094 4135 1338 4188 nonnulli
1369 4135 1435 4188 de
1467 4134 1654 4189 eodem
1698 4135 1974 4191 Melchise-

405 4228 540 4283 deco
574 4226 868 4282 somniant.
905 4225 1183 4294 Ejusmodi
1210 4227 1358 4280 enim
1396 4229 1643 4282 homines
1674 4229 1972 4282 carnaliter

404 4319 700 4374 examinati
738 4325 866 4372 sunt
889 4318 942 4370 ‘z
987 4334 1110 4370 cum
1146 4319 1462 4387 spiritaliter
1493 4335 1556 4373 ea
1586 4335 1707 4390 quae
1736 4321 1803 4374 ab
1828 4321 1970 4391 Apo-

2079 489 2152 552 ώς
2201 484 2342 542 οῦτοι
2392 489 2750 556 φαντάζονται
2795 489 2920 557 περὶ
2956 487 3051 541 τοῦ
3093 487 3448 556 Μελχισεδέκ.
3484 488 3501 517 ¹
3530 488 3653 539 Ὀτι
3741 498 3747 548 l

2083 581 2178 650 μὲν
2211 580 2318 649 γὰρ
2367 579 2572 642 δίκαιος
2607 580 2844 652 ὑπῆρχε,
2883 581 2977 632 καὶ
3020 579 3198 651 ἱερεὺς
3229 577 3324 631 τοῦ
3365 577 3526 638 Θεοῦ,
3561 583 3652 629 καὶ
3747 586 3749 638 Ι

2082 671 2330 740 βασιλεὺς
2359 672 2456 740 τῆς
2503 671 2712 743 Σαλὴμ,
2753 672 2866 724 ἀλλ’
2893 673 2992 724 οὐκ
3033 674 3090 724 ὲν
3129 670 3342 742 οὐρανῷ
3369 671 3648 740 ὑπάρχων,

2082 763 2171 815 καὶ
2201 763 2296 815 ἀπ’
2341 762 2569 834 ούρανοῦ
2609 763 3019 833 καταϐεϐηκώς.
3055 762 3260 828 Οὐδεὶς
3304 763 3418 831 γὰρ
3444 762 3648 814 ἀναϐέ-

2081 856 2260 920 ϐηκεν
2286 858 2372 921 εἰς
2406 855 2512 907 τὸν
2541 853 2820 922 οὐρανὸν,
2844 857 2895 907 εἱ
2931 853 3017 922 μὴ
3066 857 3099 908 ό
3136 854 3203 906 ἐκ
3244 853 3349 908 τοῦ
3390 853 3644 920 oi-parcﬁ

2081 947 2363 1012 καταϐὰς,
2393 949 2425 1000 ό
2460 946 2589 1009 Υἱὸς
2615 941 2721 999 τοῦ
2751 945 3084 1013 ἀνθρώπου,
3118 945 3280 1014 φησὶν
3317 946 3348 996 6
3375 944 3532 1010 ἅγιος
3562 945 3649 995 καὶ

2081 1036 2314 1107 ἀψευδὴς
2345 1037 2475 1100 Θεὸς
2512 1038 2712 1106 Λόγος’
2750 1038 2847 1108 τὴν
2892 1037 2947 1090 δὲ
2993 1037 3143 1100 τάξιν
3177 1035 3271 1088 τοῦ
3315 1036 3646 1104 Μελχισεδὲκ

2081 1127 2484 1198 κρατύνουσαή
2527 1129 2648 1182 θεία
2690 1129 2912 1199 Γραφὴ,
2952 1130 3042 1180 καὶ
3081 1127 3142 1179 τὸ
3199 1127 3427 1197 Πνεῦμα.
3476 1125 3649 1195 ῥητῶς

2080 1218 2328 1272 διδάσκον
2348 1258 2362 1282 ,
2408 1219 2506 1288 τὴν
2537 1218 2823 1289 μετάθεσιν
2857 1216 3020 1283 ἔδειξε
3069 1216 3168 1286 τῆς
3200 1215 3502 1287 ἱερωσύνης
3547 1216 3648 1267 ἀπὸ

2079 1312 2178 1382 τῆς
2213 1309 2444 1373 παλαιᾶς
2470 1309 2786 1378 συναγωγῆς
2811 1309 2902 1362 καὶ
2935 1308 3026 1361 τοῦ
3066 1309 3216 1373 ἔθους
3246 1310 3325 1374 εἱς
3365 1307 3488 1370 ἔθος
3526 1309 3647 1360 κάλ·
3763 1292 3765 1332 ¹

2080 1402 2258 1454 λιστον
2283 1401 2375 1452 καὶ
2404 1399 2725 1470 ὑπέρτατον,
2760 1402 2854 1452 καὶ
2885 1401 2944 1451 ού
2976 1399 3198 1470 μέτοχον
3233 1398 3505 1469 σαρκικῆς
3541 1397 3647 1448 6:1-

2079 1489 2239 1560 δοχῆς
2285 1489 2580 1560 ἡνωμένον.
2633 1489 2688 1540 '0
2725 1489 2833 1557 γὰρ
2863 1489 3194 1560 Μελχισεδὲκ
3235 1489 3264 1540 6
3308 1489 3466 1554 ἅγιος
3500 1481 3654 1549 οὗτος

2080 1581 2260 1634 οὐκέτι
2289 1583 2404 1650 μετ’
2437 1581 2596 1633 αὑτὸν
2625 1579 2872 1651 διαδοχὴν
2905 1579 3154 1649 ἔσχηκεν,
3183 1577 3297 1632 ἀλλ’
3335 1579 3461 1632 οὔτε
3492 1579 3655 1646 ἀφαί-

2086 1690 2231 1743 ρεσιν
2274 1673 2371 1743 τῆς
2407 1672 2736 1742 ἱερωσύνης·
2776 1673 2956 1743 ἔμεινε
3012 1671 3120 1742 γὰρ
3162 1671 3321 1734 αὐτὸς
3353 1672 3539 1742 iege-1;;
3565 1671 3653 1723 τὸν

2080 1763 2253 1816 πάντα
2287 1763 2474 1835 χρόνον
2498 1762 2594 1832 τῆς
2629 1761 2794 1815 αὑτοῦ
2818 1761 2978 1832 ζωῆς.
3019 1763 3128 1814 Kal.
3155 1761 3234 1813 ἔτι
3267 1763 3324 1814 ἐν
3356 1764 3425 1831 τῇ
3461 1760 3656 1831 Γραςῇ

2079 1853 2260 1924 ᾄδεται
2305 1855 2502 1926 ἱερεὺς,
2542 1850 2765 1923 μηδενὸς
2799 1852 2976 1906 αὐτῶν
3010 1851 3477 1922 διαδεξαμένου,ἦ
3528 1853 3654 1904 ἁνα-

2077 1945 2374 2016 τρέψαντος
2415 1945 2512 2015 τὴν
2569 1946 2708 1998 κατὰ
2755 1945 2845 1997 τὸν
2901 1943 3090 2014 χρόνον
3135 1942 3298 1994 αὐτοῦ
3346 1942 3658 2012 ὑπηρεσξαν

2078 2035 2178 2104 τῆς
2227 2035 2544 2106 ἱερωσύνης.
2573 2035 2729 2088 υῦτω
2773 2037 2865 2087 καὶ
2911 2036 2938 2087 6
2985 2033 3187 2105 Κύριος
3220 2032 3397 2104 ἡμῶν,
3432 2035 3538 2085 οὐκ
3581 2032 3657 2084 ὢν

2078 2124 2393 2194 ἄνθρωπος,
2427 2124 2561 2177 ἀλλὰ
2590 2125 2653 2177 ὲκ
2703 2125 2836 2177 Θεοῦ
2901 2123 3054 2192 ἅγιος
3095 2123 3225 2186 Θεὸς
3267 2123 3478 2190 Λόγος,
3526 2123 3658 2184 Υἱὸς

2079 2214 2211 2268 Θεοῦ
2235 2215 2512 2287 γεννηθεὶς
2543 2215 2794 2286 ἁνάρχως
2816 2216 2908 2268 καὶ
2933 2215 3197 2286 ἁχρόνως,
3225 2215 3311 2266 ἀεὶ
3340 2215 3439 2266 σὺν
3474 2215 3658 2283 Πατρὶ

2077 2306 2172 2369 ὢν,
2223 2307 2510 2379 γενόμενος
2561 2307 2628 2360 δι’
2657 2309 2804 2377 ἡμᾶς
2850 2309 2913 2358 ὲκ
2957 2307 3174 2376 Μαρίας
3211 2305 3519 2376 ἄνθρωπος,
3559 2305 3657 2357 καὶ

2077 2399 2178 2451 οὐκ
2219 2398 2325 2451 ἀπὸ
2370 2398 2679 2468 σπέρματος
2733 2397 2942 2467 ἀνδρός.
2975 2397 3085 2468 Τὴν
3126 2397 3181 2450 δὲ
3227 2396 3529 2468 ἱερωσύνην
3577 2396 3656 2467 τῷ

2079 2490 2252 2559 Πατρὶ
2300 2489 2614 2559 προσφέρει,
2644 2489 2702 2556 ἐξ
2743 2487 3154 2560 ἁνθρωπότητος
3190 2489 3252 2542 τὺ
3287 2489 3514 2561 φύραμα
3553 2488 3654 2542 λα-

2079 2579 2207 2643 ϐὼν,
2235 2581 2322 2634 ἵνα
2345 2581 2485 2651 ὑπὲρ
2513 2581 2668 2650 ἡμῶν
2710 2581 2888 2650 ἱερεὺς
2929 2583 3168 2650 καταστῇ
3195 2580 3335 2634 κατὰ
3367 2582 3467 2651 τὴν
3494 2581 3656 2644 τάξιν

2078 2671 2429 2742 Μελχισεδὲκ,
2454 2672 2550 2742 τὴν
2586 2673 2659 2742 μὴ
2691 2671 2915 2742 ἔχουσαν
2949 2671 3215 2743 διαδοχήν.
3244 2672 3409 2725 Μὲνει
3439 2672 3553 2743 γὰρ
3583 2673 3652 2731 τὰ

2079 2764 2217 2834 ὑπὲρ
2247 2763 2401 2833 ἡμῶν
2431 2765 2510 2826 εἱς
2544 2764 2603 2818 τὸ
2634 2763 2874 2834 διηνεκὲς
2913 2763 3059 2834 δῶρα
3099 2763 3449 2836 προσφέρων·
3496 2765 3652 2835 πρῶ-

2077 2871 2168 2907 τον
2200 2855 2299 2924 μὲν
2345 2855 2532 2908 ἑαυτὸν
2572 2853 2960 2925 προσενέγκας,
2997 2855 3083 2908 ἵνα
3123 2855 3259 2928 λύσῃ
3302 2855 3494 2908 θυσίαν
3544 2874 3650 2908 πα-

2077 2947 2234 3011 λαιᾶς
2260 2947 2541 3018 διαθήκης,
2576 2947 2674 3019 τὴν
2703 2947 3079 3016 ἐντελεστέραν
3109 2947 3287 3011 ζῶσαν
3332 2949 3472 3020 ὑπὲρ
3512 2967 3652 3002 παν·

2079 3039 2169 3102 τὸς
2199 3039 2403 3108 κόσμου
2431 3039 2789 3110 ἱερουργήσας
2813 3058 2826 3071 ·
2862 3040 3021 3102 αὐτὸς
3047 3041 3259 3110 ἱερεῖον,
3284 3039 3446 3104 αὐτὸς
3475 3039 3646 3110 θῦμα,

2080 3131 2239 3193 αὐτὸς
2263 3132 2457 3202 ἱερεὺς,
2492 3131 2652 3194 αὐτὸς
2687 3131 3084 3202 θυσιαστήριον,
3118 3132 3277 3194 αὐτὸς
3304 3132 3454 3197 Θεὸς,
3485 3134 3651 3196 αὐτὸς

2079 3221 2384 3293 ἄνθρωπος,
2421 3223 2580 3286 αὐτὸς
2620 3222 2890 3292 βασιλεὺς,
2924 3223 3085 3286 αὐτὸς
3140 3224 3446 3294 ἀρχιερεὺς,
3484 3225 3650 3287 αὐτὸς

2078 3312 2362 3382 πρόϐατον,
2411 3313 2568 3376 αὐτὸς
2595 3313 2798 3382 ἀρνίον,
2831 3315 2903 3366 τὰ
2939 3311 3134 3366 πάντα
3167 3313 3236 3366 ἐν
3277 3311 3465 3366 πᾶσιν
3496 3313 3646 3383 ὑπὲρ

2078 3401 2230 3472 ἡμῶν
2274 3391 2582 3472 γενόμενος,
2619 3404 2706 3455 ἵνα
2743 3406 2872 3473 ἡμῖν
2913 3404 3024 3473 ζωὴ
3066 3403 3204 3456 κατὰ
3237 3405 3410 3458 πάντα
3444 3404 3652 3474 τρόπον

2079 3491 2322 3561 γένηται,
2369 3492 2462 3544 καὶ
2499 3491 2595 3561 τῆς
2638 3491 2934 3562 ἱερωσύνης
2965 3491 3130 3544 αὑτοῦ
3171 3492 3232 3544 τὸ
3271 3491 3651 3560 ἀμετάστατον

2079 3583 2354 3652 ἑδραίωμα
2373 3582 2451 3645 εἰς
2476 3583 2600 3645 τοὺς
2626 3581 2824 3645 αἰῶνας
2857 3580 3256 3652 ἀπεργάσηται,
3293 3581 3471 3633 οὐκέτι
3501 3581 3649 3634 κατὰ

2079 3673 2301 3744 σπέρμα
2348 3675 2444 3738 τὰς
2499 3673 2746 3744 διαδοχὰς
2795 3672 3063 3744 μερίζων,
3107 3673 3240 3726 ἀλλὰ
3283 3672 3420 3726 κατὰ
3461 3674 3519 3725 τὺ
3570 3673 3650 3725 διο

2079 3763 2295 3833 καίωμα
2347 3762 2707 3834 φυλάττεσθαι
2762 3763 2820 3815 ὲν
2863 3762 3136 3833 Πνεύματι
3187 3761 3325 3831 ἁγίῳ
3369 3761 3650 3831 δωρούμε-

2077 3871 2184 3917 νος.

2146 4141 2221 4193 Ε’.
2263 4140 2592 4205 Φαντάζουσι
2632 4139 2690 4191 δὲ
2731 4139 2878 4191 ἄλλοι
2921 4139 3047 4208 περὶ
3083 4138 3272 4191 τούτου
3317 4137 3408 4190 τοῦ
3437 4136 3647 4206 Μελχιο

2078 4232 2230 4285 σεδὲκ
2266 4232 2534 4300 λέγοντες.
2559 4230 2841 4302 Σαρκικὼς
2874 4229 2982 4301 γὰρ
3011 4231 3060 4282 οἱ
3101 4228 3328 4281 τοιοῦτοι
3356 4227 3648 4298 ἀνεκρίθη-

2077 4340 2196 4388 σαν,
2229 4321 2612 4393 πνευματικῶς
2652 4322 2726 4393 μὴ
2751 4321 3064 4391 νενοηκότες
3095 4320 3162 4373 τὰ
3210 4319 3314 4373 ὑπὸ
3348 4318 3439 4373 τοῦ
3484 4319 3645 4388 ἁγίου

404 4413 546 4467 stolo
570 4412 622 4465 in
646 4410 884 4481 Epistula
907 4411 972 4465 ad
1002 4409 1256 4467 Hebrmos
1280 4411 1425 4465 dicta
1453 4425 1600 4476 sunt,
1624 4412 1968 4482 nequaquam

2091 4416 2409 4469 Ἀποστόλου
2435 4417 2491 4468 ὲν
2513 4417 2579 4485 τῇ
2615 4414 2898 4484 Ἐπιστολῇ
2928 4415 2994 4484 τῇ
3025 4412 3159 4483 πρὸς
3191 4411 3470 4482 Ἐϐραίους
3489 4413 3645 4482 εἱρη-

405 4502 792 4557 intellexerint.
848 4500 1216 4567 Quamobrem
1269 4501 1466 4556 llierax
1516 4502 1970 4560 Melchisedecum

407 4595 667 4663 Spiritum
705 4608 828 4647 esse
872 4601 1120 4647 sanctum
1156 4592 1452 4654 existimat,
1501 4595 1646 4662 quod
1690 4595 1762 4647 ita
1812 4595 1880 4650 de
1905 4611 1972 4649 eo

404 4690 667 4759 scriptum
719 4688 790 4740 sit
825 4705 840 4740 :
871 4685 1210 4738 Assimilutus
1261 4684 1402 4738 Filio
1449 4685 1560 4739 Dei.
1607 4687 1784 4740 Manet
1833 4690 1972 4742 enim

401 4778 646 4833 sacerdos
710 4779 763 4830 in
815 4785 1118 4845 perpetuum
1147 4776 1187 4826 ⁸.
1251 4777 1403 4841 Quod
1456 4784 1509 4828 et
1550 4778 1672 4831 aliis
1727 4777 1970 4847 Apostoli

402 4873 583 4925 verbis
613 4872 934 4925 illustratur.
977 4886 1099 4922 cum
1137 4868 1270 4921 dicit
1300 4883 1310 4918 :
1343 4867 1572 4936 Spiritus
1600 4887 1715 4923 vero
1747 4887 1838 4937 pro
1874 4888 1971 4925 no-

405 4960 484 5014 bis
522 4959 756 5028 postulat
787 4959 1064 5030 gemitibus
1091 4959 1538 5014 inenarrabilibus
1562 4961 1603 5014 ⁸.
1639 4962 1707 5015 At
1734 4963 1827 5032 qui
1855 4962 1972 5032 Spi-

404 5052 544 5106 ritus
601 5052 775 5106 sancti
812 5051 1099 5106 interiores
1146 5067 1340 5106 sensus
1380 5053 1550 5115 novit,
1600 5070 1705 5107 non
1757 5055 1970 5124 ignorat

405 5143 556 5197 illum
589 5141 697 5196 Deo
723 5158 820 5211 pro
845 5143 1035 5198 electis
1066 5143 1395 5213 supplicare.
1422 5145 1525 5198 Sed
1555 5156 1609 5199 et
1644 5147 1746 5200 iste
1779 5147 1969 5200 nihilo-

405 5233 586 5288 minus
621 5247 649 5285 a
707 5233 986 5301 proposito
1035 5236 1251 5303 penitus
1301 5235 1593 5290 aberravit.
1660 5236 1775 5290 Non
1822 5238 1966 5291 enim

406 5341 643 5396 unquam
677 5323 913 5394 Spiritus
947 5333 1172 5380 sanctus
1205 5343 1422 5382 carnem
1458 5329 1654 5384 induit.
1695 5329 1812 5394 Qua
1846 5330 1969 5398 qui-

403 5403 525 5470 dem
554 5417 596 5470 si
629 5415 826 5480 caruit,
848 5415 960 5471 Rex
984 5432 1108 5471 esse
1136 5415 1336 5484 Salem,
1362 5424 1454 5471 aut
1483 5420 1628 5474 illius
1656 5421 1759 5474 loci
1793 5432 1969 5475 saecr-

403 5507 503 5569 dos
534 5523 640 5563 non
679 5508 872 5576 potuit.
903 5505 1104 5563 Verum
1136 5511 1514 5579 opportuniori
1545 5519 1808 5581 tempore,
1843 5529 1964 5567 cum

476 5667 493 5710 ἱ
537 5663 690 5720 Deest
735 5667 977 5731 verbum.
1057 5671 1074 5700 ⁸
1107 5665 1260 5730 .loan.
1292 5683 1371 5731 tu.
1411 5670 1491 5722 l3.

1574 5672 1590 5700 ³
1625 5671 1639 5724 l
1675 5671 1796 5724 Cor.
1833 5689 1918 5734 xv,
1947 5673 2037 5728 28.

2082 4508 2239 4580 μένα.
2272 4508 2381 4560 Καὶ
2410 4507 2438 4558 ὁ
2489 4506 2588 4576 μὲν
2625 4505 2798 4575 Ἱέραξ
2830 4503 3018 4556 τοῦτον
3058 4502 3266 4573 νομίζει
3308 4502 3645 4571 Μελχισεδὲκ

2079 4595 2215 4650 εἶναι
2253 4596 2313 4650 τὸ
2349 4597 2568 4665 Πνεῦμα
2607 4597 2666 4649 τὸ
2700 4596 2872 4663 ἅγιον,
2899 4595 2986 4647 διὰ
3038 4593 3641 4662 τὺ,Ἄρομοιούμεγον,

2079 4688 2232 4758 φησὶ,
2277 4687 2357 4752 τῷ
2398 4687 2504 4753 Υἱῷ
2533 4686 2636 4740 τοῦ
2687 4685 2853 4739 Θεοῦ.
2890 4684 3065 4737 Μένει
3094 4681 3201 4751 γὰρ
3228 4682 3419 4750 ἱερεὺς
3459 4683 3545 4746 εἱς
3576 4683 3644 4734 τὸ

2077 4778 2382 4848 διηνεκές·
2411 4778 2484 4841 ὼς
2528 4777 2635 4830 ἀπὸ
2683 4776 2780 4846 τῆς
2821 4775 3055 4839 λέξεως,
3095 4771 3162 4844 ἧς
3213 4769 3364 4825 εἶπεν
3413 4775 3442 4824 6
3490 4773 3646 4838 ἅγιος

2091 4869 2407 4931 ’Δπὸστολος
2431 4885 2443 4896 ο
2483 4867 2552 4921 Τὸ
2585 4867 2654 4920 δὲ
2693 4867 2932 4935 Πνεῦμα
2973 4862 3474 4931 ὑπερεντυγχάνει
3507 4879 3645 4916 στεο

2079 4961 2325 5030 ναγμοῖς
2359 4959 2712 5024 ἀλαλήτοις·
2739 4959 2767 5011 ὁ
2797 4957 2852 5010 δὲ
2897 4957 3254 5024 ἐπιστάμενος
3289 4955 3348 5007 τὸ
3387 4953 3680 5024 φρόνημα.

2076 5053 2171 5106 τοῦ
2219 5051 2530 5121 Πνεῦματος
2559 5045 2718 5111 οἶδεν,
2747 5049 2827 5101 ὅτι
2862 5048 3001 5115 ὑπὲρ
3027 5045 3293 5100 ἐκλεκτῶν
3325 5042 3640 5111 ἐντυγχάνει

2075 5147 2155 5217 τῷ
2183 5144 2319 5214 Θεῷ.
2361 5143 2614 5207 Ἐξέπεσε
2645 5141 2700 5194 δὲ
2739 5142 2831 5193 καὶ
2877 5134 3030 5200 οὗτος
3070 5135 3347 5198 παντελῶς
3371 5135 3468 5188 τοῦ
3511 5151 3645 5204 προ-
3691 5182 3695 5185 .

2078 5235 2349 5304 κειμένου.
2380 5235 2454 5286 Οὐ
2491 5231 2600 5302 γὰρ
2635 5232 2808 5301 σάρκα
2843 5228 3127 5282 ἐνεδύσατο
3147 5227 3207 5280 τὸ
3236 5224 3463 5295 ῐῐνεῦμά
3490 5241 3639 5278 ποτε.

2079 5329 2263 5397 Σάρκα
2295 5327 2350 5379 δὲ
2388 5326 2462 5395 μὴ
2488 5322 2868 5392 ἐνδυσάμενον,
2907 5321 3005 5373 ούκ
3042 5315 3181 5389 εἶχεν
3221 5314 3357 5371 εἶναι
3389 5311 3642 5386 βασιλεὺς

2075 5421 2174 5489 τῆς
2201 5419 2421 5488 Σαλήμ,
2474 5418 2568 5470 καὶ
2615 5416 2790 5486 ἱερεὺς
2825 5414 2987 5466 τόπου
3029 5413 3192 5474 τινός.
3221 5409 3412 5480 Καιρῷ
3453 5409 3509 5461 δὲ
3551 5409 3637 5460 ὅτι

2077 5513 2205 5581 περὶ
2248 5511 2434 5562 τούτου
2477 5508 2567 5562 τοῦ
2614 5509 2853 5578 ’ἱέρακος
2892 5505 2984 5558 καὶ
3015 5503 3112 5571 τῆς
3167 5501 3330 5556 αὑτοῦ
3376 5503 3638 5572 αἱρέσεως

3157 5666 3176 5693 ⁵
3199 5661 3358 5717 Rom.
3401 5676 3520 5726 rm,
3546 5659 3632 5716 26.

2116 5673 2134 5702 ⁵
2168 5669 2208 5723 ll
2245 5671 2368 5725 (ἴον.
2401 5687 2459 5735 n,
2499 5670 2577 5723 l-i.
2657 5670 2676 5700 δ
2704 5667 2864 5724 llebr.
2902 5682 2997 5733 vn,
3029 5665 3081 5720 '5.
