  <div class='ocr_page' id='page_1' title='image "/cluster/home/n/w/nwhite01/storage/ocr_20150623/41/hvd.32044011753001/522.png"; bbox 0 0 3750 6200; ppageno 0'>
   <div class='ocr_carea' id='block_1_1' title="bbox 77 225 198 278">
    <p class='ocr_par' dir='ltr' id='par_1_1' title="bbox 77 225 198 278">
     <span class='ocr_line' id='line_1_1' title="bbox 77 225 198 278; baseline 0.017 -2"><span class='ocrx_word' id='word_1_1' title='bbox 77 225 198 278; x_wconf 74' lang='lat'><strong>93]</strong></span> 
     </span>
    </p>
   </div>
   <div class='ocr_carea' id='block_1_2' title="bbox 797 223 1694 308">
    <p class='ocr_par' dir='ltr' id='par_1_2' title="bbox 797 227 1691 289">
     <span class='ocr_line' id='line_1_2' title="bbox 797 227 1691 289; baseline 0.009 -8"><span class='ocrx_word' id='word_1_2' title='bbox 797 227 1168 286; x_wconf 75' lang='lat' dir='ltr'><strong>ADVERSUS</strong></span> <span class='ocrx_word' id='word_1_3' title='bbox 1205 231 1543 288; x_wconf 70' lang='lat' dir='ltr'><strong>&quot;IERESE‘S</strong></span> <span class='ocrx_word' id='word_1_4' title='bbox 1581 233 1691 289; x_wconf 89' lang='lat' dir='ltr'><strong>LIB</strong></span> 
     </span>
    </p>
   </div>
   <div class='ocr_carea' id='block_1_3' title="bbox 1869 223 2632 308">
    <p class='ocr_par' dir='ltr' id='par_1_3' title="bbox 1869 223 2632 289">
     <span class='ocr_line' id='line_1_3' title="bbox 1869 223 2632 289; baseline 0.003 -3"><span class='ocrx_word' id='word_1_5' title='bbox 1869 231 2024 287; x_wconf 83' lang='grc' dir='ltr'><strong>ῙῸΜ.</strong></span> <span class='ocrx_word' id='word_1_6' title='bbox 2058 233 2173 286; x_wconf 85' lang='grc'><strong>1.-</strong></span> <span class='ocrx_word' id='word_1_7' title='bbox 2213 232 2488 289; x_wconf 73' lang='grc' dir='ltr'><strong>ΙΙΑΞΒΕΞ.</strong></span> <span class='ocrx_word' id='word_1_8' title='bbox 2523 223 2632 288; x_wconf 90' lang='lat' dir='ltr'><strong>LV.</strong></span> 
     </span>
    </p>
   </div>
   <div class='ocr_carea' id='block_1_4' title="bbox 3259 236 3367 294">
    <p class='ocr_par' dir='ltr' id='par_1_4' title="bbox 3259 236 3367 294">
     <span class='ocr_line' id='line_1_4' title="bbox 3259 236 3367 294; baseline -0.009 0"><span class='ocrx_word' id='word_1_9' title='bbox 3259 236 3367 294; x_wconf 72' lang='lat'><strong>982</strong></span> 
     </span>
    </p>
   </div>
   <div class='ocr_carea' id='block_1_5' title="bbox 79 338 1694 422">
    <p class='ocr_par' dir='ltr' id='par_1_5' title="bbox 79 338 1674 422">
     <span class='ocr_line' id='line_1_5' title="bbox 79 338 1674 422; baseline 0.009 -33"><span class='ocrx_word' id='word_1_10' title='bbox 79 338 200 408; x_wconf 82' lang='grc' dir='ltr'>τὴν</span> <span class='ocrx_word' id='word_1_11' title='bbox 237 339 546 413; x_wconf 77' lang='grc' dir='ltr'><strong>ἀνατροπὴν</strong></span> <span class='ocrx_word' id='word_1_12' title='bbox 581 342 897 414; x_wconf 77' lang='grc' dir='ltr'>ποιήσομαι,</span> <span class='ocrx_word' id='word_1_13' title='bbox 932 347 1052 400; x_wconf 84' lang='grc' dir='ltr'>τότε</span> <span class='ocrx_word' id='word_1_14' title='bbox 1095 348 1152 401; x_wconf 76' lang='grc' dir='ltr'>ἐν</span> <span class='ocrx_word' id='word_1_15' title='bbox 1183 349 1373 404; x_wconf 81' lang='grc' dir='ltr'>πλάτει</span> <span class='ocrx_word' id='word_1_16' title='bbox 1404 354 1533 422; x_wconf 73' lang='grc' dir='ltr'>περὶ</span> <span class='ocrx_word' id='word_1_17' title='bbox 1564 350 1674 404; x_wconf 69' lang='grc' dir='ltr'>τούι</span> 
     </span>
    </p>
   </div>
   <div class='ocr_carea' id='block_1_6' title="bbox 1869 338 3368 422">
    <p class='ocr_par' dir='ltr' id='par_1_6' title="bbox 1869 346 3368 416">
     <span class='ocr_line' id='line_1_6' title="bbox 1869 346 3368 416; baseline 0.001 -14"><span class='ocrx_word' id='word_1_18' title='bbox 1869 348 2036 403; x_wconf 77' lang='lat' dir='ltr'><strong>3racis</strong></span> <span class='ocrx_word' id='word_1_19' title='bbox 2071 347 2215 402; x_wconf 92' lang='lat' dir='ltr'><strong>illius</strong></span> <span class='ocrx_word' id='word_1_20' title='bbox 2258 347 2505 402; x_wconf 67' lang='lat' dir='ltr'><strong>haeresim</strong></span> <span class='ocrx_word' id='word_1_21' title='bbox 2549 346 2814 412; x_wconf 83' lang='lat' dir='ltr'><strong>refellam,</strong></span> <span class='ocrx_word' id='word_1_22' title='bbox 2858 347 2925 402; x_wconf 89' lang='lat' dir='ltr'><strong>de</strong></span> <span class='ocrx_word' id='word_1_23' title='bbox 2964 347 3033 403; x_wconf 89' lang='lat' dir='ltr'><strong>iis</strong></span> <span class='ocrx_word' id='word_1_24' title='bbox 3068 347 3202 416; x_wconf 85' lang='lat' dir='ltr'><strong>ipsis</strong></span> <span class='ocrx_word' id='word_1_25' title='bbox 3234 348 3368 404; x_wconf 88' lang='lat' dir='ltr'><strong>ube-</strong></span> 
     </span>
    </p>
   </div>
   <div class='ocr_carea' id='block_1_7' title="bbox 83 431 1688 513">
    <p class='ocr_par' dir='ltr' id='par_1_7' title="bbox 83 431 1688 513">
     <span class='ocr_line' id='line_1_7' title="bbox 83 431 1688 513; baseline 0.008 -31"><span class='ocrx_word' id='word_1_26' title='bbox 83 448 210 484; x_wconf 86' lang='grc' dir='ltr'><strong>των</strong></span> <span class='ocrx_word' id='word_1_27' title='bbox 239 431 592 504; x_wconf 81' lang='grc' dir='ltr'><strong>διηγήσομαι..</strong></span> <span class='ocrx_word' id='word_1_28' title='bbox 633 434 747 504; x_wconf 81' lang='grc' dir='ltr'><strong>Τῆς</strong></span> <span class='ocrx_word' id='word_1_29' title='bbox 781 435 838 489; x_wconf 84' lang='grc' dir='ltr'>δὲ</span> <span class='ocrx_word' id='word_1_30' title='bbox 883 437 1201 502; x_wconf 79' lang='grc' dir='ltr'><strong>ἀκολουθίας</strong></span> <span class='ocrx_word' id='word_1_31' title='bbox 1242 441 1309 494; x_wconf 76' lang='grc' dir='ltr'><strong>τὰ</strong></span> <span class='ocrx_word' id='word_1_32' title='bbox 1351 440 1444 494; x_wconf 81' lang='grc' dir='ltr'>νῦν</span> <span class='ocrx_word' id='word_1_33' title='bbox 1497 442 1688 513; x_wconf 82' lang='grc' dir='ltr'><strong>ἐπιλή-</strong></span> 
     </span>
    </p>
   </div>
   <div class='ocr_carea' id='block_1_8' title="bbox 81 519 1688 600">
    <p class='ocr_par' dir='ltr' id='par_1_8' title="bbox 81 519 1688 600">
     <span class='ocr_line' id='line_1_8' title="bbox 81 519 1688 600; baseline 0.007 -29"><span class='ocrx_word' id='word_1_34' title='bbox 81 519 300 591; x_wconf 65' lang='grc' dir='ltr'>ψομαι,</span> <span class='ocrx_word' id='word_1_35' title='bbox 332 522 472 574; x_wconf 79' lang='grc' dir='ltr'>πόσα</span> <span class='ocrx_word' id='word_1_36' title='bbox 507 522 563 575; x_wconf 84' lang='grc' dir='ltr'><strong>δὲ</strong></span> <span class='ocrx_word' id='word_1_37' title='bbox 609 526 734 595; x_wconf 72' lang='grc' dir='ltr'>περὶ</span> <span class='ocrx_word' id='word_1_38' title='bbox 783 525 971 579; x_wconf 82' lang='grc' dir='ltr'>τούτου</span> <span class='ocrx_word' id='word_1_39' title='bbox 1015 527 1106 581; x_wconf 82' lang='grc' dir='ltr'>τοῦ</span> <span class='ocrx_word' id='word_1_40' title='bbox 1154 530 1488 600; x_wconf 80' lang='grc' dir='ltr'><strong>Μελχισεδὲκ</strong></span> <span class='ocrx_word' id='word_1_41' title='bbox 1541 531 1688 586; x_wconf 83' lang='grc' dir='ltr'>ἄλλοι</span> 
     </span>
    </p>
   </div>
   <div class='ocr_carea' id='block_1_9' title="bbox 86 612 491 678">
    <p class='ocr_par' dir='ltr' id='par_1_9' title="bbox 86 612 491 678">
     <span class='ocr_line' id='line_1_9' title="bbox 86 612 491 678; baseline 0.012 -17"><span class='ocrx_word' id='word_1_42' title='bbox 86 612 491 678; x_wconf 76' lang='grc' dir='ltr'><strong>φαντάζονται.</strong></span> 
     </span>
    </p>
   </div>
   <div class='ocr_carea' id='block_1_10' title="bbox 179 699 1689 782">
    <p class='ocr_par' dir='ltr' id='par_1_10' title="bbox 179 699 1689 782">
     <span class='ocr_line' id='line_1_10' title="bbox 179 699 1689 782; baseline 0.009 -30"><span class='ocrx_word' id='word_1_43' title='bbox 179 699 276 766; x_wconf 64' lang='grc' dir='ltr'><strong>(τ’.</strong></span> <span class='ocrx_word' id='word_1_44' title='bbox 321 703 657 773; x_wconf 83' lang='grc' dir='ltr'><strong>Σαμαρεῖται</strong></span> <span class='ocrx_word' id='word_1_45' title='bbox 709 703 808 775; x_wconf 82' lang='grc' dir='ltr'><strong>μὲν</strong></span> <span class='ocrx_word' id='word_1_46' title='bbox 853 704 962 777; x_wconf 83' lang='grc' dir='ltr'><strong>γὰρ</strong></span> <span class='ocrx_word' id='word_1_47' title='bbox 1008 707 1194 762; x_wconf 82' lang='grc' dir='ltr'>τοῦτον</span> <span class='ocrx_word' id='word_1_48' title='bbox 1224 709 1331 781; x_wconf 72' lang='grc'>(84)</span> <span class='ocrx_word' id='word_1_49' title='bbox 1381 711 1689 782; x_wconf 79' lang='grc' dir='ltr'>νομίζουσιν</span> 
     </span>
    </p>
   </div>
   <div class='ocr_carea' id='block_1_11' title="bbox 88 786 1692 868">
    <p class='ocr_par' dir='ltr' id='par_1_11' title="bbox 88 786 1692 868">
     <span class='ocr_line' id='line_1_11' title="bbox 88 786 1692 868; baseline 0.008 -26"><span class='ocrx_word' id='word_1_50' title='bbox 88 786 248 846; x_wconf 71' lang='grc' dir='ltr'>εἶναι</span> <span class='ocrx_word' id='word_1_51' title='bbox 271 792 362 846; x_wconf 81' lang='grc' dir='ltr'><strong>τὸν</strong></span> <span class='ocrx_word' id='word_1_52' title='bbox 390 792 408 824; x_wconf 71' lang='grc' dir='ltr'>ί</span> <span class='ocrx_word' id='word_1_53' title='bbox 435 792 571 863; x_wconf 78' lang='grc' dir='ltr'>(υἱὸν</span> <span class='ocrx_word' id='word_1_54' title='bbox 594 793 709 866; x_wconf 80' lang='grc' dir='ltr'>τοῦ)</span> <span class='ocrx_word' id='word_1_55' title='bbox 733 796 855 866; x_wconf 86' lang='grc' dir='ltr'><strong>Σήμ</strong></span> <span class='ocrx_word' id='word_1_56' title='bbox 875 813 887 826; x_wconf 82' lang='grc'><em>’</em></span> <span class='ocrx_word' id='word_1_57' title='bbox 919 799 1314 868; x_wconf 76' lang='grc' dir='ltr'>καταγέλαστοι</span> <span class='ocrx_word' id='word_1_58' title='bbox 1339 800 1395 853; x_wconf 85' lang='grc' dir='ltr'><strong>δὲ</strong></span> <span class='ocrx_word' id='word_1_59' title='bbox 1421 803 1512 855; x_wconf 74' lang='grc' dir='ltr'>καὶ</span> <span class='ocrx_word' id='word_1_60' title='bbox 1540 804 1692 855; x_wconf 75' lang='grc' dir='ltr'>αὐτοὶ</span> 
     </span>
    </p>
   </div>
   <div class='ocr_carea' id='block_1_12' title="bbox 90 872 1691 964">
    <p class='ocr_par' dir='ltr' id='par_1_12' title="bbox 90 872 1691 964">
     <span class='ocr_line' id='line_1_12' title="bbox 90 872 1691 964; baseline 0.021 -33"><span class='ocrx_word' id='word_1_61' title='bbox 90 881 522 952; x_wconf 79' lang='grc' dir='ltr'>εὑρεθήσονται.</span> <span class='ocrx_word' id='word_1_62' title='bbox 583 872 1016 956; x_wconf 70' lang='grc' dir='ltr'><strong>Ἀάφαλιζομένη</strong></span> <span class='ocrx_word' id='word_1_63' title='bbox 1074 888 1183 959; x_wconf 76' lang='grc' dir='ltr'><strong>γὰρ</strong></span> <span class='ocrx_word' id='word_1_64' title='bbox 1230 891 1263 960; x_wconf 85' lang='grc' dir='ltr'><strong>ἡ</strong></span> <span class='ocrx_word' id='word_1_65' title='bbox 1318 889 1436 944; x_wconf 73' lang='grc' dir='ltr'>θεία</span> <span class='ocrx_word' id='word_1_66' title='bbox 1502 891 1691 964; x_wconf 69' lang='grc' dir='ltr'><strong>Γραφῆ</strong></span> 
     </span>
    </p>
   </div>
   <div class='ocr_carea' id='block_1_13' title="bbox 92 973 1692 1053">
    <p class='ocr_par' dir='ltr' id='par_1_13' title="bbox 92 973 1692 1053">
     <span class='ocr_line' id='line_1_13' title="bbox 92 973 1692 1053; baseline 0.008 -30"><span class='ocrx_word' id='word_1_67' title='bbox 92 973 464 1043; x_wconf 75' lang='grc' dir='ltr'>πάνταμετά</span> <span class='ocrx_word' id='word_1_68' title='bbox 495 974 768 1042; x_wconf 80' lang='grc' dir='ltr'>εὐταξίας,</span> <span class='ocrx_word' id='word_1_69' title='bbox 806 978 949 1032; x_wconf 83' lang='grc' dir='ltr'>κατὰ</span> <span class='ocrx_word' id='word_1_70' title='bbox 973 980 1150 1034; x_wconf 85' lang='grc' dir='ltr'>πάντα</span> <span class='ocrx_word' id='word_1_71' title='bbox 1183 981 1438 1052; x_wconf 82' lang='grc' dir='ltr'>ἀλήθειαν</span> <span class='ocrx_word' id='word_1_72' title='bbox 1463 982 1692 1053; x_wconf 84' lang='grc' dir='ltr'><strong>ὠχύρω-</strong></span> 
     </span>
    </p>
   </div>
   <div class='ocr_carea' id='block_1_14' title="bbox 97 1067 1690 1146">
    <p class='ocr_par' dir='ltr' id='par_1_14' title="bbox 97 1067 1690 1146">
     <span class='ocr_line' id='line_1_14' title="bbox 97 1067 1690 1146; baseline 0.008 -30"><span class='ocrx_word' id='word_1_73' title='bbox 97 1081 228 1133; x_wconf 83' lang='grc' dir='ltr'>σεν,</span> <span class='ocrx_word' id='word_1_74' title='bbox 257 1067 355 1119; x_wconf 84' lang='grc' dir='ltr'>οὐκ</span> <span class='ocrx_word' id='word_1_75' title='bbox 386 1068 475 1139; x_wconf 66' lang='grc' dir='ltr'><strong>εἰς¹</strong></span> <span class='ocrx_word' id='word_1_76' title='bbox 501 1067 676 1138; x_wconf 83' lang='grc' dir='ltr'>μάτην</span> <span class='ocrx_word' id='word_1_77' title='bbox 710 1071 834 1133; x_wconf 77' lang='grc' dir='ltr'>τοὺς</span> <span class='ocrx_word' id='word_1_78' title='bbox 864 1069 1086 1140; x_wconf 84' lang='grc' dir='ltr'>χρόνους</span> <span class='ocrx_word' id='word_1_79' title='bbox 1112 1072 1320 1138; x_wconf 79' lang='grc' dir='ltr'>τάξασα</span> <span class='ocrx_word' id='word_1_80' title='bbox 1354 1075 1447 1127; x_wconf 73' lang='grc' dir='ltr'>καὶ</span> <span class='ocrx_word' id='word_1_81' title='bbox 1477 1074 1545 1128; x_wconf 78' lang='grc' dir='ltr'>τὰ</span> <span class='ocrx_word' id='word_1_82' title='bbox 1575 1075 1690 1146; x_wconf 78' lang='grc' dir='ltr'><strong>ἔτη.</strong></span> 
     </span>
    </p>
   </div>
   <div class='ocr_carea' id='block_1_15' title="bbox 97 1155 1694 1232">
    <p class='ocr_par' dir='ltr' id='par_1_15' title="bbox 97 1155 1694 1232">
     <span class='ocr_line' id='line_1_15' title="bbox 97 1155 1694 1232; baseline 0.005 -25"><span class='ocrx_word' id='word_1_83' title='bbox 97 1155 247 1207; x_wconf 79' lang='grc' dir='ltr'>’Ὁτε</span> <span class='ocrx_word' id='word_1_84' title='bbox 298 1156 407 1226; x_wconf 73' lang='grc' dir='ltr'><strong>γὰρ</strong></span> <span class='ocrx_word' id='word_1_85' title='bbox 469 1156 718 1227; x_wconf 74' lang='grc' dir='ltr'>Ἀϐραὰμ</span> <span class='ocrx_word' id='word_1_86' title='bbox 763 1158 1004 1229; x_wconf 77' lang='grc' dir='ltr'>ὑπῆρχεν</span> <span class='ocrx_word' id='word_1_87' title='bbox 1041 1160 1173 1230; x_wconf 86' lang='grc'>(85)</span> <span class='ocrx_word' id='word_1_88' title='bbox 1224 1161 1694 1232; x_wconf 68' lang='grc' dir='ltr'>ὀγδοηκονταοκτὼ</span> 
     </span>
    </p>
   </div>
   <div class='ocr_carea' id='block_1_16' title="bbox 98 1247 1696 1324">
    <p class='ocr_par' dir='ltr' id='par_1_16' title="bbox 98 1247 1696 1324">
     <span class='ocr_line' id='line_1_16' title="bbox 98 1247 1696 1324; baseline 0.005 -25"><span class='ocrx_word' id='word_1_89' title='bbox 98 1247 279 1312; x_wconf 75' lang='grc' dir='ltr'>ἐτῶν,</span> <span class='ocrx_word' id='word_1_90' title='bbox 314 1248 346 1318; x_wconf 76' lang='grc' dir='ltr'>ἢ</span> <span class='ocrx_word' id='word_1_91' title='bbox 390 1247 482 1300; x_wconf 76' lang='grc' dir='ltr'>καὶ</span> <span class='ocrx_word' id='word_1_92' title='bbox 522 1248 864 1319; x_wconf 78' lang='grc' dir='ltr'>ἐνενήκοντα,</span> <span class='ocrx_word' id='word_1_93' title='bbox 888 1251 1114 1320; x_wconf 84' lang='grc' dir='ltr'>πλείωῆ</span> <span class='ocrx_word' id='word_1_94' title='bbox 1167 1251 1398 1317; x_wconf 80' lang='grc' dir='ltr'><strong>ἐλάσσω,</strong></span> <span class='ocrx_word' id='word_1_95' title='bbox 1431 1255 1459 1307; x_wconf 84' lang='grc' dir='ltr'>ὁ</span> <span class='ocrx_word' id='word_1_96' title='bbox 1494 1254 1696 1324; x_wconf 85' lang='grc' dir='ltr'><strong>Μελχι-</strong></span> 
     </span>
    </p>
   </div>
   <div class='ocr_carea' id='block_1_17' title="bbox 100 1337 1697 1414">
    <p class='ocr_par' dir='ltr' id='par_1_17' title="bbox 100 1337 1697 1414">
     <span class='ocr_line' id='line_1_17' title="bbox 100 1337 1697 1414; baseline 0.006 -26"><span class='ocrx_word' id='word_1_97' title='bbox 100 1337 275 1392; x_wconf 76' lang='grc' dir='ltr'>σεδὲκ</span> <span class='ocrx_word' id='word_1_98' title='bbox 317 1337 463 1408; x_wconf 83' lang='grc' dir='ltr'>αὐτῷ</span> <span class='ocrx_word' id='word_1_99' title='bbox 510 1339 730 1410; x_wconf 79' lang='grc' dir='ltr'>ἀπήντα</span> <span class='ocrx_word' id='word_1_100' title='bbox 758 1341 899 1403; x_wconf 70' lang='grc' dir='ltr'>τότε,</span> <span class='ocrx_word' id='word_1_101' title='bbox 934 1341 1025 1393; x_wconf 71' lang='grc' dir='ltr'><strong>καὶ</strong></span> <span class='ocrx_word' id='word_1_102' title='bbox 1063 1341 1350 1406; x_wconf 74' lang='grc' dir='ltr'><strong>ἐξέϐαλεν</strong></span> <span class='ocrx_word' id='word_1_103' title='bbox 1402 1344 1564 1410; x_wconf 84' lang='grc' dir='ltr'>αὐτῷ</span> <span class='ocrx_word' id='word_1_104' title='bbox 1595 1345 1697 1414; x_wconf 82' lang='grc' dir='ltr'><strong>ἅρ-</strong></span> 
     </span>
    </p>
   </div>
   <div class='ocr_carea' id='block_1_18' title="bbox 97 1426 1696 1507">
    <p class='ocr_par' dir='ltr' id='par_1_18' title="bbox 97 1426 1696 1507">
     <span class='ocr_line' id='line_1_18' title="bbox 97 1426 1696 1507; baseline 0.007 -28"><span class='ocrx_word' id='word_1_105' title='bbox 97 1445 221 1481; x_wconf 80' lang='grc' dir='ltr'><strong>τον</strong></span> <span class='ocrx_word' id='word_1_106' title='bbox 252 1429 360 1500; x_wconf 86' lang='grc'>(86)</span> <span class='ocrx_word' id='word_1_107' title='bbox 413 1430 510 1490; x_wconf 77' lang='grc' dir='ltr'><strong>καὶ</strong></span> <span class='ocrx_word' id='word_1_108' title='bbox 547 1426 748 1495; x_wconf 69' lang='grc' dir='ltr'>οἶνον,</span> <span class='ocrx_word' id='word_1_109' title='bbox 787 1431 1077 1502; x_wconf 84' lang='grc' dir='ltr'>προτυπῶν</span> <span class='ocrx_word' id='word_1_110' title='bbox 1112 1433 1218 1486; x_wconf 83' lang='grc' dir='ltr'>τῶν</span> <span class='ocrx_word' id='word_1_111' title='bbox 1275 1436 1588 1507; x_wconf 80' lang='grc' dir='ltr'><strong>μυστηρίων</strong></span> <span class='ocrx_word' id='word_1_112' title='bbox 1630 1437 1696 1490; x_wconf 77' lang='grc' dir='ltr'>τὰ</span> 
     </span>
    </p>
   </div>
   <div class='ocr_carea' id='block_1_19' title="bbox 99 1519 1693 1595">
    <p class='ocr_par' dir='ltr' id='par_1_19' title="bbox 99 1519 1693 1595">
     <span class='ocr_line' id='line_1_19' title="bbox 99 1519 1693 1595; baseline 0.006 -25"><span class='ocrx_word' id='word_1_113' title='bbox 99 1519 446 1589; x_wconf 75' lang='grc' dir='ltr'>αἰνίγματα,</span> <span class='ocrx_word' id='word_1_114' title='bbox 481 1520 748 1573; x_wconf 78' lang='grc' dir='ltr'>ἀντίτυπα</span> <span class='ocrx_word' id='word_1_115' title='bbox 802 1521 894 1574; x_wconf 77' lang='grc' dir='ltr'>τοῦ</span> <span class='ocrx_word' id='word_1_116' title='bbox 952 1523 1156 1593; x_wconf 82' lang='grc' dir='ltr'>Κυρίου</span> <span class='ocrx_word' id='word_1_117' title='bbox 1202 1525 1378 1595; x_wconf 75' lang='grc' dir='ltr'>ἡμῶν,</span> <span class='ocrx_word' id='word_1_118' title='bbox 1427 1525 1693 1594; x_wconf 84' lang='grc' dir='ltr'>λέγοντος,</span> 
     </span>
    </p>
   </div>
   <div class='ocr_carea' id='block_1_20' title="bbox 98 1610 1695 1680">
    <p class='ocr_par' dir='ltr' id='par_1_20' title="bbox 98 1610 1695 1680">
     <span class='ocr_line' id='line_1_20' title="bbox 98 1610 1695 1680; baseline 0.005 -18"><span class='ocrx_word' id='word_1_119' title='bbox 98 1610 195 1663; x_wconf 79' lang='grc' dir='ltr'>ὅτι</span> <span class='ocrx_word' id='word_1_120' title='bbox 244 1610 386 1680; x_wconf 79' lang='grc' dir='ltr'><strong>Ἐγώ</strong></span> <span class='ocrx_word' id='word_1_121' title='bbox 437 1613 554 1680; x_wconf 72' lang='grc' dir='ltr'><strong>ειμι</strong></span> <span class='ocrx_word' id='word_1_122' title='bbox 598 1615 629 1665; x_wconf 90' lang='grc' dir='ltr'><em>ό</em></span> <span class='ocrx_word' id='word_1_123' title='bbox 670 1612 848 1680; x_wconf 77' lang='grc' dir='ltr'>ἄρτος</span> <span class='ocrx_word' id='word_1_124' title='bbox 887 1617 919 1667; x_wconf 86' lang='grc' dir='ltr'><strong><em>ό</em></strong></span> <span class='ocrx_word' id='word_1_125' title='bbox 952 1612 1098 1673; x_wconf 79' lang='grc' dir='ltr'><strong>ζῶν·</strong></span> <span class='ocrx_word' id='word_1_126' title='bbox 1153 1615 1247 1668; x_wconf 71' lang='grc' dir='ltr'>καὶ</span> <span class='ocrx_word' id='word_1_127' title='bbox 1298 1617 1564 1673; x_wconf 82' lang='grc' dir='ltr'>ἀντίτυπα</span> <span class='ocrx_word' id='word_1_128' title='bbox 1601 1617 1695 1671; x_wconf 84' lang='grc' dir='ltr'>τοῦ</span> 
     </span>
    </p>
   </div>
   <div class='ocr_carea' id='block_1_21' title="bbox 1793 436 3368 506">
    <p class='ocr_par' dir='ltr' id='par_1_21' title="bbox 1793 436 3368 506">
     <span class='ocr_line' id='line_1_21' title="bbox 1793 436 3368 506; baseline 0.002 -16"><span class='ocrx_word' id='word_1_129' title='bbox 1793 438 1914 492; x_wconf 80' lang='lat' dir='ltr'><strong>rius</strong></span> <span class='ocrx_word' id='word_1_130' title='bbox 1947 438 2260 506; x_wconf 87' lang='lat' dir='ltr'><strong>disputabo.</strong></span> <span class='ocrx_word' id='word_1_131' title='bbox 2309 436 2464 491; x_wconf 83' lang='lat' dir='ltr'><strong>Nunc</strong></span> <span class='ocrx_word' id='word_1_132' title='bbox 2499 447 2557 489; x_wconf 94' lang='lat' dir='ltr'><strong>ut</strong></span> <span class='ocrx_word' id='word_1_133' title='bbox 2599 438 2792 491; x_wconf 83' lang='lat' dir='ltr'><strong>ordine</strong></span> <span class='ocrx_word' id='word_1_134' title='bbox 2825 447 3020 492; x_wconf 62' lang='lat' dir='ltr'><strong>caatera</strong></span> <span class='ocrx_word' id='word_1_135' title='bbox 3069 449 3368 506; x_wconf 71' lang='lat' dir='ltr'><strong>pel-texam,</strong></span> 
     </span>
    </p>
   </div>
   <div class='ocr_carea' id='block_1_22' title="bbox 1793 527 3370 599">
    <p class='ocr_par' dir='ltr' id='par_1_22' title="bbox 1793 527 3370 599">
     <span class='ocr_line' id='line_1_22' title="bbox 1793 527 3370 599; baseline 0 -19"><span class='ocrx_word' id='word_1_136' title='bbox 1793 544 1930 599; x_wconf 90' lang='lat' dir='ltr'><strong>quas</strong></span> <span class='ocrx_word' id='word_1_137' title='bbox 1964 528 2029 583; x_wconf 92' lang='lat' dir='ltr'><strong>de</strong></span> <span class='ocrx_word' id='word_1_138' title='bbox 2063 527 2458 583; x_wconf 85' lang='lat' dir='ltr'><strong>Melehisedeco</strong></span> <span class='ocrx_word' id='word_1_139' title='bbox 2481 529 2569 581; x_wconf 84' lang='lat' dir='ltr'><strong>alii</strong></span> <span class='ocrx_word' id='word_1_140' title='bbox 2613 527 2823 582; x_wconf 86' lang='lat' dir='ltr'><strong>fabulas</strong></span> <span class='ocrx_word' id='word_1_141' title='bbox 2853 536 3061 591; x_wconf 86' lang='lat' dir='ltr'><strong>serant,</strong></span> <span class='ocrx_word' id='word_1_142' title='bbox 3097 529 3200 583; x_wconf 88' lang='lat' dir='ltr'><strong>hoc</strong></span> <span class='ocrx_word' id='word_1_143' title='bbox 3248 531 3370 583; x_wconf 77' lang='lat' dir='ltr'><strong>loco</strong></span> 
     </span>
    </p>
   </div>
   <div class='ocr_carea' id='block_1_23' title="bbox 1795 635 2118 690">
    <p class='ocr_par' dir='ltr' id='par_1_23' title="bbox 1795 635 2118 690">
     <span class='ocr_line' id='line_1_23' title="bbox 1795 635 2118 690; baseline 0 -18"><span class='ocrx_word' id='word_1_144' title='bbox 1795 635 2118 690; x_wconf 87' lang='lat' dir='ltr'><strong>proponam.</strong></span> 
     </span>
    </p>
   </div>
   <div class='ocr_carea' id='block_1_24' title="bbox 1864 708 3371 778">
    <p class='ocr_par' dir='ltr' id='par_1_24' title="bbox 1864 708 3371 778">
     <span class='ocr_line' id='line_1_24' title="bbox 1864 708 3371 778; baseline -0.002 -14"><span class='ocrx_word' id='word_1_145' title='bbox 1864 710 1954 764; x_wconf 86' lang='lat' dir='ltr'><strong>Vl.</strong></span> <span class='ocrx_word' id='word_1_146' title='bbox 1998 710 2167 778; x_wconf 85' lang='lat' dir='ltr'><strong>Igitur</strong></span> <span class='ocrx_word' id='word_1_147' title='bbox 2199 708 2534 765; x_wconf 85' lang='lat' dir='ltr'><strong>Samaritani</strong></span> <span class='ocrx_word' id='word_1_148' title='bbox 2587 708 2710 761; x_wconf 83' lang='lat' dir='ltr'><strong>Scm</strong></span> <span class='ocrx_word' id='word_1_149' title='bbox 2743 724 2866 763; x_wconf 84' lang='lat' dir='ltr'><strong>esse</strong></span> <span class='ocrx_word' id='word_1_150' title='bbox 2897 709 3046 762; x_wconf 91' lang='lat' dir='ltr'><strong>illum</strong></span> <span class='ocrx_word' id='word_1_151' title='bbox 3099 709 3371 763; x_wconf 88' lang='lat' dir='ltr'><strong>arbitran-</strong></span> 
     </span>
    </p>
   </div>
   <div class='ocr_carea' id='block_1_25' title="bbox 1796 800 3366 873">
    <p class='ocr_par' dir='ltr' id='par_1_25' title="bbox 1796 800 3366 873">
     <span class='ocr_line' id='line_1_25' title="bbox 1796 800 3366 873; baseline -0.003 -17"><span class='ocrx_word' id='word_1_152' title='bbox 1796 812 1904 857; x_wconf 90' lang='lat' dir='ltr'><strong>tur.</strong></span> <span class='ocrx_word' id='word_1_153' title='bbox 1948 802 2004 857; x_wconf 90' lang='lat' dir='ltr'><strong>ln</strong></span> <span class='ocrx_word' id='word_1_154' title='bbox 2049 819 2160 873; x_wconf 91' lang='lat' dir='ltr'><strong>quo</strong></span> <span class='ocrx_word' id='word_1_155' title='bbox 2209 803 2426 857; x_wconf 82' lang='lat' dir='ltr'><strong>ridiculi</strong></span> <span class='ocrx_word' id='word_1_156' title='bbox 2457 804 2618 873; x_wconf 85' lang='lat' dir='ltr'><strong>plane</strong></span> <span class='ocrx_word' id='word_1_157' title='bbox 2666 810 2814 856; x_wconf 91' lang='lat' dir='ltr'><strong>sunt.</strong></span> <span class='ocrx_word' id='word_1_158' title='bbox 2863 800 3141 871; x_wconf 83' lang='lat' dir='ltr'><strong>Siquidem</strong></span> <span class='ocrx_word' id='word_1_159' title='bbox 3183 803 3366 854; x_wconf 78' lang='lat' dir='ltr'><strong>divina</strong></span> 
     </span>
    </p>
   </div>
   <div class='ocr_carea' id='block_1_26' title="bbox 1796 893 3370 963">
    <p class='ocr_par' dir='ltr' id='par_1_26' title="bbox 1796 893 3370 963">
     <span class='ocr_line' id='line_1_26' title="bbox 1796 893 3370 963; baseline -0.003 -16"><span class='ocrx_word' id='word_1_160' title='bbox 1796 893 2080 963; x_wconf 74' lang='lat' dir='ltr'><strong>Scriptura</strong></span> <span class='ocrx_word' id='word_1_161' title='bbox 2134 907 2502 949; x_wconf 86' lang='lat' dir='ltr'><strong>consentanee</strong></span> <span class='ocrx_word' id='word_1_162' title='bbox 2549 901 2748 948; x_wconf 88' lang='lat' dir='ltr'><strong>cuncta</strong></span> <span class='ocrx_word' id='word_1_163' title='bbox 2801 908 2863 946; x_wconf 93' lang='lat' dir='ltr'><strong>ac</strong></span> <span class='ocrx_word' id='word_1_164' title='bbox 2905 907 3147 962; x_wconf 83' lang='lat' dir='ltr'><strong>congrue</strong></span> <span class='ocrx_word' id='word_1_165' title='bbox 3200 893 3370 945; x_wconf 82' lang='lat' dir='ltr'><strong>stabi-</strong></span> 
     </span>
    </p>
   </div>
   <div class='ocr_carea' id='block_1_27' title="bbox 1796 981 3363 1049">
    <p class='ocr_par' dir='ltr' id='par_1_27' title="bbox 1796 981 3363 1049">
     <span class='ocr_line' id='line_1_27' title="bbox 1796 981 3363 1049; baseline -0.003 -12"><span class='ocrx_word' id='word_1_166' title='bbox 1796 985 1955 1049; x_wconf 88' lang='lat' dir='ltr'><strong>liens,</strong></span> <span class='ocrx_word' id='word_1_167' title='bbox 1987 984 2408 1039; x_wconf 68' lang='lat' dir='ltr'><strong>corroborandaa</strong></span> <span class='ocrx_word' id='word_1_168' title='bbox 2457 985 2511 1038; x_wconf 91' lang='lat' dir='ltr'><strong>in</strong></span> <span class='ocrx_word' id='word_1_169' title='bbox 2573 985 2829 1039; x_wconf 90' lang='lat' dir='ltr'><strong>omnibus</strong></span> <span class='ocrx_word' id='word_1_170' title='bbox 2863 984 3074 1038; x_wconf 84' lang='lat' dir='ltr'><strong>veritati</strong></span> <span class='ocrx_word' id='word_1_171' title='bbox 3136 981 3363 1046; x_wconf 83' lang='lat' dir='ltr'><strong>studuit,</strong></span> 
     </span>
    </p>
   </div>
   <div class='ocr_carea' id='block_1_28' title="bbox 1797 1074 3367 1144">
    <p class='ocr_par' dir='ltr' id='par_1_28' title="bbox 1797 1074 3367 1144">
     <span class='ocr_line' id='line_1_28' title="bbox 1797 1074 3367 1144; baseline -0.001 -16"><span class='ocrx_word' id='word_1_172' title='bbox 1797 1087 1970 1144; x_wconf 88' lang='lat' dir='ltr'><strong>neque</strong></span> <span class='ocrx_word' id='word_1_173' title='bbox 2019 1075 2224 1130; x_wconf 82' lang='lat' dir='ltr'><strong>frustra</strong></span> <span class='ocrx_word' id='word_1_174' title='bbox 2281 1083 2588 1144; x_wconf 87' lang='lat' dir='ltr'><strong>temporum</strong></span> <span class='ocrx_word' id='word_1_175' title='bbox 2623 1090 2998 1144; x_wconf 90' lang='lat' dir='ltr'><strong>annorumque</strong></span> <span class='ocrx_word' id='word_1_176' title='bbox 3041 1074 3235 1130; x_wconf 84' lang='lat' dir='ltr'><strong>seriem</strong></span> <span class='ocrx_word' id='word_1_177' title='bbox 3273 1090 3367 1128; x_wconf 89' lang='lat' dir='ltr'><strong>ex-</strong></span> 
     </span>
    </p>
   </div>
   <div class='ocr_carea' id='block_1_29' title="bbox 1798 1165 3364 1234">
    <p class='ocr_par' dir='ltr' id='par_1_29' title="bbox 1798 1165 3364 1234">
     <span class='ocr_line' id='line_1_29' title="bbox 1798 1165 3364 1234; baseline -0.001 -17"><span class='ocrx_word' id='word_1_178' title='bbox 1798 1165 2018 1234; x_wconf 87' lang='lat' dir='ltr'><strong>pressit.</strong></span> <span class='ocrx_word' id='word_1_179' title='bbox 2084 1166 2220 1219; x_wconf 86' lang='lat' dir='ltr'><strong>Cum</strong></span> <span class='ocrx_word' id='word_1_180' title='bbox 2293 1167 2478 1234; x_wconf 86' lang='lat' dir='ltr'><strong>itaque</strong></span> <span class='ocrx_word' id='word_1_181' title='bbox 2532 1166 2878 1220; x_wconf 87' lang='lat' dir='ltr'><strong>Abrahamus</strong></span> <span class='ocrx_word' id='word_1_182' title='bbox 2931 1166 3364 1234; x_wconf 87' lang='lat' dir='ltr'><strong>octuagesimum</strong></span> 
     </span>
    </p>
   </div>
   <div class='ocr_carea' id='block_1_30' title="bbox 1797 1257 3366 1326">
    <p class='ocr_par' dir='ltr' id='par_1_30' title="bbox 1797 1257 3366 1326">
     <span class='ocr_line' id='line_1_30' title="bbox 1797 1257 3366 1326; baseline 0.001 -16"><span class='ocrx_word' id='word_1_183' title='bbox 1797 1265 2052 1310; x_wconf 88' lang='lat' dir='ltr'><strong>octavum</strong></span> <span class='ocrx_word' id='word_1_184' title='bbox 2085 1296 2099 1317; x_wconf 86' lang='lat'><strong>,</strong></span> <span class='ocrx_word' id='word_1_185' title='bbox 2163 1257 2245 1310; x_wconf 85' lang='lat' dir='ltr'><strong>vel</strong></span> <span class='ocrx_word' id='word_1_186' title='bbox 2307 1257 2721 1325; x_wconf 79' lang='lat' dir='ltr'><strong>nonagesimum</strong></span> <span class='ocrx_word' id='word_1_187' title='bbox 2777 1258 2900 1326; x_wconf 89' lang='lat' dir='ltr'><strong>plus</strong></span> <span class='ocrx_word' id='word_1_188' title='bbox 2957 1257 3137 1312; x_wconf 91' lang='lat' dir='ltr'><strong>minus</strong></span> <span class='ocrx_word' id='word_1_189' title='bbox 3191 1258 3366 1311; x_wconf 65' lang='lat' dir='ltr'><strong>aetatis</strong></span> 
     </span>
    </p>
   </div>
   <div class='ocr_carea' id='block_1_31' title="bbox 1799 1347 3364 1417">
    <p class='ocr_par' dir='ltr' id='par_1_31' title="bbox 1799 1347 3364 1417">
     <span class='ocr_line' id='line_1_31' title="bbox 1799 1347 3364 1417; baseline -0.003 -17"><span class='ocrx_word' id='word_1_190' title='bbox 1799 1363 1998 1401; x_wconf 85' lang='lat' dir='ltr'><strong>annum</strong></span> <span class='ocrx_word' id='word_1_191' title='bbox 2025 1356 2230 1417; x_wconf 80' lang='lat' dir='ltr'><strong>ageret,</strong></span> <span class='ocrx_word' id='word_1_192' title='bbox 2263 1348 2312 1402; x_wconf 86' lang='lat' dir='ltr'><strong>ei</strong></span> <span class='ocrx_word' id='word_1_193' title='bbox 2346 1347 2771 1403; x_wconf 83' lang='lat' dir='ltr'><strong>Mclchisedceus</strong></span> <span class='ocrx_word' id='word_1_194' title='bbox 2799 1348 3060 1408; x_wconf 81' lang='lat' dir='ltr'><strong>occurrit,</strong></span> <span class='ocrx_word' id='word_1_195' title='bbox 3088 1361 3151 1400; x_wconf 88' lang='lat' dir='ltr'><strong>ac</strong></span> <span class='ocrx_word' id='word_1_196' title='bbox 3179 1361 3364 1413; x_wconf 82' lang='lat' dir='ltr'><strong>panem</strong></span> 
     </span>
    </p>
   </div>
   <div class='ocr_carea' id='block_1_32' title="bbox 1798 1437 3360 1508">
    <p class='ocr_par' dir='ltr' id='par_1_32' title="bbox 1798 1437 3360 1508">
     <span class='ocr_line' id='line_1_32' title="bbox 1798 1437 3360 1508; baseline -0.001 -18"><span class='ocrx_word' id='word_1_197' title='bbox 1798 1440 1896 1506; x_wconf 80' lang='lat' dir='ltr'><strong>ipsi</strong></span> <span class='ocrx_word' id='word_1_198' title='bbox 1946 1440 2221 1508; x_wconf 81' lang='lat' dir='ltr'><strong>vinumque</strong></span> <span class='ocrx_word' id='word_1_199' title='bbox 2268 1439 2561 1506; x_wconf 79' lang='lat' dir='ltr'><strong>protulit,’.</strong></span> <span class='ocrx_word' id='word_1_200' title='bbox 2613 1438 2732 1504; x_wconf 84' lang='lat' dir='ltr'><strong>Quo</strong></span> <span class='ocrx_word' id='word_1_201' title='bbox 2786 1437 2928 1492; x_wconf 79' lang='lat' dir='ltr'><strong>facto</strong></span> <span class='ocrx_word' id='word_1_202' title='bbox 2983 1438 3360 1508; x_wconf 82' lang='lat' dir='ltr'><strong>mysteriorum</strong></span> 
     </span>
    </p>
   </div>
   <div class='ocr_carea' id='block_1_33' title="bbox 1798 1524 3366 1598">
    <p class='ocr_par' dir='ltr' id='par_1_33' title="bbox 1798 1524 3366 1598">
     <span class='ocr_line' id='line_1_33' title="bbox 1798 1524 3366 1598; baseline -0.006 -14"><span class='ocrx_word' id='word_1_203' title='bbox 1798 1529 2226 1598; x_wconf 83' lang='lat' dir='ltr'><strong>signiﬁcationes</strong></span> <span class='ocrx_word' id='word_1_204' title='bbox 2285 1529 2651 1589; x_wconf 88' lang='lat' dir='ltr'><strong>adumbravit,</strong></span> <span class='ocrx_word' id='word_1_205' title='bbox 2707 1543 2827 1596; x_wconf 85' lang='lat' dir='ltr'><strong>quae</strong></span> <span class='ocrx_word' id='word_1_206' title='bbox 2878 1525 3088 1578; x_wconf 68' lang='lat' dir='ltr'><strong>[loiuiui</strong></span> <span class='ocrx_word' id='word_1_207' title='bbox 3139 1524 3366 1592; x_wconf 86' lang='lat' dir='ltr'><strong>ﬁguram</strong></span> 
     </span>
    </p>
   </div>
   <div class='ocr_carea' id='block_1_34' title="bbox 1799 1613 3362 1689">
    <p class='ocr_par' dir='ltr' id='par_1_34' title="bbox 1799 1613 3362 1689">
     <span class='ocr_line' id='line_1_34' title="bbox 1799 1613 3362 1689; baseline -0.003 -17"><span class='ocrx_word' id='word_1_208' title='bbox 1799 1620 2216 1689; x_wconf 77' lang='lat' dir='ltr'><strong>exprimebant,</strong></span> <span class='ocrx_word' id='word_1_209' title='bbox 2259 1621 2351 1688; x_wconf 91' lang='lat' dir='ltr'><strong>qui</strong></span> <span class='ocrx_word' id='word_1_210' title='bbox 2390 1619 2570 1673; x_wconf 83' lang='lat' dir='ltr'><strong>dixit:</strong></span> <span class='ocrx_word' id='word_1_211' title='bbox 2637 1617 2748 1687; x_wconf 86' lang='lat' dir='ltr'><strong>Ego</strong></span> <span class='ocrx_word' id='word_1_212' title='bbox 2799 1634 2914 1671; x_wconf 78' lang='lat' dir='ltr'><strong>sum</strong></span> <span class='ocrx_word' id='word_1_213' title='bbox 2970 1616 3123 1684; x_wconf 81' lang='lat' dir='ltr'><strong>panis</strong></span> <span class='ocrx_word' id='word_1_214' title='bbox 3163 1617 3302 1668; x_wconf 79' lang='lat' dir='ltr'><strong>vivus</strong></span> <span class='ocrx_word' id='word_1_215' title='bbox 3321 1613 3362 1667; x_wconf 86' lang='grc'><strong>³.</strong></span> 
     </span>
    </p>
   </div>
   <div class='ocr_carea' id='block_1_35' title="bbox 99 1694 1694 1779">
    <p class='ocr_par' dir='ltr' id='par_1_35' title="bbox 99 1695 1692 1778">
     <span class='ocr_line' id='line_1_35' title="bbox 99 1695 1692 1778; baseline 0.006 -27"><span class='ocrx_word' id='word_1_216' title='bbox 99 1695 347 1770; x_wconf 81' lang='grc' dir='ltr'>ὰῖματος</span> <span class='ocrx_word' id='word_1_217' title='bbox 393 1699 487 1754; x_wconf 82' lang='grc' dir='ltr'>τοῦ</span> <span class='ocrx_word' id='word_1_218' title='bbox 523 1702 585 1753; x_wconf 82' lang='grc' dir='ltr'><strong>ὲκ</strong></span> <span class='ocrx_word' id='word_1_219' title='bbox 619 1701 719 1771; x_wconf 84' lang='grc' dir='ltr'><strong>τῆς</strong></span> <span class='ocrx_word' id='word_1_220' title='bbox 753 1704 994 1778; x_wconf 61' lang='grc' dir='ltr'><strong>πλεξυρᾶς</strong></span> <span class='ocrx_word' id='word_1_221' title='bbox 1045 1703 1209 1757; x_wconf 70' lang='grc' dir='ltr'>αὑτοῦ</span> <span class='ocrx_word' id='word_1_222' title='bbox 1249 1706 1563 1776; x_wconf 77' lang='grc' dir='ltr'>νυχΘέντος,</span> <span class='ocrx_word' id='word_1_223' title='bbox 1601 1707 1692 1760; x_wconf 82' lang='grc' dir='ltr'>καὶ</span> 
     </span>
    </p>
   </div>
   <div class='ocr_carea' id='block_1_36' title="bbox 1869 1694 3354 1779">
    <p class='ocr_par' dir='ltr' id='par_1_36' title="bbox 1869 1708 3354 1779">
     <span class='ocr_line' id='line_1_36' title="bbox 1869 1708 3354 1779; baseline -0.003 -15"><span class='ocrx_word' id='word_1_224' title='bbox 1869 1712 1904 1764; x_wconf 57' lang='grc' dir='ltr'><strong>ηιΙ</strong></span> <span class='ocrx_word' id='word_1_225' title='bbox 1945 1720 1999 1764; x_wconf 92' lang='lat' dir='ltr'><strong>et</strong></span> <span class='ocrx_word' id='word_1_226' title='bbox 2045 1711 2329 1779; x_wconf 84' lang='lat' dir='ltr'><strong>sanguinis</strong></span> <span class='ocrx_word' id='word_1_227' title='bbox 2387 1710 2535 1764; x_wconf 91' lang='lat' dir='ltr'><strong>illius</strong></span> <span class='ocrx_word' id='word_1_228' title='bbox 2581 1709 2826 1779; x_wconf 85' lang='lat' dir='ltr'><strong>ﬁguram,</strong></span> <span class='ocrx_word' id='word_1_229' title='bbox 2870 1708 2960 1777; x_wconf 91' lang='lat' dir='ltr'><strong>qui</strong></span> <span class='ocrx_word' id='word_1_230' title='bbox 2995 1723 3025 1761; x_wconf 91' lang='lat' dir='ltr'><strong>e</strong></span> <span class='ocrx_word' id='word_1_231' title='bbox 3077 1708 3354 1775; x_wconf 88' lang='lat' dir='ltr'><strong>perforato</strong></span> 
     </span>
    </p>
   </div>
   <div class='ocr_carea' id='block_1_37' title="bbox 103 1788 1693 1869">
    <p class='ocr_par' dir='ltr' id='par_1_37' title="bbox 103 1788 1693 1869">
     <span class='ocr_line' id='line_1_37' title="bbox 103 1788 1693 1869; baseline 0.004 -27"><span class='ocrx_word' id='word_1_232' title='bbox 103 1788 408 1860; x_wconf 67' lang='grc' dir='ltr'>ρεύσαντος</span> <span class='ocrx_word' id='word_1_233' title='bbox 439 1795 517 1855; x_wconf 80' lang='grc' dir='ltr'>είς</span> <span class='ocrx_word' id='word_1_234' title='bbox 546 1791 809 1861; x_wconf 66' lang='grc' dir='ltr'>κάοαρδιν</span> <span class='ocrx_word' id='word_1_235' title='bbox 839 1793 945 1847; x_wconf 81' lang='grc' dir='ltr'><strong>τῶν</strong></span> <span class='ocrx_word' id='word_1_236' title='bbox 983 1795 1412 1866; x_wconf 81' lang='grc' dir='ltr'>κεκοινωμένων,</span> <span class='ocrx_word' id='word_1_237' title='bbox 1444 1797 1536 1850; x_wconf 73' lang='grc' dir='ltr'>καὶ</span> <span class='ocrx_word' id='word_1_238' title='bbox 1566 1799 1693 1869; x_wconf 77' lang='grc' dir='ltr'>ραν-</span> 
     </span>
    </p>
   </div>
   <div class='ocr_carea' id='block_1_38' title="bbox 98 1883 1692 1958">
    <p class='ocr_par' dir='ltr' id='par_1_38' title="bbox 98 1883 1692 1958">
     <span class='ocr_line' id='line_1_38' title="bbox 98 1883 1692 1958; baseline 0.006 -26"><span class='ocrx_word' id='word_1_239' title='bbox 98 1883 339 1953; x_wconf 71' lang='grc' dir='ltr'>τισμὸν,</span> <span class='ocrx_word' id='word_1_240' title='bbox 383 1883 477 1935; x_wconf 69' lang='grc' dir='ltr'><strong>κα)¹</strong></span> <span class='ocrx_word' id='word_1_241' title='bbox 517 1883 790 1954; x_wconf 69' lang='grc' dir='ltr'>σωτηρίαν</span> <span class='ocrx_word' id='word_1_242' title='bbox 827 1884 936 1937; x_wconf 83' lang='grc' dir='ltr'><strong>τῶν</strong></span> <span class='ocrx_word' id='word_1_243' title='bbox 969 1887 1250 1958; x_wconf 76' lang='grc' dir='ltr'>ἡμετέρων</span> <span class='ocrx_word' id='word_1_244' title='bbox 1288 1887 1494 1958; x_wconf 72' lang='grc' dir='ltr'>ψυχῶν.</span> <span class='ocrx_word' id='word_1_245' title='bbox 1543 1889 1599 1942; x_wconf 89' lang='lat'><strong>&#39;0</strong></span> <span class='ocrx_word' id='word_1_246' title='bbox 1637 1889 1692 1941; x_wconf 83' lang='grc' dir='ltr'>δὲ</span> 
     </span>
    </p>
   </div>
   <div class='ocr_carea' id='block_1_39' title="bbox 98 1971 1694 2049">
    <p class='ocr_par' dir='ltr' id='par_1_39' title="bbox 98 1971 1694 2049">
     <span class='ocr_line' id='line_1_39' title="bbox 98 1971 1694 2049; baseline 0.006 -25"><span class='ocrx_word' id='word_1_247' title='bbox 98 1971 209 2025; x_wconf 76' lang='grc' dir='ltr'>τοῦ</span> <span class='ocrx_word' id='word_1_248' title='bbox 244 1973 494 2046; x_wconf 78' lang='grc' dir='ltr'>Ἀϐραὰμ</span> <span class='ocrx_word' id='word_1_249' title='bbox 525 1973 708 2045; x_wconf 80' lang='grc' dir='ltr'>πατὴρ</span> <span class='ocrx_word' id='word_1_250' title='bbox 740 1973 851 2046; x_wconf 89' lang='grc'><strong>(87)</strong></span> <span class='ocrx_word' id='word_1_251' title='bbox 895 1977 1082 2048; x_wconf 75' lang='grc' dir='ltr'>Θάρῤα</span> <span class='ocrx_word' id='word_1_252' title='bbox 1132 1977 1529 2049; x_wconf 73' lang='grc' dir='ltr'>ἑϐδομηκοστὸν</span> <span class='ocrx_word' id='word_1_253' title='bbox 1562 1997 1694 2032; x_wconf 82' lang='grc' dir='ltr'>κατ·-</span> 
     </span>
    </p>
   </div>
   <div class='ocr_carea' id='block_1_40' title="bbox 1800 1798 3365 1871">
    <p class='ocr_par' dir='ltr' id='par_1_40' title="bbox 1800 1798 3365 1871">
     <span class='ocr_line' id='line_1_40' title="bbox 1800 1798 3365 1871; baseline -0.002 -18"><span class='ocrx_word' id='word_1_254' title='bbox 1800 1802 1973 1870; x_wconf 84' lang='lat' dir='ltr'><strong>ipsius</strong></span> <span class='ocrx_word' id='word_1_255' title='bbox 2006 1803 2174 1856; x_wconf 90' lang='lat' dir='ltr'><strong>latere</strong></span> <span class='ocrx_word' id='word_1_256' title='bbox 2207 1802 2272 1854; x_wconf 90' lang='lat' dir='ltr'><strong>ad</strong></span> <span class='ocrx_word' id='word_1_257' title='bbox 2302 1817 2512 1860; x_wconf 86' lang='lat' dir='ltr'><strong>eorum,</strong></span> <span class='ocrx_word' id='word_1_258' title='bbox 2549 1803 2640 1871; x_wconf 90' lang='lat' dir='ltr'><strong>qui</strong></span> <span class='ocrx_word' id='word_1_259' title='bbox 2672 1801 2936 1870; x_wconf 86' lang='lat' dir='ltr'><strong>inquinati</strong></span> <span class='ocrx_word' id='word_1_260' title='bbox 2967 1809 3143 1861; x_wconf 89' lang='lat' dir='ltr'><strong>erant,</strong></span> <span class='ocrx_word' id='word_1_261' title='bbox 3177 1798 3365 1866; x_wconf 88' lang='lat' dir='ltr'><strong>expia-</strong></span> 
     </span>
    </p>
   </div>
   <div class='ocr_carea' id='block_1_41' title="bbox 1800 1888 3368 1961">
    <p class='ocr_par' dir='ltr' id='par_1_41' title="bbox 1800 1888 3368 1961">
     <span class='ocr_line' id='line_1_41' title="bbox 1800 1888 3368 1961; baseline -0.003 -16"><span class='ocrx_word' id='word_1_262' title='bbox 1800 1893 2000 1946; x_wconf 89' lang='lat' dir='ltr'><strong>tionem</strong></span> <span class='ocrx_word' id='word_1_263' title='bbox 2032 1891 2516 1961; x_wconf 89' lang='lat' dir='ltr'><strong>aspersionemque</strong></span> <span class='ocrx_word' id='word_1_264' title='bbox 2567 1891 2826 1944; x_wconf 84' lang='lat' dir='ltr'><strong>manavit.</strong></span> <span class='ocrx_word' id='word_1_265' title='bbox 2859 1889 2978 1943; x_wconf 77' lang='lat' dir='ltr'><strong>1am</strong></span> <span class='ocrx_word' id='word_1_266' title='bbox 3029 1904 3158 1944; x_wconf 90' lang='lat' dir='ltr'><strong>vero</strong></span> <span class='ocrx_word' id='word_1_267' title='bbox 3189 1888 3368 1941; x_wconf 90' lang='lat' dir='ltr'><strong>Thare</strong></span> 
     </span>
    </p>
   </div>
   <div class='ocr_carea' id='block_1_42' title="bbox 1805 1977 3364 2052">
    <p class='ocr_par' dir='ltr' id='par_1_42' title="bbox 1805 1977 3364 2052">
     <span class='ocr_line' id='line_1_42' title="bbox 1805 1977 3364 2052; baseline -0.004 -15"><span class='ocrx_word' id='word_1_268' title='bbox 1805 1982 2207 2052; x_wconf 82' lang='lat' dir='ltr'><strong>septuagesimo</strong></span> <span class='ocrx_word' id='word_1_269' title='bbox 2256 1981 2431 2036; x_wconf 67' lang='lat' dir='ltr'><strong>anatis</strong></span> <span class='ocrx_word' id='word_1_270' title='bbox 2491 1995 2636 2035; x_wconf 86' lang='lat' dir='ltr'><strong>anno</strong></span> <span class='ocrx_word' id='word_1_271' title='bbox 2690 1980 3063 2034; x_wconf 81' lang='lat' dir='ltr'><strong>Abrahamum</strong></span> <span class='ocrx_word' id='word_1_272' title='bbox 3113 1978 3298 2049; x_wconf 80' lang='lat' dir='ltr'><strong>genuit</strong></span> <span class='ocrx_word' id='word_1_273' title='bbox 3323 1977 3364 2031; x_wconf 71' lang='grc'><strong>⁸.</strong></span> 
     </span>
    </p>
   </div>
   <div class='ocr_carea' id='block_1_43' title="bbox 193 2127 3366 2254">
    <p class='ocr_par' dir='ltr' id='par_1_43' title="bbox 193 2127 3366 2254">
     <span class='ocr_line' id='line_1_43' title="bbox 193 2127 3366 2254; baseline 0.001 -72"><span class='ocrx_word' id='word_1_274' title='bbox 193 2131 209 2217; x_wconf 62' lang='grc' dir='ltr'><strong>ξ</strong></span> <span class='ocrx_word' id='word_1_275' title='bbox 235 2127 310 2184; x_wconf 82' lang='lat' dir='ltr'><strong>Ex</strong></span> <span class='ocrx_word' id='word_1_276' title='bbox 340 2130 410 2186; x_wconf 85' lang='lat' dir='ltr'><strong>iis</strong></span> <span class='ocrx_word' id='word_1_277' title='bbox 441 2145 565 2254; x_wconf 48' lang='lat' dir='ltr'><strong>liga</strong></span> <span class='ocrx_word' id='word_1_278' title='bbox 594 2140 907 2204; x_wconf 87' lang='lat' dir='ltr'><strong>sequuntur</strong></span> <span class='ocrx_word' id='word_1_279' title='bbox 939 2133 1332 2206; x_wconf 86' lang='lat' dir='ltr'><strong>cxpungendas</strong></span> <span class='ocrx_word' id='word_1_280' title='bbox 1358 2150 1482 2190; x_wconf 85' lang='lat' dir='ltr'><strong>esse</strong></span> <span class='ocrx_word' id='word_1_281' title='bbox 1512 2135 1650 2190; x_wconf 92' lang='lat' dir='ltr'><strong>duas</strong></span> <span class='ocrx_word' id='word_1_282' title='bbox 1679 2135 1801 2192; x_wconf 90' lang='lat' dir='ltr'><strong>illas</strong></span> <span class='ocrx_word' id='word_1_283' title='bbox 1829 2152 1992 2192; x_wconf 88' lang='lat' dir='ltr'><strong>voces</strong></span> <span class='ocrx_word' id='word_1_284' title='bbox 2024 2134 2316 2205; x_wconf 81' lang='lat' dir='ltr'><strong>intelliges.</strong></span> <span class='ocrx_word' id='word_1_285' title='bbox 2394 2135 2413 2166; x_wconf 86' lang='grc'>¹</span> <span class='ocrx_word' id='word_1_286' title='bbox 2442 2133 2577 2190; x_wconf 89' lang='lat' dir='ltr'><strong>Gen.</strong></span> <span class='ocrx_word' id='word_1_287' title='bbox 2614 2149 2724 2199; x_wconf 80' lang='lat' dir='ltr'><strong>xlv,</strong></span> <span class='ocrx_word' id='word_1_288' title='bbox 2766 2133 2853 2188; x_wconf 91' lang='lat' dir='ltr'><strong>l8.</strong></span> <span class='ocrx_word' id='word_1_289' title='bbox 2929 2133 2948 2164; x_wconf 87' lang='grc'><em>³</em></span> <span class='ocrx_word' id='word_1_290' title='bbox 2972 2130 3133 2188; x_wconf 85' lang='lat' dir='ltr'><strong>Joan.</strong></span> <span class='ocrx_word' id='word_1_291' title='bbox 3177 2148 3250 2196; x_wconf 83' lang='lat' dir='ltr'><strong>vi,</strong></span> <span class='ocrx_word' id='word_1_292' title='bbox 3277 2131 3366 2186; x_wconf 84' lang='grc'><strong>51.</strong></span> 
     </span>
     <span class='ocr_line' id='line_1_44' title="bbox 193 2217 540 2254; baseline 0 0"><span class='ocrx_word' id='word_1_293' title='bbox 193 2217 306 2254; x_wconf 76' lang='grc' dir='ltr'><strong>ιεη.</strong></span> <span class='ocrx_word' id='word_1_294' title='bbox 346 2217 423 2254; x_wconf 81' lang='lat' dir='ltr'><strong>xi.</strong></span> <span class='ocrx_word' id='word_1_295' title='bbox 525 2239 540 2254; x_wconf 92' lang='lat'><strong>.</strong></span> 
     </span>
    </p>
   </div>
   <div class='ocr_carea' id='block_1_44' title="bbox 103 2199 423 2266">
    <p class='ocr_par' dir='ltr' id='par_1_44' title="bbox 103 2199 423 2266">
     <span class='ocr_line' id='line_1_45' title="bbox 103 2199 423 2266; baseline -0.006 -10"><span class='ocrx_word' id='word_1_296' title='bbox 103 2203 131 2232; x_wconf 71' lang='lat'><strong>&quot;</strong></span> <span class='ocrx_word' id='word_1_297' title='bbox 167 2199 306 2256; x_wconf 84' lang='lat' dir='ltr'><strong>Gen.</strong></span> <span class='ocrx_word' id='word_1_298' title='bbox 346 2217 423 2266; x_wconf 73' lang='grc' dir='ltr'>ιι,</span> 
     </span>
    </p>
   </div>
   <div class='ocr_carea' id='block_1_45' title="bbox 193 2357 1693 2429">
    <p class='ocr_par' dir='ltr' id='par_1_45' title="bbox 193 2357 1693 2429">
     <span class='ocr_line' id='line_1_46' title="bbox 193 2357 1693 2429; baseline 0.001 -15"><span class='ocrx_word' id='word_1_299' title='bbox 193 2358 302 2428; x_wconf 69' lang='grc'>(84)</span> <span class='ocrx_word' id='word_1_300' title='bbox 343 2357 690 2429; x_wconf 69' lang='grc' dir='ltr'>Σαμαρεῖται</span> <span class='ocrx_word' id='word_1_301' title='bbox 729 2357 847 2427; x_wconf 83' lang='grc' dir='ltr'>μὲν</span> <span class='ocrx_word' id='word_1_302' title='bbox 884 2357 1276 2429; x_wconf 52' lang='grc' dir='ltr'>γὰρ-τοῦτον.</span> <span class='ocrx_word' id='word_1_303' title='bbox 1329 2357 1406 2412; x_wconf 86' lang='lat' dir='ltr'><strong>Ita</strong></span> <span class='ocrx_word' id='word_1_304' title='bbox 1451 2359 1693 2415; x_wconf 90' lang='lat' dir='ltr'><strong>sensisse</strong></span> 
     </span>
    </p>
   </div>
   <div class='ocr_carea' id='block_1_46' title="bbox 105 2426 1694 2498">
    <p class='ocr_par' dir='ltr' id='par_1_46' title="bbox 105 2426 1694 2498">
     <span class='ocr_line' id='line_1_47' title="bbox 105 2426 1694 2498; baseline 0.003 -17"><span class='ocrx_word' id='word_1_305' title='bbox 105 2426 339 2484; x_wconf 63' lang='lat' dir='ltr'><strong>Iudaeos</strong></span> <span class='ocrx_word' id='word_1_306' title='bbox 367 2426 606 2482; x_wconf 73' lang='lat' dir='ltr'><strong>declarat</strong></span> <span class='ocrx_word' id='word_1_307' title='bbox 635 2426 855 2484; x_wconf 83' lang='lat' dir='ltr'><strong>Hieron.</strong></span> <span class='ocrx_word' id='word_1_308' title='bbox 887 2426 1272 2498; x_wconf 22' lang='lat' dir='ltr'><strong>adﬂEvagrium</strong></span> <span class='ocrx_word' id='word_1_309' title='bbox 1306 2429 1466 2498; x_wconf 89' lang='lat' dir='ltr'><strong>epist.</strong></span> <span class='ocrx_word' id='word_1_310' title='bbox 1504 2431 1606 2484; x_wconf 72' lang='lat'><strong>19.6</strong></span> <span class='ocrx_word' id='word_1_311' title='bbox 1641 2442 1694 2485; x_wconf 84' lang='lat' dir='ltr'><strong>et</strong></span> 
     </span>
    </p>
   </div>
   <div class='ocr_carea' id='block_1_47' title="bbox 103 2497 1688 2566">
    <p class='ocr_par' dir='ltr' id='par_1_47' title="bbox 103 2497 1688 2566">
     <span class='ocr_line' id='line_1_48' title="bbox 103 2497 1688 2566; baseline 0 -13"><span class='ocrx_word' id='word_1_312' title='bbox 103 2514 188 2553; x_wconf 81' lang='lat' dir='ltr'><strong>ex</strong></span> <span class='ocrx_word' id='word_1_313' title='bbox 221 2499 490 2553; x_wconf 80' lang='lat' dir='ltr'><strong>Midrasch</strong></span> <span class='ocrx_word' id='word_1_314' title='bbox 532 2499 714 2566; x_wconf 87' lang='lat' dir='ltr'><strong>Agada</strong></span> <span class='ocrx_word' id='word_1_315' title='bbox 747 2497 906 2552; x_wconf 88' lang='lat' dir='ltr'><strong>docet</strong></span> <span class='ocrx_word' id='word_1_316' title='bbox 946 2497 1008 2550; x_wconf 76' lang='lat' dir='ltr'><strong>fl.</strong></span> <span class='ocrx_word' id='word_1_317' title='bbox 1056 2497 1309 2554; x_wconf 88' lang='lat' dir='ltr'><strong>Selomoh</strong></span> <span class='ocrx_word' id='word_1_318' title='bbox 1352 2500 1403 2550; x_wconf 84' lang='lat' dir='ltr'><strong>in</strong></span> <span class='ocrx_word' id='word_1_319' title='bbox 1440 2515 1530 2552; x_wconf 81' lang='lat' dir='ltr'><strong>xw</strong></span> <span class='ocrx_word' id='word_1_320' title='bbox 1562 2499 1688 2554; x_wconf 82' lang='lat' dir='ltr'><strong>Gen.</strong></span> 
     </span>
    </p>
   </div>
   <div class='ocr_carea' id='block_1_48' title="bbox 105 2566 1692 2638">
    <p class='ocr_par' dir='ltr' id='par_1_48' title="bbox 105 2566 1692 2638">
     <span class='ocr_line' id='line_1_49' title="bbox 105 2566 1692 2638; baseline 0.001 -16"><span class='ocrx_word' id='word_1_321' title='bbox 105 2585 224 2622; x_wconf 87' lang='lat' dir='ltr'><strong>nec</strong></span> <span class='ocrx_word' id='word_1_322' title='bbox 254 2585 361 2623; x_wconf 90' lang='lat' dir='ltr'><strong>non</strong></span> <span class='ocrx_word' id='word_1_323' title='bbox 399 2577 453 2623; x_wconf 90' lang='lat' dir='ltr'><strong>et</strong></span> <span class='ocrx_word' id='word_1_324' title='bbox 490 2569 639 2638; x_wconf 82' lang='lat' dir='ltr'><strong>Aben</strong></span> <span class='ocrx_word' id='word_1_325' title='bbox 676 2567 867 2622; x_wconf 84' lang='lat' dir='ltr'><strong>llezra.</strong></span> <span class='ocrx_word' id='word_1_326' title='bbox 902 2566 1012 2622; x_wconf 86' lang='lat' dir='ltr'><strong>Nec</strong></span> <span class='ocrx_word' id='word_1_327' title='bbox 1049 2568 1274 2622; x_wconf 90' lang='lat' dir='ltr'><strong>dubium</strong></span> <span class='ocrx_word' id='word_1_328' title='bbox 1306 2577 1410 2631; x_wconf 89' lang='lat' dir='ltr'><strong>est,</strong></span> <span class='ocrx_word' id='word_1_329' title='bbox 1452 2570 1584 2638; x_wconf 91' lang='lat' dir='ltr'><strong>quin</strong></span> <span class='ocrx_word' id='word_1_330' title='bbox 1624 2586 1692 2624; x_wconf 82' lang='lat' dir='ltr'><strong>ex</strong></span> 
     </span>
    </p>
   </div>
   <div class='ocr_carea' id='block_1_49' title="bbox 108 2637 1692 2706">
    <p class='ocr_par' dir='ltr' id='par_1_49' title="bbox 108 2637 1692 2706">
     <span class='ocr_line' id='line_1_50' title="bbox 108 2637 1692 2706; baseline 0.001 -15"><span class='ocrx_word' id='word_1_331' title='bbox 108 2638 472 2694; x_wconf 72' lang='lat' dir='ltr'><strong>Hebraeorum</strong></span> <span class='ocrx_word' id='word_1_332' title='bbox 497 2647 549 2692; x_wconf 88' lang='lat' dir='ltr'><strong>et</strong></span> <span class='ocrx_word' id='word_1_333' title='bbox 572 2637 886 2692; x_wconf 87' lang='lat' dir='ltr'><strong>Latinorum</strong></span> <span class='ocrx_word' id='word_1_334' title='bbox 907 2638 1213 2693; x_wconf 87' lang='lat' dir='ltr'><strong>rationibus</strong></span> <span class='ocrx_word' id='word_1_335' title='bbox 1235 2637 1536 2706; x_wconf 78' lang='lat' dir='ltr'><strong>congruant.</strong></span> <span class='ocrx_word' id='word_1_336' title='bbox 1563 2649 1692 2695; x_wconf 91' lang='lat' dir='ltr'><strong>tem-</strong></span> 
     </span>
    </p>
   </div>
   <div class='ocr_carea' id='block_1_50' title="bbox 107 2707 1686 2778">
    <p class='ocr_par' dir='ltr' id='par_1_50' title="bbox 107 2707 1686 2778">
     <span class='ocr_line' id='line_1_51' title="bbox 107 2707 1686 2778; baseline 0.001 -17"><span class='ocrx_word' id='word_1_337' title='bbox 107 2723 279 2778; x_wconf 85' lang='lat' dir='ltr'><strong>pora.</strong></span> <span class='ocrx_word' id='word_1_338' title='bbox 322 2707 452 2778; x_wconf 76' lang='lat' dir='ltr'><strong>Nam</strong></span> <span class='ocrx_word' id='word_1_339' title='bbox 485 2709 794 2778; x_wconf 76' lang='lat' dir='ltr'><strong>Abrahamo</strong></span> <span class='ocrx_word' id='word_1_340' title='bbox 822 2709 1124 2775; x_wconf 81' lang='lat' dir='ltr'><strong>supervixit</strong></span> <span class='ocrx_word' id='word_1_341' title='bbox 1162 2708 1284 2762; x_wconf 79' lang='lat' dir='ltr'><strong>Seni</strong></span> <span class='ocrx_word' id='word_1_342' title='bbox 1317 2724 1491 2763; x_wconf 88' lang='lat' dir='ltr'><strong>annos</strong></span> <span class='ocrx_word' id='word_1_343' title='bbox 1525 2726 1686 2762; x_wconf 81' lang='lat' dir='ltr'><strong>xxxv.</strong></span> 
     </span>
    </p>
   </div>
   <div class='ocr_carea' id='block_1_51' title="bbox 104 2777 1692 2848">
    <p class='ocr_par' dir='ltr' id='par_1_51' title="bbox 104 2777 1692 2848">
     <span class='ocr_line' id='line_1_52' title="bbox 104 2777 1692 2848; baseline 0.001 -17"><span class='ocrx_word' id='word_1_344' title='bbox 104 2777 193 2831; x_wconf 78' lang='lat' dir='ltr'><strong>At</strong></span> <span class='ocrx_word' id='word_1_345' title='bbox 223 2795 288 2832; x_wconf 88' lang='lat' dir='ltr'><strong>ex</strong></span> <span class='ocrx_word' id='word_1_346' title='bbox 316 2777 454 2831; x_wconf 76' lang='lat' dir='ltr'><strong>LXX</strong></span> <span class='ocrx_word' id='word_1_347' title='bbox 503 2777 789 2833; x_wconf 87' lang='lat' dir='ltr'><strong>Seniorum</strong></span> <span class='ocrx_word' id='word_1_348' title='bbox 834 2778 1070 2848; x_wconf 81' lang='lat' dir='ltr'><strong>editione</strong></span> <span class='ocrx_word' id='word_1_349' title='bbox 1115 2794 1452 2848; x_wconf 76' lang='lat' dir='ltr'><strong>nequaquam</strong></span> <span class='ocrx_word' id='word_1_350' title='bbox 1493 2793 1692 2832; x_wconf 89' lang='lat' dir='ltr'><strong>convc-</strong></span> 
     </span>
    </p>
   </div>
   <div class='ocr_carea' id='block_1_52' title="bbox 106 2847 1694 2916">
    <p class='ocr_par' dir='ltr' id='par_1_52' title="bbox 106 2847 1694 2916">
     <span class='ocr_line' id='line_1_53' title="bbox 106 2847 1694 2916; baseline 0 -14"><span class='ocrx_word' id='word_1_351' title='bbox 106 2849 318 2914; x_wconf 87' lang='lat' dir='ltr'><strong>niunt;</strong></span> <span class='ocrx_word' id='word_1_352' title='bbox 351 2858 408 2901; x_wconf 92' lang='lat' dir='ltr'><strong>ut</strong></span> <span class='ocrx_word' id='word_1_353' title='bbox 448 2857 594 2902; x_wconf 88' lang='lat' dir='ltr'><strong>recte</strong></span> <span class='ocrx_word' id='word_1_354' title='bbox 632 2848 838 2914; x_wconf 84' lang='lat' dir='ltr'><strong>colligit</strong></span> <span class='ocrx_word' id='word_1_355' title='bbox 873 2847 1229 2916; x_wconf 80' lang='lat' dir='ltr'><strong>Epiphanius.</strong></span> <span class='ocrx_word' id='word_1_356' title='bbox 1262 2847 1463 2905; x_wconf 90' lang='lat' dir='ltr'><strong>Verum</strong></span> <span class='ocrx_word' id='word_1_357' title='bbox 1495 2849 1561 2902; x_wconf 92' lang='lat' dir='ltr'><strong>de</strong></span> <span class='ocrx_word' id='word_1_358' title='bbox 1594 2850 1694 2902; x_wconf 89' lang='lat' dir='ltr'><strong>hac</strong></span> 
     </span>
    </p>
   </div>
   <div class='ocr_carea' id='block_1_53' title="bbox 104 2917 1695 2985">
    <p class='ocr_par' dir='ltr' id='par_1_53' title="bbox 104 2917 1695 2985">
     <span class='ocr_line' id='line_1_54' title="bbox 104 2917 1695 2985; baseline -0.002 -12"><span class='ocrx_word' id='word_1_359' title='bbox 104 2918 434 2980; x_wconf 54' lang='lat' dir='ltr'><strong>Juda‘orum</strong></span> <span class='ocrx_word' id='word_1_360' title='bbox 465 2929 556 2971; x_wconf 88' lang='lat' dir='ltr'><strong>aut</strong></span> <span class='ocrx_word' id='word_1_361' title='bbox 583 2917 1050 2972; x_wconf 85' lang='lat' dir='ltr'><strong>Samaritanorum</strong></span> <span class='ocrx_word' id='word_1_362' title='bbox 1075 2919 1351 2985; x_wconf 86' lang='lat' dir='ltr'><strong>opinione,</strong></span> <span class='ocrx_word' id='word_1_363' title='bbox 1386 2934 1450 2971; x_wconf 89' lang='lat' dir='ltr'><strong>ac</strong></span> <span class='ocrx_word' id='word_1_364' title='bbox 1482 2919 1695 2972; x_wconf 73' lang='lat' dir='ltr'><strong>caeteris</strong></span> 
     </span>
    </p>
   </div>
   <div class='ocr_carea' id='block_1_54' title="bbox 1800 2361 3370 2435">
    <p class='ocr_par' dir='ltr' id='par_1_54' title="bbox 1800 2361 3370 2435">
     <span class='ocr_line' id='line_1_55' title="bbox 1800 2361 3370 2435; baseline -0.003 -19"><span class='ocrx_word' id='word_1_365' title='bbox 1800 2361 2008 2418; x_wconf 90' lang='lat' dir='ltr'><strong>dictum</strong></span> <span class='ocrx_word' id='word_1_366' title='bbox 2035 2372 2139 2430; x_wconf 86' lang='lat' dir='ltr'><strong>est,</strong></span> <span class='ocrx_word' id='word_1_367' title='bbox 2169 2366 2562 2435; x_wconf 90' lang='lat' dir='ltr'><strong>propemodum</strong></span> <span class='ocrx_word' id='word_1_368' title='bbox 2603 2380 2824 2429; x_wconf 90' lang='lat' dir='ltr'><strong>onmes;</strong></span> <span class='ocrx_word' id='word_1_369' title='bbox 2860 2377 3089 2435; x_wconf 85' lang='lat' dir='ltr'><strong>quorum</strong></span> <span class='ocrx_word' id='word_1_370' title='bbox 3126 2361 3370 2435; x_wconf 72' lang='lat' dir='ltr'><strong>testiino-</strong></span> 
     </span>
    </p>
   </div>
   <div class='ocr_carea' id='block_1_55' title="bbox 1801 2431 3371 2506">
    <p class='ocr_par' dir='ltr' id='par_1_55' title="bbox 1801 2431 3371 2506">
     <span class='ocr_line' id='line_1_56' title="bbox 1801 2431 3371 2506; baseline -0.002 -20"><span class='ocrx_word' id='word_1_371' title='bbox 1801 2434 1888 2506; x_wconf 77' lang='lat' dir='ltr'><strong>nia</strong></span> <span class='ocrx_word' id='word_1_372' title='bbox 1925 2449 1955 2487; x_wconf 89' lang='lat' dir='ltr'><strong>a</strong></span> <span class='ocrx_word' id='word_1_373' title='bbox 1999 2431 2286 2506; x_wconf 71' lang='lat' dir='ltr'><strong>catholicis</strong></span> <span class='ocrx_word' id='word_1_374' title='bbox 2327 2436 2698 2506; x_wconf 79' lang='lat' dir='ltr'><strong>scriptoribus</strong></span> <span class='ocrx_word' id='word_1_375' title='bbox 2747 2433 3071 2506; x_wconf 76' lang='lat' dir='ltr'><strong>jamdudum</strong></span> <span class='ocrx_word' id='word_1_376' title='bbox 3124 2431 3371 2506; x_wconf 80' lang='lat' dir='ltr'><strong>studiose</strong></span> 
     </span>
    </p>
   </div>
   <div class='ocr_carea' id='block_1_56' title="bbox 1797 2500 3374 2573">
    <p class='ocr_par' dir='ltr' id='par_1_56' title="bbox 1797 2500 3374 2573">
     <span class='ocr_line' id='line_1_57' title="bbox 1797 2500 3374 2573; baseline -0.001 -17"><span class='ocrx_word' id='word_1_377' title='bbox 1797 2504 2026 2558; x_wconf 90' lang='lat' dir='ltr'><strong>collecta</strong></span> <span class='ocrx_word' id='word_1_378' title='bbox 2056 2514 2184 2559; x_wconf 91' lang='lat' dir='ltr'><strong>sunt</strong></span> <span class='ocrx_word' id='word_1_379' title='bbox 2233 2504 2340 2560; x_wconf 86' lang='lat' dir='ltr'><strong>Sed</strong></span> <span class='ocrx_word' id='word_1_380' title='bbox 2362 2500 2594 2560; x_wconf 77' lang='lat' dir='ltr'><strong>exiinius</strong></span> <span class='ocrx_word' id='word_1_381' title='bbox 2629 2500 2793 2573; x_wconf 82' lang='lat' dir='ltr'><strong>atque</strong></span> <span class='ocrx_word' id='word_1_382' title='bbox 2829 2503 2884 2559; x_wconf 92' lang='lat' dir='ltr'><strong>in</strong></span> <span class='ocrx_word' id='word_1_383' title='bbox 2917 2500 3374 2573; x_wconf 81' lang='lat' dir='ltr'><strong>pritnisdisertus</strong></span> 
     </span>
    </p>
   </div>
   <div class='ocr_carea' id='block_1_57' title="bbox 1799 2571 3370 2642">
    <p class='ocr_par' dir='ltr' id='par_1_57' title="bbox 1799 2571 3370 2642">
     <span class='ocr_line' id='line_1_58' title="bbox 1799 2571 3370 2642; baseline 0 -18"><span class='ocrx_word' id='word_1_384' title='bbox 1799 2579 1903 2634; x_wconf 82' lang='lat' dir='ltr'><strong>est,</strong></span> <span class='ocrx_word' id='word_1_385' title='bbox 1922 2575 2013 2642; x_wconf 93' lang='lat' dir='ltr'><strong>qui</strong></span> <span class='ocrx_word' id='word_1_386' title='bbox 2039 2575 2170 2628; x_wconf 95' lang='lat' dir='ltr'><strong>mihi</strong></span> <span class='ocrx_word' id='word_1_387' title='bbox 2202 2575 2341 2629; x_wconf 92' lang='lat' dir='ltr'><strong>forte</strong></span> <span class='ocrx_word' id='word_1_388' title='bbox 2367 2590 2512 2628; x_wconf 94' lang='lat' dir='ltr'><strong>nunc</strong></span> <span class='ocrx_word' id='word_1_389' title='bbox 2533 2571 2774 2628; x_wconf 79' lang='lat' dir='ltr'><strong>occurrit</strong></span> <span class='ocrx_word' id='word_1_390' title='bbox 2797 2571 3088 2626; x_wconf 76' lang='lat' dir='ltr'><strong>Clementis</strong></span> <span class='ocrx_word' id='word_1_391' title='bbox 3107 2571 3370 2642; x_wconf 75' lang='lat' dir='ltr'><strong>Alexand.</strong></span> 
     </span>
    </p>
   </div>
   <div class='ocr_carea' id='block_1_58' title="bbox 1799 2639 3373 2714">
    <p class='ocr_par' dir='ltr' id='par_1_58' title="bbox 1799 2639 3373 2714">
     <span class='ocr_line' id='line_1_59' title="bbox 1799 2639 3373 2714; baseline 0 -21"><span class='ocrx_word' id='word_1_392' title='bbox 1799 2639 1953 2714; x_wconf 83' lang='lat' dir='ltr'><strong>locus</strong></span> <span class='ocrx_word' id='word_1_393' title='bbox 1983 2644 2078 2714; x_wconf 75' lang='lat' dir='ltr'><strong>lib.</strong></span> <span class='ocrx_word' id='word_1_394' title='bbox 2113 2662 2163 2698; x_wconf 89' lang='lat' dir='ltr'><strong>tv</strong></span> <span class='ocrx_word' id='word_1_395' title='bbox 2197 2644 2433 2698; x_wconf 86' lang='lat' dir='ltr'><strong>Strom.:</strong></span> <span class='ocrx_word' id='word_1_396' title='bbox 2463 2643 2793 2714; x_wconf 82' lang='grc' dir='ltr'><strong>Μελχισεδὲκ</strong></span> <span class='ocrx_word' id='word_1_397' title='bbox 2829 2642 3078 2714; x_wconf 65' lang='grc' dir='ltr'><strong>βαεςιλεὺς</strong></span> <span class='ocrx_word' id='word_1_398' title='bbox 3108 2639 3313 2714; x_wconf 48' lang='grc' dir='ltr'><strong>Σαᾎὴμ,</strong></span> <span class='ocrx_word' id='word_1_399' title='bbox 3346 2642 3373 2693; x_wconf 87' lang='grc' dir='ltr'><strong>ὁ</strong></span> 
     </span>
    </p>
   </div>
   <div class='ocr_carea' id='block_1_59' title="bbox 1801 2709 3374 2782">
    <p class='ocr_par' dir='ltr' id='par_1_59' title="bbox 1801 2709 3374 2782">
     <span class='ocr_line' id='line_1_60' title="bbox 1801 2709 3374 2782; baseline 0 -19"><span class='ocrx_word' id='word_1_400' title='bbox 1801 2713 1979 2782; x_wconf 76' lang='grc' dir='ltr'>ἱερεὺς</span> <span class='ocrx_word' id='word_1_401' title='bbox 2000 2713 2094 2765; x_wconf 79' lang='grc' dir='ltr'><strong>τοῦ</strong></span> <span class='ocrx_word' id='word_1_402' title='bbox 2124 2715 2260 2767; x_wconf 82' lang='grc' dir='ltr'>Θεοῦ</span> <span class='ocrx_word' id='word_1_403' title='bbox 2288 2715 2380 2768; x_wconf 82' lang='grc' dir='ltr'>τοῦ</span> <span class='ocrx_word' id='word_1_404' title='bbox 2413 2709 2658 2780; x_wconf 66' lang='grc' dir='ltr'>ὑψίστου·</span> <span class='ocrx_word' id='word_1_405' title='bbox 2695 2716 2723 2766; x_wconf 84' lang='grc' dir='ltr'>ὁ</span> <span class='ocrx_word' id='word_1_406' title='bbox 2751 2709 2841 2764; x_wconf 80' lang='grc' dir='ltr'><strong>τὸν</strong></span> <span class='ocrx_word' id='word_1_407' title='bbox 2866 2709 3007 2764; x_wconf 80' lang='grc' dir='ltr'>οἶνον</span> <span class='ocrx_word' id='word_1_408' title='bbox 3043 2711 3138 2782; x_wconf 62' lang='grc' dir='ltr'>καὶ</span> <span class='ocrx_word' id='word_1_409' title='bbox 3277 2711 3374 2780; x_wconf 76' lang='grc' dir='ltr'><strong>ἄρ-</strong></span> 
     </span>
    </p>
   </div>
   <div class='ocr_carea' id='block_1_60' title="bbox 1798 2779 3376 2854">
    <p class='ocr_par' dir='ltr' id='par_1_60' title="bbox 1798 2779 3376 2854">
     <span class='ocr_line' id='line_1_61' title="bbox 1798 2779 3376 2854; baseline -0.001 -21"><span class='ocrx_word' id='word_1_410' title='bbox 1798 2779 1888 2833; x_wconf 78' lang='grc' dir='ltr'><strong>τον</strong></span> <span class='ocrx_word' id='word_1_411' title='bbox 1924 2783 2020 2854; x_wconf 77' lang='grc' dir='ltr'>τὴν</span> <span class='ocrx_word' id='word_1_412' title='bbox 2054 2785 2394 2854; x_wconf 62' lang='grc' dir='ltr'><strong>¹ᾐγιατψέντιιν</strong></span> <span class='ocrx_word' id='word_1_413' title='bbox 2439 2783 2610 2846; x_wconf 81' lang='grc' dir='ltr'>διδοὺς</span> <span class='ocrx_word' id='word_1_414' title='bbox 2649 2783 2854 2854; x_wconf 82' lang='grc' dir='ltr'>τροφὴν</span> <span class='ocrx_word' id='word_1_415' title='bbox 2885 2783 2965 2844; x_wconf 81' lang='grc' dir='ltr'><strong>εἰς</strong></span> <span class='ocrx_word' id='word_1_416' title='bbox 2999 2779 3166 2834; x_wconf 84' lang='grc' dir='ltr'>τύπον</span> <span class='ocrx_word' id='word_1_417' title='bbox 3197 2779 3376 2849; x_wconf 62' lang='lat' dir='ltr'><strong>saxa-</strong></span> 
     </span>
    </p>
   </div>
   <div class='ocr_carea' id='block_1_61' title="bbox 1805 2851 2778 2923">
    <p class='ocr_par' dir='ltr' id='par_1_61' title="bbox 1805 2851 2778 2923">
     <span class='ocr_line' id='line_1_62' title="bbox 1805 2851 2778 2923; baseline 0 -21"><span class='ocrx_word' id='word_1_418' title='bbox 1805 2851 2036 2923; x_wconf 51' lang='lat' dir='ltr'><strong>praeter;</strong></span> <span class='ocrx_word' id='word_1_419' title='bbox 2072 2851 2206 2907; x_wconf 84' lang='lat' dir='ltr'><strong>Vide</strong></span> <span class='ocrx_word' id='word_1_420' title='bbox 2230 2851 2473 2923; x_wconf 50' lang='lat' dir='ltr'><strong>&#39;Attgust.</strong></span> <span class='ocrx_word' id='word_1_421' title='bbox 2505 2855 2662 2923; x_wconf 81' lang='lat' dir='ltr'><strong>epist.</strong></span> <span class='ocrx_word' id='word_1_422' title='bbox 2688 2851 2778 2906; x_wconf 73' lang='lat'><strong>95.</strong></span> 
     </span>
    </p>
   </div>
   <div class='ocr_carea' id='block_1_62' title="bbox 1874 2919 3373 2991">
    <p class='ocr_par' dir='ltr' id='par_1_62' title="bbox 1874 2919 3373 2991">
     <span class='ocr_line' id='line_1_63' title="bbox 1874 2919 3373 2991; baseline -0.005 -15"><span class='ocrx_word' id='word_1_423' title='bbox 1874 2922 1984 2990; x_wconf 83' lang='lat'><strong>(87)</strong></span> <span class='ocrx_word' id='word_1_424' title='bbox 2029 2922 2080 2973; x_wconf 92' lang='grc' dir='ltr'>Ὁ</span> <span class='ocrx_word' id='word_1_425' title='bbox 2119 2923 2186 2975; x_wconf 87' lang='grc' dir='ltr'><strong>δὲ</strong></span> <span class='ocrx_word' id='word_1_426' title='bbox 2222 2919 2623 2991; x_wconf 47' lang='grc' dir='ltr'><strong>τοῦ”Α6’ρ(ιὶ“ι,ςι</strong></span> <span class='ocrx_word' id='word_1_427' title='bbox 2674 2922 2890 2989; x_wconf 78' lang='grc' dir='ltr'>πατήρ.</span> <span class='ocrx_word' id='word_1_428' title='bbox 2937 2920 3090 2991; x_wconf 83' lang='lat' dir='ltr'><strong>Quod</strong></span> <span class='ocrx_word' id='word_1_429' title='bbox 3127 2919 3373 2991; x_wconf 74' lang='lat' dir='ltr'><strong>Abraha-</strong></span> 
     </span>
    </p>
   </div>
   <div class='ocr_carea' id='block_1_63' title="bbox 109 2988 3374 3062">
    <p class='ocr_par' dir='ltr' id='par_1_63' title="bbox 109 2988 3374 3062">
     <span class='ocr_line' id='line_1_64' title="bbox 109 2988 3374 3062; baseline 0.001 -22"><span class='ocrx_word' id='word_1_430' title='bbox 109 2990 194 3062; x_wconf 49' lang='grc' dir='ltr'><strong>εἰς</strong></span> <span class='ocrx_word' id='word_1_431' title='bbox 233 2988 622 3062; x_wconf 70' lang='lat' dir='ltr'><strong>Melchisedech</strong></span> <span class='ocrx_word' id='word_1_432' title='bbox 671 2995 910 3062; x_wconf 81' lang='lat' dir='ltr'><strong>veterum</strong></span> <span class='ocrx_word' id='word_1_433' title='bbox 960 2989 1241 3062; x_wconf 78' lang='lat' dir='ltr'><strong>erroribus</strong></span> <span class='ocrx_word' id='word_1_434' title='bbox 1293 2988 1559 3062; x_wconf 75' lang='lat' dir='ltr'><strong>pluribus</strong></span> <span class='ocrx_word' id='word_1_435' title='bbox 1586 2989 1695 3057; x_wconf 89' lang='lat' dir='ltr'><strong>agit</strong></span> <span class='ocrx_word' id='word_1_436' title='bbox 1722 3004 1764 3062; x_wconf 74' lang='grc' dir='ltr'>ο</span> <span class='ocrx_word' id='word_1_437' title='bbox 1799 2988 1946 3062; x_wconf 79' lang='lat' dir='ltr'><strong>mum</strong></span> <span class='ocrx_word' id='word_1_438' title='bbox 1983 3007 2128 3046; x_wconf 88' lang='lat' dir='ltr'><strong>anno</strong></span> <span class='ocrx_word' id='word_1_439' title='bbox 2167 2993 2344 3046; x_wconf 66' lang='lat' dir='ltr'><strong>aetatis</strong></span> <span class='ocrx_word' id='word_1_440' title='bbox 2377 2988 2489 3048; x_wconf 69' lang='lat' dir='ltr'><strong>sua:</strong></span> <span class='ocrx_word' id='word_1_441' title='bbox 2533 2988 2633 3046; x_wconf 69' lang='lat' dir='ltr'><strong>m</strong></span> <span class='ocrx_word' id='word_1_442' title='bbox 2677 2988 2928 3061; x_wconf 75' lang='lat' dir='ltr'><strong>genuerit</strong></span> <span class='ocrx_word' id='word_1_443' title='bbox 2961 2990 3138 3044; x_wconf 87' lang='lat' dir='ltr'><strong>Thare</strong></span> <span class='ocrx_word' id='word_1_444' title='bbox 3170 2989 3374 3062; x_wconf 76' lang='lat' dir='ltr'><strong>diserte</strong></span> 
     </span>
    </p>
   </div>
   <div class='ocr_carea' id='block_1_64' title="bbox 110 3056 1695 3124">
    <p class='ocr_par' dir='ltr' id='par_1_64' title="bbox 110 3056 1695 3124">
     <span class='ocr_line' id='line_1_65' title="bbox 110 3056 1695 3124; baseline 0 -13"><span class='ocrx_word' id='word_1_445' title='bbox 110 3057 349 3112; x_wconf 83' lang='lat' dir='ltr'><strong>Hieron.</strong></span> <span class='ocrx_word' id='word_1_446' title='bbox 389 3059 508 3110; x_wconf 76' lang='lat' dir='ltr'><strong>loco</strong></span> <span class='ocrx_word' id='word_1_447' title='bbox 547 3059 746 3120; x_wconf 89' lang='lat' dir='ltr'><strong>citato;</strong></span> <span class='ocrx_word' id='word_1_448' title='bbox 793 3056 1174 3124; x_wconf 85' lang='lat' dir='ltr'><strong>copiosissime</strong></span> <span class='ocrx_word' id='word_1_449' title='bbox 1201 3073 1328 3110; x_wconf 88' lang='lat' dir='ltr'><strong>vero</strong></span> <span class='ocrx_word' id='word_1_450' title='bbox 1361 3056 1695 3111; x_wconf 82' lang='lat' dir='ltr'><strong>recentiores</strong></span> 
     </span>
    </p>
   </div>
   <div class='ocr_carea' id='block_1_65' title="bbox 111 3127 1696 3197">
    <p class='ocr_par' dir='ltr' id='par_1_65' title="bbox 111 3127 1696 3197">
     <span class='ocr_line' id='line_1_66' title="bbox 111 3127 1696 3197; baseline -0.001 -15"><span class='ocrx_word' id='word_1_451' title='bbox 111 3143 406 3183; x_wconf 81' lang='lat' dir='ltr'><strong>sacrarum</strong></span> <span class='ocrx_word' id='word_1_452' title='bbox 439 3127 762 3181; x_wconf 79' lang='lat' dir='ltr'><strong>Litterarum</strong></span> <span class='ocrx_word' id='word_1_453' title='bbox 798 3127 1124 3195; x_wconf 88' lang='lat' dir='ltr'><strong>interpretes</strong></span> <span class='ocrx_word' id='word_1_454' title='bbox 1165 3137 1215 3180; x_wconf 85' lang='lat' dir='ltr'><strong>et</strong></span> <span class='ocrx_word' id='word_1_455' title='bbox 1255 3128 1592 3197; x_wconf 85' lang='lat' dir='ltr'><strong>chronologi,</strong></span> <span class='ocrx_word' id='word_1_456' title='bbox 1636 3136 1696 3180; x_wconf 90' lang='lat' dir='ltr'><strong>ut</strong></span> 
     </span>
    </p>
   </div>
   <div class='ocr_carea' id='block_1_66' title="bbox 108 3197 1696 3266">
    <p class='ocr_par' dir='ltr' id='par_1_66' title="bbox 108 3197 1696 3266">
     <span class='ocr_line' id='line_1_67' title="bbox 108 3197 1696 3266; baseline -0.001 -13"><span class='ocrx_word' id='word_1_457' title='bbox 108 3214 194 3253; x_wconf 85' lang='lat' dir='ltr'><strong>eo</strong></span> <span class='ocrx_word' id='word_1_458' title='bbox 225 3198 404 3252; x_wconf 88' lang='lat' dir='ltr'><strong>minus</strong></span> <span class='ocrx_word' id='word_1_459' title='bbox 439 3200 491 3250; x_wconf 92' lang='lat' dir='ltr'><strong>in</strong></span> <span class='ocrx_word' id='word_1_460' title='bbox 528 3198 629 3258; x_wconf 79' lang='lat' dir='ltr'><strong>hac</strong></span> <span class='ocrx_word' id='word_1_461' title='bbox 658 3199 968 3266; x_wconf 59' lang='lat' dir='ltr'><strong>quastione.</strong></span> <span class='ocrx_word' id='word_1_462' title='bbox 983 3197 1312 3266; x_wconf 74' lang='lat' dir='ltr'><strong>commorari</strong></span> <span class='ocrx_word' id='word_1_463' title='bbox 1353 3212 1578 3251; x_wconf 88' lang='lat' dir='ltr'><strong>necesse</strong></span> <span class='ocrx_word' id='word_1_464' title='bbox 1603 3198 1696 3252; x_wconf 89' lang='lat' dir='ltr'><strong>sit.</strong></span> 
     </span>
    </p>
   </div>
   <div class='ocr_carea' id='block_1_67' title="bbox 198 3264 1701 3338">
    <p class='ocr_par' dir='ltr' id='par_1_67' title="bbox 198 3264 1701 3338">
     <span class='ocr_line' id='line_1_68' title="bbox 198 3264 1701 3338; baseline -0.002 -16"><span class='ocrx_word' id='word_1_465' title='bbox 198 3268 311 3338; x_wconf 77' lang='lat'><strong>(85)</strong></span> <span class='ocrx_word' id='word_1_466' title='bbox 339 3268 466 3320; x_wconf 85' lang='grc' dir='ltr'><strong>Ὅτε</strong></span> <span class='ocrx_word' id='word_1_467' title='bbox 497 3267 604 3336; x_wconf 64' lang='grc' dir='ltr'><strong>γὰρ</strong></span> <span class='ocrx_word' id='word_1_468' title='bbox 649 3264 896 3338; x_wconf 73' lang='grc' dir='ltr'><strong>’Ᾰϐριιὰμ</strong></span> <span class='ocrx_word' id='word_1_469' title='bbox 923 3264 1214 3338; x_wconf 53' lang='grc' dir='ltr'><strong>ὑπῆρχεν.</strong></span> <span class='ocrx_word' id='word_1_470' title='bbox 1255 3265 1449 3338; x_wconf 75' lang='lat' dir='ltr'><strong>Falsus</strong></span> <span class='ocrx_word' id='word_1_471' title='bbox 1484 3276 1567 3321; x_wconf 91' lang='lat' dir='ltr'><strong>est</strong></span> <span class='ocrx_word' id='word_1_472' title='bbox 1601 3269 1701 3320; x_wconf 80' lang='lat' dir='ltr'><strong>ali-</strong></span> 
     </span>
    </p>
   </div>
   <div class='ocr_carea' id='block_1_68' title="bbox 111 3335 1691 3408">
    <p class='ocr_par' dir='ltr' id='par_1_68' title="bbox 111 3335 1691 3408">
     <span class='ocr_line' id='line_1_69' title="bbox 111 3335 1691 3408; baseline 0 -17"><span class='ocrx_word' id='word_1_473' title='bbox 111 3335 261 3408; x_wconf 86' lang='lat' dir='ltr'><strong>quot</strong></span> <span class='ocrx_word' id='word_1_474' title='bbox 298 3335 465 3390; x_wconf 84' lang='lat' dir='ltr'><strong>annis</strong></span> <span class='ocrx_word' id='word_1_475' title='bbox 505 3335 933 3408; x_wconf 74' lang='lat' dir='ltr'><strong>immerusiste.</strong></span> <span class='ocrx_word' id='word_1_476' title='bbox 973 3335 1105 3388; x_wconf 86' lang='lat' dir='ltr'><strong>Nam</strong></span> <span class='ocrx_word' id='word_1_477' title='bbox 1156 3343 1212 3389; x_wconf 90' lang='lat' dir='ltr'><strong>ut</strong></span> <span class='ocrx_word' id='word_1_478' title='bbox 1243 3352 1306 3389; x_wconf 85' lang='lat' dir='ltr'><strong>ex</strong></span> <span class='ocrx_word' id='word_1_479' title='bbox 1337 3336 1534 3390; x_wconf 84' lang='lat' dir='ltr'><strong>Gcnes.</strong></span> <span class='ocrx_word' id='word_1_480' title='bbox 1569 3352 1691 3406; x_wconf 85' lang='lat' dir='ltr'><strong>cap.</strong></span> 
     </span>
    </p>
   </div>
   <div class='ocr_carea' id='block_1_69' title="bbox 112 3407 1700 3471">
    <p class='ocr_par' dir='ltr' id='par_1_69' title="bbox 112 3407 1700 3471">
     <span class='ocr_line' id='line_1_70' title="bbox 112 3407 1700 3471; baseline -0.002 -10"><span class='ocrx_word' id='word_1_481' title='bbox 112 3407 217 3461; x_wconf 70' lang='lat' dir='ltr'><strong>i-vt</strong></span> <span class='ocrx_word' id='word_1_482' title='bbox 267 3416 518 3471; x_wconf 90' lang='lat' dir='ltr'><strong>constat,</strong></span> <span class='ocrx_word' id='word_1_483' title='bbox 560 3422 734 3460; x_wconf 79' lang='lat' dir='ltr'><strong>Lxxxv</strong></span> <span class='ocrx_word' id='word_1_484' title='bbox 771 3407 1037 3459; x_wconf 83' lang='lat' dir='ltr'><strong>duntaxat</strong></span> <span class='ocrx_word' id='word_1_485' title='bbox 1079 3420 1347 3459; x_wconf 90' lang='lat' dir='ltr'><strong>annorum</strong></span> <span class='ocrx_word' id='word_1_486' title='bbox 1377 3413 1495 3460; x_wconf 87' lang='lat' dir='ltr'><strong>erat</strong></span> <span class='ocrx_word' id='word_1_487' title='bbox 1527 3407 1700 3460; x_wconf 87' lang='lat' dir='ltr'><strong>Abra-</strong></span> 
     </span>
    </p>
   </div>
   <div class='ocr_carea' id='block_1_70' title="bbox 109 3475 1692 3546">
    <p class='ocr_par' dir='ltr' id='par_1_70' title="bbox 109 3475 1692 3546">
     <span class='ocr_line' id='line_1_71' title="bbox 109 3475 1692 3546; baseline 0.001 -15"><span class='ocrx_word' id='word_1_488' title='bbox 109 3479 347 3540; x_wconf 74' lang='lat' dir='ltr'><strong>hamus,</strong></span> <span class='ocrx_word' id='word_1_489' title='bbox 399 3494 521 3531; x_wconf 92' lang='lat' dir='ltr'><strong>cum</strong></span> <span class='ocrx_word' id='word_1_490' title='bbox 546 3480 687 3546; x_wconf 83' lang='lat' dir='ltr'><strong>Agar</strong></span> <span class='ocrx_word' id='word_1_491' title='bbox 726 3477 977 3530; x_wconf 87' lang='lat' dir='ltr'><strong>ancillam</strong></span> <span class='ocrx_word' id='word_1_492' title='bbox 1026 3476 1198 3540; x_wconf 89' lang='lat' dir='ltr'><strong>duxit,</strong></span> <span class='ocrx_word' id='word_1_493' title='bbox 1239 3475 1380 3544; x_wconf 82' lang='lat' dir='ltr'><strong>quod</strong></span> <span class='ocrx_word' id='word_1_494' title='bbox 1419 3478 1692 3546; x_wconf 88' lang='lat' dir='ltr'><strong>posterius</strong></span> 
     </span>
    </p>
   </div>
   <div class='ocr_carea' id='block_1_71' title="bbox 111 3548 1227 3616">
    <p class='ocr_par' dir='ltr' id='par_1_71' title="bbox 111 3548 1227 3616">
     <span class='ocr_line' id='line_1_72' title="bbox 111 3548 1227 3616; baseline -0.004 -13"><span class='ocrx_word' id='word_1_495' title='bbox 111 3555 214 3603; x_wconf 80' lang='lat' dir='ltr'><strong>est</strong></span> <span class='ocrx_word' id='word_1_496' title='bbox 249 3548 586 3616; x_wconf 83' lang='lat' dir='ltr'><strong>expeditione</strong></span> <span class='ocrx_word' id='word_1_497' title='bbox 622 3548 710 3599; x_wconf 90' lang='lat' dir='ltr'><strong>illa</strong></span> <span class='ocrx_word' id='word_1_498' title='bbox 740 3556 932 3616; x_wconf 86' lang='lat' dir='ltr'><strong>contra</strong></span> <span class='ocrx_word' id='word_1_499' title='bbox 969 3562 1119 3616; x_wconf 83' lang='lat' dir='ltr'><strong>reges</strong></span> <span class='ocrx_word' id='word_1_500' title='bbox 1157 3561 1227 3599; x_wconf 85' lang='lat' dir='ltr'><strong>tv.</strong></span> 
     </span>
    </p>
   </div>
   <div class='ocr_carea' id='block_1_72' title="bbox 203 3615 1693 3687">
    <p class='ocr_par' dir='ltr' id='par_1_72' title="bbox 203 3615 1693 3687">
     <span class='ocr_line' id='line_1_73' title="bbox 203 3615 1693 3687; baseline 0 -17"><span class='ocrx_word' id='word_1_501' title='bbox 203 3615 452 3687; x_wconf 23' lang='lat' dir='ltr'><strong>(Sﬁl’Kai</strong></span> <span class='ocrx_word' id='word_1_502' title='bbox 477 3617 762 3679; x_wconf 65' lang='grc' dir='ltr'><strong>ἐξέϐαλεν</strong></span> <span class='ocrx_word' id='word_1_503' title='bbox 793 3615 952 3681; x_wconf 76' lang='grc' dir='ltr'><strong>αὺῖῷ</strong></span> <span class='ocrx_word' id='word_1_504' title='bbox 977 3615 1177 3683; x_wconf 79' lang='grc' dir='ltr'>ἄρτον.</span> <span class='ocrx_word' id='word_1_505' title='bbox 1211 3616 1470 3686; x_wconf 72' lang='lat' dir='ltr'><strong>Egregius</strong></span> <span class='ocrx_word' id='word_1_506' title='bbox 1501 3617 1587 3671; x_wconf 91' lang='lat' dir='ltr'><strong>hic</strong></span> <span class='ocrx_word' id='word_1_507' title='bbox 1615 3618 1693 3670; x_wconf 90' lang='lat' dir='ltr'><strong>lo-</strong></span> 
     </span>
    </p>
   </div>
   <div class='ocr_carea' id='block_1_73' title="bbox 112 3687 1696 3742">
    <p class='ocr_par' dir='ltr' id='par_1_73' title="bbox 112 3687 1696 3742">
     <span class='ocr_line' id='line_1_74' title="bbox 112 3687 1696 3742; baseline -0.001 0"><span class='ocrx_word' id='word_1_508' title='bbox 112 3703 231 3742; x_wconf 85' lang='lat' dir='ltr'><strong>cus</strong></span> <span class='ocrx_word' id='word_1_509' title='bbox 256 3688 318 3739; x_wconf 88' lang='lat' dir='ltr'><strong>ad</strong></span> <span class='ocrx_word' id='word_1_510' title='bbox 345 3688 598 3741; x_wconf 86' lang='lat' dir='ltr'><strong>tuendam</strong></span> <span class='ocrx_word' id='word_1_511' title='bbox 632 3688 699 3739; x_wconf 91' lang='lat' dir='ltr'><strong>ab</strong></span> <span class='ocrx_word' id='word_1_512' title='bbox 729 3687 1104 3739; x_wconf 66' lang='lat' dir='ltr'><strong>haereticorum</strong></span> <span class='ocrx_word' id='word_1_513' title='bbox 1136 3687 1427 3741; x_wconf 80' lang='lat' dir='ltr'><strong>calumniis</strong></span> <span class='ocrx_word' id='word_1_514' title='bbox 1450 3702 1696 3741; x_wconf 85' lang='lat' dir='ltr'><strong>commu-</strong></span> 
     </span>
    </p>
   </div>
   <div class='ocr_carea' id='block_1_74' title="bbox 114 3756 1694 3826">
    <p class='ocr_par' dir='ltr' id='par_1_74' title="bbox 114 3756 1694 3826">
     <span class='ocr_line' id='line_1_75' title="bbox 114 3756 1694 3826; baseline -0.001 -14"><span class='ocrx_word' id='word_1_515' title='bbox 114 3774 255 3812; x_wconf 86' lang='lat' dir='ltr'><strong>nem</strong></span> <span class='ocrx_word' id='word_1_516' title='bbox 287 3756 389 3810; x_wconf 71' lang='lat' dir='ltr'><strong>Pl’.</strong></span> <span class='ocrx_word' id='word_1_517' title='bbox 417 3757 656 3810; x_wconf 92' lang='lat' dir='ltr'><strong>omnium</strong></span> <span class='ocrx_word' id='word_1_518' title='bbox 694 3757 1072 3826; x_wconf 80' lang='lat' dir='ltr'><strong>auctoritatem</strong></span> <span class='ocrx_word' id='word_1_519' title='bbox 1119 3771 1182 3810; x_wconf 88' lang='lat' dir='ltr'><strong>ac</strong></span> <span class='ocrx_word' id='word_1_520' title='bbox 1217 3758 1572 3822; x_wconf 79' lang='lat' dir='ltr'><strong>sententiam;</strong></span> <span class='ocrx_word' id='word_1_521' title='bbox 1601 3758 1694 3826; x_wconf 87' lang='lat' dir='ltr'><strong>qui</strong></span> 
     </span>
    </p>
   </div>
   <div class='ocr_carea' id='block_1_75' title="bbox 113 3825 1695 3887">
    <p class='ocr_par' dir='ltr' id='par_1_75' title="bbox 113 3825 1695 3887">
     <span class='ocr_line' id='line_1_76' title="bbox 113 3825 1695 3887; baseline -0.001 -5"><span class='ocrx_word' id='word_1_522' title='bbox 113 3845 194 3882; x_wconf 85' lang='lat' dir='ltr'><strong>cx</strong></span> <span class='ocrx_word' id='word_1_523' title='bbox 227 3827 334 3882; x_wconf 87' lang='lat' dir='ltr'><strong>illis</strong></span> <span class='ocrx_word' id='word_1_524' title='bbox 369 3826 642 3881; x_wconf 87' lang='lat' dir='ltr'><strong>Geneseos</strong></span> <span class='ocrx_word' id='word_1_525' title='bbox 673 3828 848 3880; x_wconf 86' lang='lat' dir='ltr'><strong>verbis</strong></span> <span class='ocrx_word' id='word_1_526' title='bbox 877 3825 1147 3880; x_wconf 80' lang='lat' dir='ltr'><strong>deducere</strong></span> <span class='ocrx_word' id='word_1_527' title='bbox 1173 3827 1370 3887; x_wconf 89' lang='lat' dir='ltr'><strong>solent,</strong></span> <span class='ocrx_word' id='word_1_528' title='bbox 1406 3825 1695 3883; x_wconf 81' lang='lat' dir='ltr'><strong>MelcltiSe-</strong></span> 
     </span>
    </p>
   </div>
   <div class='ocr_carea' id='block_1_76' title="bbox 113 3897 1694 3964">
    <p class='ocr_par' dir='ltr' id='par_1_76' title="bbox 113 3897 1694 3964">
     <span class='ocr_line' id='line_1_77' title="bbox 113 3897 1694 3964; baseline -0.002 -11"><span class='ocrx_word' id='word_1_529' title='bbox 113 3900 324 3953; x_wconf 87' lang='lat' dir='ltr'><strong>decum</strong></span> <span class='ocrx_word' id='word_1_530' title='bbox 366 3897 431 3950; x_wconf 91' lang='lat' dir='ltr'><strong>ad</strong></span> <span class='ocrx_word' id='word_1_531' title='bbox 472 3912 627 3951; x_wconf 88' lang='lat' dir='ltr'><strong>usum</strong></span> <span class='ocrx_word' id='word_1_532' title='bbox 663 3897 917 3950; x_wconf 89' lang='lat' dir='ltr'><strong>sacriﬁcii</strong></span> <span class='ocrx_word' id='word_1_533' title='bbox 951 3911 1145 3964; x_wconf 83' lang='lat' dir='ltr'><strong>panem</strong></span> <span class='ocrx_word' id='word_1_534' title='bbox 1175 3907 1228 3950; x_wconf 88' lang='lat' dir='ltr'><strong>et</strong></span> <span class='ocrx_word' id='word_1_535' title='bbox 1271 3899 1454 3949; x_wconf 90' lang='lat' dir='ltr'><strong>vinum</strong></span> <span class='ocrx_word' id='word_1_536' title='bbox 1503 3906 1694 3964; x_wconf 87' lang='lat' dir='ltr'><strong>protu-</strong></span> 
     </span>
    </p>
   </div>
   <div class='ocr_carea' id='block_1_77' title="bbox 119 3964 1744 4035">
    <p class='ocr_par' dir='ltr' id='par_1_77' title="bbox 119 3964 1744 4035">
     <span class='ocr_line' id='line_1_78' title="bbox 119 3964 1744 4035; baseline -0.002 -13"><span class='ocrx_word' id='word_1_537' title='bbox 119 3971 287 4030; x_wconf 86' lang='lat' dir='ltr'><strong>lisse,</strong></span> <span class='ocrx_word' id='word_1_538' title='bbox 319 3976 372 4022; x_wconf 89' lang='lat' dir='ltr'><strong>et</strong></span> <span class='ocrx_word' id='word_1_539' title='bbox 405 3982 469 4021; x_wconf 92' lang='lat' dir='ltr'><strong>eo</strong></span> <span class='ocrx_word' id='word_1_540' title='bbox 498 3969 614 4035; x_wconf 90' lang='lat' dir='ltr'><strong>ipso</strong></span> <span class='ocrx_word' id='word_1_541' title='bbox 648 3966 920 4019; x_wconf 81' lang='lat' dir='ltr'><strong>sacriﬁcio</strong></span> <span class='ocrx_word' id='word_1_542' title='bbox 949 3967 1291 4018; x_wconf 89' lang='lat' dir='ltr'><strong>incruentum</strong></span> <span class='ocrx_word' id='word_1_543' title='bbox 1325 3964 1531 4020; x_wconf 82' lang='lat' dir='ltr'><strong>Christi</strong></span> <span class='ocrx_word' id='word_1_544' title='bbox 1571 3981 1698 4019; x_wconf 55' lang='lat' dir='ltr'><strong>cora</strong></span> <span class='ocrx_word' id='word_1_545' title='bbox 1729 3985 1744 3991; x_wconf 58' lang='lat'><strong>‘</strong></span> 
     </span>
    </p>
   </div>
   <div class='ocr_carea' id='block_1_78' title="bbox 116 4035 1694 4110">
    <p class='ocr_par' dir='ltr' id='par_1_78' title="bbox 116 4035 1694 4110">
     <span class='ocr_line' id='line_1_79' title="bbox 116 4035 1694 4110; baseline -0.001 -19"><span class='ocrx_word' id='word_1_546' title='bbox 116 4039 284 4110; x_wconf 74' lang='lat' dir='ltr'><strong>poris</strong></span> <span class='ocrx_word' id='word_1_547' title='bbox 314 4052 377 4090; x_wconf 82' lang='lat' dir='ltr'><strong>ac</strong></span> <span class='ocrx_word' id='word_1_548' title='bbox 411 4038 705 4110; x_wconf 64' lang='lat' dir='ltr'><strong>sanguinis</strong></span> <span class='ocrx_word' id='word_1_549' title='bbox 734 4037 1093 4110; x_wconf 69' lang='lat' dir='ltr'><strong>adumbrasse</strong></span> <span class='ocrx_word' id='word_1_550' title='bbox 1135 4035 1486 4092; x_wconf 87' lang='lat' dir='ltr'><strong>sacriﬁcium.</strong></span> <span class='ocrx_word' id='word_1_551' title='bbox 1538 4035 1694 4110; x_wconf 79' lang='lat' dir='ltr'><strong>Quod</strong></span> 
     </span>
    </p>
   </div>
   <div class='ocr_carea' id='block_1_79' title="bbox 1802 3059 3380 3131">
    <p class='ocr_par' dir='ltr' id='par_1_79' title="bbox 1802 3059 3380 3131">
     <span class='ocr_line' id='line_1_80' title="bbox 1802 3059 3380 3131; baseline -0.003 -16"><span class='ocrx_word' id='word_1_552' title='bbox 1802 3060 2086 3131; x_wconf 88' lang='lat' dir='ltr'><strong>Scriptura</strong></span> <span class='ocrx_word' id='word_1_553' title='bbox 2114 3063 2294 3125; x_wconf 91' lang='lat' dir='ltr'><strong>docet,</strong></span> <span class='ocrx_word' id='word_1_554' title='bbox 2329 3079 2392 3116; x_wconf 90' lang='lat' dir='ltr'><strong>ac</strong></span> <span class='ocrx_word' id='word_1_555' title='bbox 2420 3059 3380 3131; x_wconf 72' lang='lat' dir='ltr'><strong>tergiversationem.omnem.cxclu-</strong></span> 
     </span>
    </p>
   </div>
   <div class='ocr_carea' id='block_1_80' title="bbox 1799 3129 3372 3201">
    <p class='ocr_par' dir='ltr' id='par_1_80' title="bbox 1799 3129 3372 3201">
     <span class='ocr_line' id='line_1_81' title="bbox 1799 3129 3372 3201; baseline -0.003 -17"><span class='ocrx_word' id='word_1_556' title='bbox 1799 3131 1901 3186; x_wconf 90' lang='lat' dir='ltr'><strong>dit.</strong></span> <span class='ocrx_word' id='word_1_557' title='bbox 1929 3129 2053 3185; x_wconf 47' lang='lat' dir='ltr'><strong>“Nec</strong></span> <span class='ocrx_word' id='word_1_558' title='bbox 2097 3133 2256 3185; x_wconf 88' lang='lat' dir='ltr'><strong>aliter</strong></span> <span class='ocrx_word' id='word_1_559' title='bbox 2288 3129 2644 3187; x_wconf 81' lang='lat' dir='ltr'><strong>vetustissimi</strong></span> <span class='ocrx_word' id='word_1_560' title='bbox 2681 3133 2881 3201; x_wconf 89' lang='lat' dir='ltr'><strong>quique</strong></span> <span class='ocrx_word' id='word_1_561' title='bbox 2916 3131 3113 3184; x_wconf 80' lang='lat' dir='ltr'><strong>Patres</strong></span> <span class='ocrx_word' id='word_1_562' title='bbox 3132 3145 3270 3201; x_wconf 65' lang='lat' dir='ltr'><strong>eunt</strong></span> <span class='ocrx_word' id='word_1_563' title='bbox 3299 3129 3372 3201; x_wconf 60' lang='lat' dir='ltr'><strong>Iov</strong></span> 
     </span>
    </p>
   </div>
   <div class='ocr_carea' id='block_1_81' title="bbox 1800 3199 3370 3272">
    <p class='ocr_par' dir='ltr' id='par_1_81' title="bbox 1800 3199 3370 3272">
     <span class='ocr_line' id='line_1_82' title="bbox 1800 3199 3370 3272; baseline -0.002 -16"><span class='ocrx_word' id='word_1_564' title='bbox 1800 3217 1924 3256; x_wconf 92' lang='lat' dir='ltr'><strong>cum</strong></span> <span class='ocrx_word' id='word_1_565' title='bbox 1975 3202 2314 3272; x_wconf 83' lang='lat' dir='ltr'><strong>interpretati</strong></span> <span class='ocrx_word' id='word_1_566' title='bbox 2368 3213 2514 3265; x_wconf 88' lang='lat' dir='ltr'><strong>sunt,</strong></span> <span class='ocrx_word' id='word_1_567' title='bbox 2553 3210 2611 3256; x_wconf 93' lang='lat' dir='ltr'><strong>ut</strong></span> <span class='ocrx_word' id='word_1_568' title='bbox 2643 3199 2724 3256; x_wconf 80' lang='lat' dir='ltr'><strong>vel</strong></span> <span class='ocrx_word' id='word_1_569' title='bbox 2760 3199 3069 3272; x_wconf 66' lang='lat' dir='ltr'><strong>contrarim</strong></span> <span class='ocrx_word' id='word_1_570' title='bbox 3095 3199 3370 3272; x_wconf 84' lang='lat' dir='ltr'><strong>opinionis</strong></span> 
     </span>
    </p>
   </div>
   <div class='ocr_carea' id='block_1_82' title="bbox 1802 3270 3374 3342">
    <p class='ocr_par' dir='ltr' id='par_1_82' title="bbox 1802 3270 3374 3342">
     <span class='ocr_line' id='line_1_83' title="bbox 1802 3270 3374 3342; baseline -0.002 -18"><span class='ocrx_word' id='word_1_571' title='bbox 1802 3272 2014 3340; x_wconf 87' lang='lat' dir='ltr'><strong>patroni</strong></span> <span class='ocrx_word' id='word_1_572' title='bbox 2057 3270 2214 3328; x_wconf 75' lang='lat' dir='ltr'><strong>fateri</strong></span> <span class='ocrx_word' id='word_1_573' title='bbox 2245 3281 2549 3342; x_wconf 86' lang='lat' dir='ltr'><strong>coguntur;</strong></span> <span class='ocrx_word' id='word_1_574' title='bbox 2585 3272 2904 3342; x_wconf 27' lang='lat' dir='ltr'><strong>quidcoutra</strong></span> <span class='ocrx_word' id='word_1_575' title='bbox 2942 3270 3109 3323; x_wconf 67' lang='lat' dir='ltr'><strong>ll-losis</strong></span> <span class='ocrx_word' id='word_1_576' title='bbox 3135 3270 3374 3321; x_wconf 90' lang='lat' dir='ltr'><strong>auctori-</strong></span> 
     </span>
    </p>
   </div>
   <div class='ocr_carea' id='block_1_83' title="bbox 1803 3340 3376 3408">
    <p class='ocr_par' dir='ltr' id='par_1_83' title="bbox 1803 3340 3376 3408">
     <span class='ocr_line' id='line_1_84' title="bbox 1803 3340 3376 3408; baseline -0.003 -14"><span class='ocrx_word' id='word_1_577' title='bbox 1803 3349 1989 3402; x_wconf 86' lang='lat' dir='ltr'><strong>tatem,</strong></span> <span class='ocrx_word' id='word_1_578' title='bbox 2031 3356 2140 3395; x_wconf 90' lang='lat' dir='ltr'><strong>non</strong></span> <span class='ocrx_word' id='word_1_579' title='bbox 2177 3340 2432 3405; x_wconf 47' lang='lat' dir='ltr'><strong>t.xx,&#39;sed</strong></span> <span class='ocrx_word' id='word_1_580' title='bbox 2463 3340 2623 3396; x_wconf 26' lang='lat' dir='ltr'><strong>cxxx’.</strong></span> <span class='ocrx_word' id='word_1_581' title='bbox 2660 3340 2839 3395; x_wconf 89' lang='lat' dir='ltr'><strong>Thare</strong></span> <span class='ocrx_word' id='word_1_582' title='bbox 2877 3356 3020 3395; x_wconf 86' lang='lat' dir='ltr'><strong>anno</strong></span> <span class='ocrx_word' id='word_1_583' title='bbox 3053 3350 3238 3393; x_wconf 90' lang='lat' dir='ltr'><strong>uatum</strong></span> <span class='ocrx_word' id='word_1_584' title='bbox 3279 3354 3376 3408; x_wconf 88' lang='lat' dir='ltr'><strong>pa-</strong></span> 
     </span>
    </p>
   </div>
   <div class='ocr_carea' id='block_1_84' title="bbox 1805 3410 3371 3476">
    <p class='ocr_par' dir='ltr' id='par_1_84' title="bbox 1805 3410 3371 3476">
     <span class='ocr_line' id='line_1_85' title="bbox 1805 3410 3371 3476; baseline -0.001 -12"><span class='ocrx_word' id='word_1_585' title='bbox 1805 3412 2099 3464; x_wconf 86' lang='lat' dir='ltr'><strong>triarcham</strong></span> <span class='ocrx_word' id='word_1_586' title='bbox 2151 3412 2402 3466; x_wconf 91' lang='lat' dir='ltr'><strong>videntur</strong></span> <span class='ocrx_word' id='word_1_587' title='bbox 2453 3427 2720 3466; x_wconf 87' lang='lat' dir='ltr'><strong>asserere.</strong></span> <span class='ocrx_word' id='word_1_588' title='bbox 2771 3410 3018 3464; x_wconf 85' lang='lat' dir='ltr'><strong>Viderint</strong></span> <span class='ocrx_word' id='word_1_589' title='bbox 3060 3411 3156 3470; x_wconf 88' lang='lat' dir='ltr'><strong>illi,</strong></span> <span class='ocrx_word' id='word_1_590' title='bbox 3207 3424 3371 3476; x_wconf 89' lang='lat' dir='ltr'><strong>quam</strong></span> 
     </span>
    </p>
   </div>
   <div class='ocr_carea' id='block_1_85' title="bbox 1805 3480 3375 3549">
    <p class='ocr_par' dir='ltr' id='par_1_85' title="bbox 1805 3480 3375 3549">
     <span class='ocr_line' id='line_1_86' title="bbox 1805 3480 3375 3549; baseline -0.002 -16"><span class='ocrx_word' id='word_1_591' title='bbox 1805 3489 1952 3534; x_wconf 83' lang='lat' dir='ltr'><strong>recte</strong></span> <span class='ocrx_word' id='word_1_592' title='bbox 1977 3489 2057 3533; x_wconf 91' lang='lat' dir='ltr'><strong>tot</strong></span> <span class='ocrx_word' id='word_1_593' title='bbox 2093 3483 2441 3541; x_wconf 65' lang='lat' dir='ltr'><strong>saeculorum.</strong></span> <span class='ocrx_word' id='word_1_594' title='bbox 2467 3486 2712 3549; x_wconf 87' lang='lat' dir='ltr'><strong>adeoque</strong></span> <span class='ocrx_word' id='word_1_595' title='bbox 2742 3480 2844 3533; x_wconf 84' lang='lat' dir='ltr'><strong>PP.</strong></span> <span class='ocrx_word' id='word_1_596' title='bbox 2874 3482 3114 3534; x_wconf 90' lang='lat' dir='ltr'><strong>oumium</strong></span> <span class='ocrx_word' id='word_1_597' title='bbox 3143 3489 3375 3534; x_wconf 73' lang='lat' dir='ltr'><strong>consen=</strong></span> 
     </span>
    </p>
   </div>
   <div class='ocr_carea' id='block_1_86' title="bbox 1805 3549 3384 3621">
    <p class='ocr_par' dir='ltr' id='par_1_86' title="bbox 1805 3549 3384 3621">
     <span class='ocr_line' id='line_1_87' title="bbox 1805 3549 3384 3621; baseline -0.003 -16"><span class='ocrx_word' id='word_1_598' title='bbox 1805 3566 1926 3606; x_wconf 92' lang='lat' dir='ltr'><strong>sum</strong></span> <span class='ocrx_word' id='word_1_599' title='bbox 1955 3553 2261 3621; x_wconf 89' lang='lat' dir='ltr'><strong>repudient.</strong></span> <span class='ocrx_word' id='word_1_600' title='bbox 2309 3551 2419 3610; x_wconf 79' lang='lat' dir='ltr'><strong>Nos</strong></span> <span class='ocrx_word' id='word_1_601' title='bbox 2461 3567 2581 3620; x_wconf 60' lang='lat' dir='ltr'><strong>(tua:</strong></span> <span class='ocrx_word' id='word_1_602' title='bbox 2620 3554 2688 3604; x_wconf 86' lang='lat' dir='ltr'><strong>ab</strong></span> <span class='ocrx_word' id='word_1_603' title='bbox 2722 3551 2830 3604; x_wconf 90' lang='lat' dir='ltr'><strong>illis</strong></span> <span class='ocrx_word' id='word_1_604' title='bbox 2858 3557 3213 3621; x_wconf 77' lang='lat' dir='ltr'><strong>apponuntur</strong></span> <span class='ocrx_word' id='word_1_605' title='bbox 3241 3549 3384 3601; x_wconf 85' lang='lat' dir='ltr'><strong>tanti</strong></span> 
     </span>
    </p>
   </div>
   <div class='ocr_carea' id='block_1_87' title="bbox 1802 3619 3374 3742">
    <p class='ocr_par' dir='ltr' id='par_1_87' title="bbox 1802 3619 3374 3742">
     <span class='ocr_line' id='line_1_88' title="bbox 1802 3619 3374 3742; baseline -0.002 -67"><span class='ocrx_word' id='word_1_606' title='bbox 1802 3636 1940 3742; x_wconf 64' lang='lat' dir='ltr'><strong>essei</strong></span> <span class='ocrx_word' id='word_1_607' title='bbox 1957 3619 2064 3674; x_wconf 81' lang='lat' dir='ltr'><strong>non</strong></span> <span class='ocrx_word' id='word_1_608' title='bbox 2093 3621 2390 3700; x_wconf 75' lang='lat' dir='ltr'><strong>credimus,</strong></span> <span class='ocrx_word' id='word_1_609' title='bbox 2425 3619 2491 3675; x_wconf 82' lang='lat' dir='ltr'><strong>ut</strong></span> <span class='ocrx_word' id='word_1_610' title='bbox 2511 3629 2792 3692; x_wconf 81' lang='lat' dir='ltr'><strong>prepterea</strong></span> <span class='ocrx_word' id='word_1_611' title='bbox 2823 3619 3004 3675; x_wconf 87' lang='lat' dir='ltr'><strong>lucere</strong></span> <span class='ocrx_word' id='word_1_612' title='bbox 3027 3619 3254 3673; x_wconf 87' lang='lat' dir='ltr'><strong>meridie</strong></span> <span class='ocrx_word' id='word_1_613' title='bbox 3277 3635 3374 3672; x_wconf 85' lang='lat' dir='ltr'><strong>ne-</strong></span> 
     </span>
     <span class='ocr_line' id='line_1_89' title="bbox 1802 3699 2163 3742; baseline 0 0"><span class='ocrx_word' id='word_1_614' title='bbox 1802 3705 1902 3742; x_wconf 70' lang='lat' dir='ltr'><strong>ean</strong></span> <span class='ocrx_word' id='word_1_615' title='bbox 1948 3706 2036 3742; x_wconf 90' lang='lat' dir='ltr'><strong>um</strong></span> <span class='ocrx_word' id='word_1_616' title='bbox 2071 3699 2163 3742; x_wconf 76' lang='lat' dir='ltr'><strong>SIL</strong></span> 
     </span>
    </p>
   </div>
   <div class='ocr_carea' id='block_1_88' title="bbox 1801 3699 2163 3760">
    <p class='ocr_par' dir='ltr' id='par_1_88' title="bbox 1801 3699 2163 3760">
     <span class='ocr_line' id='line_1_90' title="bbox 1801 3699 2163 3760; baseline 0.008 -18"><span class='ocrx_word' id='word_1_617' title='bbox 1801 3699 2036 3760; x_wconf 79' lang='lat' dir='ltr'><strong>gandum</strong></span> <span class='ocrx_word' id='word_1_618' title='bbox 2071 3699 2163 3745; x_wconf 81' lang='lat' dir='ltr'><strong>sit.</strong></span> 
     </span>
    </p>
   </div>
   <div class='ocr_carea' id='block_1_89' title="bbox 1870 3759 3367 3834">
    <p class='ocr_par' dir='ltr' id='par_1_89' title="bbox 1870 3759 3367 3834">
     <span class='ocr_line' id='line_1_91' title="bbox 1870 3759 3367 3834; baseline -0.002 -22"><span class='ocrx_word' id='word_1_619' title='bbox 1870 3759 2005 3834; x_wconf 73' lang='lat' dir='ltr'><strong>1am</strong></span> <span class='ocrx_word' id='word_1_620' title='bbox 2028 3776 2159 3834; x_wconf 81' lang='lat' dir='ltr'><strong>vero</strong></span> <span class='ocrx_word' id='word_1_621' title='bbox 2198 3762 2299 3815; x_wconf 92' lang='lat' dir='ltr'><strong>hac</strong></span> <span class='ocrx_word' id='word_1_622' title='bbox 2335 3763 2387 3834; x_wconf 81' lang='lat' dir='ltr'><strong>in</strong></span> <span class='ocrx_word' id='word_1_623' title='bbox 2421 3761 2830 3834; x_wconf 79' lang='lat' dir='ltr'><strong>generationum</strong></span> <span class='ocrx_word' id='word_1_624' title='bbox 2869 3759 3240 3834; x_wconf 43' lang='lat' dir='ltr'><strong>descriptione.</strong></span> <span class='ocrx_word' id='word_1_625' title='bbox 3258 3771 3367 3834; x_wconf 81' lang='lat' dir='ltr'><strong>non</strong></span> 
     </span>
    </p>
   </div>
   <div class='ocr_carea' id='block_1_90' title="bbox 1803 3826 3374 3892">
    <p class='ocr_par' dir='ltr' id='par_1_90' title="bbox 1803 3826 3374 3892">
     <span class='ocr_line' id='line_1_92' title="bbox 1803 3826 3374 3892; baseline -0.003 -9"><span class='ocrx_word' id='word_1_626' title='bbox 1803 3830 1872 3883; x_wconf 86' lang='lat' dir='ltr'><strong>ab</strong></span> <span class='ocrx_word' id='word_1_627' title='bbox 1913 3829 2196 3884; x_wconf 84' lang='lat' dir='ltr'><strong>llebraicis</strong></span> <span class='ocrx_word' id='word_1_628' title='bbox 2231 3831 2390 3885; x_wconf 88' lang='lat' dir='ltr'><strong>modo</strong></span> <span class='ocrx_word' id='word_1_629' title='bbox 2423 3826 2684 3892; x_wconf 75' lang='lat' dir='ltr'><strong>fontibus,</strong></span> <span class='ocrx_word' id='word_1_630' title='bbox 2718 3832 2810 3884; x_wconf 85' lang='lat' dir='ltr'><strong>sed</strong></span> <span class='ocrx_word' id='word_1_631' title='bbox 2844 3831 3004 3884; x_wconf 90' lang='lat' dir='ltr'><strong>etiam</strong></span> <span class='ocrx_word' id='word_1_632' title='bbox 3044 3826 3072 3881; x_wconf 81' lang='lat' dir='ltr'><strong>a</strong></span> <span class='ocrx_word' id='word_1_633' title='bbox 3106 3826 3247 3881; x_wconf 72' lang='lat' dir='ltr'><strong>LXX</strong></span> <span class='ocrx_word' id='word_1_634' title='bbox 3276 3827 3374 3880; x_wconf 86' lang='lat' dir='ltr'><strong>Se-</strong></span> 
     </span>
    </p>
   </div>
   <div class='ocr_carea' id='block_1_91' title="bbox 1804 3897 3370 3970">
    <p class='ocr_par' dir='ltr' id='par_1_91' title="bbox 1804 3897 3370 3970">
     <span class='ocr_line' id='line_1_93' title="bbox 1804 3897 3370 3970; baseline 0 -20"><span class='ocrx_word' id='word_1_635' title='bbox 1804 3901 2016 3970; x_wconf 76' lang='lat' dir='ltr'><strong>niorum</strong></span> <span class='ocrx_word' id='word_1_636' title='bbox 2050 3901 2316 3966; x_wconf 84' lang='lat' dir='ltr'><strong>numeris,</strong></span> <span class='ocrx_word' id='word_1_637' title='bbox 2349 3901 2655 3970; x_wconf 10' lang='lat' dir='ltr'><strong>cujursmodi</strong></span> <span class='ocrx_word' id='word_1_638' title='bbox 2691 3900 2850 3953; x_wconf 90' lang='lat' dir='ltr'><strong>hodie</strong></span> <span class='ocrx_word' id='word_1_639' title='bbox 2884 3907 3120 3970; x_wconf 83' lang='lat' dir='ltr'><strong>exstant,</strong></span> <span class='ocrx_word' id='word_1_640' title='bbox 3153 3897 3370 3951; x_wconf 87' lang='lat' dir='ltr'><strong>aberrat</strong></span> 
     </span>
    </p>
   </div>
   <div class='ocr_carea' id='block_1_92' title="bbox 1805 3969 3374 4038">
    <p class='ocr_par' dir='ltr' id='par_1_92' title="bbox 1805 3969 3374 4038">
     <span class='ocr_line' id='line_1_94' title="bbox 1805 3969 3374 4038; baseline 0 -19"><span class='ocrx_word' id='word_1_641' title='bbox 1805 3969 2158 4038; x_wconf 85' lang='lat' dir='ltr'><strong>Epiphanius.</strong></span> <span class='ocrx_word' id='word_1_642' title='bbox 2190 3970 2337 4025; x_wconf 87' lang='lat' dir='ltr'><strong>Dabo</strong></span> <span class='ocrx_word' id='word_1_643' title='bbox 2361 3969 2446 4025; x_wconf 88' lang='lat' dir='ltr'><strong>hic</strong></span> <span class='ocrx_word' id='word_1_644' title='bbox 2473 3969 2820 4024; x_wconf 63' lang='lat' dir='ltr'><strong>Hebraeorum</strong></span> <span class='ocrx_word' id='word_1_645' title='bbox 2849 3984 2912 4021; x_wconf 91' lang='lat' dir='ltr'><strong>ac</strong></span> <span class='ocrx_word' id='word_1_646' title='bbox 2942 3969 3253 4021; x_wconf 63' lang='lat' dir='ltr'><strong>Graecorum</strong></span> <span class='ocrx_word' id='word_1_647' title='bbox 3287 3980 3374 4020; x_wconf 87' lang='lat' dir='ltr'><strong>se-</strong></span> 
     </span>
    </p>
   </div>
   <div class='ocr_carea' id='block_1_93' title="bbox 1806 4038 3376 4108">
    <p class='ocr_par' dir='ltr' id='par_1_93' title="bbox 1806 4038 3376 4108">
     <span class='ocr_line' id='line_1_95' title="bbox 1806 4038 3376 4108; baseline 0 -18"><span class='ocrx_word' id='word_1_648' title='bbox 1806 4040 1959 4099; x_wconf 87' lang='lat' dir='ltr'><strong>riem,</strong></span> <span class='ocrx_word' id='word_1_649' title='bbox 1990 4048 2048 4093; x_wconf 93' lang='lat' dir='ltr'><strong>ut</strong></span> <span class='ocrx_word' id='word_1_650' title='bbox 2074 4056 2194 4108; x_wconf 78' lang='lat' dir='ltr'><strong>quae</strong></span> <span class='ocrx_word' id='word_1_651' title='bbox 2219 4041 2558 4095; x_wconf 88' lang='lat' dir='ltr'><strong>observanda</strong></span> <span class='ocrx_word' id='word_1_652' title='bbox 2589 4049 2718 4094; x_wconf 84' lang='lat' dir='ltr'><strong>sunt</strong></span> <span class='ocrx_word' id='word_1_653' title='bbox 2750 4039 2965 4092; x_wconf 82' lang='lat' dir='ltr'><strong>facilius</strong></span> <span class='ocrx_word' id='word_1_654' title='bbox 2991 4038 3225 4106; x_wconf 83' lang='lat' dir='ltr'><strong>quisque</strong></span> <span class='ocrx_word' id='word_1_655' title='bbox 3257 4050 3376 4106; x_wconf 84' lang='lat' dir='ltr'><strong>per-</strong></span> 
     </span>
    </p>
   </div>
   <div class='ocr_carea' id='block_1_94' title="bbox 115 4102 1982 4178">
    <p class='ocr_par' dir='ltr' id='par_1_94' title="bbox 115 4102 1982 4178">
     <span class='ocr_line' id='line_1_96' title="bbox 115 4102 1982 4178; baseline -0.002 -14"><span class='ocrx_word' id='word_1_656' title='bbox 115 4102 179 4164; x_wconf 65' lang='lat' dir='ltr'><strong>ét</strong></span> <span class='ocrx_word' id='word_1_657' title='bbox 211 4107 434 4162; x_wconf 85' lang='lat' dir='ltr'><strong>Hieron.</strong></span> <span class='ocrx_word' id='word_1_658' title='bbox 464 4102 621 4162; x_wconf 76' lang='lat' dir='ltr'><strong>docet</strong></span> <span class='ocrx_word' id='word_1_659' title='bbox 659 4106 904 4175; x_wconf 81' lang='lat' dir='ltr'><strong>Epistola</strong></span> <span class='ocrx_word' id='word_1_660' title='bbox 937 4105 1006 4159; x_wconf 86' lang='lat' dir='ltr'><strong>ad</strong></span> <span class='ocrx_word' id='word_1_661' title='bbox 1046 4103 1240 4176; x_wconf 84' lang='lat' dir='ltr'><strong>Evagr.</strong></span> <span class='ocrx_word' id='word_1_662' title='bbox 1277 4113 1585 4168; x_wconf 76' lang='lat' dir='ltr'><strong>etvcteres,</strong></span> <span class='ocrx_word' id='word_1_663' title='bbox 1617 4107 1694 4158; x_wconf 91' lang='lat' dir='ltr'><strong>uti</strong></span> <span class='ocrx_word' id='word_1_664' title='bbox 1726 4102 1772 4159; x_wconf 90' lang='lat' dir='ltr'><strong>D</strong></span> <span class='ocrx_word' id='word_1_665' title='bbox 1799 4109 1982 4178; x_wconf 87' lang='lat' dir='ltr'><strong>cipiat.</strong></span> 
     </span>
    </p>
   </div>
   <div class='ocr_carea' id='block_1_95' title="bbox 417 4219 992 4275">
    <p class='ocr_par' dir='ltr' id='par_1_95' title="bbox 417 4219 992 4275">
     <span class='ocr_line' id='line_1_97' title="bbox 417 4219 992 4275; baseline -0.003 -1"><span class='ocrx_word' id='word_1_666' title='bbox 417 4219 761 4275; x_wconf 78' lang='lat' dir='ltr'><strong>ﬂelmeorum</strong></span> <span class='ocrx_word' id='word_1_667' title='bbox 796 4225 851 4273; x_wconf 89' lang='lat' dir='ltr'><strong>et</strong></span> <span class='ocrx_word' id='word_1_668' title='bbox 884 4219 992 4272; x_wconf 86' lang='lat' dir='ltr'><strong>La-</strong></span> 
     </span>
    </p>
   </div>
   <div class='ocr_carea' id='block_1_96' title="bbox 465 4291 924 4348">
    <p class='ocr_par' dir='ltr' id='par_1_96' title="bbox 465 4291 924 4348">
     <span class='ocr_line' id='line_1_98' title="bbox 465 4291 924 4348; baseline -0.004 -4"><span class='ocrx_word' id='word_1_669' title='bbox 465 4292 703 4348; x_wconf 84' lang='lat' dir='ltr'><strong>tinorum</strong></span> <span class='ocrx_word' id='word_1_670' title='bbox 731 4291 924 4346; x_wconf 86' lang='lat' dir='ltr'><strong>series.</strong></span> 
     </span>
    </p>
   </div>
   <div class='ocr_carea' id='block_1_97' title="bbox 349 4431 1036 4501">
    <p class='ocr_par' dir='ltr' id='par_1_97' title="bbox 349 4431 1036 4501">
     <span class='ocr_line' id='line_1_99' title="bbox 349 4431 1036 4501; baseline -0.007 -15"><span class='ocrx_word' id='word_1_671' title='bbox 349 4433 472 4487; x_wconf 78' lang='lat' dir='ltr'><strong>Scin</strong></span> <span class='ocrx_word' id='word_1_672' title='bbox 499 4439 621 4501; x_wconf 84' lang='lat' dir='ltr'><strong>post</strong></span> <span class='ocrx_word' id='word_1_673' title='bbox 645 4431 908 4486; x_wconf 82' lang='lat' dir='ltr'><strong>diluvium</strong></span> <span class='ocrx_word' id='word_1_674' title='bbox 944 4445 1036 4501; x_wconf 78' lang='lat' dir='ltr'><strong>ge-</strong></span> 
     </span>
    </p>
   </div>
   <div class='ocr_carea' id='block_1_98' title="bbox 417 4497 1477 4556">
    <p class='ocr_par' dir='ltr' id='par_1_98' title="bbox 417 4497 1477 4556">
     <span class='ocr_line' id='line_1_100' title="bbox 417 4497 1477 4556; baseline -0.004 0"><span class='ocrx_word' id='word_1_675' title='bbox 417 4497 537 4556; x_wconf 83' lang='lat' dir='ltr'><strong>nuit</strong></span> <span class='ocrx_word' id='word_1_676' title='bbox 569 4518 712 4556; x_wconf 90' lang='lat' dir='ltr'><strong>annu</strong></span> <span class='ocrx_word' id='word_1_677' title='bbox 951 4497 966 4500; x_wconf 69' lang='grc'>’</span> <span class='ocrx_word' id='word_1_678' title='bbox 994 4499 1029 4550; x_wconf 74' lang='lat'><strong>2</strong></span> <span class='ocrx_word' id='word_1_679' title='bbox 1173 4497 1297 4552; x_wconf 87' lang='lat' dir='ltr'><strong>Sem</strong></span> <span class='ocrx_word' id='word_1_680' title='bbox 1333 4513 1477 4552; x_wconf 91' lang='lat' dir='ltr'><strong>anno</strong></span> 
     </span>
    </p>
   </div>
   <div class='ocr_carea' id='block_1_99' title="bbox 347 4568 1466 4637">
    <p class='ocr_par' dir='ltr' id='par_1_99' title="bbox 347 4568 1466 4637">
     <span class='ocr_line' id='line_1_101' title="bbox 347 4568 1466 4637; baseline -0.002 -12"><span class='ocrx_word' id='word_1_681' title='bbox 347 4573 634 4637; x_wconf 88' lang='lat' dir='ltr'><strong>Arphaxad</strong></span> <span class='ocrx_word' id='word_1_682' title='bbox 962 4568 1032 4623; x_wconf 83' lang='lat'><strong>&#39;55</strong></span> <span class='ocrx_word' id='word_1_683' title='bbox 1122 4595 1128 4599; x_wconf 88' lang='lat'><strong><em>-</em></strong></span> <span class='ocrx_word' id='word_1_684' title='bbox 1174 4568 1466 4637; x_wconf 78' lang='lat' dir='ltr'><strong>Arphaxad</strong></span> 
     </span>
    </p>
   </div>
   <div class='ocr_carea' id='block_1_100' title="bbox 349 4636 1385 4696">
    <p class='ocr_par' dir='ltr' id='par_1_100' title="bbox 349 4636 1385 4696">
     <span class='ocr_line' id='line_1_102' title="bbox 349 4636 1385 4696; baseline -0.004 0"><span class='ocrx_word' id='word_1_685' title='bbox 349 4636 472 4696; x_wconf 86' lang='lat' dir='ltr'><strong>Sala</strong></span> <span class='ocrx_word' id='word_1_686' title='bbox 964 4640 1032 4691; x_wconf 81' lang='grc'>50</span> <span class='ocrx_word' id='word_1_687' title='bbox 1176 4636 1385 4692; x_wconf 84' lang='lat' dir='ltr'><strong>Cainan</strong></span> 
     </span>
    </p>
   </div>
   <div class='ocr_carea' id='block_1_101' title="bbox 351 4706 1306 4767">
    <p class='ocr_par' dir='ltr' id='par_1_101' title="bbox 351 4706 1306 4767">
     <span class='ocr_line' id='line_1_103' title="bbox 351 4706 1306 4767; baseline -0.003 -3"><span class='ocrx_word' id='word_1_688' title='bbox 351 4713 492 4767; x_wconf 84' lang='lat' dir='ltr'><strong>Eber</strong></span> <span class='ocrx_word' id='word_1_689' title='bbox 967 4707 1036 4762; x_wconf 72' lang='grc'><strong>54</strong></span> <span class='ocrx_word' id='word_1_690' title='bbox 1181 4706 1306 4761; x_wconf 89' lang='lat' dir='ltr'><strong>Sala</strong></span> 
     </span>
    </p>
   </div>
   <div class='ocr_carea' id='block_1_102' title="bbox 351 4777 1325 4852">
    <p class='ocr_par' dir='ltr' id='par_1_102' title="bbox 351 4777 1325 4852">
     <span class='ocr_line' id='line_1_104' title="bbox 351 4777 1325 4852; baseline -0.003 -17"><span class='ocrx_word' id='word_1_691' title='bbox 351 4781 549 4852; x_wconf 78' lang='lat' dir='ltr'><strong>Phaleg</strong></span> <span class='ocrx_word' id='word_1_692' title='bbox 969 4778 1038 4852; x_wconf 58' lang='grc' dir='ltr'><strong>ξι)</strong></span> <span class='ocrx_word' id='word_1_693' title='bbox 1183 4777 1325 4852; x_wconf 59' lang='lat' dir='ltr'><strong>[lber</strong></span> 
     </span>
    </p>
   </div>
   <div class='ocr_carea' id='block_1_103' title="bbox 350 4847 1382 4919">
    <p class='ocr_par' dir='ltr' id='par_1_103' title="bbox 350 4847 1382 4919">
     <span class='ocr_line' id='line_1_105' title="bbox 350 4847 1382 4919; baseline -0.002 -14"><span class='ocrx_word' id='word_1_694' title='bbox 350 4852 464 4906; x_wconf 79' lang='lat' dir='ltr'><strong>Reu</strong></span> <span class='ocrx_word' id='word_1_695' title='bbox 519 4847 541 4852; x_wconf 53' lang='grc'>⁷</span> <span class='ocrx_word' id='word_1_696' title='bbox 970 4849 1039 4919; x_wconf 72' lang='grc'>52</span> <span class='ocrx_word' id='word_1_697' title='bbox 1181 4847 1382 4919; x_wconf 63' lang='lat' dir='ltr'><strong>[’haleg</strong></span> 
     </span>
    </p>
   </div>
   <div class='ocr_carea' id='block_1_104' title="bbox 352 4916 1298 4977">
    <p class='ocr_par' dir='ltr' id='par_1_104' title="bbox 352 4916 1298 4977">
     <span class='ocr_line' id='line_1_106' title="bbox 352 4916 1298 4977; baseline -0.004 -1"><span class='ocrx_word' id='word_1_698' title='bbox 352 4922 558 4977; x_wconf 88' lang='lat' dir='ltr'><strong>Seruch</strong></span> <span class='ocrx_word' id='word_1_699' title='bbox 973 4918 1040 4972; x_wconf 79' lang='lat'><strong>‘50</strong></span> <span class='ocrx_word' id='word_1_700' title='bbox 1186 4916 1298 4972; x_wconf 65' lang='lat' dir='ltr'><strong>lien</strong></span> 
     </span>
    </p>
   </div>
   <div class='ocr_carea' id='block_1_105' title="bbox 351 4986 1384 5046">
    <p class='ocr_par' dir='ltr' id='par_1_105' title="bbox 351 4986 1384 5046">
     <span class='ocr_line' id='line_1_107' title="bbox 351 4986 1384 5046; baseline -0.004 -2"><span class='ocrx_word' id='word_1_701' title='bbox 351 4990 567 5046; x_wconf 87' lang='lat' dir='ltr'><strong>Nachor</strong></span> <span class='ocrx_word' id='word_1_702' title='bbox 966 4989 1036 5042; x_wconf 68' lang='grc'>29</span> <span class='ocrx_word' id='word_1_703' title='bbox 1180 4986 1384 5041; x_wconf 75' lang='lat' dir='ltr'><strong>Serueh</strong></span> 
     </span>
    </p>
   </div>
   <div class='ocr_carea' id='block_1_106' title="bbox 353 5058 1395 5116">
    <p class='ocr_par' dir='ltr' id='par_1_106' title="bbox 353 5058 1395 5116">
     <span class='ocr_line' id='line_1_108' title="bbox 353 5058 1395 5116; baseline -0.002 -3"><span class='ocrx_word' id='word_1_704' title='bbox 353 5060 528 5116; x_wconf 88' lang='lat' dir='ltr'><strong>Thare</strong></span> <span class='ocrx_word' id='word_1_705' title='bbox 971 5060 1036 5114; x_wconf 84' lang='grc'>70</span> <span class='ocrx_word' id='word_1_706' title='bbox 1181 5058 1395 5112; x_wconf 76' lang='lat' dir='ltr'><strong>Nachor</strong></span> 
     </span>
    </p>
   </div>
   <div class='ocr_carea' id='block_1_107' title="bbox 354 5128 1367 5196">
    <p class='ocr_par' dir='ltr' id='par_1_107' title="bbox 354 5128 1367 5196">
     <span class='ocr_line' id='line_1_109' title="bbox 354 5128 1367 5196; baseline -0.004 -10"><span class='ocrx_word' id='word_1_707' title='bbox 354 5131 624 5188; x_wconf 80' lang='lat' dir='ltr'><strong>Abraham</strong></span> <span class='ocrx_word' id='word_1_708' title='bbox 645 5193 647 5196; x_wconf 32' lang='grc' dir='ltr'><strong>η</strong></span> <span class='ocrx_word' id='word_1_709' title='bbox 1188 5128 1367 5183; x_wconf 86' lang='lat' dir='ltr'><strong>Thare</strong></span> 
     </span>
    </p>
   </div>
   <div class='ocr_carea' id='block_1_108' title="bbox 418 5269 1057 5342">
    <p class='ocr_par' dir='ltr' id='par_1_108' title="bbox 418 5269 1057 5342">
     <span class='ocr_line' id='line_1_110' title="bbox 418 5269 1057 5342; baseline -0.008 -16"><span class='ocrx_word' id='word_1_710' title='bbox 418 5271 763 5342; x_wconf 81' lang='lat' dir='ltr'><strong>Colliguntur</strong></span> <span class='ocrx_word' id='word_1_711' title='bbox 793 5269 861 5342; x_wconf 88' lang='lat' dir='ltr'><strong>ad</strong></span> <span class='ocrx_word' id='word_1_712' title='bbox 891 5271 1057 5342; x_wconf 46' lang='lat' dir='ltr'><strong>abra-</strong></span> 
     </span>
    </p>
   </div>
   <div class='ocr_carea' id='block_1_109' title="bbox 356 5339 1023 5396">
    <p class='ocr_par' dir='ltr' id='par_1_109' title="bbox 356 5339 1023 5396">
     <span class='ocr_line' id='line_1_111' title="bbox 356 5339 1023 5396; baseline -0.006 -1"><span class='ocrx_word' id='word_1_713' title='bbox 356 5342 500 5396; x_wconf 87' lang='lat' dir='ltr'><strong>hami</strong></span> <span class='ocrx_word' id='word_1_714' title='bbox 530 5339 707 5396; x_wconf 75' lang='lat' dir='ltr'><strong>ortum</strong></span> <span class='ocrx_word' id='word_1_715' title='bbox 739 5341 866 5393; x_wconf 92' lang='lat' dir='ltr'><strong>anni</strong></span> <span class='ocrx_word' id='word_1_716' title='bbox 897 5339 1023 5394; x_wconf 71' lang='lat'><strong>292.</strong></span> 
     </span>
    </p>
   </div>
   <div class='ocr_carea' id='block_1_110' title="bbox 120 5499 1713 5576">
    <p class='ocr_par' dir='ltr' id='par_1_110' title="bbox 120 5499 1713 5576">
     <span class='ocr_line' id='line_1_112' title="bbox 120 5499 1713 5576; baseline -0.003 -17"><span class='ocrx_word' id='word_1_717' title='bbox 120 5505 305 5576; x_wconf 81' lang='lat' dir='ltr'><strong>Atqui</strong></span> <span class='ocrx_word' id='word_1_718' title='bbox 337 5521 412 5576; x_wconf 79' lang='lat' dir='ltr'><strong>ex</strong></span> <span class='ocrx_word' id='word_1_719' title='bbox 454 5504 734 5576; x_wconf 85' lang='lat' dir='ltr'><strong>Epiphanii</strong></span> <span class='ocrx_word' id='word_1_720' title='bbox 785 5503 1003 5576; x_wconf 74' lang='lat' dir='ltr'><strong>ratione</strong></span> <span class='ocrx_word' id='word_1_721' title='bbox 1045 5499 1376 5576; x_wconf 81' lang='lat' dir='ltr'><strong>colliguntur</strong></span> <span class='ocrx_word' id='word_1_722' title='bbox 1400 5501 1548 5576; x_wconf 75' lang='lat' dir='ltr'><strong>_a_u_ni</strong></span> <span class='ocrx_word' id='word_1_723' title='bbox 1577 5503 1713 5576; x_wconf 87' lang='lat' dir='ltr'><strong>dun-</strong></span> 
     </span>
    </p>
   </div>
   <div class='ocr_carea' id='block_1_111' title="bbox 124 5569 1709 5632">
    <p class='ocr_par' dir='ltr' id='par_1_111' title="bbox 124 5569 1709 5632">
     <span class='ocr_line' id='line_1_113' title="bbox 124 5569 1709 5632; baseline -0.005 -3"><span class='ocrx_word' id='word_1_724' title='bbox 124 5569 294 5632; x_wconf 61' lang='lat' dir='ltr'><strong>taxat</strong></span> <span class='ocrx_word' id='word_1_725' title='bbox 324 5575 430 5628; x_wconf 61' lang='lat'><strong>94?.</strong></span> <span class='ocrx_word' id='word_1_726' title='bbox 459 5569 717 5628; x_wconf 44' lang='lat' dir='ltr'><strong>a&#39;dilu‘vio</strong></span> <span class='ocrx_word' id='word_1_727' title='bbox 747 5573 811 5624; x_wconf 87' lang='lat' dir='ltr'><strong>ad</strong></span> <span class='ocrx_word' id='word_1_728' title='bbox 844 5570 1134 5624; x_wconf 83' lang='lat' dir='ltr'><strong>Abrahami</strong></span> <span class='ocrx_word' id='word_1_729' title='bbox 1170 5579 1371 5622; x_wconf 86' lang='lat' dir='ltr'><strong>ortum.</strong></span> <span class='ocrx_word' id='word_1_730' title='bbox 1400 5569 1709 5626; x_wconf 81' lang='lat' dir='ltr'><strong>Dill&#39;crentia</strong></span> 
     </span>
    </p>
   </div>
   <div class='ocr_carea' id='block_1_112' title="bbox 123 5637 1710 5714">
    <p class='ocr_par' dir='ltr' id='par_1_112' title="bbox 123 5637 1710 5714">
     <span class='ocr_line' id='line_1_114' title="bbox 123 5637 1710 5714; baseline -0.004 -12"><span class='ocrx_word' id='word_1_731' title='bbox 123 5653 222 5702; x_wconf 78' lang='lat' dir='ltr'><strong>est</strong></span> <span class='ocrx_word' id='word_1_732' title='bbox 262 5660 530 5700; x_wconf 85' lang='lat' dir='ltr'><strong>annorum</strong></span> <span class='ocrx_word' id='word_1_733' title='bbox 558 5644 684 5709; x_wconf 72' lang='lat'><strong>250,</strong></span> <span class='ocrx_word' id='word_1_734' title='bbox 729 5643 822 5714; x_wconf 88' lang='lat' dir='ltr'><strong>qui</strong></span> <span class='ocrx_word' id='word_1_735' title='bbox 860 5643 913 5694; x_wconf 91' lang='lat' dir='ltr'><strong>iu</strong></span> <span class='ocrx_word' id='word_1_736' title='bbox 952 5639 1094 5693; x_wconf 73' lang='lat' dir='ltr'><strong>LXX</strong></span> <span class='ocrx_word' id='word_1_737' title='bbox 1138 5637 1424 5695; x_wconf 80' lang='lat' dir='ltr'><strong>Seniurum</strong></span> <span class='ocrx_word' id='word_1_738' title='bbox 1473 5639 1710 5696; x_wconf 87' lang='lat' dir='ltr'><strong>editione</strong></span> 
     </span>
    </p>
   </div>
   <div class='ocr_carea' id='block_1_113' title="bbox 1207 4215 1809 4288">
    <p class='ocr_par' dir='ltr' id='par_1_113' title="bbox 1207 4215 1809 4288">
     <span class='ocr_line' id='line_1_115' title="bbox 1207 4215 1809 4288; baseline 0.005 -19"><span class='ocrx_word' id='word_1_739' title='bbox 1207 4215 1299 4288; x_wconf 71' lang='lat' dir='ltr'><strong>Ex</strong></span> <span class='ocrx_word' id='word_1_740' title='bbox 1315 4217 1553 4288; x_wconf 75' lang='lat' dir='ltr'><strong>editione</strong></span> <span class='ocrx_word' id='word_1_741' title='bbox 1566 4215 1809 4288; x_wconf 82' lang='lat' dir='ltr'><strong>Vulgata</strong></span> 
     </span>
    </p>
   </div>
   <div class='ocr_carea' id='block_1_114' title="bbox 1235 4285 1761 4343">
    <p class='ocr_par' dir='ltr' id='par_1_114' title="bbox 1235 4285 1761 4343">
     <span class='ocr_line' id='line_1_116' title="bbox 1235 4285 1761 4343; baseline 0 -3"><span class='ocrx_word' id='word_1_742' title='bbox 1235 4298 1244 4305; x_wconf 89' lang='grc'><strong>·</strong></span> <span class='ocrx_word' id='word_1_743' title='bbox 1279 4285 1418 4340; x_wconf 70' lang='lat' dir='ltr'><strong>LXX</strong></span> <span class='ocrx_word' id='word_1_744' title='bbox 1452 4285 1761 4343; x_wconf 74' lang='lat' dir='ltr'><strong>Senioruin.</strong></span> 
     </span>
    </p>
   </div>
   <div class='ocr_carea' id='block_1_115' title="bbox 2096 4218 2515 4291">
    <p class='ocr_par' dir='ltr' id='par_1_115' title="bbox 2096 4218 2515 4291">
     <span class='ocr_line' id='line_1_117' title="bbox 2096 4218 2515 4291; baseline 0.014 -21"><span class='ocrx_word' id='word_1_745' title='bbox 2096 4218 2363 4286; x_wconf 80' lang='lat' dir='ltr'><strong>Vixerunt</strong></span> <span class='ocrx_word' id='word_1_746' title='bbox 2394 4230 2515 4291; x_wconf 86' lang='lat' dir='ltr'><strong>post</strong></span> 
     </span>
    </p>
   </div>
   <div class='ocr_carea' id='block_1_116' title="bbox 1995 4287 3039 4429">
    <p class='ocr_par' dir='ltr' id='par_1_116' title="bbox 1995 4287 3039 4429">
     <span class='ocr_line' id='line_1_118' title="bbox 2090 4287 2974 4359; baseline -0.003 -15"><span class='ocrx_word' id='word_1_747' title='bbox 2090 4287 2511 4359; x_wconf 77' lang='lat' dir='ltr'><strong>generationem.</strong></span> <span class='ocrx_word' id='word_1_748' title='bbox 2855 4287 2974 4342; x_wconf 89' lang='lat' dir='ltr'><strong>Vita</strong></span> 
     </span>
     <span class='ocr_line' id='line_1_119' title="bbox 1995 4357 3039 4429; baseline 0.004 -17"><span class='ocrx_word' id='word_1_749' title='bbox 1995 4357 2070 4413; x_wconf 89' lang='lat' dir='ltr'><strong>Ex</strong></span> <span class='ocrx_word' id='word_1_750' title='bbox 2103 4359 2343 4416; x_wconf 62' lang='lat' dir='ltr'><strong>Hebraeis</strong></span> <span class='ocrx_word' id='word_1_751' title='bbox 2372 4370 2424 4416; x_wconf 90' lang='lat' dir='ltr'><strong>et</strong></span> <span class='ocrx_word' id='word_1_752' title='bbox 2449 4359 2678 4415; x_wconf 82' lang='lat' dir='ltr'><strong>Latinis.</strong></span> <span class='ocrx_word' id='word_1_753' title='bbox 2815 4359 3039 4429; x_wconf 59' lang='lat' dir='ltr'><strong>integra</strong></span> 
     </span>
    </p>
   </div>
   <div class='ocr_carea' id='block_1_117' title="bbox 1813 4497 2979 4554">
    <p class='ocr_par' dir='ltr' id='par_1_117' title="bbox 1813 4497 2979 4554">
     <span class='ocr_line' id='line_1_120' title="bbox 1813 4497 2979 4554; baseline 0.001 -4"><span class='ocrx_word' id='word_1_754' title='bbox 1813 4499 1849 4550; x_wconf 77' lang='grc'>2</span> <span class='ocrx_word' id='word_1_755' title='bbox 2241 4500 2345 4554; x_wconf 80' lang='grc'>500</span> <span class='ocrx_word' id='word_1_756' title='bbox 2368 4542 2373 4548; x_wconf 94' lang='grc'>.</span> <span class='ocrx_word' id='word_1_757' title='bbox 2875 4497 2979 4552; x_wconf 84' lang='grc'><strong>600</strong></span> 
     </span>
    </p>
   </div>
   <div class='ocr_carea' id='block_1_118' title="bbox 1749 4568 2982 4624">
    <p class='ocr_par' dir='ltr' id='par_1_118' title="bbox 1749 4568 2982 4624">
     <span class='ocr_line' id='line_1_121' title="bbox 1749 4568 2982 4624; baseline 0 -3"><span class='ocrx_word' id='word_1_758' title='bbox 1749 4569 1851 4623; x_wconf 77' lang='grc'><strong>155</strong></span> <span class='ocrx_word' id='word_1_759' title='bbox 2240 4570 2344 4624; x_wconf 80' lang='grc'><strong>505</strong></span> <span class='ocrx_word' id='word_1_760' title='bbox 2877 4568 2982 4622; x_wconf 74' lang='lat'><strong>358</strong></span> 
     </span>
    </p>
   </div>
   <div class='ocr_carea' id='block_1_119' title="bbox 1754 4707 2982 4776">
    <p class='ocr_par' dir='ltr' id='par_1_119' title="bbox 1754 4707 2982 4776">
     <span class='ocr_line' id='line_1_122' title="bbox 1754 4707 2982 4776; baseline -0.002 -14"><span class='ocrx_word' id='word_1_761' title='bbox 1754 4709 1852 4762; x_wconf 73' lang='grc' dir='ltr'>ιδι)</span> <span class='ocrx_word' id='word_1_762' title='bbox 2242 4709 2346 4776; x_wconf 72' lang='grc'><strong>405</strong></span> <span class='ocrx_word' id='word_1_763' title='bbox 2878 4707 2982 4761; x_wconf 68' lang='lat'><strong>453</strong></span> 
     </span>
    </p>
   </div>
   <div class='ocr_carea' id='block_1_120' title="bbox 1749 4777 2993 4833">
    <p class='ocr_par' dir='ltr' id='par_1_120' title="bbox 1749 4777 2993 4833">
     <span class='ocr_line' id='line_1_123' title="bbox 1749 4777 2993 4833; baseline 0.001 -2"><span class='ocrx_word' id='word_1_764' title='bbox 1749 4777 1850 4832; x_wconf 70' lang='grc'><strong>154</strong></span> <span class='ocrx_word' id='word_1_765' title='bbox 2241 4780 2346 4833; x_wconf 72' lang='grc'>450</span> <span class='ocrx_word' id='word_1_766' title='bbox 2875 4777 2993 4832; x_wconf 72' lang='grc'><strong>464.</strong></span> 
     </span>
    </p>
   </div>
   <div class='ocr_carea' id='block_1_121' title="bbox 1751 4847 2983 4903">
    <p class='ocr_par' dir='ltr' id='par_1_121' title="bbox 1751 4847 2983 4903">
     <span class='ocr_line' id='line_1_124' title="bbox 1751 4847 2983 4903; baseline 0 -1"><span class='ocrx_word' id='word_1_767' title='bbox 1751 4849 1852 4903; x_wconf 76' lang='grc'><strong>150</strong></span> <span class='ocrx_word' id='word_1_768' title='bbox 2240 4849 2346 4902; x_wconf 73' lang='grc'>200</span> <span class='ocrx_word' id='word_1_769' title='bbox 2875 4847 2983 4902; x_wconf 70' lang='grc'><strong>259</strong></span> 
     </span>
    </p>
   </div>
   <div class='ocr_carea' id='block_1_122' title="bbox 1752 4915 2983 4972">
    <p class='ocr_par' dir='ltr' id='par_1_122' title="bbox 1752 4915 2983 4972">
     <span class='ocr_line' id='line_1_125' title="bbox 1752 4915 2983 4972; baseline -0.002 0"><span class='ocrx_word' id='word_1_770' title='bbox 1752 4919 1855 4972; x_wconf 68' lang='grc'><strong>152</strong></span> <span class='ocrx_word' id='word_1_771' title='bbox 2242 4919 2346 4972; x_wconf 67' lang='grc'><strong>207</strong></span> <span class='ocrx_word' id='word_1_772' title='bbox 2877 4915 2983 4971; x_wconf 71' lang='grc'><strong>259</strong></span> 
     </span>
    </p>
   </div>
   <div class='ocr_carea' id='block_1_123' title="bbox 1751 4986 2987 5044">
    <p class='ocr_par' dir='ltr' id='par_1_123' title="bbox 1751 4986 2987 5044">
     <span class='ocr_line' id='line_1_126' title="bbox 1751 4986 2987 5044; baseline -0.001 -3"><span class='ocrx_word' id='word_1_773' title='bbox 1751 4990 1853 5044; x_wconf 77' lang='grc'><strong>150</strong></span> <span class='ocrx_word' id='word_1_774' title='bbox 1887 4997 1890 5002; x_wconf 89' lang='grc'><em>’</em></span> <span class='ocrx_word' id='word_1_775' title='bbox 2242 4988 2347 5042; x_wconf 70' lang='grc'>(200</span> <span class='ocrx_word' id='word_1_776' title='bbox 2878 4986 2987 5041; x_wconf 74' lang='grc'><strong>250</strong></span> 
     </span>
    </p>
   </div>
   <div class='ocr_carea' id='block_1_124' title="bbox 1760 5057 2982 5112">
    <p class='ocr_par' dir='ltr' id='par_1_124' title="bbox 1760 5057 2982 5112">
     <span class='ocr_line' id='line_1_127' title="bbox 1760 5057 2982 5112; baseline 0 -2"><span class='ocrx_word' id='word_1_777' title='bbox 1760 5059 1855 5112; x_wconf 83' lang='grc'><strong>179</strong></span> <span class='ocrx_word' id='word_1_778' title='bbox 2250 5060 2350 5111; x_wconf 76' lang='grc'><strong>119</strong></span> <span class='ocrx_word' id='word_1_779' title='bbox 2881 5057 2982 5111; x_wconf 75' lang='lat' dir='ltr'><strong>MS</strong></span> 
     </span>
    </p>
   </div>
   <div class='ocr_carea' id='block_1_125' title="bbox 1791 5126 2986 5186">
    <p class='ocr_par' dir='ltr' id='par_1_125' title="bbox 1791 5126 2986 5186">
     <span class='ocr_line' id='line_1_128' title="bbox 1791 5126 2986 5186; baseline 0.002 -7"><span class='ocrx_word' id='word_1_780' title='bbox 1791 5129 1859 5181; x_wconf 86' lang='lat'><strong>70</strong></span> <span class='ocrx_word' id='word_1_781' title='bbox 2249 5126 2356 5182; x_wconf 70' lang='grc'><strong>155</strong></span> <span class='ocrx_word' id='word_1_782' title='bbox 2879 5126 2986 5186; x_wconf 75' lang='grc'><strong>205</strong></span> 
     </span>
    </p>
   </div>
   <div class='ocr_carea' id='block_1_126' title="bbox 1231 5265 1861 5335">
    <p class='ocr_par' dir='ltr' id='par_1_126' title="bbox 1231 5265 1861 5335">
     <span class='ocr_line' id='line_1_129' title="bbox 1231 5265 1861 5335; baseline 0.006 -18"><span class='ocrx_word' id='word_1_783' title='bbox 1231 5265 1580 5335; x_wconf 87' lang='lat' dir='ltr'><strong>Colligunlur</strong></span> <span class='ocrx_word' id='word_1_784' title='bbox 1605 5268 1672 5320; x_wconf 90' lang='lat' dir='ltr'><strong>ad</strong></span> <span class='ocrx_word' id='word_1_785' title='bbox 1696 5269 1861 5322; x_wconf 85' lang='lat' dir='ltr'><strong>Abra-</strong></span> 
     </span>
    </p>
   </div>
   <div class='ocr_carea' id='block_1_127' title="bbox 1203 5335 1908 5392">
    <p class='ocr_par' dir='ltr' id='par_1_127' title="bbox 1203 5335 1908 5392">
     <span class='ocr_line' id='line_1_130' title="bbox 1203 5335 1908 5392; baseline 0.004 -5"><span class='ocrx_word' id='word_1_786' title='bbox 1203 5335 1350 5388; x_wconf 81' lang='lat' dir='ltr'><strong>hatni</strong></span> <span class='ocrx_word' id='word_1_787' title='bbox 1377 5346 1560 5390; x_wconf 86' lang='lat' dir='ltr'><strong>ortum</strong></span> <span class='ocrx_word' id='word_1_788' title='bbox 1590 5339 1722 5391; x_wconf 88' lang='lat' dir='ltr'><strong>anni</strong></span> <span class='ocrx_word' id='word_1_789' title='bbox 1754 5339 1908 5392; x_wconf 75' lang='grc'><strong>1172.</strong></span> 
     </span>
    </p>
   </div>
   <div class='ocr_carea' id='block_1_128' title="bbox 1818 5502 3384 5570">
    <p class='ocr_par' dir='ltr' id='par_1_128' title="bbox 1818 5502 3384 5570">
     <span class='ocr_line' id='line_1_131' title="bbox 1818 5502 3384 5570; baseline 0.002 -15"><span class='ocrx_word' id='word_1_790' title='bbox 1818 5519 1882 5556; x_wconf 82' lang='lat' dir='ltr'><strong>ex</strong></span> <span class='ocrx_word' id='word_1_791' title='bbox 1935 5504 2037 5558; x_wconf 79' lang='lat' dir='ltr'><strong>l5t)</strong></span> <span class='ocrx_word' id='word_1_792' title='bbox 2080 5502 2318 5566; x_wconf 83' lang='lat' dir='ltr'><strong>Cainan,</strong></span> <span class='ocrx_word' id='word_1_793' title='bbox 2345 5510 2398 5556; x_wconf 91' lang='lat' dir='ltr'><strong>et</strong></span> <span class='ocrx_word' id='word_1_794' title='bbox 2436 5503 2686 5559; x_wconf 81' lang='lat' dir='ltr'><strong>centenis</strong></span> <span class='ocrx_word' id='word_1_795' title='bbox 2733 5502 2995 5558; x_wconf 80' lang='lat' dir='ltr'><strong>Nachoris</strong></span> <span class='ocrx_word' id='word_1_796' title='bbox 3028 5510 3384 5570; x_wconf 81' lang='lat' dir='ltr'><strong>consurgunt.</strong></span> 
     </span>
    </p>
   </div>
   <div class='ocr_carea' id='block_1_129' title="bbox 1819 5569 3402 5643">
    <p class='ocr_par' dir='ltr' id='par_1_129' title="bbox 1819 5569 3402 5643">
     <span class='ocr_line' id='line_1_132' title="bbox 1819 5569 3402 5643; baseline 0.003 -18"><span class='ocrx_word' id='word_1_797' title='bbox 1819 5571 1993 5643; x_wconf 83' lang='lat' dir='ltr'><strong>Vulgo</strong></span> <span class='ocrx_word' id='word_1_798' title='bbox 2027 5573 2171 5627; x_wconf 89' lang='lat' dir='ltr'><strong>enim</strong></span> <span class='ocrx_word' id='word_1_799' title='bbox 2207 5569 2421 5626; x_wconf 82' lang='lat' dir='ltr'><strong>Nachor</strong></span> <span class='ocrx_word' id='word_1_800' title='bbox 2455 5574 2925 5637; x_wconf 66' lang='lat' dir='ltr'><strong>l7tlgtribuuuttu-,</strong></span> <span class='ocrx_word' id='word_1_801' title='bbox 2972 5574 3040 5626; x_wconf 87' lang='lat' dir='ltr'><strong>ab</strong></span> <span class='ocrx_word' id='word_1_802' title='bbox 3090 5569 3402 5642; x_wconf 67' lang='lat' dir='ltr'><strong>Epiphanio.</strong></span> 
     </span>
    </p>
   </div>
   <div class='ocr_carea' id='block_1_130' title="bbox 1818 5643 3396 5712">
    <p class='ocr_par' dir='ltr' id='par_1_130' title="bbox 1818 5643 3396 5712">
     <span class='ocr_line' id='line_1_133' title="bbox 1818 5643 3396 5712; baseline 0.001 -15"><span class='ocrx_word' id='word_1_803' title='bbox 1818 5659 1946 5702; x_wconf 86' lang='lat' dir='ltr'><strong>vero</strong></span> <span class='ocrx_word' id='word_1_804' title='bbox 1974 5643 2062 5704; x_wconf 76' lang='lat'><strong>79.</strong></span> <span class='ocrx_word' id='word_1_805' title='bbox 2100 5643 2165 5695; x_wconf 79' lang='lat' dir='ltr'><strong>At</strong></span> <span class='ocrx_word' id='word_1_806' title='bbox 2197 5658 2322 5699; x_wconf 86' lang='lat' dir='ltr'><strong>vero</strong></span> <span class='ocrx_word' id='word_1_807' title='bbox 2365 5643 2418 5697; x_wconf 90' lang='lat' dir='ltr'><strong>iu</strong></span> <span class='ocrx_word' id='word_1_808' title='bbox 2460 5643 2785 5698; x_wconf 60' lang='lat' dir='ltr'><strong>Prata-tione</strong></span> <span class='ocrx_word' id='word_1_809' title='bbox 2816 5644 2978 5711; x_wconf 88' lang='lat' dir='ltr'><strong>hujus</strong></span> <span class='ocrx_word' id='word_1_810' title='bbox 3013 5645 3214 5712; x_wconf 89' lang='lat' dir='ltr'><strong>operis,</strong></span> <span class='ocrx_word' id='word_1_811' title='bbox 3249 5654 3301 5696; x_wconf 88' lang='lat' dir='ltr'><strong>et</strong></span> <span class='ocrx_word' id='word_1_812' title='bbox 3333 5644 3396 5700; x_wconf 76' lang='lat' dir='ltr'><strong>in-</strong></span> 
     </span>
    </p>
   </div>
  </div>
