3846 6292
113 283 235 339 985

843 285 1214 343 ADVERSUS
1246 287 1590 345 HIERESE‘S
1618 292 1698 347 ιιι

1811 295 1848 350 1.
1879 293 2044 351 ΤΟΜ.
2085 296 2495 356 1.-11ίΕΙῖΕ8.
2536 303 2648 358 LV.

3286 311 3398 367 986

115 400 444 472 νομισθείη.
479 401 586 456 Καὶ
617 405 834 458 διέπεσε
873 408 1210 479 πανταχόθεν
1239 411 1274 480 ἡ
1307 409 1417 464 τῶν
1446 411 1698 486 Σαμαρειι

1824 412 2257 474 Melchisedccus
2290 420 2572 476 habeatur.
2605 422 2790 492 quue
2829 425 2989 480 modo
3025 426 3380 482 Samaritano-

113 488 237 540 τῶν
267 490 640 560 χυδαιολογία.

194 582 277 635 Z'.
341 582 586 637 Ἰουδαῖοι
629 585 794 640 πάλιν
820 587 1090 656 φάσκουσι
1126 589 1218 642 τὸν
1249 590 1488 648 τοιοῦτον
1514 593 1720 648 δίκαιον

121 672 232 740 μὲν
249 669 423 738 εἶναι,
451 677 546 730 καὶ
565 679 789 746 ἀγαθὸν,
805 682 899 734 καὶ
923 682 1074 754 ἱερέα
1097 681 1191 735 τοῦ
1216 683 1491 754 Ὑψίστου,
1510 687 1586 750 ὠς
1605 687 1718 759 ἔχει

117 763 154 831 ἡ
180 761 311 816 Θεία
337 765 532 838 Γρατρή
551 784 564 798 ·
587 768 677 822 διὰ
698 770 760 823 δὲ
777 771 874 823 τὸν
899 771 1014 825 υἱὸν
1043 768 1180 826 εἶναι
1201 773 1424 845 πόρνης,
1450 777 1600 846 φασὶ,
1619 778 1718 847 τὴν

121 853 355 934 μητέρα
376 857 545 911 αὐτοῦ
575 859 648 930 μὴ
676 861 1003 932 γεγράφθαι,
1043 864 1176 935 μηδὲ
1203 865 1293 918 τὸν
1321 866 1529 939 πατέρα
1553 869 1718 924 αὐτοῦ

116 945 524 1011 γινώσκεσθαι.
557 950 812 1018 Ἐξέπεσε
841 954 896 1007 δὲ
940 955 1032 1008 καὶ
1061 957 1264 1010 τοὺτων
1293 961 1320 1011 ὁ
1349 957 1597 1030 ληρώδης
1630 960 1720 1013 λό-

116 1053 242 1103 γος.
271 1039 392 1092 Καὶ
421 1040 592 1094 Ῥαὰό
615 1043 787 1114 πόρνη
816 1044 1046 1116 ὑπῆρχε,
1075 1047 1167 1100 καὶ
1187 1047 1301 1102 ἐστι
1329 1051 1712 1124 γεγραμμένη,

115 1128 221 1179 καὶ
285 1129 524 1201 Ζαμϐρὴ
573 1133 881 1204 πορνεύσας
935 1135 1264 1205 γέγραπται,
1321 1141 1415 1192 καὶ
1467 1142 1714 1215 Χασϐιθὴ

118 1216 245 1284 μετ’
278 1218 477 1283 αὐτοῦ,
507 1221 708 1293 καίπερ
748 1223 1001 1296 ἀλλοτρία
1037 1223 1193 1290 οὖσα,
1229 1231 1322 1283 καὶ
1349 1232 1449 1286 οὐκ
1489 1234 1594 1287 ἀπὸ
1619 1238 1713 1304 γέ-

114 1323 249 1368 νους
291 1306 514 1380 Ἰσραὴλ
554 1312 884 1385 ἀναγομένη.
921 1317 1028 1370 Καὶ
1081 1320 1188 1382 πᾶς
1231 1322 1259 1373 ό
1296 1321 1369 1392 μὴ
1414 1323 1500 1377 διὰ
1543 1325 1714 1397 Οὐρας

108 1398 535 1490 εἰσερχόμενος.
567 1403 644 1466 ὡς
677 1403 780 1476 ἔφη
810 1406 872 1460 τὸ
915 1407 1067 1477 ἆγιον
1105 1409 1456 1482 Εὑαγγέλιον,
1488 1416 1708 1490 λῃστὴς,

109 1489 214 1542 καὶ
243 1490 354 1543 οὐκ
378 1491 455 1544 ὧν
477 1495 681 1566 ποιμὴν
711 1496 964 1570 ὑπάρχει.

193 1662 290 1717 Ἑν
321 1664 379 1718 δὲ
408 1669 473 1738 τῇ
503 1666 800 1744 Ἐκκλησία
835 1674 993 1743 φύσει
1033 1678 1181 1742 τινὲς
1222 1678 1489 1753 διαφόρως
1519 1685 1708 1738 τοῦτον

1820 523 1941 560 rum
1978 510 2219 579 undique
2244 513 2460 568 vanitas
2483 514 2845 570 convincitur.

1889 597 2000 654 Vll.
2047 597 2151 655 Sed
2197 600 2370 657 Judaei
2430 604 2643 672 justum
2711 605 2963 660 eumdem
3037 621 3100 660 ac
3159 608 3391 677 probum

1821 691 2009 758 fuisse,
2045 705 2097 748 et
2140 695 2480 750 sacerdotem
2517 696 2788 752 Altissimi
2837 697 3100 765 fatentur,
3130 710 3190 752 ut
3218 709 3302 755 est
3333 701 3386 754 iu

1818 785 1992 840 sacris
2042 784 2266 842 Litteris
2314 789 2616 856 proditum.
2664 789 2820 856 Quod
2855 799 3035 846 autem
3088 793 3391 846 meretricis

1819 879 1965 934 ﬁlius
1998 888 2163 943 esset,
2201 879 2367 952 ᾗσι
2399 897 2576 949 neque
2607 883 2798 937 matris
2837 898 3037 937 nomen
3087 898 3213 938 esse
3261 882 3391 937 scri-

1817 982 1990 1040 ptum,
2023 987 2201 1040 neque
2233 973 2403 1040 patris
2435 974 2547 1028 ullo
2573 973 2735 1027 modo
2759 973 3061 1044 cognitum.
3096 974 3261 1044 Atqui
3288 989 3392 1029 nec

1816 1060 2030 1113 illorum
2060 1060 2439 1131 ineptissimus
2466 1079 2646 1117 sermo
2669 1065 2937 1132 procedit.
2963 1062 3098 1118 Nam
3121 1073 3176 1119 et
3198 1064 3389 1120 Rabab

1815 1152 2070 1207 meretrix
2108 1151 2302 1215 fuit,et
2337 1153 2458 1223 ejus
2490 1154 2848 1210 nihilominus
2887 1155 3172 1225 Scriptura
3196 1157 3384 1212 memi-

1813 1239 1893 1292 nit
1909 1240 1948 1293 ⁸.
1970 1237 2073 1294 Sed
2093 1239 2376 1296 etZambri
2396 1250 2449 1296 et
2469 1243 2814 1314 Chasbithazi‘
2836 1244 3163 1300 adulterium
3183 1246 3387 1301 ibidem

1812 1347 2133 1402 expressum
2159 1373 2174 1398 ,
2216 1335 2432 1390 tametsi
2465 1336 2657 1391 alienae
2703 1338 2893 1408 stirpis
2937 1338 3049 1393 haec
3077 1346 3244 1405 esset,
3283 1355 3386 1396 nec

1811 1419 2182 1476 lsraelitarum
2209 1439 2274 1478 ex
2297 1440 2495 1494 genere
2511 1425 2776 1495 originem
2802 1428 3064 1484 traheret.
3090 1429 3385 1486 Enimvero

1787 1513 2013 1590 omnis,
2052 1514 2145 1584 qui
2179 1509 2274 1584 per
2323 1516 2528 1571 ostium
2584 1533 2690 1572 non
2729 1518 2932 1584 intrat,
2970 1519 3059 1574 fur
3102 1531 3221 1586 est,
3273 1539 3384 1578 non

1813 1614 2019 1671 pastor,
2049 1615 2106 1660 ut
2143 1607 2196 1661 in
2231 1606 2523 1678 Evangelio
2563 1610 2826 1680 scriptum
2863 1620 2947 1666 est
2979 1612 3022 1667 ⁸.

1881 1694 2038 1762 Quod
2097 1699 2164 1753 ad
2219 1697 2536 1756 Catholicos
2576 1703 2791 1766 attinet,
2827 1718 2936 1757 non
2971 1719 3079 1758 uno
3117 1704 3279 1758 modo
3316 1705 3386 1761 de

109 1755 209 1808 τὸν
261 1757 607 1828 Μελχισεδὲκ
639 1763 928 1834 ὁρίζονται.
957 1769 1021 1819 Ui
1052 1769 1154 1839 μὲν
1185 1771 1293 1842 γὰρ
1324 1774 1522 1826 αὐτοῦί
1557 1776 1698 1847 νομί-

1811 1784 2208 1844 Melchisedeco
2254 1787 2532 1846 statuitur.
2568 1791 2799 1858 Quidam
2861 1795 3007 1848 enim
3061 1793 3154 1850 Dei
3184 1794 3383 1850 Filium

106 1844 286 1913 ζουσι,
301 1847 466 1916 φύσει
491 1851 582 1904 τὸν
609 1853 742 1908 Υἱὸν
769 1855 862 1909 τοῦ
883 1856 1018 1911 Θεοῦ
1042 1860 1102 1913 ὲν
1135 1861 1248 1934 ιδέᾳ
1275 1862 1562 1935 ἀνθρώπου
1589 1844 1708 1920 τοτε

107 1938 189 2008 τῷ
231 1939 498 2012 Ἀϐραὰμ
522 1946 851 2015 πεφηνέναι·
883 1949 1212 2005 ἐκπίπτουσι
1232 1953 1287 2005 δὲ
1321 1956 1416 2008 καὶ
1440 1957 1591 2010 αὐτοὶ
1615 1958 1708 2012 τοῦ

110 2032 513 2100 προκειμένου.
555 2036 630 2088 Οὐ
682 2036 791 2108 γάρ
831 2056 915 2103 τις
967 2041 1143 2112 ἑαυτῷ
1191 2043 1376 2113 ὅμοιος
1419 2049 1710 2120 γενήσεταί

117 2395 383 2469 Ἀϐραὰμ
439 2399 825 2460 δεδεκάτωκεν.
869 2407 1088 2478 Ἐπειδὴ
1143 2408 1252 2479 γὰρ
1289 2411 1388 2464 οὐκ
1423 2413 1480 2478 ἐξ
1525 2415 1704 2469 αὐτῶν

103 2485 228 2541 τῶν¹
263 2487 625 2560 Ἰσραηλιτῶν
668 2495 1090 2564 γενεαλογεῖται,
1119 2500 1520 2571 γενεαλογείται
1555 2505 1611 2559 δὲ
1647 2507 1703 2573 ἐξ

103 2577 292 2632 ἄλλων
343 2580 672 2652 ἀνθρώπων,
719 2587 922 2641 τούτων
964 2590 1124 2645 ἕνεκα
1166 2594 1380 2648 πάντων
1428 2599 1528 2670 τὴν
1574 2601 1706 2655 ὑπό-

107 2686 319 2740 μνησιν
389 2675 778 2747 ποιησάμενοι,
820 2679 908 2734 διὰ
949 2680 1046 2751 τὴν
1093 2684 1303 2756 αἵρεσιν
1347 2689 1550 2762 ταύτην
1602 2693 1704 2747 ὐπ-

97 2761 490 2833 εμνήσθημεν,
529 2768 622 2820 καὶ
649 2767 724 2831 ὡς
753 2769 812 2822 ἐν
847 2773 1181 2843 παρεκϐάσει
1217 2778 1342 2848 περὶ
1377 2761 1579 2836 τούτων
1611 2783 1696 2836 δι-

99 2855 466 2926 ηγησάμεθα.

171 2949 266 3003 ΞΡ.
313 2949 412 3013 Et;
443 2949 613 3022 ι5νομα
643 2953 700 3007 δὲ
741 2956 934 3010 τούτου
992 2960 1085 3014 τοῦ
1127 2961 1467 3034 Μελχισεδὲκ
1505 2967 1703 3038 ήπρο-

101 3041 388 3130 ειρημένη
421 3040 632 3114 αἵρεσις
665 3046 759 3099 καὶ
800 3048 899 3113 τὰς
945 3054 1260 3124 προσφορὰς
1298 3056 1576 3130 ἀναφέρει,
1609 3058 1702 3113 καὶ

101 3133 278 3187 αὐτὸν
306 3129 452 3188 εἶναι
471 3137 786 3208 εἰσαγωγέα
808 3142 944 3213 πρὸς
969 3143 1060 3196 τὸν
1092 3145 1222 3200 Θεόν
1243 3165 1256 3178 ο
1289 3149 1385 3202 καὶ
1417 3149 1485 3202 δι’
1515 3151 1699 3217 αὐτοῦ,

103 3225 269 3296 φησι,
304 3225 390 3279 δεῖ
429 3226 508 3297 τῷ
551 3228 670 3300 Θεῷ
702 3233 1067 3305 προσφέρειν·
1108 3237 1188 3290 ὅτι
1239 3238 1422 3310 ἄρχων
1461 3241 1579 3294 ἐστὶ
1625 3241 1703 3295 δι-

103 3315 442 3386 καιοσύνης,
494 3319 581 3370 ἐπ’
628 3320 778 3391 αὐτῷ
823 3323 995 3396 τούτῳ
1045 3328 1404 3395 κατασταθεὶς
1451 3331 1557 3384 ὑπὸ
1607 3331 1701 3386 τοῦ

98 3403 247 3457 θεοῦ
285 3407 348 3458 ὲν
377 3405 612 3478 οὐρανῷ,
644 3415 1009 3481 πνευματικός
1038 3433 1122 3481 τις
1163 3416 1258 3482 ὢν,
1286 3420 1380 3472 καὶ
1414 3421 1528 3485 υἱὸς
1565 3421 1700 3476 Θεοῦ

101 3496 467 3566 τεταγμένος.
496 3494 606 3554 καὶ
631 3501 696 3555 δι’
721 3503 740 3534 ’
768 3505 920 3574 ἡμᾶς
948 3506 1096 3578 αὑτῴ
1133 3511 1484 3582 προσφέρειν,
1515 3513 1697 3582 φασὶν,

102 3586 191 3676 ἵνα
237 3585 308 3638 δι’
344 3587 508 3676 αὑτοῦ
550 3593 886 3665 προσενεχθῇ
927 3596 1068 3667 ὑπὲρ
1096 3598 1287 3669 ἡμῶν,
1331 3603 1425 3655 καὶ
1451 3603 1701 3676 εὕρωμεν

99 3675 164 3730 δι’
200 3675 377 3730 αὐτοῦ
421 3677 584 3750 ζωήν.
633 3683 744 3735 Καὶ
792 3686 1027 3754 Χριστὸς
1073 3689 1191 3757 μὲν,
1235 3693 1418 3762 φησιν,
1451 3675 1696 3767 ἐξελέγη,

101 3771 190 3823 ἵνα
224 3772 381 3842 ἡμᾶς
419 3771 622 3846 καλέσῃ
667 3775 732 3826 ἐκ
785 3776 994 3852 πολλῶν
1035 3779 1168 3833 ὁδῶν
1207 3783 1288 3845 εἰς
1334 3783 1463 3854 μίαν
1496 3785 1698 3857 ταύτην

98 3864 203 3933 τὴν
240 3861 484 3932 γνῶσιν,
523 3867 627 3918 ὑπὸ
667 3867 809 3920 Θεοῦ
860 3871 1250 3942 κεχρισμέ-νος,
1305 3876 1401 3929 καὶ
1445 3877 1698 3943 ἐκλεκτὸς

100 3952 444 4022 γενόμενος)
483 3952 668 4026 ἐπειδὴ
722 3956 1063 4028 ἀπέστρεψεν
1096 3961 1244 4030 ἡμᾶς
1291 3963 1400 4016 ἀπὸ
1441 3964 1694 4028 εἰδώλων,

100 4044 197 4096 καὶ
227 4043 511 4110 ὑπέδειξεν
530 4048 664 4117 ἡμῖν
689 4049 789 4120 τὴν
819 4049 955 4102 ὁδόν.
996 4051 1082 4117 Ἐξ
1113 4044 1286 4123 οὗπερ
1309 4055 1338 4106 ὁ
1377 4055 1697 4119 ’Λπόστολος

105 4136 449 4201 ἀποσταλεὶς
499 4139 848 4211 ἀπεκάλυψεν
881 4142 1043 4213 ἡμῖν,
1080 4144 1161 4197 ὅτι
1203 4145 1402 4215 Μέγας
1454 4147 1625 4200 ἐστὶν
1663 4150 1697 4202 ό

106 4229 522 4297 Μελχισεδὲκ,
552 4232 651 4284 καὶ
678 4233 871 4301 ἱερεὺς
893 4233 1059 4302 μένει
1087 4239 1174 4302 εὶς
1197 4237 1304 4290 τὸν
1332 4237 1545 4292 αὶῶνω
1574 4240 1691 4305 καὶ,
1767 4243 1773 4249 ’

108 4322 397 4391 Θεωρεῖτε
428 4323 687 4390 πηλίκος
715 4321 926 4391 οὗτος·
968 4329 1062 4380 καὶ
1088 4327 1170 4381 ὅτι
1223 4329 1293 4383 Τὸ
1324 4331 1598 4385 ἔλασσον
1626 4333 1696 4386 ἐκ

104 4417 215 4471 τοῦ
242 4414 906 4486 μείζωὍςιεὺλογεῖται.
946 4418 1044 4472 Διὰ
1076 4419 1252 4484 τοῦτο,
1293 4423 1444 4492 φησὶ,
1478 4424 1572 4477 καὶ
1604 4425 1696 4478 τὸν

117 4508 379 4581 Ἀϐραὰμ
408 4509 500 4565 τὸν
527 4518 871 4584 πατριάρχην
905 4511 1216 4583 εὐλόγησεν,
1245 4513 1320 4576 ὡς
1347 4513 1548 4584 μείζων
1582 4514 1657 4570 ὧν
1676 4530 1691 4548 '

109 4596 172 4656 οὗ
202 4604 371 4674 ἡμεῖς
407 4605 574 4675 ἐσμεν
621 4604 855 4677 μύσται,
886 4605 1032 4669 ὅπως
1069 4604 1321 4676 τύχωμεν
1366 4608 1494 4678 παρ’
1529 4605 1694 4663 αὑτοῦ

109 4697 212 4764 τῆς
245 4694 521 4764 εὐλογίας.

179 4784 260 4842 θ’.
296 4787 410 4840 Καὶ
436 4787 511 4850 ὡς
541 4787 766 4858 μάταιος
789 4790 936 4841 πᾶσα
952 4787 1216 4858 αἱρέσεων
1245 4789 1277 4859 ή
1308 4787 1515 4840 διάνοια
1529 4788 1545 4840 i-
1564 4787 1694 4840 ’ἰδοὺ

107 4881 218 4950 γὰρ
263 4880 360 4932 καὶ
393 4879 548 4931 αὐτοὶ
584 4881 888 4951 ἠρνήσαντο
931 4879 1022 4932 τὸν
1065 4880 1242 4932 αὐτῶν
1281 4879 1577 4950 Δεσπότην,
1603 4877 1693 4931 τὸν

105 4971 464 5042 ἀγοράσαντα
499 4972 696 5035 αὐτοὺς
735 4970 812 5041 τῷ
866 4970 979 5040 ἰδίῳ
1032 4970 1196 5023 αὐτοῦ
1227 4970 1443 5040 αἵματι,
1475 4969 1566 5024 τὸν
1595 4969 1692 5023 οὐκ

92 5065 201 5116 ἀπὸ
235 5063 463 5133 Μαρίας
494 5061 881 5134 ἐναρξάμενον,
911 5061 985 5124 ὡς
1011 5062 1164 5114 αὐτοὶ
1203 5062 1534 5133 νομίζουσιν,
1575 5062 1689 5115 ἀλλ’

92 5155 180 5207 ἀεὶ
206 5155 343 5208 ὄντα
373 5155 513 5226 πρὸς
539 5155 630 5208 τὸν
660 5155 879 5224 Πατέρα
903 5155 1036 5206 Θεὸν
1065 5153 1258 5220 Λόγον,
1293 5154 1692 5224 γεγεννημένον

93 5243 157 5294 ὲκ
176 5241 270 5294 τοῦ
299 5242 514 5311 Πατρὸς
535 5242 790 5314 ἀνάρχως
817 5243 911 5295 καὶ
937 5242 1202 5313 ἀχρόνως,
1234 5241 1308 5304 ὡς
1333 5245 1482 5296 πᾶσα
1503 5244 1695 5315 Γραφὴ

97 5333 574 5404 διηγεῖταινφησὶ
622 5335 761 5405 γάρ’
811 5333 1163 5403 Ποιήσωμεν
1204 5332 1519 5402 ἄνθρωπον
1565 5324 1692 5388 κατ’

99 5427 307 5480 εικόνα
363 5425 661 5494 ἡμετέραν
711 5427 809 5480 καὶ
858 5425 986 5480 καθ’
1022 5427 1326 5496 ὁμοίωσιν,
1381 5425 1475 5480 καὶ
1516 5427 1585 5480 οὔ
1617 5427 1695 5498 τῷ

102 5519 463 5590 Μελχισεδέκ.
482 5521 540 5574 '0
595 5520 693 5590 μὲν
739 5520 849 5592 γὰρ
901 5521 1080 5592 ἱερεὺς
1109 5519 1205 5573 τοῦ
1234 5519 1370 5574 Θεοῦ
1416 5523 1566 5575 ἐστιν
1599 5521 1692 5575 τοῦ

179 5657 195 5685 ¹
225 5653 289 5709 F.
324 5656 508 5710 αὐτόν.
616 5658 635 5687 ²
663 5655 723 5709 F.
771 5656 870 5710 δεῖ.

984 5659 1004 5688 ⁸
1041 5657 1207 5732 Josue
1256 5674 1331 5724 ιι,
1377 5661 1410 5714 5
1461 5678 1581 5732 sqq.

109 5725 128 5756 '
169 5725 308 5784 ibid.
334 5726 390 5780 4.
467 5727 488 5758 ⁸
516 5727 647 5782 ibid.
681 5727 729 5785 Ἰ.

845 5728 864 5758 ⁹
905 5727 1040 5784 (itu.
1068 5746 1104 5795 ι,
1139 5729 1229 5785 ἳϐ.

1700 5660 1911 5719 ‘Num.
1962 5683 2085 5734 xxv,
2141 5667 2224 5721 Μ.

1811 1875 1958 1933 hunc
2005 1881 2323 1935 existimant
2372 1883 2686 1938 Abrahamo
2721 1894 2837 1939 tum
2903 1886 3139 1940 humana
3201 1889 3383 1964 specie

1791 1986 1930 2026 ~sese
1959 1972 2254 2028 videndum
2288 1975 2575 2032 obtulisse.
2609 1975 2814 2032 Verum
2846 1977 2922 2031 illi
2967 1981 3186 2048 penitus
3223 1979 3383 2034 uberh

1810 2079 1966 2119 rasae
1998 2065 2274 2122 videntur.
2316 2065 2504 2137 Neque
2534 2067 2680 2121 enim
2712 2068 2817 2123 Sibi
2851 2068 2952 2138 ipsi
2990 2070 3186 2126 similis
3208 2070 3386 2139 appel-

1808 2156 1906 2209 lari
1937 2156 2210 2227 quispiam
2257 2166 2457 2228 potest,
2489 2175 2614 2215 cum
2667 2159 2737 2216 de
2784 2159 3181 2217 Melchisedeco
3239 2161 3384 2218 Scri-

1690 2275 1705 2289 -
1807 2253 1966 2315 ptura
2001 2247 2149 2303 hunc
2184 2249 2241 2302 in
2279 2249 2507 2304 modum
2559 2251 2855 2321 loquatur:
2905 2250 3008 2317 Qui
3053 2253 3383 2308 assimilatas

1808 2335 1953 2392 Filio
2000 2337 2098 2392 Dei
2152 2351 2327 2393 manet
2371 2341 2613 2395 sacerdos
2669 2344 2726 2396 in
2761 2347 3080 2400 wternum‘.
3112 2346 3420 2401 Caeterum-

1807 2442 2000 2482 verum
2035 2430 2166 2484 illud
2197 2438 2303 2496 est,
2335 2447 2482 2496 eum,
2512 2432 2673 2501 cujus
2702 2448 2768 2486 ex
2805 2434 2942 2502 ipsis
2975 2435 3129 2505 origo
3158 2436 3387 2492 minime

1807 2521 2122 2587 duceretur,
2161 2522 2424 2578 decumas
2460 2525 2528 2578 ab
2579 2524 2893 2580 Abrahamo
2941 2527 3196 2595 cepisse:
3245 2543 3383 2597 quo-

1808 2609 1956 2663 niam
2009 2627 2072 2666 ex
2131 2612 2254 2666 aliis
2309 2613 2627 2670 hominibus
2684 2630 2845 2685 quam
2897 2614 3158 2672 lsraelitis
3207 2618 3382 2689 genus

1809 2701 1956 2756 illius
1982 2703 2308 2772 pertexitur.
2331 2704 2457 2760 Haec
2483 2706 2667 2760 omnia
2693 2716 2916 2776 propter
2947 2709 3194 2764 haeresim
3217 2711 3383 2774 istam

1807 2807 1837 2845 a
1878 2793 2040 2849 nobis
2084 2807 2516 2851 commemorata
2547 2806 2696 2866 sunt,
2738 2799 2810 2853 ac
2851 2800 2999 2854 velut
3042 2800 3387 2872 digressiouc.
3489 2865 3496 2875 ,

1807 2885 2040 2955 quadam
2073 2887 2322 2942 instituta
2355 2891 2625 2944 narratio.

1877 2975 2014 3031 Vill.
2056 2976 2176 3032 Jam
2202 2994 2332 3034 vero
2363 2979 2419 3034 in
2450 2981 2698 3050 ejusdem
2722 2981 3130 3041 Melchisedecis
3159 2986 3380 3042 nomine

1806 3070 1971 3124 etiam
2000 3071 2311 3128 oblationes
2337 3088 2472 3129 suas
2512 3073 2702 3129 eadem
2741 3084 2890 3131 secta
2924 3077 3183 3143 celebrat,
3215 3096 3382 3149 quem

1805 3161 1950 3232 apud
2001 3159 2173 3218 Deum
2215 3163 2615 3219 internuntium
2663 3182 2788 3222 esse
2853 3169 3132 3237 pradicat.
3185 3169 3383 3236 Quam-

1804 3254 1992 3308 obrem
2045 3253 2243 3322 hujus,
2295 3256 2490 3320 aiunt,
2521 3256 2833 3312 interventu
2883 3258 3081 3314 oﬂ‘erre
3132 3257 3244 3314 Deo
3283 3275 3381 3330 par

1802 3353 1906 3408 cst,
1936 3359 2003 3399 eo
2035 3345 2181 3414 quod
2215 3345 2447 3414 justitiaa
2476 3347 2550 3402 sit
2579 3349 2858 3418 princeps,
2899 3357 2953 3404 et
2994 3350 3063 3404 ad
3095 3350 3150 3405 id
3197 3351 3383 3420 ipsum

1804 3450 1832 3488 a
1860 3433 1973 3490 Deo
2004 3435 2058 3489 in
2091 3437 2232 3491 caelo
2267 3439 2627 3503 constitutus,
2668 3449 2856 3511 utpote
2885 3443 3151 3512 spiritalis
3189 3458 3252 3498 ac
3281 3442 3378 3498 Dei

1805 3526 1968 3581 ﬁlius.
2000 3525 2188 3598 Itaque
2226 3530 2461 3598 primum
2497 3533 2548 3586 ei
2603 3530 2868 3588 debemus
2912 3533 3129 3598 oﬂ‘erre,
3178 3543 3238 3588 ut
3282 3551 3380 3604 per

1801 3617 2053 3673 eumdem
2088 3633 2190 3688 pro
2241 3619 2404 3674 nobis
2457 3629 2943 3690 repraesententur,
2976 3636 3040 3678 ac
3086 3625 3250 3678 vitam
3280 3640 3380 3694 per

1801 3725 1927 3764 cum
1961 3725 2386 3781 consequamur.
2430 3711 2646 3768 Etenim
2692 3713 2969 3782 Christus,
3013 3716 3192 3781 aiunt,
3223 3718 3296 3772 ob
3319 3719 3375 3773 id

1799 3802 2011 3856 electus
2061 3811 2166 3869 est,
2203 3811 2262 3856 ut
2310 3819 2412 3859 nos
2443 3805 2512 3858 ad
2564 3820 2731 3859 unam
2785 3806 2931 3862 hanc
2977 3809 3267 3863 scientiam
3308 3825 3390 3876 ex.

1801 3891 2088 3961 multiplici
2119 3893 2334 3947 viarum
2385 3895 2626 3950 divortio
2664 3907 2973 3963 revocaret,
3001 3907 3058 3954 et
3104 3901 3309 3955 idcirco
3347 3919 3393 3964 a.

1801 3980 1910 4036 Deo
1945 3991 2144 4039 unctus
2174 3994 2228 4039 et
2279 3985 2516 4040 selectus
2563 3997 2667 4051 est,
2705 3991 2965 4056 quoniam
2999 4005 3096 4046 ros
3143 4005 3174 4044 ε
3221 3991 3386 4045 cultu-

1799 4072 2226 4128 simulacrorum
2279 4076 2607 4142 avcrtit,-et
2655 4078 2758 4133 iter
2805 4079 3066 4134 ostendit.
3125 4079 3278 4136 Unde
3317 4091 3377 4136 et

1798 4163 2099 4232 Apostolus
2122 4180 2151 4219 ιι
2181 4165 2290 4222 Ι)θο
2317 4167 2524 4223 missus
2555 4169 2699 4223 istud
2735 4171 2913 4241 ipsum
2947 4171 3106 4227 nobis
3140 4174 3388 4244 aperuit,

1797 4270 2058 4325 magnum
2106 4273 2228 4314 esse
2284 4259 2768 4329 Melchisedecum,
2824 4272 2877 4320 et
2927 4266 3264 4322 sacerdotem
3317 4268 3376 4324 in

1796 4355 2062 4403 teternum
2115 4366 2359 4407 manere.
2393 4352 2701 4421 tutamini,
2749 4357 2985 4427 iuquit’,
3029 4369 3256 4428 quantus
3295 4369 3383 4418 est;

1728 4456 1774 4514 ι)
1802 4438 1912 4492 ille.
1946 4439 2109 4504 Tum,
2145 4444 2405 4512 quoniam
2425 4444 2578 4510 Quod
2609 4448 2782 4502 minus
2815 4457 2892 4502 est
2932 4467 2965 4503 a
2990 4451 3191 4514 maiore
3219 4449 3378 4504 δοκε-ι

1798 4529 1995 4584 dicitur
2016 4532 2057 4586 ⁸.
2089 4531 2173 4589 Ob
2209 4535 2286 4599 id,
2344 4537 2631 4606 inquiunt,
2679 4540 2991 4595 Abrahamo
3049 4542 3400 4610 patriarchas.

1799 4622 2122 4690 benedixit,
2181 4636 2372 4697 utpote
2420 4644 2486 4684 eo
2541 4631 2739 4700 major.
2787 4631 2960 4700 Cujus
3016 4649 3118 4688 nos
3182 4646 3378 4704 mysta-

1798 4729 2011 4777 sumus,
2038 4723 2098 4770 ut
2123 4717 2194 4772 ab
2220 4719 2314 4774 illo
2347 4720 2792 4778 benedictionem
2820 4724 3195 4794 impetremus.

1872 4807 2034 4880 475
2070 4808 2156 4864 IX.
2193 4810 2296 4867 Sed
2317 4829 2479 4882 quam
2506 4815 2685 4870 inanis
2722 4825 2808 4872 est
2828 4818 3101 4873 limreseon
3129 4819 3384 4876 omnium

1801 4903 2027 4958 sensus!
2062 4901 2196 4957 Nam
2246 4913 2300 4959 et
2345 4906 2435 4961 isti
2484 4905 2775 4962 Dominum
2821 4924 2981 4963 suum
3013 4911 3382 4980 abnegarum,

1799 4995 1891 5065 qui
1922 4995 2044 5049 illos
2059 5010 2158 5050 suo
2187 4998 2452 5069 sanguine
2481 4998 2745 5064 redemit;
2770 5000 3096 5071 quiquenon
3119 5019 3149 5056 a
3175 5005 3376 5067 Maria,

1799 5093 1857 5140 ut
1888 5086 1965 5139 illi
2033 5096 2248 5157 putant,
2306 5090 2522 5145 initium
2578 5092 2783 5158 traxit;
2829 5092 2925 5148 sed
2971 5093 3113 5163 apud
3157 5092 3382 5149 Pan-em.

1797 5193 2011 5247 semper
2066 5180 2298 5244 exstitit,
2350 5181 2492 5238 Deus
2532 5182 2793 5248 Verbum,
2833 5198 2865 5237 a
2903 5182 3064 5239 Patre
3112 5185 3230 5242 sine
3265 5187 3376 5239 ulto

1798 5269 1956 5324 initio
1986 5280 2080 5325 aut
2109 5279 2352 5342 tempore
2387 5276 2651 5346 genitum,
2690 5284 2753 5330 ut
2786 5277 3039 5332 universa
3086 5276 3368 5349 Scriptura

1797 5363 2058 5418 declarat.
2094 5362 2184 5420 Sic
2216 5368 2362 5421 enim
2387 5369 2668 5438 loquitur:
2703 5368 2994 5423 Faciamus
3023 5369 3283 5423 hominem
3303 5366 3372 5419 ad

1797 5455 2080 5526 imaginem
2117 5467 2166 5512 et
2202 5459 2603 5514 similitudinem
2651 5461 2951 5514 nostram’.
2984 5457 3102 5514 Non
3148 5458 3373 5512 Melchi-

1799 5545 1995 5603 sedeco
2049 5550 2207 5618 dixit,
2262 5551 2355 5623 qui
2417 5550 2636 5607 tametsi
2681 5550 2778 5608 Dei
2823 5551 3075 5608 altissimi
3114 5549 3373 5605 sacerdos

2345 5669 2368 5699 ’
2398 5665 2557 5724 .‘oan.
2604 5683 2638 5720 ι
2709 5667 2764 5718 2.
2889 5667 2913 5698 ⁶
2951 5663 3117 5723 ilcbr.
3153 5677 3266 5728 vu,
3311 5661 3372 5721 3.,
