3846 6326
482 253 584 309 987

1919 261 1978 320 S.
2012 259 2354 318 EPIPHANII

479 379 640 425 aetate
671 385 768 426 sua
805 370 986 436 fuerit,
1015 388 1114 427 nec
1139 370 1305 427 ullum
1333 382 1453 444 post
1491 390 1550 430 se
1570 389 1942 431 successorem
1971 376 2063 430 ha-

2173 379 2388 451 ὖψίστον
2463 351 2524 434 εν
2571 383 2639 453 τῇ
2687 381 2793 455 ἰδίᾳ
2842 385 3024 455 γενεᾷ,
3055 384 3148 438 καὶ
3188 386 3286 438 οὐκ
3339 384 3467 454 ἔσχε.
3492 383 3744 454 διάδοχον

483 463 680 526 buerit,
704 464 927 519 minime
951 473 1130 519 tamen
1171 481 1201 520 e
1231 467 1500 536 supremis
1526 475 1630 529 est,
1667 483 1841 538 neque
1864 484 1894 522 e
1917 468 2058 524 cmlo

482 553 783 609 descendit.
833 552 1070 609 Proinde
1125 553 1402 624 Scriptura
1453 573 1558 611 non
1604 557 1786 610 dixit:
1831 555 2059 613 Demisit

482 644 756 698 Abraham
789 659 984 712 panem
1013 654 1066 698 et
1089 645 1296 707 vinum,
1327 647 1440 708 sed,
1469 645 1752 712 protulit‘,
1787 654 1896 700 tam
1930 647 2054 717 ipsi,

482 750 646 804 quam
681 735 747 790 iis
779 735 870 804 qui
905 751 1028 789 cum
1077 751 1141 789 eo
1169 745 1355 799 erant,
1403 744 1462 789 ut
1500 753 1530 790 a
1577 753 1764 808 regum
1810 738 2060 809 profliga-

485 828 635 882 tione
663 829 965 882 venientem
997 828 1358 896 patriarcham
1393 828 1690 898 exciperet.
1734 827 1870 883 Huic
1896 829 2061 898 igitur

381 958 390 971 .
489 933 591 986 pro
629 933 691 973 ea
721 933 828 987 qua
874 917 1134 988 prmditus
1183 926 1321 983 erat,
1361 917 1575 987 justitia
1604 934 1668 973 ac
1707 919 1829 984 fide,
1854 927 1908 973 et
1933 919 2061 974 reli-

485 1009 646 1078 gione
705 1009 1002 1064 benedixit.
1055 1008 1325 1075 Quoniam
1382 1005 1466 1063 in'
1497 1011 1751 1066 omnibus
1799 1012 2061 1079 probatus

488 1101 635 1154 nulla
656 1100 814 1154 olIicii
853 1101 936 1156 sui
969 1110 1118 1170 parte
1154 1101 1220 1154 ah
1253 1101 1464 1170 justitia
1492 1102 1803 1172 patriarcha
1846 1103 2064 1165 decide-

488 1203 589 1247 rat.
624 1192 764 1260 Quin
793 1194 956 1248 etiam
987 1193 1155 1247 Deum
1187 1193 1241 1247 in
1275 1193 1365 1246 illa
1397 1194 1737 1263 expeditione
1770 1195 2062 1264 opitulato-

488 1299 604 1338 rem
650 1283 912 1340 adversus
965 1285 1154 1339 hostes
1196 1284 1402 1347 habuit,
1431 1284 1522 1354 qui
1557 1285 1612 1338 in
1660 1283 2061 1340 Sodomitarum

488 1387 679 1443 agrum
713 1383 1026 1444 eruperant,
1087 1375 1320 1446 indeque
1377 1375 1563 1430 fratris
1598 1375 1766 1430 filium
1809 1385 2058 1431 sanctum

489 1461 591 1519 Lot
621 1466 982 1533 abduxerant,
1019 1483 1178 1537 quem
1214 1483 1336 1520 cum
1388 1469 1534 1522 omni
1561 1467 1744 1538 przeda
1773 1485 1837 1522 ac
1872 1469 2061 1538 spoliis

495 1557 824 1612 incolumem
856 1559 1095 1614 reduxit.
1117 1559 1186 1612 At
1225 1559 1352 1613 illud
1395 1574 1556 1628 quam
1583 1545 1809 1628 copiose
1842 1559 2064 1614 demon-

488 1652 652 1706 strari
682 1659 876 1722 potest,
911 1651 1105 1706 Filium
1154 1668 1277 1706 cum
1325 1652 1483 1707 Patre
1522 1661 1800 1722 ,perpetuo
1851 1651 2065 1706 fuisse?

491 1741 557 1797 In
575 1745 851 1813 principio,
893 1746 1089 1816 inquit,
1120 1756 1233 1800 erat
1271 1747 1511 1810 Verbum,
1555 1755 1604 1800 et
1665 1745 1887 1800 Verbum
1947 1755 2064 1799 erat

490 1835 630 1903 apud
679 1836 863 1900 Deum,
893 1847 940 1890 et
980 1837 1112 1890 Deus
1138 1847 1250 1890 erat
1306 1837 1529 1891 Verbum
1557 1839 1598 1889 ἰ
1636 1834 1755 1889 Non
1789 1835 1925 1888 dixit
1957 1853 1969 1888 :
2004 1834 2062 1888 In

494 1926 759 1995 principio
777 1938 892 1981 erat
919 1925 1295 1980 Melchisedec.
1331 1928 1462 1980 Item
1499 1943 1510 1976 :
1564 1903 1712 1984 Venit
1749 1926 1909 1995 igitur
1951 1925 2065 1978 Do-

493 2017 665 2070 minus
724 2016 792 2068 ad
855 2016 1153 2078 Abraham;
1188 2026 1235 2069 et
1271 2017 1404 2083 pluit
1469 2016 1720 2070 Dominus
1760 2033 1789 2068 a
1845 2006 2064 2070 Domino

493 2108 684 2176 ignem,
708 2117 755 2160 el
787 2107 1006 2175 sulphur
1028 2121 1182 2173 super
1216 2106 1444 2159 Sodoma
1472 2117 1518 2159 et
1546 2105 1836 2159 Gomorrha
1861 2106 1904 2161 ³.
1931 2103 2068 2158 Prte-

495 2207 663 2258 terea,
712 2195 855 2250 Unus
921 2196 1084 2258 Deus,
1123 2197 1197 2249 ait
1221 2197 1512 2265 Apostolus
1542 2196 1586 2258 ⁸,
1613 2211 1677 2249 ex
1708 2212 1808 2265 quo
1841 2195 2018 2248 omnia
2047 2211 2066 2258 ;

491 2297 542 2341 et
568 2305 700 2341 unus
736 2287 986 2342 Dominus
1014 2286 1169 2341 Jesus
1196 2286 1464 2351 Christus,
1489 2304 1578 2356 per
1607 2303 1756 2358 quem
1795 2287 1992 2342 omnia.

564 2379 641 2434 Ae
667 2395 735 2435 ne
759 2380 884 2450 quis
910 2379 1205 2448 ohjieeret:
1242 2378 1344 2434 Ubi
1383 2387 1466 2434 est
1496 2379 1662 2448 igitur
1686 2377 1924 2447 Spiritus
1947 2393 2068 2434 san-

493 2478 635 2528 ctus.
663 2485 787 2523 eum
830 2470 992 2522 unius
1032 2480 1196 2538 atque
1224 2469 1387 2522 unius
1419 2469 1698 2522 duntaxat
1735 2470 2063 2524 mentionem

497 2560 695 2616 faciat?
730 2559 836 2614 Sed
895 2560 1157 2628 Spiritum
1201 2566 1449 2613 sanctum
1492 2560 1690 2615 suimet
1716 2561 1888 2629 ipsius
1919 2575 2070 2614 com-

494 2651 863 2705 mendatorem
927 2665 989 2702 ac
1036 2650 1443 2718 praedicatorem
1495 2664 1616 2704 esse
1655 2649 1879 2704 minime
1935 2666 2070 2704 con-

492 2742 740 2812 gruebat.
766 2739 897 2793 Illud
929 2740 1073 2812 enim
1097 2740 1377 2811 Scriptura
1407 2755 1563 2795 sacra
1585 2749 1847 2810 perpetuo
1865 2750 2065 2807 servat,

493 2842 552 2886 ut
585 2849 642 2888 se
677 2833 833 2886 nobis
887 2811 1216 2900 exemplaris
1255 2832 1429 2886 instar
1470 2840 1758 2902 preponat.
1797 2832 2068 2898 Quocirca

495 2924 607 2978 inec
635 2925 687 2978 in
726 2923 933 2994 Spiritu
966 2935 1157 2978 saneto
1186 2925 1514 2993 loquebatur
1538 2925 1834 2993 Apostolus
1869 2944 1881 2979 :
1923 2923 2068 2978 Unus

2163 473 2276 540 μετ’
2310 470 2473 524 αὐτόν
2492 487 2504 499 ·
2541 471 2674 526 ἀλλὰ
2703 474 2803 527 οὐκ
2830 473 2975 528 ἔστιν
3001 475 3206 529 ἄνωθεν
3231 475 3327 528 ἀπ’
3359 473 3606 544 οὐρανοῦ
3643 492 3745 526 κα-

2159 559 2348 623 ταϐάς.
2380 561 2457 613 Οὐ
2493 560 2600 634 γὰρ
2633 559 2784 616 εἶπεν
2829 565 2863 633 ἡ
2914 563 3128 634 Γραφὴ,
3171 565 3254 616 ὅτι
3296 565 3630 633 Κατήνεγκε
3668 563 3746 630 τῷ

2173 648 2420 720 Ἀϐραὰμ
2456 649 2620 721 ἄρτον
2652 652 2744 704 καὶ
2775 645 2914 706 οἶνον
2932 667 2946 680 ·
2980 651 3483 716 ἀλλὰ,ὲξέ6ἀλλεν
3507 652 3665 720 αὐτῷ
3687 669 3744 702 τε

2159 740 2255 792 καὶ
2280 743 2392 803 τοῖς
2421 742 2539 810 μετ’
2565 740 2750 808 αὐτοῦ,
2783 741 2858 805 ὡς
2886 743 2994 796 ἀπὸ
3034 742 3144 795 τῶν
3180 741 3446 811 βασιλέων
3471 742 3744 807 ὑποδεξά-

2165 846 2320 898 μενος
2342 829 2432 882 τὸν
2466 831 2756 900 ἐρχόμενον
2780 831 3143 902 πατριάρχην.
3171 831 3280 885 Kal
3306 830 3624 900 ηὑλόγησεν
3648 832 3746 884 αὖ-

2159 920 2250 970 τὸν
2272 917 2362 972 διὰ
2385 918 2483 989 τὴν
2507 919 2811 990 προσοῦσαν
2843 918 2991 989 αὐτῷ
3017 917 3380 990 δικαιοσύνην,
3416 921 3513 971 καὶ
3561 920 3625 970 τὸ
3659 937 3748 971 πι-

2163 1013 2306 1078 στὸν,
2341 1013 2435 1077 καὶ
2456 1011 2516 1064 τὸ
2541 1012 2768 1077 εὐλαϐὲς
2795 1011 2884 1066 τοῦ
2917 1012 3126 1082 ἀνδρὸς,
3161 1015 3242 1066 ὅτι
3281 1014 3339 1064 ὲν
3390 1011 3569 1066 ἅπασι
3600 1012 3747 1064 δοκι-

2165 1102 2412 1174 μασθεὶς,
2445 1105 2503 1158 ὲν
2550 1105 2726 1164 οὐδενὶ
2765 1103 2986 1170 ἐξέπεσε
3033 1103 3132 1172 τῆς
3171 1103 3518 1174 δικαιοσύνης
3561 1105 3594 1155 ὁ
3641 1122 3746 1156 πα-

2161 1197 2444 1267 τριάρχης.
2464 1197 2622 1250 Ἀλλὰ
2647 1197 2740 1250 καὶ
2769 1199 2826 1249 ὲν
2858 1196 3030 1267 τούτῳ
3057 1196 3312 1266 συνεργὸν
3339 1196 3466 1266 ἔσχε
3495 1195 3591 1247 τὸν
3611 1195 3746 1246 Θεὺν

2163 1288 2302 1340 κατὰ
2332 1287 2438 1341 τῶν
2474 1288 2687 1358 ἀληθῶς
2716 1288 3047 1341 ἐπελθόντων
3071 1290 3137 1358 τῇ
3163 1287 3270 1340 τῶν
3298 1287 3612 1357 Σοδομιτῶν
3639 1289 3746 1355 χὼ·-

2166 1395 2255 1449 ρᾳ,
2287 1379 2382 1432 καὶ
2422 1378 2788 1448 ἀφελομένων,
2818 1379 2908 1432 καὶ
2949 1379 3040 1431 τὸν
3087 1376 3400 1446 ἀδελφιδοῦν
3448 1377 3622 1430 αὑτοῦ
3654 1377 3743 1429 τὸν

2163 1469 2315 1538 ἆγιον
2361 1469 2501 1532 Λὼτ,
2534 1468 2592 1522 ὃν
2639 1469 2732 1522 καὶ
2781 1469 3090 1540 ἀπέστρεψε
3125 1469 3221 1539 μὲν
3250 1468 3387 1538 μετὰ
3427 1468 3615 1538 πάσης
3645 1468 3743 1536 τῆς

2166 1558 2504 1621 σκυλεύσεως
2545 1559 2638 1611 καὶ
2685 1558 3128 1629 λαφυραγωγίας.
3179 1559 3286 1610 Καὶ
3341 1557 3505 1610 πόθεν
3543 1558 3656 1628 γὰρ
3683 1560 3741 1609 οὐ

2165 1649 2446 1720 δείξωμεν,
2475 1649 2557 1702 ὅτι
2583 1645 2650 1720 ἦν
2677 1650 2763 1702 ἀεὶ
2787 1650 2912 1712 Υἱὸς
2943 1651 3038 1703 σὺν
3069 1648 3272 1720 Πατρίς
3326 1650 3422 1701 Ἐν
3444 1647 3608 1717 ἀρχῇ
3637 1649 3744 1718 γὰρ

2097 1716 2138 1771 Β
2166 1736 2244 1812 ἦν
2271 1745 2303 1795 d
2329 1716 2541 1811 Ᾰόγος,
2581 1716 2680 1797 καὶ
2720 1741 2972 1816 ό-Λόγος
3004 1738 3081 1811 ἦν
3116 1716 3264 1808 πρὸς
3297 1741 3404 1794 τὸν
3435 1716 3611 1801 Θεὸν,
3645 1716 3743 1794 arui

2168 1832 2310 1900 Θεὸς
2360 1829 2437 1903 ἦν
2481 1833 2742 1903 ὀΛόγος.
2789 1833 2899 1884 Καὶ
2937 1833 3037 1885 οὐκ
3079 1829 3260 1884 εἶπεν⁸
3307 1833 3364 1884 Ὁ
3399 1834 3744 1902 Μελχισεδὲκ

2166 1925 2224 1985 ἐν
2253 1925 2394 1996 ἀρχῇ
2427 1919 2494 1994 ἦν
2515 1940 2528 1955 ο
2588 1925 2681 1976 καὶ
2723 1923 2884 1976 πάλιν
2908 1939 2920 1951 ·
2962 1919 3178 1976 Ἦλθεν
3207 1917 3320 1975 οὖν
3346 1923 3564 1989 Κύριος
3596 1923 3746 1989 πμλς

2178 2000 2577 2084 Ἀϐραὰμκαὶ
2630 2015 2831 2081 ἔϐρεξε
2875 2016 3089 2081 Κύριος
3132 2013 3290 2080 παρὰ
3333 2015 3557 2081 Kvpiov
3603 2014 3742 2080 πῦρ,

2167 2108 2265 2173 καὶ
2310 2108 2470 2163 θεῖον
2515 2107 2613 2160 ἐπὶ
2645 2106 2875 2174 Σόδομα
2903 2105 3000 2163 καὶ
3032 2105 3320 2173 ι’ὁμορία.
3368 2106 3477 2156 Καὶ
3521 2107 3552 2156 ὁ
3593 2103 3743 2170 ἅγιος

2179 2198 2496 2265 ’Λπόστολός
2529 2214 2691 2268 φησιν
2711 2213 2722 2224 ·
2758 2191 2860 2262 Εἷς
2894 2195 3055 2261 Θεὸς,
3085 2195 3153 2259 ἐξ
3183 2190 3254 2250 οὗ
3277 2195 3348 2247 τὰ
3379 2193 3581 2246 πάντα
3605 2209 3619 2219 ·
3644 2195 3742 2245 καὶ

2166 2286 2254 2357 εἷς
2283 2291 2497 2358 Κύριος
2535 2287 2763 2355 Ἰησοῦς
2791 2287 3060 2356 Χριστός,
3088 2287 3160 2340 δι’
3183 2283 3253 2342 οὗ
3281 2286 3353 2344 τὰ
3379 2284 3601 2337 πάντα.

2239 2382 2351 2437 Kal
2377 2382 2463 2435 ἵνα
2501 2382 2574 2452 μή
2603 2399 2686 2444 τις
2712 2381 2858 2450 εἴπῃ⁶
2893 2377 3100 2433 Οὐκοῦν
3129 2375 3227 2429 ποῦ
3259 2375 3372 2428 ἔστι
3403 2376 3465 2427 τὸ
3495 2373 3741 2443 Πνεῦμα,

2168 2475 2354 2546 ἐπειδὴ
2399 2476 2529 2544 περ)⁸
2571 2474 2686 2536 ἑνὸς
2731 2473 2822 2524 καὶ
2867 2470 2983 2533 ἑνὸς
3025 2470 3324 2540 διηγεῖταις
3368 2468 3483 2521 Οὐκ
3527 2466 3636 2520 ἔδει
3685 2468 3745 2517 τὸ

2169 2550 2391 2634 Πνεῦμα
2407 2562 2810 2626 γαύτοσύστατον
2839 2559 2969 2613 αὐτὸ
2988 2556 3237 2625 γενέσθαι
3263 2553 3478 2608 ἑαυτοῦ.
3497 2554 3612 2605 Ἀεὶ
3637 2552 3745 2622 γὰρ

2171 2656 2492 2726 φυλάττεται
2518 2656 2551 2723 ἡ
2575 2651 2906 2724 οείαηΓραςφὴ
2933 2647 3293 2718 ὑπογραμμὸς
3316 2647 3447 2716 ἡμῖν
3473 2643 3742 2712 γίνεσθαι.

2183 2745 2508 2815 Ἐφθέγγετο
2537 2740 2630 2798 οὖν
2663 2746 2718 2797 ὲν
2747 2742 3022 2811 Πνεύματι
3052 2739 3190 2808 ἁγίῳ
3219 2739 3247 2789 ό
3279 2735 3625 2796 Ἀπόστολος,
3653 2735 3745 2786 καὶ

2170 2837 2378 2906 ἔλεγενο
2407 2832 2514 2903 Εἷς
2551 2835 2715 2901 Θεὸς,
2737 2836 2807 2899 ἐξ
2844 2829 2916 2888 οὗ
2944 2833 3012 2886 τὰ
3042 2831 3262 2894 πάντα,
3293 2830 3390 2882 καὶ
3415 2821 3502 2894 εἷς
3529 2829 3746 2895 Hiram,-

2183 2928 2411 2996 Ἰησοῦς
2466 2927 2737 2995 Χριστὸς,
2788 2926 2859 2982 διῗ
2906 2921 2982 2980 οὗ
3029 2925 3099 2978 τὰ
3143 2921 3360 2977 πάντα.
3382 2918 3493 2977 Ἦν
3540 2922 3600 2975 δὲ
3649 2924 3745 2975 σὺν

495 3013 632 3068 Deus
665 3030 729 3068 ea:
755 3031 856 3084 quo
885 3015 1084 3075 omnia,
1111 3022 1157 3066 et
1181 3030 1316 3067 unus
1343 3013 1599 3066 Dominus
1625 3012 1781 3066 Iesus
1804 3013 2065 3078 Christus,

2173 3018 2449 3089 Πνεῦματι
2502 3019 2640 3088 ἁγίῳ
2683 3018 2854 3086 λέγων
2900 3015 3093 3071 τοῦτο·
3131 3016 3190 3068 οὐ
3231 3014 3340 3085 γὰρ
3387 3015 3471 3067 ἵνα
3522 3013 3740 3082 λεὶψῃή

492 3119 584 3172 per
634 3120 782 3174 quem
810 3105 1006 3156 omnia.
1050 3103 1121 3156 At
1170 3103 1262 3171 qui
1315 3118 1437 3156 eum
1493 3100 1698 3171 Spiritu
1743 3111 1935 3157 sancto
1964 3104 2070 3157 ista

493 3196 737 3266 dicebat,
795 3210 970 3264 neque
1026 3207 1274 3248 mancam
1340 3207 1462 3247 esse
1515 3191 1772 3246 Triadem
1833 3195 2065 3249 volebat.

493 3287 574 3341 Ad
597 3284 712 3341 haec
734 3284 997 3340 Dominus
1028 3284 1142 3353 ipse
1168 3283 1455 3352 perspicue
1485 3281 1648 3335 dicit:
1672 3281 1866 3336 Euntes
1905 3283 2073 3353 bapti-

495 3389 612 3434 zate
628 3395 801 3434 omnes
827 3389 1000 3448 gentes
1017 3378 1066 3430 in
1081 3377 1285 3430 nomine
1303 3374 1509 3437 Patris,
1524 3385 1571 3428 et
1589 3373 1737 3439 Filii,
1756 3387 1802 3428 et
1839 3375 2069 3445 Spiritus

493 3471 664 3525 sancti
686 3471 728 3522 '.
761 3470 1056 3539 Apostolus
1089 3483 1304 3538 quoque
1331 3482 1343 3517 :
1385 3465 1530 3520 Unus
1565 3483 1680 3520 vero
1703 3477 1778 3520 est
1807 3467 2062 3536 Spiritus,

496 3565 674 3633 inquit
700 3564 741 3625 ⁸,
766 3561 1001 3614 dividens
1038 3560 1202 3630 476
1229 3559 1504 3628 unicuique
1524 3569 1678 3626 prout
1704 3561 1833 3626 vult,
1866 3558 1934 3611 ad
1951 3560 2063 3629 ejus

498 3653 802 3706 utilitatem.
834 3650 911 3704 En
972 3651 1136 3719 igitur
1169 3649 1349 3713 Pater,
1378 3666 1444 3703 en
1484 3648 1677 3711 Filius,
1710 3666 1776 3704 en
1829 3649 2065 3721 Spiritus

499 3750 760 3807 sanctus;
803 3756 1070 3810 nusquam
1136 3739 1514 3795 Melchisedec.
1577 3740 1763 3810 Neque
1817 3757 1940 3796 eum
1997 3744 2067 3799 de

499 3834 815 3889 cmlestibus
860 3831 1020 3886 donis
1069 3832 1271 3886 mentio
1301 3832 1378 3895 lit,
1418 3831 1682 3900 impertiri
1721 3831 1833 3889 haec
1870 3833 1936 3886 ab
1973 3834 2067 3890 Illo

498 3924 664 3988 dixit,
705 3939 878 3993 neque
928 3937 1050 3977 eum
1089 3923 1156 3977 de
1207 3923 1531 3978 sublimibus
1561 3922 1842 3978 disseruit.
1882 3923 2076 3979 Proin-

415 4017 422 4022 ’
501 4015 673 4085 deque
704 4017 905 4069 frustra
933 4014 1199 4083 ejusmodi
1230 4013 1428 4068 abillis
1456 4014 1736 4068 mendacia
1770 4015 1834 4068 ad
1863 4017 2074 4070 animo-

499 4121 616 4161 rum
649 4105 997 4160 olfeusionem
1025 4107 1256 4159 conficta
1284 4104 1666 4173 praedicantur.
1690 4102 1820 4170 Qua:
1848 4105 2069 4174 quidem

2172 3111 2359 3180 Τριάς.
2407 3109 2577 3172 Αὐτὸς
2610 3109 2666 3161 δὲ
2699 3111 2727 3161 ὁ
2755 3108 2956 3177 Κύριος
2989 3106 3174 3174 σαφῶς
3223 3105 3389 3172 λέγει,
3425 3105 3508 3156 ὅτι
3552 3103 3743 3156 Ἀπελ-

2172 3202 2380 3265 θόντες
2403 3200 2744 3265 βαπτίσατε
2781 3196 2977 3250 πάντα
3010 3197 3080 3249 τὰ
3111 3195 3253 3261 ἔθνη
3291 3196 3379 3259 εὶς
3411 3193 3600 3260 ὄνομα
3625 3195 3742 3244 Ha—

2170 3290 2328 3358 τρός,
2364 3288 2461 3342 καὶ
2510 3286 2669 3348 Υὶοῦ,
2711 3285 2806 3338 καὶ
2840 3285 3008 3352 ἁγίου
3048 3283 3407 3351 Πνεύματος.
3444 3281 3551 3332 Καὶ
3587 3278 3742 3332 πάλιν

2171 3383 2200 3434 ὁ
2243 3379 2561 3440 Ἀπόστολος
2612 3376 2793 3444 λέγει’
2860 3376 2961 3427 Ἓν
3003 3373 3069 3426 δέ
3110 3373 3239 3426 ἐστι
3281 3371 3347 3424 τὸ
3413 3369 3653 3437 Πνεῦμα
3679 3368 3742 3420 τὸ

2177 3471 2446 3541 διαιροῦν
2477 3469 2710 3535 ἑκάστῳ
2738 3469 2817 3533 ὠς
2838 3467 3124 3531 βούλεται
3152 3464 3298 3532 πρὸς
3323 3462 3386 3515 τὸ
3415 3461 3741 3530 συμφέρον.

2130 3609 2143 3622 .
2192 3565 2322 3618 Ἰδοὺ
2359 3565 2535 3617 τοίνυν
2568 3560 2776 3632 Πατὴρ,
2811 3559 2916 3612 ἰδοὺ
2961 3558 3108 3622 Υἱὸς,
3143 3556 3250 3610 ἰδοὺ
3299 3555 3519 3622 Πνεῦμα
3571 3555 3740 3619 ἅγιον.

2182 3655 2293 3708 Kal
2334 3651 2570 3714 οὐδαμοῦ
2600 3647 2950 3720 Μελχισεδὲκ,
2984 3645 3107 3700 οὔτε
3150 3648 3206 3698 ὲν
3254 3646 3365 3707 τοῖς
3417 3641 3742 3712 χαρίσμασιν

2183 3742 2353 3809 εἶπεν,
2381 3745 2460 3797 ὃτι
2494 3744 2762 3813 δωρεῖται,
2796 3739 2913 3793 οὔτε
2955 3741 3010 3792 ὲν
3046 3739 3155 3800 τοῖς
3194 3735 3469 3805 ὑψώμασι.
3502 3734 3612 3786 Kal
3644 3735 3742 3800 μά-

2182 3855 2282 3908 την
2312 3836 2461 3908 παρὰ
2489 3835 2696 3896 τούτοις
2725 3833 2906 3905 ᾅδεται
2928 3831 2997 3884 τὰ
3039 3829 3202 3900 ψευδῆ
3235 3827 3328 3880 καὶ
3359 3824 3740 3892 ἐπινενοημένα

2174 3930 2282 3983 τῶν
2318 3927 2778 4000 προσκομμάτων,
2822 3925 2920 3978 οὐκ
2954 3921 3061 3975 ἀπὺ
3101 3921 3198 3990 τῆς
3239 3917 3512 3989 ἀληθείας,
3545 3914 3658 3969 ἀλλ’
3687 3914 3740 3977 ἐξ

2175 4017 2340 4072 αὐτοῦ
2383 4016 2475 4070 τοῦ
2522 4016 2852 4087 συρίγματος
2891 4011 2984 4065 τοῦ
3027 4011 3347 4081 δράκοντος,
3395 4006 3470 4069 ὡς
3511 4005 3739 4074 ἑκάστην

2173 4110 2410 4185 ἠδυνήθη
2442 4105 2716 4176 ἀπατῆσαί
2745 4122 2803 4156 τε
2830 4102 2924 4157 καὶ
2947 4101 3234 4170 πλανῆσαι.

499 4213 608 4254 non
642 4212 708 4250 ex
743 4196 987 4258 veritate,
1017 4197 1110 4250 sed
1140 4197 1397 4251 draconis
1430 4197 1591 4252 srbilo
1620 4196 1863 4266 profecta
1887 4208 2051 4268 sunt;
2094 4218 2193 4274 pro
2223 4220 2289 4260 eo
2325 4219 2388 4258 ac
2421 4200 2722 4272 quamlibet
2755 4207 2959 4254 sectam
3016 4194 3288 4264 decipere,
3333 4203 3497 4261 atque
3537 4192 3593 4244 in
3653 4203 3737 4242 er-

498 4304 675 4346 rorem
705 4287 973 4341 abducere
1002 4287 1197 4356 potuit.

569 4379 705 4432 Cum
737 4384 918 4430 autem
968 4376 1180 4431 abunde
1223 4377 1334 4447 jam
1365 4377 1432 4433 de
1468 4379 1577 4432 illis
1604 4379 1939 4450 disputatum
1967 4385 2059 4450 sit,

2236 4381 2346 4434 Kal
2379 4378 2506 4449 περὶ
2532 4377 2736 4430 τούτων
2779 4375 2836 4429 δὲ
2870 4375 3070 4437 ἱκανῶς
3099 4371 3472 4442 διαλεχθέντες
3497 4374 3737 4427 καταλεί-

497 4469 697 4527 missos
727 4468 942 4522 demum
979 4467 1272 4533 faciamus,
1306 4484 1444 4539 quos
1477 4471 1647 4527 muris
1679 4475 1865 4529 aranei
1904 4475 2077 4532 instar

497 4560 669 4616 solida
709 4575 773 4614 ac
819 4560 999 4614 stabili
1052 4561 1152 4615 fide
1180 4562 1326 4615 velut
1355 4562 1531 4628 lapide
1573 4566 1966 4633 percussimns,
2011 4582 2075 4622 ac

499 4649 768 4706 letiferum
799 4649 949 4704 virus
977 4650 1266 4706 evasimus.
1302 4651 1452 4708 Hanc
1495 4653 1640 4708 enim
1681 4657 1853 4710 muris
1884 4657 2073 4710 aranei

497 4748 748 4797 naturam
782 4757 904 4798 esse
939 4742 1137 4803 ferunt,
1167 4750 1224 4795 ut
1246 4758 1276 4797 e
1310 4744 1538 4815 vestigio
1599 4745 1817 4814 quidem
1865 4747 2070 4801 nullam

496 4833 566 4896 ei,
604 4833 697 4903 qui
722 4848 937 4888 morsus
977 4840 1080 4898 est,
1114 4833 1409 4903 perniciem
1440 4834 1636 4890 inferat
1666 4855 1680 4899 ;
1716 4853 1902 4891 verum
1943 4853 2069 4907 pau-

500 4923 654 4978 latim
715 4938 918 4994 corpus
964 4925 1294 4995 exstinguat,
1347 4940 1412 4980 ac
1457 4928 1698 4980 membra
1731 4927 1851 4996 ejus
1885 4929 2068 4982 uninia

2177 4473 2390 4545 ψωμεν,
2412 4470 2600 4539 ὥσπερ
2629 4467 3000 4539 μυογαλλίδιον
3022 4465 3152 4536 λίθῳ
3175 4466 3506 4526 πεπαικότες
3536 4465 3624 4517 διὰ
3644 4466 3736 4535 τῆς

2179 4563 2404 4633 στερεᾶς
2435 4560 2671 4622 πίστεως
2703 4559 2796 4612 καὶ
2827 4557 3216 4631 ἑδραιώματος,
3256 4555 3348 4608 καὶ
3388 4555 3645 4622 φυγόντες
3682 4554 3736 4606 τὸ

2179 4653 2380 4706 ἰοϐόλον
2421 4651 2762 4723 δηλητήριον.
2802 4651 2874 4703 Τὸ
2902 4637 3023 4720 ’γὰρ
3070 4647 3442 4719 μυογαλλίδιόν
3473 4649 3584 4716 (90)
3617 4663 3732 4716 φασι

2176 4745 2312 4816 πρὸς
2358 4745 2454 4814 μὲν
2498 4743 2594 4814 τὴν
2643 4743 2793 4814 ὥραν
2842 4741 3005 4812 μηδὲν
3049 4741 3250 4794 ἀδικεῖν
3276 4740 3369 4791 τὸν
3399 4739 3728 4808 δακνόμενον,

2175 4837 2348 4906 χρόνῳ
2376 4835 2431 4888 δέ
2464 4853 2569 4887 τινι
2609 4835 2670 4888 τὸ
2715 4835 2872 4904 σῶμα
2914 4835 3216 4902 ἀφανίζειν,
3251 4835 3341 4886 καὶ
3387 4834 3468 4896 εἰς
3512 4831 3731 4902 λώὃῃσιν

2174 4927 2427 4996 κελεφίας
2454 4927 2563 4996 (91)
2595 4926 2699 4990 ἕως
2731 4926 2866 4979 ὅλων
2889 4925 2996 4979 τῶν
3032 4925 3205 4995 μελῶν
3236 4926 3392 4993 ἄγειν
3409 4925 3504 4977 τὸν
3528 4924 3730 4976 ἐπιδου-

575 5122 593 5152 ⁸
618 5119 755 5175 Gen.
781 5136 890 5186 xw,
915 5123 1000 5177 18.
1078 5122 1275 5179 'Joan.
1310 5140 1349 5190 ι,
1382 5125 1428 5178 1.
1505 5126 1526 5156 ³
1557 5123 1691 5181 Gen.
1721 5142 1834 5194 xui,
1864 5126 1954 5180 24.
2031 5127 2054 5158 ⁸

2173 5130 2262 5183 lor.
2297 5144 2418 5193 vm,
2451 5131 2504 5183 6.
2580 5130 2600 5160 ⁸
2634 5126 2820 5180 Matth.
2855 5141 3047 5185 xxvm.
3074 5116 3164 5179 l9.
3235 5129 3254 5156 ⁶
3286 5122 3451 5176 [(Zor.
3487 5139 3585 5184 xu,
3625 5122 3696 5175 11.

575 5304 686 5375 (90)
731 5304 800 5360 Τὸ
823 5306 934 5373 γὰρ
955 5307 1407 5375 μυογαλὶίδιον.
1441 5307 1713 5363 Nicander
1739 5308 1893 5362 Ther.
1924 5329 1944 5360 .-

502 5374 726 5446 Τυφλῄν
758 5375 1150 5446 τε,-σμερδνήν
1178 5393 1238 5428 τε
1273 5377 1483 5445 βροτοῖς
1512 5380 1604 5431 ἐπὶ
1632 5379 1810 5446 λοιγὸν
1837 5379 2075 5446 ἄγουσαν

503 5441 1117 5519 διυγαλέηνῄτροχοῇσιν
1161 5447 1240 5498 ὲνὶ
1274 5441 1613 5519 θνήσκουσαν
1642 5441 1900 5519 ἀμᾶξαιςζ

507 5511 1082 5568 Scholia‘doeen’tin
1135 5511 1374 5587 rotarum
1429 5518 1622 5572 orbitis
1679 5511 2077 5587 deprehensum

509 5596 716 5651 murem
749 5597 1034 5648 araneum,
1067 5585 1214 5651 quod
1245 5600 1424 5648 cteeus
1455 5588 1546 5647 sit,
1584 5588 1696 5641 illic
1728 5585 1981 5642 interlici.
2012 5589 2078 5642 At

509 5649 717 5713 Plinius
755 5653 850 5710 lib.
890 5668 966 5718 Ix,
993 5670 1044 5710 ο.
1083 5649 1148 5710 l8
1186 5675 1198 5710 :
1241 5654 1408 5711 Iidem
1447 5656 1736 5727 ubicunque
1770 5659 1897 5722 sint,
1941 5659 2080 5712 orbi-

2176 5318 2285 5362 tant
2311 5311 2360 5364 si
2383 5311 2658 5369 transiere,
2696 5310 3016 5373 moriuntur,
3039 5308 3195 5377 quasi
3227 5324 3334 5362 non
3361 5308 3560 5362 obtritn
3596 5317 3723 5360 rata-

2176 5395 2320 5444 rum,
2363 5379 2460 5434 sed
2505 5381 2552 5433 vi
2593 5378 2827 5448 quadam
2861 5379 3056 5433 orbitis
3091 5379 3224 5448 ipsis
3257 5378 3427 5432 indita
3455 5380 3724 5434 conﬁcian-

2177 5457 2362 5588 lmlii-i)
2401 5521 2502 5582 Εἰς
2531 5515 2798 5584 subii-new
2826 5519 3128 5586 ica/legaiac.
3169 5517 3266 5570 Diu
3305 5518 3434 5588 quid
3476 5528 3611 5571 esset
3643 5533 3716 5565 κε-

2177 5586 2365 5668 λειρίοις
2400 5589 2634 5668 λώόησις
2672 5589 3088 5668 ἱςιιοιἩνίωιιερ
3135 5592 3348 5668 tametsi
3397 5586 3714 5668 doctissimos

2180 5660 2469 5729 plerosque
2494 5657 2660 5726 viros,
2707 5673 2768 5712 ac
2815 5658 3113 5728 praesertim
3151 5657 3391 5722 medicos
3430 5657 3495 5712 de.
3522 5674 3578 5711 ea
3607 5672 3730 5715 νοω,
