3822 6306
442 303 538 356 991

1843 290 1902 346 s.
1942 253 2282 342 eripuisti

3592 277 3696 341 9.91

447 410 746 466 fortissime
789 415 1048 478 suscepto
1073 407 1349 476 sapienter
1393 404 1667 474 inprimis
1685 402 2002 473 respondit;

2144 397 2304 450 ασθαι
2350 395 2411 447 τὸ
2451 395 2772 465 Χριστιανὸν
2803 393 2990 448 ἑαυτὸν
3020 391 3292 459 λέγειν.⁰0
3319 388 3374 443 δὲ
3417 389 3606 458 σχεδὸν
3639 390 3696 441 ἐν

449 501 772 572 negavitque
803 508 1028 554 mortem
1079 512 1139 552 se
1178 497 1388 559 timere,
1425 496 1601 563 cujus,
1636 493 1737 548 etsi
1775 493 2007 560 impera-

451 594 556 646 tori
588 607 695 646 non
731 591 1030 652 resisteret,
1060 589 1164 643 sibi
1188 587 1544 642 nihilominus
1577 584 1873 639 necessitas
1904 583 2008 634 im-

454 683 701 736 mineret.
735 681 810 734 Ita
837 681 918 733 vir
949 681 1034 733 ille
1064 677 1497 748 praeclarissimis
1517 675 1854 729 ornamentis
1883 687 2014 741 prab-

453 773 603 826 ditus
633 771 896 824 hactenus
959 769 1080 834 fuit,
1107 770 1280 822 donec
1309 766 1511 820 infelici
1537 765 1648 818 fato
1674 778 1832 818 suum
1860 762 2011 814 illum

458 863 511 915 iu
558 874 799 914 errorem
837 858 1336 912 inciditzsimiliter
1363 863 1525 923 atque
1582 853 1795 922 egregia
1837 850 2012 913 navis,

455 969 577 1020 qua:
613 951 838 1005 infinitis
869 955 1065 1001 onitsta
1096 947 1392 1007 mercibus,
1455 944 1520 997 ad
1581 951 1794 1012 portum
1847 941 2011 1004 illisa,

459 1060 566 1096 non
605 1041 762 1095 modo
798 1028 1064 1108 iacturam
1103 1051 1285 1090 rerum
1341 1028 1585 1089 omnium
1642 1033 1793 1098 facit,
1819 1031 1913 1088 sed
1965 1039 2018 1086 et

458 1133 765 1190 vectoribus
812 1131 1042 1187 exitium
1065 1128 1238 1183 alfert.

531 1396 747 1452 ILNam
775 1411 898 1450 cum
929 1395 996 1449 ad
1025 1393 1339 1448 Valentinus
1372 1392 1673 1448 miserrime
1703 1404 1822 1445 sese
1855 1382 2025 1457 appli-

463 1499 661 1552 casset,
691 1504 758 1543 ex
783 1503 974 1542 eorum
1007 1487 1350 1556 improbitate
1379 1482 1692 1552 pestiferqu
1723 1479 1852 1534 illud
1877 1480 2026 1533 virus

463 1598 528 1636 ac
555 1581 739 1635 lolium
771 1578 1061 1634 contraxit.
1097 1575 1264 1630 Multa
1300 1575 1385 1627 hic
1423 1573 1645 1642 perinde
1670 1579 1724 1626 et
1751 1571 1854 1623 alia
1877 1569 2028 1638 prin-

464 1670 626 1740 cipia,
661 1679 714 1723 et
763 1667 1148 1738 productiones
1198 1663 1419 1717 invexit.
1459 1662 1793 1714 Mortuorum
1840 1673 2026 1712 resur-

2113 487 2264 552 τάξει
2288 487 2574 558 ὁμολογίας
2597 487 2854 556 κατέστη,
2881 485 3067 552 λόγους
3091 501 3148 536 τε
3178 484 3433 544 συνετοὺς
3463 482 3698 550 ἀπεκρὶ-

2115 595 2264 640 νατο,
2299 579 2436 648 ὑπὲρ
2464 577 2742 640 εὐσεϐείας
2767 577 3020 646 ἀνδρείως
3047 574 3502 644 ἀπολογούμενος,
3531 573 3700 625 θανα-

2115 685 2208 720 τον
2243 667 2315 738 μὴ
2345 669 2573 722 δεδιέναι
2604 671 2801 739 φήσας,
2830 668 2889 720 ὃν
2914 669 3124 740 ἀνάγκη
3145 667 3380 724 ἔσεσθαι,
3417 664 3520 717 κᾶν
3541 680 3598 716 τε
3618 663 3698 732 τῷ

2118 759 2331 829 βασιλεῖ
2355 761 2428 830 μὴ
2453 760 2720 814 ἀντείποι.
2752 759 2861 811 Καὶ
2883 759 3054 820 οὕτως
3078 761 3105 811 ὁ
3133 757 3271 827 ἀνὴρ
3297 756 3362 809 τά
3385 755 3567 806 παν-τα
3600 770 3698 822 με·

2121 849 2300 917 γάλως
2329 846 2399 921 ἦν.
2435 851 2864 920 κεκοσμημένος,
2889 851 2992 913 ἕως
3016 851 3104 902 ὅτε
3133 849 3210 918 τῷ
3236 848 3573 918 ἀστοχήματι
3597 843 3697 912 τῆς

2123 941 2315 993 ἑαυτοῦ
2349 942 2612 1012 αἱρέσεως
2641 941 2950 1012 περιέπεσε,
2978 941 3132 1008 δίκην
3158 940 3283 1009 νηὸς
3308 935 3549 1005 γεγονὼς
3569 935 3698 988 καλ-

2124 1029 2327 1100 λίστης,
2363 1031 2558 1100 φόρτον
2598 1031 2656 1082 δὲ
2702 1029 3090 1082 ἀσυνείκαστον
3118 1027 3229 1097 (95)
3267 1025 3695 1096 ἐμϐαλλομένης,

2125 1124 2219 1176 καὶ
2259 1123 2407 1193 παρά
2456 1123 2555 1185 τὰς
2607 1124 2770 1192 ὄχθας
2814 1123 2909 1176 τοῦ
2941 1123 3155 1193 λιμένος
3206 1119 3580 1188 λακισθεὶσης,
3607 1119 3702 1170 καὶ

2125 1213 2465 1284 ἀπολεσόωης
2495 1231 2555 1266 τε
2581 1215 2680 1284 τὴν
2714 1217 2892 1267 πᾶσαν
2932 1213 3332 1284 πραγματείαν,
3363 1212 3457 1262 καὶ
3490 1210 3701 1278 ἑτέροις

2127 1306 2238 1367 τοῖς
2263 1304 2548 1367 ἐπιϐάταις
2580 1304 2808 1358 θάνατον
2840 1303 3238 1375 ἐμποιησάσης.

2209 1396 2283 1449 B'.
2326 1395 2756 1468 Προσφθείρεται
2783 1395 2890 1467 γὰρ
2919 1390 3072 1459 οὗτος
3092 1395 3480 1456 Οὑαλεντὶνοις,
3514 1393 3611 1445 καὶ
3643 1393 3702 1442 ἐκ

2130 1487 2230 1556 τῆς
2247 1487 2422 1540 αὐτῶν
2447 1487 2745 1557 μοχθηρίας
2775 1489 3034 1557 ἀνιμᾶται
3064 1487 3125 1539 τὸ
3149 1486 3471 1556 δηλητήριον
3499 1485 3704 1536 τούτων

2134 1578 2227 1632 καὶ
2250 1576 2579 1642 ζιζανιῶδες,
2606 1578 2810 1641 Πολλὰς
2830 1595 2888 1631 τε
2917 1579 3009 1630 καὶ
3033 1579 3196 1640 ἄλλας
3222 1578 3316 1630 καὶ
3341 1576 3502 1637 αὐτὸς
3532 1575 3704 1643 ἀρχὰς

2135 1670 2226 1721 καὶ
2260 1669 2560 1740 προσϐολὰς
2577 1670 2592 1700 ί
2615 1671 2772 1740 διηγή
2783 1687 2926 1723 σατο.
2957 1669 3064 1722 Καὶ
3091 1669 3185 1739 τὴν
3204 1669 3312 1720 τῶν
3337 1667 3549 1737 νεκρῶν
3575 1668 3706 1719 ἀνά-

467 1763 758 1816 rcctionem
789 1758 1029 1822 sustulit,
1066 1758 1246 1824 itaque
1301 1755 1564 1823 privatam
1608 1749 1853 1804 hzeresim
1898 1764 2030 1801 con-

2144 1778 2318 1813 rta-Jw
2345 1761 2737 1832 ἀρνησάμενος,
2772 1761 3089 1830 ἐδογμάτισε
3116 1762 3318 1830 ταύτην
3345 1760 3446 1832 τὴν
3470 1760 3704 1828 αἵρεσιν.

468 1853 625 1907 didit.
652 1849 824 1904 Porro
854 1851 985 1919 legis
1033 1863 1096 1901 ac
1133 1846 1516 1916 prophetarum
1553 1843 1742 1907 libros,
1789 1841 2032 1908 adeoque

473 1941 636 1996 Vetus
662 1957 726 1995 ac
753 1939 960 1993 Novum
986 1938 1411 1996 Testamentum,
1449 1948 1657 1988 necnon
1693 1933 2032 2002 apocryphos

469 2033 734 2103 quosdam
787 2031 1025 2085 adhibet.
1075 2027 1274 2083 Verum
1330 2028 1453 2090 iste,
1495 2041 1617 2080 cum
1660 2025 1726 2079 iis
1753 2025 2030 2090 omnibus,

473 2126 566 2194 qui
596 2139 718 2178 eum
745 2131 1178 2187 antecesserunt,
1223 2129 1313 2174 aut
1349 2127 1532 2189 postea
1561 2119 1731 2172 secuti
1761 2126 1909 2179 sunt,
1951 2117 2032 2169 fa-

470 2217 573 2270 cile
601 2213 989 2275 confutabitur,
1030 2222 1089 2266 ut
1132 2213 1222 2282 qui
1291 2226 1321 2263 a
1377 2210 1606 2265 veritate
1647 2209 1886 2278 seipsum
1934 2210 2032 2263 ab-

469 2305 804 2369 alienaverit,
839 2319 901 2357 ac
923 2303 1069 2358 velut
1102 2317 1166 2356 ex
1197 2302 1350 2370 ignea
1389 2299 1800 2370 Splendentique
1839 2298 1954 2354 face
1978 2300 2032 2352 in

473 2393 749 2463 fuliginem
784 2407 1081 2447 conversus
1113 2391 1204 2444 sit.

543 2481 698 2547 Quod
726 2482 870 2536 enim
907 2481 972 2533 ad
1027 2487 1365 2533 mortuorum
1401 2478 1782 2532 excitationem
1817 2481 2031 2542 attinet,

475 2575 598 2628 licet
619 2571 684 2627 de
709 2587 772 2627 ea
803 2573 1000 2641 saepius
1027 2572 1080 2624 in
1099 2571 1220 2624 aliis
1251 2569 1550 2625 lueresibus
1572 2570 1910 2639 disputatum
1941 2571 2032 2635 sit,

475 2681 582 2719 non
611 2665 876 2736 gravabor
937 2665 1133 2718 iterum
1169 2661 1359 2729 paucis
1404 2662 1470 2715 ad
1511 2677 1637 2716 cum
1673 2661 2028 2716 refellendum

471 2756 660 2810 eadem
698 2755 765 2810 de
793 2769 850 2810 re
875 2754 1162 2810 disserere.
1197 2751 1328 2806 Nam
1369 2752 1413 2807 si
1441 2751 1604 2807 Vetus
1625 2751 2032 2808 Testamentum

475 2863 540 2902 ac
569 2845 778 2902 Novum
831 2846 1093 2907 admittis,
1141 2860 1322 2900 nonne
1357 2853 1411 2900 et
1451 2845 1762 2914 corrupisse
1789 2847 2036 2901 veritatis

476 2937 642 2999 viam.
672 2947 724 2992 et
752 2951 781 2990 a
818 2937 1102 2990 verissima
1163 2933 1374 2988 Domini
1422 2935 1532 2988 vita
1571 2936 1868 2990 abhorrere
1917 2951 2035 2989 ma-

474 3025 675 3081 nifeste
705 3025 1085 3080 convinceris?
1114 3024 1390 3094 Siquidem
1427 3023 1681 3092 princeps
1719 3025 1832 3092 ipse
1856 3023 2030 3076 Domi-

2146 1851 2359 1922 Χρῆται
2393 1851 2448 1902 δὲ
2481 1851 2629 1920 νόμῳ
2662 1850 2756 1902 καὶ
2793 1851 3114 1920 προφήταις,
3139 1849 3348 1918 Παλαιᾲ⁹
3376 1865 3435 1899 τε
3463 1848 3560 1898 καὶ
3585 1847 3688 1898 Και

2140 1943 2203 2011 νῇ
2249 1941 2508 2011 Διαθήκῃ,
2550 1939 2645 1993 καὶ
2695 1939 3030 2007 ἀποκρύφοις
3075 1938 3214 1990 τισὶν
3253 1936 3533 1998 ὡσαύτως.
3554 1937 3706 1987 Ἀνα-

2137 2033 2476 2102 τραπήσεται
2511 2030 2568 2082 δὲ
2602 2029 2693 2082 καὶ
2725 2029 2883 2092 αὐτὸς
2940 2029 3074 2098 μετά
3116 2029 3329 2081 πάντων
3353 2027 3464 2079 τῶν
3486 2026 3600 2095 πρὸ
3617 2027 3684 2078 αὖ

2137 2121 2232 2174 τοῦ
2282 2137 2340 2173 τε
2388 2121 2482 2173 καὶ
2525 2119 2633 2172 τῶν
2670 2117 2786 2185 μετ’
2811 2119 2992 2180 αὑτὸν,
3029 2117 3474 2188 ἁπαλλοτριώσας
3520 2115 3708 2168 ἑαυτὸν

2136 2210 2239 2276 τῆς
2267 2209 2544 2281 ἀληθείας,
2575 2210 2670 2263 καὶ
2703 2209 2777 2273 ὡς
2800 2210 2909 2261 ἀπὸ
2937 2209 3211 2279 λαμπάδος
3239 2209 3408 2279 πυρὸς
3442 2207 3709 2276 φωτεινῆς

2140 2309 2219 2370 εἰς
2249 2306 2483 2378 ἀσϐόλην
2521 2303 3011 2376 μεταδεόλημένος,

2211 2481 2345 2553 Περὶ
2373 2481 2470 2551 μὲν
2496 2479 2606 2551 γὰρ
2629 2479 2836 2551 νεκρῶν
2853 2479 3195 2541 ἀναστάσεως
3223 2478 3322 2548 ἠδη
3343 2479 3478 2546 ἡμῖν
3507 2477 3566 2529 ὲν
3589 2476 3710 2528 πυλ-

2141 2572 2260 2635 λαῖς
2297 2573 2570 2643 αἱρέσεσιν
2615 2573 2824 2643 εῐρηται
2845 2587 2858 2600 ·
2899 2571 2958 2623 οὐ
2993 2569 3218 2639 λυπήσει
3245 2569 3301 2621 δὲ
3334 2569 3426 2620 καὶ
3459 2563 3615 2630 αὖθις
3655 2569 3713 2619 ὲν

2140 2666 2207 2734 τῇ
2237 2664 2372 2734 πρὸς
2401 2661 2587 2715 τοῦτον
2619 2663 2896 2733 ἀνατροπῇ
2946 2659 3250 2731 χρήσασθαι
3283 2659 3481 2726 ὀλίγοις
3512 2659 3708 2727 λόγος.

2142 2755 2204 2807 El
2237 2755 2334 2823 μὲν
2360 2755 2468 2827 γὰρ
2493 2754 2590 2824 τὴν
2616 2753 2855 2806 Παλαιὰν
2884 2753 3156 2822 Διαθήκην
3177 2751 3326 2821 δέχῃ,
3351 2745 3396 2803 ὧ
3419 2744 3596 2814 οὗτσς,
3619 2753 3712 2803 καὶ

2141 2843 2239 2914 τὴν
2284 2845 2492 2915 Καινὴν
2542 2844 2822 2907 ὡσαύτως,
2850 2841 3013 2896 πόθεν
3057 2843 3155 2896 οὐκ
3200 2841 3503 2913 ὲλεγχθήσῃ
3542 2859 3711 2910 παρα-

2144 2935 2379 3005 φθειρων
2401 2936 2500 3006 τὴν
2533 2937 2630 3005 τῆς
2656 2934 2911 3006 ἀληθείας
2933 2935 3069 2998 ὁδὸν,
3102 2935 3193 2987 καὶ
3224 2933 3412 2987 ἑαυτὸν
3441 2933 3711 2996 ἀποξενῶν

2143 3031 2242 3099 τῆς
2265 3026 2359 3080 τοῦ
2390 3027 2594 3096 Κυρίου
2634 3027 2692 3077 ὲν
2726 3026 2953 3097 ἀληθείᾳ
2994 3025 3168 3094 ζωῆς
3204 3025 3326 3076 Ὅτι
3364 3025 3459 3093 μὲν
3486 3023 3596 3092 γὰρ
3618 3024 3710 3075 αὑ-

477 3131 603 3178 nus,
642 3115 719 3169 uti
756 3113 911 3168 nobis
938 3110 1358 3167 resurrectionis
1388 3109 1620 3163 arrhabo
1647 3109 1866 3178 quidem
1900 3116 2034 3164 esset

2145 3121 2236 3182 τὸς
2261 3123 2289 3173 ό
2318 3117 2520 3190 Κύριος
2550 3117 2780 3188 πρῶτος,
2811 3118 2897 3170 ἵνα
2925 3118 3145 3186 γένηται
3176 3119 3304 3186 ἡμῖν
3336 3116 3592 3186 ἀρραϐὼν
3619 3115 3709 3181 τῆς

476 3220 540 3260 ac
575 3203 968 3275 primogenitus
999 3217 1028 3256 e
1060 3201 1313 3263 mortuis,
1357 3205 1545 3253 nostra
1577 3213 1742 3252 causa
1792 3208 2040 3254 mortuus

475 3306 558 3362 est
598 3313 662 3351 ac
690 3295 987 3350 resurrexit
1011 3296 1068 3358 ¹;
1102 3292 1490 3362 nequc-specie
1519 3300 1679 3346 tenus
1704 3299 1788 3346 est
1822 3306 2038 3356 passus,

479 3395 661 3458 utpote
681 3385 848 3457 578
875 3386 965 3454 qui
1003 3385 1073 3438 sit
1109 3385 1381 3455 sepultus,
1421 3383 1648 3451 ejusque
1677 3398 1878 3452 corpus
1907 3399 2044 3437 non-

478 3478 613 3532 nulli
643 3477 992 3546 gestaverint.
1026 3474 1204 3530 'l‘estis
1235 3483 1318 3529 est
1355 3472 1624 3544 Josephus
1656 3474 2044 3528 Arimathazen-

480 3569 556 3624 sis
581 3569 621 3620 ⁸.
659 3567 850 3622 Testes
901 3567 1003 3620 illa:
1037 3566 1294 3620 mulieres
1341 3579 1462 3633 quae
1515 3563 1581 3616 ad
1633 3574 2044 3619 monumentum

481 3667 755 3730 unguenta
804 3659 1116 3712 detulerunt
1154 3657 1198 3709 ⁵.
1244 3656 1436 3711 Testes
1476 3663 1691 3710 centum
1742 3657 1846 3710 illa:
1897 3658 2042 3711 aloes

481 3751 690 3814 librze',
715 3764 822 3802 non
841 3764 959 3802 eam
981 3748 1196 3802 inanem
1231 3748 1542 3817 opinionem
1564 3755 1728 3817 atque
1755 3748 2040 3817 imaginem

483 3839 676 3896 fuisse.
736 3836 930 3894 Testes
973 3837 1205 3906 denique
1268 3837 1465 3906 angeli,
1499 3839 1590 3906 qui
1636 3837 1687 3891 id
1724 3837 2044 3891 mulieribus

482 3931 833 3988 declararint.
882 3929 1144 3993 Surrexit,
1194 3929 1465 3998 inquiunt,
1510 3946 1611 3982 non
1640 3939 1715 3982 est
1745 3928 1847 3981 hic.
1902 3928 2043 3993 Quid

482 4024 718 4096 (μιαν-ἱεὶς
747 4024 991 4076 virentem
1021 4037 1137 4074 cum
1169 4022 1388 4074 mortuis
1421 4024 1480 4074 ⁸⁸2
1504 4020 1688 4090 Neque
1723 4037 1850 4076 vero
1885 4022 2043 4087 dixit,

482 4115 598 4171 Non
626 4123 710 4170 est
728 4113 1147 4176 mortuusgsed,
1165 4113 1429 4176 Surrexit,
1448 4115 1539 4180 qui
1571 4113 1623 4166 in
1645 4128 1809 4167 carne
1829 4130 2044 4182 passus,

483 4211 674 4278 spiritu
693 4215 948 4276 perpetuo
963 4205 1114 4266 vivit,
1135 4218 1197 4257 ac
1221 4204 1517 4259 secundum
1537 4206 1873 4259 divinitatem
1892 4223 2044 4261 suam

485 4300 850 4380 perpessionis
867 4298 1043 4351 omnis
1059 4305 1143 4351 est
1164 4312 1377 4366 expers.
1408 4297 1508 4362 Qui
1533 4315 1562 4353 c
1586 4300 1852 4368 supremis
1868 4308 2042 4366 ortus,

485 4401 536 4448 et
559 4405 589 4443 a
621 4389 778 4442 Patre
814 4388 1028 4456 genitus
1046 4389 1555 4456 perpetuocxsistit.
1579 4389 1720 4444 Idem
1748 4397 1926 4444 tamen
1957 4407 2047 4445 no-

2147 3212 2514 3271 ἀναστάσεως,
2552 3209 2643 3261 καὶ
2695 3209 3036 3278 πρωτότοκος
3079 3208 3144 3258 ὲκ
3191 3207 3298 3259 τῶν
3347 3205 3578 3276 νεκρῶν,
3622 3205 3708 3256 καῖ

2148 3303 2414 3358 ἀπέθανεν
2449 3301 2587 3370 ὑπὲρ
2611 3299 2788 3370 ἡμῶν,
2817 3299 2908 3350 καὶ
2940 3297 3156 3366 ἀνέστη.
3191 3297 3298 3348 Καὶ
3321 3296 3420 3364 οὐχ
3452 3294 3635 3355 ἀτελῶς
3661 3295 3710 3344 ἐν

2151 3393 2369 3462 δοκήσει
2420 3388 2703 3442 πέπονθεν.
2723 3387 2927 3456 Ἐτάφη
2973 3386 3098 3456 γὰρ,
3125 3387 3218 3439 καὶ
3262 3385 3322 3437 τὸ
3368 3384 3525 3452 σῶμα
3555 3380 3710 3434 αὐτοῦ

2152 3485 2531 3556 βεϐαστάχασι.
2567 3483 2676 3535 Καὶ
2729 3481 2998 3552 μαρτυρεῖ
3043 3480 3138 3549 μὲν
3168 3479 3364 3548 Ἰωσὴφ
3389 3479 3418 3530 ό
3443 3477 3551 3528 ἀπὸ
3573 3475 3710 3543 Ἀρι·

2155 3575 2408 3645 μαθαίας,
2442 3569 2774 3642 μαρτυροῦσι
2823 3569 2916 3622 καὶ
2967 3570 3020 3622 αἱ
3073 3570 3328 3637 φέρουσαι
3381 3565 3528 3635 μῦρα
3557 3567 3632 3626 εἰς
3657 3561 3708 3614 τὲ

2154 3668 2258 3736 μνῆ
2270 3683 2362 3735 μα,
2389 3665 2481 3716 καὶ
2509 3665 2541 3732 ἡ
2575 3663 2683 3713 τῶν
2709 3659 2900 3712 ἑκατὸν
2927 3657 3122 3728 λιτρῶν
3145 3657 3307 3728 ἀλόης
3334 3656 3484 3724 ὁλκὴ,
3520 3656 3600 3708 ὅτι
3621 3655 3708 3706 οὖν

2148 3755 2216 3828 ἦν
2247 3758 2484 3827 δόκησις,
2511 3753 2628 3807 οὐδὲ
2653 3751 2940 3820 φαντασία.
2969 3748 3315 3820 Μαρτυροῦσι
3343 3747 3396 3799 δὲ
3421 3748 3515 3800 καὶ
3544 3747 3593 3797 οἱ
3621 3747 3705 3812 5‘;-

2151 3849 2296 3918 γελοι
2348 3851 2465 3912 ταῖς
2513 3847 2728 3916 γυναιξὶ
2780 3846 3108 3916 πεφηνότες,
3162 3842 3243 3893 ὅτι
3292 3839 3558 3905 Ἀνέστη,
3610 3839 3710 3889 οὐκ

2151 3943 2318 3994 ἔστιν
2353 3933 2486 3992 ὦδε.
2536 3939 2596 3992 Τί
2613 3938 2828 4006 ζητεῖτε
2847 3938 2951 3991 τὸν
2969 3935 3151 3996 ζῶντα
3167 3931 3313 4001 μετὰ
3331 3929 3448 3984 τῶν
3461 3928 3681 3997 νεφῶν
3693 3944 3708 3990 ;

2153 4031 2260 4081 Καὶ
2286 4029 2384 4082 οὐκ
2422 4024 2593 4092 εἶπεν,
2629 4030 2709 4082 ὅτι
2745 4029 2857 4081 Οὺκ
2886 4026 3152 4080 ἀπέθανεν
3172 4042 3184 4054 ο
3221 4023 3373 4078 ἀλλά,
3393 4021 3661 4086 Ἀνέστη,
3687 4021 3710 4072 ὸ

2153 4120 2434 4183 πεπονθὼς
2481 4121 2535 4172 ὲν
2585 4123 2765 4190 σαρκὶ,
2801 4121 2907 4184 ζῶν
2951 4118 3008 4170 δὲ
3061 4118 3146 4169 ἀεὶ
3196 4118 3251 4166 ἐν
3301 4114 3590 4182 πνεύματι.
3627 4112 3711 4163 καὶ

2153 4209 2368 4278 ἀπαθὴς
2391 4207 2464 4260 ὢν
2491 4209 2546 4259 ὲν
2573 4210 2637 4277 τῇ
2676 4208 2781 4278 ἰδίᾳ
2809 4206 3040 4275 θεότητι,
3076 4206 3104 4255 ὁ
3129 4201 3331 4257 ἀνωθεν
3375 4199 3461 4252 ἀεὶ
3500 4200 3565 4250 ὲκ
3611 4197 3711 4248 ﬂa-

2153 4297 2279 4366 τρὸς
2303 4295 2692 4366 γεγεννημένος
2714 4297 2993 4366 ὑπάρχων,
3021 4297 3048 4346 ὁ
3075 4294 3158 4345 ἐπ’
3182 4290 3423 4360 ὲσχάτων
3452 4288 3560 4340 τῶν
3588 4290 3711 4358 sp;-

2157 4388 2264 4457 ρῶν
2298 4389 2594 4458 εὐδοκήσας
2626 4389 2733 4441 ἀπὸ
2765 4387 2980 4458 Μαρίας
3021 4386 3122 4455 τῆς
3166 4384 3444 4456 Παρθένου
3475 4383 3712 4450 γενέσθαι

486 4481 728 4537 vissimis
759 4480 1095 4548 temporibus
1140 4496 1204 4533 ex
1263 4478 1430 4532 Maria
1467 4479 1692 4551 Virgine
1726 4482 1888 4536 homo
1931 4482 2034 4537 fieri

2151 4480 2450 4550 ἄνθρωπος,
2477 4479 2551 4542 ὡς
2588 4482 2853 4550 μαρτυρεῖ
2888 4477 3097 4540 Παῦλος
3125 4479 3153 4529 ὁ
3176 4474 3496 4543 ἀγιώτατος,
3532 4474 3709 4540 λέγων’

486 4573 679 4634 voluit,
734 4580 791 4624 ut
824 4570 1025 4624 Paulus
1077 4581 1307 4625 testatur
1341 4572 1423 4626 his
1467 4573 1650 4627 verbis
1688 4593 1700 4627 :
1735 4571 1936 4627 Factus
1985 4590 2048 4628 ea:

487 4665 720 4726 muliere.
772 4662 944 4730 factus
977 4663 1070 4715 sub
1117 4664 1218 4732 lege
1249 4664 1295 4717 ⁷.
1332 4661 1690 4732 Nunquamne
1724 4664 1868 4717 illam
1904 4664 2050 4718 Scri-

489 4763 660 4822 ptura:
709 4754 1033 4808 strntentiam
1085 4752 1354 4807 exaudisti
1396 4772 1407 4806 :
1445 4753 1655 4820 Oportet
1703 4755 2048 4821 corruptibile

488 4842 700 4898 induere
747 4843 1208 4923 incorruptionem,
1248 4851 1295 4894 et
1343 4844 1564 4896 mortale
1584 4844 1675 4896 hoc
1704 4843 1917 4897 induere
1947 4845 2038 4898 im-

490 4933 954 4988 mortalitatem“?
1025 4931 1218 4987 Annon
1296 4933 1394 4986 tibi
1423 4934 1590 4988 Isaias
1626 4935 1886 5003 propheta
1934 4950 2049 5003 per-

491 5027 688 5087 suasit,
737 5041 859 5078 cum
891 5025 965 5078 ita
1012 5025 1286 5091 loquitur:
1325 5023 1389 5077 Et
1442 5027 1634 5078 mortui
1680 5036 1970 5089 resurgent,
1997 5037 2045 5080 et

491 5116 856 5171 excitabuntur
891 5116 1047 5183 quiin
1078 5115 1402 5168 monimentis
1427 5126 1545 5168 sunt
1563 5116 1620 5169 °?
1637 5113 1715 5168 Ad
1735 5114 1848 5170 haec
1867 5116 2048 5170 Domi-

493 5221 595 5259 nus
620 5206 730 5273 ipse
751 5223 764 5258 :
789 5204 1096 5273 Resurgeut,
1124 5205 1318 5273 inquit,
1347 5204 1397 5256 lii
1436 5207 1485 5257 in
1517 5207 1672 5257 vitam
1699 5215 1971 5269 wteruam,
1998 5219 2044 5262 et

569 5358 582 5387 '
624 5357 748 5422 Leg.
773 5357 1075 5426 γπροϐολάς.
1171 5358 1191 5386 ³
1219 5358 1334 5410 Col.
1366 5373 1410 5416 l,
1442 5359 1530 5411 ‘28.

495 5443 643 5482 μιν.
675 5427 730 5482 5.
759 5425 841 5482 6(
887 5426 904 5455 ⁷
936 5426 1052 5479 Gal.
1098 5443 1170 5491 tv,
1199 5429 1250 5480 4.
1329 5430 1350 5458 ⁸
1382 5427 1397 5478 |
1425 5429 1550 5482 Cor.
1593 5445 1680 5493 xv,
1714 5431 1802 5484 55.

567 5533 678 5609 (95)
713 5540 936 5607 φόρτον
949 5536 1016 5590 δὲ
1030 5539 1431 5592 ἀσυνείκαστι·
1441 5555 1491 5591 ν.
1516 5538 1623 5593 Hoc
1641 5549 1722 5592 cst
1739 5541 1879 5609 quod
1902 5541 2047 5593 nulla

496 5610 810 5676 conjectura
864 5623 971 5676 prm
1029 5609 1182 5678 (.Opia
1239 5624 1301 5661 ac
1353 5610 1760 5676 pretio-potest
1811 5611 2048 5678 assequi.

499 5679 655 5744 Quod
688 5679 987 5750 simplicius
1018 5679 1149 5734 mihi
1174 5678 1406 5744 videtur,
1437 5694 1596 5748 quam
1630 5680 1774 5748 quod
1807 5679 2045 5734 Casaub.

1636 5359 1654 5388 ³
1686 5359 1872 5412 Matth.
1925 5375 2103 5421 xxv”,
2135 5362 2222 5414 57.

2156 4574 2485 4640 Γενόμενος
2532 4573 2599 4626 ἐκ
2647 4572 2948 4641 γυναικὸς,
2983 4573 3297 4639 γενόμενος
3347 4568 3467 4622 ὑπὸ
3521 4570 3708 4634 νόμον.

2152 4660 2298 4734 τΑρά
2324 4681 2386 4732 γε
2409 4663 2557 4718 οὔπω
2581 4664 2818 4733 ἤκουσας
2840 4663 2932 4715 τοῦ
2953 4660 3114 4731 ῥητοῦ
3131 4659 3224 4713 τοῦ
3245 4659 3517 4726 λέγοντος,
3533 4660 3614 4711 ὃτι
3636 4656 3709 4709 Δεὶ

2153 4754 2217 4806 τὸ
2245 4753 2508 4822 φθαρτόν
2543 4753 2718 4807 τοῦτο
2744 4753 3110 4806 ἐνδύσασθαι
3145 4750 3508 4818 ἀφθαρσίαν,
3543 4750 3634 4802 καὶ
3661 4747 3710 4799 τὸ

2155 4844 2372 4909 θνητὸν
2435 4844 2608 4897 τοῦτο
2667 4842 3035 4897 ἐνδύσασθαι
3089 4841 3460 4900 ἀθανασία-νς
3507 4834 3586 4892 Ἦ
3631 4840 3710 4890 οὐκ

2152 4936 2335 4988 ἔπεισέ
2363 4953 2421 4988 σε
2455 4936 2677 4998 Ἡσαΐας
2708 4937 2737 4988 ὁ
2766 4937 3069 5006 προφήτης,
3097 4935 3272 5001 λέγων
3294 4953 3305 4962 ·
3341 4934 3446 4986 Kal
3475 4933 3712 4995 ἀναστή-

2152 5043 2361 5080 σονται
2413 5030 2466 5079 οἱ
2511 5028 2732 5094 νεκροὶ,
2787 5027 2883 5079 καὶ
2930 5025 3353 5094 ἐγερθήσονται
3398 5028 3455 5076 cl
3499 5025 3570 5076 ἐν
3612 5023 3708 5087 τοῖς

2146 5117 2454 5185 μνημείοις
2473 5132 2490 5179 ;
2507 5117 2697 5180 Ἀὐτὸς
2722 5118 2778 5169 δὲ
2804 5120 2831 5169 ὀ
2858 5116 3060 5187 Κύριος
3091 5116 3264 5185 λέγων
3288 5116 3326 5176 ,’
3347 5118 3428 5169 ὃτι
3474 5117 3710 5185 Ἐγερθή-

2152 5225 2360 5262 σονται
2395 5204 2560 5264 οὗτοι
2596 5212 2681 5274 εἱς
2725 5209 2873 5275 ζω¹ιν
2911 5207 3170 5271 αἰώνιον,
3198 5208 3295 5261 καὶ
3330 5203 3494 5263 οὗτοι
3526 5213 3610 5272 εὶς
3636 5208 3712 5260 πό·

2329 5363 2349 5392 ’⁵
2379 5361 2568 5415 Matth.
2607 5378 2799 5425 urm,
2835 5363 2883 5415 1.
2980 5363 3000 5393 ⁵
3033 5360 3189 5417 Joan.
3223 5378 3334 5422 ιιι,
3362 5361 3452 5414 '59.
3543 5360 3565 5390 ⁸
3591 5359 3706 5414 Luc.

2980 5363 3000 5393 '
3033 5360 3189 5417 Joan.
3223 5378 3334 5422 ιιι,
3362 5361 3452 5414 '59.

1897 5432 1916 5460 θ
1950 5431 2050 5483 lsa.
2087 5447 2233 5493 uri,
2272 5433 2358 5487 19.

2159 5545 2406 5625 placebat.
2435 5545 2773 5604 ἀνείκαστον,
2805 5543 2882 5598 sic
2905 5544 3048 5598 enim
3084 5525 3212 5612 legit
3242 5541 3383 5598 idem
3403 5558 3543 5607 esse,
3565 5550 3701 5610 atque

2161 5624 2369 5670 inzntme
2401 5624 2786 5686 congruentem.
