3822 6288
431 260 538 317 995

1848 256 1906 310 S.
1949 252 2292 308 EPIPHANII

3610 252 3706 309 395

430 377 534 434 hos
576 377 687 431 fere
727 381 945 429 centum
980 387 1043 426 ac
1076 372 1359 443 tringinta,
1411 372 1466 425 in
1529 371 1657 427 Asia
1708 371 1997 433 oriundus,

2123 371 2213 424 τῶν
2263 370 2468 423 τούτων
2526 370 2722 423 ἑκατὸν
2777 369 3095 439 τριάκοντα,
3154 369 3326 422 πλείω
3386 368 3420 438 ἦ
3470 370 3707 434 ἐλάσσω,

431 469 568 524 urbe
594 468 828 538 Epheso.
861 464 964 532 Qui
990 465 1168 518 alieno
1215 463 1411 532 spiritu
1461 462 1674 516 amatus
1719 477 1785 516 ea
1835 461 2017 517 dicere

431 575 497 614 ac
549 559 746 612 docere
802 571 971 610 ausus
1041 563 1146 613 est,
1211 569 1332 626 quae
1393 568 1494 607 nec
1543 553 1852 622 prophetae,
1917 567 2017 607 nec

392 651 401 663 '
433 648 686 719 apostoli,
716 662 815 700 nec
842 644 1084 698 Ecclesia
1120 643 1189 696 ab
1240 642 1397 696 initio
1446 644 1642 704 tenuit,
1679 656 1743 696 ac
1770 657 1838 696 ne
1868 642 2019 712 cogi-

432 741 568 793 tavit
591 738 833 809 quidem.

502 913 672 984 Igitur
701 912 846 965 velut
891 910 1125 980 quadam
1151 910 1330 964 elatus
1384 907 1596 962 insania
1634 923 1858 979 passum
1893 925 2015 965 esse

442 1006 654 1061 Patrem
682 1019 789 1057 non
829 1001 1102 1056 dubitavit
1127 1015 1395 1056 asserere.
1433 999 1535 1054 Sed
1567 1008 1622 1053 et
1653 1000 1845 1068 majori
1881 1017 2015 1072 qua-

357 1077 366 1082 .
435 1097 561 1150 dam
592 1092 908 1164 arrogantia
962 1105 1026 1146 ac
1062 1090 1312 1145 vecordia
1366 1091 1543 1146 elatus
1595 1106 1717 1146 sese
1751 1089 2011 1162 Moysem,

436 1187 660 1240 fratrem
692 1201 820 1239 vero
842 1199 1001 1237 suum
1035 1183 1304 1238 Aaronem
1329 1198 1453 1237 esse
1473 1181 1629 1236 dixit.
1665 1182 1812 1236 Inter
1843 1181 2014 1253 480

438 1279 555 1334 haec
582 1279 753 1332 beate
785 1275 1059 1330 memoriae
1084 1274 1387 1344 presbyteri
1439 1273 1559 1342 ejus
1593 1273 1672 1327 rei
1723 1271 1864 1326 fama
1902 1287 2016 1341 per-

438 1370 570 1425 moti
603 1369 876 1424 hominem
910 1367 1216 1421 advocant:
1244 1365 1419 1434 deque
1453 1365 1537 1419 his
1567 1364 1823 1418 omnibus
1849 1365 2015 1417 inter-

437 1473 655 1532 rogant,
687 1469 997 1514 utrumnam
1043 1467 1150 1512 tam
1205 1457 1659 1512 contumeliosum
1702 1457 1757 1509 in
1788 1455 2008 1509 Patrem

432 1551 628 1622 dogma
675 1550 1072 1620 proposuisset.
1106 1548 1173 1600 At
1218 1549 1309 1602 ille
1347 1563 1534 1602 coram
1567 1547 2010 1616 presbyterorum

431 1656 696 1696 consessu
727 1641 1024 1710 productus
1045 1640 1271 1694 inficiari
1299 1639 1494 1710 primo,
1517 1636 1662 1707 quod
1686 1644 1810 1690 ante
1834 1637 2010 1706 ipsum

431 1749 595 1789 nemo
628 1743 780 1788 atrox
824 1732 956 1787 illud
995 1740 1159 1800 atque
1216 1730 1434 1786 exitiale
1466 1729 1618 1782 virus
1655 1727 2010 1782 evomuisset.
2045 1715 2086 1770 Β

432 1827 626 1882 Postea
662 1841 814 1889 vero.
845 1839 968 1879 cum
1021 1824 1228 1878 rabiem
1286 1837 1441 1877 suam
1502 1819 1802 1882 nonnullis,
1843 1827 1903 1872 ut
1941 1818 2013 1869 ita

432 1919 636 1981 dicam,
670 1917 1018 1985 aspersisset,
1061 1929 1125 1968 ac
1148 1915 1335 1969 decem
1368 1913 1482 1967 fere
1513 1912 1761 1992 homines
1791 1911 1894 1965 sibi
1923 1912 2016 1964 ad-

429 2010 728 2079 junxisset,
785 2007 1044 2076 majorem
1101 2008 1155 2060 in
1195 2005 1506 2074 superbiam
1571 2013 1735 2073 atque
1783 2003 2019 2057 insolen-

434 2104 569 2158 tiam
595 2103 794 2164 elatus,
831 2108 996 2170 atque
1022 2098 1280 2153 audacior
1319 2097 1518 2160 factus,
1551 2099 1726 2167 palam
1765 2095 2013 2150 haeresim

433 2210 590 2250 suam
612 2193 1010 2249 disseminavit.
1025 2191 1262 2246 Proinde
1285 2205 1508 2245 rursum
1527 2189 1667 2245 idem
1690 2189 1768 2243 illi
1791 2189 2016 2259 presby-

437 2286 563 2352 teri,
586 2294 697 2340 tam
723 2285 922 2354 ipsum,
954 2298 1116 2354 quam
1141 2283 1232 2353 qui
1267 2299 1327 2338 se
1355 2282 1421 2336 ad
1451 2299 1574 2338 eum
1603 2281 1897 2337 infeliciter
1924 2297 2016 2352 ag-

433 2386 739 2448 gregarent.
767 2385 1071 2440 arcessunt,
1105 2383 1268 2446 atque
1296 2375 1488 2430 iisdem
1513 2374 1582 2430 de
1610 2375 1776 2429 rebus
1825 2374 2016 2430 scisci-

433 2469 644 2522 tantur.
673 2467 767 2522 llle
789 2482 913 2521 cum
949 2482 1112 2537 grege
1159 2481 1260 2521 suo
1314 2465 1549 2520 frontem
1586 2464 1892 2534 perfricans
1918 2479 2015 2518 au-

433 2558 623 2613 dacter
675 2558 1049 2614 contradicere
1087 2557 1289 2628 cmpit;
1323 2572 1409 2620 ac,
1439 2555 1602 2622 Quid,
1657 2555 1853 2626 inquit,
1882 2555 2010 2610 mali

435 2649 584 2703 feci?
618 2647 797 2704 Unum
828 2648 994 2704 Deum
1027 2664 1276 2713 veneror,
1303 2664 1469 2703 unum
1494 2649 1656 2716 novi;
1689 2663 1791 2704 nee
1819 2658 2011 2718 praeter

433 2742 612 2812 ipsum
634 2744 864 2797 alterum
897 2750 1107 2805 natum,
1136 2756 1380 2810 passum,
1402 2749 1698 2795 mortuum.

503 2908 582 2964 Ad
621 2924 784 2980 quam
813 2910 1126 2981 Opinionem
1155 2926 1278 2966 cum
1306 2919 1624 2967 constanter
1678 2912 2016 2970 adhaeresce-

434 3007 540 3063 ret,
570 3015 696 3055 eum
741 3003 944 3071 pariter
974 3013 1136 3072 atque
1167 3002 1288 3072 ejus
1329 3003 1634 3073 discipulos
1667 3005 1736 3059 ab
1767 3003 2011 3060 Ecclesia

435 3089 666 3158 pellunt.
693 3089 924 3144 Moritur
958 3090 1154 3145 deinde
1188 3093 1352 3160 paulo
1376 3102 1497 3161 post
1531 3108 1654 3146 cum
1691 3093 1860 3148 fratre
1889 3109 2010 3159 suo;

435 3197 612 3251 neque
649 3190 828 3237 tamen
854 3189 947 3236 aut
985 3182 1074 3237 ille
1099 3183 1216 3252 pari
1245 3199 1306 3238 ac
1341 3183 1554 3254 Moyses
1581 3185 1732 3246 olim,
1775 3193 1870 3238 aut
1893 3185 2014 3254 ejus

436 3273 607 3328 frater
641 3273 851 3339 eadem,
870 3289 976 3344 qua
1007 3275 1190 3328 Aaron
1211 3274 1622 3330 honorificentia
1641 3276 1838 3346 sepulti
1863 3287 2010 3332 sunt:

437 3376 697 3438 tanquam
734 3367 879 3422 enim
928 3367 1237 3422 desertores
1265 3367 1464 3437 abjecti
1498 3377 1648 3430 sunt,
1680 3383 1781 3422 nec
1805 3369 1875 3423 ab
1903 3369 2014 3423 ullo

435 3461 844 3516 Catholicorum
879 3461 1172 3530 sepulturze
1196 3461 1454 3514 mandati.
1478 3458 1608 3515 Post
1631 3461 1746 3514 haec
1776 3461 1868 3531 qui
1900 3476 2016 3516 cor-

436 3558 656 3620 ruptam
710 3551 890 3613 ableo
921 3551 1225 3604 doctrinam
1278 3551 1576 3604 hauserant
1632 3551 1777 3604 istud
1834 3552 2009 3622 ipsum

437 3642 634 3713 dogma
667 3641 1115 3705 corroborarunt,
1148 3641 1362 3708 iisdem,
1390 3642 1590 3712 quibus
1623 3644 1865 3711 ipsorum
1899 3659 2014 3698 ma-

438 3734 610 3803 gister
646 3733 823 3798 initio,
846 3733 1029 3788 verbis
1050 3733 1305 3798 adducti;
1339 3743 1462 3788 nam
1509 3751 1634 3790 cum
1673 3736 2015 3807 presbytero-

439 3841 562 3880 rum
586 3825 821 3880 concilio
855 3825 1198 3896 percontanti
1252 3827 1497 3892 dixisset,
1539 3843 1708 3881 unum
1744 3844 1803 3883 se
1844 3827 2011 3882 Deum

436 3917 639 3980 colere,
675 3932 801 3971 vere
849 3917 952 3970 hoc
990 3916 1190 3970 abillis
1218 3932 1539 3986 reSponsum
1575 3919 1788 3973 audiit:
1819 3918 1882 3971 Et
1911 3935 2012 3975 nos

437 4024 608 4064 unum
654 4022 870 4077 quoque
913 4005 1081 4064 Deum
1115 4007 1366 4072 colimus,
1420 4009 1512 4063 sed
1552 4010 2011 4078 quemadmodum

377 4100 382 4104 ’
439 4099 678 4170 legitime
714 4097 866 4150 illum
902 4096 1081 4151 colere
1107 4098 1375 4150 novimus.
1410 4096 1706 4167 Itidemque
1732 4099 2012 4154 Christum

437 4191 701 4244 habemus
728 4203 923 4250 unum,
949 4188 1043 4241 sed
1071 4187 1526 4256 quemadmodum
1551 4189 1824 4253 novimus,
1845 4206 2010 4272 unum

434 4282 712 4336 Christum
745 4275 837 4333 Dei
861 4278 1090 4345 Filium;
1124 4293 1364 4348 passum,
1399 4280 1670 4348 quomodo
1695 4297 1889 4350 passus
1904 4293 2008 4349 est;

2134 461 2399 524 Ἀσιανὸς,
2440 462 2538 531 τῆς
2602 461 2828 530 Ἐφέσου
2870 460 3076 523 πόλεως
3111 460 3224 530 (96)
3250 460 3541 531 ὑπάρχων.
3593 465 3709 525 ⁸ος,

2119 550 2384 624 ἀλλοτρίῳ
2416 550 2686 620 πνεύματι
2724 550 3043 621 φερόμενος,
3081 550 3344 620 ἠθέλησεν
3378 552 3474 621 ἀφ’
3516 553 3707 606 ἑαυτοῦ

2118 638 2154 692 ἀ
2185 641 2320 709 μήτε
2347 639 2645 710 προφῆται,
2679 640 2818 709 μήτε
2850 640 3159 704 ἀπόστολοι,
3195 644 3332 712 μήτε
3363 641 3426 706 ἐξ
3456 645 3708 714 ipsum;

2119 729 2381 799 κατέσχεν
2411 731 2444 799 ἡ
2493 729 2809 799 Ἐκκλησία,
2848 732 2984 802 μήτε
3012 731 3289 803 ἐνενοηθη,
3318 733 3505 800 λέγειν
3534 751 3594 786 τε
3619 737 3705 786 καὶ

2117 821 2409 876 διδάσκειν.

2232 907 2376 976 ὗτος,
2420 912 2512 981 ἀφ’
2544 911 2738 974 ἑαυτοῦ
2788 913 2875 964 ἐπ’
2905 914 3115 983 ἅρμασι
3155 914 3171 943 ¹
3201 914 3400 983 μανίας
3426 916 3708 984 ἐπαρθεὶς,

2115 1004 2382 1075 ἐτόλμησε
2434 1005 2614 1073 λέγειν
2669 1004 2762 1058 τὸν
2820 1005 3041 1076 Πατέρα
3095 1005 3443 1058 πεπονθέναι.
3481 1007 3607 1058 Ἐτι
3653 1008 3708 1058 δὲ

2119 1095 2323 1164 μείζονί
2353 1114 2457 1149 τινι
2489 1095 2643 1166 τύφῳ
2673 1096 2765 1148 καὶ
2797 1096 3190 1169 παραφροσύνῃ
3223 1097 3482 1165 ἐνεχθεὶς,
3517 1099 3709 1150 ἑαυτὸν

2117 1186 2268 1255 ἔλεγε
2290 1186 2547 1248 Μωῦσὲα,
2580 1188 2674 1239 καὶ
2696 1187 2786 1240 τὸν
2801 1187 3027 1255 ἀδελφὸν
3054 1187 3220 1240 αὐτοῦ
3265 1189 3498 1258 ’Δαρών.
3547 1189 3707 1240 Ἀλλά

2119 1277 2318 1348 μεταξὺ
2367 1278 2568 1331 τούτων
2613 1278 2720 1331 ἀπὸ
2751 1278 2858 1347 τῆς
2913 1279 3040 1348 περὶ
3083 1279 3244 1331 αὑτὸν
3291 1281 3628 1350 ἐνηχήσεως,
3655 1283 3703 1332 οἱ

2117 1371 2377 1442 μακάριοι
2413 1371 2772 1442 πρεσϐύτεροι
2811 1370 2910 1439 τῆς
2955 1369 3281 1441 Ἐκκλησίας
3329 1373 3707 1442 προσκαλεσά-

2117 1479 2266 1532 μενοι
2294 1462 2474 1526 αὐτὸν,
2508 1462 2768 1533 ἐξήταζον
2819 1461 2947 1533 περὶ
2984 1462 3188 1514 τούτων
3223 1462 3502 1525 ἁπάντων,
3539 1465 3634 1515 καὶ
3659 1466 3703 1516 εξ

2113 1552 2315 1623 ταύτην
2336 1554 2434 1624 τὴν
2458 1553 2805 1624 βλασφημίαν
2827 1570 2891 1605 πε
2901 1553 2950 1623 pi.
2965 1553 3177 1624 Πατρδς
3189 1555 3558 1624 προηγάγετο.
3578 1555 3634 1607 '0
3651 1555 3704 1606 δὲ

2111 1644 2182 1697 τά
2208 1645 2398 1715 πρῶτα
2432 1645 2530 1715 μὲν
2558 1646 2793 1716 ἠρνεῖτο,
2826 1647 2918 1698 ἐπὶ
2945 1645 3037 1697 τοῦ
3081 1645 3474 1716 πρεσϐυτερίου
3508 1648 3706 1716 ἀγόμε-

2116 1753 2223 1799 νος,
2255 1735 2343 1788 διά
2372 1737 2432 1788 τὸ
2480 1737 2680 1807 μηδένα
2719 1737 2825 1807 πρὸ
2859 1737 3023 1790 αὑτοῦ
3047 1737 3159 1805 (97)
3184 1737 3442 1807 ἐξεμέσαι
3476 1743 3704 1809 ταυτηνὶ

2114 1826 2214 1896 τὴν
2237 1825 2414 1893 δεινὴν
2450 1825 2543 1877 καὶ
2568 1825 2846 1896 ὀλετήριον
2869 1827 3093 1897 πικρίαν
3119 1843 3132 1854 ·
3171 1826 3397 1896 ὕστερον
3432 1827 3489 1880 δὲ
3518 1831 3614 1895 ἀφ’
3639 1823 3705 1899 ἧς

2115 1915 2229 1986 εἶχε
2281 1916 2485 1988 λύσσης
2527 1918 2604 1980 εἰς
2659 1935 2813 1980 τινας
2848 1917 3039 1982 ἄλλους
3081 1917 3353 1989 ἐμϐαλὼν,
3393 1919 3470 1982 ὡς
3504 1920 3701 1979 εἰπεῖν,

2115 2005 2210 2059 καὶ
2245 2006 2340 2059 σὺν
2394 2005 2541 2075 αὐτῷ
2599 2005 2786 2078 ὥσπερ
2831 2006 2962 2059 δέκα
2993 2007 3192 2078 ἄνδρας
3223 2008 3585 2077 ἐπαγόμενος,
3625 2011 3704 2071 εἰς

2115 2097 2281 2166 τῦφον
2318 2098 2537 2168 μείζονα
2560 2099 2654 2150 καὶ
2685 2099 2883 2168 θράσος
2931 2099 3210 2171 ἐπαρθεὶς,
3244 2101 3519 2170 τολμηρὸς
3555 2118 3704 2168 γεγοέ

2115 2191 2240 2255 νὼς,
2267 2191 2551 2262 παρρησίᾳ
2569 2190 2755 2244 λοιπὸν
2799 2191 2896 2261 τὴν
2919 2192 3132 2263 αἵρεσιν
3154 2191 3496 2262 ἐδογμάτιζε.
3537 2193 3703 2245 Πάλιν

2113 2281 2159 2335 δ’
2193 2275 2261 2335 αὖ
2283 2283 2332 2335 ot
2384 2282 2538 2336 αὐτοὶ
2571 2274 2950 2354 πρεσϐύτεροι,
2991 2283 3494 2353 προσκαλεσάμενοι
3541 2284 3702 2336 αὐτόν

2113 2388 2173 2424 τε
2203 2372 2296 2425 καὶ
2337 2373 2459 2434 τοὺς
2502 2370 2950 2443 προσφθαρέντας
2988 2372 3136 2442 αὑτῷ
3186 2372 3529 2443 ἀνθρώπους,
3575 2376 3702 2444 περὶ

2113 2463 2223 2516 τῶν
2248 2463 2426 2517 αὐτῶν
2460 2464 2621 2516 πάλιν
2657 2462 2903 2534 ἠρώτων.
2948 2464 3006 2517 Ὀ
3040 2465 3098 2518 δέ
3128 2465 3241 2535 ἅμα
3268 2468 3379 2526 τοῖς
3411 2466 3502 2518 ὑπ’
3535 2468 3700 2520 αὐτοῦ

2117 2557 2546 2627 πεπλανημένοις
2598 2556 2902 2627 ὑποτρίψας
2939 2556 2998 2610 τδ
3032 2556 3302 2627 μέτωπον,
3348 2557 3536 2610 λοιπὸν
3565 2561 3703 2630 παρο

2117 2648 2282 2719 ῥησίᾳ
2315 2647 2589 2716 ἀντέλεγε,
2643 2648 2901 2717 φάσκωνο
2938 2649 3003 2701 Τί
3036 2648 3144 2719 γὰρ
3173 2650 3343 2703 κακὸν
3385 2651 3698 2721 πεποίηκας

2117 2739 2253 2792 Ἕνα
2313 2739 2445 2793 Θεὸν
2496 2739 2724 2806 δοξάζω,
2757 2739 2852 2793 ἕνα
2890 2739 3212 2810 ἐπίσταμαι,
3257 2741 3352 2793 καὶ
3394 2741 3497 2794 οὐκ
3540 2741 3698 2794 ἀλλον

2116 2830 2255 2901 πλὴν
2281 2829 2468 2894 αὐτοῦ,
2499 2830 2849 2901 γεννηθέντα,
2876 2831 3200 2894 πεπονθότα,
3233 2831 3589 2886 ἀποθανόντα.

2197 2923 2285 2986 Ὠς
2343 2919 2434 2976 οὖν
2494 2924 2552 2975 ὲν
2603 2923 2811 2986 τούτοις
2871 2923 3080 2992 ἔμενεν,
3128 2923 3364 2987 ἐξέωσαν
3399 2923 3561 2978 αὑτὸν
3601 2923 3697 2993 τῆς

2130 3012 2455 3084 Ἐκκλησίας
2489 3013 2605 3083 ἅμα
2655 3016 2769 3076 τοῖς
2819 3013 2908 3066 ὑπ’
2938 3013 3102 3066 αὐτοῦ
3134 3013 3308 3084 δόγμα
3357 3015 3698 3085 μεμαθητενο

2121 3106 2319 3176 μένοις.
2361 3105 2598 3175 Τελευτᾷ
2660 3104 2716 3158 δὲ
2760 3106 2788 3156 ὁ
2829 3105 2987 3167 αὐτὸς
3039 3104 3264 3175 ἔναγχος
3308 3107 3424 3176 ἄμα
3468 3106 3549 3176 τῷ
3589 3107 3698 3176 ἰδίῳ

2115 3196 2350 3267 ἀδελφῷ,
2403 3197 2500 3267 οὐχ
2545 3197 2673 3260 ὼςὸ
2725 3199 2963 3267 Μωῦσῆς
3009 3199 3066 3249 ἐν
3109 3197 3258 3270 δόξῃ,
3293 3199 3414 3251 οὐδὲ
3461 3201 3490 3252 ό
3539 3198 3694 3253 αὐτοῦ

2113 3290 2385 3360 ἀδελφδςὸ
2427 3288 2634 3360 ’Δαρὼν
2664 3289 2837 3359 ἐτάφη
2867 3291 2923 3340 ἐν
2960 3293 3092 3360 τιμῇ
3111 3308 3124 3322 ·
3159 3291 3466 3361 ἐρρίφησαν
3493 3292 3603 3362 γάρ
3624 3291 3696 3354 ὡς

2116 3381 2450 3452 παραϐάται,
2505 3381 2596 3434 καὶ
2629 3380 2801 3442 οὐδεὶς
2854 3380 3052 3441 αὐτοὺς
3082 3379 3190 3432 τῶν
3237 3380 3507 3433 θεοσεὸὦν
3549 3398 3694 3452 περι-

2113 3472 2341 3526 έστειλε.
2373 3471 2526 3526 Μετὰ
2549 3471 2705 3524 τοῦτο
2730 3472 2778 3523 οἱ
2814 3471 2906 3524 ὑπ’
2932 3471 3096 3524 αὐτοῦ
3123 3471 3212 3525 τὸν
3240 3472 3366 3525 νοῦν
3403 3472 3693 3544 φθαρέντις

2115 3563 2419 3634 ἑκράτυναν
2473 3562 2622 3616 τουτὶ
2663 3562 2724 3614 τὸ
2757 3562 2952 3633 δόγμα,
2989 3562 3198 3626 τούτοις
3227 3565 3341 3625 τοῖς
3377 3564 3566 3633 ῥητοῖς
3597 3565 3690 3616 ὑπο

2114 3653 2388 3723 αχθὲντες,
2423 3647 2504 3715 οἷς
2528 3652 2620 3705 καὶ
2651 3654 2678 3705 ὁ
2697 3651 2872 3704 αὐτῶν
2901 3651 3214 3714 διδάσκαλος
3254 3651 3314 3715 ἐξ
3344 3651 3544 3724 ἀρχῆς.
3576 3652 3690 3705 Ὅτε

2114 3745 2220 3814 γὰρ
2244 3743 2596 3814 ἐρωτώμενος
2627 3743 2732 3797 ἀπὸ
2756 3743 2846 3797 τοῦ
2873 3743 3266 3814 πρεσϐυτερίου
3302 3743 3408 3814 ἔφη
3441 3744 3542 3797 ἕνα
3569 3744 3692 3796 Θεὸν

2113 3831 2374 3899 δοξάζειν,
2401 3833 2564 3904 ἥκουε
2595 3833 2724 3903 παρ’
2765 3831 2944 3886 αὐτῶν
2971 3831 3296 3902 φιλαλήθως,
3327 3833 3411 3885 ὅτι
3445 3834 3544 3886 Eva.
3569 3832 3689 3886 Θεὸν

2113 3923 2407 3993 δοξάζομεν
2438 3924 2530 3976 καὶ
2572 3923 2747 3987 αὐτοὶ,
2796 3923 2908 3976 ἀλλ’
2939 3923 3014 3985 ὡς
3044 3923 3262 3993 οἴδαμεν
3287 3923 3516 3987 δικαίως
3543 3923 3687 3989 δοξά-

2115 4013 2248 4077 ζειν.
2291 4014 2401 4066 Καὶ
2431 4013 2527 4066 ἕνα
2561 4013 2794 4084 Χριστὸν
2843 4011 3059 4083 ἔχομεν,
3099 4011 3212 4066 ἀλλ’
3249 4013 3326 4075 ὡς
3354 4012 3582 4083 οἴδαμεν
3605 4013 3687 4064 ἕνα

2115 4105 2349 4175 Χριστὸν
2385 4105 2510 4158 Υίὺν
2537 4105 2692 4170 Θεοῦ,
2736 4104 2974 4158 παθόντα
3014 4103 3192 4168 καθὼς
3230 4103 3455 4168 ἔπαθεν,
3493 4103 3689 4159 ἀποθα-

2115 4197 2273 4250 νόντα
2300 4196 2479 4261 καθὼς
2510 4197 2801 4258 ἀπέθανεν,
2826 4196 3152 4262 ἀναστάντα,
3181 4195 3471 4249 ἀνελθόντα
3499 4198 3582 4258 εἰς
3605 4195 3688 4250 τὸν

2113 4289 2362 4360 οὐρανὸν,
2394 4290 2521 4342 ὄντα
2555 4290 2612 4343 ἐν
2632 4288 2781 4358 δεξιᾷ
2806 4287 2900 4341 τοῦ
2935 4288 3166 4358 Πατρὸς,
3198 4287 3494 4358 ἐρχόμενον
3517 4289 3687 4358 κρῖναι

437 4379 734 4428 mortuum.
763 4370 1042 4440 quomodo
1059 4378 1307 4424 mortuus
1338 4380 1452 4436 est;
1489 4372 1580 4441 qui
1610 4381 1664 4426 et
1684 4374 2003 4440 resurrexit,

2123 4377 2316 4441 ζῶντας
2369 4379 2459 4430 καὶ
2506 4377 2748 4448 νεκρούς.
2794 4376 2979 4431 Ταῦτα
3041 4377 3266 4447 λέγομεν
3315 4377 3686 4447 μεμαθηκότες

433 4471 488 4518 et
520 4463 573 4517 in
604 4462 802 4517 crelum
835 4462 1103 4526 ascendit,
1131 4470 1184 4515 et
1210 4462 1276 4515 ad
1297 4460 1475 4516 Patris
1498 4462 1776 4519 dexteram
1803 4477 2003 4532 manet,

2115 4469 2222 4520 ἀπὺ
2255 4468 2361 4521 τῶν
2389 4469 2548 4521 θείων
2583 4468 2835 4539 Γρασῶν,
2878 4468 2912 4522 ἃ
2946 4469 3038 4521 καὶ
3063 4467 3424 4538 ἐπιστάμεθα.

434 4566 488 4611 et
517 4566 779 4612 venturus
812 4564 895 4612 est
924 4554 1172 4626 judicare
1203 4556 1356 4610 vivos
1379 4563 1432 4609 ct
1464 4565 1730 4612 mortuos.
1789 4556 1912 4614 Haec
1967 4575 2068 4616 nos
2108 4561 2175 4617 ab
2233 4563 2534 4633 Scripturis
2582 4564 2757 4616 sacris
2811 4570 3028 4631 accepta
3085 4560 3424 4631 profitemur,
3473 4576 3596 4629 qua:
3640 4566 3684 4612 et

436 4665 704 4704 liOVIﬂiUS.

509 4741 576 4795 Il.
611 4737 747 4793 Hinc
787 4737 1058 4799 Noetiaui.
1091 4738 1236 4791 velut
1297 4737 1364 4790 ab
1408 4754 1473 4792 eo
1504 4741 1679 4795 avulsi
1714 4757 1778 4796 ac
1810 4758 2009 4814 prepa-

436 4835 567 4902 gati,
605 4842 764 4902 atque
795 4831 1036 4886 universi
1070 4830 1190 4898 ejus
1221 4829 1446 4882 asseclae
1484 4830 1623 4884 idem
1659 4832 1851 4902 dogma
1893 4851 2011 4904 pro-

439 4929 678 4987 fitentur,
735 4939 797 4979 ac
841 4924 1132 4978 fanaticam
1192 4921 1338 4974 illam
1382 4921 1686 4977 doctrinam
1741 4926 2007 4993 ejusmodi

439 5017 618 5073 verbis
669 5016 934 5070 aflirmare
979 5022 1273 5083 conantur,
1335 5013 1534 5081 quibus
1594 5016 1829 5088 Moysem
1867 5017 2010 5074 Deus

437 5109 633 5162 affatus
655 5116 737 5162 est
765 5123 776 5158 :
812 5105 921 5176 Ego
943 5123 1059 5160 sum
1099 5107 1237 5159 Deus
1261 5111 1472 5173 patrum
1503 5117 1811 5162 vestrorum.
1844 5107 2004 5178 481

515 5286 530 5316 ¹
562 5284 689 5341 Cor.
747 5289 1052 5360 ἐπάρμασι.

506 5445 617 5515 (96)
657 5442 770 5512 Τῆς
824 5443 1074 5513 Ἐφέσου
1119 5444 1368 5509 πόλεως.
1416 5441 1790 5498 Theodorctus
1822 5441 2001 5512 Smyr-

438 5531 660 5570 nensem
694 5516 841 5568 facit.

507 5584 617 5656 (07)
652 5585 754 5656 Aid
779 5585 843 5638 τὸ
869 5583 1100 5654 μηδένα
1130 5584 1240 5653 πρὸ
1265 5582 1608 5656 αἱτοᾷεὶε.
1647 5583 1755 5634 Imo
1787 5585 1873 5634 diu
1911 5598 2003 5635 an-

436 5653 650 5716 tequam
682 5653 886 5711 Noctus
915 5665 1240 5724 emergeret,
1263 5655 1402 5707 idem
1437 5653 1525 5708 ille
1555 5670 1706 5709 error
1737 5664 1998 5723 patronos

2182 4743 2253 4795 ΙΨ.
2314 4743 2408 4794 Ἐκ
2459 4740 2648 4794 τούτου
2697 4742 2746 4792 οἱ
2792 4741 3114 4810 Non-navet,
3166 4739 3515 4810 ἀπόσπασμα
3548 4743 3684 4806 ὄντες

2108 4834 2294 4896 αὐτοῦ,
2336 4835 2432 4886 xai.
2464 4834 2512 4885 οἱ
2553 4833 2614 4896 ἐξ
2662 4831 2827 4884 αὑτοῦ
2860 4833 3007 4884 τουτί
3040 4831 3100 4882 τὸ
3139 4831 3313 4900 δόγμα
3356 4831 3682 4899 δοξάζουσιν,

2109 4927 2171 4978 ἐκ
2210 4925 2316 4976 τῶν
2349 4923 2531 4994 ῥητῶν
2556 4922 2760 4975 τούτων
2800 4921 3124 4992 πειρώμενοι
3158 4923 3412 4992 συνιστᾷν
3441 4925 3544 4993 τὴν
3577 4925 3679 4978 κατ’

2109 5014 2305 5076 αὐτοὺς
2361 5013 2578 5083 ἐμμανῆ
2631 5011 2997 5075 διδασκαλίαν,
3050 5011 3142 5080 ἀφ’
3198 5007 3264 5082 ἧς
3299 5008 3454 5064 εἶπεν
3497 5017 3523 5065 ό
3562 5013 3679 5073 Θεὸς

2110 5108 2245 5176 πρὸς
2308 5105 2585 5174 Μωῦσῆν·
2632 5101 2779 5171 Ἐγώ
2829 5105 2944 5172 εἰμι
2983 5106 3014 5156 0'
3057 5103 3199 5168 Θεὸς
3245 5101 3364 5154 τῶν
3423 5102 3679 5170 πατέι-ων

2107 5441 2396 5498 habuerat,
2447 5448 2504 5492 ut
2552 5456 2617 5493 ex
2650 5438 2862 5492 Tertul.
2903 5439 3179 5509 Cypriane
3213 5457 3300 5510 cp.
3349 5441 3436 5495 75.
3481 5441 3666 5510 lguatio

2114 5510 2279 5577 Epist.
2310 5513 2376 5560 ad
2413 5510 2636 5578 Philipp.
2685 5512 2891 5577 colligit
2923 5510 3270 5572 Pammelius.
3302 5520 3356 5565 et
3391 5510 3662 5564 Baromus.

2113 5581 2220 5634 llos
2252 5598 2379 5651 vero
2404 5579 2845 5648 Patripassianos
2867 5581 3104 5648 appellat
3131 5581 3468 5651 Cyprianus,
3497 5594 3548 5636 et
3577 5580 3666 5632 ila-

2113 5654 2226 5704 rius
2265 5650 2577 5706 Victoriuus
2608 5653 2623 5703 l
2660 5662 2832 5704 contr.
2864 5651 3072 5704 Arium.
