3822 6302
89 266 191 324 997

755 239 1142 329 'onansus
1171 247 1522 326 negasses
1551 243 1657 325 ἰιι

1844 271 2009 329 TOM.
2051 276 2089 330 1.
2132 308 2197 318 —
2230 277 2501 335 HA'IRES.
2542 280 2700 337 LVII.

3269 289 3372 345 998

89 383 276 454 ὑμῶν.
357 385 502 453 Ἐγὼ
559 384 810 452 πρῶτος,
853 386 952 441 καί
983 383 1099 454 ἐγὼ
1124 391 1272 455 μετὰ
1310 389 1496 444 ταῦτα
1519 407 1532 421 ο
1570 392 1657 443 oi);

1802 391 1899 462 Ego
1931 395 2132 462 primus
2189 405 2238 450 et
2289 414 2380 467 ego
2437 403 2714 468 posterior.
2768 399 2892 455 Non
2942 411 3096 456 erunt
3151 404 3247 459 tibi
3295 407 3371 460 dit

90 478 344 532 ἔσονταί
374 494 474 532 σοι
505 479 626 532 θεοί
656 477 864 546 ἕτεροι,
888 480 982 533 καὶ
1007 485 1075 532 τὰ
1116 480 1264 550 ἑξῆς.
1300 482 1524 550 Ἔλεγον
1552 479 1645 536 οὖν
1667 499 1681 513 ·

99 571 298 641 Ἡμεῖς
330 571 510 624 τοίνυν
552 571 715 626 αὑτὸν
750 573 968 643 οίόαμεν
1004 573 1183 643 μόνον.
1221 575 1282 627 El
1315 575 1496 628 τοίνυν
1517 575 1685 628 ἐλθὼν

91 659 332 730 Χριστὸς
391 661 677 730 ὲγεννήθη,
726 662 889 724 αὑτός
937 665 1051 715 ἐστι
1095 663 1302 734 Πατὴρ,
1339 665 1497 727 αὐτὸς
1536 665 1682 729 Υἱὸς,

86 750 188 821 ἄρα
218 752 393 815 αὑτός
429 753 545 805 ἐστι
573 752 706 815 Θεὸς
736 755 765 806 6
801 754 910 816 ἀεὶ,
940 753 1034 805 καὶ
1058 752 1153 805 νῦν
1191 754 1382 820 ἐλθὼν,
1426 755 1502 816 ὡς
1540 754 1685 823 λέγει

85 841 386 913 ήΓραφίγ
427 837 617 907 Οὗτος
665 846 698 896 ό
741 843 886 907 Θεός
941 860 1058 896 σου
1087 861 1100 875 ·
1137 847 1209 898 οὐ
1256 845 1686 914 λογισθήσεται

84 932 298 1000 ἕτερος
323 932 476 1001 πρὸς
506 934 712 987 αὐτόν.
774 933 1009 1002 Ἐξεῦρε
1033 935 1241 990 πᾶσαν
1270 933 1417 989 ὀδόν
1443 935 1687 1004 ἐπιστή-

84 1041 226 1092 μης,
273 1025 374 1080 καί
410 1024 635 1078 ἔδωκεν
685 1024 884 1094 αὐτὴν
923 1025 1228 1092 Ἰακὼϐ-τῷ
1270 1026 1438 1081 παιδὶ
1472 1029 1685 1091 αὐτοῦ,

87 1123 184 1176 καὶ
235 1123 497 1190 Ἰσραὴλ
531 1122 613 1188 τῷ
660 1122 1028 1193 ἠγαπημένῳ
1067 1124 1274 1178 αὑτοῦ.
1305 1125 1476 1178 Μετὰ
1503 1125 1689 1179 ταῦτα

87 1215 182 1268 ἐπὶ
213 1214 332 1280 τῆς
368 1214 483 1284 γῆς
531 1215 718 1283 ὤφθη,
757 1216 855 1269 καὶ
902 1216 1028 1281 τοῖς
1081 1216 1406 1284 ἀνθρώποις
1465 1234 1690 1270 συναν-

89 1307 390 1376 εστρὰφη.
465 1308 647 1378 Ὁρᾷς.
695 1309 849 1378 φησὶ,
905 1309 1066 1360 πάλιν
1101 1308 1218 1370 πῶς
1249 1310 1282 1378 ἡ
1325 1309 1442 1361 θεία
1497 1310 1687 1381 Γραφὴ

91 1401 241 1470 ἡμᾶς
271 1398 565 1463 συνεθίζει,
603 1398 697 1452 τοῦ
736 1399 809 1470 μὴ
844 1399 999 1454 ἄλλον
1031 1400 1125 1454 καὶ
1158 1400 1317 1455 ἄλλον
1363 1400 1495 1454 Θεὸν
1533 1404 1688 1473 ἡγεῖ-

92 1491 244 1554 σθαι,
317 1491 629 1558 φάσκουσα,
672 1492 753 1544 ὃτι
786 1491 950 1554 αὐτὸς
997 1491 1129 1554 Θεός
1159 1492 1276 1544 ἐστι
1308 1491 1466 1561 μόνος
1494 1491 1684 1555 ἐλθὼν,

91 1583 186 1635 καὶ
240 1582 410 1644 αὐτὸς
460 1581 621 1634 πάλιν
669 1580 894 1652 ὕστερον
943 1580 1166 1650 ὀφθείς;
1218 1581 1385 1635 Πάλιν
1449 1581 1505 1634 δὲ
1545 1582 1689 1652 ἄλλῳ

93 1670 244 1744 ῥητῷ
300 1673 603 1744 κέχρηνται
629 1672 820 1739 τούτῳ,
853 1672 930 1736 ὡς
956 1672 1136 1740 λέγει·
1191 1672 1546 1726 Ἐκοπίασεν
1573 1673 1679 1727 Αί-

1788 485 1964 549 alteri,
2009 494 2115 540 etc.
2149 487 2222 541 Ex
2263 491 2463 558 quibus
2516 494 2588 545 ita
2638 493 3138 562 colligebantzNos
3189 496 3369 566 ipsum

1788 578 2040 631 novimus
2094 579 2290 632 solum.
2348 580 2527 645 Quare
2564 584 2608 636 si
2649 584 2874 639 veniens
2919 585 3166 642 Christus
3214 597 3373 645 natus

1787 676 1891 728 est.
1951 667 2092 721 idem
2156 668 2269 738 ipse
2316 669 2477 725 Pater
2505 680 2608 736 est,
2645 683 2698 726 et
2749 673 2936 739 Filius,
2966 675 3109 731 idem
3140 680 3374 750 denique

1792 755 1936 812 Deus
1965 768 2070 822 est,
2100 762 2190 829 qui
2224 769 2277 816 ct
2309 778 2523 833 semper
2563 765 2685 830 fuit,
2712 777 2764 820 et
2794 768 2848 821 in
2881 771 3170 837 praesentia
3207 777 3372 836 venit,

1791 855 1850 901 ut
1879 847 2160 919 Seriptura
2185 851 2430 905 declarat
2464 873 2476 907 :
2510 854 2610 908 llic
2634 866 2710 909 est
2738 857 2879 912 Deus
2905 868 3061 925 tuus;
3091 877 3191 915 non
3223 876 3376 932 repu-

1791 937 1988 989 tabitur
2015 939 2154 991 alius
2179 940 2246 992 ad
2265 941 2457 1009 ipsum.
2479 942 2681 997 Invenit
2716 963 2919 1000 onmem
2947 951 3085 1003 riam
3118 954 3372 1015 scientiae,

1788 1036 1835 1078 et
1855 1025 1995 1079 dedit
2026 1028 2177 1080 illam
2201 1027 2369 1082 Iacob
2394 1046 2556 1096 puero
2587 1049 2704 1096 suo,
2753 1046 2802 1088 et
2846 1035 3018 1091 Israel
3043 1041 3234 1096 dilecto
3254 1059 3371 1098 suo.

1801 1116 1930 1170 Post
1960 1118 2070 1171 Ita'c
2100 1121 2154 1172 in
2184 1129 2324 1174 terra
2348 1123 2488 1176 visus
2527 1135 2626 1185 est,
2673 1135 2721 1178 et
2751 1143 2867 1180 cum
2898 1130 3198 1187 hominibus
3245 1150 3373 1188 cou-

1790 1220 2024 1263 versatus
2047 1220 2123 1264 est
2141 1213 2178 1264 ¹.
2199 1211 2276 1265 Fx
2295 1213 2398 1279 his,
2433 1213 2700 1284 inquiunt,
2721 1219 3154 1278 animadvertere
3180 1233 3361 1292 potes,

1804 1303 2256 1371 quemadmodum
2299 1304 2581 1375 Scriptura
2622 1325 2722 1364 nos
2772 1313 3048 1381 sapienter
3094 1315 3369 1382 informet,

1803 1408 1871 1447 ne
1906 1395 2068 1447 alium
2097 1403 2260 1465 atque
2288 1397 2452 1451 alium
2486 1397 2650 1454 Deum
2686 1402 3030 1469 arbitremur,
3058 1421 3181 1460 cum
3216 1407 3368 1462 illum

1797 1484 1966 1541 Deum
1991 1502 2113 1542 esse
2138 1489 2313 1542 solum
2337 1490 2555 1556 asserit,
2572 1493 2662 1561 qui
2695 1496 2922 1559 venerit,
2946 1497 3148 1567 Quique
3181 1507 3371 1569 postea

1799 1577 1872 1632 sit
1903 1578 2077 1634 visus.
2109 1579 2229 1632 Alia
2266 1589 2521 1649 prmterea
2567 1599 2630 1637 ex
2678 1585 2852 1639 sacris
2882 1587 3104 1643 Litteris
3141 1592 3376 1644 auctori-

1802 1674 1910 1721 tate
1961 1669 2322 1725 contendunt.
2370 1670 2677 1730 Laboravit.
2734 1675 2932 1744 inquit,
2985 1675 3271 1746 zEgyplus,
3323 1690 3374 1733 et

90 1737 346 1836 γύαι-ος,
543 1737 794 1834 ἐμπορία
844 1737 1161 1830 Αίθιόέιων,
1195 1766 1292 1819 καὶ
1327 1769 1380 1819 ot
1427 1766 1657 1834 Σαϐαεὶλ

1802 1761 2071 1829 tegotiatio
2109 1759 2422 1829 xEtliiopum
2448 1777 2466 1826 ;
2492 1775 2540 1817 et
2584 1763 2785 1820 S‘abain
2809 1768 2905 1820 viri
2933 1737 3183 1824 sublimes
3222 1771 3292 1824 ad
3327 1782 3374 1828 Ie

90 1859 308 1927 ἄνδρες
339 1858 570 1927 ὑψηλοί
591 1859 689 1912 ἐπὶ
709 1858 784 1911 σὲ
798 1857 1210 1925 διαϐήσονται,
1237 1858 1333 1912 καὶ
1357 1858 1455 1912 σοὶ
1478 1858 1683 1912 δοῦλοι

91 1954 368 2006 ἔσονται.
407 1950 518 2004 Καὶ
573 1952 974 2020 πορεύσονται
1004 1951 1198 2006 ὀπίσω
1231 1966 1348 2005 σου
1385 1949 1688 2020 δεδεμένοι

93 2043 500 2114 χειροπέδιιις,
542 2043 639 2097 καὶ
685 2045 756 2098 ἐν
789 2043 886 2098 σοὶ
921 2042 1450 2112 προσκυνήσουσι,
1488 2043 1584 2097 καὶ
1621 2044 1691 2096 ἐν

92 2136 190 2189 σοι
229 2135 680 2203 προσεύξονται
700 2151 716 2168 ο
747 2134 837 2187 ὅτι
865 2135 933 2188 ἐν
969 2135 1066 2188 σοὶ
1095 2135 1239 2201 Θεός
1275 2135 1424 2199 ἐστι,
1457 2135 1555 2188 καὶ
1577 2137 1689 2188 οὐκ

91 2228 226 2280 ἔστι
293 2228 445 2293 Θεὸς
489 2226 658 2294 πλὴν
704 2226 842 2280 σοῦ.
872 2226 956 2279 Σὺ
991 2225 1102 2295 τὰρ
1141 2222 1198 2278 εἷ
1255 2226 1418 2292 Θεὸς,
1451 2226 1546 2280 καὶ
1581 2228 1690 2280 οὐκ

95 2319 373 2388 ᾔδειμεν,
404 2322 436 2372 ὀ
467 2318 610 2383 Θεὸς
637 2316 741 2371 τοῦ
777 2316 1020 2386 Ἰσραὴλ
1059 2319 1282 2386 Σωτήρ.
1321 2319 1510 2388 Ὁρᾷς,
1535 2319 1689 2389 φησὶ,

94 2410 216 2473 πῶς
273 2410 331 2461 αἱ
391 2407 529 2460 θεῖαι
593 2407 805 2477 Γραφαὶ
852 2408 948 2459 ἕνα
999 2406 1130 2460 Θεὸν
1181 2408 1549 2478 σημαίνουσι,
1601 2410 1694 2461 καὶ

95 2500 568 2569 καταγγέλλουσιν
620 2500 782 2552 αὑτὸν
822 2501 1074 2571 ὲμφανῆ;
1112 2499 1221 2552 Καὶ
1250 2500 1695 2570 ὁμολογουμένως

95 2588 177 2656 εἷς
225 2595 406 2654 ἐστιν,
434 2593 461 2645 6
489 2592 650 2653 αὐτὸς
684 2593 768 2644 ἀεὶ
811 2590 903 2646 ὢν.
941 2592 1047 2644 Καὶ
1081 2591 1267 2645 τούτου
1289 2591 1449 2644 ἕνεκα
1485 2592 1545 2644 οὐ
1569 2591 1696 2644 πολ-

96 2686 229 2748 λοὺς
260 2684 422 2746 θεοὺς
459 2684 710 2754 λέγομεν,
734 2684 850 2737 ἀλλ’
887 2683 981 2737 ἕνα
1014 2683 1146 2736 Θεὸν
1175 2684 1266 2736 τὸν
1294 2683 1455 2737 αὑτὸν
1487 2683 1694 2754 ἀπαθῆ,

98 2780 270 2834 αὑτὸν
295 2778 520 2849 Πατέρα
544 2777 637 2831 τοῦ
670 2776 826 2838 Υίοῦ,
871 2775 1033 2829 αὐτὸν
1065 2775 1213 2836 Υἰὸν,
1245 2775 1338 2827 καὶ
1369 2775 1697 2840 πεπονθότα,

101 2871 193 2926 [va
226 2870 384 2943 σώσῃ
411 2870 560 2940 ἡμᾶς
597 2869 654 2920 ὲν
688 2867 766 2938 τῷ
803 2867 916 2938 ἰδίῳ
968 2865 1150 2931 πάθει,
1187 2866 1280 2919 καλ¹
1323 2867 1384 2919 οὐ
1425 2864 1701 2937 δυνάμεθα

101 2963 267 3017 ἄλλον
296 2961 508 3030 λέγειν·
534 2959 694 3031 δῆθεν
729 2959 836 3012 ἀπὸ
871 2957 965 3011 τοῦ
995 2958 1286 3011 ἐπιστάτου
1316 2957 1495 3011 αὐτῶν
1527 2975 1703 3029 μεμα-

104 3052 348 3124 θηκότες
372 3049 576 3121 ταύτην
601 3049 698 3119 τὴν
721 3048 1030 3118 ὁμολογίαν,
1061 3048 1152 3099 καὶ
1173 3046 1270 3118 τὴν
1304 3045 1548 3117 πονηρὰν
1571 3046 1702 3100 ταύ-

103 3161 208 3216 την
239 3143 518 3208 ὑπόνοιαν,
546 3141 640 3195 καὶ
660 3139 996 3212 λυμαντικὴν
1024 3138 1238 3210 μανίαν.

179 3230 324 3289 Εἶτα
351 3233 485 3287 ἄλλα
529 3232 670 3304 ῥητά
720 3248 882 3301 φασιν
914 3232 991 3294 είς
1022 3229 1278 3283 σύστασιν
1310 3230 1536 3293 ἑαυτῶν,
1569 3229 1644 3294 ὡς
1673 3233 1701 3284 6

106 3324 294 3378 αὐτῶν
316 3322 636 3386 διδάσκαλος
663 3321 870 3390 ἔλεγεν,
904 3321 984 3374 ὅτι
1035 3320 1130 3374 καὶ
1165 3321 1193 3372 ό
1235 3320 1554 3383 Ἀπόστολος
1579 3319 1701 3373 τού-

106 3429 228 3475 τοις
260 3413 532 3482 μαρτυρεῖ
547 3413 656 3472 τοῖς
679 3409 860 3478 λόγοις
882 3425 896 3439 ⁸
923 3404 1033 3462 Ὧν
1059 3411 1115 3462 οι
1144 3408 1414 3477 πατέρες,
1455 3409 1523 3473 ἐξ
1551 3403 1640 3463 ὧν
1667 3413 1699 3464 ό

108 3501 376 3572 Χριστὸς
421 3502 485 3556 τὸ
520 3500 672 3555 κατὰ
711 3501 931 3568 σάρκα,
964 3502 995 3554 ό
1023 3499 1107 3552 ὢν
1143 3500 1241 3553 ἐπὶ
1279 3499 1521 3553 πάντων
1558 3499 1702 3567 Θεὸς

107 3595 449 3666 εὐλογητὸς
485 3597 573 3660 είς
613 3594 754 3660 τοὺς
798 3594 1035 3660 αἰῶνας.
1079 3591 1283 3662 Ἀμήν.
1332 3594 1617 3648 Βούλονται
1645 3595 1702 3648 δὲ

105 3686 422 3757 διηγεῖσθαι
454 3685 773 3756 μονοκὼλως
799 3685 986 3742 τοῦτον
1034 3685 1125 3737 τὸν
1152 3685 1371 3755 τρόπον,
1407 3685 1482 3750 ὡς
1519 3686 1702 3740 Θεόδο-

106 3796 204 3842 τος
228 3793 242 3806 ⁸
310 3778 517 3840 ἐκεῖνος
549 3777 645 3847 μὲν
671 3776 830 3845 φύσει
883 3777 1196 3848 ἀκροτάτως
1245 3777 1528 3848 ἄνθρωπον
1549 3779 1701 3848 ψιλὸν

105 3870 517 3941 διηγησάμενος
541 3884 553 3896 ’
584 3863 738 3930 οὗτος
763 3869 819 3922 δὲ
852 3868 1012 3920 πάλιν
1039 3867 1203 3936 ἄλλην
1235 3867 1515 3938 ἀκρότητα
1544 3887 1700 3940 μονο-

103 3963 300 4025 τύπως
324 3961 417 4013 τὸν
437 3960 598 4013 αὑτὸν
621 3961 839 4031 Πατέρα
864 3960 957 4014 καὶ
988 3960 1114 4012 Υἱὸν
1148 3961 1240 4012 καὶ
1275 3960 1427 4028 ἅγιον
1455 3961 1699 4033 Πνεῦμα,

105 4057 168 4107 ὲν
216 4053 386 4122 σαρκὶ
442 4053 749 4108 πεπονθότα
810 4053 903 4106 καὶ
963 4050 1289 4122 γεννηθέντα
1333 4054 1698 4123 ἡγησάμενος.

104 4145 250 4200 οὔτε
289 4142 386 4199 οὖν
409 4147 606 4199 ἐκεῖνοι
640 4149 688 4204 oi
722 4146 828 4199 ἀπὸ
862 4144 1117 4198 Θεοδότου
1142 4161 1195 4196 τι
1236 4144 1293 4195 ἐν
1319 4143 1546 4215 ἀληθείᾳ
1571 4144 1702 4213 ἔφα-

49 4223 68 4238 .
109 4256 237 4302 σαν,
266 4237 395 4292 οὔτε
439 4234 593 4302 οὗτος
636 4240 665 4290 6
691 4237 896 4308 Νοητὸς
927 4238 1020 4289 καὶ
1042 4237 1092 4288 οἱ
1121 4235 1217 4288 ἀπ’
1250 4234 1436 4300 αὑτοῦ,
1456 4235 1700 4306 ’Λνόητος

101 4330 162 4384 δὲ
229 4328 436 4400 μᾶλλον
496 4331 562 4400 τῇ
609 4328 856 4398 δυνάμει,
902 4327 1154 4397 καθάπερ
1199 4328 1255 4379 αἱ
1295 4326 1434 4381 θεῖαι
1489 4327 1701 4399 Γραφαὶ

1791 1852 2112 1910 transibunt.
2149 1862 2198 1905 et
2225 1855 2360 1906 servi
2389 1856 2466 1907 tui
2495 1865 2666 1909 erunt.
2705 1857 2770 1909 Et
2798 1860 3141 1916 ambulabunt
3177 1874 3293 1931 post
3326 1875 3376 1920 te

1789 1943 1949 1996 vincti
1971 1945 2216 2008 manicis,
2247 1955 2295 1999 et
2326 1947 2380 1999 in
2419 1957 2466 2000 te
2514 1947 2836 2012 adorabunt,
2874 1961 2922 2005 et
2962 1953 3014 2005 in
3047 1967 3094 2007 te
3124 1955 3374 2024 depreca-

1791 2034 2005 2089 buntur.
2056 2035 2319 2102 Quoniam
2362 2039 2417 2091 in
2475 2047 2522 2092 te
2560 2038 2701 2094 Deus
2730 2051 2828 2105 est,
2881 2052 2930 2095 et
2964 2061 3068 2098 non
3118 2057 3195 2099 est
3238 2047 3374 2102 Deus

1790 2137 1982 2194 prtrter
2022 2138 2091 2180 te.
2137 2128 2179 2182 Τ
2181 2144 2215 2180 u
2254 2129 2391 2183 enini
2448 2147 2501 2184 es
2550 2130 2715 2196 Deus,
2750 2143 2799 2186 et
2830 2135 3204 2201 nesciebamus,
3233 2138 3371 2194 Deus

1792 2213 1967 2269 Israel
2037 2216 2294 2272 Salvator
2345 2218 2607 2285 '.V'ides,
2679 2225 2894 2293 opinor,
2967 2225 3240 2297 inquiunt,
3319 2230 3375 2284 in

1795 2306 2094 2376 Scripturis
2124 2326 2292 2363 unum
2328 2312 2556 2366 indicari
2594 2313 2762 2368 Deum
2787 2332 2850 2370 ac
2875 2319 3156 2376 manifeste
3179 2322 3375 2390 praedi-

1794 2402 1926 2452 cari.
1958 2399 2218 2470 Adeoque
2243 2403 2296 2455 in
2323 2402 2580 2459 confesso
2625 2419 2704 2462 eSt
2748 2424 2916 2462 unum
2946 2411 3098 2466 illum
3135 2428 3277 2478 esse,
3309 2430 3375 2469 ac

1796 2505 2008 2559 semper
2038 2492 2325 2547 exsistere.
2359 2492 2438 2548 0b
2472 2493 2636 2564 idque
2693 2512 2800 2550 non
2851 2500 3036 2568 plures
3077 2501 3209 2556 deos
3241 2503 3376 2556 allir-

1796 2599 2031 2645 mantus,
2083 2585 2175 2639 sed
2230 2601 2400 2641 unum
2459 2588 2726 2643 duntaxat
2778 2591 2970 2658 Deum,
3029 2596 3211 2663 quiet
3267 2599 3375 2666 pati

1797 2675 1932 2729 nihil
1966 2677 2162 2746 possit,
2192 2689 2238 2732 et
2291 2678 2432 2734 idem
2466 2679 2589 2735 Filii
2639 2681 2798 2738 Pater
2840 2685 2908 2738 sit
2957 2701 3020 2740 ac
3052 2685 3252 2754 Filius;
3281 2690 3374 2759 qui

1800 2767 1923 2822 ideo
1945 2784 2154 2840 passus
2177 2771 2270 2834 sit,
2287 2779 2347 2824 ut
2375 2787 2474 2826 nos
2496 2788 2593 2828 sua
2617 2775 2967 2844 perpessione
2992 2788 3252 2841 servaret,
3276 2797 3376 2836 nec

1800 2859 1967 2913 alium
2013 2861 2083 2915 ab
2124 2876 2188 2915 eo
2216 2865 2575 2931 pronuntiare
2609 2880 2924 2935 possumus.
2957 2869 3126 2935 Quam
3158 2871 3375 2941 quidem

1803 2951 1927 3007 fidei
1960 2952 2383 3023 professionem,
2434 2965 2497 3011 ac
2537 2958 2884 3028 depravatam
2927 2962 3263 3031 opinionem,
3294 2965 3376 3020 vel

1727 3101 1770 3155 Ο
1803 3045 2117 3116 pestiferam
2152 3048 2333 3116 potius
2363 3049 2632 3104 insaniam
2673 3066 2703 3104 a
2735 3052 2994 3123 magistro
3042 3055 3375 3114 didicerunt.

1875 3221 2016 3287 Quin
2041 3223 2203 3276 etiam
2238 3224 2340 3276 alia
2373 3223 2674 3294 Scriptum
2702 3227 2862 3282 verba
2897 3228 2962 3283 ad
2990 3245 3229 3286 errorem
3262 3240 3378 3288 sta-

1803 3314 2101 3370 biliendum
2134 3316 2391 3378 aderunt,
2425 3318 2627 3386 quibus
2659 3327 2711 3373 et
2733 3321 3047 3375 eorumdem
3077 3333 3377 3395 praeceptor

1809 3406 2067 3477 utebatur
2097 3425 2109 3460 :
2140 3405 2400 3460 nimirum
2431 3407 2518 3460 his
2546 3408 2728 3464 verbis
2758 3408 3077 3480 Apostolum
3116 3428 3230 3468 sua:
3265 3416 3376 3484 opi-

1802 3499 1952 3553 nioni
1997 3498 2285 3568 suﬁ‘ragari
2320 3517 2332 3552 :
2369 3497 2606 3563 Quorum
2659 3508 2781 3553 sunt
2827 3510 3044 3570 patres;
3083 3518 3147 3557 ex
3193 3505 3379 3574 quibus

1806 3590 2049 3646 Christus
2100 3591 2389 3645 secundum
2446 3608 2698 3656 carnem;
2737 3593 2826 3662 qui
2876 3603 2952 3647 est
3001 3611 3158 3664 super
3205 3598 3380 3651 omnia

1807 3681 1944 3736 Deus
1968 3680 2268 3737 benedictus
2292 3684 2346 3736 in
2372 3684 2594 3738 siccata.
2630 3684 2795 3738 Amen
2817 3685 2858 3739 ³.
2897 3684 2986 3740 Sic
3040 3687 3204 3758 igitur
3257 3689 3387 3744 sim--

1803 3773 1923 3841 plex
1957 3772 2218 3842 quiddam
2264 3773 2398 3838 Deo,
2435 3775 2708 3844 uniusque
2755 3773 2943 3830 formae
2993 3779 3264 3842 tribuunt,
3319 3795 3382 3835 ac

1803 3863 2146 3918 Theodotum
2183 3865 2497 3929 imitantur;
2528 3881 2652 3918 nam
2686 3874 2744 3919 ut
2778 3867 2880 3921 iste
2908 3867 2975 3921 ad
3007 3884 3175 3922 unum
3205 3877 3381 3925 extre-

1801 3971 1949 4010 mum
1982 3957 2282 4022 declinans,
2334 3957 2541 4010 nudum
2595 3957 2870 4012 hominem
2923 3960 3204 4015 Christum
3260 3977 3382 4017 esse

1801 4050 2095 4109 disseruit;
2131 4048 2211 4103 sic
2260 4048 2352 4103 ille
2391 4047 2538 4102 aliud
2585 4048 2650 4100 ad
2702 4056 3004 4104 extremum
3044 4051 3379 4117 descisccns,

1802 4139 2052 4192 eumdem
2081 4154 2203 4194 esse
2231 4137 2683 4205 Patrem,Fi|ium
2727 4147 2779 4194 et
2808 4141 3073 4210 Spiritum
3105 4151 3379 4205 sanctum,

1803 4229 2079 4299 uniusque
2105 4245 2352 4298 personae
2391 4230 2623 4294 statuit;
2662 4238 2716 4285 et
2746 4231 2890 4285 hunc
2936 4231 3112 4300 ipsum
3157 4247 3378 4302 passum

1805 4339 1868 4376 ac
1899 4333 2086 4377 natum
2121 4323 2472 4377 existimavit.
2523 4321 2628 4378 Sed
2683 4339 2859 4394 neque
2906 4323 3171 4379 Theodoti
3202 4332 3381 4380 secta-

101 4419 458 4489 ἀμφοτέρους
519 4419 612 4472 καὶ
675 4419 884 4482 πάντας
949 4419 1076 4480 τοὺς
1124 4415 1570 4488 πεπλανημένους
1618 4417 1657 4470 δε

1805 4423 1952 4470 tores
1985 4419 2095 4470 veri
2132 4415 2336 4485 aliquid
2365 4417 2564 4471 elocuti
2595 4426 2747 4480 sunt,
2801 4433 2979 4487 neque
3030 4415 3254 4480 Nouus,
3287 4425 3381 4469 aut

106 4511 420 4582 ελέγχουσι.

1811 4507 1964 4562 Nocti
1985 4509 2260 4578 discipuli.
2285 4509 2376 4578 qui
2401 4509 2662 4571 Anoetus,
2685 4509 2786 4564 hoc
2817 4519 2899 4565 est
2930 4509 3204 4577 insipiens,
3233 4511 3378 4578 quod

102 4603 175 4657 ad
207 4603 320 4656 vim
348 4601 552 4672 ingenii
602 4616 666 4656 ac
714 4599 1023 4656 facultatem
1061 4599 1358 4670 pertinent,
1396 4599 1575 4669 potius
1607 4607 1692 4654 est
1730 4598 2033 4665 dicendus;
2089 4598 2252 4670 482
2307 4613 2430 4652 cum
2478 4608 2738 4668 utrosque
2779 4614 2842 4654 ac
2895 4607 3120 4655 eteteros
3177 4614 3369 4653 omnes

105 4713 137 4750 a
165 4696 400 4752 veritate
427 4696 752 4752 aberrantes
778 4711 949 4751 sacrae
981 4694 1201 4750 Littera:
1227 4695 1575 4765 redarguam.

177 4789 252 4841 Ρ.
291 4787 477 4859 Πάντη
507 4788 563 4842 δὲ
589 4787 667 4860 τῷ
694 4789 784 4842 τὸν
819 4787 944 4841 νοὶν
979 4791 1058 4853 εἰς
1083 4790 1214 4844 Θεὸν
1238 4789 1580 4859 κεκτημένῳ,
1605 4788 1697 4842 καὶ

97 4885 158 4933 ἐν
198 4878 327 4950 θείᾳ
378 4879 565 4949 Γραφῇ
595 4881 687 4932 καὶ
707 4881 766 4931 ὲν
792 4878 1069 4948 Πνεύματι
1100 4879 1240 4950 ἁγίῳ
1260 4878 1698 4950 κατηυγασμένῳ

99 4971 502 5038 εὖθυέλεγκτος
532 4973 561 5023 6
606 4971 788 5023 αὐτῶν
818 4970 996 5040 λόγος,
1038 4973 1133 5024 καὶ
1165 4972 1347 5040 πάσης
1375 4971 1563 5033 ἀνοίας
1597 4970 1696 5040 ἐμ-

105 5063 293 5124 πλεως
345 5060 616 5129 φαίνεται.
651 5061 869 5131 Τόλμης
901 5060 1010 5133 γὰρ
1031 5062 1091 5114 τὸ
1137 5061 1317 5132 ἔργον,
1351 5061 1446 5114 καὶ
1473 5059 1702 5128 τυφλώ-

103 5173 249 5218 σεως
280 5157 313 5226 ή
347 5155 577 5221 διάνοια,
619 5154 902 5224 φάσκουσα
930 5155 1021 5208 τὸν
1063 5155 1228 5207 αὐτὸν
1286 5153 1507 5225 Πατέρα
1547 5154 1698 5218 ὄντα,

101 5250 202 5303 καὶ
234 5247 327 5301 τὸν
387 5248 551 5302 αὐτὸν
595 5248 745 5312 Υίὸν,
780 5249 872 5301 καὶ
896 5247 986 5301 τὸν
1020 5247 1180 5301 αὐτὸν
1220 5246 1526 5299 πεπονθότα
1550 5263 1562 5276 ·
1620 5247 1696 5311 ὡς

104 5342 204 5394 καὶ
233 5341 346 5394 ἀπὸ
383 5339 546 5411 ὀρθοῦ
594 5339 857 5410 λογισμοῦ
901 5338 1250 5410 κριθήσονται
1293 5339 1340 5390 οἱ
1385 5338 1698 5393 τὰτοιαῦτα

107 5432 436 5502 ψάσκοντες.
495 5431 621 5494 Πῶς
651 5431 759 5501 γάρ
788 5430 872 5503 εἴη
919 5432 1107 5502 Πατὴρ
1139 5433 1167 5484 ό
1219 5429 1382 5493 αὐτὸς
1435 5431 1526 5483 καὶ
1568 5430 1698 5494 Υἱὸς

103 5527 410 5596 ὐπάρχων;
440 5525 497 5577 Εἰ
529 5523 636 5595 γάρ
689 5524 816 5588 Υἱὸς
862 5523 1118 5595 ὑπάρχει,
1160 5523 1378 5587 πάντως
1409 5521 1502 5576 τοῦ
1551 5539 1695 5586 τινος

188 5686 201 5715 ¹
235 5683 452 5738 Baruch
485 5698 569 5747 ιιι,
601 5681 793 5738 56-58.
893 5686 912 5715 ³
933 5681 1045 5738 lsa.
1077 5699 1198 5737 xcv.
1236 5683 1322 5750 M,
1355 5681 1441 5736 lii.

1872 4784 1959 4838 Ill.
2003 4781 2271 4849 Quocirca
2297 4781 2390 4851 qui
2416 4790 2650 4837 mentem
2683 4783 2736 4837 in
2771 4782 2878 4839 Deo
2903 4784 3130 4839 defixam
3159 4786 3378 4851 habeat,

1803 4878 2008 4948 quique
2065 4891 2348 4932 sacrarum
2385 4873 2738 4939 Litterarum,
2794 4891 2856 4930 ac
2897 4876 3141 4947 Spiritus
3205 4882 3381 4934 sancti

1804 4971 2092 5042 splendore
2117 4969 2456 5024 illuminatus
2478 4967 2661 5032 fuerit,
2681 4969 2728 5024 ei
2756 4977 2867 5022 tota
2896 4970 3111 5024 illorum
3137 4971 3382 5028 doctrina

1804 5079 1926 5117 cum
1987 5062 2164 5116 facilis
2210 5061 2275 5116 ad
2331 5061 2711 5126 refellendum,
2773 5068 2885 5114 tum
2945 5065 3182 5117 amentia
3234 5069 3382 5121 oumi

1808 5155 1966 5223 plena
2005 5151 2273 5206 videatur.
2315 5151 2408 5206 Est
2461 5151 2604 5206 enim
2662 5150 2894 5221 insignis
2948 5154 3234 5222 cujusdam
3283 5158 3385 5210 huc

1807 5243 2052 5297 audaciae
2084 5242 2316 5304 facinus,
2361 5257 2424 5296 ac
2484 5257 2814 5312 nagnopere
2873 5253 3202 5299 excaecatam
3234 5264 3384 5300 men--

1808 5345 1912 5391 tetu
1955 5337 2100 5389 illam
2165 5343 2378 5405 oportet
2444 5352 2566 5390 esse
2601 5376 2616 5400 ,
2671 5345 2733 5416 et
2790 5353 2912 5408 qum
2965 5341 3214 5394 eumdem
3283 5338 3384 5392 Pa-

1808 5437 1941 5478 trem
2017 5441 2137 5479 esse
2191 5427 2334 5480 dicat
2403 5425 2654 5481 eumdem
2736 5426 2934 5482 Filium
3003 5439 3167 5499 atque
3233 5443 3386 5482 eum—

1806 5519 1929 5572 dem
1965 5519 2202 5590 denique
2248 5535 2370 5575 esse
2437 5535 2684 5591 passum.
2745 5518 2877 5586 Qua:
2933 5521 3028 5592 qui
3100 5519 3384 5591 garriunt,

1548 5682 1569 5713 ³
1590 5680 1750 5736 Rom.
1786 5696 1860 5747 Ix,
1892 5681 1942 5734 5.
