3822 6296
105 270 244 325 ΓΚΜ

783 277 1148 334 ADV'ERSUS
1187 279 1526 336 HERESES
1563 281 1690 336 LIB.

1831 285 1994 341 T051.
2037 285 2079 340 ῐ.
2105 317 2174 326 --
2211 282 2486 338 ΗᾹΞΒΕΞ.
2528 280 2683 335 LVII.

3215 286 3356 336 1οξὶῖ

104 397 230 463 qui,
260 396 316 446 αἱ
341 394 554 465 Γραφαὶ
578 398 632 450 al
659 395 834 467 πάντη
869 401 966 470 μὲν
1013 401 1230 472 Πατέρα
1267 401 1486 471 Πατέρα
1523 403 1685 470 γινώ-

1795 409 1862 470 vi,
1897 424 2074 477 neque
2103 407 2354 477 prudenti
2400 408 2842 469 ratiocinatione.
2890 421 2952 461 ac
3011 423 3078 462 ne
3129 398 3354 463 iuinima

106 503 364 549 σχοῦσαι,
417 487 510 540 καὶ
556 489 684 543 Υίὸν
736 489 878 554 Υίὸν,
931 492 1021 545 καὶ
1065 493 1218 559 ἀγιον
1268 493 1492 563 Πνεῦμα
1535 495 1688 562 ἅγιον

107 579 363 649 Πνεῦμα.

195 849 365 902 Ἀλλὰ
405 849 457 901 τι
509 849 761 917 φάσκεις,
797 842 844 903 ὦ
867 842 1061 915 oti-rce;
1096 849 1187 920 Μὴ
1227 848 1513 902 πολυθεῖαν
1550 850 1690 920 ἡγή-

111 958 300 993 σοιντο
343 941 395 992 οί
423 938 485 992 τὸ
528 935 690 1003 σέϐας
733 939 1000 1009 ἀληθινῶς
1037 944 1101 1011 τῇ
1143 941 1330 1011 Τριάδι
1360 940 1692 1012 προσφέρον-

108 1049 233 1094 τες,
272 1030 470 1092 οἵτινές
507 1031 644 1082 είσιν
682 1031 788 1082 υίοὶ
817 1031 917 1100 τῆς
946 1030 1230 1099 ἀληθείας,
1271 1031 1487 1101 καὶτῆς
1525 1031 1691 1100 μόνης

109 1121 414 1191 καθολικῆς
459 1120 820 1190 Ἐκκλησίαςς
845 1122 953 1173 Καὶ
976 1123 1072 1192 οὐχ
1110 1121 1300 1184 οὕτως.
1344 1121 1439 1185 Τίς
1478 1123 1585 1194 γάρ
1628 1123 1690 1175 οὺ

107 1214 299 1283 χαίρει
331 1214 345 1243 ⁸
379 1213 473 1266 ἕνα
504 1212 636 1265 Θεὸν
672 1208 809 1265 εἶναι
836 1212 936 1282 τῆς
965 1212 1217 1284 ἀληθείας
1246 1213 1461 1283 Πατέρα
1500 1229 1694 1266 παντο-

106 1306 365 1374 κράτορα
392 1344 406 1365 ,
465 1303 524 1368 ἐξ
575 1298 742 1373 οὗπερ
789 1306 818 1356 ὁ
867 1304 1156 1373 μονογενὴς
1200 1303 1328 1366 Υἱὸς
1375 1305 1433 1356 ὲν
1466 1303 1692 1375 ἀληθείᾳ

105 1397 246 1459 Θεὸς
277 1396 449 1463 Λόγος
470 1433 485 1457 ,
534 1394 896 1456 ὲνυπόστατος
934 1393 1104 1460 Λόγος
1131 1394 1523 1463 γεγεννημένος
1554 1394 1690 1464 ἀλη-

104 1489 258 1550 θινὸς
293 1487 354 1551 ἐξ
390 1486 554 1539 αὑτοῦ
583 1487 833 1556 ἀνάρχως
865 1487 959 1538 καὶ
999 1467 1279 1556 ἀχρόνωςς
1313 1485 1403 1538 Διὸ
1436 1485 1532 1538 ἕνα
1558 1485 1690 1539 Θεὸν

106 1579 376 1648 ἀσφαλῶς
405 1578 662 1648 κηρύττει
695 1579 728 1647 ἠ
774 1576 1101 1645 Ἐκκλησία,
1155 1576 1375 1646 Πατέρα
1406 1578 1499 1628 καὶ
1539 1577 1686 1630 Υίόν.

104 1674 265 1724 Διότι
295 1671 412 1738 ἐγὼ
442 1670 512 1722 ἐν
540 1668 619 1733 τῷ
644 1668 846 1734 Harpl,
888 1667 983 1719 καὶ
1017 1669 1050 1719 ό
1069 1665 1270 1735 Πατὴρ
1296 1666 1365 1719 ἐν
1399 1665 1550 1736 ἐμοί,
1577 1667 1687 1720 καὶ·

1788 497 2008 566 quidem
2048 497 2221 564 ~liujus
2261 496 2659 565 significatione
2711 497 2962 566 prazdita;
3015 511 3356 566 consequens

1787 594 1873 640 est
1891 594 1950 638 ut
1973 601 2164 640 omnes
2191 585 2491 658 Scriptum
2513 585 2889 655 repudientur,
2915 601 3036 655 qua:
3068 587 3271 655 ubique
3297 595 3355 642 et

1789 674 2004 729 Patrem
2035 690 2158 730 esse
2179 673 2418 739 Patrem,
2453 682 2506 729 et
2541 674 2735 728 Filium
2770 673 2988 736 Filium.
3016 685 3071 729 et-
3094 674 3355 744 Spiritum

1790 771 2042 818 sanctum
2075 762 2336 834 Spiritum
2367 771 2616 818 sanctum
2652 771 2976 832 agnoscunt.

1861 853 1942 906 Tu
1966 869 2114 918 vero,
2149 854 2220 906 mi
2251 854 2432 919 homo,
2465 854 2596 923 quid
2625 856 2844 908 tandem
2876 853 3080 908 aﬂ'ers?
3111 855 3192 908 An
3225 854 3358 908 illud

1790 945 2018 1007 vereris,
2046 960 2113 998 ne
2145 945 2368 998 deorum
2405 944 2481 998 illi
2512 945 2912 999 multitudinem
2947 946 3227 1005 invebant,
3262 947 3357 1017 qui

1792 1045 2157 1091 sacrosanctae
2215 1035 2403 1090 Triadi
2463 1051 2650 1091 verum
2711 1037 3094 1106 sincerumque
3148 1039 3357 1092 cultum

1792 1126 2085 1189 adhibent,
2147 1127 2351 1196 quique
2427 1127 2671 1182 veritatis
2738 1135 2793 1182 et
2859 1128 3021 1182 unius
3075 1129 3359 1184 catholica

1791 1217 2050 1273 Ecclesia:
2091 1229 2218 1273 sunt
2254 1219 2390 1272 filii?
2444 1216 2802 1274 Vehementer
2829 1235 3002 1275 erras.
3049 1219 3182 1286 Quis
3209 1222 3356 1276 enim

1792 1327 1900 1365 non
1951 1320 2162 1366 asserat
2220 1326 2387 1363 unum
2443 1309 2610 1364 Deum
2665 1325 2788 1365 esse
2842 1313 3085 1366 veritatis
3141 1309 3355 1366 Patrem

1791 1402 2244 1470 omnipotentem,
2288 1417 2316 1453 a
2353 1415 2461 1470 quo
2507 1401 2815 1470 unigenitus
2863 1399 3030 1457 Filius
3073 1417 3198 1456 vere
3229 1417 3358 1471 pro-

1792 1506 2013 1561 gressus
2062 1498 2179 1553 est,
2235 1489 2377 1544 Deus
2411 1488 2676 1553 Verbum,
2716 1489 2948 1544 Verbum
2973 1531 2988 1554 ,
3021 1490 3240 1560 inquam
3261 1528 3275 1553 ,
3301 1491 3357 1544 in

1792 1581 2012 1652 pr0pria
2069 1594 2302 1650 persona
2361 1579 2707 1645 consistens,
2771 1586 2826 1633 et
2875 1593 2906 1631 a
2956 1576 3118 1632 Patre
3168 1593 3358 1633 revera

1792 1673 1910 1727 sine
1943 1671 2056 1725 ullo
2094 1671 2250 1724 initio
2283 1684 2348 1724 ac
2381 1680 2622 1739 tempore
2655 1669 2928 1739 genitum?
2965 1667 3140 1722 Unum
3173 1669 3358 1738 itaque

102 1761 169 1811 οι
187 1763 304 1816 δύο
453 1761 672 1829 ἐσμενο
711 1733 955 1812 τουτέστι
989 1757 1088 1828 μία
1123 1733 1342 1827 θειότης,
1383 1733 1475 1811 κᾷι
1510 1758 1568 1811 ἓν
1601 1758 1690 1811 θέ-

1795 1761 1960 1816 Deum
1988 1769 2146 1815 caute
2170 1776 2234 1814 ac
2262 1733 2556 1830 prudenter
2575 1733 2815 1816 Ecclesia
2837 1760 3116 1830 praedicat,
3139 1733 3356 1814 Patrem

101 1855 260 1922 λημα
285 1897 300 1917 ,
334 1851 432 1905 καὶ
474 1852 572 1921 μία
602 1850 879 1921 κυριότης.
929 1848 1020 1913 Ἐξ
1060 1848 1225 1901 αὐτοῦ
1263 1849 1318 1901 δὲ
1355 1849 1445 1902 τοῦ
1479 1851 1689 1920 Πατρὸς

102 1947 198 2000 καὶ
253 1945 319 1997 τὸ
370 1943 592 2014 Πνεῦμα
625 1940 979 2013 ἐκπορεύεται
1004 1982 1016 2004 ,
1051 1941 1411 1994 ἐνυπόστατον
1448 1942 1506 1994 ὸν
1532 1980 1547 2004 ,
1594 1941 1690 1993 καὶ

101 2042 160 2090 ὲν
203 2037 440 2108 ἀληθείᾳ
470 2037 667 2088 τέλειον
702 2033 924 2103 Πνεῦμα
949 2033 1010 2085 τὸ
1035 2034 1132 2101 τῆς
1160 2031 1414 2101 ἀληθείας
1436 2070 1450 2093 ,
1483 2032 1543 2084 τὸ
1573 2050 1688 2100 φω-

100 2129 258 2192 τίζον
289 2127 360 2180 τὰ
393 2125 567 2179 πάντα
585 2167 599 2187 ,
627 2123 688 2175 τὸ
711 2123 774 2174 ὲκ
805 2120 898 2174 τοῦ
927 2119 1056 2173 Υίοῦ
1085 2118 1358 2189 λαμϐάνον
1385 2157 1400 2183 ,
1424 2118 1484 2170 τὸ
1518 2116 1689 2170 Πνεῦ-

100 2237 179 2288 μα
216 2218 323 2286 τῆς
358 2215 612 2285 ἀληθείας
636 2254 650 2276 ,
680 2213 741 2266 τὸ
770 2212 996 2281 Πνεῦμα
1027 2210 1120 2263 τοῦ
1156 2209 1367 2280 Πατρὸς
1387 2248 1402 2274 ,
1437 2208 1496 2260 τὸ
1519 2207 1688 2260 Πνεῦ-

101 2327 183 2380 μα
241 2308 338 2361 τοῦ
377 2305 632 2378 Χριστοῦ.
661 2303 752 2357 Διὸ
796 2303 922 2373 μίαν
961 2302 1186 2370 θεότητα
1217 2297 1355 2352 οἶδεν
1385 2301 1419 2369 ὴ
1461 2299 1688 2367 Ἐκκλη-

99 2401 195 2452 σία
221 2416 239 2428 ·
285 2393 369 2460 εἷς
390 2397 518 2458 Θεὸς
539 2397 570 2447 ὁ
599 2394 696 2463 τῆς
727 2390 982 2463 ἀληθείας
1015 2389 1199 2462 Πατὴρ
1219 2429 1233 2454 ,
1267 2389 1457 2460 Πατὴρ
1482 2388 1688 2451 τέλειος

95 2491 478 2550 ὲνυπόστατος
500 2527 516 2551 ,
563 2486 688 2548 Υἱὸς
725 2484 929 2546 τέλειος
971 2482 1368 2545 ὲνυπόστατος,
1403 2481 1499 2535 καὶ
1535 2480 1688 2548 ἅγιον

97 2583 344 2652 Πνεῦμα
386 2579 587 2632 τέλειον
637 2577 1026 2638 ὲνυπὸστατον,
1068 2575 1166 2644 μία
1208 2572 1428 2642 θεότης,
1462 2571 1562 2641 μία
1603 2571 1690 2624 δερ

100 2673 374 2735 σποτεία,
411 2669 508 2740 μία
555 2667 832 2740 κυριότης.
869 2666 960 2717 Διὸ
998 2665 1172 2734 πάντη
1215 2662 1402 2731 σαφῶς
1449 2661 1689 2733 κεκηρύ-

99 2782 274 2836 χασιν
308 2765 367 2815 ai
423 2761 565 2814 θεῖαι
604 2759 818 2829 Γραφαὶ
867 2757 964 2809 ἕνα
1010 2755 1174 2820 Θεὸν,
1208 2754 1452 2808 τουτέστι
1484 2753 1691 2824 Τριάδα

97 2856 400 2927 ὁμοούσιον
425 2893 441 2916 ,
493 2852 580 2904 ἀεὶ
629 2846 795 2903 οὖσαν
841 2847 939 2917 τῆς
985 2846 1155 2916 αὐτῆς
1191 2845 1514 2914 ταυτότητος
1538 2883 1553 2907 ,
1593 2843 1690 2912 τῆς

100 2949 284 3018 αὐτῆς
306 2945 650 3016 κυριότητος.
673 2941 785 2994 Καὶ
809 2939 1052 2992 διέπεσεν
1077 2939 1142 2990 ὲκ
1170 2935 1507 3005 πανταχόθεν
1537 2937 1565 2987 ὁ
1591 2935 1688 3004 τῆς

101 3038 372 3109 ἀνοησίας
401 3053 492 3088 σου
523 3033 679 3101 λόγος
698 3072 713 3096 ,
747 3026 792 3084 ὦ
837 3030 1052 3100 ἀνόητε.
1089 3028 1285 3081 Τοίνυν
1304 3026 1508 3081 τούτων
1541 3029 1691 3096 εἰρη-

1790 1852 2043 1906 videlicet
2076 1859 2129 1906 et
2153 1849 2372 1904 Filium.
2405 1849 2670 1917 Quoniam
2695 1892 2709 1914 ,
2742 1851 2937 1920 inquit,
2967 1867 3058 1920 ego
3091 1850 3146 1903 in
3172 1848 3355 1915 Patre,

1788 1953 1835 1996 et
1869 1942 2031 1996 Pater
2067 1944 2120 1995 in
2152 1959 2230 1996 me
2259 1953 2337 1997 est
2370 1946 2412 1997 ³.
2454 1941 2515 1996 Et
2543 1961 2556 1997 :
2583 1941 2750 1995 Ambo
2772 1957 2932 1994 unum
2969 1958 3150 1996 sumus
3182 1942 3224 2007 ³,
3255 1941 3358 1996 hoc

1788 2043 1906 2098 est,
1940 2049 2044 2088 una
2080 2034 2376 2096 divinitas,
2410 2041 2463 2087 et
2495 2033 2745 2086 voluntas
2789 2047 2919 2095 una,
2960 2041 3012 2086 et
3047 2046 3152 2084 una
3179 2031 3360 2085 domi-

1790 2125 1959 2179 natio.
1991 2125 2260 2180 Caterum
2289 2140 2350 2180 ex
2382 2121 2544 2178 Patre
2569 2124 2806 2192 Spiritus
2828 2137 3045 2194 quoque
3077 2123 3354 2193 procedit,

1789 2225 1981 2284 suapte
2029 2225 2294 2270 constans
2353 2216 2669 2286 bypostasi,
2724 2230 2789 2268 ac
2845 2217 3025 2285 reipsa
3087 2212 3359 2283 perfectus

1787 2308 2034 2364 veritatis
2069 2305 2330 2376 Spiritus,
2354 2308 2446 2377 qui
2478 2307 2748 2360 illuminat
2790 2308 3006 2373 omnia;
3034 2306 3128 2376 qui
3161 2321 3190 2358 a
3222 2303 3360 2360 Filio

1788 2399 2021 2468 accipit;
2058 2400 2334 2462 veritatis,
2383 2398 2604 2467 inquam
2628 2438 2642 2459 ,
2680 2399 2955 2468 Spiritus,
2998 2397 3235 2466 Spiritus
3263 2395 3361 2450 Pa-

1787 2485 1924 2549 tris,
1971 2485 2208 2554 Spiritus
2246 2487 2468 2540 Christi.
2512 2484 2695 2555 Itaque
2734 2502 2900 2540 unam
2949 2485 3189 2540 Ecclesia
3220 2486 3358 2544 divi-

1787 2573 2012 2626 nitatem
2039 2575 2316 2642 agnoscit;
2343 2585 2539 2642 estque
2565 2573 2708 2629 Deus
2730 2590 2871 2629 unus
2900 2577 3144 2632 Veritatis
3175 2574 3355 2643 Pater,

1787 2663 2062 2732 perfectus
2091 2663 2269 2727 Pater,
2309 2664 2590 2734 bypostasi
2622 2680 2720 2719 sua
2752 2668 3047 2735 praeditus;
3081 2667 3358 2738 perfectus

1786 2751 1996 2818 Filius,
2033 2768 2188 2808 suam
2223 2770 2475 2825 peraeque
2511 2755 2720 2812 habens
2756 2757 3134 2828 hypostasim;
3185 2759 3360 2830 perte.

1788 2854 1910 2901 etus
1940 2845 2176 2915 denique
2212 2848 2450 2916 Spiritus
2475 2854 2732 2912 sanctus,
2764 2858 2819 2904 et
2863 2866 3018 2906 suam
3049 2853 3153 2908 sibi
3187 2852 3358 2925 hypo—

1789 2936 1978 2990 stasim
2027 2937 2312 2993 vindicans
2345 2955 2360 2992 :
2391 2954 2496 2991 una
2534 2938 2822 3003 divinitas,
2860 2955 3078 3009 unaque
3111 2941 3360 2996 domina-

1789 3025 1887 3079 tio.
1929 3024 2140 3092 Quibus
2187 3027 2254 3083 de
2299 3030 2485 3084 causis
2537 3028 2703 3084 Deum
2737 3046 2904 3085 unum
2945 3046 3113 3088 sacra:
3157 3034 3361 3104 ubique

850 3084 984 3191 πρὸς
1013 3119 1110 3183 τὰς
1152 3118 1248 3172 τοῦ
1289 3084 1686 3190 προειρημένου

1795 3119 2011 3174 Littera)
2072 3122 2455 3190 pronuntiant.
2516 3122 2772 3176 nimirum
2831 3084 3358 3180 consubstantialem

104 3219 331 3290 Νοητοῦ
370 3218 552 3288 φωνὰς
605 3219 823 3270 σκοπεῖν
863 3213 921 3279 ἐξ
955 3211 1208 3284 ὑπαρχῆς
1229 3251 1244 3275 ,
1272 3211 1368 3264 καὶ⁵
1404 3209 1576 3273 οὕτως
1620 3208 1688 3261 τὰ

105 3314 252 3366 αὐτὰ
282 3309 556 3380 κεφάλαια
585 3307 930 3377 ἀνατρέπειν.

1792 3210 2044 3267 Triadem
2067 3252 2082 3274 ,
2113 3229 2176 3266 ac
2213 3229 2430 3284 semper
2452 3215 2836 3278 exsistentem,
2871 3217 2957 3269 cui
2992 3217 3180 3272 eadem
3216 3217 3360 3274 iden-

1789 3304 1948 3367 titas,
1971 3303 2220 3373 idemque
2244 3303 2556 3361 dominatus
2582 3306 2920 3359 attribuitur.
2955 3306 3120 3379 m
3149 3306 3223 3360 Ex
3250 3323 3360 3377 quo

106 3415 206 3458 tua
246 3403 364 3467 illa,
399 3398 754 3467 stolidissime
789 3394 1130 3458 mortalium,
1173 3393 1357 3462 inepta
1395 3390 1536 3445 ratio
1588 3392 1849 3447 concidit.
1883 3391 1980 3449 His
2013 3394 2442 3458 animadversis,
2481 3396 2744 3452 adversus
2809 3399 2928 3453 illas
2986 3399 3138 3455 Nocti
3200 3415 3360 3454 voces

108 3462 504 3567 opponendum
555 3462 718 3547 modo
767 3488 1004 3560 aliquid,
1055 3496 1114 3543 et
1159 3488 1228 3541 ab
1265 3489 1383 3556 ipso
1413 3485 1680 3558 principio
1708 3490 2056 3559 repetendum
2090 3498 2209 3555 est,
2243 3498 2406 3561 atque
2438 3506 2504 3546 eo
2569 3493 2730 3548 modo
2790 3493 3002 3563 singula
3037 3496 3214 3564 capita
3270 3509 3361 3548 re-

110 3588 373 3644 tenenda.

183 3679 264 3733 E'.
295 3675 522 3747 Πρῶτον
569 3672 670 3743 μὲν
714 3664 810 3723 οῦν
843 3669 1027 3738 ἐπειδὴ
1078 3667 1366 3736 παρήγαγε
1419 3665 1480 3719 τὸ
1523 3665 1691 3735 κεφά-

108 3773 295 3832 λαιον,
340 3769 423 3820 ὅτι
457 3763 561 3830 Εἷς
587 3764 761 3828 Θεὸς,
800 3761 870 3825 ἐξ
905 3756 977 3816 οὗ
1017 3761 1088 3812 τὰ
1128 3758 1355 3821 πάντα,
1388 3758 1486 3811 καί
1521 3757 1692 3826 ἡμεῖς

109 3868 200 3929 είς
244 3861 466 3922 αὐτὸν,
498 3857 595 3911 καὶ
630 3851 716 3922 είς
760 3855 968 3922 Κύριος
1009 3851 1246 3920 Ἰησοῦς
1281 3853 1562 3918 Χριστὸς,
1593 3848 1693 3902 καί

112 3955 289 4025 ἡμεῖς
326 3952 400 4004 δι’
429 3949 615 4003 αὑτοῦ
640 3989 656 4012 ,
688 3947 762 4000 δι’
791 3947 865 3999 ὃν
898 3946 970 3999 τὰ
999 3944 1226 4007 πάντα,
1267 3939 1365 3996 καὶ
1413 3941 1583 4010 ἡμεῖς
1618 3941 1691 3994 δι’

109 4045 336 4100 αὑτοῦ·
381 4042 478 4111 οὐχ
508 4041 672 4111 ὁρᾷς,
710 4041 791 4092 ὅτι
831 4035 919 4102 εἷς
955 4035 1100 4101 Θεὸς
1123 4076 1139 4101 ,
1175 4035 1245 4099 ἐξ
1278 4030 1349 4090 οὗ
1377 4034 1450 4087 τὰ
1475 4033 1690 4097 πάντα,

111 4136 216 4192 καί
255 4133 430 4204 ἡμεῖς
469 4135 556 4197 εις
601 4130 820 4193 αὑτὸν,
857 4129 972 4191 πῶς
1008 4128 1104 4194 τὴν
1131 4126 1259 4198 μίαν
1288 4123 1462 4196 ἀρχὴν
1494 4123 1694 4194 σημαί-

111 4247 197 4282 νει
225 4245 239 4292 ;
271 4228 362 4280 ἵνα
397 4225 472 4295 μὴ
508 4226 588 4286 είς
634 4222 832 4284 πολλὰς
864 4220 1038 4291 ἀρχὰς
1079 4219 1253 4291 τρέψῃ
1289 4217 1386 4288 τὴν
1433 4217 1691 4277 διάνοιαν,

114 4322 214 4375 καὶ
243 4321 325 4380 είς
356 4316 642 4370 πολυθεῖαν
668 4315 850 4387 ἀγάγῃ
891 4313 1052 4366 πάλιν
1083 4312 1181 4364 τὸν
1208 4309 1545 4380 πλανηθέντα
1570 4307 1693 4361 νοῦν

1861 3662 1927 3717 ν.
1976 3664 2131 3730 Quod
2169 3665 2333 3735 igitur
2360 3666 2412 3719 in
2446 3666 2637 3736 primis
2669 3667 2798 3722 illud
2834 3669 3022 3737 objicit
3054 3689 3068 3724 :
3109 3669 3253 3724 Unus
3283 3682 3361 3726 est

1792 3755 1930 3810 Deus
1959 3771 2024 3810 ea:
2046 3772 2146 3823 quo
2186 3757 2395 3818 omnia,
2425 3767 2474 3810 et
2520 3774 2613 3812 nos
2655 3759 2708 3811 in
2753 3760 2922 3826 ipsum
2956 3777 2974 3813 :
3004 3770 3053 3816 et
3087 3778 3221 3816 unus
3255 3762 3364 3816 Do-

1793 3847 1966 3900 minus
2013 3844 2168 3900 Jesus
2231 3847 2506 3910 Christus,
2556 3857 2605 3900 et
2634 3866 2727 3901 nos
2763 3864 2855 3914 per
2902 3851 3071 3918 ipsum
3099 3891 3114 3915 ,
3156 3855 3364 3922 propter

1791 3951 1941 4004 quem
1963 3937 2162 3997 omnia,
2191 3944 2241 3988 et
2269 3952 2361 3989 nos
2385 3951 2476 4002 per
2502 3937 2671 4002 ipsum
2694 3937 2714 3966 ⁸
2740 3953 2753 4001 ;
2782 3953 2963 3992 nonne
2995 3940 3064 3995 iis
3087 3940 3222 4009 ipsis
3242 3957 3363 3994 ver-

1791 4026 1876 4081 bis
1915 4030 2073 4094 (unus
2098 4025 2234 4080 Deus
2282 4042 2348 4080 ea:
2397 4041 2498 4094 quo
2542 4028 2752 4090 omnia,
2810 4035 2860 4080 et
2913 4043 3006 4082 nos
3066 4029 3121 4080 in
3167 4029 3361 4096 ipsum)

1791 4133 1960 4171 unum
2016 4117 2312 4186 signiﬁcari
2362 4117 2690 4188 principium
2745 4119 2943 4174 vides?
2988 4117 3066 4174 Ne
3118 4121 3363 4174 animum

1791 4215 2038 4262 nostrum
2073 4208 2139 4262 ad
2177 4209 2332 4278 plura
2373 4209 2662 4276 cogitanda
2696 4209 2962 4279 principia
2996 4216 3364 4271 converteret,

1791 4313 1854 4352 ac
1879 4300 2188 4353 mortalium
2215 4300 2428 4369 ingenia
2459 4302 2754 4355 vanissima
2797 4301 2888 4354 illa
2926 4300 3154 4355 deorum
3185 4300 3364 4353 multi-

112 4412 226 4464 τῶν
280 4408 586 4480 ἀνθρώπων
628 4381 726 4459 ἐπι
881 4402 1182 4474 κενοφωνίᾳ⁴
1232 4403 1331 4472 τῆς
1380 4399 1686 4462 πολυθεῖας.

1795 4390 1982 4444 tudine
2024 4391 2284 4460 decepta,
2343 4405 2535 4446 rursus
2584 4391 2651 4444 ad
2707 4390 2952 4446 eamdem
3011 4391 3361 4446 asserendam

126 4501 298 4571 Ὁρᾷς
331 4497 441 4568 γὰρ
474 4496 590 4559 πῶς
624 4496 706 4548 ἑνὶ
741 4494 961 4564 ὀνόματι
1001 4493 1294 4564 κέχρηται,
1321 4492 1414 4544 καὶ
1446 4492 1546 4562 μιᾷ
1577 4492 1690 4543 ὀνο-

118 4591 298 4662 μασία
323 4629 336 4652 ,
372 4588 473 4640 οὐκ
499 4585 831 4657 ἀρνούμενος
857 4585 948 4638 τὸν
979 4585 1236 4655 μονογενῆ
1263 4584 1412 4638 Θεὸν.
1441 4577 1563 4636 Οἵδε
1589 4583 1697 4654 γάρ

114 4684 286 4738 αὑτὸν
327 4681 530 4750 Κύριον
553 4720 567 4742 ,
613 4679 708 4731 καὶ
735 4673 874 4731 οἶδεν
902 4676 1062 4730 αὑτὸν
1105 4675 1254 4729 Θεόν.
1292 4674 1381 4727 Διὸ
1409 4673 1698 4742 ἀσφαλιζό-

119 4790 284 4845 μενος
315 4771 464 4839 λέγει
491 4786 508 4800 ·
543 4771 652 4824 Καὶ
680 4765 768 4833 εἷς
801 4767 1016 4834 Κύριος
1048 4765 1276 4832 Ἰησοῦς
1306 4763 1590 4832 Χριστὸς,
1625 4761 1697 4814 δι’

115 4861 191 4921 οὗ
232 4862 309 4915 τὰ
345 4860 560 4920 πάντα.
609 4861 718 4914 Καὶ
771 4860 864 4910 ἐπὶ
903 4856 998 4924 μὲν
1043 4853 1136 4906 τοῦ
1164 4855 1379 4920 Κύριος
1409 4853 1567 4906 τοῦτο
1611 4851 1698 4904 λέ-

114 4975 231 5023 γων
267 4954 330 5006 οὐ
375 4953 467 5004 τὸν
517 4951 678 5004 αὑτὸν
711 4949 948 5017 ὲσήμανε
982 4945 1201 5015 Πατέρα
1247 4941 1386 4997 εἶναι
1411 4987 1426 5010 ,
1478 4945 1572 4996 καὶ
1608 4943 1697 4995 τὸν

116 5045 286 5097 αὑτὸν
328 5042 456 5094 Υἱόν
484 5058 496 5071 ·
552 5039 688 5093 ἀλλά
726 5037 890 5103 ἔδειξε
951 5038 1041 5090 τὸν
1095 5037 1192 5105 μὲν
1221 5033 1438 5104 Πατέρα
1477 5035 1697 5104 Πατέρα

117 5134 249 5186 ὗντα
271 5172 287 5195 ,
322 5130 412 5184 τὸν
443 5129 502 5181 δὲ
535 5129 663 5181 Υίὸν
715 5128 842 5181 Υίὸν
875 5124 1108 5196 ἀληθῶς.
1153 5121 1369 5193 Ἐπειδὴ
1399 5122 1458 5174 τὸ
1504 5124 1697 5186 εἰπεῖν,

120 5219 203 5284 εἷς
249 5222 385 5284 Θεὸς
416 5221 508 5272 ἐπὶ
543 5219 621 5289 τῷ
651 5219 860 5289 Πατρὶ,
890 5219 989 5286 οὐχ
1024 5215 1098 5276 ὼς
1129 5214 1456 5283 ἀρνούμενος
1495 5214 1586 5264 ἐπὶ
1621 5212 1699 5282 τῷ

122 5312 240 5380 Υἱῷ
280 5312 342 5364 τὸ
373 5307 512 5362 εῖναι
562 5309 710 5372 Θεός.
746 5309 809 5361 Et
841 5306 949 5376 γὰρ
985 5305 1058 5374 μὴ
1101 5303 1260 5366 Θεὸς,
1291 5300 1413 5354 οὔτε
1458 5301 1696 5372 Κύριος·

123 5404 316 5473 ἐπειδὴ
361 5401 416 5454 δὲ
449 5401 649 5472 Κύριος
675 5442 690 5466 ,
720 5398 812 5452 καὶ
838 5397 990 5459 Θεός.
1031 5393 1167 5448 Ἀλλ’
1217 5393 1296 5455 είς
1329 5391 1457 5462 μίαν
1503 5392 1699 5462 ὀνομα-

125 5496 249 5550 σίαν
279 5494 501 5562 ἀνάγειν
527 5489 962 5559 ἀναγκαζόμενος
1001 5487 1103 5540 ὑπὸ
1132 5484 1226 5539 τοῦ
1259 5485 1415 5554 ἁγίου
1445 5485 1696 5555 Πνεῦμα-

199 5654 221 5686 ¹
251 5652 382 5708 Cor.
413 5651 513 5704 οὐκ
544 5649 676 5721 ipsi.
753 5650 776 5680 '
798 5646 955 5702 Joan.
985 5665 1097 5715 xrv,
1129 5651 1216 5706 lo.
1295 5649 1316 5680 ⁸
1347 5646 1501 5702 Joan.
1539 5661 1595 5708 ι,
1625 5643 1714 5700 50.

454 5743 724 5805 ΡΑτιιοι..
757 5742 873 5804 Gn.
907 5740 1066 5803 χιι

1798 4482 2011 4551 c0piam
2041 4480 2538 4536 adduceretNides
2564 4482 2708 4536 enim
2744 4481 3200 4551 quemadmodum
3251 4495 3361 4534 uno

1793 4574 2014 4628 nomine
2047 4573 2116 4627 sit
2147 4588 2303 4633 usus,
2323 4578 2377 4626 et
2410 4571 2771 4642 appellatione
2805 4587 2935 4634 una,
2957 4586 3065 4624 nou
3100 4577 3160 4624 ut
3182 4571 3346 4640 unige

1795 4664 1969 4718 nitum
2031 4663 2201 4718 Deum
2249 4647 2563 4734 abnegaret.
2629 4662 2918 4718 Dominum
2976 4663 3177 4734 quippe
3241 4677 3362 4716 esse

1797 4755 1950 4810 illum
1993 4755 2659 4826 intelligit,eumdemque
2711 4755 2901 4811 Deum.
2945 4755 3070 4811 Ideo
3098 4755 3360 4825 singulari

1797 4847 2029 4916 quadam
2077 4848 2328 4902 cautione
2378 4848 2510 4902 illud
2563 4844 2888 4916 adjecit,Et
2928 4863 3063 4901 unus
3105 4847 3362 4900 Dominus

1798 4937 1956 4991 Iesus
1989 4935 2231 4992 Christus
2279 4954 2369 5006 per
2416 4953 2567 5006 quem
2617 4936 2816 4990 omnia.
2865 4934 3020 5002 Quod
3070 4950 3194 4991 cum
3241 4934 3360 4989 voci

1801 5031 1915 5092 illi,
1981 5029 2268 5095 Dominus,
2329 5030 2598 5098 prmeipue
2645 5026 2884 5092 aliinxit;
2946 5041 3054 5080 non
3112 5024 3361 5080 eumdem

1801 5123 2061 5178 indicavit
2106 5137 2229 5177 esse
2274 5121 2523 5190 Patrem].
2581 5120 2941 5189 eumdemque
2976 5119 3211 5184 Filium;
3266 5117 3361 5173 sed

1799 5229 1922 5269 eum
1954 5213 2046 5284 qui
2079 5212 2242 5267 Pater
2280 5222 2384 5274 est,
2421 5229 2539 5268 esse
2574 5211 2788 5266 Patrem
2820 5251 2836 5275 ,
2876 5213 2969 5281 qui
2997 5211 3201 5269 Filius.
3238 5223 3362 5263 vere

1803 5306 1998 5360 Filium
2045 5319 2168 5361 esse
2217 5303 2533 5358 declaravit.
2567 5302 2701 5357 Nam
2741 5311 2948 5358 etcum
2977 5302 3046 5357 de
3090 5300 3250 5354 Patre
3281 5300 3360 5351 io-

1807 5410 1981 5465 quens
2049 5410 2216 5449 unum
2268 5394 2438 5449 Deum
2478 5409 2602 5448 esse
2640 5394 2810 5460 dixit,
2855 5405 3192 5464 nequaquam
3229 5385 3368 5440 Filio

1805 5485 2145 5540 divinitatem
2178 5485 2432 5541 detraxit.
2465 5483 2599 5540 Nam
2636 5486 2682 5542 si
2718 5485 2862 5541 Deus
2892 5499 2999 5539 non
3034 5490 3116 5537 est
3137 5521 3151 5542 ,
3193 5490 3367 5547 neque

1789 5639 1852 5696 ⁸1
1884 5640 2012 5698 Cor.
2048 5657 2169 5710 vtu,
2193 5641 2246 5696 6.
3020 5727 3077 5787 3‘

3065 5729 3100 5787 Η
