3822 6302
111 249 260 306 1006
774 249 1147 311 ADVERSUS
1180 249 1522 310 lIIERESES
1557 254 1686 311 LIB.
1728 254 1792 309 ll.
1830 252 1991 311 TOM.
2038 257 2077 310 l.
2120 285 2183 299 --
2230 252 2501 310 HIEBES.
2543 252 2700 309 LVII.
3238 254 3376 309 1006

108 366 189 426 ὧν
242 374 448 443 φάσκει
498 376 548 439 ¹,
594 376 689 430 καὶ
732 369 808 430 ὧν
862 377 1255 449 προϐάλλονται
1308 372 1567 440 νοοῦντες.
1619 377 1708 440 Ὠς
1735 383 1780 439 Α
1810 386 1853 431 tt

1810 386 1929 441 tus,
1960 376 2064 431 hoc
2112 386 2196 434 est
2247 376 2599 448 intelligens.
2660 374 3025 445 appellaretur
3065 375 3278 444 ineptus
3324 384 3379 429 et

111 464 207 516 καὶ
256 464 600 537 πληροῦσθαι
645 466 734 518 ἐπ’
769 467 966 532 αὐτοὺς
1002 470 1065 523 τὸ
1118 469 1405 540 είρημένον
1452 469 1557 523 ὑπὸ
1590 469 1697 543 «τοῦ
1805 468 1853 522 in

1807 468 2070 540 insipiens
2124 470 2327 535 homo;
2381 477 2437 526 et
2502 469 2607 524 hoc
2666 468 2843 537 ipsum
2899 480 3098 521 nomen
3152 468 3378 535 perinde

105 556 272 622 ἁγίου
310 558 659 612 Ἀποστόλοιν
694 560 858 628 Μήτε
884 561 923 615 ἀ
946 562 1195 632 λέγουσι
1214 562 1520 627 νοοῦντες,
1546 560 1699 630 μήτε
1806 563 1853 617 in

1807 563 1976 630 inepti
2014 561 2162 617 illius
2204 560 2458 631 discipuli
2494 565 2981 631 consequerentur.
3017 557 3119 624 Qui
3158 559 3377 628 quidem

106 647 249 715 περὶ
279 649 462 701 τίνων
495 650 992 705 διαϐεϐαιοῦνται.
1811 665 1853 705 8t

1811 665 2005 711 eorum
2043 667 2165 721 quae
2192 650 2404 713 dicunt,
2434 664 2497 703 ac
2526 648 2705 717 palam
2742 656 3072 715 prOponunt,
3112 648 3377 701 rationein

108 741 687 811 consequentiamque
720 756 828 796 non
855 742 1187 813 intelligunt,
1217 750 1281 796 ut
1308 741 1362 797 in
1400 741 1483 796 his
1507 740 1678 795 sancti
1709 740 1957 812 Apostoli
1988 744 2194 800 dictum
2238 742 2370 797 illud
2411 740 2741 809 impleatur:
2774 737 2887 791 Nec
2915 754 3034 809 quae
3068 738 3252 793 dicunt
3298 741 3382 791 in-

112 828 439 897 tetiigentes,
470 841 561 881 nec
588 826 651 882 de
680 829 871 897 quibus
895 839 1137 887 asserunt
1152 831 1192 883 ⁵.

184 928 263 979 Z'.
303 924 500 996 Ὁρᾶτε
525 923 635 997 γὰρ
656 963 672 989 ,
702 918 747 979 ὧ
777 923 970 998 ἄνδρες
1010 922 1258 995 ἀδελφοὶ,
1295 923 1414 987 ’πῶς
1435 921 1705 995 ἀνώτερον

107 1007 269 1065 εἶπεν
295 1012 331 1082 ἡ
357 1010 475 1064 θεία
496 1011 721 1085 Γραφὴ,
762 1012 965 1084 μᾶλλον
1002 1013 1060 1066 δὲ
1098 1012 1261 1078 αὐτὸς
1290 1012 1320 1066 ὸ
1351 1012 1557 1084 Κύριος
1578 1052 1593 1078 ,
1627 1012 1705 1077 ὡς

107 1103 225 1173 ἔχει
254 1105 290 1174 ἠ
345 1103 491 1176 ἀρχὴ
528 1107 626 1158 τοῦ
673 1105 991 1174 κεφαλαίου.
1028 1105 1191 1159 Ὅθεν
1221 1106 1315 1159 καὶ
1338 1106 1577 1160 δεικτέον
1610 1106 1703 1159 ἐπὶ

108 1195 299 1264 πάσης
363 1195 425 1247 ὲν
483 1193 632 1265 αὐτῷ
691 1194 771 1266 τῷ
830 1194 1111 1265 κεφαλαίῳ
1166 1193 1423 1266 ἀληθείας
1486 1208 1547 1247 τε
1606 1194 1701 1247 καὶ

108 1284 460 1349 ὑποθέσεως,
535 1284 617 1337 δτι
690 1283 1057 1354 Ἑρωτήσατέ
1096 1301 1173 1354 με
1220 1284 1352 1353 περὶ
1399 1282 1519 1337 τῶν
1553 1282 1701 1337 υίῶν

105 1393 227 1444 μου
248 1416 265 1439 ,
318 1374 423 1429 καί
474 1374 596 1428 τῶν
640 1377 978 1445 θυγατέρων
1000 1418 1015 1443 ,
1066 1375 1166 1430 καί
1200 1375 1319 1431 τῶν
1351 1373 1539 1445 ἔργων
1583 1372 1702 1429 τῶν

109 1465 333 1536 χειρῶν
352 1484 474 1537 μου
503 1465 854 1525 ἐντείλασθέ
879 1486 1000 1538 μοι.
1048 1467 1196 1538 Ἐγὼ
1218 1467 1475 1534 ἐποίησα
1497 1504 1512 1531 ,
1546 1467 1698 1537 φησὶ,

110 1558 227 1627 τὴν
267 1554 424 1628 γῆν,
456 1557 556 1611 καί
589 1556 905 1625 ἄνθρωπον
932 1558 1027 1613 ἐπ’
1059 1558 1269 1628 αὐτῆς.
1314 1558 1455 1628 Ἐγὼ
1479 1557 1553 1625 τῇ
1582 1575 1702 1628 χει·

1880 915 1991 973 Vll.
2052 916 2486 971 Animadvertite
2537 918 2719 981 enim.
2778 919 2979 978 fratres
3041 921 3383 987 charissimi,

1804 1010 1938 1081 quid
1990 1017 2117 1064 ante
2175 1009 2457 1078 Scriptura
2496 1009 2728 1077 dixerit,
2770 1027 2868 1067 seu
2902 1012 3083 1082 potius
3124 1012 3386 1070 Dominus

1804 1101 1955 1172 ipse,
2005 1109 2064 1154 ut
2112 1099 2269 1154 initio
2303 1100 2500 1170 capitis
2536 1103 2803 1173 scriptum
2851 1113 2957 1159 est.
3002 1104 3156 1161 Unde
3184 1122 3249 1162 ex
3290 1124 3385 1164 ve-

1802 1190 2021 1245 rissima
2078 1189 2205 1253 illa,
2252 1203 2376 1258 quae
2425 1190 2481 1244 in
2522 1199 2637 1245 toto
2682 1192 2860 1261 capite
2910 1202 3025 1259 est,
3071 1198 3388 1253 narratione

1800 1288 2231 1350 argumentoque
2268 1278 2579 1335 Christiana
2610 1281 2741 1337 ﬁdes
2760 1292 2846 1338 est
2874 1289 3383 1343 commonstranda.

1802 1369 1895 1427 Sic
1923 1371 2068 1427 enim
2116 1370 2194 1425 ait
2236 1388 2251 1426 :
2285 1368 2617 1442 Interrogata
2662 1390 2743 1428 me
2785 1376 2849 1428 de
2887 1375 3018 1444 ﬁliis
3056 1379 3185 1432 meis
3236 1389 3285 1433 et
3314 1382 3385 1449 ﬁ—

1799 1463 1994 1527 liabus,
2012 1472 2060 1517 et
2083 1462 2146 1515 de
2162 1462 2402 1531 operibus
2420 1479 2670 1518 manuum
2695 1481 2931 1521 mearum
2958 1469 3203 1525 mandate
3233 1471 3381 1528 mihi.

1802 1557 1914 1623 Ego
1949 1552 2082 1623 feci,
2144 1552 2359 1623 inquit,
2398 1563 2597 1608 terram
2646 1565 2696 1608 et
2737 1556 2999 1611 hominem
3027 1559 3080 1612 in
3114 1560 3262 1628 ipsa;
3288 1577 3382 1631 ego

105 1650 165 1716 ρί
204 1667 334 1719 μου
381 1647 719 1717 ἐστερέωσα
768 1649 877 1704 τόν
907 1652 1167 1719 οὐρανόν
1192 1666 1206 1681 °
1242 1650 1357 1721 ἐγὼ
1390 1651 1542 1707 πᾶσι
1573 1651 1695 1718 τοῖς
1726 1668 1768 1721 Β
1803 1660 1849 1696 m

1807 1660 1965 1697 manu
1990 1660 2106 1699 mea
2136 1643 2358 1712 fundavi
2396 1645 2615 1708 cretum;
2649 1662 2740 1714 ego
2773 1647 3017 1703 omnibus
3049 1651 3216 1706 stellis
3246 1667 3384 1721 prie-
3454 1694 3459 1700 .

105 1744 364 1813 ᾅστροις
392 1741 784 1813 ἐνετειλάμην
801 1759 817 1773 ο
844 1743 962 1813 ἐγὼ
988 1741 1197 1813 ἤγειρα
1212 1744 1366 1813 μετὰ
1387 1744 1693 1798 δικαιοσύ-

104 1851 223 1905 νης
261 1833 539 1899 ,ϐασιλέα
565 1872 581 1897 ,
612 1833 713 1887 καὶ
752 1833 941 1893 πᾶσαι
979 1836 1040 1887 al
1070 1833 1199 1889 ὁδοί
1225 1835 1414 1890 αὑτοῦ
1451 1833 1691 1890 εὐθεῖαι.

106 1920 308 1993 Οὗτος
350 1924 733 1995 οἰκοδομήσει
766 1925 881 1994 τὴν
925 1928 1107 1980 πόλιν
1138 1944 1292 1996 μου,
1327 1926 1426 1981 καί
1462 1925 1578 1995 τὴν
1605 1928 1695 1980 al-

106 2016 475 2088 χμαλωσίαν
508 2015 859 2084 ἐπιστρέψει
897 2032 912 2048 ⁶
967 2019 1040 2072 οὐ
1096 2017 1249 2088 μετὰ
1292 2018 1531 2088 λύτρων
1554 2056 1570 2081 ,
1623 2020 1696 2074 οὐ

104 2111 257 2180 μετὰ
290 2109 528 2181 δώρων,
559 2105 691 2165 εἷπε
741 2111 956 2179 Κύριος
994 2110 1236 2166 Σαϐαὼθ
1257 2128 1272 2143 ο
1312 2106 1431 2165 εἷτα
1463 2112 1647 2166 λοιπόν
1679 2130 1693 2145 ·

115 2202 484 2257 Έκοπίασεν
508 2202 830 2272 Αἴγυπτος,
871 2201 970 2255 καὶ
993 2205 1052 2256 αἱ
1079 2201 1353 2272 ἐμπορίαι
1380 2188 1695 2267 Αἰθιόπων,

106 2294 203 2350 καὶ
237 2295 309 2349 τὰ
344 2295 471 2365 ἑξῆς
494 2312 511 2327 ο
550 2294 642 2348 ὅτι
692 2293 763 2347 ἐν
803 2294 905 2348 σοί
952 2296 1097 2361 Θεός
1125 2295 1317 2349 ἐστιν.
1372 2295 1460 2348 Ἐν
1503 2293 1607 2349 τίνι
1640 2292 1697 2347 δὲ

106 2387 363 2459 φαίημεν
398 2386 515 2440 ἀλλ’
539 2387 573 2458 ἢ
600 2387 660 2441 ὲν
682 2386 761 2458 τῷ
791 2385 1029 2457 πατρῴῳ
1060 2386 1252 2458 Λόγῳ;
1282 2385 1387 2440 Καὶ
1423 2384 1533 2456 γὰρ
1567 2384 1698 2455 ἁλη-

103 2479 221 2543 θῶς
247 2477 385 2542 Θεὸς
406 2478 581 2546 Λόγος
605 2479 634 2530 ό
671 2476 800 2541 Υἱὸς
824 2517 840 2541 ,
875 2477 969 2531 καὶ
1002 2479 1060 2531 ὲν
1082 2476 1230 2547 αὑτῷ
1261 2479 1290 2531 ό
1313 2476 1503 2548 Πατὴρ
1535 2476 1698 2545 γινώ-

102 2586 340 2633 σκεται,
378 2568 455 2633 ὡς
504 2568 650 2639 λέγει
682 2584 696 2599 ·
740 2568 805 2622 '0
860 2567 1133 2637 ἑωρακὼς
1184 2568 1290 2638 ἐμὲ
1328 2569 1549 2638 ἐώρακε
1593 2568 1701 2623 τὸν

105 2660 352 2729 Πατέρα
380 2676 393 2689 ·
433 2660 529 2715 καὶ
548 2698 565 2725 ,
617 2660 761 2731 Ἐγὼ
806 2659 1073 2725 ἐδόξασά
1121 2675 1238 2714 σου
1274 2660 1340 2714 τὸ
1379 2660 1566 2730 ὄνομα
1600 2661 1700 2716 ἐπὶ

105 2745 224 2820 τῆς
260 2751 416 2822 γῆς·
452 2747 574 2808 εἶτα
611 2752 808 2819 πάλιν,
842 2754 925 2806 ὅτι
965 2752 1113 2822 Ἐγὼ
1165 2751 1371 2821 ἤγειρα
1410 2750 1697 2817 βασιλέα.

105 2844 230 2913 οὐχ
278 2844 448 2914 ὁρᾷς,
495 2843 579 2896 ὅτι
629 2843 780 2913 φωνή
816 2841 931 2895 ἐστι
978 2841 1192 2913 Πατρὸς
1229 2843 1264 2911 ἡ
1319 2840 1633 2907 ίδιάζουσα,
1666 2841 1701 2911 ὴ

106 2935 409 3007 ἐγείρουσα
435 2932 496 2998 ἐξ
516 2932 687 3003 αὐτῆς
715 2934 806 2985 τὸν
850 2931 1102 3003 ἀληθινὸν
1131 2931 1301 2997 Λόγον
1354 2931 1578 3003 βασιλέα
1608 2930 1703 2984 ἐπὶ

105 3028 328 3090 πάντας
345 3067 361 3093 ,
383 3026 476 3079 τὸν
519 3024 579 3092 ἐξ
607 3023 773 3079 αὐτοῦ
805 3022 1075 3094 ἀληθινῶς
1095 3022 1421 3093 γεννηθέντα
1449 3022 1701 3094 ἁνόιρχως
1728 3031 1769 3089 C

106 3121 209 3173 xui.
241 3117 526 3189 ἁχρόνως;
568 3119 663 3180 Ὃς
684 3116 779 3170 καὶ
811 3117 999 3187 ἤγειρε
1039 3115 1199 3169 πάλιν
1230 3113 1392 3168 αὐτὸν
1423 3113 1514 3168 τὸν
1548 3112 1702 3182 βασι-

105 3209 214 3262 λέα
240 3247 255 3271 ,
285 3208 362 3270 ὠς
388 3205 535 3275 λέγει
585 3207 614 3259 ὁ
656 3204 812 3273 ἅγιος
856 3204 1173 3267 ’Λπόστολος
1200 3242 1215 3265 ,
1244 3201 1468 3271 φάσκων
1486 3219 1500 3233 ο
1529 3202 1603 3255 Εί
1632 3201 1701 3255 δὲ

106 3298 182 3352 τὸ
233 3296 479 3365 Πνεῦμα
510 3294 617 3348 τοῦ
658 3292 999 3363 ἐγείραντος
1040 3292 1297 3361 Χριστὸν
1349 3293 1418 3346 ἐκ
1471 3292 1702 3361 νεκρῶν

104 3389 272 3445 οἰκεῖ
322 3388 393 3441 ἐν
451 3384 594 3457 ὑμῖν
618 3426 634 3452 ,
690 3388 723 3440 ό
773 3384 1004 3454 ἐγείρας
1052 3383 1309 3452 Χριστὸν
1353 3383 1423 3437 ἐκ
1474 3381 1702 3449 νεκρῶν

108 3479 472 3545 ζωοποιήσει
506 3476 608 3533 καί
643 3477 718 3532 τὰ
747 3475 935 3544 θνητὰ
969 3474 1214 3545 σώματα
1255 3473 1424 3544 ὑμῶν
1454 3473 1553 3527 διὰ
1593 3472 1702 3526 τοῦ

106 3570 507 3637 ἐνοικοῦντος
555 3569 902 3639 Πνεύματος
956 3566 1144 3623 αὑτοῦ
1199 3566 1269 3619 ἐν
1323 3564 1467 3636 ὑμῖν
1490 3580 1504 3592 ο
1553 3564 1702 3627 ὅπως

111 3664 327 3737 συνάδῃ
375 3662 447 3718 τὰ
483 3660 796 3733 προφητικὰ
844 3661 953 3723 τοῖς
1011 3658 1388 3721 ἀωστολικοῖς
1414 3698 1430 3724 ,
1486 3657 1581 3711 καὶ
1633 3655 1701 3709 τὰ

110 3754 459 3811 amoma:
492 3756 605 3818 τοῖς
642 3752 1015 3823 εὐαγγελικοϊς
1039 3792 1054 3817 ,
1109 3750 1202 3805 καὶ
1250 3749 1320 3804 τὰ
1369 3748 1703 3819 εὐαγγελικὰ

111 3852 233 3914 τοῖς
283 3846 663 3911 ἀποσωλικοίς
686 3885 702 3911 ,
767 3844 861 3899 καὶ
902 3845 972 3897 τὰ
1028 3841 1363 3897 ἀποστολικὰ
1407 3843 1521 3904 τοῖς
1566 3857 1701 3911 προο-

112 3940 397 4013 φητικοῖς.
1480 3983 1483 3986 ‹

191 4029 357 4087 Εῐτα·
392 4033 626 4101 Ἦγειρα
646 4028 932 4094 βασιλέα.
966 4028 1077 4082 Καὶ
1113 4022 1214 4081 ὧδε
1248 4026 1277 4079 ὁ
1309 4024 1538 4095 ἐγείρων
1564 4024 1701 4096 Χρι-

115 4126 249 4181 στὸν
282 4125 352 4176 ὲκ
382 4120 612 4193 νεκρῶν.
667 4121 723 4175 '0
755 4120 812 4172 δὲ
842 4122 884 4185 ’,
928 4121 1027 4173 Ἐν
1072 4116 1173 4173 σοὶ
1208 4115 1351 4182 Θεός
1382 4115 1555 4170 ἐστιν
1576 4153 1592 4179 ,
1626 4112 1703 4178 ὡς

119 4213 520 4289 μυστηριωδῶς
557 4213 626 4266 τὰ.
651 4212 830 4267 πάντα
879 4211 972 4265 καὶ
1016 4208 1334 4282 θαυμασίως
1366 4206 1634 4280 διηγεῖται
1668 4208 1702 4279 ἡ

115 4308 243 4362 θεία
266 4304 459 4375 Γραφὴ
481 4305 494 4356 l
525 4303 735 4373 Ὥσπερ
764 4301 872 4372 γὰρ
899 4302 957 4354 ὲν
986 4300 1097 4371 ναῷ
1129 4300 1293 4373 σαρκὶ⁸
1318 4298 1338 4330 ³
1364 4299 1700 4370 προεωρᾶτο,

1798 1736 1909 1804 cepi
1934 1749 1953 1797 ,'
1986 1751 2080 1804 ego
2108 1735 2366 1789 suscitavi
2393 1751 2512 1789 cum
2543 1735 2750 1799 iustitia
2776 1753 2968 1808 regem,
2998 1749 3048 1794 et
3077 1757 3254 1796 omnes
3288 1744 3391 1799 vite

1796 1825 1910 1893 ejus
1954 1823 2122 1895 486
2170 1831 2343 1878 rectm.
2380 1822 2492 1879 Iste
2550 1825 2838 1894 wdiﬁcabit
2876 1829 3139 1884 civitatem
3176 1847 3381 1901 meam,

1796 1925 1848 1971 et
1904 1917 2261 1985 captivitatem
2314 1926 2603 1980 convertet,
2668 1934 2773 1972 non
2842 1935 2960 1973 cum
3010 1923 3210 1988 pretio,
3280 1941 3385 1979 non

1798 2019 1916 2057 cum
1968 2005 2291 2071 muneribus,
2321 2005 2396 2059 ait
2448 2004 2705 2062 Dominus
2749 2010 3127 2063 exercituum“.
3182 2010 3386 2068 Deinde

1800 2095 1989 2149 subdit
2015 2113 2028 2150 :
2054 2094 2346 2150 Laboravit
2374 2093 2661 2167 Egyptus,
2684 2107 2733 2151 et
2764 2100 3140 2169 negotiationes
3171 2099 3385 2156 {Et/tio-

1750 2204 1753 2207 ‘
1798 2202 1965 2255 pum,
2011 2194 2069 2242 et
2119 2194 2351 2252 cmtera,
2396 2189 2644 2259 quoniam
2685 2190 2736 2242 in
2777 2198 2825 2243 te
2862 2189 3004 2244 Deus
3048 2176 3147 2246 est;
3185 2193 3243 2247 In
3275 2211 3384 2264 quo

1798 2291 1928 2333 vero
1974 2278 2116 2342 alio,
2165 2292 2329 2347 quam
2360 2279 2414 2333 in
2470 2288 2698 2348 paterno
2750 2278 2926 2335 Verbo
2979 2281 3148 2339 Deum
3205 2285 3385 2341 inesse

1800 2369 2084 2424 dicemus?
2134 2368 2273 2424 Vere
2323 2369 2529 2440 quippe
2584 2369 2729 2425 Deus
2772 2371 3007 2427 Verbum
3057 2372 3227 2431 Filius
3264 2386 3381 2442 est;

1798 2459 1855 2513 in
1889 2460 2064 2529 eoque
2118 2459 2470 2529 cognoscitur
2518 2459 2709 2523 Pater,
2765 2461 3224 2529 quemadmodum
3263 2466 3382 2536 ipse

1803 2557 2033 2605 testatur
2061 2568 2075 2604 :
2101 2549 2205 2618 Qui
2232 2550 2358 2604 vidit
2384 2566 2483 2613 me,
2504 2550 2630 2604 vidit
2657 2561 2707 2604 et
2731 2549 2948 2606 Patrem
2972 2554 3025 2619 ⁶;
3050 2553 3181 2609 item
3214 2572 3227 2609 :
3265 2556 3377 2627 Ego

1801 2644 2099 2714 gloriﬁcavi
2156 2659 2343 2699 nomen
2395 2652 2542 2697 tuum
2592 2644 2644 2698 in
2691 2646 2906 2711 terra";
2963 2646 3159 2704 deinde
3202 2667 3216 2702 :
3267 2648 3381 2721 Ego

1803 2736 2055 2791 suscitavi
2116 2750 2305 2804 regem.
2354 2735 2415 2789 ln
2463 2750 2573 2806 quo
2636 2750 2819 2791 nonne
2873 2737 3149 2808 propriam
3199 2738 3381 2798 Patris

1800 2832 1986 2874 vocem
2005 2822 2278 2892 agnoscis,
2298 2837 2420 2894 qua:
2432 2839 2618 2880 verum
2632 2840 2698 2879 ex
2716 2840 2836 2880 sese
2852 2823 3088 2880 Verbum
3111 2827 3382 2894 excitans,

1800 2910 2001 2981 Regem
2028 2916 2276 2971 omnium
2304 2916 2607 2983 constituit,
2634 2932 2760 2971 eum
2805 2916 3037 2984 scilicet,
3062 2932 3227 2988 quem
3248 2935 3377 2975 vere

1798 3018 1865 3059 ex
1913 3018 2003 3073 se,
2056 3007 2175 3062 sine
2208 3008 2320 3064 ullo
2361 3008 2519 3063 initio
2568 3024 2633 3064 ac
2676 3020 2954 3081 tempore,
3001 3012 3228 3083 genuit?
3273 3012 3377 3079 Qui

1798 3095 2018 3163 quidem
2049 3098 2299 3151 eumdem
2329 3114 2522 3153 rursus
2541 3097 2741 3165 Regem
2768 3100 3043 3163 excitavit.
3074 3111 3130 3155 ut
3156 3111 3381 3156 sanctus

1799 3183 2097 3254 Apostolus
2111 3183 2201 3241 his
2218 3182 2404 3240 verbis
2423 3183 2724 3255 expressit':
2751 3183 2903 3251 Quod
2920 3184 2967 3238 si
2980 3184 3212 3254 Spiritus
3241 3189 3377 3256 ejus,

1800 3276 1889 3345 qui
1926 3275 2199 3329 suscitavit
2223 3273 2491 3328 Christum
2517 3292 2550 3328 a
2581 3275 3071 3337 mortuis,.ltabitat
3115 3278 3166 3331 in
3194 3280 3336 3333 vobis
3360 3297 3379 3343 ;

1801 3368 1889 3437 qui
1920 3366 2192 3420 suscitavit
2224 3365 2495 3421 Christum
2517 3383 2549 3419 a
2578 3366 2825 3428 mortuis,
2849 3368 3130 3436 viviﬁcabit
3155 3381 3204 3424 et
3239 3388 3380 3425 mor-

1803 3458 1937 3511 talia
1993 3472 2215 3526 corpora
2284 3466 2456 3512 vestra
2511 3472 2602 3527 per
2659 3458 3041 3514 inhabitantem
3121 3460 3379 3530 Spiritum

1801 3559 1956 3597 suum
1995 3545 2050 3596 in
2098 3543 2241 3599 vobis
2270 3543 2327 3611 ⁸,
2362 3554 2421 3598 ut
2460 3552 2515 3599 et
2564 3545 2954 3614 prophetarum
2995 3551 3219 3605 oracula
3252 3567 3375 3606 cum

1805 3635 2153 3705 apostolicis,
2186 3644 2243 3691 et
2270 3636 2568 3706 apostolica
2590 3652 2715 3692 eum
2741 3640 3094 3709 evangelicis,
3131 3650 3185 3697 et
3205 3659 3377 3699 evan-

1809 3727 1983 3795 geliea
2022 3741 2146 3781 cum
2204 3729 2565 3798 apostolicis,
2623 3731 2922 3802 apostolica
2984 3733 3222 3807 denique
3253 3754 3378 3794 cum

1805 3817 2143 3888 propheticis
2172 3821 2540 3874 consentiant.

1875 4015 2134 4085 Sequitur
2163 4035 2175 4071 :
2203 4015 2490 4072 Suscitavit
2541 4032 2726 4087 regem.
2749 4017 2815 4073 Et
2833 4019 2921 4075 hic
2940 4017 3378 4087 declaraturille,

1804 4109 1896 4178 qui
1930 4108 2208 4163 Christum
2254 4123 2283 4162 a
2338 4109 2568 4163 mortuis
2601 4110 2880 4165 excitavit.
2925 4111 2995 4165 At
3035 4128 3161 4167 cum
3211 4115 3376 4181 dicit,

1803 4200 1871 4256 In
1902 4212 1950 4255 te
1981 4200 2122 4255 Deus
2164 4211 2285 4264 est,
2327 4209 2535 4271 quanto
2584 4214 2708 4255 cum
2760 4204 3056 4274 mysterio,
3108 4220 3381 4276 quamque

1804 4292 2198 4348 admirabiliter
2224 4292 2408 4349 omnia
2440 4290 2724 4362 Scriptura
2757 4309 2930 4349 .sacra
2958 4298 3242 4368 proponit!
3280 4298 3377 4352 Et-

115 4400 215 4452 καὶ
254 4374 765 4467 προκατηγγέλλετο
790 4394 857 4463 τῇ
890 4391 999 4445 τῶν
1042 4391 1344 4462 ἀνθρώπων
1376 4389 1580 4455 ἐλπίδι,
1613 4389 1701 4442 διὰ
1803 4402 1853 4442 et

1807 4386 1950 4442 enim
1975 4385 2030 4439 in
2071 4400 2270 4451 carne,
2299 4374 2446 4440 velut
2475 4386 2530 4440 in
2570 4386 2771 4456 templo
2811 4388 3046 4457 quodam
3067 4430 3082 4455 ,
3115 4390 3377 4459 praevide-

114 4492 219 4559 τῆς
266 4487 405 4558 πρὸς
455 4486 547 4539 τὸν
593 4484 725 4538 Θεὸν
772 4483 1105 4555 ἐπιστροφῆς
1153 4484 1186 4552 ἡ
1235 4481 1443 4550 θεότης.
1485 4482 1545 4535 '0
1591 4482 1701 4551 γὰρ

117 4580 254 4642 Υἱὸς
301 4576 397 4631 τοῦ
440 4576 575 4629 Θεοῦ
608 4575 741 4637 Θεὸς
778 4575 984 4642 Λόγος,
1025 4572 1100 4637 ὠς
1150 4575 1207 4625 ὲν
1246 4571 1397 4647 πόλει
1429 4572 1559 4644 ἁγίᾳ
1611 4574 1703 4625 καὶ¹

117 4674 179 4723 ὲν
231 4666 349 4737 ναῷ
381 4665 522 4736 ἁγίῳ
545 4705 559 4730 ,
593 4665 874 4718 τουτέστιν
910 4665 969 4717 ὲν
1010 4665 1076 4733 τῇ
1122 4661 1254 4732 ἁγίᾳ
1297 4662 1704 4733 ὲνανθρωπήσει

116 4762 218 4815 καὶ
263 4758 516 4828 ὲνσάρκῳ
548 4756 848 4828 παρουσίᾳ,
884 4753 1015 4818 Θεὸς
1060 4754 1169 4817 ὢν,
1204 4752 1471 4807 κατοικῶν
1501 4753 1559 4805 ὲν
1590 4750 1702 4821 ναῷ

116 4848 269 4917 ἁγίῳ
320 4845 495 4913 λέγει·
551 4845 789 4898 Λύσατε
833 4844 940 4896 τὸν
982 4843 1133 4896 ναὸν
1183 4843 1399 4896 τοῦτον
1424 4884 1438 4905 ,
1481 4842 1578 4895 καὶ
1634 4842 1703 4895 ὲν

117 4937 327 5007 τρισίν
380 4933 627 5004 ἡμέραις
664 4933 845 5003 ἐγερῶ
881 4935 1085 4987 αὐτόν.
1133 4933 1278 4987 Διότι
1320 4934 1594 5004 μυστικῶς
1633 4932 1703 4986 τὰ

117 5030 308 5082 πάντα
352 5027 629 5096 οἰκονομεῖ
668 5025 803 5088 Θεὸς
831 5025 1001 5092 Λόγος
1042 5024 1364 5087 ἀποσταλεὶς
1391 5025 1498 5077 ἀπὸ
1533 5024 1709 5079 Πνεύέ

123 5136 302 5191 ματος
330 5120 389 5171 ὲν
413 5117 595 5188 σαρκὶ,
626 5116 720 5169 καὶ
743 5115 1036 5185 σύνδεσμον
1064 5113 1283 5184 ἀγάπης
1309 5115 1522 5178 δεικνὺς
1550 5115 1705 5182 ὲφέλ-

117 5229 304 5275 κεται,
338 5210 435 5264 καὶ
468 5208 770 5279 σμικρύνας
796 5208 988 5261 ἑαυτὸν
1024 5206 1195 5277 μέγας
1229 5206 1304 5259 ὢν
1336 5206 1467 5269 Θεὸς
1490 5246 1504 5271 ,
1542 5206 1706 5271 αὐτὸς

120 5305 154 5355 ὁ
188 5302 392 5370 Λόγος,
426 5303 491 5353 ὲκ
518 5288 801 5369 Παρθένου
834 5299 924 5351 διὰ
968 5297 1285 5367 Πνεύματος
1314 5297 1471 5364 ἁγίου
1511 5314 1705 5368 γεννη-

124 5396 243 5457 θεὶς
280 5394 407 5456 Υἱός
441 5391 599 5456 Θεοῦ,
632 5386 712 5454 εἷς
749 5390 824 5445 ὢν
847 5430 860 5454 ,
896 5390 1086 5443 ἑαυτὸν
1116 5390 1277 5459 σαρκὶ
1310 5389 1400 5441 καὶ
1436 5388 1700 5459 πνεύματι

204 5552 219 5584 ¹
256 5548 318 5605 F.
350 5550 522 5619 φασί,
555 5549 640 5604 vel
691 5548 1003 5619 φάσκουσα,
1081 5549 1100 5577 ²
1127 5543 1186 5598 F.
1229 5546 1389 5619 τὸ

1636 5550 1693 5599 ὲν
1725 5547 1906 5625 σαρκί.
1996 5550 2018 5580 ⁵
2046 5549 2064 5604 l
2092 5547 2231 5605 Tim.
2269 5568 2308 5617 ι,
2341 5552 2394 5608 7.
2489 5555 2509 5585 ⁸
2539 5553 2642 5611 lsa.
2679 5572 2800 5621 xcv,
2841 5556 2894 5610 ll
2939 5571 3064 5625 sqq.

1806 4476 1999 4539 batur,
2049 4482 2214 4545 atque
2254 4475 2534 4529 hominum
2568 4477 2694 4544 spei
2730 4492 2828 4546 per
2857 4480 3268 4534 conversionem
3308 4482 3375 4535 ad

1805 4567 1975 4621 Deum
2012 4567 2402 4621 ostendebatur
2433 4567 2712 4622 divinitas.
2749 4568 3027 4639 Siquidem
3055 4570 3148 4625 Dei
3180 4571 3375 4638 Filius,

1805 4673 1871 4713 ac
1918 4657 2069 4713 Deus
2113 4660 2228 4727 ipse
2280 4656 2553 4722 Verbum,
2601 4661 2759 4729 quasi
2811 4661 2866 4713 in
2916 4671 3101 4717 sancta
3144 4664 3378 4733 quadam

1788 4750 1941 4805 urbe
1994 4750 2356 4821 religiosoque
2407 4753 2639 4821 templo,
2684 4753 2941 4808 nimirum
2992 4755 3045 4808 in
3102 4767 3382 4827 assumpta

1807 4843 2045 4897 hominis
2088 4851 2283 4897 natura
2316 4851 2372 4898 et
2408 4844 2788 4899 incarnatione
2834 4843 2978 4901 Deus
3012 4847 3306 4911 exsistens,
3328 4847 3381 4903 in

1807 4935 2180 4999 sanctissimo,
2211 4934 2457 5005 inquam,
2492 4936 2692 5005 templo
2724 4935 3074 4991 habitansita
3104 4938 3380 5008 loquitur:

1808 5023 2006 5081 Solvite
2064 5026 2313 5095 templum
2360 5027 2484 5093 hoc,
2517 5037 2567 5082 et
2609 5029 2665 5081 in
2703 5027 2872 5081 tribus
2917 5028 3098 5082 diebus
3140 5032 3382 5085 excitabo

1808 5114 1944 5169 illud
1974 5117 2016 5168 θ.
2051 5115 2320 5181 Quoniam
2354 5131 2450 5186 per
2477 5118 2795 5188 mysterium
2824 5118 3173 5175 administrat
3198 5122 3382 5176 omnia

1808 5224 1933 5263 cum
1965 5224 2133 5266 carne
2170 5211 2373 5266 missus
2407 5225 2437 5263 a
2483 5209 2686 5281 Spiritu
2714 5210 2859 5268 Deus
2898 5211 3167 5273 Verbum.
3219 5224 3384 5286 atque

1809 5302 2180 5358 arctissimum
2240 5302 2526 5357 charitatis
2581 5318 2779 5359 nexum
2820 5306 3115 5361 ostendens
3171 5306 3378 5371 allicit,

1820 5407 1945 5447 cum
1986 5407 2046 5448 se
2077 5394 2379 5462 praesertim
2432 5396 2744 5451 extenuavit
2776 5412 3001 5468 magnus
3051 5398 3167 5468 ipsc
3216 5398 3383 5461 Deus,

3158 5556 3177 5585 θ
3217 5552 3383 5610 Joan.

127 5638 245 5686 xw,
277 5621 333 5675 9.
364 5615 375 5619 “
410 5622 429 5651 ⁷
462 5619 617 5675 Joau.
654 5615 755 5683 vit,
788 5618 843 5672 4.
918 5618 940 5648 ⁸
971 5615 1130 5673 Rom.
1160 5631 1277 5680 vtu,
1314 5617 1398 5670 it.
1477 5619 1496 5649 °
1536 5616 1693 5690 Joan.
1727 5615 1805 5685 tt,’
1835 5620 1918 5673 19.
