  <div class='ocr_page' id='page_1' title='image "/cluster/home/n/w/nwhite01/storage/ocr_20150623/41/hvd.32044011753001/535.png"; bbox 0 0 3822 6338; ppageno 0'>
   <div class='ocr_carea' id='block_1_1' title="bbox 435 266 1944 351">
    <p class='ocr_par' dir='ltr' id='par_1_1' title="bbox 435 266 1897 327">
     <span class='ocr_line' id='line_1_1' title="bbox 435 266 1897 327; baseline 0 -4"><span class='ocrx_word' id='word_1_1' title='bbox 435 266 570 323; x_wconf 76' lang='grc'><strong>1007</strong></span> <span class='ocrx_word' id='word_1_2' title='bbox 1840 270 1897 327; x_wconf 85' lang='lat' dir='ltr'><strong>S.</strong></span> 
     </span>
    </p>
   </div>
   <div class='ocr_carea' id='block_1_2' title="bbox 2140 266 3649 351">
    <p class='ocr_par' dir='ltr' id='par_1_2' title="bbox 2140 275 3649 351">
     <span class='ocr_line' id='line_1_2' title="bbox 2140 275 3649 351; baseline 0.015 -23"><span class='ocrx_word' id='word_1_3' title='bbox 2140 275 2289 334; x_wconf 76' lang='lat' dir='ltr'><strong>lANll</strong></span> <span class='ocrx_word' id='word_1_4' title='bbox 2798 324 2809 337; x_wconf 53' lang='grc' dir='ltr'><strong>η</strong></span> <span class='ocrx_word' id='word_1_5' title='bbox 3202 326 3211 335; x_wconf 70' lang='grc' dir='ltr'><strong>ι</strong></span> <span class='ocrx_word' id='word_1_6' title='bbox 3533 294 3649 351; x_wconf 71' lang='grc' dir='ltr'><strong>ίωθ</strong></span> 
     </span>
    </p>
   </div>
   <div class='ocr_carea' id='block_1_3' title="bbox 435 380 1944 472">
    <p class='ocr_par' dir='ltr' id='par_1_3' title="bbox 435 380 1944 455">
     <span class='ocr_line' id='line_1_3' title="bbox 435 380 1944 455; baseline 0.005 -19"><span class='ocrx_word' id='word_1_7' title='bbox 435 380 781 452; x_wconf 81' lang='lat' dir='ltr'><strong>Verbumque</strong></span> <span class='ocrx_word' id='word_1_8' title='bbox 818 382 884 438; x_wconf 90' lang='lat' dir='ltr'><strong>de</strong></span> <span class='ocrx_word' id='word_1_9' title='bbox 937 381 1153 455; x_wconf 80' lang='lat' dir='ltr'><strong>Virgine</strong></span> <span class='ocrx_word' id='word_1_10' title='bbox 1197 383 1505 439; x_wconf 74' lang='lat' dir='ltr'><strong>interventu</strong></span> <span class='ocrx_word' id='word_1_11' title='bbox 1536 383 1772 455; x_wconf 65' lang='lat' dir='ltr'><strong>Spiritus</strong></span> <span class='ocrx_word' id='word_1_12' title='bbox 1818 402 1944 443; x_wconf 89' lang='lat' dir='ltr'><strong>sanc</strong></span> 
     </span>
    </p>
   </div>
   <div class='ocr_carea' id='block_1_4' title="bbox 2137 380 3646 472">
    <p class='ocr_par' dir='ltr' id='par_1_4' title="bbox 2137 394 3646 472">
     <span class='ocr_line' id='line_1_4' title="bbox 2137 394 3646 472; baseline 0.012 -26"><span class='ocrx_word' id='word_1_13' title='bbox 2137 410 2193 447; x_wconf 81' lang='grc' dir='ltr'><strong>να</strong></span> <span class='ocrx_word' id='word_1_14' title='bbox 2214 394 2439 459; x_wconf 72' lang='grc' dir='ltr'>τελέσας</span> <span class='ocrx_word' id='word_1_15' title='bbox 2455 436 2470 459; x_wconf 89' lang='grc'><strong>,</strong></span> <span class='ocrx_word' id='word_1_16' title='bbox 2500 397 2577 461; x_wconf 82' lang='grc' dir='ltr'><strong>ὡς</strong></span> <span class='ocrx_word' id='word_1_17' title='bbox 2603 397 2777 467; x_wconf 78' lang='grc' dir='ltr'>λέγει·</span> <span class='ocrx_word' id='word_1_18' title='bbox 2823 398 2878 452; x_wconf 88' lang='lat'><strong>&#39;0</strong></span> <span class='ocrx_word' id='word_1_19' title='bbox 2908 401 3170 470; x_wconf 82' lang='grc' dir='ltr'>καταϐὰς</span> <span class='ocrx_word' id='word_1_20' title='bbox 3193 406 3380 472; x_wconf 80' lang='grc' dir='ltr'>αὐτός</span> <span class='ocrx_word' id='word_1_21' title='bbox 3408 406 3540 462; x_wconf 70' lang='grc' dir='ltr'>ἐστι</span> <span class='ocrx_word' id='word_1_22' title='bbox 3566 414 3646 465; x_wconf 74' lang='grc' dir='ltr'><strong>και</strong></span> 
     </span>
    </p>
   </div>
   <div class='ocr_carea' id='block_1_5' title="bbox 429 470 1938 567">
    <p class='ocr_par' dir='ltr' id='par_1_5' title="bbox 429 470 1938 545">
     <span class='ocr_line' id='line_1_5' title="bbox 429 470 1938 545; baseline 0.003 -18"><span class='ocrx_word' id='word_1_23' title='bbox 429 474 643 543; x_wconf 74' lang='lat' dir='ltr'><strong>genitus</strong></span> <span class='ocrx_word' id='word_1_24' title='bbox 675 472 769 528; x_wconf 87' lang='lat' dir='ltr'><strong>Dei</strong></span> <span class='ocrx_word' id='word_1_25' title='bbox 799 470 1001 539; x_wconf 85' lang='lat' dir='ltr'><strong>Filius,</strong></span> <span class='ocrx_word' id='word_1_26' title='bbox 1060 474 1154 543; x_wconf 88' lang='lat' dir='ltr'><strong>qui</strong></span> <span class='ocrx_word' id='word_1_27' title='bbox 1195 490 1337 529; x_wconf 90' lang='lat' dir='ltr'><strong>unus</strong></span> <span class='ocrx_word' id='word_1_28' title='bbox 1364 484 1527 545; x_wconf 87' lang='lat' dir='ltr'><strong>atque</strong></span> <span class='ocrx_word' id='word_1_29' title='bbox 1556 476 1698 530; x_wconf 88' lang='lat' dir='ltr'><strong>idem</strong></span> <span class='ocrx_word' id='word_1_30' title='bbox 1732 492 1854 531; x_wconf 87' lang='lat' dir='ltr'><strong>sese</strong></span> <span class='ocrx_word' id='word_1_31' title='bbox 1883 492 1938 531; x_wconf 84' lang='lat' dir='ltr'><strong>ca</strong></span> 
     </span>
    </p>
   </div>
   <div class='ocr_carea' id='block_1_6' title="bbox 2139 470 3648 567">
    <p class='ocr_par' dir='ltr' id='par_1_6' title="bbox 2139 470 3648 567">
     <span class='ocr_line' id='line_1_6' title="bbox 2139 470 3648 567; baseline 0.011 -29"><span class='ocrx_word' id='word_1_32' title='bbox 2139 487 2141 496; x_wconf 89' lang='lat'>&#39;</span> <span class='ocrx_word' id='word_1_33' title='bbox 2188 484 2414 551; x_wconf 82' lang='grc' dir='ltr'>ἀναϐὰς</span> <span class='ocrx_word' id='word_1_34' title='bbox 2436 525 2452 552; x_wconf 93' lang='grc'><strong>,</strong></span> <span class='ocrx_word' id='word_1_35' title='bbox 2491 490 2525 542; x_wconf 83' lang='grc' dir='ltr'><em>ὁ</em></span> <span class='ocrx_word' id='word_1_36' title='bbox 2570 489 2703 558; x_wconf 76' lang='grc' dir='ltr'><strong>Υἱὸς</strong></span> <span class='ocrx_word' id='word_1_37' title='bbox 2752 490 2862 547; x_wconf 83' lang='grc' dir='ltr'>τοῦ</span> <span class='ocrx_word' id='word_1_38' title='bbox 2905 493 3215 561; x_wconf 82' lang='grc' dir='ltr'>ἀνθρώπου</span> <span class='ocrx_word' id='word_1_39' title='bbox 3240 535 3257 562; x_wconf 90' lang='grc'><strong>,</strong></span> <span class='ocrx_word' id='word_1_40' title='bbox 3295 499 3332 551; x_wconf 83' lang='grc' dir='ltr'><strong>ό</strong></span> <span class='ocrx_word' id='word_1_41' title='bbox 3354 470 3457 553; x_wconf 32' lang='grc' dir='ltr'><strong>’ὢν</strong></span> <span class='ocrx_word' id='word_1_42' title='bbox 3486 500 3552 553; x_wconf 74' lang='grc' dir='ltr'>ἐν</span> <span class='ocrx_word' id='word_1_43' title='bbox 3584 500 3648 567; x_wconf 74' lang='grc' dir='ltr'>τῷ</span> 
     </span>
    </p>
   </div>
   <div class='ocr_carea' id='block_1_7' title="bbox 429 563 2356 643">
    <p class='ocr_par' dir='ltr' id='par_1_7' title="bbox 429 563 2356 643">
     <span class='ocr_line' id='line_1_7' title="bbox 429 563 2356 643; baseline 0.006 -27"><span class='ocrx_word' id='word_1_44' title='bbox 429 579 497 617; x_wconf 92' lang='lat' dir='ltr'><strong>ne</strong></span> <span class='ocrx_word' id='word_1_45' title='bbox 525 563 831 633; x_wconf 74' lang='lat' dir='ltr'><strong>spirituque</strong></span> <span class='ocrx_word' id='word_1_46' title='bbox 862 563 1111 633; x_wconf 80' lang='lat' dir='ltr'><strong>perfecit.</strong></span> <span class='ocrx_word' id='word_1_47' title='bbox 1135 564 1256 631; x_wconf 89' lang='lat' dir='ltr'><strong>Quo</strong></span> <span class='ocrx_word' id='word_1_48' title='bbox 1284 565 1416 621; x_wconf 92' lang='lat' dir='ltr'><strong>illud</strong></span> <span class='ocrx_word' id='word_1_49' title='bbox 1460 567 1699 636; x_wconf 86' lang='lat' dir='ltr'><strong>pertinet</strong></span> <span class='ocrx_word' id='word_1_50' title='bbox 1732 584 1744 621; x_wconf 95' lang='lat'>:</span> <span class='ocrx_word' id='word_1_51' title='bbox 1775 566 1880 632; x_wconf 85' lang='lat' dir='ltr'><strong>Qui</strong></span> <span class='ocrx_word' id='word_1_52' title='bbox 1916 568 2007 621; x_wconf 88' lang='lat' dir='ltr'><strong>de-</strong></span> <span class='ocrx_word' id='word_1_53' title='bbox 2103 574 2356 643; x_wconf 78' lang='grc' dir='ltr'>οὐρανῷ.</span> 
     </span>
    </p>
   </div>
   <div class='ocr_carea' id='block_1_8' title="bbox 427 655 2006 727">
    <p class='ocr_par' dir='ltr' id='par_1_8' title="bbox 427 655 2006 727">
     <span class='ocr_line' id='line_1_8' title="bbox 427 655 2006 727; baseline 0.001 -17"><span class='ocrx_word' id='word_1_54' title='bbox 427 655 661 719; x_wconf 78' lang='lat' dir='ltr'><strong>scendit,</strong></span> <span class='ocrx_word' id='word_1_55' title='bbox 696 656 806 724; x_wconf 87' lang='lat' dir='ltr'><strong>ipse</strong></span> <span class='ocrx_word' id='word_1_56' title='bbox 842 664 920 709; x_wconf 88' lang='lat' dir='ltr'><strong>est</strong></span> <span class='ocrx_word' id='word_1_57' title='bbox 956 663 1005 708; x_wconf 90' lang='lat' dir='ltr'><strong>et</strong></span> <span class='ocrx_word' id='word_1_58' title='bbox 1025 656 1115 726; x_wconf 88' lang='lat' dir='ltr'><strong>qui</strong></span> <span class='ocrx_word' id='word_1_59' title='bbox 1148 656 1383 711; x_wconf 84' lang='lat' dir='ltr'><strong>ascendit</strong></span> <span class='ocrx_word' id='word_1_60' title='bbox 1408 655 1584 713; x_wconf 85' lang='lat' dir='ltr'><strong>Filius</strong></span> <span class='ocrx_word' id='word_1_61' title='bbox 1635 657 1893 725; x_wconf 87' lang='lat' dir='ltr'><strong>hominis,</strong></span> <span class='ocrx_word' id='word_1_62' title='bbox 1915 658 2006 727; x_wconf 88' lang='lat' dir='ltr'><strong>qui</strong></span> 
     </span>
    </p>
   </div>
   <div class='ocr_carea' id='block_1_9' title="bbox 423 745 809 802">
    <p class='ocr_par' dir='ltr' id='par_1_9' title="bbox 423 745 809 802">
     <span class='ocr_line' id='line_1_9' title="bbox 423 745 809 802; baseline -0.01 0"><span class='ocrx_word' id='word_1_63' title='bbox 423 756 504 802; x_wconf 85' lang='lat' dir='ltr'><strong>est</strong></span> <span class='ocrx_word' id='word_1_64' title='bbox 533 747 585 800; x_wconf 91' lang='lat' dir='ltr'><strong>in</strong></span> <span class='ocrx_word' id='word_1_65' title='bbox 615 748 743 801; x_wconf 69' lang='lat' dir='ltr'><strong>caelo</strong></span> <span class='ocrx_word' id='word_1_66' title='bbox 768 745 809 799; x_wconf 77' lang='grc'>⁸.</span> 
     </span>
    </p>
   </div>
   <div class='ocr_carea' id='block_1_10' title="bbox 496 834 2005 921">
    <p class='ocr_par' dir='ltr' id='par_1_10' title="bbox 496 834 2003 904">
     <span class='ocr_line' id='line_1_10' title="bbox 496 834 2003 904; baseline 0.004 -17"><span class='ocrx_word' id='word_1_67' title='bbox 496 836 633 891; x_wconf 82' lang='grc' dir='ltr'>νιιι.</span> <span class='ocrx_word' id='word_1_68' title='bbox 694 836 834 904; x_wconf 85' lang='lat' dir='ltr'><strong>Quid</strong></span> <span class='ocrx_word' id='word_1_69' title='bbox 885 835 949 890; x_wconf 92' lang='lat' dir='ltr'><strong>ad</strong></span> <span class='ocrx_word' id='word_1_70' title='bbox 992 836 1107 890; x_wconf 85' lang='lat' dir='ltr'><strong>haec</strong></span> <span class='ocrx_word' id='word_1_71' title='bbox 1133 834 1340 891; x_wconf 85' lang='lat' dir='ltr'><strong>Noetus</strong></span> <span class='ocrx_word' id='word_1_72' title='bbox 1373 850 1499 890; x_wconf 92' lang='lat' dir='ltr'><strong>cum</strong></span> <span class='ocrx_word' id='word_1_73' title='bbox 1550 852 1649 892; x_wconf 89' lang='lat' dir='ltr'><strong>sua</strong></span> <span class='ocrx_word' id='word_1_74' title='bbox 1702 838 2003 894; x_wconf 87' lang='lat' dir='ltr'><strong>stoliditate</strong></span> 
     </span>
    </p>
   </div>
   <div class='ocr_carea' id='block_1_11' title="bbox 2137 834 3646 921">
    <p class='ocr_par' dir='ltr' id='par_1_11' title="bbox 2172 834 3646 921">
     <span class='ocr_line' id='line_1_11' title="bbox 2172 834 3646 921; baseline 0.005 -26"><span class='ocrx_word' id='word_1_75' title='bbox 2172 840 2254 895; x_wconf 81' lang='lat' dir='ltr'><strong>H&#39;.</strong></span> <span class='ocrx_word' id='word_1_76' title='bbox 2287 840 2352 894; x_wconf 88' lang='grc' dir='ltr'>Τί</span> <span class='ocrx_word' id='word_1_77' title='bbox 2379 834 2471 895; x_wconf 79' lang='grc' dir='ltr'>οὖν</span> <span class='ocrx_word' id='word_1_78' title='bbox 2497 841 2613 913; x_wconf 74' lang='grc' dir='ltr'>ἐρεῖ</span> <span class='ocrx_word' id='word_1_79' title='bbox 2646 841 2854 913; x_wconf 79' lang='grc' dir='ltr'>Νοητὸς</span> <span class='ocrx_word' id='word_1_80' title='bbox 2884 844 2943 899; x_wconf 77' lang='grc' dir='ltr'>ὲν</span> <span class='ocrx_word' id='word_1_81' title='bbox 2972 846 3039 915; x_wconf 79' lang='grc' dir='ltr'><strong>τῇ</strong></span> <span class='ocrx_word' id='word_1_82' title='bbox 3080 845 3244 900; x_wconf 80' lang='grc' dir='ltr'>αὐτοῦ</span> <span class='ocrx_word' id='word_1_83' title='bbox 3280 847 3510 920; x_wconf 73' lang='grc' dir='ltr'>άνοησίᾳ</span> <span class='ocrx_word' id='word_1_84' title='bbox 3532 866 3548 913; x_wconf 86' lang='lat'><strong>;</strong></span> <span class='ocrx_word' id='word_1_85' title='bbox 3570 851 3646 921; x_wconf 74' lang='grc' dir='ltr'><strong>Μὴ</strong></span> 
     </span>
    </p>
   </div>
   <div class='ocr_carea' id='block_1_12' title="bbox 422 924 1931 1006">
    <p class='ocr_par' dir='ltr' id='par_1_12' title="bbox 422 925 1931 997">
     <span class='ocr_line' id='line_1_12' title="bbox 422 925 1931 997; baseline 0.001 -17"><span class='ocrx_word' id='word_1_86' title='bbox 422 934 589 997; x_wconf 75' lang='lat' dir='ltr'><strong>atque</strong></span> <span class='ocrx_word' id='word_1_87' title='bbox 622 926 855 981; x_wconf 84' lang='lat' dir='ltr'><strong>amentia</strong></span> <span class='ocrx_word' id='word_1_88' title='bbox 907 932 1087 994; x_wconf 82' lang='lat' dir='ltr'><strong>potest</strong></span> <span class='ocrx_word' id='word_1_89' title='bbox 1121 925 1397 995; x_wconf 78' lang='lat' dir='ltr'><strong>objicere?</strong></span> <span class='ocrx_word' id='word_1_90' title='bbox 1424 925 1564 980; x_wconf 87' lang='lat' dir='ltr'><strong>Num</strong></span> <span class='ocrx_word' id='word_1_91' title='bbox 1601 926 1656 981; x_wconf 89' lang='lat' dir='ltr'><strong>in</strong></span> <span class='ocrx_word' id='word_1_92' title='bbox 1686 929 1827 983; x_wconf 75' lang='lat' dir='ltr'><strong>cmlo</strong></span> <span class='ocrx_word' id='word_1_93' title='bbox 1870 944 1931 984; x_wconf 90' lang='lat' dir='ltr'><strong>ca</strong></span> 
     </span>
    </p>
   </div>
   <div class='ocr_carea' id='block_1_13' title="bbox 2139 924 3648 1006">
    <p class='ocr_par' dir='ltr' id='par_1_13' title="bbox 2139 924 3648 1006">
     <span class='ocr_line' id='line_1_13' title="bbox 2139 924 3648 1006; baseline 0.01 -28"><span class='ocrx_word' id='word_1_94' title='bbox 2139 942 2160 978; x_wconf 85' lang='grc' dir='ltr'><strong>ν</strong></span> <span class='ocrx_word' id='word_1_95' title='bbox 2198 925 2277 997; x_wconf 83' lang='grc' dir='ltr'><strong>τῷ</strong></span> <span class='ocrx_word' id='word_1_96' title='bbox 2303 926 2516 997; x_wconf 85' lang='grc' dir='ltr'>οὐρανῷ</span> <span class='ocrx_word' id='word_1_97' title='bbox 2545 927 2687 997; x_wconf 80' lang='grc' dir='ltr'>σὰρξ</span> <span class='ocrx_word' id='word_1_98' title='bbox 2729 924 2832 1000; x_wconf 77' lang='grc' dir='ltr'><strong>ἦνς</strong></span> <span class='ocrx_word' id='word_1_99' title='bbox 2876 931 3126 1002; x_wconf 85' lang='grc' dir='ltr'>Δηλονότι</span> <span class='ocrx_word' id='word_1_100' title='bbox 3168 935 3268 988; x_wconf 86' lang='grc' dir='ltr'><strong>οὐκ</strong></span> <span class='ocrx_word' id='word_1_101' title='bbox 3302 930 3393 1006; x_wconf 79' lang='grc' dir='ltr'>ἦν.</span> <span class='ocrx_word' id='word_1_102' title='bbox 3422 937 3544 1001; x_wconf 81' lang='grc' dir='ltr'>Πῶς</span> <span class='ocrx_word' id='word_1_103' title='bbox 3570 935 3648 993; x_wconf 78' lang='grc' dir='ltr'>οὖν</span> 
     </span>
    </p>
   </div>
   <div class='ocr_carea' id='block_1_14' title="bbox 425 1010 1934 1095">
    <p class='ocr_par' dir='ltr' id='par_1_14' title="bbox 425 1010 1934 1087">
     <span class='ocr_line' id='line_1_14' title="bbox 425 1010 1934 1087; baseline 0.004 -22"><span class='ocrx_word' id='word_1_104' title='bbox 425 1022 551 1066; x_wconf 84' lang='lat' dir='ltr'><strong>ante</strong></span> <span class='ocrx_word' id='word_1_105' title='bbox 574 1011 930 1066; x_wconf 80' lang='lat' dir='ltr'><strong>versabatur?</strong></span> <span class='ocrx_word' id='word_1_106' title='bbox 964 1010 1185 1067; x_wconf 83' lang='lat' dir='ltr'><strong>Minime</strong></span> <span class='ocrx_word' id='word_1_107' title='bbox 1214 1011 1480 1083; x_wconf 87' lang='lat' dir='ltr'><strong>profecto.</strong></span> <span class='ocrx_word' id='word_1_108' title='bbox 1511 1012 1794 1079; x_wconf 86' lang='lat' dir='ltr'><strong>Quomodo</strong></span> <span class='ocrx_word' id='word_1_109' title='bbox 1832 1016 1934 1087; x_wconf 58' lang='lat' dir='ltr'><strong>igit‘</strong></span> 
     </span>
    </p>
   </div>
   <div class='ocr_carea' id='block_1_15' title="bbox 2141 1010 3650 1095">
    <p class='ocr_par' dir='ltr' id='par_1_15' title="bbox 2141 1018 3650 1095">
     <span class='ocr_line' id='line_1_15' title="bbox 2141 1018 3650 1095; baseline 0.009 -26"><span class='ocrx_word' id='word_1_110' title='bbox 2141 1019 2173 1069; x_wconf 80' lang='grc' dir='ltr'>Ο</span> <span class='ocrx_word' id='word_1_111' title='bbox 2206 1018 2465 1085; x_wconf 82' lang='grc' dir='ltr'>καταϐὰς</span> <span class='ocrx_word' id='word_1_112' title='bbox 2492 1018 2563 1082; x_wconf 80' lang='grc' dir='ltr'><strong>ἐξ</strong></span> <span class='ocrx_word' id='word_1_113' title='bbox 2589 1022 2882 1088; x_wconf 87' lang='grc' dir='ltr'>οὐρανοῦ,</span> <span class='ocrx_word' id='word_1_114' title='bbox 2924 1024 3107 1091; x_wconf 84' lang='grc' dir='ltr'>αὑτός</span> <span class='ocrx_word' id='word_1_115' title='bbox 3142 1024 3313 1079; x_wconf 82' lang='grc' dir='ltr'>ἐστιν</span> <span class='ocrx_word' id='word_1_116' title='bbox 3341 1029 3376 1080; x_wconf 89' lang='grc' dir='ltr'><strong>ό</strong></span> <span class='ocrx_word' id='word_1_117' title='bbox 3412 1028 3650 1095; x_wconf 63' lang='grc' dir='ltr'>ἀναϐόςί</span> 
     </span>
    </p>
   </div>
   <div class='ocr_carea' id='block_1_16' title="bbox 425 1102 1934 1189">
    <p class='ocr_par' dir='ltr' id='par_1_16' title="bbox 425 1102 1934 1178">
     <span class='ocr_line' id='line_1_16' title="bbox 425 1102 1934 1178; baseline 0.004 -23"><span class='ocrx_word' id='word_1_118' title='bbox 425 1104 514 1172; x_wconf 84' lang='lat' dir='ltr'><strong>qui</strong></span> <span class='ocrx_word' id='word_1_119' title='bbox 532 1102 794 1157; x_wconf 79' lang='lat' dir='ltr'><strong>descendit</strong></span> <span class='ocrx_word' id='word_1_120' title='bbox 820 1102 884 1157; x_wconf 89' lang='lat' dir='ltr'><strong>de</strong></span> <span class='ocrx_word' id='word_1_121' title='bbox 906 1103 1054 1169; x_wconf 74' lang='lat' dir='ltr'><strong>caelo,</strong></span> <span class='ocrx_word' id='word_1_122' title='bbox 1078 1103 1190 1172; x_wconf 79' lang='lat' dir='ltr'><strong>ipse</strong></span> <span class='ocrx_word' id='word_1_123' title='bbox 1209 1113 1284 1159; x_wconf 86' lang='lat' dir='ltr'><strong>est</strong></span> <span class='ocrx_word' id='word_1_124' title='bbox 1306 1106 1397 1174; x_wconf 88' lang='lat' dir='ltr'><strong>qui</strong></span> <span class='ocrx_word' id='word_1_125' title='bbox 1417 1105 1650 1160; x_wconf 82' lang='lat' dir='ltr'><strong>ascendit</strong></span> <span class='ocrx_word' id='word_1_126' title='bbox 1667 1109 1692 1163; x_wconf 78' lang='lat'><strong><em>?</em></strong></span> <span class='ocrx_word' id='word_1_127' title='bbox 1709 1107 1872 1178; x_wconf 65' lang='grc'><strong>487</strong></span> <span class='ocrx_word' id='word_1_128' title='bbox 1892 1109 1934 1162; x_wconf 84' lang='lat' dir='ltr'><strong>ni</strong></span> 
     </span>
    </p>
   </div>
   <div class='ocr_carea' id='block_1_17' title="bbox 2139 1102 3648 1189">
    <p class='ocr_par' dir='ltr' id='par_1_17' title="bbox 2139 1106 3648 1189">
     <span class='ocr_line' id='line_1_17' title="bbox 2139 1106 3648 1189; baseline 0.007 -30"><span class='ocrx_word' id='word_1_129' title='bbox 2139 1106 2247 1159; x_wconf 54' lang='lat' dir='ltr'><strong>AD!</strong></span> <span class='ocrx_word' id='word_1_130' title='bbox 2276 1108 2361 1161; x_wconf 77' lang='grc' dir='ltr'>ἵνα</span> <span class='ocrx_word' id='word_1_131' title='bbox 2389 1109 2478 1162; x_wconf 82' lang='grc' dir='ltr'>τὸν</span> <span class='ocrx_word' id='word_1_132' title='bbox 2506 1110 2830 1164; x_wconf 79' lang='grc' dir='ltr'><strong>κατελθόντα</strong></span> <span class='ocrx_word' id='word_1_133' title='bbox 2874 1113 3047 1181; x_wconf 81' lang='grc' dir='ltr'>Λόγον</span> <span class='ocrx_word' id='word_1_134' title='bbox 3078 1114 3294 1189; x_wconf 79' lang='grc' dir='ltr'><strong>σημάνῃ</strong></span> <span class='ocrx_word' id='word_1_135' title='bbox 3328 1117 3392 1170; x_wconf 89' lang='grc' dir='ltr'><strong>οὐ</strong></span> <span class='ocrx_word' id='word_1_136' title='bbox 3423 1117 3648 1172; x_wconf 79' lang='grc' dir='ltr'><strong>κάτωθεν</strong></span> 
     </span>
    </p>
   </div>
   <div class='ocr_carea' id='block_1_18' title="bbox 423 1193 1932 1275">
    <p class='ocr_par' dir='ltr' id='par_1_18' title="bbox 423 1193 1932 1267">
     <span class='ocr_line' id='line_1_18' title="bbox 423 1193 1932 1267; baseline 0.004 -20"><span class='ocrx_word' id='word_1_137' title='bbox 423 1193 557 1247; x_wconf 83' lang='lat' dir='ltr'><strong>illud</strong></span> <span class='ocrx_word' id='word_1_138' title='bbox 587 1194 896 1263; x_wconf 75' lang='lat' dir='ltr'><strong>significare</strong></span> <span class='ocrx_word' id='word_1_139' title='bbox 929 1195 1139 1259; x_wconf 88' lang='lat' dir='ltr'><strong>voluit,</strong></span> <span class='ocrx_word' id='word_1_140' title='bbox 1170 1193 1407 1251; x_wconf 83' lang='lat' dir='ltr'><strong>Verbum</strong></span> <span class='ocrx_word' id='word_1_141' title='bbox 1461 1197 1638 1267; x_wconf 84' lang='lat' dir='ltr'><strong>ipsum</strong></span> <span class='ocrx_word' id='word_1_142' title='bbox 1661 1237 1677 1262; x_wconf 92' lang='lat'><strong>,</strong></span> <span class='ocrx_word' id='word_1_143' title='bbox 1717 1198 1865 1267; x_wconf 91' lang='lat' dir='ltr'><strong>quod</strong></span> <span class='ocrx_word' id='word_1_144' title='bbox 1899 1200 1932 1253; x_wconf 88' lang='lat' dir='ltr'><strong>d</strong></span> 
     </span>
    </p>
   </div>
   <div class='ocr_carea' id='block_1_19' title="bbox 2139 1193 3648 1275">
    <p class='ocr_par' dir='ltr' id='par_1_19' title="bbox 2139 1195 3648 1275">
     <span class='ocr_line' id='line_1_19' title="bbox 2139 1195 3648 1275; baseline 0.006 -28"><span class='ocrx_word' id='word_1_145' title='bbox 2139 1211 2243 1260; x_wconf 69' lang='grc' dir='ltr'>ιτα,</span> <span class='ocrx_word' id='word_1_146' title='bbox 2270 1195 2406 1250; x_wconf 80' lang='grc' dir='ltr'>ἀλλὰ</span> <span class='ocrx_word' id='word_1_147' title='bbox 2431 1196 2634 1251; x_wconf 76' lang='grc' dir='ltr'>ἄνωθεν</span> <span class='ocrx_word' id='word_1_148' title='bbox 2657 1198 3001 1253; x_wconf 80' lang='grc' dir='ltr'><strong>κατελθόντα.</strong></span> <span class='ocrx_word' id='word_1_149' title='bbox 3052 1201 3202 1253; x_wconf 82' lang='grc' dir='ltr'>Ἐπεὶ</span> <span class='ocrx_word' id='word_1_150' title='bbox 3227 1203 3285 1255; x_wconf 78' lang='grc' dir='ltr'><strong>δὲ</strong></span> <span class='ocrx_word' id='word_1_151' title='bbox 3312 1202 3648 1275; x_wconf 80' lang='grc' dir='ltr'>ὲνηνθρώπη-</span> 
     </span>
    </p>
   </div>
   <div class='ocr_carea' id='block_1_20' title="bbox 423 1282 1932 1361">
    <p class='ocr_par' dir='ltr' id='par_1_20' title="bbox 423 1282 1932 1355">
     <span class='ocr_line' id='line_1_20' title="bbox 423 1282 1932 1355; baseline 0.003 -16"><span class='ocrx_word' id='word_1_152' title='bbox 423 1282 729 1348; x_wconf 89' lang='lat' dir='ltr'><strong>scenderat,</strong></span> <span class='ocrx_word' id='word_1_153' title='bbox 779 1298 889 1338; x_wconf 92' lang='lat' dir='ltr'><strong>non</strong></span> <span class='ocrx_word' id='word_1_154' title='bbox 924 1300 991 1339; x_wconf 85' lang='lat' dir='ltr'><strong>ex</strong></span> <span class='ocrx_word' id='word_1_155' title='bbox 1025 1284 1269 1340; x_wconf 87' lang='lat' dir='ltr'><strong>inferiori</strong></span> <span class='ocrx_word' id='word_1_156' title='bbox 1300 1301 1425 1342; x_wconf 88' lang='lat' dir='ltr'><strong>esse</strong></span> <span class='ocrx_word' id='word_1_157' title='bbox 1454 1286 1576 1342; x_wconf 93' lang='lat' dir='ltr'><strong>loco</strong></span> <span class='ocrx_word' id='word_1_158' title='bbox 1603 1330 1617 1355; x_wconf 90' lang='lat'><strong>,</strong></span> <span class='ocrx_word' id='word_1_159' title='bbox 1663 1288 1759 1344; x_wconf 83' lang='lat' dir='ltr'><strong>sed</strong></span> <span class='ocrx_word' id='word_1_160' title='bbox 1794 1303 1825 1343; x_wconf 88' lang='lat' dir='ltr'><strong>e</strong></span> <span class='ocrx_word' id='word_1_161' title='bbox 1856 1303 1932 1343; x_wconf 70' lang='lat' dir='ltr'><strong>cm</strong></span> 
     </span>
    </p>
   </div>
   <div class='ocr_carea' id='block_1_21' title="bbox 2141 1282 3650 1361">
    <p class='ocr_par' dir='ltr' id='par_1_21' title="bbox 2141 1285 3650 1361">
     <span class='ocr_line' id='line_1_21' title="bbox 2141 1285 3650 1361; baseline 0.005 -24"><span class='ocrx_word' id='word_1_162' title='bbox 2141 1301 2188 1338; x_wconf 73' lang='grc' dir='ltr'><strong>εν</strong></span> <span class='ocrx_word' id='word_1_163' title='bbox 2221 1285 2278 1337; x_wconf 81' lang='grc' dir='ltr'>ὲν</span> <span class='ocrx_word' id='word_1_164' title='bbox 2304 1285 2486 1355; x_wconf 78' lang='grc' dir='ltr'>σαρκὶ,</span> <span class='ocrx_word' id='word_1_165' title='bbox 2517 1286 2618 1339; x_wconf 89' lang='grc' dir='ltr'><strong>οὐκ</strong></span> <span class='ocrx_word' id='word_1_166' title='bbox 2646 1285 2757 1339; x_wconf 80' lang='grc' dir='ltr'><strong>ἀπὸ</strong></span> <span class='ocrx_word' id='word_1_167' title='bbox 2786 1288 3101 1359; x_wconf 79' lang='grc' dir='ltr'>σπέρματος</span> <span class='ocrx_word' id='word_1_168' title='bbox 3136 1290 3331 1361; x_wconf 82' lang='grc' dir='ltr'>ἀνδρὸς</span> <span class='ocrx_word' id='word_1_169' title='bbox 3354 1331 3368 1353; x_wconf 95' lang='grc'><strong>,</strong></span> <span class='ocrx_word' id='word_1_170' title='bbox 3405 1293 3473 1344; x_wconf 79' lang='grc' dir='ltr'>ὲκ</span> <span class='ocrx_word' id='word_1_171' title='bbox 3508 1292 3650 1346; x_wconf 78' lang='grc' dir='ltr'>πνεύ-</span> 
     </span>
    </p>
   </div>
   <div class='ocr_carea' id='block_1_22' title="bbox 420 1362 1929 1456">
    <p class='ocr_par' dir='ltr' id='par_1_22' title="bbox 420 1372 1929 1444">
     <span class='ocr_line' id='line_1_22' title="bbox 420 1372 1929 1444; baseline 0.002 -16"><span class='ocrx_word' id='word_1_172' title='bbox 420 1388 543 1429; x_wconf 81' lang='lat' dir='ltr'><strong>esse</strong></span> <span class='ocrx_word' id='word_1_173' title='bbox 569 1373 872 1443; x_wconf 88' lang='lat' dir='ltr'><strong>delapsum.</strong></span> <span class='ocrx_word' id='word_1_174' title='bbox 914 1372 1278 1444; x_wconf 84' lang='lat' dir='ltr'><strong>Posteaquam</strong></span> <span class='ocrx_word' id='word_1_175' title='bbox 1324 1389 1455 1430; x_wconf 85' lang='lat' dir='ltr'><strong>vero</strong></span> <span class='ocrx_word' id='word_1_176' title='bbox 1487 1390 1706 1431; x_wconf 86' lang='lat' dir='ltr'><strong>carnem</strong></span> <span class='ocrx_word' id='word_1_177' title='bbox 1748 1376 1929 1431; x_wconf 80' lang='lat' dir='ltr'><strong>homin</strong></span> 
     </span>
    </p>
   </div>
   <div class='ocr_carea' id='block_1_23' title="bbox 2138 1362 3647 1456">
    <p class='ocr_par' dir='ltr' id='par_1_23' title="bbox 2139 1362 3647 1456">
     <span class='ocr_line' id='line_1_23' title="bbox 2139 1362 3647 1456; baseline 0.005 -30"><span class='ocrx_word' id='word_1_178' title='bbox 2139 1389 2265 1436; x_wconf 89' lang='grc' dir='ltr'>ατος</span> <span class='ocrx_word' id='word_1_179' title='bbox 2284 1373 2340 1427; x_wconf 79' lang='grc' dir='ltr'><strong>δὲ</strong></span> <span class='ocrx_word' id='word_1_180' title='bbox 2365 1374 2458 1426; x_wconf 74' lang='grc' dir='ltr'><strong>καὶ</strong></span> <span class='ocrx_word' id='word_1_181' title='bbox 2480 1374 2685 1456; x_wconf 78' lang='grc' dir='ltr'>σαρκὸς</span> <span class='ocrx_word' id='word_1_182' title='bbox 2705 1374 2985 1431; x_wconf 73' lang='grc' dir='ltr'><strong>ἐτελείωσε</strong></span> <span class='ocrx_word' id='word_1_183' title='bbox 3015 1362 3113 1450; x_wconf 64' lang='grc' dir='ltr'><strong>τὴν</strong></span> <span class='ocrx_word' id='word_1_184' title='bbox 3140 1379 3305 1433; x_wconf 76' lang='grc' dir='ltr'>αὐτοῦ</span> <span class='ocrx_word' id='word_1_185' title='bbox 3332 1380 3647 1453; x_wconf 64' lang='grc' dir='ltr'>οἰκονομίαν</span> 
     </span>
    </p>
   </div>
   <div class='ocr_carea' id='block_1_24' title="bbox 421 1462 1930 1541">
    <p class='ocr_par' dir='ltr' id='par_1_24' title="bbox 421 1463 1930 1535">
     <span class='ocr_line' id='line_1_24' title="bbox 421 1463 1930 1535; baseline 0.001 -17"><span class='ocrx_word' id='word_1_186' title='bbox 421 1465 747 1535; x_wconf 85' lang='lat' dir='ltr'><strong>assumpsit,</strong></span> <span class='ocrx_word' id='word_1_187' title='bbox 784 1478 893 1519; x_wconf 90' lang='lat' dir='ltr'><strong>non</strong></span> <span class='ocrx_word' id='word_1_188' title='bbox 928 1464 1078 1519; x_wconf 89' lang='lat' dir='ltr'><strong>illam</strong></span> <span class='ocrx_word' id='word_1_189' title='bbox 1114 1463 1332 1535; x_wconf 83' lang='lat' dir='ltr'><strong>quidem</strong></span> <span class='ocrx_word' id='word_1_190' title='bbox 1368 1480 1399 1520; x_wconf 91' lang='lat' dir='ltr'><strong>e</strong></span> <span class='ocrx_word' id='word_1_191' title='bbox 1428 1466 1532 1521; x_wconf 87' lang='lat' dir='ltr'><strong>viri</strong></span> <span class='ocrx_word' id='word_1_192' title='bbox 1566 1466 1775 1523; x_wconf 82' lang='lat' dir='ltr'><strong>semine</strong></span> <span class='ocrx_word' id='word_1_193' title='bbox 1803 1482 1930 1522; x_wconf 87' lang='lat' dir='ltr'><strong>susc</strong></span> 
     </span>
    </p>
   </div>
   <div class='ocr_carea' id='block_1_25' title="bbox 2139 1462 3648 1541">
    <p class='ocr_par' dir='ltr' id='par_1_25' title="bbox 2139 1462 3648 1541">
     <span class='ocr_line' id='line_1_25' title="bbox 2139 1462 3648 1541; baseline 0.009 -29"><span class='ocrx_word' id='word_1_194' title='bbox 2139 1464 2180 1515; x_wconf 45' lang='grc' dir='ltr'>νά</span> <span class='ocrx_word' id='word_1_195' title='bbox 2216 1463 2404 1530; x_wconf 77' lang='grc' dir='ltr'>τοῦτο,</span> <span class='ocrx_word' id='word_1_196' title='bbox 2467 1462 2596 1537; x_wconf 78' lang='grc' dir='ltr'>μίαν</span> <span class='ocrx_word' id='word_1_197' title='bbox 2631 1467 2855 1539; x_wconf 84' lang='grc' dir='ltr'>ἑνότητα</span> <span class='ocrx_word' id='word_1_198' title='bbox 2889 1470 3167 1539; x_wconf 80' lang='grc' dir='ltr'><strong>σημαίνων</strong></span> <span class='ocrx_word' id='word_1_199' title='bbox 3212 1470 3312 1541; x_wconf 78' lang='grc' dir='ltr'><strong>τῆς</strong></span> <span class='ocrx_word' id='word_1_200' title='bbox 3364 1471 3461 1525; x_wconf 80' lang='grc' dir='ltr'>τοῦ</span> <span class='ocrx_word' id='word_1_201' title='bbox 3495 1473 3648 1540; x_wconf 71' lang='grc' dir='ltr'>Λόγου</span> 
     </span>
    </p>
   </div>
   <div class='ocr_carea' id='block_1_26' title="bbox 417 1554 1926 1631">
    <p class='ocr_par' dir='ltr' id='par_1_26' title="bbox 417 1555 1926 1626">
     <span class='ocr_line' id='line_1_26' title="bbox 417 1555 1926 1626; baseline 0.004 -18"><span class='ocrx_word' id='word_1_202' title='bbox 417 1563 589 1626; x_wconf 85' lang='lat' dir='ltr'><strong>ptam,</strong></span> <span class='ocrx_word' id='word_1_203' title='bbox 626 1570 657 1610; x_wconf 90' lang='lat' dir='ltr'><strong>e</strong></span> <span class='ocrx_word' id='word_1_204' title='bbox 684 1556 878 1625; x_wconf 86' lang='lat' dir='ltr'><strong>spiritu</strong></span> <span class='ocrx_word' id='word_1_205' title='bbox 911 1555 1116 1624; x_wconf 86' lang='lat' dir='ltr'><strong>pariter</strong></span> <span class='ocrx_word' id='word_1_206' title='bbox 1143 1570 1206 1610; x_wconf 89' lang='lat' dir='ltr'><strong>ac</strong></span> <span class='ocrx_word' id='word_1_207' title='bbox 1242 1570 1408 1611; x_wconf 90' lang='lat' dir='ltr'><strong>carne</strong></span> <span class='ocrx_word' id='word_1_208' title='bbox 1437 1565 1611 1612; x_wconf 89' lang='lat' dir='ltr'><strong>totum</strong></span> <span class='ocrx_word' id='word_1_209' title='bbox 1641 1559 1926 1615; x_wconf 87' lang='lat' dir='ltr'><strong>administr</strong></span> 
     </span>
    </p>
   </div>
   <div class='ocr_carea' id='block_1_27' title="bbox 2141 1554 3650 1631">
    <p class='ocr_par' dir='ltr' id='par_1_27' title="bbox 2141 1554 3650 1631">
     <span class='ocr_line' id='line_1_27' title="bbox 2141 1554 3650 1631; baseline 0.004 -23"><span class='ocrx_word' id='word_1_210' title='bbox 2141 1554 2437 1622; x_wconf 66' lang='lat' dir='ltr'><strong>avevdmsmc</strong></span> <span class='ocrx_word' id='word_1_211' title='bbox 2494 1561 2589 1612; x_wconf 76' lang='grc' dir='ltr'>καὶ</span> <span class='ocrx_word' id='word_1_212' title='bbox 2649 1560 2747 1631; x_wconf 83' lang='grc' dir='ltr'>τῆς</span> <span class='ocrx_word' id='word_1_213' title='bbox 2812 1560 3216 1631; x_wconf 66' lang='grc' dir='ltr'>άνθρωπήσεωξ</span> <span class='ocrx_word' id='word_1_214' title='bbox 3243 1599 3258 1624; x_wconf 93' lang='grc'><strong>,</strong></span> <span class='ocrx_word' id='word_1_215' title='bbox 3318 1562 3522 1630; x_wconf 82' lang='grc' dir='ltr'><strong>φάσκει</strong></span> <span class='ocrx_word' id='word_1_216' title='bbox 3572 1564 3650 1615; x_wconf 80' lang='grc' dir='ltr'>τὸν</span> 
     </span>
    </p>
   </div>
   <div class='ocr_carea' id='block_1_28' title="bbox 416 1643 1925 1721">
    <p class='ocr_par' dir='ltr' id='par_1_28' title="bbox 416 1646 1925 1717">
     <span class='ocr_line' id='line_1_28' title="bbox 416 1646 1925 1717; baseline 0.003 -17"><span class='ocrx_word' id='word_1_217' title='bbox 416 1647 585 1700; x_wconf 82' lang='lat' dir='ltr'><strong>tionis</strong></span> <span class='ocrx_word' id='word_1_218' title='bbox 610 1661 723 1702; x_wconf 68' lang='lat' dir='ltr'><strong>suae</strong></span> <span class='ocrx_word' id='word_1_219' title='bbox 753 1646 1025 1717; x_wconf 71' lang='lat' dir='ltr'><strong>negotium</strong></span> <span class='ocrx_word' id='word_1_220' title='bbox 1057 1646 1304 1715; x_wconf 83' lang='lat' dir='ltr'><strong>perfecit.</strong></span> <span class='ocrx_word' id='word_1_221' title='bbox 1330 1647 1696 1714; x_wconf 84' lang='lat' dir='ltr'><strong>Quamobrem</strong></span> <span class='ocrx_word' id='word_1_222' title='bbox 1729 1659 1787 1706; x_wconf 90' lang='lat' dir='ltr'><strong>ut</strong></span> <span class='ocrx_word' id='word_1_223' title='bbox 1820 1651 1925 1705; x_wconf 87' lang='lat' dir='ltr'><strong>divi</strong></span> 
     </span>
    </p>
   </div>
   <div class='ocr_carea' id='block_1_29' title="bbox 2139 1643 3648 1721">
    <p class='ocr_par' dir='ltr' id='par_1_29' title="bbox 2139 1644 3648 1721">
     <span class='ocr_line' id='line_1_29' title="bbox 2139 1644 3648 1721; baseline 0.005 -25"><span class='ocrx_word' id='word_1_224' title='bbox 2139 1644 2294 1697; x_wconf 69' lang='grc' dir='ltr'>νωθεν</span> <span class='ocrx_word' id='word_1_225' title='bbox 2331 1645 2532 1716; x_wconf 73' lang='grc' dir='ltr'>ἥκοντα</span> <span class='ocrx_word' id='word_1_226' title='bbox 2565 1648 2678 1702; x_wconf 79' lang='grc' dir='ltr'><strong>άνω</strong></span> <span class='ocrx_word' id='word_1_227' title='bbox 2728 1648 2933 1702; x_wconf 84' lang='grc' dir='ltr'>ἀνιέναι</span> <span class='ocrx_word' id='word_1_228' title='bbox 2981 1651 3040 1703; x_wconf 85' lang='grc' dir='ltr'>ἐν</span> <span class='ocrx_word' id='word_1_229' title='bbox 3079 1649 3355 1703; x_wconf 73' lang='grc' dir='ltr'><strong>τελειώσει</strong></span> <span class='ocrx_word' id='word_1_230' title='bbox 3388 1650 3648 1721; x_wconf 77' lang='grc' dir='ltr'><strong>θεότητος.</strong></span> 
     </span>
    </p>
   </div>
   <div class='ocr_carea' id='block_1_30' title="bbox 418 1725 1927 1812">
    <p class='ocr_par' dir='ltr' id='par_1_30' title="bbox 418 1736 1902 1809">
     <span class='ocr_line' id='line_1_30' title="bbox 418 1736 1902 1809; baseline 0.005 -18"><span class='ocrx_word' id='word_1_231' title='bbox 418 1736 579 1793; x_wconf 85' lang='lat' dir='ltr'><strong>Verbi</strong></span> <span class='ocrx_word' id='word_1_232' title='bbox 633 1737 989 1809; x_wconf 67' lang='lat' dir='ltr'><strong>humanaeque</strong></span> <span class='ocrx_word' id='word_1_233' title='bbox 1050 1744 1259 1792; x_wconf 62' lang='lat' dir='ltr'><strong>natura:</strong></span> <span class='ocrx_word' id='word_1_234' title='bbox 1316 1739 1798 1809; x_wconf 69' lang='lat' dir='ltr'><strong>coniunctionem,</strong></span> <span class='ocrx_word' id='word_1_235' title='bbox 1848 1752 1902 1799; x_wconf 90' lang='lat' dir='ltr'><strong>et</strong></span> 
     </span>
    </p>
   </div>
   <div class='ocr_carea' id='block_1_31' title="bbox 2140 1725 3649 1812">
    <p class='ocr_par' dir='ltr' id='par_1_31' title="bbox 2140 1736 3649 1812">
     <span class='ocr_line' id='line_1_31' title="bbox 2140 1736 3649 1812; baseline 0.003 -23"><span class='ocrx_word' id='word_1_236' title='bbox 2140 1737 2202 1792; x_wconf 29' lang='grc' dir='ltr'>καὶ</span> <span class='ocrx_word' id='word_1_237' title='bbox 2233 1736 2341 1808; x_wconf 82' lang='grc' dir='ltr'><strong>γὰρ</strong></span> <span class='ocrx_word' id='word_1_238' title='bbox 2373 1738 2465 1793; x_wconf 77' lang='grc' dir='ltr'>νῦν</span> <span class='ocrx_word' id='word_1_239' title='bbox 2491 1740 2519 1792; x_wconf 86' lang='lat'><strong>6</strong></span> <span class='ocrx_word' id='word_1_240' title='bbox 2556 1739 2631 1811; x_wconf 84' lang='grc' dir='ltr'>μὴ</span> <span class='ocrx_word' id='word_1_241' title='bbox 2652 1740 2727 1793; x_wconf 78' lang='grc' dir='ltr'>ὢν</span> <span class='ocrx_word' id='word_1_242' title='bbox 2754 1757 2907 1807; x_wconf 83' lang='grc' dir='ltr'>ποτε,</span> <span class='ocrx_word' id='word_1_243' title='bbox 2928 1740 3064 1812; x_wconf 77' lang='grc' dir='ltr'>σάρξ</span> <span class='ocrx_word' id='word_1_244' title='bbox 3089 1743 3236 1794; x_wconf 75' lang='grc' dir='ltr'>ἐστιν</span> <span class='ocrx_word' id='word_1_245' title='bbox 3260 1742 3325 1795; x_wconf 79' lang='grc' dir='ltr'>ἐκ</span> <span class='ocrx_word' id='word_1_246' title='bbox 3349 1741 3649 1812; x_wconf 82' lang='grc' dir='ltr'>Πνεύματος</span> 
     </span>
    </p>
   </div>
   <div class='ocr_carea' id='block_1_32' title="bbox 418 1828 1927 1902">
    <p class='ocr_par' dir='ltr' id='par_1_32' title="bbox 418 1828 1927 1899">
     <span class='ocr_line' id='line_1_32' title="bbox 418 1828 1927 1899; baseline 0.003 -17"><span class='ocrx_word' id='word_1_247' title='bbox 418 1843 580 1883; x_wconf 88' lang='lat' dir='ltr'><strong>uuam</strong></span> <span class='ocrx_word' id='word_1_248' title='bbox 614 1828 967 1899; x_wconf 84' lang='lat' dir='ltr'><strong>eamdemque</strong></span> <span class='ocrx_word' id='word_1_249' title='bbox 999 1844 1113 1882; x_wconf 87' lang='lat' dir='ltr'><strong>rem</strong></span> <span class='ocrx_word' id='word_1_250' title='bbox 1142 1830 1603 1885; x_wconf 76' lang='lat' dir='ltr'><strong>consociationem</strong></span> <span class='ocrx_word' id='word_1_251' title='bbox 1634 1844 1927 1889; x_wconf 67' lang='lat' dir='ltr'><strong>monstrari</strong></span> 
     </span>
    </p>
   </div>
   <div class='ocr_carea' id='block_1_33' title="bbox 2139 1828 3648 1902">
    <p class='ocr_par' dir='ltr' id='par_1_33' title="bbox 2139 1829 3648 1902">
     <span class='ocr_line' id='line_1_33' title="bbox 2139 1829 3648 1902; baseline 0.003 -20"><span class='ocrx_word' id='word_1_252' title='bbox 2139 1830 2188 1882; x_wconf 65' lang='lat' dir='ltr'><strong>at</strong></span> <span class='ocrx_word' id='word_1_253' title='bbox 2212 1829 2490 1899; x_wconf 77' lang='grc' dir='ltr'>Παρθένου</span> <span class='ocrx_word' id='word_1_254' title='bbox 2510 1870 2523 1894; x_wconf 95' lang='grc'><strong>,</strong></span> <span class='ocrx_word' id='word_1_255' title='bbox 2564 1831 2592 1882; x_wconf 97' lang='lat'><strong>6</strong></span> <span class='ocrx_word' id='word_1_256' title='bbox 2634 1830 3015 1901; x_wconf 72' lang='grc' dir='ltr'>προσενεχθεὶς</span> <span class='ocrx_word' id='word_1_257' title='bbox 3043 1832 3215 1902; x_wconf 59' lang='lat' dir='ltr'><strong>Harp).</strong></span> <span class='ocrx_word' id='word_1_258' title='bbox 3242 1832 3447 1895; x_wconf 80' lang='grc' dir='ltr'>τέλειος</span> <span class='ocrx_word' id='word_1_259' title='bbox 3472 1832 3648 1900; x_wconf 79' lang='grc' dir='ltr'>Λόγος,</span> 
     </span>
    </p>
   </div>
   <div class='ocr_carea' id='block_1_34' title="bbox 417 1914 1926 1990">
    <p class='ocr_par' dir='ltr' id='par_1_34' title="bbox 417 1918 1926 1989">
     <span class='ocr_line' id='line_1_34' title="bbox 417 1918 1926 1989; baseline 0.004 -17"><span class='ocrx_word' id='word_1_260' title='bbox 417 1918 568 1974; x_wconf 92' lang='lat' dir='ltr'><strong>illum</strong></span> <span class='ocrx_word' id='word_1_261' title='bbox 596 1918 771 1989; x_wconf 89' lang='lat' dir='ltr'><strong>ipsum</strong></span> <span class='ocrx_word' id='word_1_262' title='bbox 805 1919 963 1983; x_wconf 85' lang='lat' dir='ltr'><strong>dixit,</strong></span> <span class='ocrx_word' id='word_1_263' title='bbox 989 1918 1083 1988; x_wconf 86' lang='lat' dir='ltr'><strong>qui</strong></span> <span class='ocrx_word' id='word_1_264' title='bbox 1104 1933 1136 1973; x_wconf 90' lang='lat' dir='ltr'><strong>e</strong></span> <span class='ocrx_word' id='word_1_265' title='bbox 1170 1921 1310 1973; x_wconf 79' lang='lat' dir='ltr'><strong>ccelo</strong></span> <span class='ocrx_word' id='word_1_266' title='bbox 1343 1931 1608 1985; x_wconf 89' lang='lat' dir='ltr'><strong>venerat,</strong></span> <span class='ocrx_word' id='word_1_267' title='bbox 1640 1922 1828 1977; x_wconf 89' lang='lat' dir='ltr'><strong>eodem</strong></span> <span class='ocrx_word' id='word_1_268' title='bbox 1863 1938 1926 1978; x_wconf 86' lang='lat' dir='ltr'><strong>eu</strong></span> 
     </span>
    </p>
   </div>
   <div class='ocr_carea' id='block_1_35' title="bbox 2140 1914 3649 1990">
    <p class='ocr_par' dir='ltr' id='par_1_35' title="bbox 2140 1914 3649 1990">
     <span class='ocr_line' id='line_1_35' title="bbox 2140 1914 3649 1990; baseline 0.001 -20"><span class='ocrx_word' id='word_1_269' title='bbox 2140 1935 2149 1979; x_wconf 87' lang='lat'><strong>;</strong></span> <span class='ocrx_word' id='word_1_270' title='bbox 2191 1918 2297 1988; x_wconf 85' lang='grc' dir='ltr'><strong>πρὸ</strong></span> <span class='ocrx_word' id='word_1_271' title='bbox 2326 1915 2513 1971; x_wconf 82' lang='grc' dir='ltr'>τούτου</span> <span class='ocrx_word' id='word_1_272' title='bbox 2554 1918 2613 1971; x_wconf 75' lang='grc' dir='ltr'>ὲν</span> <span class='ocrx_word' id='word_1_273' title='bbox 2640 1917 2853 1988; x_wconf 79' lang='grc' dir='ltr'>οὐρανῷ</span> <span class='ocrx_word' id='word_1_274' title='bbox 2883 1918 2982 1971; x_wconf 87' lang='grc' dir='ltr'><strong>οὐκ</strong></span> <span class='ocrx_word' id='word_1_275' title='bbox 3018 1914 3085 1990; x_wconf 79' lang='grc' dir='ltr'>ἦν</span> <span class='ocrx_word' id='word_1_276' title='bbox 3117 1918 3271 1990; x_wconf 80' lang='grc' dir='ltr'>σάρξ.</span> <span class='ocrx_word' id='word_1_277' title='bbox 3310 1919 3375 1971; x_wconf 87' lang='grc' dir='ltr'>Τί</span> <span class='ocrx_word' id='word_1_278' title='bbox 3402 1914 3499 1973; x_wconf 83' lang='grc' dir='ltr'>οὖν</span> <span class='ocrx_word' id='word_1_279' title='bbox 3530 1915 3593 1989; x_wconf 70' lang='grc' dir='ltr'>ἦν</span> <span class='ocrx_word' id='word_1_280' title='bbox 3626 1921 3649 1972; x_wconf 88' lang='lat'><strong>6</strong></span> 
     </span>
    </p>
   </div>
   <div class='ocr_carea' id='block_1_36' title="bbox 371 2007 1880 2085">
    <p class='ocr_par' dir='ltr' id='par_1_36' title="bbox 371 2009 1879 2085">
     <span class='ocr_line' id='line_1_36' title="bbox 371 2009 1879 2085; baseline 0.001 -20"><span class='ocrx_word' id='word_1_281' title='bbox 371 2054 374 2056; x_wconf 55' lang='grc' dir='ltr'><em>η</em></span> <span class='ocrx_word' id='word_1_282' title='bbox 416 2011 667 2067; x_wconf 84' lang='lat' dir='ltr'><strong>absoluta</strong></span> <span class='ocrx_word' id='word_1_283' title='bbox 724 2010 1008 2065; x_wconf 85' lang='lat' dir='ltr'><strong>divinitate</strong></span> <span class='ocrx_word' id='word_1_284' title='bbox 1060 2009 1312 2067; x_wconf 73' lang='lat' dir='ltr'><strong>rediisse.</strong></span> <span class='ocrx_word' id='word_1_285' title='bbox 1368 2010 1523 2066; x_wconf 88' lang='lat' dir='ltr'><strong>Nunc</strong></span> <span class='ocrx_word' id='word_1_286' title='bbox 1545 2012 1721 2076; x_wconf 91' lang='lat' dir='ltr'><strong>enim,</strong></span> <span class='ocrx_word' id='word_1_287' title='bbox 1752 2012 1802 2067; x_wconf 89' lang='lat' dir='ltr'><strong>id</strong></span> <span class='ocrx_word' id='word_1_288' title='bbox 1844 2031 1879 2085; x_wconf 93' lang='lat' dir='ltr'><strong>q</strong></span> 
     </span>
    </p>
   </div>
   <div class='ocr_carea' id='block_1_37' title="bbox 2139 2007 3648 2085">
    <p class='ocr_par' dir='ltr' id='par_1_37' title="bbox 2139 2007 3648 2080">
     <span class='ocr_line' id='line_1_37' title="bbox 2139 2007 3648 2080; baseline 0.003 -23"><span class='ocrx_word' id='word_1_289' title='bbox 2139 2025 2149 2057; x_wconf 76' lang='grc' dir='ltr'>ι</span> <span class='ocrx_word' id='word_1_290' title='bbox 2195 2008 2408 2080; x_wconf 86' lang='grc' dir='ltr'>οὐρανῷ</span> <span class='ocrx_word' id='word_1_291' title='bbox 2439 2007 2577 2063; x_wconf 84' lang='grc' dir='ltr'>ἀλλὰ</span> <span class='ocrx_word' id='word_1_292' title='bbox 2620 2009 2791 2075; x_wconf 83' lang='grc' dir='ltr'>Λόγος</span> <span class='ocrx_word' id='word_1_293' title='bbox 2834 2009 2863 2060; x_wconf 91' lang='lat'><strong>6</strong></span> <span class='ocrx_word' id='word_1_294' title='bbox 2905 2009 3012 2063; x_wconf 82' lang='grc' dir='ltr'><strong>ἀπὸ</strong></span> <span class='ocrx_word' id='word_1_295' title='bbox 3052 2009 3278 2080; x_wconf 77' lang='grc' dir='ltr'>οὐρανοῦ</span> <span class='ocrx_word' id='word_1_296' title='bbox 3311 2009 3648 2073; x_wconf 74' lang='grc' dir='ltr'>ἀποσταλεὶς,</span> 
     </span>
    </p>
   </div>
   <div class='ocr_carea' id='block_1_38' title="bbox 416 2098 1925 2173">
    <p class='ocr_par' dir='ltr' id='par_1_38' title="bbox 416 2100 1876 2173">
     <span class='ocr_line' id='line_1_38' title="bbox 416 2100 1876 2173; baseline 0.003 -18"><span class='ocrx_word' id='word_1_297' title='bbox 416 2110 544 2155; x_wconf 87' lang='lat' dir='ltr'><strong>ante</strong></span> <span class='ocrx_word' id='word_1_298' title='bbox 598 2114 707 2154; x_wconf 93' lang='lat' dir='ltr'><strong>non</strong></span> <span class='ocrx_word' id='word_1_299' title='bbox 741 2108 879 2162; x_wconf 89' lang='lat' dir='ltr'><strong>erat,</strong></span> <span class='ocrx_word' id='word_1_300' title='bbox 914 2114 1045 2155; x_wconf 91' lang='lat' dir='ltr'><strong>caro</strong></span> <span class='ocrx_word' id='word_1_301' title='bbox 1067 2109 1172 2165; x_wconf 90' lang='lat' dir='ltr'><strong>est,</strong></span> <span class='ocrx_word' id='word_1_302' title='bbox 1214 2101 1281 2156; x_wconf 91' lang='lat' dir='ltr'><strong>de</strong></span> <span class='ocrx_word' id='word_1_303' title='bbox 1333 2100 1536 2172; x_wconf 89' lang='lat' dir='ltr'><strong>Spiritu</strong></span> <span class='ocrx_word' id='word_1_304' title='bbox 1591 2112 1876 2173; x_wconf 87' lang='lat' dir='ltr'><strong>susceptus</strong></span> 
     </span>
    </p>
   </div>
   <div class='ocr_carea' id='block_1_39' title="bbox 2139 2098 3648 2173">
    <p class='ocr_par' dir='ltr' id='par_1_39' title="bbox 2139 2099 3648 2171">
     <span class='ocr_line' id='line_1_39' title="bbox 2139 2099 3648 2171; baseline -0.001 -18"><span class='ocrx_word' id='word_1_305' title='bbox 2139 2118 2231 2169; x_wconf 64' lang='grc' dir='ltr'>ξων</span> <span class='ocrx_word' id='word_1_306' title='bbox 2274 2100 2372 2171; x_wconf 84' lang='grc' dir='ltr'>τὴν</span> <span class='ocrx_word' id='word_1_307' title='bbox 2420 2102 2500 2164; x_wconf 79' lang='grc' dir='ltr'><strong>εἰς</strong></span> <span class='ocrx_word' id='word_1_308' title='bbox 2554 2102 2679 2171; x_wconf 86' lang='grc' dir='ltr'>μίαν</span> <span class='ocrx_word' id='word_1_309' title='bbox 2712 2099 2941 2169; x_wconf 77' lang='grc' dir='ltr'>θεότητα</span> <span class='ocrx_word' id='word_1_310' title='bbox 2989 2101 3181 2154; x_wconf 72' lang='grc' dir='ltr'>ἕνωσιν</span> <span class='ocrx_word' id='word_1_311' title='bbox 3206 2141 3221 2165; x_wconf 90' lang='grc'><strong>,</strong></span> <span class='ocrx_word' id='word_1_312' title='bbox 3257 2101 3399 2155; x_wconf 84' lang='grc' dir='ltr'>κατὰ</span> <span class='ocrx_word' id='word_1_313' title='bbox 3433 2102 3648 2171; x_wconf 71' lang='grc' dir='ltr'>δύναμιν</span> 
     </span>
    </p>
   </div>
   <div class='ocr_carea' id='block_1_40' title="bbox 417 2187 1926 2261">
    <p class='ocr_par' dir='ltr' id='par_1_40' title="bbox 417 2188 1926 2261">
     <span class='ocr_line' id='line_1_40' title="bbox 417 2188 1926 2261; baseline 0.002 -17"><span class='ocrx_word' id='word_1_314' title='bbox 417 2189 664 2261; x_wconf 74' lang='lat' dir='ltr'><strong>Virgine;</strong></span> <span class='ocrx_word' id='word_1_315' title='bbox 701 2188 998 2259; x_wconf 87' lang='lat' dir='ltr'><strong>perfectum</strong></span> <span class='ocrx_word' id='word_1_316' title='bbox 1047 2205 1241 2260; x_wconf 89' lang='lat' dir='ltr'><strong>nempe</strong></span> <span class='ocrx_word' id='word_1_317' title='bbox 1273 2189 1506 2247; x_wconf 83' lang='lat' dir='ltr'><strong>Verbum</strong></span> <span class='ocrx_word' id='word_1_318' title='bbox 1549 2194 1790 2248; x_wconf 88' lang='lat' dir='ltr'><strong>oblatum</strong></span> <span class='ocrx_word' id='word_1_319' title='bbox 1841 2193 1926 2248; x_wconf 86' lang='lat' dir='ltr'><strong>Pal</strong></span> 
     </span>
    </p>
   </div>
   <div class='ocr_carea' id='block_1_41' title="bbox 2138 2187 3647 2261">
    <p class='ocr_par' dir='ltr' id='par_1_41' title="bbox 2138 2187 3647 2260">
     <span class='ocr_line' id='line_1_41' title="bbox 2138 2187 3647 2260; baseline 0 -18"><span class='ocrx_word' id='word_1_320' title='bbox 2138 2188 2303 2260; x_wconf 80' lang='grc' dir='ltr'>ἀτρὸς</span> <span class='ocrx_word' id='word_1_321' title='bbox 2328 2188 2733 2259; x_wconf 82' lang='grc' dir='ltr'>συνηνωμένην,</span> <span class='ocrx_word' id='word_1_322' title='bbox 2763 2189 2849 2242; x_wconf 85' lang='grc' dir='ltr'><strong>ἴνα</strong></span> <span class='ocrx_word' id='word_1_323' title='bbox 2869 2187 3015 2259; x_wconf 82' lang='grc' dir='ltr'>δείξῃ</span> <span class='ocrx_word' id='word_1_324' title='bbox 3041 2229 3055 2253; x_wconf 92' lang='grc'><strong>,</strong></span> <span class='ocrx_word' id='word_1_325' title='bbox 3086 2190 3166 2242; x_wconf 82' lang='grc' dir='ltr'>ὅτι</span> <span class='ocrx_word' id='word_1_326' title='bbox 3193 2190 3283 2241; x_wconf 75' lang='grc' dir='ltr'><strong>ἐπὶ</strong></span> <span class='ocrx_word' id='word_1_327' title='bbox 3310 2190 3414 2260; x_wconf 83' lang='grc' dir='ltr'><strong>γῆς</strong></span> <span class='ocrx_word' id='word_1_328' title='bbox 3450 2192 3544 2244; x_wconf 73' lang='grc' dir='ltr'>καὶ</span> <span class='ocrx_word' id='word_1_329' title='bbox 3566 2192 3647 2243; x_wconf 77' lang='grc' dir='ltr'>οὐ·</span> 
     </span>
    </p>
   </div>
   <div class='ocr_carea' id='block_1_42' title="bbox 418 2279 1927 2356">
    <p class='ocr_par' dir='ltr' id='par_1_42' title="bbox 418 2282 1927 2356">
     <span class='ocr_line' id='line_1_42' title="bbox 418 2282 1927 2356; baseline -0.003 -18"><span class='ocrx_word' id='word_1_330' title='bbox 418 2282 549 2347; x_wconf 92' lang='lat' dir='ltr'><strong>Deo,</strong></span> <span class='ocrx_word' id='word_1_331' title='bbox 565 2282 709 2353; x_wconf 89' lang='lat' dir='ltr'><strong>quod</strong></span> <span class='ocrx_word' id='word_1_332' title='bbox 733 2290 892 2337; x_wconf 88' lang='lat' dir='ltr'><strong>antea</strong></span> <span class='ocrx_word' id='word_1_333' title='bbox 915 2296 1044 2337; x_wconf 89' lang='lat' dir='ltr'><strong>caro</strong></span> <span class='ocrx_word' id='word_1_334' title='bbox 1067 2282 1122 2336; x_wconf 90' lang='lat' dir='ltr'><strong>in</strong></span> <span class='ocrx_word' id='word_1_335' title='bbox 1141 2283 1281 2337; x_wconf 75' lang='lat' dir='ltr'><strong>cmlo</strong></span> <span class='ocrx_word' id='word_1_336' title='bbox 1303 2290 1413 2338; x_wconf 83' lang='lat' dir='ltr'><strong>non</strong></span> <span class='ocrx_word' id='word_1_337' title='bbox 1439 2283 1633 2339; x_wconf 80' lang='lat' dir='ltr'><strong>fuerat.</strong></span> <span class='ocrx_word' id='word_1_338' title='bbox 1659 2283 1801 2348; x_wconf 84' lang='lat' dir='ltr'><strong>Quid</strong></span> <span class='ocrx_word' id='word_1_339' title='bbox 1825 2284 1927 2356; x_wconf 49' lang='lat' dir='ltr'><strong>igitr</strong></span> 
     </span>
    </p>
   </div>
   <div class='ocr_carea' id='block_1_43' title="bbox 2135 2279 3644 2356">
    <p class='ocr_par' dir='ltr' id='par_1_43' title="bbox 2135 2279 3644 2351">
     <span class='ocr_line' id='line_1_43' title="bbox 2135 2279 3644 2351; baseline -0.001 -16"><span class='ocrx_word' id='word_1_340' title='bbox 2135 2280 2252 2336; x_wconf 81' lang='grc' dir='ltr'><strong>ινοῦ</strong></span> <span class='ocrx_word' id='word_1_341' title='bbox 2283 2282 2313 2336; x_wconf 90' lang='lat'><strong>6</strong></span> <span class='ocrx_word' id='word_1_342' title='bbox 2360 2280 2523 2343; x_wconf 81' lang='grc' dir='ltr'>αὐτὸς</span> <span class='ocrx_word' id='word_1_343' title='bbox 2564 2280 2695 2344; x_wconf 79' lang='grc' dir='ltr'>Θεὸς</span> <span class='ocrx_word' id='word_1_344' title='bbox 2738 2281 2911 2349; x_wconf 83' lang='grc' dir='ltr'>Λόγος</span> <span class='ocrx_word' id='word_1_345' title='bbox 2948 2280 3189 2351; x_wconf 78' lang='grc' dir='ltr'><strong>ὑπῆρχεν</strong></span> <span class='ocrx_word' id='word_1_346' title='bbox 3215 2321 3230 2342; x_wconf 86' lang='grc'><strong>,</strong></span> <span class='ocrx_word' id='word_1_347' title='bbox 3262 2279 3531 2350; x_wconf 76' lang='grc' dir='ltr'><strong>ἄτρεπτος</strong></span> <span class='ocrx_word' id='word_1_348' title='bbox 3557 2282 3644 2344; x_wconf 80' lang='grc' dir='ltr'><strong>ὢν,</strong></span> 
     </span>
    </p>
   </div>
   <div class='ocr_carea' id='block_1_44' title="bbox 417 2366 1926 2443">
    <p class='ocr_par' dir='ltr' id='par_1_44' title="bbox 417 2371 1922 2442">
     <span class='ocr_line' id='line_1_44' title="bbox 417 2371 1922 2442; baseline 0.003 -17"><span class='ocrx_word' id='word_1_349' title='bbox 417 2374 475 2427; x_wconf 89' lang='lat' dir='ltr'><strong>in</strong></span> <span class='ocrx_word' id='word_1_350' title='bbox 506 2373 648 2426; x_wconf 64' lang='lat' dir='ltr'><strong>caelo</strong></span> <span class='ocrx_word' id='word_1_351' title='bbox 688 2371 787 2425; x_wconf 88' lang='lat' dir='ltr'><strong>fuit</strong></span> <span class='ocrx_word' id='word_1_352' title='bbox 813 2371 993 2435; x_wconf 89' lang='lat' dir='ltr'><strong>aliud,</strong></span> <span class='ocrx_word' id='word_1_353' title='bbox 1030 2378 1225 2442; x_wconf 61' lang='lat' dir='ltr'><strong>preter</strong></span> <span class='ocrx_word' id='word_1_354' title='bbox 1275 2371 1513 2427; x_wconf 87' lang='lat' dir='ltr'><strong>Verbum</strong></span> <span class='ocrx_word' id='word_1_355' title='bbox 1544 2388 1575 2429; x_wconf 91' lang='lat' dir='ltr'><strong>e</strong></span> <span class='ocrx_word' id='word_1_356' title='bbox 1611 2372 1752 2430; x_wconf 64' lang='lat' dir='ltr'><strong>caelo</strong></span> <span class='ocrx_word' id='word_1_357' title='bbox 1781 2374 1922 2430; x_wconf 89' lang='lat' dir='ltr'><strong>demi</strong></span> 
     </span>
    </p>
   </div>
   <div class='ocr_carea' id='block_1_45' title="bbox 2137 2366 3646 2443">
    <p class='ocr_par' dir='ltr' id='par_1_45' title="bbox 2137 2366 3646 2443">
     <span class='ocr_line' id='line_1_45' title="bbox 2137 2366 3646 2443; baseline -0.001 -17"><span class='ocrx_word' id='word_1_358' title='bbox 2137 2372 2181 2426; x_wconf 73' lang='grc' dir='ltr'>ιι</span> <span class='ocrx_word' id='word_1_359' title='bbox 2209 2372 2586 2438; x_wconf 87' lang='grc' dir='ltr'>άναλλοίωτος;</span> <span class='ocrx_word' id='word_1_360' title='bbox 2614 2371 2785 2439; x_wconf 86' lang='grc' dir='ltr'>Λόγος</span> <span class='ocrx_word' id='word_1_361' title='bbox 2806 2372 2916 2443; x_wconf 79' lang='grc' dir='ltr'><strong>γάρ</strong></span> <span class='ocrx_word' id='word_1_362' title='bbox 2941 2366 3030 2441; x_wconf 81' lang='grc' dir='ltr'>ἦν,</span> <span class='ocrx_word' id='word_1_363' title='bbox 3058 2371 3187 2433; x_wconf 83' lang='grc' dir='ltr'><strong>Θεὸς</strong></span> <span class='ocrx_word' id='word_1_364' title='bbox 3206 2366 3275 2442; x_wconf 75' lang='grc' dir='ltr'>ἦν</span> <span class='ocrx_word' id='word_1_365' title='bbox 3299 2372 3405 2436; x_wconf 74' lang='grc' dir='ltr'>ἀεὶ,</span> <span class='ocrx_word' id='word_1_366' title='bbox 3433 2371 3646 2443; x_wconf 76' lang='grc' dir='ltr'>Πνεῦμα</span> 
     </span>
    </p>
   </div>
   <div class='ocr_carea' id='block_1_46' title="bbox 417 2458 1926 2535">
    <p class='ocr_par' dir='ltr' id='par_1_46' title="bbox 417 2461 1926 2533">
     <span class='ocr_line' id='line_1_46' title="bbox 417 2461 1926 2533; baseline 0.001 -16"><span class='ocrx_word' id='word_1_367' title='bbox 417 2464 578 2518; x_wconf 82' lang='lat' dir='ltr'><strong>sum?</strong></span> <span class='ocrx_word' id='word_1_368' title='bbox 615 2462 715 2517; x_wconf 81' lang='lat' dir='ltr'><strong>Cui</strong></span> <span class='ocrx_word' id='word_1_369' title='bbox 758 2463 812 2516; x_wconf 90' lang='lat' dir='ltr'><strong>in</strong></span> <span class='ocrx_word' id='word_1_370' title='bbox 845 2476 1009 2516; x_wconf 90' lang='lat' dir='ltr'><strong>unam</strong></span> <span class='ocrx_word' id='word_1_371' title='bbox 1050 2461 1385 2518; x_wconf 85' lang='lat' dir='ltr'><strong>divinitatem</strong></span> <span class='ocrx_word' id='word_1_372' title='bbox 1440 2464 1759 2533; x_wconf 76' lang='lat' dir='ltr'><strong>coniunctio</strong></span> <span class='ocrx_word' id='word_1_373' title='bbox 1789 2468 1926 2521; x_wconf 83' lang='lat' dir='ltr'><strong>c&#39;onv</strong></span> 
     </span>
    </p>
   </div>
   <div class='ocr_carea' id='block_1_47' title="bbox 2136 2458 3645 2535">
    <p class='ocr_par' dir='ltr' id='par_1_47' title="bbox 2136 2458 3645 2535">
     <span class='ocr_line' id='line_1_47' title="bbox 2136 2458 3645 2535; baseline 0 -19"><span class='ocrx_word' id='word_1_374' title='bbox 2136 2481 2174 2528; x_wconf 70' lang='grc' dir='ltr'>ι,</span> <span class='ocrx_word' id='word_1_375' title='bbox 2204 2463 2433 2534; x_wconf 78' lang='grc' dir='ltr'>δύναμις</span> <span class='ocrx_word' id='word_1_376' title='bbox 2460 2458 2552 2535; x_wconf 82' lang='grc' dir='ltr'>ἦν,</span> <span class='ocrx_word' id='word_1_377' title='bbox 2579 2462 2654 2526; x_wconf 85' lang='grc' dir='ltr'><strong>ὡς</strong></span> <span class='ocrx_word' id='word_1_378' title='bbox 2684 2462 2707 2494; x_wconf 81' lang='grc'>⁸</span> <span class='ocrx_word' id='word_1_379' title='bbox 2728 2462 2789 2515; x_wconf 78' lang='grc' dir='ltr'>τὸ</span> <span class='ocrx_word' id='word_1_380' title='bbox 2820 2462 2994 2515; x_wconf 84' lang='grc' dir='ltr'>κοινὸν</span> <span class='ocrx_word' id='word_1_381' title='bbox 3036 2462 3204 2533; x_wconf 72' lang='grc' dir='ltr'>ὄνομα</span> <span class='ocrx_word' id='word_1_382' title='bbox 3241 2464 3335 2514; x_wconf 76' lang='grc' dir='ltr'><strong>καὶ</strong></span> <span class='ocrx_word' id='word_1_383' title='bbox 3374 2463 3531 2533; x_wconf 84' lang='grc' dir='ltr'>παρά</span> <span class='ocrx_word' id='word_1_384' title='bbox 3562 2465 3645 2516; x_wconf 80' lang='grc' dir='ltr'>άν-</span> 
     </span>
    </p>
   </div>
   <div class='ocr_carea' id='block_1_48' title="bbox 415 2550 1924 2625">
    <p class='ocr_par' dir='ltr' id='par_1_48' title="bbox 415 2550 1924 2625">
     <span class='ocr_line' id='line_1_48' title="bbox 415 2550 1924 2625; baseline -0.001 -17"><span class='ocrx_word' id='word_1_385' title='bbox 415 2554 632 2617; x_wconf 85' lang='lat' dir='ltr'><strong>niebat,</strong></span> <span class='ocrx_word' id='word_1_386' title='bbox 681 2550 985 2608; x_wconf 89' lang='lat' dir='ltr'><strong>secundum</strong></span> <span class='ocrx_word' id='word_1_387' title='bbox 1028 2557 1309 2621; x_wconf 85' lang='lat' dir='ltr'><strong>paternam</strong></span> <span class='ocrx_word' id='word_1_388' title='bbox 1348 2552 1455 2605; x_wconf 87' lang='lat' dir='ltr'><strong>vim</strong></span> <span class='ocrx_word' id='word_1_389' title='bbox 1509 2554 1762 2623; x_wconf 89' lang='lat' dir='ltr'><strong>copulata</strong></span> <span class='ocrx_word' id='word_1_390' title='bbox 1824 2564 1924 2625; x_wconf 82' lang='lat' dir='ltr'><strong>ath</strong></span> 
     </span>
    </p>
   </div>
   <div class='ocr_carea' id='block_1_49' title="bbox 2133 2550 3642 2625">
    <p class='ocr_par' dir='ltr' id='par_1_49' title="bbox 2133 2551 3642 2624">
     <span class='ocr_line' id='line_1_49' title="bbox 2133 2551 3642 2624; baseline 0 -18"><span class='ocrx_word' id='word_1_391' title='bbox 2133 2551 2323 2616; x_wconf 66' lang='lat' dir='ltr'><strong>adium;</strong></span> <span class='ocrx_word' id='word_1_392' title='bbox 2346 2553 2591 2624; x_wconf 83' lang='grc' dir='ltr'>χωρητὸν</span> <span class='ocrx_word' id='word_1_393' title='bbox 2618 2551 2988 2622; x_wconf 83' lang='grc' dir='ltr'>ἀνελάμϐανεν</span> <span class='ocrx_word' id='word_1_394' title='bbox 3025 2554 3104 2615; x_wconf 80' lang='grc' dir='ltr'><strong>εἰς</strong></span> <span class='ocrx_word' id='word_1_395' title='bbox 3133 2553 3343 2615; x_wconf 78' lang='grc' dir='ltr'>ἑαυτὸν,</span> <span class='ocrx_word' id='word_1_396' title='bbox 3370 2552 3516 2605; x_wconf 75' lang='grc' dir='ltr'>οὔτω</span> <span class='ocrx_word' id='word_1_397' title='bbox 3552 2570 3642 2606; x_wconf 78' lang='grc' dir='ltr'>κα-</span> 
     </span>
    </p>
   </div>
   <div class='ocr_carea' id='block_1_50' title="bbox 415 2638 1924 2714">
    <p class='ocr_par' dir='ltr' id='par_1_50' title="bbox 415 2642 1924 2710">
     <span class='ocr_line' id='line_1_50' title="bbox 415 2642 1924 2710; baseline -0.002 -9"><span class='ocrx_word' id='word_1_398' title='bbox 415 2644 664 2701; x_wconf 85' lang='lat' dir='ltr'><strong>conllata.</strong></span> <span class='ocrx_word' id='word_1_399' title='bbox 725 2643 845 2710; x_wconf 93' lang='lat' dir='ltr'><strong>Quo</strong></span> <span class='ocrx_word' id='word_1_400' title='bbox 896 2649 950 2699; x_wconf 88' lang='lat' dir='ltr'><strong>et</strong></span> <span class='ocrx_word' id='word_1_401' title='bbox 991 2642 1124 2697; x_wconf 91' lang='lat' dir='ltr'><strong>illud</strong></span> <span class='ocrx_word' id='word_1_402' title='bbox 1180 2657 1288 2698; x_wconf 90' lang='lat' dir='ltr'><strong>una</strong></span> <span class='ocrx_word' id='word_1_403' title='bbox 1338 2642 1677 2709; x_wconf 87' lang='lat' dir='ltr'><strong>declararet,</strong></span> <span class='ocrx_word' id='word_1_404' title='bbox 1728 2644 1785 2699; x_wconf 88' lang='lat' dir='ltr'><strong>in</strong></span> <span class='ocrx_word' id='word_1_405' title='bbox 1839 2653 1924 2699; x_wconf 80' lang='lat' dir='ltr'><strong>ter</strong></span> 
     </span>
    </p>
   </div>
   <div class='ocr_carea' id='block_1_51' title="bbox 2132 2638 3641 2714">
    <p class='ocr_par' dir='ltr' id='par_1_51' title="bbox 2132 2638 3641 2714">
     <span class='ocr_line' id='line_1_51' title="bbox 2132 2638 3641 2714; baseline -0.001 -18"><span class='ocrx_word' id='word_1_406' title='bbox 2132 2641 2340 2714; x_wconf 72' lang='grc' dir='ltr'>»ὐμενΟς</span> <span class='ocrx_word' id='word_1_407' title='bbox 2368 2641 2495 2705; x_wconf 76' lang='grc' dir='ltr'>Υἱὸς</span> <span class='ocrx_word' id='word_1_408' title='bbox 2519 2640 2802 2714; x_wconf 82' lang='grc' dir='ltr'>ἀνθρώπου</span> <span class='ocrx_word' id='word_1_409' title='bbox 2823 2680 2838 2703; x_wconf 94' lang='grc'><strong>,</strong></span> <span class='ocrx_word' id='word_1_410' title='bbox 2867 2640 2995 2703; x_wconf 81' lang='grc' dir='ltr'><strong>Υἱὸς</strong></span> <span class='ocrx_word' id='word_1_411' title='bbox 3021 2638 3096 2693; x_wconf 80' lang='grc' dir='ltr'>ὢν</span> <span class='ocrx_word' id='word_1_412' title='bbox 3120 2640 3273 2704; x_wconf 82' lang='grc' dir='ltr'>Θεοῦ,</span> <span class='ocrx_word' id='word_1_413' title='bbox 3312 2642 3405 2694; x_wconf 74' lang='grc' dir='ltr'>καὶ</span> <span class='ocrx_word' id='word_1_414' title='bbox 3429 2642 3488 2694; x_wconf 84' lang='grc' dir='ltr'>ὲν</span> <span class='ocrx_word' id='word_1_415' title='bbox 3518 2659 3641 2709; x_wconf 89' lang='grc' dir='ltr'>προ-</span> 
     </span>
    </p>
   </div>
   <div class='ocr_carea' id='block_1_52' title="bbox 413 2730 1922 2806">
    <p class='ocr_par' dir='ltr' id='par_1_52' title="bbox 413 2731 1922 2805">
     <span class='ocr_line' id='line_1_52' title="bbox 413 2731 1922 2805; baseline -0.001 -14"><span class='ocrx_word' id='word_1_416' title='bbox 413 2739 660 2805; x_wconf 85' lang='lat' dir='ltr'><strong>coeloque</strong></span> <span class='ocrx_word' id='word_1_417' title='bbox 686 2734 937 2789; x_wconf 87' lang='lat' dir='ltr'><strong>eumdem</strong></span> <span class='ocrx_word' id='word_1_418' title='bbox 965 2748 1087 2789; x_wconf 87' lang='lat' dir='ltr'><strong>esse</strong></span> <span class='ocrx_word' id='word_1_419' title='bbox 1110 2731 1277 2788; x_wconf 89' lang='lat' dir='ltr'><strong>Deum</strong></span> <span class='ocrx_word' id='word_1_420' title='bbox 1303 2731 1537 2789; x_wconf 87' lang='lat' dir='ltr'><strong>Verbum</strong></span> <span class='ocrx_word' id='word_1_421' title='bbox 1556 2773 1572 2799; x_wconf 98' lang='lat'><strong>,</strong></span> <span class='ocrx_word' id='word_1_422' title='bbox 1595 2736 1922 2791; x_wconf 84' lang='lat' dir='ltr'><strong>conversion</strong></span> 
     </span>
    </p>
   </div>
   <div class='ocr_carea' id='block_1_53' title="bbox 2131 2730 3640 2806">
    <p class='ocr_par' dir='ltr' id='par_1_53' title="bbox 2131 2730 3640 2806">
     <span class='ocr_line' id='line_1_53' title="bbox 2131 2730 3640 2806; baseline -0.001 -19"><span class='ocrx_word' id='word_1_423' title='bbox 2131 2736 2283 2806; x_wconf 75' lang='grc' dir='ltr'>ήταις</span> <span class='ocrx_word' id='word_1_424' title='bbox 2340 2734 2524 2806; x_wconf 85' lang='grc' dir='ltr'>προὼν</span> <span class='ocrx_word' id='word_1_425' title='bbox 2552 2733 2881 2803; x_wconf 71' lang='grc' dir='ltr'>ὠνομάζετο,</span> <span class='ocrx_word' id='word_1_426' title='bbox 2915 2732 3052 2803; x_wconf 82' lang='grc' dir='ltr'>ὅπερ</span> <span class='ocrx_word' id='word_1_427' title='bbox 3090 2731 3242 2785; x_wconf 83' lang='grc' dir='ltr'>οὐπω</span> <span class='ocrx_word' id='word_1_428' title='bbox 3273 2734 3332 2785; x_wconf 84' lang='grc' dir='ltr'>ὲν</span> <span class='ocrx_word' id='word_1_429' title='bbox 3372 2735 3535 2804; x_wconf 75' lang='grc' dir='ltr'>σαρκὶ</span> <span class='ocrx_word' id='word_1_430' title='bbox 3560 2730 3640 2803; x_wconf 77' lang='grc' dir='ltr'>ἦν,</span> 
     </span>
    </p>
   </div>
   <div class='ocr_carea' id='block_1_54' title="bbox 412 2822 1921 2896">
    <p class='ocr_par' dir='ltr' id='par_1_54' title="bbox 412 2822 1921 2895">
     <span class='ocr_line' id='line_1_54' title="bbox 412 2822 1921 2895; baseline 0 -16"><span class='ocrx_word' id='word_1_431' title='bbox 412 2824 591 2881; x_wconf 88' lang='lat' dir='ltr'><strong>omnis</strong></span> <span class='ocrx_word' id='word_1_432' title='bbox 602 2839 666 2878; x_wconf 89' lang='lat' dir='ltr'><strong>ac</strong></span> <span class='ocrx_word' id='word_1_433' title='bbox 682 2823 997 2878; x_wconf 88' lang='lat' dir='ltr'><strong>mutationis</strong></span> <span class='ocrx_word' id='word_1_434' title='bbox 1010 2830 1305 2894; x_wconf 77' lang='lat' dir='ltr'><strong>expertem.</strong></span> <span class='ocrx_word' id='word_1_435' title='bbox 1331 2822 1461 2878; x_wconf 87' lang='lat' dir='ltr'><strong>Erat</strong></span> <span class='ocrx_word' id='word_1_436' title='bbox 1484 2826 1687 2895; x_wconf 85' lang='lat' dir='ltr'><strong>quippe</strong></span> <span class='ocrx_word' id='word_1_437' title='bbox 1723 2824 1921 2882; x_wconf 86' lang='lat' dir='ltr'><strong>Verbur</strong></span> 
     </span>
    </p>
   </div>
   <div class='ocr_carea' id='block_1_55' title="bbox 2133 2822 3642 2896">
    <p class='ocr_par' dir='ltr' id='par_1_55' title="bbox 2135 2822 3642 2896">
     <span class='ocr_line' id='line_1_55' title="bbox 2135 2822 3642 2896; baseline -0.003 -16"><span class='ocrx_word' id='word_1_438' title='bbox 2135 2827 2169 2880; x_wconf 82' lang='grc' dir='ltr'>ὰ</span> <span class='ocrx_word' id='word_1_439' title='bbox 2207 2826 2267 2879; x_wconf 83' lang='grc' dir='ltr'>τὸ</span> <span class='ocrx_word' id='word_1_440' title='bbox 2298 2825 2489 2896; x_wconf 75' lang='grc' dir='ltr'>μέλλον</span> <span class='ocrx_word' id='word_1_441' title='bbox 2526 2827 2583 2879; x_wconf 81' lang='grc' dir='ltr'>ὲν</span> <span class='ocrx_word' id='word_1_442' title='bbox 2633 2826 2781 2896; x_wconf 87' lang='grc' dir='ltr'><strong>αὐτῷ</strong></span> <span class='ocrx_word' id='word_1_443' title='bbox 2813 2822 3143 2878; x_wconf 79' lang='grc' dir='ltr'>τελειοῦσθαι</span> <span class='ocrx_word' id='word_1_444' title='bbox 3162 2838 3175 2852; x_wconf 88' lang='grc'><strong>·</strong></span> <span class='ocrx_word' id='word_1_445' title='bbox 3221 2823 3296 2886; x_wconf 84' lang='grc' dir='ltr'><strong>ὡς</strong></span> <span class='ocrx_word' id='word_1_446' title='bbox 3328 2824 3424 2877; x_wconf 71' lang='grc' dir='ltr'><strong>καὶ</strong></span> <span class='ocrx_word' id='word_1_447' title='bbox 3456 2825 3642 2893; x_wconf 75' lang='grc' dir='ltr'>Δανιὴλ</span> 
     </span>
    </p>
   </div>
   <div class='ocr_carea' id='block_1_56' title="bbox 412 2907 1921 2984">
    <p class='ocr_par' dir='ltr' id='par_1_56' title="bbox 412 2914 1920 2984">
     <span class='ocr_line' id='line_1_56' title="bbox 412 2914 1920 2984; baseline 0.001 -16"><span class='ocrx_word' id='word_1_448' title='bbox 412 2914 555 2971; x_wconf 87' lang='lat' dir='ltr'><strong>Deus</strong></span> <span class='ocrx_word' id='word_1_449' title='bbox 585 2925 699 2970; x_wconf 87' lang='lat' dir='ltr'><strong>erat</strong></span> <span class='ocrx_word' id='word_1_450' title='bbox 728 2928 977 2984; x_wconf 87' lang='lat' dir='ltr'><strong>semper,</strong></span> <span class='ocrx_word' id='word_1_451' title='bbox 1006 2925 1127 2969; x_wconf 91' lang='lat' dir='ltr'><strong>erat</strong></span> <span class='ocrx_word' id='word_1_452' title='bbox 1155 2914 1417 2984; x_wconf 85' lang='lat' dir='ltr'><strong>Spiritus,</strong></span> <span class='ocrx_word' id='word_1_453' title='bbox 1459 2915 1540 2971; x_wconf 91' lang='lat' dir='ltr'><strong>vis</strong></span> <span class='ocrx_word' id='word_1_454' title='bbox 1573 2924 1693 2971; x_wconf 88' lang='lat' dir='ltr'><strong>erat</strong></span> <span class='ocrx_word' id='word_1_455' title='bbox 1721 2916 1920 2984; x_wconf 89' lang='lat' dir='ltr'><strong>deniqu</strong></span> 
     </span>
    </p>
   </div>
   <div class='ocr_carea' id='block_1_57' title="bbox 2133 2907 3642 2984">
    <p class='ocr_par' dir='ltr' id='par_1_57' title="bbox 2133 2907 3642 2982">
     <span class='ocr_line' id='line_1_57' title="bbox 2133 2907 3642 2982; baseline 0.001 -18"><span class='ocrx_word' id='word_1_456' title='bbox 2133 2929 2185 2982; x_wconf 59' lang='grc' dir='ltr'>ιη</span> <span class='ocrx_word' id='word_1_457' title='bbox 2201 2928 2214 2941; x_wconf 80' lang='grc'><em>’</em></span> <span class='ocrx_word' id='word_1_458' title='bbox 2248 2907 2428 2965; x_wconf 76' lang='grc' dir='ltr'>Εἶδον</span> <span class='ocrx_word' id='word_1_459' title='bbox 2451 2911 2530 2977; x_wconf 89' lang='grc' dir='ltr'><strong>ὡς</strong></span> <span class='ocrx_word' id='word_1_460' title='bbox 2561 2911 2698 2965; x_wconf 85' lang='grc' dir='ltr'><strong>Υίόν</strong></span> <span class='ocrx_word' id='word_1_461' title='bbox 2728 2911 3040 2981; x_wconf 81' lang='grc' dir='ltr'>ἀνθρώπου</span> <span class='ocrx_word' id='word_1_462' title='bbox 3065 2912 3391 2981; x_wconf 73' lang='grc' dir='ltr'>ἐρχόμενον</span> <span class='ocrx_word' id='word_1_463' title='bbox 3412 2911 3512 2965; x_wconf 68' lang='grc' dir='ltr'><em>ἐπὶ</em></span> <span class='ocrx_word' id='word_1_464' title='bbox 3535 2911 3642 2966; x_wconf 79' lang='grc' dir='ltr'>τῶν</span> 
     </span>
    </p>
   </div>
   <div class='ocr_carea' id='block_1_58' title="bbox 411 3002 1920 3075">
    <p class='ocr_par' dir='ltr' id='par_1_58' title="bbox 411 3004 1915 3074">
     <span class='ocr_line' id='line_1_58' title="bbox 411 3004 1915 3074; baseline 0 -15"><span class='ocrx_word' id='word_1_465' title='bbox 411 3005 514 3071; x_wconf 82' lang='lat' dir='ltr'><strong>Qui</strong></span> <span class='ocrx_word' id='word_1_466' title='bbox 555 3019 845 3060; x_wconf 87' lang='lat' dir='ltr'><strong>commune</strong></span> <span class='ocrx_word' id='word_1_467' title='bbox 884 3004 1016 3059; x_wconf 90' lang='lat' dir='ltr'><strong>illud</strong></span> <span class='ocrx_word' id='word_1_468' title='bbox 1064 3018 1286 3067; x_wconf 88' lang='lat' dir='ltr'><strong>nomen,</strong></span> <span class='ocrx_word' id='word_1_469' title='bbox 1316 3004 1570 3074; x_wconf 89' lang='lat' dir='ltr'><strong>quodque</strong></span> <span class='ocrx_word' id='word_1_470' title='bbox 1606 3004 1855 3059; x_wconf 86' lang='lat' dir='ltr'><strong>homines</strong></span> <span class='ocrx_word' id='word_1_471' title='bbox 1884 3020 1915 3058; x_wconf 93' lang='lat' dir='ltr'><strong>c</strong></span> 
     </span>
    </p>
   </div>
   <div class='ocr_carea' id='block_1_59' title="bbox 2129 3002 3638 3075">
    <p class='ocr_par' dir='ltr' id='par_1_59' title="bbox 2129 3002 3638 3075">
     <span class='ocr_line' id='line_1_59' title="bbox 2129 3002 3638 3075; baseline -0.001 -18"><span class='ocrx_word' id='word_1_472' title='bbox 2129 3002 2367 3071; x_wconf 71' lang='grc' dir='ltr'>εφελῶν.</span> <span class='ocrx_word' id='word_1_473' title='bbox 2398 3002 2488 3054; x_wconf 81' lang='grc' dir='ltr'><strong>Διὸ</strong></span> <span class='ocrx_word' id='word_1_474' title='bbox 2506 3002 2727 3065; x_wconf 86' lang='grc' dir='ltr'><strong>δικαίως</strong></span> <span class='ocrx_word' id='word_1_475' title='bbox 2749 3005 2807 3056; x_wconf 84' lang='grc' dir='ltr'>ὲν</span> <span class='ocrx_word' id='word_1_476' title='bbox 2832 3002 3043 3075; x_wconf 79' lang='grc' dir='ltr'>οὐρανῷ</span> <span class='ocrx_word' id='word_1_477' title='bbox 3070 3003 3147 3073; x_wconf 81' lang='grc' dir='ltr'>τῷ</span> <span class='ocrx_word' id='word_1_478' title='bbox 3170 3005 3395 3074; x_wconf 87' lang='grc' dir='ltr'>ὀνόματι</span> <span class='ocrx_word' id='word_1_479' title='bbox 3422 3004 3604 3058; x_wconf 79' lang='grc' dir='ltr'>τοῦτον</span> <span class='ocrx_word' id='word_1_480' title='bbox 3620 3006 3638 3036; x_wconf 82' lang='grc'>⁸</span> 
     </span>
    </p>
   </div>
   <div class='ocr_carea' id='block_1_60' title="bbox 412 3056 1921 3167">
    <p class='ocr_par' dir='ltr' id='par_1_60' title="bbox 412 3094 1921 3167">
     <span class='ocr_line' id='line_1_60' title="bbox 412 3094 1921 3167; baseline -0.001 -16"><span class='ocrx_word' id='word_1_481' title='bbox 412 3111 541 3167; x_wconf 89' lang='lat' dir='ltr'><strong>pere</strong></span> <span class='ocrx_word' id='word_1_482' title='bbox 585 3103 842 3167; x_wconf 88' lang='lat' dir='ltr'><strong>possent,</strong></span> <span class='ocrx_word' id='word_1_483' title='bbox 880 3111 937 3149; x_wconf 78' lang='lat' dir='ltr'><strong>in</strong></span> <span class='ocrx_word' id='word_1_484' title='bbox 973 3094 1216 3164; x_wconf 90' lang='lat' dir='ltr'><strong>seipsum</strong></span> <span class='ocrx_word' id='word_1_485' title='bbox 1251 3095 1529 3165; x_wconf 89' lang='lat' dir='ltr'><strong>suscepit,</strong></span> <span class='ocrx_word' id='word_1_486' title='bbox 1562 3110 1686 3149; x_wconf 90' lang='lat' dir='ltr'><strong>cum</strong></span> <span class='ocrx_word' id='word_1_487' title='bbox 1736 3095 1921 3149; x_wconf 87' lang='lat' dir='ltr'><strong>homin</strong></span> 
     </span>
    </p>
   </div>
   <div class='ocr_carea' id='block_1_61' title="bbox 2132 3056 3641 3167">
    <p class='ocr_par' dir='ltr' id='par_1_61' title="bbox 2132 3056 3641 3165">
     <span class='ocr_line' id='line_1_61' title="bbox 2132 3056 3641 3165; baseline 0.005 -24"><span class='ocrx_word' id='word_1_488' title='bbox 2210 3056 2378 3159; x_wconf 81' lang='grc' dir='ltr'>Λόγον</span> <span class='ocrx_word' id='word_1_489' title='bbox 2431 3086 2537 3143; x_wconf 74' lang='grc' dir='ltr'>εἶδε</span> <span class='ocrx_word' id='word_1_490' title='bbox 2565 3056 2842 3161; x_wconf 74' lang='grc' dir='ltr'>Πνεύματι</span> <span class='ocrx_word' id='word_1_491' title='bbox 2891 3056 3031 3163; x_wconf 56' lang='grc' dir='ltr'>άγίιρ</span> <span class='ocrx_word' id='word_1_492' title='bbox 3074 3056 3471 3165; x_wconf 44' lang='grc' dir='ltr'>όιπροερήτης,</span> <span class='ocrx_word' id='word_1_493' title='bbox 3494 3056 3641 3149; x_wconf 15' lang='grc' dir='ltr'>Ϋΐίὸν</span> 
     </span>
    </p>
   </div>
   <div class='ocr_carea' id='block_1_62' title="bbox 411 3181 1920 3256">
    <p class='ocr_par' dir='ltr' id='par_1_62' title="bbox 411 3184 1917 3256">
     <span class='ocr_line' id='line_1_62' title="bbox 411 3184 1917 3256; baseline 0 -17"><span class='ocrx_word' id='word_1_494' title='bbox 411 3185 583 3241; x_wconf 83' lang='lat' dir='ltr'><strong>Filius</strong></span> <span class='ocrx_word' id='word_1_495' title='bbox 610 3186 912 3256; x_wconf 74' lang='lat' dir='ltr'><strong>appellatus</strong></span> <span class='ocrx_word' id='word_1_496' title='bbox 934 3196 1035 3249; x_wconf 89' lang='lat' dir='ltr'><strong>est,</strong></span> <span class='ocrx_word' id='word_1_497' title='bbox 1070 3186 1319 3254; x_wconf 85' lang='lat' dir='ltr'><strong>quamvis</strong></span> <span class='ocrx_word' id='word_1_498' title='bbox 1341 3184 1434 3240; x_wconf 86' lang='lat' dir='ltr'><strong>Dei</strong></span> <span class='ocrx_word' id='word_1_499' title='bbox 1468 3184 1641 3241; x_wconf 83' lang='lat' dir='ltr'><strong>Filius</strong></span> <span class='ocrx_word' id='word_1_500' title='bbox 1673 3193 1839 3241; x_wconf 89' lang='lat' dir='ltr'><strong>esset.</strong></span> <span class='ocrx_word' id='word_1_501' title='bbox 1871 3186 1917 3251; x_wconf 90' lang='lat' dir='ltr'><strong>Q</strong></span> 
     </span>
    </p>
   </div>
   <div class='ocr_carea' id='block_1_63' title="bbox 2130 3181 3639 3256">
    <p class='ocr_par' dir='ltr' id='par_1_63' title="bbox 2130 3181 3639 3255">
     <span class='ocr_line' id='line_1_63' title="bbox 2130 3181 3639 3255; baseline 0.001 -20"><span class='ocrx_word' id='word_1_502' title='bbox 2130 3182 2382 3250; x_wconf 70' lang='grc' dir='ltr'>Γψίστου</span> <span class='ocrx_word' id='word_1_503' title='bbox 2406 3181 2714 3236; x_wconf 83' lang='grc' dir='ltr'>ἀποκαλῶν.</span> <span class='ocrx_word' id='word_1_504' title='bbox 2743 3182 2834 3236; x_wconf 78' lang='grc' dir='ltr'><strong>Διὸ</strong></span> <span class='ocrx_word' id='word_1_505' title='bbox 2876 3184 2946 3235; x_wconf 83' lang='grc' dir='ltr'>τὰ</span> <span class='ocrx_word' id='word_1_506' title='bbox 2985 3182 3175 3255; x_wconf 83' lang='grc' dir='ltr'>πρῶτα</span> <span class='ocrx_word' id='word_1_507' title='bbox 3203 3183 3407 3255; x_wconf 75' lang='grc' dir='ltr'>ὕστερα</span> <span class='ocrx_word' id='word_1_508' title='bbox 3450 3185 3639 3255; x_wconf 78' lang='grc' dir='ltr'>σημαί-</span> 
     </span>
    </p>
   </div>
   <div class='ocr_carea' id='block_1_64' title="bbox 410 3270 1919 3347">
    <p class='ocr_par' dir='ltr' id='par_1_64' title="bbox 410 3276 1919 3347">
     <span class='ocr_line' id='line_1_64' title="bbox 410 3276 1919 3347; baseline -0.002 -15"><span class='ocrx_word' id='word_1_509' title='bbox 410 3280 633 3347; x_wconf 87' lang='lat' dir='ltr'><strong>iusuper</strong></span> <span class='ocrx_word' id='word_1_510' title='bbox 659 3293 688 3330; x_wconf 90' lang='lat' dir='ltr'><strong>a</strong></span> <span class='ocrx_word' id='word_1_511' title='bbox 721 3278 997 3347; x_wconf 90' lang='lat' dir='ltr'><strong>prophetis</strong></span> <span class='ocrx_word' id='word_1_512' title='bbox 1029 3276 1080 3330; x_wconf 90' lang='lat' dir='ltr'><strong>id</strong></span> <span class='ocrx_word' id='word_1_513' title='bbox 1116 3276 1292 3346; x_wconf 88' lang='lat' dir='ltr'><strong>ipsum</strong></span> <span class='ocrx_word' id='word_1_514' title='bbox 1315 3314 1331 3340; x_wconf 91' lang='lat'><strong>,</strong></span> <span class='ocrx_word' id='word_1_515' title='bbox 1371 3276 1516 3346; x_wconf 89' lang='lat' dir='ltr'><strong>quod</strong></span> <span class='ocrx_word' id='word_1_516' title='bbox 1556 3278 1613 3331; x_wconf 92' lang='lat' dir='ltr'><strong>in</strong></span> <span class='ocrx_word' id='word_1_517' title='bbox 1646 3291 1812 3332; x_wconf 88' lang='lat' dir='ltr'><strong>carne</strong></span> <span class='ocrx_word' id='word_1_518' title='bbox 1838 3292 1919 3331; x_wconf 66' lang='lat' dir='ltr'><strong>n01</strong></span> 
     </span>
    </p>
   </div>
   <div class='ocr_carea' id='block_1_65' title="bbox 2131 3270 3640 3347">
    <p class='ocr_par' dir='ltr' id='par_1_65' title="bbox 2131 3270 3640 3342">
     <span class='ocr_line' id='line_1_65' title="bbox 2131 3270 3640 3342; baseline 0.001 -18"><span class='ocrx_word' id='word_1_519' title='bbox 2131 3288 2185 3325; x_wconf 74' lang='grc' dir='ltr'><strong>ον</strong></span> <span class='ocrx_word' id='word_1_520' title='bbox 2217 3273 2245 3324; x_wconf 91' lang='lat'><strong>6</strong></span> <span class='ocrx_word' id='word_1_521' title='bbox 2277 3270 2584 3342; x_wconf 82' lang='grc' dir='ltr'>Μονογενὴς</span> <span class='ocrx_word' id='word_1_522' title='bbox 2604 3310 2620 3335; x_wconf 90' lang='grc'><strong>,</strong></span> <span class='ocrx_word' id='word_1_523' title='bbox 2663 3271 2891 3341; x_wconf 83' lang='grc' dir='ltr'>φάσκει·</span> <span class='ocrx_word' id='word_1_524' title='bbox 2930 3271 3138 3338; x_wconf 77' lang='grc' dir='ltr'><strong>Οὐδεὶς</strong></span> <span class='ocrx_word' id='word_1_525' title='bbox 3167 3273 3539 3339; x_wconf 77' lang='grc' dir='ltr'>ἀναϐέϐηκεν</span> <span class='ocrx_word' id='word_1_526' title='bbox 3562 3275 3640 3337; x_wconf 82' lang='grc' dir='ltr'>είς</span> 
     </span>
    </p>
   </div>
   <div class='ocr_carea' id='block_1_66' title="bbox 408 3361 1917 3438">
    <p class='ocr_par' dir='ltr' id='par_1_66' title="bbox 408 3366 1917 3438">
     <span class='ocr_line' id='line_1_66' title="bbox 408 3366 1917 3438; baseline -0.003 -15"><span class='ocrx_word' id='word_1_527' title='bbox 408 3370 537 3423; x_wconf 90' lang='lat' dir='ltr'><strong>dum</strong></span> <span class='ocrx_word' id='word_1_528' title='bbox 562 3378 836 3431; x_wconf 84' lang='lat' dir='ltr'><strong>erat,esse</strong></span> <span class='ocrx_word' id='word_1_529' title='bbox 866 3374 989 3422; x_wconf 86' lang='lat' dir='ltr'><strong>ante</strong></span> <span class='ocrx_word' id='word_1_530' title='bbox 1017 3366 1489 3437; x_wconf 88' lang='lat' dir='ltr'><strong>pronuntiabatur,</strong></span> <span class='ocrx_word' id='word_1_531' title='bbox 1520 3376 1738 3438; x_wconf 90' lang='lat' dir='ltr'><strong>propter</strong></span> <span class='ocrx_word' id='word_1_532' title='bbox 1755 3366 1808 3422; x_wconf 91' lang='lat' dir='ltr'><strong>id</strong></span> <span class='ocrx_word' id='word_1_533' title='bbox 1832 3382 1917 3437; x_wconf 58' lang='lat' dir='ltr'><strong>qui</strong></span> 
     </span>
    </p>
   </div>
   <div class='ocr_carea' id='block_1_67' title="bbox 2132 3361 3641 3438">
    <p class='ocr_par' dir='ltr' id='par_1_67' title="bbox 2132 3361 3641 3431">
     <span class='ocr_line' id='line_1_67' title="bbox 2132 3361 3641 3431; baseline 0.001 -16"><span class='ocrx_word' id='word_1_534' title='bbox 2132 3362 2185 3415; x_wconf 77' lang='grc' dir='ltr'>5ν</span> <span class='ocrx_word' id='word_1_535' title='bbox 2217 3361 2499 3431; x_wconf 82' lang='grc' dir='ltr'>οὐρανὸν,</span> <span class='ocrx_word' id='word_1_536' title='bbox 2516 3364 2568 3417; x_wconf 80' lang='grc' dir='ltr'><strong>εί</strong></span> <span class='ocrx_word' id='word_1_537' title='bbox 2588 3362 2675 3431; x_wconf 80' lang='grc' dir='ltr'>μὴ</span> <span class='ocrx_word' id='word_1_538' title='bbox 2702 3365 2734 3416; x_wconf 86' lang='grc' dir='ltr'><strong>ό</strong></span> <span class='ocrx_word' id='word_1_539' title='bbox 2754 3363 2822 3417; x_wconf 81' lang='grc' dir='ltr'>ἐκ</span> <span class='ocrx_word' id='word_1_540' title='bbox 2854 3362 2959 3417; x_wconf 86' lang='grc' dir='ltr'>τοῦ</span> <span class='ocrx_word' id='word_1_541' title='bbox 2990 3363 3247 3430; x_wconf 74' lang='grc' dir='ltr'>οὐρανοῦ</span> <span class='ocrx_word' id='word_1_542' title='bbox 3274 3364 3534 3429; x_wconf 77' lang='grc' dir='ltr'>καταϐὰς</span> <span class='ocrx_word' id='word_1_543' title='bbox 3553 3404 3570 3428; x_wconf 94' lang='grc'><strong>,</strong></span> <span class='ocrx_word' id='word_1_544' title='bbox 3609 3364 3641 3417; x_wconf 86' lang='lat' dir='ltr'><strong>d</strong></span> 
     </span>
    </p>
   </div>
   <div class='ocr_carea' id='block_1_68' title="bbox 404 3450 1913 3533">
    <p class='ocr_par' dir='ltr' id='par_1_68' title="bbox 404 3454 1913 3533">
     <span class='ocr_line' id='line_1_68' title="bbox 404 3454 1913 3533; baseline -0.004 -20"><span class='ocrx_word' id='word_1_545' title='bbox 404 3468 527 3513; x_wconf 84' lang='lat' dir='ltr'><strong>erat</strong></span> <span class='ocrx_word' id='word_1_546' title='bbox 560 3459 613 3512; x_wconf 91' lang='lat' dir='ltr'><strong>in</strong></span> <span class='ocrx_word' id='word_1_547' title='bbox 638 3474 703 3512; x_wconf 83' lang='lat' dir='ltr'><strong>eo</strong></span> <span class='ocrx_word' id='word_1_548' title='bbox 726 3456 1134 3527; x_wconf 82' lang='lat' dir='ltr'><strong>perliciendum.</strong></span> <span class='ocrx_word' id='word_1_549' title='bbox 1166 3455 1345 3522; x_wconf 86' lang='lat' dir='ltr'><strong>Quare</strong></span> <span class='ocrx_word' id='word_1_550' title='bbox 1374 3458 1449 3510; x_wconf 90' lang='lat' dir='ltr'><strong>ita</strong></span> <span class='ocrx_word' id='word_1_551' title='bbox 1475 3454 1664 3533; x_wconf 78' lang='lat' dir='ltr'><strong>Daniel</strong></span> <span class='ocrx_word' id='word_1_552' title='bbox 1694 3456 1913 3525; x_wconf 65' lang='lat' dir='ltr'><strong>loquitul</strong></span> 
     </span>
    </p>
   </div>
   <div class='ocr_carea' id='block_1_69' title="bbox 2127 3450 3636 3533">
    <p class='ocr_par' dir='ltr' id='par_1_69' title="bbox 2127 3450 3636 3525">
     <span class='ocr_line' id='line_1_69' title="bbox 2127 3450 3636 3525; baseline 0.001 -17"><span class='ocrx_word' id='word_1_553' title='bbox 2127 3454 2220 3520; x_wconf 72' lang='grc' dir='ltr'><strong>Ὶὸς</strong></span> <span class='ocrx_word' id='word_1_554' title='bbox 2251 3453 2357 3508; x_wconf 85' lang='grc' dir='ltr'>τοῦ</span> <span class='ocrx_word' id='word_1_555' title='bbox 2397 3454 2743 3522; x_wconf 74' lang='grc' dir='ltr'>ἀνθρώπουο</span> <span class='ocrx_word' id='word_1_556' title='bbox 2772 3455 2870 3525; x_wconf 84' lang='grc' dir='ltr'>οὐχ</span> <span class='ocrx_word' id='word_1_557' title='bbox 2916 3456 2997 3509; x_wconf 82' lang='grc' dir='ltr'>ὅτι</span> <span class='ocrx_word' id='word_1_558' title='bbox 3037 3454 3094 3507; x_wconf 82' lang='grc' dir='ltr'><strong>δὲ</strong></span> <span class='ocrx_word' id='word_1_559' title='bbox 3140 3450 3255 3508; x_wconf 78' lang='grc' dir='ltr'>ἄνω</span> <span class='ocrx_word' id='word_1_560' title='bbox 3299 3450 3370 3525; x_wconf 75' lang='grc' dir='ltr'>ἦν</span> <span class='ocrx_word' id='word_1_561' title='bbox 3415 3458 3449 3524; x_wconf 82' lang='grc' dir='ltr'><strong>η</strong></span> <span class='ocrx_word' id='word_1_562' title='bbox 3487 3453 3636 3525; x_wconf 70' lang='grc' dir='ltr'>σὰρξ.</span> 
     </span>
    </p>
   </div>
   <div class='ocr_carea' id='block_1_70' title="bbox 416 3544 1925 3619">
    <p class='ocr_par' dir='ltr' id='par_1_70' title="bbox 416 3546 1904 3611">
     <span class='ocr_line' id='line_1_70' title="bbox 416 3546 1904 3611; baseline -0.003 -8"><span class='ocrx_word' id='word_1_563' title='bbox 416 3549 535 3603; x_wconf 77' lang='lat' dir='ltr'><strong>Vidi</strong></span> <span class='ocrx_word' id='word_1_564' title='bbox 558 3553 707 3611; x_wconf 83' lang='lat' dir='ltr'><strong>quasi</strong></span> <span class='ocrx_word' id='word_1_565' title='bbox 740 3546 941 3600; x_wconf 83' lang='lat' dir='ltr'><strong>Filium</strong></span> <span class='ocrx_word' id='word_1_566' title='bbox 988 3546 1213 3600; x_wconf 81' lang='lat' dir='ltr'><strong>hominis</strong></span> <span class='ocrx_word' id='word_1_567' title='bbox 1239 3547 1521 3600; x_wconf 78' lang='lat' dir='ltr'><strong>venientem</strong></span> <span class='ocrx_word' id='word_1_568' title='bbox 1582 3547 1636 3602; x_wconf 87' lang='lat' dir='ltr'><strong>in</strong></span> <span class='ocrx_word' id='word_1_569' title='bbox 1683 3546 1904 3600; x_wconf 84' lang='lat' dir='ltr'><strong>nubibus</strong></span> 
     </span>
    </p>
   </div>
   <div class='ocr_carea' id='block_1_71' title="bbox 2129 3544 3638 3619">
    <p class='ocr_par' dir='ltr' id='par_1_71' title="bbox 2129 3544 3638 3619">
     <span class='ocr_line' id='line_1_71' title="bbox 2129 3544 3638 3619; baseline 0 -19"><span class='ocrx_word' id='word_1_570' title='bbox 2129 3546 2213 3600; x_wconf 59' lang='grc' dir='ltr'><strong>κλὰ</strong></span> <span class='ocrx_word' id='word_1_571' title='bbox 2239 3544 2444 3600; x_wconf 77' lang='grc' dir='ltr'>ἄνωθεν</span> <span class='ocrx_word' id='word_1_572' title='bbox 2468 3547 2797 3619; x_wconf 84' lang='grc' dir='ltr'>κατήρχετο,</span> <span class='ocrx_word' id='word_1_573' title='bbox 2824 3546 2997 3619; x_wconf 81' lang='grc' dir='ltr'>τούτῳ</span> <span class='ocrx_word' id='word_1_574' title='bbox 3033 3547 3109 3618; x_wconf 78' lang='grc' dir='ltr'><strong>τῷ</strong></span> <span class='ocrx_word' id='word_1_575' title='bbox 3130 3547 3272 3616; x_wconf 85' lang='grc' dir='ltr'>λόγῳ</span> <span class='ocrx_word' id='word_1_576' title='bbox 3302 3546 3513 3618; x_wconf 78' lang='grc' dir='ltr'>μέλλων</span> <span class='ocrx_word' id='word_1_577' title='bbox 3546 3565 3638 3600; x_wconf 72' lang='grc' dir='ltr'>κα-</span> 
     </span>
    </p>
   </div>
   <div class='ocr_carea' id='block_1_72' title="bbox 407 3634 2306 3695">
    <p class='ocr_par' dir='ltr' id='par_1_72' title="bbox 407 3634 2306 3695">
     <span class='ocr_line' id='line_1_72' title="bbox 407 3634 2306 3695; baseline 0 -2"><span class='ocrx_word' id='word_1_578' title='bbox 407 3640 563 3695; x_wconf 83' lang='lat' dir='ltr'><strong>Unde</strong></span> <span class='ocrx_word' id='word_1_579' title='bbox 592 3641 787 3694; x_wconf 86' lang='lat' dir='ltr'><strong>merito</strong></span> <span class='ocrx_word' id='word_1_580' title='bbox 818 3640 873 3693; x_wconf 87' lang='lat' dir='ltr'><strong>in</strong></span> <span class='ocrx_word' id='word_1_581' title='bbox 892 3640 1031 3694; x_wconf 66' lang='lat' dir='ltr'><strong>caelo</strong></span> <span class='ocrx_word' id='word_1_582' title='bbox 1062 3639 1164 3693; x_wconf 91' lang='lat' dir='ltr'><strong>hoc</strong></span> <span class='ocrx_word' id='word_1_583' title='bbox 1194 3638 1445 3692; x_wconf 70' lang='lat' dir='ltr'><strong>allectum</strong></span> <span class='ocrx_word' id='word_1_584' title='bbox 1485 3639 1706 3693; x_wconf 90' lang='lat' dir='ltr'><strong>nomine</strong></span> <span class='ocrx_word' id='word_1_585' title='bbox 1733 3638 1973 3695; x_wconf 87' lang='lat' dir='ltr'><strong>Verbum</strong></span> <span class='ocrx_word' id='word_1_586' title='bbox 2077 3634 2306 3693; x_wconf 86' lang='grc' dir='ltr'>λείσθαι.</span> 
     </span>
    </p>
   </div>
   <div class='ocr_carea' id='block_1_73' title="bbox 404 3727 3638 3803">
    <p class='ocr_par' dir='ltr' id='par_1_73' title="bbox 404 3727 3638 3803">
     <span class='ocr_line' id='line_1_73' title="bbox 404 3727 3638 3803; baseline -0.003 -13"><span class='ocrx_word' id='word_1_587' title='bbox 404 3732 580 3790; x_wconf 87' lang='lat' dir='ltr'><strong>sancti</strong></span> <span class='ocrx_word' id='word_1_588' title='bbox 644 3732 880 3800; x_wconf 80' lang='lat' dir='ltr'><strong>Spiritus</strong></span> <span class='ocrx_word' id='word_1_589' title='bbox 937 3731 1118 3786; x_wconf 76' lang='lat' dir='ltr'><strong>aﬂlatu</strong></span> <span class='ocrx_word' id='word_1_590' title='bbox 1180 3734 1445 3803; x_wconf 82' lang='lat' dir='ltr'><strong>propheta</strong></span> <span class='ocrx_word' id='word_1_591' title='bbox 1498 3734 1803 3803; x_wconf 82' lang='lat' dir='ltr'><strong>perspexit;</strong></span> <span class='ocrx_word' id='word_1_592' title='bbox 1862 3732 1955 3803; x_wconf 92' lang='lat' dir='ltr'><strong>qui</strong></span> <span class='ocrx_word' id='word_1_593' title='bbox 1993 3730 2197 3785; x_wconf 79' lang='lat' dir='ltr'><strong>Filium</strong></span> <span class='ocrx_word' id='word_1_594' title='bbox 2234 3727 2499 3783; x_wconf 82' lang='lat' dir='ltr'><strong>Altissimi</strong></span> <span class='ocrx_word' id='word_1_595' title='bbox 2543 3730 2774 3783; x_wconf 85' lang='lat' dir='ltr'><strong>vocavit.</strong></span> <span class='ocrx_word' id='word_1_596' title='bbox 2814 3729 3083 3796; x_wconf 87' lang='lat' dir='ltr'><strong>Quocirca</strong></span> <span class='ocrx_word' id='word_1_597' title='bbox 3120 3744 3240 3801; x_wconf 72' lang='lat' dir='ltr'><strong>quae</strong></span> <span class='ocrx_word' id='word_1_598' title='bbox 3280 3729 3457 3802; x_wconf 85' lang='lat' dir='ltr'><strong>prima</strong></span> <span class='ocrx_word' id='word_1_599' title='bbox 3516 3736 3638 3785; x_wconf 87' lang='lat' dir='ltr'><strong>sunt</strong></span> 
     </span>
    </p>
   </div>
   <div class='ocr_carea' id='block_1_74' title="bbox 403 3824 3635 3897">
    <p class='ocr_par' dir='ltr' id='par_1_74' title="bbox 403 3824 3635 3897">
     <span class='ocr_line' id='line_1_74' title="bbox 403 3824 3635 3897; baseline 0 -21"><span class='ocrx_word' id='word_1_600' title='bbox 403 3825 693 3893; x_wconf 74' lang='lat' dir='ltr'><strong>posreriori</strong></span> <span class='ocrx_word' id='word_1_601' title='bbox 731 3825 919 3880; x_wconf 81' lang='lat' dir='ltr'><strong>ordine</strong></span> <span class='ocrx_word' id='word_1_602' title='bbox 971 3825 1256 3880; x_wconf 89' lang='lat' dir='ltr'><strong>declarans</strong></span> <span class='ocrx_word' id='word_1_603' title='bbox 1303 3827 1615 3897; x_wconf 84' lang='lat' dir='ltr'><strong>unigenitus</strong></span> <span class='ocrx_word' id='word_1_604' title='bbox 1653 3825 1748 3883; x_wconf 89' lang='lat' dir='ltr'><strong>Dei</strong></span> <span class='ocrx_word' id='word_1_605' title='bbox 1783 3825 1989 3883; x_wconf 86' lang='lat' dir='ltr'><strong>Filius:</strong></span> <span class='ocrx_word' id='word_1_606' title='bbox 2024 3824 2214 3892; x_wconf 85' lang='lat' dir='ltr'><strong>Nemo,</strong></span> <span class='ocrx_word' id='word_1_607' title='bbox 2270 3824 2443 3894; x_wconf 89' lang='lat' dir='ltr'><strong>inquit</strong></span> <span class='ocrx_word' id='word_1_608' title='bbox 2466 3864 2481 3890; x_wconf 91' lang='lat'><strong>,</strong></span> <span class='ocrx_word' id='word_1_609' title='bbox 2535 3824 2768 3877; x_wconf 78' lang='lat' dir='ltr'><strong>ascendit</strong></span> <span class='ocrx_word' id='word_1_610' title='bbox 2810 3826 2863 3879; x_wconf 87' lang='lat' dir='ltr'><strong>in</strong></span> <span class='ocrx_word' id='word_1_611' title='bbox 2897 3826 3099 3891; x_wconf 74' lang='grc' dir='ltr'>εωίιιηι,</span> <span class='ocrx_word' id='word_1_612' title='bbox 3144 3825 3248 3879; x_wconf 87' lang='lat' dir='ltr'><strong>nisi</strong></span> <span class='ocrx_word' id='word_1_613' title='bbox 3288 3827 3379 3894; x_wconf 87' lang='lat' dir='ltr'><strong>qui</strong></span> <span class='ocrx_word' id='word_1_614' title='bbox 3411 3825 3477 3879; x_wconf 85' lang='lat' dir='ltr'><strong>de</strong></span> <span class='ocrx_word' id='word_1_615' title='bbox 3515 3826 3635 3878; x_wconf 80' lang='lat' dir='ltr'><strong>ca-to</strong></span> 
     </span>
    </p>
   </div>
   <div class='ocr_carea' id='block_1_75' title="bbox 399 3904 3635 3989">
    <p class='ocr_par' dir='ltr' id='par_1_75' title="bbox 399 3904 3635 3989">
     <span class='ocr_line' id='line_1_75' title="bbox 399 3904 3635 3989; baseline 0.002 -22"><span class='ocrx_word' id='word_1_616' title='bbox 399 3913 699 3981; x_wconf 83' lang='lat' dir='ltr'><strong>descendit,</strong></span> <span class='ocrx_word' id='word_1_617' title='bbox 742 3913 914 3971; x_wconf 83' lang='lat' dir='ltr'><strong>Filius</strong></span> <span class='ocrx_word' id='word_1_618' title='bbox 948 3918 1193 3972; x_wconf 79' lang='lat' dir='ltr'><strong>hominis.</strong></span> <span class='ocrx_word' id='word_1_619' title='bbox 1220 3916 1340 3972; x_wconf 88' lang='lat' dir='ltr'><strong>Non</strong></span> <span class='ocrx_word' id='word_1_620' title='bbox 1378 3921 1521 3989; x_wconf 89' lang='lat' dir='ltr'><strong>quod</strong></span> <span class='ocrx_word' id='word_1_621' title='bbox 1565 3934 1696 3975; x_wconf 90' lang='lat' dir='ltr'><strong>caro</strong></span> <span class='ocrx_word' id='word_1_622' title='bbox 1739 3927 1884 3976; x_wconf 88' lang='lat' dir='ltr'><strong>esset</strong></span> <span class='ocrx_word' id='word_1_623' title='bbox 1916 3919 1971 3974; x_wconf 91' lang='lat' dir='ltr'><strong>in</strong></span> <span class='ocrx_word' id='word_1_624' title='bbox 2000 3918 2169 3982; x_wconf 75' lang='lat' dir='ltr'><strong>cmlo,</strong></span> <span class='ocrx_word' id='word_1_625' title='bbox 2213 3915 2310 3972; x_wconf 82' lang='lat' dir='ltr'><strong>sed</strong></span> <span class='ocrx_word' id='word_1_626' title='bbox 2366 3914 2511 3987; x_wconf 91' lang='lat' dir='ltr'><strong>quod</strong></span> <span class='ocrx_word' id='word_1_627' title='bbox 2543 3930 2575 3973; x_wconf 91' lang='lat' dir='ltr'><strong>e</strong></span> <span class='ocrx_word' id='word_1_628' title='bbox 2607 3904 3185 3982; x_wconf 74' lang='lat' dir='ltr'><strong>ccelo&#39;descenderet,</strong></span> <span class='ocrx_word' id='word_1_629' title='bbox 3230 3918 3327 3988; x_wconf 88' lang='lat' dir='ltr'><strong>qui</strong></span> <span class='ocrx_word' id='word_1_630' title='bbox 3368 3915 3635 3988; x_wconf 77' lang='lat' dir='ltr'><strong>ejusmodi</strong></span> 
     </span>
    </p>
   </div>
   <div class='ocr_carea' id='block_1_76' title="bbox 399 4011 1245 4068">
    <p class='ocr_par' dir='ltr' id='par_1_76' title="bbox 399 4011 1245 4068">
     <span class='ocr_line' id='line_1_76' title="bbox 399 4011 1245 4068; baseline 0 -1"><span class='ocrx_word' id='word_1_631' title='bbox 399 4019 545 4067; x_wconf 86' lang='lat' dir='ltr'><strong>esset</strong></span> <span class='ocrx_word' id='word_1_632' title='bbox 569 4011 831 4066; x_wconf 86' lang='lat' dir='ltr'><strong>vocabulo</strong></span> <span class='ocrx_word' id='word_1_633' title='bbox 860 4012 1245 4068; x_wconf 88' lang='lat' dir='ltr'><strong>nominandus.</strong></span> 
     </span>
    </p>
   </div>
   <div class='ocr_carea' id='block_1_77' title="bbox 469 4091 1978 4177">
    <p class='ocr_par' dir='ltr' id='par_1_77' title="bbox 469 4104 1970 4177">
     <span class='ocr_line' id='line_1_77' title="bbox 469 4104 1970 4177; baseline 0 -17"><span class='ocrx_word' id='word_1_634' title='bbox 469 4104 562 4161; x_wconf 80' lang='lat' dir='ltr'><strong>IX.</strong></span> <span class='ocrx_word' id='word_1_635' title='bbox 604 4104 803 4161; x_wconf 90' lang='lat' dir='ltr'><strong>Verum</strong></span> <span class='ocrx_word' id='word_1_636' title='bbox 852 4106 984 4176; x_wconf 87' lang='lat' dir='ltr'><strong>quid</strong></span> <span class='ocrx_word' id='word_1_637' title='bbox 1034 4106 1274 4171; x_wconf 87' lang='lat' dir='ltr'><strong>tandem,</strong></span> <span class='ocrx_word' id='word_1_638' title='bbox 1316 4107 1392 4161; x_wconf 87' lang='lat' dir='ltr'><strong>mi</strong></span> <span class='ocrx_word' id='word_1_639' title='bbox 1442 4106 1629 4171; x_wconf 91' lang='lat' dir='ltr'><strong>homo,</strong></span> <span class='ocrx_word' id='word_1_640' title='bbox 1684 4105 1970 4177; x_wconf 76' lang='lat' dir='ltr'><strong>proferes?</strong></span> 
     </span>
    </p>
   </div>
   <div class='ocr_carea' id='block_1_78' title="bbox 2123 4091 3632 4177">
    <p class='ocr_par' dir='ltr' id='par_1_78' title="bbox 2141 4091 3632 4172">
     <span class='ocr_line' id='line_1_78' title="bbox 2141 4091 3632 4172; baseline 0.001 -18"><span class='ocrx_word' id='word_1_641' title='bbox 2141 4097 2217 4154; x_wconf 78' lang='grc' dir='ltr'>ϐ’.</span> <span class='ocrx_word' id='word_1_642' title='bbox 2268 4098 2430 4153; x_wconf 79' lang='grc' dir='ltr'>Ἀλλά</span> <span class='ocrx_word' id='word_1_643' title='bbox 2474 4098 2527 4153; x_wconf 90' lang='grc' dir='ltr'><strong>τί</strong></span> <span class='ocrx_word' id='word_1_644' title='bbox 2554 4100 2703 4154; x_wconf 73' lang='grc' dir='ltr'>ἐστιν</span> <span class='ocrx_word' id='word_1_645' title='bbox 2747 4098 2776 4151; x_wconf 79' lang='grc' dir='ltr'><strong>ὃ</strong></span> <span class='ocrx_word' id='word_1_646' title='bbox 2813 4099 2979 4169; x_wconf 75' lang='grc' dir='ltr'>ἐρεῖς,</span> <span class='ocrx_word' id='word_1_647' title='bbox 3023 4094 3068 4152; x_wconf 80' lang='grc' dir='ltr'>ὦ</span> <span class='ocrx_word' id='word_1_648' title='bbox 3094 4091 3281 4164; x_wconf 74' lang='grc' dir='ltr'>οὗτοςς</span> <span class='ocrx_word' id='word_1_649' title='bbox 3326 4099 3535 4172; x_wconf 66' lang='grc' dir='ltr'>Φησίψ</span> <span class='ocrx_word' id='word_1_650' title='bbox 3574 4103 3632 4155; x_wconf 88' lang='grc'><strong>’0</strong></span> 
     </span>
    </p>
   </div>
   <div class='ocr_carea' id='block_1_79' title="bbox 310 4188 1819 4267">
    <p class='ocr_par' dir='ltr' id='par_1_79' title="bbox 310 4195 1817 4267">
     <span class='ocr_line' id='line_1_79' title="bbox 310 4195 1817 4267; baseline -0.002 -14"><span class='ocrx_word' id='word_1_651' title='bbox 310 4208 315 4211; x_wconf 72' lang='lat'>‘</span> <span class='ocrx_word' id='word_1_652' title='bbox 400 4198 672 4267; x_wconf 87' lang='lat' dir='ltr'><strong>Scriptum</strong></span> <span class='ocrx_word' id='word_1_653' title='bbox 702 4204 808 4261; x_wconf 89' lang='lat' dir='ltr'><strong>est,</strong></span> <span class='ocrx_word' id='word_1_654' title='bbox 848 4196 1063 4267; x_wconf 91' lang='lat' dir='ltr'><strong>inquit:</strong></span> <span class='ocrx_word' id='word_1_655' title='bbox 1096 4195 1204 4251; x_wconf 90' lang='lat' dir='ltr'><strong>Iste</strong></span> <span class='ocrx_word' id='word_1_656' title='bbox 1248 4197 1390 4252; x_wconf 87' lang='lat' dir='ltr'><strong>Deus</strong></span> <span class='ocrx_word' id='word_1_657' title='bbox 1422 4206 1499 4251; x_wconf 86' lang='lat' dir='ltr'><strong>est</strong></span> <span class='ocrx_word' id='word_1_658' title='bbox 1528 4208 1722 4263; x_wconf 85' lang='lat' dir='ltr'><strong>noster,</strong></span> <span class='ocrx_word' id='word_1_659' title='bbox 1768 4206 1817 4252; x_wconf 86' lang='lat' dir='ltr'><strong>et</strong></span> 
     </span>
    </p>
   </div>
   <div class='ocr_carea' id='block_1_80' title="bbox 2124 4188 3633 4267">
    <p class='ocr_par' dir='ltr' id='par_1_80' title="bbox 2124 4188 3633 4264">
     <span class='ocr_line' id='line_1_80' title="bbox 2124 4188 3633 4264; baseline 0 -18"><span class='ocrx_word' id='word_1_660' title='bbox 2124 4194 2219 4261; x_wconf 81' lang='grc' dir='ltr'><strong>εὸς</strong></span> <span class='ocrx_word' id='word_1_661' title='bbox 2258 4192 2449 4264; x_wconf 76' lang='grc' dir='ltr'>ήμῶν,</span> <span class='ocrx_word' id='word_1_662' title='bbox 2480 4192 2579 4247; x_wconf 79' lang='grc' dir='ltr'><strong>καί</strong></span> <span class='ocrx_word' id='word_1_663' title='bbox 2611 4194 2684 4246; x_wconf 88' lang='grc' dir='ltr'><strong>οὐ</strong></span> <span class='ocrx_word' id='word_1_664' title='bbox 2711 4190 3134 4260; x_wconf 74' lang='grc' dir='ltr'>λογισθήσεται</span> <span class='ocrx_word' id='word_1_665' title='bbox 3182 4188 3395 4258; x_wconf 71' lang='grc' dir='ltr'>ἄλλος.</span> <span class='ocrx_word' id='word_1_666' title='bbox 3443 4192 3633 4255; x_wconf 80' lang='grc' dir='ltr'>Καλῶς</span> 
     </span>
    </p>
   </div>
   <div class='ocr_carea' id='block_1_81' title="bbox 397 4281 1906 4379">
    <p class='ocr_par' dir='ltr' id='par_1_81' title="bbox 397 4286 1905 4360">
     <span class='ocr_line' id='line_1_81' title="bbox 397 4286 1905 4360; baseline -0.001 -16"><span class='ocrx_word' id='word_1_667' title='bbox 397 4288 747 4344; x_wconf 74' lang='lat' dir='ltr'><strong>restimabitur</strong></span> <span class='ocrx_word' id='word_1_668' title='bbox 795 4288 991 4341; x_wconf 77' lang='lat' dir='ltr'><strong>alius&#39;.</strong></span> <span class='ocrx_word' id='word_1_669' title='bbox 1024 4286 1289 4344; x_wconf 64' lang='lat' dir='ltr'><strong>Praeclare</strong></span> <span class='ocrx_word' id='word_1_670' title='bbox 1314 4303 1467 4354; x_wconf 86' lang='lat' dir='ltr'><strong>vero,</strong></span> <span class='ocrx_word' id='word_1_671' title='bbox 1504 4288 1905 4360; x_wconf 86' lang='lat' dir='ltr'><strong>quemadmodu</strong></span> 
     </span>
    </p>
   </div>
   <div class='ocr_carea' id='block_1_82' title="bbox 2120 4281 3629 4379">
    <p class='ocr_par' dir='ltr' id='par_1_82' title="bbox 2120 4281 3629 4355">
     <span class='ocr_line' id='line_1_82' title="bbox 2120 4281 3629 4355; baseline -0.001 -18"><span class='ocrx_word' id='word_1_672' title='bbox 2120 4283 2209 4337; x_wconf 72' lang='grc' dir='ltr'><strong>ἅνυ</strong></span> <span class='ocrx_word' id='word_1_673' title='bbox 2236 4283 2361 4355; x_wconf 72' lang='grc' dir='ltr'>ἔφη,</span> <span class='ocrx_word' id='word_1_674' title='bbox 2388 4283 2464 4346; x_wconf 70' lang='grc' dir='ltr'><strong>ὡς</strong></span> <span class='ocrx_word' id='word_1_675' title='bbox 2489 4284 2583 4336; x_wconf 77' lang='grc' dir='ltr'>καὶ</span> <span class='ocrx_word' id='word_1_676' title='bbox 2600 4285 2629 4336; x_wconf 91' lang='lat'><strong>6</strong></span> <span class='ocrx_word' id='word_1_677' title='bbox 2660 4282 2975 4346; x_wconf 79' lang='grc' dir='ltr'>’Λπόστολος</span> <span class='ocrx_word' id='word_1_678' title='bbox 2999 4281 3417 4349; x_wconf 80' lang='grc' dir='ltr'>διαϐεϐαιοῦται,</span> <span class='ocrx_word' id='word_1_679' title='bbox 3440 4284 3629 4352; x_wconf 81' lang='grc' dir='ltr'>λέγων·</span> 
     </span>
    </p>
   </div>
   <div class='ocr_carea' id='block_1_83' title="bbox 396 4368 1905 4450">
    <p class='ocr_par' dir='ltr' id='par_1_83' title="bbox 396 4377 1905 4450">
     <span class='ocr_line' id='line_1_83' title="bbox 396 4377 1905 4450; baseline 0.001 -17"><span class='ocrx_word' id='word_1_680' title='bbox 396 4388 452 4433; x_wconf 86' lang='lat' dir='ltr'><strong>ct</strong></span> <span class='ocrx_word' id='word_1_681' title='bbox 486 4380 781 4449; x_wconf 83' lang='lat' dir='ltr'><strong>Apostolus</strong></span> <span class='ocrx_word' id='word_1_682' title='bbox 824 4377 1091 4434; x_wconf 83' lang='lat' dir='ltr'><strong>aﬂirmat:</strong></span> <span class='ocrx_word' id='word_1_683' title='bbox 1122 4378 1379 4445; x_wconf 84' lang='lat' dir='ltr'><strong>Quorum,</strong></span> <span class='ocrx_word' id='word_1_684' title='bbox 1414 4380 1612 4450; x_wconf 87' lang='lat' dir='ltr'><strong>inquit,</strong></span> <span class='ocrx_word' id='word_1_685' title='bbox 1645 4383 1857 4449; x_wconf 68' lang='lat' dir='ltr'><strong>patres},</strong></span> <span class='ocrx_word' id='word_1_686' title='bbox 1896 4402 1905 4433; x_wconf 78' lang='grc' dir='ltr'>ι</span> 
     </span>
    </p>
   </div>
   <div class='ocr_carea' id='block_1_84' title="bbox 2118 4368 3627 4450">
    <p class='ocr_par' dir='ltr' id='par_1_84' title="bbox 2118 4368 3627 4444">
     <span class='ocr_line' id='line_1_84' title="bbox 2118 4368 3627 4444; baseline -0.001 -14"><span class='ocrx_word' id='word_1_687' title='bbox 2118 4378 2176 4430; x_wconf 68' lang='grc' dir='ltr'><strong>ιν</strong></span> <span class='ocrx_word' id='word_1_688' title='bbox 2197 4379 2251 4430; x_wconf 81' lang='grc' dir='ltr'>οἱ</span> <span class='ocrx_word' id='word_1_689' title='bbox 2287 4374 2558 4444; x_wconf 81' lang='grc' dir='ltr'>πατέρες,</span> <span class='ocrx_word' id='word_1_690' title='bbox 2586 4374 2655 4441; x_wconf 81' lang='grc' dir='ltr'><strong>ἐξ</strong></span> <span class='ocrx_word' id='word_1_691' title='bbox 2679 4368 2766 4429; x_wconf 85' lang='grc' dir='ltr'><strong>ὧν</strong></span> <span class='ocrx_word' id='word_1_692' title='bbox 2794 4377 2828 4429; x_wconf 90' lang='grc' dir='ltr'><strong>ό</strong></span> <span class='ocrx_word' id='word_1_693' title='bbox 2856 4373 3108 4444; x_wconf 80' lang='grc' dir='ltr'>Χριστός</span> <span class='ocrx_word' id='word_1_694' title='bbox 3135 4374 3202 4428; x_wconf 84' lang='grc' dir='ltr'><strong>τό</strong></span> <span class='ocrx_word' id='word_1_695' title='bbox 3227 4374 3376 4428; x_wconf 82' lang='grc' dir='ltr'>κατὰ</span> <span class='ocrx_word' id='word_1_696' title='bbox 3413 4376 3627 4444; x_wconf 74' lang='grc' dir='ltr'>σάρκα,</span> 
     </span>
    </p>
   </div>
   <div class='ocr_carea' id='block_1_85' title="bbox 395 4464 1904 4540">
    <p class='ocr_par' dir='ltr' id='par_1_85' title="bbox 395 4466 1904 4540">
     <span class='ocr_line' id='line_1_85' title="bbox 395 4466 1904 4540; baseline -0.001 -19"><span class='ocrx_word' id='word_1_697' title='bbox 395 4467 582 4538; x_wconf 79' lang='lat' dir='ltr'><strong>quibus</strong></span> <span class='ocrx_word' id='word_1_698' title='bbox 629 4466 870 4523; x_wconf 85' lang='lat' dir='ltr'><strong>Christus</strong></span> <span class='ocrx_word' id='word_1_699' title='bbox 913 4466 1200 4521; x_wconf 85' lang='lat' dir='ltr'><strong>secundum</strong></span> <span class='ocrx_word' id='word_1_700' title='bbox 1249 4485 1495 4532; x_wconf 88' lang='lat' dir='ltr'><strong>carnem;</strong></span> <span class='ocrx_word' id='word_1_701' title='bbox 1550 4472 1640 4540; x_wconf 88' lang='lat' dir='ltr'><strong>qui</strong></span> <span class='ocrx_word' id='word_1_702' title='bbox 1685 4478 1763 4523; x_wconf 89' lang='lat' dir='ltr'><strong>est</strong></span> <span class='ocrx_word' id='word_1_703' title='bbox 1810 4482 1904 4536; x_wconf 84' lang='lat' dir='ltr'><strong>sup</strong></span> 
     </span>
    </p>
   </div>
   <div class='ocr_carea' id='block_1_86' title="bbox 2123 4464 3632 4540">
    <p class='ocr_par' dir='ltr' id='par_1_86' title="bbox 2123 4464 3632 4537">
     <span class='ocr_line' id='line_1_86' title="bbox 2123 4464 3632 4537; baseline 0 -16"><span class='ocrx_word' id='word_1_704' title='bbox 2123 4466 2209 4521; x_wconf 86' lang='grc' dir='ltr'>ὢν</span> <span class='ocrx_word' id='word_1_705' title='bbox 2242 4468 2339 4521; x_wconf 79' lang='grc' dir='ltr'><strong>ἐπὶ</strong></span> <span class='ocrx_word' id='word_1_706' title='bbox 2367 4466 2607 4521; x_wconf 82' lang='grc' dir='ltr'>πάντων</span> <span class='ocrx_word' id='word_1_707' title='bbox 2636 4467 2799 4532; x_wconf 85' lang='grc' dir='ltr'>Θεός.</span> <span class='ocrx_word' id='word_1_708' title='bbox 2831 4464 3167 4537; x_wconf 87' lang='grc' dir='ltr'>Θαυμαστῶς</span> <span class='ocrx_word' id='word_1_709' title='bbox 3207 4464 3493 4537; x_wconf 81' lang='grc' dir='ltr'>διηγεῖται.</span> <span class='ocrx_word' id='word_1_710' title='bbox 3540 4464 3632 4521; x_wconf 78' lang='grc' dir='ltr'>Οὐ-</span> 
     </span>
    </p>
   </div>
   <div class='ocr_carea' id='block_1_87' title="bbox 394 4554 1903 4629">
    <p class='ocr_par' dir='ltr' id='par_1_87' title="bbox 394 4554 1903 4626">
     <span class='ocr_line' id='line_1_87' title="bbox 394 4554 1903 4626; baseline -0.001 -16"><span class='ocrx_word' id='word_1_711' title='bbox 394 4558 572 4611; x_wconf 86' lang='lat' dir='ltr'><strong>omnia</strong></span> <span class='ocrx_word' id='word_1_712' title='bbox 617 4555 755 4610; x_wconf 89' lang='lat' dir='ltr'><strong>Deus</strong></span> <span class='ocrx_word' id='word_1_713' title='bbox 778 4558 821 4611; x_wconf 71' lang='grc'>⁸.</span> <span class='ocrx_word' id='word_1_714' title='bbox 878 4554 1009 4621; x_wconf 81' lang='lat' dir='ltr'><strong>Quae</strong></span> <span class='ocrx_word' id='word_1_715' title='bbox 1064 4556 1281 4626; x_wconf 91' lang='lat' dir='ltr'><strong>quidem</strong></span> <span class='ocrx_word' id='word_1_716' title='bbox 1330 4558 1725 4613; x_wconf 85' lang='lat' dir='ltr'><strong>admirabiliter</strong></span> <span class='ocrx_word' id='word_1_717' title='bbox 1768 4559 1837 4613; x_wconf 89' lang='lat' dir='ltr'><strong>ab</strong></span> <span class='ocrx_word' id='word_1_718' title='bbox 1896 4579 1903 4609; x_wconf 76' lang='grc' dir='ltr'><strong>ι</strong></span> 
     </span>
    </p>
   </div>
   <div class='ocr_carea' id='block_1_88' title="bbox 2121 4554 3630 4629">
    <p class='ocr_par' dir='ltr' id='par_1_88' title="bbox 2121 4554 3630 4629">
     <span class='ocr_line' id='line_1_88' title="bbox 2121 4554 3630 4629; baseline -0.002 -18"><span class='ocrx_word' id='word_1_719' title='bbox 2121 4576 2149 4621; x_wconf 85' lang='grc' dir='ltr'>ς</span> <span class='ocrx_word' id='word_1_720' title='bbox 2174 4558 2283 4629; x_wconf 77' lang='grc' dir='ltr'><strong>γὰρ</strong></span> <span class='ocrx_word' id='word_1_721' title='bbox 2312 4560 2340 4611; x_wconf 92' lang='lat'><strong>6</strong></span> <span class='ocrx_word' id='word_1_722' title='bbox 2371 4556 2447 4610; x_wconf 81' lang='grc' dir='ltr'>ὢν</span> <span class='ocrx_word' id='word_1_723' title='bbox 2495 4557 2641 4609; x_wconf 73' lang='grc' dir='ltr'>ἐστὶν</span> <span class='ocrx_word' id='word_1_724' title='bbox 2682 4557 2775 4609; x_wconf 74' lang='grc' dir='ltr'><strong>ἐπὶ</strong></span> <span class='ocrx_word' id='word_1_725' title='bbox 2820 4556 3036 4610; x_wconf 83' lang='grc' dir='ltr'>πάντων</span> <span class='ocrx_word' id='word_1_726' title='bbox 3059 4554 3209 4619; x_wconf 81' lang='grc' dir='ltr'>Θεός.</span> <span class='ocrx_word' id='word_1_727' title='bbox 3268 4555 3489 4627; x_wconf 79' lang='grc' dir='ltr'><strong>Ἐπειδὴ</strong></span> <span class='ocrx_word' id='word_1_728' title='bbox 3526 4557 3630 4624; x_wconf 68' lang='grc' dir='ltr'><strong>γάρ</strong></span> 
     </span>
    </p>
   </div>
   <div class='ocr_carea' id='block_1_89' title="bbox 390 4642 1899 4719">
    <p class='ocr_par' dir='ltr' id='par_1_89' title="bbox 390 4646 1898 4719">
     <span class='ocr_line' id='line_1_89' title="bbox 390 4646 1898 4719; baseline 0.002 -18"><span class='ocrx_word' id='word_1_729' title='bbox 390 4648 538 4702; x_wconf 80' lang='lat' dir='ltr'><strong>dicta</strong></span> <span class='ocrx_word' id='word_1_730' title='bbox 580 4657 727 4705; x_wconf 74' lang='lat' dir='ltr'><strong>sum.</strong></span> <span class='ocrx_word' id='word_1_731' title='bbox 763 4646 863 4703; x_wconf 83' lang='lat' dir='ltr'><strong>Hic</strong></span> <span class='ocrx_word' id='word_1_732' title='bbox 903 4650 1073 4712; x_wconf 87' lang='lat' dir='ltr'><strong>enim,</strong></span> <span class='ocrx_word' id='word_1_733' title='bbox 1124 4651 1216 4718; x_wconf 90' lang='lat' dir='ltr'><strong>qui</strong></span> <span class='ocrx_word' id='word_1_734' title='bbox 1251 4657 1353 4715; x_wconf 87' lang='lat' dir='ltr'><strong>est,</strong></span> <span class='ocrx_word' id='word_1_735' title='bbox 1396 4666 1549 4719; x_wconf 85' lang='lat' dir='ltr'><strong>super</strong></span> <span class='ocrx_word' id='word_1_736' title='bbox 1593 4650 1773 4705; x_wconf 85' lang='lat' dir='ltr'><strong>omnia</strong></span> <span class='ocrx_word' id='word_1_737' title='bbox 1822 4649 1898 4704; x_wconf 87' lang='lat' dir='ltr'><strong>De</strong></span> 
     </span>
    </p>
   </div>
   <div class='ocr_carea' id='block_1_90' title="bbox 2115 4642 3624 4719">
    <p class='ocr_par' dir='ltr' id='par_1_90' title="bbox 2115 4642 3624 4715">
     <span class='ocr_line' id='line_1_90' title="bbox 2115 4642 3624 4715; baseline 0 -15"><span class='ocrx_word' id='word_1_738' title='bbox 2115 4648 2221 4711; x_wconf 64' lang='grc' dir='ltr'>ιτὸς</span> <span class='ocrx_word' id='word_1_739' title='bbox 2245 4646 2480 4700; x_wconf 87' lang='grc' dir='ltr'>διδάσκει</span> <span class='ocrx_word' id='word_1_740' title='bbox 2515 4646 2687 4715; x_wconf 78' lang='grc' dir='ltr'>ἡμᾶς,</span> <span class='ocrx_word' id='word_1_741' title='bbox 2718 4642 2893 4712; x_wconf 84' lang='grc' dir='ltr'>λέγων</span> <span class='ocrx_word' id='word_1_742' title='bbox 2912 4659 2925 4673; x_wconf 74' lang='grc'><strong><em>⁸</em></strong></span> <span class='ocrx_word' id='word_1_743' title='bbox 2962 4642 3162 4698; x_wconf 80' lang='grc' dir='ltr'>Πάντα</span> <span class='ocrx_word' id='word_1_744' title='bbox 3180 4663 3283 4714; x_wconf 81' lang='grc' dir='ltr'><strong>μοι</strong></span> <span class='ocrx_word' id='word_1_745' title='bbox 3327 4646 3624 4714; x_wconf 77' lang='grc' dir='ltr'>παρεδόθη</span> 
     </span>
    </p>
   </div>
   <div class='ocr_carea' id='block_1_91' title="bbox 386 4733 1895 4811">
    <p class='ocr_par' dir='ltr' id='par_1_91' title="bbox 386 4737 1895 4811">
     <span class='ocr_line' id='line_1_91' title="bbox 386 4737 1895 4811; baseline 0.001 -20"><span class='ocrx_word' id='word_1_746' title='bbox 386 4749 485 4793; x_wconf 83' lang='lat' dir='ltr'><strong>est.</strong></span> <span class='ocrx_word' id='word_1_747' title='bbox 518 4737 652 4793; x_wconf 85' lang='lat' dir='ltr'><strong>Nam</strong></span> <span class='ocrx_word' id='word_1_748' title='bbox 698 4753 823 4794; x_wconf 90' lang='lat' dir='ltr'><strong>cum</strong></span> <span class='ocrx_word' id='word_1_749' title='bbox 863 4739 932 4793; x_wconf 90' lang='lat' dir='ltr'><strong>iis</strong></span> <span class='ocrx_word' id='word_1_750' title='bbox 964 4740 1081 4811; x_wconf 88' lang='lat' dir='ltr'><strong>ipse</strong></span> <span class='ocrx_word' id='word_1_751' title='bbox 1126 4754 1229 4795; x_wconf 86' lang='lat' dir='ltr'><strong>nos</strong></span> <span class='ocrx_word' id='word_1_752' title='bbox 1273 4741 1455 4797; x_wconf 90' lang='lat' dir='ltr'><strong>verbis</strong></span> <span class='ocrx_word' id='word_1_753' title='bbox 1495 4741 1732 4797; x_wconf 87' lang='lat' dir='ltr'><strong>doceat:</strong></span> <span class='ocrx_word' id='word_1_754' title='bbox 1765 4740 1895 4796; x_wconf 85' lang='lat' dir='ltr'><strong>Omn</strong></span> 
     </span>
    </p>
   </div>
   <div class='ocr_carea' id='block_1_92' title="bbox 2120 4733 3629 4811">
    <p class='ocr_par' dir='ltr' id='par_1_92' title="bbox 2120 4733 3629 4806">
     <span class='ocr_line' id='line_1_92' title="bbox 2120 4733 3629 4806; baseline -0.001 -16"><span class='ocrx_word' id='word_1_755' title='bbox 2120 4737 2181 4791; x_wconf 66' lang='grc' dir='ltr'>τὸ</span> <span class='ocrx_word' id='word_1_756' title='bbox 2206 4738 2313 4792; x_wconf 87' lang='grc' dir='ltr'>τοῦ</span> <span class='ocrx_word' id='word_1_757' title='bbox 2339 4737 2569 4805; x_wconf 79' lang='grc' dir='ltr'>Πατρός</span> <span class='ocrx_word' id='word_1_758' title='bbox 2597 4752 2718 4806; x_wconf 82' lang='grc' dir='ltr'>μου</span> <span class='ocrx_word' id='word_1_759' title='bbox 2737 4752 2753 4768; x_wconf 75' lang='grc' dir='ltr'><strong><em>ο</em></strong></span> <span class='ocrx_word' id='word_1_760' title='bbox 2787 4734 2875 4789; x_wconf 80' lang='grc' dir='ltr'><strong>διὰ</strong></span> <span class='ocrx_word' id='word_1_761' title='bbox 2902 4733 3059 4789; x_wconf 78' lang='grc' dir='ltr'>τοῦτο</span> <span class='ocrx_word' id='word_1_762' title='bbox 3100 4735 3201 4789; x_wconf 75' lang='grc' dir='ltr'><strong>ἐπὶ</strong></span> <span class='ocrx_word' id='word_1_763' title='bbox 3227 4735 3472 4790; x_wconf 74' lang='grc' dir='ltr'>πάντων</span> <span class='ocrx_word' id='word_1_764' title='bbox 3498 4738 3629 4791; x_wconf 70' lang='grc' dir='ltr'>ἐστι</span> 
     </span>
    </p>
   </div>
   <div class='ocr_carea' id='block_1_93' title="bbox 392 4822 1901 4900">
    <p class='ocr_par' dir='ltr' id='par_1_93' title="bbox 392 4827 1901 4900">
     <span class='ocr_line' id='line_1_93' title="bbox 392 4827 1901 4900; baseline 0.003 -22"><span class='ocrx_word' id='word_1_765' title='bbox 392 4828 518 4880; x_wconf 87' lang='lat' dir='ltr'><strong>mihi</strong></span> <span class='ocrx_word' id='word_1_766' title='bbox 566 4827 764 4881; x_wconf 86' lang='lat' dir='ltr'><strong>tradita</strong></span> <span class='ocrx_word' id='word_1_767' title='bbox 810 4837 930 4881; x_wconf 86' lang='lat' dir='ltr'><strong>sunt</strong></span> <span class='ocrx_word' id='word_1_768' title='bbox 965 4845 999 4881; x_wconf 92' lang='lat' dir='ltr'><strong>a</strong></span> <span class='ocrx_word' id='word_1_769' title='bbox 1043 4827 1206 4883; x_wconf 87' lang='lat' dir='ltr'><strong>Patre</strong></span> <span class='ocrx_word' id='word_1_770' title='bbox 1243 4830 1432 4884; x_wconf 81' lang='lat' dir='ltr'><strong>meo&#39;:</strong></span> <span class='ocrx_word' id='word_1_771' title='bbox 1475 4838 1759 4900; x_wconf 86' lang='lat' dir='ltr'><strong>propterea</strong></span> <span class='ocrx_word' id='word_1_772' title='bbox 1802 4844 1901 4898; x_wconf 77' lang='lat' dir='ltr'><strong>sup</strong></span> 
     </span>
    </p>
   </div>
   <div class='ocr_carea' id='block_1_94' title="bbox 2118 4822 3627 4900">
    <p class='ocr_par' dir='ltr' id='par_1_94' title="bbox 2118 4822 3627 4896">
     <span class='ocr_line' id='line_1_94' title="bbox 2118 4822 3627 4896; baseline -0.001 -15"><span class='ocrx_word' id='word_1_773' title='bbox 2118 4828 2225 4893; x_wconf 78' lang='grc' dir='ltr'>εός.</span> <span class='ocrx_word' id='word_1_774' title='bbox 2254 4825 2410 4879; x_wconf 74' lang='grc' dir='ltr'>Οὕτω</span> <span class='ocrx_word' id='word_1_775' title='bbox 2437 4825 2533 4879; x_wconf 72' lang='grc' dir='ltr'>καὶ</span> <span class='ocrx_word' id='word_1_776' title='bbox 2586 4825 2837 4894; x_wconf 84' lang='grc' dir='ltr'>Ἰωάννης</span> <span class='ocrx_word' id='word_1_777' title='bbox 2880 4826 3163 4896; x_wconf 86' lang='grc' dir='ltr'>μαρτυρεῖ,</span> <span class='ocrx_word' id='word_1_778' title='bbox 3202 4823 3377 4892; x_wconf 82' lang='grc' dir='ltr'>λέγων</span> <span class='ocrx_word' id='word_1_779' title='bbox 3397 4842 3413 4858; x_wconf 85' lang='grc'><strong>·</strong></span> <span class='ocrx_word' id='word_1_780' title='bbox 3460 4828 3523 4879; x_wconf 87' lang='grc' dir='ltr'><strong><em>Ὃ</em></strong></span> <span class='ocrx_word' id='word_1_781' title='bbox 3554 4822 3627 4895; x_wconf 74' lang='grc' dir='ltr'>ἦν</span> 
     </span>
    </p>
   </div>
   <div class='ocr_carea' id='block_1_95' title="bbox 389 4914 1898 4991">
    <p class='ocr_par' dir='ltr' id='par_1_95' title="bbox 389 4918 1898 4991">
     <span class='ocr_line' id='line_1_95' title="bbox 389 4918 1898 4991; baseline 0.001 -21"><span class='ocrx_word' id='word_1_782' title='bbox 389 4922 569 4972; x_wconf 83' lang='lat' dir='ltr'><strong>omnia</strong></span> <span class='ocrx_word' id='word_1_783' title='bbox 597 4918 737 4972; x_wconf 88' lang='lat' dir='ltr'><strong>Deus</strong></span> <span class='ocrx_word' id='word_1_784' title='bbox 765 4928 864 4973; x_wconf 88' lang='lat' dir='ltr'><strong>est.</strong></span> <span class='ocrx_word' id='word_1_785' title='bbox 911 4920 1089 4989; x_wconf 79' lang='lat' dir='ltr'><strong>Atque</strong></span> <span class='ocrx_word' id='word_1_786' title='bbox 1135 4921 1209 4974; x_wconf 92' lang='lat' dir='ltr'><strong>ita</strong></span> <span class='ocrx_word' id='word_1_787' title='bbox 1239 4935 1455 4991; x_wconf 89' lang='lat' dir='ltr'><strong>quoque</strong></span> <span class='ocrx_word' id='word_1_788' title='bbox 1492 4919 1732 4975; x_wconf 85' lang='lat' dir='ltr'><strong>Joannes</strong></span> <span class='ocrx_word' id='word_1_789' title='bbox 1774 4928 1898 4974; x_wconf 82' lang='lat' dir='ltr'><strong>test:</strong></span> 
     </span>
    </p>
   </div>
   <div class='ocr_carea' id='block_1_96' title="bbox 2119 4914 3628 4991">
    <p class='ocr_par' dir='ltr' id='par_1_96' title="bbox 2119 4914 3628 4984">
     <span class='ocr_line' id='line_1_96' title="bbox 2119 4914 3628 4984; baseline -0.004 -14"><span class='ocrx_word' id='word_1_790' title='bbox 2119 4916 2159 4969; x_wconf 76' lang='grc' dir='ltr'>τ’</span> <span class='ocrx_word' id='word_1_791' title='bbox 2217 4914 2445 4984; x_wconf 82' lang='grc' dir='ltr'><strong>ἀρχῆς,</strong></span> <span class='ocrx_word' id='word_1_792' title='bbox 2498 4914 2532 4967; x_wconf 82' lang='grc' dir='ltr'>ὃ</span> <span class='ocrx_word' id='word_1_793' title='bbox 2572 4914 2934 4984; x_wconf 82' lang='grc' dir='ltr'>ἀκηκόαμεν,</span> <span class='ocrx_word' id='word_1_794' title='bbox 2986 4914 3084 4967; x_wconf 75' lang='grc' dir='ltr'>καὶ</span> <span class='ocrx_word' id='word_1_795' title='bbox 3127 4915 3253 4978; x_wconf 83' lang='grc' dir='ltr'>τοῖς</span> <span class='ocrx_word' id='word_1_796' title='bbox 3299 4914 3628 4984; x_wconf 65' lang='grc' dir='ltr'>ὀφθαλμοῖς</span> 
     </span>
    </p>
   </div>
   <div class='ocr_carea' id='block_1_97' title="bbox 385 5002 1894 5082">
    <p class='ocr_par' dir='ltr' id='par_1_97' title="bbox 385 5007 1894 5082">
     <span class='ocr_line' id='line_1_97' title="bbox 385 5007 1894 5082; baseline 0.001 -23"><span class='ocrx_word' id='word_1_797' title='bbox 385 5014 514 5060; x_wconf 90' lang='lat' dir='ltr'><strong>tur:</strong></span> <span class='ocrx_word' id='word_1_798' title='bbox 544 5007 695 5073; x_wconf 78' lang='lat' dir='ltr'><strong>Quod</strong></span> <span class='ocrx_word' id='word_1_799' title='bbox 724 5008 847 5076; x_wconf 76' lang='lat' dir='ltr'><strong>fuit,</strong></span> <span class='ocrx_word' id='word_1_800' title='bbox 882 5008 1078 5078; x_wconf 88' lang='lat' dir='ltr'><strong>inquit,</strong></span> <span class='ocrx_word' id='word_1_801' title='bbox 1121 5010 1288 5082; x_wconf 62' lang='grc'><strong>488</strong></span> <span class='ocrx_word' id='word_1_802' title='bbox 1315 5009 1379 5062; x_wconf 86' lang='lat' dir='ltr'><strong>ab</strong></span> <span class='ocrx_word' id='word_1_803' title='bbox 1421 5010 1592 5072; x_wconf 88' lang='lat' dir='ltr'><strong>initio,</strong></span> <span class='ocrx_word' id='word_1_804' title='bbox 1620 5008 1757 5079; x_wconf 88' lang='lat' dir='ltr'><strong>quod</strong></span> <span class='ocrx_word' id='word_1_805' title='bbox 1790 5008 1894 5062; x_wconf 85' lang='lat' dir='ltr'><strong>aud</strong></span> 
     </span>
    </p>
   </div>
   <div class='ocr_carea' id='block_1_98' title="bbox 2112 5002 3621 5082">
    <p class='ocr_par' dir='ltr' id='par_1_98' title="bbox 2112 5002 3621 5075">
     <span class='ocr_line' id='line_1_98' title="bbox 2112 5002 3621 5075; baseline -0.002 0"><span class='ocrx_word' id='word_1_806' title='bbox 2112 5004 2425 5075; x_wconf 62' lang='grc' dir='ltr'>δράκαμενν</span> <span class='ocrx_word' id='word_1_807' title='bbox 2478 5005 2577 5060; x_wconf 71' lang='grc' dir='ltr'><strong>καὶ</strong></span> <span class='ocrx_word' id='word_1_808' title='bbox 2624 5008 2685 5060; x_wconf 69' lang='grc' dir='ltr'>αἱ</span> <span class='ocrx_word' id='word_1_809' title='bbox 2734 5004 2929 5075; x_wconf 64' lang='grc' dir='ltr'>κεῷες</span> <span class='ocrx_word' id='word_1_810' title='bbox 2975 5002 3145 5073; x_wconf 70' lang='grc' dir='ltr'>ἡμῶν</span> <span class='ocrx_word' id='word_1_811' title='bbox 3194 5003 3621 5073; x_wconf 64' lang='grc' dir='ltr'><strong>ἐψηλάφησαν·</strong></span> 
     </span>
    </p>
   </div>
   <div class='ocr_carea' id='block_1_99' title="bbox 382 5096 1891 5175">
    <p class='ocr_par' dir='ltr' id='par_1_99' title="bbox 382 5098 1891 5165">
     <span class='ocr_line' id='line_1_99' title="bbox 382 5098 1891 5165; baseline -0.001 -13"><span class='ocrx_word' id='word_1_812' title='bbox 382 5099 570 5163; x_wconf 77' lang='lat' dir='ltr'><strong>vimus,</strong></span> <span class='ocrx_word' id='word_1_813' title='bbox 601 5107 650 5151; x_wconf 88' lang='lat' dir='ltr'><strong>et</strong></span> <span class='ocrx_word' id='word_1_814' title='bbox 677 5098 841 5152; x_wconf 84' lang='lat' dir='ltr'><strong>oculis</strong></span> <span class='ocrx_word' id='word_1_815' title='bbox 865 5100 1108 5165; x_wconf 80' lang='lat' dir='ltr'><strong>vidimus,</strong></span> <span class='ocrx_word' id='word_1_816' title='bbox 1145 5111 1194 5154; x_wconf 86' lang='lat' dir='ltr'><strong>et</strong></span> <span class='ocrx_word' id='word_1_817' title='bbox 1225 5118 1413 5155; x_wconf 88' lang='lat' dir='ltr'><strong>manus</strong></span> <span class='ocrx_word' id='word_1_818' title='bbox 1436 5111 1631 5155; x_wconf 81' lang='lat' dir='ltr'><strong>nostra:</strong></span> <span class='ocrx_word' id='word_1_819' title='bbox 1652 5109 1891 5159; x_wconf 57' lang='lat' dir='ltr'><strong>contrectl</strong></span> 
     </span>
    </p>
   </div>
   <div class='ocr_carea' id='block_1_100' title="bbox 2115 5096 3624 5175">
    <p class='ocr_par' dir='ltr' id='par_1_100' title="bbox 2115 5096 3624 5175">
     <span class='ocr_line' id='line_1_100' title="bbox 2115 5096 3624 5175; baseline 0 -24"><span class='ocrx_word' id='word_1_820' title='bbox 2115 5101 2160 5151; x_wconf 79' lang='grc' dir='ltr'>ιὶ</span> <span class='ocrx_word' id='word_1_821' title='bbox 2212 5098 2374 5175; x_wconf 79' lang='grc' dir='ltr'>πάλιν</span> <span class='ocrx_word' id='word_1_822' title='bbox 2422 5099 2588 5169; x_wconf 76' lang='grc' dir='ltr'>φησὶν</span> <span class='ocrx_word' id='word_1_823' title='bbox 2638 5099 2697 5152; x_wconf 69' lang='grc' dir='ltr'>ἐν</span> <span class='ocrx_word' id='word_1_824' title='bbox 2731 5100 2800 5169; x_wconf 74' lang='grc' dir='ltr'>τῇ</span> <span class='ocrx_word' id='word_1_825' title='bbox 2844 5096 3244 5166; x_wconf 77' lang='grc' dir='ltr'>’Δποκαλύψειο</span> <span class='ocrx_word' id='word_1_826' title='bbox 3290 5098 3347 5149; x_wconf 91' lang='lat'><strong>&#39;0</strong></span> <span class='ocrx_word' id='word_1_827' title='bbox 3386 5096 3473 5151; x_wconf 81' lang='grc' dir='ltr'>ὢν</span> <span class='ocrx_word' id='word_1_828' title='bbox 3524 5096 3624 5150; x_wconf 68' lang='grc' dir='ltr'><strong>ἀπ’</strong></span> 
     </span>
    </p>
   </div>
   <div class='ocr_carea' id='block_1_101' title="bbox 380 5185 1889 5263">
    <p class='ocr_par' dir='ltr' id='par_1_101' title="bbox 380 5188 1889 5263">
     <span class='ocr_line' id='line_1_101' title="bbox 380 5188 1889 5263; baseline 0.001 -22"><span class='ocrx_word' id='word_1_829' title='bbox 380 5190 627 5242; x_wconf 69' lang='lat' dir='ltr'><strong>verunt“.</strong></span> <span class='ocrx_word' id='word_1_830' title='bbox 662 5188 737 5241; x_wconf 78' lang='lat' dir='ltr'><strong>Ac</strong></span> <span class='ocrx_word' id='word_1_831' title='bbox 773 5203 969 5245; x_wconf 90' lang='lat' dir='ltr'><strong>rursus</strong></span> <span class='ocrx_word' id='word_1_832' title='bbox 1007 5192 1062 5245; x_wconf 91' lang='lat' dir='ltr'><strong>in</strong></span> <span class='ocrx_word' id='word_1_833' title='bbox 1096 5192 1421 5263; x_wconf 85' lang='lat' dir='ltr'><strong>Apocalypsi</strong></span> <span class='ocrx_word' id='word_1_834' title='bbox 1457 5210 1470 5246; x_wconf 93' lang='lat'><strong>:</strong></span> <span class='ocrx_word' id='word_1_835' title='bbox 1506 5192 1610 5259; x_wconf 85' lang='lat' dir='ltr'><strong>Qui</strong></span> <span class='ocrx_word' id='word_1_836' title='bbox 1631 5200 1708 5245; x_wconf 90' lang='lat' dir='ltr'><strong>est</strong></span> <span class='ocrx_word' id='word_1_837' title='bbox 1757 5191 1889 5244; x_wconf 82' lang='lat' dir='ltr'><strong>abin</strong></span> 
     </span>
    </p>
   </div>
   <div class='ocr_carea' id='block_1_102' title="bbox 2117 5185 3626 5263">
    <p class='ocr_par' dir='ltr' id='par_1_102' title="bbox 2117 5185 3626 5259">
     <span class='ocr_line' id='line_1_102' title="bbox 2117 5185 3626 5259; baseline 0.001 -21"><span class='ocrx_word' id='word_1_838' title='bbox 2117 5189 2265 5258; x_wconf 74' lang='grc' dir='ltr'>ιχῆς,</span> <span class='ocrx_word' id='word_1_839' title='bbox 2320 5189 2419 5242; x_wconf 78' lang='grc' dir='ltr'>καὶ</span> <span class='ocrx_word' id='word_1_840' title='bbox 2469 5192 2503 5243; x_wconf 84' lang='grc' dir='ltr'><strong>ό</strong></span> <span class='ocrx_word' id='word_1_841' title='bbox 2558 5189 2883 5259; x_wconf 77' lang='grc' dir='ltr'>ἐρχόμενος</span> <span class='ocrx_word' id='word_1_842' title='bbox 2926 5185 3378 5257; x_wconf 51' lang='grc' dir='ltr'>Παντοκράτωρ.</span> <span class='ocrx_word' id='word_1_843' title='bbox 3430 5185 3626 5247; x_wconf 76' lang='grc' dir='ltr'>Καλῶς</span> 
     </span>
    </p>
   </div>
   <div class='ocr_carea' id='block_1_103' title="bbox 379 5275 1888 5351">
    <p class='ocr_par' dir='ltr' id='par_1_103' title="bbox 379 5277 1888 5351">
     <span class='ocr_line' id='line_1_103' title="bbox 379 5277 1888 5351; baseline 0.002 -22"><span class='ocrx_word' id='word_1_844' title='bbox 379 5277 476 5339; x_wconf 78' lang='lat' dir='ltr'><strong>tio,</strong></span> <span class='ocrx_word' id='word_1_845' title='bbox 506 5286 555 5330; x_wconf 86' lang='lat' dir='ltr'><strong>et</strong></span> <span class='ocrx_word' id='word_1_846' title='bbox 580 5277 667 5346; x_wconf 89' lang='lat' dir='ltr'><strong>qui</strong></span> <span class='ocrx_word' id='word_1_847' title='bbox 696 5285 939 5331; x_wconf 82' lang='lat' dir='ltr'><strong>venturus</strong></span> <span class='ocrx_word' id='word_1_848' title='bbox 984 5287 1061 5332; x_wconf 87' lang='lat' dir='ltr'><strong>est</strong></span> <span class='ocrx_word' id='word_1_849' title='bbox 1095 5281 1427 5349; x_wconf 84' lang='lat' dir='ltr'><strong>Omnipotens</strong></span> <span class='ocrx_word' id='word_1_850' title='bbox 1450 5281 1492 5336; x_wconf 91' lang='lat'><strong>&quot;.</strong></span> <span class='ocrx_word' id='word_1_851' title='bbox 1532 5280 1759 5351; x_wconf 74' lang='lat' dir='ltr'><strong>Egregie</strong></span> <span class='ocrx_word' id='word_1_852' title='bbox 1792 5280 1888 5349; x_wconf 63' lang='lat' dir='ltr'><strong>plal</strong></span> 
     </span>
    </p>
   </div>
   <div class='ocr_carea' id='block_1_104' title="bbox 2115 5275 3624 5351">
    <p class='ocr_par' dir='ltr' id='par_1_104' title="bbox 2115 5275 3624 5351">
     <span class='ocr_line' id='line_1_104' title="bbox 2115 5275 3624 5351; baseline 0.001 -19"><span class='ocrx_word' id='word_1_853' title='bbox 2115 5280 2195 5334; x_wconf 81' lang='grc' dir='ltr'><strong>ιτὰ</strong></span> <span class='ocrx_word' id='word_1_854' title='bbox 2249 5281 2424 5334; x_wconf 88' lang='grc' dir='ltr'>πάντα</span> <span class='ocrx_word' id='word_1_855' title='bbox 2473 5277 2597 5335; x_wconf 81' lang='grc' dir='ltr'>εἷπε</span> <span class='ocrx_word' id='word_1_856' title='bbox 2619 5296 2633 5311; x_wconf 76' lang='grc'><strong>⁸</strong></span> <span class='ocrx_word' id='word_1_857' title='bbox 2690 5282 2869 5344; x_wconf 85' lang='grc' dir='ltr'>καλῶς</span> <span class='ocrx_word' id='word_1_858' title='bbox 2918 5280 3027 5351; x_wconf 81' lang='grc' dir='ltr'><strong>γὰρ</strong></span> <span class='ocrx_word' id='word_1_859' title='bbox 3069 5275 3225 5333; x_wconf 78' lang='grc' dir='ltr'>εἴπεο</span> <span class='ocrx_word' id='word_1_860' title='bbox 3274 5280 3478 5334; x_wconf 79' lang='grc' dir='ltr'>Πάντα</span> <span class='ocrx_word' id='word_1_861' title='bbox 3524 5295 3624 5348; x_wconf 75' lang='grc' dir='ltr'><strong>μοι</strong></span> 
     </span>
    </p>
   </div>
   <div class='ocr_carea' id='block_1_105' title="bbox 378 5369 1887 5443">
    <p class='ocr_par' dir='ltr' id='par_1_105' title="bbox 378 5369 1881 5443">
     <span class='ocr_line' id='line_1_105' title="bbox 378 5369 1881 5443; baseline 0.001 -21"><span class='ocrx_word' id='word_1_862' title='bbox 378 5369 491 5423; x_wconf 72' lang='lat' dir='ltr'><strong>haec</strong></span> <span class='ocrx_word' id='word_1_863' title='bbox 522 5369 589 5424; x_wconf 86' lang='lat' dir='ltr'><strong>ab</strong></span> <span class='ocrx_word' id='word_1_864' title='bbox 612 5369 706 5422; x_wconf 85' lang='lat' dir='ltr'><strong>illo</strong></span> <span class='ocrx_word' id='word_1_865' title='bbox 734 5370 1087 5438; x_wconf 86' lang='lat' dir='ltr'><strong>pronuntiata</strong></span> <span class='ocrx_word' id='word_1_866' title='bbox 1115 5379 1263 5428; x_wconf 86' lang='lat' dir='ltr'><strong>sunt.</strong></span> <span class='ocrx_word' id='word_1_867' title='bbox 1287 5374 1475 5442; x_wconf 82' lang='lat' dir='ltr'><strong>Recte,</strong></span> <span class='ocrx_word' id='word_1_868' title='bbox 1496 5372 1742 5443; x_wconf 90' lang='lat' dir='ltr'><strong>inquam,</strong></span> <span class='ocrx_word' id='word_1_869' title='bbox 1768 5372 1881 5425; x_wconf 85' lang='lat' dir='ltr'><strong>dixi</strong></span> 
     </span>
    </p>
   </div>
   <div class='ocr_carea' id='block_1_106' title="bbox 2114 5369 3623 5443">
    <p class='ocr_par' dir='ltr' id='par_1_106' title="bbox 2114 5370 3623 5443">
     <span class='ocr_line' id='line_1_106' title="bbox 2114 5370 3623 5443; baseline 0.001 -19"><span class='ocrx_word' id='word_1_870' title='bbox 2114 5370 2348 5440; x_wconf 72' lang='grc' dir='ltr'>ιρεδόθη</span> <span class='ocrx_word' id='word_1_871' title='bbox 2398 5371 2519 5428; x_wconf 79' lang='grc' dir='ltr'><strong>ὑπὸ</strong></span> <span class='ocrx_word' id='word_1_872' title='bbox 2574 5371 2681 5427; x_wconf 90' lang='grc' dir='ltr'>τοῦ</span> <span class='ocrx_word' id='word_1_873' title='bbox 2731 5374 2961 5443; x_wconf 87' lang='grc' dir='ltr'>Πατρός</span> <span class='ocrx_word' id='word_1_874' title='bbox 3007 5389 3128 5443; x_wconf 84' lang='grc' dir='ltr'>μου</span> <span class='ocrx_word' id='word_1_875' title='bbox 3151 5390 3166 5404; x_wconf 91' lang='grc'><strong>·</strong></span> <span class='ocrx_word' id='word_1_876' title='bbox 3235 5373 3331 5425; x_wconf 74' lang='grc' dir='ltr'>καὶ</span> <span class='ocrx_word' id='word_1_877' title='bbox 3383 5370 3623 5442; x_wconf 80' lang='grc' dir='ltr'>ἀκριϐῶς</span> 
     </span>
    </p>
   </div>
   <div class='ocr_carea' id='block_1_107' title="bbox 447 5547 1956 5628">
    <p class='ocr_par' dir='ltr' id='par_1_107' title="bbox 447 5547 1938 5628">
     <span class='ocr_line' id='line_1_107' title="bbox 447 5547 1938 5628; baseline 0.001 -25"><span class='ocrx_word' id='word_1_878' title='bbox 447 5548 753 5628; x_wconf 73' lang='lat' dir='ltr'><strong>&#39;_.ioan._ut,</strong></span> <span class='ocrx_word' id='word_1_879' title='bbox 780 5548 865 5602; x_wconf 75' lang='lat' dir='ltr'><strong>i3.</strong></span> <span class='ocrx_word' id='word_1_880' title='bbox 915 5551 961 5628; x_wconf 80' lang='lat'><strong>_&#39;</strong></span> <span class='ocrx_word' id='word_1_881' title='bbox 994 5547 1127 5628; x_wconf 56' lang='lat' dir='ltr'><strong>Dan:</strong></span> <span class='ocrx_word' id='word_1_882' title='bbox 1157 5566 1253 5628; x_wconf 74' lang='lat' dir='ltr'><strong>v_u,</strong></span> <span class='ocrx_word' id='word_1_883' title='bbox 1283 5552 1377 5628; x_wconf 55' lang='grc' dir='ltr'><strong>1⁸5ἒ</strong></span> <span class='ocrx_word' id='word_1_884' title='bbox 1409 5552 1459 5628; x_wconf 79' lang='lat'><strong>__&#39;</strong></span> <span class='ocrx_word' id='word_1_885' title='bbox 1488 5551 1719 5628; x_wconf 77' lang='lat' dir='ltr'><strong>Baruch.</strong></span> <span class='ocrx_word' id='word_1_886' title='bbox 1746 5566 1824 5628; x_wconf 59' lang='grc' dir='ltr'><strong>ιιιἔ</strong></span> <span class='ocrx_word' id='word_1_887' title='bbox 1849 5550 1938 5606; x_wconf 80' lang='lat'><strong>36.</strong></span> 
     </span>
    </p>
   </div>
   <div class='ocr_carea' id='block_1_108' title="bbox 2111 5547 3620 5628">
    <p class='ocr_par' dir='ltr' id='par_1_108' title="bbox 2111 5558 3620 5628">
     <span class='ocr_line' id='line_1_108' title="bbox 2111 5558 3620 5628; baseline 0.003 -19"><span class='ocrx_word' id='word_1_888' title='bbox 2111 5570 2217 5628; x_wconf 85' lang='lat' dir='ltr'><strong>om.</strong></span> <span class='ocrx_word' id='word_1_889' title='bbox 2250 5570 2326 5623; x_wconf 79' lang='lat' dir='ltr'><strong>rx,</strong></span> <span class='ocrx_word' id='word_1_890' title='bbox 2349 5558 2401 5613; x_wconf 83' lang='lat'><strong>5.</strong></span> <span class='ocrx_word' id='word_1_891' title='bbox 2479 5561 2501 5592; x_wconf 84' lang='grc'><strong><em>³</em></strong></span> <span class='ocrx_word' id='word_1_892' title='bbox 2533 5559 2721 5616; x_wconf 76' lang='lat' dir='ltr'><strong>Matth.</strong></span> <span class='ocrx_word' id='word_1_893' title='bbox 2750 5575 2826 5627; x_wconf 84' lang='lat' dir='ltr'><strong>xl,</strong></span> <span class='ocrx_word' id='word_1_894' title='bbox 2848 5559 3104 5627; x_wconf 75' lang='lat' dir='ltr'><strong>27;l.uc.</strong></span> <span class='ocrx_word' id='word_1_895' title='bbox 3132 5576 3186 5628; x_wconf 87' lang='lat' dir='ltr'><strong>x,</strong></span> <span class='ocrx_word' id='word_1_896' title='bbox 3223 5561 3305 5614; x_wconf 76' lang='grc'><strong>12.</strong></span> <span class='ocrx_word' id='word_1_897' title='bbox 3382 5558 3620 5613; x_wconf 73' lang='lat' dir='ltr'><strong>&#39;lJosn.</strong></span> 
     </span>
    </p>
   </div>
   <div class='ocr_carea' id='block_1_109' title="bbox 375 5617 1884 5693">
    <p class='ocr_par' dir='ltr' id='par_1_109' title="bbox 375 5617 1884 5692">
     <span class='ocr_line' id='line_1_109' title="bbox 375 5617 1884 5692; baseline -0.001 -17"><span class='ocrx_word' id='word_1_898' title='bbox 375 5622 501 5686; x_wconf 75' lang='lat' dir='ltr'><strong>t,i.</strong></span> <span class='ocrx_word' id='word_1_899' title='bbox 583 5620 794 5687; x_wconf 78' lang='lat' dir='ltr'><strong>&#39;Apoc.</strong></span> <span class='ocrx_word' id='word_1_900' title='bbox 838 5619 959 5682; x_wconf 74' lang='lat'><strong>1,1.</strong></span> <span class='ocrx_word' id='word_1_901' title='bbox 1033 5617 1253 5682; x_wconf 66' lang='lat' dir='ltr'><strong>“F.6c.</strong></span> <span class='ocrx_word' id='word_1_902' title='bbox 1358 5618 1884 5692; x_wconf 69' lang='grc' dir='ltr'>⁹Ε.τούτῳειεῐπε</span> 
     </span>
    </p>
   </div>
   <div class='ocr_carea' id='block_1_110' title="bbox 1154 5617 2663 5693">
    <p class='ocr_par' dir='ltr' id='par_1_110' title="bbox 1176 5617 2663 5693">
     <span class='ocr_line' id='line_1_110' title="bbox 1176 5617 2663 5693; baseline 0.007 -21"><span class='ocrx_word' id='word_1_903' title='bbox 1176 5621 1253 5682; x_wconf 85' lang='grc' dir='ltr'><strong>ὅς.</strong></span> <span class='ocrx_word' id='word_1_904' title='bbox 1358 5623 1379 5652; x_wconf 83' lang='grc'><strong>⁹</strong></span> <span class='ocrx_word' id='word_1_905' title='bbox 1408 5619 1469 5676; x_wconf 86' lang='lat' dir='ltr'><strong>F.</strong></span> <span class='ocrx_word' id='word_1_906' title='bbox 1502 5622 1672 5692; x_wconf 86' lang='grc' dir='ltr'>τούτῳ</span> <span class='ocrx_word' id='word_1_907' title='bbox 1699 5631 1753 5676; x_wconf 88' lang='lat' dir='ltr'><strong>et</strong></span> <span class='ocrx_word' id='word_1_908' title='bbox 1773 5618 1892 5676; x_wconf 84' lang='grc' dir='ltr'>εῐπε</span> <span class='ocrx_word' id='word_1_909' title='bbox 1921 5637 2019 5693; x_wconf 88' lang='lat' dir='ltr'><strong>pro</strong></span> <span class='ocrx_word' id='word_1_910' title='bbox 2047 5620 2173 5679; x_wconf 78' lang='grc' dir='ltr'>εἶδε.</span> <span class='ocrx_word' id='word_1_911' title='bbox 2312 5617 2323 5623; x_wconf 69' lang='grc'><em>’</em></span> <span class='ocrx_word' id='word_1_912' title='bbox 2661 5642 2663 5645; x_wconf 81' lang='lat'>&#39;</span> 
     </span>
    </p>
   </div>
  </div>
