3750 6200
114 248 260 305 1009
795 264 1166 327 ADVERSUS
1209 268 1546 325 I‘IERESES
1578 269 1709 326 LIB.
1751 273 1816 328 ll.
1858 273 2021 332 TOM.
2064 278 2105 331 Ι.
2141 310 2211 321 -—
2245 279 2521 338 IUERES.
2561 283 2739 341 LVIII.
3240 287 3381 345 lf‘lO

99 359 421 472 Erectheo.
447 370 595 472 ,Ἐπὶ
630 375 837 442 πάντας
890 382 993 451 μὲν
1028 378 1121 437 οὖν
1151 381 1227 438 ὣν
1259 384 1413 449 Θεὸς,
1456 385 1596 456 ἔχων

1852 394 1995 446 mnia
2023 394 2149 447 mihi
2182 396 2382 449 tradita
2424 406 2602 450 simtu
2642 397 2801 472 Patre
2840 413 2972 465 meo,
3009 407 3373 471 accurateque

101 449 253 558 ἴδιον
310 459 476 558 αύτοῦ
538 464 777 537 Πατέρα,
838 449 901 522 ὲν
954 472 1033 541 τῷ
1078 473 1285 543 λέγειν’
1352 449 1625 545 Ἀπέρχομ

1852 497 1903 539 )s
1950 483 2157 540 docuit.
2183 485 2278 541 Ille
2308 487 2495 557 itaque
2532 502 2698 558 supra
2723 468 2916 544 omnes
2956 487 3098 545 Deus
3136 449 3371 555 exstiIit,

95 543 270 646 asp-6c
299 546 711 646 :6r‘Hatépa.
761 559 825 611 Et
867 560 924 613 δὲ
971 557 1038 633 ἦν
1086 564 1249 627 αὐτὸς
1304 543 1625 637 Πατὴρξπρ

1852 588 1924 627 tm
1977 575 2338 632 nihilominus
2386 543 2843 633 Patrem-habeat
2896 594 3080 634 suum.
3111 578 3267 646 Quod
3303 543 3374 639 iis

97 638 271 690 ποῖον
300 640 519 713 Πατέρα
544 644 654 717 ἀρα
682 648 872 721 ἀπῄει,
903 649 949 705 ὧ
1004 654 1235 726 ἀνόητε;
1278 654 1445 710 Πάλιν
1471 656 1580 729 γάρ
1607 656 1696 710 λέο

1793 664 1978 719 verbis
2026 667 2343 735 expressit:
2388 666 2532 722 Vada
2572 669 2640 721 ad
2684 668 2958 722 Patrem’.
3002 668 3070 721 At
3109 671 3155 724 si
3199 669 3363 725 Pater

92 740 229 794 γει-
265 729 398 786 Ἵνα
428 729 582 790 ὦσιν
610 737 701 805 ἐν,
734 740 814 807 ὡς
849 742 966 812 ἐγὼ
998 744 1100 798 καὶ
1126 745 1208 801 σὺ
1244 745 1315 800 ἓν
1343 747 1548 817 ἐσμεν.

1792 764 1939 810 esset
1968 756 2104 825 ipse,
2132 772 2291 827 quem
2330 760 2551 814 tandem
2577 759 2644 812 ad
2678 758 2919 823 Patrem,
2952 773 2986 813 o
3020 758 3205 823 stulte,
3246 760 3361 814 dis-

1793 846 2041 899 cederet?
2064 843 2137 900 Ita
2164 847 2364 918 quippe
2400 863 2595 904 rursus
2626 848 2866 918 loquitur
2897 867 2911 902 :
2942 845 3009 902 Ut
3038 848 3145 903 sint
3176 864 3362 912 unum,

1789 935 1928 987 sicut
1958 952 2050 1005 ego
2069 944 2118 989 et
2147 945 2207 989 tu
2230 953 2390 991 unum
2413 954 2593 992 sumus
2616 939 2659 992 ⁸.
2980 934 2987 943 ’

1863 1027 1931 1082 Χ.
1988 1030 2198 1085 Etenim
2255 1028 2539 1100 Scriptura
2592 1030 2697 1084 hoc
2748 1031 3092 1100 potissimum
3137 1046 3360 1096 cavens,

1789 1133 1859 1173 ne
1887 1118 2136 1175 homines
2161 1118 2226 1173 ad
2257 1127 2503 1173 extrema
2528 1133 2759 1187 quaeque
2778 1118 3090 1183 deflectant,
3120 1118 3359 1173 medium

180 1021 241 1073 I'.
294 1020 405 1075 Ἀεὶ
436 1021 547 1094 γάρ
577 1025 610 1095 ἡ
637 1023 838 1096 Τραφὴ
894 1027 1301 1099 ἀσφαλιζομένη
1332 1027 1431 1092 τάς
1460 1029 1600 1083 κατά
1629 1030 1691 1085 τὸ

82 1108 277 1179 ἄκρον
330 1111 569 1177 πτώσεις
606 1113 716 1167 τῶν
758 1115 1082 1187 ἀνθρώπων,
1116 1120 1181 1173 ὲκ
1224 1121 1558 1191 πανταχόθεν
1598 1121 1689 1177 τὸν

80 1197 236 1251 νοῦν
269 1200 489 1268 συνάγει
520 1202 612 1255 ἐπὶ
650 1202 748 1275 τὴν
787 1203 962 1276 μέσην
991 1206 1089 1277 τῆς
1126 1208 1384 1281 ἀληθείας
1410 1211 1546 1267 ὁδόν.
1578 1212 1625 1265 Κ

1893 1210 2141 1266 veritatis
2186 1210 2289 1265 iter
2333 1210 2534 1280 ubique
2580 1225 2802 1265 sensum
2840 1209 3363 1281 intelligentiamque

80 1289 247 1359 πρὸς
290 1292 514 1357 τούτους
567 1294 667 1364 μὲν
696 1297 823 1361 τοὺς
870 1299 1189 1368 νομίζοντας
1220 1302 1499 1375 ἀλλότριον
1547 1300 1625 1357 εῖν

1857 1301 2084 1371 mpellit.
2120 1300 2483 1366 Quamobrem
2530 1307 2590 1353 ut
2638 1299 2744 1354 illis
2787 1308 3060 1365 occurrat,
3105 1301 3200 1369 qui
3236 1300 3362 1357 alie«

74 1380 195 1434 τὸν
235 1382 363 1438 nev
405 1385 499 1439 τοῦ
548 1387 781 1459 Πατρός,
818 1390 963 1460 φημὶ
999 1390 1056 1444 δὲ
1087 1392 1163 1456 ὡς
1201 1394 1415 1464 ’Ἄρειος
1455 1394 1625 1465 νομίξι

1852 1408 1918 1447 ιω
1951 1407 1979 1445 a
2022 1391 2182 1447 Patre
2211 1391 2410 1447 Filium
2439 1406 2563 1447 esse
2608 1391 2929 1461 praedicant,
2962 1405 3084 1461 quae
3112 1399 3194 1445 est
3218 1390 3358 1456 Arii,

76 1475 197 1527 καὶ
263 1476 423 1532 ἄλλαι
464 1479 725 1551 αἱρέσεις,
758 1480 940 1551 λέγει·
990 1483 1130 1553 Ἐγὼ
1159 1485 1257 1538 καὶ
1295 1488 1329 1539 ό
1370 1485 1572 1555 Πατὴρ
1615 1490 1625 1539 4‘

1890 1476 2119 1531 aliarum
2160 1485 2436 1531 sectarum
2470 1478 2676 1547 opinio,
2724 1478 2804 1533 sic
2844 1478 3125 1549 loquitur:
3155 1476 3267 1549 Ego
3308 1488 3360 1533 et

70 1565 323 1636 ἐσμεν-ο
358 1569 499 1641 πρὸς
546 1570 605 1624 δὲ
652 1572 778 1636 τοὺς
828 1572 1148 1645 νομίζοντας
1196 1574 1359 1628 αὑτὸν
1409 1570 1548 1629 εἶναι
1591 1577 1683 1631 τὸν

75 1655 342 1731 Πατέρα,
379 1660 471 1713 καὶ
497 1658 591 1715 τὸν
629 1660 790 1718 αὑτὸν
818 1657 957 1717 εἶναι
996 1663 1145 1728 Υἱὸν,
1176 1662 1267 1717 διὰ
1295 1662 1356 1717 τὸ
1381 1664 1678 1735 εἰρηκέναι,

1782 1568 1951 1623 Pater
1986 1585 2148 1623 unum
2178 1586 2362 1623 sumus
2379 1569 2423 1623 ⁸.
2470 1570 2673 1624 Contra
2702 1583 2857 1633 vero,
2891 1576 2951 1623 ut
2980 1584 3076 1625 eos
3118 1569 3356 1632 refellat,

1783 1659 1877 1728 qui
1933 1658 2184 1713 eumdem
2219 1674 2351 1715 esse
2372 1657 2592 1714 Patrem
2632 1667 2686 1714 et
2720 1658 2915 1714 Filium
2947 1667 3221 1726 asserunt,
3256 1674 3354 1729 pro

90 1747 263 1818 Ἐγὼ
290 1750 391 1805 καὶ
418 1753 453 1805 ό
487 1752 691 1821 Πατὴρ
716 1752 788 1807 ἒν
824 1754 1030 1823 ἐσμεν,
1061 1752 1212 1823 λέγει
1231 1771 1244 1783 ο
1280 1753 1548 1822 Ποίησον
1575 1770 1625 1807 a1

1878 1750 2021 1819 quod
2062 1750 2237 1804 dixit:
2272 1750 2378 1821 Ego
2414 1758 2463 1804 et
2485 1748 2650 1804 Pater
2695 1767 2858 1804 unum
2891 1767 3095 1815 sumus,
3142 1752 3215 1804 ita
3249 1752 3357 1806 alio

68 1838 263 1907 τοὺς,
294 1840 396 1895 ἶνα
419 1835 572 1897 ὦσιν
602 1841 692 1909 ἐν,
724 1842 920 1910 καθὼς
963 1844 1079 1914 ἐγὼ
1115 1843 1213 1898 καὶ
1240 1843 1321 1898 σὺ
1349 1843 1422 1898 ἓν
1454 1844 1673 1913 ἐσμενο

70 1929 180 1983 ἴνα
208 1931 549 2004 καταισχύνῃ
579 1933 787 2005 Νοητὺν
816 1934 912 1989 καὶ
954 1934 1052 2006 τὴν
1080 1934 1243 1988 αὐτοῦ
1290 1934 1502 2007 σχολὴν,
1530 1951 1675 2007 παρ-

64 2020 319 2089 αγαγὼν
369 2024 451 2088 είς
497 2025 562 2078 τὸ
612 2026 780 2097 μέσον
839 2025 941 2099 τὴν
989 2026 1099 2080 τῶν
1153 2025 1412 2097 μαθητῶν
1459 2026 1673 2083 ἕνωσιν.

66 2110 219 2174 Πῶς
258 2112 367 2183 γάρ
403 2112 635 2184 ἠδύνατο
662 2114 870 2187 Πέτρος
901 2116 995 2170 καὶ
1035 2116 1284 2187 Ἰωάννης
1303 2156 1318 2180 ,
1349 2116 1444 2170 καὶ
1469 2118 1516 2171 oi
1545 2116 1677 2171 καθ-

66 2200 222 2271 εξῆς
252 2199 390 2259 εἶναι
421 2204 480 2258 ἓν
521 2205 599 2270 ὡς
632 2206 1154 2278 κατάίσυναλοιφήη
1198 2206 1358 2262 Ἀλλά
1388 2207 1475 2261 διά
1502 2207 1564 2261 τὸ
1594 2202 1675 2261 εἴ·

60 2309 177 2345 ναι
208 2294 269 2348 ὲν
305 2297 404 2366 μιᾷ
432 2296 644 2367 ἑνότητι
674 2296 946 2369 θεότητος,
982 2299 1077 2352 καὶ
1104 2300 1163 2355 ὲν
1199 2300 1298 2371 μιᾷ
1328 2298 1543 2372 γνώμῃ,
1580 2298 1675 2352 καὶ

58 2383 341 2457 δυνάμει,
371 2388 452 2451 είς
478 2387 540 2441 τὸ
562 2386 1003 2459 ἀποκρούσασθαι
1032 2391 1212 2444 πᾶσαν
1244 2390 1498 2444 ὑπόνοιαν
1533 2388 1676 2444 κατά

64 2472 324 2548 θάτερον
363 2477 464 2547 τῆς
494 2476 753 2550 ἀληθείας
780 2481 1239 2553 ὲπανισταμένην.
1268 2482 1533 2547 Φίλιππος
1557 2483 1614 2536 δὲ
1646 2484 1674 2536 6

58 2564 249 2635 ἅγιος
279 2567 575 2633 ἀπόστολος
614 2568 816 2639 φάσκει
834 2587 849 2603 ·
882 2571 1091 2637 Δεῖξον
1118 2572 1264 2643 ἡμῖν
1292 2573 1401 2628 τὸν
1441 2574 1674 2644 Πατέρα

59 2673 229 2713 σου.
275 2658 333 2713 '0
349 2658 407 2713 δὲ
434 2654 587 2715 εἶπεν
603 2678 617 2693 ο
642 2661 707 2716 '0
735 2662 1005 2731 ἑωρακὼς
1023 2664 1148 2734 ἐμὲ,
1176 2664 1396 2734 ἑώρακε
1422 2665 1531 2721 τὸν
1556 2669 1675 2721 Πα-

60 2747 251 2816 τέρα.
295 2750 407 2803 Καὶ
437 2750 538 2804 οὐκ
576 2745 728 2806 εἷπεν
752 2764 765 2782 ⁶
785 2751 931 2823 Ἐγώ
954 2754 1071 2822 ειμι
1103 2755 1137 2807 ό
1164 2754 1367 2824 Πατήρ
1385 2771 1400 2785 ·
1451 2754 1586 2809 ἀλλὰ
1609 2753 1672 2808 τὸ

62 2839 193 2909 ἐμὲ
244 2844 506 2911 σημαῖνον
538 2842 610 2897 τά
646 2843 662 2874 ¹
714 2844 905 2898 ἑαυτὸν
950 2845 1124 2915 λέγων
1147 2861 1162 2878 '
1216 2845 1279 2899 τὸ
1326 2846 1406 2911 δὲ,
1452 2845 1672 2915 ἑώρακε

62 2932 193 2985 τὸν
227 2931 478 3001 Πατέρα,
509 2933 609 3005 οὐχ
643 2935 834 2988 ἑαυτὸν
879 2935 1071 3005 λέγων.
1107 2935 1269 2990 ’Δλλο
1288 2936 1397 3007 γὰρ
1426 2936 1508 3003 τὸ,
1542 2939 1668 3003 τὸν,

62 3024 181 3077 καὶ
219 3023 348 3078 ἄλλο
372 3024 453 3089 τὸ,
476 3025 603 3095 ἐμὲ,
648 3028 744 3081 καὶ
777 3027 905 3082 ἀλλο
931 3028 1070 3098 ἐγὼ,
1101 3030 1196 3083 καὶ
1225 3028 1412 3099 ἕτερον
1436 3028 1518 3097 τὸ,
1540 3029 1667 3099 ἐμέ.

1785 1838 1908 1893 loco
1938 1846 2195 1909 precatur
2220 1857 2233 1893 :
2259 1839 2373 1893 Fac
2401 1842 2562 1907 ipsos,
2587 1851 2644 1893 ut
2674 1842 2779 1895 sint
2813 1857 2996 1906 unum,
3028 1844 3163 1896 sicut
3192 1858 3283 1913 ego
3305 1851 3357 1897 et

1785 1940 1842 1985 tu
1879 1946 2041 1983 unum
2066 1947 2270 1985 sumus.
2305 1929 2425 1997 Quo
2454 1930 2624 1986 Noeto
2673 1932 2901 2002 ejusque
2944 1933 3143 1988 scholae
3177 1933 3353 2003 pudo-

1782 2035 1898 2075 rem
1935 2022 2186 2085 incutiat,
2226 2022 2355 2076 dum
2385 2022 2531 2076 illam
2562 2022 2959 2092 discipulorum
2998 2024 3355 2092 conjunctio-

1781 2108 1906 2167 nem
1936 2112 1989 2167 in
2028 2113 2268 2169 medium
2300 2112 2541 2167 adducit.
2571 2112 2688 2179 Qua
2715 2113 2860 2168 enim
2893 2114 3103 2168 ratione
3136 2112 3351 2179 Petrus,

1781 2211 1836 2259 et
1869 2202 2133 2268 Joannes,
2181 2212 2235 2258 et
2280 2202 2462 2258 caeteri
2504 2218 2672 2257 unum
2724 2217 2866 2269 esse,
2904 2203 3051 2257 velut
3098 2203 3152 2256 in
3186 2219 3355 2258 unum

1781 2296 2151 2351 coalescentes
2191 2295 2535 2365 confusique,
2581 2295 2911 2365 potuerunt?
2945 2294 3049 2349 Sed
3085 2308 3153 2349 eo
3190 2294 3355 2349 nimi-

1781 2400 1901 2440 rum
1930 2387 2023 2441 illa
2061 2387 2207 2442 dicta
2240 2395 2389 2452 sunt,
2425 2386 2570 2457 quod
2601 2386 2656 2440 in
2689 2387 2854 2441 unius
2886 2386 3191 2441 divinitatis
3219 2401 3355 2440 con-

1775 2481 2078 2551 junctione,
2128 2483 2428 2553 eademque
2492 2481 2764 2537 sententia
2818 2495 2882 2533 ac
2926 2480 3130 2535 virtute
3170 2479 3353 2533 consi-

1780 2581 1949 2638 stant,
1983 2581 2042 2628 ut
2076 2589 2232 2630 error
2264 2574 2445 2630 omnis
2486 2572 2809 2628 excludatur
2840 2586 2903 2624 ac
2951 2563 3187 2633 falsitas,
3233 2584 3355 2638 qua;

1780 2666 1992 2722 utravis
2027 2682 2090 2721 ex
2127 2672 2281 2737 parte
2308 2673 2500 2719 contra
2530 2666 2820 2720 veritatem
2846 2662 3117 2731 insurgat.
3148 2659 3354 2731 Philip-

1781 2772 1884 2827 pus
1918 2773 2051 2812 vero
2084 2756 2367 2827 apostolus
2398 2755 2547 2810 hunc
2576 2756 2631 2810 in
2659 2754 2881 2809 modum
2909 2752 3187 2808 Christum
3217 2750 3354 2805 allo-

1777 2848 2011 2917 quitur:
2046 2845 2273 2903 Ostende
2320 2845 2469 2901 nobis
2525 2844 2738 2901 Patrem
2781 2853 2948 2897 tuum.
2993 2842 3095 2898 Cui
3146 2841 3222 2896 ita
3264 2856 3354 2896 re-

1778 2940 1999 3009 spondit
2031 2959 2043 2994 :
2077 2939 2181 3005 Qui
2214 2938 2349 2993 videt
2378 2955 2480 3001 me,
2502 2938 2639 2992 videt
2659 2947 2708 2991 et
2730 2935 2941 2990 Patrem
2967 2951 3135 2989 meum
3152 2934 3194 2987 ⁸.
3233 2933 3349 2988 Non

1777 3031 1915 3085 dixit
1943 3049 1955 3083 :
1986 3028 2098 3101 Ego
2147 3047 2262 3084 sum
2295 3028 2454 3083 Pater
2477 3044 2494 3082 :
2519 3028 2612 3083 sed
2644 3043 2746 3092 me,
2792 3026 2936 3097 quod
2987 3026 3128 3080 idem
3175 3033 3260 3079 est
3288 3039 3352 3078 ac

64 3115 149 3167 El
196 3114 307 3187 γὰρ
350 3109 419 3185 ἦν
475 3116 505 3168 6
555 3116 720 3181 αὐτὸς
774 3117 985 3190 Πατὴρ,
1039 3119 1257 3189 ελεγεψ
1325 3118 1465 3189 Ἐγώ
1516 3122 1625 3190 εἰμι

1861 3137 2041 3190 psum,
2090 3120 2310 3190 adjecit.
2352 3120 2503 3183 Item,
2536 3118 2698 3184 ridet,
2739 3118 2937 3187 inquit,
2974 3116 3213 3180 Patrem,
3240 3129 3350 3169 non

64 3204 278 3277 ἐπειδὴ
317 3204 373 3257 δὲ
405 3204 507 3259 οὐκ
544 3207 706 3272 αὐτός
751 3210 899 3264 ἐστιν
944 3212 974 3264 6
1018 3210 1227 3283 Πατὴρ,
1264 3210 1399 3265 ἀλλά
1438 3213 1467 3265 6
1518 3211 1668 3280 Υίὸς,

62 3297 303 3368 ἀληθῶς
338 3295 521 3366 λέγει’
568 3298 633 3353 '0
663 3300 934 3369 ἑωρακὼς
970 3302 1095 3372 ἐμὲ,
1141 3302 1365 3372 ἑώρακε
1392 3301 1503 3355 τὸν
1550 3304 1669 3356 Πα-

64 3387 229 3457 τέρα
248 3406 264 3421 σ
313 3391 404 3447 ἵνα
440 3392 850 3465 ἀποκρούσηται
900 3393 1000 3465 τὴν
1040 3393 1135 3448 τοῦ
1182 3394 1392 3464 Ἀρείου
1428 3391 1671 3464 βλασφη-

68 3482 242 3551 μίαν,
286 3484 385 3554 τὴν
412 3483 504 3538 τὸν
529 3484 659 3539 Υίὸν
687 3484 796 3538 ἀπὸ
831 3484 925 3539 τοῦ
956 3486 1170 3558 Πατρὸς
1196 3484 1596 3557 ἀλλπριοῦσαν.

1777 3212 1968 3282 utique
1998 3211 2237 3280 seipsum
2275 3218 2691 3266 commemorat.
2726 3210 2886 3265 Aliud
2919 3210 3063 3265 enim
3099 3214 3179 3263 est
3217 3206 3350 3261 arti-

1776 3303 1936 3357 culus
1964 3301 2073 3365 iIle,
2106 3301 2219 3365 τόν,
2267 3302 2415 3357 aliud
2476 3316 2797 3371 pronomen,
2836 3300 2971 3371 ἐμέ,
3030 3296 3175 3352 aliud
3215 3293 3348 3364 ἑγὼ,

1777 3393 1925 3447 aliud
1965 3392 2087 3464 ὲμέ.
2120 3391 2251 3445 Nam
2297 3392 2341 3446 si
2374 3392 2490 3463 ipse
2514 3391 2677 3447 Pater
2725 3400 2894 3454 esset,
2926 3389 3135 3445 diceret
3170 3385 3353 3457 profe-

1780 3493 1909 3540 cto:
1947 3482 2057 3553 Ego
2091 3501 2228 3538 sum.
2263 3482 2447 3549 Quare
2494 3498 2617 3538 cum
2665 3483 2782 3553 ipse
2809 3482 2971 3536 Pater
3001 3479 3225 3533 minime
3256 3478 3349 3540 sit,

66 3575 178 3629 sed
214 3572 420 3643 Filius,
459 3596 587 3637 vere
630 3580 780 3635 istud
815 3582 1146 3651 usurpavit:
1192 3579 1297 3649 Qui
1320 3579 1459 3636 videt
1513 3595 1633 3645 me,
1698 3579 1833 3635 videt
1871 3588 1922 3635 et
1978 3578 2227 3644 Patrem;
2280 3579 2347 3634 ad
2392 3578 2737 3635 refutandam
2780 3577 2898 3632 Arii
2935 3572 3349 3645 blasphemiam,

67 3684 209 3739 quae
231 3668 431 3728 Filium
459 3675 664 3733 alienat
690 3688 719 3727 a
750 3671 931 3729 Patre.

154 3760 250 3814 Διὸ
276 3762 376 3831 τῆς
408 3762 589 3834 πάσης
615 3763 841 3835 Γραφῆς
869 3760 1057 3831 σαφῶς
1084 3763 1212 3833 περὶ
1245 3763 1501 3835 ἀληθείας
1537 3764 1669 3836 ἡμῖν

68 3852 185 3921 τὴν
212 3850 334 3905 ὁδὸν
362 3851 783 3923 ύποτιθεμένης,
830 3852 924 3906 καὶ
965 3851 1153 3905 τοῦτον
1182 3852 1272 3907 τὸν
1313 3853 1543 3924 Νοητὸν,
1574 3854 1670 3907 καὶ

70 3942 184 4011 τὴν
214 3940 381 3996 αὐτοῦ
424 3943 658 4016 αἵρεσιν,
701 3940 1015 4013 Νοητιανῶν
1065 3960 1228 4015 φημι,
1278 3945 1374 3997 σὺν
1408 3946 1527 4008 ταῖς
1573 3943 1671 3996 ἀλ-

72 4030 207 4094 λαις
255 4031 497 4101 αἱρέσεσι
543 4032 953 4104 παρωσάμενοι,
982 4032 1170 4104 ὥσπερ
1228 4034 1558 4105 όστρακίτην
1580 4032 1673 4088 τὸν

72 4120 420 4193 καλούμενον
448 4123 735 4196 δράκοντα,
766 4123 857 4177 τὸν
886 4124 961 4195 μὴ
985 4124 1282 4195 δυνάμενον
1320 4123 1669 4194 κάμπτεσθαι

73 4218 144 4269 ὲν
176 4214 260 4287 τῷ
286 4214 647 4271 καταδιώκειν
676 4216 977 4289 ἄνθρωπον,
1009 4218 1147 4289 μήτε
1187 4215 1336 4281 δεξιά
1366 4218 1504 4288 μήτε
1530 4216 1669 4269 εὐώ-

72 4324 255 4377 νυμα,
305 4307 653 4372 ἐκκλίναντες
705 4308 813 4363 ἀπὸ
857 4308 1022 4363 αὐτοῦ
1066 4325 1126 4361 τε
1182 4308 1277 4361 καὶ
1324 4307 1423 4379 τῆς
1473 4307 1668 4361 ἑαυτοῦ

1845 3752 1978 3819 Quae
2007 3768 2129 3807 cum
2158 3752 2232 3806 ita
2275 3752 2405 3814 sint,
2448 3766 2513 3807 ac
2549 3767 2673 3806 cum
2711 3767 2883 3807 sacrae
2914 3766 3107 3809 omnes
3135 3752 3355 3810 Litterae

1776 3843 1923 3897 viam
1953 3844 2112 3897 nobis
2144 3843 2392 3897 veritatis
2432 3844 2744 3899 certissime
2770 3844 3171 3921 demonstrent,
3205 3857 3357 3917 post-

1776 3949 1941 4004 quam
1974 3932 2205 3989 Noetum
2241 3933 2429 3997 istum,
2451 3934 2520 3987 ab
2547 3948 2723 4003 eoque
2751 3943 3103 4005 propagatam
3130 3936 3352 3993 Noetia-

1778 4040 1972 4081 norum
2002 4025 2170 4098 489
2199 4033 2428 4091 sectam,
2466 4039 2573 4077 una
2604 4039 2731 4078 cum
2759 4025 2987 4095 reliquis
3032 4028 3352 4097 repulimuo,

1778 4117 2007 4188 perinde
2062 4135 2125 4173 ac
2171 4118 2463 4171 draconem
2511 4115 2686 4178 illum,
2732 4117 2825 4186 qui
2862 4102 3196 4183 'ostracites,
3239 4122 3355 4177 sive

1778 4218 2035 4265 testaceus
2079 4209 2312 4273 dicitur,
2359 4207 2607 4278 quicum
2646 4207 2923 4263 hominem
2977 4212 3350 4281 persequitur,

1778 4316 1955 4372 neque
1987 4299 2044 4355 in
2073 4301 2345 4367 dextram,
2385 4314 2563 4369 neque
2598 4298 2654 4353 in
2699 4298 2980 4355 sinistram
3018 4311 3229 4370 partem
3263 4301 3355 4357 lle-
3384 4290 3392 4331 ⁵

74 4398 309 4469 σχολῆς,
349 4399 443 4453 καὶ
497 4399 818 4472 μοχθηρίας,
851 4400 944 4452 ἐπὶ
976 4400 1076 4463 τὰς
1108 4398 1238 4468 ἑξῆς
1275 4397 1502 4468 δυνάμει
1534 4397 1625 4451 Θεε

1852 4409 1922 4448 πε
1955 4408 2014 4449 se
2048 4394 2157 4448 ullo
2190 4392 2351 4446 modo
2388 4399 2601 4461 potest:
2633 4391 2701 4445 ab
2730 4391 2822 4445 illo
2855 4391 3096 4454 demum,
3122 4393 3354 4463 ejusque

71 4488 175 4542 τὸν
209 4487 336 4541 νοῦν
363 4489 733 4561 ἀκοντίσωμεν
755 4490 889 4560 πρὸς
906 4490 1155 4561 διήγησιν
1183 4489 1278 4542 καὶ
1316 4488 1536 4559 ἔλεγχον
1563 4487 1625 4541 τᾶ

1852 4487 1978 4549 tela,
2008 4492 2062 4541 et
2094 4484 2440 4556 improbitate
2481 4482 2846 4545 declinantes,
2890 4481 2958 4535 ad
3000 4491 3229 4539 caeteras
3262 4484 3351 4539 di-

74 4581 141 4631 ὲν
183 4579 379 4644 αὐταῖς
409 4579 847 4652 ἐπινενοημένων
898 4581 1039 4636 κατά
1080 4581 1181 4653 τῆς
1227 4579 1484 4652 ἀληθείας
1529 4579 1672 4646 ξενο-

72 4671 301 4738 λεξιῶν.

573 4876 765 4929 ΚΑΤΑ
803 4877 1217 4945 ΟΥΑΛΗΣΙΩΝ,

156 4964 487 5034 Τριακοστὴ
526 4966 728 5036 ὀγδόη,
759 4970 797 5037 ἠ
827 4970 927 5023 καί
965 4972 1343 5041 πεντηκοστὴ
1375 4973 1574 5038 ὀγδόη.

154 5052 238 5105 A’.
270 5052 405 5124 Περὶ
436 5054 755 5126 Ούαλησίων
783 5056 1057 5128 ἀκούομεν
1087 5057 1370 5122 πολλάκις,
1398 5059 1458 5111 οὐ
1491 5058 1675 5128 μέντοι

79 5143 339 5214 ἔγνωμεν
378 5143 502 5207 ποῦ,
547 5145 633 5210 τίς
664 5146 698 5217 ἢ
748 5146 914 5202 πόθεν
958 5148 1203 5218 ὡρμᾶτο,
1239 5150 1272 5219 ἢ
1327 5149 1380 5201 τί
1413 5147 1604 5215 λέγων,
1641 5148 1674 5217 ἢ

80 5237 380 5305 νουθετῶν,
411 5240 446 5309 ἢ
499 5240 870 5312 φθεγγόμενος
919 5241 949 5293 ὁ
999 5244 1211 5314 Οὐάλης
1240 5234 1416 5308 οὗτοςζ
1448 5244 1522 5297 Τὸ
1572 5244 1672 5314 μὲν

78 5331 282 5399 ἥνομα,
333 5330 625 5402 Ἀραϐικὸν
658 5331 735 5402 (1)
780 5332 1045 5404 ὑπάρχον,
1088 5334 1210 5387 τινὰ
1241 5334 1495 5387 ὑπόνοιαν
1538 5335 1672 5403 ἡμῖν

78 5422 273 5477 δίδωσι
316 5422 663 5494 διανοηθῆναι
719 5424 929 5491 τοῦτον,
988 5426 1081 5478 καὶ
1122 5428 1220 5497 τὴν
1251 5422 1414 5479 αὐτοῦ
1458 5424 1671 5496 αἵρεσιν

1772 4581 1900 4634 vina
1929 4594 2030 4649 ope
2058 4579 2181 4633 freti
2204 4577 2444 4632 animum
2468 4576 2814 4646 adjiciamus,
2858 4581 2918 4629 ut
2948 4576 3265 4646 peregrinas
3294 4587 3353 4634 et

1776 4669 2052 4727 absurdas
2082 4668 2297 4724 dicendi
2323 4669 2570 4725 rationes
2593 4668 2861 4722 adversus
2890 4667 3166 4723 veritatem
3200 4670 3253 4724 iu
3285 4670 3350 4723 il-

1777 4761 1847 4817 lis
1874 4762 2209 4834 excogitatas
2242 4769 2526 4832 pertexere
2573 4778 2638 4816 ac
2675 4762 3003 4833 redarguere
3047 4764 3347 4836 possimus.

2211 4873 2493 4929 CONTRA
2538 4873 2890 4939 VALESIOS,

2066 4964 2299 5021 eresis
2332 4965 2670 5032 XXXVIII,
2700 4967 2805 5021 sive
2840 4965 3071 5023 LVIII.

1850 5060 1892 5112 I.
1935 5056 2322 5129 Saepenumero
2359 5060 2427 5115 de
2472 5057 2708 5115 Valesiis
2754 5060 3100 5129 audivimus,
3151 5060 3226 5115 ita
3274 5069 3355 5115 ta-

1780 5166 1904 5207 men
1934 5158 1994 5205 ut
2020 5150 2088 5205 de
2118 5149 2337 5213 illorum
2368 5160 2597 5207 auctore
2621 5150 2868 5219 Valente,
2896 5153 3118 5208 ubinam
3151 5153 3197 5208 is
3227 5171 3353 5226 gen-

1778 5242 1915 5295 tium
1966 5241 2154 5305 fuerit,
2200 5250 2295 5294 aut
2336 5239 2610 5295 undenam
2661 5242 2934 5300 excitatus
2981 5243 3181 5308 fuerit,
3234 5259 3354 5314 qua

1777 5332 1926 5388 illius
1958 5331 2127 5399 dicta,
2157 5346 2279 5403 quae
2301 5339 2572 5403 praecepta
2598 5346 2663 5389 ac
2704 5349 2988 5393 sermones
3012 5336 3347 5397 exstiterint,

1778 5424 2019 5479 nondum
2048 5424 2355 5496 comperire
2390 5425 2751 5496 potuerimus.
2784 5426 3107 5499 Quanquam
3137 5442 3203 5482 ex
3234 5426 3354 5497 ejus

156 5565 173 5597 ¹
208 5561 339 5617 Cor.
372 5568 633 5635 σημαῖνον
661 5567 741 5623 τό.
819 5569 841 5601 ¹
878 5565 1035 5623 Joan.
1072 5582 1183 5629 xw,
1220 5566 1305 5621 10.
1380 5565 1400 5598 ³
1428 5563 1585 5621 Joan.
1622 5584 1625 5619 ς

1852 5606 1871 5621 η.
1948 5568 1970 5599 ⁸
1998 5564 2158 5624 Joan.
2183 5583 2239 5635 ι,
2263 5567 2355 5624 30.
2426 5570 2447 5601 '
2484 5567 2642 5626 Joan.
2680 5586 2791 5636 xiv,
2822 5570 2879 5637 8,
2914 5571 2970 5627 9.

155 5722 239 5798 (1)
287 5720 355 5779 Τὸ
381 5721 499 5795 μὲν
544 5721 728 5792 ὄνομα
768 5722 1096 5791 Ἀριτσικόν.
1131 5719 1242 5775 lmo
1272 5716 1527 5775 Latinum
1609 5718 1818 5775 Valens.
