3750 6200
36 236 238 294 1015

788 239 1150 297 ADVERSUS
1192 240 1532 298 IIIEIIESES
1570 241 1698 298 LIB.
1733 245 1800 299 II.
1845 242 2009 300 TOM.
2055 243 2094 297 I.
2140 273 2207 283 —-—
2239 242 2512 301 IIA‘ZRES.
2548 242 2729 298 LVIII.

3229 235 3368 294 1οη

36 353 254 421 παρὰ
310 351 371 403 ἒν
414 351 574 421 μέλος
609 350 876 422 γίνεσθαι,
903 358 1015 411 τῶν
1046 358 1220 412 ἄλλων
1254 360 1328 430 μὴ
1366 359 1522 413 τοῦτο
1552 360 1690 429 πλη-

1891 370 1984 425 :rt,
2020 360 2165 429 quod
2201 359 2271 415 ab
2303 360 2410 414 illis
2443 358 2753 414 asseritur?
2781 356 2917 410 Cum
2946 354 3090 411 enim
3116 352 3369 407 universa

46 442 352 509 ρούντων
378 459 392 505 ;
424 441 484 495 Εἰ
522 441 578 494 δὲ
604 443 877 514 ἐγείρεται
932 446 994 498 τὸ
1033 447 1191 518 σῶμα
1222 450 1517 528 (ἐγείρεται
1541 450 1694 521 γὰρ),

46 531 214 594 πῶς
251 532 539 601 ἐνδέχεται
567 532 647 586 ἔτι
677 538 737 587 ὲν
772 536 1019 607 βασιλείᾳ
1068 539 1312 611 οὐρανῶν
1335 540 1571 611 λώϐησις
1614 542 1699 609 γί-

44 625 336 689 νεσθαι;
370 626 441 676 ’Ἣ
476 624 594 688 πῶς
626 626 725 680 οὐκ
756 627 909 681 ἔσται
944 628 1198 701 ἀπρεπὴς
1226 633 1261 700 ἡ
1303 630 1548 701 βασιλεία
1588 632 1698 685 τῶν

44 714 378 783 οὐρανῶν,
420 715 640 787 ἐπισινῆ
683 716 913 787 σώματα
936 719 1134 789 ἔχουσα
1162 721 1299 790 πρὸς
1330 721 1519 788 δόξαν;
1552 724 1613 775 Εἰ
1639 723 1697 775 δὲ

50 798 241 861 ὅλως
271 801 372 852 xui.
402 800 640 872 τμηθείη
689 803 751 857 τὺ
794 805 952 874 μέλος
983 806 1046 858 τὸ
1074 808 1446 873 σκανδαλίζον,
1479 812 1589 882 ἄρα
1620 811 1727 864 τέ-’

52 907 343 961 τμηται,
384 894 478 945 καὶ
519 894 617 963 οὐχ
642 895 877 965 ἥμαρτε.
926 897 1145 968 Τμηοὲν
1183 898 1263 966 δὲ,
1291 901 1385 953 καὶ
1430 901 1504 972 μὴ
1531 903 1703 973 ἁμαρ-

58 980 309 1076 τῇσαν,
345 981 475 1035 αὐτὸ
503 983 584 1035 δεῖ
615 983 832 1053 πρῶτον
862 986 1078 1042 πάντων
1110 988 1404 1061 ἀναστῆναι
1430 990 1504 1061 μὴ
1531 992 1704 1063 ἁμαρ-

62 1084 161 1135 τη
171 1084 313 1121 σαν.

1795 451 2041 505 membra
2093 451 2317 505 cmleste
2347 463 2577 518 regnum
2624 447 2844 501 minime
2884 444 3093 516 ingredi
3133 443 3368 513 possint,

1796 540 1927 609 quid
1963 541 2157 594 attinet
2187 554 2298 601 uno
2329 539 2508 594 solum
2551 536 2794 592 mutilari
2848 535 3113 600 membro,
3149 548 3273 587 cum
3317 532 3372 584 id

1796 628 1902 681 alia
1957 644 2301 699 nequaquam
2360 625 2685 698 perﬁciant?
2728 622 2849 678 Iam
2902 638 3031 677 vero
3078 622 3124 678 si
3173 635 3373 689 corpus

1794 723 2066 776 excitatur
2094 720 2205 791 (uti
2236 734 2363 774 vere
2395 716 2636 786 accidit),
2678 723 2832 772 estne
2885 722 2944 768 ut
2971 715 3024 767 in
3054 728 3220 783 regno
3264 727 3377 766 eu:-

1796 815 1973 869 lorum
2026 826 2281 865 mancum
2332 808 2537 879 aliquid
2589 808 2659 861 sit
2697 813 2792 861 aut
2840 805 3134 860 mutilum?
3188 803 3378 858 Nonne

1799 900 1976 969 turpis
2007 896 2255 968 quaedam
2282 895 2524 951 caelestis
2568 894 2716 949 illius
2756 896 2908 964 regni
2940 889 3380 960 futura'species

1800 999 1906 1054 est,
1936 990 1983 1044 si
2014 997 2269 1043 truncata
2293 987 2536 1041 membra
2565 985 2632 1039 ad
2670 984 3057 1054 sempiternam
3092 982 3240 1035 illam
3266 982 3382 1049 glo-

1802 1081 1937 1136 riam
1985 1077 2385 1133 admittantur?
2438 1076 2709 1131 Praeterea
2770 1075 2816 1130 si
2872 1073 3182 1128 membrum
3224 1069 3379 1134 illud,

66 1162 268 1262 Quod.
293 1164 615 1262 scandalum
648 1167 874 1236 prabet,
903 1170 1210 1227 abscissum
1235 1171 1420 1237 fuerit,
1484 1180 1823 1242 amputatum
1856 1174 2045 1243 utique
2068 1179 2153 1227 est
2173 1209 2189 1236 ,
2244 1185 2309 1225 ac
2336 1170 2563 1239 proinde
2590 1183 2691 1224 nec
2715 1170 2982 1238 peccavit.
3046 1163 3204 1231 Quod
3255 1178 3379 1218 cum

74 1253 174 1308 ila
219 1255 327 1319 δῖε»
372 1256 612 1325 primum
646 1260 891 1315 omnium
928 1277 1220 1333 resurgere
1248 1267 1426 1334 ipsum
1456 1274 1692 1335 Oportet,
1721 1268 1867 1336 quod
1890 1264 2115 1320 minime
2151 1238 2479 1333 peccaverit.
2602 1272 2605 1275 '
3461 1238 3468 1245 ’

172 1346 262 1400 I".
310 1350 465 1402 Ὅσοι
502 1351 557 1404 δὲ
586 1354 665 1416 εἰς
692 1354 753 1405 τὸ
784 1355 1072 1426 πρόχειρον
1112 1357 1188 1428 (4)
1217 1358 1375 1412 τοῦτο
1419 1358 1579 1430 ἔργον
1624 1359 1703 1413 ἔν-

74 1438 333 1507 τολμοι,
365 1440 472 1493 ἀπὸ
506 1443 721 1495 πάντων
751 1445 978 1509 ἑαυτοὺς
1014 1446 1309 1516 ἠθέτησαν,
1342 1449 1437 1502 καί
1473 1432 1705 1519 ἀπηλλο-

82 1529 386 1597 τρίωσαν.
415 1531 551 1585 Οὔτε
584 1532 691 1604 γὰρ
724 1534 917 1607 ἄνδρες
954 1537 1061 1589 εἰσὶ
1104 1537 1191 1590 διὰ
1236 1540 1298 1591 τὸ
1329 1540 1701 1611 ἀφῃρημένον,

88 1621 243 1674 οὔτε
293 1628 551 1691 γυναῖκες
595 1625 853 1683 δύνανται
902 1623 1041 1681 εἶναι
1084 1628 1171 1682 διὰ
1208 1630 1270 1681 τὸ
1320 1631 1471 1701 παρὰ
1519 1631 1703 1700 φύσιν.

95 1712 409 1782 Προέλαΰε
446 1715 461 1744 ¹
491 1714 546 1766 δὲ
582 1717 674 1774 καὶ
713 1720 744 1787 ἡ
778 1717 872 1770 τοῦ
908 1719 1175 1787 στεφάνου
1217 1718 1311 1771 τοῦ
1348 1719 1582 1787 ἀγῶνος,
1614 1721 1709 1774 καὶ

96 1801 386 1870 βραϐείου
416 1802 606 1856 τούτου
637 1807 944 1875 ἐπωνυμία.
974 1807 1105 1860 Οὐδὲ
1131 1808 1378 1879 ὁπότεροι
1402 1808 1509 1880 γὰρ
1534 1811 1709 1879 φανήο

98 1907 317 1942 σονται
370 1884 514 1945 οὗτοι
564 1894 672 1946 τῶν
705 1894 876 1964 τριῶν
912 1895 1117 1959 τάξεων
1146 1896 1254 1949 τῶν
1298 1896 1568 1967 εὐνούχων
1601 1897 1713 1951 τῶν

94 1979 231 2032 ὑπὸ
263 1982 472 2052 Κυρίου
501 1984 831 2055 εἰρημένων.
861 1984 995 2038 Εἰσὶ
1028 1985 1158 2055 γὰρ,
1194 1987 1378 2056 φησίν,
1406 1988 1709 2057 εὐνοῦχοι,
1754 2004 1760 2009 ’

95 2074 171 2127 οἳ
202 2074 281 2127 ἐκ
310 2077 541 2142 κοιλίας
558 2077 785 2145 μητρὸς
805 2077 1003 2133 αὐτῶν
1018 2078 1457 2149 ἐγεννήθησαν.
1485 2081 1711 2133 Ἐκεῖνοι

100 2167 236 2237 γὰρ
286 2167 521 2221 ἀναίτιοί
552 2170 658 2221 είσι
705 2169 803 2239 τῆς
848 2169 1029 2223 αὐτῶν
1072 2170 1389 2240 εὐνουχίας·
1424 2171 1548 2224 οὐτε
1606 2171 1715 2241 μὴν

100 2257 405 2327 ἁμαρτίαν
440 2256 671 2325 ἔχοντες,
712 2258 799 2311 διὰ
845 2258 906 2311 τὸ
953 2257 1125 2323 οὕτως
1170 2258 1529 2331 γεγενῆσθαι·
1584 2258 1711 2313 οὐτε

103 2346 293 2399 πάλιν
318 2346 592 2417 ἁμαρτίαν
622 2348 912 2419 δυνάμενοι
946 2350 1226 2419 πράττειν,
1257 2350 1713 2420 τὴν,ἁφροδισὶων

108 2438 277 2515 φημί
302 2454 315 2467 ο
364 2438 551 2509 ἐπειδὴ
588 2439 664 2510 μὴ
712 2439 924 2509 πέφυκε
967 2441 1154 2505 αὐτοῖς
1196 2442 1266 2496 τὰ
1296 2442 1587 2497 παιδοποιὰ
1614 2444 1713 2514 ὄρ·

108 2544 297 2593 γανα,
339 2527 409 2580 τὰ
453 2529 517 2581 ὲκ
558 2528 692 2607 βεσῦ
741 2530 1095 2601 κεκτισμένα.
1154 2530 1305 2584 Ἀλλ’
1349 2530 1476 2586 οὐτε
1525 2532 1717 2604 μισθὸν

110 2618 353 2689 ἔχουσιν
379 2619 659 2690 εὐνουχίας
686 2620 964 2690 βασιλείας
987 2622 1253 2693 οὐρανῶν,
1290 2623 1378 2677 διὰ
1406 2624 1468 2677 τὸ
1504 2624 1716 2695 ἀγῶνος

118 2712 208 2781 μὴ
238 2712 584 2783 ’μεμυῆσθαι
615 2715 657 2765 ³.
701 2714 765 2766 Et
810 2713 868 2767 δὲ
914 2715 1010 2767 καὶ
1053 2714 1355 2786 ἐπιθυμιῶν
1409 2717 1720 2789 μεμύηνται

112 2803 177 2853 οἱ
221 2800 472 2869 τοιοῦτοι,
512 2801 587 2874 μὴ
623 2803 911 2874 δυνάμενοι
953 2805 1235 2876 πράττειν,
1289 2807 1384 2859 καὶ
1429 2807 1506 2878 μὴ
1544 2808 1720 2880 πράτ-

119 2910 346 2956 τοντες,
383 2893 572 2964 μισθὸν
601 2895 702 2948 οὐκ
731 2894 963 2966 ἔχουσιν.
1000 2896 1076 2950 Οὐ
1119 2896 1230 2968 γὰρ
1263 2897 1354 2951 διὰ
1382 2897 1446 2951 τὸ
1474 2898 1549 2970 μὴ
1596 2898 1720 2969 βού-

124 2983 349 3048 λεσθαι,
392 2984 452 3037 τὸ
483 2985 645 3056 ἔργον
697 2988 826 3057 παρ’
864 2987 1050 3050 αὐτοῖς
1092 2988 1161 3041 οὐί
1187 2989 1537 3060 πέπρακται,
1583 2990 1721 3045 ἀλλὰ

123 3075 229 3128 διὰ
275 3075 337 3128 τὸ
380 3075 455 3147 μὴ
503 3054 791 3131 ὐύνασθαιί
828 3077 939 3134 Καὶ
981 3076 1122 3148 αὐτη
1163 3077 1264 3149 μὲν
1378 3054 1571 3150 ἀγωγὴ
1620 3079 1722 3150 τῆς
1748 3054 1791 3113 c

132 3169 366 3241 πρώτης
397 3170 501 3222 ὐπὸ
543 3170 751 3241 Κυρίου
800 3169 1097 3241 εἰρημένης
1142 3170 1446 3239 εὐνουχίας,
1495 3172 1593 3242 τῆς
1634 3171 1723 3226 διὰ

130 3262 253 3315 τῶν
300 3262 550 3334 μητέρων
578 3261 945 3332 γεννωμένης,
976 3261 1037 3329 ὲξ
1065 3256 1140 3319 ῶν
1179 3263 1241 3317 οὐ
1284 3261 1544 3318 δύνανται
1571 3256 1718 3318 οὗτοι

132 3356 433 3427 ὑπάρχειν.

1884 1359 1971 1413 III.
2012 1357 2213 1414 Verum
2242 1357 2557 1428 quicunque
2596 1357 2663 1411 ad
2699 1355 2805 1409 hoc
2842 1353 3264 1424 perpetrandum
3301 1351 3385 1404 fa-

1810 1452 1970 1507 cinus
2010 1451 2245 1521 prompti
2302 1458 2430 1505 sunt
2483 1461 2536 1506 et
2578 1450 2834 1514 audaces,
2880 1447 2949 1501 ab
2995 1445 3143 1500 omni
3190 1458 3388 1514 genere

1812 1543 2096 1597 hominum
2126 1542 2335 1595 alienos
2360 1556 2418 1596 se
2443 1549 2801 1608 cxtorresque
2835 1538 3102 1593 fecerunt.
3135 1534 3268 1588 Nam
3293 1550 3389 1588 ne-

1812 1649 1921 1703 que
1964 1634 2065 1687 viri
2106 1641 2255 1696 sunt,
2292 1644 2511 1704 propter
2558 1637 2896 1700 amputatam
2952 1628 3099 1681 illam
3142 1625 3401 1694 corporis

1814 1732 2064 1795 partem;
2101 1739 2280 1794 neque
2327 1723 2563 1787 feminae,
2608 1728 2947 1793 repugnante
2990 1719 3200 1774 scilicet
3226 1715 3389 1789 491

1813 1825 2025 1874 natura:
2050 1818 2387 1883 conditione,
2421 1832 2543 1872 esse
2575 1825 2830 1887 possunt.
2866 1812 2971 1868 Sed
2995 1820 3050 1867 et
3078 1810 3391 1867 istiusmodi

1813 1906 2131 1961 certaminis
2165 1919 2369 1959 corona
2416 1918 2479 1958 ac
2528 1903 2807 1974 praemium
2849 1899 3213 1971 appellatione
3241 1896 3392 1951 nulla

1812 1997 2031 2066 concipi
2072 2003 2272 2066 potest.
2308 1993 2589 2064 Siquidem
2622 2009 2689 2047 ex
2734 1991 2914 2045 tribus
2947 1988 3250 2060 spadonum
3297 2002 3392 2040 or-

1813 2090 2059 2152 dinibus,
2092 2102 2234 2158 quos
2272 2085 2538 2140 Dominus
2570 2082 2869 2147 recensuit,
2914 2080 2981 2134 ad
3016 2079 3226 2134 nullum
3274 2091 3393 2130 om-

1814 2182 1948 2236 nino
1969 2178 2218 2234 revocari
2253 2182 2505 2248 possunt.
2546 2173 2680 2228 Sunt
2709 2174 2871 2238 enim,
2909 2169 3111 2241 inquit,
3147 2166 3394 2233 eunuchi,

1815 2276 1903 2343 qui
1927 2288 1990 2327 ex
2015 2280 2190 2326 ventre
2218 2270 2404 2324 matris
2432 2284 2542 2323 sua:
2564 2266 2679 2321 nati
2702 2272 2824 2319 sunt
2853 2263 2893 2316 ³.
2922 2262 3002 2316 Illi
3033 2275 3159 2316 vero
3191 2259 3396 2313 nullatn

1816 2363 2175 2420 castrationis
2204 2377 2318 2418 suae
2353 2359 2571 2429 culpam
2613 2357 2922 2422 sustinent;
2960 2368 3139 2425 neque
3181 2352 3294 2407 ullo
3337 2365 3399 2405 se

1818 2457 2022 2512 scelere
2049 2454 2482 2515 obstrinxerunt,
2528 2464 2595 2505 co
2618 2446 2766 2518 quod
2797 2447 2872 2501 ita
2895 2445 2949 2500 in
2979 2445 3157 2499 lucem
3181 2441 3401 2512 prodie-

1819 2549 1949 2603 rint.
1993 2546 2100 2601 Sed
2145 2559 2323 2613 neque
2374 2547 2666 2613 peccatum
2718 2538 2889 2593 ullum
2941 2535 3234 2591 admittere
3270 2547 3395 2603 pos-

1820 2646 1970 2703 sum,
2009 2636 2157 2707 quod
2187 2636 2256 2690 ad
2284 2649 2397 2690 rem
2429 2632 2649 2703 quidem
2677 2642 2967 2685 veneream
3011 2625 3241 2692 attinet;
3270 2638 3399 2678 cum

1820 2729 2084 2785 membris
2118 2728 2228 2782 illis
2270 2733 2514 2786 careant,
2548 2736 2670 2792 quae
2713 2719 2780 2775 ad
2812 2718 3018 2776 sobolis
3056 2716 3402 2788 propagatio-

1821 2836 1945 2875 nem
1981 2834 2011 2873 a
2042 2818 2152 2874 Deo
2183 2824 2314 2873 sunt
2343 2814 2583 2869 condita.
2616 2813 2847 2881 Ideoque
2876 2810 3086 2866 nullum
3121 2824 3188 2863 ex
3218 2822 3283 2863 ea
3314 2820 3402 2860 ca-

1823 2909 2090 2966 stratione
2143 2907 2297 2977 regni
2344 2905 2586 2961 caelestis
2621 2902 2904 2973 pragmium
2942 2900 3213 2963 obtinent,
3253 2898 3403 2968 quod

1824 2998 2146 3079 certaminis
2185 2998 2364 3067 ipsius
2394 3011 2461 3050 ne
2509 2993 2860 3050 meminerint
2886 2992 3129 3062 quidem.
3160 2989 3319 3057 Quod
3352 2988 3403 3044 si

1825 3089 2187 3161 cupiditatum
2252 3086 2743 3153 illecebrarumque
2804 3080 3208 3144 recordentur,
3271 3094 3402 3134 cum

1822 3178 1971 3249 quod
2018 3177 2165 3231 factu
2195 3183 2280 3230 est
2316 3173 2472 3229 nefas
2505 3173 2717 3228 cllieere
2758 3171 2909 3225 nullo
2956 3170 3117 3224 modo
3164 3167 3403 3239 possint,

1822 3270 1878 3323 in
1910 3284 1975 3324 eo
2000 3267 2150 3338 quod
2184 3265 2483 3329 abstinent,
2517 3263 2655 3319 nihil
2678 3262 2968 3321 ,ntercedis
3000 3268 3403 3331 promerentur.

1820 3359 2007 3429 Neque
2049 3358 2195 3414 enim
2242 3373 2311 3413 ex
2343 3372 2430 3422 eo,
2461 3355 2607 3426 quod
2652 3353 2940 3410 admittere
2978 3350 3276 3415 noluerint,
3308 3348 3407 3406 sed

133 3449 293 3520 quod
330 3465 434 3503 non
466 3449 762 3518 potuerint,
798 3463 905 3503 non
951 3455 1036 3504 est
1068 3449 1137 3503 ab
1191 3448 1301 3505 illis
1327 3447 1543 3504 facinus
1570 3448 1708 3504 illud
1747 3452 1927 3523 reipsa
1954 3451 2281 3523 profectum.
2313 3450 2493 3521 Atque
2522 3449 2627 3504 hoc
2655 3448 2889 3518 primum
2948 3457 3034 3504 est
3099 3446 3405 3518 spadonum

136 3557 317 3611 genus
346 3540 558 3597 Domini
588 3541 837 3596 oratione
866 3540 1225 3609 declaratum,
1276 3540 1423 3611 quod
1454 3539 1569 3611 jam
1598 3546 1715 3597 tum
1753 3545 1949 3602 matris
1986 3560 2056 3601 ex
2087 3551 2244 3602 utero
2274 3542 2499 3615 prodiit.
2541 3539 2688 3599 Inter
2753 3554 2895 3611 quos
2930 3553 3092 3595 nemo
3129 3538 3253 3593 illos
3317 3551 3407 3591 re-

141 3630 351 3684 tulerit.

219 3721 292 3774 A’.
335 3718 445 3773 Καὶ
494 3720 655 3774 εἰσιν
698 3722 1000 3791 εὐνοῦχοι,
1030 3723 1249 3788 οἵτινες
1285 3722 1406 3777 ὑπὸ
1465 3724 1585 3779 τῶν
1620 3723 1725 3780 ἀν-

143 3809 393 3878 θρώπων
419 3811 935 3881 εὐνουχίσθησαν,
965 3815 1132 3885 φησὶν
1168 3815 1198 3866 ὁ
1224 3815 1417 3885 Σωτήρ
1435 3830 1451 3846 ο
1484 3815 1577 3869 καὶ
1601 3813 1725 3869 οὐτε

143 3901 262 3955 ἀπὸ
294 3901 495 3955 τούτων
530 3903 672 3957 εἰσὶν
714 3904 764 3956 οἱ
815 3904 1225 3976 προειρημένοι.
1270 3898 1431 3959 Οὗτοι
1466 3904 1567 3975 μὲν
1615 3905 1724 3976 γὰρ

146 3994 445 4063 γεννῶνται
463 4011 478 4027 ο
501 3996 551 4048 οἱ
589 3995 646 4048 δὲ
676 3996 782 4049 ὐπὸ
810 3994 1112 4067 ἀνθρώπων
1143 3995 1582 4067 εὐνουχισθέντες
1606 3996 1724 4049 ἓνε-

151 4105 252 4140 κεν
281 4088 586 4158 χρήσεωςῆ
624 4088 907 4159 βασιλικῆς
938 4089 971 4160 ἢ
1011 4088 1359 4161 ἁρχοντικῆς.
1404 4087 1726 4158 Βουλόμενοι

157 4180 273 4251 γάρ
294 4197 435 4243 τινες
462 4180 573 4233 τῶν
603 4181 893 4252 βαρϐάρων
938 4180 1199 4251 βασιλεῖς,
1226 4180 1260 4252 ἢ
1306 4180 1401 4233 καὶ
1448 4178 1722 4249 τύραννοι,

155 4272 481 4341 ζηλοτυπίας
513 4272 676 4343 χάριν
713 4273 808 4325 καὶ
840 4258 1095 4335 ὐπονοίας
1126 4273 1225 4344 τῆς
1254 4272 1391 4341 πρὸς
1416 4271 1515 4335 τὰς
1547 4287 1724 4340 γαμε-

155 4363 259 4424 τὰς
286 4361 381 4424 τὰς
407 4362 562 4425 ἰδίας,
595 4362 673 4415 ἔτι
705 4362 903 4432 κομιδῇ
938 4363 1096 4426 νέους
1127 4363 1254 4425 τοὺς
1286 4362 1483 4424 παῖδας
1512 4360 1727 4431 λαμϐά-

156 4469 339 4518 νουσι,
379 4454 473 4506 καὶ
517 4453 887 4523 εὐνουχίζουσι
932 4454 1184 4519 τούτους,
1230 4454 1366 4524 πρὸς
1398 4453 1459 4507 τὸ
1503 4452 1728 4524 ἀνδρυν-

1899 3719 1990 3775 ιν.
2034 3719 2103 3774 Ει
2128 3728 2250 3775 sunt
2283 3726 2530 3784 eunucm,
2558 3718 2636 3774 ait
2680 3717 2933 3772 Salvator
2956 3756 2973 3781 ,
3034 3717 3124 3786 qui
3153 3716 3218 3769 ab
3247 3716 3411 3770 homi-

1827 3814 1982 3869 nibus
2018 3813 2243 3867 eunuchi
2277 3813 2410 3882 [acti
2445 3819 2595 3877 sunt,
2639 3826 2671 3865 a
2704 3810 2904 3882 quibus
2946 3809 3160 3879 priores
3203 3808 3409 3887 diyersi

1828 3913 1977 3958 sunt.
2012 3901 2079 3955 ili
2111 3902 2259 3957 enim
2299 3917 2424 3957 cum
2457 3902 2559 3955 hac
2583 3900 2737 3955 clade
2770 3906 3108 3963 nascuntur;
3138 3896 3411 3967 posterio-

1828 4010 1918 4051 res
1946 4000 2125 4049 autem
2173 3992 2241 4048 ad
2279 3993 2512 4061 aliquem
2556 4005 2744 4059 regum
2776 3997 2870 4043 aut
2900 3987 3207 4059 principum
3250 4003 3409 4044 usum

1832 4089 2079 4143 castrati.
2109 4086 2320 4157 Quippe
2352 4085 2573 4140 barbari
2604 4084 2826 4154 quidam
2856 4096 3034 4151 rcges,
3066 4089 3161 4135 aut
3193 4083 3413 4152 tyranni

1830 4180 2098 4250 zelotypia
2151 4187 2317 4249 atque
2370 4179 2424 4232 in
2473 4191 2673 4232 uxores
2727 4189 2856 4230 suas
2899 4173 3213 4244 suspicione
3260 4186 3416 4227 com-

1833 4270 1988 4333 moti,
2028 4269 2320 4324 admodum
2356 4273 2877 4338 puerosjexsecant,
2918 4278 3058 4334 quos
3090 4262 3183 4318 ubi
3229 4263 3415 4317 adole-

1833 4361 2031 4428 verint,
2076 4361 2213 4427 suis,
2256 4368 2318 4415 ut
2362 4359 2569 4415 dictum
2614 4366 2719 4421 est,
2776 4355 3101 4425 coniugibus
3154 4352 3414 4409 custodes

1836 4453 2153 4508 adhibeant.
2184 4450 2364 4520 Atque
2388 4450 2492 4505 hoc
2521 4448 2685 4503 modo
2716 4444 3042 4500 calamitatis
3070 4442 3215 4497 illius
3247 4455 3415 4496 causa

158 4541 347 4604 θέντας
380 4541 729 4595 πιστεύεσθαι
756 4542 853 4605 τὰς
881 4542 1015 4605 ἰδίας
1040 4542 1239 4604 αὐτῶν,
1264 4543 1338 4605 ὼς
1367 4542 1522 4611 ἔφην,
1556 4558 1721 4611 γαμε-

1895 4550 1977 4596 ter
2027 4540 2276 4596 homines
2319 4538 2536 4593 accidit.
2567 4537 2704 4592 Hinc
2737 4533 2991 4590 fortassis
3037 4540 3092 4588 et
3134 4530 3417 4588 cunucho-

160 4633 279 4693 τάς.
309 4632 417 4685 Καὶ
449 4632 619 4696 οὔτως
648 4634 706 4687 ὲν
739 4632 816 4703 τῷ
850 4633 1038 4703 κόσμῳ
1069 4633 1289 4701 γέγονεν
1318 4635 1352 4703 ἡ
1387 4633 1515 4703 περὶ
1540 4632 1721 4686 τούτου

1891 4648 1959 4685 tm
2003 4630 2294 4701 appellatio
2323 4630 2624 4693 derivatur,
2673 4643 2702 4682 a
2737 4627 2906 4682 verbo
2940 4624 3155 4680 scilicet
3180 4623 3416 4683 εὐνοεῖν.

162 4722 328 4775 αἰτία.
351 4721 513 4775 Ὅθεν
560 4723 701 4793 τάχα
739 4719 891 4793 οἶμαι
928 4724 1022 4777 καὶ
1054 4723 1115 4777 τὸ
1156 4722 1411 4795 εὐνοῦχον
1449 4724 1721 4779 καλεῖσθαι

1891 4721 1980 4776 rod
2031 4721 2327 4791 amputatis
2375 4720 2527 4774 hisce
2571 4717 2820 4787 corporis
2863 4714 3111 4785 partibus
3167 4712 3420 4769 benevoli

164 4814 273 4869 ἀπὸ
296 4813 385 4866 τοῦ
416 4813 616 4866 εὐνοεῖν
645 4814 924 4879 δύνασθαι,
945 4814 1362 4885 ἀφαιρουμένων
1393 4814 1503 4867 τῶν
1531 4814 1721 4884 μελῶν,

1891 4829 1956 4868 se
1984 4812 2230 4882 possint],
2263 4826 2461 4881 neque,
2494 4815 2683 4879 utpote
2725 4806 2987 4861 membris
3011 4804 3121 4860 illis
3156 4802 3417 4867 mutilatl,

167 4902 263 4956 xui
295 4902 365 4972 μὴ
397 4902 808 4973 ἐπεντρίὸεσθαι
849 4902 993 4974 μίξει
1036 4902 1145 4956 τῶν
1185 4904 1472 4973 σωμάτων,
1504 4904 1581 4968 ὼς
1622 4904 1721 4958 τῶι

1891 4904 1905 4957 l
1975 4918 2269 4973 corporum
2312 4901 2655 4970 complexum
2709 4897 3026 4964 coitumque
3072 4896 3185 4949 sint
3233 4893 3415 4946 utiles.

165 4992 405 5063 ὀργάνων
442 4993 849 5064 ἀφῃρημένους.
892 4994 1088 5066 Ἑτέρα
1127 4994 1308 5049 τοίνυν
1337 4994 1476 5065 αὕτη
1515 4996 1551 5065 ὴ
1582 4995 1721 5060 τάξις

1891 4994 1937 5047 ic
1970 4993 2135 5063 igitur
2161 4992 2299 5046 alter
2323 4990 2702 5047 cunuchorum
2733 4986 2867 5040 ordo
2893 4994 2999 5048 est,
3030 4984 3125 5054 qui
3159 4998 3195 5037 ιι
3220 4982 3417 5052 puerili

171 5088 239 5136 ὲκ
271 5083 448 5145 παιδὸς
474 5084 882 5157 λαμϐανομένη,
912 5086 1005 5138 καὶ
1038 5086 1456 5157 εὐνουχιζομένη
1495 5086 1602 5141 ὐπὸ
1627 5086 1721 5145 τῶι

1891 5091 1996 5141 tate
2041 5083 2321 5139 hominum
2376 5081 2519 5138 istud
2576 5095 2740 5135 manu
2803 5093 2913 5133 non
2970 5075 3231 5138 ccelestis.
3264 5074 3415 5144 regni

171 5172 486 5244 ἀνθρώπων,
503 5175 625 5246 οὐχὶ
652 5175 739 5228 διὰ
762 5177 858 5246 τὴν
883 5175 1159 5245 βασιλείαν
1190 5176 1299 5231 τῶν
1328 5177 1592 5248 οὐρανῶν.

1891 5191 2007 5232 lusa
2036 5176 2340 5247 patiuntur.

250 5333 263 5361 ¹
294 5329 525 5405 Verbum
557 5330 689 5385 illud
718 5332 986 5403 προέλαϐε
1025 5339 1342 5405 suspectum
1368 5329 1500 5385 mihi
1532 5338 1639 5386 est.
1718 5334 1721 5360 τ

1891 5371 1894 5380 ,
1936 5328 2278 5401 μεμνῆσθαι,
2334 5336 2394 5384 ιιι
2428 5336 2482 5384 et
2524 5333 2715 5398 postea
2760 5326 3083 5397 μέμνηνται.
3177 5319 3411 5375 ’Matth.

175 5416 288 5465 XIX,
318 5400 406 5455 I2.

254 5512 324 5593 (ll
359 5514 531 5593 "Quot
565 5513 634 5567 δὲ
664 5515 751 5579 εἰς
774 5512 851 5593 ,τὸ
878 5510 1225 5593 πρόχειρον..
1262 5505 1566 5593 Ειινεοτίρξξι
1594 5505 1721 5560 Imm

1891 5522 1966 5593 1p.
1999 5525 2091 5593 xix
2128 5510 2485 5581 plurimorum
2514 5509 2738 5564 Patrum
2769 5506 3014 5565 collectis
3039 5506 3320 5561 sententiis
3351 5501 3417 5561 ilv

186 5576 458 5650 Epiphanii
519 5584 695 5637 locum
727 5576 1094 5650 'Anastas’itts‘
1143 5576 1738 5650 episcopusihlieaenus
1844 5576 2059 5637 lustrat.

188 5647 252 5721 ρ.
279 5647 356 5719 i9,
386 5661 521 5708 tom.
552 5653 730 5709 IBibt.
758 5651 867 5707 PP.
897 5651 987 5706 ubi
1020 5649 1207 5705 Matth.
1243 5649 1419 5704 locum
1452 5647 1604 5701 illum
1672 5661 1736 5701 ex
