3822 6368
345 261 489 319 1015

1742 264 1802 319 S.
1839 260 2187 320 EPIPHANII

3472 257 3615 313 Mlti

415 376 679 450 Sequitur
703 376 903 433 deinde
928 396 940 432 :
976 375 1045 431 Et
1071 387 1194 431 sunt
1223 380 1451 433 eunuchi
1474 382 1564 451 qui
1606 382 1803 450 seipsos
1832 399 1922 436 ca-

2095 382 2200 436 Καί
2222 381 2362 445 εἰσί,
2401 381 2589 453 φησὶν,
2628 379 2934 449 εὐνοῦχοι,
2970 380 3189 444 citaret;
3231 377 3601 444 εὐνούχισαν

345 480 644 525 straverunt
678 482 891 540 propter
935 487 1151 541 regnum
1174 473 1211 525 ⁸.
1248 470 1481 536 Quinam
1521 471 1595 525 illi
1629 487 1753 529 esse
1800 488 1927 543 pos—

347 571 505 627 sunt,
540 561 649 617 nisi
682 562 884 631 egregii
921 561 996 616 illi
1029 562 1263 632 primum
1292 562 1550 633 apostoli,
1600 570 1714 617 tum
1739 578 1930 618 mona-

348 654 470 722 chi,
537 668 601 709 ac
660 654 852 722 reliqui
913 654 1246 725 virginitatis
1293 654 1571 709 cultores!
1608 654 1929 725 Cujusmodi

352 744 508 801 fuere
527 742 769 801 Joannes
798 754 850 799 et
877 742 1117 801 Iacobus
1148 744 1391 799 Zebedaii
1428 744 1522 799 ﬁlii
1552 764 1565 799 :
1599 746 1691 814 qui
1737 746 1790 801 in
1821 746 1933 801 vir-

352 836 582 907 ginitate
625 836 1005 906 persistentes.
1056 851 1118 889 ac
1157 851 1339 905 neque
1379 837 1623 891 membra
1665 851 1764 891 sua
1812 852 1934 908 pro-

355 929 495 1000 priis
551 937 897 995 amputantes
946 927 1232 989 manibus,
1286 943 1463 997 neque
1487 927 1653 999 5.92
1688 929 1930 999 copulati

358 1020 586 1089 nuptiis,
623 1016 723 1074 sed
776 1018 959 1072 animo
999 1032 1063 1072 ac
1100 1026 1316 1086 pectore
1369 1019 1712 1084 dimicantes,
1757 1029 1935 1075 certa-

358 1112 523 1166 minis
559 1110 706 1165 illius
745 1123 1003 1163 coronam
1050 1123 1115 1162 ac
1150 1109 1376 1173 gloriam
1426 1125 1641 1165 summa
1685 1127 1811 1166 cum
1839 1112 1935 1167 ad—

359 1200 651 1254 miratione
680 1203 1045 1268 repertarum.
1083 1195 1395 1252 Secundum
1430 1215 1569 1268 quos
1592 1199 1804 1256 inﬁnita
1838 1202 1936 1256 lio-

360 1294 567 1348 minnm
587 1290 778 1352 millia,
808 1307 929 1361 quae
952 1291 1007 1344 in
1037 1290 1142 1344 hoc
1158 1291 1363 1345 mundo
1390 1294 1749 1348 monasticam
1768 1294 1935 1349 vitam

358 1383 608 1452 amplexa
654 1389 804 1445 sunt,
851 1382 904 1435 in
946 1382 1294 1436 monasteriis
1339 1384 1721 1455 virginumque
1752 1400 1937 1441 cumo-

361 1474 473 1528 biis
508 1473 753 1543 ejusdem
798 1472 1119 1529 certaminis
1163 1472 1335 1529 decus
1383 1474 1577 1544 adepta
1610 1486 1758 1531 sunt.
1806 1477 1939 1543 Quae

364 1546 615 1619 videlicet
640 1564 841 1619 nullam
872 1580 995 1619 cum
1023 1564 1346 1620 mulieribus
1374 1567 1828 1623 consuetudinem
1851 1567 1940 1623 ha-

367 1658 630 1721 buerunt,
652 1658 745 1712 sed
764 1658 1021 1713 omnibus
1039 1659 1156 1714 suis
1170 1659 1413 1714 numeris
1435 1661 1747 1716 absolutum
1769 1671 1941 1716 certa-

2031 473 2282 540 ἑαυτοὺς
2335 473 2434 527 διὰ
2476 471 2593 542 τὴν
2630 471 2978 536 βασιλείαν.
3020 471 3177 534 Τίνες
3222 470 3406 522 τοίνυν
3456 463 3612 520 εἶπεν

2029 557 2175 617 οὗτοι
2202 563 2318 618 ἀλλ’
2343 565 2376 635 ἢ
2414 563 2465 616 oi
2496 564 2734 630 γενναῖοι
2792 558 3102 623 ἀπόστολοι,
3133 558 3229 610 καὶ
3257 555 3609 626 μονάζοντες,

2030 656 2126 709 καὶ
2148 657 2196 709 οἰ
2216 654 2452 725 καθεξῆς
2472 651 2767 724 παρθένοι,
2805 649 3059 719 Ἰωάννης
3087 648 3185 718 μὲν
3214 649 3311 701 καὶ
3351 644 3610 707 Ἰάκωϐος

2032 748 2139 801 uici.
2174 746 2480 809 Ζεϐεδαίου,
2529 745 2809 815 μείναντες
2859 743 2918 795 ὲν
2962 740 3262 812 παρθενίᾳ,
3307 738 3449 809 μήτε
3501 737 3609 808 μὴν

2036 839 2192 903 ἰδίαις
2222 838 2379 911 χερσὶ
2408 837 2478 891 τὰ
2514 836 2649 907 μέλη
2693 832 3090 904 ἀποτεμόντες,
3126 831 3266 902 μήτέ
3309 828 3607 897 συναφθέν-

2031 945 2124 991 τες
2162 927 2348 999 γάμῳ,
2379 926 2516 981 ἀλλά
2553 929 2621 997 τῇ
2664 926 2769 997 ἰδία
2820 924 3017 996 καρδία
3054 923 3487 993 ἀγωνισάμενοι,
3516 920 3609 973 καὶ

2035 1017 2349 1087 θαυμασίως
2377 1016 2438 1069 τὸ
2467 1015 2623 1079 κλέος
2641 1015 2737 1067 τοῦ
2762 1015 3027 1083 στεφάνου
3054 1011 3245 1065 τούτου
3270 1010 3369 1063 τοῦ
3400 1008 3609 1077 ἀγῶνος

2036 1108 2470 1179 ἀπενεγκάμενοι
2489 1124 2502 1138 ’
2549 1107 2668 1178 μετ’
2701 1106 2899 1167 αὐτοὺς
2924 1104 2981 1158 δὲ
3009 1105 3132 1158 ὅσαι
3162 1101 3424 1174 μυριάδες
3446 1103 3505 1153 ὲν
3533 1098 3611 1167 τῷ

2036 1202 2228 1271 κόσμῳ
2265 1199 2606 1271 μονάζοντες,
2636 1198 2734 1253 καὶ⁵
2773 1198 2882 1251 ἀπὸ
2913 1195 3309 1267 μοναστηρίων,
3347 1192 3446 1245 καὶ
3476 1208 3612 1261 παρ-

2039 1292 2207 1346 θένων
2237 1291 2386 1344 τουτὶ
2414 1289 2509 1344 τοῦ
2551 1290 2762 1359 ἀγῶνος
2790 1288 2853 1342 τὸ
2894 1286 3051 1351 κλέος
3092 1286 3501 1357 ἀπηνέγκαντο,
3535 1281 3613 1334 οἵ·

2037 1399 2183 1446 τινες
2217 1379 2431 1452 σώμασι
2455 1380 2729 1450 γυναικῶν
2759 1381 2861 1434 οὐκ
2883 1378 3175 1450 ὲμίγησαν,
3201 1374 3340 1429 ἀλλὰ
3372 1372 3615 1444 ἧθλησαν

2038 1475 2101 1527 ὲν
2128 1473 2301 1543 ἀγῶνι
2327 1472 2649 1543 τελειοτάτφ
2668 1513 2683 1539 ,
2715 1471 2792 1535 ὡς
2819 1472 2911 1525 καὶ
2944 1468 3131 1532 Ἠλίας
3160 1468 3220 1521 ὲν
3248 1466 3471 1534 Παλαιᾷ
3499 1468 3617 1515 Δια-

2041 1564 2182 1634 θήκῃ
2210 1561 2545 1636 εὑρίσκεται,
2583 1563 2680 1617 καὶ
2723 1562 2936 1626 Παῦλος
2968 1561 3171 1629 λέγων’
3206 1559 3375 1629 Λέγω
3402 1556 3476 1611 δὲ
3498 1555 3622 1622 τοῖς

2041 1653 2310 1724 ἀγάμοις,
2342 1654 2434 1708 ὅτι
2474 1655 2666 1709 καλὸν
2690 1654 2914 1720 αὐτοῖς,
2947 1652 3058 1707 ἐὰν
3095 1653 3390 1722 μείνωσιν
3434 1649 3623 1714 οὕτως

365 1766 486 1803 men
515 1750 789 1805 obierunt.
823 1749 1049 1815 Qualem
1085 1752 1140 1806 in
1162 1749 1359 1807 Vetere
1383 1750 1735 1807 Testamento
1766 1752 1938 1807 Eliam

2146 1722 2326 1816 κάγώ.
2351 1748 2422 1800 Εἰ
2452 1745 2521 1800 δὲ
2551 1748 2661 1802 οὐκ
2690 1746 3168 1816 ἐγκρατεύονται,
3214 1743 3619 1813 γαμείτωσαν.

367 1841 539 1897 fuisse
562 1843 813 1914 legimus,
842 1858 908 1899 ac
938 1844 1197 1915 deinceps
1224 1843 1475 1909 Paulum,
1508 1846 1602 1915 qui
1620 1845 1756 1900 dixit
1777 1864 1790 1900 :
1810 1844 1939 1899 Dico

368 1942 545 1985 autem
568 1949 671 1986 non
712 1934 916 2002 nuptis,
947 1935 1197 2004 quoniam
1224 1934 1416 1988 bonum
1456 1945 1535 1989 est
1574 1937 1726 2003 ipsis,
1758 1937 1806 1991 si
1827 1953 1943 1991 ma-

368 2032 527 2076 neunt
561 2022 697 2076 sicut
725 2039 849 2093 ego;
903 2026 950 2078 si
979 2034 1155 2077 autem
1204 2040 1307 2079 non
1345 2026 1632 2091 continent,
1674 2026 1873 2081 nubant
1898 2029 1940 2080 ³.

368 2111 656 2178 Quomodo
696 2112 863 2183 igitur
891 2113 1006 2182 ipse
1035 2113 1372 2183 permansit?
1412 2112 1470 2167 Si
1508 2114 1654 2167 enim
1688 2122 1945 2169 exsertus

370 2211 476 2263 est.
525 2214 578 2258 et
624 2202 690 2257 ad
739 2204 885 2257 illius
928 2205 1232 2274 exemplum
1280 2204 1678 2260 accommodati
1726 2219 1943 2261 manse-

372 2299 523 2356 runt,
560 2295 650 2363 qui
684 2293 731 2349 ei
768 2295 975 2349 similes
1002 2304 1206 2361 essent,
1248 2304 1303 2349 ut
1329 2311 1449 2350 eam
1476 2295 1692 2351 consilii
1727 2303 1941 2367 partem

371 2385 679 2453 implerent,
731 2386 867 2447 sicut
924 2402 1016 2455 ego
1051 2386 1278 2441 :lierine
1320 2388 1521 2457 potuit,
1576 2396 1637 2442 ut
1688 2398 1941 2444 exsectos

2042 1840 2169 1903 Πῶς
2197 1835 2291 1894 οὖν
2327 1839 2489 1901 αὐτὸς
2527 1838 2739 1910 ἔμεινεν
2760 1856 2776 1905 ;
2800 1839 2865 1892 Εἰ
2902 1838 3001 1910 μὲν
3026 1836 3137 1909 γὰρ
3167 1833 3627 1905 άπατετμημένος

2039 1927 2128 2002 ἦν,
2162 1932 2257 1985 καὶ
2295 1930 2414 1984 κατ’
2449 1930 2612 1984 αὑτὸν
2643 1930 2872 2001 ἔμειναν
2917 1929 3260 2000 ὁμοιούμενοι
3300 1925 3458 1996 αὐτῷ
3478 1966 3495 1991 ,
3540 1926 3627 1978 ἵνα

2044 2021 2377 2094 πληρώσωσι
2424 2022 2506 2084 τὸ,
2552 2021 2632 2087 ὡς
2664 2020 2853 2091 κάγώ’
2890 2020 3008 2085 πῶς
3040 2018 3498 2091 άποτετμημένος
3541 2034 3628 2080 τις

2046 2114 2269 2169 ἐδύνατο
2317 2116 2532 2185 γῆμαι,
2575 2116 2625 2167 εἰ
2669 2114 2867 2185 μηκέτι
2915 2111 3326 2185 ἐνεκρατεύετο;
3382 2110 3497 2164 Καὶ
3535 2108 3628 2173 τὸ,

2045 2207 2443 2275 γαμείτωσαν,
2468 2204 2565 2258 καὶ
2593 2205 2673 2273 μὴ
2704 2205 3166 2273 πυρούσθωσαν,
3194 2203 3350 2273 ὁρᾷς,
3383 2204 3469 2255 ὅτι
3501 2202 3629 2271 περὶ

2045 2296 2376 2368 ἐγκρατείας
2427 2296 2649 2367 φάσκει,
2690 2296 2783 2349 καὶ
2832 2295 2953 2366 οὐχὶ
2988 2293 3117 2366 περὶ
3167 2291 3346 2364 μελῶν
3390 2289 3629 2361 ἀφαιρε-

2050 2404 2188 2453 σεως
2207 2404 2222 2453 ἶ

373 2475 665 2545 quispiam,
735 2476 842 2531 nisi
894 2478 1291 2533 continentiam
1338 2496 1560 2536 servare
1620 2487 1826 2551 posset,
1870 2495 2093 2535 uxorem
2151 2480 2412 2537 duceret?
2466 2478 2605 2535 Illud
2651 2493 2804 2544 vero,
2845 2481 3067 2535 'uxores
3129 2478 3361 2550 ducant,
3411 2490 3463 2537 et
3494 2496 3620 2536 anon

378 2574 604 2619 mntur
630 2566 671 2634 ³,
720 2583 904 2623 nonne
947 2569 1015 2623 ad
1048 2571 1441 2627 continentiam
1490 2573 1786 2642 pertinere,
1842 2587 1952 2627 non
1976 2571 2046 2627 ad
2074 2572 2443 2627 membrorum
2478 2570 2876 2625 mutilationem
2902 2566 3330 2623 animadvertis?

444 2656 600 2725 Quod
658 2659 703 2714 si
748 2667 970 2731 propter
1031 2677 1260 2733 regnum
1304 2665 1571 2719 caelorum
1625 2666 1953 2736 semetipsos

374 2756 645 2805 castrasse
691 2766 751 2805 se
779 2751 1038 2818 dixerint,
1063 2753 1158 2824 qui
1188 2753 1411 2812 tandem
1442 2756 1512 2810 ab
1546 2756 1635 2812 illa
1680 2757 1951 2813 sententia

376 2855 667 2897 secernere
702 2859 822 2897 sese
856 2852 1107 2915 possunt,
1160 2860 1284 2915 quae
1316 2847 1614 2903 nonnullos
1650 2863 1773 2904 esse
1797 2848 1949 2912 dicit.

377 2934 478 3005 qui
518 2934 589 2989 ab
622 2934 941 2993 hominibus
987 2937 1229 2992 eunuchi
1257 2935 1384 2993 facti
1428 2939 1596 2993 sunt?
1626 2938 1762 2994 Cum
1802 2940 1949 2995 enim

2122 2662 2187 2718 Εἰ
2215 2663 2274 2718 δὲ
2311 2664 2615 2733 φάσκουσιν
2636 2656 2782 2717 οὗτοι
2823 2661 2911 2715 διὰ
2936 2661 3037 2732 τὴν
3078 2657 3355 2730 βασιλείαν
3394 2658 3508 2712 τῶν
3537 2658 3626 2711 οὑ-

2054 2754 2230 2825 ρανῶν
2271 2756 2499 2819 ἑαυτοὺς
2532 2754 2926 2825 εὐνουχικὼαι,
2962 2752 3080 2816 πῶς
3121 2752 3350 2814 ἑαυτοὺς
3390 2751 3627 2804 ἀπαλλο-

2048 2845 2340 2917 τριώσονσι
2386 2845 2483 2900 τοῦ
2526 2846 2818 2919 εἰρημένου
2864 2845 3144 2916 ῥήματος,
3177 2843 3258 2897 ὅτι
3297 2842 3405 2895 εἰσί
3448 2859 3623 2905 τινες,

2047 2938 2244 3001 οἵτινες
2287 2937 2710 3009 εὐνουχίσθησαν
2746 2937 2852 2991 ὑπὸ
2888 2936 2997 2990 τῶν
3042 2934 3381 3007 άνθρὼπωνι
3416 2935 3482 2987 Et
3522 2934 3635 3006 γὰρ

379 3040 505 3081 sese
522 3026 718 3096 aliquis
739 3029 857 3083 suis
892 3027 1146 3084 manibus
1171 3036 1413 3093 exsecat,
1440 3028 1608 3085 homo
1634 3030 1819 3100 utique
1842 3041 1948 3116 est,

2054 3027 2213 3091 αὐτὸς
2235 3027 2392 3090 ἰδίαις
2414 3028 2600 3099 χερσὶν
2625 3026 2815 3080 ἐαυτὸν
2836 3023 3156 3097 εὐνουχίζει,
3178 3023 3467 3095 ἅνθρωπός
3490 3025 3628 3085 ὲστι,

379 3113 609 3186 ejusque
633 3117 889 3173 manibus
918 3118 1211 3175 scelestum
1238 3118 1372 3173 illud
1404 3117 1618 3176 facinus
1651 3113 1948 3174 admissum

2059 3118 2153 3174 καὶ
2198 3119 2256 3171 αἰ
2284 3120 2462 3189 χεῖρες
2502 3118 2668 3171 αὐτοῦ
2710 3118 2774 3172 τὸ
2803 3116 3061 3189 ἀθέμιτον
3092 3116 3251 3169 τοῦτο
3278 3114 3625 3186 εἰργάσαντο.

379 3214 489 3263 est.
526 3207 622 3262 Sin
674 3209 764 3262 ille
808 3210 1016 3263 cladem
1060 3210 1222 3264 istam
1259 3225 1356 3265 sua
1399 3211 1501 3266 sibi
1542 3226 1708 3265 manu
1740 3210 1957 3266 consci-

378 3312 537 3355 scere
563 3314 671 3353 non
703 3309 904 3370 potest,
938 3300 1034 3359 sed
1061 3302 1129 3356 ab
1162 3302 1285 3359 aliis
1314 3311 1589 3360 castratos
1617 3302 1802 3368 fuerit,
1846 3314 1957 3357 non

382 3389 499 3461 iam
530 3390 663 3445 illud
709 3392 951 3448 ccelestis
988 3394 1144 3463 regni
1192 3409 1359 3450 causa
1387 3396 1645 3464 patietur,
1676 3409 1743 3450 eo
1783 3394 1954 3464 quod,

385 3481 500 3537 sive
522 3497 620 3551 per
646 3498 727 3547 se,
760 3484 876 3539 sive
907 3484 1143 3539 aliorum
1171 3501 1337 3557 opera
1365 3485 1471 3541 sibi
1506 3485 1653 3540 istud
1681 3486 1955 3552 intulerit,

384 3566 457 3622 ab
512 3567 825 3625 hominibus
876 3572 1165 3628 eunuchus
1206 3582 1292 3629 est
1351 3574 1548 3630 factus.
1592 3574 1957 3642 Quamobrem

386 3671 605 3713 coronae
658 3675 754 3729 spe
798 3676 862 3716 ac
914 3663 1124 3732 praemii
1159 3665 1263 3720 iste
1297 3681 1525 3734 prorsus
1574 3669 1809 3736 excidet,
1832 3684 1957 3725 cum

388 3750 594 3804 nullam
636 3750 870 3819 amplius
915 3753 1143 3822 gratiam
1175 3766 1470 3817 mereatur.
1513 3758 1659 3828 quod
1707 3758 1776 3812 ab
1813 3760 1962 3829 ejus-

390 3839 538 3895 modi
568 3841 863 3911 voluptatis
906 3858 1011 3899 usu
1045 3852 1343 3916 temperet;
1386 3848 1481 3903 sed
1516 3848 1640 3904 ideo
1672 3848 1805 3904 illud
1852 3864 1960 3905 non

391 3929 590 4001 possit,
615 3931 763 4000 quod
799 3936 1134 3992 necessariis
1159 3936 1230 3991 ad
1272 3953 1391 3993 eam
1423 3938 1757 3996 iunctionem
1788 3956 1961 3996 mem-

391 4018 513 4075 bris
537 4020 610 4076 sit
631 4019 950 4079 destitutus.
983 4022 1254 4090 Quocirca
1283 4042 1382 4097 par
1411 4027 1664 4099 idemque
1694 4029 1762 4085 de
1789 4044 1857 4085 eo
1879 4028 1963 4098 ju-

391 4108 598 4166 dicium
646 4120 751 4178 est,
780 4128 846 4168 ac
863 4115 932 4170 de
961 4115 1077 4183 illo,
1111 4117 1205 4184 qui
1249 4118 1471 4189 aliquod
1508 4122 1758 4190 corporis
1792 4136 1964 4176 mem-

2056 3211 2122 3266 Εἰ
2149 3209 2207 3263 δὲ
2238 3210 2402 3273 αὐτὸς
2426 3208 2602 3281 ἑαυτῷ
2624 3209 2775 3264 οὐδὲν
2804 3208 3024 3263 δύναται
3057 3206 3285 3278 πρᾶξαι,
3322 3206 3432 3258 ὑπὸ
3457 3206 3635 3260 ἄλλων

2055 3303 2112 3355 δὲ
2134 3300 2475 3373 εὐνουχισθῇ,
2505 3301 2689 3355 οὐκέτι
2720 3300 2874 3354 ἔσται
2909 3299 2999 3353 διὰ
3052 3298 3328 3370 βασιλείαν
3363 3296 3630 3367 οὐρανῶν,

2058 3393 2193 3447 διότι
2233 3394 2341 3446 ὑπὸ
2373 3390 2678 3464 ἀνθρώπων
2703 3390 3019 3462 εὐνουχίσθη
3051 3391 3170 3461 ἦτοι
3198 3389 3267 3443 δι’
3292 3389 3481 3451 αὑτοῦ,
3518 3390 3634 3458 ἦτοι

2057 3482 2147 3537 διὰ
2176 3482 2287 3536 τῶν
2332 3480 2493 3535 τοῦτο
2541 3481 2936 3551 πεποιηκότων.
2984 3481 3238 3534 Πεσεῐται
3286 3479 3343 3533 δὲ
3389 3480 3487 3531 καὶ
3528 3478 3637 3531 ἀπὸ

2057 3575 2152 3628 τοῦ
2192 3574 2486 3644 στεφάνου,
2521 3574 2615 3626 καὶ
2650 3573 2757 3627 ἀπὸ
2796 3571 2889 3626 τοῦ
2927 3571 3204 3643 βραϐείου,
3248 3572 3434 3624 οὐκέτι
3475 3570 3637 3641 χάριν

2059 3667 2198 3738 ἔχων
2235 3665 2324 3721 διὰ
2371 3666 2473 3738 τὴν
2506 3666 2718 3737 άποχὴν
2758 3664 2858 3735 τῆς
2901 3662 3159 3735 τοιαύτης
3191 3664 3462 3733 χρήσεως,
3498 3662 3636 3716 ἀλλὰ

2058 3758 2147 3813 διὰ
2186 3758 2249 3813 τὸ
2285 3758 2361 3830 μὴ
2404 3757 2662 3812 δύνασθαι
2707 3755 2943 3827 χρῆσθαι
2983 3756 3351 3828 ἀφῃρημένων
3390 3755 3502 3807 τῶν
3540 3758 3634 3827 τῆς

2058 3851 2318 3920 τοιαύτης
2355 3851 2665 3914 ὑποθέσεως
2694 3848 2892 3920 μελῶν.
2927 3850 3027 3904 Ἐν
3059 3849 3117 3902 δὲ
3144 3848 3238 3903 καὶ
3265 3848 3325 3901 τὺ
3351 3847 3490 3901 αὐτὸ
3518 3866 3639 3920 κρι-

2060 3940 2317 4012 θήσεται,
2360 3941 2437 4005 ὠς
2474 3941 2503 3993 ὁ
2542 3939 2936 4011 λυμαινόμενος
2969 3937 3163 3991 ἑαυτοῦ
3206 3937 3268 3991 τὸ
3316 3936 3501 4009 μέλος,
3551 3937 3640 3991 καὶ

2055 4032 2137 4097 ὠς
2184 4034 2213 4087 ό
2269 4033 2482 4104 τέμνων
2538 4032 2817 4106 ἀλλότριον
2865 4031 3183 4104 ἀμπελῶνα.
3215 4032 3290 4085 οὐ
3328 4030 3443 4103 γὰρ
3500 4030 3639 4085 κατὰ

2061 4123 2195 4177 Θεὸν
2228 4123 2633 4190 ἐπολιτεύσατο,
2669 4126 2807 4180 ἀλλὰ
2850 4125 2993 4180 κατὰ
3029 4123 3323 4194 ἐπιϐουλὴν
3355 4123 3438 4193 τῷ
3474 4124 3640 4195 δημιο

391 4203 551 4260 brum
580 4203 819 4271 violarit,
852 4214 947 4261 aut
975 4207 1208 4262 alienam
1236 4210 1403 4265 vitem
1440 4212 1753 4269 succiderit.
1780 4211 1948 4283 Neqm

2062 4215 2246 4287 ουργῴ
2282 4217 2474 4288 Κυρίῳ
2513 4215 2634 4288 Θεῷ
2672 4217 2903 4288 ἀντέστη
2948 4216 3206 4280 τοιοῦτος.
3260 4215 3561 4286 Ἐπιθυμίᾳ
3586 4215 3638 4269 δὲ

390 4296 539 4351 enim
564 4296 805 4351 divinam
840 4296 909 4351 ad
938 4297 1273 4354 voluntatem
1302 4302 1516 4358 vivendi
1559 4304 1829 4358 rationem
1878 4305 1968 4359 iii-

2065 4310 2428 4381 περισσοτέρα
2454 4312 2484 4364 ό
2512 4310 2750 4373 τοιοῦτος
2795 4309 3161 4381 ἐνεχθήσεται.
3192 4309 3304 4362 Καὶ
3342 4307 3454 4380 γάρ
3489 4310 3519 4360 ό
3550 4307 3636 4361 sii-

391 4387 599 4451 stituit,
628 4388 724 4443 sed
756 4387 941 4459 opiﬁci
969 4404 1073 4445 suo
1101 4389 1435 4463 Dominoque
1467 4393 1578 4450 Deo
1604 4395 1841 4467 maligne
1874 4412 1948 4453 re-

2065 4400 2253 4471 νοῦχος
2288 4401 2471 4472 ᾅδεται
2508 4403 2661 4474 παρὰ
2698 4401 2777 4472 τῷ
2824 4401 2981 4472 Σοφῷ
3009 4401 3110 4456 οὐκ
3160 4403 3503 4471 ἀπεχόμενος
3544 4401 3637 4470 τῆς

392 4476 674 4544 pugnavit.
726 4476 1040 4543 Quinetiam
1077 4480 1471 4538 vehementiori
1516 4484 1818 4556 cupiditate
1869 4487 1969 4544 lla-

2065 4491 2381 4562 ὲπιθυμίας,
2410 4492 2546 4547 ἀλλὰ
2580 4492 2655 4563 μὴ
2692 4493 2989 4564 δυνάμενος
3034 4493 3135 4564 τὴν
3171 4492 3481 4562 ’ἐπιθυμίαν
3525 4493 3637 4544 ὲπι-

391 4565 588 4635 grabit.
630 4566 843 4623 Etenim
887 4569 1081 4640 Spado,
1112 4585 1223 4625 non
1257 4587 1288 4626 a
1327 4588 1427 4628 sua
1466 4575 1769 4646 cupiditate
1799 4579 1948 4634 absti

2062 4583 2304 4647 τελέσαι,
2353 4584 2429 4648 ὡς
2465 4584 2644 4654 λέγει·
2681 4586 2996 4655 Ἐπιθυμία
3023 4586 3321 4654 εὐνούχου
3365 4586 3635 4652 ἀποπαρ-

393 4672 549 4722 nere,
604 4657 699 4714 sed
754 4674 875 4714 eam
922 4660 1183 4731 perﬁcere
1237 4679 1345 4718 non
1396 4679 1581 4735 posse,
1633 4682 1664 4721 a
1710 4666 1970 4738 Sapiente

395 4746 597 4803 dicitur
629 4768 650 4805 ι
676 4747 1111 4820 Concupiscentia
1139 4753 1411 4822 spadonis,
1441 4756 1641 4827 inquit,
1665 4758 1967 4829 devirgina-

399 4838 470 4893 tit
488 4840 827 4908 jumculam
848 4839 892 4895 ⁸.
936 4840 1301 4914 Proindeque,
1324 4860 1358 4899 ο
1399 4848 1688 4904 stultitiam
1727 4850 1969 4907 incredi-

398 4931 583 4994 bilem,
624 4932 775 4987 varie
804 4932 859 4987 in
888 4930 995 4988 hoc
1026 4935 1161 4990 orbe
1185 4944 1454 4991 terrarum
1483 4941 1883 5009 excogitatam!

466 5022 630 5096 493
666 5024 845 5095 Atque
878 5025 991 5079 haec
1022 5034 1171 5093 sunt,
1201 5043 1323 5097 quae
1351 5029 1419 5085 de
1447 5030 1553 5085 hoc
1589 5030 1970 5088 haereticorum

408 5129 597 5184 genere
627 5116 914 5185 explorare
968 5118 1267 5187 potuimus.
1325 5119 1403 5177 De
1440 5122 1665 5196 quibus,
1696 5139 1821 5179 cum
1849 5125 1973 5181 bre-

408 5207 539 5261 viter
568 5205 893 5275 dixerimus,
927 5209 1258 5282 eosdemque
1279 5228 1404 5269 esse
1430 5215 1797 5286 suspicemur,
1826 5233 1967 5287 quos

411 5306 564 5353 antea
585 5299 1156 5365 commemoravimus,
1190 5304 1397 5359 relictis
1453 5319 1517 5359 ac
1574 5320 1698 5360 cum
1729 5306 1968 5363 ludibrio

412 5386 624 5461 rejectis
654 5387 765 5444 illis
788 5390 879 5459 qui
910 5393 1217 5464 scorpionis
1248 5394 1424 5452 instar
1462 5396 1629 5453 biﬁdo
1657 5399 1849 5454 aculeo
1883 5414 1971 5455 ar-

2065 4675 2337 4728 θενεύσει
2367 4674 2629 4729 νεάνιδα.
2649 4677 2761 4730 Καὶ
2784 4677 2849 4729 ἐκ
2880 4676 3216 4747 πανταχόθεν
3244 4676 3290 4729 ὣ
3309 4676 3413 4747 τῆς
3440 4675 3635 4744 πολλῆς

2070 4768 2429 4839 ματαιότητος
2467 4769 2569 4840 τῆς
2611 4773 2671 4827 ὲν
2703 4771 2781 4841 τῷ
2826 4771 3021 4843 κόσμῳ
3068 4770 3426 4842 πολυτρόπως
3464 4772 3633 4823 ἐπινε-

2067 4876 2160 4931 νοη
2169 4861 2336 4932 μένης
2353 4862 2366 4914 l

2140 5040 2252 5094 Kal.
2280 5038 2456 5095 ταῦτά
2498 5040 2645 5093 ἐστιν
2671 5037 2707 5093 ἃ
2744 5038 2873 5109 περὶ
2912 5037 3119 5090 τούτων
3148 5036 3421 5105 ἔγνωμεν.
3466 5033 3556 5087 Διὸ
3583 5034 3631 5086 ὲν

2071 5132 2320 5203 συντόμῳ
2349 5131 2478 5204 περὶ
2510 5129 2691 5184 αὐτῶν
2726 5130 3027 5201 εἰρηκότες,
3068 5126 3185 5191 καὶ,
3218 5126 3294 5189 ὼς
3326 5126 3485 5196 ἔφην,
3512 5127 3621 5178 ὑπο

2071 5220 2363 5290 νοήσαντες
2409 5216 2547 5274 εἶναι
2579 5219 2802 5282 τούτους
2827 5220 2956 5282 τοὺς
2994 5216 3447 5289 προειρημένους,
3478 5231 3622 5267 κατα-

2073 5310 2323 5376 λιπόντες
2364 5312 2489 5376 τοὺς
2520 5312 2751 5377 αὐτοὺς,
2796 5311 2890 5366 καὶ
2936 5309 3407 5377 καταγελάσαντες
3457 5307 3625 5373 ῶσπερν

2078 5403 2338 5475 σκορπίου
2377 5403 2676 5475 δικέντρου,
2706 5404 2820 5467 τοῖς
2861 5402 2958 5474 μὲν
3007 5399 3201 5473 τέρασι
3222 5398 3297 5469 (5)
3331 5398 3425 5451 καὶ
3455 5395 3622 5467 mult

476 5545 495 5575 ⁸
530 5544 722 5599 Matth.
747 5560 862 5613 six,
892 5546 980 5604 l3.
1057 5550 1081 5587 ³
1106 5546 1128 5606 ι
1153 5508 1283 5608 Cor.
1310 5563 1409 5619 vii,
1429 5549 1484 5608 8.
1559 5552 1581 5584 ³
1604 5550 1740 5610 ibid.
1768 5553 1830 5611 9.,
1903 5556 1924 5587 ⁸
1962 5555 2133 5613 Eccli.
2173 5575 2259 5613 xx.
2294 5561 2348 5618 Ξ.

476 5655 557 5727 (5)
592 5652 721 5729 Leg.
752 5656 971 5731 πέρασι.
1007 5656 1171 5731 Enn.
