3822 6302
452 251 590 307 Mli)

1861 259 1920 318 S.
1963 259 2306 318 EPlPllANll

3605 269 3630 317 1
3642 270 3737 321 [ιὲτθ

453 361 696 433 perfecta
721 364 773 417 in
803 364 1077 434 baptismo
1103 368 1322 438 quidem
1367 371 1686 440 pmnitentia
1715 379 1821 428 est.
1853 372 1960 430 Sed
1987 373 2034 430 si

2151 375 2469 443 Ἐκκλησία.
2500 374 2693 427 Δίδωσι
2716 374 2826 444 γὰρ
2852 374 3128 437 ἐπάνοδον,
3143 374 3237 426 καὶ
3272 373 3412 444 μετὰ
3433 375 3539 444 τὴν
3571 378 3739 446 μετὰ·

454 452 581 520 quis
604 453 888 517 exciderit,
924 471 1034 509 non
1071 457 1222 511 illum
1276 469 1466 513 sancta
1512 461 1604 517 Dei
1638 461 1883 518 Ecclesia
1914 478 2038 533 pcr-

450 542 626 596 ditum
658 544 805 604 velit.
863 546 972 600 imo
995 555 1049 601 et
1077 559 1374 618 receptum,
1417 559 1472 606 et
1506 559 1629 622 post
1652 553 2034 623 pmnitentiam

452 636 703 688 inutandi
735 637 950 691 consilii
983 638 1298 694 facultatem
1335 641 1598 711 indulget.
1617 642 1752 697 Nam
1787 651 1841 698 et
1865 643 2036 700 Caino

454 725 600 781 Deus
633 726 772 781 dixit
800 744 812 780 :
846 728 1108 794 Peccasti,
1166 732 1372 799 quiesce
1397 733 1439 786 ιι.
1473 731 1639 804 494
1666 735 1799 789 Item
1827 735 2038 806 paraly-

453 816 562 870 tico
593 836 608 871 :
662 817 800 874 Ecce
828 838 988 874 sanus
1030 839 1106 885 es,
1133 823 1244 876 noli
1273 823 1500 890 amplius
1528 824 1902 892 peccare’.Ad
1924 826 2038 884 [iam

454 906 678 974 Petrum
718 918 841 980 post
870 912 1219 981 negationem
1278 922 1499 968 revocat
1553 913 1834 980 Dominus,
1877 924 1932 971 et
1970 917 2035 971 ad

456 999 729 1066 triplicem
786 999 954 1053 .illam
1017 1001 1360 1072 negationem
1423 1005 1889 1074 compensandam
1955 1013 2040 1061 ter

455 1089 637 1158 ipsum
691 1089 757 1143 ad
820 1090 1224 1148 confessionem
1286 1093 1768 1161 induxit:Petre,
1821 1097 2034 1167 inquit,

452 1193 603 1231 amas
634 1195 711 1232 me
730 1181 755 1233 ἱ)
789 1177 1013 1246 Deinde,
1049 1180 1218 1234 Pasce
1242 1198 1356 1236 oves
1383 1199 1524 1238 meas
1542 1184 1582 1237 ³.

520 1270 586 1323 ll.
629 1268 735 1324 Sed
788 1271 912 1328 illos
951 1274 1199 1342 Apostoli
1241 1273 1450 1330 dictum
1517 1275 1647 1332 illud
1699 1277 1753 1332 in
1793 1292 2034 1334 errorem

452 1359 682 1428 impellit
716 1379 729 1414 :
765 1360 1100 1429 Impossibile
1131 1370 1207 1415 est
1258 1379 1366 1424 eos,
1422 1362 1513 1432 qui
1557 1365 1716 1417 semel
1747 1364 2038 1416 illuminati

449 1462 594 1515 sunt,
629 1463 677 1509 et
703 1464 1050 1524 gustaverunt
1091 1454 1283 1507 bonum
1326 1453 1426 1507 Dei
1454 1455 1664 1508 verbum
1707 1471 1771 1508 ac
1819 1456 2035 1508 virtutes

450 1543 622 1609 futuri
646 1545 853 1608 sa’culi,
885 1555 932 1598 et
955 1544 1279 1610 ceciderunt,
1320 1560 1534 1598 rursum
1559 1561 1832 1608 renovare,
1863 1547 2037 1599 cruci-

449 1636 665 1704 ﬁgentes
739 1638 1096 1706 sibimetipsis
1134 1635 1337 1690 Filium
1392 1636 1510 1702 Dei,
1568 1649 1618 1692 et
1680 1639 2033 1696 traducentes.

2138 481 2287 519 νοιαν
2337 464 2438 535 τὴν
2496 464 2861 534 μεταμέλειαν
2897 463 2996 534 (8).
3037 462 3126 534 Τῷ
3166 463 3276 534 γὰρ
3325 463 3468 518 Κὰῐν
3513 460 3677 516 εἶπεν
3715 469 3741 516 ὁ

2138 558 2272 622 Θεός
2293 574 2306 586 ·
2344 559 2663 626 ἽΙμαρτες,
2697 557 3027 625 ἡσύχασον
3047 572 3061 586 ·
3097 556 3191 608 καὶ
3218 555 3298 626 τῷ
3335 557 3734 627 παραλυτικῷ·

2151 649 2300 715 ἰδοϋ
2323 649 2502 720 ὑγιὴς
2533 635 2805 720 γέγονας,
2847 647 3061 718 μηκέτι
3111 648 3433 717 ἁμάρτανε.
3478 648 3593 700 Καὶ
3637 650 3738 700 Πέ-

2137 759 2264 814 τρον
2291 741 2707 801 ἀνακαλεῖταιὸ
2741 740 2947 812 Κύριος
2979 742 3115 811 μετὰ
3144 741 3206 792 τὺ
3233 739 3605 811 ἀρνήσασθαι,
3641 741 3732 792 καὶ

2138 833 2258 887 ἀντὶ
2293 832 2401 886 τῶν
2435 832 2602 904 τριῶν
2651 833 2934 903 ἀρνήσεων
2975 831 3098 901 τρὶς
3145 831 3307 884 αὐτὸν
3338 831 3731 903 προσκαλεῖται

2138 925 2218 985 εις
2245 922 2563 993 ὁμολογίανο
2602 920 2856 991 Ἀγαπᾷς
2881 937 2979 990 με,
3007 921 3191 991 Πέτρε
3212 938 3233 988 ;
3256 921 3364 976 Καί
3390 938 3527 992 φησι
3547 939 3560 950 ·
3588 922 3725 974 Ποί-

2135 1008 2312 1078 μαινε
2336 1011 2406 1066 τὰ
2444 1008 2710 1079 πρόϐατά
2743 1027 2884 1080 μου.

2211 1268 2283 1318 ιιι.
2325 1267 2559 1335 Σφάλλει
2591 1268 2646 1321 δὲ
2669 1268 2869 1334 αὐτοὺς
2903 1271 2964 1324 τὸ
2986 1269 3151 1338 ῥητὸν
3174 1268 3245 1339 (9)
3270 1267 3362 1321 τοῦ
3399 1269 3724 1322 Ἀποστὸλου

2137 1357 2458 1428 εἰρημένον·
2526 1357 2843 1413 Ἀδύνατον
2895 1359 3039 1425 τοὺς
3085 1360 3247 1424 ἅπαξ
3291 1359 3721 1428 φωτισθέντας.

2139 1449 2236 1504 καὶ
2266 1449 2458 1503 καλὸν
2487 1450 2902 1520 γευσαμένους
2941 1450 3089 1507 Θεοῦ
3120 1451 3308 1521 ῥῆμα,
3338 1452 3633 1522 δυνάμεις
3661 1471 3722 1505 τε

2137 1541 2243 1595 τοῦ
2265 1542 2604 1612 μέλλοντος
2631 1542 2868 1610 αἰῶνος,
2896 1545 2995 1598 καὶ
3019 1544 3509 1612 παραπεσόντας,
3537 1545 3722 1597 πάλιν

2135 1633 2560 1700 ἀνακαινίζειν,
2597 1635 3136 1704 ἀνασταυροῦντας
3165 1635 3404 1702 ἑαυτοῖς
3445 1635 3559 1689 τόν
3585 1638 3723 1689 Flor

453 1727 619 1781 Terra
654 1731 815 1792 enim,
838 1746 956 1799 qua:
983 1731 1428 1798 supervenientem
1451 1731 1506 1783 in
1530 1747 1584 1784 se
1601 1732 1793 1799 swpius
1819 1731 2034 1786 imbrem

2144 1727 2244 1782 τοῦ
2296 1727 2445 1782 Θεοῦ
2474 1767 2489 1791 ,
2524 1727 2624 1780 καὶ
2668 1728 3328 1798 παραδειγματίζοντας.
3381 1727 3472 1796 Γῆ
3516 1729 3628 1798 γὰρ
3683 1731 3721 1794 ἠ

448 1819 662 1883 biberit,
694 1829 743 1873 et
773 1821 1082 1888 produxerit
1120 1819 1332 1874 herbam
1389 1830 1741 1888 opportunam
1788 1821 1920 1885 illis,
1944 1839 2036 1890 per

447 1926 577 1980 quos
608 1911 828 1975 colitur,
856 1913 1122 1981 particeps
1176 1923 1253 1968 est
1301 1913 1698 1966 benedictionis.
1743 1897 2034 1981 Proferens

451 2011 629 2055 autem
660 2003 841 2071 spinas
864 2013 914 2056 et
946 2003 1190 2070 tribulos,
1246 2004 1469 2072 repruba
1506 2015 1608 2068 est,
1660 2012 1711 2058 et
1758 2003 2035 2059 maledicta

446 2093 727 2158 proxima;
773 2093 938 2156 cujus
966 2095 1090 2162 ﬁnis
1132 2105 1210 2149 est
1260 2097 1315 2148 in
1373 2094 1789 2150 combustionem
1818 2095 1859 2149 ⁸.
1899 2095 2035 2150 Nam

455 2197 649 2236 revera
708 2184 803 2253 qui
871 2185 1044 2239 semel
1106 2185 1356 2239 renovati
1413 2185 1755 2254 ceciderunt,
1785 2186 2034 2242 renovari

449 2275 686 2343 amplius
715 2291 824 2330 non
851 2284 1101 2346 possunt.
1131 2275 1318 2347 Neque
1339 2276 1484 2332 enim
1516 2287 1774 2334 nascetur
1804 2279 2038 2350 amplius

449 2363 733 2431 Christus,
763 2373 821 2420 ut
855 2381 953 2436 pro
986 2367 1145 2422 nobis
1196 2367 1254 2421 in
1316 2383 1540 2424 crucem
1593 2377 1810 2439 agatur.
1852 2369 2039 2440 Neque

456 2455 552 2511 Dei
580 2456 780 2510 Filium
833 2457 889 2514 in
924 2472 1090 2512 cruce
1127 2459 1469 2527 suspendere
1518 2459 1795 2530 quispiam
1833 2468 2034 2531 potest,

339 2603 348 2614 _
446 2548 541 2616 qui
594 2546 647 2600 id
681 2548 822 2602 ultra
873 2550 1080 2619 perpeti
1138 2551 1365 2621 nequit;
1400 2566 1579 2622 neque
1629 2552 1857 2607 alteram
1913 2553 2040 2622 quis

452 2653 721 2709 usurpare
747 2639 1005 2694 lotionem
1035 2649 1241 2710 potest,
1260 2645 1405 2712 quod
1435 2659 1578 2698 unus
1608 2644 1916 2713 baptismus
1967 2644 2040 2699 sit

448 2745 673 2799 unaque
703 2731 1006 2787 renovatio.
1033 2730 1234 2788 Verum
1257 2733 1456 2791 horum
1476 2735 1720 2791 omnium
1738 2734 2035 2790 remedium

448 2822 638 2877 statim
662 2824 965 2894 Apostolus
995 2824 1236 2895 subjicit,
1263 2837 1320 2882 ut
1345 2836 1401 2884 et
1428 2827 1686 2884 Ecclesia:
1710 2829 2035 2883 medicinam

451 2916 644 2977 faciat,
674 2923 729 2969 et
757 2916 905 2971 illius
928 2919 1190 2975 membris
1212 2920 1488 2974 consulat.
1526 2919 1617 2972 Ait
1635 2919 1819 2987 itaque
1849 2937 1864 2974 :
1895 2919 2036 2973 Con-

449 3006 664 3076 ]idimus
694 3019 868 3074 autem
896 3007 961 3064 de
993 3010 1160 3075 vobis,
1209 3010 1536 3072 charissimi,
1581 3009 1805 3064 meliora
1831 3020 1880 3066 et
1904 3012 2036 3066 vici-

450 3099 604 3152 niora
627 3099 816 3161 saluti.
834 3103 1046 3156 tametsi
1070 3103 1147 3155 ita
1181 3102 1468 3172 loquimur.
1490 3099 1540 3155 Ν
1546 3119 1612 3156 οη
1636 3104 1774 3157 enim
1802 3103 2036 3172 injustus

447 3195 528 3242 est
563 3186 724 3251 Deus,
762 3198 820 3241 ut
851 3188 1194 3244 obliviscatur
1221 3190 1346 3244 boni
1375 3191 1546 3259 operis
1580 3193 1738 3246 vestri
1759 3193 1803 3245 ⁸.
1840 3191 1897 3246 In
1928 3207 2038 3262 quo

450 3278 606 3334 vides
672 3280 1135 3350 quemadmodum
1181 3289 1238 3337 et
1287 3281 1744 3340 instaurationem
1787 3283 1932 3338 illam
1957 3300 2040 3339 se-

453 3368 694 3422 condant
747 3369 865 3425 fieri
896 3387 1005 3426 non
1061 3387 1225 3441 posse
1289 3374 1518 3427 omnino
1574 3375 2034 3444 pronuntiaverit,

451 3475 628 3530 neque
663 3471 842 3516 tamen
874 3478 904 3515 a
940 3463 1117 3539 salute
1143 3464 1269 3519 illos
1295 3465 1620 3530 excluserit,
1656 3481 1798 3536 quos
1826 3466 2037 3537 peccati

451 3549 536 3605 sui
559 3551 848 3618 pmniteret
871 3568 886 3616 ;
912 3552 1008 3606 sed
1039 3563 1092 3607 et
1123 3555 1287 3609 saluti
1316 3556 1658 3628 propinquos
1688 3573 1809 3613 esse
1837 3558 2039 3614 dixerit

450 3652 508 3697 et
534 3641 702 3698 Deum
737 3652 887 3698 recte
913 3644 982 3698 ab
1010 3645 1077 3699 iis
1133 3646 1405 3702 factorum
1462 3665 1584 3706 esse
1638 3657 2034 3720 susceptorem,

451 3731 546 3800 qui
577 3731 900 3787 delictorum
931 3749 1155 3790 suorum
1187 3738 1494 3794 absolutam
1533 3740 1914 3810 paenitentiam
1947 3756 2039 3796 ea-

456 3833 765 3893 pesserent,
823 3841 994 3897 seque
1046 3828 1184 3884 adeo
1224 3820 2037 3904 converterent,-animumque

458 3924 758 3977 mutarent.
1207 3977 1210 3980 _

523 4007 886 4072 Quamobrem
920 4026 1042 4068 cum
1085 4013 1305 4069 divinus
1337 4030 1538 4080 sermo,
1576 4025 1691 4070 tum
1723 4027 1910 4072 sancta
1941 4015 2035 4072 Dei

453 4096 697 4153 Ecclesia
724 4109 989 4170 perpetuo
1007 4103 1382 4172 pmnitentiam
1415 4105 1714 4174 approbat;
1748 4123 1857 4161 non
1892 4106 2036 4176 quod

453 4192 672 4247 mollior
730 4208 796 4248 ac
837 4193 1066 4249 dilutior
1099 4195 1196 4258 sit,
1231 4203 1329 4248 aut
1363 4196 1634 4265 pigriores
1684 4181 1808 4254 illos
1846 4198 2034 4264 faciat,

450 4283 546 4350 qui
582 4283 636 4336 in
677 4283 772 4336 illo
811 4285 995 4340 stadio
1045 4284 1377 4352 decurrunt;
1417 4286 1510 4340 sed
1557 4297 1617 4340 ut
1656 4286 1750 4343 Dei
1783 4289 2035 4355 gratiam,

2138 1817 2365 1872 πιοῦσα
2389 1819 2496 1872 τὸν
2514 1819 2607 1871 ἐπ’
2631 1817 2821 1886 αὐτῆς
2845 1819 3142 1886 πολλάκις
3161 1821 3496 1889 ἐρχόμενον
3521 1820 3720 1878 ὑετὸν,

2138 1912 2237 1966 καὶ
2271 1912 2560 1966 τίκτουσα
2594 1911 2870 1978 ,ϐοτάνην
2899 1911 3145 1964 εὔθετον
3185 1911 3460 1975 ἐκείνοις,
3512 1909 3587 1962 δι’
3616 1909 3720 1973 οἶος

2137 2004 2236 2057 καὶ
2287 2003 2622 2074 γεωργεῖται
2639 2041 2653 2065 ,
2698 2002 3142 2072 μεταλαμϐάνει
3166 2003 3467 2070 εὐλογίας.
3513 2003 3721 2070 Ἐκςςέ-

2130 2110 2330 2164 ρουσα
2360 2095 2430 2149 δὲ
2479 2095 2747 2162 ἀκάνθας
2790 2097 2886 2150 καὶ
2917 2095 3250 2162 τριϐόλους,
3281 2092 3592 2162 ἀδόκιμος,
3622 2092 3716 2144 καὶ

2138 2186 2402 2257 κατάρας
2431 2187 2613 2258 ἐγγύς
2630 2203 2645 2216 ·
2673 2183 2751 2257 ἧς
2784 2187 2849 2240 τὸ
2873 2185 3048 2252 τέλος
3077 2188 3164 2251 εις
3195 2185 3438 2239 καῦσιν.
3469 2184 3584 2237 Καὶ
3613 2186 3718 2255 γὰρ

2137 2276 2216 2348 τῷ
2247 2277 2344 2346 μὲν
2380 2276 2495 2329 δντι
2533 2277 2662 2339 τοὺς
2699 2275 2848 2339 ἆπαξ
2875 2272 3360 2337 ἁνακαινισθέντας
3404 2272 3502 2326 καί
3541 2289 3716 2343 παρα-

2139 2365 2404 2429 πεσόντας
2437 2365 2808 2430 ἀνακαινίζειν
2839 2364 3120 2419 ἀδύνατον.
3163 2361 3301 2416 Οὔτε
3336 2363 3448 2434 γὰρ
3488 2362 3572 2416 ἔτι
3602 2380 3718 2430 τεν-

2137 2456 2432 2527 νηθήσεται
2471 2456 2726 2528 Χριστὸς,
2754 2457 2842 2510 ἴνα
2872 2455 3164 2526 σταυρωθῇ
3201 2454 3344 2524 ὑπὲρ
3367 2453 3533 2524 ἡμῶν
3556 2472 3570 2484 ·
3599 2453 3718 2506 οὔτε

2139 2547 2512 2618 ἀναπαυροῦν
2561 2546 2784 2600 δύναται
2843 2563 2929 2610 τις
2957 2546 3048 2599 τὸν
3086 2546 3214 2598 Υιδν
3261 2545 3358 2599 τοῦ
3418 2545 3590 2610 θεοῦ,
3631 2545 3716 2599 τὸν

2142 2637 2341 2709 μηκέτι
2365 2637 2768 2708 σταυρούμενον
2786 2654 2802 2670 ο
2827 2638 2952 2691 οὔτε
2984 2636 3208 2692 δύναταί
3235 2653 3320 2700 τις
3343 2635 3573 2709 λουτρὸν
3599 2637 3715 2692 δεύ-

2136 2746 2294 2802 τερον
2323 2729 2642 2802 λαμϐάνειν.
2677 2731 2773 2784 Ἕν
2805 2730 2914 2801 γάρ
2945 2729 3063 2782 ἐστι
3089 2728 3154 2781 τὸ
3178 2727 3488 2798 βάπτισμα,
3520 2727 3616 2782 καὶ
3641 2721 3714 2790 εἷς

2137 2825 2166 2876 ὁ
2213 2822 2586 2894 ἑγκαινισμός.
2633 2821 2794 2876 Ἀλλὰ
2840 2820 3002 2884 εὐθὺς
3046 2820 3295 2892 ἐπιφέρει
3350 2821 3454 2892 τὴν
3513 2821 3712 2875 τούτων

2139 2912 2285 2966 ῐασιν
2313 2914 2344 2966 ὁ
2377 2913 2533 2980 ἅγιος
2567 2910 2908 2974 Ἀπόστολος,
2937 2911 3038 2980 τὴν
3071 2909 3402 2980 Ἐκκλησίαν
3434 2910 3710 2982 ἰατρεύων,

2139 3004 2234 3058 καὶ
2283 3003 2393 3056 τῶν
2443 3002 2617 3073 αὐτῆς
2671 3001 2847 3072 μελῶν
2894 3001 3353 3072 ἐπιμελούμενος·
3411 3003 3508 3055 καί
3557 3019 3707 3074 φησι·

2091 3097 2109 3120 ⁸
2138 3096 2516 3165 Πεπείσμεθα
2551 3093 2621 3148 δὲ
2654 3093 2787 3163 περὶ
2822 3092 3020 3163 ὑμῶν,
3058 3090 3375 3163 ἀγαπητοὶ,
3420 3094 3497 3148 τὰ
3530 3096 3707 3162 κρείτ-

2138 3202 2304 3252 τονα,
2327 3184 2427 3238 καὶ
2446 3184 2708 3254 ἐχόμενα
2730 3181 3048 3250 σωτηρίας,
3071 3184 3125 3236 ει
3159 3181 3260 3235 καὶ
3287 3182 3480 3249 οὕτως
3499 3183 3706 3238 λα.ιοῦ-

2131 3296 2268 3349 μεν.
2299 3279 2383 3332 Οὐ
2405 3277 2516 3347 γὰρ
2539 3277 2745 3342 ἀδικος
2775 3279 2810 3331 ό
2841 3275 2985 3342 Θεὸς
3017 3275 3411 3331 ἐπιλαθέσθαι
3442 3277 3551 3330 τοῦ
3575 3277 3704 3347 ἀγα-

2139 3371 2248 3427 θοῦ
2279 3369 2458 3438 ἔργου
2478 3367 2666 3437 ὑμῶν.
2699 3367 2809 3420 Καὶ
2829 3369 2960 3438 ὁρᾷς
2983 3367 3100 3431 πῶς
3127 3366 3218 3421 τὸν
3251 3368 3609 3439 ὲγκαινισμδν
3638 3369 3704 3438 μὴ

2138 3461 2398 3516 δύνασθαι
2423 3460 2676 3536 δεύτερον
2706 3458 2960 3528 γενέσθαι
2987 3458 3207 3523 τελείως
3235 3459 3588 3531 ἀπεφήνατοο
3617 3459 3705 3528 τῆς

2137 3554 2196 3608 δὲ
2228 3552 2502 3624 σωτηρίας
2543 3552 2643 3605 οὐκ
2685 3549 2970 3620 ἀπέτρεπε
3005 3550 3132 3614 τοὺς
3171 3549 3252 3602 ἐτι
3300 3550 3704 3621 μετανοοῦντας,

2137 3645 2276 3700 ἀλλὰ
2304 3645 2397 3699 καὶ
2428 3642 2703 3713 σωτηρίας
2727 3641 3039 3712 ἐχομένους,
3068 3643 3163 3694 καὶ
3183 3640 3316 3696 Θεὸν
3349 3642 3705 3712 ἀντιλήπτορα

2138 3738 2237 3809 τῆς
2268 3734 2632 3809 ἀγαθοεργίας
2664 3733 2876 3796 αὐτῶν,
2910 3733 3004 3787 καὶ
3034 3733 3144 3787 ἀπὸ
3178 3733 3287 3786 τῶν
3335 3733 3703 3807 παραπτωμά-

2137 3845 2246 3882 των
2274 3827 2586 3880 τελειότατα
2625 3827 3058 3897 μετανοούντων,
3113 3825 3210 3879 καὶ
3256 3826 3701 3897 ἐπιστρεφόντων,

2139 3922 2234 3975 καὶ
2271 3919 2746 3992 μεταμελομένων.

2210 4009 2433 4078 Δέχεται
2462 4003 2554 4061 οὖν
2579 4010 2606 4061 ὁ
2626 4007 2780 4076 ἅγιος
2798 4006 2976 4076 λόγος,
3000 4007 3093 4061 καὶ
3115 4008 3148 4077 ἡ
3168 4006 3298 4075 ἁγία
3327 4005 3466 4060 Θεοῦ
3488 4007 3703 4077 Ἐκκλησ

2141 4103 2233 4157 σία
2267 4101 2499 4156 πάντοτε
2525 4099 2624 4170 τὴν
2651 4099 2961 4169 μετάνοιαν,
2993 4099 3094 4152 οὐκ
3123 4098 3558 4169 ὲξυδαρευομένη
3581 4099 3702 4170 (ιο),

2137 4195 2261 4248 οὐδὲ
2312 4192 2591 4264 ῥᾳθύμους
2643 4192 2771 4253 τοὺς
2809 4191 2900 4244 τὸν
2948 4190 3147 4262 δρόμον
3195 4189 3486 4254 τελοῦντας
3542 4205 3703 4262 παρα-

2141 4285 2508 4350 σκευάζουσα,
2560 4281 2697 4336 ἀλλὰ
2737 4282 2873 4335 Θεοῦ
2907 4282 3006 4352 τὴν
3052 4281 3212 4355 χάριν
3257 4281 3353 4334 καὶ
3399 4281 3502 4354 τὴν
3535 4282 3701 4362 φιλαν-

453 4374 959 4446 lmmanitatemque
998 4390 1105 4428 non
1158 4374 1396 4444 rejiciat,
1449 4390 1513 4430 ac
1545 4376 1814 4447 cujusque
1852 4393 2032 4432 causa:

2144 4377 2387 4449 θρωπίαν
2423 4374 2497 4446 μὴ
2529 4372 2964 4444 ἁνακόιμπτουσα
3005 4374 3140 4442 (Η),
3173 4371 3517 4440 γινώσκουσα
3543 4374 3598 4426 δὲ
3622 4373 3700 4424 τὸν

449 4467 674 4523 modum
727 4484 792 4522 ac
848 4469 1114 4524 rationem
1153 4467 1486 4526 consideret.
1519 4467 1589 4524 Ut
1630 4471 1777 4525 enim
1815 4471 1884 4535 is,
1938 4471 2032 4542 qui

2139 4469 2342 4541 τρόπον
2375 4467 2618 4536 ἑκάστης
2648 4464 2982 4528 ὑποθέσεως.
3019 4465 3105 4528 Ὠς
3129 4465 3239 4536 γὰρ
3278 4461 3380 4535 τὴν
3418 4464 3696 4536 παρθενίαν

522 4649 536 4677 ¹
569 4645 704 4702 Gen.
733 4662 806 4712 tv,
833 4646 881 4698 7.
957 4649 978 4678 '
1007 4646 1167 4702 Joan.
1200 4649 1365 4710 ν,14.
1442 4649 1464 4682 ⁸
1492 4648 1652 4705 Joan.
1686 4667 1799 4717 xxi,
1824 4651 1888 4704 15
1917 4668 2034 4722 sqq.

2166 4649 2329 4706 llebr.
2357 4667 2431 4717 vr,
2464 4649 2582 4706 4-8.
2660 4650 2681 4682 ⁸
2717 4647 2884 4704 Hebr.
2919 4663 2994 4712 ιι,
3021 4645 3106 4700 ιο.

520 4829 598 4896 (8)
639 4827 745 4882 Καὶ
785 4825 936 4898 μετὰ
973 4826 1087 4895 τὴν
1114 4826 1439 4895 μετάνοιαν
1471 4827 1588 4896 τὴν
1614 4828 2035 4898 μεταμέλειαν.

520 4847 598 4896 (δ)
639 4847 745 4882 Λαι
785 4847 936 4894 μετα
973 4847 1087 4895 την
1114 4847 1439 4895 μετάνοιαν
1471 4847 1588 4896 την
1661 4847 2035 4898 εταμελειαν.

453 4899 757 4952 Μετάνοιαν
789 4895 1041 4967 intelligit
1088 4898 1446 4969 baptisnnun,
1481 4847 1658 4965 quntil
1679 4898 1901 4969 λουτρὸν
1939 4899 2038 4969 τῆς

458 4969 1097 5038 μετανοίαςειῃρυιιιιιιιιυ,
1135 4979 1194 5020 ιιι
1228 4983 1255 5020 a
1289 4967 1508 5022 Justino
1543 4978 1714 5022 contr.
1754 4968 1950 5038 Tryph.
1996 4967 2031 5020 ⁷.

525 5037 598 5106 (9)
642 5037 908 5104 Σφιιὶλλει
939 5038 1007 5090 δὲ
1037 5038 1259 5104 αὐτοὺς
1302 5037 1368 5091 τὸ
1410 5039 1620 5106 ῥητόν.
1679 5037 1838 5093 Hunc
1889 5041 2036 5108 Apo-

456 5108 581 5160 stoli
615 5109 794 5179 locum
822 5116 1034 5179 veteres
1057 5124 1248 5179 omnes
1281 5109 1348 5162 ad
1373 5109 1722 5179 baptismum
1762 5110 2036 5179 pertinere

455 5186 665 5246 putant.
713 5175 1067 5250 Recentiorcs
1097 5178 1316 5248 quidam
1353 5178 1420 5234 de
1462 5175 1812 5250 'pmnitentia,
1868 5181 2028 5235 etiam

453 5255 752 5318 quasipost
803 5248 1131 5316 baptismum
1186 5257 1440 5318 suscepta
1473 5248 1617 5312 'sit,
1677 5258 2028 5318 acceperunt.

452 5317 604 5390 Quod
641 5328 831 5390 autem
856 5318 1206 5390 impossibile
1237 5317 1361 5374 esse
1403 5320 1543 5374 dixit
1586 5317 1882 5390 Apostolus
1916 5336 2030 5380 eos.

439 5389 544 5458 Qui
577 5387 838 5460 baptizati
867 5388 1298 5460 semelfuerint,
1329 5387 1728 5445 instaurari'ad
1772 5391 2033 5460 pmniten—

451 5457 604 5519 tiam.
634 5459 725 5512 hic
760 5457 1100 5530 impossibile
1117 5457 1295 5530 idem,
1324 5474 1448 5530 esse
1477 5462 1689 5522 volunt,
1721 5457 1867 5530 quod
1897 5460 2035 5514 dilli-

449 5531 738 5601 cillimum.
771 5527 890 5601 Quo
917 5543 1080 5584 sensu
1115 5529 1322 5601 'l‘crtul.
1365 5529 1458 5601 lib.
1505 5527 1754 5601 Debapt:
1790 5531 1934 5601 quod
1973 5532 2027 5585 in

450 5599 742 5667 Evangelia
761 5600 1025 5668 scriptum
1057 5607 1171 5652 est:
1195 5598 1326 5661 Qum
1360 5599 1714 5666 impossibilia
1742 5598 1863 5654 sunt
1891 5603 2028 5668 apud

448 5669 704 5726 homines.
731 5671 1008 5741 pessibilia
1040 5681 1157 5724 sunt
1189 5669 1326 5742 apud
1356 5669 1523 5724 Deum
1558 5669 1711 5737 (Luc.
1735 5687 1888 5738 xvm,
1914 5673 2028 5740 ‘27),

2142 4829 2227 4883 his
2276 4827 2458 4884 verbis
2501 4828 2816 4897 expressit:
2865 4827 3208 4897 Perdi/ﬁcilia
3255 4842 3407 4895 penes
3461 4829 3688 4895 homines,

2138 4899 2324 4980 facilia
2367 4915 2521 4984 penes
2558 4896 2740 4984 Deum.
2780 4896 3165 4984 Recentiorum
3211 4897 3570 4984 interpretum
3594 4902 3688 4984 opi-

2137 4970 2357 5024 nionem
2400 4969 2682 5037 adjuvant,
2716 4983 2838 5038 quaa
2865 4968 2933 5023 de
2966 4968 3300 5038 poenitentia:
3325 4978 3506 5025 vetere
3537 4969 3585 5023 in
3611 4968 3687 5024 Ec-

2135 5040 2300 5094 clesia
2335 5038 2651 5094 difﬁcultate
2685 5054 2850 5108 supra
2877 5039 3259 5108 disseruimus.

2206 5110 2317 5178 (10)
2351 5111 2472 5162 Οὐκ
2521 5107 3020 5178 ἐξυδαρευομένη.
3069 5108 3430 5164 Casaubonus
3470 5109 3680 5165 Exercit.

2135 5181 2187 5238 1,
2211 5196 2265 5233 n.
2289 5180 2342 5242 8,
2363 5180 2590 5234 ridicule
2613 5181 2752 5232 hanc
2773 5194 2958 5232 vocem
2991 5183 3396 5248 interpretatur.
3450 5179 3576 5234 Nam
3612 5181 3684 5246 ἐξ-

2135 5249 2493 5320 υδαρεύεσθαι
2516 5250 2614 5320 τὴν
2653 5249 2950 5320 μετάνοιαν
3001 5250 3205 5320 dictum
3257 5258 3440 5319 putat,
3499 5266 3588 5320 pro
3633 5267 3686 5302 eo

2134 5317 2282 5388 quod
2313 5330 2398 5376 est
2435 5317 2597 5375 vilem
2636 5317 2884 5374 reddere.
2928 5317 3032 5373 Sed
3071 5317 3270 5373 mirum
3296 5317 3556 5388 quantum
3581 5322 3681 5373 hal-

2134 5392 2429 5471 lucinatur.
2477 5389 2610 5444 Nam
2643 5389 3061 5471 ὲξςσδαρεύεσθαι
3095 5399 3191 5471 est
3236 5389 3682 5471 {abaequiioc'esu

2135 5463 2447 5516 dilutiorem
2481 5475 2545 5532 ac
2585 5458 2888 5516 molliorem
2919 5460 3056 5515 fieri.
3091 5458 3209 5525 Qua
3239 5460 3292 5513 in
3317 5458 3683 5532 significatione

2138 5533 2261 5587 aliis
2294 5532 2428 5586 locis
2460 5531 2644 5585 utitur.

2211 5603 2320 5672 (Il)
2361 5601 2469 5654 Kal-
2492 5601 2604 5665 τὴν
2630 5601 3083 5672 φιλανθρωπίαν
3098 5599 3184 5672 μὴ
3217 5601 3676 5670 ἀνακάμπτουσι.

2141 5673 2266 5730 Fur.
2302 5671 2700 5726 ἁνακύπτουσα.
