3728 6192
12 286 39 337 1
58 286 167 339 ῡὲί

749 283 1117 340 ADVERSUS
1156 282 1499 338 ΗίΕΒΕΞΕΞ
1537 282 1644 336 LIB

1819 278 1973 336 ΓΟΜ.
2008 279 2121 335 1.-
2166 278 2439 334 ἰῐίΕΙῖΕὸ.
2485 278 2621 334 LIX.

3162 275 3184 328 1
3196 278 3207 324 ί
3214 275 3303 329 ΥΒ

11 399 330 466 ἀπολέσας,
359 400 637 464 ἀδυνάτως
670 401 782 471 ἔχει
818 400 1025 472 ταύτην
1075 400 1380 473 κτήσασθαι
1432 417 1621 470 σωμαο

1819 396 2094 466 ginitatcm
2127 395 2331 460 amisit,
2394 394 2540 462 quod
2593 390 2663 446 ad
2702 406 2903 461 corpus
2959 390 3174 453 attinet,
3214 404 3303 444 rt-

11 491 237 557 εικῶς,
283 492 358 562 μὴ
392 492 747 562 ἐνδεχομένης
791 493 893 563 τῆς
929 494 1168 562 φύσεωςο
1202 491 1344 544 οὕτω
1389 492 1482 544 καὶ
1513 490 1621 543 ἀπὸ

11 583 128 635 τοῦ
183 581 415 653 λουτροῦ
462 584 519 634 ὲν
563 584 820 652 μεγάλοις
863 587 975 636 τισὶ
1022 581 1433 654 παραπτώμασι
1470 598 1624 652 περι-

12 674 245 739 πεσὼν,
298 676 394 728 καὶ
440 674 629 744 ὥσπερ
681 676 709 726 ὁ
746 675 855 727 ἀπὸ
904 673 1203 744 παρθενίας
1251 670 1620 743 παραπεσὼν,

11 764 294 835 δευτέραν
318 763 483 834 τιμὴν
515 764 614 834 τὴν
644 764 969 833 ἐγκράτειαν
1004 762 1149 831 ἔχει’
1189 759 1334 813 οὕτω
1372 760 1465 813 καὶ
1501 760 1579 821 εἰς
1605 757 1622 788 ¹

12 857 97 908 τὸ
131 856 361 925 λουτρὸν
389 857 417 908 ὁ
438 856 495 907 ἐν
529 853 939 926 παραπτώματι
972 854 1178 923 μείζονι
1205 852 1493 922 γενόμενος
1513 850 1625 919 ἔχει

13 943 302 1033 δευτέραν
332 943 496 1010 ῐασιν,
528 943 588 995 οὐ
615 942 870 1013 τοιαύτην
906 945 1157 1012 ἐνάρετον
1186 940 1327 996 κατὰ
1355 940 1451 1011 τὴν
1479 938 1626 1010 πρώο

14 1030 161 1103 την,
185 1033 289 1087 οὐκ
323 1032 777 1103 ἀποϐεϐλημένην
810 1032 866 1085 δὲ
894 1032 1043 1102 ζωῆς
1071 1031 1184 1103 ἔχει
1224 1031 1322 1103 τὴν
1345 1030 1623 1100 δευτέραν,

16 1124 107 1193 ἣν
148 1124 436 1195 κέκτηται.
472 1126 585 1179 Οὐκ
637 1123 821 1177 ἀθετεῖ
855 1125 1033 1177 τοίνυν
1080 1126 1108 1177 ὁ
1153 1123 1294 1186 θεῖος
1344 1122 1500 1192 λόγος
1534 1121 1625 1176 τὸν

24 1215 242 1283 μισθὸν
268 1214 376 1268 τῶν
406 1215 463 1267 ἐν
502 1212 764 1285 μετανοίᾳ
791 1213 1130 1284 καμνόντων.
1384 1230 1387 1231 ⁷

113 1477 191 1530 Γ’.
222 1474 451 1529 Ἔπειτα
470 1474 527 1528 δὲ
542 1474 697 1528 αὐτοὶ
726 1472 888 1527 πάλιν
920 1473 1026 1529 ἀπὸ
1047 1473 1235 1526 τούτου
1257 1472 1627 1543 προπηδήσαν-

23 1585 157 1632 τες,
172 1568 266 1620 καὶ
302 1566 436 1621 ἄλλα
478 1565 599 1618 τινὰ
629 1565 948 1635 ἐφεύραντο.
974 1566 1083 1617 Καὶ
1099 1563 1377 1635 γὰραὺτοὶ
1404 1563 1503 1632 τὴν
1533 1564 1631 1615 αὐ-

26 1660 164 1731 τὴν,
180 1660 247 1731 ἥν
268 1661 361 1713 καὶ
381 1660 540 1730 ἡμεῖς
558 1657 888 1729 κεκτήμεθα,
906 1655 1087 1709 πίστιν
1102 1654 1343 1724 λέγουσιν
1357 1654 1518 1724 ἔχειν.
1538 1648 1633 1708 Οὗ-

27 1770 127 1805 τοι
161 1752 220 1805 δὲ
246 1752 305 1803 οὐ
341 1750 618 1820 βούλονται
642 1748 919 1819 διδαγμοῖς
943 1750 964 1780 ²
1007 1746 1117 1818 (12)
1140 1747 1526 1799 ἐπικοινωνεῖν.
1562 1743 1627 1797 Et
1660 1731 1701 1790 Β

28 1842 155 1913 γάρ
180 1859 265 1904 τις
300 1840 437 1911 μετὰ
469 1841 529 1892 τὸ
576 1838 859 1910 βάπτισμα
908 1835 1205 1906 συναφθείη
1252 1835 1473 1904 γυναικὶ
1504 1834 1626 1886 δευ-

31 1934 203 2006 τέρᾳ,
445 1931 655 1996 τούτοις
697 1931 797 1985 οὐκ
848 1929 1251 2000 είσδεχθήσεται
1300 1926 1401 1991 ἔτι,
1440 1927 1535 1979 καὶ
1570 1925 1629 1980 τὸ

34 2029 159 2079 πᾶν
188 2027 336 2080 ἐστιν
364 2024 588 2096 ἠλίθιον.
636 2024 723 2088 Ὠς
752 2023 861 2095 γὰρ
898 2024 951 2076 εί
977 2039 1061 2085 τις
1101 2020 1361 2091 θεάσηται
1381 2035 1502 2073 τινα
1530 2034 1628 2088 νη-

34 2120 276 2190 χόμενον
300 2119 358 2172 ἐν
391 2118 564 2182 ὕδατι,
597 2118 692 2170 καί⁸
727 2116 935 2186 ἀγνοῶν
964 2115 1063 2187 τὴν
1091 2115 1287 2185 πεῖραν
1314 2112 1415 2184 τῆς
1448 2112 1632 2183 διανή-

36 2211 208 2277 ξεως,
242 2210 432 2263 ἐαυτὸν
465 2208 679 2263 ἔκδοτον
715 2209 827 2272 τοῖς
871 2206 1029 2261 ὕδασι
1072 2204 1205 2276 δῴη,
1250 2205 1346 2258 καὶ
1392 2202 1632 2273 ὑποϐρύ-

38 2319 167 2371 χιος
215 2301 458 2372 γένηται,
493 2301 567 2371 μὴ
606 2300 665 2353 ἐν
706 2298 873 2370 πείρᾳ
917 2296 1013 2365 ὣν,
1069 2297 1203 2368 μηδὲ
1247 2294 1435 2365 σαφῶς
1469 2294 1633 2363 γνοὺς

37 2395 159 2447 τῶν
187 2394 275 2447 διά
307 2392 502 2464 χειρῶν
530 2408 589 2444 τε
626 2391 722 2445 καὶ
759 2388 935 2443 ποδῶν
977 2388 1075 2460 τὴν
1119 2388 1391 2458 σωτηρίαν
1422 2386 1633 2447 ἑαυτοῖς

39 2482 568 2554 προσποριζομένων
605 2481 703 2552 τὴν
740 2480 1082 2551 ἐπιστήμην·
1121 2478 1328 2548 νομίζει
1355 2477 1411 2531 δὲ
1448 2475 1633 2538 ἁπλῶς

38 2578 106 2631 τὸ
143 2577 290 2647 ὕδωρ
317 2574 693 2639 διαϐαστάζειν
726 2573 818 2627 τὸν
853 2572 1135 2643 ἄνθρωπον
1181 2570 1302 2641 δίχα
1336 2569 1443 2624 τῶν
1488 2567 1634 2623 ἰδίων

40 2668 289 2739 χειρῶνο
346 2667 378 2737 ἢ
426 2666 502 2730 ὡς
549 2666 603 2720 εἴ
645 2682 728 2728 τις
777 2662 965 2718 ἀκούοι
1010 2662 1104 2715 τὸν
1148 2660 1398 2732 ἡγεμόνα
1456 2675 1632 2728 τιμω-

44 2758 256 2831 ροῦντα
286 2756 408 2821 τούς
433 2775 484 2810 τι
512 2756 755 2828 δρῶντας
783 2755 878 2809 καὶ
903 2754 1001 2826 τῆς
1024 2753 1356 2824 φαυλότητος
1385 2751 1512 2822 ἄχρι
1540 2749 1636 2804 καὶ

44 2849 374 2920 ἐλαχίστων,
401 2848 495 2903 καὶ
526 2846 735 2919 νομίζει
773 2848 871 2917 μὲν
899 2851 998 2918 τὴν
1031 2845 1189 2915 δίκην
1230 2844 1350 2916 ῐσην
1385 2842 1634 2907 διεξιέναι

45 2940 202 2993 κατά
231 2939 464 3003 πάντων,
499 2939 574 3001 ὼς
597 2938 689 2990 ἐπὶ
721 2938 815 2991 τοῦ
850 2936 1032 3007 φόνου⁹
1068 2936 1239 3000 οὕτως
1286 2936 1381 2989 καὶ
1418 2935 1510 2989 ἐπὶ
1538 2932 1633 2987 τοῦ

46 3030 431 3094 διαὸἀλλοντος
473 3031 565 3084 τὸν
616 3030 803 3095 πέλας,
845 3029 881 3100 ἢ
918 3029 1303 3100 μαχησαμένου
1326 3044 1340 3057 ⁸
1368 3027 1401 3096 ἢ
1432 3028 1508 3091 ὡς
1539 3025 1634 3079 ἐὰν

1726 497 2060 558 praesentare
2088 489 2236 543 illam
2274 503 2382 541 non
2402 493 2740 556 potest,cum
2776 483 2827 536 id
2856 483 3077 537 minime
3106 490 3304 535 natura

1725 580 1966 648 patiatur
2000 596 2015 644 ;
2049 580 2122 631 ita
2174 577 2266 647 qui
2315 584 2438 647 post
2468 575 2798 645 baptismum
2830 571 2990 643 495
3019 572 3071 624 in
3096 571 3304 641 majora

1725 669 1974 739 quaedam
2030 668 2263 723 crimina
2316 668 2609 737 prolapsus
2661 675 2776 729 est;
2811 661 3039 732 perinde
3095 676 3159 715 ac
3208 661 3345 730 qui-

1728 757 2042 830 virginitate
2084 758 2287 814 excidit
2330 755 2632 812 secundum
2676 754 2843 808 habet
2878 753 2933 806 in
2966 751 3303 806 continentia

1726 848 2228 904 commendationis
2258 846 2517 918 gradum:
2557 845 2639 901 sic
2665 843 2757 898 ille
2803 849 2926 913 post
2972 838 3303 910 baptismum

1727 942 1978 1012 graviore
2003 941 2304 996 obstrictus
2322 940 2529 995 scelere
2552 936 2851 993 secundum
2879 935 3040 989 habet
3055 931 3306 987 sanitatis

1727 1048 1920 1102 genus.
1956 1031 2112 1097 Quod
2139 1029 2357 1085 tametsi
2389 1043 2514 1082 cum
2548 1034 2720 1090 tanta,
2748 1032 2952 1095 quanta
2988 1022 3163 1092 prius,
3195 1020 3309 1073 vir~

1728 1131 1842 1178 tute
1871 1123 2096 1176 minime
2137 1120 2493 1190 conjunctum
2526 1117 2616 1181 sit,
2656 1131 2765 1170 non
2797 1122 2879 1169 est
2912 1122 3092 1167 tamen
3115 1127 3145 1165 a
3178 1126 3307 1165 cou-

1733 1212 2026 1285 sequenda:
2054 1212 2181 1266 vitae
2206 1225 2299 1280 spe
2326 1225 2390 1265 ac
2413 1208 2607 1264 salutis
2630 1207 2887 1261 alienum.
2905 1202 3074 1273 Igitur
3093 1216 3303 1263 eorum,

1730 1304 1823 1375 qui
1860 1304 1915 1358 in
1943 1302 2284 1374 capessenda
2317 1299 2640 1371 poenitentia
2672 1296 2946 1360 laborant,
2979 1294 3216 1347 fructum
3243 1305 3309 1345 ac

1731 1393 2013 1465 praemium
2042 1393 2262 1448 divinus
2286 1406 2467 1447 sermo
2500 1404 2609 1444 non
2642 1387 2840 1457 rejieit.

1802 1484 1890 1539 ιιι.
1931 1484 2200 1540 Praeterea
2243 1484 2385 1539 idem
2432 1483 2509 1537 illi
2554 1482 2769 1551 longius
2814 1494 2880 1533 ex
2924 1475 3018 1532 illo
3060 1476 3309 1545 dogmate

1733 1578 2080 1648 prosilientes
2124 1576 2229 1631 alia
2284 1573 2533 1646 quaedam
2577 1572 2929 1642 adjecerunt.
2961 1569 3130 1621 Aiunt
3162 1566 3308 1621 enim

1734 1684 1793 1724 se
1834 1671 2082 1726 eamdem
2134 1668 2422 1723 nobiscum
2466 1665 2669 1719 habere
2720 1662 2923 1727 iidem;
2980 1660 3077 1715 sed
3126 1664 3309 1711 tamen

1729 1776 1853 1814 cum
1883 1759 2111 1830 digamis
2141 1756 2554 1814 communicare
2582 1755 2910 1810 detrectant.
2943 1750 3079 1803 Nam
3112 1750 3157 1804 si
3187 1748 3311 1817 quis

1730 1859 1854 1922 post
1886 1851 2220 1921 baptismum
2250 1847 2549 1904 secundam
2574 1859 2801 1899 uxorem
2833 1841 3074 1901 duxerit,
3109 1840 3177 1892 ab
3203 1837 3311 1891 illis

1730 1957 1840 1996 non
1869 1940 2105 2010 amplius
2151 1937 2480 1992 admittitur.
2525 1933 2681 2000 Quod
2732 1930 2952 2002 quidem
3006 1929 3163 1998 plane
3195 1934 3311 1982 sto-

1730 2029 1899 2084 lidum
1948 2037 2051 2083 cst.
2088 2025 2161 2082 Ut
2200 2025 2345 2082 enim
2394 2024 2440 2079 si
2487 2023 2610 2093 quis
2653 2027 2931 2074 natantem
2976 2017 3208 2086 aliquem
3256 2014 3313 2068 in

1731 2134 1873 2188 aqua
1920 2116 2140 2183 viderit,
2191 2129 2254 2170 ac
2306 2112 2526 2170 natandi
2588 2125 2744 2167 usum
2784 2107 3045 2179 ignorans
3092 2119 3213 2160 sese
3258 2104 3316 2157 in

1731 2224 1928 2280 aquam
1962 2205 2331 2269 commiserit,
2371 2218 2435 2258 ac
2483 2216 2703 2275 pessum
2733 2198 2888 2262 ierit,
2929 2196 3073 2267 quod
3112 2204 3166 2250 et
3194 2194 3316 2265 ejus

1729 2305 1809 2355 rei
1841 2299 1911 2355 sit
1939 2312 2167 2368 expers,
2212 2304 2266 2351 et
2296 2310 2485 2352 eorum
2510 2334 2525 2358 ,
2561 2293 2657 2363 qui
2689 2290 2939 2346 manibus
2979 2302 3041 2341 ac
3088 2286 3318 2357 pedibus

1733 2391 1895 2449 saluti
1930 2404 2044 2445 suae
2073 2388 2392 2453 consulunt,
2420 2384 2651 2442 scientia
2674 2381 2901 2437 minime
2927 2380 2997 2434 sit
3024 2377 3316 2448 praeditus;

1734 2482 1826 2540 sed
1857 2482 2000 2537 ultro
2017 2494 2215 2551 aquam
2231 2477 2509 2535 existimet
2528 2476 2666 2530 citra
2687 2485 2949 2528 manuum
2968 2468 3318 2540 agitationem

1734 2574 2012 2630 hominem
2061 2572 2367 2628 sustinere:
2415 2575 2510 2623 aut
2560 2561 3049 2637 quemadmodum,
3099 2560 3146 2616 si
3196 2558 3322 2629 quis

1739 2664 2056 2737 praefectum
2094 2662 2282 2718 audiat
2311 2661 2365 2716 in
2406 2674 2502 2716 eos
2534 2656 3057 2712 animadvertentem
3088 2651 3180 2722 qui
3212 2649 3323 2703 ulla

1737 2758 1791 2812 in
1840 2771 1899 2811 re
1929 2754 2091 2810 etiam
2115 2752 2340 2808 minima
2379 2748 2732 2820 deliquerint,
2779 2753 2944 2815 atque
2980 2741 3226 2799 eamdem
3263 2740 3322 2794 in

1736 2859 1926 2900 omnes
1963 2857 2183 2914 poenam
2212 2840 2572 2896 constitutam
2608 2837 2928 2897 arbitretur,
2960 2829 3321 2903 quemadmo-

1735 2936 1862 2990 dum
1905 2935 1960 2989 in
1995 2948 2091 2990 eos
2139 2932 2234 3002 qui
2281 2928 2629 3001 patricidium
2670 2923 3085 2988 commiserint,
3134 2920 3217 2977 sic
3265 2918 3322 2973 in

1737 3028 1899 3092 illos,
1941 3027 2035 3096 qui
2058 3024 2199 3089 :aliis
2237 3020 2556 3076 calumniati
2606 3017 2847 3081 fuerint,
2880 3020 2975 3069 aut
3023 3009 3320 3083 pugnando

47 3121 82 3198 ᾖ
126 3142 218 3189 τις
254 3124 595 3177 παντάπασιν
638 3096 880 3193 ἰδιώτης,
1051 3096 1313 3193 θεάσηται
1354 3120 1446 3173 τὸν
1486 3119 1634 3191 είλη-

1819 3116 2116 3174 essiverint
2143 3134 2158 3170 :
2195 3115 2283 3170 vel
2313 3111 2541 3184 perinde
2569 3124 2633 3165 ac
2684 3109 2728 3165 si
2778 3107 2933 3163 rudis
2967 3103 3237 3175 quispiam
3269 3110 3325 3156 et

50 3219 197 3287 φὸτα
227 3217 459 3288 ἄρχοντα
488 3217 585 3287 τὴν
615 3215 864 3282 ἐξουσίαν
904 3216 1025 3267 κατ’
1066 3213 1358 3285 ἀλιτηρίων
1389 3212 1638 3266 ἀποσπά-

51 3328 232 3364 σαντα
285 3311 577 3380 μάχαιραν,
614 3307 648 3378 ἦ
690 3307 829 3360 κατὰ
880 3307 1091 3376 γοήτων
1136 3305 1228 3357 καὶ
1277 3303 1634 3374 βλασφημῶν,

53 3408 87 3477 ἢ
122 3403 541 3459 ἀκαθοσιώτωνο
597 3400 805 3472 νομίζει
862 3400 918 3452 δὲ
956 3400 1082 3462 τοὺς
1130 3397 1338 3461 πάντας
1391 3392 1637 3460 ἐξουσίαν

54 3500 206 3569 ἔχειν
237 3497 333 3567 τῆς
357 3495 609 3565 τοιαύτης
654 3493 832 3555 αἰτίας
864 3489 1131 3545 ποιεῖσθαι
1160 3488 1257 3559 τὴν
1284 3488 1473 3559 δίκην
1508 3486 1637 3540 θεα-

57 3592 297 3661 σάμενος
323 3588 379 3642 δὲ
410 3588 565 3659 δίκην
587 3586 773 3648 δόντας
806 3581 1147 3654 ἀνθρώπους,
1177 3580 1271 3633 καὶ
1295 3579 1456 3643 αὐτὸς
1487 3578 1545 3632 δὲ
1569 3577 1640 3632 τά

60 3682 155 3734 [σα
193 3677 569 3750 μιμησάμενος
609 3674 823 3746 θελήσει
861 3672 1178 3726 ἀποκτεῖναί
1216 3686 1388 3734 τινας,
1438 3670 1511 3733 ὡς
1543 3668 1640 3739 δῆ-

60 3771 155 3823 θεν
199 3773 323 3831 τοὺς
364 3767 693 3839 ἠδικηκότας
741 3765 1006 3829 δικάζων’
1045 3764 1204 3826 ἁλοὺς
1247 3756 1369 3817 δὲό
1403 3758 1644 3824 τοιοῦτος

62 3861 230 3923 αὐτὸς
277 3860 431 3931 δίκην
474 3859 655 3923 δώσει,
694 3856 767 3930 μὴ
810 3855 1045 3927 εἰληφὼς
1077 3853 1229 3926 παρά
1262 3852 1525 3923 βασιλέως
1556 3852 1644 3916 ἐξ·

63 3954 257 4005 ουσίαν
289 3953 394 4007 τῶν
422 3951 676 4005 τοιούτων
697 3968 709 3980 ·
744 3950 838 4002 καὶ
862 3949 944 4002 ὃτι
980 3947 1072 4017 τὴν
1107 3947 1227 4016 ίσην
1256 3944 1471 4015 ἐνόμιζε
1504 3943 1645 3997 κατά

68 4045 289 4098 πάντων
310 4042 505 4108 ἐξιέναι
525 4041 705 4111 ψῆφον
730 4040 837 4094 ἀπὸ
855 4040 952 4109 τῆς
979 4038 1132 4107 δίκης
1156 4035 1264 4090 τῶν
1290 4036 1487 4105 νόμων,
1523 4034 1646 4086 ἐαυ-

68 4137 161 4189 τδν
196 4136 253 4188 δὲ
281 4136 337 4188 ὲν
374 4138 439 4207 τῇ
467 4134 649 4203 ἀδικίᾳ
677 4132 763 4186 διὰ
792 4133 891 4203 τῆς
912 4132 1046 4193 ἰδίας
1063 4127 1321 4198 ἀπειρίας
1356 4126 1449 4179 καὶ
1475 4126 1647 4196 ἀπαρ-

71 4228 457 4300 ακολουθησίας
484 4227 697 4280 ἔκδοτον
722 4223 997 4287 ἀπωλείας
1030 4218 1452 4291 παρασκευάσας
1475 4234 1489 4249 ο
1508 4216 1649 4269 οὕτω

74 4325 170 4377 καὶ
223 4323 417 4386 αὐτον,
468 4321 537 4375 τὰ
560 4321 774 4375 πάντων
821 4316 956 4389 ὁμοῦ
1009 4315 1283 4385 μίξαντες,
1327 4313 1388 4365 ἐκ
1440 4311 1651 4365 πάντων

72 4416 343 4481 ἐξέπεσαν
362 4432 375 4444 ·
405 4415 498 4467 καὶ
533 4412 608 4483 μὴ
634 4412 923 4481 νοήσαντες
952 4406 1021 4460 τά
1042 4405 1245 4477 ἀκριϐῆ
1278 4404 1378 4473 τῆς
1398 4402 1489 4457 τού
1515 4400 1650 4455 Θεοῦ

72 4507 445 4571 διδασκαλίας,
486 4505 580 4560 ἐπὶ
618 4505 814 4576 ἑτέραν
852 4501 1037 4574 τρίϐον
1090 4500 1381 4571 σφαλέντες
1416 4497 1654 4568 ἐτράπη-

79 4620 175 4655 σαν
198 4619 217 4633 ο
247 4602 344 4654 ούκ
376 4599 593 4663 εἰδότες,
634 4599 716 4652 ὅτι
759 4595 897 4665 αὕτη
943 4594 1089 4648 ἐστὶν
1131 4595 1165 4669 ἡ
1206 4592 1301 4663 τῆς
1334 4589 1487 4655 θείας
1514 4590 1654 4662 Γρα-

1740 3210 2023 3280 imperitus
2064 3204 2450 3276 magistratum
2491 3200 2672 3255 videat
2717 3203 2985 3268 potestate
3036 3191 3323 3263 praeditum

1738 3300 1978 3373 gladium
2016 3300 2073 3354 in
2121 3296 2418 3352 sceleratos
2459 3292 2821 3360 distringere,
2854 3287 3005 3343 velut
3052 3281 3326 3340 veneﬁcos

1740 3401 1835 3447 aut
1862 3391 2235 3460 blasphemos,
2271 3392 2365 3440 aut
2389 3381 2727 3456 perduelles,
2756 3394 2820 3434 ac
2848 3392 3014 3449 penes
3040 3374 3327 3430 universos

1739 3499 1861 3540 esse
1886 3487 2208 3553 potestatem
2237 3475 2556 3539 arbitretur,
2577 3477 2636 3524 ut
2669 3470 2818 3525 illius
2848 3467 3096 3523 criminis
3131 3479 3326 3536 pomas

1739 3574 2077 3631 constituant
2106 3588 2119 3623 :
2151 3580 2386 3637 eumque
2414 3563 2636 3635 punitos
2658 3561 2727 3616 ob
2744 3561 2799 3616 id
2820 3559 3068 3615 homines
3090 3557 3311 3619 viderit,

1742 3665 1941 3723 imitari
1973 3670 2029 3719 et
2063 3662 2182 3733 ipse
2211 3660 2363 3719 velit.
2403 3671 2468 3711 ac
2505 3665 2765 3725 tanquam
2804 3652 2874 3707 de
2914 3651 3024 3707 reis
3060 3648 3328 3720 judicium

1740 3770 2003 3815 exercens
2032 3762 2261 3808 mortem
2316 3750 2425 3805 illis
2473 3745 2677 3802 inferre
2727 3751 2987 3800 conetur:
3060 3737 3330 3810 ejusmodi

1741 3848 1943 3918 quippe
1985 3858 2176 3915 pinnas
2206 3843 2324 3912 ipse
2355 3839 2673 3911 persolvet,
2714 3845 2829 3890 tum
2870 3833 3016 3905 quod
3057 3834 3261 3887 nullam
3296 3845 3328 3883 a

1742 3937 1988 4010 principe
2027 3934 2148 4005 ejus
2182 3934 2262 3987 rei
2299 3937 2627 4002 potestatem
2675 3926 2971 3996 acceperit,
3023 3933 3140 3977 tum
3183 3920 3330 3990 quod

1744 4026 2005 4097 aequalem
2037 4024 2094 4077 in
2126 4036 2317 4077 omnes
2344 4019 2558 4089 legibus
2591 4015 2947 4071 constitutam
2969 4026 3187 4081 poenam
3212 4024 3333 4063 csse

1753 4118 1858 4175 sibi
1900 4115 2274 4188 persuaserit;
2309 4127 2373 4166 ac
2403 4111 2637 4179 denique
2674 4121 2770 4175 per
2811 4100 3135 4170 imperitiam
3168 4098 3332 4151 insci-

1747 4186 1989 4279 tiamque
2012 4221 2169 4264 suam
2200 4204 2294 4260 tali
2325 4203 2530 4259 scelere
2552 4197 2776 4254 exitium
2805 4192 2906 4249 sibi
2942 4205 3007 4245 ac
3036 4186 3332 4260 perniciem

1749 4299 2079 4357 consciverit
2102 4337 2120 4365 ,
2156 4297 2231 4351 ita
2274 4295 2439 4351 etiam
2476 4291 2580 4355 illi,
2620 4303 2743 4343 cum
2779 4284 2941 4341 simul
2975 4282 3158 4336 omnia
3208 4292 3333 4349 per-

1753 4393 2027 4449 misceant
2076 4386 2338 4443 omnibus
2398 4380 2763 4441 exciderunt;
2840 4385 3076 4439 cumque
3138 4366 3332 4420 divina!

1684 4461 1729 4516 Β
1759 4482 2062 4553 disciplinae
2092 4485 2351 4533 accurata
2383 4472 2696 4544 cognitione
2730 4470 2974 4526 careant,
3007 4460 3173 4531 496
3206 4457 3321 4512 alie-

1760 4546 1984 4631 num-in
2016 4568 2289 4624 tramitem
2329 4577 2545 4634 summo
2572 4573 2760 4635 errore
2788 4554 3142 4610 deﬂexerunt.
3186 4546 3334 4603 Istud

1759 4666 1905 4722 enim
1963 4675 2305 4733 nequaquam
2357 4656 2696 4713 discernunt,
2748 4648 2910 4701 talem
2961 4656 3083 4699 esse
3119 4639 3334 4709 qualem

1762 4754 2021 4816 diximus,
2050 4731 2111 4805 in
2153 4744 2453 4818 Scripturis
2498 4740 2673 4798 sacris
2716 4735 2935 4791 modum
2971 4747 3036 4786 ac
3070 4731 3333 4784 rationem

1763 4844 2157 4917 przescriptam.

1836 4937 1925 4992 IV.
1967 4911 2023 4989 Si
2047 4931 2261 5004 quidem
2287 4942 2407 4998 qua:
2433 4920 2737 4980 sacerdotio
2760 4922 2979 4988 propter
3004 4911 3335 4981 singularem

1768 5027 2065 5085 {unctionis
2099 5024 2245 5077 illius
2278 5018 2597 5089 dignitatem
2631 5010 2900 5083 praecipue
2933 5005 3135 5058 tributa
3185 5008 3336 5065 sunt,

1770 5138 1832 5178 ea
1863 5121 1928 5175 ad
1955 5130 2145 5173 omnes
2178 5110 2539 5168 communiter
2568 5104 2843 5175 pertinere
2894 5098 3162 5169 judicant.
3204 5093 3336 5149 lllud

1773 5213 1990 5286 quidem
2011 5208 2322 5270 audierunt,
2338 5202 2650 5274 episcopum
2674 5190 3202 5262 irreprehensibilem
3218 5201 3338 5243 esse

79 4695 187 4764 φῆς
229 4692 515 4764 παράδοσις
550 4690 643 4745 καὶ
670 4686 977 4743 ἀκολουθία.

150 4966 230 5015 Δ’.
248 4962 291 5013 Τ
295 4960 328 5014 ἀ
343 4967 449 5030 γὰρ
465 4960 545 5024 εἰς
574 4957 872 5030 ἱερωσύνην
894 4954 1263 5027 παραδοθέντα
1289 4950 1375 5004 διὰ
1395 4949 1456 5003 τὸ
1472 4948 1661 5019 ἐξοχώ-

84 5070 249 5107 τατον
273 5052 372 5121 τῆς
408 5050 714 5122 ἱερουργίας
734 5050 813 5113 είς
835 5048 1043 5109 πάντας
1062 5046 1317 5115 ἐνόμισαν
1350 5044 1479 5104 ἴσως
1501 5042 1663 5122 φέρε-

88 5137 233 5191 σθαι⁶
255 5119 572 5205 ἀκηκοότες,
588 5136 668 5187 ὅτι
689 5134 770 5186 δεῖ
786 5133 875 5186 τὸν
890 5130 1183 5184 ἐπίσκοπον
1205 5126 1565 5197 ἀνεπίληπτον
1589 5119 1665 5176 εἷ-

87 5249 193 5297 ναι,
227 5231 355 5301 μιᾶς
384 5226 639 5297 γυναικὸς
661 5226 846 5296 ἄνδρα,
874 5221 1116 5293 ἐγκρατῆ
1134 5238 1146 5251 ο
1176 5218 1436 5282 ὡσαύτως
1463 5216 1666 5272 καὶτὸν

161 5391 176 5421 ⁸
209 5386 267 5442 F.
299 5386 454 5457 μετά.
533 5386 554 5416 ²
590 5382 863 5453 διγάμοις.

167 5501 278 5571 (12)
325 5495 497 5571 Οὗτοι
541 5496 623 5571 δὲ-
649 5496 720 5571 οὐ
758 5494 1099 5571 βούλονται·
1157 5486 1479 5571 διδαγμοῖς.
1534 5483 1661 5538 Cor.

97 5559 366 5641 διγάμοις.
397 5568 501 5621 Sed
534 5567 790 5641 religione
819 5562 1052 5633 quadam
1086 5559 1666 5641 inducticommunent

102 5620 169 5696 ac.
200 5620 553 5709 depravatatn
600 5620 891 5709 lectionem
940 5620 1469 5709 repmseptavimiis,
1523 5620 1668 5695 quod

100 5712 203 5787 jam
238 5698 462 5764 niinime
498 5707 808 5778 probamus.
852 5698 1120 5758 Caeterum
1166 5698 1497 5759 Novalianos
1546 5707 1668 5749 cum

1773 5474 2002 5548 digamis
2029 5465 2436 5548 communicare
2481 5460 2724 5542 nol-uisse
2767 5460 2963 5548 praeter
2994 5444 3337 5548 auctores”?-

1778 5525 2011 5613 ῖόξῖὶῖίιί
2039 5541 2106 5595 de
2134 5539 2437 5613 har-resimis
2474 5533 2832 5613 scripserunt,
2863 5525 3019 5613 decet
3049 5525 3338 5613 etiam“?—

1779 5584 1885 5672 $5.7.
2235 5584 2449 5676 svnodi,
2477 5584 2569 5671 qui
2591 5584 2676 5676 lle
2704 5584 3118 5676 reconciliandis
3162 5584 3337 5676 N012.

2322 5651 2463 5731 Idem
2498 5651 2569 5726 let
2597 5651 2846 5723 Socrates
2876 5662 2966 5715 lib.
3005 5673 3059 5724 ν,
3092 5670 3209 5725 cap.
3241 5651 3332 5709 22.
