3728 6192
26 242 184 298 1025

694 239 1059 298 ADVERSUS
1103 240 1445 299 HIERESES
1485 243 1564 298 LII

1783 241 1917 300 ‘OM.
1943 243 1993 311 ,1.
2033 275 2101 286 -
2134 243 2408 300 ΗᾸΞΒΕΞ.
2449 243 2585 301 ιιι.

3154 246 3323 330 ιοεο¹

21 375 154 420 νου,
203 355 542 425 συναφθέντα
590 357 816 428 δευτέρᾳ
858 358 1097 425 γυναικὶ,
1131 359 1164 430 ἢ
1209 360 1343 431 γυνὴ
1385 360 1564 431 δευτέρ

1783 360 1999 430 ψυιωη.
2063 360 2385 429 Quanquam
2435 359 2527 428 qui
2565 372 2726 412 unam
2761 357 3027 413 duntaxat
3064 359 3286 425 habuit,

21 447 214 518 ἀνδρὶ,
238 447 336 499 οὐκ
362 448 598 501 αἰτιᾶται
631 451 658 501 6
680 448 818 511 θεῖος
849 449 1025 516 λόγος,
1051 451 1173 504 οὐδὲ
1214 452 1321 504 ἀπὸ
1347 453 1448 522 τῆς
1493 453 1615 506 Ἑκ-

22 536 268 606 κλησίας
294 539 387 590 καὶ
423 539 520 608 τῆς
553 537 698 607 ζωῆς
736 539 1124 610 ἀποκηρύττει,
1149 541 1283 594 ἀλλὰ
1321 542 1612 596 διαϐαστά-

20 626 115 689 ζει
141 628 230 681 διὰ
255 630 316 682 τὸ
341 629 596 692 ἀσθενέςο
629 632 728 699 οὐχ
759 631 844 684 ἵνα
872 630 966 684 δύο
990 635 1253 699 γυναῖκας
1280 633 1372 687 ἐπὶ
1394 635 1456 687 τὸ
1483 635 1614 688 αὐτὸ

22 723 143 789 σχῇ
179 721 257 773 ἐτι
288 721 579 792 περιούσης
609 722 710 791 τῆς
744 723 891 792 μιᾶς,
927 722 1040 776 ἀλλ’
1073 723 1181 776 ἀπὸ
1222 725 1350 793 μιᾶς
1387 726 1616 796 ἀποσχε-

19 809 174 874 Θεὶς,
209 811 456 882 δευτέρᾳ,
492 813 541 864 εί
584 812 824 882 τύχοιεν,
864 813 1012 883 νόμῳ
1050 814 1404 884 συναφθῆναι.
1447 815 1616 870 Ἐλεεϊ

17 894 227 950 τοῦτον
255 897 283 948 ό
326 898 477 964 ἅγιος
509 897 665 966 λόγος
703 899 799 952 καὶ
841 900 875 970 ἡ
925 899 1054 967 ἁγία
1104 900 1238 954 Θεοῦ
1285 903 1608 974 Ἐκκλησία·

22 983 276 1050 μάλιστα
311 987 356 1037 εί
385 987 688 1054 τυγχάνειὸ
719 986 955 1050 τοιοῦτος
983 986 1052 1040 τά
1078 987 1212 1041 ἄλλα
1241 989 1492 1061 εὐλαϐὴς,
1518 992 1612 1046 καὶ

17 1071 181 1124 κατὰ
230 1072 389 1141 νόμον
441 1073 574 1126 Θεοῦ
626 1074 1052 1143 πολιτευόμενος.
1087 1075 1197 1128 Καὶ
1245 1075 1355 1148 γὰρ
1393 1079 1493 1131 οὐκ
1544 1081 1610 1132 ἂν

17 1162 222 1231 ἔλεγεν
250 1165 278 1217 6
323 1165 640 1229 Ἀπόστολος
673 1168 786 1229 ταῖς
816 1169 1036 1236 χήραις·
1073 1168 1480 1235 Γαμείτωσαν,
1515 1187 1611 1225 τε·

16 1256 529 1324 κνογονείτωσαν,
582 1256 1223 1310 οὶκοδεσποτείτωσαν·
1274 1259 1396 1313 οὐδὲ
1449 1261 1611 1316 πάλιν

16 1347 187 1414 ἔλεγε
218 1348 294 1417 τῷ
336 1348 486 1418 ἀνδρὶ
511 1348 590 1418 τῷ
632 1348 730 1419 τὴν
767 1351 994 1416 γυναῖκα
1035 1352 1128 1405 τοῦ
1175 1351 1379 1421 πατρὸς
1412 1351 1607 1422 ἔχοντι,

16 1438 130 1489 καὶ
158 1437 552 1505 παραδοθέντι
589 1437 669 1503 τῷ
689 1437 924 1506 Σατανᾷ
955 1442 1042 1506 εὶς
1073 1441 1321 1510 ὄλεθρον
1345 1447 1571 1511 σαρκός
1590 1458 1607 1474 ⁸

19 1529 172 1580 Ἵνα
205 1527 272 1580 τὸ
302 1526 536 1596 πνεῦμα
571 1527 735 1595 σωθῇ
766 1527 837 1581 ἐν
871 1529 948 1597 τῇ
989 1529 1177 1598 ἡμέρᾳ
1216 1532 1322 1586 τοῦ
1354 1533 1604 1599 Κυρίουο

13 1617 133 1668 οὐκ
180 1616 336 1685 ἔλεγε
382 1617 572 1670 πάλιν*
625 1617 942 1686 Κυρώσατε
983 1623 1071 1686 εὶς
1123 1623 1310 1675 αὐτὸν
1345 1622 1604 1692 ἀγάπην,

1715 453 1910 518 majori
1942 450 2199 505 Ecclesiae
2228 450 2435 518 judicio
2473 451 2678 505 honore
2707 450 2905 518 dignus
2929 460 3030 504 cst.
3056 449 3160 506 Sed
3183 452 3274 506 cui

1713 550 1929 596 mortua
1985 555 2094 595 una
2154 556 2262 594 non
2310 539 2528 605 suﬂicit,
2586 555 2708 593 cum
2760 542 3050 595 occasione
3105 543 3288 611 aliqua

1712 633 1886 702 stupri
1939 632 2322 701 adulteriique,
2371 639 2466 685 aut
2515 631 2742 686 alterius
2773 629 2995 700 ﬂagitii,
3045 646 3169 685 cum
3222 648 3287 688 ea

1712 723 2002 778 divortium
2036 721 2244 786 fecerit,
2272 723 2324 778 is-
2342 722 2388 777 si
2418 723 2645 776 alteram
2673 736 2896 775 uxorem
2920 721 3158 784 duxerit,
3187 730 3286 775 aut

1712 814 1869 867 alteri
1908 812 2026 866 viro
2070 812 2268 867 mulier
2316 813 2588 882 nupserit,
2631 826 2910 866 sacrarunt
2960 810 3291 866 Litterarum

1712 901 2010 956 auctoritas
2062 902 2130 956 ab
2173 903 2316 956 omni
2390 903 2546 970 culpa
2617 901 2739 955 illos
2789 900 3063 962 absolvit,
3115 915 3293 969 neque

1711 993 1780 1046 ab
1837 991 2101 1059 Ecclesia,
2146 999 2241 1046 aut
2284 1001 2484 1046 azterna
2525 991 2635 1044 vita
2680 991 2879 1060 rejicit,
2924 992 3018 1047 sed
3071 997 3294 1061 propter

1711 1081 2133 1136 imbecillitatem
2170 1082 2478 1137 tolerandos
2509 1081 2802 1136 existimat.
2830 1080 2948 1136 Non
2975 1085 3042 1136 ita
3074 1090 3284 1144 tamen,

1711 1173 1851 1228 duas
1887 1181 1947 1228 ut
1977 1175 2145 1229 altera
2175 1174 2470 1244 superstite
2500 1187 2700 1227 uxores
2743 1172 2904 1227 simul
2943 1173 3160 1236 habeat,
3196 1172 3294 1227 sed

1712 1273 1769 1319 ut
1801 1266 1869 1319 ab
1893 1280 2004 1319 una
2034 1271 2342 1336 separatus,
2369 1265 2592 1318 alteram
2629 1264 2733 1319 sibi
2759 1264 3013 1332 legitime,
3044 1265 3089 1317 si
3120 1264 3290 1326 lubet,

1709 1356 1989 1426 adjungat.
2014 1355 2380 1422 Quamobrem
2412 1369 2541 1426 erga
2571 1356 2841 1426 ejusmodi
2874 1356 3145 1408 hominem
3180 1362 3291 1408 tam

1709 1447 1931 1503 divinus
1960 1462 2163 1512 sermo,
2220 1463 2380 1518 quam
2425 1447 2665 1502 Ecclesia
2716 1446 2809 1501 Dei
2855 1446 3292 1500 misericordiam

1710 1534 1966 1600 adhibet,
2013 1537 2312 1605 praesertim
2366 1536 2411 1590 si
2455 1537 2664 1591 caeteris
2701 1536 2754 1589 in
2796 1536 2960 1591 rebus
3003 1535 3292 1604 religiosus

1709 1625 1800 1680 ille
1847 1626 1937 1690 sit,
1982 1634 2037 1680 et
2074 1626 2142 1680 ad
2187 1626 2384 1682 divina:
2433 1629 2566 1698 legis
2610 1627 2985 1698 praescriptum
3021 1626 3144 1680 vita:
3180 1642 3294 1681 suae

16 1707 136 1759 ἵνα
163 1707 251 1776 μὴ
282 1707 356 1776 τῇ
387 1708 784 1777 περισσοτέρᾳ
807 1709 975 1778 λύπῃ
1013 1712 1322 1779 καταποθῇ
1359 1715 1392 1766 ὁ
1420 1714 1564 1768 τοιοὶ

1783 1717 1955 1773 tiones
1981 1720 2376 1773 accommodet.
2403 1718 2560 1784 Quod
2584 1720 2688 1774 nisi
2722 1720 2794 1772 ita
2822 1727 2987 1783 esset,
3011 1734 3290 1787 nunquam

15 1814 159 1862 τος.
199 1797 390 1866 Ἔλεγε
449 1797 556 1870 γὰρ
604 1797 797 1851 πάλιν·
844 1793 920 1868 ’ῼ
969 1816 1024 1852 τι
1067 1800 1388 1870 χαρίζεσθε,
1427 1804 1607 1873 κάγὼ.

16 1889 211 1952 Διότι,
251 1888 307 1941 ετ
340 1905 395 1940 τι
435 1887 806 1956 κεχάρισμαι,
856 1887 933 1941 δι’
960 1889 1118 1958 ὑμᾶς
1154 1891 1505 1961 κεχάρισμαι
1541 1893 1612 1946 ἐν

15 1980 333 2046 προσώπῳ
363 1979 640 2048 Χριστοῦ,
680 1979 780 2032 ἵνα
805 1977 894 2048 μὴ
926 1981 1454 2052 πλεονεκτηθῶμεν
1490 1985 1610 2038 ὑπὸ

14 2070 140 2123 τοῦ
171 2068 430 2124 Σατανᾶ.
472 2071 553 2124 Οὐ
584 2069 694 2139 γὰρ
725 2069 910 2123 αὑτοῦ
952 2069 1024 2123 τὰ
1064 2071 1330 2142 νοήματα
1360 2073 1611 2144 ἀγνοοῦ-

9 2178 164 2227 μεν.
212 2161 322 2214 Καὶ
351 2162 482 2232 ὁρᾷς
523 2160 639 2226 πῶς
667 2161 849 2214 δίδωσι
885 2162 1170 2232 μετάνοιαν
1222 2165 1315 2218 καὶ
1363 2165 1502 2236 μετὰ
1541 2167 1610 2222 τὰ

17 2253 464 2323 παραπτώματα
482 2268 498 2318 ;

1713 1805 1895 1862 viduis
1925 1808 2220 1877 Apostolus
2249 1809 2514 1864 dixisset:
2545 1807 2787 1873 Nubant,
2820 1809 2962 1878 ﬁlios
2986 1818 3290 1877 procreent,

1715 1896 1938 1965 familia:
1963 1897 2179 1963 prtesint
2216 1897 2255 1950 ί.
2303 1895 2409 1951 Sed
2445 1913 2622 1966 neque
2652 1897 2720 1952 de
2765 1898 2984 1952 homine
3028 1898 3152 1960 illo,
3196 1898 3291 1966 qui

1716 1986 1889 2056 patris
1931 2000 2154 2040 uxorem
2188 1986 2448 2049 duxerat,
2479 1986 2550 2039 ob
2590 1986 2752 2054 idque
2779 1985 2994 2040 Salano:
3033 1988 3088 2038 in
3130 1988 3293 2038 inter-

1715 2079 1846 2131 itum
1882 2078 2058 2130 carnis
2095 2077 2324 2131 traditus
2360 2077 2557 2144 fuerat,
2593 2078 2670 2130 ita
2720 2079 3055 2147 loqueretur,
3079 2087 3136 2130 ut
3187 2078 3294 2144 spi-

1715 2169 1851 2222 ritus
1895 2167 2070 2221 salvus
2113 2167 2181 2222 sit
2216 2168 2272 2220 in
2316 2168 2400 2220 die
2432 2167 2728 2230 Domini’,
2764 2184 2940 2238 neque
2965 2169 3098 2223 illud
3133 2184 3294 2223 usur-

1716 2265 1918 2328 paret:
1967 2256 2290 2324 Conﬁrmate
2342 2258 2397 2311 in
2438 2259 2589 2311 illum
2647 2259 2982 2325 eharitatem,
3030 2277 3092 2314 ne
3127 2259 3294 2312 abun-

12 2348 278 2400 dantiore
327 2345 545 2398 tristitia
583 2342 924 2398 absorbeatur
963 2343 1222 2412 ejusmodi
1247 2345 1287 2398 ³.
1327 2345 1535 2412 Quibus
1558 2349 1674 2404 haec
1693 2348 1891 2418 adjecit
1917 2364 1931 2401 :
1962 2345 2061 2402 Cui
2087 2347 2286 2417 aliquid
2313 2346 2578 2412 donastis,
2602 2359 2650 2401 et
2672 2353 2802 2418 egof;
2829 2350 3079 2418 quoniam
3110 2351 3291 2419 siquid

14 2443 229 2496 donavi
255 2482 272 2508 ,
331 2449 543 2511 propter
603 2455 690 2494 vos
732 2439 924 2493 donavi
964 2439 1019 2492 in
1070 2439 1205 2508 facie
1243 2438 1472 2505 Christi,
1520 2459 1583 2497 ne
1641 2441 2111 2496 circumveniantur
2151 2457 2182 2493 a
2227 2439 2470 2496 Satana:
2503 2457 2661 2510 neque
2695 2442 2834 2495 enim
2872 2441 3018 2496 illius
3064 2445 3292 2498 astutias

15 2534 347 2604 ignoramus
376 2533 420 2590 ⁵.
473 2529 637 2587 Vides
669 2537 730 2584 ut
751 2530 1085 2600 pmnitentiae
1141 2530 1320 2586 locum
1355 2533 1520 2587 etiam
1559 2541 1684 2604 post
1723 2533 1922 2590 delicta
1954 2531 2252 2587 concedat?

97 2646 185 2699 E'.
220 2644 387 2699 Πάλιν
415 2642 472 2696 δὲ
510 2643 539 2694 6
581 2639 782 2711 Κύριός
833 2653 1028 2710 φησιν’
1061 2639 1274 2708 Ἄφετε
1321 2641 1614 2706 ἀλλήλοις

18 2738 100 2790 τὰ
165 2733 624 2805 παραπτώματα,
673 2732 774 2786 ἵνα
816 2730 913 2786 καὶ
976 2732 1009 2785 ὁ
1059 2728 1260 2798 Πατὴρ
1291 2731 1457 2799 ὑμῶν
1483 2733 1516 2786 ὁ
1545 2731 1616 2785 ἐν

16 2824 275 2895 οὐφανῷ
309 2824 530 2895 ἀφήσει
557 2822 719 2892 ἡμῖν.
761 2819 920 2875 Ἀλλὰ
949 2821 1041 2874 καὶ
1085 2822 1144 2874 ὲν
1179 2821 1324 2891 ἄλλῳ
1347 2821 1500 2893 τόπῳ
1525 2822 1616 2876 οὖ-

15 2938 144 2983 τως
168 2918 332 2988 φησί’
361 2914 648 2983 Πενθήσω
679 2914 950 2980 πολλοὺς
981 2912 1122 2979 τοὺς
1165 2912 1234 2966 ἐν
1263 2912 1407 2982 ἡμῖν
1427 2929 1616 2982 παρα·-

16 3007 362 3071 ττεσόντας,
411 3005 512 3059 καὶ
556 3004 642 3074 μὴ
688 3002 1214 3073 μετανοήσαντας·
1252 3001 1327 3066 ὡς
1377 3001 1610 3069 δεικνὺς,

1783 2625 1850 2694 γ.
1885 2639 1968 2694 Ad
1996 2639 2112 2694 haec
2135 2638 2346 2693 Domini
2379 2637 2471 2692 illa
2502 2652 2606 2693 vox
2631 2645 2738 2704 est,
2777 2638 3042 2693 Dimittite
3073 2640 3292 2696 invicem

1709 2742 1946 2801 peccata,
1965 2740 2022 2784 ut
2048 2739 2098 2784 et
2130 2729 2293 2784 Pater
2312 2738 2500 2792 vester,
2529 2731 2619 2799 qui
2656 2731 2710 2783 in
2745 2731 2888 2784 cretis
2911 2740 3012 2797 est,
3053 2730 3291 2786 dimittat

1710 2824 1850 2876 vobis
1879 2823 1923 2875 '.
1981 2820 2186 2876 Deinde
2233 2821 2313 2875 sic
2357 2820 2464 2874 alio
2501 2820 2621 2874 loco
2672 2821 2893 2889 scripsit
2947 2822 3287 2891 Apostolus:

1709 2912 1917 2982 Lugebo
1947 2912 2162 2975 multos,
2201 2911 2292 2981 qui
2323 2913 2377 2965 in
2406 2911 2548 2965 vobis
2591 2913 2888 2966 ceciderunt
2917 2931 3076 2984 neque
3116 2917 3287 2984 pomi-

1715 3006 1928 3059 teutiam
1969 3012 2180 3074 egerunt
2215 3003 2267 3067 ⁸,
2315 3010 2376 3056 ut
2407 3004 2680 3067 ostendat,
2719 3005 2935 3060 tametsi
2961 3005 3280 3072 ceciderint,

15 3101 140 3161 ὅτι,
203 3098 254 3150 εἰ
298 3096 393 3149 καὶ
443 3072 784 3166 παρέπεσείν,
833 3093 927 3148 καὶ
959 3093 1307 3163 μετενόησαν,
1347 3094 1564 3147 εἰσδεκτι

1819 3072 2195 3166 ρωῐιὶιεηίὶεηι
2234 3094 2607 3165 susceperint,
2649 3096 2861 3150 admitti
2913 3096 3288 3163 nihilominus,

16 3184 185 3243 οὗτοι
206 3187 468 3256 γίνονται,
501 3185 598 3239 καὶ
628 3185 729 3239 οὐκ
763 3183 1252 3255 ἀποϐληθήσονται,
1274 3183 1367 3238 τοῦ
1405 3184 1610 3256 Κυρίου

17 3278 400 3348 γινώσκοντος
433 3275 484 3330 τί
514 3275 652 3347 μετὰ
679 3274 909 3329 ἑκάστου
939 3275 1206 3346 ποιήσειε.
1457 3282 1460 3284 ’

100 3391 226 3443 Καὶ
270 3390 350 3443 ὅτι
389 3389 487 3459 μὲν
523 3389 552 3441 6
580 3387 760 3442 κανὼν
798 3387 898 3458 τῆς
927 3386 1184 3458 ἀληθείας
1223 3386 1463 3443 τοιοῦτον
1499 3388 1620 3459 ἔχει,

16 3485 126 3536 τὸν
154 3480 502 3554 χαρακτῆρα,
543 3479 704 3533 παντί
731 3497 808 3550 τῳ
837 3478 1006 3548 σαφές
1033 3480 1169 3532 ἐστι.
1202 3479 1356 3534 Μετὰ
1385 3479 1492 3552 γὰρ
1514 3479 1613 3552 τὴν

20 3573 270 3645 πρώτην
299 3573 585 3644 μετάνοιαν
611 3571 707 3643 τὴν
733 3571 818 3624 διὰ
841 3571 935 3624 τοῦ
965 3571 1189 3641 λουτροῦ
1221 3571 1320 3642 τῆς
1347 3572 1612 3640 παλιγγε-

20 3665 261 3727 νεσίας,
290 3665 348 3718 ὲν
458 3662 715 3735 μετανοίᾳ
763 3661 1113 3733 άνεκαινίσθη
1157 3664 1266 3725 πᾶς
1307 3661 1610 3734 ἄνθρωπος,

19 3754 270 3825 δευτέρα
300 3771 382 3818 τις
411 3754 633 3826 τοιαύτη
659 3754 758 3824 οὐχ
781 3753 1032 3824 ὑπάρχει.
1066 3750 1203 3806 Οὔτε
1229 3751 1338 3822 γὰρ
1376 3753 1470 3806 δύο
1509 3755 1614 3807 εἰσὶ

23 3846 416 3916 βαπτίσματα,
441 3845 575 3898 ἀλλὰ
602 3845 690 3898 ἔνο
729 3843 850 3897 οὔτε
889 3844 968 3908 δὶς
1011 3843 1326 3915 ἐσταυρώοη
1357 3845 1611 3916 Χριστὸς,

19 3938 156 3992 ἀλλ’
185 3937 353 4002 ἆπαξ·
374 3935 497 3990 οὔτε
514 3937 594 4001 δὶς
617 3934 882 3990 ἀπέθανεν
911 3934 1053 4005 ὑπὲρ
1075 3935 1250 4004 ἡμῶν,
1271 3935 1366 3989 καὶ
1390 3934 1610 4004 ἀνέστη.

21 4027 150 4080 Καὶ
181 4027 370 4080 τούτου
404 4026 564 4098 χάριν
592 4024 1059 4097 ὲπασφαλίσασθαι
1087 4025 1186 4088 δεῖ,
1216 4025 1301 4078 ἵνα
1332 4025 1406 4096 μὴ
1437 4042 1614 4094 παρα-

21 4121 321 4184 πεσόντες,
353 4121 442 4174 τὸν
485 4119 746 4190 στέφανον
783 4119 878 4173 τοῦ
904 4118 1298 4191 άνακαινισμοῦ
1339 4119 1614 4174 ἀπολέσω-

24 4229 164 4282 μεν.
226 4211 386 4264 Ἀλλὰ
422 4211 516 4265 ὲάν
555 4229 639 4276 τις
681 4211 1005 4282 παραπέσῃ,
1047 4211 1144 4264 καὶ
1190 4209 1510 4279 προληφθῇ
1545 4210 1615 4263 ἕν

19 4321 155 4357 τινι
203 4301 658 4372 παραπτώματι,
695 4302 770 4366 ὡς
814 4301 962 4370 λέγει
1006 4301 1034 4353 6
1077 4301 1417 4365 Ἀπόστολος,
1447 4299 1613 4370 ὑμεῖς

1716 3200 1818 3241 nec
1850 3186 2074 3241 omnino
2115 3185 2289 3255 rejici.
2321 3184 2480 3240 Novit
2519 3186 2664 3240 enim
2705 3186 2970 3242 Dominus
3003 3188 3134 3257 quid
3169 3189 3287 3243 uni-

1713 3281 1914 3351 cuique
1944 3279 2192 3335 l‘acturus
2213 3279 2306 3334 sit.

1784 3389 1940 3456 Quod
1974 3391 2139 3460 igitur
2168 3391 2415 3446 veritatis
2443 3391 2627 3462 regula
2657 3390 2724 3445 ad
2747 3405 2866 3445 eam
2903 3405 3024 3446 sese
3057 3390 3286 3446 formam

1714 3481 1932 3545 habeat,
1959 3480 2162 3534 nemini
2187 3489 2272 3536 est
2301 3481 2619 3536 obscurum.
2656 3479 2868 3550 Quippe
2897 3488 3022 3550 post
3052 3483 3287 3551 priorem

1713 3570 2109 3640 paenitentiam,
2143 3587 2264 3641 qua:
2297 3587 2392 3642 per
2428 3573 2685 3627 secunda:
2721 3573 3087 3643 generationis
3123 3574 3288 3627 lotio-

1713 3677 1836 3716 nem
1859 3662 2157 3727 obtinetur,
2192 3663 2245 3716 in
2272 3678 2378 3733 qua
2410 3663 2743 3733 pmnitentiae
2777 3662 3041 3717 beneﬁcio
3062 3663 3287 3733 quilibet

1715 3763 2006 3808 renovatus
2057 3760 2177 3816 est,
2231 3753 2499 3822 ejusmodi
2559 3753 2799 3808 secunda
2848 3755 3084 3824 amplius
3139 3754 3287 3808 nulla

1718 3845 2040 3914 pmnitentia
2080 3846 2337 3914 suppetit.
2367 3843 2484 3899 Non
2525 3847 2669 3900 enim
2699 3846 2954 3915 baptismi
2980 3845 3089 3900 duo
3123 3855 3288 3910 sunt,

1721 3935 1816 3990 sed
1847 3951 1992 3992 unus
2020 3935 2302 3990 duntaxat.
2335 3934 2521 4004 Neque
2557 3937 2640 3990 bis
2682 3937 2736 3990 in
2782 3951 3002 3992 crucem
3038 3937 3286 3993 Christus

1714 4035 1868 4080 actus
1903 4032 2010 4088 est,
2048 4025 2143 4079 sed
2196 4026 2395 4090 semel;
2431 4041 2540 4080 non
2589 4026 2675 4081 bis
2701 4027 2936 4097 denique
2984 4043 3084 4097 pro
3130 4029 3286 4084 nobis

1715 4125 1966 4170 mortuus
1983 4123 2087 4176 est,
2107 4129 2170 4170 ac
2184 4117 2501 4170 resurrexit.
2517 4115 2681 4188 498
2697 4116 3057 4182 Quamobrem
3075 4133 3286 4173 summa

1714 4207 1787 4261 ob
1821 4207 1876 4260 id
1905 4206 2211 4260 adhibenda
2243 4209 2428 4261 cautio
2453 4216 2558 4273 est,
2587 4225 2678 4274 ne,
2708 4209 2755 4264 si
2782 4209 2836 4262 in
2862 4219 3140 4279 peccatum
3163 4227 3278 4281 pro

1716 4296 1852 4366 lapsi
1908 4295 2193 4361 fuerimus,
2241 4297 2657 4355 instaurationis
2705 4300 2853 4356 illius
2890 4316 3091 4355 corona
3128 4303 3286 4360 nobis

19 4399 79 4448 οἱ
114 4393 506 4463 πνευματικοὶ
537 4391 902 4462 καταρτίζετε
931 4391 1040 4444 τὸν
1066 4390 1334 4445 τοιοῦτον
1354 4391 1424 4444 ὲν
1446 4404 1564 4443 πνεη

1783 4396 1924 4444 τείη.
1960 4386 2066 4444 Sed
2095 4389 2142 4444 si
2168 4389 2292 4459 quis
2321 4398 2502 4444 tamen
2527 4391 2713 4461 lapsus
2739 4391 2922 4458 fuerit,
2953 4393 3214 4463 fueritque
3235 4396 3286 4448 in

18 4503 172 4554 ματι
227 4485 585 4551 πραότητοςο
639 4484 888 4538 σκοπῶν
935 4482 1219 4546 σεαυτὸν,
1256 4481 1343 4551 μὴ
1394 4481 1490 4536 καὶ
1534 4481 1615 4535 σὺ

21 4575 390 4645 πειρασθῇς.
443 4574 566 4630 Ἐάν
611 4595 694 4641 τις
740 4572 831 4630 οὖν
878 4575 1163 4647 προληφθῇ
1211 4573 1614 4645 παραπτώματι

23 4670 88 4721 ὲν
123 4669 227 4738 οἴῳ
255 4667 298 4720 δ’
326 4667 393 4721 ἂν
422 4667 528 4740 εἴη,
559 4667 902 4739 μετανοείτω.
927 4667 1149 4737 Δέχεται
1181 4665 1291 4736 γὰρ
1313 4666 1340 4718 6
1362 4664 1491 4727 Θεὸς
1518 4663 1616 4734 τὴν

26 4761 336 4827 μετάνοιαν
376 4760 470 4812 καὶ
497 4759 646 4829 μετὰ,
663 4759 724 4812 τὸ
750 4759 1050 4829 βάπτισμα,
1071 4757 1167 4812 ἐάν
1190 4775 1270 4821 τις
1300 4756 1613 4827 παραπέσῃ.

24 4848 164 4911 Πῶς
201 4847 266 4900 δὲ
309 4847 446 4917 μετὰ
492 4847 649 4902 τοῦτο
696 4851 888 4913 ποιεῖν,
934 4848 1095 4912 αὐτὸς
1133 4848 1292 4920 μόνος
1334 4845 1613 4916 γινώσκει.

35 4937 508 5007 Ἀνεξερεύνητα
528 4939 635 5012 γὰρ
663 4938 734 4994 τὰ
775 4939 1026 5010 κρίματα
1061 4938 1270 5003 αὐτοῦ,
1314 4939 1412 4992 καί
1445 4938 1617 5003 ἀνεξ-

23 5031 344 5098 ιχνίαστοι
375 5033 434 5084 αι
475 5029 600 5085 ὁδοὶ
639 5029 859 5084 αὐτοῦ·
918 5031 1012 5084 καὶ
1057 5029 1164 5102 πρὸ
1198 5031 1296 5098 τῆς
1322 5031 1619 5101 παρουσίας

23 5123 91 5174 οὐ
121 5122 207 5176 δεῖ
232 5122 442 5192 κρίνειν
459 5139 472 5153 ο
504 5123 659 5188 Ἕως
681 5122 757 5177 ἂν
778 5124 924 5192 ἔλθῃ
952 5127 985 5178 ό
1006 5124 1238 5191 Κύριος,
1267 5123 1334 5189 ὃς
1355 5122 1452 5176 καὶ
1479 5124 1622 5178 ἀπο-

21 5213 302 5280 καλύψει
351 5210 422 5265 τὰ
475 5212 794 5282 ἀπόκρυφοι
845 5213 956 5281 τῆς
1005 5212 1269 5280 καρδίας.
1319 5212 1430 5266 Καὶ
1489 5214 1620 5265 τότε

20 5306 283 5371 ἔπαινος
355 5303 613 5360 ἑκάστου
680 5304 938 5374 φανερὸς
989 5304 1324 5376 γενήσεται.
1389 5304 1451 5360 'H
1507 5303 1617 5372 γὰρ

1720 4481 1897 4550 aliqua
1930 4481 2140 4545 delicto,
2167 4489 2226 4535 ut
2254 4482 2553 4551 Apostolus
2582 4484 2842 4552 loquitur,
2871 4494 3285 4552 praeoccupatus,

1716 4591 1802 4627 vos
1839 4573 1928 4642 qui
1956 4573 2388 4641 spiritales'estis,
2423 4573 2682 4643 ejusmodi
2719 4576 2966 4629 iustruite
3005 4576 3057 4629 in
3099 4577 3286 4644 spiritu

1714 4663 1970 4726 lenitatis,
2000 4661 2342 4717 considerans
2367 4666 2716 4732 temetipsum,
2749 4681 2812 4719 ne
2838 4675 2889 4719 et
2920 4676 2976 4718 tu
3007 4667 3222 4720 tenteris
3243 4667 3286 4720 ".

1714 4756 1982 4822 Quocirca
2021 4755 2066 4810 si
2083 4756 2210 4825 quis
2226 4764 2448 4826 peccato
2463 4757 2665 4827 aliquo,
2687 4759 3051 4829 quodcunque
3070 4758 3287 4813 demum

1715 4849 1846 4902 illud
1893 4847 1984 4914 sit,
2033 4856 2335 4919 occupatus
2365 4849 2563 4915 fuerit,
2608 4849 2772 4918 hujus
2814 4851 2966 4905 illum
3003 4851 3286 4921 paeniteat.

1713 4939 2098 4994 Paenitentiam
2119 4940 2266 4996 enim
2293 4941 2376 4994 vel
2398 4948 2522 5011 post
2554 4941 2883 5011 baptismum
2902 4943 3103 5014 accipit
3121 4943 3287 5008 Deus,

1716 5030 1761 5085 si
1791 5030 1916 5100 quis
1942 5030 2081 5086 forte
2105 5031 2416 5100 deliquerit.
2445 5029 2586 5096 Quid
2611 5039 2790 5086 autem
2815 5033 3077 5103 deinceps
3102 5034 3286 5099 faciat,

1716 5124 1868 5177 solus
1900 5123 2017 5192 ipse
2040 5124 2210 5178 novit.
2254 5121 2636 5176 Inscrutabilia
2667 5124 2939 5194 siquidem
2970 5125 3116 5179 illius
3140 5126 3287 5194 judi-

1715 5215 1797 5268 cia
1823 5222 1968 5278 sunt,
1999 5223 2049 5268 et
2074 5214 2460 5283 investigabites
2489 5216 2585 5270 vite
2614 5215 2729 5285 ejus
2755 5216 2810 5283 ';
2849 5233 2950 5272 nec
2978 5226 3104 5273 ante
3143 5219 3287 5274 illiu

1717 5304 2009 5361 adventum
2029 5305 2277 5376 judicare
2293 5321 2622 5378 quemquam
2647 5315 2895 5378 oportet:
2921 5307 3096 5364 Donec
3118 5309 3286 5364 veniat

112 5550 134 5622 ‘_
167 5547 349 5622 [Con
383 5565 481 5615 vn,
504 5551 567 5618 9;
597 5550 617 5606 l
648 5552 789 5607 Tim.
820 5569 875 5617 v,
911 5553 998 5608 14.
1080 5555 1100 5584 ²
1133 5551 1152 5607 l
1184 5553 1310 5622 Cor.
1336 5568 1388 5618 v,
1412 5549 1466 5604 5.
1547 5551 1564 5582 ⁸

1812 5569 1874 5618 ιι,
1926 5553 1954 5604 7
1999 5562 2053 5608 et
2083 5555 2137 5608 8.
2217 5553 2239 5587 ⁸
2279 5547 2412 5609 ibid.
2451 5555 2537 5622 10,
2576 5557 2661 5613 Η.
2740 5556 2760 5588 ⁸
2799 5554 2990 5610 Matth.
3055 5569 3131 5614 vr,
3199 5549 3282 5603 Η.

22 5618 50 5652 ⁶
87 5617 138 5673 ιι
167 5619 300 5674 Cor.
339 5635 435 5684 xu,
475 5617 567 5677 2t.
666 5625 684 5655 ⁷
720 5623 895 5678 Galat.
929 5639 1006 5689 vt,
1064 5625 1111 5678 l.
1205 5625 1224 5654 '
1249 5621 1406 5677 Rom.
1436 5637 1509 5687 si,
1536 5622 1624 5678 55.
