3822 6292
447 232 579 285 1027

1857 223 1916 280 S.
1962 222 2309 280 EPIPIIANII

3580 216 3694 271 I01!

450 371 726 432 Dominus,
756 366 847 436 qui
873 376 921 420 et
949 363 1195 419 reuelabit
1224 361 1536 416 abscondita
1563 360 1756 413 cordis.
1791 357 1859 412 Et
1897 368 2023 412 tunc

2140 362 2318 429 ἡμέρα
2381 362 2686 429 δηλώσει,
2737 362 2827 415 ὅτι
2880 362 2952 414 ἐν
3008 360 3150 427 πυρὶ
3203 357 3698 411 ἀποκαλύπτεται.

446 458 562 512 laus
594 453 999 524 uniuscujusque
1027 452 1310 519 manifesta
1346 459 1445 505 erit
1467 454 1506 504 ‘.
1528 450 1651 505 Dies
1683 450 1818 502 cnim
1839 449 2153 513 declarabit,
2181 454 2431 519 quoniam
2458 454 2512 506 in
2535 453 2651 522 igne
2682 451 3001 506 revelabitur
3036 453 3079 503 ‘.

518 552 605 606 ΥΙ.
645 551 779 617 Quae
820 566 945 604 cum
982 550 1057 602 ita
1098 550 1227 611 sint,
1262 562 1437 616 neque
1472 546 1775 600 libertatem
1807 544 1877 598 iis
1907 557 2023 596 om«

448 644 582 698 nino
613 643 703 712 qui
744 647 869 713 post
907 638 1240 708 baptismum
1276 636 1627 706 deliquerint,
1658 632 2023 695 ostendimus,

448 750 627 804 neque
662 733 770 787 illis
802 746 955 802 spem
986 728 1181 784 salutis
1203 727 1488 795 eripimus.
1531 724 1841 779 Misericors
1878 723 2025 778 enim

449 826 594 881 Deus
630 830 801 880 estet
854 820 1159 890 benignus,
1200 833 1265 872 ac
1310 825 1587 887 receptum
1632 815 2027 886 pmnitentibus

451 916 699 971 indulsit.
764 916 843 968 Ac
897 912 1051 982 prius
1100 910 1323 981 quidem
1384 918 1468 965 est
1523 908 1896 962 manifestum.
1953 906 2028 961 De

449 1005 695 1061 secundo
738 1019 867 1059 vero
922 1004 1055 1057 illud
1115 1002 1389 1064 novimus,
1449 1000 1861 1054 misericordem
1903 1013 2028 1053 esse

452 1097 643 1160 Deum,
685 1096 732 1152 si
768 1110 870 1151 nos
907 1110 971 1150 ex
1017 1094 1202 1148 animo
1233 1102 1583 1165 peccatorum
1620 1091 1906 1161 pmniteat.
1937 1088 2030 1143 Et-

448 1190 593 1244 enim
624 1188 679 1241 in
714 1202 878 1241 manu
905 1187 994 1241 ille
1020 1187 1207 1251 vitam,
1248 1194 1302 1240 et
1332 1186 1387 1239 in
1430 1185 1661 1240 salutem
1699 1196 2027 1254 propensam

448 1280 845 1335 humanitatem
898 1286 1062 1333 tenet.
1107 1276 1378 1342 Quidnam
1418 1290 1549 1330 vero
1591 1274 1778 1338 faciat,
1804 1273 1904 1328 soli
1946 1278 2053 1327 est-

451 1373 555 1443 ipsi
595 1378 963 1442 perspectum.
991 1368 1125 1423 Illud
1154 1368 1372 1439 quidem
1393 1374 1639 1434 constat,
1665 1365 1867 1421 nemini
1889 1364 2031 1431 frau-

448 1464 502 1518 di
538 1478 661 1517 esse
698 1460 1095 1532 paenitentiam,
1130 1474 1307 1528 neque
1333 1473 1494 1527 quem
1527 1464 1880 1526 peccatorum
1911 1469 2031 1509 om-

450 1555 601 1608 nium
637 1553 886 1623 poenitet,
912 1551 1064 1620 rejici
1091 1562 1185 1605 aut
1208 1548 1442 1604 excludi.
1469 1548 1687 1614 Quanto
1704 1562 1834 1617 ergo
1857 1544 2030 1615 magis

450 1644 593 1700 idem
624 1645 674 1698 ei
704 1642 1059 1697 tribuendum
1091 1649 1197 1708 est,
1230 1641 1322 1711 qui
1351 1655 1473 1695 cum
1501 1640 1670 1695 altera
1697 1652 1869 1692 uxore
1893 1637 2027 1707 legi-

449 1735 597 1788 timis
637 1748 760 1787 sese
806 1732 1016 1802 nuptiis
1056 1732 1313 1802 illigarit?
1352 1728 1487 1785 Nam
1521 1738 1579 1783 ut
1619 1730 1793 1799 prima
1830 1741 1972 1781 uxor
1999 1741 2031 1779 a

2199 550 2291 613 (ζ’.
2331 546 2468 601 Οὔτε
2518 542 2611 600 οὑν
2652 544 3101 617 ἐπαγγελλόμεθα
3155 544 3469 613 ἐλευθερίαν
3515 539 3699 594 παντά-

2126 655 2263 692 πασι
2288 640 2401 702 τοῖς
2433 638 2574 709 μετά
2604 637 2667 691 τὸ
2713 636 2996 707 βάπτισμα
3040 634 3565 708 παραπεπτωκόσιν,
3590 632 3703 684 οὕτε

2128 725 2544 795 ἀπαγορεύομεν
2589 726 2691 796 τὴν
2741 724 2914 797 αὐτὴν
2961 725 3142 779 αὑτῶν
3199 724 3367 795 ζωήν.
3419 722 3554 786 Θεὸς
3606 723 3707 791 γὰρ

2129 817 2377 887 ἐλεήμων
2417 816 2536 869 ἐστὶ
2577 815 2675 870 καί⁸
2724 816 3049 888 οἰκτίρμων,
3078 816 3174 870 καὶ
3211 815 3379 869 ἔδωκε
3407 817 3522 876 τοῖς
3548 830 3704 883 μετασ

2128 909 2339 962 νοοῦσιν
2367 908 2643 963 ἐπάνοδον.
2676 908 2788 962 Καὶ
2810 908 2873 962 τὸ
2905 908 3005 979 μὲν
3028 907 3245 977 πρῶτόν
3274 909 3392 961 ὲστι
3419 906 3617 974 σαφέςο
3650 905 3706 956 τὸ

2127 1000 2184 1054 δὲ
2221 999 2494 1069 δεύτερον,
2525 1000 2766 1071 οἴδαμεν,
2803 1001 2887 1054 ὄτι
2921 999 3170 1071 ἐλεήμων
3196 999 3345 1052 ἐστὶν
3378 998 3408 1050 ὁ
3438 996 3591 1059 Θεὸς,
3619 995 3705 1047 ἐάν

2128 1091 2188 1157 ἐξ
2229 1089 2357 1161 ὅλης
2400 1090 2578 1161 ψυχῆς
2613 1092 3034 1162 μετανοήσωμεν
3081 1086 3706 1159 άπὺ’παραπτωμάτων.

2134 1183 2288 1254 Ἔχει
2309 1182 2418 1254 γάρ
2467 1184 2527 1235 ὲν
2566 1182 2710 1255 χειρὶ⁸
2752 1182 2918 1255 ζωὴν,
2964 1182 3058 1236 καὶ
3102 1182 3376 1253 σωτηρίας
3415 1178 3707 1248 φιλανθρω-

2130 1272 2282 1327 πίαν.
2316 1272 2427 1326 Καὶ
2450 1273 2502 1326 τί
2539 1272 2638 1344 μὲν
2672 1272 2835 1338 αὐτὸς
2874 1276 3034 1339 ποιεῖ,
3071 1273 3221 1344 αὑτῷ
3250 1274 3398 1344 μόνῳ
3425 1272 3706 1340 ἔγνωσται.

2131 1363 2279 1436 Πλὴν
2311 1364 2393 1417 ὃτι
2435 1362 2606 1435 ζημία
2650 1365 2750 1418 οὐκ
2798 1366 2877 1421 ἔνι
2935 1365 3045 1419 ἀπὸ
3085 1365 3187 1436 τῆς
3234 1364 3550 1435 μετανοίας,
3594 1360 3707 1413 οὐδὲ

2131 1456 2507 1528 ἀπηγόρευται
2547 1459 2576 1511 ὁ
2622 1457 2895 1529 μετανοῶν
2939 1458 3050 1513 ἀπὸ
3090 1458 3310 1512 πάντων
3355 1453 3707 1524 σφαλμάτων.

2132 1548 2290 1619 Πόσῳ
2314 1565 2377 1616 γε
2411 1547 2609 1618 μᾶλλον
2637 1550 2667 1602 ὀ
2692 1552 2834 1604 κατὰ
2856 1548 3017 1620 νόμον
3042 1547 3332 1617 συναφθεὶς
3362 1545 3593 1615 δευτέρᾳ
3618 1560 3710 1610 γνο

2134 1641 2313 1706 ναικίς
2345 1642 2513 1712 Καὶὴ
2545 1641 2646 1712 μὲν
2683 1641 2871 1713 πρώτη
2910 1642 3070 1713 γυνὴ,
3109 1640 3331 1709 ὲκβεοῦ
3370 1638 3709 1710 τεταγμένη·

2134 1733 2167 1802 ὴ
2200 1732 2253 1786 δὲ
2292 1733 2539 1804 δευτέρα,
2577 1732 2636 1799 ἐξ
2686 1732 2965 1797 ἀσθενείας
3002 1732 3303 1805 ἀνθρώπων
3326 1748 3341 1764 ·
3381 1732 3476 1785 καὶ
3510 1733 3592 1786 ἔτι
3629 1751 3713 1785 πε-

453 1825 563 1880 1)υο
587 1825 889 1879 constituta
912 1834 1016 1888 est,
1041 1824 1115 1877 ita
1140 1821 1500 1877 imbecillitati
1539 1821 1818 1874 hominum
1849 1827 2032 1889 poste-

2140 1823 2421 1895 ρισσοτέρᾳ
2452 1825 2501 1877 εί
2543 1823 2859 1895 συναφθείη,
2888 1825 2951 1877 τὸ
2982 1823 3203 1889 ἀσθενὲς
3241 1826 3328 1879 ἀεὶ
3366 1825 3714 1889 διαδςςισταξε⁴

451 1916 565 1971 rior
596 1915 825 1969 indulta.
855 1914 1008 1979 Quod
1036 1914 1079 1968 si
1110 1914 1335 1968 alteram
1365 1920 1626 1982 praeterea
1658 1910 1764 1965 sibi
1790 1910 2029 1979 copulet,

450 2010 620 2079 hujus
653 2009 756 2061 hac
790 2008 843 2061 in
889 2016 1046 2076 parte
1084 2005 1348 2059 toleratur
1395 2001 1704 2058 inﬁrmitas.
1755 1999 2030 2071 Scriptum

450 2107 539 2157 est
563 2101 707 2154 enim
741 2116 757 2153 :
797 2096 993 2151 Mulier
1036 2096 1258 2165 alligata
1295 2103 1371 2148 est
1418 2094 1637 2160 nuptiis,
1677 2100 1875 2160 quanto
1912 2100 2033 2145 tem-

452 2205 578 2259 pore
621 2188 744 2243 vivit
779 2188 861 2241 vir
904 2182 1055 2255 ejus;
1105 2186 1188 2239 sin
1226 2194 1403 2238 autem
1442 2194 1683 2238 mortuus
1734 2182 1894 2249 fuerit
1930 2182 2030 2248 vir,

456 2280 621 2334 tibera
662 2288 740 2332 est
781 2278 866 2330 cui
894 2277 1001 2330 vult
1038 2274 1230 2329 nubere
1260 2274 1301 2327 ⁸.
1336 2278 1457 2340 Quo
1497 2272 1721 2343 quidem
1766 2271 2030 2338 declarat,

456 2381 581 2442 post
601 2370 703 2424 viri
723 2368 929 2423 obitum
954 2368 1022 2421 ab
1038 2366 1187 2421 omni
1206 2366 1352 2421 illam
1378 2373 1606 2436 peccato
1628 2363 1855 2420 liberam
1877 2379 2031 2432 esse;

454 2463 593 2517 adeo
623 2470 679 2515 ut
708 2458 1089 2516 contradicere
1115 2472 1276 2513 nemo
1306 2457 1502 2527 possit.
1533 2455 1689 2524 Quod
1718 2457 1820 2511 hoc
1849 2455 2035 2510 addito

454 2553 800 2624 signiﬁcavit,
826 2553 880 2604 in
914 2550 1163 2614 Domino,
1193 2549 1350 2619 quasi
1383 2548 1608 2604 minime
1636 2563 1667 2603 a
1699 2547 1933 2602 Domino
1961 2547 2034 2602 sit

455 2642 656 2706 aliena,
701 2656 824 2712 qua:
870 2649 994 2712 post
1039 2640 1144 2695 viri
1182 2639 1393 2694 obitum
1436 2639 1593 2694 alteri
1647 2654 1708 2694 se
1750 2639 1871 2693 viro
1904 2652 2036 2692 con-

450 2732 718 2803 junxerit.
749 2742 809 2787 ut
838 2746 940 2787 nec
970 2731 1122 2785 illum
1149 2730 1415 2793 vicissim,
1445 2730 1560 2799 qui,
1594 2743 1765 2784 uxore
1797 2737 2033 2793 mortua,

454 2842 577 2883 sese
620 2825 689 2880 ad
723 2823 1018 2880 secundam
1062 2822 1373 2893 applicarit.
1430 2820 1660 2875 Tantum
1699 2822 1755 2874 in
1786 2821 2033 2885 Domino,

452 2919 533 2973 ait
552 2917 867 2988 Apostolus.
892 2914 1057 2969 Addit
1078 2922 1259 2969 tamen
1283 2931 1298 2968 :
1326 2912 1543 2967 Beatior
1566 2922 1741 2966 autem
1767 2922 1866 2977 est,
1888 2913 1936 2966 si
1960 2912 2037 2966 sic

455 3011 709 3066 manserit
724 3012 766 3064 ⁵.
783 3009 917 3063 Illud
937 3016 1139 3071 autem,
1160 3008 1214 3061 in
1234 3005 1480 3070 Domino,
1506 3006 1648 3061 idem
1664 3014 1751 3061 est
1768 3016 1834 3059 ac
1847 3018 1958 3058 non
1979 3004 2037 3058 in

452 3110 666 3173 stupro,
690 3108 785 3154 aut
801 3098 1088 3161 adulterio,
1127 3097 1529 3165 violationeque
1556 3094 1723 3168 499
1755 3094 2036 3148 matrimo-

2130 1930 2241 1969 ται.
2274 1915 2414 1986 Φησὶ
2439 1914 2548 1985 γάρ
2567 1931 2582 1947 ·
2612 1915 2783 1984 Γυνὴ
2820 1915 3049 1969 δέδεται
3076 1917 3257 1986 γάμῳ,
3286 1917 3377 1985 ἐφ’
3403 1917 3560 1971 ὅσον
3582 1920 3714 1986 χρό-

2132 2024 2244 2061 νον
2275 2006 2344 2075 ζῆ
2368 2010 2401 2061 ό
2428 2006 2586 2076 ἀνὴρ
2618 2006 2827 2076 αὐτῆς.
2870 2009 3003 2062 Ἐὰν
3030 2007 3099 2061 δὲ
3146 2008 3420 2077 ἀποθάνῃ
3466 2011 3504 2061 ό
3540 2008 3712 2075 ἀνὴρ,

2132 2096 2416 2163 ἐλευθέρα
2451 2096 2625 2151 ἐστίν
2649 2089 2697 2163 ᾧ
2723 2096 2869 2165 θέλῃ
2905 2096 3269 2167 mund-viras“
3299 2097 3712 2168 ἀποφηνάμενος

2136 2187 2272 2258 μετὰ
2315 2187 2573 2259 τελευτὴν
2606 2188 2798 2259 ἀνδρὸς
2840 2188 2900 2242 τὸ
2941 2189 3244 2259 ἐλευθέριον
3294 2188 3401 2242 άπὸ
3441 2188 3714 2261 ἁμαρτίας

2133 2278 2303 2351 χωρὶς
2346 2280 2530 2351 πάσης
2565 2280 2893 2351 ἀντιλογίας,
2944 2281 3081 2352 μετὰ
3117 2281 3214 2349 τῆς
3257 2280 3582 2352 προσθήκης
3628 2298 3715 2350 σηο

2137 2368 2346 2438 μάνας,
2387 2368 2469 2433 τῷ
2522 2370 2592 2423 ἐν
2632 2370 2860 2438 Κυρίῳ,
2902 2369 2978 2434 ὡς
3025 2369 3126 2423 οὑκ
3168 2366 3302 2423 εἶναι
3346 2370 3523 2441 αὑτὴν
3562 2370 3715 2423 ἀλλο-

2132 2458 2291 2527 τρίαν
2324 2457 2545 2529 Κυρίου,
2578 2458 2679 2530 τὴν
2706 2459 2843 2530 μετὰ
2876 2458 3132 2530 τελευτὴν
3164 2459 3356 2532 ἀνδρὸς
3387 2464 3717 2532 συναπτομέρ

2134 2568 2232 2621 νην
2257 2549 2401 2619 ἄλλῳ
2424 2548 2599 2619 ἀνδρὶ,
2640 2549 2676 2620 ἢ
2718 2548 2811 2602 τὸν
2846 2548 2984 2619 μετὰ
3020 2547 3276 2619 τελευτὴν
3311 2550 3570 2618 γυναικὸς
3603 2569 3717 2605 συν-

2134 2642 2440 2712 απτόμενον
2489 2640 2715 2712 δευτέρᾳ
2760 2640 2996 2709 γυναικὶ,
3032 2641 3227 2709 μόνον
3266 2639 3338 2693 ὲν
3372 2643 3605 2710 Κυρίῳ,
3645 2642 3715 2705 ὡς

2136 2734 2283 2803 λέγει
2326 2736 2355 2788 ὁ
2409 2732 2749 2795 ’Δπόστολος.
2804 2732 2914 2785 Καί
2961 2746 3130 2803 φησι·
3176 2733 3601 2801 Πακαριωτέρσ
3654 2732 3719 2787 δέ

2136 2825 2326 2889 ἐστιν,
2359 2823 2468 2877 ἐὰν
2484 2823 2664 2892 μείνῃ
2696 2821 2902 2888 οὕτως.
2943 2821 3039 2887 Τὸ,
3059 2821 3130 2874 ἐν
3149 2823 3363 2890 Κυρίῳ,
3406 2822 3481 2894 μὴ
3513 2826 3573 2877 ὲν
3600 2841 3715 2894 πορ-

2138 2915 2278 2987 νείᾳ,
2310 2915 2382 2986 μὴ
2415 2916 2474 2968 ὲν
2515 2915 2750 2986 μοιχείᾳ,
2783 2913 2857 2984 μὴ
2894 2914 2952 2967 ὲν
2979 2912 3337 2984 κλεψιγαμίᾳ,
3360 2913 3478 2967 ἀλλ’
3502 2914 3564 2968 ἐν
3584 2918 3715 2986 παῤ-

2140 3006 2325 3079 ρησίᾳ,
2370 3007 2428 3059 ὲν
2481 3005 2666 3078 σεμνῷ
2699 3006 2860 3076 γάμῳ
2904 3004 3204 3074 ἐπιμένειν,
3236 3005 3293 3057 ὲν
3331 3007 3398 3075 τῇ
3437 3006 3639 3070 πίστει,
3664 3008 3715 3057 ὲν

2138 3100 2258 3161 ταῖς
2282 3098 2541 3162 ἐντολαῖς,
2570 3098 2627 3150 ὲν
2651 3097 2935 3162 εὑποιίαις,
2963 3099 3021 3151 ὲν
3039 3098 3319 3170 εὑλαὸείᾳ,
3342 3101 3404 3154 ἐν
3428 3102 3714 3171 νηστείαις.

454 3197 703 3261 niorum;
725 3191 822 3249 sed
850 3192 905 3246 in
933 3190 1129 3245 ﬁducia
1153 3196 1207 3245 et
1224 3187 1469 3243 honestis
1498 3188 1702 3257 nuptiis
1720 3186 2035 3257 persistere,

2140 3194 2199 3246 ὲν
2238 3190 2485 3261 εὐνομίᾳ,
2525 3190 2584 3244 ἐν
2628 3188 3047 3261 ὲλεημοσύναις,
3090 3190 3149 3243 ὲν
3201 3191 3618 3263 σπουδαιότητι,
3664 3196 3715 3246 ὲν

458 3289 515 3343 in
544 3287 647 3342 ﬁde
663 3283 971 3357 praeceptis,
993 3282 1151 3338 bonis
1173 3281 1455 3351 operibus,
1477 3280 1762 3350 religione,
1787 3278 2037 3350 jejuniis,

458 3381 634 3449 legum
682 3375 1055 3439 observantia,
1102 3372 1489 3442 eleemosynis,
1531 3370 1794 3438 bonitate,
1835 3368 2039 3425 beneﬁ-

456 3469 656 3525 centia.
684 3467 811 3521 Haec
828 3467 977 3522 enim
996 3478 1120 3519 cum
1145 3464 1200 3519 in
1222 3463 1381 3518 nobis
1404 3463 1591 3518 insunt
1610 3476 1674 3515 ac
1696 3468 2038 3532 permanent,

457 3573 567 3613 non
594 3557 802 3611 otiosos
824 3562 879 3610 et
906 3554 1286 3609 infructuosos
1313 3552 1654 3607 constituunt
1670 3550 1729 3605 in
1745 3550 2041 3605 adventum

460 3646 697 3701 Domini.

530 3737 651 3791 Jam
702 3752 833 3792 vero
881 3734 1191 3791 sacerdotio
1234 3734 1442 3804 primus
1475 3732 1633 3801 ordo,
1672 3742 2042 3803 accurataque

461 3831 518 3883 in
545 3828 802 3884 omnibus
846 3829 988 3882 vita:-
1025 3828 1165 3882 ratio
1199 3827 1477 3882 tribuitur.
1520 3824 1728 3897 Populo
1764 3840 1896 3881 vero
1926 3840 2042 3880 m0-

460 3921 711 3977 deratum
743 3920 1025 3993 quiddam,
1063 3928 1117 3974 et
1145 3917 1213 3974 ad
1247 3934 1438 3974 eorum
1470 3928 1692 3989 captum
1729 3932 2041 3974 accommo-

460 4016 669 4081 datum,
726 4022 935 4068 etcum
976 4011 1216 4082 quadam
1259 4010 1595 4081 indulgentia
1642 4010 2040 4080 conjunctum;

464 4116 525 4162 ut
552 4120 743 4162 omnes
773 4105 1100 4170 doceantur,
1131 4116 1197 4157 ac
1223 4100 1661 4158 misericordiam
1692 4116 2042 4172 consequan-

464 4209 574 4253 tur.
611 4196 925 4252 Misericors
973 4196 1180 4265 quippe
1231 4192 1518 4257 Dominus,
1561 4200 1616 4247 et
1657 4208 1878 4248 servare
1928 4193 2044 4246 uni.

463 4304 656 4345 versos
702 4295 904 4357 potest,
949 4301 1074 4340 cum
1110 4284 1389 4353 praeclaris
1423 4285 1599 4353 legum
1638 4298 1861 4338 suarum
1889 4284 2045 4338 insti-

464 4381 620 4445 tutis,
661 4387 776 4433 tum
803 4393 930 4433 vera
956 4391 1208 4447 puraque
1247 4374 1575 4430 Christianae
1610 4375 1887 4445 religionis
1916 4375 2039 4431 ﬁde.

463 4472 557 4526 Ille
604 4470 750 4525 enim
798 4484 971 4538 purus
1028 4468 1178 4521 solus
1226 4474 1331 4521 est.
1380 4465 1448 4517 At
1503 4465 1595 4519 isti
1651 4464 1779 4518 dum
1829 4466 2042 4535 seipsos

2140 3282 2496 3355 ἁγαθοεργίᾳ.
2537 3283 2723 3337 Ταῦτα
2748 3281 2878 3354 γὰρ,
2922 3283 3147 3336 συνόντα
3178 3284 3273 3338 καὶ
3319 3286 3715 3355 παραμένοντα,

2139 3374 2498 3447 οὑκνάργοὺς,
2536 3373 2657 3427 οὑδὲ
2702 3373 2983 3445 ἀκάρπους
3016 3372 3337 3446 καθίστησιν
3376 3376 3460 3442 εἰς
3500 3376 3600 3447 τὴν
3630 3377 3717 3429 τοῦ

2140 3468 2347 3538 Κυρίου
2377 3465 2699 3537 παρουσίαν.

2215 3736 2325 3792 Καὶ
2358 3739 2425 3808 τῇ
2466 3735 2566 3806 μὲν
2613 3732 2880 3807 ἱερωσύνῃ
2925 3735 2988 3789 τὸ
3033 3734 3245 3807 πρῶτον
3306 3733 3499 3804 τάγμα
3564 3734 3654 3787 καὶ
3690 3735 3719 3804 ἡ

2144 3830 2273 3900 περὶ
2298 3828 2515 3882 πάντων
2543 3826 2897 3897 ἁκριϐολογία
2920 3846 2933 3858 ·
2972 3826 3053 3897 τῷ
3087 3827 3143 3879 δὲ
3167 3825 3279 3896 λαῷ
3304 3825 3367 3878 τὸ
3410 3825 3718 3896 σύμμετρον

2144 3920 2311 3974 καὶτὸ
2333 3919 2705 3988 συγγνωστόν·
2737 3918 2823 3971 ἵνα
2853 3919 3054 3982 πάντες
3074 3917 3435 3973 διδάσκωνται
3468 3919 3570 3970 καὶ
3587 3934 3714 3969 κατ-

2142 4010 2419 4065 ελεῶνται.
2468 4010 2743 4080 Ἐλεήμων
2780 4010 2890 4082 γάρ
2918 4012 3065 4064 ἐστιν
3101 4013 3135 4064 ὁ
3161 4010 3463 4081 Δεσπότης,
3503 4013 3598 4064 καί
3630 4012 3715 4062 δυο

2144 4103 2298 4166 νατὸς
2320 4102 2529 4162 πάντας
2553 4100 2745 4165 σώζειν
2768 4104 2837 4173 τῇ
2872 4102 2977 4172 ἰδίᾳ
2997 4101 3160 4157 αὑτοῦ
3183 4102 3431 4173 εὐνομίᾳ,
3460 4102 3556 4154 καὶ
3587 4102 3711 4169 άλη-

2144 4196 2261 4266 θινῇ
2286 4195 2467 4247 πίστει
2505 4193 2605 4263 τῆς
2628 4193 2723 4246 τοῦ
2750 4194 3103 4265 κηρύγματος
3130 4193 3525 4266 καθαρότητος.
3552 4194 3713 4255 Αὐτὸς

2146 4288 2255 4358 γάρ
2290 4287 2449 4357 μόνος
2477 4286 2595 4338 ἐστὶ
2640 4285 2901 4356 καθαρός.
2941 4281 3097 4341 Οὗτοι
3128 4286 3203 4349 δὲ,
3257 4288 3481 4351 ἑαυτοὺς
3516 4288 3712 4357 φήσαν-

2141 4378 2231 4443 τες
2260 4377 2570 4448 Καθαροὺς,
2605 4378 2702 4430 ἀπ’
2722 4377 2891 4447 αὑτῆς
2916 4379 3013 4447 τῆς
3045 4378 3349 4441 ὑποθέσεως
3376 4378 3711 4450 ἀκαθάρτους

2143 4471 2370 4533 ἑαυτοὺς
2405 4469 2748 4522 ἀποτελοῦσι.
2776 4470 2891 4531 Πᾶς
2918 4469 3025 4539 γὰρ
3052 4471 3079 4521 ὁ
3110 4470 3299 4521 ἑαυτὸν
3326 4471 3609 4541 ἀποφήνας
3630 4488 3705 4523 κα-

464 4551 637 4617 Puros
667 4576 789 4616 esse
815 4558 1265 4628 prmdicant,;illn
1301 4557 1421 4626 ipso
1450 4572 1552 4609 suo
1581 4556 1834 4627 dogmate
1863 4557 2035 4627 impu-

2146 4564 2331 4634 θαρὸν,
2368 4562 2675 4633 ἀκάθαρτον
2710 4560 2900 4615 ἑαυτὸν
2922 4560 3138 4624 τελείως
3164 4562 3471 4633 κατέκρινε.

460 4670 555 4710 ros
611 4667 733 4709 sese
791 4651 1019 4706 faciunt.
1068 4648 1205 4703 Nam
1249 4649 1504 4719 quisquis
1532 4664 1730 4719 purum
1764 4664 1885 4703 sese
1936 4650 2051 4719 ipse
2099 4656 2438 4727 pronuntiat,
2482 4664 2739 4709 extrema:
2791 4670 2851 4711 se
2892 4654 3226 4724 impuritatis
3271 4665 3466 4726 suopte
3510 4656 3704 4727 judicio

460 4750 809 4804 condemnat.

530 4843 645 4897 VII.
701 4844 819 4899 Sed
866 4841 1205 4898 incredibilis
1267 4841 1513 4911 quaedam
1560 4841 1758 4895 horum
1800 4842 2039 4897 stultitia

461 4945 567 5000 est,
604 4936 733 4990 dum
768 4936 1007 5005 aliquam
1044 4934 1317 5004 ejusmodi
1368 4932 1669 5004 Scriptura:
1713 4934 2039 4989 sententiam

462 5041 585 5081 esse
628 5034 825 5095 putant
868 5026 1106 5094 (tametsi
1151 5040 1340 5080 verum
1393 5040 1518 5081 esse
1572 5027 1791 5081 illorum
1845 5028 2039 5099 dogma

466 5117 752 5186 fateamur)
783 5133 903 5186 qua:
924 5117 991 5171 de
1022 5117 1280 5173 universo
1308 5119 1511 5188 populo
1539 5118 1687 5173 hunc
1724 5120 1779 5173 in
1816 5120 2037 5174 modum

464 5215 691 5266 statuat.
740 5207 897 5263 Scire
941 5208 1087 5263 enim
1118 5210 1253 5265 illud
1299 5210 1623 5277 debuerant,
1674 5228 1785 5267 non
1827 5212 1883 5266 in
1935 5214 2037 5268 hoc

463 5300 641 5356 solum
672 5315 870 5371 genere
902 5300 1186 5356 hominum
1237 5303 1451 5358 animos
1507 5312 1602 5359 aut
1646 5305 1862 5373 culpam
1907 5319 2037 5358 con-

462 5393 698 5457 trahere,
731 5400 823 5447 aut
848 5393 1047 5448 virtute
1079 5394 1335 5463 praeditos
1372 5411 1527 5461 esse,
1582 5396 1677 5451 scd
1722 5396 1856 5451 illud
1899 5410 2039 5465 pra:-

549 5614 565 5646 ¹
598 5612 774 5671 ICor.
809 5632 882 5680 tv,
922 5617 973 5672 5'.
1054 5620 1074 5649 ²
1106 5616 1278 5673 ICor.
1318 5632 1401 5685 ιιι,
1434 5617 1522 5673 15.
1599 5618 1619 5649 ³
1659 5615 1828 5673 ICor.
1850 5634 1946 5687 vn,
1980 5616 2067 5673 39.

2207 4845 2280 4896 Z'.
2311 4844 2488 4914 Πολλὴ
2515 4844 2573 4897 δὲ
2611 4843 2767 4897 άνοια
2799 4842 2908 4896 τῶν
2937 4842 3194 4896 τοιούτων
3222 4841 3552 4912 νομιζόντων
3580 4840 3703 4897 είναί

2136 4954 2213 5001 τι,
2251 4937 2301 4988 εί
2332 4936 2425 4989 καὶ
2467 4931 2535 5007 ἦν
2566 4934 2765 5006 ἀληθὲς
2810 4934 2870 4987 τὸ
2914 4936 3193 5005 κήρυγμα,
3226 4935 3352 5004 περὶ
3393 4936 3593 4997 παντὸς
3622 4935 3703 4986 τοῦ

2140 5028 2268 5081 λαοῦ
2300 5026 2472 5090 οὑτως
2503 5028 2731 5094 φάσκον.
2758 5027 2908 5079 Ἔδει
2931 5026 2987 5079 δὲ
3016 5025 3240 5093 γνῶναι,
3276 5026 3357 5077 ὅτι
3382 5026 3446 5077 οὑ
3472 5026 3597 5095 περὶ
3620 5025 3702 5093 τῆς

2139 5118 2447 5181 ὑποθέσεως
2474 5117 2678 5187 ταύτης
2715 5118 2873 5188 μόνον
2900 5118 2961 5170 τὸ
2999 5118 3251 5186 ἔγκλημα
3278 5116 3514 5185 ὑπάρχει
3550 5116 3702 5185 ψυχῇ,

2142 5210 2176 5281 ἢ
2216 5209 2277 5261 τὸ
2308 5208 2393 5262 διὰ
2426 5208 2585 5261 τοῦτο
2632 5209 2883 5279 ἐνάρετον
2939 5208 3185 5277 γενέσθαι
3227 5208 3406 5278 μόνον,
3450 5208 3585 5261 ἀλλὰ
3624 5210 3700 5259 καί

2143 5301 2203 5355 τὸ
2228 5302 2303 5375 μὴ
2344 5301 2624 5372 λοιδορεῖν,
2660 5302 2734 5372 μὴ
2765 5301 2992 5372 ὀμνύναι
3032 5302 3212 5371 ὅρκον,
3236 5302 3371 5372 μήτε
3390 5302 3448 5353 ὲν
3469 5300 3699 5371 ἀληθείᾳ,

2149 5395 2285 5465 μήτε
2307 5394 2365 5447 ὲν
2387 5393 2575 5463 ψεύδει
2601 5411 2613 5425 ·
2643 5392 2778 5447 ἀλλὰ
2804 5392 2902 5447 ναὶ
2928 5392 3047 5458 ναὶ,
3085 5393 3177 5446 καὶ
3208 5392 3280 5448 οῦ
3301 5392 3374 5447 οῦ
3403 5392 3577 5462 λέγειν
3594 5408 3607 5420 ⁸
3635 5388 3701 5459 μὴ

2141 5618 2159 5649 ⁸
2196 5616 2330 5672 ibid.
2364 5615 2451 5671 40.
