3822 6334
64 248 209 302 ιοειο
752 240 1117 300 ADVERSUS
1154 244 1491 299 ll/ERESES
1531 244 1654 298 LIB.

1808 243 1969 301 ΤΟΜ.
2020 245 2132 297 |.—
2174 243 2445 299 HERES.
2492 245 2629 300 LIX.
3212 253 3349 306 £030

60 364 445 425 οολιεόεσθαι,
506 361 926 432 μὴδιαόάλλειν,
962 361 1039 432 μὴ
1062 362 1335 426 κλέπτειν,
1368 361 1442 431 μὴ
1474 364 1672 432 ἐμπορ-

1782 366 1930 414 terea
1979 359 2211 429 requiri,
2247 367 2305 412 ut
2337 374 2512 428 neque
2559 360 2949 421 convitienlur,
2990 376 3091 415 nec
3124 367 3351 417 omnino

58 457 355 511 νεύεσθαι.
396 456 492 507 Ἐκ
533 454 741 506 τούτων
780 453 887 525 γὰρ
937 454 1155 507 πάντων
1203 454 1492 520 συνάγεται
1536 455 1668 523 ἡμῖν

1778 464 1903 504 vere
1951 448 2160 504 falsove
2204 449 2418 518 jurent,
2467 463 2568 503 nec
2610 450 2753 503 aliud
2796 450 3089 521 quidquam
3132 462 3353 521 praeter,

62 549 129 601 τὰ
187 546 350 617 ρὑη
416 545 527 598 τῶν
584 545 1033 621 ἁμαρτημάτων.
1084 545 1182 609 Ὠς
1236 543 1367 614 γὰρ,
1421 544 1661 613 φησὶν,ὀ

62 637 407 703 πάσσαλος
447 637 558 706 (14)
597 636 716 690 ἀνὰ
753 620 949 704 μέσον
984 634 1099 688 τῶν
1141 635 1252 689 δύο
1283 636 1470 689 λίθων
1514 648 1666 688 συν-

59 731 354 795 τρίϐεται,
386 726 577 792 οὕτως
612 727 651 793 ἡ
685 727 942 797 ἁμαρτία
986 728 1103 781 ἀνὰ
1128 726 1323 796 μέσον
1359 725 1671 795 ἀγοράζονα

62 834 164 881 τος
190 818 303 870 καὶ
331 816 706 881 πωλοῦντος·
739 817 833 869 καὶ
861 816 943 869 ὃτι
972 816 1036 868 ἐκ
1066 815 1158 868 τοῦ
1185 814 1424 884 πλήθους
1451 814 1670 876 πάντως

61 909 159 961 καὶ
199 908 457 979 μέθυσοι,
503 907 597 960 καὶ
632 907 841 979 πόρνοι,
876 907 973 960 καὶ
1014 906 1352 969 πλεονέκται,
1394 906 1488 959 καὶ
1520 921 1669 957 τοκι-

65 1001 214 1061 cui,
248 1000 353 1052 καὶ
382 998 602 1061 πάντως
638 1000 719 1051 ὅτι
756 997 826 1050 τὰ
852 996 1076 1051 τοιαῦτα
1101 996 1307 1067 έχουσι,
1338 997 1436 1049 καὶ
1458 995 1669 1057 τούτοις

64 1094 237 1161 ὅμοια.
263 1109 279 1124 °
310 1094 393 1145 ὅτι
423 1093 519 1145 καὶ
546 1091 839 1161 ψεύσματα
868 1091 1083 1159 ἑκάστῳ
1112 1090 1292 1142 αὐτῶν
1329 1088 1669 1159 παρακολου-

66 1185 167 1236 θεῖ.
209 1185 345 1247 Πῶς
374 1181 470 1237 οῦν
506 1184 758 1236 δύνανται
802 1184 1028 1244 ἑαυτοὺς
1060 1180 1345 1249 Καθαροὺς
1374 1180 1669 1233 ἀποκαλεῖν

65 1276 150 1328 διὰ
200 1277 311 1347 τῆς
363 1277 496 1347 μιᾶς
547 1255 937 1343 ὑποσχέσεως,
972 1272 1067 1342 τῆς
1118 1272 1299 1341 πάσης
1354 1270 1494 1323 κατὰ
1536 1269 1669 1321 Θεὸν

69 1364 468 1435 πραγματείας
502 1365 631 1435 περὶ
671 1363 890 1416 πάντων
930 1361 1035 1414 τῶν
1080 1359 1407 1429 σφαλμάτων
1438 1358 1669 1426 ἀσφαλι-

68 1456 353 1525 ζομένης;
393 1456 511 1509 Οὐκ
552 1453 795 1524 ἔγνωσάν
822 1471 882 1506 τε
920 1444 1066 1505 οὗτοι
1092 1452 1162 1505 τά
1198 1449 1399 1521 ἀκριϐῆ
1442 1447 1537 1501 τοῦ
1571 1465 1657 1518 κησ

71 1545 384 1615 ρύγματος,
438 1546 559 1599 οὐδὲ
614 1545 719 1599 τίνι
771 1543 1016 1615 ἀφώρισε
1054 1541 1115 1595 τὸ
1153 1539 1472 1595 ἀκοίϐασμα
1511 1537 1669 1591 τοῦτο

68 1638 170 1705 τῆς
198 1638 329 1708 διγα
336 1640 492 1710 μίας.

1770 541 1954 607 etiam,
1990 541 2186 608 etiam,
2248 558 2369 603 non,
2415 542 2585 605 non’,
2627 550 2927 611 usurpent;
2967 558 3035 598 ne
3074 543 3199 597 dolo
3250 546 3343 598 cir-

1770 634 2149 698 cumveniant,
2206 648 2277 688 ne
2326 632 2765 697 calumnientur,
2814 648 2883 687 ne
2935 632 3221 700 furentur,
3282 648 3343 687 ne

1771 730 2021 792 stuprum
2049 722 2421 777 committant.
2448 721 2660 787 Quibus
2689 738 2755 777 ex
2782 723 3035 776 omnibus
3060 724 3345 777 criminum

1772 813 1963 868 sordes
1995 814 2323 884 colligimus.
2377 814 2575 883 Atque,
2628 824 2686 866 ut
2736 815 2915 882 palus,
2965 815 3160 883 inquit,
3213 816 3343 867 inter

1770 905 1903 959 duos
1945 904 2143 972 lapides
2172 906 2498 969 conteritur,
2537 906 2614 959 sic
2644 913 2915 974 peccatum
2951 907 3004 958 in
3037 904 3206 959 medio
3235 906 3346 973 ejus

1770 999 1859 1063 qui
1887 999 2033 1060 emit,
2088 986 2136 1051 ei
2170 996 2345 1051 vendit
2372 999 2419 1051 ⁸.
2453 998 2534 1051 Ad
2565 997 2679 1052 hmc
2711 999 3089 1053 necessarium
3118 1013 3258 1061 esse,
3294 1006 3347 1049 ut

1771 1096 1823 1140 ct
1854 1087 2011 1150 ebrii,
2035 1097 2087 1141 et
2116 1096 2477 1159 stupratores,
2519 1096 2580 1142 et
2610 1089 2783 1154 avari,
2816 1099 2869 1143 et
2912 1089 3268 1147 feneratores.
3299 1100 3347 1141 et

1773 1177 2064 1246 ejusmodi,
2114 1193 2177 1231 ac
2222 1178 2496 1233 similibus
2546 1179 2693 1233 vitiis
2746 1180 3003 1233 obstricti
3070 1181 3124 1235 in
3169 1182 3349 1251 populi

1776 1268 2133 1323 multitudine
2199 1278 2530 1322 versentur:
2564 1270 3005 1338 quandoquidem
3060 1272 3348 1336 unicuique

1775 1357 2055 1419 mendacia
2107 1358 2508 1413 adhmrescunt.
2556 1358 2801 1425 Quanam
2835 1361 3003 1430 igitur
3038 1360 3214 1416 fronte
3247 1362 3344 1418 Pu-

1773 1464 1865 1503 ros
1918 1449 2195 1518 appellare
2258 1450 2473 1517 seipsos
2537 1450 2804 1521 singulari
2862 1452 2952 1505 illa
3016 1452 3349 1521 professione

1774 1546 2006 1610 possunt
2037 1558 2050 1593 :
2085 1554 2208 1593 cum
2257 1540 2435 1595 omnis
2478 1539 2803 1596 Christiana:
2841 1541 2966 1595 vitae
3000 1542 3349 1597 instituenda:

1774 1627 1915 1681 ratio
1957 1627 2029 1682 ab
2078 1629 2227 1682 omni
2273 1627 2597 1683 delictorum
2647 1644 2845 1699 genere
2894 1631 3193 1685 cavendum
3228 1646 3349 1687 esse

71 1732 421 1786 constituat?
472 1729 642 1801 Igitur
682 1725 1006 1783 Christiana:
1032 1725 1298 1780 doctrina:
1338 1727 1653 1777 accuratam
1692 1718 1769 1772 illi
1797 1718 2030 1772 formam
2084 1734 2194 1774 non
2239 1727 2483 1785 norunt;
2521 1735 2699 1791 neque
2752 1721 2969 1775 cuinam
3021 1730 3214 1777 exacta
3260 1723 3354 1777 illa

70 1825 137 1879 de
175 1823 448 1880 secundis
488 1822 694 1893 nuptiis
723 1820 1056 1890 praescriptis
1091 1820 1175 1872 lex
1217 1816 1402 1881 fuerit,
1437 1829 1664 1885 prorsus
1693 1811 2029 1881 intelligunt.
2929 1882 2968 1894 ιν

154 1918 323 1974 Ἀλλὰ
361 1919 461 1973 καὶ⁵
487 1919 537 1971 οἱ
580 1916 691 1970 άπὸ
726 1916 819 1968 τοῦ
850 1914 1091 1987 διωγμοῦ
1142 1910 1665 1985 παραπεπτωκότες,

1841 1904 1997 1972 Quod
2043 1905 2110 1961 ad
2151 1921 2246 1962 eos
2297 1922 2430 1963 vero
2476 1914 2706 1978 spectat,
2763 1910 2936 1978 quiin
2970 1908 3352 1978 persecutione

70 2012 164 2065 καὶ
190 2009 359 2063 αὐτοὶ
392 2008 490 2062 ἐὰν
516 2006 857 2072 ὲνδείξωνται
898 2004 1110 2058 τελείαν
1134 2003 1233 2075 τὴν
1267 2001 1576 2073 μετάνοιαν,
1612 2000 1670 2052 ὲν

74 2102 269 2169 σάκκῳ
302 2097 407 2152 καὶ
450 2095 634 2166 σποδῷ
658 2093 1035 2159 καθεσθέντες,
1069 2092 1164 2147 καὶ
1219 2090 1554 2153 κλαύσαντες
1586 2088 1673 2141 ὲν-

72 2188 251 2241 ώπιον
286 2186 523 2258 Κυρίου,
544 2184 772 2247 δυνατός
798 2184 947 2237 ἐστιν
979 2184 1008 2235 ὀ
1038 2180 1333 2251 εὐεργέτης
1364 2179 1458 2233 καὶ
1476 2178 1672 2239 αὐτοὺς

71 2280 321 2352 ὶὶεῆσαι.
359 2279 435 2331 οὐ
467 2278 575 2349 γάρ
610 2295 663 2329 τι
706 2274 908 2345 φαῦλον
951 2274 1158 2343 γίνεται
1208 2272 1319 2326 ἀπὸ
1360 2268 1668 2341 μετανοίας.

70 2372 307 2439 Δέχεται
335 2363 433 2421 οὖν
464 2367 591 2431 τοὺς
623 2364 1019 2436 μετανοοῦντας
1046 2365 1075 2417 ὁ
1103 2360 1309 2433 Κύριος
1329 2361 1423 2413 καὶ
1447 2361 1481 2429 ὴ
1502 2356 1669 2411 αὑτοῦ

83 2458 393 2529 Ἐκκλησία
410 2474 424 2487 ·
448 2458 523 2520 ὡς
544 2455 844 2526 ἐπέστρεψε
873 2454 1170 2523 Μανασσῆς
1195 2454 1223 2506 ὁ
1249 2450 1365 2514 υίὸς
1406 2448 1669 2515 Ἐζεκίου,

73 2552 167 2606 καὶ
212 2550 416 2620 ἐδέχθη
471 2548 574 2601 ὑπὸ
624 2547 867 2618 Κυρίου·
903 2545 998 2600 κατ⁹
1037 2546 1065 2597 ὁ
1106 2542 1485 2616 ἀρνησάμενος
1534 2537 1673 2610 πρὸς

72 2645 228 2715 ὥραν
266 2642 425 2710 ἅγιος
458 2640 683 2711 Πέτρος,
714 2639 809 2692 καὶ
837 2637 1266 2709 κορυφαιότατος
1297 2634 1405 2688 τῶν
1436 2632 1670 2687 ἀποστό-

74 2734 205 2799 λων,
254 2734 316 2797 ὃς
356 2731 578 2801 γέγονεν
624 2732 758 2801 ἡμῖν
794 2728 1010 2801 ἀληθῶς
1059 2728 1256 2798 στερεὰ
1299 2727 1476 2798 πέτρα
1508 2724 1673 2795 θεμε-

74 2824 275 2879 λιοῦσα
301 2822 403 2893 τὴν
445 2821 629 2876 πίστιν
663 2822 756 2875 τοῦ
804 2820 1012 2892 Κυρίου
1036 2835 1050 2850 ·
1083 2819 1167 2887 ἐφ’
1283 2817 1600 2889 ᾠκοδόμητο
1638 2818 1673 2888 ὴ

87 2910 395 2983 Ἐκκλησία
415 2910 559 2967 κατὰ
588 2911 766 2964 πάντα
793 2910 1011 2982 τρόπον.
1047 2909 1271 2980 Πρῶτον
1293 2908 1393 2979 μὲν
1424 2909 1505 2962 ὅτι
1530 2908 1676 2979 ὠμο-
1702 2934 1707 2937 -

74 3004 284 3076 λόγησε
315 3003 550 3075 Χριστὸν
594 3004 685 3057 τὸν
719 3003 847 3057 Υἱὸν
882 3002 974 3056 τοῦ
1016 3000 1149 3056 Θεοῦ
1190 3001 1284 3055 τοῦ
1327 3001 1549 3067 ζῶντος,
1578 3001 1676 3055 καὶ

76 3094 343 3165 ἧκουσεν,
386 3095 471 3148 ὅτι
519 3094 653 3150 Ἐπὶ
698 3092 773 3163 τῇ
805 3093 990 3162 πέτρᾳ
1039 3094 1224 3163 ταύτῃ
1273 3093 1376 3163 τῆς
1426 3092 1675 3162 ἀσφαλῆς

1773 1998 1936 2069 500
1983 1999 2226 2070 prolapsi
2261 2008 2413 2068 sunt,
2443 2002 2626 2055 'etiam
2682 2002 2820 2065 illis,
2870 2001 2916 2055 si
2968 2001 3022 2053 in
3066 2015 3229 2054 sacco
3288 2015 3354 2053 ac

1770 2094 1957 2147 cinere
1980 2092 2236 2149 sedentes
2254 2107 2554 2165 coramque
2577 2093 2808 2149 Domino
2828 2093 3040 2158 ﬂentes,
3058 2092 3353 2161 perfectam

1772 2198 1882 2253 pra:
1926 2198 1985 2238 se
2030 2184 2413 2255 pcenitentiam
2472 2186 2720 2253 tulerint,
2767 2186 3045 2241 beneficus
3089 2184 3179 2239 ille
3215 2182 3357 2237 Deus

1771 2274 2211 2329 misericordiam
2286 2275 2546 2332 adhibere
2604 2284 2806 2346 potest.
2879 2275 3026 2330 Nihil
3086 2276 3231 2329 enim
3289 2290 3355 2328 ex

1772 2365 2091 2435 paenitentia
2125 2366 2255 2419 mali
2285 2366 2588 2435 .redundat.
2627 2367 2843 2438 Excipit
2874 2384 3003 2439 ergo
3031 2371 3359 2439 ptenitentes

1773 2454 2049 2523 Dominus,
2121 2470 2336 2510 necnon
2394 2457 2516 2526 ejus
2572 2456 2840 2525 Ecclesia,
2894 2459 3356 2528 quemadmodum

1774 2546 2055 2604 Manasses
2088 2546 2333 2603 Ezechiae
2371 2548 2514 2605 ﬁlius
2547 2564 2845 2606 conversus
2865 2558 2970 2613 est,
2993 2558 3047 2605 et
3072 2566 3101 2604 a
3126 2551 3360 2605 Domino

1772 2646 2029 2708 receptus
2057 2639 2104 2701 ⁸,
2145 2638 2383 2709 itemque
2428 2642 2683 2711 princeps
2724 2644 3094 2711 apostolorum
3139 2641 3356 2709 Petrus,

1770 2728 1865 2798 qui
1944 2726 2238 2783 Dominum
2313 2729 2609 2799 aliquando
2668 2732 2908 2802 negavit.
2971 2731 3075 2797 Qui
3135 2734 3358 2802 quidem

1774 2817 1962 2874 solidae
2004 2826 2172 2889 petra:
2230 2819 2404 2875 instar
2434 2820 2594 2877 nobis
2627 2822 2855 2887 exstitit,
2884 2823 2970 2877 cui
3000 2824 3145 2878 velut
3175 2823 3360 2879 funda-

1772 2917 1957 2965 mento
1992 2908 2202 2963 Domini
2237 2910 2371 2967 ﬁdes
2401 2912 2683 2977 innititur,
2716 2929 2882 2984 supra
2920 2929 3083 2984 quam
3113 2914 3359 2971 Ecclesia

1772 3000 1950 3056 modis
1996 3001 2250 3057 onmibus
2299 3010 2577 3058 exstructa
2607 3013 2711 3059 est.
2768 3004 2825 3058 In
2870 3005 3061 3074 primis
3114 3006 3357 3075 quidem,

1780 3092 1929 3161 quod
1957 3092 2240 3147 Christum
2285 3092 2378 3149 Dei
2408 3095 2515 3149 vivi
2544 3093 2743 3149 Filium
2774 3111 2899 3151 esse
2925 3098 3212 3153 confessus
3250 3109 3357 3161 est,

77 3187 325 3251 πίστεως
344 3186 721 3256 οἰκοδομήσω
734 3203 854 3254 μου
877 3184 990 3253 τὴν
1028 3185 1416 3253 Ἐκκλησίαν.
1453 3185 1671 3255 Ἐπειδὴ

1778 3181 1940 3251 idque
1994 3182 2238 3238 vicissim
2288 3183 2501 3238 audiit:
2538 3184 2713 3253 Supra
2768 3186 2904 3239 hanc
2971 3188 3161 3242 solidae
3224 3187 3349 3242 ﬁdei

81 3277 275 3347 σαφῶς
303 3245 490 3328 ⁷αὑτὸν
522 3245 873 3345 ὡμολόγησεν
905 3245 1033 3327 Ῠίδν
1079 3245 1351 3343 ἀληθινόν.
1393 3273 1515 3342 re;
1560 3245 1671 3344 γὰρ

1778 3245 1981 3340 petram
2052 3274 2329 3343 aedificabo
2398 3275 2693 3329 Ecclesium
2772 3295 2943 3332 meam
2980 3279 3020 3333 '.
3086 3279 3359 3345 Quoniam

79 3370 281 3431 εἰπεῖν,
355 3364 483 3420 Υίδν
530 3362 666 3418 Θεοῦ
720 3362 954 3428 ζῶντος,
1014 3361 1219 3427 ἔδειξεν
1264 3363 1395 3416 Υίὸν
1447 3364 1668 3434 γνήσιον

79 3457 246 3525 εἶναι,
286 3457 429 3530 μετὰ
451 3455 771 3529 προσθήκης
796 3454 915 3526 τῆς,
940 3450 1177 3520 ζῶντος,
1206 3453 1282 3520 ὡς
1308 3455 1367 3509 ὲν
1395 3454 1544 3527 πάσῃ
1578 3471 1669 3527 μοι

81 3545 278 3617 σχεδὸν
308 3544 520 3616 αἱρέσει
555 3542 685 3614 περὶ
715 3542 906 3597 τούτου
938 3542 1173 3613 εἴρηται.

153 3810 241 3864 H'.
284 3805 449 3860 Ἀλλὰ
474 3802 569 3859 καὶ
610 3804 740 3875 αιιιερλ⁵
766 3803 861 3857 τοῦ
901 3802 1056 3873 άγίου
1097 3803 1411 3875 Πνεῦματος
1450 3807 1478 3860 ὁ
1510 3807 1671 3872 αὐτὸς

84 3900 449 3973 ἀσφαλίζεται
500 3901 669 3971 ἡμᾶς,
714 3899 890 3968 λέγων
932 3901 1046 3963 τοῖς
1093 3900 1221 3970 περὶ
1268 3901 1515 3955 Ἀνανίαν
1540 3920 1554 3934 ο
1612 3904 1674 3957 Tt

84 3996 174 4050 ὅτι
234 3996 561 4062 ἐπείρασεν
606 3992 761 4062 ὑμᾶς
803 3994 835 4046 d
884 3991 1176 4059 Σατανᾶς,
1214 3994 1558 4061 ψεύσασθαι
1605 3996 1673 4049 τὸ

85 4087 336 4157 Πνεῦμα
359 4086 425 4139 τὸ
452 4084 657 4154 (irier;
682 4085 805 4137 Οὐκ
820 4082 1107 4151 ἀνθρώπῳ
1126 4084 1491 4151 ἐψεύσασθε,
1513 4086 1677 4140 ἀλλὰ

83 4182 164 4247 τῷ
190 4178 334 4243 Θεῷ.
373 4177 519 4230 Διότι
544 4178 609 4230 ὲκ
638 4175 771 4230 Θεοῦ
793 4176 853 4228 τὸ
879 4174 1123 4246 Πνεῦμα,
1152 4176 1247 4229 καὶ
1269 4175 1368 4229 οὐκ
1396 4176 1675 4247 ἀλλότριον

85 4273 249 4326 Θεοῦ.
298 4270 462 4323 Ἀλλὰ
504 4268 599 4322 καὶ
652 4266 887 4320 ἐνταῦθα
921 4266 1117 4338 στερεὰ
1163 4267 1338 4338 πέτρα
1387 4268 1677 4339 οἰκοδομῆς

87 4368 182 4420 καὶ
215 4362 470 4433 θεμέλιος
499 4361 647 4413 οἴκου
678 4358 813 4412 Θεοῦ
838 4360 1149 4429 γεγένηται,
1175 4360 1232 4411 ὲν
1255 4358 1329 4429 τῷ
1364 4361 1678 4431 ἀρνησάμε-

84 4478 175 4513 νον
199 4457 369 4509 αὑτὸν
390 4455 483 4507 καὶ
507 4453 684 4505 πάλιν·
703 4450 1139 4521 ὑποστρέψαντα,
1167 4451 1455 4522 εὑρεθέντα
1486 4471 1545 4505 τε
1573 4454 1678 4507 ὑπὸ

87 4548 299 4620 Κυρίου
331 4545 426 4599 καὶ
460 4542 863 4607 καταξιωθέντα
894 4542 1055 4595 πάλιν
1098 4543 1359 4597 ἀκοῦσαι·
1398 4548 1680 4615 Ποίμαινε

87 4644 159 4696 τὰ
186 4636 465 4709 πρόϐατά
480 4652 619 4706 μου“
652 4636 769 4699 καὶ,
793 4636 1075 4704 Ποίμαινε
1100 4636 1171 4687 τὰ
1194 4637 1370 4703 ἀρνία
1399 4655 1539 4705 μου·
1561 4640 1676 4705 καὶ,

87 4733 380 4801 Ποίμαινε
405 4727 478 4781 τὰ
508 4726 774 4795 πρόϐατά
803 4743 945 4795 μου.
992 4726 1051 4779 '0
1076 4726 1185 4797 γὰρ
1222 4728 1478 4799 Χριστὸς,
1524 4730 1681 4784 τοῦτο

86 4823 288 4891 λέγων,
331 4821 413 4883 είς
459 4819 793 4890 ἐπιστροφὴν
825 4821 971 4889 ἡμᾶς
1005 4821 1181 4890 ἡγαγε
1239 4822 1553 4891 μετανοίας·
1593 4824 1681 4877 ἵνα

88 4918 144 4968 ὲν
174 4913 332 4982 αὐτῷ
374 4911 538 4965 πάλιν
589 4912 968 4981 οίκοδομηθείη
1014 4914 1047 4980 ἡ
1095 4913 1552 4981 εὐθεμελιώτατος
1588 4917 1681 4969 πί-

91 5015 233 5061 στις,
264 5000 299 5066 ἡ
332 4995 408 5068 μὴ
434 4997 858 5068 ἀπαγορεύουσα
891 4997 1038 5069 ζωὴν
1076 4998 1185 5052 τῶν
1216 4999 1543 5068 ἀνθρώπων,
1567 4999 1681 5051 ὅσοι

85 5089 393 5160 ὲμπνέουσι
445 5087 524 5157 τῷ
582 5086 704 5159 βίῳ,
765 5089 859 5143 καὶ
917 5089 1269 5160 μετανοοῦσιν
1323 5092 1382 5143 ὲν
1427 5089 1679 5160 ἀληθείᾳ,

162 5251 180 5283 ι
224 5246 291 5304 ιτ,
323 5245 423 5318 τῷ,
502 5245 743 5318 fMatth.
770 5262 823 5316 _v,
851 5246 941 5318 37.
1070 5244 1090 5275 ⁸
1116 5243 1281 5300 Eccli.
1307 5262 1480 5317 xxv",
1503 5250 1558 5307 2.

91 5320 254 5376 Ἀρι.
292 5336 349 5384 ν,
370 5315 425 5371 9.
496 5317 518 5349 ⁸
539 5315 699 5372 Joan.
733 5332 849 5381 XXI,
877 5316 941 5370 15
962 5330 1084 5385 sqq.

160 5500 282 5572 (l4)
336 5496 592 5572 veraq),
629 5496 842 5572 φησιν,
882 5498 915 5550 ό
950 5495 1288 5572 πάσσᾳᾲος.
1327 5495 1567 5572 Mutatis,
1612 5514 1675 5572 ῃι

93 5567 255 5635 solet,
289 5567 473 5622 verbis
520 5568 699 5621 locum
753 5568 915 5622 istum
977 5569 1221 5637 protulit.
1259 5569 1353 5637 qui
1405 5571 1475 5622 ita
1506 5568 1666 5622 Eeeli.

97 5656 247 5698 xxvu
289 5648 593 5706 conceptus
609 5644 692 5693 est
731 5654 744 5689 :
790 5637 1086 5708 Ἀναμέσον
1120 5639 1335 5693 λιθίνων
1374 5644 1677 5713 παγήσεται

1687 5254 1710 5287 ⁸
1739 5254 1783 5311 Π
1808 5257 1931 5314 Par.
1978 5279 2168 5331 xxxm,
2192 5266 2278 5321 l3.

1771 3363 1975 3419 diserte
2030 3380 2220 3421 verum
2275 3366 2427 3421 illum
2486 3382 2609 3422 esse
2668 3367 2864 3423 Filium
2918 3373 3175 3426 asseruit.
3222 3375 3359 3428 Cum

1771 3455 1916 3509 enim
1960 3455 2069 3510 vivi
2111 3455 2205 3510 Dei
2254 3454 2449 3511 Filium
2496 3458 2635 3511 dixit
2663 3459 2704 3523 ⁸,
2766 3459 2979 3528 adjecta
3047 3462 3148 3514 vivi
3186 3464 3360 3530 parti-

1773 3546 1918 3609 cula,
1945 3561 2267 3616 germanum
2294 3547 2445 3600 illum
2479 3563 2609 3604 esse
2646 3548 2845 3603 Filium
2877 3551 3085 3607 docuit.
3126 3552 3184 3606 ld
3211 3553 3361 3627 quod

1773 3638 1830 3693 in
1865 3640 2122 3695 omnibus
2161 3655 2300 3710 pene
2335 3640 2644 3698 refutandis
2692 3642 2998 3700 haeresibus
3025 3660 3055 3699 a
3100 3646 3262 3702 nobis
3286 3662 3363 3702 re-

1774 3731 1999 3803 petitum
2030 3732 2401 3787 meminimus.
2714 3775 2719 3781 .

1848 3822 1984 3878 Vlll.
2024 3821 2197 3877 Porro
2218 3823 2288 3878 de
2321 3824 2531 3893 Spiritu
2576 3833 2769 3881 saneto
2810 3828 2953 3883 idem
2990 3830 3082 3885 ille
3114 3846 3215 3887 nos
3262 3832 3364 3889 Pe-

1777 3922 1898 3968 trus
1926 3914 2196 3968 certiores
2226 3913 2416 3978 efﬁcit,
2448 3930 2574 3969 cum
2607 3916 2689 3970 sic
2724 3917 2993 3972 Ananiam
3031 3921 3359 3988 alloquitur:

1777 4004 1917 4070 Quid
1969 4006 2147 4074 utique
2190 4006 2408 4058 tentavit
2450 4022 2539 4059 vos
2587 4004 2840 4071 Satanas,
2874 4011 3086 4062 mentiri
3119 4010 3359 4078 Spiritui

1776 4097 1999 4151 sancto?
2050 4093 2174 4148 Non
2220 4095 2422 4149 homini
2468 4100 2672 4151 mentiti
2719 4100 2868 4162 estis,
2911 4100 3001 4155 sed
3035 4100 3199 4155 Deo'.
3247 4101 3362 4155 Hoc

1777 4184 1925 4240 enim
1957 4198 2022 4238 eo
2051 4182 2260 4238 dictum
2298 4192 2403 4248 est,
2449 4188 2595 4256 quod
2638 4202 2705 4242 ex
2744 4187 2856 4244 Deo
2896 4188 3135 4260 Spiritus
3175 4192 3360 4261 profe-

1780 4284 1905 4331 ctus
1936 4276 2030 4339 sit,
2067 4291 2169 4331 nec
2208 4277 2276 4331 ab
2306 4293 2373 4334 eo
2403 4279 2474 4334 sit
2504 4280 2736 4354 alienus.
2766 4281 2966 4345 Verum
3007 4290 3062 4338 et
3108 4284 3199 4339 ille
3231 4300 3363 4354 quo-

1779 4381 1886 4437 que
1916 4367 2263 4424 ﬁrmissimus
2306 4377 2598 4425 structura:
2624 4352 2792 4442 lapis,
2835 4388 2900 4428 ac
2936 4374 3133 4428 divina:
3165 4376 3363 4430 domus

1783 4457 2201 4513 fundamentum
2230 4460 2354 4523 fuit,
2385 4476 2509 4515 cum
2538 4471 2736 4532 negato
2760 4464 2982 4521 Christo
3010 4480 3263 4521 reversus
3292 4467 3360 4519 ad

1708 4574 1760 4635 ο
1800 4564 1945 4612 sese,
2000 4550 2150 4604 velut
2209 4559 2459 4621 repertus
2490 4568 2519 4606 a
2559 4552 2813 4620 Domino,
2863 4564 2917 4611 et
2963 4557 3169 4611 honore
3210 4565 3365 4611 tanto

1787 4640 2033 4705 affectus,
2063 4642 2234 4696 audiit
2268 4662 2279 4696 :
2316 4642 2483 4698 Pasce
2506 4660 2621 4699 oves
2647 4662 2790 4701 meas
2820 4664 2838 4711 ;
2881 4655 2937 4702 et
2968 4666 2981 4702 :
3014 4647 3181 4702 Pasce
3200 4665 3363 4718 agnos

1788 4747 1973 4795 meos;
2013 4746 2077 4786 ac
2122 4734 2320 4789 tertio:
2351 4736 2523 4792 Pasce
2561 4755 2676 4793 oves
2706 4755 2849 4793 mea:
2872 4740 2913 4793 ⁸.
2950 4738 3081 4805 Quae
3111 4740 3364 4795 Christus

1790 4838 1918 4880 cum
1950 4824 2109 4890 dixit,
2158 4828 2226 4881 ad
2265 4829 2600 4898 pmnitentia:
2630 4847 2733 4886 nos
2760 4832 3173 4888 conversionem
3204 4832 3367 4887 indu-

1790 4916 1891 4979 xit,
1933 4933 2043 4988 quo
2076 4934 2297 4975 rursum
2340 4922 2395 4976 in
2440 4924 2534 4978 illo
2577 4924 2909 4981 solidissima
2954 4924 3177 4980 fundata
3231 4925 3365 4981 ﬁdes

1789 5009 2175 5078 adiﬁcaretur,
2205 5029 2328 5083 qua:
2357 5016 2492 5070 nulli
2526 5016 2809 5072 hominum
2851 5018 3015 5071 vitam
3044 5033 3107 5072 ac
3132 5018 3364 5073 salutem

1789 5104 2100 5172 subtrahit,
2153 5111 2398 5181 quandiu
2454 5113 2559 5167 vivi
2621 5128 2685 5167 ac
2718 5114 2992 5183 Spirantes
3026 5127 3172 5180 sunt,
3200 5124 3367 5185 atque

2392 5269 2413 5298 ⁸
2454 5267 2644 5324 Matth.
2706 5286 2818 5335 Χνι,
2848 5273 2932 5327 i8.
3043 5276 3062 5306 ⁸
3099 5276 3234 5329 ibid.
3266 5275 3362 5330 16.

1784 5504 2083 5585 πάσσαλος,
2129 5508 2543 5585 καὶ-ἀναμέσον
2602 5513 2853 5585 πράσεως
2903 5515 2995 5568 καὶ
3048 5512 3365 5585 ἀγορασμοῦ

1786 5577 2204 5648 συντριϐήσεται
2230 5577 2496 5651 ἁμαρτία.
2632 5586 2636 5592 ’
