3822 6296
453 236 587 292 ΜΞ]

1863 222 1923 279 S.
1962 220 2309 280 EPIPHANII

451 372 518 411 ex
567 352 752 409 animo
774 348 1157 424 pmnitentiam
1199 344 1532 417 suscipiunt.
1564 358 1629 400 ac
1658 340 1896 413 denique
1926 356 2025 399 sua

2146 344 2223 397 cal.
2252 342 2588 416 διορθοῦνται
2621 341 2689 396 τά
2738 340 2950 395 ἑαυτῶν
2993 338 3290 410 σφάλματα
3337 338 3399 391 ιν
3436 337 3519 410 τῷ
3564 342 3715 396 alim

452 445 507 499 in
539 443 641 498 hoc
664 441 870 496 mundo
903 439 1104 494 delicta
1132 437 1437 508 corrigunt.

526 534 619 589 IX.
689 534 971 604 Siquidem
1024 533 1081 586 in
1159 528 1387 584 Cantico
1440 527 1779 583 canticorum
1842 527 2031 583 eadem

454 640 655 695 Sponsa
692 625 838 679 hunc
867 624 921 677 in
955 622 1176 676 modum
1199 633 1404 689 sponso
1431 619 1711 688 loquitur:
1740 616 2035 687 Respondet

454 717 625 786 frater
677 733 846 780 meus,
883 724 933 770 et
962 714 1090 768 dicit
1116 712 1244 765 mihi
1272 725 1289 763 :
1317 708 1505 781 Surge,
1536 713 1832 780 propinqua
1879 727 2032 777 mea,

456 809 693 878 formosa
741 823 878 873 mea,
919 804 1163 859 columba
1187 820 1337 868 mea;
1370 803 1623 873 quoniam
1660 803 1823 858 hiems
1855 813 2035 859 trans-

454 899 588 952 iit‘:
617 899 719 953 hoc
739 906 845 965 est,
879 896 1053 951 tristis
1083 894 1199 957 illa,
1222 908 1286 948 ac
1315 893 1602 949 tenebrosa
1640 894 2032 965 terribilisque,

455 995 515 1043 ut
544 988 617 1041 ita
677 986 878 1049 dicam,
930 984 1252 1043 nebularum
1313 982 1493 1054 caligo
1558 985 1801 1039 transiit.
1863 985 2037 1040 Imber

456 1080 607 1144 abiit,
639 1087 689 1132 et
713 1077 945 1140 recessit,
971 1075 1127 1144 ﬂores
1157 1083 1516 1143 apparuerunt
1549 1074 1605 1127 in
1635 1084 1777 1129 terra
1808 1084 1992 1130 nostra
2014 1092 2035 1130 :

458 1182 657 1238 tempus
699 1168 995 1237 putationis
1037 1166 1290 1219 advenit:
1320 1180 1419 1219 vos:
1449 1166 1674 1220 turturis
1724 1167 1912 1221 audita
1956 1176 2035 1222 est

455 1262 510 1314 in
541 1270 685 1314 terra
739 1267 923 1313 nostra
968 1272 985 1310 :
1012 1258 1146 1327 licus
1184 1257 1405 1326 protulit
1450 1273 1663 1326 grossos
1693 1257 1848 1328 501
1883 1274 2031 1323 suos,

454 1355 617 1407 vineta
667 1359 863 1406 nostra:
912 1350 1300 1419 germinarunt,
1338 1347 1595 1402 dederunt
1632 1348 1847 1404 odorem
1873 1352 1916 1404 ¹.
1964 1349 2035 1405 Ut

454 1444 735 1515 praeterita
765 1444 950 1497 omnia
986 1441 1277 1497 transiisse
1319 1448 1674 1507 monstraret,
1711 1455 1775 1495 ac
1807 1456 2033 1497 vernum

456 1535 619 1590 modo
667 1544 885 1604 tempus
918 1531 1133 1597 ﬂorere,
1177 1539 1433 1602 pacatum
1470 1546 1621 1587 mare
1665 1547 1729 1586 ac
1771 1533 2037 1602 tranquil-

456 1628 569 1681 lum
621 1642 767 1690 esse,
830 1624 1087 1680 imbrium
1147 1624 1399 1679 timorem
1448 1622 1799 1693 praeteriisse,
1849 1632 2035 1680 vetera

2132 452 2326 504 τουτῳ.

2203 524 2278 579 Θ’.
2321 523 2432 578 Kal
2464 523 2523 577 ὲν
2556 522 2637 593 τῷ
2678 524 2923 593 ’ᾼσματι
2950 518 3059 574 τῶν
3090 518 3354 590 ᾀσμάτων
3381 519 3487 591 εφη
3522 521 3711 592 triarii}

2133 614 2321 687 νύμφη
2360 614 2495 687 πρὸς
2523 615 2613 669 τὸν
2660 613 2894 684 νυμφίον
2928 612 3165 680 λέγουσα
3184 628 3199 642 ·
3247 613 3659 681 Ἀποκρίνεται
3687 617 3717 665 δ

2133 706 2396 776 ἀδελφός
2417 724 2559 777 μου,
2610 706 2710 759 καὶ
2743 703 2907 775 λέγει
2950 722 3051 774 μοι
3073 720 3087 734 ”
3137 702 3422 769 Ἀνάστα,
3464 703 3627 768 ws,
3678 705 3713 770 ὴ

2134 799 2404 866 πλησίον
2439 816 2560 868 μου
2583 814 2597 829 ο
2633 796 2791 865 καλή
2831 814 2974 864 μου,
3014 793 3336 862 περιστερά
3366 811 3524 863 μου·
3557 795 3645 847 ὅτι
3684 797 3714 847 ό

2135 890 2356 960 χειμὼν
2409 888 2710 957 παρῆλθεο
2740 887 2811 941 τὰ
2859 887 3102 960 στυγερά
3141 903 3203 939 τε
3239 886 3336 940 καὶ
3360 884 3576 956 ζοφώδη
3619 886 3713 955 τῆς

2137 981 2445 1050 συννεφίας,
2494 980 2591 1034 καὶ
2640 977 3020 1050 φοϐερώτατα,
3058 978 3137 1041 ὼς
3181 978 3375 1041 εἰπεῖν,
3419 976 3709 1047 παρῆλθεν.

2149 1072 2211 1125 '0
2244 1071 2418 1137 ὑετὸς
2443 1068 2741 1138 ἀπῆλθεν,
2757 1070 3047 1139 ἐπορεύθη
3068 1068 3278 1132 ἐαυτῷ·
3296 1067 3367 1121 τὰ
3384 1066 3539 1136 ἄνθη
3554 1068 3710 1136 ὤφθη

2134 1163 2204 1217 ἐν
2232 1161 2306 1231 τῆ
2330 1162 2407 1233 γῆ
2430 1161 2630 1232 ἡμῶν*
2662 1165 2696 1216 δ
2727 1162 2933 1230 καιρὸς
2948 1160 3057 1229 τῆς
3073 1160 3263 1230 τομῆς
3283 1160 3535 1229 ἔφθασε’
3551 1160 3710 1230 φωνὴ

2134 1254 2245 1323 τῆς
2291 1256 2580 1325 τρυγόνος
2613 1256 2886 1322 ἠκούσθη
2924 1254 2994 1307 ἐν
3026 1252 3104 1321 τῇ
3133 1251 3211 1322 τῇ
3244 1251 3445 1323 ἡμῶν
3479 1254 3521 1319 ἡ
3558 1250 3711 1319 συκῆ

2134 1346 2422 1416 ἐξήνεγκε
2445 1346 2589 1413 τοὺς
2615 1347 2916 1410 ὀλύνθους
2940 1344 3153 1413 αὐτῆς,
3189 1347 3249 1397 ai
3268 1344 3526 1413 ἄμπελοι
3552 1343 3712 1412 ἡμῶν

2135 1436 2551 1506 κυπρίζουσιν,
2592 1436 2826 1490 ἔδωκαν
2860 1436 3092 1506 ὀσμήν-
3134 1437 3221 1489 ῐνα
3250 1435 3400 1506 δείξῃ
3440 1437 3618 1490 πάντα
3648 1437 3711 1489 τὲ

2136 1530 2515 1602 παρῳχημένα
2551 1528 2891 1601 παρελθόντα
2914 1545 2928 1558 ·
2961 1527 3120 1599 ἔαρος
3148 1527 3207 1580 δὲ
3248 1526 3375 1597 ἄρτι
3405 1523 3709 1589 ἀνθοῦντος,

2136 1624 2231 1676 καὶ
2265 1621 2539 1691 Θαλάσσης
2574 1619 2918 1692 γαληνιώσης
2960 1636 3040 1685 τε,
3084 1618 3178 1672 καὶ
3215 1618 3383 1686 φόϐου
3427 1616 3524 1670 τοῦ
3558 1616 3711 1671 ὑετοῦ

456 1728 733 1775 sarmenta
764 1719 889 1773 vitis
937 1722 1237 1786 amputata,
1281 1716 1481 1771 herbas
1522 1730 1687 1785 porro
1726 1730 1840 1770 non
1871 1716 2034 1771 modo

2146 1713 2449 1778 διελθόντος,
2486 1713 2580 1766 καὶ
2618 1711 2727 1766 τῶν
2757 1710 3005 1764 παλαιῶν
3043 1710 3139 1779 τῆς
3164 1706 3410 1779 ἀμπέλου
3438 1709 3713 1779 τετμημέ-

454 1812 751 1875 virescere,
786 1809 883 1865 sed
927 1816 984 1865 et
1029 1807 1192 1863 ﬂores
1236 1806 1493 1863 edidisse.
1528 1807 1664 1861 Cum
1696 1814 1747 1860 et
1777 1808 2039 1877 praedica-

457 1903 628 1959 tionis
676 1916 782 1957 τοι
832 1901 888 1955 in
936 1900 1175 1962 deserto,
1234 1898 1340 1953 boc
1394 1905 1479 1953 est
1529 1898 1585 1951 in
1639 1906 1783 1951 terra
1829 1908 2036 1963 nostra,

456 1994 723 2048 clamaret
749 2011 764 2059 ;
800 2006 863 2045 ac
895 1992 1033 2045 licus
1066 1990 1157 2043 illa
1183 1989 1457 2060 quondam
1489 1997 1776 2044 exsecrata
1812 2005 2039 2058 grossos

458 2100 593 2141 suos
626 2083 977 2155 produceret.
1012 2082 1272 2138 nimirum
1307 2080 1642 2151 poenitentiae
1676 2080 1909 2145 fructus,
1943 2082 2037 2153 qui

458 2178 513 2231 in
550 2176 717 2231 ramis
748 2181 876 2230 sunt
906 2173 1306 2242 arboribusque
1351 2173 1674 2244 conspicui;
1715 2173 1855 2230 vites
1883 2174 2040 2229 deni-

456 2282 564 2337 que
614 2266 887 2337 parlurire
923 2266 1105 2333 ﬂores,
1156 2264 1209 2319 id
1239 2271 1323 2320 est
1355 2264 1685 2336 fragrantem
1714 2268 2040 2339 evangelica:

466 2358 591 2413 ﬁdei
652 2356 1098 2428 praedicationem
1141 2355 1459 2426 coepissent.
1508 2356 1806 2427 Postquam
1857 2370 2038 2416 autem

459 2451 642 2506 subito
686 2464 807 2505 eam
856 2447 1231 2519 compellavit,
1295 2462 1361 2502 ac
1414 2449 1595 2503 dixit:
1629 2448 1832 2520 Surge,
1902 2454 2036 2508 veni.

463 2540 641 2612 Surge
692 2555 722 2594 a
772 2547 949 2595 morte
980 2547 1354 2610 peccatorum,
1405 2547 1461 2595 et
1513 2540 1635 2595 veni
1686 2542 1740 2596 in
1787 2541 2038 2612 iustitia;

460 2646 624 2700 surge
679 2646 711 2685 a
754 2630 990 2697 delicto,
1046 2637 1102 2686 et
1153 2630 1276 2685 veni
1330 2645 1455 2686 cum
1508 2631 1742 2698 ﬁducia;
1792 2650 1956 2705 surge
2008 2649 2041 2688 a

457 2721 720 2793 peccatis,
754 2728 809 2776 et
828 2720 951 2777 veni
986 2719 1054 2774 ad
1088 2720 1498 2791 pmnitentiam;
1541 2737 1705 2793 surge
1742 2724 1812 2779 ab
1843 2723 2037 2780 aﬂ‘ecta

456 2810 794 2875 valetudine,
831 2817 886 2865 et
925 2810 1047 2866 veni
1082 2810 1137 2863 in
1180 2808 1451 2877 sanitate;
1501 2826 1666 2882 surge
1703 2813 1772 2867 ab
1817 2812 2044 2868 inﬁdeli-

459 2910 594 2965 tate,
649 2910 705 2957 et
737 2900 859 2956 veni
910 2900 965 2954 in
1019 2898 1154 2965 ﬂde;
1200 2915 1366 2956 surge
1403 2915 1434 2955 a
1466 2902 1795 2972 perditione,
1831 2914 1887 2961 et
1916 2903 2041 2961 veni

460 2992 519 3046 in
548 2990 984 3062 recuperatione.

531 3251 611 3307 Ac
641 3265 766 3313 eum
801 3249 1084 3321 Scriptura
1130 3266 1290 3307 sacra
1332 3266 1682 3325 nequaquam
1730 3256 2033 3327 ignoraret,

463 3351 588 3414 post
642 3331 878 3414 priorem
939 3344 1321 3414 paenitentiam
1346 3385 1361 3412 ,
1424 3360 1490 3399 ac
1543 3347 1923 3413 vocationem,
1984 3359 2041 3406 et

465 3435 781 3498 sanitatem,
838 3440 899 3487 ut
946 3432 1022 3487 ita
1053 3433 1257 3499 dicam,
1292 3434 1697 3506 quamplurima
1727 3437 1783 3493 in
1817 3448 2040 3509 peccata

464 3526 768 3580 humanum
829 3540 1003 3596 genus
1058 3525 1320 3589 incidere,
1356 3527 1432 3581 ita
1483 3542 1700 3582 rursum
1759 3530 2038 3601 loquitur:

466 3616 656 3687 Surge,
688 3617 822 3681 veni,
858 3616 1107 3671 columba
1140 3634 1257 3671 mea
1274 3633 1297 3682 ί
1334 3633 1437 3674 nec
1459 3622 1651 3683 semel,
1679 3621 1774 3677 sed
1802 3624 2043 3680 secundo

469 3709 645 3777 ipsam
682 3706 945 3777 appellat,
991 3706 1067 3761 ita
1098 3716 1158 3761 ut
1182 3709 1457 3778 posterior
1479 3711 1650 3781 priori
1680 3714 1897 3767 vocatio
1933 3731 2043 3770 non

468 3798 543 3853 sit
573 3797 821 3868 aiqualis.
852 3795 990 3851 Nam
1033 3798 1091 3853 in
1140 3799 1313 3869 priori
1359 3800 1441 3856 sic
1491 3801 1640 3857 illam
1700 3803 2041 3873 alloquitur:

2137 1820 2264 1866 νων,
2286 1803 2381 1855 καὶ
2405 1804 2506 1873 τῆς
2538 1800 2675 1865 πόας
2710 1800 2905 1871 μηκέτι
2935 1797 3241 1868 ποαζούσης
3263 1797 3443 1868 μόνον,
3463 1799 3601 1853 ἀλλά
3624 1800 3715 1851 καὶ

2138 1893 2274 1965 ἄνθη
2307 1892 2665 1964 ὲκϐαλούσης,
2702 1890 2915 1946 καὶτοῦ
2946 1889 3300 1962 κηρύγματος
3329 1889 3431 1961 τῆς
3454 1890 3638 1961 φωνῆς
3663 1892 3715 1941 ἑν

2138 1989 2205 2058 τῇ
2244 1986 2449 2058 ἐρήμῳ
2475 1984 2706 2057 βοώσης,
2756 1982 3036 2036 τουτέστιν
3061 1983 3131 2035 ἐν
3166 1981 3241 2049 τῇ
3282 1982 3360 2051 γῇ
3388 1980 3588 2050 ἡμῶν
3625 1980 3716 2035 καὶ

2142 2076 2313 2148 συκῆς
2366 2078 2466 2149 τῆς
2525 2093 2655 2130 ποτε
2712 2074 3115 2146 καταραθείσης
3170 2074 3541 2144 ὲκόαλλούσης
3594 2073 3715 2135 τοὺς

2139 2167 2413 2233 ὀλύνθους,
2442 2168 2570 2230 τοὺς
2599 2166 2847 2239 καρποὺς
2878 2166 2979 2237 τῆς
3022 2166 3331 2236 μετανοίας,
3357 2165 3460 2236 ἤδη
3494 2164 3588 2217 ἐπὶ
3610 2167 3714 2226 τοῖς

2142 2256 2371 2312 κλώνεσι
2402 2258 2498 2311 καὶ
2524 2255 2766 2327 δένδρεσι
2794 2253 3177 2325 φαινομένους·
3220 2252 3503 2322 ἀμπέλους
3527 2250 3584 2303 δὲ
3619 2250 3712 2320 ἤδη

2141 2348 2514 2421 κυπριζούσας
2536 2347 2598 2400 τὸ
2619 2345 2843 2416 εὔοδμον
2863 2346 2964 2415 τῆς
3006 2345 3101 2397 τοῦ
3129 2342 3463 2411 Εὐαγγελίου
3488 2340 3715 2401 πίστεως

2141 2441 2421 2511 κήρυγμα.
2467 2438 2683 2509 Ἐπειδὴ
2717 2438 2774 2491 δὲ
2804 2435 3005 2499 εὐθέως
3035 2434 3273 2501 κέκληκε
3302 2435 3403 2505 τὴν
3440 2431 3711 2501 τοιαύτην,

2140 2531 2237 2585 καὶ
2265 2526 2451 2583 εἶπενο
2498 2528 2781 2594 Ἀνάστα,
2814 2525 2955 2581 ἐλθέ
2977 2543 2992 2556 ⁸
3024 2526 3234 2581 ἀνάστα
3263 2524 3373 2578 ἀπὸ
3398 2524 3716 2595 νεκρὸτητος

2142 2622 2578 2693 ἁμαρτημάτων,
2621 2622 2716 2674 καὶ
2752 2618 2875 2673 ὲλθὲ
2898 2620 2957 2673 ὲν
2985 2617 3300 2689 δικαιοσύνῃ
3321 2632 3336 2646 °
3370 2617 3580 2670 ἀνάστα
3617 2616 3717 2668 άπὸ

2142 2712 2609 2785 παραπτώματος,
2642 2713 2735 2766 καὶ
2763 2710 2886 2765 ἐλθὲ
2923 2712 2984 2764 ὲν
3022 2711 3337 2780 παρρησίαν
3378 2708 3591 2763 ἀνάστα
3616 2706 3717 2759 ἀπὸ

2140 2802 2446 2876 άμαρτιῶν,
2484 2801 2577 2856 καὶ
2606 2801 2725 2856 ἐλθέ
2754 2802 2834 2866 είς
2876 2800 3192 2873 μετάνοιαν
3227 2800 3438 2854 ἀνάστα
3481 2797 3589 2852 ἀπὸ
3619 2812 3715 2849 πα-

2145 2892 2442 2966 ραλύσεως,
2473 2894 2567 2948 καὶ
2592 2893 2715 2947 ἐλθὲ
2742 2894 2800 2948 ὲν
2823 2892 3117 2965 τελειότητι
3139 2909 3153 2923 ·
3183 2892 3394 2946 ἀνάστα
3419 2891 3530 2945 ἀπὸ
3550 2890 3717 2959 λωϐή-

2146 3003 2304 3051 σεως,
2333 2985 2428 3040 καὶ
2457 2985 2578 3039 ἐλθὲ
2606 2987 2665 3038 ὲν
2693 2985 2852 3057 ὑγεία
2872 3000 2885 3015 ·
2925 2986 3134 3039 ἀνάστα
3165 2983 3273 3039 ἀπὸ
3314 2984 3597 3047 ἀπιστίας,
3632 2982 3718 3035 καὶ

2065 3058 2113 3121 C
2143 3074 2266 3130 ἐλθὲ
2304 3077 2361 3129 ὲν
2392 3076 2608 3140 πίστει·
2640 3075 2849 3131 ἀνάστα
2894 3074 3006 3129 ἀπὸ
3038 3073 3337 3138 ἀπωλείας.
3369 3074 3467 3129 καὶ
3511 3074 3628 3127 ιλιι
3662 3075 3716 3124 ἑν

2139 3166 2374 3239 εὑρέσει.

2222 3256 2444 3325 Ἐπειδὴ
2471 3255 2529 3308 δὲ
2555 3256 2673 3327 ᾔδει
2704 3256 2765 3310 τὸ
2791 3255 2914 3310 ὅλον
2943 3255 3143 3324 λόγιον,
3178 3255 3260 3309 ὅτι
3286 3254 3427 3326 μετά
3450 3253 3551 3325 τὴν
3576 3251 3716 3323 πρώ-

2139 3366 2242 3421 την
2261 3350 2572 3421 μετάνοιαν,
2596 3348 2693 3403 καὶ
2719 3349 2857 3419 μετὰ
2876 3348 2974 3420 τὴν
2985 3346 3208 3420 πρώτην
3230 3345 3423 3417 κλῆσιν
3441 3348 3538 3399 καὶ
3564 3346 3716 3406 ἴασιν.

2139 3440 2217 3504 ὡς
2251 3444 2448 3504 εἰπεῖν,
2494 3440 2785 3509 συμϐαίνει
2817 3442 2883 3512 τῇ
2926 3440 3306 3513 ἀνθρωπότητι
3347 3438 3522 3493 πολλά
3550 3456 3717 3510 παρα·

2145 3531 2435 3601 πτώματα,
2466 3530 2628 3583 πάλιν
2675 3529 2861 3598 λέγει·
2912 3530 3191 3593 Ἀνάστα,
3236 3528 3377 3582 ἐλθὲ
3410 3529 3516 3593 σὺ,
3567 3545 3720 3596 περι-

2142 3621 2330 3690 στερά
2350 3638 2489 3691 μου·
2512 3620 2766 3691 δεύτερον
2784 3620 2989 3691 ταύτην
3013 3621 3187 3687 καλεῖ,
3213 3620 3309 3673 καὶ
3333 3621 3434 3689 ούχ
3461 3620 3638 3683 ἅπαξ·
3663 3619 3718 3670 τὸ

2141 3712 2200 3766 δὲ
2220 3712 2472 3785 δεύτερον
2493 3712 2594 3765 οὐκ
2622 3711 2735 3765 ἴσον
2759 3710 2837 3781 τῷ
2859 3710 3079 3782 πρώτῳ.
3110 3712 3248 3783 Φησὶ
3278 3711 3387 3782 γὰρ
3416 3714 3475 3766 ὲν
3502 3715 3568 3784 τῇ
3594 3729 3714 3782 προσ

2143 3806 2279 3879 τέρᾳ
2295 3804 2484 3876 κλήσει
2509 3803 2683 3869 οὕτως
2702 3820 2717 3835 ·
2754 3802 3033 3868 Ἀνάστα,
3058 3805 3096 3873 ἠ
3121 3804 3390 3871 πλησίον
3405 3822 3549 3873 μου,
3575 3805 3716 3871 καλή

469 3889 657 3960 Surge,
695 3889 988 3959 propinqua
1016 3906 1153 3955 mea,
1193 3891 1432 3961 formosa
1468 3909 1603 3961 mea,
1639 3895 1882 3950 columba
1908 3914 2039 3952 mea.

2146 3913 2282 3967 μου,
2341 3892 2663 3964 περιστερά
2684 3911 2825 3964 μου.
2868 3892 2943 3947 Τὸ
3003 3894 3104 3964 μὲν
3150 3893 3385 3965 πρῶτον,
3413 3894 3717 3953 .Ἀνάστα,

469 3981 709 4035 Primum
761 3980 929 4052 igitur
955 3998 971 4036 :
1031 3979 1219 4053 Surge,
1258 3984 1396 4050 veni,
1423 3983 1598 4040 dixit:
1630 4001 1740 4041 non
1766 3996 1967 4055 autem,
1990 3994 2039 4041 et

2146 3986 2310 4043 ὲ.ῑθέ’
2348 3987 2443 4041 καὶ
2477 3986 2577 4040 οὐκ
2627 3980 2772 4039 εἴπεο
2830 3984 2942 4039 Kal.
2976 3984 3098 4039 ἐλθὲ
3127 3984 3211 4039 σύ.
3249 3986 3359 4039 Καὶ
3394 3986 3457 4039 τὸ
3482 3985 3719 4057 δεύτερον

468 4073 584 4128 veni
615 4083 690 4127 tu.
721 4071 793 4127 At
834 4072 890 4127 in
924 4075 1169 4129 secunda
1199 4076 1493 4132 articulum
1527 4078 1746 4148 adjecit,
1780 4087 1843 4133 ut
1869 4066 2039 4134 diver€

2148 4076 2475 4149 προστίθησι
2505 4076 2566 4131 τὸ
2598 4075 2822 4147 ἄρθρον,
2847 4075 2934 4130 ἵνα
2961 4076 3108 4150 δείξῃ
3136 4077 3328 4148 κλῆσιν
3353 4078 3460 4148 (ού)
3479 4078 3719 4149 δευτέραν

469 4182 587 4223 sam
630 4166 700 4220 ab
738 4164 910 4219 altera
949 4167 1298 4223 vocationem
1340 4182 1467 4224 esse
1512 4169 1877 4240 signiﬁcaret;
1928 4186 2039 4242 qua

2150 4166 2615 4240 παρηλλαγμένην
2651 4166 2791 4239 μετὰ
2830 4168 2930 4240 τὴν
2974 4172 3229 4241 πρώτην·
3276 4169 3413 4223 ἀλλὰ
3441 4173 3537 4224 καὶ
3577 4172 3633 4225 ὲν
3657 4172 3717 4240 τῇ

470 4269 676 4322 tamen,
707 4265 832 4327 post
902 4258 1143 4327 priorem
1174 4259 1343 4325 illam,
1385 4261 1683 4339 benignam
1718 4278 1941 4317 manum
1988 4278 2039 4319 at

2151 4258 2344 4331 πρώτῃ
2392 4258 2503 4328 (15)
2547 4259 2654 4312 ἀπὸ
2698 4260 3161 4331 παραπτωμάτων
3205 4260 3367 4315 πάλιν
3394 4262 3719 4332 ὀρεγομένην

470 4350 750 4405 caelestem
793 4348 1138 4405 clementiam
1196 4350 1529 4406 ostenderet.
1568 4350 1637 4405 Et
1672 4353 1808 4419 veni,
1849 4354 2047 4425 inquit,

471 4440 717 4495 columba
753 4456 891 4507 mea,
921 4440 977 4494 in
1010 4449 1211 4511 tegmen
1251 4450 1413 4509 petra:
1442 4457 1602 4512 prope
1638 4445 1968 4499 antemurate
1999 4445 2044 4499 ⁸.

474 4532 541 4588 In
570 4543 771 4603 tegmen
791 4542 955 4602 petrae
971 4532 1130 4598 dixit,
1160 4532 1265 4588 hoc
1285 4542 1392 4602 est,
1411 4533 1615 4590 Christi
1656 4536 2048 4608 benignitatem

472 4624 1019 4695 misericordiamque
1073 4622 1313 4679 Domini.
1373 4624 1490 4682 Hoc
1552 4627 1699 4683 enim
1752 4636 1838 4684 est
1886 4637 2050 4698 petra:

476 4726 719 4788 tegmen;
773 4728 1012 4788 tegmen,
1044 4718 1292 4787 inquam,
1322 4717 1461 4788 spei,
1500 4718 1624 4775 lidei
1655 4725 1820 4790 atque
1842 4721 2045 4776 verita-

476 4807 566 4863 tis.
627 4806 800 4876 Prope
848 4807 1184 4863 antemurale
1232 4821 1383 4875 vero,
1437 4807 1544 4863 hoc
1591 4816 1697 4874 est,
1751 4818 2050 4882 antequam

475 4904 635 4967 porta
675 4898 986 4965 claudatur,
1036 4906 1329 4971 antequam
1362 4897 1474 4955 Rex
1525 4902 1899 4972 introgressus
1938 4918 2049 4959 non

476 4987 710 5058 amplius
744 4998 865 5058 post
906 4990 1113 5045 exitum
1142 4991 1212 5046 ab
1236 4991 1342 5046 hac
1380 4991 1494 5046 vita
1523 5001 1867 5064 mortemque
1898 4995 2048 5051 reci—

478 5080 612 5151 piat.
649 5080 787 5135 Cum
835 5096 943 5137 non
988 5083 1226 5154 amplius
1249 5099 1419 5157 prope
1448 5085 1793 5142 antemurale
1821 5101 2047 5154 sumus;

480 5173 577 5229 sed
630 5172 829 5229 clausae
884 5182 1009 5231 simt
1062 5184 1251 5247 portae,
1282 5192 1384 5234 nec
1407 5177 1554 5233 ullus
1600 5176 1928 5233 emendandi
1958 5178 2047 5234 sui

482 5265 639 5320 locus
670 5270 779 5320 est.

560 5485 575 5514 '
605 5482 762 5538 Cant.
788 5498 847 5549 ll,
877 5482 964 5549 10,
996 5484 1083 5539 ll.
1157 5486 1177 5515 '
1200 5484 1334 5541 ibid.
1360 5486 1542 5542 “~15.
1611 5486 1632 5517 ³
1662 5485 1790 5541 ibid.
1816 5486 1903 5552 15,
1942 5487 2028 5542 Η.

2154 4353 2311 4421 χεῖρα
2335 4348 2623 4414 ἐπιδέξιον,
2667 4350 2760 4403 καὶ
2807 4350 3127 4423 ἐπουράνιον
3160 4350 3595 4422 φιλανθρωπίας.
3618 4351 3716 4406 Καὶ

2153 4443 2316 4509 ἐλθὲ,
2352 4444 2507 4514 φησὶ,
2543 4443 2863 4514 περιστερά
2884 4461 3026 4514 μου,
3053 4444 3123 4498 ἐν
3141 4443 3342 4514 σκέπῃ
3369 4444 3480 4513 τῆς
3516 4445 3719 4513 πέτρος

2154 4536 2413 4606 ἐχόμενα
2433 4535 2541 4589 τοῦ
2566 4526 3084 4605 προτειχίσματος.
3127 4537 3232 4590 Ἐν
3261 4538 3463 4607 σκέπῃ
3490 4540 3715 4609 πέτρας.

2156 4630 2214 4681 ὲν
2242 4626 2621 4699 φιλανθρωπίᾳ
2645 4627 2903 4700 Χριστοῦ,
2946 4629 3039 4681 καὶ
3065 4630 3124 4681 ὲν
3148 4628 3283 4682 ἐλέει
3318 4630 3549 4703 Κυρίου,
3576 4647 3718 4684 τουτο

2157 4718 2272 4771 ἐστι
2321 4718 2496 4787 σκέπη
2548 4717 2755 4789 πέτρας
2779 4760 2795 4784 ,
2840 4719 3014 4789 σκέπη
3054 4718 3287 4783 ὲλπίδος,
3340 4721 3434 4774 καὶ
3474 4722 3716 4783 πίστεως.

2158 4810 2254 4865 καὶ
2291 4809 2567 4880 ἀληθείας.
2585 4810 2877 4881 Ἐχόμενα
2901 4811 3007 4866 τοῦ
3030 4812 3527 4881 προτειχίσματος
3548 4830 3565 4845 ο
3583 4829 3719 4867 τουτ-

2156 4902 2299 4969 έστι,
2333 4900 2500 4973 πρινὴ
2539 4901 2851 4972 κλεισθῆναι
2888 4902 2986 4974 τὴν
3024 4903 3232 4974 πύλην,
3280 4903 3443 4975 πρινὴ
3493 4903 3599 4957 ἔσω
3632 4921 3721 4957 πε-

2161 4992 2389 5064 ριϐόλων
2440 4992 2733 5063 γενόμενος
2780 4994 2809 5046 ὁ
2850 4992 3113 5057 Βασιλεὺς
3177 4995 3373 5065 μηκέτι
3433 4994 3719 5065 εἰσδέξηται

2161 5084 2300 5157 μετά
2338 5084 2436 5156 τὴν
2469 5083 2722 5138 ἐντεῦθεν
2757 5083 3076 5156 ἀπαλλαγήν
3106 5102 3164 5138 τε
3204 5089 3299 5139 καὶ
3347 5084 3571 5139 θάνατον
3594 5100 3609 5116 ’
3640 5088 3717 5138 ὅτε

2157 5177 2342 5231 ούκέτι
2373 5177 2610 5249 ἐχόμενα
2645 5177 2740 5232 τοῦ
2784 5178 3263 5251 προτειχίσματος,
3300 5177 3439 5232 ἀλλά
3478 5178 3721 5232 ἀπεκλεί-

2160 5268 2364 5339 σθησαν
2392 5271 2449 5323 αἱ
2474 5269 2662 5338 πύλαι,
2687 5272 2783 5326 καὶ
2807 5269 2990 5326 οὐκέτι
3019 5269 3098 5325 ενι
3121 5268 3539 5342 διορθώσασθαι.

554 5636 666 5704 (£5)
718 5639 903 5696 Ἀλλὰ
955 5641 1052 5697 καὶ
1100 5644 1171 5697 ἐν
1224 5640 1298 5713 τῇ
1356 5644 1575 5715 πρώτῃ.
1632 5642 1695 5703 F.
1762 5646 1854 5699 ἰπὶ
1912 5648 1981 5717 τῇ
2021 5643 2232 5720 πρώτῃ.
