  <div class='ocr_page' id='page_1' title='image "/cluster/home/n/w/nwhite01/storage/ocr_20150623/41/hvd.32044011753001/549.png"; bbox 0 0 3822 6288; ppageno 0'>
   <div class='ocr_carea' id='block_1_1' title="bbox 426 251 571 310">
    <p class='ocr_par' dir='ltr' id='par_1_1' title="bbox 426 251 571 310">
     <span class='ocr_line' id='line_1_1' title="bbox 426 251 571 310; baseline -0.014 0"><span class='ocrx_word' id='word_1_1' title='bbox 426 251 571 310; x_wconf 69' lang='grc'><strong>1055</strong></span> 
     </span>
    </p>
   </div>
   <div class='ocr_carea' id='block_1_2' title="bbox 1844 246 2287 306">
    <p class='ocr_par' dir='ltr' id='par_1_2' title="bbox 1844 246 2287 306">
     <span class='ocr_line' id='line_1_2' title="bbox 1844 246 2287 306; baseline 0 -2"><span class='ocrx_word' id='word_1_2' title='bbox 1844 248 1901 304; x_wconf 85' lang='lat' dir='ltr'><strong>S.</strong></span> <span class='ocrx_word' id='word_1_3' title='bbox 1945 246 2287 306; x_wconf 69' lang='lat' dir='ltr'><strong>El‘lPllANll</strong></span> 
     </span>
    </p>
   </div>
   <div class='ocr_carea' id='block_1_3' title="bbox 3563 247 3704 304">
    <p class='ocr_par' dir='ltr' id='par_1_3' title="bbox 3563 247 3704 304">
     <span class='ocr_line' id='line_1_3' title="bbox 3563 247 3704 304; baseline 0 0"><span class='ocrx_word' id='word_1_4' title='bbox 3563 247 3704 304; x_wconf 67' lang='lat'><strong>1038</strong></span> 
     </span>
    </p>
   </div>
   <div class='ocr_carea' id='block_1_4' title="bbox 413 360 1989 438">
    <p class='ocr_par' dir='ltr' id='par_1_4' title="bbox 413 361 1989 438">
     <span class='ocr_line' id='line_1_4' title="bbox 413 361 1989 438; baseline -0.004 -13"><span class='ocrx_word' id='word_1_5' title='bbox 413 370 572 426; x_wconf 76' lang='lat' dir='ltr'><strong>&#39;enim</strong></span> <span class='ocrx_word' id='word_1_6' title='bbox 610 369 676 423; x_wconf 84' lang='lat' dir='ltr'><strong>de</strong></span> <span class='ocrx_word' id='word_1_7' title='bbox 713 366 968 423; x_wconf 78' lang='lat' dir='ltr'><strong>secundis</strong></span> <span class='ocrx_word' id='word_1_8' title='bbox 996 361 1156 438; x_wconf 75' lang='lat'><strong>503</strong></span> <span class='ocrx_word' id='word_1_9' title='bbox 1193 363 1418 436; x_wconf 78' lang='lat' dir='ltr'><strong>nuptiis,</strong></span> <span class='ocrx_word' id='word_1_10' title='bbox 1453 364 1682 435; x_wconf 92' lang='lat' dir='ltr'><strong>aliisque</strong></span> <span class='ocrx_word' id='word_1_11' title='bbox 1710 364 1761 419; x_wconf 89' lang='lat' dir='ltr'><strong>id</strong></span> <span class='ocrx_word' id='word_1_12' title='bbox 1805 380 1989 436; x_wconf 69' lang='lat' dir='ltr'><strong>genus1</strong></span> 
     </span>
    </p>
   </div>
   <div class='ocr_carea' id='block_1_5' title="bbox 2093 360 3700 438">
    <p class='ocr_par' dir='ltr' id='par_1_5' title="bbox 2107 360 3700 438">
     <span class='ocr_line' id='line_1_5' title="bbox 2107 360 3700 438; baseline -0.001 -17"><span class='ocrx_word' id='word_1_13' title='bbox 2107 367 2301 429; x_wconf 79' lang='grc' dir='ltr'>ἄλλων,</span> <span class='ocrx_word' id='word_1_14' title='bbox 2340 360 2484 420; x_wconf 72' lang='grc' dir='ltr'>οὗτοι</span> <span class='ocrx_word' id='word_1_15' title='bbox 2518 367 2596 430; x_wconf 79' lang='grc' dir='ltr'>εἰς</span> <span class='ocrx_word' id='word_1_16' title='bbox 2637 367 2816 420; x_wconf 85' lang='grc' dir='ltr'>πάντα</span> <span class='ocrx_word' id='word_1_17' title='bbox 2835 365 2928 420; x_wconf 75' lang='grc' dir='ltr'><strong>τὸν</strong></span> <span class='ocrx_word' id='word_1_18' title='bbox 2953 363 3083 419; x_wconf 68' lang='grc' dir='ltr'>λαὸν</span> <span class='ocrx_word' id='word_1_19' title='bbox 3113 364 3461 438; x_wconf 81' lang='grc' dir='ltr'>νενομίκασι’</span> <span class='ocrx_word' id='word_1_20' title='bbox 3506 368 3603 420; x_wconf 78' lang='grc' dir='ltr'><strong>καὶ</strong></span> <span class='ocrx_word' id='word_1_21' title='bbox 3634 371 3700 420; x_wconf 67' lang='grc' dir='ltr'>τὰ</span> 
     </span>
    </p>
   </div>
   <div class='ocr_carea' id='block_1_6' title="bbox 429 457 2002 523">
    <p class='ocr_par' dir='ltr' id='par_1_6' title="bbox 429 457 2002 523">
     <span class='ocr_line' id='line_1_6' title="bbox 429 457 2002 523; baseline -0.004 -6"><span class='ocrx_word' id='word_1_22' title='bbox 429 461 719 517; x_wconf 68' lang='lat' dir='ltr'><strong>sacerdotii</strong></span> <span class='ocrx_word' id='word_1_23' title='bbox 766 474 935 516; x_wconf 88' lang='lat' dir='ltr'><strong>causa</strong></span> <span class='ocrx_word' id='word_1_24' title='bbox 989 459 1208 514; x_wconf 87' lang='lat' dir='ltr'><strong>decreta</strong></span> <span class='ocrx_word' id='word_1_25' title='bbox 1267 466 1422 523; x_wconf 80' lang='lat' dir='ltr'><strong>sunt,</strong></span> <span class='ocrx_word' id='word_1_26' title='bbox 1466 473 1532 512; x_wconf 84' lang='lat' dir='ltr'><strong>ea</strong></span> <span class='ocrx_word' id='word_1_27' title='bbox 1575 457 1640 511; x_wconf 90' lang='lat' dir='ltr'><strong>ad</strong></span> <span class='ocrx_word' id='word_1_28' title='bbox 1685 459 2002 514; x_wconf 88' lang='lat' dir='ltr'><strong>universum</strong></span> 
     </span>
    </p>
   </div>
   <div class='ocr_carea' id='block_1_7' title="bbox 427 548 2001 624">
    <p class='ocr_par' dir='ltr' id='par_1_7' title="bbox 427 548 2001 624">
     <span class='ocr_line' id='line_1_7' title="bbox 427 548 2001 624; baseline -0.004 -18"><span class='ocrx_word' id='word_1_29' title='bbox 427 553 686 624; x_wconf 77' lang='lat' dir='ltr'><strong>papulum</strong></span> <span class='ocrx_word' id='word_1_30' title='bbox 710 551 1152 616; x_wconf 84' lang='lat' dir='ltr'><strong>transtulerunt;</strong></span> <span class='ocrx_word' id='word_1_31' title='bbox 1205 559 1257 604; x_wconf 82' lang='lat' dir='ltr'><strong>et</strong></span> <span class='ocrx_word' id='word_1_32' title='bbox 1288 564 1409 619; x_wconf 72' lang='lat' dir='ltr'><strong>quze</strong></span> <span class='ocrx_word' id='word_1_33' title='bbox 1453 549 1519 604; x_wconf 83' lang='lat' dir='ltr'><strong>ad</strong></span> <span class='ocrx_word' id='word_1_34' title='bbox 1558 548 2001 602; x_wconf 88' lang='lat' dir='ltr'><strong>constituendam</strong></span> 
     </span>
    </p>
   </div>
   <div class='ocr_carea' id='block_1_8' title="bbox 424 641 2004 712">
    <p class='ocr_par' dir='ltr' id='par_1_8' title="bbox 424 641 2004 712">
     <span class='ocr_line' id='line_1_8' title="bbox 424 641 2004 712; baseline -0.004 -12"><span class='ocrx_word' id='word_1_35' title='bbox 424 644 836 702; x_wconf 85' lang='lat' dir='ltr'><strong>severissimam</strong></span> <span class='ocrx_word' id='word_1_36' title='bbox 873 641 1221 712; x_wconf 84' lang='lat' dir='ltr'><strong>disciplinam</strong></span> <span class='ocrx_word' id='word_1_37' title='bbox 1260 657 1290 695; x_wconf 91' lang='lat' dir='ltr'><strong>a</strong></span> <span class='ocrx_word' id='word_1_38' title='bbox 1321 641 1430 696; x_wconf 92' lang='lat' dir='ltr'><strong>Deo</strong></span> <span class='ocrx_word' id='word_1_39' title='bbox 1469 641 1726 695; x_wconf 86' lang='lat' dir='ltr'><strong>mandata</strong></span> <span class='ocrx_word' id='word_1_40' title='bbox 1752 649 1901 705; x_wconf 86' lang='lat' dir='ltr'><strong>sunt,</strong></span> <span class='ocrx_word' id='word_1_41' title='bbox 1935 655 2004 694; x_wconf 90' lang='lat' dir='ltr'><strong>ne</strong></span> 
     </span>
    </p>
   </div>
   <div class='ocr_carea' id='block_1_9' title="bbox 423 732 2003 804">
    <p class='ocr_par' dir='ltr' id='par_1_9' title="bbox 423 732 2003 804">
     <span class='ocr_line' id='line_1_9' title="bbox 423 732 2003 804; baseline -0.004 -14"><span class='ocrx_word' id='word_1_42' title='bbox 423 736 566 791; x_wconf 78' lang='lat' dir='ltr'><strong>forte</strong></span> <span class='ocrx_word' id='word_1_43' title='bbox 609 734 778 804; x_wconf 86' lang='lat' dir='ltr'><strong>aliqui</strong></span> <span class='ocrx_word' id='word_1_44' title='bbox 817 749 926 804; x_wconf 70' lang='lat' dir='ltr'><strong>prae</strong></span> <span class='ocrx_word' id='word_1_45' title='bbox 975 735 1141 789; x_wconf 88' lang='lat' dir='ltr'><strong>animi</strong></span> <span class='ocrx_word' id='word_1_46' title='bbox 1180 733 1433 790; x_wconf 90' lang='lat' dir='ltr'><strong>socordia</strong></span> <span class='ocrx_word' id='word_1_47' title='bbox 1467 735 1521 786; x_wconf 92' lang='lat' dir='ltr'><strong>in</strong></span> <span class='ocrx_word' id='word_1_48' title='bbox 1559 733 1814 788; x_wconf 75' lang='lat' dir='ltr'><strong>delictum</strong></span> <span class='ocrx_word' id='word_1_49' title='bbox 1864 732 2003 785; x_wconf 85' lang='lat' dir='ltr'><strong>inci-</strong></span> 
     </span>
    </p>
   </div>
   <div class='ocr_carea' id='block_1_10' title="bbox 423 824 1998 894">
    <p class='ocr_par' dir='ltr' id='par_1_10' title="bbox 423 824 1998 894">
     <span class='ocr_line' id='line_1_10' title="bbox 423 824 1998 894; baseline -0.003 -14"><span class='ocrx_word' id='word_1_50' title='bbox 423 827 654 893; x_wconf 79' lang='lat' dir='ltr'><strong>derent;</strong></span> <span class='ocrx_word' id='word_1_51' title='bbox 696 827 810 881; x_wconf 74' lang='lat' dir='ltr'><strong>lucc</strong></span> <span class='ocrx_word' id='word_1_52' title='bbox 860 825 938 880; x_wconf 89' lang='lat' dir='ltr'><strong>illi</strong></span> <span class='ocrx_word' id='word_1_53' title='bbox 978 826 1106 880; x_wconf 88' lang='lat' dir='ltr'><strong>dum</strong></span> <span class='ocrx_word' id='word_1_54' title='bbox 1147 825 1214 879; x_wconf 89' lang='lat' dir='ltr'><strong>ad</strong></span> <span class='ocrx_word' id='word_1_55' title='bbox 1251 839 1440 879; x_wconf 87' lang='lat' dir='ltr'><strong>omnes</strong></span> <span class='ocrx_word' id='word_1_56' title='bbox 1479 824 1753 894; x_wconf 87' lang='lat' dir='ltr'><strong>pertinere</strong></span> <span class='ocrx_word' id='word_1_57' title='bbox 1786 824 1998 886; x_wconf 87' lang='lat' dir='ltr'><strong>volunt,</strong></span> 
     </span>
    </p>
   </div>
   <div class='ocr_carea' id='block_1_11' title="bbox 421 915 2003 974">
    <p class='ocr_par' dir='ltr' id='par_1_11' title="bbox 421 915 2003 974">
     <span class='ocr_line' id='line_1_11' title="bbox 421 915 2003 974; baseline -0.004 0"><span class='ocrx_word' id='word_1_58' title='bbox 421 920 608 974; x_wconf 88' lang='lat' dir='ltr'><strong>divino</strong></span> <span class='ocrx_word' id='word_1_59' title='bbox 634 919 842 973; x_wconf 91' lang='lat' dir='ltr'><strong>numini</strong></span> <span class='ocrx_word' id='word_1_60' title='bbox 872 918 1211 972; x_wconf 89' lang='lat' dir='ltr'><strong>atrocitatem</strong></span> <span class='ocrx_word' id='word_1_61' title='bbox 1260 927 1312 972; x_wconf 91' lang='lat' dir='ltr'><strong>et</strong></span> <span class='ocrx_word' id='word_1_62' title='bbox 1340 917 1794 970; x_wconf 89' lang='lat' dir='ltr'><strong>inhumanitatem</strong></span> <span class='ocrx_word' id='word_1_63' title='bbox 1837 915 2003 970; x_wconf 86' lang='lat' dir='ltr'><strong>ascri-</strong></span> 
     </span>
    </p>
   </div>
   <div class='ocr_carea' id='block_1_12' title="bbox 421 1006 2001 1079">
    <p class='ocr_par' dir='ltr' id='par_1_12' title="bbox 421 1006 2001 1079">
     <span class='ocr_line' id='line_1_12' title="bbox 421 1006 2001 1079; baseline -0.003 -13"><span class='ocrx_word' id='word_1_64' title='bbox 421 1011 576 1066; x_wconf 80' lang='lat' dir='ltr'><strong>bunt.</strong></span> <span class='ocrx_word' id='word_1_65' title='bbox 634 1010 712 1064; x_wconf 89' lang='lat' dir='ltr'><strong>Ac</strong></span> <span class='ocrx_word' id='word_1_66' title='bbox 749 1010 897 1064; x_wconf 91' lang='lat' dir='ltr'><strong>velut</strong></span> <span class='ocrx_word' id='word_1_67' title='bbox 944 1009 992 1065; x_wconf 88' lang='lat' dir='ltr'><strong>si</strong></span> <span class='ocrx_word' id='word_1_68' title='bbox 1035 1009 1158 1079; x_wconf 90' lang='lat' dir='ltr'><strong>quis</strong></span> <span class='ocrx_word' id='word_1_69' title='bbox 1207 1017 1414 1063; x_wconf 81' lang='lat' dir='ltr'><strong>vestem</strong></span> <span class='ocrx_word' id='word_1_70' title='bbox 1466 1023 1629 1061; x_wconf 88' lang='lat' dir='ltr'><strong>manu</strong></span> <span class='ocrx_word' id='word_1_71' title='bbox 1675 1017 1887 1068; x_wconf 88' lang='lat' dir='ltr'><strong>tenens,</strong></span> <span class='ocrx_word' id='word_1_72' title='bbox 1932 1006 2001 1061; x_wconf 89' lang='lat' dir='ltr'><strong>ab</strong></span> 
     </span>
    </p>
   </div>
   <div class='ocr_carea' id='block_1_13' title="bbox 419 1099 2001 1172">
    <p class='ocr_par' dir='ltr' id='par_1_13' title="bbox 419 1099 2001 1172">
     <span class='ocr_line' id='line_1_13' title="bbox 419 1099 2001 1172; baseline -0.003 -14"><span class='ocrx_word' id='word_1_73' title='bbox 419 1118 587 1172; x_wconf 80' lang='lat' dir='ltr'><strong>carpo</strong></span> <span class='ocrx_word' id='word_1_74' title='bbox 615 1117 810 1158; x_wconf 87' lang='lat' dir='ltr'><strong>manus</strong></span> <span class='ocrx_word' id='word_1_75' title='bbox 843 1101 1100 1156; x_wconf 71' lang='lat' dir='ltr'><strong>duntaxat</strong></span> <span class='ocrx_word' id='word_1_76' title='bbox 1135 1100 1320 1154; x_wconf 87' lang='lat' dir='ltr'><strong>cubito</strong></span> <span class='ocrx_word' id='word_1_77' title='bbox 1351 1108 1513 1153; x_wconf 88' lang='lat' dir='ltr'><strong>tenus</strong></span> <span class='ocrx_word' id='word_1_78' title='bbox 1545 1099 1828 1152; x_wconf 79' lang='lat' dir='ltr'><strong>brachium</strong></span> <span class='ocrx_word' id='word_1_79' title='bbox 1869 1114 2001 1168; x_wconf 82' lang='lat' dir='ltr'><strong>ope-</strong></span> 
     </span>
    </p>
   </div>
   <div class='ocr_carea' id='block_1_14' title="bbox 419 1189 1996 1265">
    <p class='ocr_par' dir='ltr' id='par_1_14' title="bbox 419 1189 1996 1265">
     <span class='ocr_line' id='line_1_14' title="bbox 419 1189 1996 1265; baseline -0.006 -15"><span class='ocrx_word' id='word_1_80' title='bbox 419 1197 547 1260; x_wconf 77' lang='lat' dir='ltr'><strong>riat,</strong></span> <span class='ocrx_word' id='word_1_81' title='bbox 581 1201 743 1265; x_wconf 90' lang='lat' dir='ltr'><strong>atque</strong></span> <span class='ocrx_word' id='word_1_82' title='bbox 770 1191 1067 1247; x_wconf 89' lang='lat' dir='ltr'><strong>identidem</strong></span> <span class='ocrx_word' id='word_1_83' title='bbox 1094 1191 1368 1246; x_wconf 87' lang='lat' dir='ltr'><strong>manicam</strong></span> <span class='ocrx_word' id='word_1_84' title='bbox 1395 1190 1574 1244; x_wconf 86' lang='lat' dir='ltr'><strong>oculis</strong></span> <span class='ocrx_word' id='word_1_85' title='bbox 1607 1190 1724 1244; x_wconf 85' lang='lat' dir='ltr'><strong>suis</strong></span> <span class='ocrx_word' id='word_1_86' title='bbox 1750 1189 1996 1258; x_wconf 84' lang='lat' dir='ltr'><strong>objiciat,</strong></span> 
     </span>
    </p>
   </div>
   <div class='ocr_carea' id='block_1_15' title="bbox 420 1281 1996 1349">
    <p class='ocr_par' dir='ltr' id='par_1_15' title="bbox 420 1281 1996 1349">
     <span class='ocr_line' id='line_1_15' title="bbox 420 1281 1996 1349; baseline -0.007 -8"><span class='ocrx_word' id='word_1_87' title='bbox 420 1295 475 1342; x_wconf 88' lang='lat' dir='ltr'><strong>et</strong></span> <span class='ocrx_word' id='word_1_88' title='bbox 511 1287 651 1340; x_wconf 87' lang='lat' dir='ltr'><strong>alios</strong></span> <span class='ocrx_word' id='word_1_89' title='bbox 689 1282 939 1348; x_wconf 88' lang='lat' dir='ltr'><strong>irrideat,</strong></span> <span class='ocrx_word' id='word_1_90' title='bbox 990 1281 1196 1336; x_wconf 85' lang='lat' dir='ltr'><strong>oblitus</strong></span> <span class='ocrx_word' id='word_1_91' title='bbox 1251 1288 1366 1334; x_wconf 91' lang='lat' dir='ltr'><strong>toto</strong></span> <span class='ocrx_word' id='word_1_92' title='bbox 1400 1295 1459 1335; x_wconf 90' lang='lat' dir='ltr'><strong>se</strong></span> <span class='ocrx_word' id='word_1_93' title='bbox 1497 1294 1724 1349; x_wconf 90' lang='lat' dir='ltr'><strong>corpore</strong></span> <span class='ocrx_word' id='word_1_94' title='bbox 1751 1294 1874 1334; x_wconf 91' lang='lat' dir='ltr'><strong>esse</strong></span> <span class='ocrx_word' id='word_1_95' title='bbox 1900 1293 1996 1331; x_wconf 83' lang='lat' dir='ltr'><strong>nu-</strong></span> 
     </span>
    </p>
   </div>
   <div class='ocr_carea' id='block_1_16' title="bbox 418 1371 1998 1447">
    <p class='ocr_par' dir='ltr' id='par_1_16' title="bbox 418 1371 1998 1447">
     <span class='ocr_line' id='line_1_16' title="bbox 418 1371 1998 1447; baseline -0.006 -14"><span class='ocrx_word' id='word_1_96' title='bbox 418 1379 604 1434; x_wconf 89' lang='lat' dir='ltr'><strong>datum</strong></span> <span class='ocrx_word' id='word_1_97' title='bbox 635 1395 651 1443; x_wconf 88' lang='lat'><strong>;</strong></span> <span class='ocrx_word' id='word_1_98' title='bbox 706 1374 931 1447; x_wconf 89' lang='lat' dir='ltr'><strong>perinde</strong></span> <span class='ocrx_word' id='word_1_99' title='bbox 973 1383 1026 1428; x_wconf 94' lang='lat' dir='ltr'><strong>et</strong></span> <span class='ocrx_word' id='word_1_100' title='bbox 1072 1375 1149 1426; x_wconf 83' lang='lat' dir='ltr'><strong>illi</strong></span> <span class='ocrx_word' id='word_1_101' title='bbox 1186 1373 1416 1435; x_wconf 76' lang='lat' dir='ltr'><strong>faciunt,</strong></span> <span class='ocrx_word' id='word_1_102' title='bbox 1453 1373 1544 1442; x_wconf 89' lang='lat' dir='ltr'><strong>qui</strong></span> <span class='ocrx_word' id='word_1_103' title='bbox 1583 1371 1713 1425; x_wconf 89' lang='lat' dir='ltr'><strong>dum</strong></span> <span class='ocrx_word' id='word_1_104' title='bbox 1751 1371 1998 1442; x_wconf 85' lang='lat' dir='ltr'><strong>digamos</strong></span> 
     </span>
    </p>
   </div>
   <div class='ocr_carea' id='block_1_17' title="bbox 418 1462 1996 1538">
    <p class='ocr_par' dir='ltr' id='par_1_17' title="bbox 418 1462 1996 1538">
     <span class='ocr_line' id='line_1_17' title="bbox 418 1462 1996 1538; baseline -0.004 -16"><span class='ocrx_word' id='word_1_105' title='bbox 418 1485 448 1522; x_wconf 91' lang='lat' dir='ltr'><strong>a</strong></span> <span class='ocrx_word' id='word_1_106' title='bbox 504 1484 566 1526; x_wconf 89' lang='lat' dir='ltr'><strong>se</strong></span> <span class='ocrx_word' id='word_1_107' title='bbox 620 1467 892 1538; x_wconf 87' lang='lat' dir='ltr'><strong>repudiari</strong></span> <span class='ocrx_word' id='word_1_108' title='bbox 938 1465 1214 1536; x_wconf 88' lang='lat' dir='ltr'><strong>jactitant,</strong></span> <span class='ocrx_word' id='word_1_109' title='bbox 1274 1465 1486 1534; x_wconf 89' lang='lat' dir='ltr'><strong>reliqua</strong></span> <span class='ocrx_word' id='word_1_110' title='bbox 1529 1470 1797 1534; x_wconf 67' lang='lat' dir='ltr'><strong>praecepta</strong></span> <span class='ocrx_word' id='word_1_111' title='bbox 1851 1462 1996 1516; x_wconf 87' lang='lat' dir='ltr'><strong>illius</strong></span> 
     </span>
    </p>
   </div>
   <div class='ocr_carea' id='block_1_18' title="bbox 417 1555 1996 1625">
    <p class='ocr_par' dir='ltr' id='par_1_18' title="bbox 417 1555 1996 1625">
     <span class='ocr_line' id='line_1_18' title="bbox 417 1555 1996 1625; baseline -0.006 -11"><span class='ocrx_word' id='word_1_112' title='bbox 417 1561 503 1617; x_wconf 86' lang='lat' dir='ltr'><strong>vel</strong></span> <span class='ocrx_word' id='word_1_113' title='bbox 553 1559 784 1622; x_wconf 80' lang='lat' dir='ltr'><strong>similia,</strong></span> <span class='ocrx_word' id='word_1_114' title='bbox 835 1559 919 1613; x_wconf 89' lang='lat' dir='ltr'><strong>vel</strong></span> <span class='ocrx_word' id='word_1_115' title='bbox 954 1557 1072 1612; x_wconf 90' lang='lat' dir='ltr'><strong>sine</strong></span> <span class='ocrx_word' id='word_1_116' title='bbox 1117 1557 1224 1610; x_wconf 87' lang='lat' dir='ltr'><strong>ulla</strong></span> <span class='ocrx_word' id='word_1_117' title='bbox 1266 1555 1676 1624; x_wconf 88' lang='lat' dir='ltr'><strong>comparatione</strong></span> <span class='ocrx_word' id='word_1_118' title='bbox 1729 1561 1996 1625; x_wconf 67' lang='lat' dir='ltr'><strong>praestan-</strong></span> 
     </span>
    </p>
   </div>
   <div class='ocr_carea' id='block_1_19' title="bbox 416 1647 1994 1721">
    <p class='ocr_par' dir='ltr' id='par_1_19' title="bbox 416 1647 1994 1721">
     <span class='ocr_line' id='line_1_19' title="bbox 416 1647 1994 1721; baseline -0.005 -15"><span class='ocrx_word' id='word_1_119' title='bbox 416 1653 583 1715; x_wconf 87' lang='lat' dir='ltr'><strong>tiora,</strong></span> <span class='ocrx_word' id='word_1_120' title='bbox 635 1665 871 1721; x_wconf 90' lang='lat' dir='ltr'><strong>quorum</strong></span> <span class='ocrx_word' id='word_1_121' title='bbox 922 1648 1282 1704; x_wconf 87' lang='lat' dir='ltr'><strong>violatoribus</strong></span> <span class='ocrx_word' id='word_1_122' title='bbox 1314 1647 1508 1701; x_wconf 90' lang='lat' dir='ltr'><strong>mortis</strong></span> <span class='ocrx_word' id='word_1_123' title='bbox 1550 1660 1708 1716; x_wconf 63' lang='lat' dir='ltr'><strong>paena</strong></span> <span class='ocrx_word' id='word_1_124' title='bbox 1737 1647 1994 1715; x_wconf 81' lang='lat' dir='ltr'><strong>proponi-</strong></span> 
     </span>
    </p>
   </div>
   <div class='ocr_carea' id='block_1_20' title="bbox 2103 458 3700 530">
    <p class='ocr_par' dir='ltr' id='par_1_20' title="bbox 2103 458 3700 530">
     <span class='ocr_line' id='line_1_20' title="bbox 2103 458 3700 530; baseline 0 -18"><span class='ocrx_word' id='word_1_125' title='bbox 2103 459 2170 512; x_wconf 79' lang='grc' dir='ltr'>δι’</span> <span class='ocrx_word' id='word_1_126' title='bbox 2199 458 2502 530; x_wconf 76' lang='grc' dir='ltr'>ὑπερϐολὴν</span> <span class='ocrx_word' id='word_1_127' title='bbox 2542 458 2940 530; x_wconf 82' lang='grc' dir='ltr'><strong>στρυφνότητος</strong></span> <span class='ocrx_word' id='word_1_128' title='bbox 2972 458 3076 511; x_wconf 80' lang='grc' dir='ltr'><strong>ὑπὸ</strong></span> <span class='ocrx_word' id='word_1_129' title='bbox 3116 458 3251 511; x_wconf 82' lang='grc' dir='ltr'><strong>Θεοῦ</strong></span> <span class='ocrx_word' id='word_1_130' title='bbox 3274 461 3700 530; x_wconf 80' lang='grc' dir='ltr'>κεκηρυγμένα,</span> 
     </span>
    </p>
   </div>
   <div class='ocr_carea' id='block_1_21' title="bbox 2106 551 3695 623">
    <p class='ocr_par' dir='ltr' id='par_1_21' title="bbox 2106 551 3695 623">
     <span class='ocr_line' id='line_1_21' title="bbox 2106 551 3695 623; baseline 0 -19"><span class='ocrx_word' id='word_1_131' title='bbox 2106 553 2192 606; x_wconf 80' lang='grc' dir='ltr'><strong>ἵνα</strong></span> <span class='ocrx_word' id='word_1_132' title='bbox 2224 552 2298 623; x_wconf 84' lang='grc' dir='ltr'>μὴ</span> <span class='ocrx_word' id='word_1_133' title='bbox 2327 552 2742 623; x_wconf 79' lang='grc' dir='ltr'>ρᾳθυμήσαντές</span> <span class='ocrx_word' id='word_1_134' title='bbox 2775 568 2922 613; x_wconf 88' lang='grc' dir='ltr'>τινες</span> <span class='ocrx_word' id='word_1_135' title='bbox 2964 551 3383 622; x_wconf 84' lang='grc' dir='ltr'>παραπέσωσιν,</span> <span class='ocrx_word' id='word_1_136' title='bbox 3419 553 3576 604; x_wconf 74' lang='grc' dir='ltr'>αὑτοὶ</span> <span class='ocrx_word' id='word_1_137' title='bbox 3615 555 3695 616; x_wconf 74' lang='grc' dir='ltr'><strong>είς</strong></span> 
     </span>
    </p>
   </div>
   <div class='ocr_carea' id='block_1_22' title="bbox 2103 639 3697 713">
    <p class='ocr_par' dir='ltr' id='par_1_22' title="bbox 2103 639 3697 713">
     <span class='ocr_line' id='line_1_22' title="bbox 2103 639 3697 713; baseline -0.001 -18"><span class='ocrx_word' id='word_1_138' title='bbox 2103 641 2496 713; x_wconf 77' lang='grc' dir='ltr'><strong>ἀπανθρωπίαν</strong></span> <span class='ocrx_word' id='word_1_139' title='bbox 2529 639 2649 711; x_wconf 84' lang='grc' dir='ltr'><strong>Θεῷ</strong></span> <span class='ocrx_word' id='word_1_140' title='bbox 2672 641 2938 710; x_wconf 74' lang='grc' dir='ltr'>συνῆψαν.</span> <span class='ocrx_word' id='word_1_141' title='bbox 2972 639 3083 693; x_wconf 77' lang='grc' dir='ltr'><strong>Καὶ</strong></span> <span class='ocrx_word' id='word_1_142' title='bbox 3112 639 3188 705; x_wconf 75' lang='grc' dir='ltr'>ὡς</span> <span class='ocrx_word' id='word_1_143' title='bbox 3221 642 3317 694; x_wconf 76' lang='grc' dir='ltr'><strong>ὲάν</strong></span> <span class='ocrx_word' id='word_1_144' title='bbox 3346 643 3400 694; x_wconf 79' lang='grc' dir='ltr'><strong>εί</strong></span> <span class='ocrx_word' id='word_1_145' title='bbox 3423 660 3530 704; x_wconf 87' lang='grc' dir='ltr'>τις,</span> <span class='ocrx_word' id='word_1_146' title='bbox 3570 644 3697 711; x_wconf 72' lang='grc' dir='ltr'><strong>ίμα⁴</strong></span> 
     </span>
    </p>
   </div>
   <div class='ocr_carea' id='block_1_23' title="bbox 2102 731 3696 805">
    <p class='ocr_par' dir='ltr' id='par_1_23' title="bbox 2102 731 3696 805">
     <span class='ocr_line' id='line_1_23' title="bbox 2102 731 3696 805; baseline 0.001 -19"><span class='ocrx_word' id='word_1_147' title='bbox 2102 734 2216 787; x_wconf 86' lang='grc' dir='ltr'>τίου</span> <span class='ocrx_word' id='word_1_148' title='bbox 2253 734 2398 805; x_wconf 79' lang='grc' dir='ltr'>χειρὶ</span> <span class='ocrx_word' id='word_1_149' title='bbox 2424 731 2825 802; x_wconf 85' lang='grc' dir='ltr'>διακατασχὼν,</span> <span class='ocrx_word' id='word_1_150' title='bbox 2862 732 2960 786; x_wconf 78' lang='grc' dir='ltr'><strong>καὶ</strong></span> <span class='ocrx_word' id='word_1_151' title='bbox 2988 732 3094 796; x_wconf 74' lang='grc' dir='ltr'>ἓως</span> <span class='ocrx_word' id='word_1_152' title='bbox 3128 735 3286 802; x_wconf 84' lang='grc' dir='ltr'>μόνον</span> <span class='ocrx_word' id='word_1_153' title='bbox 3307 735 3559 801; x_wconf 78' lang='grc' dir='ltr'>ἀγκῶνος</span> <span class='ocrx_word' id='word_1_154' title='bbox 3586 737 3696 788; x_wconf 66' lang='grc' dir='ltr'><strong>ἀπὸ</strong></span> 
     </span>
    </p>
   </div>
   <div class='ocr_carea' id='block_1_24' title="bbox 2103 817 3689 893">
    <p class='ocr_par' dir='ltr' id='par_1_24' title="bbox 2103 817 3689 893">
     <span class='ocr_line' id='line_1_24' title="bbox 2103 817 3689 893; baseline 0.001 -18"><span class='ocrx_word' id='word_1_155' title='bbox 2103 817 2316 893; x_wconf 78' lang='grc' dir='ltr'>καρποῦ</span> <span class='ocrx_word' id='word_1_156' title='bbox 2372 821 2554 891; x_wconf 71' lang='grc' dir='ltr'>χειρὸς</span> <span class='ocrx_word' id='word_1_157' title='bbox 2607 822 2704 874; x_wconf 81' lang='grc' dir='ltr'><strong>τοὺ</strong></span> <span class='ocrx_word' id='word_1_158' title='bbox 2753 822 3092 892; x_wconf 79' lang='grc' dir='ltr'><strong>καλουμένου</strong></span> <span class='ocrx_word' id='word_1_159' title='bbox 3149 823 3415 886; x_wconf 76' lang='grc' dir='ltr'><strong>σκεπάζει</strong></span> <span class='ocrx_word' id='word_1_160' title='bbox 3464 824 3689 888; x_wconf 71' lang='grc' dir='ltr'>ἑαυτὸν,</span> 
     </span>
    </p>
   </div>
   <div class='ocr_carea' id='block_1_25' title="bbox 2103 913 3692 987">
    <p class='ocr_par' dir='ltr' id='par_1_25' title="bbox 2103 913 3692 987">
     <span class='ocr_line' id='line_1_25' title="bbox 2103 913 3692 987; baseline 0.001 -22"><span class='ocrx_word' id='word_1_161' title='bbox 2103 914 2400 984; x_wconf 81' lang='grc' dir='ltr'><strong>προσφέρει</strong></span> <span class='ocrx_word' id='word_1_162' title='bbox 2420 913 2478 966; x_wconf 80' lang='grc' dir='ltr'><strong>δὲ</strong></span> <span class='ocrx_word' id='word_1_163' title='bbox 2507 913 2616 984; x_wconf 82' lang='grc' dir='ltr'><strong>πρὸ</strong></span> <span class='ocrx_word' id='word_1_164' title='bbox 2645 913 2941 984; x_wconf 73' lang='grc' dir='ltr'><strong>ὀφθαλμῶν</strong></span> <span class='ocrx_word' id='word_1_165' title='bbox 2979 915 3100 967; x_wconf 86' lang='grc' dir='ltr'>καθ’</span> <span class='ocrx_word' id='word_1_166' title='bbox 3135 916 3375 985; x_wconf 73' lang='grc' dir='ltr'>ἑκάστην</span> <span class='ocrx_word' id='word_1_167' title='bbox 3417 915 3567 986; x_wconf 79' lang='grc' dir='ltr'>ὥραν</span> <span class='ocrx_word' id='word_1_168' title='bbox 3591 919 3692 987; x_wconf 69' lang='grc' dir='ltr'>τὴν</span> 
     </span>
    </p>
   </div>
   <div class='ocr_carea' id='block_1_26' title="bbox 2102 1004 3690 1075">
    <p class='ocr_par' dir='ltr' id='par_1_26' title="bbox 2102 1004 3690 1075">
     <span class='ocr_line' id='line_1_26' title="bbox 2102 1004 3690 1075; baseline 0.002 -20"><span class='ocrx_word' id='word_1_169' title='bbox 2102 1004 2334 1075; x_wconf 86' lang='grc' dir='ltr'>χειρίδα,</span> <span class='ocrx_word' id='word_1_170' title='bbox 2364 1004 2460 1058; x_wconf 66' lang='grc' dir='ltr'>καὶ</span> <span class='ocrx_word' id='word_1_171' title='bbox 2483 1005 2814 1068; x_wconf 76' lang='grc' dir='ltr'>ὲπιτωθάζει</span> <span class='ocrx_word' id='word_1_172' title='bbox 2846 1008 2954 1067; x_wconf 64' lang='lat' dir='ltr'><strong>rei;</strong></span> <span class='ocrx_word' id='word_1_173' title='bbox 2987 1005 3195 1068; x_wconf 75' lang='grc' dir='ltr'>ἄλλοις,</span> <span class='ocrx_word' id='word_1_174' title='bbox 3237 1005 3578 1075; x_wconf 79' lang='grc' dir='ltr'>ὲπιλησθεὶς,</span> <span class='ocrx_word' id='word_1_175' title='bbox 3606 1009 3690 1058; x_wconf 81' lang='grc' dir='ltr'>ὅτι</span> 
     </span>
    </p>
   </div>
   <div class='ocr_carea' id='block_1_27' title="bbox 2100 1092 3688 1166">
    <p class='ocr_par' dir='ltr' id='par_1_27' title="bbox 2100 1092 3688 1166">
     <span class='ocr_line' id='line_1_27' title="bbox 2100 1092 3688 1166; baseline 0.001 -18"><span class='ocrx_word' id='word_1_176' title='bbox 2100 1095 2220 1148; x_wconf 80' lang='grc' dir='ltr'>ὅλον</span> <span class='ocrx_word' id='word_1_177' title='bbox 2267 1095 2329 1148; x_wconf 82' lang='grc' dir='ltr'><strong>τὸ</strong></span> <span class='ocrx_word' id='word_1_178' title='bbox 2373 1095 2532 1166; x_wconf 85' lang='grc' dir='ltr'>σῶμα</span> <span class='ocrx_word' id='word_1_179' title='bbox 2577 1094 2742 1149; x_wconf 76' lang='grc' dir='ltr'>αὑτοῦ</span> <span class='ocrx_word' id='word_1_180' title='bbox 2788 1097 3155 1166; x_wconf 80' lang='grc' dir='ltr'>γυμνητεὺει”</span> <span class='ocrx_word' id='word_1_181' title='bbox 3184 1095 3326 1149; x_wconf 73' lang='grc' dir='ltr'>οὕτω</span> <span class='ocrx_word' id='word_1_182' title='bbox 3373 1098 3469 1148; x_wconf 70' lang='grc' dir='ltr'><strong>καὶ</strong></span> <span class='ocrx_word' id='word_1_183' title='bbox 3519 1092 3688 1162; x_wconf 79' lang='grc' dir='ltr'>οὑτοι,</span> 
     </span>
    </p>
   </div>
   <div class='ocr_carea' id='block_1_28' title="bbox 2102 1187 3686 1258">
    <p class='ocr_par' dir='ltr' id='par_1_28' title="bbox 2102 1187 3686 1258">
     <span class='ocr_line' id='line_1_28' title="bbox 2102 1187 3686 1258; baseline 0 -20"><span class='ocrx_word' id='word_1_184' title='bbox 2102 1187 2489 1257; x_wconf 73' lang='grc' dir='ltr'>σεμνυνόμενοι</span> <span class='ocrx_word' id='word_1_185' title='bbox 2523 1187 2601 1257; x_wconf 81' lang='grc' dir='ltr'>μὴ</span> <span class='ocrx_word' id='word_1_186' title='bbox 2640 1187 2894 1258; x_wconf 78' lang='grc' dir='ltr'>δέχεσθαι</span> <span class='ocrx_word' id='word_1_187' title='bbox 2931 1187 3216 1256; x_wconf 83' lang='grc' dir='ltr'>διγάμους,</span> <span class='ocrx_word' id='word_1_188' title='bbox 3239 1187 3337 1250; x_wconf 90' lang='grc' dir='ltr'><strong>τάς</strong></span> <span class='ocrx_word' id='word_1_189' title='bbox 3381 1189 3566 1251; x_wconf 84' lang='grc' dir='ltr'>πάσας</span> <span class='ocrx_word' id='word_1_190' title='bbox 3602 1192 3686 1241; x_wconf 77' lang='grc' dir='ltr'><strong>ὲν-</strong></span> 
     </span>
    </p>
   </div>
   <div class='ocr_carea' id='block_1_29' title="bbox 2098 1277 3688 1352">
    <p class='ocr_par' dir='ltr' id='par_1_29' title="bbox 2098 1277 3688 1352">
     <span class='ocr_line' id='line_1_29' title="bbox 2098 1277 3688 1352; baseline 0.003 -23"><span class='ocrx_word' id='word_1_191' title='bbox 2098 1277 2256 1341; x_wconf 81' lang='grc' dir='ltr'>τολάς</span> <span class='ocrx_word' id='word_1_192' title='bbox 2301 1279 2398 1340; x_wconf 85' lang='grc' dir='ltr'><strong>τάς</strong></span> <span class='ocrx_word' id='word_1_193' title='bbox 2439 1279 2630 1348; x_wconf 78' lang='grc' dir='ltr'><strong>ὁμοίας</strong></span> <span class='ocrx_word' id='word_1_194' title='bbox 2663 1278 2893 1350; x_wconf 79' lang='grc' dir='ltr'><strong>ταύτης,</strong></span> <span class='ocrx_word' id='word_1_195' title='bbox 2941 1281 3036 1332; x_wconf 75' lang='grc' dir='ltr'>καὶ</span> <span class='ocrx_word' id='word_1_196' title='bbox 3087 1280 3167 1332; x_wconf 74' lang='grc' dir='ltr'>ἔτι</span> <span class='ocrx_word' id='word_1_197' title='bbox 3221 1280 3339 1350; x_wconf 80' lang='grc' dir='ltr'>μεθ’</span> <span class='ocrx_word' id='word_1_198' title='bbox 3380 1281 3688 1352; x_wconf 74' lang='grc' dir='ltr'>ὑπερϐολῆς</span> 
     </span>
    </p>
   </div>
   <div class='ocr_carea' id='block_1_30' title="bbox 2098 1370 3686 1442">
    <p class='ocr_par' dir='ltr' id='par_1_30' title="bbox 2098 1370 3686 1442">
     <span class='ocr_line' id='line_1_30' title="bbox 2098 1370 3686 1442; baseline 0 -20"><span class='ocrx_word' id='word_1_199' title='bbox 2098 1370 2383 1434; x_wconf 85' lang='grc' dir='ltr'>καλλίονας</span> <span class='ocrx_word' id='word_1_200' title='bbox 2419 1372 2514 1424; x_wconf 74' lang='grc' dir='ltr'>καὶ</span> <span class='ocrx_word' id='word_1_201' title='bbox 2540 1371 3058 1442; x_wconf 75' lang='grc' dir='ltr'>ὲπιθανατίους,τὴν</span> <span class='ocrx_word' id='word_1_202' title='bbox 3097 1372 3224 1440; x_wconf 89' lang='grc' dir='ltr'>μίαν</span> <span class='ocrx_word' id='word_1_203' title='bbox 3255 1371 3686 1442; x_wconf 71' lang='grc' dir='ltr'><strong>ἀπαγορεύουσι,</strong></span> 
     </span>
    </p>
   </div>
   <div class='ocr_carea' id='block_1_31' title="bbox 2095 1461 3686 1532">
    <p class='ocr_par' dir='ltr' id='par_1_31' title="bbox 2095 1461 3686 1532">
     <span class='ocr_line' id='line_1_31' title="bbox 2095 1461 3686 1532; baseline -0.001 -18"><span class='ocrx_word' id='word_1_204' title='bbox 2095 1461 2195 1526; x_wconf 82' lang='grc' dir='ltr'><strong>τάς</strong></span> <span class='ocrx_word' id='word_1_205' title='bbox 2221 1463 2277 1515; x_wconf 85' lang='grc' dir='ltr'>δὲ</span> <span class='ocrx_word' id='word_1_206' title='bbox 2319 1462 2486 1526; x_wconf 73' lang='grc' dir='ltr'>ἄλλας</span> <span class='ocrx_word' id='word_1_207' title='bbox 2519 1462 2962 1516; x_wconf 81' lang='grc' dir='ltr'>καταλελοίπασι.</span> <span class='ocrx_word' id='word_1_208' title='bbox 3007 1463 3118 1515; x_wconf 76' lang='grc' dir='ltr'><strong>Καὶ</strong></span> <span class='ocrx_word' id='word_1_209' title='bbox 3157 1462 3542 1532; x_wconf 72' lang='grc' dir='ltr'>ἐπιλαθόμενοι</span> <span class='ocrx_word' id='word_1_210' title='bbox 3566 1464 3686 1516; x_wconf 77' lang='grc' dir='ltr'>ὅλον</span> 
     </span>
    </p>
   </div>
   <div class='ocr_carea' id='block_1_32' title="bbox 2100 1551 3686 1624">
    <p class='ocr_par' dir='ltr' id='par_1_32' title="bbox 2100 1551 3686 1624">
     <span class='ocr_line' id='line_1_32' title="bbox 2100 1551 3686 1624; baseline 0.003 -19"><span class='ocrx_word' id='word_1_211' title='bbox 2100 1551 2199 1622; x_wconf 76' lang='grc' dir='ltr'>μὲν</span> <span class='ocrx_word' id='word_1_212' title='bbox 2217 1554 2278 1606; x_wconf 85' lang='grc' dir='ltr'>τὸ</span> <span class='ocrx_word' id='word_1_213' title='bbox 2305 1553 2464 1624; x_wconf 82' lang='grc' dir='ltr'>σῶμα</span> <span class='ocrx_word' id='word_1_214' title='bbox 2493 1551 2951 1624; x_wconf 80' lang='grc' dir='ltr'>γυμνητεύουσιν,</span> <span class='ocrx_word' id='word_1_215' title='bbox 2976 1554 3086 1607; x_wconf 84' lang='grc' dir='ltr'><strong>ἀπὸ</strong></span> <span class='ocrx_word' id='word_1_216' title='bbox 3115 1555 3249 1608; x_wconf 82' lang='grc' dir='ltr'>ὅλων</span> <span class='ocrx_word' id='word_1_217' title='bbox 3278 1555 3387 1606; x_wconf 84' lang='grc' dir='ltr'><strong>τῶν</strong></span> <span class='ocrx_word' id='word_1_218' title='bbox 3416 1557 3686 1624; x_wconf 74' lang='grc' dir='ltr'>ὲνταλμάο</span> 
     </span>
    </p>
   </div>
   <div class='ocr_carea' id='block_1_33' title="bbox 2098 1646 3684 1718">
    <p class='ocr_par' dir='ltr' id='par_1_33' title="bbox 2098 1646 3684 1718">
     <span class='ocr_line' id='line_1_33' title="bbox 2098 1646 3684 1718; baseline -0.001 -19"><span class='ocrx_word' id='word_1_219' title='bbox 2098 1664 2205 1701; x_wconf 89' lang='grc' dir='ltr'><strong>των</strong></span> <span class='ocrx_word' id='word_1_220' title='bbox 2237 1649 2602 1717; x_wconf 78' lang='grc' dir='ltr'>ἀργήσαντες,</span> <span class='ocrx_word' id='word_1_221' title='bbox 2654 1647 2748 1699; x_wconf 77' lang='grc' dir='ltr'><strong>καὶ</strong></span> <span class='ocrx_word' id='word_1_222' title='bbox 2787 1646 2887 1718; x_wconf 81' lang='grc' dir='ltr'><strong>τὴν</strong></span> <span class='ocrx_word' id='word_1_223' title='bbox 2923 1646 3053 1717; x_wconf 86' lang='grc' dir='ltr'>μίαν</span> <span class='ocrx_word' id='word_1_224' title='bbox 3101 1646 3321 1718; x_wconf 70' lang='grc' dir='ltr'>ἐντολὴν</span> <span class='ocrx_word' id='word_1_225' title='bbox 3372 1649 3472 1716; x_wconf 83' lang='grc' dir='ltr'>οὑχ</span> <span class='ocrx_word' id='word_1_226' title='bbox 3504 1647 3684 1716; x_wconf 79' lang='grc' dir='ltr'>ἁγνῶς</span> 
     </span>
    </p>
   </div>
   <div class='ocr_carea' id='block_1_34' title="bbox 415 1731 1989 1809">
    <p class='ocr_par' dir='ltr' id='par_1_34' title="bbox 415 1737 1989 1809">
     <span class='ocr_line' id='line_1_34' title="bbox 415 1737 1989 1809; baseline -0.003 -15"><span class='ocrx_word' id='word_1_227' title='bbox 415 1750 529 1806; x_wconf 86' lang='lat' dir='ltr'><strong>tur,</strong></span> <span class='ocrx_word' id='word_1_228' title='bbox 576 1747 958 1805; x_wconf 89' lang='lat' dir='ltr'><strong>contemnunt,</strong></span> <span class='ocrx_word' id='word_1_229' title='bbox 1001 1750 1056 1794; x_wconf 86' lang='lat' dir='ltr'><strong>et</strong></span> <span class='ocrx_word' id='word_1_230' title='bbox 1091 1739 1380 1809; x_wconf 75' lang='lat' dir='ltr'><strong>objiciunt,</strong></span> <span class='ocrx_word' id='word_1_231' title='bbox 1439 1746 1490 1793; x_wconf 90' lang='lat' dir='ltr'><strong>et</strong></span> <span class='ocrx_word' id='word_1_232' title='bbox 1541 1752 1651 1791; x_wconf 90' lang='lat' dir='ltr'><strong>uno</strong></span> <span class='ocrx_word' id='word_1_233' title='bbox 1693 1737 1786 1791; x_wconf 91' lang='lat' dir='ltr'><strong>illo</strong></span> <span class='ocrx_word' id='word_1_234' title='bbox 1825 1738 1989 1791; x_wconf 89' lang='lat' dir='ltr'><strong>inter-</strong></span> 
     </span>
    </p>
   </div>
   <div class='ocr_carea' id='block_1_35' title="bbox 2093 1731 2484 1809">
    <p class='ocr_par' dir='ltr' id='par_1_35' title="bbox 2095 1739 2484 1809">
     <span class='ocr_line' id='line_1_35' title="bbox 2095 1739 2484 1809; baseline 0 -17"><span class='ocrx_word' id='word_1_235' title='bbox 2095 1739 2484 1809; x_wconf 80' lang='grc' dir='ltr'><strong>κατασχόντες.</strong></span> 
     </span>
    </p>
   </div>
   <div class='ocr_carea' id='block_1_36' title="bbox 414 1832 3680 1908">
    <p class='ocr_par' dir='ltr' id='par_1_36' title="bbox 414 1832 3680 1908">
     <span class='ocr_line' id='line_1_36' title="bbox 414 1832 3680 1908; baseline 0 -18"><span class='ocrx_word' id='word_1_236' title='bbox 414 1834 563 1892; x_wconf 88' lang='lat' dir='ltr'><strong>dicto</strong></span> <span class='ocrx_word' id='word_1_237' title='bbox 591 1835 835 1890; x_wconf 86' lang='lat' dir='ltr'><strong>contenti</strong></span> <span class='ocrx_word' id='word_1_238' title='bbox 863 1843 1061 1891; x_wconf 66' lang='lat' dir='ltr'><strong>caetera</strong></span> <span class='ocrx_word' id='word_1_239' title='bbox 1094 1835 1395 1905; x_wconf 88' lang='lat' dir='ltr'><strong>negligunt.</strong></span> <span class='ocrx_word' id='word_1_240' title='bbox 1424 1832 1606 1898; x_wconf 82' lang='lat' dir='ltr'><strong>Quare</strong></span> <span class='ocrx_word' id='word_1_241' title='bbox 1629 1832 1710 1888; x_wconf 88' lang='lat' dir='ltr'><strong>sic</strong></span> <span class='ocrx_word' id='word_1_242' title='bbox 1735 1841 1995 1902; x_wconf 86' lang='lat' dir='ltr'><strong>tanquam</strong></span> <span class='ocrx_word' id='word_1_243' title='bbox 2033 1835 2187 1889; x_wconf 84' lang='lat' dir='ltr'><strong>obliti</strong></span> <span class='ocrx_word' id='word_1_244' title='bbox 2211 1836 2346 1900; x_wconf 87' lang='lat' dir='ltr'><strong>sint,</strong></span> <span class='ocrx_word' id='word_1_245' title='bbox 2373 1843 2488 1892; x_wconf 89' lang='lat' dir='ltr'><strong>toto</strong></span> <span class='ocrx_word' id='word_1_246' title='bbox 2515 1851 2748 1908; x_wconf 88' lang='lat' dir='ltr'><strong>corpore</strong></span> <span class='ocrx_word' id='word_1_247' title='bbox 2768 1836 2904 1892; x_wconf 84' lang='lat' dir='ltr'><strong>nudi</strong></span> <span class='ocrx_word' id='word_1_248' title='bbox 2935 1844 3086 1904; x_wconf 85' lang='lat' dir='ltr'><strong>sunt,</strong></span> <span class='ocrx_word' id='word_1_249' title='bbox 3145 1836 3274 1892; x_wconf 89' lang='lat' dir='ltr'><strong>dum</strong></span> <span class='ocrx_word' id='word_1_250' title='bbox 3299 1845 3354 1892; x_wconf 89' lang='lat' dir='ltr'><strong>et</strong></span> <span class='ocrx_word' id='word_1_251' title='bbox 3420 1837 3680 1891; x_wconf 76' lang='lat' dir='ltr'><strong>universa</strong></span> 
     </span>
    </p>
   </div>
   <div class='ocr_carea' id='block_1_37' title="bbox 413 1923 2729 1997">
    <p class='ocr_par' dir='ltr' id='par_1_37' title="bbox 413 1923 2729 1997">
     <span class='ocr_line' id='line_1_37' title="bbox 413 1923 2729 1997; baseline 0.003 -17"><span class='ocrx_word' id='word_1_252' title='bbox 413 1925 510 1983; x_wconf 83' lang='lat' dir='ltr'><strong>Dei</strong></span> <span class='ocrx_word' id='word_1_253' title='bbox 556 1934 830 1997; x_wconf 58' lang='lat' dir='ltr'><strong>praecepta</strong></span> <span class='ocrx_word' id='word_1_254' title='bbox 886 1927 1229 1997; x_wconf 87' lang='lat' dir='ltr'><strong>relinquunt,</strong></span> <span class='ocrx_word' id='word_1_255' title='bbox 1264 1940 1440 1995; x_wconf 86' lang='lat' dir='ltr'><strong>neque</strong></span> <span class='ocrx_word' id='word_1_256' title='bbox 1476 1938 1643 1978; x_wconf 90' lang='lat' dir='ltr'><strong>unum</strong></span> <span class='ocrx_word' id='word_1_257' title='bbox 1677 1923 1808 1977; x_wconf 89' lang='lat' dir='ltr'><strong>illud</strong></span> <span class='ocrx_word' id='word_1_258' title='bbox 1845 1933 1998 1979; x_wconf 84' lang='lat' dir='ltr'><strong>caste</strong></span> <span class='ocrx_word' id='word_1_259' title='bbox 2035 1941 2098 1981; x_wconf 90' lang='lat' dir='ltr'><strong>ac</strong></span> <span class='ocrx_word' id='word_1_260' title='bbox 2133 1927 2348 1984; x_wconf 85' lang='lat' dir='ltr'><strong>sincere</strong></span> <span class='ocrx_word' id='word_1_261' title='bbox 2384 1931 2729 1987; x_wconf 81' lang='lat' dir='ltr'><strong>custodiunt.</strong></span> 
     </span>
    </p>
   </div>
   <div class='ocr_carea' id='block_1_38' title="bbox 482 2015 1989 2074">
    <p class='ocr_par' dir='ltr' id='par_1_38' title="bbox 482 2015 1989 2074">
     <span class='ocr_line' id='line_1_38' title="bbox 482 2015 1989 2074; baseline -0.001 -2"><span class='ocrx_word' id='word_1_262' title='bbox 482 2016 595 2072; x_wconf 80' lang='lat' dir='ltr'><strong>XII.</strong></span> <span class='ocrx_word' id='word_1_263' title='bbox 637 2017 682 2074; x_wconf 92' lang='grc' dir='ltr'>Ο</span> <span class='ocrx_word' id='word_1_264' title='bbox 728 2017 1105 2073; x_wconf 85' lang='lat' dir='ltr'><strong>admirandam</strong></span> <span class='ocrx_word' id='word_1_265' title='bbox 1152 2017 1436 2072; x_wconf 84' lang='lat' dir='ltr'><strong>hominum</strong></span> <span class='ocrx_word' id='word_1_266' title='bbox 1490 2016 1795 2072; x_wconf 74' lang='lat' dir='ltr'><strong>insaniam!</strong></span> <span class='ocrx_word' id='word_1_267' title='bbox 1846 2015 1989 2071; x_wconf 78' lang='lat' dir='ltr'><strong>Sane</strong></span> 
     </span>
    </p>
   </div>
   <div class='ocr_carea' id='block_1_39' title="bbox 411 2108 1982 2181">
    <p class='ocr_par' dir='ltr' id='par_1_39' title="bbox 411 2108 1982 2181">
     <span class='ocr_line' id='line_1_39' title="bbox 411 2108 1982 2181; baseline -0.001 -17"><span class='ocrx_word' id='word_1_268' title='bbox 411 2109 670 2181; x_wconf 64' lang='lat' dir='ltr'><strong>qualibet</strong></span> <span class='ocrx_word' id='word_1_269' title='bbox 697 2108 940 2175; x_wconf 88' lang='lat' dir='ltr'><strong>occasio,</strong></span> <span class='ocrx_word' id='word_1_270' title='bbox 972 2116 1238 2180; x_wconf 89' lang='lat' dir='ltr'><strong>quantum</strong></span> <span class='ocrx_word' id='word_1_271' title='bbox 1251 2109 1326 2163; x_wconf 82' lang='lat' dir='ltr'><strong>vis</strong></span> <span class='ocrx_word' id='word_1_272' title='bbox 1373 2108 1591 2180; x_wconf 77' lang='lat' dir='ltr'><strong>exigua,</strong></span> <span class='ocrx_word' id='word_1_273' title='bbox 1624 2122 1982 2179; x_wconf 80' lang='lat' dir='ltr'><strong>unamquam-</strong></span> 
     </span>
    </p>
   </div>
   <div class='ocr_carea' id='block_1_40' title="bbox 410 2199 1988 2271">
    <p class='ocr_par' dir='ltr' id='par_1_40' title="bbox 410 2199 1988 2271">
     <span class='ocr_line' id='line_1_40' title="bbox 410 2199 1988 2271; baseline -0.001 -15"><span class='ocrx_word' id='word_1_274' title='bbox 410 2217 518 2271; x_wconf 90' lang='lat' dir='ltr'><strong>que</strong></span> <span class='ocrx_word' id='word_1_275' title='bbox 551 2200 804 2256; x_wconf 67' lang='lat' dir='ltr'><strong>liazresim</strong></span> <span class='ocrx_word' id='word_1_276' title='bbox 841 2215 872 2254; x_wconf 74' lang='grc' dir='ltr'>α</span> <span class='ocrx_word' id='word_1_277' title='bbox 908 2201 1134 2256; x_wconf 84' lang='lat' dir='ltr'><strong>veritate</strong></span> <span class='ocrx_word' id='word_1_278' title='bbox 1165 2199 1441 2265; x_wconf 81' lang='lat' dir='ltr'><strong>distraxit,</strong></span> <span class='ocrx_word' id='word_1_279' title='bbox 1475 2208 1640 2270; x_wconf 86' lang='lat' dir='ltr'><strong>atque</strong></span> <span class='ocrx_word' id='word_1_280' title='bbox 1672 2199 1740 2254; x_wconf 90' lang='lat' dir='ltr'><strong>ad</strong></span> <span class='ocrx_word' id='word_1_281' title='bbox 1775 2201 1988 2255; x_wconf 89' lang='lat' dir='ltr'><strong>inlinita</strong></span> 
     </span>
    </p>
   </div>
   <div class='ocr_carea' id='block_1_41' title="bbox 411 2291 1990 2363">
    <p class='ocr_par' dir='ltr' id='par_1_41' title="bbox 411 2291 1990 2363">
     <span class='ocr_line' id='line_1_41' title="bbox 411 2291 1990 2363; baseline -0.001 -16"><span class='ocrx_word' id='word_1_282' title='bbox 411 2293 556 2348; x_wconf 88' lang='lat' dir='ltr'><strong>mala</strong></span> <span class='ocrx_word' id='word_1_283' title='bbox 589 2291 863 2363; x_wconf 73' lang='lat' dir='ltr'><strong>perduxit.</strong></span> <span class='ocrx_word' id='word_1_284' title='bbox 899 2291 1374 2356; x_wconf 80' lang='lat' dir='ltr'><strong>Quemadmodum</strong></span> <span class='ocrx_word' id='word_1_285' title='bbox 1409 2292 1552 2346; x_wconf 90' lang='lat' dir='ltr'><strong>enim</strong></span> <span class='ocrx_word' id='word_1_286' title='bbox 1595 2292 1639 2346; x_wconf 89' lang='lat' dir='ltr'><strong>si</strong></span> <span class='ocrx_word' id='word_1_287' title='bbox 1669 2291 1795 2361; x_wconf 90' lang='lat' dir='ltr'><strong>quis</strong></span> <span class='ocrx_word' id='word_1_288' title='bbox 1823 2293 1990 2348; x_wconf 87' lang='lat' dir='ltr'><strong>inter-</strong></span> 
     </span>
    </p>
   </div>
   <div class='ocr_carea' id='block_1_42' title="bbox 409 2383 1990 2455">
    <p class='ocr_par' dir='ltr' id='par_1_42' title="bbox 409 2383 1990 2455">
     <span class='ocr_line' id='line_1_42' title="bbox 409 2383 1990 2455; baseline 0.002 -18"><span class='ocrx_word' id='word_1_289' title='bbox 409 2393 630 2455; x_wconf 86' lang='lat' dir='ltr'><strong>ruptam</strong></span> <span class='ocrx_word' id='word_1_290' title='bbox 658 2399 842 2454; x_wconf 90' lang='lat' dir='ltr'><strong>sepem</strong></span> <span class='ocrx_word' id='word_1_291' title='bbox 873 2383 940 2437; x_wconf 89' lang='lat' dir='ltr'><strong>ad</strong></span> <span class='ocrx_word' id='word_1_292' title='bbox 974 2384 1248 2453; x_wconf 86' lang='lat' dir='ltr'><strong>publicam</strong></span> <span class='ocrx_word' id='word_1_293' title='bbox 1275 2383 1416 2437; x_wconf 85' lang='lat' dir='ltr'><strong>viam</strong></span> <span class='ocrx_word' id='word_1_294' title='bbox 1451 2384 1740 2454; x_wconf 85' lang='lat' dir='ltr'><strong>repererit,</strong></span> <span class='ocrx_word' id='word_1_295' title='bbox 1770 2392 1825 2438; x_wconf 92' lang='lat' dir='ltr'><strong>et</strong></span> <span class='ocrx_word' id='word_1_296' title='bbox 1864 2385 1990 2440; x_wconf 87' lang='lat' dir='ltr'><strong>illac</strong></span> 
     </span>
    </p>
   </div>
   <div class='ocr_carea' id='block_1_43' title="bbox 411 2474 1991 2544">
    <p class='ocr_par' dir='ltr' id='par_1_43' title="bbox 411 2474 1991 2544">
     <span class='ocr_line' id='line_1_43' title="bbox 411 2474 1991 2544; baseline 0.001 -14"><span class='ocrx_word' id='word_1_297' title='bbox 411 2477 517 2530; x_wconf 73' lang='lat' dir='ltr'><strong>iter</strong></span> <span class='ocrx_word' id='word_1_298' title='bbox 547 2491 671 2532; x_wconf 87' lang='lat' dir='ltr'><strong>esse</strong></span> <span class='ocrx_word' id='word_1_299' title='bbox 721 2476 825 2530; x_wconf 87' lang='lat' dir='ltr'><strong>sibi</strong></span> <span class='ocrx_word' id='word_1_300' title='bbox 877 2474 1130 2542; x_wconf 89' lang='lat' dir='ltr'><strong>credens,</strong></span> <span class='ocrx_word' id='word_1_301' title='bbox 1161 2475 1355 2530; x_wconf 79' lang='lat' dir='ltr'><strong>reliCta</strong></span> <span class='ocrx_word' id='word_1_302' title='bbox 1383 2474 1470 2529; x_wconf 84' lang='lat' dir='ltr'><strong>via</strong></span> <span class='ocrx_word' id='word_1_303' title='bbox 1507 2475 1792 2544; x_wconf 88' lang='lat' dir='ltr'><strong>paululum</strong></span> <span class='ocrx_word' id='word_1_304' title='bbox 1823 2476 1991 2532; x_wconf 76' lang='lat' dir='ltr'><strong>delle-</strong></span> 
     </span>
    </p>
   </div>
   <div class='ocr_carea' id='block_1_44' title="bbox 410 2566 1986 2636">
    <p class='ocr_par' dir='ltr' id='par_1_44' title="bbox 410 2566 1986 2636">
     <span class='ocr_line' id='line_1_44' title="bbox 410 2566 1986 2636; baseline 0.001 -17"><span class='ocrx_word' id='word_1_305' title='bbox 410 2566 577 2630; x_wconf 75' lang='lat' dir='ltr'><strong>xerit,</strong></span> <span class='ocrx_word' id='word_1_306' title='bbox 614 2573 768 2621; x_wconf 88' lang='lat' dir='ltr'><strong>ratus</strong></span> <span class='ocrx_word' id='word_1_307' title='bbox 810 2567 1184 2636; x_wconf 89' lang='lat' dir='ltr'><strong>propinquum</strong></span> <span class='ocrx_word' id='word_1_308' title='bbox 1233 2580 1357 2620; x_wconf 89' lang='lat' dir='ltr'><strong>esse</strong></span> <span class='ocrx_word' id='word_1_309' title='bbox 1407 2566 1637 2628; x_wconf 79' lang='lat' dir='ltr'><strong>exitum,</strong></span> <span class='ocrx_word' id='word_1_310' title='bbox 1676 2580 1773 2635; x_wconf 92' lang='lat' dir='ltr'><strong>per</strong></span> <span class='ocrx_word' id='word_1_311' title='bbox 1825 2582 1986 2636; x_wconf 87' lang='lat' dir='ltr'><strong>quem</strong></span> 
     </span>
    </p>
   </div>
   <div class='ocr_carea' id='block_1_45' title="bbox 409 2655 1990 2727">
    <p class='ocr_par' dir='ltr' id='par_1_45' title="bbox 409 2655 1990 2727">
     <span class='ocr_line' id='line_1_45' title="bbox 409 2655 1990 2727; baseline -0.001 -15"><span class='ocrx_word' id='word_1_312' title='bbox 409 2655 593 2714; x_wconf 88' lang='lat' dir='ltr'><strong>redire</strong></span> <span class='ocrx_word' id='word_1_313' title='bbox 626 2657 684 2712; x_wconf 90' lang='lat' dir='ltr'><strong>in</strong></span> <span class='ocrx_word' id='word_1_314' title='bbox 710 2657 854 2712; x_wconf 86' lang='lat' dir='ltr'><strong>viam</strong></span> <span class='ocrx_word' id='word_1_315' title='bbox 890 2656 1091 2712; x_wconf 86' lang='lat' dir='ltr'><strong>iterum</strong></span> <span class='ocrx_word' id='word_1_316' title='bbox 1129 2657 1325 2727; x_wconf 82' lang='lat' dir='ltr'><strong>possit,</strong></span> <span class='ocrx_word' id='word_1_317' title='bbox 1359 2671 1462 2711; x_wconf 87' lang='lat' dir='ltr'><strong>nec</strong></span> <span class='ocrx_word' id='word_1_318' title='bbox 1515 2656 1648 2711; x_wconf 91' lang='lat' dir='ltr'><strong>illud</strong></span> <span class='ocrx_word' id='word_1_319' title='bbox 1681 2657 1886 2723; x_wconf 87' lang='lat' dir='ltr'><strong>sciens,</strong></span> <span class='ocrx_word' id='word_1_320' title='bbox 1916 2659 1990 2711; x_wconf 83' lang='lat' dir='ltr'><strong>al-</strong></span> 
     </span>
    </p>
   </div>
   <div class='ocr_carea' id='block_1_46' title="bbox 409 2750 1988 2820">
    <p class='ocr_par' dir='ltr' id='par_1_46' title="bbox 409 2750 1988 2820">
     <span class='ocr_line' id='line_1_46' title="bbox 409 2750 1988 2820; baseline 0 -16"><span class='ocrx_word' id='word_1_321' title='bbox 409 2751 683 2807; x_wconf 83' lang='lat' dir='ltr'><strong>tissimum</strong></span> <span class='ocrx_word' id='word_1_322' title='bbox 730 2751 844 2805; x_wconf 81' lang='lat' dir='ltr'><strong>illic</strong></span> <span class='ocrx_word' id='word_1_323' title='bbox 894 2765 1018 2807; x_wconf 86' lang='lat' dir='ltr'><strong>esse</strong></span> <span class='ocrx_word' id='word_1_324' title='bbox 1071 2765 1313 2816; x_wconf 84' lang='lat' dir='ltr'><strong>murum,</strong></span> <span class='ocrx_word' id='word_1_325' title='bbox 1349 2765 1413 2804; x_wconf 88' lang='lat' dir='ltr'><strong>ac</strong></span> <span class='ocrx_word' id='word_1_326' title='bbox 1460 2750 1786 2820; x_wconf 86' lang='lat' dir='ltr'><strong>longissimo</strong></span> <span class='ocrx_word' id='word_1_327' title='bbox 1809 2751 1988 2820; x_wconf 89' lang='lat' dir='ltr'><strong>spatio</strong></span> 
     </span>
    </p>
   </div>
   <div class='ocr_carea' id='block_1_47' title="bbox 410 2841 1991 2913">
    <p class='ocr_par' dir='ltr' id='par_1_47' title="bbox 410 2841 1991 2913">
     <span class='ocr_line' id='line_1_47' title="bbox 410 2841 1991 2913; baseline -0.001 -16"><span class='ocrx_word' id='word_1_328' title='bbox 410 2843 811 2913; x_wconf 87' lang='lat' dir='ltr'><strong>interceptum;</strong></span> <span class='ocrx_word' id='word_1_329' title='bbox 842 2851 1007 2912; x_wconf 84' lang='lat' dir='ltr'><strong>atque</strong></span> <span class='ocrx_word' id='word_1_330' title='bbox 1059 2844 1134 2896; x_wconf 89' lang='lat' dir='ltr'><strong>ita</strong></span> <span class='ocrx_word' id='word_1_331' title='bbox 1183 2841 1484 2905; x_wconf 82' lang='lat' dir='ltr'><strong>discurrat,</strong></span> <span class='ocrx_word' id='word_1_332' title='bbox 1526 2857 1626 2896; x_wconf 90' lang='lat' dir='ltr'><strong>nec</strong></span> <span class='ocrx_word' id='word_1_333' title='bbox 1677 2857 1785 2912; x_wconf 86' lang='lat' dir='ltr'><strong>qua</strong></span> <span class='ocrx_word' id='word_1_334' title='bbox 1815 2843 1991 2913; x_wconf 86' lang='lat' dir='ltr'><strong>possit</strong></span> 
     </span>
    </p>
   </div>
   <div class='ocr_carea' id='block_1_48' title="bbox 410 2933 1993 3004">
    <p class='ocr_par' dir='ltr' id='par_1_48' title="bbox 410 2933 1993 3004">
     <span class='ocr_line' id='line_1_48' title="bbox 410 2933 1993 3004; baseline -0.002 -15"><span class='ocrx_word' id='word_1_335' title='bbox 410 2933 597 3004; x_wconf 78' lang='lat' dir='ltr'><strong>egredi</strong></span> <span class='ocrx_word' id='word_1_336' title='bbox 633 2935 848 3004; x_wconf 88' lang='lat' dir='ltr'><strong>uspiam</strong></span> <span class='ocrx_word' id='word_1_337' title='bbox 882 2933 1156 3004; x_wconf 83' lang='lat' dir='ltr'><strong>reperiat;</strong></span> <span class='ocrx_word' id='word_1_338' title='bbox 1183 2948 1420 3004; x_wconf 86' lang='lat' dir='ltr'><strong>cumque</strong></span> <span class='ocrx_word' id='word_1_339' title='bbox 1455 2947 1568 2988; x_wconf 90' lang='lat' dir='ltr'><strong>uno</strong></span> <span class='ocrx_word' id='word_1_340' title='bbox 1599 2933 1842 2989; x_wconf 88' lang='lat' dir='ltr'><strong>alterove</strong></span> <span class='ocrx_word' id='word_1_341' title='bbox 1873 2935 1993 2987; x_wconf 60' lang='lat' dir='ltr'><strong>mil.</strong></span> 
     </span>
    </p>
   </div>
   <div class='ocr_carea' id='block_1_49' title="bbox 2167 2018 3682 2093">
    <p class='ocr_par' dir='ltr' id='par_1_49' title="bbox 2167 2018 3682 2093">
     <span class='ocr_line' id='line_1_49' title="bbox 2167 2018 3682 2093; baseline 0 -19"><span class='ocrx_word' id='word_1_342' title='bbox 2167 2021 2267 2074; x_wconf 82' lang='lat'><strong>18&#39;.</strong></span> <span class='ocrx_word' id='word_1_343' title='bbox 2302 2022 2412 2076; x_wconf 80' lang='lat' dir='ltr'><strong>Kal.</strong></span> <span class='ocrx_word' id='word_1_344' title='bbox 2438 2022 2484 2075; x_wconf 82' lang='grc' dir='ltr'><strong>ὣ</strong></span> <span class='ocrx_word' id='word_1_345' title='bbox 2508 2022 2608 2087; x_wconf 84' lang='grc' dir='ltr'>τῆς</span> <span class='ocrx_word' id='word_1_346' title='bbox 2638 2023 2838 2092; x_wconf 78' lang='grc' dir='ltr'>πολλῆς</span> <span class='ocrx_word' id='word_1_347' title='bbox 2867 2022 2974 2076; x_wconf 80' lang='grc' dir='ltr'>τῶν</span> <span class='ocrx_word' id='word_1_348' title='bbox 3011 2018 3313 2093; x_wconf 75' lang='grc' dir='ltr'>ἀνθρώπων</span> <span class='ocrx_word' id='word_1_349' title='bbox 3343 2037 3682 2092; x_wconf 72' lang='grc' dir='ltr'>ματαιοφρο-</span> 
     </span>
    </p>
   </div>
   <div class='ocr_carea' id='block_1_50' title="bbox 2098 2113 3682 2187">
    <p class='ocr_par' dir='ltr' id='par_1_50' title="bbox 2098 2113 3682 2187">
     <span class='ocr_line' id='line_1_50' title="bbox 2098 2113 3682 2187; baseline -0.002 -21"><span class='ocrx_word' id='word_1_350' title='bbox 2098 2113 2295 2181; x_wconf 71' lang='grc' dir='ltr'>σὺνηςι</span> <span class='ocrx_word' id='word_1_351' title='bbox 2332 2117 2487 2168; x_wconf 82' lang='grc' dir='ltr'>Πᾶσα</span> <span class='ocrx_word' id='word_1_352' title='bbox 2514 2115 2571 2168; x_wconf 79' lang='grc' dir='ltr'>δὲ</span> <span class='ocrx_word' id='word_1_353' title='bbox 2614 2115 2888 2187; x_wconf 81' lang='grc' dir='ltr'>πρόφασις</span> <span class='ocrx_word' id='word_1_354' title='bbox 2933 2113 3168 2184; x_wconf 70' lang='grc' dir='ltr'>ἑκάστην</span> <span class='ocrx_word' id='word_1_355' title='bbox 3200 2113 3451 2182; x_wconf 75' lang='grc' dir='ltr'>αἵρεσιν,</span> <span class='ocrx_word' id='word_1_356' title='bbox 3479 2113 3584 2165; x_wconf 74' lang='grc' dir='ltr'><strong>κάν</strong></span> <span class='ocrx_word' id='word_1_357' title='bbox 3621 2130 3682 2164; x_wconf 79' lang='grc' dir='ltr'><strong>τε</strong></span> 
     </span>
    </p>
   </div>
   <div class='ocr_carea' id='block_1_51' title="bbox 2102 2201 3680 2277">
    <p class='ocr_par' dir='ltr' id='par_1_51' title="bbox 2102 2201 3680 2277">
     <span class='ocr_line' id='line_1_51' title="bbox 2102 2201 3680 2277; baseline -0.001 -19"><span class='ocrx_word' id='word_1_358' title='bbox 2102 2205 2332 2277; x_wconf 80' lang='grc' dir='ltr'>βραχεῖά</span> <span class='ocrx_word' id='word_1_359' title='bbox 2355 2223 2438 2269; x_wconf 85' lang='grc' dir='ltr'><strong>τις</strong></span> <span class='ocrx_word' id='word_1_360' title='bbox 2466 2205 2730 2276; x_wconf 81' lang='grc' dir='ltr'><strong>ὑπῆρξεν,</strong></span> <span class='ocrx_word' id='word_1_361' title='bbox 2765 2204 2875 2258; x_wconf 83' lang='grc' dir='ltr'>ἀπὸ</span> <span class='ocrx_word' id='word_1_362' title='bbox 2897 2203 3001 2274; x_wconf 80' lang='grc' dir='ltr'>τῆς</span> <span class='ocrx_word' id='word_1_363' title='bbox 3026 2201 3286 2273; x_wconf 76' lang='grc' dir='ltr'>ἀληθείας</span> <span class='ocrx_word' id='word_1_364' title='bbox 3318 2204 3680 2273; x_wconf 82' lang='grc' dir='ltr'>παρείλκυσε,</span> 
     </span>
    </p>
   </div>
   <div class='ocr_carea' id='block_1_52' title="bbox 2099 2296 3683 2369">
    <p class='ocr_par' dir='ltr' id='par_1_52' title="bbox 2099 2296 3683 2369">
     <span class='ocr_line' id='line_1_52' title="bbox 2099 2296 3683 2369; baseline -0.002 -18"><span class='ocrx_word' id='word_1_365' title='bbox 2099 2299 2194 2352; x_wconf 77' lang='grc' dir='ltr'>καὶ</span> <span class='ocrx_word' id='word_1_366' title='bbox 2221 2300 2300 2362; x_wconf 80' lang='grc' dir='ltr'><strong>είς</strong></span> <span class='ocrx_word' id='word_1_367' title='bbox 2337 2297 2534 2369; x_wconf 80' lang='grc' dir='ltr'>πολλὴν</span> <span class='ocrx_word' id='word_1_368' title='bbox 2575 2299 2763 2351; x_wconf 82' lang='grc' dir='ltr'>κακῶν</span> <span class='ocrx_word' id='word_1_369' title='bbox 2793 2299 2813 2328; x_wconf 81' lang='grc'><em>³</em></span> <span class='ocrx_word' id='word_1_370' title='bbox 2842 2297 3180 2367; x_wconf 78' lang='grc' dir='ltr'>κατήγαγεν.</span> <span class='ocrx_word' id='word_1_371' title='bbox 3211 2296 3426 2367; x_wconf 83' lang='grc' dir='ltr'>Ὥσπερ</span> <span class='ocrx_word' id='word_1_372' title='bbox 3454 2297 3568 2368; x_wconf 86' lang='grc' dir='ltr'><strong>γάρ</strong></span> <span class='ocrx_word' id='word_1_373' title='bbox 3598 2312 3683 2358; x_wconf 87' lang='grc' dir='ltr'><strong>τις</strong></span> 
     </span>
    </p>
   </div>
   <div class='ocr_carea' id='block_1_53' title="bbox 2095 2386 3682 2462">
    <p class='ocr_par' dir='ltr' id='par_1_53' title="bbox 2095 2386 3682 2462">
     <span class='ocr_line' id='line_1_53' title="bbox 2095 2386 3682 2462; baseline -0.003 -20"><span class='ocrx_word' id='word_1_374' title='bbox 2095 2389 2399 2462; x_wconf 76' lang='grc' dir='ltr'>διασφαγὴν</span> <span class='ocrx_word' id='word_1_375' title='bbox 2439 2390 2615 2462; x_wconf 85' lang='grc' dir='ltr'>εὑρὼν</span> <span class='ocrx_word' id='word_1_376' title='bbox 2665 2391 2723 2441; x_wconf 78' lang='grc' dir='ltr'>ἐν</span> <span class='ocrx_word' id='word_1_377' title='bbox 2775 2387 3014 2459; x_wconf 83' lang='grc' dir='ltr'>φραγμῷ</span> <span class='ocrx_word' id='word_1_378' title='bbox 3054 2386 3208 2457; x_wconf 73' lang='grc' dir='ltr'>παρὰ</span> <span class='ocrx_word' id='word_1_379' title='bbox 3255 2386 3555 2456; x_wconf 67' lang='grc' dir='ltr'>λεωφόρῳ,</span> <span class='ocrx_word' id='word_1_380' title='bbox 3587 2388 3682 2440; x_wconf 77' lang='grc' dir='ltr'>καὶ</span> 
     </span>
    </p>
   </div>
   <div class='ocr_carea' id='block_1_54' title="bbox 2095 2477 3679 2551">
    <p class='ocr_par' dir='ltr' id='par_1_54' title="bbox 2095 2477 3679 2551">
     <span class='ocr_line' id='line_1_54' title="bbox 2095 2477 3679 2551; baseline -0.003 -19"><span class='ocrx_word' id='word_1_381' title='bbox 2095 2481 2322 2551; x_wconf 84' lang='grc' dir='ltr'>νομίσας</span> <span class='ocrx_word' id='word_1_382' title='bbox 2370 2479 2460 2533; x_wconf 77' lang='grc' dir='ltr'><strong>διὰ</strong></span> <span class='ocrx_word' id='word_1_383' title='bbox 2507 2479 2710 2551; x_wconf 79' lang='grc' dir='ltr'><strong>ταύτης</strong></span> <span class='ocrx_word' id='word_1_384' title='bbox 2759 2477 3033 2548; x_wconf 78' lang='grc' dir='ltr'>βαδίζειν,</span> <span class='ocrx_word' id='word_1_385' title='bbox 3076 2480 3172 2532; x_wconf 76' lang='grc' dir='ltr'>καὶ</span> <span class='ocrx_word' id='word_1_386' title='bbox 3214 2478 3536 2532; x_wconf 80' lang='grc' dir='ltr'>καταλιπὼν</span> <span class='ocrx_word' id='word_1_387' title='bbox 3585 2480 3679 2548; x_wconf 79' lang='grc' dir='ltr'>τὴν</span> 
     </span>
    </p>
   </div>
   <div class='ocr_carea' id='block_1_55' title="bbox 2094 2567 3680 2640">
    <p class='ocr_par' dir='ltr' id='par_1_55' title="bbox 2094 2567 3680 2640">
     <span class='ocr_line' id='line_1_55' title="bbox 2094 2567 3680 2640; baseline -0.001 -18"><span class='ocrx_word' id='word_1_388' title='bbox 2094 2569 2233 2633; x_wconf 76' lang='grc' dir='ltr'>ὁδὸν,</span> <span class='ocrx_word' id='word_1_389' title='bbox 2280 2569 2571 2640; x_wconf 79' lang='grc' dir='ltr'><strong>τρέπηται,</strong></span> <span class='ocrx_word' id='word_1_390' title='bbox 2605 2569 2829 2640; x_wconf 80' lang='grc' dir='ltr'><strong>νομίσας</strong></span> <span class='ocrx_word' id='word_1_391' title='bbox 2877 2567 3176 2636; x_wconf 79' lang='grc' dir='ltr'>ἐγγύτατον</span> <span class='ocrx_word' id='word_1_392' title='bbox 3205 2568 3366 2638; x_wconf 72' lang='grc' dir='ltr'>ἔχειν,</span> <span class='ocrx_word' id='word_1_393' title='bbox 3414 2569 3540 2622; x_wconf 80' lang='grc' dir='ltr'>ὅθεν</span> <span class='ocrx_word' id='word_1_394' title='bbox 3565 2569 3680 2621; x_wconf 85' lang='grc' dir='ltr'>δια-</span> 
     </span>
    </p>
   </div>
   <div class='ocr_carea' id='block_1_56' title="bbox 2094 2659 3678 2733">
    <p class='ocr_par' dir='ltr' id='par_1_56' title="bbox 2094 2659 3678 2733">
     <span class='ocr_line' id='line_1_56' title="bbox 2094 2659 3678 2733; baseline -0.001 -18"><span class='ocrx_word' id='word_1_395' title='bbox 2094 2662 2319 2733; x_wconf 78' lang='grc' dir='ltr'>κάμψας</span> <span class='ocrx_word' id='word_1_396' title='bbox 2346 2661 2505 2714; x_wconf 86' lang='grc' dir='ltr'>πάλιν</span> <span class='ocrx_word' id='word_1_397' title='bbox 2539 2661 2639 2730; x_wconf 70' lang='grc' dir='ltr'>τῆς</span> <span class='ocrx_word' id='word_1_398' title='bbox 2679 2659 2798 2713; x_wconf 80' lang='grc' dir='ltr'>ὁδοῦ</span> <span class='ocrx_word' id='word_1_399' title='bbox 2827 2659 3157 2725; x_wconf 69' lang='grc' dir='ltr'>ἐπιλάϐοιτο,</span> <span class='ocrx_word' id='word_1_400' title='bbox 3189 2660 3450 2730; x_wconf 70' lang='grc' dir='ltr'>ἀγνοήσει</span> <span class='ocrx_word' id='word_1_401' title='bbox 3479 2660 3561 2723; x_wconf 84' lang='grc' dir='ltr'>δὲ,</span> <span class='ocrx_word' id='word_1_402' title='bbox 3596 2663 3678 2714; x_wconf 82' lang='grc' dir='ltr'><strong>δτι</strong></span> 
     </span>
    </p>
   </div>
   <div class='ocr_carea' id='block_1_57' title="bbox 2090 2751 3676 2825">
    <p class='ocr_par' dir='ltr' id='par_1_57' title="bbox 2090 2751 3676 2825">
     <span class='ocr_line' id='line_1_57' title="bbox 2090 2751 3676 2825; baseline -0.002 -18"><span class='ocrx_word' id='word_1_403' title='bbox 2090 2756 2266 2825; x_wconf 79' lang='grc' dir='ltr'>τεῖχός</span> <span class='ocrx_word' id='word_1_404' title='bbox 2293 2756 2438 2807; x_wconf 81' lang='grc' dir='ltr'>ἐστιν</span> <span class='ocrx_word' id='word_1_405' title='bbox 2468 2753 2796 2824; x_wconf 83' lang='grc' dir='ltr'>ὑπέρτατον,</span> <span class='ocrx_word' id='word_1_406' title='bbox 2826 2754 2921 2806; x_wconf 81' lang='grc' dir='ltr'>καὶ</span> <span class='ocrx_word' id='word_1_407' title='bbox 2953 2751 3146 2823; x_wconf 81' lang='grc' dir='ltr'>μακρῷ</span> <span class='ocrx_word' id='word_1_408' title='bbox 3167 2752 3500 2824; x_wconf 76' lang='grc' dir='ltr'><strong>διαστήματι</strong></span> <span class='ocrx_word' id='word_1_409' title='bbox 3535 2755 3676 2823; x_wconf 80' lang='grc' dir='ltr'>ᾠκο-</span> 
     </span>
    </p>
   </div>
   <div class='ocr_carea' id='block_1_58' title="bbox 2091 2843 3676 2917">
    <p class='ocr_par' dir='ltr' id='par_1_58' title="bbox 2091 2843 3676 2917">
     <span class='ocr_line' id='line_1_58' title="bbox 2091 2843 3676 2917; baseline -0.003 -18"><span class='ocrx_word' id='word_1_410' title='bbox 2091 2846 2420 2917; x_wconf 82' lang='grc' dir='ltr'>δομημένον,</span> <span class='ocrx_word' id='word_1_411' title='bbox 2451 2845 2732 2915; x_wconf 84' lang='grc' dir='ltr'>ὲπιτρέχοι</span> <span class='ocrx_word' id='word_1_412' title='bbox 2769 2844 2826 2898; x_wconf 87' lang='grc' dir='ltr'>δὲ</span> <span class='ocrx_word' id='word_1_413' title='bbox 2869 2843 2948 2915; x_wconf 80' lang='grc' dir='ltr'>μὴ</span> <span class='ocrx_word' id='word_1_414' title='bbox 2975 2844 3244 2915; x_wconf 77' lang='grc' dir='ltr'>εὑρίσκων</span> <span class='ocrx_word' id='word_1_415' title='bbox 3268 2843 3356 2896; x_wconf 76' lang='grc' dir='ltr'>διὰ</span> <span class='ocrx_word' id='word_1_416' title='bbox 3383 2846 3546 2908; x_wconf 78' lang='grc' dir='ltr'>ποίας</span> <span class='ocrx_word' id='word_1_417' title='bbox 3579 2845 3676 2914; x_wconf 78' lang='grc' dir='ltr'>τὴν</span> 
     </span>
    </p>
   </div>
   <div class='ocr_carea' id='block_1_59' title="bbox 2092 2936 3674 3007">
    <p class='ocr_par' dir='ltr' id='par_1_59' title="bbox 2092 2936 3674 3007">
     <span class='ocr_line' id='line_1_59' title="bbox 2092 2936 3674 3007; baseline -0.001 -16"><span class='ocrx_word' id='word_1_418' title='bbox 2092 2938 2324 3005; x_wconf 79' lang='grc' dir='ltr'>διέξοδον</span> <span class='ocrx_word' id='word_1_419' title='bbox 2355 2938 2662 3007; x_wconf 78' lang='grc' dir='ltr'>ποιήσεται,</span> <span class='ocrx_word' id='word_1_420' title='bbox 2705 2937 2826 2990; x_wconf 76' lang='grc' dir='ltr'>ἀντὶ</span> <span class='ocrx_word' id='word_1_421' title='bbox 2865 2936 2984 3000; x_wconf 77' lang='grc' dir='ltr'>ἑνὸς</span> <span class='ocrx_word' id='word_1_422' title='bbox 3021 2936 3247 3007; x_wconf 81' lang='grc' dir='ltr'>σημείου</span> <span class='ocrx_word' id='word_1_423' title='bbox 3271 2977 3290 3001; x_wconf 87' lang='grc'><strong>,</strong></span> <span class='ocrx_word' id='word_1_424' title='bbox 3340 2939 3469 3007; x_wconf 73' lang='grc' dir='ltr'>ἦτοι</span> <span class='ocrx_word' id='word_1_425' title='bbox 3502 2937 3674 3007; x_wconf 78' lang='grc' dir='ltr'>μιλίου</span> 
     </span>
    </p>
   </div>
   <div class='ocr_carea' id='block_1_60' title="bbox 409 3023 1989 3118">
    <p class='ocr_par' dir='ltr' id='par_1_60' title="bbox 409 3023 1989 3097">
     <span class='ocr_line' id='line_1_60' title="bbox 409 3023 1989 3097; baseline -0.001 -17"><span class='ocrx_word' id='word_1_426' title='bbox 409 3026 532 3080; x_wconf 89' lang='lat' dir='ltr'><strong>liari</strong></span> <span class='ocrx_word' id='word_1_427' title='bbox 568 3040 896 3097; x_wconf 86' lang='lat' dir='ltr'><strong>progressus</strong></span> <span class='ocrx_word' id='word_1_428' title='bbox 922 3024 1112 3090; x_wconf 81' lang='lat' dir='ltr'><strong>fuerit,</strong></span> <span class='ocrx_word' id='word_1_429' title='bbox 1144 3025 1362 3096; x_wconf 78' lang='lat' dir='ltr'><strong>longius</strong></span> <span class='ocrx_word' id='word_1_430' title='bbox 1388 3023 1648 3093; x_wconf 87' lang='lat' dir='ltr'><strong>deinceps</strong></span> <span class='ocrx_word' id='word_1_431' title='bbox 1676 3025 1775 3078; x_wconf 91' lang='lat' dir='ltr'><strong>iter</strong></span> <span class='ocrx_word' id='word_1_432' title='bbox 1797 3040 1989 3095; x_wconf 88' lang='lat' dir='ltr'><strong>super-</strong></span> 
     </span>
    </p>
   </div>
   <div class='ocr_carea' id='block_1_61' title="bbox 2093 3023 3672 3118">
    <p class='ocr_par' dir='ltr' id='par_1_61' title="bbox 2095 3026 3672 3100">
     <span class='ocr_line' id='line_1_61' title="bbox 2095 3026 3672 3100; baseline -0.003 -16"><span class='ocrx_word' id='word_1_433' title='bbox 2095 3029 2455 3100; x_wconf 78' lang='grc' dir='ltr'>προσκύπτων</span> <span class='ocrx_word' id='word_1_434' title='bbox 2481 3029 2524 3092; x_wconf 87' lang='grc'><strong>⁸,</strong></span> <span class='ocrx_word' id='word_1_435' title='bbox 2573 3027 2714 3081; x_wconf 85' lang='grc' dir='ltr'><strong>κατά</strong></span> <span class='ocrx_word' id='word_1_436' title='bbox 2756 3029 2914 3098; x_wconf 84' lang='grc' dir='ltr'>χεῖρα</span> <span class='ocrx_word' id='word_1_437' title='bbox 2950 3027 3030 3078; x_wconf 77' lang='grc' dir='ltr'>ἑτι</span> <span class='ocrx_word' id='word_1_438' title='bbox 3070 3026 3232 3079; x_wconf 79' lang='grc' dir='ltr'>πλέον</span> <span class='ocrx_word' id='word_1_439' title='bbox 3273 3026 3351 3098; x_wconf 76' lang='grc' dir='ltr'>μὴ</span> <span class='ocrx_word' id='word_1_440' title='bbox 3390 3027 3545 3099; x_wconf 83' lang='grc' dir='ltr'>εὖροι</span> <span class='ocrx_word' id='word_1_441' title='bbox 3579 3029 3672 3098; x_wconf 71' lang='grc' dir='ltr'><strong>τὴν</strong></span> 
     </span>
    </p>
   </div>
   <div class='ocr_carea' id='block_1_62' title="bbox 409 3115 1988 3187">
    <p class='ocr_par' dir='ltr' id='par_1_62' title="bbox 409 3115 1988 3187">
     <span class='ocr_line' id='line_1_62' title="bbox 409 3115 1988 3187; baseline -0.001 -14"><span class='ocrx_word' id='word_1_442' title='bbox 409 3118 504 3184; x_wconf 90' lang='lat' dir='ltr'><strong>sit,</strong></span> <span class='ocrx_word' id='word_1_443' title='bbox 545 3133 647 3172; x_wconf 85' lang='lat' dir='ltr'><strong>nec</strong></span> <span class='ocrx_word' id='word_1_444' title='bbox 679 3118 820 3172; x_wconf 88' lang='lat' dir='ltr'><strong>viam</strong></span> <span class='ocrx_word' id='word_1_445' title='bbox 851 3117 1124 3187; x_wconf 76' lang='lat' dir='ltr'><strong>expediat,</strong></span> <span class='ocrx_word' id='word_1_446' title='bbox 1159 3115 1259 3172; x_wconf 86' lang='lat' dir='ltr'><strong>sed</strong></span> <span class='ocrx_word' id='word_1_447' title='bbox 1293 3117 1399 3170; x_wconf 88' lang='lat' dir='ltr'><strong>huc</strong></span> <span class='ocrx_word' id='word_1_448' title='bbox 1429 3117 1672 3186; x_wconf 86' lang='lat' dir='ltr'><strong>illucque</strong></span> <span class='ocrx_word' id='word_1_449' title='bbox 1706 3131 1764 3171; x_wconf 89' lang='lat' dir='ltr'><strong>se</strong></span> <span class='ocrx_word' id='word_1_450' title='bbox 1795 3116 1988 3171; x_wconf 83' lang='lat' dir='ltr'><strong>confe-</strong></span> 
     </span>
    </p>
   </div>
   <div class='ocr_carea' id='block_1_63' title="bbox 410 3205 1990 3278">
    <p class='ocr_par' dir='ltr' id='par_1_63' title="bbox 410 3205 1990 3278">
     <span class='ocr_line' id='line_1_63' title="bbox 410 3205 1990 3278; baseline 0.001 -18"><span class='ocrx_word' id='word_1_451' title='bbox 410 3215 518 3261; x_wconf 86' lang='lat' dir='ltr'><strong>rat.</strong></span> <span class='ocrx_word' id='word_1_452' title='bbox 555 3205 656 3262; x_wconf 87' lang='lat' dir='ltr'><strong>Hic</strong></span> <span class='ocrx_word' id='word_1_453' title='bbox 683 3207 847 3278; x_wconf 89' lang='lat' dir='ltr'><strong>igitur</strong></span> <span class='ocrx_word' id='word_1_454' title='bbox 879 3209 946 3262; x_wconf 88' lang='lat' dir='ltr'><strong>ad</strong></span> <span class='ocrx_word' id='word_1_455' title='bbox 981 3221 1106 3262; x_wconf 91' lang='lat' dir='ltr'><strong>eum</strong></span> <span class='ocrx_word' id='word_1_456' title='bbox 1138 3207 1360 3260; x_wconf 89' lang='lat' dir='ltr'><strong>modum</strong></span> <span class='ocrx_word' id='word_1_457' title='bbox 1395 3207 1674 3272; x_wconf 83' lang='lat' dir='ltr'><strong>laborans,</strong></span> <span class='ocrx_word' id='word_1_458' title='bbox 1703 3221 1880 3277; x_wconf 88' lang='lat' dir='ltr'><strong>neque</strong></span> <span class='ocrx_word' id='word_1_459' title='bbox 1909 3207 1990 3261; x_wconf 83' lang='lat' dir='ltr'><strong>ul-</strong></span> 
     </span>
    </p>
   </div>
   <div class='ocr_carea' id='block_1_64' title="bbox 411 3297 1986 3370">
    <p class='ocr_par' dir='ltr' id='par_1_64' title="bbox 411 3297 1986 3370">
     <span class='ocr_line' id='line_1_64' title="bbox 411 3297 1986 3370; baseline -0.001 -18"><span class='ocrx_word' id='word_1_460' title='bbox 411 3299 524 3352; x_wconf 88' lang='lat' dir='ltr'><strong>lum</strong></span> <span class='ocrx_word' id='word_1_461' title='bbox 552 3299 618 3351; x_wconf 89' lang='lat' dir='ltr'><strong>ad</strong></span> <span class='ocrx_word' id='word_1_462' title='bbox 655 3309 860 3353; x_wconf 87' lang='lat' dir='ltr'><strong>rectam</strong></span> <span class='ocrx_word' id='word_1_463' title='bbox 892 3299 1038 3353; x_wconf 89' lang='lat' dir='ltr'><strong>viam</strong></span> <span class='ocrx_word' id='word_1_464' title='bbox 1075 3299 1179 3354; x_wconf 91' lang='lat' dir='ltr'><strong>iter</strong></span> <span class='ocrx_word' id='word_1_465' title='bbox 1207 3299 1528 3370; x_wconf 79' lang='lat' dir='ltr'><strong>expediens,</strong></span> <span class='ocrx_word' id='word_1_466' title='bbox 1552 3313 1664 3354; x_wconf 87' lang='lat' dir='ltr'><strong>non</strong></span> <span class='ocrx_word' id='word_1_467' title='bbox 1693 3299 1853 3353; x_wconf 89' lang='lat' dir='ltr'><strong>aliter</strong></span> <span class='ocrx_word' id='word_1_468' title='bbox 1879 3297 1986 3351; x_wconf 78' lang='lat' dir='ltr'><strong>lor-</strong></span> 
     </span>
    </p>
   </div>
   <div class='ocr_carea' id='block_1_65' title="bbox 410 3385 1996 3458">
    <p class='ocr_par' dir='ltr' id='par_1_65' title="bbox 410 3385 1996 3458">
     <span class='ocr_line' id='line_1_65' title="bbox 410 3385 1996 3458; baseline -0.001 -18"><span class='ocrx_word' id='word_1_469' title='bbox 410 3385 576 3440; x_wconf 90' lang='lat' dir='ltr'><strong>tassis</strong></span> <span class='ocrx_word' id='word_1_470' title='bbox 605 3386 866 3448; x_wconf 89' lang='lat' dir='ltr'><strong>inveniet,</strong></span> <span class='ocrx_word' id='word_1_471' title='bbox 898 3401 1062 3456; x_wconf 91' lang='lat' dir='ltr'><strong>quam</strong></span> <span class='ocrx_word' id='word_1_472' title='bbox 1096 3386 1142 3442; x_wconf 89' lang='lat' dir='ltr'><strong>si</strong></span> <span class='ocrx_word' id='word_1_473' title='bbox 1167 3387 1379 3450; x_wconf 88' lang='lat' dir='ltr'><strong>eadem,</strong></span> <span class='ocrx_word' id='word_1_474' title='bbox 1405 3403 1514 3458; x_wconf 89' lang='lat' dir='ltr'><strong>qua</strong></span> <span class='ocrx_word' id='word_1_475' title='bbox 1544 3389 1823 3458; x_wconf 88' lang='lat' dir='ltr'><strong>ingressus</strong></span> <span class='ocrx_word' id='word_1_476' title='bbox 1846 3393 1996 3451; x_wconf 27' lang='lat' dir='ltr'><strong>erat,»</strong></span> 
     </span>
    </p>
   </div>
   <div class='ocr_carea' id='block_1_66' title="bbox 411 3475 1988 3544">
    <p class='ocr_par' dir='ltr' id='par_1_66' title="bbox 411 3475 1988 3544">
     <span class='ocr_line' id='line_1_66' title="bbox 411 3475 1988 3544; baseline -0.002 -10"><span class='ocrx_word' id='word_1_477' title='bbox 411 3485 742 3534; x_wconf 83' lang='lat' dir='ltr'><strong>revertatur.</strong></span> <span class='ocrx_word' id='word_1_478' title='bbox 779 3475 872 3530; x_wconf 84' lang='lat' dir='ltr'><strong>Sic</strong></span> <span class='ocrx_word' id='word_1_479' title='bbox 914 3476 1142 3533; x_wconf 69' lang='lat' dir='ltr'><strong>[neresis</strong></span> <span class='ocrx_word' id='word_1_480' title='bbox 1180 3479 1385 3544; x_wconf 89' lang='lat' dir='ltr'><strong>omnis,</strong></span> <span class='ocrx_word' id='word_1_481' title='bbox 1424 3494 1550 3533; x_wconf 86' lang='lat' dir='ltr'><strong>cum</strong></span> <span class='ocrx_word' id='word_1_482' title='bbox 1591 3478 1803 3534; x_wconf 83' lang='lat' dir='ltr'><strong>itineris</strong></span> <span class='ocrx_word' id='word_1_483' title='bbox 1837 3492 1988 3532; x_wconf 84' lang='lat' dir='ltr'><strong>com-</strong></span> 
     </span>
    </p>
   </div>
   <div class='ocr_carea' id='block_1_67' title="bbox 409 3569 1989 3642">
    <p class='ocr_par' dir='ltr' id='par_1_67' title="bbox 409 3569 1989 3642">
     <span class='ocr_line' id='line_1_67' title="bbox 409 3569 1989 3642; baseline 0.001 -19"><span class='ocrx_word' id='word_1_484' title='bbox 409 3569 670 3640; x_wconf 86' lang='lat' dir='ltr'><strong>pendium</strong></span> <span class='ocrx_word' id='word_1_485' title='bbox 720 3569 945 3623; x_wconf 85' lang='lat' dir='ltr'><strong>haberet</strong></span> <span class='ocrx_word' id='word_1_486' title='bbox 977 3571 1032 3624; x_wconf 90' lang='lat' dir='ltr'><strong>in</strong></span> <span class='ocrx_word' id='word_1_487' title='bbox 1067 3579 1346 3641; x_wconf 91' lang='lat' dir='ltr'><strong>promptu,</strong></span> <span class='ocrx_word' id='word_1_488' title='bbox 1379 3587 1476 3642; x_wconf 89' lang='lat' dir='ltr'><strong>per</strong></span> <span class='ocrx_word' id='word_1_489' title='bbox 1507 3572 1698 3642; x_wconf 84' lang='lat' dir='ltr'><strong>longas</strong></span> <span class='ocrx_word' id='word_1_490' title='bbox 1729 3569 1989 3641; x_wconf 80' lang='lat' dir='ltr'><strong>ambages</strong></span> 
     </span>
    </p>
   </div>
   <div class='ocr_carea' id='block_1_68' title="bbox 409 3659 1990 3731">
    <p class='ocr_par' dir='ltr' id='par_1_68' title="bbox 409 3659 1990 3731">
     <span class='ocr_line' id='line_1_68' title="bbox 409 3659 1990 3731; baseline 0.001 -17"><span class='ocrx_word' id='word_1_491' title='bbox 409 3660 657 3730; x_wconf 85' lang='lat' dir='ltr'><strong>digressa</strong></span> <span class='ocrx_word' id='word_1_492' title='bbox 693 3659 748 3712; x_wconf 89' lang='lat' dir='ltr'><strong>in</strong></span> <span class='ocrx_word' id='word_1_493' title='bbox 777 3659 1170 3716; x_wconf 83' lang='lat' dir='ltr'><strong>solidissimum</strong></span> <span class='ocrx_word' id='word_1_494' title='bbox 1204 3677 1422 3716; x_wconf 88' lang='lat' dir='ltr'><strong>murum</strong></span> <span class='ocrx_word' id='word_1_495' title='bbox 1455 3663 1682 3728; x_wconf 89' lang='lat' dir='ltr'><strong>incidit;</strong></span> <span class='ocrx_word' id='word_1_496' title='bbox 1711 3661 1990 3731; x_wconf 70' lang='lat' dir='ltr'><strong>cuiusmo-</strong></span> 
     </span>
    </p>
   </div>
   <div class='ocr_carea' id='block_1_69' title="bbox 409 3751 1987 3824">
    <p class='ocr_par' dir='ltr' id='par_1_69' title="bbox 409 3751 1987 3824">
     <span class='ocr_line' id='line_1_69' title="bbox 409 3751 1987 3824; baseline 0.001 -19"><span class='ocrx_word' id='word_1_497' title='bbox 409 3751 466 3805; x_wconf 89' lang='lat' dir='ltr'><strong>di</strong></span> <span class='ocrx_word' id='word_1_498' title='bbox 497 3759 574 3805; x_wconf 89' lang='lat' dir='ltr'><strong>est</strong></span> <span class='ocrx_word' id='word_1_499' title='bbox 603 3751 948 3820; x_wconf 73' lang='lat' dir='ltr'><strong>ignorantiae,</strong></span> <span class='ocrx_word' id='word_1_500' title='bbox 974 3753 1316 3823; x_wconf 82' lang='lat' dir='ltr'><strong>inscitiaeque</strong></span> <span class='ocrx_word' id='word_1_501' title='bbox 1335 3753 1617 3824; x_wconf 86' lang='lat' dir='ltr'><strong>impedita,</strong></span> <span class='ocrx_word' id='word_1_502' title='bbox 1647 3768 1712 3809; x_wconf 88' lang='lat' dir='ltr'><strong>ac</strong></span> <span class='ocrx_word' id='word_1_503' title='bbox 1738 3761 1987 3807; x_wconf 81' lang='lat' dir='ltr'><strong>tortuosa</strong></span> 
     </span>
    </p>
   </div>
   <div class='ocr_carea' id='block_1_70' title="bbox 409 3840 1986 3916">
    <p class='ocr_par' dir='ltr' id='par_1_70' title="bbox 409 3840 1986 3916">
     <span class='ocr_line' id='line_1_70' title="bbox 409 3840 1986 3916; baseline 0 -20"><span class='ocrx_word' id='word_1_504' title='bbox 409 3842 594 3897; x_wconf 77' lang='lat' dir='ltr'><strong>nexio.</strong></span> <span class='ocrx_word' id='word_1_505' title='bbox 627 3840 818 3912; x_wconf 82' lang='lat' dir='ltr'><strong>Neque</strong></span> <span class='ocrx_word' id='word_1_506' title='bbox 860 3859 991 3898; x_wconf 89' lang='lat' dir='ltr'><strong>vero</strong></span> <span class='ocrx_word' id='word_1_507' title='bbox 1039 3845 1285 3901; x_wconf 86' lang='lat' dir='ltr'><strong>invenire</strong></span> <span class='ocrx_word' id='word_1_508' title='bbox 1328 3859 1572 3916; x_wconf 89' lang='lat' dir='ltr'><strong>unquam</strong></span> <span class='ocrx_word' id='word_1_509' title='bbox 1627 3845 1720 3898; x_wconf 89' lang='lat' dir='ltr'><strong>illa</strong></span> <span class='ocrx_word' id='word_1_510' title='bbox 1765 3844 1986 3914; x_wconf 91' lang='lat' dir='ltr'><strong>poterit,</strong></span> 
     </span>
    </p>
   </div>
   <div class='ocr_carea' id='block_1_71' title="bbox 407 3934 1986 4009">
    <p class='ocr_par' dir='ltr' id='par_1_71' title="bbox 407 3934 1986 4009">
     <span class='ocr_line' id='line_1_71' title="bbox 407 3934 1986 4009; baseline 0.001 -19"><span class='ocrx_word' id='word_1_511' title='bbox 407 3952 516 4008; x_wconf 85' lang='lat' dir='ltr'><strong>qua</strong></span> <span class='ocrx_word' id='word_1_512' title='bbox 545 3950 604 3991; x_wconf 89' lang='lat' dir='ltr'><strong>se</strong></span> <span class='ocrx_word' id='word_1_513' title='bbox 639 3934 708 3990; x_wconf 88' lang='lat' dir='ltr'><strong>ad</strong></span> <span class='ocrx_word' id='word_1_514' title='bbox 743 3945 949 3993; x_wconf 89' lang='lat' dir='ltr'><strong>rectam</strong></span> <span class='ocrx_word' id='word_1_515' title='bbox 990 3939 1134 3993; x_wconf 89' lang='lat' dir='ltr'><strong>viam</strong></span> <span class='ocrx_word' id='word_1_516' title='bbox 1167 3937 1392 4004; x_wconf 73' lang='lat' dir='ltr'><strong>referat,</strong></span> <span class='ocrx_word' id='word_1_517' title='bbox 1424 3938 1531 3995; x_wconf 90' lang='lat' dir='ltr'><strong>nisi</strong></span> <span class='ocrx_word' id='word_1_518' title='bbox 1567 3938 1634 3994; x_wconf 92' lang='lat' dir='ltr'><strong>ad</strong></span> <span class='ocrx_word' id='word_1_519' title='bbox 1666 3937 1986 4009; x_wconf 90' lang='lat' dir='ltr'><strong>primariam</strong></span> 
     </span>
    </p>
   </div>
   <div class='ocr_carea' id='block_1_72' title="bbox 405 4033 1989 4106">
    <p class='ocr_par' dir='ltr' id='par_1_72' title="bbox 405 4033 1989 4106">
     <span class='ocr_line' id='line_1_72' title="bbox 405 4033 1989 4106; baseline 0.003 -21"><span class='ocrx_word' id='word_1_520' title='bbox 405 4033 574 4094; x_wconf 88' lang='lat' dir='ltr'><strong>viam.</strong></span> <span class='ocrx_word' id='word_1_521' title='bbox 604 4033 710 4088; x_wconf 82' lang='lat' dir='ltr'><strong>hoc</strong></span> <span class='ocrx_word' id='word_1_522' title='bbox 733 4040 817 4088; x_wconf 90' lang='lat' dir='ltr'><strong>est</strong></span> <span class='ocrx_word' id='word_1_523' title='bbox 846 4033 1072 4102; x_wconf 87' lang='lat' dir='ltr'><strong>regiam,</strong></span> <span class='ocrx_word' id='word_1_524' title='bbox 1108 4033 1212 4088; x_wconf 90' lang='lat' dir='ltr'><strong>iter</strong></span> <span class='ocrx_word' id='word_1_525' title='bbox 1242 4033 1552 4090; x_wconf 90' lang='lat' dir='ltr'><strong>retorserit.</strong></span> <span class='ocrx_word' id='word_1_526' title='bbox 1584 4033 1642 4088; x_wconf 92' lang='lat' dir='ltr'><strong>Id</strong></span> <span class='ocrx_word' id='word_1_527' title='bbox 1677 4034 1827 4106; x_wconf 88' lang='lat' dir='ltr'><strong>quod</strong></span> <span class='ocrx_word' id='word_1_528' title='bbox 1857 4051 1989 4090; x_wconf 86' lang='lat' dir='ltr'><strong>san-</strong></span> 
     </span>
    </p>
   </div>
   <div class='ocr_carea' id='block_1_73' title="bbox 405 4124 1989 4195">
    <p class='ocr_par' dir='ltr' id='par_1_73' title="bbox 405 4124 1989 4195">
     <span class='ocr_line' id='line_1_73' title="bbox 405 4124 1989 4195; baseline 0.003 -17"><span class='ocrx_word' id='word_1_529' title='bbox 405 4125 640 4181; x_wconf 86' lang='lat' dir='ltr'><strong>ctissimi</strong></span> <span class='ocrx_word' id='word_1_530' title='bbox 681 4124 848 4180; x_wconf 76' lang='lat' dir='ltr'><strong>Mosis</strong></span> <span class='ocrx_word' id='word_1_531' title='bbox 893 4125 981 4179; x_wconf 73' lang='lat' dir='ltr'><strong>lex</strong></span> <span class='ocrx_word' id='word_1_532' title='bbox 1011 4132 1200 4195; x_wconf 89' lang='lat' dir='ltr'><strong>aperte</strong></span> <span class='ocrx_word' id='word_1_533' title='bbox 1227 4125 1660 4192; x_wconf 75' lang='lat' dir='ltr'><strong>vociferabatur,</strong></span> <span class='ocrx_word' id='word_1_534' title='bbox 1699 4143 1826 4183; x_wconf 91' lang='lat' dir='ltr'><strong>cum</strong></span> <span class='ocrx_word' id='word_1_535' title='bbox 1862 4129 1989 4183; x_wconf 89' lang='lat' dir='ltr'><strong>ldu-</strong></span> 
     </span>
    </p>
   </div>
   <div class='ocr_carea' id='block_1_74' title="bbox 405 4215 1988 4288">
    <p class='ocr_par' dir='ltr' id='par_1_74' title="bbox 405 4215 1988 4288">
     <span class='ocr_line' id='line_1_74' title="bbox 405 4215 1988 4288; baseline 0.003 -18"><span class='ocrx_word' id='word_1_536' title='bbox 405 4232 545 4271; x_wconf 64' lang='lat' dir='ltr'><strong>mmo</strong></span> <span class='ocrx_word' id='word_1_537' title='bbox 573 4216 688 4286; x_wconf 88' lang='lat' dir='ltr'><strong>regi</strong></span> <span class='ocrx_word' id='word_1_538' title='bbox 723 4217 798 4270; x_wconf 87' lang='lat' dir='ltr'><strong>ita</strong></span> <span class='ocrx_word' id='word_1_539' title='bbox 833 4217 1118 4269; x_wconf 84' lang='lat' dir='ltr'><strong>mandaret</strong></span> <span class='ocrx_word' id='word_1_540' title='bbox 1154 4235 1167 4270; x_wconf 90' lang='lat'><strong>:</strong></span> <span class='ocrx_word' id='word_1_541' title='bbox 1204 4215 1334 4270; x_wconf 69' lang='lat' dir='ltr'><strong>Haec</strong></span> <span class='ocrx_word' id='word_1_542' title='bbox 1357 4217 1485 4271; x_wconf 82' lang='lat' dir='ltr'><strong>dicit</strong></span> <span class='ocrx_word' id='word_1_543' title='bbox 1529 4219 1700 4288; x_wconf 81' lang='lat' dir='ltr'><strong>frater</strong></span> <span class='ocrx_word' id='word_1_544' title='bbox 1742 4230 1861 4274; x_wconf 83' lang='lat' dir='ltr'><strong>tuus</strong></span> <span class='ocrx_word' id='word_1_545' title='bbox 1902 4219 1988 4274; x_wconf 83' lang='lat' dir='ltr'><strong>Is-</strong></span> 
     </span>
    </p>
   </div>
   <div class='ocr_carea' id='block_1_75' title="bbox 405 4308 1985 4383">
    <p class='ocr_par' dir='ltr' id='par_1_75' title="bbox 405 4308 1985 4383">
     <span class='ocr_line' id='line_1_75' title="bbox 405 4308 1985 4383; baseline 0.003 -22"><span class='ocrx_word' id='word_1_546' title='bbox 405 4308 520 4362; x_wconf 83' lang='lat' dir='ltr'><strong>rael</strong></span> <span class='ocrx_word' id='word_1_547' title='bbox 544 4323 564 4362; x_wconf 90' lang='lat'><strong><em>:</em></strong></span> <span class='ocrx_word' id='word_1_548' title='bbox 597 4308 800 4362; x_wconf 80' lang='lat' dir='ltr'><strong>I&#39;rteter</strong></span> <span class='ocrx_word' id='word_1_549' title='bbox 829 4309 1082 4362; x_wconf 76' lang='lat' dir='ltr'><strong>terminos</strong></span> <span class='ocrx_word' id='word_1_550' title='bbox 1106 4321 1224 4362; x_wconf 80' lang='lat' dir='ltr'><strong>tuos</strong></span> <span class='ocrx_word' id='word_1_551' title='bbox 1254 4312 1491 4364; x_wconf 87' lang='lat' dir='ltr'><strong>transibo</strong></span> <span class='ocrx_word' id='word_1_552' title='bbox 1507 4311 1562 4367; x_wconf 79' lang='lat' dir='ltr'><strong>in</strong></span> <span class='ocrx_word' id='word_1_553' title='bbox 1587 4322 1804 4378; x_wconf 83' lang='lat' dir='ltr'><strong>terram,</strong></span> <span class='ocrx_word' id='word_1_554' title='bbox 1827 4329 1985 4383; x_wconf 85' lang='lat' dir='ltr'><strong>quam</strong></span> 
     </span>
    </p>
   </div>
   <div class='ocr_carea' id='block_1_76' title="bbox 2091 3119 3672 3191">
    <p class='ocr_par' dir='ltr' id='par_1_76' title="bbox 2091 3119 3672 3191">
     <span class='ocr_line' id='line_1_76' title="bbox 2091 3119 3672 3191; baseline 0.001 -19"><span class='ocrx_word' id='word_1_555' title='bbox 2091 3122 2229 3185; x_wconf 83' lang='grc' dir='ltr'>ὁδὸν,</span> <span class='ocrx_word' id='word_1_556' title='bbox 2262 3121 2356 3175; x_wconf 56' lang='grc' dir='ltr'><strong>καὶ⁵</strong></span> <span class='ocrx_word' id='word_1_557' title='bbox 2389 3119 2563 3182; x_wconf 84' lang='grc' dir='ltr'>οὑτως</span> <span class='ocrx_word' id='word_1_558' title='bbox 2601 3120 2870 3190; x_wconf 82' lang='grc' dir='ltr'>τρέπηται</span> <span class='ocrx_word' id='word_1_559' title='bbox 2900 3121 2993 3173; x_wconf 81' lang='grc' dir='ltr'>ἐπὶ</span> <span class='ocrx_word' id='word_1_560' title='bbox 3038 3120 3106 3173; x_wconf 77' lang='grc' dir='ltr'>τὰ</span> <span class='ocrx_word' id='word_1_561' title='bbox 3140 3119 3330 3173; x_wconf 64' lang='grc' dir='ltr'>πλείω</span> <span class='ocrx_word' id='word_1_562' title='bbox 3357 3121 3587 3191; x_wconf 85' lang='grc' dir='ltr'>κάμνων</span> <span class='ocrx_word' id='word_1_563' title='bbox 3617 3121 3672 3174; x_wconf 78' lang='grc' dir='ltr'>δὲ</span> 
     </span>
    </p>
   </div>
   <div class='ocr_carea' id='block_1_77' title="bbox 2089 3210 3670 3285">
    <p class='ocr_par' dir='ltr' id='par_1_77' title="bbox 2089 3210 3670 3285">
     <span class='ocr_line' id='line_1_77' title="bbox 2089 3210 3670 3285; baseline 0 -21"><span class='ocrx_word' id='word_1_564' title='bbox 2089 3211 2253 3278; x_wconf 80' lang='grc' dir='ltr'>οὑτω,</span> <span class='ocrx_word' id='word_1_565' title='bbox 2284 3212 2377 3264; x_wconf 80' lang='grc' dir='ltr'>καὶ</span> <span class='ocrx_word' id='word_1_566' title='bbox 2408 3211 2482 3282; x_wconf 83' lang='grc' dir='ltr'>μὴ</span> <span class='ocrx_word' id='word_1_567' title='bbox 2527 3210 2777 3283; x_wconf 81' lang='grc' dir='ltr'>εὐπορῶν</span> <span class='ocrx_word' id='word_1_568' title='bbox 2806 3211 2894 3264; x_wconf 90' lang='grc' dir='ltr'><strong>διά</strong></span> <span class='ocrx_word' id='word_1_569' title='bbox 2927 3212 3087 3276; x_wconf 89' lang='grc' dir='ltr'>ποίας</span> <span class='ocrx_word' id='word_1_570' title='bbox 3119 3213 3214 3265; x_wconf 70' lang='grc' dir='ltr'><strong>ἐπὶ</strong></span> <span class='ocrx_word' id='word_1_571' title='bbox 3239 3212 3338 3284; x_wconf 72' lang='grc' dir='ltr'>τὴν</span> <span class='ocrx_word' id='word_1_572' title='bbox 3363 3213 3670 3285; x_wconf 77' lang='grc' dir='ltr'>ὁδοιπορίαν</span> 
     </span>
    </p>
   </div>
   <div class='ocr_carea' id='block_1_78' title="bbox 2090 3305 3673 3378">
    <p class='ocr_par' dir='ltr' id='par_1_78' title="bbox 2090 3305 3673 3378">
     <span class='ocr_line' id='line_1_78' title="bbox 2090 3305 3673 3378; baseline 0.002 -21"><span class='ocrx_word' id='word_1_573' title='bbox 2090 3306 2308 3374; x_wconf 84' lang='grc' dir='ltr'>ἀγάγοι,</span> <span class='ocrx_word' id='word_1_574' title='bbox 2339 3305 2480 3375; x_wconf 84' lang='grc' dir='ltr'>τάχα</span> <span class='ocrx_word' id='word_1_575' title='bbox 2507 3322 2564 3359; x_wconf 91' lang='grc' dir='ltr'><strong>τε</strong></span> <span class='ocrx_word' id='word_1_576' title='bbox 2595 3307 2729 3376; x_wconf 78' lang='grc' dir='ltr'>μήτε</span> <span class='ocrx_word' id='word_1_577' title='bbox 2761 3306 2938 3377; x_wconf 81' lang='grc' dir='ltr'>εὑρεῖν</span> <span class='ocrx_word' id='word_1_578' title='bbox 2971 3305 3246 3377; x_wconf 77' lang='grc' dir='ltr'>δυνηθείη,</span> <span class='ocrx_word' id='word_1_579' title='bbox 3282 3309 3334 3358; x_wconf 81' lang='grc' dir='ltr'><strong>εί</strong></span> <span class='ocrx_word' id='word_1_580' title='bbox 3363 3309 3438 3378; x_wconf 75' lang='grc' dir='ltr'>μή</span> <span class='ocrx_word' id='word_1_581' title='bbox 3467 3325 3522 3360; x_wconf 90' lang='grc' dir='ltr'><strong>τι</strong></span> <span class='ocrx_word' id='word_1_582' title='bbox 3549 3309 3673 3360; x_wconf 71' lang='grc' dir='ltr'>ἀναι-</span> 
     </span>
    </p>
   </div>
   <div class='ocr_carea' id='block_1_79' title="bbox 2091 3395 3668 3472">
    <p class='ocr_par' dir='ltr' id='par_1_79' title="bbox 2091 3395 3668 3472">
     <span class='ocr_line' id='line_1_79' title="bbox 2091 3395 3668 3472; baseline 0.001 -22"><span class='ocrx_word' id='word_1_583' title='bbox 2091 3399 2298 3468; x_wconf 71' lang='grc' dir='ltr'>κάμψει</span> <span class='ocrx_word' id='word_1_584' title='bbox 2339 3397 2406 3451; x_wconf 85' lang='grc' dir='ltr'>δι’</span> <span class='ocrx_word' id='word_1_585' title='bbox 2444 3395 2512 3471; x_wconf 77' lang='grc' dir='ltr'>ἦς</span> <span class='ocrx_word' id='word_1_586' title='bbox 2545 3399 2639 3451; x_wconf 76' lang='grc' dir='ltr'>καὶ</span> <span class='ocrx_word' id='word_1_587' title='bbox 2673 3398 2953 3469; x_wconf 77' lang='grc' dir='ltr'>εἰσῆλθεν·</span> <span class='ocrx_word' id='word_1_588' title='bbox 2981 3398 3156 3463; x_wconf 81' lang='grc' dir='ltr'>οὑτως</span> <span class='ocrx_word' id='word_1_589' title='bbox 3199 3401 3403 3472; x_wconf 73' lang='grc' dir='ltr'>ἑκάστη</span> <span class='ocrx_word' id='word_1_590' title='bbox 3441 3402 3668 3472; x_wconf 82' lang='grc' dir='ltr'>αἵρεσις,</span> 
     </span>
    </p>
   </div>
   <div class='ocr_carea' id='block_1_80' title="bbox 2089 3491 3661 3563">
    <p class='ocr_par' dir='ltr' id='par_1_80' title="bbox 2089 3491 3661 3563">
     <span class='ocr_line' id='line_1_80' title="bbox 2089 3491 3661 3563; baseline 0 -19"><span class='ocrx_word' id='word_1_591' title='bbox 2089 3491 2166 3556; x_wconf 86' lang='grc' dir='ltr'>ὡς</span> <span class='ocrx_word' id='word_1_592' title='bbox 2195 3491 2488 3563; x_wconf 82' lang='grc' dir='ltr'>συντομίαν</span> <span class='ocrx_word' id='word_1_593' title='bbox 2512 3493 2634 3546; x_wconf 79' lang='grc' dir='ltr'>τινὰ</span> <span class='ocrx_word' id='word_1_594' title='bbox 2675 3493 2924 3562; x_wconf 67' lang='grc' dir='ltr'>ἱφευρεῖν</span> <span class='ocrx_word' id='word_1_595' title='bbox 2955 3491 3272 3560; x_wconf 78' lang='grc' dir='ltr'>δυνηθεῖσα,</span> <span class='ocrx_word' id='word_1_596' title='bbox 3295 3492 3661 3562; x_wconf 79' lang='grc' dir='ltr'>παρεξώκειλε</span> 
     </span>
    </p>
   </div>
   <div class='ocr_carea' id='block_1_81' title="bbox 2089 3583 3666 3656">
    <p class='ocr_par' dir='ltr' id='par_1_81' title="bbox 2089 3583 3666 3656">
     <span class='ocr_line' id='line_1_81' title="bbox 2089 3583 3666 3656; baseline -0.001 -18"><span class='ocrx_word' id='word_1_597' title='bbox 2089 3584 2175 3638; x_wconf 78' lang='grc' dir='ltr'>διὰ</span> <span class='ocrx_word' id='word_1_598' title='bbox 2211 3587 2309 3656; x_wconf 81' lang='grc' dir='ltr'><strong>τῆς</strong></span> <span class='ocrx_word' id='word_1_599' title='bbox 2346 3584 2669 3656; x_wconf 82' lang='grc' dir='ltr'>μακροδίας⁶</span> <span class='ocrx_word' id='word_1_600' title='bbox 2703 3584 2904 3656; x_wconf 71' lang='grc' dir='ltr'>εὑρέθη</span> <span class='ocrx_word' id='word_1_601' title='bbox 2948 3583 3006 3636; x_wconf 73' lang='grc' dir='ltr'>δὲ</span> <span class='ocrx_word' id='word_1_602' title='bbox 3049 3584 3188 3655; x_wconf 82' lang='grc' dir='ltr'>αὑτῇ</span> <span class='ocrx_word' id='word_1_603' title='bbox 3216 3586 3394 3653; x_wconf 74' lang='grc' dir='ltr'>τεῖχος</span> <span class='ocrx_word' id='word_1_604' title='bbox 3429 3585 3666 3656; x_wconf 48' lang='lat' dir='ltr'><strong>caput;</strong></span> 
     </span>
    </p>
   </div>
   <div class='ocr_carea' id='block_1_82' title="bbox 2089 3675 3668 3748">
    <p class='ocr_par' dir='ltr' id='par_1_82' title="bbox 2089 3675 3668 3748">
     <span class='ocr_line' id='line_1_82' title="bbox 2089 3675 3668 3748; baseline -0.003 -18"><span class='ocrx_word' id='word_1_605' title='bbox 2089 3679 2126 3748; x_wconf 79' lang='grc' dir='ltr'><strong>η</strong></span> <span class='ocrx_word' id='word_1_606' title='bbox 2168 3677 2266 3747; x_wconf 82' lang='grc' dir='ltr'>τῆς</span> <span class='ocrx_word' id='word_1_607' title='bbox 2306 3678 2528 3746; x_wconf 82' lang='grc' dir='ltr'>ἀγνοίας</span> <span class='ocrx_word' id='word_1_608' title='bbox 2557 3679 2652 3731; x_wconf 80' lang='grc' dir='ltr'>καὶ</span> <span class='ocrx_word' id='word_1_609' title='bbox 2684 3677 2958 3745; x_wconf 80' lang='grc' dir='ltr'>ἀγνωσίας</span> <span class='ocrx_word' id='word_1_610' title='bbox 2995 3675 3158 3729; x_wconf 84' lang='grc' dir='ltr'>πάλιν</span> <span class='ocrx_word' id='word_1_611' title='bbox 3191 3675 3388 3747; x_wconf 74' lang='grc' dir='ltr'>πλοκή.</span> <span class='ocrx_word' id='word_1_612' title='bbox 3433 3676 3547 3730; x_wconf 76' lang='grc' dir='ltr'><strong>Καὶ</strong></span> <span class='ocrx_word' id='word_1_613' title='bbox 3574 3678 3668 3728; x_wconf 75' lang='grc' dir='ltr'><strong>οὑκ</strong></span> 
     </span>
    </p>
   </div>
   <div class='ocr_carea' id='block_1_83' title="bbox 2089 3767 3669 3841">
    <p class='ocr_par' dir='ltr' id='par_1_83' title="bbox 2089 3767 3669 3841">
     <span class='ocr_line' id='line_1_83' title="bbox 2089 3767 3669 3841; baseline 0 -19"><span class='ocrx_word' id='word_1_614' title='bbox 2089 3767 2157 3823; x_wconf 79' lang='grc' dir='ltr'><strong>ἂν</strong></span> <span class='ocrx_word' id='word_1_615' title='bbox 2191 3767 2341 3838; x_wconf 83' lang='grc' dir='ltr'>εὑροι</span> <span class='ocrx_word' id='word_1_616' title='bbox 2367 3770 2400 3839; x_wconf 82' lang='grc' dir='ltr'><strong>ή</strong></span> <span class='ocrx_word' id='word_1_617' title='bbox 2429 3767 2653 3839; x_wconf 78' lang='grc' dir='ltr'>τοιαύτη</span> <span class='ocrx_word' id='word_1_618' title='bbox 2689 3768 2782 3821; x_wconf 68' lang='grc' dir='ltr'><strong>ἐπὶ</strong></span> <span class='ocrx_word' id='word_1_619' title='bbox 2817 3768 2917 3840; x_wconf 82' lang='grc' dir='ltr'>τὴν</span> <span class='ocrx_word' id='word_1_620' title='bbox 2950 3769 3211 3841; x_wconf 80' lang='grc' dir='ltr'>ἀληθινὴν</span> <span class='ocrx_word' id='word_1_621' title='bbox 3253 3770 3411 3840; x_wconf 68' lang='grc' dir='ltr'>ήκειν</span> <span class='ocrx_word' id='word_1_622' title='bbox 3443 3770 3595 3837; x_wconf 79' lang='grc' dir='ltr'>ὁδὸν,</span> <span class='ocrx_word' id='word_1_623' title='bbox 3621 3774 3669 3823; x_wconf 79' lang='grc' dir='ltr'>εἰ</span> 
     </span>
    </p>
   </div>
   <div class='ocr_carea' id='block_1_84' title="bbox 2093 3860 3666 3934">
    <p class='ocr_par' dir='ltr' id='par_1_84' title="bbox 2093 3860 3666 3934">
     <span class='ocr_line' id='line_1_84' title="bbox 2093 3860 3666 3934; baseline 0.003 -22"><span class='ocrx_word' id='word_1_624' title='bbox 2093 3861 2168 3931; x_wconf 87' lang='grc' dir='ltr'>μή</span> <span class='ocrx_word' id='word_1_625' title='bbox 2215 3877 2268 3912; x_wconf 91' lang='grc' dir='ltr'><strong>τι</strong></span> <span class='ocrx_word' id='word_1_626' title='bbox 2300 3860 2615 3932; x_wconf 74' lang='grc' dir='ltr'>ἀνακάμψει</span> <span class='ocrx_word' id='word_1_627' title='bbox 2645 3863 2724 3924; x_wconf 82' lang='grc' dir='ltr'>εἰς</span> <span class='ocrx_word' id='word_1_628' title='bbox 2761 3861 2822 3913; x_wconf 80' lang='grc' dir='ltr'>τὸ</span> <span class='ocrx_word' id='word_1_629' title='bbox 2850 3861 3159 3934; x_wconf 84' lang='grc' dir='ltr'>ἀρχέτυπον</span> <span class='ocrx_word' id='word_1_630' title='bbox 3194 3862 3291 3934; x_wconf 78' lang='grc' dir='ltr'>τῆς</span> <span class='ocrx_word' id='word_1_631' title='bbox 3323 3863 3481 3930; x_wconf 76' lang='grc' dir='ltr'>ὁδοῦ,</span> <span class='ocrx_word' id='word_1_632' title='bbox 3516 3881 3666 3916; x_wconf 82' lang='grc' dir='ltr'>τουτ-</span> 
     </span>
    </p>
   </div>
   <div class='ocr_carea' id='block_1_85' title="bbox 2089 3952 3667 4027">
    <p class='ocr_par' dir='ltr' id='par_1_85' title="bbox 2089 3952 3667 4027">
     <span class='ocr_line' id='line_1_85' title="bbox 2089 3952 3667 4027; baseline 0.002 -22"><span class='ocrx_word' id='word_1_633' title='bbox 2089 3955 2205 4006; x_wconf 85' lang='grc' dir='ltr'>έστι</span> <span class='ocrx_word' id='word_1_634' title='bbox 2233 3952 2332 4023; x_wconf 81' lang='grc' dir='ltr'>τῆς</span> <span class='ocrx_word' id='word_1_635' title='bbox 2367 3952 2670 4024; x_wconf 75' lang='grc' dir='ltr'>βασιλικῆς·</span> <span class='ocrx_word' id='word_1_636' title='bbox 2698 3952 2774 4019; x_wconf 78' lang='grc' dir='ltr'>ὡς</span> <span class='ocrx_word' id='word_1_637' title='bbox 2823 3953 2917 4007; x_wconf 76' lang='grc' dir='ltr'>καὶ</span> <span class='ocrx_word' id='word_1_638' title='bbox 2947 3955 2976 4006; x_wconf 83' lang='grc' dir='ltr'><strong>ό</strong></span> <span class='ocrx_word' id='word_1_639' title='bbox 3007 3955 3168 4024; x_wconf 88' lang='grc' dir='ltr'>νόμος</span> <span class='ocrx_word' id='word_1_640' title='bbox 3212 3954 3512 4027; x_wconf 77' lang='grc' dir='ltr'>διαρρήδην</span> <span class='ocrx_word' id='word_1_641' title='bbox 3541 3955 3667 4008; x_wconf 66' lang='grc' dir='ltr'>ἐϐόα</span> 
     </span>
    </p>
   </div>
   <div class='ocr_carea' id='block_1_86' title="bbox 2090 4043 3666 4118">
    <p class='ocr_par' dir='ltr' id='par_1_86' title="bbox 2090 4043 3666 4118">
     <span class='ocr_line' id='line_1_86' title="bbox 2090 4043 3666 4118; baseline 0.003 -21"><span class='ocrx_word' id='word_1_642' title='bbox 2090 4044 2182 4098; x_wconf 80' lang='grc' dir='ltr'>τοῦ</span> <span class='ocrx_word' id='word_1_643' title='bbox 2212 4043 2370 4114; x_wconf 85' lang='grc' dir='ltr'>ἁγίου</span> <span class='ocrx_word' id='word_1_644' title='bbox 2399 4045 2699 4111; x_wconf 75' lang='grc' dir='ltr'>Μωὺσέως,</span> <span class='ocrx_word' id='word_1_645' title='bbox 2724 4044 2975 4114; x_wconf 87' lang='grc' dir='ltr'>λέγοντος</span> <span class='ocrx_word' id='word_1_646' title='bbox 3007 4045 3085 4116; x_wconf 82' lang='grc' dir='ltr'>τῷ</span> <span class='ocrx_word' id='word_1_647' title='bbox 3117 4045 3324 4115; x_wconf 85' lang='grc' dir='ltr'>βασιλεί</span> <span class='ocrx_word' id='word_1_648' title='bbox 3362 4047 3566 4118; x_wconf 84' lang='grc' dir='ltr'>Ἐὁὼμ,</span> <span class='ocrx_word' id='word_1_649' title='bbox 3586 4050 3666 4101; x_wconf 80' lang='grc' dir='ltr'>ὅτι</span> 
     </span>
    </p>
   </div>
   <div class='ocr_carea' id='block_1_87' title="bbox 2092 4137 3666 4208">
    <p class='ocr_par' dir='ltr' id='par_1_87' title="bbox 2092 4137 3666 4208">
     <span class='ocr_line' id='line_1_87' title="bbox 2092 4137 3666 4208; baseline 0.002 -17"><span class='ocrx_word' id='word_1_650' title='bbox 2092 4137 2238 4192; x_wconf 76' lang='grc' dir='ltr'>Τάδε</span> <span class='ocrx_word' id='word_1_651' title='bbox 2275 4137 2439 4208; x_wconf 73' lang='grc' dir='ltr'>λέγει</span> <span class='ocrx_word' id='word_1_652' title='bbox 2487 4141 2521 4190; x_wconf 84' lang='grc' dir='ltr'><strong>ό</strong></span> <span class='ocrx_word' id='word_1_653' title='bbox 2571 4138 2838 4207; x_wconf 72' lang='grc' dir='ltr'>ἀδελφός</span> <span class='ocrx_word' id='word_1_654' title='bbox 2886 4156 3003 4193; x_wconf 86' lang='grc' dir='ltr'>σου</span> <span class='ocrx_word' id='word_1_655' title='bbox 3059 4138 3338 4206; x_wconf 59' lang='grc' dir='ltr'><strong>Ἰσραήειο</strong></span> <span class='ocrx_word' id='word_1_656' title='bbox 3389 4143 3558 4208; x_wconf 84' lang='grc' dir='ltr'><strong>Παρὰ</strong></span> <span class='ocrx_word' id='word_1_657' title='bbox 3598 4143 3666 4194; x_wconf 69' lang='grc' dir='ltr'>τὰ</span> 
     </span>
    </p>
   </div>
   <div class='ocr_carea' id='block_1_88' title="bbox 2087 4227 3664 4302">
    <p class='ocr_par' dir='ltr' id='par_1_88' title="bbox 2087 4227 3664 4302">
     <span class='ocr_line' id='line_1_88' title="bbox 2087 4227 3664 4302; baseline 0.004 -23"><span class='ocrx_word' id='word_1_658' title='bbox 2087 4227 2219 4295; x_wconf 78' lang='grc' dir='ltr'>ὄριό</span> <span class='ocrx_word' id='word_1_659' title='bbox 2251 4243 2369 4283; x_wconf 88' lang='grc' dir='ltr'><strong>σου</strong></span> <span class='ocrx_word' id='word_1_660' title='bbox 2413 4228 2796 4298; x_wconf 72' lang='grc' dir='ltr'>διελεύσομαι</span> <span class='ocrx_word' id='word_1_661' title='bbox 2825 4233 2913 4297; x_wconf 75' lang='grc' dir='ltr'>εἰς</span> <span class='ocrx_word' id='word_1_662' title='bbox 2947 4230 3084 4301; x_wconf 62' lang='lat' dir='ltr'><strong>m’r,</strong></span> <span class='ocrx_word' id='word_1_663' title='bbox 3116 4229 3197 4298; x_wconf 70' lang='grc' dir='ltr'><strong>ἢν</strong></span> <span class='ocrx_word' id='word_1_664' title='bbox 3228 4232 3428 4302; x_wconf 80' lang='grc' dir='ltr'>ὤμοσε</span> <span class='ocrx_word' id='word_1_665' title='bbox 3457 4237 3664 4302; x_wconf 79' lang='grc' dir='ltr'>Κύριος</span> 
     </span>
    </p>
   </div>
   <div class='ocr_carea' id='block_1_89' title="bbox 2087 4321 3662 4394">
    <p class='ocr_par' dir='ltr' id='par_1_89' title="bbox 2087 4321 3662 4394">
     <span class='ocr_line' id='line_1_89' title="bbox 2087 4321 3662 4394; baseline 0.002 -21"><span class='ocrx_word' id='word_1_666' title='bbox 2087 4321 2214 4386; x_wconf 78' lang='grc' dir='ltr'>τοῖς</span> <span class='ocrx_word' id='word_1_667' title='bbox 2242 4321 2542 4389; x_wconf 79' lang='grc' dir='ltr'>πατράσιν</span> <span class='ocrx_word' id='word_1_668' title='bbox 2581 4321 2752 4391; x_wconf 70' lang='grc' dir='ltr'><strong>ἡμῶν</strong></span> <span class='ocrx_word' id='word_1_669' title='bbox 2783 4322 3025 4377; x_wconf 80' lang='grc' dir='ltr'>δοῦναι·</span> <span class='ocrx_word' id='word_1_670' title='bbox 3070 4321 3187 4393; x_wconf 75' lang='grc' dir='ltr'><strong>γῆν</strong></span> <span class='ocrx_word' id='word_1_671' title='bbox 3216 4325 3490 4391; x_wconf 76' lang='grc' dir='ltr'>ῥέουσαν</span> <span class='ocrx_word' id='word_1_672' title='bbox 3529 4327 3662 4394; x_wconf 69' lang='grc' dir='ltr'><strong>μέλι</strong></span> 
     </span>
    </p>
   </div>
   <div class='ocr_carea' id='block_1_90' title="bbox 395 4398 1989 4485">
    <p class='ocr_par' dir='ltr' id='par_1_90' title="bbox 395 4398 1989 4476">
     <span class='ocr_line' id='line_1_90' title="bbox 395 4398 1989 4476; baseline 0.003 -23"><span class='ocrx_word' id='word_1_673' title='bbox 395 4399 600 4471; x_wconf 79' lang='lat' dir='ltr'><strong>juravit</strong></span> <span class='ocrx_word' id='word_1_674' title='bbox 633 4398 892 4454; x_wconf 76' lang='lat' dir='ltr'><strong>Dominus</strong></span> <span class='ocrx_word' id='word_1_675' title='bbox 916 4400 1044 4454; x_wconf 85' lang='lat' dir='ltr'><strong>dare</strong></span> <span class='ocrx_word' id='word_1_676' title='bbox 1063 4402 1303 4470; x_wconf 79' lang='lat' dir='ltr'><strong>patribus</strong></span> <span class='ocrx_word' id='word_1_677' title='bbox 1336 4404 1570 4468; x_wconf 84' lang='lat' dir='ltr'><strong>nostris;</strong></span> <span class='ocrx_word' id='word_1_678' title='bbox 1605 4414 1803 4458; x_wconf 86' lang='lat' dir='ltr'><strong>terram</strong></span> <span class='ocrx_word' id='word_1_679' title='bbox 1825 4402 1989 4476; x_wconf 60' lang='lat'><strong>50‘.</strong></span> 
     </span>
    </p>
   </div>
   <div class='ocr_carea' id='block_1_91' title="bbox 2093 4398 3654 4485">
    <p class='ocr_par' dir='ltr' id='par_1_91' title="bbox 2093 4410 3654 4485">
     <span class='ocr_line' id='line_1_91' title="bbox 2093 4410 3654 4485; baseline 0.004 -21"><span class='ocrx_word' id='word_1_680' title='bbox 2093 4412 2190 4464; x_wconf 75' lang='grc' dir='ltr'><strong>καὶ</strong></span> <span class='ocrx_word' id='word_1_681' title='bbox 2237 4410 2427 4480; x_wconf 67' lang='grc' dir='ltr'>τάλα,</span> <span class='ocrx_word' id='word_1_682' title='bbox 2462 4413 2578 4480; x_wconf 77' lang='grc' dir='ltr'><strong>τὴν</strong></span> <span class='ocrx_word' id='word_1_683' title='bbox 2628 4411 2745 4482; x_wconf 80' lang='grc' dir='ltr'><strong>τῆν</strong></span> <span class='ocrx_word' id='word_1_684' title='bbox 2785 4413 2901 4468; x_wconf 80' lang='grc' dir='ltr'><strong>τῶν</strong></span> <span class='ocrx_word' id='word_1_685' title='bbox 2942 4416 3302 4484; x_wconf 77' lang='grc' dir='ltr'>Ἀμορῤαίων</span> <span class='ocrx_word' id='word_1_686' title='bbox 3347 4417 3449 4470; x_wconf 76' lang='grc' dir='ltr'><strong>καὶ</strong></span> <span class='ocrx_word' id='word_1_687' title='bbox 3501 4420 3654 4485; x_wconf 72' lang='grc' dir='ltr'>Φερεο</span> 
     </span>
    </p>
   </div>
   <div class='ocr_carea' id='block_1_92' title="bbox 403 4491 1982 4555">
    <p class='ocr_par' dir='ltr' id='par_1_92' title="bbox 403 4491 1982 4555">
     <span class='ocr_line' id='line_1_92' title="bbox 403 4491 1982 4555; baseline 0.002 -13"><span class='ocrx_word' id='word_1_688' title='bbox 403 4491 556 4545; x_wconf 83' lang='lat' dir='ltr'><strong>melle</strong></span> <span class='ocrx_word' id='word_1_689' title='bbox 603 4501 652 4544; x_wconf 86' lang='lat' dir='ltr'><strong>et</strong></span> <span class='ocrx_word' id='word_1_690' title='bbox 693 4491 829 4544; x_wconf 87' lang='lat' dir='ltr'><strong>lacte</strong></span> <span class='ocrx_word' id='word_1_691' title='bbox 865 4500 1170 4545; x_wconf 82' lang='lat' dir='ltr'><strong>manantem</strong></span> <span class='ocrx_word' id='word_1_692' title='bbox 1193 4505 1212 4544; x_wconf 90' lang='lat'><strong><em>:</em></strong></span> <span class='ocrx_word' id='word_1_693' title='bbox 1239 4501 1434 4546; x_wconf 86' lang='lat' dir='ltr'><strong>terram</strong></span> <span class='ocrx_word' id='word_1_694' title='bbox 1461 4494 1906 4555; x_wconf 64' lang='lat' dir='ltr'><strong>Amorrha’orum,</strong></span> <span class='ocrx_word' id='word_1_695' title='bbox 1934 4502 1982 4545; x_wconf 80' lang='lat' dir='ltr'><strong>et</strong></span> 
     </span>
    </p>
   </div>
   <div class='ocr_carea' id='block_1_93' title="bbox 402 4581 1982 4653">
    <p class='ocr_par' dir='ltr' id='par_1_93' title="bbox 402 4581 1982 4653">
     <span class='ocr_line' id='line_1_93' title="bbox 402 4581 1982 4653; baseline 0.002 -17"><span class='ocrx_word' id='word_1_696' title='bbox 402 4581 810 4638; x_wconf 79' lang='lat' dir='ltr'><strong>Plteresteorum</strong></span> <span class='ocrx_word' id='word_1_697' title='bbox 831 4593 880 4637; x_wconf 91' lang='lat' dir='ltr'><strong>et</strong></span> <span class='ocrx_word' id='word_1_698' title='bbox 909 4582 1295 4647; x_wconf 76' lang='lat' dir='ltr'><strong>Jebusteorum,</strong></span> <span class='ocrx_word' id='word_1_699' title='bbox 1326 4598 1374 4640; x_wconf 89' lang='lat' dir='ltr'><strong>et</strong></span> <span class='ocrx_word' id='word_1_700' title='bbox 1410 4583 1709 4653; x_wconf 74' lang='lat' dir='ltr'><strong>Evazorum,</strong></span> <span class='ocrx_word' id='word_1_701' title='bbox 1754 4598 1804 4641; x_wconf 85' lang='lat' dir='ltr'><strong>et</strong></span> <span class='ocrx_word' id='word_1_702' title='bbox 1841 4584 1982 4640; x_wconf 84' lang='lat' dir='ltr'><strong>Cha-</strong></span> 
     </span>
    </p>
   </div>
   <div class='ocr_carea' id='block_1_94' title="bbox 366 4651 1984 4747">
    <p class='ocr_par' dir='ltr' id='par_1_94' title="bbox 366 4651 1984 4747">
     <span class='ocr_line' id='line_1_94' title="bbox 366 4651 1984 4747; baseline 0.003 -21"><span class='ocrx_word' id='word_1_703' title='bbox 366 4651 376 4678; x_wconf 67' lang='grc'><em>’</em></span> <span class='ocrx_word' id='word_1_704' title='bbox 403 4689 734 4739; x_wconf 74' lang='grc' dir='ltr'>ηαηωοηιηι,</span> <span class='ocrx_word' id='word_1_705' title='bbox 757 4683 808 4729; x_wconf 90' lang='lat' dir='ltr'><strong>et</strong></span> <span class='ocrx_word' id='word_1_706' title='bbox 845 4674 1219 4739; x_wconf 68' lang='lat' dir='ltr'><strong>Cbetta&#39;arum,</strong></span> <span class='ocrx_word' id='word_1_707' title='bbox 1241 4685 1438 4730; x_wconf 86' lang='lat' dir='ltr'><strong>terram</strong></span> <span class='ocrx_word' id='word_1_708' title='bbox 1469 4651 1715 4747; x_wconf 80' lang='lat' dir='ltr'><strong>fluentem</strong></span> <span class='ocrx_word' id='word_1_709' title='bbox 1756 4678 1908 4732; x_wconf 81' lang='lat' dir='ltr'><strong>melle</strong></span> <span class='ocrx_word' id='word_1_710' title='bbox 1934 4686 1984 4732; x_wconf 78' lang='lat' dir='ltr'><strong>et</strong></span> 
     </span>
    </p>
   </div>
   <div class='ocr_carea' id='block_1_95' title="bbox 406 4763 1980 4840">
    <p class='ocr_par' dir='ltr' id='par_1_95' title="bbox 406 4763 1980 4840">
     <span class='ocr_line' id='line_1_95' title="bbox 406 4763 1980 4840; baseline 0.006 -25"><span class='ocrx_word' id='word_1_711' title='bbox 406 4763 562 4818; x_wconf 86' lang='lat' dir='ltr'><strong>lacte.</strong></span> <span class='ocrx_word' id='word_1_712' title='bbox 587 4763 710 4819; x_wconf 84' lang='lat' dir='ltr'><strong>Non</strong></span> <span class='ocrx_word' id='word_1_713' title='bbox 739 4765 1121 4820; x_wconf 80' lang='lat' dir='ltr'><strong>declinabimus</strong></span> <span class='ocrx_word' id='word_1_714' title='bbox 1153 4767 1222 4820; x_wconf 86' lang='lat' dir='ltr'><strong>ad</strong></span> <span class='ocrx_word' id='word_1_715' title='bbox 1253 4766 1523 4822; x_wconf 75' lang='lat' dir='ltr'><strong>dexteram</strong></span> <span class='ocrx_word' id='word_1_716' title='bbox 1553 4781 1644 4822; x_wconf 87' lang='lat' dir='ltr'><strong>aut</strong></span> <span class='ocrx_word' id='word_1_717' title='bbox 1675 4771 1980 4840; x_wconf 74' lang='lat' dir='ltr'><strong>sinistram,</strong></span> 
     </span>
    </p>
   </div>
   <div class='ocr_carea' id='block_1_96' title="bbox 405 4859 1983 4931">
    <p class='ocr_par' dir='ltr' id='par_1_96' title="bbox 405 4859 1983 4931">
     <span class='ocr_line' id='line_1_96' title="bbox 405 4859 1983 4931; baseline 0.009 -24"><span class='ocrx_word' id='word_1_718' title='bbox 405 4872 599 4926; x_wconf 82' lang='lat' dir='ltr'><strong>aquam</strong></span> <span class='ocrx_word' id='word_1_719' title='bbox 637 4859 691 4912; x_wconf 86' lang='lat' dir='ltr'><strong>in</strong></span> <span class='ocrx_word' id='word_1_720' title='bbox 725 4869 941 4929; x_wconf 76' lang='lat' dir='ltr'><strong>argento</strong></span> <span class='ocrx_word' id='word_1_721' title='bbox 973 4859 1228 4923; x_wconf 76' lang='lat' dir='ltr'><strong>bibemus,</strong></span> <span class='ocrx_word' id='word_1_722' title='bbox 1258 4870 1308 4915; x_wconf 88' lang='lat' dir='ltr'><strong>et</strong></span> <span class='ocrx_word' id='word_1_723' title='bbox 1338 4861 1482 4915; x_wconf 82' lang='lat' dir='ltr'><strong>cibos</strong></span> <span class='ocrx_word' id='word_1_724' title='bbox 1517 4865 1721 4931; x_wconf 85' lang='lat' dir='ltr'><strong>argenti</strong></span> <span class='ocrx_word' id='word_1_725' title='bbox 1748 4869 1983 4922; x_wconf 83' lang='lat' dir='ltr'><strong>comede-</strong></span> 
     </span>
    </p>
   </div>
   <div class='ocr_carea' id='block_1_97' title="bbox 403 4946 1985 5028">
    <p class='ocr_par' dir='ltr' id='par_1_97' title="bbox 403 4946 1985 5028">
     <span class='ocr_line' id='line_1_97' title="bbox 403 4946 1985 5028; baseline 0.01 -30"><span class='ocrx_word' id='word_1_726' title='bbox 403 4961 545 5001; x_wconf 85' lang='lat' dir='ltr'><strong>rnus.</strong></span> <span class='ocrx_word' id='word_1_727' title='bbox 583 4946 706 5002; x_wconf 87' lang='lat' dir='ltr'><strong>Non</strong></span> <span class='ocrx_word' id='word_1_728' title='bbox 735 4951 1119 5006; x_wconf 80' lang='lat' dir='ltr'><strong>declinabimus</strong></span> <span class='ocrx_word' id='word_1_729' title='bbox 1149 4952 1248 5006; x_wconf 81' lang='lat' dir='ltr'><strong>hac</strong></span> <span class='ocrx_word' id='word_1_730' title='bbox 1275 4963 1367 5007; x_wconf 87' lang='lat' dir='ltr'><strong>aut</strong></span> <span class='ocrx_word' id='word_1_731' title='bbox 1398 4954 1544 5018; x_wconf 82' lang='lat' dir='ltr'><strong>illac,</strong></span> <span class='ocrx_word' id='word_1_732' title='bbox 1573 4957 1658 5010; x_wconf 81' lang='lat' dir='ltr'><strong>via</strong></span> <span class='ocrx_word' id='word_1_733' title='bbox 1693 4960 1833 5028; x_wconf 86' lang='lat' dir='ltr'><strong>regia</strong></span> <span class='ocrx_word' id='word_1_734' title='bbox 1865 4976 1985 5028; x_wconf 85' lang='lat' dir='ltr'><strong>gra-</strong></span> 
     </span>
    </p>
   </div>
   <div class='ocr_carea' id='block_1_98' title="bbox 404 5038 1982 5116">
    <p class='ocr_par' dir='ltr' id='par_1_98' title="bbox 404 5038 1982 5116">
     <span class='ocr_line' id='line_1_98' title="bbox 404 5038 1982 5116; baseline 0.011 -27"><span class='ocrx_word' id='word_1_735' title='bbox 404 5038 667 5094; x_wconf 80' lang='lat' dir='ltr'><strong>dientur‘.</strong></span> <span class='ocrx_word' id='word_1_736' title='bbox 693 5039 787 5096; x_wconf 85' lang='lat' dir='ltr'><strong>Est</strong></span> <span class='ocrx_word' id='word_1_737' title='bbox 818 5044 965 5098; x_wconf 92' lang='lat' dir='ltr'><strong>enim</strong></span> <span class='ocrx_word' id='word_1_738' title='bbox 996 5046 1145 5115; x_wconf 87' lang='lat' dir='ltr'><strong>regia</strong></span> <span class='ocrx_word' id='word_1_739' title='bbox 1171 5046 1420 5116; x_wconf 58' lang='lat' dir='ltr'><strong>quaedam</strong></span> <span class='ocrx_word' id='word_1_740' title='bbox 1451 5047 1559 5111; x_wconf 84' lang='lat' dir='ltr'><strong>via,</strong></span> <span class='ocrx_word' id='word_1_741' title='bbox 1597 5048 1853 5105; x_wconf 84' lang='lat' dir='ltr'><strong>nimirum</strong></span> <span class='ocrx_word' id='word_1_742' title='bbox 1882 5051 1982 5106; x_wconf 87' lang='lat' dir='ltr'><strong>Ec-</strong></span> 
     </span>
    </p>
   </div>
   <div class='ocr_carea' id='block_1_99' title="bbox 405 5128 1984 5208">
    <p class='ocr_par' dir='ltr' id='par_1_99' title="bbox 405 5128 1984 5208">
     <span class='ocr_line' id='line_1_99' title="bbox 405 5128 1984 5208; baseline 0.01 -27"><span class='ocrx_word' id='word_1_743' title='bbox 405 5129 571 5183; x_wconf 84' lang='lat' dir='ltr'><strong>clesia</strong></span> <span class='ocrx_word' id='word_1_744' title='bbox 620 5128 738 5195; x_wconf 89' lang='lat' dir='ltr'><strong>Dei,</strong></span> <span class='ocrx_word' id='word_1_745' title='bbox 772 5146 837 5186; x_wconf 88' lang='lat' dir='ltr'><strong>ac</strong></span> <span class='ocrx_word' id='word_1_746' title='bbox 865 5135 1116 5192; x_wconf 88' lang='lat' dir='ltr'><strong>veritatis</strong></span> <span class='ocrx_word' id='word_1_747' title='bbox 1146 5137 1268 5192; x_wconf 90' lang='lat' dir='ltr'><strong>iter.</strong></span> <span class='ocrx_word' id='word_1_748' title='bbox 1299 5136 1652 5208; x_wconf 66' lang='lat' dir='ltr'><strong>Unaquaaque</strong></span> <span class='ocrx_word' id='word_1_749' title='bbox 1686 5157 1816 5195; x_wconf 89' lang='lat' dir='ltr'><strong>vero</strong></span> <span class='ocrx_word' id='word_1_750' title='bbox 1847 5143 1984 5197; x_wconf 87' lang='lat' dir='ltr'><strong>ista-</strong></span> 
     </span>
    </p>
   </div>
   <div class='ocr_carea' id='block_1_100' title="bbox 405 5222 1983 5296">
    <p class='ocr_par' dir='ltr' id='par_1_100' title="bbox 405 5222 1983 5296">
     <span class='ocr_line' id='line_1_100' title="bbox 405 5222 1983 5296; baseline 0.007 -18"><span class='ocrx_word' id='word_1_751' title='bbox 405 5238 526 5278; x_wconf 89' lang='lat' dir='ltr'><strong>rum</strong></span> <span class='ocrx_word' id='word_1_752' title='bbox 566 5222 846 5278; x_wconf 65' lang='lat' dir='ltr'><strong>hazreseon</strong></span> <span class='ocrx_word' id='word_1_753' title='bbox 879 5229 1027 5296; x_wconf 88' lang='lat' dir='ltr'><strong>regia</strong></span> <span class='ocrx_word' id='word_1_754' title='bbox 1060 5229 1320 5284; x_wconf 86' lang='lat' dir='ltr'><strong>derelicta</strong></span> <span class='ocrx_word' id='word_1_755' title='bbox 1352 5231 1463 5295; x_wconf 87' lang='lat' dir='ltr'><strong>via,</strong></span> <span class='ocrx_word' id='word_1_756' title='bbox 1496 5232 1560 5284; x_wconf 88' lang='lat' dir='ltr'><strong>ad</strong></span> <span class='ocrx_word' id='word_1_757' title='bbox 1593 5231 1875 5287; x_wconf 80' lang='lat' dir='ltr'><strong>dexteram</strong></span> <span class='ocrx_word' id='word_1_758' title='bbox 1905 5237 1983 5288; x_wconf 36' lang='lat' dir='ltr'><strong>sis</strong></span> 
     </span>
    </p>
   </div>
   <div class='ocr_carea' id='block_1_101' title="bbox 402 5315 1978 5390">
    <p class='ocr_par' dir='ltr' id='par_1_101' title="bbox 402 5315 1978 5390">
     <span class='ocr_line' id='line_1_101' title="bbox 402 5315 1978 5390; baseline 0.004 -19"><span class='ocrx_word' id='word_1_759' title='bbox 402 5317 702 5371; x_wconf 88' lang='lat' dir='ltr'><strong>nistramve</strong></span> <span class='ocrx_word' id='word_1_760' title='bbox 723 5315 1038 5383; x_wconf 78' lang='lat' dir='ltr'><strong>deﬂectens,</strong></span> <span class='ocrx_word' id='word_1_761' title='bbox 1075 5319 1333 5390; x_wconf 90' lang='lat' dir='ltr'><strong>deinceps</strong></span> <span class='ocrx_word' id='word_1_762' title='bbox 1367 5322 1421 5376; x_wconf 93' lang='lat' dir='ltr'><strong>in</strong></span> <span class='ocrx_word' id='word_1_763' title='bbox 1465 5323 1791 5379; x_wconf 87' lang='lat' dir='ltr'><strong>immensum</strong></span> <span class='ocrx_word' id='word_1_764' title='bbox 1821 5340 1978 5379; x_wconf 87' lang='lat' dir='ltr'><strong>erro-</strong></span> 
     </span>
    </p>
   </div>
   <div class='ocr_carea' id='block_1_102' title="bbox 403 5409 1972 5482">
    <p class='ocr_par' dir='ltr' id='par_1_102' title="bbox 403 5409 1972 5482">
     <span class='ocr_line' id='line_1_102' title="bbox 403 5409 1972 5482; baseline 0.004 -18"><span class='ocrx_word' id='word_1_765' title='bbox 403 5423 517 5464; x_wconf 89' lang='lat' dir='ltr'><strong>rem</strong></span> <span class='ocrx_word' id='word_1_766' title='bbox 565 5423 686 5466; x_wconf 89' lang='lat' dir='ltr'><strong>sese</strong></span> <span class='ocrx_word' id='word_1_767' title='bbox 728 5409 1081 5465; x_wconf 89' lang='lat' dir='ltr'><strong>committens</strong></span> <span class='ocrx_word' id='word_1_768' title='bbox 1121 5412 1429 5482; x_wconf 87' lang='lat' dir='ltr'><strong>abripitur:</strong></span> <span class='ocrx_word' id='word_1_769' title='bbox 1466 5415 1602 5471; x_wconf 89' lang='lat' dir='ltr'><strong>adeo</strong></span> <span class='ocrx_word' id='word_1_770' title='bbox 1653 5425 1712 5470; x_wconf 91' lang='lat' dir='ltr'><strong>ut</strong></span> <span class='ocrx_word' id='word_1_771' title='bbox 1762 5417 1972 5472; x_wconf 87' lang='lat' dir='ltr'><strong>nullum</strong></span> 
     </span>
    </p>
   </div>
   <div class='ocr_carea' id='block_1_103' title="bbox 399 5501 1974 5577">
    <p class='ocr_par' dir='ltr' id='par_1_103' title="bbox 399 5501 1974 5577">
     <span class='ocr_line' id='line_1_103' title="bbox 399 5501 1974 5577; baseline 0.005 -21"><span class='ocrx_word' id='word_1_772' title='bbox 399 5502 660 5573; x_wconf 82' lang='lat' dir='ltr'><strong>deinceps</strong></span> <span class='ocrx_word' id='word_1_773' title='bbox 711 5501 932 5558; x_wconf 88' lang='lat' dir='ltr'><strong>modum</strong></span> <span class='ocrx_word' id='word_1_774' title='bbox 981 5503 1176 5559; x_wconf 84' lang='lat' dir='ltr'><strong>habeat</strong></span> <span class='ocrx_word' id='word_1_775' title='bbox 1207 5506 1260 5559; x_wconf 92' lang='lat' dir='ltr'><strong>in</strong></span> <span class='ocrx_word' id='word_1_776' title='bbox 1294 5508 1538 5577; x_wconf 86' lang='lat' dir='ltr'><strong>qualibet</strong></span> <span class='ocrx_word' id='word_1_777' title='bbox 1567 5510 1775 5566; x_wconf 87' lang='lat' dir='ltr'><strong>erroris</strong></span> <span class='ocrx_word' id='word_1_778' title='bbox 1805 5511 1974 5569; x_wconf 62' lang='lat' dir='ltr'><strong>Linso.</strong></span> 
     </span>
    </p>
   </div>
   <div class='ocr_carea' id='block_1_104' title="bbox 402 5594 590 5649">
    <p class='ocr_par' dir='ltr' id='par_1_104' title="bbox 402 5594 590 5649">
     <span class='ocr_line' id='line_1_104' title="bbox 402 5594 590 5649; baseline 0 -1"><span class='ocrx_word' id='word_1_779' title='bbox 402 5594 590 5649; x_wconf 89' lang='lat' dir='ltr'><strong>lentia.</strong></span> 
     </span>
    </p>
   </div>
   <div class='ocr_carea' id='block_1_105' title="bbox 2092 4501 3643 4575">
    <p class='ocr_par' dir='ltr' id='par_1_105' title="bbox 2092 4501 3643 4575">
     <span class='ocr_line' id='line_1_105' title="bbox 2092 4501 3643 4575; baseline 0.006 -20"><span class='ocrx_word' id='word_1_780' title='bbox 2092 4501 2284 4568; x_wconf 79' lang='grc' dir='ltr'>ζαίων,</span> <span class='ocrx_word' id='word_1_781' title='bbox 2320 4505 2419 4558; x_wconf 77' lang='grc' dir='ltr'>καὶ</span> <span class='ocrx_word' id='word_1_782' title='bbox 2461 4507 2857 4571; x_wconf 77' lang='grc' dir='ltr'>Ἰεϐουσαίων,</span> <span class='ocrx_word' id='word_1_783' title='bbox 2899 4508 2998 4562; x_wconf 77' lang='grc' dir='ltr'>καὶ</span> <span class='ocrx_word' id='word_1_784' title='bbox 3045 4508 3298 4575; x_wconf 76' lang='grc' dir='ltr'>Εὐαίων,</span> <span class='ocrx_word' id='word_1_785' title='bbox 3342 4511 3441 4562; x_wconf 72' lang='grc' dir='ltr'>καὶ</span> <span class='ocrx_word' id='word_1_786' title='bbox 3490 4513 3643 4564; x_wconf 79' lang='grc' dir='ltr'>Χανα</span> 
     </span>
    </p>
   </div>
   <div class='ocr_carea' id='block_1_106' title="bbox 2089 4597 3649 4673">
    <p class='ocr_par' dir='ltr' id='par_1_106' title="bbox 2089 4597 3649 4673">
     <span class='ocr_line' id='line_1_106' title="bbox 2089 4597 3649 4673; baseline 0.007 -26"><span class='ocrx_word' id='word_1_787' title='bbox 2089 4597 2294 4658; x_wconf 75' lang='grc' dir='ltr'>ναίων,</span> <span class='ocrx_word' id='word_1_788' title='bbox 2321 4597 2420 4649; x_wconf 83' lang='grc' dir='ltr'><strong>καὶ</strong></span> <span class='ocrx_word' id='word_1_789' title='bbox 2441 4599 2754 4652; x_wconf 78' lang='grc' dir='ltr'>Χετταιων’</span> <span class='ocrx_word' id='word_1_790' title='bbox 2785 4598 3184 4669; x_wconf 73' lang='grc' dir='ltr'>γῆν“ρέουσαν</span> <span class='ocrx_word' id='word_1_791' title='bbox 3211 4597 3366 4668; x_wconf 64' lang='grc' dir='ltr'>πτίλα</span> <span class='ocrx_word' id='word_1_792' title='bbox 3385 4604 3649 4673; x_wconf 63' lang='lat' dir='ltr'><strong>arripui,</strong></span> 
     </span>
    </p>
   </div>
   <div class='ocr_carea' id='block_1_107' title="bbox 2095 4688 3647 4763">
    <p class='ocr_par' dir='ltr' id='par_1_107' title="bbox 2095 4688 3647 4763">
     <span class='ocr_line' id='line_1_107' title="bbox 2095 4688 3647 4763; baseline 0.005 -23"><span class='ocrx_word' id='word_1_793' title='bbox 2095 4690 2216 4742; x_wconf 80' lang='grc' dir='ltr'><strong>οὐκ</strong></span> <span class='ocrx_word' id='word_1_794' title='bbox 2242 4688 2639 4759; x_wconf 73' lang='grc' dir='ltr'>ἐκκλινοῦμεν</span> <span class='ocrx_word' id='word_1_795' title='bbox 2662 4689 2834 4755; x_wconf 74' lang='grc' dir='ltr'>δεξιὰ</span> <span class='ocrx_word' id='word_1_796' title='bbox 2858 4691 2898 4760; x_wconf 79' lang='grc' dir='ltr'>ἢ</span> <span class='ocrx_word' id='word_1_797' title='bbox 2930 4691 3213 4761; x_wconf 72' lang='grc' dir='ltr'>ἀριστερά</span> <span class='ocrx_word' id='word_1_798' title='bbox 3236 4707 3249 4721; x_wconf 78' lang='grc'><strong><em>⁸</em></strong></span> <span class='ocrx_word' id='word_1_799' title='bbox 3281 4693 3440 4763; x_wconf 75' lang='grc' dir='ltr'>ὕδωρ</span> <span class='ocrx_word' id='word_1_800' title='bbox 3465 4696 3536 4747; x_wconf 73' lang='grc' dir='ltr'><strong>ἐν</strong></span> <span class='ocrx_word' id='word_1_801' title='bbox 3560 4697 3647 4763; x_wconf 70' lang='lat' dir='ltr'><strong>dp-</strong></span> 
     </span>
    </p>
   </div>
   <div class='ocr_carea' id='block_1_108' title="bbox 2094 4779 3649 4855">
    <p class='ocr_par' dir='ltr' id='par_1_108' title="bbox 2094 4779 3649 4855">
     <span class='ocr_line' id='line_1_108' title="bbox 2094 4779 3649 4855; baseline 0.005 -23"><span class='ocrx_word' id='word_1_802' title='bbox 2094 4781 2272 4849; x_wconf 65' lang='grc' dir='ltr'>γυρίφ</span> <span class='ocrx_word' id='word_1_803' title='bbox 2303 4782 2573 4850; x_wconf 78' lang='grc' dir='ltr'>πιόμεθα,</span> <span class='ocrx_word' id='word_1_804' title='bbox 2603 4781 2702 4835; x_wconf 76' lang='grc' dir='ltr'><strong>καὶ</strong></span> <span class='ocrx_word' id='word_1_805' title='bbox 2719 4779 3002 4852; x_wconf 73' lang='grc' dir='ltr'><strong>βρώματα</strong></span> <span class='ocrx_word' id='word_1_806' title='bbox 3025 4784 3312 4853; x_wconf 74' lang='grc' dir='ltr'>ἀργυρίου</span> <span class='ocrx_word' id='word_1_807' title='bbox 3339 4787 3649 4855; x_wconf 67' lang='grc' dir='ltr'>ραγόμεθα.</span> 
     </span>
    </p>
   </div>
   <div class='ocr_carea' id='block_1_109' title="bbox 2095 4875 3647 4944">
    <p class='ocr_par' dir='ltr' id='par_1_109' title="bbox 2095 4875 3647 4944">
     <span class='ocr_line' id='line_1_109' title="bbox 2095 4875 3647 4944; baseline 0.003 -19"><span class='ocrx_word' id='word_1_808' title='bbox 2095 4875 2215 4926; x_wconf 78' lang='grc' dir='ltr'><strong>Οὐκ</strong></span> <span class='ocrx_word' id='word_1_809' title='bbox 2249 4875 2648 4944; x_wconf 77' lang='grc' dir='ltr'>ἐκκλινοῦμεν</span> <span class='ocrx_word' id='word_1_810' title='bbox 2669 4875 2954 4930; x_wconf 76' lang='grc' dir='ltr'>ἐντεῦθεν</span> <span class='ocrx_word' id='word_1_811' title='bbox 2984 4877 3022 4944; x_wconf 80' lang='grc' dir='ltr'><strong><em>ἦ</em></strong></span> <span class='ocrx_word' id='word_1_812' title='bbox 3052 4877 3330 4930; x_wconf 74' lang='grc' dir='ltr'>ἐντεῦθεν</span> <span class='ocrx_word' id='word_1_813' title='bbox 3349 4893 3362 4906; x_wconf 77' lang='grc' dir='ltr'><strong>ο</strong></span> <span class='ocrx_word' id='word_1_814' title='bbox 3402 4877 3519 4943; x_wconf 77' lang='grc' dir='ltr'><strong>ὁδῷ</strong></span> <span class='ocrx_word' id='word_1_815' title='bbox 3553 4880 3647 4940; x_wconf 81' lang='grc' dir='ltr'><strong>βα-</strong></span> 
     </span>
    </p>
   </div>
   <div class='ocr_carea' id='block_1_110' title="bbox 2089 4964 3646 5042">
    <p class='ocr_par' dir='ltr' id='par_1_110' title="bbox 2089 4964 3646 5042">
     <span class='ocr_line' id='line_1_110' title="bbox 2089 4964 3646 5042; baseline 0.004 -24"><span class='ocrx_word' id='word_1_816' title='bbox 2089 4964 2299 5033; x_wconf 69' lang='grc' dir='ltr'>σιλικῇ</span> <span class='ocrx_word' id='word_1_817' title='bbox 2339 4966 2690 5037; x_wconf 76' lang='grc' dir='ltr'>βαδιοῦμεγ.</span> <span class='ocrx_word' id='word_1_818' title='bbox 2725 4968 2882 5022; x_wconf 84' lang='grc' dir='ltr'>Ἐστι</span> <span class='ocrx_word' id='word_1_819' title='bbox 2922 4968 3029 5040; x_wconf 83' lang='grc' dir='ltr'>γὰρ</span> <span class='ocrx_word' id='word_1_820' title='bbox 3075 4969 3190 5029; x_wconf 73' lang='grc' dir='ltr'>ὁδὸς</span> <span class='ocrx_word' id='word_1_821' title='bbox 3239 4969 3514 5042; x_wconf 77' lang='grc' dir='ltr'>βασιλικὴ,</span> <span class='ocrx_word' id='word_1_822' title='bbox 3542 4973 3646 5042; x_wconf 73' lang='grc' dir='ltr'>ητις</span> 
     </span>
    </p>
   </div>
   <div class='ocr_carea' id='block_1_111' title="bbox 2088 5056 3644 5132">
    <p class='ocr_par' dir='ltr' id='par_1_111' title="bbox 2088 5056 3644 5132">
     <span class='ocr_line' id='line_1_111' title="bbox 2088 5056 3644 5132; baseline 0.004 -25"><span class='ocrx_word' id='word_1_823' title='bbox 2088 5056 2235 5109; x_wconf 69' lang='grc' dir='ltr'>ἐστὶν</span> <span class='ocrx_word' id='word_1_824' title='bbox 2267 5058 2298 5126; x_wconf 89' lang='grc' dir='ltr'><strong>ή</strong></span> <span class='ocrx_word' id='word_1_825' title='bbox 2325 5057 2418 5109; x_wconf 81' lang='grc' dir='ltr'>τοῦ</span> <span class='ocrx_word' id='word_1_826' title='bbox 2447 5057 2581 5110; x_wconf 81' lang='grc' dir='ltr'>Θεοῦ</span> <span class='ocrx_word' id='word_1_827' title='bbox 2625 5059 2942 5128; x_wconf 79' lang='grc' dir='ltr'>Ἐκκλησία,</span> <span class='ocrx_word' id='word_1_828' title='bbox 2970 5062 3063 5112; x_wconf 78' lang='grc' dir='ltr'>καὶ</span> <span class='ocrx_word' id='word_1_829' title='bbox 3088 5061 3364 5131; x_wconf 77' lang='grc' dir='ltr'>ὁδοιπορία</span> <span class='ocrx_word' id='word_1_830' title='bbox 3399 5062 3498 5132; x_wconf 77' lang='grc' dir='ltr'>τῆς</span> <span class='ocrx_word' id='word_1_831' title='bbox 3529 5062 3644 5132; x_wconf 54' lang='lat' dir='ltr'><strong>alr,-</strong></span> 
     </span>
    </p>
   </div>
   <div class='ocr_carea' id='block_1_112' title="bbox 2088 5145 3640 5226">
    <p class='ocr_par' dir='ltr' id='par_1_112' title="bbox 2088 5145 3640 5226">
     <span class='ocr_line' id='line_1_112' title="bbox 2088 5145 3640 5226; baseline 0.007 -28"><span class='ocrx_word' id='word_1_832' title='bbox 2088 5145 2258 5210; x_wconf 86' lang='grc' dir='ltr'>θείας.</span> <span class='ocrx_word' id='word_1_833' title='bbox 2305 5149 2541 5222; x_wconf 84' lang='grc' dir='ltr'>Ἑκάστη</span> <span class='ocrx_word' id='word_1_834' title='bbox 2574 5151 2630 5204; x_wconf 83' lang='grc' dir='ltr'>δὲ</span> <span class='ocrx_word' id='word_1_835' title='bbox 2663 5153 2902 5220; x_wconf 81' lang='grc' dir='ltr'>τούτων,</span> <span class='ocrx_word' id='word_1_836' title='bbox 2946 5155 3046 5226; x_wconf 77' lang='grc' dir='ltr'>τὴν</span> <span class='ocrx_word' id='word_1_837' title='bbox 3094 5153 3380 5225; x_wconf 81' lang='grc' dir='ltr'>βασιλικὴν</span> <span class='ocrx_word' id='word_1_838' title='bbox 3416 5157 3640 5209; x_wconf 72' lang='grc' dir='ltr'>καταλείι</span> 
     </span>
    </p>
   </div>
   <div class='ocr_carea' id='block_1_113' title="bbox 2087 5239 3645 5320">
    <p class='ocr_par' dir='ltr' id='par_1_113' title="bbox 2087 5239 3645 5320">
     <span class='ocr_line' id='line_1_113' title="bbox 2087 5239 3645 5320; baseline 0.008 -30"><span class='ocrx_word' id='word_1_839' title='bbox 2087 5239 2257 5308; x_wconf 77' lang='grc' dir='ltr'>ψασα,</span> <span class='ocrx_word' id='word_1_840' title='bbox 2304 5241 2533 5294; x_wconf 85' lang='grc' dir='ltr'>κλίνασα</span> <span class='ocrx_word' id='word_1_841' title='bbox 2572 5243 2626 5296; x_wconf 85' lang='grc' dir='ltr'><strong>δὲ</strong></span> <span class='ocrx_word' id='word_1_842' title='bbox 2657 5245 2748 5297; x_wconf 69' lang='grc' dir='ltr'>ἐπὶ</span> <span class='ocrx_word' id='word_1_843' title='bbox 2780 5245 2846 5298; x_wconf 62' lang='grc' dir='ltr'>τὰ</span> <span class='ocrx_word' id='word_1_844' title='bbox 2888 5245 3036 5311; x_wconf 85' lang='grc' dir='ltr'>δεξιά</span> <span class='ocrx_word' id='word_1_845' title='bbox 3077 5247 3109 5316; x_wconf 80' lang='grc' dir='ltr'><strong>ἧ</strong></span> <span class='ocrx_word' id='word_1_846' title='bbox 3151 5247 3240 5299; x_wconf 74' lang='grc' dir='ltr'>ἐπὶ</span> <span class='ocrx_word' id='word_1_847' title='bbox 3269 5248 3338 5300; x_wconf 73' lang='grc' dir='ltr'>τὰ</span> <span class='ocrx_word' id='word_1_848' title='bbox 3379 5245 3645 5320; x_wconf 78' lang='grc' dir='ltr'>ἀριστερὰ,</span> 
     </span>
    </p>
   </div>
   <div class='ocr_carea' id='block_1_114' title="bbox 2087 5331 3629 5409">
    <p class='ocr_par' dir='ltr' id='par_1_114' title="bbox 2087 5331 3629 5409">
     <span class='ocr_line' id='line_1_114' title="bbox 2087 5331 3629 5409; baseline 0.006 -26"><span class='ocrx_word' id='word_1_849' title='bbox 2087 5331 2178 5384; x_wconf 76' lang='grc' dir='ltr'>ἐπὶ</span> <span class='ocrx_word' id='word_1_850' title='bbox 2210 5333 2346 5386; x_wconf 80' lang='grc' dir='ltr'><strong>πολὺ</strong></span> <span class='ocrx_word' id='word_1_851' title='bbox 2379 5334 2562 5388; x_wconf 83' lang='grc' dir='ltr'>λοιπὸν</span> <span class='ocrx_word' id='word_1_852' title='bbox 2587 5337 2786 5408; x_wconf 77' lang='grc' dir='ltr'>ἑαυτὴν</span> <span class='ocrx_word' id='word_1_853' title='bbox 2815 5337 3145 5403; x_wconf 81' lang='grc' dir='ltr'>ὲπιδιδοῦσα,</span> <span class='ocrx_word' id='word_1_854' title='bbox 3173 5340 3252 5401; x_wconf 82' lang='grc' dir='ltr'><strong>είς</strong></span> <span class='ocrx_word' id='word_1_855' title='bbox 3283 5338 3492 5409; x_wconf 79' lang='grc' dir='ltr'>πλάνην</span> <span class='ocrx_word' id='word_1_856' title='bbox 3519 5356 3629 5409; x_wconf 86' lang='grc' dir='ltr'>παρ·</span> 
     </span>
    </p>
   </div>
   <div class='ocr_carea' id='block_1_115' title="bbox 2085 5421 3638 5503">
    <p class='ocr_par' dir='ltr' id='par_1_115' title="bbox 2085 5421 3638 5503">
     <span class='ocr_line' id='line_1_115' title="bbox 2085 5421 3638 5503; baseline 0.007 -29"><span class='ocrx_word' id='word_1_857' title='bbox 2085 5421 2465 5496; x_wconf 75' lang='grc' dir='ltr'>ελκυθήσεταιο</span> <span class='ocrx_word' id='word_1_858' title='bbox 2505 5428 2598 5480; x_wconf 75' lang='grc' dir='ltr'><strong>καὶ</strong></span> <span class='ocrx_word' id='word_1_859' title='bbox 2648 5428 2828 5480; x_wconf 81' lang='grc' dir='ltr'>οὐκέτι</span> <span class='ocrx_word' id='word_1_860' title='bbox 2879 5429 3078 5500; x_wconf 84' lang='grc' dir='ltr'>μέτρον</span> <span class='ocrx_word' id='word_1_861' title='bbox 3112 5429 3225 5500; x_wconf 81' lang='grc' dir='ltr'>ἔχει</span> <span class='ocrx_word' id='word_1_862' title='bbox 3273 5431 3406 5503; x_wconf 81' lang='grc' dir='ltr'>παρ’</span> <span class='ocrx_word' id='word_1_863' title='bbox 3462 5431 3638 5500; x_wconf 62' lang='lat' dir='ltr'><strong>indm</strong></span> 
     </span>
    </p>
   </div>
   <div class='ocr_carea' id='block_1_116' title="bbox 2084 5517 3007 5590">
    <p class='ocr_par' dir='ltr' id='par_1_116' title="bbox 2084 5517 3007 5590">
     <span class='ocr_line' id='line_1_116' title="bbox 2084 5517 3007 5590; baseline 0.008 -23"><span class='ocrx_word' id='word_1_864' title='bbox 2084 5517 2290 5584; x_wconf 75' lang='grc' dir='ltr'>αἱρέσει</span> <span class='ocrx_word' id='word_1_865' title='bbox 2329 5520 2360 5588; x_wconf 77' lang='grc' dir='ltr'>ἡ</span> <span class='ocrx_word' id='word_1_866' title='bbox 2395 5518 2489 5588; x_wconf 83' lang='grc' dir='ltr'><strong>τῆς</strong></span> <span class='ocrx_word' id='word_1_867' title='bbox 2514 5519 2718 5590; x_wconf 76' lang='grc' dir='ltr'>πλάνης</span> <span class='ocrx_word' id='word_1_868' title='bbox 2744 5519 3007 5575; x_wconf 81' lang='grc' dir='ltr'>ἀναίδεια.</span> 
     </span>
    </p>
   </div>
   <div class='ocr_carea' id='block_1_117' title="bbox 477 5704 2096 5790">
    <p class='ocr_par' dir='ltr' id='par_1_117' title="bbox 477 5704 2096 5790">
     <span class='ocr_line' id='line_1_117' title="bbox 477 5704 2096 5790; baseline 0.005 -28"><span class='ocrx_word' id='word_1_869' title='bbox 477 5705 494 5736; x_wconf 84' lang='grc'>¹</span> <span class='ocrx_word' id='word_1_870' title='bbox 529 5704 692 5764; x_wconf 76' lang='lat' dir='ltr'><strong>Nunt.</strong></span> <span class='ocrx_word' id='word_1_871' title='bbox 722 5723 838 5775; x_wconf 66' lang='grc' dir='ltr'>ιιι,</span> <span class='ocrx_word' id='word_1_872' title='bbox 867 5709 938 5765; x_wconf 74' lang='grc'><strong>22</strong></span> <span class='ocrx_word' id='word_1_873' title='bbox 971 5725 1096 5784; x_wconf 85' lang='lat' dir='ltr'><strong>sqq.</strong></span> <span class='ocrx_word' id='word_1_874' title='bbox 1163 5714 1184 5746; x_wconf 82' lang='lat'><strong>’</strong></span> <span class='ocrx_word' id='word_1_875' title='bbox 1212 5711 1272 5768; x_wconf 72' lang='grc' dir='ltr'>Ε.</span> <span class='ocrx_word' id='word_1_876' title='bbox 1306 5713 1524 5768; x_wconf 85' lang='grc' dir='ltr'>κακίαν.</span> <span class='ocrx_word' id='word_1_877' title='bbox 1602 5716 1622 5749; x_wconf 89' lang='grc'><strong><em>³</em></strong></span> <span class='ocrx_word' id='word_1_878' title='bbox 1657 5715 1718 5770; x_wconf 78' lang='lat' dir='ltr'><strong>F.</strong></span> <span class='ocrx_word' id='word_1_879' title='bbox 1756 5717 2096 5790; x_wconf 80' lang='grc' dir='ltr'>προκόπτων.</span> 
     </span>
    </p>
   </div>
  </div>
