3728 6192
53 227 76 281 Ι
88 226 191 284 937

688 212 1059 279 ADVEllSll-S
1096 218 1439 277 HERESES
1476 217 1606 275 LIB.
1651 216 1713 273 ll.
1758 216 1922 273 TUM.
1964 234 2005 272 ι.
2047 245 2117 257 --
2154 214 2429 275 HERES.
2469 216 2584 276 LX.

3159 217 3300 275 Η)ῧὸ

127 343 221 397 ll".
250 341 382 409 Ἀγε
416 339 623 405 τοίνυν,
664 340 802 393 Θεοῦ
841 338 1055 404 δοῦλοι,
1084 338 1190 391 υίοί
1229 354 1290 391 τε
1329 339 1428 408 τῆς
1461 336 1626 405 ἁγίας

1821 330 1938 387 illi.
1983 332 2139 404 Agite
2170 332 2375 402 itaque.
2403 331 2499 386 Dei
2535 330 2707 396 servi,
2742 344 2805 385 ac
2837 339 3041 386 sancta
3074 330 3168 386 Dei
3199 334 3306 389 Ec-

47 433 188 487 Θεοῦ
220 431 566 503 Ἐκκλησίας,
590 433 638 485 el
664 431 755 484 τὸν
777 431 979 485 κανόνα
1003 430 1222 501 ἀσφαλῆ
1242 427 1622 498 γινώσκοντες,

50 526 150 578 καὶ
190 526 285 595 τὴν
326 523 445 577 ὁδὸν
491 526 594 594 τῆς
640 522 899 592 ἀληθείας
940 520 1245 593 βαδίζοντες
1264 538 1279 552 '
1314 519 1390 591 μὴ
1423 520 1628 588 φωναῖς

47 615 452 686 ἀνθελκόμενοι,
500 615 596 668 καὶ
635 615 786 685 φωνῇ
816 612 1052 683 ἑκάστης
1097 609 1627 682 παραπεποιημένης

45 705 465 777 ἐπιτηδεύσεως.
513 703 792 774 Σφαλεραὶ
841 701 950 774 γὰρ
993 703 1051 756 αἱ
1091 702 1297 755 τούτων
1347 700 1487 763 ὁδοὶ,
1530 697 1627 752 καὶ

42 797 285 868 ἀνάντης
323 797 357 867 ἠ
402 794 588 866 τρίϐος
621 794 719 866 τῆς
748 793 926 848 αὐτῶν
967 792 1501 865 παραπεποιημένης
1542 792 1627 844 ὲν-

43 888 222 953 votat;
272 885 730 958 Μεγαλαυχοῦσι,
783 886 881 941 καὶ⁹
925 885 994 939 τὰ
1045 886 1219 956 μικρὰ
1275 884 1377 937 οὐκ
1425 883 1623 936 ἷσασιν.

62 974 403 1053 Ἐλευθερίαν
448 980 898 1050 ἐπαγγέλλονται,
940 979 1093 1033 αὐτοὶ
1124 978 1299 1032 δοῦλοι
1341 977 1493 1040 ὄντες
1527 976 1628 1047 τῆς

45 1072 347 1144 ἁμαρτίας.
373 1072 454 1125 Τὰ
484 1071 707 1142 μείζονα
728 1071 976 1143 αὐχοῦσι,
1005 1070 1100 1124 καὶ
1131 1069 1243 1124 τῶν
1271 1067 1486 1140 μικρῶν
1518 1066 1626 1120 οὐδ’

42 1162 191 1227 ὅλως
216 1162 559 1216 ἐπελάϐοντο.

139 1254 292 1309 Ἀλλά
319 1254 412 1309 καὶ
451 1254 581 1325 περὶ
620 1252 825 1308 τούτων
853 1252 962 1306 τῶν
993 1251 1058 1326 δὴ
1086 1252 1372 1321 Καθαρῶν
1401 1252 1628 1324 λεγομέ-

44 1365 184 1411 νων,
227 1344 593 1414 Ἀκαθάρτων
622 1344 702 1407 δὲ,
739 1346 789 1398 εί
821 1344 902 1398 δεῖ
927 1343 1134 1415 τάληθῆ
1166 1344 1365 1413 λέγειν,
1397 1343 1630 1416 ἀρκετὸν

46 1438 293 1511 ἠγοῦμαι
333 1437 439 1501 ἕως
478 1434 714 1490 ἐνταῦθα
763 1435 961 1500 ίκαιῶς
1003 1434 1274 1507 εἰρῆσθαι.
1324 1436 1540 1507 Ταύτην
1572 1435 1631 1488 δὲ

45 1528 490 1602 παραλείψαντες
541 1527 618 1591 ὡς
662 1526 973 1598 βασιλίσκου
1020 1526 1315 1598 πρόσωπον
1339 1565 1354 1589 ,
1400 1526 1479 1597 τῷ
1530 1527 1630 1598 μὲν

45 1622 402 1695 προσχήματι
439 1619 533 1673 τοῦ
579 1618 842 1690 ὀνόματος
886 1619 1225 1690 ἑξοχωτάτην
1262 1618 1384 1673 τινὰ
1420 1620 1629 1672 ἐπωνυ-

47 1714 188 1783 μίαν
219 1712 581 1783 κεκτημένου,
626 1711 722 1764 καὶ
752 1712 818 1782 τῇ
851 1709 946 1764 τοῦ
972 1710 1136 1777 ξύλου
1178 1711 1406 1781 δυνάμει
1443 1709 1631 1764 τοῦτον

42 1802 371 1866 παίσαντες,
402 1799 495 1854 ἐπὶ
520 1800 618 1864 τὰς
640 1800 835 1871 ἐτέρας
866 1800 1030 1855 πάλιν
1068 1800 1403 1872 ὁρμήσωμεν
1421 1839 1436 1863 ,
1464 1799 1633 1869 αὐτὴν

38 1892 382 1963 ἐπαγόμενοι
406 1891 503 1963 τὴν
541 1889 635 1945 τοῦ
660 1890 795 1945 Θεοῦ
825 1890 1081 1953 ἱκετείαν,
1103 1892 1183 1954 είς
1206 1890 1267 1943 τὸ
1294 1889 1632 1955 συνοδεῦσαι,

42 1985 545 2055 σύμ-παραμεῖναι,
589 1985 865 2047 συνεῖναι,
918 1981 1282 2053 συνεργῆσαι,
1334 1980 1632 2045 διασῶσαι,

40 2073 383 2139 παιδεῦσαι,
410 2073 748 2141 καταξιῶσαι
774 2072 984 2145 τάληθῆ
1019 2072 1222 2140 λέγειν,
1254 2072 1341 2127 ἵνα
1373 2073 1512 2144 μήτε
1539 2073 1639 2126 αύο

38 2168 139 2219 ’τοῖ¹
156 2207 175 2233 ,
209 2166 403 2237 ψεῦδός
450 2182 501 2218 τι
547 2164 817 2234 λέγοντες,
861 2168 975 2247 τοῖς
1019 2165 1202 2228 αὐτοῖς
1248 2163 1634 2234 ὐποπέσωμεν,

36 2256 260 2321 ὁποίοις
291 2258 348 2311 αἱ
392 2258 458 2310 τά
484 2255 658 2327 ἀληθῆ
704 2256 795 2310 τὸν
840 2257 1043 2328 κόσμον
1067 2256 1147 2328 μὴ
1183 2253 1463 2322 διδάξασαι
1486 2256 1637 2328 αἱρέ-

42 2366 187 2414 σεις.

126 2527 253 2581 Ἔτι
282 2527 339 2580 δὲ
376 2528 427 2580 οἱ
464 2529 522 2580 ὲν
558 2529 622 2598 τῇ
659 2527 890 2599 ’Ᾱφρικῇ
916 2528 934 2597 (
946 2527 1029 2595 l7)
1052 2543 1109 2580 τε
1134 2527 1227 2579 καὶ
1256 2523 1557 2597 Βιζικανίᾳ,
1582 2526 1633 2580 οἱ

42 2618 168 2678 ἀπὸ
207 2620 452 2678 Aminea
480 2619 626 2684 τινὸς
648 2620 978 2677 Δωνατιανοὶ
1017 2618 1160 2675 οὕτω
1198 2617 1542 2691 καλούμενοι,
1570 2619 1639 2674 τὰ

37 2718 220 2785 ὃμοια
242 2714 451 2778 τούτοις
491 2713 814 2786 φρονοῦντές
849 2716 1010 2779 εἰσιν,
1045 2713 1376 2784 ἀφηνιασταὶ
1416 2712 1510 2765 καὶ
1544 2709 1642 2765 a13-

40 2810 139 2862 τοὶ
167 2807 333 2878 δῆθεν
359 2806 448 2861 διὰ
481 2809 541 2860 τὸ
568 2807 645 2879 μὴ
683 2809 1064 2875 ωγκοινωνεὶν
1087 2808 1198 2870 τοῖς
1234 2807 1291 2859 ὲν
1311 2804 1389 2875 τῷ
1416 2802 1642 2874 διωγμῷ

41 2895 461 2969 παρα-πεσοῦσι,
487 2899 598 2959 τοῖς
644 2896 828 2960 αὐτοῖς
866 2895 1367 2967 ἀνατραπήσονται,
1392 2892 1643 2964 καθάπερ

1727 423 1909 480 clesite
1939 421 2056 487 lilii,
2087 424 2181 495 qui
2219 431 2427 478 certam
2456 421 2577 502 ﬁdei
2610 421 2854 492 regulam
2895 424 3216 495 agnoscitis.
3238 442 3305 483 ac

1726 516 1873 569 viam
1905 514 2155 570 veritatis
2202 513 2456 569 inceditis
2486 530 2501 569 :
2531 528 2600 568 ne
2647 528 2745 568 vos
2797 516 3089 571 contraria:
3135 532 3307 575 voces

1727 598 2081 668 abstraham,
2128 612 2226 659 aut
2253 605 2554 674 cujuslibet
2594 604 2873 661 ementita:
2899 613 3065 661 secta
3095 622 3307 664 sermo.

1728 712 1828 751 nos
1862 696 2159 767 decipiant.
2200 696 2450 753 Lubrica:
2484 698 2684 768 quippe
2716 695 2816 751 vite
2842 703 2994 760 sunt,
3022 712 3087 751 ac
3116 698 3309 768 depra-

1728 794 1867 841 vata:
1902 787 2122 843 illorum
2159 787 2567 857 intelligentia;
2613 787 2839 844 acclivis
2888 795 2975 843 est
3022 789 3308 860 arduaque

1729 878 1949 933 semita.
2002 877 2219 935 Etenim
2270 879 2559 952 magniﬁce
2593 895 2715 935 sese
2738 879 2969 950 jactant,
2996 890 3053 935 et
3087 880 3307 936 interim

1729 972 1942 1026 minora
1973 973 2245 1029 nesciunt.
2276 973 2604 1029 Libertatem
2656 973 2974 1039 ostendunt,
3008 990 3131 1030 cum
3183 991 3311 1046 pec-

1730 1070 1986 1118 catorum
2041 1066 2188 1120 servi
2241 1065 2372 1120 sint.
2404 1064 2481 1121 De
2514 1066 2819 1134 majoribus
2857 1066 3186 1139 gloriantur,
3215 1083 3312 1124 ne-

1730 1168 1837 1225 que
1865 1160 2050 1209 tamen
2080 1154 2164 1208 vel
2195 1169 2363 1224 parva
2389 1165 2519 1210 sunt
2551 1158 2811 1213 assecuti.

1800 1239 2003 1298 Verum
2037 1243 2107 1300 de
2138 1259 2204 1299 eo
2233 1260 2434 1315 genere
2465 1245 2871 1313 haereticorum,
2918 1250 3011 1317 qui
3059 1250 3312 1316 Cathari,

1730 1333 1835 1390 hoc
1860 1342 1946 1390 est
1979 1333 2114 1388 Puri
2140 1336 2792 1410 vocantur,‘Axd6ap-con,
2827 1341 2931 1396 hoc
2969 1350 3058 1399 est
3104 1342 3311 1412 Impuri

1732 1427 1937 1483 rectius
1971 1428 2335 1499 appellentur,
2366 1430 2504 1485 satis
2537 1430 2777 1488 arbitror
2827 1446 2859 1487 a
2908 1449 2997 1489 me
3042 1434 3310 1490 hactenus

1730 1535 1854 1576 esse
1885 1520 2115 1576 dictum.
2145 1520 2509 1588 Quamobrem
2537 1524 2726 1579 eadem
2754 1523 2949 1581 haeresi
2977 1529 3309 1596 praetermis-

1732 1626 1814 1674 sa.
1848 1614 2073 1684 perinde
2106 1629 2172 1670 ac
2206 1615 2452 1671 basilisci
2483 1631 2602 1680 ore,
2637 1617 2755 1689 qui,
2782 1620 2930 1689 quod
2969 1619 3040 1675 ad
3067 1622 3311 1693 speciem

1735 1706 1975 1761 nominis
2005 1706 2222 1770 attinet,
2251 1707 2541 1764 excellenti
2572 1710 2808 1779 quadam
2857 1713 3099 1770 nominis
3128 1715 3313 1784 appel-

1736 1794 1939 1850 latione
1982 1803 2290 1853 censetur:
2328 1796 2431 1852 lioc
2476 1798 2644 1869 igitur
2689 1799 2819 1870 ligni
2867 1802 2915 1856 vi
2964 1817 3029 1858 ac
3069 1804 3313 1874 potentia

1734 1886 2096 1951 comminuto,
2125 1888 2193 1941 ad
2226 1888 2463 1958 reliquas
2492 1900 2858 1950 transeamus.
2892 1894 2998 1951 Sed
3029 1897 3085 1950 in
3122 1896 3316 1965 primis

1734 1976 1925 2033 eadem
1981 1976 2171 2033 divino
2208 1977 2431 2036 Numini
2480 1996 2642 2052 prece
2693 1986 3091 2055 supplicemus,
3121 1996 3181 2041 ut
3216 1987 3317 2041 viae

1737 2068 1896 2124 nobis
1925 2082 2110 2125 comes
2138 2084 2265 2126 esse
2295 2071 2446 2135 velit,
2478 2080 2533 2128 et
2559 2073 2849 2130 nobiscum
2882 2085 3117 2143 maneat,
3148 2077 3314 2142 adsit,

1735 2162 2058 2233 opituletur,
2090 2164 2400 2229 conservet,
2434 2165 2708 2235 instituat,
2737 2175 2794 2224 et
2818 2178 2879 2224 ut
2908 2185 3035 2226 vera
3064 2172 3316 2229 dicamus

1737 2253 2041 2324 largiatur;
2084 2270 2155 2310 ne
2208 2254 2347 2312 forte
2378 2257 2709 2316 mentientes
2752 2260 2973 2331 ipsimet
3016 2263 3076 2319 in
3123 2265 3314 2320 eadem

1738 2344 2109 2411 incurramus,
2151 2348 2209 2405 in
2249 2365 2371 2420 qua:
2404 2351 2641 2409 hmreses
2689 2354 2999 2411 inciderunt
3034 2357 3159 2424 illm,
3196 2375 3320 2429 quae

1741 2436 2038 2494 humanum
2069 2430 2242 2510 genus
2271 2442 2408 2498 falsa
2439 2443 2769 2502 docuerunt.
2934 2499 2947 2511 ,

1732 2518 1741 2527 ’
1808 2527 1891 2582 Ad
1921 2530 2036 2585 haec
2085 2532 2181 2602 qui
2233 2534 2288 2587 in
2324 2532 2534 2598 Africa,
2563 2543 2621 2590 et
2646 2534 2913 2592 Bizacena
2945 2539 3167 2610 degunt,
3199 2548 3254 2595 et
3286 2558 3318 2595 a

1743 2620 1954 2678 Donato
2003 2624 2242 2694 quodam
2296 2625 2589 2682 Donatiani
2626 2640 2914 2696 vocantur,
2948 2634 3137 2688 eadem
3190 2649 3317 2688 cum

1741 2713 2021 2783 prioribus
2066 2715 2176 2773 illis
2220 2718 2541 2782 sentientes.
2572 2721 2928 2792 eamdemque
2959 2723 3031 2778 ob
3068 2738 3316 2787 causam,

1742 2806 1888 2874 quod
1939 2806 2188 2864 videlicet
2231 2824 2357 2865 cum
2411 2810 2497 2868 his
2545 2814 2639 2882 qui
2680 2812 2733 2868 in
2766 2818 3147 2884 persecutione
3179 2817 3318 2885 lapsi

1743 2905 1922 2961 erant,
1950 2898 2089 2954 nihil
2142 2900 2345 2958 habere
2390 2917 2685 2960 commune
2716 2905 2937 2971 vellent,
2968 2907 3321 2973 rebellantes,

43 2990 155 3045 καὶ
202 2989 255 3041 ei
289 2987 742 3059 ἑτεροζυγοῦντες
785 2989 968 3051 αὐτοῖς
1013 2987 1373 3049 Νουατιανοὶ,
1417 2985 1516 3039 εἴτ’
1545 2981 1639 3039 οὖν

1821 2987 1936 3042 dem
1985 2989 2198 3045 ratione
2243 2991 2612 3061 disjicientur,
2642 3010 2749 3066 qua
2784 3005 2842 3052 et
2865 2995 3175 3064 Novatiani,
3210 3002 3328 3056 sive

42 3080 313 3152 Καθαροί.
360 3080 507 3135 οὕτω
534 3080 836 3151 λεγδμενοι.
870 3080 962 3133 Διὸ
992 3080 1052 3133 οὐ
1096 3079 1284 3151 χρείαν
1329 3079 1643 3149 ἐσχήκαμεν

1821 3078 1993 3142 .tliari,
2032 3078 2127 3150 qui
2175 3096 2467 3140 commune
2519 3100 2643 3140 cum
2676 3086 2785 3143 illis
2830 3087 3021 3159 jugum
3076 3089 3324 3146 trahunt.

44 3175 192 3243 περὶ
219 3172 425 3227 τούτων
454 3190 508 3226 τι
540 3172 971 3243 ἐπεργάσασθαι,
1002 3170 1115 3225 ἀλλ’
1138 3169 1273 3240 ὁμοῦ
1309 3170 1505 3233 αὐτοὺς
1534 3170 1645 3231 τοῖς

40 3264 271 3335 ὁμοίοις
298 3266 480 3328 αὐτοῖς
511 3265 845 3336 συνήψαμεν.
872 3264 1263 3335 Περιττὸτερον
1292 3262 1349 3316 δὲ
1376 3254 1520 3315 οὗτοι
1550 3261 1649 3314 πά-

40 3356 143 3407 λιν
179 3356 277 3409 καὶ
318 3358 500 3428 χεῖρον
547 3354 825 3419 ἐξέπεσον.
864 3355 978 3426 Τὴν
1012 3354 1121 3425 γὰρ
1161 3354 1340 3406 πίστιν
1384 3350 1529 3406 κατὰ
1555 3352 1648 3405 τὸν

49 3449 289 3518 Ἀρειον
343 3445 665 3521 φρονοῦσιν·
721 3447 1198 3518 ἀνατραπήσονται
1266 3444 1323 3498 δὲ
1386 3442 1648 3506 ὡσαύτως

48 3542 196 3611 περὶ
233 3539 487 3604 πίστεως,
511 3534 578 3613 ἧς
606 3539 792 3603 κακῶς
822 3537 1129 3611 φρονοῦσιν,
1156 3537 1232 3601 ὼς
1257 3537 1351 3590 καὶ
1372 3537 1401 3588 ὁ
1433 3537 1649 3607 Ἀρειος

44 3631 353 3703 ἀνετράπη
384 3630 469 3684 διὰ
499 3631 672 3700 λόγων
700 3630 981 3702 ἀληθείας,
1018 3629 1088 3684 τὰ
1118 3628 1259 3683 αὐτὰ
1283 3630 1492 3693 τούτοις
1520 3645 1651 3701 φρο-

47 3724 208 3782 νῶν.
255 3724 351 3776 καὶ
391 3718 535 3778 οὗτοι
569 3723 782 3794 ἐκείνῳ.
810 3722 923 3776 Καὶ
965 3721 1171 3795 ταύτην
1214 3722 1272 3777 δὲ
1315 3721 1479 3776 πάλιν
1513 3736 1655 3791 παρ-

48 3816 435 3885 ελευσὸμενοι,
477 3816 567 3867 ἐπὶ
599 3814 697 3876 τάς
727 3814 854 3884 ἑξῆς
886 3812 1171 3885 βαδιοῦμεν
1190 3857 1206 3883 ,
1231 3813 1418 3884 ῶσπερ
1447 3813 1654 3884 ἑρπετὰ

45 3907 221 3963 δεινά
256 3906 779 3978 καταπεπατηκότες
807 3907 865 3961 ἐν
892 3905 1100 3978 Κυρίῳ.

465 4200 656 4254 ΚΑΤΑ
693 4198 1083 4256 ΑΙΤΕΛΙΚΩΝ
1125 4199 1259 4271 (ιδ),

549 4294 785 4363 Αἵρεσις
817 4295 887 4347 Μ’
915 4292 954 4359 ἠ
989 4293 1088 4347 καί
1112 4292 1192 4347 ε’.

1749 3166 1909 3238 505
1936 3168 2206 3237 Quocirca
2237 3189 2462 3231 necesse
2495 3178 2603 3232 non
2635 3162 2928 3236 habuimus
2976 3181 3229 3252 privatim
3258 3183 3329 3239 de

1748 3257 1860 3313 illis
1900 3260 2136 3331 amplius
2168 3261 2376 3332 aliquid
2403 3272 2680 3335 tractare;
2714 3268 2811 3324 sed
2842 3269 2965 3325 illos
2993 3286 3117 3325 cum
3142 3271 3225 3326 sui
3252 3273 3330 3327 si-

1751 3352 1970 3409 milibus
1990 3354 2407 3427 eonjungendos
2430 3360 2762 3429 putavimus.
2790 3360 2901 3417 Sed
2925 3362 3014 3418 isti
3044 3360 3334 3420 vehemen-

1749 3444 1861 3500 tius
1890 3460 1955 3499 ac
1988 3446 2232 3504 deterius
2264 3449 2612 3519 aberrarunt,
2646 3455 2850 3525 quippe
2875 3457 2968 3526 qui
2993 3457 3047 3512 in
3079 3458 3328 3514 eamdem

1751 3548 1878 3588 cum
1911 3535 2041 3590 Ario
2084 3536 2241 3592 ﬁdem
2282 3541 2629 3595 consentiant
2657 3561 2671 3597 :
2708 3544 2856 3600 unde
2888 3554 2962 3610 et,
2987 3547 3133 3617 quod
3165 3548 3233 3602 ad
3265 3549 3332 3602 ti—

1751 3624 1875 3680 dem
1907 3627 2123 3693 attinet,
2152 3628 2221 3683 de
2251 3645 2360 3699 qua
2392 3632 2533 3687 male
2557 3636 2822 3699 sentiunt.
2850 3635 3044 3691 eodem
3089 3646 3333 3695 everten-

1756 3725 1846 3770 tur
1897 3717 2080 3785 modo,
2115 3734 2227 3789 quo
2276 3720 2445 3776 Arius
2489 3722 2738 3779 veritatis
2780 3725 3030 3782 oratione
3061 3726 3334 3783 refutatus

1753 3816 1860 3873 est,
1895 3824 2018 3864 cum
2070 3824 2101 3863 a
2154 3826 2215 3866 se
2260 3811 2491 3868 invicem
2533 3814 2758 3870 minime
2786 3816 3138 3873 dissentiant.
3171 3817 3336 3877 Deni-

1754 3915 1863 3969 que
1891 3915 1992 3955 nos
2039 3900 2130 3955 illa
2176 3904 2474 3973 praeterita,
2506 3904 2573 3959 ad
2615 3906 2855 3976 reliquas
2894 3908 3335 3980 progrediemur,

1754 3999 2110 4063 posteaquam
2154 3995 2431 4057 horrenda
2466 3997 2635 4052 veluti
2683 3999 3022 4068 serpentium
3057 4009 3329 4066 monstra,

1757 4082 1989 4139 Domino
2014 4084 2330 4155 adiuvante,
2363 4088 2825 4159 proculcavimus.

2138 4198 2511 4258 ADVERSUS
2548 4201 2960 4270 ANGELICOS,

2234 4292 2464 4350 "(nmis
2488 4293 2589 4349 XL
2613 4296 2719 4350 sive
2746 4294 2865 4350 LX.

135 4391 223 4444 Ν.
269 4384 596 4456 ’Δγγελικῶν
638 4385 851 4457 αἵρεσιν
890 4384 1235 4455 ἀκηκόαμεν,
1270 4382 1452 4438 καὶτὸ
1483 4382 1643 4454 ὄνομα

1834 4384 1871 4440 Ι.
1902 4386 2098 4442 Audita
2119 4402 2150 4441 a
2174 4385 2335 4442 nobis
2360 4394 2446 4442 est
2466 4386 2853 4457 Angelicorum
2886 4386 3130 4453 haeresis,
3162 4404 3229 4443 ac
3255 4405 3340 4445 so-

60 4485 245 4554 μόνον
296 4479 661 4551 ὲνηχήθημεν,
694 4477 754 4530 οὐ
801 4476 944 4530 πάνυ
973 4476 1031 4530 δὲ
1070 4476 1258 4546 σαφῶς
1306 4476 1466 4546 ἴσμεν
1505 4476 1590 4539 τίς
1620 4477 1655 4547 ἠ

57 4573 308 4646 τοιαύτη
353 4573 583 4641 αἵρεσις,
626 4569 715 4624 διὰ
752 4568 814 4621 τὸ
857 4569 999 4639 τάχα
1042 4569 1210 4631 ποτὲ,
1261 4567 1447 4640 καιρῷ·
1488 4568 1660 4640 αὐτὴν

60 4667 372 4728 ὲνστᾶσαν,
402 4663 628 4733 ὕστερον
654 4660 832 4730 λῆξαι,
862 4661 956 4713 καὶ
981 4660 1348 4731 καταλυθῆναι
1376 4662 1458 4724 είς
1487 4658 1658 4723 τέλος.

60 4759 147 4811 Τὸ
184 4758 248 4811 δὲ
298 4756 469 4826 ὄνομα
520 4752 611 4806 διὰ
652 4751 811 4805 ποίαν
855 4751 1037 4805 αἰτίαν
1087 4751 1278 4822 ἔσχεν,
1328 4750 1428 4805 οὐκ
1478 4752 1659 4822 ταμεν.

64 4851 245 4903 Ἤτοι
277 4847 386 4917 γὰρ
426 4842 577 4915 παρὰ
616 4842 678 4896 τὸ
718 4840 872 4906 τινὰς
912 4841 1017 4894 ὑπὸ
1049 4841 1295 4911 ἀγγέλων
1337 4842 1429 4895 τὸν
1458 4842 1663 4912 κόσμον

59 4936 413 5015 γεγενῆσθαι
432 4935 674 5005 φάσκειν·
709 4933 822 5004 (καὶ
850 4935 898 4986 εί
929 4932 1068 5004 αὐτὴ
1097 4930 1253 4986 τοῦτο
1278 4932 1559 5003 φάσκουσα
1585 4930 1665 5003 τῷ

61 5033 308 5102 ὀνόματι
355 5027 529 5097 τούτῳ
562 5026 838 5098 κέκληται,
872 5027 972 5081 οὐκ
1003 5024 1111 5097 ἔχω
1155 5025 1379 5094 λέγειν),
1423 5026 1543 5095 ῆτοι
1575 5025 1665 5079 διὰ

61 5124 133 5177 τὸ
176 5124 240 5176 ἑν
288 5118 444 5185 τάξει
486 5117 732 5187 ἀγγέλων
779 5118 1006 5180 ἑαυτοὺς
1052 5116 1364 5180 σεμνύνειν,
1408 5116 1503 5169 καὶ
1562 5114 1666 5187 βίῳ

150 5315 272 5386 (Π)
299 5316 428 5368 Ἔτι
452 5313 521 5386 δὲ
542 5313 684 5386 οἱμὲν
709 5313 785 5383 τῇ
801 5312 1057 5383 Ἁφρικῇ.
1084 5311 1479 5386 Deponatistis
1508 5312 1668 5386 levis-

70 5382 225 5443 sime
250 5382 569 5454 defungitur
595 5385 951 5454 Epiphanius,
977 5383 1121 5453 quod
1155 5382 1371 5437 illorum
1410 5383 1669 5438 fortassis

69 5471 311 5514 errores
379 5453 523 5508 haud
591 5453 727 5510 satis
793 5460 1152 5522 compererat.
1226 5453 1392 5522 Atqui
1473 5464 1671 5523 praeter

72 5528 371 5607 seliisrna,
413 5534 469 5607 et
523 5527 856 5607 pertinacem
888 5538 947 5605 ,ιι
1006 5523 1231 5607 reliquis
1300 5525 1669 5607 secessionem

73 5597 358 5655 nonnulla
407 5595 476 5650 de
526 5592 595 5649 iis
642 5594 936 5666 peculiaria
993 5594 1098 5648 dici
1128 5592 1392 5666 possent.
1451 5592 1559 5648 Sed
1604 5608 1672 5647 ex

73 5667 303 5743 Optati,
362 5664 691 5739 Augustini,
751 5664 1094 5735 aliorumque
1151 5664 1399 5736 scriptis,
1436 5671 1550 5721 tum
1605 5677 1671 5720 ex

1762 4478 1872 4532 lum
1918 4478 2040 4550 ejus
2090 4492 2289 4533 nomen
2320 4476 2655 4548 accepimus,
2690 4492 2868 4548 neque
2909 4478 3217 4550 cuiusmodi
3250 4482 3339 4535 illa

1761 4568 1979 4623 demum
2013 4568 2239 4625 haeresis
2268 4566 2360 4630 sit,
2387 4575 2733 4637 compertum
2755 4567 3065 4624 habuimus.
3095 4570 3250 4634 Quod
3273 4586 3340 4624 eo

1764 4659 1999 4716 fortasse
2032 4658 2285 4730 contigit,
2321 4657 2470 4729 quod
2522 4673 2646 4712 cum
2695 4658 2993 4728 aliquando
3022 4659 3338 4730 prodiisset’,

1762 4751 1925 4805 desiit
1956 4757 2168 4821 postea,
2214 4763 2280 4803 ac
2310 4749 2527 4804 tandem
2558 4750 2779 4821 penitus
2821 4751 3093 4806 exstincta
3134 4760 3240 4808 est.
3272 4752 3342 4807 ιι‹

1765 4841 1856 4910 Iud
1893 4856 2022 4897 vero
2048 4856 2249 4897 nomen
2275 4856 2441 4911 quam
2472 4841 2544 4897 ob
2573 4854 2797 4896 causam
2832 4842 3153 4911 obtinuerit,
3186 4845 3344 4914 igno-

1766 4946 1973 4985 ramus.
1995 4929 2132 4985 Nam
2159 4945 2285 4985 cum
2309 4930 2551 4986 haeretici
2582 4930 2805 5001 quidam
2840 4932 3121 4987 conditum
3150 4934 3220 4988 ab
3238 4951 3341 4989 an-

1765 5023 1902 5094 gelis
1934 5022 2197 5077 mundum
2232 5037 2357 5078 esse
2384 5022 2647 5088 dixerint,
2680 5030 2995 5079 utrumnam
3021 5025 3137 5095 haec
3168 5037 3341 5091 secta,

1766 5113 1913 5184 quod
1964 5114 2106 5168 idem
2153 5120 2514 5176 asseveraret,
2545 5114 2736 5169 eodem
2778 5116 2852 5171 sit
2877 5115 3069 5172 affecta
3098 5119 3342 5184 nomine,

1770 5310 2029 5388 Ecclesiae
2059 5311 2348 5388 annalibus
2387 5312 2494 5388 peti
2525 5314 2708 5388 omnia
2744 5324 2996 5388 possunt.
3093 5387 3103 5388 ί
3133 5386 3146 5388 _
3260 5386 3268 5388 Α
3338 5376 3365 5388 ,ν

1842 5382 1952 5454 (18)
1991 5380 2492 5454 -Ἁτγελικῶνίυο
2537 5383 2623 5437 his
2648 5380 2878 5454 August.
2923 5385 3053 5440 haer.
3089 5386 3199 5441 39:
3235 5380 3349 5440 Ακὲ

1771 5453 1943 5525 gelici,
1989 5452 2185 5525 inquit,
2233 5453 2288 5506 in
2330 5452 2635 5525 angelorum
2667 5452 2868 5525 cultum
2910 5455 3177 5525 inclinati.
3217 5473 3346 5525 quos

1776 5521 2103 5590 Epiphanius
2142 5522 2260 5592 jam
2290 5524 2502 5576 omnino
2543 5524 2795 5592 defecisse
2833 5533 3077 5578 testatur.
3126 5521 3346 5579 Cultum

1774 5592 2005 5666 luerim
2057 5593 2312 5666 λατρείαν
2359 5593 2795 5666 i_ntellige._Alia
2840 5592 2948 5647 τῶν
3017 5594 3348 5666 Ἀγγελικῶν

1777 5662 1927 5720 notio
1958 5662 2026 5720 ab
2057 5662 2480 5737 loci'.cujusdam
2512 5663 2731 5727 nomine
2764 5676 2994 5736 prorsus
3023 5664 3344 5736 rejicienda.
