3822 6294
394 284 531 341 1059

1760 261 1820 319 S.
1864 252 2207 318 EPIPHANII

3518 249 3673 312 1046

372 364 541 460 εει-ιο
569 395 840 450 afﬁrmare
867 404 978 446 non
1006 400 1250 460 possum.
1281 393 1365 440 An
1398 380 1581 455 potius
1609 379 1755 450 quod
1782 379 1837 434 in
1868 393 1970 433 an-

2108 374 2399 448 ξοχωτάτῳ
2421 373 2668 443 ἄγεσθαι,
2695 368 2816 427 οὐδὲ
2837 369 2999 428 τοῦτο
3027 370 3470 455 διαϐεϐαιοῦμαι⁴
3498 375 3534 445 ἦ
3563 376 3670 429 καὶ

394 493 781 567 κθιίουηιιεεεε
811 482 1065 539 ordinem
1112 487 1437 548 arroganter
1483 471 1775 536 referrent,
1807 480 1968 539 atque
2006 504 2011 509 ι

393 566 745 642 excellentem
786 572 1080 647 quamdam
1123 571 1250 625 vita:
1295 567 1564 624 rationem
1596 566 1965 630 instituerent,

395 692 460 734 ne
493 678 599 731 hoc
628 669 849 743 quidem
898 680 1001 736 pro
1043 669 1326 732 comperto
1355 658 1544 714 affero.
1572 658 1654 711 An
1690 663 1969 727 postremo

2072 471 2181 524 ἀπὺ
2213 469 2379 522 τόπου
2426 468 2575 530 τινος
2623 468 2907 538 εἰληφότες
2951 451 3208 537 τοῦνομω
3244 468 3434 539 ἐπειδὴ
3482 469 3670 541 χῶρός

2074 560 2158 624 τίς
2193 561 2339 613 ἐστιν
2382 557 2667 629 Ἀγγελίνη
2692 558 2953 613 ἐπέκεινα
2978 559 3077 630 τῆς
3100 556 3533 623 Μεσοποταμίας
3559 559 3669 630 χῶ-

2082 669 2183 724 ρας
2209 651 2481 722 κείμενος.

395 769 464 824 ab
516 767 641 820 loco
702 757 940 831 quodam
990 769 1110 811 eam
1165 751 1581 823 appellationem
1629 747 1809 805 sortiti
1840 748 1971 802 sint.
2011 743 2286 812 Quoniam
2319 744 2539 815 quidem
2604 742 2757 816 regio
2812 743 3062 816 quaedam
3094 750 3180 803 est
3220 745 3367 801 ultra
3410 743 3667 815 Mesopo-

396 860 641 921 tamiam,
669 868 791 925 quae
822 849 1086 921 Angelina
1110 846 1333 902 dicitur.

466 950 528 1003 ll.
568 946 687 1003 Jam
729 959 859 1000 vero
901 939 1153 1013 quisquis
1192 953 1257 993 es
1286 938 1523 1002 auditor,
1556 936 1602 992 si
1647 951 1769 1006 qua:
1811 949 1843 988 a
1885 949 1973 989 me

398 1050 557 1096 antea
586 1040 733 1093 dicta
768 1041 899 1091 sunt
929 1031 1265 1096 recorderis,
1292 1029 1430 1085 nihil
1462 1029 1568 1084 erit
1608 1026 1755 1100 quod
1790 1041 1878 1082 me
1914 1026 1971 1080 in

398 1128 647 1185 criminis
676 1122 1046 1195 suspicionem
1076 1119 1339 1175 adducas.
1382 1117 1497 1173 Hoc
1527 1119 1674 1174 enim
1700 1117 1769 1174 de
1803 1118 1975 1173 haere-

399 1220 553 1275 sibus
591 1215 904 1285 recepimus
937 1231 950 1266 :
984 1210 1347 1281 quarumdam
1387 1224 1490 1265 nos
1536 1209 1751 1266 radices
1776 1224 1840 1263 ac
1869 1208 1971 1263 do-

397 1318 599 1383 gmata,
631 1316 725 1362 aut
765 1304 972 1376 aliquid
997 1317 1186 1359 eorum
1218 1316 1340 1373 qua
1372 1301 1443 1357 ab
1482 1302 1589 1357 illis
1622 1301 1737 1357 fieri
1770 1302 1968 1367 solent,

334 1434 337 1435 ν
399 1417 522 1458 esse
568 1408 925 1461 narraturos;
972 1394 1203 1449 aliarum
1235 1406 1364 1448 vero
1394 1393 1615 1447 nomine
1640 1402 1798 1448 lenus
1822 1409 1974 1449 meu-

398 1495 604 1548 tionem
638 1504 762 1546 esse
794 1486 1062 1542 facturos.
1090 1483 1264 1539 Porro
1293 1491 1557 1553 quantum
1600 1484 1786 1539 divina
1813 1483 1972 1539 nobis

399 1600 503 1655 ope
535 1579 898 1654 praesidioque
938 1590 1263 1633 concessum
1315 1586 1419 1641 est,
1444 1576 1702 1633 omnibus
1728 1575 1795 1630 ad
1832 1574 1974 1629 hanc

2149 924 2224 981 B’.
2249 925 2388 998 Ἤδη
2415 925 2474 980 δὲ
2492 926 2549 979 ἐν
2565 924 2868 998 ὑπομνήσει
2895 916 2988 979 σου
3018 928 3305 998 γινομένου
3327 930 3428 983 τοῦ
3458 932 3661 1002 ἀκροαα

2078 1017 2209 1082 τοῦ,
2261 1018 2361 1071 οὑκ
2429 1020 2511 1081 είς
2578 1016 2924 1086 κατάγνωσιν
2974 1019 3034 1072 ἐν
3093 1019 3373 1083 ὑπονοίαις
3432 1023 3659 1096 γενήσῃ.

2091 1110 2567 1182 Ἐπηγγειλάμεθα
2610 1108 2721 1182 γὰρ
2767 1109 2875 1163 τῶν
2924 1108 3025 1181 μὲν
3066 1110 3167 1175 τάς
3211 1111 3370 1184 ῥίζας
3424 1114 3520 1167 καὶ
3563 1116 3663 1178 τὰς

2077 1204 2400 1277 προφάσεις,
2431 1203 2466 1273 ἦ
2508 1220 2564 1256 τι
2595 1202 2705 1255 τῶν
2743 1204 2801 1255 ἐν
2830 1206 2939 1269 τοῖς
2975 1203 3106 1276 παρ’
3142 1204 3327 1268 αὐτοῖς
3361 1205 3665 1275 γινομένων

2077 1296 2338 1369 δηλῶσαν
2370 1294 2544 1349 ἄλλων
2576 1294 2634 1349 δὲ
2684 1293 2841 1364 μόνον
2866 1294 2945 1366 τῷ
2973 1294 3195 1367 ὀνόματι
3240 1296 3661 1367 ἀπομνημονεῦ-

2080 1403 2193 1441 σαι.
2231 1386 2317 1447 Ὠς
2352 1386 2409 1439 δὲ
2450 1386 2484 1455 ἠ
2514 1382 2639 1439 θεία
2675 1383 2905 1454 δύναμις
2951 1384 3351 1455 παρεσκεύασε,
3385 1387 3485 1439 καὶ
3510 1387 3665 1459 £604;-

2079 1479 2264 1551 θησεν,
2300 1477 2405 1541 ἓως
2428 1476 2631 1547 ταύτης
2676 1477 2779 1548 τῆς
2817 1476 3085 1549 αἱρέσεως
3115 1478 3215 1542 τὰς
3249 1480 3434 1543 πάσας
3470 1479 3666 1545 διεξελο

2080 1571 2282 1635 θόντες,
2313 1570 2864 1642 οὖδεμίαν·είάσαμεν
2903 1570 3326 1641 ἀνερμήνευτον,
3361 1572 3507 1643 πλὴν
3536 1574 3666 1643 μιᾶς

400 1690 574 1746 usque
619 1672 787 1729 sectis
837 1669 1123 1740 expositis,
1155 1667 1385 1733 nullam,
1422 1668 1526 1725 hac
1556 1675 1802 1739 excepta.
1835 1682 1973 1738 pra:-

2103 1665 2298 1733 ταύτης.
2331 1663 2485 1733 Τάχα
2516 1661 2573 1715 δὲ
2597 1660 2683 1715 διὰ
2710 1661 2800 1725 τὸ,
2837 1661 3167 1732 ἐπαρθεῖσαν
3195 1661 3273 1732 τῷ
3300 1662 3460 1735 τύφῳ
3486 1656 3667 1733 ὀλίγον

398 1765 759 1829 termisimus,
790 1777 963 1833 quam
989 1776 1099 1816 non
1124 1760 1370 1816 oratione
1404 1758 1829 1816 declararemus.
1863 1757 1971 1814 Sed

400 1858 598 1915 accidit
634 1857 889 1919 fortasse,
927 1862 985 1910 ut
1004 1870 1128 1910 cum
1157 1853 1306 1910 brevi
1336 1853 1427 1908 illa
1463 1861 1707 1923 tempore
1739 1866 1862 1908 sese
1884 1854 1973 1908 in-

399 1951 641 2005 solenter
685 1946 994 2011 extulisset,
1029 1959 1093 1999 ac
1129 1953 1404 2014 postremo
1433 1944 1712 2008 desiisset,
1743 1944 1880 1999 nihil
1910 1943 1979 1999 de

402 2038 521 2107 ipsa
548 2036 685 2091 certi
712 2034 1092 2106 exploratique
1123 2032 1405 2103 percipere
1439 2028 1768 2103 possemus.‘
1792 2033 1978 2104 Itaque
2021 2062 2023 2065 ι

405 2130 522 2186 sola
557 2128 680 2199 ejus
714 2125 1080 2199 appellatione
1129 2122 1387 2178 celeriter
1430 2126 1847 2194 comprehensa.
1886 2137 1980 2178 eo-

403 2238 513 2291 que
558 2221 801 2283 nomine,
831 2220 981 2275 velut
1018 2218 1274 2273 abortivo
1313 2216 1550 2288 quodam
1602 2214 1737 2281 fetu,
1782 2214 1982 2279 functi,

404 2315 511 2368 hoc
555 2312 676 2367 loco
721 2309 1115 2381 pratermisso,
1153 2308 1222 2362 ad
1269 2305 1718 2377 contemplandas
1755 2311 1983 2361 caeteras

404 2404 647 2459 animum
681 2412 1087 2458 convertemus.
1122 2399 1311 2471 Itaque
1341 2400 1576 2470 primum
1613 2396 1685 2453 ab
1708 2397 1982 2452 universi-

410 2498 536 2552 tatis
585 2494 831 2562 Domino.
859 2494 1282 2565 postulabimus,
1317 2500 1376 2546 ut
1406 2490 1602 2546 adesse
1630 2489 1792 2545 nobis
1827 2489 1980 2553 velit,

405 2598 460 2644 et
492 2596 550 2643 ut
569 2602 692 2659 quae
719 2585 863 2658 apud
894 2585 1019 2641 illos
1050 2584 1214 2657 506
1240 2584 1376 2638 fiunt
1406 2582 1603 2653 exiguo
1631 2589 1796 2652 atque
1821 2581 1987 2637 imbe-

404 2681 533 2736 cillo
566 2680 784 2751 ingenio
814 2687 1005 2734 nostro
1036 2677 1357 2746 subjiciens,
1385 2674 1641 2730 universa
1676 2688 1779 2730 nos
1817 2687 1981 2744 quam

406 2771 818 2829 accuratissime
846 2770 1138 2842 perdoceat
1177 2786 1193 2823 :
1226 2782 1336 2839 quo
1370 2774 1424 2823 et
1456 2781 1559 2822 nos
1588 2768 1760 2836 ipsos,
1797 2772 1853 2821 et
1878 2778 1985 2820 car
2022 2776 2023 2779 ‘

2078 1758 2288 1831 καιρὸν,
2318 1756 2410 1810 καὶ
2441 1754 2667 1826 ὕστερον
2695 1755 2856 1826 λῆξαι
2896 1754 2996 1827 τὴν
3025 1756 3195 1827 αὐτῆς
3222 1757 3565 1828 κατάληψιν,
3602 1759 3664 1812 ού

2082 1852 2223 1907 πάνυ
2262 1847 2449 1919 σαφῶς
2477 1848 2745 1919 ἔγνωμεν.
2774 1847 2993 1920 Ταύτης
3018 1847 3074 1901 δὲ
3109 1850 3267 1920 μόνον
3293 1851 3673 1921 ἐπιμνησθέν-’

2080 1961 2174 2006 τες
2204 1942 2305 2013 τῆς
2338 1940 2634 2011 ὀνομασίας
2664 1940 2723 1993 ἐν
2767 1939 2924 2010 τάχει
2944 1979 2962 2002 ,
3002 1939 3193 2012 ὥσπερ
3236 1940 3559 2013 ἐκτρώματι
3589 1943 3669 2012 τῷ

2079 2034 2304 2105 ὀνόματι
2332 2031 2711 2103 χρησάμενοι,
2739 2029 3186 2105 παρελευσόμεθα
3225 2032 3318 2087 τὸν
3353 2034 3542 2097 τόπον,
3576 2033 3668 2087 ἐπὶ

2081 2126 2181 2191 τὰς
2227 2124 2422 2196 ἐτέρας
2452 2123 2509 2177 δὲ
2556 2119 2978 2187 διασκοποῦντες
3020 2123 3118 2194 τὴν
3156 2125 3333 2197 ὁρμὴν
3370 2126 3667 2180 ποιεῖσθαι.

2082 2216 2193 2271 Καὶ
2240 2214 2557 2284 αἰτούμενοι
2600 2214 2708 2268 τῶν
2763 2214 2900 2273 ὅλων
2947 2214 3229 2287 Δεσπότην
3274 2216 3673 2289 παραφανῆναι

2082 2310 2239 2380 ἡμῖν,
2290 2307 2383 2361 καὶ
2424 2307 2492 2360 τὰ
2540 2306 2741 2379 ἀκριϐῆ
2791 2306 2901 2360 τῶν
2947 2308 3077 2378 παρ’
3127 2308 3312 2372 αὐτοῖς
3360 2310 3675 2381 γινομένω)

2086 2396 2429 2462 ἐπιδείξαντα
2460 2395 2540 2468 τῷ
2573 2395 2795 2468 σμικρῷ
2819 2396 2977 2468 ἡμῶν
3003 2398 3101 2470 νῷ,
3135 2399 3316 2454 πάντα
3338 2400 3487 2453 κατά
3515 2400 3679 2472 ἀκρίέ

2085 2490 2239 2544 σειαν
2285 2490 2562 2561 σημᾶναιο
2614 2488 2682 2543 ἶν’
2710 2490 2924 2554 ἑαυτοῖς
2962 2508 3020 2543 τε
3069 2492 3164 2545 καὶ
3206 2494 3319 2556 τοῖς
3363 2491 3536 2558 πέλας
3574 2494 3673 2566 τὴν

2084 2579 2370 2650 διόρθωσιν
2403 2578 2782 2651 ποιησώμεθα,
2812 2577 2910 2633 τοῦ
2941 2579 3171 2651 φεύγειν
3195 2582 3264 2636 τὰ
3291 2581 3498 2653 φαῦλα,
3530 2584 3586 2637 ἐν
3613 2584 3672 2638 δὲ

2084 2675 2199 2736 τοῖς
2226 2672 2454 2742 ἀγαθοῖς
2480 2672 2575 2726 καὶ
2602 2670 2991 2744 ἁληθεστάτοις
3024 2673 3085 2727 τὸ
3112 2674 3328 2747 ἑδραῖον
3358 2676 3578 2729 ἑαυτοϊι
3609 2676 3674 2728 ἐν

2087 2762 2208 2834 Θεῷ
2240 2762 2733 2835 προσπορίσασθαι.

406 2876 555 2922 teros
585 2865 805 2921 erudire
828 2864 1127 2935 possimus,
1155 2862 1234 2917 uti
1262 2876 1389 2917 eum
1418 2860 1561 2915 mala
1592 2859 1854 2927 devitent,
1910 2868 2025 2915 tum
2065 2858 2119 2914 in
2155 2858 2243 2915 bis
2275 2874 2399 2929 quae
2440 2858 2605 2925 bona,
2663 2873 2727 2915 ae
2764 2860 2975 2917 veritati
3021 2860 3257 2918 maxime
3300 2874 3675 2919 consentanea

409 2972 558 3026 sunt,
593 2960 803 3014 firmam
856 2957 912 3012 in
962 2955 1076 3012 Deo
1121 2955 1476 3011 stabilitatem
1515 2969 1580 3010 ac
1621 2950 1986 3009 constantiam
2029 2949 2314 3006 obtineant

741 3067 1112 3127 ADVERSUS
1149 3064 1645 3132 APOSTOLlCOS,

830 3162 1067 3218 eresis
1096 3158 1229 3215 XLI
1268 3160 1374 3214 sive
1403 3156 1558 3212 LXI.

479 3259 518 3313 l.
562 3258 663 3313 Alii
697 3254 998 3311 secundum
1030 3252 1153 3308 illos
1186 3250 1295 3307 dici
1334 3265 1395 3306 se
1420 3247 1766 3320 Apostolicos
1794 3245 1986 3302 volue-

408 3362 558 3413 runt,
603 3351 695 3426 qui
725 3356 780 3403 et
808 3342 1182 3416 Apotacticos,
1213 3342 1316 3396 hoc
1348 3349 1432 3396 est
1464 3339 1870 3394 Renuntiatores
1903 3351 1990 3392 se-

412 3446 561 3513 ipsos
588 3438 892 3495 nominant.
921 3434 1035 3489 Hoc
1071 3432 1217 3488 enim
1252 3431 1541 3502 diligenter
1571 3430 1888 3491 observant,
1921 3439 1991 3481 ne

411 3533 707 3604 quidquam
749 3525 1088 3598 possideant.
1126 3522 1296 3577 Iidem
1344 3536 1508 3592 porro
1558 3535 1588 3574 a
1639 3516 1859 3573 Tatiani
1893 3518 1991 3573 do-

412 3622 686 3695 gmatibus
721 3618 872 3673 velut
921 3613 1211 3669 avulsione
1255 3612 1497 3683 quadam
1530 3609 1856 3680 propagati,
1889 3610 1992 3664 hoc

412 3723 495 3771 est
537 3714 606 3768 ab
642 3708 964 3775 Encratitis,
998 3705 1247 3761 Tatianis
1272 3713 1326 3761 et
1352 3703 1629 3766 Catharis,
1664 3703 1758 3773 qui
1801 3715 1992 3756 omnes

414 3806 689 3880 [raecipue
736 3803 906 3872 legem
955 3799 1251 3870 repudiant
1279 3818 1293 3854 :
1322 3797 1527 3852 habent
1574 3796 1653 3851 illi
1705 3796 1920 3850 diversa
1962 3809 1994 3851 a

419 3900 621 3957 nostris
653 3902 999 3954 sacramenta
1035 3900 1204 3963 atque
1248 3892 1528 3963 mysteria.
1563 3887 1641 3943 De
1685 3885 1870 3956 inepia
1916 3882 1998 3941 re-

420 4007 538 4047 rum
585 3988 830 4044 omnium
856 3985 1186 4058 gloriantur,
1220 3995 1284 4037 ac
1321 3987 1734 4037 sacrosanctam
1766 3977 1858 4034 Dei
1892 3975 1999 4032 Ec-

2499 3062 2686 3119 KATA
2724 3063 3217 3119 ΔΠΟΣΤΟΛΙΚΩΝ

2438 3157 2681 3226 Αἵρεσις
2733 3155 2851 3212 MA'
2904 3159 2942 3225 ἠ
2994 3156 3095 3215 καὶ
3154 3154 3282 3213 ΞΜ.

2110 3264 2115 3265 ⁷
2161 3247 2239 3301 A'.
2273 3247 2514 3303 Μετὰ.δέ
2545 3248 2769 3314 τούτους
2809 3246 2960 3303 ἄλλοι
2991 3249 3219 3314 ἑαυτοὺς
3258 3251 3679 3315 Ἀποστολικοὺς

2090 3338 2402 3410 ὠνόμασαν.
2440 3338 2728 3393 Βούλονται
2759 3339 2817 3393 δὲ
2842 3341 2936 3395 καὶ
2964 3341 3429 3409 Ἀποτακτικοὺς
3452 3343 3676 3405 ἑαυτοὺς

2090 3428 2289 3499 λέγειν.
2321 3429 2652 3485 Φυλάττεται
2694 3431 2750 3485 δὲ
2799 3431 2929 3504 παρ’
2965 3431 3146 3495 αὐτοῖς
3179 3430 3239 3486 τὸ
3276 3432 3447 3506 μηδὲν
3478 3434 3678 3505 κεκτῆο

2094 3516 2236 3572 σθαι.
2276 3518 2397 3572 Εἰσὶ
2423 3520 2479 3572 δὲ
2506 3521 2601 3573 καὶ
2629 3522 2681 3573 οἱ
2713 3520 2867 3574 αὐτοὶ
2892 3522 3234 3593 ἀπόσπασμα
3270 3523 3383 3578 τῶν
3412 3522 3683 3579 Τατιανοῦ

2092 3610 2401 3682 δογμάτων,
2433 3612 2806 3685 Ἑγκρατιτῶν
2831 3631 2891 3667 τε
2922 3615 3016 3669 καὶ
3043 3615 3343 3680 Τατιανῶν,
3372 3610 3469 3670 καὶ
3497 3618 3679 3672 K50:-

2097 3701 2231 3774 ρῶν·
2256 3704 2455 3766 οἵτινες
2490 3702 2649 3773 φύσει
2691 3704 2856 3775 νόμον
2903 3706 2963 3759 οὐ
3005 3706 3424 3779 παραδέχονται.
3460 3709 3680 3781 Παρήλ-

2095 3796 2289 3849 λακται
2318 3796 2375 3849 δὲ
2404 3796 2536 3868 παρ’
2561 3796 2745 3861 αὐτοῖς
2776 3798 2869 3851 καὶ
2892 3796 2962 3851 τὰ
2989 3798 3282 3871 μυστήρια.
3312 3800 3683 3871 ἢμνύνονται

2096 3887 2155 3941 δὲ
2189 3888 2350 3961 δῆθεν
2379 3888 2768 3961 ἀκτημοσύνην
2788 3905 2804 3922 ο
2834 3890 3075 3960 σχίζουσι
3095 3891 3151 3945 δὲ
3183 3891 3360 3963 μάτην
3390 3887 3541 3948 οὗτοι
3591 3895 3680 3949 καὶ

2100 3979 2406 4050 βλάπτουσι
2442 3981 2543 4051 τὴν
2558 3980 2741 4049 -άγίαν
2785 3979 2920 4034 Θεοῦ
2963 3980 3309 4053 Ἐκκλησίαν,
3351 3982 3441 4037 διὰ
3466 3984 3533 4038 τὸ
3560 3984 3679 4039 ἐθι-

416 4085 641 4140 clesiam
720 4078 979 4136 ascititiis
1046 4073 1535 4146 superstitionibus
1597 4080 1801 4127 temere
1859 4069 1986 4124 divi.

2103 4070 2508 4142 λοθρησκεύειν,
2544 4071 2873 4136 ἐκπεσόντες
2909 4073 3009 4143 τῆς
3048 4072 3143 4126 τοῦ
3188 4072 3323 4127 Θεοῦ
3374 4076 3683 4149 φιλανθρω-

416 4177 576 4240 dunt,
613 4187 679 4227 ac
720 4169 1075 4232 labefactant,
1105 4173 1160 4222 et
1206 4180 1237 4219 a
1287 4164 1475 4219 divina
1526 4162 1816 4218 clementia
1848 4161 2001 4216 exci-

413 4248 573 4323 dunt.
605 4263 793 4333 Neque
820 4259 965 4316 enim
991 4271 1116 4313 eum
1152 4254 1247 4325 qui
1279 4254 1448 4309 semel
1475 4253 1765 4322 prolapsus
1790 4251 1881 4315 sit,
1910 4265 1999 4306 re-

416 4359 629 4429 cipiunt
665 4352 923 4422 amplius,
955 4356 1123 4418 atque
1153 4345 1344 4402 eadem
1392 4344 1619 4399 omnino
1655 4341 1724 4397 de
1768 4341 1995 4413 nuptiis,

2098 4164 2249 4229 πίας.
2283 4161 2422 4217 Οὔτε
2465 4163 2574 4236 γὰρ
2604 4164 3110 4236 παραπεπτωκότος
3151 4166 3297 4231 τινος
3346 4168 3579 4235 εἷσδεξις
3604 4170 3680 4223 ἐτι

2099 4258 2331 4326 γίνεται⁹
2363 4256 2430 4311 τά
2457 4257 2620 4329 ὃμοια
2665 4258 2723 4311 δὲ
2754 4260 2869 4323 τοῖς
2905 4259 3167 4313 ἀνωτάτω
3193 4259 3511 4331 λεγομένοις
3555 4280 3682 4333 φρο-

2101 4349 2252 4403 νοῦσι
2284 4349 2414 4421 περί
2446 4367 2504 4403 τε
2540 4350 2635 4403 τοῦ
2686 4351 2866 4422 γάμου
2914 4351 3010 4405 καὶ
3050 4350 3158 4406 τῶν
3199 4351 3377 4406 ἄλλων
3424 4355 3681 4427 πραγμά-

413 4416 739 4515 eaizterisque
758 4416 811 4497 id
834 4454 1008 4512 genus
1030 4416 1157 4494 cum
1189 4434 1571 4507 superioribus
1600 4434 1708 4489 illis
1732 4434 1986 4490 sentiunt

2103 4458 2233 4495 των.
2266 4416 2376 4496 Καί
2401 4444 2449 4495 οί
2482 4442 2581 4513 μὲν
2607 4416 2853 4514 Καθαροὶ
2880 4446 2999 4508 ταῖς
3030 4445 3219 4516 ῥηταῖς
3251 4444 3414 4515 μόνον
3440 4416 3680 4518 έραξαῖς

413 4540 664 4607 Cumque
709 4532 930 4589 Cathari
986 4529 1224 4601 receptis
1254 4529 1521 4581 duntaxat
1555 4523 1859 4597 Scripturis
1899 4524 2027 4579 ad-L

415 4635 745 4690 liaerescaut,
774 4626 865 4682 isti
897 4623 1148 4686 Andreae,
1199 4636 1264 4675 ac
1304 4619 1527 4675 Thomze
1555 4617 1664 4689 (ita
1710 4618 1858 4672 enim
1898 4631 1999 4671 vo-

415 4718 580 4787 cant)
616 4716 772 4771 Actis
807 4712 1158 4785 potissimum
1214 4711 1488 4773 nituntur,
1535 4716 1771 4780 suntque
1799 4708 1881 4763 ab
1898 4707 2003 4762 Ec-

413 4813 599 4868 clesiae
630 4808 813 4879 regula
847 4819 1075 4876 prorsus
1109 4802 1294 4857 alieni.

489 4900 625 4955 Nam
658 4900 705 4955 si
739 4893 1122 4951 abominandae
1160 4900 1289 4948 sunt
1331 4893 1555 4963 nuptiae,
1591 4892 1787 4960 impuri
1841 4891 2001 4961 plane

421 4992 498 5045 illi
536 4992 641 5059 ipsi
681 4996 831 5054 sunt,
861 4986 955 5058 qui
985 5001 1017 5042 e
1050 4985 1258 5057 nuptiis
1282 4985 1549 5053 originem
1579 4990 1886 5038 traxerunt.
1922 4984 2001 5037 Ac

421 5084 470 5141 si
503 5080 747 5153 Ecclesia
778 5080 877 5136 Dei
903 5095 971 5135 ex
1002 5080 1072 5136 iis
1107 5078 1242 5134 solis
1268 5086 1509 5141 constat,
1550 5077 1644 5148 qui
1682 5078 1888 5148 nuptiis
1917 5092 2003 5131 re-

421 5175 790 5239 nuntiarunt;
824 5188 1001 5242 neque
1031 5171 1252 5241 nuptiae,
1286 5185 1463 5240 neque
1492 5178 1665 5223 totum
1700 5184 2001 5240 prapagan-

422 5269 505 5323 dae
532 5265 738 5321 sobolis
765 5263 1045 5333 negotium
1074 5279 1140 5317 ex
1170 5261 1280 5317 Deo
1315 5272 1418 5317 est.
1451 5259 1633 5326 Quare
1658 5268 1712 5315 et
1742 5260 1842 5331 ipsi
1870 5276 1997 5316 cum

426 5358 667 5412 indidem
710 5355 821 5410 nati
854 5354 984 5417 sint,
1012 5368 1043 5406 a
1070 5351 1181 5406 Deo
1205 5359 1368 5407 erunt
1408 5351 1590 5407 alieni.
1629 5351 1799 5417 Quem
1834 5351 1998 5423 igitur

423 5450 603 5503 locum
634 5445 854 5501 habebit
878 5442 1010 5498 illud
1039 5461 1053 5497 :
1077 5442 1210 5508 Quae
1239 5441 1377 5496 Deus
1403 5442 1678 5511 conjunxit
1706 5442 1860 5497 homo
1896 5460 1997 5498 non

421 5539 699 5611 separet‘?
722 5535 857 5592 Nam
900 5550 967 5615 es
1004 5532 1333 5591 necessitate
1374 5547 1656 5604 separare,
1679 5533 1747 5589 ab
1780 5533 1998 5593 homine

464 5771 477 5781 θ
521 5700 538 5731 ‘
574 5698 766 5754 Mulli).
811 5713 920 5761 snt,
951 5694 1035 5783 6..

2103 4532 2428 4605 κέχρηνται*
2463 4526 2607 4587 οὗτοι
2645 4534 2705 4589 δὲ
2743 4538 2863 4599 ταῖς
2890 4535 3211 4608 λεγομέναις
3249 4536 3527 4608 Πράξεσιν
3564 4539 3679 4593 ’Δνο

2100 4624 2256 4694 δρέου
2302 4643 2362 4679 τε
2408 4627 2503 4680 καὶ
2532 4627 2705 4698 Θωμᾶ
2730 4626 2793 4680 τὸ
2834 4627 3082 4681 πλεῖστον
3127 4629 3519 4701 ἐπερείδονται,
3548 4649 3676 4686 παν-

2100 4715 2338 4770 τάπασιν
2385 4716 2655 4788 ἀλλότριοι
2702 4717 2795 4772 τοῦ
2845 4720 3067 4785 κανόνος
3106 4719 3203 4774 τοῦ
3228 4722 3678 4794 ἐκκλησιαστικοῦ

2102 4807 2457 4885 ὑπάρχοντες.

2172 4900 2235 4953 Et
2268 4899 2376 4971 γὰρ
2411 4900 2662 4973 βδελυρός
2694 4904 2841 4956 tetu
2871 4903 2902 4955 δ
2933 4903 3129 4974 γάμος,
3165 4904 3274 4977 ἂρα
3300 4905 3411 4959 ὅλοι
3438 4904 3677 4978 ἀκάθαρ-

2101 5008 2184 5045 τοι
2213 4992 2517 5064 ύπάρχουσι
2546 4992 2634 5046 διὰ
2666 4995 2845 5066 γάμου
2872 4996 3249 5067 γεγενημένα.
3278 4997 3389 5050 Καὶ
3415 4999 3467 5051 εί
3522 4998 3679 5070 μόνον

2104 5087 2363 5159 τυγχάνει
2396 5089 2430 5159 ἡ
2474 5087 2607 5158 ἁγία
2634 5087 2728 5142 τοῦ
2762 5089 2898 5143 Θεοῦ
2942 5089 3237 5161 Ἐκκλησία
3272 5090 3381 5145 τῶν
3408 5091 3489 5162 τῷ
3521 5093 3674 5163 γάμῳ

2106 5176 2557 5249 ἀποταξαμένων,
2584 5176 2772 5232 οὐκέτι
2809 5180 2837 5231 ὁ
2863 5179 3040 5250 γάμος
3065 5180 3131 5232 ἐκ
3167 5178 3302 5232 Θεοῦ
3333 5178 3614 5252 ὑπάρχων,
3645 5178 3674 5241 ἧ

2108 5268 2258 5320 πᾶσα
2288 5268 2747 5339 παιδοποιουμένη
2794 5269 3083 5333 ὑπόθεσις·
3118 5271 3226 5343 ἀρα
3275 5270 3369 5323 καὶ
3402 5271 3557 5325 αὐτοὶ
3585 5270 3657 5324 ἁλι

2105 5359 2305 5431 λότριοι
2332 5359 2468 5413 Θεοῦ
2499 5361 2838 5433 ὑπάρχουσιν
2862 5361 2971 5415 ἀπὸ
2989 5360 3245 5416 τοιούτων
3271 5362 3671 5433 γεγεννημένα.

2107 5449 2218 5503 Ποῦ
2257 5452 2436 5507 τοίνυν
2476 5452 2537 5507 τὸ
2585 5454 2908 5525 εἰρημένον,
2949 5455 3017 5509 ’Δ
3045 5457 3078 5509 ό
3114 5454 3259 5522 Θεὸς
3296 5454 3673 5519 συνέζευξεν,

2106 5540 2414 5610 ἄνθρωπος
2436 5543 2524 5614 μὴ
2568 5543 2886 5615 χωριζέτωὶ
2924 5544 2999 5599 Τὸ
3046 5545 3147 5617 μὲν
3174 5544 3284 5617 γὰρ
3315 5545 3411 5599 ἀπ’
3437 5547 3672 5617 ἀνάγκης
