3822 6332
138 324 272 382 1041

808 317 933 377 tm
952 318 1180 377 EllSUS
1212 317 1557 376 IIA'IRESES
1598 318 1723 376 LIB.

1855 317 2019 375 ΤΟΜ.
2064 320 2103 373 Ι.
2144 351 2215 364 -
2255 317 2531 374 llASllES.
2573 318 2709 376 LXI.

3281 319 3422 376 1043
3480 374 3485 377 .

140 440 430 514 χωρίζειν,
464 436 575 493 ἀπὸ
604 436 895 511 ἀνθρώπου
924 438 1181 510 ύττιῑιρχει⁹
1203 438 1263 491 τὸ
1282 438 1339 492 δέ
1377 438 1514 509 μετᾶ
1543 452 1734 509 προαι-

1851 447 1920 492 sst
1944 454 1959 504 ;
1990 445 2193 508 sponte
2217 451 2349 492 vero
2375 436 2659 491 continere
2687 450 2830 502 sese,
2860 450 2969 490 non
3006 435 3244 492 hominis
3272 451 3415 503 csso,

139 533 350 606 ρέσεως
403 528 836 602 ἐγκρατεύεσθαι
867 530 970 583 οὐκ
1012 529 1304 600 ἀνθρώπου
1349 529 1571 596 ἔδειξεν,
1600 528 1737 584 ἀλλὰ

139 623 275 678 Θεοῦ
313 622 378 677 τδ
424 622 611 695 ἔργον.
649 621 759 675 Καὶ
790 621 903 691 ἔχει
940 620 1039 692 μὲν
1082 621 1115 691 ἡ
1147 618 1288 673 κατὰ
1333 618 1493 688 φύσιν
1521 618 1735 690 ἀνάγκη

140 714 412 778 πολλάκις
445 713 675 786 μέμψιψ
720 713 805 766 ὅτι
848 713 908 765 ού
960 712 1099 783 μετὰ
1144 710 1483 780 εὐλογιστίας
1529 710 1591 764 τὸ
1640 712 1739 764 ἐπ-

137 809 383 876 άναγκες
408 804 759 870 ἐπιτελεῖται,
790 803 927 857 ἀλλὰ
945 803 1100 867 ἐκτὸς
1117 802 1211 856 τοῦ
1229 802 1453 867 κανόνος
1481 802 1734 873 βέϐηκεν.

138 901 213 953 οὐ
249 901 369 970 γὰρ
423 899 737 966 ἐπάναγκες
767 899 801 967 ή
847 896 1156 950 θεοσέϐειαο
1190 895 1327 950 ἀλλὰ
1374 898 1438 950 ἐκ
1482 895 1739 969 προαιρέ-

138 1008 283 1055 σεως
315 992 351 1060 ἠ
374 988 717 1060 δικαιοσύνη.
758 987 842 1043 Τὰ
870 987 927 1041 δέ
963 986 1123 1057 φύσει
1155 987 1237 1051 εἰς
1283 986 1593 1041 θεοσέϐειαν
1640 987 1739 1040 ἐπ·-

137 1084 390 1151 άναγκες
436 1080 649 1152 φανερά
689 1080 872 1146 ἐστιν,
904 1078 941 1135 ἃ
970 1082 1035 1151 τῇ
1082 1080 1242 1149 φύσει
1275 1079 1734 1150 ἐπιμεμέτρηται.

137 1165 270 1226 Οἷον
302 1170 367 1222 τὸ
400 1167 479 1240 μὴ
510 1167 817 1239 πορνεύειν.
849 1168 911 1222 τὸ
952 1168 1028 1240 μὴ
1057 1166 1354 1239 μοιχεύειν,
1383 1169 1444 1222 τὸ
1471 1169 1546 1239 μὴ
1575 1169 1737 1222 ἀσελ-

138 1258 382 1330 γαίνειν,
414 1258 477 1313 τὸ
526 1259 603 1331 μὴ
642 1261 700 1312 ἐν
727 1256 909 1328 ταυτῷ
950 1258 1397 1329 δευτερογαμεῖν.
1432 1258 1495 1310 τὸ
1529 1259 1602 1331 μὴ
1634 1260 1738 1331 ἁρ-

139 1354 372 1419 πάζειν,
405 1353 470 1407 τὸ
505 1352 582 1424 μὴ
614 1351 839 1416 ἀδικεῖν,
885 1351 947 1405 τὸ
993 1350 1069 1422 μὴ
1106 1349 1347 1421 μεθύειν,
1392 1350 1452 1404 τὸ
1489 1351 1563 1422 μὴ
1600 1351 1736 1423 ean-

141 1446 373 1515 φαγεῖν,
404 1443 468 1497 τὸ
521 1442 598 1515 μὴ
640 1438 1046 1515 φαρμακεύειν,
1083 1441 1145 1495 τὸ
1188 1442 1264 1513 μὴ
1308 1440 1735 1513 είδωλολατρεῖν,

138 1538 205 1591 τὸ
237 1536 319 1609 μὴ
354 1535 629 1606 φονεύειν,
659 1533 720 1587 τὺ
755 1533 831 1606 μὴ
858 1533 1226 1605 καταρᾶσθαι,
1260 1533 1322 1587 τὸ
1354 1534 1429 1605 μὴ
1455 1532 1736 1605 λοιδορεῖν,

140 1630 205 1684 τὸ
242 1627 322 1701 μὴ
350 1626 605 1698 ὀμνύναι,
629 1627 959 1695 ἀγανακτεῖν
982 1640 1041 1677 τε
1069 1625 1162 1678 καὶ
1190 1624 1327 1694 ταχὺ
1374 1623 1733 1695 πραθνεσθαι,

139 1720 470 1795 ὀργίζεσθαι
503 1718 598 1773 καὶ
629 1718 706 1790 μὴ
756 1717 1115 1789 ἁμαρτάνειν,
1150 1715 1223 1786 μὴ
1270 1703 1543 1769 ἐπιδύνειν
1585 1713 1735 1784 ἥλιον

1838 531 1933 586 sed
1982 529 2076 585 Dei
2106 545 2246 601 opus
2274 528 2531 585 ostendit.
2563 528 2641 581 Ad
2670 528 2782 583 lace
2815 527 3079 583 naturalis
3104 528 3193 582 illa
3224 543 3419 584 ncces-

1840 623 1979 678 sitas
2003 622 2163 678 habet
2181 637 2326 691 stcpe
2342 621 2850 692 reprehensionem,
2870 619 3129 690 quoniam
3143 620 3194 673 id
3215 619 3416 688 ipsum,

1840 714 1986 785 quod
2019 714 2333 770 necessario
2375 713 2693 784 impositum
2728 720 2833 776 est,
2864 725 2976 765 nou
3010 717 3159 764 recto
3188 709 3423 764 consilio

1840 818 1905 860 ac
1954 804 2167 858 ratione
2215 802 2517 874 perﬁcitur,
2548 800 2644 858 sed
2698 801 2843 854 intra
2896 797 3143 870 regulam
3194 798 3421 853 minime

1840 894 2175 955 continetur.
2207 892 2325 948 Non
2378 894 2526 949 enim
2579 891 2634 947 vi
2675 890 3049 961 extorquenda
3092 889 3266 959 pietas
3314 895 3418 947 est,

1840 985 1935 1040 sed
1965 983 2196 1063 consilio
2233 998 2298 1038 ac
2324 983 2607 1039 voluntate
2632 980 2851 1051 iustitia
2886 979 3210 1048 suscipitur.
3258 976 3420 1048 507

1839 1075 2012 1131 Porro
2036 1089 2157 1146 quae
2180 1074 2247 1130 ad
2272 1074 2527 1145 pietatem
2556 1073 2776 1144 proprie
2805 1080 2935 1128 sunt
2967 1072 3277 1128 necessaria
3311 1086 3425 1125 ma-

1839 1165 2038 1222 nifesta
2061 1173 2213 1230 sunt,
2246 1181 2368 1237 quae
2396 1166 2607 1221 scilicet
2634 1163 2886 1219 homines
2916 1162 3127 1217 natura:
3154 1162 3303 1218 velut
3324 1160 3424 1215 ad.

1840 1257 2165 1312 metiuntur.
2198 1255 2372 1322 Quale
2400 1264 2485 1311 est
2519 1270 2535 1309 :
2576 1271 2686 1317 non
2718 1254 3005 1319 fornicari,
3036 1269 3216 1324 neque
3265 1252 3424 1307 adul-

1839 1349 2038 1404 teriam
2076 1356 2414 1421 perpetrare,
2446 1362 2557 1403 non
2606 1346 2901 1402 libidinose
2962 1360 3022 1402 se
3061 1359 3271 1418 gerere,
3309 1358 3423 1399 non

1840 1441 2115 1497 secundas
2161 1440 2355 1497 eodem
2402 1449 2647 1510 tempore
2680 1438 2904 1509 nuptias
2930 1436 3279 1502 contrahere,
3312 1450 3420 1489 non

1840 1548 2054 1601 rapere,
2084 1547 2194 1588 non
2232 1531 2492 1602 iniuriam
2528 1530 2729 1595 facere,
2757 1544 2867 1584 non
2899 1527 3183 1591 inebriari,
3218 1541 3324 1581 non
3363 1542 3423 1581 se

1838 1624 1979 1679 cibis
2005 1623 2361 1695 ingurgitare,
2388 1638 2502 1678 non
2534 1620 2857 1677 veneﬁcium
2888 1632 3102 1690 parare,
3140 1633 3245 1673 non
3276 1616 3420 1670 idola

1837 1717 2043 1779 colere,
2071 1732 2181 1771 non
2223 1715 2497 1780 occidere,
2527 1731 2634 1770 non
2668 1712 2981 1784 imprecari,
3013 1726 3123 1766 non
3156 1709 3422 1766 convitia.

140 1790 239 1867 ἐπὶ
290 1810 375 1882 τῷ
430 1807 820 1881 παροργισμῷ.
873 1806 966 1877 Τῷ
1017 1806 1074 1862 δὲ
1114 1808 1130 1838 ⁸
1182 1806 1345 1877 γάμῳ
1398 1803 1735 1874 ωναφθῆναι

1851 1809 1913 1874 ri,
1944 1825 2053 1864 non
2093 1809 2301 1878 iurare,
2335 1822 2668 1881 succensere
2728 1821 2792 1860 ac
2836 1790 2947 1860 cito
2997 1801 3226 1874 placari,
3257 1800 3421 1856 irasci

144 1907 293 1979 μετὰ
324 1904 609 1976 εὐνομίας,
640 1906 673 1973 ἡ
720 1903 881 1972 φύσις
908 1902 1138 1974 δηλώσει
1167 1903 1233 1955 ἐκ
1254 1901 1389 1954 Θεοῦ
1414 1899 1732 1971 ἐκτισμένη,

143 2000 245 2056 καὶ
280 1998 677 2071 ἐπιτραπεῖσα.
724 1996 836 2051 Ka‘t
875 1994 946 2049 τὰ
993 1995 1150 2060 ἄλλα,
1196 1994 1296 2048 ὅσα
1337 1993 1457 2046 ἐστὶ
1485 1990 1734 2056 τοιαῦτα,

142 2090 292 2149 κατὰ
319 2090 550 2161 θάτερον
584 2089 696 2159 ἔχει
721 2088 821 2159 τῆς
845 2086 1152 2157 ἐπισκοπῆς
1171 2084 1235 2138 τὸ
1267 2083 1487 2155 μέτρον.

1841 1916 1945 1957 nec
1980 1916 2230 1971 peccare,
2254 1901 2426 1956 solem
2456 1913 2622 1971 super
2652 1895 2991 1951 iracundiam
3021 1909 3127 1948 non
3152 1892 3422 1948 occidere.

1844 1992 2061 2065 Nuptiis
2107 1982 2240 2048 vero
2288 1991 2534 2062 copulari
2589 1988 2871 2060 legitimis,
2904 1986 2989 2041 vel
3020 1993 3215 2040 natura
3249 1984 3367 2054 ipsa
3394 1997 3423 2034 a

1846 2084 1956 2141 Deo
1986 2085 2204 2140 condita
2234 2083 2561 2155 permissum
2604 2080 2709 2137 sibi
2750 2095 2873 2135 esse
2925 2076 3273 2132 monstrabit.
3308 2072 3426 2128 Cae-

143 2200 267 2245 tera
310 2184 573 2251 denique,
605 2198 729 2255 qua:
776 2180 1022 2253 ejusdem
1071 2180 1304 2236 rationis
1353 2186 1503 2241 sunt,
1537 2177 1607 2232 ad
1656 2176 1980 2235 alterutrum
2029 2196 2223 2253 genus,
2273 2195 2372 2250 pro
2406 2177 2569 2235 modo
2638 2191 2762 2242 suo,
2820 2190 2883 2230 ac
2927 2187 3207 2235 mensura,
3266 2184 3425 2224 revo-

142 2280 259 2334 cari
293 2288 548 2351 possunt.

218 2395 297 2449 B'.
345 2393 487 2445 Ἀλλ’
517 2391 593 2456 ὡς
626 2392 756 2463 περὶ
781 2390 985 2445 τούτων
1014 2391 1185 2444 εἰπεῖν
1219 2388 1649 2462 προειλήφαμεν,
1680 2384 1738 2439 ἐν

144 2487 313 2557 ὀλίγῳ
348 2484 513 2557 χώρῳ
559 2476 706 2538 οὗτοι
744 2484 1068 2555 ὑπάρχουσι,
1106 2482 1236 2556 περὶ
1269 2484 1369 2553 τὴν
1409 2478 1645 2553 Φρυγίαν
1676 2495 1739 2531 τε

145 2579 244 2631 καὶ
276 2576 558 2641 Κιλικίαν,
585 2577 678 2629 καὶ
702 2574 1047 2645 Παμφυλίαν.
1089 2574 1156 2628 Τί
1176 2573 1267 2628 οὖν
1291 2574 1399 2645 ἄρα
1414 2572 1739 2642 ἐκκόπτεται

145 2670 179 2738 ἡ
224 2665 527 2736 Ἐκκλησία
556 2667 590 2736 ἡ
619 2664 727 2719 ἀπὸ
754 2665 858 2735 γῆς
886 2663 1137 2736 περάτων
1167 2664 1295 2734 ἄχρι
1326 2663 1429 2733 γῆς
1459 2660 1733 2731 περάτων,

145 2762 247 2816 καὶ
273 2759 462 2813 οὐκέτι
495 2760 582 2823 εἰς
608 2756 816 2813 πᾶσαν
843 2756 958 2825 τὴν
986 2755 1102 2828 γῆν
1126 2755 1383 2824 ἐξῆλθεν
1417 2758 1449 2809 d
1475 2754 1737 2825 φθόγγος

143 2851 375 2915 αὐτῶν,
387 2849 483 2904 καὶ
502 2852 588 2916 εὶς
604 2850 675 2903 τὰ
689 2849 914 2917 πέρατα
929 2842 1039 2916 τῆς
1052 2845 1407 2916 οἰκουμένης
1423 2845 1538 2914 mp
1547 2844 1737 2913 ήματα

143 2942 387 3007 αὑτῶν;
404 2941 539 2995 υύδέ
561 2940 747 2994 οὐκέτι
774 2940 836 2993 τὸ
857 2939 1008 3011 παρὰ
1032 2937 1126 2992 τοῦ
1146 2938 1397 3010 Σωτῆρος
1423 2935 1733 3007 εἰρημένον,

145 3038 233 3100 τὸ,
262 3034 523 3090 Ἕσεσθέ
544 3052 656 3103 -μοι
690 3032 991 3103 μάρτυρες
1024 3030 1134 3096 ἕως
1163 3029 1427 3101 ἐσχάτου
1458 3027 1568 3096 τῆς
1594 3024 1736 3097 γῆς;

1914 2376 1981 2436 II.
2009 2376 2210 2435 Verum
2246 2387 2323 2443 ut,
2351 2393 2473 2448 qua:
2497 2377 2564 2432 de
2592 2375 2699 2431 illis
2729 2382 2963 2429 tractare
2988 2374 3278 2445 ccepimus,
3312 2392 3429 2444 pcr-

1845 2488 2163 2543 sequamur,
2194 2469 2448 2525 habitant
2483 2468 2561 2521 illi
2596 2469 2652 2522 in
2696 2466 2893 2537 exigua
2927 2465 3159 2535 quadam
3205 2466 3429 2535 regione

1844 2563 2113 2636 Phrygiae,
2171 2561 2377 2617 Cilicia:
2407 2577 2472 2615 ac
2516 2558 2869 2630 Pamphylia}.
2916 2556 3058 2623 Quid
3089 2556 3293 2627 igitur?
3327 2557 3428 2611 Er-

1842 2672 1983 2730 gone
2012 2654 2274 2716 Ecclesia,
2298 2668 2419 2722 qua:
2447 2650 2516 2705 ad
2548 2657 2835 2721 utramque
2868 2659 3136 2704 terrarum
3166 2649 3425 2703 extremi-

1843 2754 2009 2801 tatem
2039 2742 2358 2816 porrigitur,
2413 2739 2632 2811 penitus
2659 2735 3021 2803 exscinditur,
3057 2751 3158 2791 nec
3189 2737 3425 2806 amplius

1843 2838 1899 2889 in
1947 2849 2152 2888 omnem
2195 2841 2391 2885 terram
2428 2828 2587 2883 exivit
2638 2842 2797 2881 sonus
2839 2841 3042 2888 eorum,
3090 2833 3139 2877 et
3186 2825 3240 2878 in
3292 2825 3423 2894 ﬁnes

1844 2926 1985 2982 orbis
2027 2934 2182 2980 terra:
2207 2921 2361 2977 verba
2390 2936 2570 2975 eorum
2603 2918 2664 2971 ’?
2700 2915 2811 2971 Nec
2842 2915 2973 2970 illud
3014 2914 3174 2980 valet,
3215 2914 3359 2985 quod
3394 2930 3424 2968 «ι

1847 3019 2134 3075 Servatore
2164 3015 2370 3071 dictum
2399 3020 2483 3069 est
2505 3030 2517 3067 :
2537 3010 2703 3064 Eritis
2727 3008 2857 3062 mihi
2875 3016 3029 3061 testes
3062 3023 3223 3076 usque
3247 3006 3314 3060 ad
3337 3007 3425 3059 ul-

145 3098 225 3183 Eiv
248 3129 352 3200 μὲν
374 3127 482 3199 γὰρ
503 3098 603 3181 ούκ
624 3098 850 3179 ἐστινέν
880 3098 1170 3196 σεμνότητι
1200 3098 1447 3193 ὁνγάμος,
1467 3120 1563 3174 καὶ
1592 3118 1735 3190 ζωὴν

1851 3114 2027 3167 timum
2056 3119 2211 3165 terra
2240 3107 2296 3162 “l
2341 3106 2633 3160 Enimvero
2662 3102 2710 3158 si
2737 3100 3036 3156 honestatis
3067 3099 3200 3154 nihil
3226 3098 3427 3154 habent

148 3224 294 3293 ἔχων
344 3224 372 3273 ὁ
409 3219 606 3289 γάμος.
653 3215 987 3288 γεννηθᾶωιν
1023 3214 1151 3268 ἄνευ
1196 3213 1378 3285 γάμου
1400 3204 1419 3241 ·’
1464 3213 1514 3265 εί
1549 3211 1606 3264 δὲ
1630 3210 1740 3263 ἀπὸ

159 3313 337 3383 γάμου
368 3310 690 3380 γεννῶνται,
718 3308 824 3379 ἄρα
845 3305 1063 3379 βέϐηλοι
1090 3307 1195 3359 εἰσι
1224 3305 1310 3357 διὰ
1339 3302 1430 3356 τὸν
1452 3302 1649 3371 γάμον.
1675 3299 1741 3351 El.

146 3405 209 3458 δὲ
263 3401 424 3458 αὐτοὶ
467 3399 619 3471 μόνοι
660 3399 760 3453 οὐκ
811 3400 918 3452 εἰσὶ
970 3396 1224 3467 βέϐηλοι,
1283 3394 1526 3461 καίτοιγε
1581 3390 1734 3454 ὄντες

148 3491 263 3553 ἀπὸ
299 3490 506 3562 γάμου,
560 3489 622 3542 οὐ
667 3487 891 3560 βέϐηλος
924 3489 951 3539 ὁ
991 3487 1194 3557 γάμος’
1250 3482 1383 3537 διότι
1412 3482 1541 3537 ἄνευ
1575 3479 1740 3536 αὐτοῦ

149 3583 337 3647 οὐδεὶς
369 3577 762 3651 γεννηθήσεται
797 3594 926 3630 ποτε
959 3579 1015 3631 ἐν
1051 3576 1260 3646 κόσμῳ.
1306 3573 1416 3627 Kal.
1453 3570 1621 3641 πολλή
1657 3570 1743 3633 τίς

151 3679 308 3735 ἐστιν
356 3675 393 3745 ἠ
433 3671 542 3725 τῶν
587 3669 890 3742 ἀνθρώπων
942 3668 1138 3739 πλάνη,
1195 3665 1284 3719 διὰ
1330 3664 1602 3728 ποικιλίας
1651 3662 1746 3717 καὶ

155 3767 374 3823 πολλῶν
399 3765 726 3838 προφάσεων
751 3762 1101 3835 ἐργασαμένη
1130 3760 1191 3814 τὸ
1214 3758 1416 3831 φαῦλον
1442 3760 1506 3830 τῇ
1536 3757 1747 3828 ἀνθρω-

158 3862 292 3934 πείᾳ
329 3860 510 3929 φύσει,
550 3859 644 3912 καὶ
676 3856 999 3929 πλανήσσσα
1029 3854 1261 3908 ἕκαστον
1293 3852 1381 3907 διὰ
1402 3851 1746 3923 ,προφάσεως

154 3954 269 4011 ἀπὸ
292 3951 396 4023 τῆς
424 3948 704 4021 ἀληθείας.

229 4147 311 4207 l".
348 4147 463 4201 Ka‘t
487 4144 602 4215 ἔχει
635 4142 733 4214 μὲν
758 4135 851 4194 οὖν
886 4136 1181 4203 ἁποταξίαν
1208 4137 1241 4207 ἡ
1279 4132 1605 4205 Ἐκκλησία·
1636 4130 1749 4186 ἀλλ’

159 4244 221 4299 οὐ
241 4240 591 4314 βδελύττεται
607 4235 699 4289 τὸν
716 4234 911 4305 γάμον.
932 4233 1040 4285 Ka‘t
1056 4231 1166 4302 ἔχει
1183 4226 1567 4300 ἀκτημοσύνην
1581 4242 1596 4256 ο
1616 4224 1755 4280 ἀλλὰ

159 4336 263 4388 οὐκ
283 4334 308 4386 ἐ
320 4331 576 4402 παίρεται
588 4329 607 4358 ⁸
625 4326 733 4381 τῶν
745 4328 800 4379 ἐν
818 4324 1004 4396 κτήσει
1017 4320 1362 4389 δικαιοσύνης
1375 4318 1752 4390 ὑπαρχόντων,

161 4425 257 4478 καὶ
297 4425 365 4476 ἐκ
405 4418 515 4472 τῶν
560 4417 705 4471 ἰδίων
748 4414 950 4485 γονέων
978 4413 1229 4483 ἐχόντων,
1267 4410 1413 4473 ὅπως
1441 4409 1653 4471 ἑαυτοῖς
1693 4422 1753 4461 τε

160 4518 262 4573 καὶ
282 4518 399 4579 τοῖς
417 4510 790 4583 ἐπιδεομένοις
816 4506 1143 4580 ἐπαρκέσαι.
1167 4503 1276 4557 Kal.
1297 4502 1589 4571 ἀπέχονται
1612 4498 1755 4571 βρω-

164 4611 361 4682 μάτων
388 4604 575 4661 πολλοί
598 4621 613 4636 θ
661 4601 777 4657 ἀλλ’
806 4600 865 4654 ού
894 4596 1209 4671 φυσιοῦνται
1241 4593 1383 4648 κατὰ
1403 4593 1509 4647 τῶν
1551 4592 1625 4663 μὴ
1653 4590 1756 4643 ἀπ-

150 4700 469 4773 εχομένων.
504 4698 560 4749 '0
582 4696 692 4766 γὰρ
712 4693 933 4748 ἐσθίων
949 4690 1055 4745 τὸν
1070 4688 1156 4760 μὴ
1176 4688 1461 4742 ἐσθίοντα
1482 4684 1568 4755 μὴ
1586 4682 1758 4748 ἐξου-

164 4794 415 4849 θενείτω
439 4807 453 4821 °
490 4788 589 4843 καὶ
618 4792 652 4844 ό
683 4787 770 4858 μὴ
801 4786 1017 4841 ἐσθίων
1051 4783 1162 4837 τὸν
1193 4780 1475 4836 ἐσθίοντα
1502 4776 1589 4847 μὴ
1632 4792 1757 4843 κρι-

164 4887 343 4943 νέτω.
376 4880 608 4953 Χριστῷ
636 4880 747 4951 γὰρ
772 4877 957 4932 ἐσθίει
982 4874 1079 4929 καὶ
1106 4874 1285 4926 πίνει.
1325 4870 1437 4925 Kal.
1468 4870 1598 4941 ὁρᾷς
1628 4868 1757 4939 μίαν

165 4975 452 5047 ὁμόνοιαν,
483 4969 579 5024 καὶ
625 4969 752 5040 μίαν
801 4964 1011 5027 ἐλπίδα,
1054 4965 1147 5018 καὶ
1191 4963 1319 5033 μίαν
1372 4958 1555 5013 πίστιν
1601 4959 1659 5010 ἐν
1690 4956 1757 5025 τῇ

180 5046 508 5138 Ἐκκλησία,
544 5062 760 5131 ἑκάστῳ
792 5056 1154 5131 χαριζομένην
1190 5053 1329 5107 κατὰ
1368 5051 1467 5123 τὴν
1505 5048 1638 5138 ἰδίαν
1667 5046 1759 5101 δύ-

170 5175 366 5229 ναμιν,
390 5157 485 5209 καὶ
507 5153 648 5207 κατὰ
672 5152 763 5205 τὸν
787 5150 916 5204 ἴδιον
941 5146 1127 5215 ἀγῶνα
1150 5143 1244 5197 τοῦ
1271 5142 1550 5213 καμάτους
1577 5135 1762 5191 Ἐοικε

1840 3202 2068 3273 nuptiae,
2103 3214 2205 3255 nec
2239 3198 2347 3253 ulla
2381 3197 2462 3252 eis
2494 3195 2617 3249 vitae
2645 3207 2771 3264 Spes
2804 3192 3161 3261 relinquitur;
3200 3204 3429 3245 nascan-

1838 3302 1930 3349 tur
1977 3292 2054 3347 illi
2109 3292 2229 3347 sine
2272 3287 2498 3358 nuptiis.
2542 3285 2641 3339 Sin
2679 3300 2747 3339 ex
2795 3282 3001 3353 nuptiis
3047 3282 3319 3345 oriuntur,
3355 3280 3427 3335 ob

1839 3398 1934 3438 eas
1968 3382 2117 3451 ipsas
2153 3376 2351 3448 impuri
2388 3381 2536 3437 sunt,
2569 3382 2623 3428 et
2658 3370 3004 3428 exsecrandi.
3040 3368 3197 3435 Quod
3235 3369 3282 3423 si
3321 3369 3425 3422 soli

1840 3474 1921 3529 illi
1969 3471 2169 3544 impuri
2203 3468 2427 3524 minime
2458 3472 2606 3528 sunt,
2636 3465 2766 3519 licet
2816 3476 2846 3518 e
2893 3461 3102 3533 nuptiis
3131 3458 3419 3530 propagati

1844 3566 1975 3631 sint,
2008 3578 2116 3618 non
2166 3568 2295 3616 sunt
2335 3560 2564 3629 impura:
2608 3555 2834 3625 nuptiae,
2874 3552 3132 3623 quoniam
3167 3550 3287 3605 sine
3321 3551 3429 3605 il’is

1844 3671 2005 3713 nemo
2029 3655 2083 3710 in
2113 3654 2258 3707 hanc
2286 3652 2462 3707 lucem
2490 3647 2707 3720 prodire
2731 3652 2930 3717 potest.
2951 3642 3177 3713 Magnus
3205 3642 3432 3697 omnino

1846 3748 2129 3804 hominum
2171 3745 2393 3798 illorum
2443 3753 2598 3795 error
2629 3744 2735 3805 est,
2785 3735 2877 3807 qui
2927 3734 3101 3798 varia,
3132 3747 3197 3787 ac
3240 3733 3429 3787 multi-

1846 3837 1975 3908 plici
2010 3835 2197 3905 specie
2252 3833 2491 3886 humano
2539 3828 2723 3899 generi
2773 3826 3071 3897 perniciem
3121 3824 3325 3887 attulit,
3373 3834 3428 3876 et

1848 3940 2295 3997 unumquemque
2330 3920 2481 3977 inani
2516 3918 2753 3990 quodam
2802 3923 3065 3987 praetextu
3096 3929 3126 3967 a
3164 3921 3309 3969 recta
3342 3915 3429 3969 via

1849 4018 2097 4074 veritatis
2125 4014 2369 4070 abduxit.

1924 4128 2009 4185 Ill.
2052 4128 2226 4184 Habet
2262 4125 2482 4197 quidem
2513 4119 2971 4177 renuntiationent
3014 4117 3294 4183 Ecclesia;
3333 4118 3431 4173 sed

1852 4237 1963 4279 non
1998 4219 2120 4274 ideo
2151 4213 2500 4273 detestandas
2544 4211 2764 4281 nuptias
2794 4208 3089 4264 existimat.
3127 4205 3299 4261 Habet
3331 4207 3430 4261 bo-

1854 4326 2053 4367 norum
2105 4307 2350 4363 omnium
2404 4303 2666 4372 inopiam,
2718 4299 2815 4355 sed
2848 4314 2957 4353 non
3002 4298 3265 4353 adversus
3310 4297 3434 4351 illos

1858 4401 2158 4457 insolenter
2186 4395 2428 4461 ell'ertur,
2466 4392 2560 4463 qui
2592 4407 2653 4446 ea
2684 4389 2830 4459 juste
2863 4388 3145 4460 possident
3178 4402 3207 4439 a
3239 4398 3431 4457 paren-

1860 4496 2006 4552 tibus
2038 4502 2283 4563 accepta,
2317 4488 2518 4560 quibus
2554 4494 2664 4539 tam
2692 4484 2815 4547 sibi,
2844 4498 3005 4556 quam
3036 4480 3159 4535 aliis
3187 4481 3431 4549 indigen-

1860 4588 2008 4643 tibus
2034 4580 2379 4641 subveniant.
2410 4578 2491 4632 Ad
2518 4576 2631 4631 haec
2660 4590 2691 4628 a
2715 4573 2959 4629 ciborum
2996 4586 3099 4626 usu
3133 4576 3431 4639 temperant

1863 4679 2054 4753 multi;
2106 4676 2201 4732 sed
2246 4688 2355 4728 non
2404 4678 2595 4725 contra
2627 4682 2722 4723 eos
2762 4666 2855 4737 qui
2894 4665 3003 4720 illis
3043 4670 3294 4726 utuntur,
3340 4675 3430 4714 su-

1863 4751 2030 4843 perbe
2059 4783 2118 4823 se
2146 4771 2362 4837 gerunt.
2401 4761 2505 4830 Qui
2536 4760 2675 4815 enim
2718 4756 3027 4818 manducet,
3060 4769 3163 4807 non
3202 4751 3430 4806 mandu-

1862 4871 2068 4917 cantem
2110 4875 2215 4916 non
2244 4862 2572 4919 contemnat;
2599 4862 2648 4907 et
2686 4851 2775 4921 qui
2798 4866 2901 4903 non
2927 4845 3235 4908 manducet,
3279 4860 3431 4896 manv

1862 4956 2140 5008 ducantem
2196 4964 2300 5002 non
2338 4946 2564 5016 judicet.
2614 4940 2830 4998 Christo
2878 4940 3019 4992 enim
3063 4932 3347 4989 manducat
3388 4945 3431 4988 et

1863 5044 1992 5099 bibit
2029 5043 2071 5096 ⁸.
2114 5039 2307 5095 Jamne
2350 5037 2527 5099 vides,
2554 5034 2803 5089 eamdem
2836 5030 2890 5084 in
2927 5027 3169 5083 Ecclesia
3202 5040 3430 5081 concor-

1865 5135 2033 5200 diam,
2065 5131 2422 5198 eamdemque
2466 5140 2640 5194 spem,
2691 5137 2754 5176 ac
2788 5120 2949 5175 ﬁdem
2978 5133 3099 5189 qua:
3144 5116 3439 5184 unicuique

170 5206 585 5319 ciuitate-3
616 5206 752 5295 Θεοῦ
793 5206 1086 5307 Ἐκκλησία
1116 5234 1229 5298 νηΐ.
1272 5206 1421 5295 Nat);
1452 5229 1510 5283 δὲ
1529 5228 1630 5301 ούκ
1656 5226 1751 5280 ἀπὶ

1869 5224 2169 5283 secundum
2205 5219 2481 5293 propriam
2509 5217 2618 5272 vim
2649 5211 3043 5284 propriumque
3090 5206 3290 5264 laboris
3323 5220 3436 5260 cer~

2205 5313 2253 5319 ·-
2455 5318 2460 5319 ν
2527 5307 2539 5319 ·
2581 5308 2640 5319 -ιι
2683 5303 2841 5319 -ΑΑ
2874 5299 3081 5319 πει-ηιμ
3129 5306 3309 5319 Lm-.-
3348 5293 3436 5319 nn:

332 5293 876 5406 “Eabae—“apportarat,
918 5293 1032 5384 ἀλλ’
1078 5328 1143 5381 ἐκ
1170 5293 1468 5396 διαφόρων.
1520 5300 1631 5373 Kal.
1660 5318 1751 5389 τὴν

1870 5329 2051 5373 tamen
2082 5313 2388 5386 gt'atilicare
2418 5307 2640 5363 studet?
2681 5303 2847 5376 508
2874 5299 3087 5355 Etenim
3126 5306 3311 5353 sancta
3348 5293 3442 5347 Dei

180 5437 283 5510 μὲν
310 5430 510 5496 τρόπιν
540 5426 650 5481 ἀπὸ
678 5425 798 5487 ἐνὸς
827 5422 984 5490 ξύλου
1013 5421 1298 5488 κέκτηται,
1333 5413 1467 5468 ἀλλὰ
1505 5413 1568 5465 ού
1605 5426 1761 5483 μονο-

179 5508 376 5589 δόλως·
410 5520 510 5584 τὰς
540 5519 597 5574 δέ
617 5518 861 5589 ἀγκύρας
891 5515 1111 5587 ἐτέρων.
1147 5508 1440 5583 Περιτόνεά
1462 5524 1521 5561 τε
1546 5508 1638 5561 καὶ
1663 5521 1759 5558 σα·-

1871 5408 2115 5464 Ecclesia
2151 5402 2275 5460 navi
2304 5400 2521 5455 cuidam
2561 5397 2757 5454 similis
2789 5402 2893 5451 est.
2927 5389 3095 5448 Navis
3136 5401 3300 5460 porro
3332 5399 3442 5438 non

1870 5518 1935 5557 cx
1958 5498 2118 5555 unica
2147 5493 2351 5557 tabula,
2387 5491 2481 5547 sed
2515 5505 2580 5546 es
2609 5488 2843 5546 diversis
2875 5488 3306 5557 coagmentatur.
3344 5472 3422 5526 lla

253 5733 274 5767 ¹
309 5728 375 5787 ιτ.
401 5728 559 5787 τὸδὲ.
646 5726 666 5757 ⁸
698 5723 856 5781 Deest
883 5721 1045 5777 κατὰ.
1115 5720 1141 5753 ⁸
1161 5717 1305 5775 Ρεει.
1332 5731 1484 5781 xvtn,
1516 5715 1569 5771 5.
1645 5711 1667 5743 ⁸
1695 5708 1751 5765 At

1851 5723 1888 5775 ι,
1909 5706 1960 5763 '5.
2036 5705 2057 5738 ⁸
2080 5701 2241 5759 Rom.
2269 5716 2381 5768 xw,
2410 5699 2465 5766 5,
2496 5698 2549 5753 5.
