3728 6192
41 255 175 312 ιτμυ

661 254 1043 315 ADVERSUS
1083 255 1426 313 IIERESES
1456 256 1590 311 LIB.

1757 255 1899 313 ron.
1940 255 1981 314 ι.
2025 285 2095 299 -
2144 252 2430 329 uanas,
2461 256 2598 314 LXI.

3154 261 3293 317 1050

102 373 175 424 Z’.
201 370 594 441 Γαμείτωσαν
611 371 812 435 τοίνυν,
833 375 1393 445 τεκνογονείτωσαν,
1406 377 1601 431 οικοδε

1800 374 1908 430 VII.
1938 374 2094 446 _Ergo
2116 375 2208 428 illa
2238 374 2481 444 Apostoli
2506 374 2666 429 verba
2701 416 2716 439 ,
2743 372 2979 440 Nubanl,
2998 377 3139 445 ﬁlios
3168 396 3295 449 pro-

41 462 474 527 τποτείτωσαν,
503 462 769 535 σύντομος
796 466 892 519 καὶ
915 466 1080 537 μίσος
1098 469 1128 521 ὁ
1151 467 1308 536 λόγος
1337 470 1478 523 κατά
1502 470 1614 524 τῶν

41 556 101 609 τὰ
136 554 322 625 φαῦλα
353 555 749 627 διανοουμένων
780 560 909 630 περὶ
938 560 1122 632 πάσης
1152 562 1615 634 ὲκκλησιαστικῆς

41 645 128 697 τοῦ
157 645 515 716 κηρύγματος
535 646 868 711 ὑποθέσεως·
891 650 1348 721 παρεκσάλλουσα
1374 654 1472 724 μὲν
1487 654 1615 717 τοὺς

42 734 293 803 ιέγοντας
330 735 559 798 ἑαυτοὺς
599 736 1017 801 ’Δποστολικοὺς
1070 740 1164 793 καὶ
1232 741 1611 813 Ἐγκρατίτας,

41 825 492 897 παραϐάλλουσα
508 827 635 890 τοὺς
658 827 1086 900 ύδαρευομὲνους
1108 831 1168 884 ιν
1188 833 1256 901 τῇ
1296 831 1611 902 Ἐκκλησία,

41 920 132 973 cal.
184 918 572 983 ἀναπείθοντας
621 922 856 989 γυναῖκα
918 922 935 952 ¹
978 922 1086 976 ἀπὸ
1152 923 1360 977 τελείου
1411 924 1612 996 δρόμου

41 1006 475 1077 ἱναχαλασθέντα
506 1008 720 1062 ἀθετεῖν
756 1010 857 1080 τὴν
884 1010 1143 1081 τοιαύτην
1170 1012 1263 1065 τοῦ
1298 1012 1497 1084 δρόμου
1526 1030 1614 1065 τε-

42 1099 304 1170 ιειότητα.
336 1100 447 1154 Καὶ
475 1100 587 1170 ἔχει
622 1101 724 1171 μὲν
759 1101 1036 1173 ἁμαρτίαν
1064 1103 1159 1156 καὶ
1194 1106 1368 1175 κρῖμα
1408 1106 1437 1157 ό
1488 1104 1614 1158 ἀθε-

41 1191 209 1259 τήσας
258 1189 392 1243 Θεοῦ
448 1191 551 1260 τὴν
604 1191 924 1263 παρθενίαν,
974 1195 1069 1249 καὶ
1129 1194 1495 1267 καταισχύνας
1523 1196 1614 1249 τὸν

41 1280 247 1347 ὶγῶνα.
282 1280 669 1352 Παραφθείρας
697 1281 807 1354 γάρ
845 1284 1033 1352 ἀγῶνα
1064 1286 1093 1337 ό
1121 1270 1382 1357 ἀθλητὴς,
1424 1303 1616 1358 μαστι-

41 1370 189 1441 (θεὶς
225 1371 544 1427 ἐκϐάλλεται
570 1372 665 1426 τοῦ
700 1373 932 1443 ἀγῶνος.
971 1376 1082 1429 Καὶ
1121 1377 1502 1451 παραφθείρας
1530 1396 1615 1442 τις

41 1460 367 1530 παρθενίαν,
418 1462 742 1518 ἐκϐάλλεται
796 1462 891 1518 τοῦ
947 1465 1192 1521 τοιούτου
1240 1467 1465 1540 δρόμου,
1520 1468 1615 1522 καὶ

41 1554 327 1622 ττεφάνου,
359 1556 455 1608 καὶ⁵
489 1555 768 1628 βραϐείου.
810 1556 971 1621 ’Δλλά
999 1561 1246 1630 κρεῖττόν
1276 1562 1394 1614 ἐστι
1439 1564 1614 1633 κρῖμα

41 1646 131 1699 cal.
172 1646 247 1718 μὴ
284 1650 622 1721 κατάκριμα.
670 1651 733 1705 Oi
766 1648 883 1723 yap
919 1651 1011 1705 διὰ
1059 1650 1120 1705 τὸ
1153 1652 1230 1724 μὴ
1259 1654 1611 1725 αἰσχυνθῆναι

41 1737 147 1799 τοῖς
207 1737 515 1809 ἀνθρώποις
561 1741 747 1812 κρυφῆ
776 1742 1153 1813 πορνεύοντες,
1212 1744 1423 1798 ποιοῦσι
1478 1762 1614 1817 πορ-

41 1831 189 1895 νείας
215 1834 258 1893 ⁸,
293 1830 328 1901 ἢ
356 1831 669 1902 μονότητος,
698 1831 732 1902 ἢ
765 1832 1112 1904 ἐγκρατείας,
1145 1835 1207 1888 ού
1243 1834 1377 1905 πρὸς
1404 1834 1614 1905 ἀνθρὼ-

41 1938 174 1986 τους
206 1920 387 1992 ἔχουσι
414 1921 514 1993 τὴν
538 1922 851 1994 ὁμολογίαν,
884 1923 1020 1978 ἀλλὰ
1046 1925 1181 1996 πρὸς
1218 1925 1352 1979 Θεὸν
1400 1926 1493 1980 τὸν
1535 1929 1614 1980 εί-

41 2013 162 2067 εότα
198 2012 264 2067 τὰ
315 2013 542 2086 κρύφια,
586 2014 680 2068 καὶ
712 2005 1063 2088 ἐξελέγχοντα
1111 2020 1292 2071 πᾶσαν
1334 2018 1511 2092 σάρκα
1555 2020 1613 2072 ὲν

41 2106 93 2175 εῇ
158 2103 324 2159 αύτοῦ
396 2105 702 2178 παρουσίᾳ,
767 2106 895 2178 περὶ
956 2099 1031 2163 ὧν
1084 2108 1316 2173 ἕκαστος
1371 2109 1607 2181 ἥμαρτε.

41 2198 299 2267 (ρεῖττον
329 2197 507 2252 τοίνυν
534 2198 678 2268 ἔχειν
714 2198 988 2271 ἁμαρτίαν
1022 2201 1174 2271 μίαν,
1202 2202 1296 2254 καὶ
1323 2201 1397 2273 μὴ
1420 2218 1613 2275 περισ-

41 2287 285 2358 ῑοτέρας.
342 2288 604 2359 Κρεῖττον
660 2287 895 2340 πεσόντα
948 2287 1056 2340 ἀπὸ
1112 2287 1311 2362 δρόμου
1364 2290 1614 2361 φανερῶς

41 2379 218 2451 εαυτῷ
244 2378 428 2433 λαϐεῖν
465 2382 699 2449 γυναῖκα
736 2381 879 2434 κατά
902 2380 1085 2450 νόμον,
1120 2380 1214 2435 καὶ
1250 2366 1361 2435 ἀπὸ
1406 2382 1613 2453 παρθε-

41 2471 153 2534 νίας
191 2470 368 2542 πολλῷ
408 2473 584 2543 χρόνῳ
618 2472 1051 2543 μετανοήσαντα,
1092 2472 1409 2543 εἰσαχθῆναι
1453 2473 1614 2528 πάλιν

41 2565 109 2627 είς
166 2563 267 2635 τὴν
322 2562 682 2638 Ἐκκλησίαν,
729 2563 805 2627 ὡς
851 2562 1036 2627 κακῶς
1076 2564 1486 2636 ἐργασάμενον,
1538 2565 1614 2630 ὡς

41 2646 451 2729 παραπεσόντα,
475 2656 568 2710 καὶ
608 2655 930 2722 κλασθέντα,
954 2654 1049 2709 καὶ
1078 2654 1266 2727 χρείαν
1285 2655 1478 2726 ἔχοντα
1502 2658 1617 2709 tm-

41 2751 290 2821 ῖὲματος,
321 2751 415 2806 καὶ
457 2749 531 2822 μὴ
566 2750 687 2804 καθ’
728 2749 966 2820 ἑκάστην
1009 2747 1223 2819 ἡμέραν
1258 2745 1435 2817 βέλεσι
1479 2764 1614 2818 κρυ-

41 2843 183 2912 ρίοις
212 2841 773 2913 κατατιτρώσκεσθαι,
800 2840 895 2895 καὶ
929 2841 1195 2912 πονηρίας
1228 2838 1332 2892 ὑπὸ
1367 2837 1613 2892 διαϐόλου

41 2933 185 3005 ιὺτῷ
217 2934 643 3005 ὲπιφερομένης.

97 3199 187 3252 Η’.
212 3195 400 3259 Οὕτως
423 3191 561 3250 οῐδεν
596 3197 629 3267 ὴ
660 3194 956 3265 Ἐκκλησία
987 3192 1298 3267 κηρύττειν.
1340 3191 1525 3246 Ταῦτα
1546 3189 1617 3245 τὰ

41 3292 306 3361 ράρμακα
339 3289 438 3359 τῆς
468 3287 663 3351 ίάσεως
682 3302 697 3317 ο
729 3287 906 3341 ταῦτα
937 3287 1005 3340 τὰ
1026 3287 1139 3357 εἴδη
1166 3285 1268 3355 τῆς
1300 3281 1614 3357 μυρεψικῆς

42 3380 298 3453 εργασίας
320 3396 334 3409 ·
382 3377 520 3451 αὕτη
561 3381 595 3450 ἡ
640 3378 952 3433 κατασκευὴ
993 3376 1088 3430 τοῦ
1136 3376 1292 3445 ἁγίου
1337 3372 1518 3429 ἐλαίου
1555 3373 1613 3425 ὲν

41 3474 104 3545 τῷ
137 3471 321 3544 νόμῳ⁸
360 3471 496 3543 αὕτη
530 3472 563 3544 ὴ
594 3470 1020 3542 ἀρωματίζουσα
1063 3467 1204 3540 καλὴ
1242 3468 1458 3531 πίστις,
1494 3468 1614 3519 ἑπι-

41 3568 342 3637 τψίγγουσα
393 3567 493 3639 μὲν
528 3567 618 3621 τὸν
670 3565 936 3619 ἀθλοῦντα
960 3565 1040 3628 είς
1085 3562 1301 3633 ἀγῶνα,
1347 3562 1612 3631 ἐπικηρυ-

41 3659 303 3731 ιευομένη
345 3658 401 3712 δὲ
451 3657 601 3730 αύτῷ
639 3659 896 3712 διατεῖναι
930 3656 1024 3710 τὸν
1069 3655 1290 3726 δρόμον,
1344 3653 1492 3716 ὅπως
1522 3652 1613 3705 δυ-

41 3751 164 3822 νηθῇ
204 3749 653 3820 στεφανωθῆναι·
690 3748 829 3821 αὕτη
861 3750 894 3819 ἡ
935 3747 1027 3802 τοῦ
1061 3746 1194 3800 Θεοῦ
1234 3743 1608 3817 πραγματεία,

41 3844 242 3905 πάντας
292 3842 598 3910 συνάγουσα
633 3842 714 3903 είς
753 3840 851 3911 τὴν
894 3839 1177 3910 βασιλικὴν
1214 3836 1479 3900 διάταξιν,
1514 3835 1610 3887 καὶ

41 3932 320 4005 πορφύραν
352 3932 451 4003 μὲν
480 3932 589 3987 ἀπὸ
618 3932 910 4003 θαλάσσης,
938 3932 1032 3985 καὶ
1073 3931 1219 4002 ἔριον
1260 3930 1366 3982 ἀπὸ
1404 3927 1609 3997 προόά-

41 4041 141 4087 που,
169 4023 270 4077 καὶ
299 4022 443 4076 λίνον
469 4023 532 4076 ὲκ
560 4023 684 4093 γῆς,
719 4023 814 4076 καὶ
853 4021 1072 4091 βύσσον,
1108 4021 1204 4074 καὶ
1235 4022 1479 4092 σηρικὸν,
1516 4021 1609 4075 καὶ

41 4115 278 4189 ῖέρματα
301 4114 816 4186 ὴρυθροδανωμένα,
848 4114 944 4168 καὶ
970 4112 1118 4167 λίθον
1148 4113 1327 4185 τίμιον
1351 4114 1444 4168 τὸν
1470 4115 1621 4186 σμά-.

41 4209 249 4277 ναγδον,
282 4208 375 4261 καὶ
400 4206 491 4261 τὸν
521 4208 885 4278 μαργαρίτην,
924 4206 1017 4259 τὸν
1059 4207 1289 4280 άχὰτην,
1342 4208 1453 4271 τοῖς
1510 4206 1609 4277 μὲν

41 4300 283 4370 ίρὼμασι
322 4298 731 4360 διαλλάττοντας
780 4297 979 4363 λίθους,
1030 4300 1097 4370 τῇ
1154 4298 1211 4352 δὲ
1253 4300 1385 4369 τιμῇ
1419 4296 1606 4368 ὁμοτί-

1715 476 1909 531 creeut,
1943 466 2168 535 fantilia:
2191 482 2373 519 curam
2402 466 2689 529 habeant’,
2726 467 2906 521 brevis
2952 476 3033 522 est
3070 484 3134 523 ac
3176 486 3291 526 me-

1714 559 1842 615 dius
1870 559 2137 615 adversus
2164 560 2285 614 illos
2312 573 2516 624 sermo,
2552 558 2645 627 qui
2677 557 2745 611 de
2773 559 2920 612 omni
2955 562 3293 618 ecclesiasti—

1715 664 1795 705 ca:
1843 650 2108 705 doctrinae
2152 665 2351 721 genere
2397 664 2681 720 perperam
2729 650 2871 718 apud
2922 666 2981 706 se
3027 655 3289 723 cogitant.

1714 742 1847 808 Quae
1899 742 2120 809 quidem
2165 742 2417 798 doctrina
2459 756 2556 798 eos
2606 757 2799 798 omnes
2835 743 3062 812 respuit,
3094 746 3186 814 qui
3230 761 3292 800 se

1714 835 2083 904 Apostolicos,
2136 842 2193 890 et
2234 834 2549 890 Encratitas
2599 834 2883 890 nominant
2920 854 2932 889 :
2969 851 3179 889 necnon
3238 845 3294 891 et

1716 926 1863 991 illos,
1896 927 1990 997 qui
2022 928 2077 981 in
2111 926 2355 984 Ecclesia
2400 928 2678 983 molliores
2709 927 3111 996 quodammodo
3138 937 3290 992 sunt,

1716 1018 1920 1088 quique
1953 1020 2275 1077 mulieribus
2319 1020 2674 1092 persuadent,
2708 1029 2766 1073 ut
2793 1018 2860 1075 de
2905 1019 3129 1089 perfecti
3174 1036 3294 1073 cur-

1716 1124 1812 1165 sus
1861 1111 2219 1165 contcntione
2270 1111 2606 1165 remittentes
2653 1124 2772 1165 eam
2819 1110 2991 1179 ipsam
3048 1108 3291 1162 fui'iditus

1715 1199 1996 1269 abjiciant.
2028 1199 2225 1255 Verum
2282 1207 2505 1271 peccato
2554 1215 2614 1255 se
2662 1214 2726 1254 ac
2769 1198 2979 1269 judicio
3027 1200 3291 1271 implicat,

1716 1290 1966 1361 quisquis
1994 1288 2088 1345 Dei
2122 1289 2488 1361 virginitatem
2537 1289 2675 1342 tollit
2706 1304 2737 1343 e
2769 1288 2969 1351 medio,
3000 1304 3063 1343 ac
3113 1298 3292 1343 certa—

1715 1381 1850 1436 mini
1900 1381 2255 1452 ignominiam
2302 1379 2616 1436 consciscit.
2642 1378 2744 1446 Qui
2784 1380 2926 1435 enim
2975 1396 3039 1435 ex
3073 1381 3292 1437 athletis

1715 1472 2034 1529 certaminis
2060 1473 2206 1542 leges
2232 1471 2423 1538 violat,
2464 1486 2589 1527 cum
2624 1471 2950 1527 verberibus
2984 1487 3012 1525 a
3043 1476 3293 1527 certami-

1715 1580 1786 1621 ne
1818 1565 2095 1635 dejicitur.
2132 1564 2209 1619 lta
2242 1565 2337 1635 qui
2375 1564 2744 1634 virginitatem
2770 1566 3100 1635 corruperit,
3132 1566 3200 1621 ab
3226 1582 3293 1621 eo

1718 1656 1839 1728 ipso
1869 1657 2167 1720 curriculo,
2202 1666 2255 1711 et
2288 1655 2449 1727 512
2479 1671 2703 1723 corona,
2740 1658 3073 1726 praemioque
3123 1660 3294 1728 repel-

1630 1717 1684 1819 ,Β
1707 1747 1866 1802 litur.
1895 1746 2096 1802 Verum
2155 1747 2352 1802 melius
2412 1748 2599 1816 utique
2651 1746 2943 1816 judicium.
2983 1757 3086 1812 est,
3126 1766 3291 1818 quam

1715 1839 2013 1894 damnatio.
2043 1837 2177 1892 Nam
2228 1839 2344 1909 qui,
2381 1849 2439 1892 ut
2478 1854 2546 1891 ne
2580 1837 2719 1908 apud
2762 1838 3011 1894 homines
3060 1840 3112 1894 in
3158 1840 3294 1894 infa-

1714 1928 1880 1983 miam
1930 1927 2294 1993 adducantur,
2321 1929 2461 1981 clam
2517 1936 2766 1997 stuinrum
2821 1940 3295 2000 perpetrant,mo-

1715 2020 2108 2084 nasticarvitaz,
2129 2020 2211 2074 vel
2235 2019 2588 2075 continentiae
2614 2021 2909 2090 sponsione
2936 2038 3042 2077 non
3066 2039 3125 2077 se
3148 2024 3290 2093 apud

1716 2112 1969 2168 homines
2018 2112 2280 2182 obligant,
2313 2111 2408 2168 sed
2457 2112 2599 2182 apud
2649 2112 2837 2179 Deum,
2865 2113 2959 2184 qui
2993 2122 3048 2169 et
3076 2116 3292 2169 occulta

1716 2204 2020 2274 cognoscit,
2053 2212 2109 2258 et
2160 2190 2213 2256 in
2273 2201 2508 2256 adventu
2559 2218 2661 2258 suo
2717 2205 3024 2259 universam
3072 2221 3292 2259 carnem

1715 2296 2024 2367 redarguit,
2060 2295 2113 2349 in
2155 2294 2354 2364 quibus
2398 2294 2647 2349 videlicet
2678 2297 2913 2366 quisque
2959 2301 3291 2367 peccaverit.

1716 2382 1983 2447 Quocirca
2014 2384 2190 2438 satius
2222 2392 2307 2439 est
2340 2399 2449 2437 uno
2482 2400 2537 2436 se
2569 2396 2797 2454 peccan
2835 2402 2997 2456 quam
3043 2388 3294 2457 pluribus

1716 2475 2077 2544 obstringere.
2111 2474 2296 2530 Satius
2346 2482 2451 2538 cst,
2480 2475 2570 2529 ubi
2620 2491 2649 2530 a
2682 2477 2959 2532 curriculo
3002 2481 3289 2544 exciderit,

1715 2567 1894 2638 palam
1940 2564 2045 2620 sibi
2088 2580 2311 2621 uxorem
2359 2566 2615 2636 legitimis
2649 2568 2856 2638 nuptiis
2884 2568 3198 2640 adjungere,
3229 2588 3292 2625 ac

1715 2666 1840 2728 post
1882 2655 2244 2727 virginitatem
2294 2658 2458 2728 longo
2508 2657 2797 2712 intervallo
2832 2669 3085 2731 suscepta
3120 2662 3295 2731 paeni-

1717 2747 1892 2802 tentia
1942 2748 2139 2802 iterum
2188 2748 2447 2804 Ecclesize
2498 2749 2870 2813 reconciliari,
2905 2759 3092 2821 utpote
3117 2752 3209 2822 qui
3239 2762 3294 2805 et

1716 2847 2001 2910 peccatum
2048 2838 2352 2902 admiserit,
2380 2846 2434 2895 et
2476 2840 2772 2911 prolapsus
2813 2840 2999 2901 fuerit.
3030 2851 3085 2898 et
3119 2843 3293 2897 infra-

1719 2941 1865 2995 ctus,
1896 2937 1951 2986 et
2000 2930 2333 3000 obligatione
2364 2931 2607 2987 vulneris
2653 2946 2791 3002 Opus
2837 2932 3052 2997 habeat,
3077 2942 3136 2988 ut
3184 2952 3291 2990 non

1716 3021 1948 3075 occultis
1978 3021 2032 3076 in
2065 3019 2182 3077 dies
2213 3022 2470 3077 immissa:
2502 3037 2530 3075 a
2558 3021 2775 3077 diabolo
2816 3023 3072 3095 nequitia:
3093 3024 3294 3095 jaculis

1716 3112 2013 3167 saucietur.

1790 3200 1923 3256 VIII.
1969 3201 2123 3256 llunc
2173 3201 2228 3256 in
2276 3202 2493 3257 modum
2526 3201 2823 3273 praedicare
2871 3204 3156 3259 consuevit
3188 3202 3293 3258 Ec-

1713 3292 1908 3348 clesia.
1939 3291 2066 3347 Haec
2116 3293 2183 3346 ad
2231 3294 2533 3349 remedium
2558 3304 2871 3365 comparata
2897 3295 3293 3350 medicamenta

1713 3389 1876 3445 sunt;
1906 3381 2022 3437 haec
2066 3383 2370 3453 seplasiarii
2414 3384 2596 3453 operis
2630 3398 2830 3454 genera
2865 3393 3026 3451 sunt;
3060 3384 3174 3439 haec
3206 3401 3294 3440 Su-

1713 3475 1792 3528 cri
1833 3473 1889 3528 in
1924 3475 2041 3546 lege
2092 3474 2197 3528 olei
2253 3473 2559 3540 confectio;
2613 3474 2726 3529 Inec
2768 3483 3073 3530 aromatum
3123 3476 3293 3533 odore

1713 3554 1963 3635 fragrans
2009 3562 2226 3636 egregia
2277 3564 2431 3628 ﬁdes,
2463 3580 2583 3634 quae
2632 3565 2849 3621 athletae
2898 3565 2966 3620 ad
3013 3574 3292 3622 certamen

1712 3650 2031 3729 prodeuntis
2059 3657 2395 3729 astringendi
2424 3657 2529 3710 vim
2564 3657 2745 3721 habet,
2774 3657 3059 3728 eidemque
3083 3660 3291 3713 denun-

1711 3749 1833 3813 tiat,
1871 3749 1949 3803 uti
1976 3763 2199 3803 cursum
2231 3746 2549 3813 contendat,
2579 3762 2687 3818 quo
2711 3762 2971 3803 coronam
3003 3749 3175 3819 possit
3198 3765 3296 3803 au-

1710 3838 1883 3904 ferre;
1926 3840 2030 3892 hoc
2059 3838 2150 3893 Dei
2189 3853 2350 3908 opus,
2383 3852 2446 3891 ac
2485 3842 2760 3908 negotium
2795 3846 2899 3903 est,
2927 3838 3071 3907 quod
3102 3854 3294 3894 omnes

1709 3932 1914 4004 regiam
1939 3930 2004 3984 ad
2032 3930 2560 3985 administrationem
2587 3938 2901 3999 congregat,
2927 3931 3075 3985 velut
3099 3946 3129 3983 e
3154 3930 3292 3983 mari

1709 4035 2028 4092 purpuram,
2062 4020 2243 4073 lanam
2276 4034 2343 4073 ex
2375 4017 2593 4079 ovibus,
2626 4018 2793 4071 linum
2816 4034 2846 4071 e
2870 4028 3037 4083 terra,
3066 4019 3292 4089 byssum

1710 4113 1968 4176 sericum,
1994 4111 2301 4165 rubricatas
2326 4109 2514 4180 pelles,
2543 4109 2840 4178 pretiosum
2866 4109 3121 4179 lapidem,
3145 4125 3289 4162 sma-

1709 4206 1959 4277 ragdum,
1990 4204 2267 4267 unionem,
2300 4202 2570 4266 achatem,
2604 4201 2833 4271 lapides,
2886 4201 3127 4270 inquam,
3170 4200 3289 4270 qui,

1694 4297 1809 4355 'etsi
1838 4296 2114 4351 coloribus
2147 4292 2423 4352 diﬂerant,
2456 4292 2640 4361 pretio
2673 4299 2855 4345 tamen
2886 4291 3121 4361 atqu-ales
3139 4301 3287 4346 sunt.

42 4410 159 4456 ιους
196 4390 389 4454 ὄντας*
419 4377 676 4445 ἀλλὰ’καὶ
700 4389 921 4462 χρυσὸν,
951 4390 1044 4443 καὶ
1068 4390 1325 4462 ἄργυρον,
1358 4393 1451 4443 καὶ
1478 4390 1601 4455 ξύλα

1757 4390 1821 4447 ed
1846 4397 1899 4446 et
1929 4403 2145 4452 aurum,
2172 4400 2227 4441 et
2253 4394 2562 4457 argentum,
2586 4394 2639 4440 et
2665 4386 2979 4455 incorrupta
3011 4386 3178 4456 ligna,
3214 4401 3289 4439 aes

41 4486 238 4555 ίσηπα,
270 4483 364 4537 καὶ
388 4481 607 4555 χαλκὸν,
632 4484 727 4536 καὶ
757 4482 999 4554 σίδηρον,
1028 4482 1165 4537 ἀλλὰ
1193 4483 1286 4536 καὶ
1310 4482 1501 4554 τρίχας
1524 4484 1609 4536 al-

1705 4490 1870 4552 atque
1905 4478 2137 4544 t‘errum,
2171 4476 2419 4546 adeoque
2471 4490 2541 4531 ne
2583 4476 2835 4546 caprinos
2883 4475 3102 4546 quidem
3147 4476 3288 4545 pilos

42 4577 179 4642 (aia;
229 4574 307 4647 μὴ
346 4572 778 4646 ἀποσαλλομένη.
832 4573 944 4627 Καὶ
994 4572 1135 4644 αὕτη
1197 4574 1296 4643 μὲν
1324 4569 1393 4645 ἦν
1421 4575 1601 4646 τότεὴ

1757 4574 1975 4645 ρριιάἱαῑ.
2010 4571 2190 4640 Atque
2242 4567 2513 4639 ejusmodi
2557 4567 2832 4637 quondam
2877 4568 3287 4622 tabernaculum

41 4666 222 4738 ςκηνὴ,
241 4664 338 4719 νῦν
360 4665 415 4720 δὲ
437 4666 536 4737 τῆς
559 4664 763 4736 σκηνῆς
782 4664 812 4716 ό
830 4657 979 4726 οἶκος
1001 4662 1370 4735 ἡδραιωμένος
1389 4665 1446 4717 ὲν
1466 4663 1605 4736 Θεῷ,

41 4758 276 4828 δεμέλιος
313 4756 370 4810 δὲ
406 4759 464 4813 ἐν
496 4756 741 4827 δυνάμει.
763 4756 875 4809 Καὶ
897 4754 1196 4808 παυσάσθω
1218 4754 1367 4808 πᾶσα
1396 4755 1607 4825 αἵρεσις

1703 4663 1861 4726 luit‘,
1888 4676 2036 4715 nunc
2066 4666 2245 4714 autem
2289 4657 2629 4712 tabernaculi
2663 4657 2858 4711 domus
2890 4658 2943 4711 in
2982 4656 3091 4711 Deo
3120 4659 3284 4712 stahi-

1703 4756 1822 4820 lita,
1856 4752 2268 4808 fundamentum
2295 4750 2418 4819 ejus
2448 4751 2502 4804 in
2535 4749 2738 4803 virtute
2779 4750 3056 4804 consistit.
3094 4748 3283 4803 Proin-

41 4847 162 4901 ιατά
187 4846 294 4917 τῆς
324 4845 581 4919 ἀληθείας
619 4845 1039 4918 ὲπεγειρομένη,
1073 4845 1273 4917 μᾶλλον
1315 4844 1372 4899 δὲ
1402 4845 1601 4916 ἑαυτὴν

1757 4861 1883 4917 aque
1919 4844 2135 4899 desinat
2166 4843 2392 4896 haeresis
2413 4840 2613 4905 omnis,
2638 4855 2761 4910 qua:
2781 4849 2972 4895 contra
3008 4841 3285 4895 veritatem

41 4938 132 4991 'md
153 4937 422 5009 ἀληθείας
452 4936 745 4993 διώκουσα.

90 5028 204 5088 Καὶ
238 5026 346 5091 ἕως
377 5019 481 5081 ὧδε
509 5027 684 5082 ταῦτα
711 5028 901 5099 ἐχέτω.
938 5028 1050 5101 Τὴν
1082 5026 1283 5099 γαῦρον
1311 5027 1367 5081 δὲ
1396 5026 1600 5096 ταύτην

42 5118 236 5189 ἷχιδναν
258 5117 413 5190 δίκην
442 5119 695 5173 ἀκοντίου
724 5119 817 5173 τοῦ
846 5119 1204 5191 καλουμένου,
1236 5118 1269 5189 ἢ
1293 5117 1587 5188 τύφλωπος

41 5209 52 5278 ἱ
91 5210 345 5282 μυάγρου
372 5208 513 5283 ξύλῳ
543 5209 637 5264 τοῦ
673 5211 906 5282 σταυροῦ
935 5210 1285 5273 πεπωκότες,
1317 5207 1410 5263 καὶ
1436 5225 1604 5261 κατα-

42 5302 338 5373 ,είψαντες
378 5304 454 5357 ἱὸν
488 5304 586 5374 μὲν
617 5304 677 5358 ού
715 5304 968 5358 τοσοῦτον
1002 5304 1196 5375 ἔχοντα
1227 5301 1294 5356 τὰ
1326 5299 1603 5373 ἐρπετὼδη

41 5394 219 5460 ταῦτα,
256 5394 399 5465 πλὴν
428 5394 524 5449 καὶ
561 5396 640 5466 τῷ
670 5396 872 5467 δρόμῳ,
911 5397 1005 5451 καὶ
1033 5394 1109 5465 τῷ
1130 5393 1487 5464 γαυριάματι,
1510 5391 1605 5443 καὶ

41 5487 83 5557 εῇ
121 5484 458 5549 ἁκοντιάσει,
486 5484 576 5538 διὰ
605 5484 703 5557 τὴν
726 5486 904 5543 αὐτῶν
938 5483 1280 5555 ἐπεντριὸὴν,
1306 5480 1477 5555 οὕτως
1505 5498 1605 5534 κα-

1706 4935 1962 5007 insurgit,
1991 4936 2074 4990 vel
2107 4936 2343 5005 seipsam
2376 4934 2560 5004 potius
2588 4948 2619 4987 a
2650 4934 2884 4989 veritate
2915 4940 3155 4988 removet

1776 5025 1956 5095 Atque
2004 5023 2118 5078 haec
2162 5024 2449 5078 hactenus.
2486 5020 2639 5077 Nunc
2689 5032 3051 5095 posteaquam
3098 5029 3297 5093 super?

1708 5118 1831 5174 bam
1883 5115 2024 5172 hanc
2071 5116 2333 5185 viperam,
2367 5114 2592 5185 perinde
2619 5130 2682 5170 ac
2711 5118 2981 5186 serpentis
3012 5132 3185 5187 genus
3214 5116 3281 5168 il-

1708 5206 1823 5269 lud,
1853 5205 1999 5276 quod
2036 5204 2277 5273 jaculum
2320 5214 2497 5271 vocat,
2527 5216 2621 5259 aut
2660 5206 2994 5276 typlilopem,
3027 5208 3111 5260 vel
3142 5216 3277 5274 mya.

1708 5311 1888 5369 grum,
1929 5295 2116 5353 crucis
2161 5294 2309 5364 ligno
2354 5296 2757 5365 percussimus,
2792 5311 2856 5350 ac
2908 5296 3230 5365 reliquimus
3266 5310 3280 5347 :

1710 5402 1830 5457 qua:
1873 5386 2092 5456 quidem
2140 5392 2455 5455 serpentum
2491 5401 2690 5457 genera
2723 5403 2833 5441 non
2880 5396 2988 5442 tam
3027 5386 3279 5456 praesenti

1709 5494 1919 5534 veneno
1943 5486 2073 5533 sunt
2105 5496 2119 5532 :
2156 5486 2539 5541 verumtamen
2580 5487 2689 5535 tam
2727 5481 2797 5536 ob
2834 5494 3021 5536 eorum
3051 5476 3265 5549 pernici

95 5667 107 5701 ³
138 5664 201 5729 1⁵⁸.
241 5665 462 5735 γύναια.
538 5673 561 5704 ⁸
587 5666 749 5723 Deest
790 5666 1014 5744 aliquid.
1080 5666 1099 5699 ³
1130 5663 1149 5726 ι
1182 5661 1325 5723 Tim.
1359 5678 1418 5726 γ.
1446 5659 1528 5719 14.

1757 5656 1838 5717 od.
1864 5672 1991 5724 xxv,
2020 5657 2052 5712 4
2083 5674 2205 5739 sqq.
