3822 6286
437 267 570 324 tesi
651 233 654 236 4

1857 266 1918 322 S.
1959 261 2297 319 EPIPHANII

3569 255 3723 312 mea.

440 396 629 450 tatem,
666 403 828 456 quam
861 387 1236 452 inscientiam,
1271 399 1328 441 et
1355 387 1792 457 cjaculationem,
1825 387 1890 439 ad
1918 386 2021 440 ha:-

2144 381 2230 444 ιῶς
2285 380 2748 443 ἀπεικασθιντας,
2805 379 3300 450 πιριφρονήσαντες
3347 375 3458 428 τῶν
3505 375 3720 432 αὐτῶν.

441 479 734 533 reticorum
786 479 1002 531 illorum
1053 479 1350 547 perniciem
1408 479 1815 550 signiﬁcandam
1863 493 2019 532 com-

441 570 601 622 mode
633 568 982 630 adhibentur,
1016 571 1366 638 contemptis,
1402 570 1644 638 inquam,
1684 567 1844 638 513
1889 568 2020 634 illis,

440 671 497 714 et
525 659 777 728 ahjectis,
806 659 871 712 ad
909 658 1150 727 reliquas
1190 660 1428 713 haereses
1459 667 1828 714 transeamus.

830 771 1111 826 CONTRA
1145 770 1631 838 SABELLIANOS,

857 863 1090 918 Ila'resis
1129 863 1292 918 XLII
1325 866 1402 919 vel
1427 865 1613 920 LXII.

515 977 556 1031 1.
604 977 721 1030 Non
779 977 966 1030 multis
1019 975 1219 1030 abhinc
1264 977 1425 1032 annis
1485 975 1760 1033 Sabellins
1798 978 2020 1048 quidam

447 1069 739 1123 hmreticus
789 1068 1050 1122 emersit:
1085 1067 1285 1137 quippe
1333 1084 1527 1124 recens
1564 1070 1654 1124 ille
1687 1078 1792 1132 est,
1845 1086 1875 1123 a
1914 1085 2022 1140 quo

447 1160 743 1215 Sabelliani
779 1160 1008 1230 profecti
1058 1167 1208 1215 sunt.
1254 1158 1359 1226 Qui
1400 1160 1643 1230 quidem,
1677 1161 1867 1230 paucis
1898 1161 2021 1229 qui-

444 1252 674 1307 busdam
702 1252 970 1321 exceptis,
1024 1250 1211 1306 eadem
1248 1267 1372 1305 cum
1428 1251 1710 1306 Noetianis
1759 1251 2018 1307 asseruit.

444 1345 622 1412 Atque
670 1344 836 1412 hujus
871 1353 1034 1399 sectae
1068 1344 1288 1413 plurimi
1325 1360 1450 1398 cum
1493 1345 1546 1398 in
1595 1344 2018 1414 Mesopotamia,

441 1445 556 1489 tum
599 1434 784 1490 Romae
824 1444 1136 1503 versantur,
1171 1435 1396 1490 vesania
1436 1435 1674 1507 quadam
1729 1437 1944 1507 perciti.

515 1608 721 1663 Ilorum
755 1612 869 1702 hieoc
903 1611 1091 1680 opinio
1130 1618 1215 1665 est
1247 1629 1259 1665 :
1295 1610 1558 1666 Eumdem
1608 1627 1731 1666 esse
1780 1610 2020 1676 Patrem,

441 1709 496 1752 et
531 1700 749 1767 Filium,
793 1700 846 1756 et
895 1700 1158 1773 Spiritum
1214 1711 1491 1763 sanctum,
1545 1713 1604 1756 ut
1655 1703 1723 1756 ad
1771 1701 2019 1757 eamdem

2123 473 2220 526 ἐπὶ
2243 472 2343 538 τὰς
2376 471 2503 542 ἑξῆς
2534 471 2724 541 ῐωμεν,
2747 463 2793 523 ὦ
2820 469 3117 539 ἀγαπητοί.

2546 759 2738 812 ΚΑΤΑ
2779 755 3280 818 ΣΔΒΕΛΛΙΛΝΩΝ,

2128 851 2600 922 Τεσσαρακοστή
2622 849 2891 918 δευτέρα,
2923 850 2961 916 ἡ
2984 847 3084 901 καὶ
3103 845 3405 914 ἑξηκοστή
3434 843 3713 912 δευτέρα.

2195 967 2273 1019 A'.
2318 961 2602 1021 Σαϐέλλιὸς
2633 978 2716 1024 τις
2742 961 2798 1014 ὲν
2829 959 3041 1030 χρόνοις
3063 956 3258 1026 ἀνέστη
3279 956 3340 1007 οὺ
3367 954 3544 1024 πολλῷ
3569 955 3716 1024 πρὸ-

2120 1071 2279 1126 τερον
2304 1051 2702 1113 παλαιοτάτοις·
2735 1050 3044 1123 πρόσφατος
3075 1049 3181 1119 γὰρ
3202 1043 3378 1110 οὗτοςο
3411 1047 3504 1114 ἀφ’
3529 1039 3713 1114 οἶδ-περ

2121 1149 2170 1201 οἱ
2194 1145 2543 1201 Σαδελλιανοὶ
2576 1142 2916 1213 καλούμενοι.
2939 1143 3047 1195 Καὶ
3067 1137 3217 1204 οὗτος
3236 1140 3292 1193 δὲ
3308 1138 3715 1211 παραπλησίως

2123 1239 2230 1291 τῶν
2277 1236 2613 1308 Νοητιανῶν,
2670 1234 2806 1306 πλὴν
2859 1232 3055 1301 ὀλίγων
3111 1231 3294 1295 τινῶν,
3345 1231 3709 1302 δογματιεσας.

2124 1330 2319 1385 Πολλοὶ
2350 1330 2406 1382 δὲ
2436 1331 2492 1381 ὲν
2514 1331 2580 1399 τῇ
2604 1328 2760 1400 Μέσῃ
2789 1325 2898 1378 τῶν
2929 1324 3207 1397 ποταμῶν,
3241 1323 3333 1376 καὶ
3359 1325 3452 1376 ἐπὶ
3473 1324 3541 1374 τὰ
3562 1323 3710 1392 μέρη

2123 1423 2222 1494 τῆς
2266 1421 2485 1494 Ῥώμης
2517 1420 2611 1474 τοῦ
2652 1420 2816 1473 αὑτοῦ
2853 1419 3123 1489 δόγματος
3153 1417 3511 1488 ὑπάρχουσιν,
3550 1416 3714 1483 ἀνοίᾳ

2123 1516 2230 1568 τινὶ
2261 1517 2566 1588 φερόμενοι.

2196 1606 2522 1678 Δογματίζει
2563 1607 2671 1677 γὰρ
2703 1597 2854 1669 οὗτος
2883 1604 2979 1658 καὶ
3011 1603 3059 1656 οἱ
3095 1603 3191 1655 ἀπ’
3217 1602 3384 1656 αὑτοῦ
3411 1601 3709 1655 Σαδελλια-

2126 1704 2206 1756 νοὶ
2230 1703 2321 1755 τὸν
2345 1701 2502 1754 αὑτὸν
2525 1695 2665 1754 εἶναι
2686 1699 2925 1770 Πατέρα,
2947 1698 3039 1751 τὸν
3065 1696 3226 1750 αὑτὸν
3253 1696 3404 1759 Υἱδν,
3427 1695 3521 1748 τὸν
3546 1695 3713 1748 αὑτὸν

443 1792 767 1862 liypostasin
800 1804 912 1850 tres
937 1768 1348 1864 appellationes
1377 1794 1727 1847 conveniant.
1762 1792 1869 1846 Aut
1901 1809 2026 1864 pcr-

2144 1790 2266 1847 εἷναι
2301 1792 2454 1862 ἅγιον
2477 1791 2718 1861 Πνεῦμα·
2745 1790 2820 1853 ὡς
2839 1768 2984 1842 εἶναι
3013 1789 3070 1840 ὲν
3103 1789 3201 1859 μιᾷ
3232 1788 3534 1840 ὑποστάσει
3559 1789 3713 1856 τρεῖς

447 1883 574 1936 inde
607 1892 772 1954 atque
821 1884 875 1938 in
928 1900 1037 1938 uno
1085 1884 1307 1939 homine
1357 1899 1576 1953 corpus,
1617 1893 1670 1937 et
1719 1885 1924 1949 anima,
1974 1893 2027 1939 ct

447 1977 677 2046 Spiritus
712 1977 874 2030 inest.
914 1976 989 2030 Ita
1027 1987 1083 2029 ut
1112 1974 1359 2044 corporis
1393 1975 1569 2028 instar
1597 1975 1668 2030 sit
1703 1974 1886 2046 Pater,
1917 1975 2030 2028 ani-

447 2043 550 2120 mae
583 2065 788 2132 Filius;
834 2064 1076 2134 Spiritus
1110 2043 1346 2134 denique
1383 2066 1434 2118 in
1470 2065 1586 2135 ipsa
1617 2043 1899 2120 divinitate
1925 2066 2027 2119 hu-

451 2159 598 2210 mani
630 2157 859 2226 spiritus
896 2157 1071 2209 instar
1112 2156 1398 2210 habeatur.
1433 2153 1587 2220 Quod
1620 2163 1674 2210 et
1714 2156 1848 2210 solis
1877 2156 2031 2210 simi-

451 2251 683 2305 litudine
714 2250 1031 2316 declarant;
1063 2249 1117 2302 in
1150 2264 1259 2319 quo
1290 2263 1414 2301 cum
1454 2262 1561 2300 una
1594 2249 1663 2302 sit
1696 2247 2026 2318 hypostasis,

449 2342 645 2411 triplex
687 2341 1042 2395 nihilominus
1073 2349 1230 2394 actus
1267 2347 1350 2393 est
1382 2358 1395 2394 :
1425 2337 1680 2391 nimirum
1720 2338 2030 2392 illustrandi

452 2434 532 2488 vis
568 2446 620 2487 et
649 2432 1030 2495 calefaciendi,
1084 2440 1139 2486 et
1190 2430 1519 2484 orhicularis
1569 2429 1759 2500 ﬁgura.
1804 2430 1882 2483 Ac
1920 2429 2031 2483 vim

446 2525 666 2594 quidem
708 2524 852 2577 illam
891 2523 1268 2589 calefaciendi,
1310 2523 1413 2576 hoc
1444 2529 1528 2577 est
1573 2523 1833 2586 calorem,
1868 2533 2034 2593 atque

447 2624 662 2676 :rstum,
708 2613 935 2683 Spiritui
973 2612 1334 2682 rc5p0ndere;
1379 2612 1723 2668 illuminandi
1761 2630 1890 2669 vero
1923 2618 2031 2671 vim

449 2705 624 2773 Filio;
650 2705 863 2760 Patrem
891 2706 1127 2775 denique
1154 2706 1323 2760 totius
1347 2706 1659 2776 hypostasis
1683 2708 1827 2761 velut
1848 2723 2036 2778 quani-

449 2798 575 2853 dam
610 2815 733 2854 esse
769 2798 1021 2852 formam.
1057 2797 1229 2868 Igitur
1262 2785 1468 2851 'Filium
1510 2797 1781 2851 aﬂirmant
1814 2799 1949 2852 radii
1978 2798 2033 2853 in

453 2907 660 2944 Inorcltl
692 2890 957 2945 emissum
995 2891 1202 2953 omnia,
1244 2905 1364 2959 qua:
1404 2889 1471 2943 ad
1505 2888 1802 2960 Evangelii,
1840 2899 1894 2945 et
1933 2891 2034 2944 hu-

450 2999 625 3037 mana:
684 2981 880 3036 salutis
935 2981 1376 3051 procurationem
1432 2981 1749 3045 attinerent,
1815 2982 1870 3035 in
1932 2982 2034 3036 hoc

447 3073 656 3127 mundo
692 3073 1031 3142 praestitisse,
1082 3080 1247 3141 atque
1296 3071 1368 3122 ita
1429 3070 1484 3124 in
1531 3071 1728 3124 cwlum
1781 3069 2029 3135 rediisse,

452 3166 909 3238 quemadmodum
963 3165 1032 3228 is,
1085 3164 1178 3233 qui
1220 3178 1249 3216 a
1295 3163 1411 3217 sole
1459 3163 1722 3225 manavit,
1760 3162 1948 3217 radius
1978 3163 2031 3216 in

447 3259 701 3314 eumdem
730 3267 913 3328 postea
944 3257 1274 3312 refunditur.
1306 3255 1569 3326 Spiritum
1596 3273 1762 3326 porro
1779 3267 2032 3312 sanctum

452 3354 508 3406 in
542 3352 686 3404 hunc
717 3351 904 3404 orbem
938 3350 1179 3412 immitti,
1217 3363 1281 3403 ac
1312 3348 1567 3417 deinceps
1607 3349 2036 3420 singillatimque

449 3445 505 3498 in
539 3459 634 3498 eos
682 3457 874 3498 omnes
929 3443 1098 3506 illabi,
1152 3442 1243 3510 qui
1293 3456 1359 3495 eo
1404 3456 1630 3496 munere
1684 3443 1830 3512 digni
1876 3451 2032 3509 sunt;

449 3536 814 3604 eumdemque
853 3535 1165 3588 instaurare
1196 3533 1382 3595 vitam,
1423 3543 1478 3587 et
1516 3533 1761 3588 animare
1792 3534 2033 3602 fervore;

452 3627 637 3682 fovere
667 3627 924 3699 denique,
958 3642 1022 3680 ac
1050 3625 1370 3686 calefacere,
1407 3635 1466 3678 ut
1493 3625 1566 3677 ita
1597 3625 1798 3688 dicam,
1831 3627 1881 3680 vi
1908 3641 2040 3696 qua-

451 3721 578 3776 dam
611 3719 1086 3787 consensioneque
1132 3718 1383 3788 spiritus.
1442 3716 1723 3788 Ejusmodi
1764 3717 1876 3772 fere
1915 3719 2039 3773 illo-

453 3827 576 3864 rum
603 3809 855 3880 dogmata
891 3817 1042 3864 sunt.

524 3899 586 3953 ll.
622 3902 891 3955 Craterum
939 3900 1197 3956 onmibns
1251 3907 1362 3954 tam
1413 3898 1653 3963 Veteris,
1706 3914 1869 3968 quam
1901 3897 2036 3954 Novi

452 3994 788 4051 Testamenti
839 3992 1142 4065 Scripturis
1194 4001 1448 4061 utuntur,
1505 3993 1589 4048 vel
1639 3993 1807 4048 certis
1857 3993 2038 4064 potius

450 4088 812 4150 dictionibus,
840 4102 976 4155 quas
1009 4087 1228 4156 ipsimet
1258 4102 1354 4156 pro
1380 4086 1576 4140 insana
1609 4095 1791 4140 mente
1822 4101 1942 4146 sua.
1973 4100 2037 4138 ac

451 4179 707 4236 vecordia
741 4178 1004 4248 deligunt.
1050 4177 1329 4247 Principio
1359 4177 1502 4232 hanc
1533 4192 1564 4231 e
1603 4178 1775 4232 sacris
1816 4176 2038 4231 Litteris

453 4272 783 4327 sententiam
825 4271 1120 4339 arripiunt,
1176 4285 1338 4339 quam
1395 4269 1562 4340 Moysi
1615 4269 1757 4324 Deus
1790 4271 2038 4324 elocutus

452 4373 570 4418 est:
597 4362 758 4425 Audi,
795 4361 988 4426 Israel,
1019 4360 1274 4413 Dominus
1312 4359 1475 4432 514
1510 4359 1646 4415 Deus
1683 4373 1825 4424 tuus,
1853 4362 2038 4416 Domi-

2127 1887 2445 1956 ὀνομασίας,
2491 1885 2524 1956 ἧ
2561 1885 2635 1949 ὼς
2667 1885 2722 1936 ὲν
2751 1881 3022 1954 ἀνθρώπῳ
3054 1881 3234 1952 σῶμα,
3278 1881 3373 1933 καὶ
3413 1880 3582 1949 ψυχὴ,
3618 1881 3716 1931 καὶ

2131 1981 2370 2050 πνεῦμα.
2400 1978 2511 2031 Καὶ
2537 1973 2676 2030 εἶναι
2711 1975 2807 2048 μὲν
2845 1976 2904 2030 τὸ
2938 1975 3115 2046 σῶμα,
3147 1974 3224 2038 ὡς
3249 1976 3442 2035 εἰπεῖν,
3482 1972 3575 2024 τὸν
3601 1972 3717 2024 Πα-

2129 2073 2282 2144 τέρα,
2304 2073 2481 2142 ψυχὴν
2507 2071 2584 2136 δὲ,
2611 2071 2685 2134 ὼς
2707 2071 2902 2136 εἰπεῖν,
2928 2069 3018 2121 τὸν
3048 2067 3195 2127 Υἱδν,
3219 2067 3280 2119 τὸ
3306 2065 3534 2135 Πνεῦμα
3562 2065 3618 2117 δὲ
3638 2063 3718 2124 ὡς

2130 2163 2439 2235 ἀνθρώπου,
2468 2163 2639 2225 οῦτως
2661 2161 2754 2215 καὶ
2777 2161 2838 2214 τὸ
2864 2159 3017 2228 ἅγιον
3039 2157 3264 2229 Πνεῦμα
3291 2158 3350 2209 ὲν
3371 2159 3438 2226 τῇ
3473 2156 3713 2225 θεότητι.

2133 2257 2201 2309 Ἦ
2223 2256 2296 2319 ὡς
2317 2255 2411 2308 ἐὰν
2496 2256 2551 2306 ὲν
2584 2253 2717 2325 ἡλίῳ
2743 2253 2854 2305 ὖντι
2887 2253 2985 2324 μὲν
3011 2253 3066 2304 ὲν
3096 2252 3193 2321 μιᾷ
3223 2248 3543 2309 ὑποστάσει,
3570 2246 3719 2317 τρεῖς

2132 2349 2187 2402 δὲ
2219 2348 2394 2419 ἔχοντι
2423 2347 2518 2410 τὰς
2549 2345 2850 2416 ἐνεργείαςο
2892 2343 3034 2414 φημὶ
3067 2343 3122 2396 δὲ
3153 2343 3214 2395 τὸ
3241 2341 3591 2410 ιρωτιστικδν,
3623 2340 3718 2389 καὶ

2132 2440 2192 2492 τὸ
2222 2438 2446 2502 θάλπον,
2477 2439 2570 2490 καὶ
2597 2435 2729 2488 αὐτὸ
2761 2435 2822 2487 τὸ
2849 2435 2946 2506 τῆς
2971 2431 3324 2504 περιφερείας
3366 2429 3576 2500 σχῆμα.
3605 2429 3719 2480 Καὶ

2134 2529 2272 2587 εἶναι
2324 2533 2422 2603 μὲν
2468 2531 2528 2584 τὸ
2583 2529 2806 2596 θάλπον,
2854 2528 3030 2581 εἷτουν
3075 2525 3276 2598 θερμὸν
3323 2525 3418 2577 καὶ
3472 2523 3615 2586 ζέον,
3656 2524 3718 2574 τὸ

2135 2623 2382 2694 Πνεῦμα,
2419 2623 2481 2675 τὸ
2513 2620 2840 2692 φωτιστικὺν
2877 2620 2934 2673 δὲ
2961 2620 3051 2673 τὸν
3085 2617 3231 2681 Υἱδν,
3268 2617 3359 2668 τδν
3397 2615 3454 2668 δὲ
3493 2614 3718 2683 Πατέρα

2134 2715 2295 2768 αὑτὸν
2327 2708 2466 2766 εἶναι
2507 2713 2568 2764 τὸ
2612 2706 2750 2775 εἶδος
2795 2710 2974 2781 πάσης
3017 2709 3114 2779 τῆς
3150 2705 3525 2768 ὑποστάσεως.
3569 2704 3719 2772 Πεμο

2135 2807 2337 2878 φθέντα
2366 2806 2421 2858 δὲ
2452 2805 2542 2858 τὸν
2574 2803 2702 2856 Υἱδν
2741 2801 2923 2874 καιρῷ
2952 2817 3103 2864 ποτε,
3146 2798 3334 2869 ὥσπερ
3377 2797 3597 2858 ἀκτῖνα,
3628 2796 3718 2847 καὶ

2134 2901 2511 2971 ἐργασάμενον
2541 2898 2609 2951 τὰ
2647 2898 2823 2951 πάντα
2855 2897 2912 2948 ὲν
2941 2894 3020 2965 τῷ
3054 2895 3242 2964 κόσμῳ
3270 2892 3338 2944 τὰ
3376 2891 3477 2960 τῆς
3509 2892 3715 2941 οἰκονοο

2137 2990 2266 3060 μίας
2291 2989 2389 3060 τῆς
2410 2987 2788 3056 εὺαηελικῆς.
2829 2985 2922 3038 καλ¹
2957 2982 3232 3053 σωτηρίας
3255 2980 3364 3034 τῶν
3385 2978 3715 3049 ἀνθρώπων,

2137 3079 2514 3151 ἀναληφθέντα
2535 3079 2592 3133 δὲ
2617 3073 2773 3140 αὖθις
2799 3077 2878 3141 εἰς
2899 3075 3149 3148 οὐρανὸν.
3171 3073 3246 3137 ὼς
3271 3073 3378 3126 ὑπὸ
3402 3072 3560 3143 ἡλίου
3589 3087 3718 3139 πεμ·

2137 3172 2365 3242 φθεῖσαν
2395 3172 2609 3232 ἀκτῖνα,
2642 3170 2738 3223 καὶ
2773 3153 2932 3223 πάλιν
2963 3169 3043 3232 εἰς
3071 3168 3160 3220 τὸν
3189 3165 3342 3236 ἥλιον
3373 3161 3716 3234 ἀναδραμοῦ-

2139 3285 2259 3322 σαν.
2293 3268 2367 3321 Tb
2395 3267 2450 3319 δὲ
2481 3267 2634 3336 ἅγιον
2664 3264 2887 3335 Πνεῦμα
2916 3262 3227 3333 πέμπεσθαι
3262 3262 3339 3322 εἱς
3367 3259 3457 3312 τὸν
3491 3258 3715 3325 κόσμον,

2137 3362 2228 3415 καὶ
2260 3359 2515 3430 καθεξῆς,
2547 3358 2640 3412 καὶ
2675 3357 2794 3411 καθ’
2825 3357 3031 3408 ἓκαστα
3065 3355 3143 3418 εἰς
3183 3353 3414 3405 ἕκαστον
3446 3349 3557 3401 τῶν
3596 3364 3718 3399 κατ-

2137 3453 2488 3524 αξιουμένων·
2525 3451 2916 3518 ἁναξωογονεῖν
2949 3448 3005 3502 δὲ
3039 3447 3128 3501 τὸν
3169 3443 3431 3506 τοιοῦτον,
3471 3442 3568 3495 καὶ
3592 3443 3719 3492 ἁνα-

2137 3545 2300 3610 ζέειν,
2334 3542 2562 3597 θάλπειν
2590 3558 2651 3594 τε
2679 3542 2773 3594 καὶ
2804 3538 3141 3610 θερμαίνειν,
3172 3535 3247 3601 ὡς
3279 3535 3480 3594 εἰπεῖν,
3511 3531 3598 3583 διὰ
3622 3529 3719 3597 τῆς

2137 3634 2231 3689 τοῦ
2293 3633 2601 3705 πνεύματος
2654 3629 2936 3702 δυνάμεώς
2985 3647 3046 3683 τε
3094 3629 3186 3683 καὶ
3233 3624 3579 3696 ωμὸἀσεως.
3613 3620 3721 3673 Καὶ

2137 3727 2310 3783 ταῦτά
2336 3730 2482 3781 ἐστιν
2507 3726 2543 3781 ἃ
2575 3724 2978 3796 δογματίζουσι.

2138 3951 2141 3954 .
2211 3908 2284 3963 B'.
2306 3909 2618 3981 Κέχρηνται
2644 3908 2702 3962 δὲ
2725 3910 2846 3970 ταῖς
2867 3906 3066 3968 πάσαις
3119 3907 3368 3977 γραφαῖς·
3388 3903 3634 3967 Παλαιᾶς
3659 3922 3713 3956 τε

2140 4003 2236 4058 καὶ
2265 4003 2473 4072 Καινῆς
2499 4000 2798 4072 Διαθήκης,
2828 3999 3007 4066 λέξεσι
3034 3999 3090 4052 δέ
3114 4016 3252 4051 τισιν
3278 3993 3364 4060 αἷς
3392 3997 3547 4050 αὐτοὶ
3573 3997 3717 4050 ἐκλέ-

2140 4111 2327 4164 γονται
2359 4091 2502 4147 κατὰ
2521 4093 2620 4162 τὴν
2656 4091 2792 4145 ἰδίαν
2825 4090 3001 4143 αὐτῶν
3032 4089 3564 4159 παραπεποιημένην
3593 4106 3718 4159 φρε-

2139 4183 2460 4237 νοϐλάὸειὰν
2496 4199 2556 4235 τε
2589 4180 2684 4236 καὶ
2716 4180 2922 4234 ἄνοιαν.
2966 4179 3187 4250 Πρῶτον
3220 4179 3318 4248 μὲν
3350 4179 3429 4250 τῷ
3467 4179 3640 4251 ῥητῷ,

2139 4274 2293 4331 εἶπεν
2327 4279 2355 4330 ὁ
2389 4277 2522 4339 Θεὸς
2563 4273 2698 4346 πρὸς
2728 4276 2990 4345 Μωῦσῆν,
3038 4274 3119 4326 ὅτι
3165 4275 3404 4337 Ἀκουε,
3460 4274 3717 4341 Ἰσραὴλ,

2142 4372 2356 4438 Κίιριος
2384 4372 2415 4423 ό
2448 4368 2591 4434 Θεός
2618 4383 2757 4434 σου,
2781 4367 2994 4434 Κύριος
3016 4361 3103 4431 εἷς
3128 4366 3318 4418 ἐστιν.
3343 4367 3425 4418 Οὐ
3449 4368 3720 4434 ποιήσεις

451 4473 552 4509 nus
579 4472 712 4508 unus
741 4465 839 4509 est.
875 4453 997 4508 Non
1029 4454 1191 4522 facies
1216 4455 1308 4507 tibi
1330 4455 1452 4508 deos
1479 4453 1696 4510 alteros.
1736 4452 1855 4508 Non
1883 4466 2028 4509 erunt

2144 4458 2375 4526 σεαυτῷ
2422 4457 2598 4524 θεοὺς
2645 4455 2906 4524 ἐτέρους.
2974 4458 3095 4510 Οὐκ
3149 4457 3399 4510 ἔσονταί
3449 4473 3550 4510 σοι
3605 4460 3720 4511 θεοὶ

452 4549 550 4600 tibi
576 4547 652 4601 dii
685 4555 912 4601 recentes
937 4547 976 4599 '.
1014 4546 1275 4612 Quoniam
1307 4563 1397 4616 ego
1435 4544 1577 4600 Deus
1615 4549 1842 4614 piimus,
1867 4558 1916 4601 et
1941 4564 2036 4600 uo-

456 4638 722 4701 t'issimus,
749 4649 795 4690 et
820 4647 1012 4704 prwter
1043 4653 1123 4689 me
1150 4654 1252 4689 non
1277 4646 1354 4690 est
1379 4637 1516 4691 Deus
1542 4637 1738 4691 alius'.
1766 4638 1832 4691 Et
1848 4639 1892 4692 si
1917 4653 2038 4707 quae

454 4731 562 4784 alia
607 4737 737 4784 sunt
782 4728 851 4782 ad
897 4735 1134 4783 mentem
1175 4745 1331 4782 suam
1369 4729 1802 4792 accommodata,
1839 4731 2038 4800 quibus

452 4822 523 4874 ad
558 4821 992 4875 confirmandum
1023 4835 1265 4875 errorem
1300 4820 1624 4874 abutuntur.
1669 4821 1934 4877 Praeterea
1969 4839 2034 4876 ex

457 4913 751 4984 Evangelio
783 4915 914 4968 illud
947 4923 1216 4984 usurpant
1243 4931 1258 4968 :
1289 4912 1401 4983 Ego
1434 4907 1487 4966 in
1513 4912 1697 4980 Patre,
1720 4923 1771 4968 et
1803 4913 1962 4967 Pater
1982 4915 2036 4968 in

455 5021 538 5058 me
570 5015 645 5058 est
666 5007 706 5059 ³.
737 5004 800 5056 Et
832 5024 844 5059 :
891 5006 1003 5058 Duo
1032 5021 1194 5058 unum
1227 5021 1408 5058 sumus
1433 5004 1472 5057 ⁸.

528 5095 683 5150 llunc
714 5105 895 5151 autem
919 5112 1160 5152 errorem
1193 5111 1432 5162 onmem,
1465 5096 1698 5166 ejusque
1728 5095 2039 5151 ﬁrmamen-

455 5200 574 5246 tum
601 5206 666 5245 ει
702 5190 1046 5260 Apocryphis
1075 5190 1405 5260 quibusdam
1435 5190 1772 5256 hauserunt;
1807 5205 2039 5260 praeser-

455 5287 552 5340 tim
600 5286 670 5340 ab
716 5282 1101 5354 ASgyptiorum
1144 5282 1438 5353 Evangelio
1474 5303 1485 5337 :
1516 5284 1619 5338 hoc
1646 5283 1793 5336 enim
1826 5283 1901 5336 illi
1937 5297 2038 5336 no-

454 5394 579 5436 men
621 5376 958 5439 indidcrunt,
1002 5374 1054 5427 in
1084 5387 1195 5444 quo
1227 5374 1485 5445 pleraque
1513 5384 1644 5431 sunt
1676 5374 1840 5444 hujus
1874 5390 2037 5444 gene-

454 5473 554 5531 ris.
587 5486 708 5539 qua:
745 5484 810 5523 ex
847 5483 1081 5537 persona
1117 5466 1422 5522 Salvatoris
1455 5469 1594 5522 clam
1625 5477 1790 5538 atque
1821 5467 2036 5522 occulte

454 5564 603 5617 velut
639 5561 921 5633 mysteria,
964 5569 1366 5631 proponuntur,
1398 5561 1554 5630 quasi
1591 5559 1880 5630 discipulis
1913 5559 2032 5629 ipse

529 5722 544 5752 ⁸
571 5718 729 5777 Deut.
757 5736 834 5788 vi,
859 5722 923 5789 4,
966 5719 1136 5777 Exod.
1173 5735 1261 5778 xx,
1287 5719 1338 5774 5.

2142 4555 2496 4624 πρόσφατοι·
2539 4551 2630 4604 ὅτι
2675 4551 2790 4620 ἐγὼ
2837 4549 2980 4616 Θεὸς
3025 4553 3058 4603 o'
3106 4549 3355 4618 πρῶτος,
3394 4551 3489 4602 καὶ
3524 4553 3555 4604 ό
3579 4553 3722 4619 μετὰ

2143 4647 2349 4707 ταῦτα,
2383 4644 2480 4697 καὶ
2512 4639 2682 4709 πλὴν
2709 4639 2857 4709 ἐμοῦ
2889 4640 3000 4692 οὐκ
3032 4638 3161 4693 ἔστι
3192 4639 3336 4704 Θεὸς
3360 4639 3582 4707 ἕτερος.
3619 4642 3723 4692 Καὶ

2143 4737 2243 4790 ὅσα
2280 4735 2445 4805 ’ἔτερα
2469 4733 2607 4786 κατὰ
2637 4731 2725 4784 τὸν
2763 4730 2891 4782 ἴδιον
2921 4728 3102 4782 αὐτῶν
3134 4728 3278 4794 νοῦν,
3318 4731 3398 4791 εἰς
3429 4729 3635 4781 τούτων
3672 4729 3722 4780 δὲ

2146 4828 2495 4900 παράστασιν
2550 4824 2796 4895 φέρουσι.
2853 4821 3022 4874 Πάλιν
3079 4821 3186 4874 ἀπὸ
3235 4820 3592 4889 Εὑαγγελίου,
3647 4822 3722 4872 ὅτι

2158 4919 2300 4990 Ἐγὼ
2332 4920 2401 4972 ἐν
2443 4915 2522 4981 τῷ
2565 4915 2768 4984 Πατρὶ,
2810 4912 2908 4966 καὶ
2947 4915 2980 4966 ὀ
3013 4911 3216 4982 Πατὴρ
3239 4912 3308 4964 ἐν
3335 4911 3485 4980 ἐμοι·
3517 4913 3631 4975 καὶ,
3665 4914 3722 4962 οι

2142 5013 2253 5067 δύο
2281 5010 2351 5064 ἐν
2377 5009 2585 5078 ἐσμεν.

2215 5101 2324 5172 Τὴν
2352 5101 2409 5154 δὲ
2436 5101 2612 5154 πᾶσαν
2645 5098 2826 5152 αὐτῶν
2853 5097 3084 5167 πλάνην,
3130 5096 3224 5148 καὶ
3260 5095 3358 5165 τὴν
3387 5096 3485 5164 τῆς
3522 5096 3723 5166 πλάνης

2145 5193 2325 5249 αὐτῶν
2360 5191 2588 5263 δύναμιν
2633 5189 2846 5259 ἔχουσιν
2895 5191 2954 5254 ἐξ
2998 5188 3356 5259 Ἀποκρύφων
3399 5189 3582 5250 τινῶν,
3628 5190 3724 5256 μά-

2145 5285 2301 5338 λιστα
2338 5281 2448 5336 ἀπὸ
2477 5280 2572 5334 τοῦ
2613 5280 2944 5351 καλουμένου
2976 5278 3272 5348 Αἰγυπτίου
3301 5277 3652 5346 Εὑαγγελίου,
3682 5272 3722 5342 ᾧ

2144 5393 2289 5438 τινες
2325 5373 2384 5426 τὸ
2419 5372 2590 5442 ὄνομα
2625 5371 2881 5423 ἐπέθεντο
2913 5369 3088 5422 τοῦτο.
3123 5369 3212 5421 Ἐν
3239 5366 3387 5438 αὑτῴ
3417 5366 3524 5437 γὰρ
3562 5366 3720 5418 πολλὰ

2143 5465 2372 5520 τοιαῦτα
2397 5464 2472 5527 ὡς
2494 5465 2550 5515 ὲν
2574 5461 2908 5532 παραϐύστῳ
2936 5459 3326 5532 μυστηριωδῶς
3350 5462 3412 5512 ὲκ
3437 5458 3717 5528 προσώπου

2140 5556 2234 5610 τοῦ
2281 5553 2534 5624 Σωτῆρος
2569 5553 2924 5624 ἀναφέρεται,
2963 5551 3038 5616 ὡς
3077 5550 3244 5605 αὑτοῦ
3287 5549 3570 5619 δηλοῦντος
3615 5551 3715 5607 τοῖς

1443 5721 1460 5750 ³
1495 5715 1596 5774 lsa.
1632 5733 1775 5782 xmv,
1809 5718 1862 5771 6.
1910 5717 1961 5747 “³
2001 5714 2157 5770 Joan.
2191 5732 2242 5768 κ.
2281 5714 2369 5767 38.
2451 5715 2469 5744 ⁸
2507 5711 2640 5769 ibid.
2682 5711 2770 5765 30.
