3728 6192
48 246 183 306 033

809 252 1178 312 snvsnsvs
1218 257 1555 317 "massas
1591 258 1719 315 l.'B.
1750 260 1814 317 ll.
1846 261 2007 318 ron.
2052 261 2491 323 1.-11Ᾱί1ιιζδ,
2528 256 2701 326 an.'

43 362 340 456 ιαοηταῖς
356 364 447 456 τὸν
465 364 630 456 αὐτὸν
646 361 787 421 εἶναι
804 368 1043 442 Πατέρα,
1061 372 1154 427 τὸν
1170 374 1333 428 αὑτὸν
1356 368 1497 430 εἶναι
1512 376 1605 431 Tib

1841 378 2021 441 :laret.
2051 381 2305 437 eumdem
2340 398 2464 437 esse
2496 381 2735 447 Patrem,
2772 395 2826 441 et
2867 383 3085 451 Filium,
3116 394 3170 440 et
3202 386 3331 456 Spi-

47 454 122 507 ὸν
146 456 333 509 αὐτὸν
354 451 491 510 εἶναι
514 455 668 526 ἅγιον
684 459 907 531 Πνεῦμα
922 501 936 514 .
959 458 1095 517 Εἶτα
1118 464 1247 518 ὅταν
1274 468 1647 537 συναντήσωσί

50 565 149 602 ισι
161 548 286 602 τῶν
301 547 708 631 ἀφελεστάτων,
723 549 755 621 ἦ
773 552 1068 625 ἀκεραίων,
1085 554 1192 609 τῶν
1214 556 1289 627 μὴ
1301 556 1369 611 τὰ
1386 557 1530 627 σατῆ
1542 555 1649 609 τῶν

44 659 85 695 ιε
95 643 173 697 io.»
184 660 209 695 ι
226 643 467 713 Γτιαφῶν
478 647 974 720 γινωσκόντωνρὴν
988 649 1179 703 πεῦσιν
1191 652 1369 716 αὐτοῖς
1382 651 1652 723 ὑφηγοῦν-

43 753 126 786 Γςιιι
151 734 398 806 ταύτην·
418 735 484 790 Τί
507 736 574 791 ἂν
589 738 851 810 εεπωμεν,
876 734 923 794 ὦ
954 735 1132 808 οὗτοι;
1160 741 1256 795 ἕνα
1274 742 1405 797 Θεὸν
1430 743 1649 814 ἔχομεν,

43 831 61 899 1
112 832 285 903 τρεῖς
334 830 524 897 θεούςς
563 832 734 889 Ὅταν
764 834 822 888 δὲ
854 836 1066 911 ἀκούσῃ
1103 828 1133 891 6
1178 840 1237 892 ἐν
1261 838 1520 911 εὐλαϐείᾳ
1552 840 1651 906 ὢν,

43 922 139 974 (αἱ
175 922 259 993 μὴ
287 922 364 977 τὰ
392 923 572 977 τέλεια
603 925 705 995 τῆς
730 926 1030 996 ἀσφαλείας
1061 931 1448 1003 ἐπιστάμενος,
1489 933 1654 999 εὐθὺς

43 1013 139 1066 τὸν
169 1014 309 1068 νοῦν
342 1017 656 1087 ταραχθεὶς,
688 1020 1143 1088 συγκατατίθεται
1174 1025 1241 1095 τῇ
1268 1024 1493 1079 ἐκείνων
1516 1025 1654 1079 πλά-

43 1120 136 1177 νῃ,
161 1107 265 1159 καὶ
286 1106 605 1178 εὑρίσκεται
631 1108 966 1181 ἀρνούμενος
982 1113 1076 1166 τὸν
1102 1114 1256 1180 Θεὸν,
1284 1117 1379 1170 καὶ
1404 1117 1654 1189 εὑρίσκε-

43 1215 139 1250 ται
167 1197 517 1270 ἀρνούμενος
536 1200 599 1253 τὸ
628 1196 766 1256 εἶναι
798 1202 926 1257 Υίὸν
946 1205 1043 1258 καὶ
1066 1205 1129 1259 τὸ
1154 1206 1310 1275 ἅγιον
1334 1209 1579 1281 Πνεῦμα.

120 1291 203 1344 1".
239 1290 336 1344 Ἐν
364 1292 497 1345 πᾶσι
521 1292 579 1347 δὲ
597 1292 806 1358 τούτοις
831 1294 1153 1351 ἐνέπνευσεν
1175 1300 1205 1353 6
1228 1299 1653 1374 τῶνάνθρώπων
1740 1306 1743 1307 ⁷

43 1381 368 1446 ἀντίπαλος
394 1384 489 1437 ἀπ’
516 1383 733 1449 αίῶνος,
770 1386 857 1439 ἴνα
890 1387 983 1441 τὸν
1010 1389 1111 1459 μὲν
1135 1389 1330 1457 οὕτως,
1366 1392 1455 1447 τὸν
1484 1394 1540 1450 δὲ
1561 1394 1655 1449 οῦ-

44 1492 196 1538 τως,
243 1477 377 1540 τοὺς
417 1477 634 1542 πλείους
677 1478 735 1532 δὲ
777 1480 913 1551 ὁμοῦ
957 1482 1216 1557 ἀπατήσῃ
1262 1485 1356 1540 καὶ
1404 1486 1654 1561 πλανήσῃ

50 1567 400 1640 ἀνθρώπους
426 1568 533 1623 ἀπὸ
563 1571 663 1641 τῆς
699 1571 820 1625 ὀδοῦ
855 1572 958 1643 τῆς
982 1572 1262 1645 ἀληθείας.
1291 1576 1404 1632 Καὶ
1431 1579 1516 1632 ὃτι
1553 1579 1653 1650 μέν

48 1657 294 1728 ἀληθῶς
328 1652 410 1722 εἷς
449 1661 565 1713 ἐστι
595 1660 751 1726 Θεὸς,
789 1663 884 1716 καὶ
916 1664 1017 1718 οὐκ
1046 1665 1193 1719 ἐστιν
1224 1666 1429 1739 ἕτερος,
1468 1669 1655 1737 σαφῶς

46 1752 121 1803 ἐν
174 1754 245 1822 τῇ
295 1752 430 1823 ἁγίᾳ
476 1750 570 1805 τοῦ
621 1752 758 1806 Θεοῦ
791 1754 1088 1828 Ἐκκλησία
1141 1728 1512 1829 ὡμολόγηται,
1692 1728 1735 1785 Β

44 1842 528 1915 συμπεφώνηται.
568 1844 689 1898 Ὅτι
709 1845 770 1898 οὐ
795 1845 1085 1901 πολυθεῖαν
1105 1847 1492 1919 είσηγούμεθαο
1522 1850 1663 1921 ἀλλὰ

45 1934 376 2005 μοναρχίαν
403 1934 769 2007 κηρύττομεν.
806 1938 1126 2009 Μοναρχίαν
1169 1938 1226 1992 δὲ
1272 1939 1657 2012 κηρύττοντες,

44 2026 120 2078 οὐ
172 2026 550 2097 σφαλλόμεθα,
588 2028 724 2082 ἀλλὰ
768 2029 1142 2103 ὁμολογοῦμεν
1174 2033 1274 2104 τὴν
1305 2034 1530 2106 Τριάδα,
1564 2051 1660 2106 μο-

46 2118 206 2172 νάδα
231 2120 291 2173 ἐν
324 2119 536 2191 Τριάδι,
570 2122 666 2175 καὶ
698 2122 904 2193 Τριὰδα
933 2124 991 2177 ἐν
1023 2124 1233 2195 μονάδι,
1266 2126 1397 2197 μίαν
1432 2127 1661 2199 θεότητα

50 2208 312 2281 Πατρὸς,
349 2212 444 2265 καὶ
477 2211 633 2276 Υἱοῦ,
676 2215 770 2267 καὶ
812 2214 970 2282 ἁγίου
1012 2218 1352 2288 Πνεῦματος.
1385 2219 1461 2273 Οὐ
1499 2219 1609 2291 γὰρ
1632 2222 1661 2275 6

55 2304 206 2367 Υἱὸς
235 2303 429 2357 ἑαυτὸν
458 2304 765 2376 ἐγέννησεν*
807 2307 928 2361 οὐδὲ
966 2310 994 2362 6
1035 2310 1228 2382 Πατὴρ
1259 2312 1660 2385 μεταϐέϐληται

54 2396 184 2449 ἀπὸ
206 2394 305 2450 τοῦ
334 2395 543 2468 Πατὴρ,
570 2397 664 2450 τοῦ
687 2395 827 2453 εἶναι
852 2399 998 2464 Υίόςο
1027 2400 1148 2454 οὐδὲ
1172 2402 1234 2455 τὸ
1259 2402 1413 2471 ἅγιον
1438 2404 1663 2477 Πνεῦμα

57 2487 311 2557 Χριστὸν
363 2488 555 2543 ἐαυτὸν
606 2487 829 2545 πώποτε
878 2491 1181 2563 ὠνόμασεν
1242 2494 1379 2549 ἀλλὰ
1438 2496 1662 2569 Πνεῦμα

62 2578 345 2650 Χριστοῦ,
398 2583 492 2636 καὶ
532 2580 623 2635 διὰ
669 2583 907 2654 Χριστοῦ
950 2584 1246 2657 διδόμενον,
1295 2588 1403 2643 ἀπὸ
1448 2588 1662 2660 Πατρὸς

66 2673 531 2745 ἐκπορευόμενον,
558 2675 766 2731 καὶτοῦ
794 2677 925 2730 Υίοῦ
950 2677 1243 2749 λαμϐάνον.
1267 2681 1662 2746 Ἐνυπόστατος

65 2766 99 2816 6
147 2765 362 2837 Πατὴρ,
392 2766 757 2831 ἐνυπόστατος
784 2770 813 2820 6
841 2769 992 2834 Υἱὸς,
1023 2770 1388 2826 ἐνυπόστατον
1416 2772 1478 2826 τὸ
1506 2773 1662 2841 ἅγιον

70 2857 323 2929 Πνεῦμα.
355 2857 516 2912 Ἀλλὰ
553 2860 614 2913 οὐ
641 2859 931 2934 συναλοιφή
979 2863 1012 2933 ή
1047 2862 1237 2934 Τριὰς,
1269 2864 1345 2927 ὡς
1373 2864 1662 2929 Σαϐέλλιος

70 2947 351 3017 ἐνόμισεν,
383 2946 510 3001 οὗτε
548 2948 891 3021 ὴλλοιωμένη
926 2950 1025 3022 τῆς
1066 2951 1201 3015 ίδίας
1232 2952 1533 3025 ἅῐδιότητος
1568 2954 1663 3008 καὶ

1757 466 1945 539 ritum-
1959 479 2237 526 sanctum.
2275 469 2482 526 Deinde
2511 472 2724 540 quoties
2755 474 2808 527 iu
2840 473 3077 542 aliquem
3108 488 3173 527 ex
3202 487 3331 526 sun-

1759 559 2083 629 plicioribus
2132 575 2198 616 ac
2243 562 2562 617 rudioribus
2603 561 2919 626 inciderint,
2946 563 3041 631 qui
3078 570 3327 618 exactam

1753 651 2065 706 divinarum
2101 651 2433 709 Litterarum
2467 653 2752 710 scientiam
2784 669 2893 707 non
2927 653 3147 718 habent,
3181 654 3331 708 hunc

1755 744 1810 799 in
1837 746 2058 801 modum
2083 747 2461 819 interrogant:
2489 746 2632 815 Quid
2660 746 2902 816 tandem,
2933 748 3058 802 boni
3090 748 3215 811 viri,
3245 748 3333 802 di-

1757 836 1982 891 cemus?
2029 833 2209 893 Unum
2266 837 2534 894 habemus
2585 836 2756 894 Deum
2803 854 2876 894 an
2928 837 3075 894 tres?
3119 836 3332 903 Quibus

1755 927 1964 984 auditis
2012 930 2303 1002 religiosus
2350 933 2464 997 ille,
2493 947 2597 988 nec
2640 914 2879 1003 perfecta
2921 930 2989 985 ad
3030 929 3330 985 cavendum

1758 1019 2001 1074 scientia
2026 1024 2353 1093 perpolitus,
2377 1024 2729 1096 perturbatus
2752 1023 2897 1078 illico
2922 1037 3111 1078 eorum
3143 1036 3334 1077 asseu-

1756 1111 1895 1167 titur
1931 1116 2133 1180 errori,
2163 1132 2229 1172 ac
2258 1116 2431 1173 Deum
2461 1118 2783 1189 imprudens
2813 1124 2996 1188 negat,
3027 1122 3209 1187 negat,
3246 1114 3334 1169 iu-

1755 1219 1946 1275 quam.
1985 1205 2182 1263 Filium
2214 1224 2279 1263 ac
2302 1207 2563 1280 Spiritum
2597 1218 2869 1266 sanctum.

1828 1301 1924 1357 lll.
1961 1300 2228 1357 Caeterum
2274 1302 2378 1358 hos
2405 1318 2597 1359 omnes
2638 1311 2933 1373 perpetuus
2977 1300 3067 1355 ille
3110 1299 3333 1354 humani

1758 1395 1977 1466 generis
2021 1394 2200 1451 hostis
2247 1394 2471 1460 amavit,
2523 1406 2583 1449 ut
2629 1394 2796 1448 alium
2834 1392 2958 1456 hoc,
3006 1391 3173 1445 alium
3226 1390 3336 1444 isto

1760 1487 1944 1551 modo,
1975 1496 2256 1556 utcunque
2288 1499 2420 1539 vero
2452 1481 2890 1554 quamplurimos
2914 1478 3334 1539 circumveniat,

1759 1587 1925 1650 atque
1971 1594 2000 1633 a
2038 1579 2125 1632 via
2160 1576 2408 1633 veritatis
2453 1574 2709 1630 abducat.
2761 1571 2975 1628 Etenim
3013 1585 3183 1626 unum
3214 1584 3337 1625 esse

1762 1687 1952 1727 revera
2005 1670 2198 1736 Deum,
2242 1684 2423 1740 neque
2462 1675 2658 1738 praeter
2691 1665 2838 1721 hunc
2873 1666 3125 1727 alterum,
3158 1662 3339 1716 mani-

1762 1759 1902 1816 [este
1926 1760 2239 1816 communis
2260 1757 2519 1814 Ecclesiae
2550 1756 2843 1813 consensio
2877 1753 3180 1824 profitetur.
3219 1752 3336 1806 Non

1759 1850 1904 1907 enim
1933 1849 2162 1907 deorum
2191 1850 2598 1906 multitudinem
2638 1848 2969 1912 invehimus,
3005 1844 3098 1902 sed
3123 1859 3341 1899 monar-

1760 1940 1943 1996 chiam
1978 1942 2359 2011 praedicamus.
2390 1940 2451 1995 In
2474 1955 2538 1995 ea
2566 1950 2744 1995 autem
2769 1936 3112 2009 praedicanda
3136 1949 3343 2005 nequa-

1760 2046 1925 2102 quam
1962 2031 2315 2099 aberramus;
2351 2030 2447 2087 sed
2479 2047 2585 2085 una
2621 2029 2942 2086 Trinitatem
2981 2027 3339 2093 conﬁtemur;

1764 2128 2054 2191 unitatem,
2106 2125 2353 2195 inquam,
2413 2124 2470 2178 in
2521 2121 2811 2186 Trinitate,
2841 2130 2896 2177 et
2925 2118 3249 2175 Trinitatem
3284 2119 3340 2173 in

1766 2218 2000 2280 unitate.
2032 2231 2304 2286 unamque
2325 2213 2527 2279 Patris,
2559 2228 2614 2269 et
2645 2211 2789 2278 Filii,
2818 2228 2880 2266 ac
2904 2211 3139 2282 Spiritus
3166 2213 3341 2269 sancti

1761 2307 2126 2362 divinitatem.
2183 2304 2317 2360 Nam
2370 2320 2548 2375 neque
2596 2304 2838 2375 seipsum
2892 2303 3067 2360 Filius
3115 2304 3340 2375 genuit:

1763 2414 1941 2468 neque
1976 2396 2159 2457 Pater.
2191 2405 2251 2450 ut
2288 2405 2437 2452 esset
2461 2394 2654 2458 Filius,
2687 2410 2810 2451 esse
2833 2393 2993 2450 Pater
3024 2394 3218 2461 desiit;
3247 2410 3345 2449 ne-

1764 2505 1871 2560 que
1925 2488 2166 2559 Spiritus
2217 2494 2446 2542 sanctus
2494 2487 2736 2557 seipsum
2787 2500 3026 2556 unquam
3061 2483 3343 2540 Christum

1766 2580 2081 2651 appellavit.
2116 2578 2212 2635 sed
2259 2576 2523 2651 Spiritum
2556 2578 2785 2646 Christi,
2831 2591 2896 2631 ac
2931 2591 3025 2647 per
3062 2573 3345 2632 Christum

1767 2672 2237 2729 communicatum
2264 2712 2282 2739 ,
2343 2670 2726 2741 procedentem
2792 2684 2823 2723 a
2878 2668 3072 2732 Patre,
3130 2677 3184 2724 et
3241 2682 3339 2723 ac-

1768 2768 2060 2839 cipientem
2121 2782 2154 2821 a
2220 2765 2381 2821 Filio.
2440 2762 2765 2820 Subsistens
2822 2774 2907 2821 est
2974 2764 3157 2828 Pater,
3210 2762 3346 2819 sub-

1766 2863 1971 2917 sistens
2012 2859 2207 2925 Filius,
2279 2857 2590 2915 subsistens
2640 2856 2880 2928 Spiritus
2925 2864 3171 2912 sanctus.
3236 2852 3346 2910 Sed

1768 2968 1875 3008 non
1921 2950 2182 3007 confusio
2231 2950 2478 3020 quaedam
2526 2958 2612 3004 est
2646 2946 2909 3007 Trinitas.
2946 2944 3027 3001 uti
3074 2943 3347 2999 Sabellius

70 3039 255 3109 δόξης,
299 3041 375 3129 (ac
420 3043 450 3094 6
498 3042 718 3112 ’Ἄρειος
760 3043 1082 3112 κεωφωνῶν
1126 3044 1500 3116 ἐδογμάτισεν·
1540 3046 1605 3101 ἀλ

1841 3045 2037 3111 :didit,
2105 3043 2267 3114 διε
2324 3056 2430 3098 nec
2485 3041 2557 3097 ab
2622 3040 2925 3096 aeternitate
2988 3054 3085 3095 sua
3146 3037 3348 3109 gloria-

73 3130 168 3182 αεὶ
203 3129 301 3201 μὲν
321 3126 387 3201 ἦν
415 3132 584 3203 Τριὰς
608 3131 799 3203 Τριὰς,
826 3132 921 3185 καὶ
953 3131 1207 3186 οὐδέποτε
1234 3136 1267 3204 η
1290 3132 1459 3204 Τριὰς
1489 3150 1658 3205 προσ-

74 3220 255 3291 θήκην
276 3221 557 3293 λαμϐάνει,
586 3222 683 3293 μία
709 3219 844 3277 οὖσα
868 3222 1079 3291 θεότης,
1117 3223 1218 3295 μία
1251 3225 1529 3297 κυριότης,
1562 3225 1659 3297 μία

75 3312 352 3381 δοξολογία
397 3309 553 3377 οὖσα,
600 3314 738 3368 ἀλλὰ
786 3313 956 3384 Τριὰς
998 3314 1399 3387 ἀριθμουμένη,
1446 3315 1661 3389 Πατὴρ,

78 3407 180 3460 καὶ
211 3406 357 3470 Υἱὸς,
380 3406 472 3459 καὶ
493 3405 647 3475 ἆγιον
669 3404 915 3477 Πνεῦμα.
943 3407 1056 3477 Οὐχ
1080 3405 1157 3471 ὡς
1179 3407 1237 3460 ἐν
1263 3424 1316 3461 τι
1345 3409 1522 3478 τρισὶν
1549 3409 1665 3463 6V6-

81 3516 222 3571 μασι
266 3497 622 3570 κεκλημένον,
666 3496 803 3553 ἀλλὰ
840 3497 1057 3571 ἀληθῶς
1086 3498 1267 3553 τέλεια
1300 3500 1371 3555 τὰ
1398 3500 1664 3571 ὀνόματα,

78 3592 287 3647 τέλειαι
316 3591 373 3645 αἱ
402 3589 753 3656 ὑποστάσεις,
780 3590 932 3645 οὐδὲν
960 3590 1437 3663 παρηλλαγμένον.
1474 3592 1662 3666 Πατὴρ

77 3684 140 3738 δὲ
174 3684 263 3739 ἀεὶ
284 3683 493 3754 Πατὴρ,
519 3682 611 3735 καὶ
634 3682 735 3735 οὐκ
758 3677 826 3753 ἦν
854 3681 1045 3755 καιρὸς
1074 3683 1162 3736 ὅτε
1195 3682 1296 3737 οὐκ
1324 3678 1393 3756 ἦν
1415 3685 1444 3738 6
1472 3684 1665 3757 Πατὴρ

80 3776 298 3848 Πατὴρ,
320 3774 523 3838 τέλειος
546 3775 619 3830 ὢν
651 3776 736 3829 ἀεὶ
765 3775 957 3848 Πατὴρ
985 3776 1375 3842 ἐνυπόστατος,
1412 3781 1507 3833 καὶ
1539 3780 1687 3845 ΥἱὸςΔ

82 3869 178 3923 ἀεὶ
207 3868 409 3932 τέλειος
440 3867 539 3931 ὢν,
574 3868 663 3922 ἀεὶ
696 3868 1083 3931 ἐνυπόστατος,
1109 3870 1174 3921 ἐκ
1201 3869 1419 3941 Πατρὸς
1444 3872 1503 3924 ἐν
1532 3871 1667 3943 ἁλη-

86 3961 211 4032 θείᾳ
233 3960 623 4031 γεγεννημένος
664 3959 938 4031 ἀνάρχως,
980 3961 1074 4013 καὶ
1094 3960 1360 4031 ἀχρόνως,
1387 3964 1481 4016 καὶ
1507 3964 1669 4018 ἀνεκ-

85 4056 377 4125 διηγητως,
418 4054 479 4106 οὐ
516 4052 841 4122 συνάδελφος
872 4051 949 4123 τῷ
988 4054 1188 4125 Πατρὶ,
1224 4054 1326 4107 οὐκ
1362 4054 1670 4127 ἀρξάμενος

87 4146 185 4202 τοῦ
209 4142 366 4213 εἶναι,
396 4146 519 4200 οὐδὲ
558 4144 824 4201 διαλιπών
860 4162 1013 4210 ποτε,
1054 4146 1141 4199 ἀεὶ
1180 4146 1236 4199 δὲ
1284 4145 1411 4211 Υἱὸς
1444 4150 1666 4220 γνήσιος

89 4240 265 4312 Πατρὶ
303 4242 683 4310 συνυπάρχων,
725 4240 790 4293 ἐκ
826 4238 1040 4311 Πατρὸς
1068 4238 1311 4311 ἀχρόνως
1335 4242 1667 4314 γεγεννημέ-

90 4352 205 4397 νος,
234 4334 359 4397 ἴσως
383 4332 480 4399 ὢν,
506 4332 638 4395 Θεὸς
656 4332 722 4385 ἐκ
746 4330 906 4395 Θεοῦ,
932 4330 1047 4401 φῶς
1071 4332 1137 4385 ἐκ
1163 4331 1360 4402 φωτὸς,
1386 4332 1518 4397 Θεὸς
1537 4333 1671 4405 ἁλη-

1763 3154 1872 3209 que
1930 3137 2266 3203 demutatur,
2319 3143 2380 3190 ut
2435 3133 2600 3191 Arius
2648 3131 2944 3188 vanissime
2993 3130 3203 3187 docuit.
3238 3127 3347 3185 Sed

1769 3229 2013 3286 Trinitas
2046 3235 2311 3300 perpetuo
2357 3225 2600 3283 Trinitas
2648 3225 2772 3291 fuit,
2812 3239 2913 3280 nec
2958 3223 3008 3279 ei
3047 3222 3345 3294 quidquam

1767 3322 2037 3389 accessit;
2061 3334 2187 3375 cum
2216 3334 2327 3374 una
2348 3319 2422 3374 sit
2445 3316 2727 3379 divinitas,
2753 3330 2859 3369 una
2889 3312 3211 3376 dominatio,
3238 3325 3347 3365 una

1769 3412 2117 3487 praedicanda
2154 3408 2595 3480 celebrandaque
2618 3408 2809 3478 gloria.
2836 3405 3036 3463 Eadem
3066 3403 3349 3459 nihilomi-

1772 3522 1881 3563 nus
1919 3504 2167 3561 Trinitas
2196 3508 2539 3567 numeratur,
2570 3499 2751 3565 Pater,
2801 3497 2973 3552 Filius
3002 3504 3057 3551 et
3106 3493 3350 3565 Spiritus

1770 3605 1999 3656 sanctus
2031 3601 2186 3654 :non
2216 3603 2277 3651 ut
2310 3594 2452 3652 idem
2494 3601 2659 3664 atque
2682 3607 2848 3646 unum
2885 3587 3090 3659 triplici
3112 3584 3352 3656 appella-

1774 3690 1927 3745 tione
1952 3688 2299 3751 declaretur;
2334 3683 2431 3741 sed
2460 3681 2701 3756 perfecta
2729 3693 2919 3736 revera
2945 3676 3169 3732 nomina
3196 3683 3349 3733 sunt.

1771 3779 2135 3854 perfectaeque
2164 3778 2432 3847 personas,
2475 3788 2653 3844 neque
2689 3771 2949 3843 quiddam
2974 3768 3183 3823 varium
3210 3765 3355 3833 inest

1772 3888 1840 3928 ac
1868 3871 2170 3927 diversum.
2193 3867 2357 3924 Pater
2382 3868 2501 3938 ipse
2522 3872 2784 3936 perpetuo
2808 3861 2969 3916 Pater
2994 3859 3226 3919 exstitit.
3249 3870 3353 3911 nec

1773 3965 1946 4019 ullum
1988 3976 2229 4033 unquam
2266 3970 2485 4030 tempus
2528 3957 2651 4019 fuit.
2694 3969 2804 4026 quo
2836 3952 2997 4007 Pater
3039 3966 3145 4005 non
3182 3954 3351 4003 esset.

1777 4055 2004 4126 Semper
2032 4054 2180 4109 enim
2217 4050 2494 4123 perfectus
2533 4049 2624 4103 ille
2654 4045 2816 4100 Pater
2842 4050 2947 4107 est,
2978 4050 3141 4111 atque
3172 4038 3355 4094 subsi-

1773 4157 1947 4214 stens,
1973 4156 2033 4202 ut
2052 4154 2106 4201 et
2127 4146 2404 4215 perfectus
2429 4155 2646 4211 semper
2664 4136 2859 4219 Filius,
2879 4149 3201 4204 semperque
3227 4132 3351 4186 sub-

1777 4240 2002 4304 sistens,
2031 4251 2158 4292 vere
2187 4251 2216 4289 a
2256 4234 2419 4289 Patre
2453 4232 2692 4303 genitus,
2731 4228 2938 4297 absque
2977 4226 3135 4279 initio
3171 4234 3352 4278 tamen

1779 4348 1845 4387 ac
1869 4339 2135 4400 tempore,
2168 4341 2346 4395 eoque
2370 4322 2552 4386 modo,
2581 4335 2743 4391 quem
2775 4318 2925 4374 nulla
2955 4316 3228 4387 explicare
3258 4330 3355 4384 po-

3188 272 3432 330 ιθειι

94 4426 238 4490 θινὸς
262 4427 323 4477 ἐκ
343 4424 475 4478 Θεοῦ
499 4423 777 4494 ἀληθινοῦ,
811 4422 1110 4493 γεννηθεὶς,
1138 4422 1198 4475 οὐ
1223 4421 1482 4486 κτισθείς.
1509 4422 1605 4477 Ἀλ]

1841 4434 1887 4480 st
1919 4423 2120 4479 oratio.
2143 4418 2263 4474 Non
2289 4418 2336 4474 is
2366 4416 2544 4471 Patris
2574 4415 2721 4470 velut
2743 4425 3036 4483 germanus
3060 4408 3230 4461 frater
3249 4414 3355 4469 est.

93 4521 196 4573 οὐκ
222 4518 379 4581 αὐτὸς
426 4518 637 4588 Πατὴρ,
681 4516 804 4569 οὐδὲ
842 4516 872 4567 6
914 4514 1105 4587 Πατὴρ
1135 4514 1299 4580 αὐτὸς
1330 4514 1474 4581 Υἱός.
1515 4517 1578 4571 Εἰ

1841 4533 1880 4572 :c
1905 4531 2031 4572 esse
2064 4513 2233 4585 cmpit
2266 4525 2529 4580 unquam,
2565 4514 2659 4561 aut
2691 4502 2985 4574 aliquando
3024 4499 3218 4564 desiit;
3260 4495 3359 4552 sed

95 4612 225 4675 Θεὸς
250 4609 456 4682 Πατὴρ,
485 4609 580 4663 καὶ
604 4608 731 4672 Υἱὸς
760 4609 855 4662 καὶ
884 4608 1041 4676 ἅγιον
1064 4605 1313 4678 Πνεῦμα.

1841 4612 2056 4683 gitimus
2089 4612 2356 4677 perpetuo
2390 4600 2563 4656 Filius
2593 4607 2699 4662 est,
2727 4598 2997 4654 exsistens
3023 4608 3147 4647 cum
3175 4591 3357 4655 Patre,

98 4706 166 4759 ab
201 4717 367 4774 eoque
393 4702 513 4758 sine
554 4710 798 4771 tempore
837 4700 1078 4772 genitus,
1129 4698 1381 4771 aqualis,
1414 4699 1559 4759 Deus
1596 4720 1664 4762 ex
1696 4708 1832 4773 Deo,
1887 4707 2073 4761 lumen
2107 4701 2177 4756 de
2229 4697 2455 4779 lumine,
2530 4692 2674 4749 Deus
2713 4706 2873 4747 verus
2911 4689 2981 4744 de
3025 4686 3135 4740 Deo
3201 4697 3356 4748 vero.

98 4805 331 4873 genitus,
369 4816 478 4856 non
516 4808 757 4856 creatus.
795 4797 982 4868 Neque
1021 4805 1202 4853 tamen
1245 4806 1341 4853 aut
1374 4798 1494 4870 ipse
1535 4800 1698 4861 Pater
1725 4818 1834 4873 est,
1866 4812 1963 4861 aut
1994 4801 2155 4856 Pater
2186 4800 2303 4870 ipse
2332 4793 2526 4850 Filius.
2557 4791 2635 4846 Ac
2696 4788 2745 4844 si
2784 4785 2929 4841 Deus
2973 4783 3130 4838 Pater
3165 4789 3272 4848 est,
3304 4790 3360 4836 et

100 4899 269 4955 Filius
293 4898 477 4968 utique
499 4898 628 4958 erit,
658 4904 713 4951 et
747 4893 990 4965 Spiritus
1017 4903 1267 4950 sanctus.

169 4994 239 5044 A'.
265 4990 376 5043 Ἀεὶ
393 4988 503 5060 γὰρ
526 4988 588 5041 τὸ
604 4985 835 5057 Πνεῦμα
858 4985 955 5038 σὺν
978 4987 1158 5059 Πατρὶ
1182 4989 1276 5044 καὶ
1306 4990 1441 5062 Υἱῷ,
1468 4989 1533 5045 οὐ
1555 5007 1675 5045 συνο

102 5085 318 5154 ἁδελφον
342 5083 537 5153 Πατρὶ,
564 5082 625 5135 οὐ
650 5079 929 5153 γεννητὸν,
957 5080 1018 5132 οὐ
1050 5082 1289 5146 κτιστὸν,
1318 5082 1419 5137 οὐκ
1446 5084 1673 5153 ἀδελφὸν

103 5176 251 5238 Υἱοῦ,
273 5176 370 5227 οὐκ
397 5173 620 5243 ἔγγονον
650 5173 887 5243 Πατρὸς,
904 5173 971 5225 ἐκ
992 5172 1205 5245 Πατρὸς
1226 5174 1284 5227 δὲ
1304 5175 1674 5247 ἐκπορευόμε-

102 5287 209 5334 νον,
253 5268 342 5321 καὶ
371 5267 466 5321 τοῦ
500 5265 628 5320 Υίοῦ
667 5264 969 5335 λαμϐάνον,
1004 5266 1107 5320 οὐκ
1144 5266 1426 5337 ἀλλότριον
1459 5266 1671 5339 Πατρὸς

104 5360 196 5416 καὶ
221 5357 367 5425 Υιοῦ,
396 5357 533 5412 ἀλλὰ
568 5360 635 5412 ἐκ
678 5357 778 5428 τῆς
816 5356 987 5427 αὐτῆς
1015 5356 1226 5421 οὐσίας,
1265 5358 1330 5412 ἐκ
1364 5358 1465 5428 τῆς
1503 5357 1675 5427 αὐτῆς

109 5451 367 5519 θεότητος,
413 5450 479 5503 ἐκ
514 5448 727 5521 Πατρὸς
771 5449 867 5503 καὶ
899 5447 1031 5503 Υἱοῦ
1063 5447 1199 5521 (Si),
1239 5451 1336 5503 σὺν
1366 5450 1545 5521 Πατρὶ
1579 5449 1674 5503 καὶ

1854 4986 1945 5041 ιν.
1988 4984 2215 5054 Semper
2262 4979 2407 5034 enim
2454 4991 2579 5032 cum
2624 4971 2785 5027 Patre
2826 4968 3074 5039 Filioque
3120 4966 3361 5037 Spiritus

1780 5092 1885 5147 est,
1922 5093 2033 5134 non
2068 5072 2254 5130 Patris
2285 5070 2453 5126 veluti
2481 5068 2673 5129 frater,
2703 5079 2812 5119 non
2841 5063 3058 5131 genitus
3089 5069 3182 5113 aut
3204 5072 3361 5114 crea-

1781 5180 1894 5236 tus,
1923 5185 2035 5226 non
2071 5166 2197 5221 Filii
2230 5164 2422 5227 frater,
2449 5176 2561 5217 non
2590 5157 2771 5213 Patris
2795 5171 2988 5228 nepos,
3020 5153 3114 5210 sed
3146 5169 3175 5206 a
3201 5151 3362 5211 Patre

1781 5260 2110 5335 procedens,
2158 5264 2214 5314 et
2244 5255 2527 5325 accipiens
2556 5268 2586 5306 a
2630 5250 2790 5317 Filio,
2840 5264 2872 5302 a
2914 5246 3075 5302 Patre
3114 5244 3361 5313 Filioque

1781 5370 1893 5410 non
1924 5354 2162 5415 alienus,
2192 5364 2382 5405 verum
2426 5346 2617 5401 eadem
2666 5359 2730 5398 ex
2772 5340 3101 5403 substantia,
3142 5335 3357 5391 eadem-

1779 5463 1889 5518 que
1916 5446 2224 5509 divinitate,
2268 5456 2337 5498 ex
2377 5439 2538 5495 Patre
2564 5445 2620 5494 et
2650 5434 2829 5491 Filio:
2856 5440 2910 5488 et
2946 5445 3069 5485 cum
3103 5425 3261 5479 Patre
3294 5438 3361 5478 ac

179 5635 289 5706 (21)
347 5634 449 5706 Ἐκ
500 5631 730 5701 Πατρός
781 5631 879 5685 καὶ
912 5629 1066 5685 Υἱοῦ.
1097 5628 1343 5706 Aliquot
1377 5628 1511 5683 locis
1557 5627 1605 5699 Ε]

1841 5644 1897 5685 us
1934 5627 2196 5700 Spiritum
2264 5631 2517 5682 sanctum
2575 5636 2602 5674 a
2658 5617 2817 5672 Patre
2874 5623 2927 5668 et
2972 5608 3111 5665 Filio
3168 5617 3358 5677 prooe-

112 5701 233 5767 dcre
264 5701 545 5779 perspicus
576 5710 831 5776 testatur,
868 5701 1169 5773 praesertim
1202 5701 1255 5757 iu
1280 5703 1562 5757 Ancorata.
