3822 6302
392 272 531 329 ωδε

1662 286 1667 295 “
1742 234 1750 243 1
1810 282 1869 338 S.
1911 279 2250 341 EPIPHANII
2651 316 2681 352 δ

3532 290 3683 350 ωδε

392 390 529 446 Filio
575 392 884 449 subsistens
930 408 1151 465 semper
1178 396 1419 468 Spiritus
1457 407 1703 466 sanctus,
1755 400 1975 456 divinus

2090 403 2213 475 ΐίῷ,
2246 406 2610 460 ἐνυπόστατον
2639 406 2727 461 ἀεὶ
2757 408 2982 482 Πνεῦμα
3018 409 3195 478 ᾶγιον,
3229 409 3461 483 Πνεῦμα
3498 411 3678 479 θεῖον,

391 484 649 554 Spiritus,
689 485 877 556 gloriae
914 486 1184 559 Spiritus,
1236 489 1443 545 Christi
1485 490 1750 562 Spiritus,
1793 492 1973 555 Patris

391 574 649 645 Spiritus.
685 578 819 633 Nam
845 577 1079 648 Spiritus
1106 580 1286 635 Patris
1308 583 1399 654 qui
1427 584 1483 636 in
1507 584 1653 638 vobis
1678 584 1970 655 loquitur‘.

391 666 477 731 Et,
520 667 753 738 Spiritus
802 687 947 725 meus
989 672 1045 724 in
1084 672 1255 725 medio
1297 675 1455 727 vestri
1496 675 1743 729 consistit
1761 677 1802 728 ¹.
1828 674 1971 731 Idem

393 769 558 825 porro
601 758 967 826 appellatione
1012 760 1227 824 tertius.
1277 762 1563 819 divinitate
1605 765 1834 835 aqualis
1864 774 1972 829 est,

391 845 529 901 nihil
563 861 594 901 a
625 846 787 904 Patre
818 849 1062 922 Filioque
1093 852 1439 925 discrepans,
1465 854 1753 913 Trinitatis
1776 876 1971 925 nexus,

390 941 759 1008 confessionis
809 928 1072 1015 sigillum:
1124 944 1217 1001 Sic
1262 948 1409 1002 enim
1456 948 1631 1007 Filius
1678 952 1970 1022 loquitur:

394 1025 507 1098 Ego
535 1040 585 1083 ct
616 1030 780 1086 Pater
805 1049 968 1087 unum
1003 1051 1187 1090 sumus
1212 1037 1252 1091 ³.
1289 1035 1409 1094 Νοη
1445 1038 1604 1105 dixit,
1644 1041 1802 1098 Unus
1829 1060 1972 1111 sum,

394 1121 489 1178 sed
521 1123 635 1179 hinc
665 1125 848 1191 verba,
884 1125 1000 1195 Ego
1028 1138 1078 1182 et
1107 1128 1290 1194 Pater,
1323 1146 1481 1186 suam
1515 1132 1661 1187 Patri
1685 1150 1973 1203 personam

392 1216 711 1282 convenire,
740 1232 1008 1290 suamque
1050 1219 1191 1276 Filio
1232 1223 1567 1294 signiﬁcant.
1612 1224 1761 1283 Duos
1793 1228 1976 1298 itaque

392 1307 718 1372 nominavit,
769 1325 879 1366 non
919 1327 1090 1367 unum
1127 1313 1285 1370 dixit.
1338 1315 1512 1374 Item:
1561 1317 1734 1372 Unum
1767 1338 1972 1386 sumus,

392 1414 525 1465 non,
557 1398 710 1458 Unus
726 1418 870 1458 sum.
898 1403 1161 1461 Similiter
1181 1415 1236 1462 et
1264 1407 1398 1463 illud
1428 1412 1742 1481 usurpavit:
1778 1410 1974 1469 Euntes

392 1494 661 1561 baptizatc
685 1498 739 1551 in
770 1500 982 1553 nomine
1016 1499 1220 1566 Patris,
1250 1514 1298 1556 et
1330 1501 1485 1567 Filii,
1517 1514 1568 1559 et
1589 1504 1826 1575 Spiritus
1850 1524 1976 1561 sano

392 1593 468 1645 cti
484 1592 525 1646 ⁵.
559 1592 662 1650 Ubi
692 1602 807 1651 tum
835 1598 1103 1653 articulus
1130 1600 1242 1666 ille,
1266 1600 1385 1667 τοῦ,
1417 1610 1502 1658 ter
1521 1606 1789 1675 repetitus
1813 1614 1867 1662 et
1893 1607 1973 1661 in-

392 1684 657 1753 terjectus
686 1696 792 1749 est.
826 1691 1124 1757 Sabellius,
1154 1693 1249 1763 qui
1285 1702 1399 1750 tres
1423 1696 1477 1750 in
1512 1713 1680 1750 unum
1708 1713 1973 1769 personas

392 1777 702 1842 confundit,
756 1780 990 1838 Matthzei
1044 1757 1364 1840 testimonio
1407 1757 1774 1859 redarguitur,
1814 1789 1979 1863 516
2008 1757 2049 1813 Β

393 1885 518 1923 cum
576 1872 625 1928 is
684 1878 813 1929 vere
854 1873 1096 1942 Patrem,
1151 1891 1387 1948 vereque
1438 1877 1660 1947 Filium,
1727 1895 1792 1935 ac
1854 1898 1981 1939 vere

394 1960 663 2032 Spiritum
729 1977 980 2020 sanctum
1041 1969 1320 2038 exprimit.
1385 1967 1524 2023 Cum
1584 1979 1767 2027 autem
1833 1972 1977 2029 idem

393 2051 451 2106 in
486 2050 756 2108 Trinitate
808 2070 1167 2126 personarum
1209 2059 1347 2113 ordo
1404 2061 1783 2126 constituitur,
1841 2079 1976 2119 uno-

392 2158 503 2215 que
543 2146 831 2203 Trinitatis
899 2149 1122 2205 nomine
1176 2162 1452 2220 censetur,
1513 2153 1702 2208 Arium
1760 2155 1976 2222 refellit,

392 2237 488 2307 qui
524 2237 839 2295 inferiorem
888 2241 1181 2312 quemdam
1228 2243 1283 2297 in
1322 2242 1593 2299 Trinitate
1631 2246 1879 2315 gradum,
1916 2263 1980 2302 ac

392 2332 715 2388 varietatem
783 2336 1251 2405 mutationemque
1320 2346 1665 2395 commentus
1723 2349 1827 2396 est.
1888 2340 1969 2395 Et-

393 2424 540 2478 enim
594 2424 721 2480 licct
773 2425 952 2496 major
999 2441 1029 2481 a
1085 2425 1223 2483 Filio
1274 2430 1665 2497 pronuntiatus
1711 2430 1875 2488 Pater
1912 2434 1981 2490 ab

394 2516 730 2588 evangelista
773 2521 1093 2585 narretur',
1143 2518 1320 2574 eidem
1361 2528 1543 2576 tamen
1576 2519 1713 2577 Filio
1747 2539 1982 2581 consen-

388 2619 553 2664 tanee
582 2610 634 2663 in
671 2610 862 2679 primis
893 2612 1122 2682 gloriam
1156 2613 1429 2668 attribuit.
1454 2614 1497 2666 Α
1524 2629 1635 2684 quo
1665 2616 1810 2670 enim
1844 2617 1983 2673 cele-

390 2700 540 2755 brari
582 2700 797 2757 Patrem
829 2702 1056 2758 decebat
1088 2704 1291 2774 potius,
1334 2719 1497 2774 quam
1531 2706 1599 2760 ab
1628 2722 1695 2761 eo
1720 2708 1815 2778 qui
1848 2707 1982 2779 legi-

392 2793 565 2849 timus
591 2802 737 2849 esset
767 2794 981 2851 Filius?
1010 2796 1115 2851 Sed
1149 2812 1371 2854 rursum
1400 2809 1459 2852 ut
1491 2797 1861 2869 inqualitatem
1894 2801 1981 2856 in-

393 2885 561 2951 dicet,
600 2902 670 2941 ne
704 2887 926 2942 errandi
975 2888 1304 2958 quibusdam
1351 2891 1690 2960 praeberetur
1736 2893 1976 2958 occasio,

393 2976 489 3047 qui
521 2976 838 3032 inferiorem
871 2977 1108 3047 aliquem
1146 2978 1376 3049 gradum
1410 2978 1550 3034 Filio
1575 2981 1976 3049 concederent;

2075 497 2302 569 Πνεῦμα
2347 498 2526 572 δόξης,
2566 500 2792 571 Πνεῦμα
2843 502 3104 573 Χριστοῦ,
3157 501 3382 574 Πνεῦμα
3424 504 3673 571 Πατρός.

2082 592 2150 645 Τὸ
2193 592 2304 664 γὰρ
2338 594 2580 662 Πνεῦμα
2609 593 2715 648 τοῦ
2746 596 2977 666 Πατρός
3003 595 3070 651 τὸ
3099 596 3336 651 λαλοῦν
3378 597 3449 651 ὲν
3500 598 3673 665 ὑμῖν

2076 685 2190 747 καὶ,
2236 685 2309 739 Τὸ
2355 686 2597 756 Πνεῦμά
2637 706 2756 756 μου
2789 688 3127 760 ἐφέστηκεν
3158 688 3228 742 ὲν
3261 689 3434 759 μέσῳ
3475 687 3670 758 ὑμῶν.

2078 773 2272 847 Τρίτον
2299 776 2368 848 τῇ
2398 777 2682 850 ὀνομασία,
2714 778 2827 834 ἶσον
2855 783 2921 851 τῇ
2959 778 3194 849 Θεότητι,
3231 780 3329 832 οὐκ
3361 778 3672 849 ἠλλοιωμέ-

2075 882 2165 917 νον
2199 865 2351 937 παρὰ
2380 867 2600 937 Πατέρα
2629 868 2725 923 καὶ
2750 868 2900 932 Υίὸν,
2930 867 3227 938 σύνδεσμος
3256 868 3512 939 Τριάδος,
3544 871 3671 921 ἔπι-

2078 956 2315 1026 σφραγὶς
2353 956 2455 1026 τῆς
2490 951 2801 1027 ὁμολογίας.
2858 958 2917 1012 ὀ
2961 958 3071 1031 γὰρ
3118 960 3246 1023 Υἱός
3288 976 3477 1030 φησιν’
3524 959 3673 1029 ἐγὼ

2076 1049 2173 1100 καὶ
2199 1051 2232 1101 ό
2248 1047 2451 1120 Πατὴρ
2472 1048 2543 1103 ἓν
2564 1048 2770 1119 ἐσμεν.
2795 1051 2905 1105 Καὶ
2927 1052 3027 1104 οὐκ
3051 1047 3223 1117 εἶπεν,
3250 1049 3347 1115 Εἷς
3363 1054 3505 1121 εἰμι’
3527 1051 3670 1105 ἀλλὰ

2074 1138 2158 1199 τὸ.
2208 1138 2352 1209 Ἐγὼ
2392 1140 2490 1196 καί
2538 1143 2572 1196 ὀ
2617 1141 2845 1210 Πατὴρ,
2896 1143 3154 1214 σημαίνει
3180 1142 3673 1198 ὲνυπόστατοντὺν

2077 1230 2318 1302 Πατέρα,
2344 1233 2438 1287 καὶ
2458 1233 2821 1289 ἐνυπόστατον
2840 1236 2931 1289 τὸν
2949 1236 3097 1289 Υἱόν.
3125 1236 3255 1299 Καὶ,
3279 1238 3344 1289 οι
3359 1235 3495 1299 δύο,
3518 1230 3668 1301 εἶπε,

2075 1324 2171 1378 καὶ
2196 1326 2297 1379 οὐκ
2324 1319 2499 1389 εἷπεν,
2517 1326 2575 1380 ὐ
2608 1322 2707 1390 εἷς.
2734 1329 2843 1382 Καὶ
2872 1328 3055 1393 πάλιν,
3074 1329 3183 1382 Ἕν
3208 1330 3416 1398 ἐσμεν
3443 1329 3543 1383 καὶ
3564 1330 3670 1382 οὐκ

2076 1409 2251 1479 εἶπεν.
2289 1414 2387 1481 Εἷς
2422 1418 2557 1488 είμι.
2596 1418 2869 1483 Ὡσαύτως
2899 1419 2976 1472 δέ’
3031 1420 3416 1486 Ἀπελθόντες
3442 1420 3671 1484 βαπτι-

2076 1522 2226 1563 σατε
2249 1512 2337 1577 εις
2361 1511 2428 1563 τὸ
2462 1511 2649 1580 ὄνομα
2675 1512 2783 1566 τοῦ
2816 1512 3071 1581 Πατρός,
3098 1513 3195 1566 καὶ
3226 1513 3335 1566 τοῦ
3377 1512 3541 1576 Υιοῦ,
3568 1514 3671 1565 κω

2076 1598 2183 1653 τοῦ
2219 1600 2393 1670 ἁγίου
2440 1602 2807 1671 Πνεὺματος.
2858 1603 3055 1657 Μέσων
3096 1603 3154 1657 δὲ
3202 1604 3510 1675 τιθεμένων
3557 1603 3671 1657 τῶν

2078 1692 2298 1764 ἄρθρων
2314 1692 2430 1763 τῆς
2464 1693 2735 1766 συλλαϐῆς
2765 1695 2881 1759 τοῦ,
2903 1696 3028 1760 τοῦ,
3054 1697 3150 1750 καὶ
3173 1696 3289 1753 τοῦ.
3313 1698 3425 1752 Καὶ
3448 1697 3674 1767 ἐλέγχει,

2080 1784 2367 1839 Σαϐέλλιον
2400 1786 2696 1850 ιιῖατθαῖος,
2716 1787 2814 1859 τὴν
2835 1788 3167 1860 συναλοιφὴν
3200 1790 3669 1861 παρεισφέροντα.

2080 1878 2255 1931 Ὅπου
2282 1878 2327 1910 ¹⁸
2355 1878 2465 1947 γὰρ
2496 1879 2587 1933 καὶ
2615 1880 2870 1951 σημαίνει
2915 1881 3128 1952 ἀληθῶς
3170 1883 3412 1953 Πατέρα,
3447 1884 3670 1953 ἀληθῶς

2082 1970 2232 2036 Υῐδν,
2271 1970 2488 2041 ἀληθῶς
2529 1971 2683 2039 ἅγιον
2713 1972 2957 2044 Πνεῦμα·
2995 1973 3153 2026 ὁπότε
3187 1973 3245 2027 δὲ
3280 1974 3608 2045 ὁμόστοιχος
3634 1978 3667 2045 ἡ

2081 2060 2274 2132 Τριὰς,
2308 2061 2404 2114 καὶ
2438 2063 2496 2114 ὲν
2528 2062 2608 2114 ἑνὶ
2633 2061 2858 2131 ὀνόματι
2888 2062 3060 2134 Τριὰς
3085 2062 3415 2134 καλουμένη,
3452 2064 3674 2133 ἐλέγχει

2078 2152 2172 2205 τὸν
2202 2153 2444 2223 Ἀρειον,
2474 2152 2743 2205 ὑπόϐασιν
2759 2170 2877 2205 τινα
2897 2152 3276 2223 διανοούμενον
3304 2155 3363 2206 ὲν
3401 2157 3472 2224 τῇ
3502 2154 3671 2231 Τριᾲο

2078 2242 2152 2306 δι,
2176 2242 2209 2313 ἢ
2238 2240 2545 2305 ἀλλοίωσιν,
2583 2242 2617 2313 ἢ
2642 2241 3019 2313 παραλλαγήν.
3056 2242 3173 2297 Κᾶν
3189 2259 3249 2297 τε
3281 2242 3393 2313 γὰρ
3420 2245 3449 2297 ὁ
3477 2243 3675 2314 Πατὴρ

2085 2334 2285 2406 μείζων
2338 2332 2493 2405 παρὰ
2547 2332 2678 2387 Υἱοῦ
2731 2333 3191 2404 δογματιζὸμενος
3237 2335 3669 2404 ἀπαγγέλλεται,

2082 2425 2554 2499 πρεπωδεστάτως
2572 2424 2651 2495 τῷ
2670 2425 2785 2496 Υίῷ
2809 2425 2909 2497 τὴν
2936 2425 3094 2490 δόξαν
3127 2430 3519 2498 περιποιεῖται.
3555 2428 3672 2483 τίνι

2080 2518 2191 2590 γὰρ
2227 2517 2436 2589 ἔπρεπε
2468 2516 2713 2584 δοξάζειν
2758 2518 2888 2572 ἴδιον
2927 2518 3146 2589 Πατέρα
3180 2518 3315 2571 ἀλλὰ
3343 2518 3428 2589 τῷ
3461 2521 3673 2589 γνησίῳ

2081 2611 2231 2681 Υίῷ;
2263 2611 2433 2664 Ὅταν
2468 2610 2526 2665 δὲ
2570 2610 2735 2663 πάλιν
2778 2611 2877 2682 τὴν
2923 2612 3143 2681 ἰσότητα
3183 2608 3436 2680 βούλεται
3466 2611 3670 2679 λέγειν,

2081 2705 2169 2759 ενα
2197 2705 2270 2775 μὴ
2300 2702 2576 2757 ὲκπέσωσί
2603 2720 2768 2768 τινες,
2800 2696 2969 2774 ἧσσον
2992 2702 3068 2766 ὡς
3090 2704 3219 2774 περὶ
3252 2702 3383 2757 Υίοῦ
3427 2703 3673 2757 διανοού-

2085 2813 2257 2868 μενοι,
2282 2795 2457 2860 οὕτως
2484 2794 2670 2866 φησιν·
2714 2794 2767 2847 '0
2784 2793 2872 2863 μὴ
2900 2792 3087 2863 τιμῶν
3113 2794 3220 2847 τὸν
3238 2796 3397 2858 nor,
3422 2795 3510 2861 ὡς
3536 2793 3672 2864 τιμᾷ

2079 2890 2189 2943 τὸν
2213 2887 2467 2957 Πατέρα,
2493 2890 2605 2942 οὐκ
2632 2885 2759 2957 ἔχει
2794 2886 2947 2954 ζωὴν
2973 2887 3044 2940 ἐν
3063 2884 3275 2952 ἐαυτῷ·
3311 2888 3431 2950 καὶ,
3464 2889 3671 2941 Πάντα

2079 2985 2151 3037 τὰ
2184 2980 2291 3035 τοῦ
2320 2981 2552 3048 Πατρός
2591 2997 2730 3048 μου,
2760 2976 2872 3048 ἐμά
2898 2981 3051 3034 ἐστι.
3081 2977 3147 3032 Τί
3185 2978 3241 3034 δέ
3290 2980 3431 3043 ἐστι,
3464 2980 3540 3033 τὰ
3567 2978 3670 3032 τοῦ

394 3068 543 3127 hunc
578 3071 632 3124 in
674 3069 895 3125 modum
944 3070 1223 3141 loquitur:
1255 3071 1360 3138 Qui
1397 3089 1498 3126 non
1530 3072 1843 3143 honori/ient
1878 3073 1976 3128 Fi-

2090 3072 2336 3144 Πατρός,
2388 3072 2505 3125 ἀλλ’
2536 3073 2593 3143 ἦ·
2636 3072 2771 3134 Θεὸς
2823 3074 2852 3125 ὁ
2905 3071 3119 3143 Πατὴρ,
3160 3070 3292 3134 Θεὸς
3322 3072 3464 3141 εἰμι’
3502 3070 3614 3140 ζωὴ
3641 3074 3668 3123 ὁ

396 3162 549 3225 lium,
587 3161 725 3216 sicut
761 3161 1081 3232 honori/ictu
1119 3162 1360 3227 Patrem,
1395 3181 1500 3218 non
1538 3163 1692 3220 habet
1728 3166 1889 3220 vitam
1922 3173 1975 3221 in

392 3253 564 3321 seipso
586 3254 627 3307 '.
660 3253 767 3310 Et:
803 3255 997 3312 Omnia
1044 3271 1162 3327 quc
1202 3255 1385 3310 Patris
1428 3266 1574 3321 sunt,
1627 3274 1745 3312 mea
1787 3261 1972 3316 ωηεν.

2084 3165 2296 3237 Πατὴρ,
2340 3163 2454 3235 ζωή
2498 3164 2634 3234 εἰμι’
2686 3162 2865 3217 πάντα
2914 3163 2984 3217 τὰ
3025 3162 3118 3216 τοῦ
3159 3161 3374 3234 Πατρός
3419 3180 3525 3233 μου
3564 3164 3673 3233 ἐμά

2082 3260 2261 3323 tactv;

393 3347 536 3415 Quid
562 3357 646 3405 est
674 3357 853 3406 autem
887 3350 1042 3412 illud,
1081 3367 1198 3421 quae
1233 3348 1414 3404 Patris
1445 3359 1593 3415 sunt,
1627 3350 1758 3418 nisi,
1800 3351 2263 3421 quemadmodum
2297 3349 2441 3440 Deus
2485 3357 2570 3404 est
2598 3346 2779 3412 Pater,
2839 3349 2915 3440 ita
2968 3347 3110 3405 Deus
3132 3365 3307 3440 sum;
3355 3360 3435 3418 et,
3469 3362 3529 3407 ut
3559 3353 3662 3406 vita

392 3452 479 3498 est
514 3441 694 3508 Pater,
724 3443 805 3497 sic
829 3457 930 3511 ego
954 3441 1065 3497 vita
1090 3456 1212 3495 sum
1239 3460 1251 3495 :
1277 3440 1617 3511 proindeque
1640 3442 1825 3495 omnia
1851 3459 1975 3512 quae
2008 3441 2188 3497 Patris
2216 3439 2321 3494 mei
2348 3448 2497 3502 sunt,
2532 3453 2652 3493 mea
2684 3439 2859 3495 sunt?

466 3531 534 3588 V.
581 3526 795 3588 Videsis
828 3532 1015 3601 igitur,
1057 3546 1091 3585 ο
1139 3530 1379 3595 Sabelli,
1431 3545 1495 3584 ac
1531 3529 1823 3600 diligenter
1862 3532 1976 3585 ani-

397 3626 713 3688 madverte;
755 3622 905 3693 aperi
943 3620 1128 3676 cordis
1162 3620 1375 3683 oculos,
1410 3634 1586 3689 neque
1618 3622 1798 3675 caecus
1825 3629 1975 3687 esto;

398 3716 485 3769 fac
515 3722 573 3767 ut
598 3720 715 3777 tua,
750 3722 1085 3782 tuorumque
1115 3726 1271 3766 mens
1294 3724 1420 3765 cum
1452 3718 1644 3765 sancto
1675 3709 1885 3765 Joanne
1909 3711 1978 3765 ad

395 3806 690 3861 Jordanem
721 3804 1032 3860 conveniat.
1058 3806 1235 3860 Aures
1264 3811 1389 3858 tuas
1414 3804 1585 3872 aperi,
1610 3810 1661 3857 et
1686 3801 1829 3856 hanc
1853 3816 1978 3872 pro-

397 3900 574 3972 pheta:
605 3912 790 3952 vocem
825 3896 1022 3952 exaudi
1050 3915 1065 3951 :
1098 3895 1212 3967 Ego
1249 3912 1351 3951 vos:
1390 3896 1675 3950 clamantis
1714 3895 1768 3948 in
1803 3895 1981 3949 descr-

398 3993 510 4047 to'.
539 3990 677 4044 Audi
713 3989 1114 4046 Praecursorem
1148 3989 1385 4055 Domini,
1422 3990 1514 4059 qui
1549 3989 1776 4059 angelus
1802 3988 1983 4058 appelc

394 4084 499 4141 lari
527 4083 748 4146 meruit,
776 4081 1041 4151 Spiritum
1083 4090 1334 4135 sanctum
1370 4096 1436 4135 ex
1471 4090 1631 4135 utero‘
1665 4081 1858 4135 matris
1897 4095 1984 4135 ac-

396 4177 564 4245 cepit,
590 4183 645 4231 et
672 4174 839 4229 Maria
870 4178 1113 4233 intrante
1150 4173 1395 4227 subsiliit
1415 4174 1460 4226 '.
1507 4171 1613 4240 Qui
1643 4187 1768 4227 cum
1801 4171 1981 4227 adhuc

398 4268 592 4324 matris
628 4275 785 4322 utero
828 4265 1229 4327 contineretur,
1284 4263 1498 4318 Domini
1546 4264 1630 4319 sui
1672 4264 1978 4335 ingressum

2154 3530 2231 3586 E'.
2266 3530 2412 3600 Ὅρα
2444 3527 2526 3590 δὲ.
2570 3521 2618 3582 ὧ
2647 3527 2925 3593 Σαϐέλλιε,
2966 3528 3061 3583 καὶ
3089 3530 3365 3585 κατανόει*
3403 3531 3669 3600 διάνοιξον

2083 3624 2329 3695 τδ,δμμα
2369 3622 2470 3693 τῆς
2512 3622 2739 3693 καρδίας
2778 3638 2893 3686 σου,
2931 3623 3028 3677 καὶ
3058 3624 3133 3695 μὴ
3173 3624 3454 3678 ἀδλέπτει·
3487 3627 3663 3680 συνελ-

2086 3714 2228 3769 eam
2270 3716 2303 3785 ἠ
2354 3713 2564 3767 διάνοια
2594 3729 2689 3766 σου
2723 3713 2819 3766 καὶ
2856 3713 2966 3767 τῶν
3014 3715 3121 3768 ὑπὸ
3167 3715 3260 3768 σοῦ
3299 3718 3665 3789 ἠπατημένων

2097 3807 2318 3877 Ἰωάννῃ
2353 3805 2431 3876 τῷ
2458 3805 2598 3879 ἁγίῳ
2631 3807 2711 3871 είς
2739 3806 2831 3860 τὸν
2880 3807 3170 3879 Ἰορδάνην.
3212 3810 3432 3879 Ἀνοιγε
3462 3811 3532 3864 τὸ.
3555 3805 3664 3865 ὦτά

2087 3917 2205 3966 σου,
2252 3899 2347 3953 καὶ
2393 3898 2559 3953 ἄκουε
2604 3897 2710 3968 τῆς
2751 3899 2935 3970 φωνῆς
2960 3898 3056 3953 τοῦ
3087 3901 3365 3972 προφήτου
3392 3900 3663 3972 λέγοντος.

2099 3989 2248 4059 Ἐγὼ
2296 3987 2466 4058 φωνὴ
2510 3985 2781 4055 βοῶντος
2832 3989 2902 4041 ἐν
2951 3988 3026 4057 τῇ
3072 3990 3289 4061 ἐρήμῳ.
3332 3993 3533 4046 Ἄκουε
3574 3995 3662 4048 τοῦ

2088 4082 2405 4153 Προδρόμου
2439 4081 2667 4152 Κυρίου,
2708 4080 2804 4135 τοῦ
2835 4083 3069 4152 ἀγγέλου
3101 4083 3531 4151 καταξιωθέντος
3553 4089 3659 4141 ὀνο.

2092 4168 2388 4240 μασθῆναι,
2413 4167 2511 4222 τοῦ
2541 4170 2650 4223 ἀπὸ
2674 4170 2882 4234 κοιλίας
2912 4171 3119 4243 μητρὸς
3150 4172 3405 4238 λαϐόντος
3442 4175 3658 4248 Πνεῦμα

2089 4260 2266 4327 ἅγιον,
2312 4260 2407 4314 καὶ
2453 4261 2845 4332 σκιρτήσαντος
2871 4265 2937 4334 τῇ
2976 4265 3167 4336 εἰσόδῳ
3208 4266 3308 4336 τῆς
3337 4268 3576 4339 Μαρίας·
3606 4268 3658 4333 ὃς

399 4362 644 4431 agnovit,
680 4368 735 4414 et
773 4356 1011 4421 exsiliit;
1049 4355 1138 4409 cui
1182 4354 1574 4425 patefacienda:
1605 4354 1777 4410 divini
1818 4353 1976 4409 Verbi

2090 4354 2226 4423 ἔγνω
2254 4355 2335 4408 ἔτι
2360 4357 2417 4411 ἐν
2441 4357 2621 4429 κοιλίᾳ
2648 4358 2911 4429 ὑπάρχων
2938 4360 3143 4413 εἷσοδον
3165 4360 3259 4414 τοῦ
3300 4361 3430 4415 ἰδίου
3458 4366 3656 4418 Δεσπό-

399 4450 828 4525 praedicationis,
873 4445 1352 4520 praeparandaque
1395 4441 1608 4500 Domini
1640 4447 1742 4502 vite
1779 4462 1983 4502 munus

398 4558 487 4604 est
517 4558 867 4601 concessum.
916 4542 1131 4597 Adhibe
1183 4540 1313 4595 huic
1368 4539 1551 4605 fidem,
1597 4556 1699 4596 nec
1741 4556 1771 4595 a
1811 4557 1981 4610 scopo

396 4638 650 4699 veritatis
669 4638 912 4691 aberres.
944 4632 1084 4690 Ecce
1105 4634 1203 4688 tibi
1227 4634 1604 4689 testimonium
1633 4633 1723 4688 ille
1754 4634 1977 4704 praebet.

398 4734 458 4787 In
486 4731 680 4803 primis
706 4745 832 4785 cum
863 4726 1153 4782 Dominum
1180 4741 1341 4782 suum
1368 4740 1671 4796 agnoscens
1698 4724 1772 4779 ita
1803 4723 1983 4793 loqui-

400 4833 491 4881 tur
520 4846 533 4881 :
562 4825 671 4896 Ego
698 4836 745 4880 te
768 4841 899 4895 opus
928 4823 1113 4889 habeo,
1139 4831 1186 4876 ct
1223 4831 1280 4875 tu
1303 4821 1443 4875 venis
1478 4819 1546 4873 ad
1571 4834 1652 4873 me
1671 4818 1738 4875 ¹⁶.
1768 4816 1972 4873 Deinde

399 4930 527 4974 cum
560 4918 826 4973 dixisset:
861 4916 988 4970 Sine
1027 4914 1206 4977 modo,
1230 4923 1286 4966 ut
1313 4912 1596 4981 impleatur
1623 4911 1792 4965 omnis
1815 4910 1983 4979 justi-

402 5013 515 5073 tia;
539 5018 594 5064 et
614 5011 682 5062 ah
704 5009 797 5063 illo
820 5007 1128 5078 baptizatus
1159 5012 1327 5071 esset,
1349 5003 1595 5058 divinum
1620 5002 1788 5059 refert
1810 5002 1980 5056 Evan-

400 5103 603 5175 gelium
640 5099 905 5154 Joannem
950 5098 1036 5154 his
1071 5094 1255 5153 verbis
1292 5094 1667 5151 testimonium
1713 5093 1975 5150 dedisse:

404 5195 665 5263 Quoniam
706 5190 874 5259 aperti
905 5198 1027 5244 sunt
1053 5189 1190 5255 caeli,
1231 5198 1281 5248 et
1310 5187 1416 5244 vidi
1445 5185 1704 5257 Spiritum
1737 5197 1981 5241 sanctum

404 5290 458 5344 in
503 5285 672 5352 specie
717 5283 976 5336 columba
1023 5282 1439 5345 descendentem,
1491 5288 1541 5335 et
1590 5278 1877 5335 uenientem
1924 5279 1979 5333 in

407 5380 658 5450 ipsum“.
698 5374 767 5430 Et
798 5389 897 5429 vos:
922 5374 986 5428 de
1020 5376 1150 5428 casto
1180 5390 1198 5428 :
1237 5373 1343 5426 Hic
1369 5382 1449 5427 est
1495 5372 1674 5427 Filius
1719 5387 1865 5427 metu
1906 5371 1985 5424 di-

408 5475 591 5536 lectus,
636 5472 691 5526 in
726 5483 827 5541 quo
862 5466 991 5521 mihi
1023 5465 1316 5534 complacui
1340 5468 1408 5522 ¹¹.
1438 5464 1570 5519 Erat
1600 5472 1716 5519 tum
1755 5464 1810 5519 in
1841 5463 1983 5519 caelo

485 5596 500 5625 ι
539 5590 733 5648 Matth.
765 5606 822 5649 ι.
853 5588 942 5643 ea.
1020 5590 1042 5659 ξ
1082 5588 1195 5659 Agg

466 5664 625 5717 Joan.
651 5678 785 5725 xvn,
813 5660 898 5713 10.
977 5660 1001 5691 ⁸
1030 5656 1256 5729 Ιεςιξιι,
1287 5660 1356 5724 '5;
1395 5657 1584 5711 Matth.
1613 5672 1693 5723 ιιι,
1731 5659 1784 5712 3.
1861 5657 1883 5688 ’
1922 5656 2053 5713 Luc.
2087 5673 2147 5714 ll.
2181 5659 2252 5712 28
2280 5674 2401 5729 sqq.

2084 4465 2201 4510 του,
2246 4448 2340 4502 καὶ
2382 4449 2640 4519 ὲσκίρτα’
2664 4443 2710 4518 ᾧ
2734 4451 2889 4523 ἐδόθη
2920 4452 2981 4504 τὸ
3015 4454 3239 4525 μήνυμα
3263 4454 3357 4507 τοῦ
3388 4456 3649 4528 apexqu-

2084 4556 2314 4610 γματος,
2346 4541 2498 4612 καὶὴ
2537 4541 2826 4612 ἑτοιμασία
2866 4543 2966 4613 τῆς
2993 4544 3116 4597 ὁδοῦ
3143 4545 3235 4597 τοῦ
3274 4545 3503 4617 Κυρίου.
3537 4548 3653 4601 Hei-

2086 4632 2244 4704 σθητι
2282 4633 2452 4704 αὐτῷ,
2484 4634 2580 4687 καὶ
2610 4635 2671 4688 οὐ
2703 4634 2984 4699 διαπέσοις
3012 4636 3121 4689 ἀπὸ
3159 4636 3254 4689 τοῦ
3288 4638 3498 4692 σκοποῦ
3534 4640 3648 4711 ἀλη-

2084 4724 2259 4789 θείας.
2300 4726 2433 4780 Ἰδοὺ
2462 4726 2574 4798 γὰρ
2599 4727 2762 4790 αὐτὸς
2796 4730 3065 4799 μαρτυρεῖ
3092 4728 3284 4797 λέγων,
3320 4731 3539 4801 πρῶτον
3566 4732 3655 4803 μὲν

2086 4818 2179 4870 τὸν
2206 4818 2485 4891 Asandth
2511 4818 2706 4872 ἑαυτοῦ
2732 4820 3007 4887 ἐπιγνοὺς,
3037 4820 3118 4875 ὅτι
3142 4820 3291 4889 Ἐγὼ
3312 4823 3433 4877 σοῦ
3458 4828 3651 4893 χρείαν

2087 4909 2230 4979 ἔχω,
2260 4911 2357 4965 καὶ
2392 4910 2475 4965 σὺ
2505 4913 2657 4980 ἔρχῃ
2687 4914 2838 4979 πρός
2866 4929 2966 4982 με.
3013 4915 3125 4967 Καὶ
3166 4914 3260 4967 τοῦ
3292 4915 3545 4988 Σωτῆρος
3573 4918 3660 4973 λέ-

2084 5018 2289 5070 γοντος·
2321 5004 2497 5072 Ἄφες
2532 5002 2687 5072 ἄρτι,
2725 5003 2885 5070 ὅπως
2924 5004 3214 5074 πληρωθῇ
3243 5006 3412 5062 πᾶσα
3442 5008 3663 5064 δικαιο-

2086 5095 2268 5161 σύνη·
2300 5095 2396 5148 καὶ
2438 5095 2605 5149 αὐτοῦ
2636 5095 3027 5165 βαπτισθέντος
3052 5097 3146 5149 ὑπ’
3174 5097 3362 5162 αὐτοῦ,
3408 5097 3487 5163 ὥς
3532 5118 3651 5171 φησι

2086 5187 2148 5240 τὸ
2173 5186 2313 5240 Θεῖον
2342 5186 2693 5256 Εὐαγγέλιον,
2733 5188 2814 5240 ὅτι
2858 5186 3241 5259 ἐμαρτύρησεν
3283 5190 3541 5261 Ἰωάννης
3570 5192 3648 5245 λέ-

2089 5295 2222 5347 γων’
2256 5280 2387 5333 Ὅτι
2426 5281 2807 5350 ἠνοίχθησαν
2846 5284 2899 5334 ot
2929 5282 3200 5350 οὐρανοὶ,
3245 5282 3345 5336 καὶ
3391 5283 3651 5354 τεθέαμαι

2088 5370 2156 5425 τὸ
2187 5371 2432 5441 Πνεῦμα
2458 5371 2526 5426 τὸ
2554 5371 2728 5440 ἅγιον
2750 5372 2823 5426 ἐν
2840 5371 2985 5427 εῖδει
3009 5372 3365 5442 περιστερᾶς
3389 5382 3653 5445 κατερχό-

2084 5480 2294 5533 μενον,
2333 5463 2432 5518 καί
2473 5464 2804 5535 ἐρχόμενον
2844 5465 2937 5519 ἐπ’
2976 5467 3185 5520 αὐτόν.
3238 5467 3348 5521 Kal
3390 5469 3559 5537 φωνή
3590 5472 3648 5520 ἐμ

1205 5631 1216 5642 .
1256 5603 1315 5643 ll.
1348 5588 1399 5642 6.
1480 5588 1500 5618 ³
1536 5585 1694 5641 Joan.
1738 5603 1792 5648 ι,
1835 5587 1921 5639 30.
2001 5586 2023 5617 ⁸
2057 5585 2245 5641 Matth.
2303 5602 2496 5656 XXVIII,
2532 5587 2618 5642 i9.
2694 5588 2716 5619 ⁸
2749 5585 2906 5641 Joan.
2938 5602 3048 5651 xiv,
3078 5585 3169 5641 28.
3248 5586 3269 5615 ‘
3297 5583 3456 5656 Joan.
3496 5588 3631 5645 ν,ὶῖ

2517 5659 2560 5691 ι’
2594 5656 2784 5713 Matth.
2821 5671 2910 5726 ur,
2942 5658 3007 5712 Η
3040 5673 3161 5729 sqq.
3237 5657 3279 5688 ¹¹
3313 5654 3472 5711 loan.
3504 5671 3545 5719 ι.
3571 5658 3644 5714 31

408 5733 665 5789 "Matth.
696 5749 781 5798 ut,
811 5732 899 5790 Π.
979 5730 1022 5764 ¹³
1060 5728 1120 5795 F.
1160 5730 1319 5803 ὁμοῦ,
1372 5744 1472 5802 pro
1521 5730 1675 5793 ὅπου,
1720 5729 1803 5785 vel
1834 5743 1971 5799 expu

2104 5729 2232 5801 γάρ·
