3728 6192
68 260 211 325 ηδε-ι

724 254 1095 319 ADVERSUS
1134 257 1479 323 HERESES
1514 256 1647 316 LXI}.
1690 258 1752 316 ll.
1794 251 1962 317 T051.
2004 259 2045 317 l.
2088 291 2154 302 —
2192 255 2467 319 llERES.
2510 258 2669 322 LXII.

3205 248 3343 328 ωδε

68 382 181 437 τοῦ
198 378 479 449 οὐρανοῦ·
501 374 699 446 Οὗτός
717 380 891 433 ἐστιν
917 381 950 432 ό
970 378 1103 444 mc
1121 394 1243 448 μου
1271 381 1305 432 d
1330 377 1652 451 ἀγαπητὸς1

1824 388 1956 443 ater,
1982 374 2148 435 hoino
2181 380 2705 447 contentiosissime,
2738 378 3087 457 indidetnque
3112 401 3215 442 vox
3252 388 3344 444 illa

65 472 164 541 ἐφ’
199 470 272 525 δν
299 469 635 539 ηὐδόκησα·
683 469 796 522 ἄνω
835 464 905 540 ἦν
952 469 981 522 0
1030 467 1242 540 Πατὴρ,
1285 462 1330 522 ὦ
1361 469 1651 538 φιλόνεικε,

64 562 281 616 ἄνωθεν
318 561 353 632 ἠ
398 560 552 631 φωνὴ
591 561 813 631 ἦρχετο.
868 560 931 613 El
969 560 1149 614 τοίνυν
1176 560 1383 614 ἀνωθεν
1411 562 1445 632 ἡ
1479 563 1652 633 φωνὴ,

64 646 347 720 διάκρινόν
386 666 477 719 μοι
523 644 624 719 τὴν
672 647 1205 719 παραπεποιημένην
1252 665 1345 702 σου
1392 649 1649 706 διάνοιαν.

63 741 190 793 Τίνι
227 740 257 792 0
297 739 487 811 Πατὴρ
538 739 745 808 ἔλεγεν,
783 736 974 805 Οὗτός
1004 739 1176 793 ἐστιν
1214 741 1249 793 ό
1298 740 1429 807 Υἱός
1460 760 1580 810 μου
1610 745 1643 796 ό

61 830 396 900 ἀγαπητὸς,
421 831 515 899 ἐφ’
536 830 610 884 ὃν
627 829 979 899 ηὐδόκησα;
1008 830 1118 882 Καὶ
1138 828 1220 894 τίς
1246 825 1313 902 ἦν
1342 826 1525 896 οὖτοςς
1554 832 1654 887 Διὰ

59 918 119 976 τί
151 925 211 979 δὲ
252 926 309 978 ιν
360 924 490 977 εῖδει
541 924 873 995 περιστερᾶς
913 920 975 976 τὺ
1021 922 1247 994 Πνεῦμα
1296 923 1651 996 κατελήλυθε,

64 1017 313 1084 καίτοιγε
343 1015 504 1085 σῶμα
538 1015 612 1085 μὴ
643 1016 881 1085 φορέσαν
907 1014 969 1067 τὸ
1000 1013 1228 1086 Πνεῦμα
1256 1014 1319 1067 τὸ
1358 1014 1543 1084 ἆγιονς
1592 1015 1655 1069 '0

60 1105 178 1176 γὰρ
223 1103 528 1175 Μονογενὴς
588 1105 749 1175 μόνος
798 1103 1105 1166 ἐνεδύσατο,
1156 1104 1253 1158 καὶ
1299 1104 1522 1168 τελείως
1562 1104 1652 1157 ὲν-

62 1197 430 1269 ηνθρώπησεν
464 1196 573 1250 ἀπὸ
600 1196 819 1267 Μαρίας
842 1196 944 1267 τῆς
966 1196 1350 1269 ἀειπαρθένου,
1372 1196 1460 1250 διὰ
1482 1195 1654 1250 Πνεύ-

65 1307 248 1359 ματος
268 1290 445 1358 ἁγίου·
477 1288 576 1342 οὐκ
598 1288 707 1341 ἀπὸ
734 1284 1045 1359 σπέρματος
1074 1287 1284 1359 ἀνδρὸς.
1315 1288 1450 1343 ἀλλὰ
1474 1286 1651 1359 ἐαυτῷ

62 1378 523 1448 ἀηπλασάμενος
554 1380 582 1431 0
615 1378 940 1449 ἀρχιτέχνας
982 1379 1155 1447 Λόγος
1198 1379 1355 1461 σῶμα
1392 1379 1498 1433 ἀπὸ
1527 1381 1650 1433 Μα-

59 1469 217 1541 ρίας,
248 1472 340 1524 καὶ
376 1471 555 1543 ψυχὴν
592 1471 692 1542 τὴν
740 1470 1108 1541 ἀνθρωπείαν,
1142 1469 1236 1523 καὶ
1271 1470 1415 1523 νοῦν⁸
1445 1470 1538 1525 καὶ
1571 1471 1650 1524 ἔτι

60 1561 220 1614 ἐστὶν
255 1560 565 1633 ἄνθρωπος,
614 1562 793 1615 πάντα
836 1560 1057 1625 τελείως
1096 1561 1513 1632 ἀναδεξάμενος,
1554 1561 1649 1616 καὶ

60 1652 378 1717 συνενὼσας
417 1655 483 1724 τῇ
529 1650 725 1706 ἑαυτοῦ
765 1652 1000 1723 θεότητιο
1040 1653 1140 1723 οὐχ
1176 1653 1252 1716 ὼς
1290 1654 1349 1706 ὲν
1375 1652 1649 1725 ἀνθρώπῳ

55 1745 296 1817 οἰκήσας
345 1744 446 1816 (μὴ
484 1744 778 1814 γένοιτοί),
830 1743 995 1809 αὐτὸς
1035 1744 1092 1799 δὲ
1136 1746 1166 1799 0
1210 1744 1364 1814 ἅγιος
1403 1745 1595 1815 Λόγος,
1621 1748 1649 1801 0
1679 1777 1723 1832 Β

55 1835 198 1898 Θεὸς
225 1834 398 1903 Λόγος
429 1834 588 1905 ὲνηνθ
598 1832 842 1905 ρὼπησε.

133 1942 230 2007 ς’.
266 1939 339 1993 Τδ
367 1939 427 2021 δξ
443 1937 669 2009 Πνεῦμα
691 1937 798 1992 τίνι
822 1936 901 2009 τῷ
916 1936 1059 2009 λόγῳ
1083 1937 1141 1991 ὲν
1169 1938 1297 1993 εἴδει
1321 1941 1652 2011 περιστερᾶς

53 2032 340 2101 φαίνεται,
376 2031 512 2085 ἀλλὰ
536 2031 685 2094 ὅπως
710 2029 872 2102 πείσῃ
902 2047 961 2084 σε
989 2030 1063 2103 μὴ
1087 2030 1446 2103 βλασφημεῖν,
1470 2025 1515 2085 ὦ
1534 2031 1651 2086 ὲθε-

55 2124 284 2195 λόσοφε,
336 2122 432 2176 καὶ
477 2122 642 2194 μηδὲν
685 2119 1053 2193 διανοούμενε,
1090 2122 1178 2176 ίνα
1225 2122 1300 2195 μὴ
1329 2122 1560 2195 νομίσῃς
1590 2122 1650 2177 τὸ

58 2212 293 2284 Πνεῦμα
339 2209 663 2281 συναλοιφὴν
710 2206 848 2264 εἶναι
875 2210 1052 2284 Πατρὶ
1085 2211 1118 2283 ἢ
1161 2210 1309 2283 Υίῷ;
1342 2212 1441 2266 Διὰ
1470 2212 1648 2281 τοῦτο,

54 2304 271 2373 καίπερ
317 2300 482 2355 αὐτοῦ
536 2300 631 2354 τοῦ
675 2300 997 2371 Πνεῦματος
1056 2300 1149 2355 τοῦ
1196 2302 1350 2371 ἁγίου
1390 2303 1549 2375 σῶμα
1574 2305 1650 2378 μὴ

54 2394 415 2463 φορέσαντος,
454 2393 509 2445 ἑν
536 2392 665 2446 εῐδει
698 2394 1028 2465 περιστερᾶς
1055 2395 1470 2465 σχηματίζεται,
1501 2396 1652 2461 ὅπως

48 2485 216 2556 δείξῃ
251 2502 342 2537 σου
369 2484 462 2538 καὶ
491 2481 686 2555 ἐλέγξῃ
733 2500 829 2538 σου
856 2483 955 2555 τὴν
985 2485 1212 2555 πλάνην,
1239 2486 1321 2539 ὅτι
1351 2486 1651 2540 ὲνυπόστα-

52 2577 153 2630 τόν
188 2578 307 2629 ἐστι
335 2576 398 2629 τὸ
436 2575 667 2646 Πνεῦμα
716 2574 841 2629 καθ’
874 2576 1054 2641 ιαυτδ,
1090 2578 1185 2631 καὶ
1228 2578 1591 2643 ὲνυπόστατος
1623 2580 1652 2633 0

53 2669 279 2739 Πατὴρ,
308 2667 402 2722 καὶ
439 2665 802 2732 ὲνυπόστατος
843 2668 873 2721 0
904 2668 1245 2739 Μονογενής’
1274 2668 1390 2723 ἀλλ’
1413 2670 1475 2724 οὐ
1506 2669 1649 2723 διαι-

51 2760 340 2832 ρουμένης
366 2760 464 2830 τῆς
491 2758 770 2831 θεότητος,
803 2758 928 2813 οὔτε
955 2759 1359 2831 ὑποϐεϐηκυίας
1397 2760 1496 2832 τῆς
1523 2762 1652 2814 ἐαυ-

49 2850 158 2919 τῆς
193 2848 372 2920 δόξης.
421 2848 533 2902 Καὶ
556 2851 709 2921 ὁρᾷς,
758 2850 877 2915 πῶς
903 2850 938 2921 ἡ
974 2849 1145 2923 Τριὰς
1175 2850 1510 2922 ἀριθμεῖται,
1536 2853 1651 2905 Πα-

49 2941 188 3010 τρδς
216 2940 315 3009 (δὲ)
346 2939 551 2995 ἄνωθεν
585 2940 837 3011 βοῶντος,
870 2940 1001 2994 Υίοῦ
1033 2942 1090 2996 ὲν
1131 2942 1368 3017 Ἰορδάνῃ
1404 2942 1652 3014 βαπτιζο-

52 3031 253 3099 μένου,
285 3028 603 3101 Πνεῦματος
645 3029 703 3082 δὲ
736 3030 894 3099 ἁγίου
920 3030 981 3083 ὲν
1011 3029 1141 3083 εῖδει
1168 3031 1499 3104 περιστερᾶς
1526 3032 1650 3083 ἐπι-

1763 481 2008 525 venerat.
2068 471 2259 542 ltaque
2306 472 2351 525 si
2390 472 2532 526 caelo
2575 474 2797 543 delapsa
2848 491 2949 531 vox
3000 486 3107 543 est,
3149 479 3342 535 falsam

1761 560 1910 614 illam
1947 569 2098 615 tuam
2136 572 2396 631 mentem,
2422 576 2627 630 quaso,
2659 564 2892 621 discute.
2919 566 3149 622 Cuinam
3182 569 3346 627 Pater

1761 650 1866 706 ista
1915 652 2176 707 dicebat:
2204 652 2365 724 517
2412 652 2518 709 llic
2558 663 2635 709 est
2674 652 2853 709 Filius
2893 673 3037 712 mens
3075 660 3347 717 dilectus?

1760 742 1870 796 Aut
1903 744 2028 813 quis
2082 743 2189 800 iste
2234 746 2451 800 demum
2487 747 2648 801 erat?
2681 746 2793 800 Cur
2836 747 3072 817 Spiritus
3119 760 3342 809 sanctus

1760 834 1933 905 eﬂigie
1979 836 2247 892 columba:
2296 837 2484 908 lapsus
2519 846 2624 902 est,
2654 853 2776 892 cum
2809 842 3108 907 pmsertim
3140 857 3343 912 corpus

1762 928 1989 982 haberet
2034 928 2280 984 nullum?
2322 929 2486 985 Solus
2523 930 2667 985 enim
2702 930 2755 984 id
2787 929 3109 1001 Unigeuitus
3141 933 3338 999 induit,

1760 1017 2109 1090 perfecteque
2145 1035 2209 1075 ex
2246 1018 2419 1076 Maria
2449 1036 2665 1091 semper
2693 1021 2904 1093 virgine
2941 1038 3037 1093 per
3075 1022 3341 1094 Spiritum

1761 1119 2011 1165 sanctum
2045 1120 2300 1165 naturam
2352 1114 2590 1169 hominis
2638 1115 2953 1184 assumpsit.
2996 1115 3180 1186 Neque
3212 1134 3342 1173 vero

1759 1217 1824 1256 ex
1855 1201 1999 1255 virili
2027 1217 2146 1256 eam
2176 1203 2386 1259 semine
2413 1206 2678 1274 suscepit,
2718 1206 2813 1261 sed
2848 1222 3050 1276 corpus
3077 1208 3180 1263 sibi
3212 1210 3343 1264 arti-

1761 1292 1845 1348 fex
1874 1291 2115 1348 Verbum
2140 1310 2172 1349 e
2203 1293 2373 1348 Maria
2419 1296 2595 1362 fluxit,
2633 1311 2847 1352 necnon
2888 1299 3181 1355 humanam
3220 1303 3340 1357 ani-

1758 1399 1903 1438 mam
1933 1400 1997 1438 ac
2045 1394 2281 1439 mentem
2313 1403 2327 1440 :
2356 1387 2695 1458 proindeque
2715 1390 3012 1444 etiamnum
3041 1391 3204 1448 homo
3231 1401 3337 1458 est,

1757 1476 1852 1547 qui
1900 1478 2121 1548 propria
2172 1477 2411 1533 hominis
2444 1478 2627 1533 omnia
2658 1480 2898 1550 perfecte
2926 1482 2980 1536 in
3016 1497 3136 1538 sese
3165 1490 3343 1541 trans-

1756 1568 1902 1632 tulit,
1935 1582 1999 1623 ae
2028 1583 2152 1623 cum
2190 1582 2291 1624 sua
2317 1568 2606 1627 divinitate
2625 1570 2932 1639 conjunxit.
2964 1571 3082 1627 Non
3117 1574 3197 1630 sic
3227 1583 3342 1629 tan-

1756 1673 1919 1729 quam
1970 1660 2026 1715 in
2053 1659 2275 1717 homine
2324 1660 2591 1717 duntaxat
2627 1661 2903 1729 habitans,
2967 1662 3131 1733 (absit
3166 1674 3225 1720 ut
3264 1667 3339 1721 ita

1755 1748 2174 1821 suspicemur!)
2238 1751 2332 1807 sed
2384 1760 2797 1807 sacrosanctum
2848 1754 3025 1824 ipsum
3076 1756 3337 1826 Verbum,

1753 1838 1920 1904 Deus,
1948 1840 2197 1911 inquam,
2221 1840 2461 1898 Verbum
2497 1843 2771 1899 hominem
2809 1860 2870 1901 se
2904 1846 3052 1901 fecit.
3290 1842 3301 1856 '

1824 1929 1914 1985 Vl.
1936 1930 2053 1987 Iam
2085 1931 2325 2003 Spiritus
2352 1942 2577 1989 sanctus
2595 1950 2759 2005 quam
2778 1936 2995 1991 tandem
3015 1938 3085 1992 ob
3111 1953 3338 1996 causam

1750 2026 1932 2094 specie
1961 2039 2024 2081 se
2052 2024 2320 2080 columbae
2348 2024 2643 2080 videndum
2689 2026 2955 2092 exhibuit,
2998 2029 3106 2084 nisi
3150 2040 3210 2085 ut
3240 2031 3338 2086 tibi

1750 2115 2033 2186 sapientia:
2062 2115 2324 2187 opinione
2351 2116 2557 2183 inﬂato,
2588 2132 2766 2189 neque
2807 2118 3104 2190 quidquam
3138 2124 3341 2179 intelli-

1750 2206 1921 2278 genti,
1950 2206 2088 2261 nihil
2128 2205 2182 2261 in
2211 2204 2382 2262 Deum
2426 2208 2822 2265 contumeliose
2861 2210 3175 2279 jaciendum
3213 2227 3339 2269 esse

1751 2298 2008 2354 suaderet
2038 2313 2054 2351 :
2089 2305 2149 2353 ut
2184 2313 2255 2353 ne
2282 2298 2546 2369 Spiritum
2579 2316 2704 2354 cum
2736 2298 2898 2375 Patre
2923 2300 3170 2373 Filioque
3205 2319 3340 2361 con-

1752 2386 2090 2443 fundendum
2119 2403 2246 2444 esse
2275 2388 2531 2445 crederes
2552 2390 2577 2445 ‘l
2602 2389 2915 2461 Propterea,
2948 2392 3073 2448 licet
3098 2394 3339 2464 Spiritus

1752 2489 1978 2536 sanctus
2009 2473 2161 2535 nullo
2192 2488 2337 2537 esset
2369 2496 2601 2552 corpore
2645 2482 2927 2554 praeditus,
2970 2485 3039 2538 ad
3070 2486 3338 2542 columba!

1751 2580 1931 2627 tamen
1961 2570 2189 2644 eﬂlgiem
2238 2588 2361 2629 sese
2407 2571 2793 2640 conlormavit,
2826 2590 2937 2646 quo
2984 2584 3138 2630 tuum
3170 2577 3338 2631 nimi-

1752 2678 1873 2717 rum
1895 2671 1951 2718 et
1977 2663 2327 2733 patefaceret,
2369 2672 2426 2719 et
2468 2667 2820 2722 convinceret
2869 2682 3133 2734 errorem,
3172 2669 3337 2739 idque

1752 2756 1930 2825 ipsum
1967 2754 2305 2821 ostenderet,
2336 2764 2529 2826 suapte
2556 2759 2860 2813 consistere
2889 2773 3122 2828 persona
3160 2759 3337 2830 Spiri-

1750 2851 1890 2909 tum,
1923 2853 2118 2913 suapte
2162 2845 2293 2899 item
2332 2860 2566 2915 persona
2612 2845 2849 2913 Patrem,
2896 2862 2962 2902 ac
3007 2858 3199 2920 suapte
3236 2866 3339 2920 po-

1751 2942 1955 2990 stremo
1977 2934 2192 2991 Filium.
2222 2935 2314 2992 Sic
2337 2944 2395 2991 ut
2422 2953 2530 2992 non
2555 2938 2678 2994 ideo
2700 2938 2876 2995 divisa
2901 2954 3022 2995 esse
3051 2940 3333 3005 divinitas,

1756 3032 1851 3079 aut
1879 3026 2196 3096 depressum
2226 3027 2431 3099 aliquid
2468 3029 2523 3083 in
2550 3030 2671 3101 ejus
2704 3031 2899 3101 gloria,
2924 3040 3086 3104 atque
3108 3032 3337 3091 inferius

49 3117 390 3188 φοιτῶντοςς
418 3118 560 3189 Λέγε
589 3117 646 3172 δέ
683 3134 772 3190 μοι
807 3118 891 3181 τίς
916 3119 1066 3172 ἐστιν
1121 3120 1150 3173 0
1193 3118 1463 3191 εἰρηκὼς,
1508 3118 1652 3174 Ἰδοὺ

1824 3133 1881 3173 se
1908 3117 2211 3189 putandum
2237 3119 2327 3174 sit.
2359 3119 2782 3185 Animadvertis,
2827 3123 3045 3192 opinor,
3072 3123 3336 3194 quemad-

46 3212 327 3277 συνήσει
342 3214 374 3265 ό
390 3210 535 3279 Παῖς
552 3228 675 3282 μου
698 3213 732 3265 ό
750 3210 1083 3281 ἀγαπητὸς,
1106 3210 1199 3280 ἐφ’
1216 3210 1289 3264 ὃν
1312 3210 1652 3278 ηὑδόκησα,

48 3305 128 3357 ὃν
161 3304 451 3373 ᾐρέτισεν
462 3305 503 3372 ἠ
520 3304 691 3373 ψυχή
715 3321 855 3373 μου.
879 3302 1150 3373 Θήσυμαι
1173 3301 1239 3356 τὸ
1270 3300 1515 3371 Πνεῦμά
1527 3318 1650 3371 μου

46 3397 147 3449 ἐπ’
171 3396 386 3461 αὑτὸν,
434 3396 536 3450 καὶ
592 3396 794 3464 κρίσιν
855 3394 981 3462 τοῖς
1020 3395 1261 3449 ἔθνεσιν
1307 3393 1650 3464 ἀπαγγελεῖ.

52 3490 186 3541 Οὐκ
219 3488 427 3555 ἐρίσει,
462 3485 605 3541 οὐδὲ
625 3484 976 3556 κραυγάσευ
1010 3484 1154 3539 οὐδὲ
1194 3483 1651 3551 ἀκουσθήσεται

47 3580 120 3630 ἐν
142 3578 464 3645 πλατείαις
492 3581 530 3648 ἡ
561 3578 731 3648 φωνὴ
770 3576 977 3633 αὐτοῦ.
1001 3576 1288 3645 καλαμον
1310 3590 1653 3645 συντετριμ-

45 3672 247 3740 μένον
279 3673 353 3725 οὐ
385 3668 680 3735 κατεάξει,
725 3670 823 3725 καί
851 3671 1027 3724 λίνον
1054 3670 1395 3740 τυφόμενον
1421 3671 1493 3723 οὺ
1515 3668 1652 3723 σϐέ-

50 3780 175 3827 σει,
199 3762 318 3826 ἕως
340 3760 417 3814 ἂν
471 3759 695 3826 ἐκϐάλῃ
739 3761 827 3824 είς
870 3759 1038 3826 νῖκος
1064 3758 1179 3829 τὴν
1208 3759 1433 3827 κρίσιν,
1463 3758 1555 3812 καὶ
1582 3757 1651 3814 τὰ

52 3855 189 3925 ἑξῆς
222 3873 237 3919 ;
275 3855 369 3925 Μὴ
414 3854 478 3925 δὴ
518 3852 691 3906 ταῦτα
712 3853 934 3906 δύναται
960 3851 1103 3923 ἔχειν
1138 3851 1375 3922 ἔμφασιν
1398 3851 1647 3923 Τριάδος,

48 3940 97 3998 ὦ
130 3944 410 4014 φιλόνεικε
431 3939 612 4015 ;¹’Δρα
639 3943 766 4014 περὶ
787 3940 953 3995 αὑτοῦ
974 3944 1003 3995 0
1025 3942 1213 4012 Πατὴρ
1233 3940 1302 3994 τὰ
1332 3939 1570 3994 τοσαῦτα
1591 3942 1651 3994 ὲν

49 4038 132 4109 τῷ
152 4037 416 4109 προφήτῃ
440 4033 681 4105 διεξῆλθε
703 4051 717 4100 ;
736 4034 832 4098 Τίς
852 4032 908 4087 δέ
936 4035 1051 4087 ἐστι
1074 4033 1204 4104 περὶ
1222 4024 1284 4086 οῦ
1306 4032 1647 4104 γέγραπται,

50 4125 251 4184 Εἶπεν
274 4129 309 4181 ὀ
334 4129 551 4197 Κύριος
590 4125 669 4191 τῷ
721 4126 917 4194 Κυρίῳ
941 4141 1063 4195 μου
1088 4140 1100 4153 ·
1129 4122 1328 4180 Κάθου
1347 4123 1415 4177 ἐκ
1435 4122 1651 4188 δεξιῶν

43 4240 174 4291 μου
198 4238 217 4286 ;
245 4219 359 4273 Καὶ
391 4221 490 4273 οὐκ
514 4213 670 4272 εἶπεν
692 4233 706 4247 ·
740 4217 963 4272 Εἴσελθε
1009 4217 1090 4281 είς
1138 4216 1239 4287 ὲμέ
1263 4232 1279 4247 ·
1325 4215 1358 4288 ἢ
1386 4216 1549 4270 πάλιν
1574 4215 1651 4280 ὡς

49 4312 207 4382 λέγει
232 4310 299 4365 τδ
324 4309 650 4380 Εὑαγγέλιον
670 4326 686 4341 ’
712 4309 821 4364 Kal
842 4306 1105 4376 ἀνῆλθεν
1129 4310 1214 4374 είς
1237 4306 1345 4361 τὸν
1367 4305 1647 4375 οὐρανὸν,

48 4405 156 4457 καὶ
188 4400 480 4458 ἐκάθισεν
504 4401 574 4455 ἐν
629 4399 800 4467 δεξιᾷ
841 4398 950 4454 τοῦ
989 4399 1220 4466 Πατρός
1243 4413 1256 4427 ⁸
1298 4398 1393 4453 καὶ
1419 4397 1649 4468 ,ἔρχεται

1753 3205 1973 3260 modum
2020 3204 2261 3261 Trinitas
2318 3206 2436 3275 ipsa
2481 3216 2819 3273 numeretur,
2850 3225 2974 3264 cum
3015 3219 3071 3266 et
3102 3209 3261 3266 Pater
3303 3226 3339 3265 ε

1752 3299 1893 3353 emlo
1928 3297 2149 3362 clamat,
2192 3304 2247 3353 et
2293 3295 2462 3353 Filius
2494 3297 2548 3353 in
2577 3296 2817 3354 Jordane
2853 3302 3099 3372 tingitur,
3128 3312 3183 3359 et
3214 3303 3308 3373 Spi

1754 3389 1896 3445 ritus
1924 3395 2151 3445 sanctus
2178 3389 2361 3459 specie
2412 3390 2679 3447 columbae
2732 3392 3024 3448 delabitur.
3065 3392 3182 3457 Dic,
3242 3410 3338 3449 εει-

1752 3481 1870 3543 des.
1916 3480 2041 3552 quis
2074 3488 2159 3536 est
2192 3482 2283 3536 ille
2328 3482 2420 3552 qui
2473 3483 2650 3538 dixit:
2682 3482 2814 3539 Ecce
2861 3485 3114 3555 intelliget
3156 3484 3335 3541 Filius

1754 3591 1901 3631 meus
1932 3575 2176 3640 dilectus,
2210 3575 2266 3629 in
2310 3591 2412 3647 quo
2463 3576 2592 3630 mihi
2628 3576 2940 3641 complacui,
2985 3594 3136 3649 quem
3177 3580 3334 3651 elegit

1753 3668 1934 3722 anima
1986 3684 2124 3723 mea.
2165 3667 2367 3722 Ponant
2408 3666 2663 3738 Spiritum
2701 3685 2872 3725 meum
2915 3686 3070 3739 super
3124 3673 3331 3741 ipsum,

1750 3765 1802 3812 et
1831 3756 2096 3828 judicium
2124 3756 2366 3827 gentibus
2402 3757 2688 3814 nuntiabit.
2728 3757 2852 3812 Non
2891 3760 3202 3828 contendet,
3244 3778 3336 3817 nec

1750 3864 1849 3919 que
1882 3849 2157 3912 clamabit,
2186 3864 2280 3903 nec
2321 3848 2570 3903 audietur
2604 3850 2662 3903 in
2698 3848 2887 3919 plateis
2922 3866 3022 3905 vos:
3057 3853 3191 3922 ejus.
3227 3851 3335 3910 Ca-

1754 3940 1954 3995 lamum
2008 3942 2293 3995 contritum
2340 3955 2444 3994 non
2487 3939 2815 4011 confringet,
2865 3950 2917 3995 et
2961 3943 3126 3997 linum
3172 3945 3337 4014 fumi-

1750 4049 1882 4105 guns
1930 4048 2034 4086 non
2084 4032 2413 4102 exstinguet,
2475 4030 2639 4086 donec
2688 4032 2899 4085 emittat
2949 4033 3005 4087 in
3058 4035 3333 4091 uictoriam

1742 4124 2005 4195 judicium
2039 4124 2081 4187 ⁸,
2113 4123 2237 4178 etc?
2273 4122 2528 4193 Nunquid
2560 4122 2649 4177 illa
2680 4123 2747 4177 ad
2772 4123 3178 4194 exprimendam
3205 4114 3333 4181 Tri-

1751 4213 1978 4269 nitatem
2002 4214 2109 4267 vim
2132 4211 2334 4268 habere
2353 4213 2474 4277 tibi,
2504 4213 2784 4269 hominum
2811 4214 3330 4280 contentiosissime,

1750 4303 2043 4359 videntur?
2080 4306 2163 4358 An
2191 4304 2261 4360 de
2309 4319 2369 4359 se
2404 4312 2485 4360 tot
2527 4304 2617 4359 illa
2649 4307 2813 4361 Pater
2840 4304 2982 4376 apud
3009 4306 3330 4377 prophetam

1752 4395 2054 4451 disseruit?
2082 4395 2213 4466 Age,
2244 4396 2368 4466 quis
2414 4404 2499 4451 est
2542 4394 2632 4450 ille
2665 4395 2735 4451 de
2759 4410 2870 4466 quo
2904 4396 3169 4467 scriptum
3197 4405 3282 4452 est
3312 4415 3330 4451 :

48 4496 247 4567 κρῖναι
276 4493 482 4557 ζῶντας
506 4492 602 4546 καὶ
623 4491 875 4564 νεκρούς·
900 4491 933 4561 ἢ
958 4490 1140 4553 πάλιν,
1164 4488 1281 4553 πῶς
1303 4490 1403 4542 οὐκ
1422 4488 1647 4542 ἔπεισάν

1824 4488 1904 4540 ait
1938 4458 2208 4541 Dominus
2233 4458 2458 4541 domino
2487 4501 2599 4540 meo
2628 4501 2648 4539 :
2676 4458 2811 4541 Sede
2840 4503 2873 4540 ο
2899 4458 3100 4541 dextris
3131 4490 3258 4542 meis
3275 4489 3335 4543 ιι

51 4606 115 4641 σε
150 4587 205 4641 οἱ
236 4584 335 4640 δύο
351 4585 541 4656 ἄνδρες
568 4585 618 4637 οί
640 4584 699 4637 ὲν
730 4584 920 4655 ἐσθῆσι
940 4583 1161 4647 λευκαῖς
1188 4579 1489 4652 πεφηνότες
1510 4578 1649 4651 πρὸς

47 4680 185 4742 τοὺς
248 4675 496 4747 μαθητὰς
547 4676 826 4740 εἰπόντες,
880 4674 1123 4742 Ἄνδρες
1165 4671 1502 4737 Γαλιλαῖοι,
1584 4671 1643 4725 τι

47 4768 362 4835 ἑστήκατε
404 4769 492 4832 είς
534 4767 644 4821 τὸν
691 4765 955 4837 οὐρανόν
998 4762 1402 4830 ἀτενίζοντες;
1458 4757 1649 4829 Οὗτος

62 4874 323 4944 Ἰησοῦς
351 4875 384 4927 ό
408 4873 507 4942 ἀφ’
546 4870 714 4941 ἡμῶν
731 4873 817 4937 είς
846 4870 956 4925 τὸν
992 4869 1252 4938 οὐρανὸν
1276 4866 1649 4937 ἀναληφθεὶς

51 4984 257 5048 οὕτως
312 4980 647 5043 ἐλεύσεται,
692 4977 775 5043 ὡς
821 4976 1005 5030 αὑτὸν
1028 4974 1218 5028 είδετε
1241 4969 1649 5042 ἀναλαμϐανό-

45 5101 251 5156 μενον
272 5098 295 5148 ;
320 5083 454 5137 Τίνα
499 5080 557 5134 δὲ
600 5078 824 5132 ἔϐλεπεν
860 5078 890 5130 0
916 5075 1181 5147 μακάριος
1216 5072 1506 5141 Στέφανος,
1560 5070 1647 5124 ὅτε

51 5191 255 5258 ἔλεγεν
282 5226 300 5253 ,
349 5186 495 5241 Ἰδοὺ
528 5183 646 5255 ἐγὼ
686 5182 802 5253 ὀρῶ
829 5182 936 5237 τὸν
964 5180 1224 5249 οὐρανόν
1243 5177 1643 5249 ἀνεῳγμένον,

51 5290 158 5343 καὶ
183 5289 305 5343 τὸν
332 5286 472 5340 Υιὸν
495 5284 604 5340 τοῦ
627 5283 943 5353 ἀνθρώπου
969 5282 1199 5337 ἑστῶτα
1221 5283 1291 5339 ἐκ
1304 5281 1521 5346 δεξιῶν
1538 5281 1646 5337 τοῦ

52 5392 218 5448 Θεοῦ
242 5407 264 5453 ;
287 5391 361 5443 Σὺ
382 5389 459 5453 δὲ,
490 5382 539 5442 ὧ
586 5387 729 5443 κατὰ
768 5385 947 5441 πάντα
977 5385 1182 5451 ίδιῶτα,
1218 5386 1296 5457 μὴ
1329 5386 1528 5456 νοήσας
1545 5384 1645 5455 τὴν

52 5497 253 5568 φωνὴν
284 5493 393 5547 τῶν
420 5494 589 5565 ἁγίων
627 5492 666 5545 Γ
672 5491 879 5563 ραφῶν,
927 5492 1149 5545 σεαυτὸν
1180 5489 1379 5561 μᾶλλον
1406 5487 1645 5558 ἔϐλαψας

1753 4576 1871 4631 Non
1919 4576 2092 4631 dixit:
2146 4576 2205 4631 In
2252 4591 2340 4631 me
2376 4575 2521 4632 subi.
2566 4574 2674 4630 Aut
2717 4576 2847 4630 illud
2895 4592 3145 4641 rursum,
3185 4580 3333 4649 quod

1753 4670 1809 4726 in
1850 4670 2144 4740 Evangelia
2169 4668 2431 4739 scriptum
2470 4673 2557 4724 est
2589 4666 2707 4722 :Et
2748 4668 2987 4721 ascendit
3029 4669 3084 4721 in
3120 4670 3331 4736 caelum,

1753 4768 1803 4813 et
1830 4758 1964 4813 sedit
1995 4758 2063 4812 ad
2093 4758 2364 4812 dexteram
2396 4755 2576 4811 Patris
2599 4756 2656 4821 ⁸;
2685 4764 2741 4811 et
2766 4763 3030 4813 venturus
3065 4766 3151 4813 est
3184 4759 3336 4829 judi-

1753 4863 1883 4904 care
1928 4848 2084 4905 τίνος
2132 4856 2188 4903 et
2244 4854 2510 4903 mortuos.
2561 4845 2726 4917 518
2759 4845 3024 4903 Praeterea
3072 4863 3174 4904 cur
3222 4867 3333 4908 non

1753 4938 1986 4993 duorum
2013 4939 2228 4993 illorum
2260 4920 2501 4993 viroru'm
2549 4938 2644 4993 tibi
2684 4939 2977 5008 persuadet
3008 4940 3331 5009 auctoritas,

1752 5031 1847 5101 qui
1877 5030 1933 5085 in
1959 5030 2203 5086 restibus
2230 5029 2370 5084 albis
2412 5037 2742 5100 apparentes
2770 5029 2846 5083 ita
2876 5029 3175 5101 discipulos
3198 5032 3333 5085 allo-

1752 5123 1867 5179 cuti
1900 5131 2032 5178 sunt
2066 5141 2081 5177 :
2120 5121 2232 5176 Viri
2285 5120 2531 5188 Galiltci,
2566 5121 2692 5191 quid
2738 5122 2894 5177 statis
2940 5123 3245 5191 aspicientes
3274 5124 3332 5177 iu

1752 5213 1980 5269 caelum!
2026 5212 2128 5266 llic
2177 5210 2355 5277 Iesus,
2406 5213 2495 5283 qui
2545 5222 2849 5282 assumptus
2894 5222 2972 5267 est
3020 5230 3053 5268 α
3091 5214 3233 5269 uoltis
3276 5216 3332 5267 iu

1750 5306 1971 5370 calum,
2006 5305 2085 5358 sic
2121 5304 2284 5359 veniet
2328 5303 2772 5375 quemadmodum
2813 5304 2968 5358 illum
3000 5304 3206 5359 uidistis
3251 5321 3336 5359 as-

1750 5404 2019 5464 sumptum
2046 5396 2108 5450 ‘2
2135 5394 2436 5462 Quemnam
2488 5411 2620 5452 vero
2657 5395 2851 5452 beatus
2900 5394 3208 5467 Stephanus
3244 5396 3331 5449 in-

1754 5488 2028 5554 tuebatur,
2057 5503 2182 5543 cum
2219 5486 2424 5547 diceret
2452 5509 2465 5546 :
2510 5488 2644 5545 Ecce
2668 5506 2762 5562 ego
2795 5488 2941 5544 video
2976 5488 3162 5544 calum
3188 5501 3334 5555 aper-

134 5656 151 5685 ¹
187 5653 298 5708 lsa.
332 5666 462 5716 sui,
500 5651 522 5705 l
557 5666 679 5720 sqq.
751 5622 775 5681 "
817 5612 1093 5711 Psal.cix,
1124 5648 1176 5701 l.
1253 5646 1273 5678 ⁸
1315 5644 1477 5703 Marc.
1520 5661 1632 5708 ιιι-ι,

1827 5644 1848 5675 ὀ
1877 5644 2001 5699 Act.
2036 5661 2078 5715 ι,
2116 5646 2201 5702 Η.
