3822 6304
483 244 621 302 {063
1898 248 1959 306 S.

2269 248 2343 305 sn
2851 202 2853 204 ’
3062 278 3063 281 γ
3646 246 3778 299 rost

483 363 707 425 muntio,
734 362 825 431 qui
885 372 1251 432 cognomento
1285 364 1598 436 Syntaetes,
1641 367 1744 422 hoc
1790 376 1877 424 est
1926 369 1992 423 lui

2265 388 2375 425 ιτου
2405 370 2541 440 (22),
2563 369 2598 441 ἢ
2621 369 2785 426 ἄλλου
2811 369 2957 434 τινδς
2970 365 3131 436 εἶναι,
3382 368 3597 438 Ὅμως
3630 364 3774 419 uim

482 458 685 516 orator,
721 461 807 508 est
843 453 1046 521 dictus,
1094 470 1163 509 an
1209 458 1281 510 ah
1312 457 1497 528 aliquo
1549 460 1760 525 altero;
1792 460 1962 529 quod,

1376 458 1497 528 iquo
1549 460 1760 525 altero;
1792 460 1962 529 quod,
2014 470 2073 516 ut
2171 463 2233 516 τὸ
2254 462 2425 533 ὄνομα
2453 460 2885 533 κατειλήφαμεν.

479 547 612 609 dixi,
650 548 866 615 penitus
896 545 1111 617 ignoro,
1140 563 1241 605 nec
1270 550 1417 604 aliud
1446 552 1844 620 prateripsum
1875 565 2066 607 nomen

479 652 663 706 accepi
676 679 689 691 .

551 728 758 785 llorum
784 744 913 784 vero
946 730 1172 785 haeresis
1205 730 1271 784 ad
1294 729 1595 802 Epiphania
1634 731 1832 803 dogma
1855 732 2060 789 confor-

2271 734 2317 786 Η
2368 732 2581 802 αἵρεσις
2625 729 2685 784 δέ
2741 730 2873 802 παρ’
2905 731 3088 795 αὐτοῖς
3126 725 3537 802 νομιστεύεται,
3572 726 3776 797 χῶσπερ

478 828 625 875 mata
653 821 890 883 videtur,
915 819 984 875 de
1017 836 1128 890 quo
1156 822 1209 874 in
1250 819 1638 876 Gnosﬁcorum
1669 831 1818 878 secta
1861 838 1987 878 seru

2261 823 2580 895 εικαιῖομένη
2622 825 2691 895 τῇ
2722 822 2816 877 τοῦ
2859 823 3209 892 Ἐπιφανοῦς,
3235 822 3348 876 ἄνω
3372 838 3472 893 μοι
3499 818 3770 891 προδεδη-

481 927 602 969 nem
648 921 806 967 antea
849 911 1100 966 fecimus.
1133 911 1300 967 Iidem
1347 912 1596 968 diversos
1645 929 1709 970 ex
1749 913 1936 969 Vetere
1963 914 1990 968 1‘

2263 915 2416 984 μένου
2466 916 2525 968 ἐν
2568 917 2689 979 ταῖς
2729 914 2870 969 κατὰ
2924 914 3054 977 τοὺς
3104 914 3449 976 Γνωστικοῦς
3491 911 3772 981 αἱρέσεσι.

483 1018 656 1073 voque
685 1001 1032 1058 Testamento
1079 1003 1248 1057 libros
1311 1003 1618 1059 asciscunt.
1687 1002 1922 1073 Nuptias
1979 1020 1992 1059 ι

2265 1009 2393 1076 ιφὰς
2437 1006 2497 1059 δέ
2546 1000 2692 1060 οὗτοι
2739 1005 3169 1077 ἀναγινώσκουσι
3212 1000 3511 1075 διαφόρους
3561 1001 3774 1070 Καινῆς

483 1098 726 1166 pndianl,
765 1112 937 1166 neque
979 1104 1159 1150 tamen
1197 1097 1453 1152 obscenis
1494 1096 1812 1152 libidinibus
1849 1099 1992 1153 IIIOdI

2263 1136 2268 1149 .
2304 1097 2549 1161 Παλαιᾶς
2598 1097 2897 1170 Διαθήκης.
2937 1099 3211 1153 Ἀθετοῦσι
3238 1097 3294 1151 δὲ
3324 1098 3536 1167 γάμον,
3572 1093 3674 1147 καὶ
3713 1095 3772 1143 οὗ

483 1188 651 1240 ullum
682 1186 962 1248 adhibent,
992 1186 1240 1257 adeoque
1274 1188 1422 1241 omni
1462 1202 1663 1258 genere
1708 1189 1987 1257 Spurcitize

2265 1188 2405 1243 ierat
2438 1189 2533 1242 ἀπ’
2556 1189 2737 1243 αὐτῶν
2775 1191 2808 1261 ἠ
2844 1190 3090 1259 λαγνεία.
3136 1189 3441 1244 Μολύνουσι
3462 1187 3526 1240 δὲ
3555 1182 3774 1239 ἑαυτῶν

481 1295 679 1349 corpus
711 1295 892 1342 suum,
922 1288 973 1334 ct
1015 1288 1250 1333 mentem
1284 1280 1635 1348 animamque
1672 1280 1990 1334 contamina;

2267 1279 2448 1350 σῶμα,
2476 1280 2572 1333 καὶ
2604 1279 2695 1333 τὸν
2730 1279 2877 1345 νοῦν,
2918 1281 3013 1333 καὶ
3041 1280 3141 1352 τὴν
3176 1279 3355 1349 ψυχὴν
3387 1276 3450 1329 ἐν
3478 1271 3768 1342 ἀσελγείᾳ.

480 1370 708 1437 Quidam
739 1372 882 1425 enim
927 1386 989 1423 es
1024 1372 1090 1424 iis
1127 1371 1486 1426 monasticam
1524 1371 1690 1425 vitam
1726 1372 1907 1441 specie
1952 1371 1989 1440 il

2276 1372 2375 1443 μὲν
2411 1372 2519 1443 γάρ
2567 1374 2672 1426 εἰσι
2721 1372 3070 1444 προσχήματι
3093 1369 3458 1443 μοναζόντων,
3498 1370 3560 1421 αἱ
3582 1366 3647 1419 δὲ
3679 1369 3769 1418 σὺν

474 1462 822 1534 profitentur,
872 1461 1028 1533 521
1083 1462 1382 1532 itidemque
1436 1462 1698 1517 mulieres
1758 1461 1899 1516 idem
1947 1478 1977 1515 ν

2263 1466 2353 1527 τοϊς
2401 1460 2556 1517 οὖσαι
2590 1462 2939 1535 προσχήματι
2973 1462 3344 1535 μοναζουσῶν.
3389 1459 3772 1531 Ἑφθαρμένοι

482 1555 787 1608 institutum
843 1554 1157 1624 praeferunt.
1210 1551 1313 1618 Qui
1369 1568 1561 1609 omnes
1612 1554 1887 1623 corruptis
1941 1568 1991 1607 st:

2261 1557 2358 1608 εισι
2383 1558 2496 1619 τοῖς
2523 1556 2759 1626 σώμασι,
2791 1555 2889 1627 τὴν
2927 1556 3027 1627 μὲν
3056 1554 3350 1625 ἐπιθυμίαν
3375 1552 3568 1606 αὐτῶν
3614 1553 3770 1603 ἐκτε-

479 1646 843 1715 corporihus:
879 1644 1014 1699 adeo
1054 1653 1113 1699 ut
1156 1658 1281 1698 cum
1314 1644 1595 1700 libidinem
1627 1646 1732 1716 ipsi
1771 1661 1928 1701 suam
1973 1663 1988 1702 ι

2262 1662 2417 1712 ντες,
2455 1644 2533 1716 τῷ
2568 1645 2627 1698 δέ
2680 1645 2826 1716 ἔργῳ
2885 1645 3234 1717 κεχρημένοι,
3284 1645 3371 1695 ἵνα
3427 1642 3771 1712 σεμνύτεῳν

480 1741 682 1809 pleant,
733 1738 966 1802 facinus,
1016 1744 1075 1791 ut
1120 1735 1405 1795 honestius
1448 1738 1650 1803 dicam,
1700 1738 1832 1793 illud
1876 1755 1989 1810 per]

2259 1756 2328 1803 πω,
2351 1736 2447 1791 τοῦ
2494 1735 2624 1791 Υίοῦ
2678 1736 2774 1790 τοῦ
2820 1737 2987 1791 ’ἰούδα
3033 1736 3125 1790 τοῦ
3166 1736 3343 1789 Δύνᾶν
3392 1733 3768 1804 καλουμένου.

480 1842 645 1897 trent,
678 1831 826 1902 quod
868 1828 1021 1886 Iudae
1062 1829 1206 1886 filius
1249 1828 1406 1885 Onan
1454 1830 1745 1888 admisisse
1793 1832 1989 1903 legitur

2257 1830 2395 1900 ῖγάρ
2420 1831 2623 1894 ἐκεῖνος
2642 1828 2720 1901 τῷ
2750 1828 2961 1901 σώματι
2989 1830 3090 1901 μὲν
3116 1832 3182 1901 τῇ
3204 1827 3402 1898 Θάμαρ
3432 1828 3766 1897 συνήπτετο,

486 1922 623 1978 Nam
664 1932 723 1978 ut
752 1924 856 1979 iste
884 1938 1008 1977 cum
1056 1921 1328 1979 Thamare
1362 1923 1564 1987 coibat,
1600 1939 1665 1979 ac
1703 1924 1911 1980 libidini
1958 1941 1995 1981 sn

2260 1922 2388 1996 ,τὴν
2416 1922 2713 1993 ἐπιθυμίαν
2751 1921 3004 1989 ἐξετέλει,
3041 1923 3120 1986 είς
3158 1919 3467 1989 καταδολὴν
3527 1919 3589 1972 δὲ
3642 1934 3769 1970 1:1:—

480 2015 876 2076 satisfaciehat,
925 2029 1102 2083 neque
1151 2013 1453 2084 quidquam
1487 2025 1667 2071 tamen
1702 2017 1769 2071 ad
1800 2032 1989 2089 propag

2258 2016 2411 2080 ιοιίας
2462 2012 2603 2069 κατὰ
2655 2014 2756 2087 τὴν
2805 2014 2911 2069 ὑπὸ
2941 2012 3075 2065 Θεοῦ
3106 2012 3349 2066 δοθεῖσαν
3405 2009 3767 2063 παιδοποιίαν

482 2111 682 2163 tionem
727 2108 950 2170 sobolis,
1002 2107 1313 2175 cuiusmodi
1355 2108 1676 2165 hominibus
1717 2124 1751 2165 ο
1789 2108 1900 2167 Deo
1934 2126 1991 2165 cc

2255 2123 2271 2160 ι
2321 2103 2743 2177 ἐτελεσιούργει,
2787 2103 2924 2159 ἀλλὰ
2956 2102 3146 2156 ἐαυτὸν
3178 2103 3376 2173 ἠδίκει,
3486 2102 3683 2171 τρόπῳ
3709 2100 3764 2151 th

480 2217 638 2259 cessa
666 2210 772 2261 est,
799 2200 1099 2263 elliciebat;
1153 2201 1263 2254 imo
1286 2214 1417 2255 vero
1455 2200 1561 2255 sibi
1606 2215 1672 2255 eo
1714 2200 1837 2269 ipso
1880 2215 1989 2255 mor

2256 2197 2408 2270 νηρδν
2438 2195 2723 2267 εἰργάζετο
2747 2212 2761 2227 ο
2813 2194 2956 2250 οὕτω
2996 2195 3091 2249 καὶ
3120 2187 3265 2248 οῦτοι
3301 2193 3617 2264 κέχρηνται
3670 2192 3765 2261 μὲν

368 2283 376 2290 ’
478 2310 590 2365 quo
613 2292 875 2363 flagitium
908 2292 1038 2345 illud
1067 2292 1337 2367 patrabat,
1364 2292 1745 2348 conscisccbat
1774 2292 1877 2361 inju

2253 2293 2290 2353 ῖς
2338 2288 2742 2364 νομιζομέναις,
2796 2286 3075 2350 τελοῦντες
3125 2284 3328 2357 ταύτην
3353 2286 3454 2355 τὴν
3501 2283 3762 2354 ἀθέμιτον

479 2386 564 2441 sic
592 2383 902 2453 Origeniani
940 2382 993 2436 in
1020 2382 1342 2438 detestanda
1385 2384 1477 2438 illa
1524 2398 1623 2439 sua
1661 2384 1885 2440 libidine
1921 2398 1987 2441 eo

2253 2381 2457 2449 rastav.
2518 2379 2948 2453 Πεφιλοτιμηται
3007 2377 3115 2451 γὰρ
3168 2380 3299 2449 παρ’
3351 2378 3545 2440 αὐτοῖς
3591 2377 3762 2446 ούχή

480 2475 768 2539 mittenda,
818 2475 1384 2554 usitatamvvenerem
1431 2475 1684 2545 persequi
1729 2474 1989 2532 solent.N

2253 2472 2386 2537 νεια,
2417 2471 2531 2525 ἀλλ’
2566 2471 2893 2543 ὑποκριτικὴ
2951 2470 3050 2541 μέν
3078 2469 3267 2539 ἁγνεία
3298 2469 3377 2540 τῷ
3402 2470 3641 2538 ὀνόματι
3668 2484 3762 2519 κα-

475 2572 623 2627 cnim
683 2572 759 2624 illi
799 2570 1127 2633 castitatem,
1173 2569 1269 2625 sed
1314 2569 1589 2625 castitatis
1632 2569 1984 2625 simulatione

2251 2565 2429 2637 ’μένῳ
2450 2565 2798 2638 φιλοτίμησις
2814 2564 2872 2619 δὲ
2898 2562 3004 2629 ἕως
3030 2563 3123 2618 τοῦ
3153 2564 3226 2635 μὴ
3256 2564 3639 2635 ἐγκυμονῆσαι
3665 2564 3760 2632 τὴν

477 2662 568 2715 cui
619 2660 758 2715 falso
803 2675 1002 2715 nomen
1057 2657 1190 2713 illud
1248 2658 1541 2721 tribuitur,
1590 2673 1700 2726 pre
1744 2674 1805 2714 se
1860 2656 1986 2713 fern,

2249 2658 2278 2714 δ
2308 2658 2402 2712 τοῦ
2441 2657 2728 2722 δοκοῦντος
2772 2660 2792 2690 ³
2843 2656 3111 2728 ἐφθάρθαι
3152 2658 3387 2724 γυναῖκα
3410 2673 3423 2686 ·
3477 2654 3515 2726 ἢ
3556 2654 3646 2707 ἶνα
3686 2654 3758 2723 μή

477 2752 611 2820 Quae
639 2753 691 2807 id
734 2751 967 2812 allectat,
1018 2758 1098 2812 ut,
1147 2764 1271 2819 qua:
1314 2756 1672 2819 constuprata
1719 2750 1794 2803 sit
1848 2749 1986 2804 muli

2249 2752 2495 2824 »ραθῶσιν
2518 2750 2624 2805 ὑπὸ
2660 2749 2979 2823 ἀνθρώπων,
3003 2748 3315 2821 βουλόμενοι
3361 2749 3421 2801 ἐν
3452 2750 3594 2818 τιμῇ
3625 2742 3758 2799 εἶναι

478 2858 769 2914 praegnans
804 2856 915 2896 non
968 2840 1080 2903 tiat,
1135 2846 1231 2892 ant
1280 2854 1351 2895 ne
1398 2838 1545 2897 fetus
1602 2838 1811 2910 aliquid
1865 2838 1984 2910 pari

2246 2862 2258 2898 ι
2284 2844 2380 2915 τὴν
2406 2843 2770 2915 νομιζομένην
2815 2841 2943 2915 παρ’
2992 2842 3178 2905 αὐτοῖς
3203 2840 3301 2913 τῆς
3329 2840 3561 2910 ἁγνείας
3588 2840 3755 2907 ἄσκη-

478 2950 614 2990 neve
652 2934 705 2988 id
746 2933 994 2987 homines
1052 2928 1392 2995 resciscant;
1438 2930 1583 2999 apud
1634 2946 1774 3002 quos
1821 2946 1924 2987 suo
1973 2930 1987 2984 i

2247 2951 2286 2981 ι’
2315 2934 2465 3004 ὅμως
2488 2932 2646 2986 τοῦτο
2669 2932 2849 2986 αὐτῶν
2881 2934 2997 2985 ἐστι
3030 2929 3090 2984 τὸ
3125 2929 3305 3003 ἔργον,
3334 2929 3521 3001 ἕτεροι
3541 2930 3597 2982 δὲ
3628 2928 3756 2982 αὐτὸ

474 3026 838 3090 castimoniae,
889 3035 947 3078 ut
996 3031 1213 3094 putant,
1268 3022 1521 3078 instituto
1572 3022 1627 3079 in
1676 3023 1851 3093 pretio
1903 3032 1983 3093 atq

2243 3024 2326 3079 31:0
2350 3024 2757 3094 φιλοτιμοῦνται
2799 3025 2861 3077 τὸ
2909 3022 3151 3095 μυσαρὸν
3179 3021 3475 3086 ἐπιτελεῖν,
3520 3021 3645 3091 οὐχὶ
3672 3020 3752 3072 διὰ

475 3088 890 3174 existimatione
1076 3115 1327 3184 cupiunt.
1355 3114 1534 3183 Atque
1565 3088 1984 3171 hoc-nihilomin

2241 3088 2460 3179 ναικιῦν,
2486 3088 2623 3196 ἀλλὰ
2652 3117 2747 3171 καὶ
2788 3088 2966 3178 ἄλλοις
2997 3088 3240 3187 τρδποις,
3278 3112 3442 3175 ἰδίαις
3469 3088 3630 3183 χερσί
3663 3127 3750 3180 μι-

475 3222 617 3280 opus
650 3208 865 3261 illorum
896 3214 980 3262 est
1016 3220 1082 3259 ac
1120 3204 1356 3259 facinus.
1388 3204 1494 3260 Sed
1534 3205 1625 3259 alii
1666 3212 1878 3276 turpem
1912 3208 1984 3264 ill:

2241 3207 2469 3277 νόμενοι.
2493 3206 2602 3259 Καὶ
2626 3205 2885 3271 ὡσαύτως
2916 3203 3209 3277 μιμοῦνται
3235 3204 3326 3258 τὸν
3356 3204 3750 3276 προειρημένον

480 3297 917 3366 ﬂagitiosamque
946 3310 1058 3350 rem
1088 3295 1196 3349 alia
1235 3295 1466 3361 ratione,
1498 3310 1660 3365 quam
1704 3312 1829 3351 cum
1869 3300 1989 3353 mulo

2237 3299 2284 3350 ὃν
2306 3296 2400 3351 τοῦ
2439 3297 2625 3363 Ἰούδα,
2652 3297 2750 3369 τὴν
2776 3298 2880 3369 γῆν
2917 3299 3033 3360 ταῖς
3061 3295 3341 3367 ἀθεμίτοις
3370 3295 3555 3349 αὐτῶν
3585 3298 3746 3367 ἐργα-

476 3391 653 3452 ribus,
676 3395 964 3451 exercent;
1001 3400 1065 3441 ac
1094 3386 1209 3441 suis
1242 3386 1348 3456 ipsi
1378 3388 1630 3443 manibus
1659 3388 1727 3442 ad
1760 3388 1985 3446 fmditati

2241 3401 2313 3455 ιἰς
2332 3390 2426 3445 καὶ
2449 3394 2718 3463 μυσαραῖς
2741 3390 2997 3458 σταγόσιν
3021 3389 3457 3460 ἐπιμολύνοντες,
3482 3390 3576 3443 καὶ
3596 3390 3750 3441 ποσὶν

476 3483 800 3536 abutuntur.
841 3480 955 3534 Nec
1002 3479 1185 3557 minus
1245 3478 1334 3533 isti
1379 3476 1552 3542 Judte,
1595 3495 1757 3551 quem
1799 3480 1985 3536 dixiin:

2238 3484 2376 3536 υτῶν
2403 3482 2587 3557 ῥύσεις
2633 3482 2892 3557 [ἑαυτῶν]
2917 3484 3297 3555 ἀνατρίὸοντες
3320 3484 3380 3536 ἐν
3409 3485 3478 3553 τῇ
3520 3486 3591 3553 γῇ
3620 3499 3640 3515 ο
3668 3484 3747 3535 ἵνα

477 3572 762 3626 imitantur
806 3571 1015 3633 filium;
1062 3568 1191 3622 dum
1241 3567 1467 3623 nefariis
1504 3570 1622 3625 suis
1656 3571 1979 3636 sceleribus,

2237 3595 2246 3646 ι
2280 3574 2575 3647 ἁρπαγῶσι
2612 3575 2683 3629 τὰ
2724 3576 2934 3630 ἑαυτῶν
2964 3575 3256 3647 σπέρματα
3284 3575 3393 3628 ὑπὸ
3421 3574 3746 3646 ἀκαθάρτων

475 3662 826 3717 abominandi
880 3659 1127 3715 humoris
1170 3658 1539 3715 destillatione
1578 3669 1779 3716 terram
1815 3678 1984 3718 comm

1869 3679 2063 3718 unma-
2170 3667 2518 3739 πνευμάτων,
2544 3668 2624 3731 εἰς
2642 3666 2909 3738 ὑποδοχὴν
2935 3667 3378 3739 ἐγκυμονήσεως.

475 3744 696 3818 culant;
733 3752 842 3805 imo
896 3765 1027 3805 vero
1074 3746 1398 3818 proﬂuvium
1454 3750 1582 3805 illud
1631 3767 1793 3806 suum
1836 3753 1892 3806 in
1937 3754 2059 3809 solo
2083 3757 2316 3827 pedibus
2353 3756 2649 3819 e'xterunt;
2688 3773 2758 3813 ne
2792 3757 3110 3828 subreptum
3174 3759 3244 3812 ab
3312 3757 3547 3830 impuris
3582 3757 3746 3830 spiri-

474 3846 623 3906 tibus
652 3844 719 3899 ad
748 3843 912 3898 ullam
947 3840 1088 3897 fetus
1119 3843 1551 3912 procreationem
1581 3846 1755 3914 possit
1787 3846 1986 3916 excipi.
3388 3872 3393 3873 ν

549 3936 613 3992 ll.
645 3938 911 3991 Caeterum
945 3935 1127 3990 varios
1156 3974 1170 3997 ,
1204 3932 1283 3988 uti
1338 3932 1474 3998 dixi,
1508 3941 1617 3989 tam
1648 3933 1858 3994 Veteris
1892 3954 2057 4009 quam

2227 3932 2298 3987 B'.
2320 3933 2631 4005 Κέχρηνται
2653 3932 2731 3997 δὲ,
2755 3930 2831 3995 ὡς
2852 3928 3011 4001 ἔφην,
3037 3930 3315 4003 διαφόροις
3335 3936 3605 4006 γραφαῖς,
3626 3936 3736 3990 na.

474 4027 611 4084 Novi
637 4025 973 4083 Testamenti
1008 4026 1179 4081 libros
1222 4023 1526 4093 adhibent;
1564 4042 1663 4081 nec
1700 4043 1811 4082 non
1841 4038 1894 4083 et
1929 4045 1983 4100 ιιι

2223 4027 2309 4088 ti;
2331 4027 2424 4079 κα)⁸
2447 4025 2654 4095 Καινῆς
2680 4021 2977 4095 Διαθήκης,
3000 4023 3094 4075 καὶ
3116 4024 3456 4095 ἀποκρύφοις
3476 4028 3611 4091 τισὶ,
3637 4032 3732 4099 μά-

475 4122 713 4192 cryphos
742 4119 1035 4190 quosdam,
1065 4119 1214 4173 velut
1242 4117 1492 4181 Andreae,
1523 4127 1577 4175 et
1603 4120 1835 4175 aliorum
1863 4122 1984 4174 Acti

2223 4134 2304 4171 ιτα
2324 4117 2444 4179 ταῖς
2465 4115 2788 4186 λεγομέναις
2809 4116 3081 4188 Πράξεσιν
3114 4114 3361 4188 ’Δνδρέου
3386 4118 3483 4170 καὶ
3510 4117 3625 4171 τῶν
3646 4120 3732 4174 ἀλα

476 4213 643 4268 lidem
675 4220 730 4266 et
770 4210 837 4266 de
885 4211 1092 4266 incesta
1146 4210 1237 4264 illa
1292 4226 1394 4266 sua
1434 4226 1633 4266 venere
1678 4211 1854 4281 palam
1889 4214 1985 4266 ctia

2219 4228 2274 4265 ιν.
2313 4208 2453 4278 Ἤδη
2475 4207 2530 4261 δέ
2561 4208 2804 4260 κάκεῖνοι
2840 4209 2995 4262 αὐτοὶ
3034 4209 3412 4287 ἐκαυχήσαντο
3448 4210 3728 4272 πολλάκις,

473 4306 698 4377 gloriari
753 4319 864 4358 non
919 4302 1213 4367 dubitant;
1251 4317 1306 4355 et
1352 4316 1472 4356 eam
1528 4302 1786 4356 audacter
1825 4317 1888 4356 ac
1937 4302 1981 4356 si

2220 4322 2222 4328 λ
2248 4299 2824 4372 τεεπαρρησιασμὲνως
2847 4299 3007 4354 τοῦτο
3031 4299 3321 4355 ἐπιτελεῖν.
3348 4301 3729 4373 Κατηγοροῦσι

468 4367 590 4449 ἷιιιο
645 4392 853 4463 pudore
892 4397 1230 4461 perpetrant.
1292 4389 1511 4445 Interim
1566 4404 1698 4445 vero
1757 4390 1977 4445 catholii

2222 4392 2378 4464 δῆθεν
2523 4392 2581 4444 ἐν
2684 4390 2985 4463 Ἐκκλησία
2999 4389 3100 4455 τὰς
3114 4392 3424 4461 ἀγαπητὸς
3436 4367 3731 4463 λεγομένας

477 4487 601 4539 illos
631 4482 863 4537 clericos
897 4488 1196 4544 accusant,
1234 4480 1329 4549 qui
1376 4478 1633 4547 dilutas,
1662 4496 1800 4550 quas
1840 4496 1986 4535 voca:

2223 4483 2598 4551 )rscadxtovc
2628 4487 2891 4553 γυναῖκας
2922 4488 3295 4558 κεκτημένων,
3324 4487 3403 4550 ὡς
3429 4488 3528 4541 καὶ
3559 4489 3732 4542 αὐτῶν

474 4588 527 4631 et
556 4573 956 4629 contubernales
993 4571 1223 4628 feminas
1268 4572 1585 4628 asciscunt:
1625 4589 1765 4643 quos
1804 4588 1983 4627 assert

2223 4577 2316 4630 ῦτο
2348 4577 2740 4632 ἐπιτελούντων
2786 4578 2973 4651 κρυφῆ
3017 4578 3103 4632 διὰ
3149 4578 3246 4651 τὴν
3285 4579 3393 4632 τῶν
3433 4580 3732 4652 ἀνθρώπων

473 4668 786 4721 clanculum
820 4664 969 4721 istud
1001 4665 1181 4737 ipsum
1218 4672 1438 4735 propter
1475 4665 1755 4721 hominum
1795 4668 1982 4737 pudori

2225 4670 2324 4722 δῶ·
2357 4670 2446 4725 ἵνα
2481 4670 2581 4740 μὲν
2604 4673 2669 4742 τῇ
2704 4671 2937 4744 πονηρίᾳ
2960 4672 3393 4735 συνθάπτωνται,
3427 4673 3506 4744 τῷ
3524 4674 3583 4727 δέ
3610 4691 3734 4745 προ·

472 4760 852 4823 committere,
908 4764 967 4811 ut
1016 4765 1069 4811 et
1107 4772 1232 4811 cum
1273 4758 1516 4828 nequitia
1558 4757 1647 4811 illa
1681 4759 1980 4827 sepeliantu

2221 4763 2403 4833 {mtuet
2424 4763 2534 4816 τῶν
2562 4764 2865 4837 ἀνθρώπων
2884 4764 3047 4820 ἕνεκα
3066 4766 3126 4819 τὸ
3150 4766 3320 4837 ὄνομα
3345 4767 3730 4836 σεμνύνωνται.

472 4860 529 4905 et
560 4852 740 4921 specie
772 4860 954 4912 tenus,
1008 4848 1081 4904 ob
1110 4849 1343 4903 aliorum
1373 4848 1760 4904 verecundiam
1787 4889 1803 4913 ,
1834 4852 1981 4905 castit

2225 4854 2521 4924 ελέχθησαν
2562 4856 2620 4909 δὲ
2661 4858 2794 4928 ἡμῖν
2827 4857 2922 4911 καί
2952 4874 3097 4921 τινες
3130 4857 3253 4928 περί
3282 4874 3445 4910 τινων
3487 4858 3734 4925 τελευτη-

474 4944 548 4998 tis
580 4945 800 4999 nomine
836 4944 1160 5015 glorientur.
1194 4944 1273 4996 Ac
1326 4943 1578 4997 nonnulli
1634 4958 1701 4998 ex
1753 4944 1821 5001 iis
1870 4955 1983 4999 cert

2224 4966 2392 5012 ιντων,
2424 4950 2517 5003 καὶ
2540 4949 2701 5021 δῆθεν
2732 4950 2810 5014 ὡς
2844 4952 3009 5005 τινῶν
3040 4950 3199 5005 τοῦτο
3226 4949 3641 5017 ἐπιτελούντων,
3664 4950 3733 5012 ὡς

474 5035 758 5099 homines,
794 5036 887 5105 qui
917 5035 1028 5106 iam
1068 5036 1179 5091 vita
1213 5035 1382 5090 functi
1415 5044 1587 5098 sunt,
1622 5033 1691 5089 ad
1726 5049 1812 5090 me
1853 5036 1979 5091 detu

2219 5041 2267 5095 ιδ
2286 5042 2394 5095 τῶν
2418 5042 2791 5114 βεϐιασμένων
2814 5044 2905 5098 ὑπ’
2921 5044 3099 5098 αὐτῶν
3122 5043 3397 5113 γυναικῶν
3418 5043 3728 5115 ἀκηκοότες·

472 5134 641 5191 runt;
677 5140 707 5179 a
756 5126 957 5197 quibus
987 5128 1344 5184 commissum
1392 5126 1497 5182 hoc
1543 5124 1732 5195 flagitii
1770 5142 1981 5196 genus:

2271 5128 2353 5197 οἷς
2403 5135 2501 5189 καὶ
2536 5136 2706 5206 ὄνομα
2737 5136 3035 5191 ἐπισκόπου
3079 5138 3158 5200 είς
3203 5137 3367 5207 μέσον
3399 5136 3611 5206 ἔφερον.
3652 5135 3730 5186 Ἐν

473 5215 788 5280 firmarent,
826 5217 989 5287 idque
1016 5235 1077 5274 se
1105 5220 1176 5274 ah
1219 5218 1388 5288 ipsis,
1420 5232 1559 5288 quas
1586 5217 1663 5271 illi
1709 5232 1982 5288 compres:

2220 5224 2317 5276 Ξλει
2354 5228 2529 5297 μικρᾷ
2581 5228 2683 5297 τῆς
2736 5227 3104 5298 Παλαιστίνης
3154 5226 3247 5280 τὸν
3292 5225 3392 5279 τοῦ
3444 5225 3729 5278 ἐπισκόπου

472 5316 625 5372 ram,
675 5308 1013 5371 mulierculis
1045 5310 1343 5380 accepisse.
1380 5310 1527 5366 Inter
1575 5326 1714 5381 quos
1759 5312 1981 5383 quemda

2219 5317 2359 5388 ,ἧρον
2387 5318 2481 5372 ἐπὶ
2518 5320 2719 5383 ἱκανοῖς
2752 5319 2897 5374 ἔτεσι
2928 5318 3325 5390 διοικήσαντος,
3365 5318 3653 5389 ἐσχηκότος
3676 5315 3728 5369 δὲ

546 5469 562 5499 ⁸
578 5467 712 5523 Gen.
735 5480 962 5529 xxxvm,
984 5464 1035 5519 9.
1112 5468 1132 5497 '
1159 5465 1217 5520 F.
1240 5466 1299 5521 οὺ
1316 5467 1595 5525 δοκοῦσαν.

540 5627 651 5695 (τε)
697 5622 1085 5704 κυουμένου
1126 5621 1248 5704 τοῦ
1298 5625 1663 5704 ξυντὰκτου.
1712 5626 1937 5687 llicron.
1995 5630 2049 5686 iu

2268 5633 2423 5704 Apol.
2478 5631 2553 5686 ιε
2599 5631 2705 5688 Pro
2733 5629 3029 5685 eruditione
3081 5643 3186 5698 qua
3242 5624 3432 5694 polles,
3473 5631 3521 5676 et
3568 5619 3721 5688 iurig-

470 5694 558 5751 m
585 5698 890 5767 συντακτης
923 5696 977 5750 in
1008 5694 1291 5751 Occidente
1323 5696 1583 5753 laudarit.
