3822 6322
68 362 215 415 1063

759 358 1122 415 ADVERSUS
1161 355 1497 411 IIASIiESES
1532 355 1655 409 LIB.

1807 355 1966 412 TOM.
2008 356 2047 409 I.
2073 383 2137 395 α-
2180 353 2453 409 ιιίεῐιες.
2497 351 2681 407 LXIII.

3175 350 3311 410 1066

64 481 334 545 τοιαύτας
361 485 625 549 γυναῖκας
668 480 1173 553 ὲξυπηρετουμένας
1210 479 1377 547 αὐτῷ,
1414 479 1554 547 φημὶ
1588 477 1644 529 δὲ

1766 477 2060 547 :pisc0pum
2104 476 2498 536 nominabant,
2532 474 2625 543 qui
2678 474 2733 525 in
2783 473 2977 542 exiguo
3013 471 3315 529 Paimstinae

62 572 489 636 συνεισάκτους.
533 573 691 627 Ἀλλὰ
723 573 817 626 καὶ
848 570 907 636 ἐξ
938 570 1283 641 ὀμολογητῶν
1303 570 1393 621 τὸν
1417 568 1652 622 τοιοῦτον

62 664 196 714 δέλτα.
256 663 500 728 οἴδαμεν.
537 666 725 734 Ὅμως
765 667 875 727 τοῖς
924 662 1165 733 είρηκόσι
1217 661 1373 713 τοῦτο
1420 662 1510 713 καὶ
1547 660 1655 713 ἀπὸ

62 758 172 805 τῶν
212 754 499 821 γυναικῶν
533 754 825 824 ἀκηκοέναι
865 752 1162 823 φάσκουσιν
1189 752 1248 803 ού
1294 749 1656 803 πεπιστεύκα-

62 864 192 913 μεν.
237 846 304 897 Ἡ
337 845 450 915 γὰρ
478 846 690 914 ἀνάγκη
719 846 818 915 τῆς
840 845 949 897 τῶν
977 843 1271 913 εἰρηκότων
1295 841 1655 912 κακοτροπίας

62 936 387 988 ὑπέϐαλλεν
422 939 553 1007 ἡμῖν
584 937 711 989 ποτὲ
744 935 841 1006 μὲν
881 934 1174 996 πιστεύειν,
1204 933 1329 985 ποτὲ
1365 934 1420 985 δὲ
1464 933 1536 1003 μὴ
1568 950 1656 987 πι-

64 1026 318 1086 στεύειν.
365 1029 460 1081 ἐπὶ
502 1027 597 1097 τὴν
642 1027 734 1080 τοῦ
782 1026 1178 1098 προειρημένου
1240 1026 1489 1097 γέροντος
1534 1028 1654 1076 ἐπι-

66 1118 285 1170 σκόπου
345 1120 485 1189 μετά
533 1120 631 1190 τὴν
673 1118 835 1172 αὐτοῦ
884 1119 1133 1188 τελευτὴν
1180 1118 1547 1186 κακοφημίαν.
1591 1117 1656 1168 Ἡ

64 1207 180 1278 γὰρ
216 1210 374 1263 αἰτία
404 1213 436 1279 ἡ
470 1212 548 1274 εἰς
575 1210 734 1263 αὐτὸν
764 1210 1015 1280 φθάσασα
1058 1208 1280 1280 τοιαύτη
1310 1225 1390 1271 τις
1416 1209 1651 1276 γέγονεν’

76 1301 267 1353 Ἑάλω
305 1319 392 1364 τις
419 1302 656 1364 τοιοῦτος
686 1302 779 1355 ἐπὶ
826 1302 1066 1372 ἁμαρτίᾳ
1110 1301 1383 1366 γυναικός.
1432 1301 1542 1353 Καὶ
1581 1300 1655 1362 ῶς

68 1392 346 1461 ᾗλὲγχετο
400 1392 488 1461 ὑφ’
529 1392 705 1463 ἡμῶν,
750 1393 1042 1462 ἀπολογίαν
1089 1391 1289 1463 ταύτην
1331 1392 1543 1463 ἔφερεν,
1581 1391 1657 1454 ὡς

69 1485 171 1553 τῆς
208 1484 630 1556 συμφθαρείσης
660 1484 807 1556 αύτῷ
836 1486 1110 1555 γυναικὸς,
1156 1485 1395 1552 καίτοιγε
1425 1485 1524 1555 ἤδη
1562 1501 1657 1536 πε-

68 1577 480 1647 παλαιωμένης
520 1578 610 1630 τὸν
652 1578 872 1648 χρόνον,
933 1578 1025 1631 καὶ
1077 1578 1134 1629 ἐν
1186 1576 1368 1648 ἡλικίᾳ
1413 1576 1657 1648 γηραλέα

69 1668 464 1740 ὑπαρχούσης,
509 1668 765 1738 εἰπούσης
804 1668 952 1739 αὐτῷ
997 1667 1095 1739 τὴν
1137 1669 1236 1738 τῆς
1282 1668 1657 1739 κακοπραγίας

70 1760 353 1829 ἐργασίαν
380 1779 393 1792 ε
426 1760 501 1823 ῶς
543 1759 773 1831 χρῆσθαι
820 1761 916 1831 μὲν
963 1761 1124 1814 αὐτὸν
1175 1761 1476 1825 ἐδίδασκεν,
1524 1760 1656 1825 ἕξω-

1755 567 1953 638 oppido
1992 568 2178 623 multis
2227 567 2387 621 annis
2442 565 2698 619 Ecclesia:
2750 564 2992 632 prmfuit,
3052 564 3210 635 522
3263 576 3318 620 et

1754 660 2170 715 contubernales
2204 658 2514 714 istiusmodi
2569 656 2797 712 feminas
2850 657 2914 710 ad
2959 659 3315 714 domesticum

1755 751 2117 806 ministerium
2150 750 2375 805 habuit'
2415 765 2575 819 quem
2613 762 2711 803 nos
2738 749 2898 803 etiam
2937 765 3001 803 ex
3050 750 3321 808 confesso-

1756 857 1874 894 rum
1907 856 2132 897 numero
2161 840 2333 898 fuisse
2366 841 2592 896 scimus.
2614 840 2719 896 Sed
2751 841 2837 902 iis,
2871 841 2964 910 qui
2993 842 3061 897 de
3088 858 3154 897 eo
3175 844 3320 899 istud

1757 932 2108 994 allirmarent,
2149 941 2203 989 et
2256 934 2322 988 de
2353 932 2691 988 mulierculis
2724 934 2860 1003 ipsis
2891 935 3213 1004 cognovisse
3242 937 3322 989 di-

1757 1033 1964 1083 cerent.
2002 1024 2156 1079 [idem
2188 1026 2390 1078 nullam
2426 1024 2785 1080 adhibendam
2819 1026 3152 1095 putavimus.
3186 1026 3320 1081 Nam

1757 1128 1945 1167 eorum
1979 1114 2074 1184 qui
2127 1113 2178 1168 id
2213 1114 2493 1183 jactabant
2517 1154 2533 1179 ,
2566 1113 2886 1184 improbitas
2940 1117 3320 1171 necessitatem

1757 1205 2046 1273 quamdam
2102 1206 2323 1270 attulit,
2359 1214 2418 1262 ut
2470 1206 2761 1276 aliquando
2790 1207 3137 1263 crederemus
3167 1251 3182 1273 ,
3218 1210 3322 1263 ali-

1757 1294 1974 1364 quando
2007 1296 2226 1351 miniiue
2260 1301 2607 1353 crederemus
2634 1313 2755 1368 qua?
2785 1299 2852 1353 ad
2894 1313 3044 1355 senis
3078 1282 3219 1355 illius
3246 1302 3323 1354 in-

1759 1387 1977 1440 famiam
2007 1388 2272 1458 episcopi,
2304 1397 2429 1459 post
2464 1390 2585 1460 ejus
2613 1390 2845 1453 obitum,
2877 1389 3161 1445 referrent.
3195 1392 3325 1446 Por-

1759 1492 1821 1532 ro
1851 1478 2053 1533 crimen
2082 1480 2207 1533 illud
2236 1480 2393 1549 cujus
2421 1480 2860 1542 insimulabatur,
2901 1481 3166 1549 ejusmodi
3199 1484 3320 1537 fuit.

1758 1569 1893 1621 Cum
1921 1583 1987 1624 ex
2011 1584 2075 1623 ea
2102 1568 2334 1625 factione
2360 1584 2422 1625 ac
2452 1586 2614 1641 grege
2638 1572 2854 1640 quidam
2883 1571 3139 1628 facinoris
3166 1574 3324 1629 istius

1759 1659 2041 1714 convictus
2082 1675 2109 1712 a
2145 1660 2308 1715 nobis
2357 1660 2804 1732 redargueretur,
2848 1663 2951 1717 hoc
2999 1662 3065 1717 ad
3097 1680 3326 1735 purgan-

1760 1750 1888 1803 dum
1924 1765 2047 1805 sese
2080 1752 2133 1805 in
2173 1750 2409 1806 medium
2436 1754 2645 1807 attulit:
2678 1754 2746 1808 ab
2776 1769 2836 1808 ea
2858 1794 2874 1817 ,
2909 1770 3070 1825 quam
3110 1768 3325 1811 constu-

71 1851 166 1904 θεν
206 1853 270 1906 δὲ
306 1853 406 1916 τὰς
454 1853 700 1924 μυσαρὰς
749 1852 910 1907 αὐτοῦ
962 1855 1097 1925 ρυὰς
1151 1854 1242 1906 ἐπὶ
1287 1851 1389 1923 γῆς
1443 1853 1655 1905 διασκε-

1766 1849 2007 1909 praverat
2038 1881 2051 1905 ,
2086 1841 2285 1897 femina
2310 1883 2325 1905 ,
2384 1859 2696 1914 quanquam
2735 1845 2889 1901 eﬂ‘eta
2935 1847 3047 1915 jam
3079 1858 3135 1902 et
3188 1866 3325 1906 anus

73 1943 139 1996 δά
178 1961 289 1997 ειν.

159 2232 236 2285 Ρ.
271 2232 387 2284 Καὶ
416 2231 554 2301 αὕτη
602 2232 699 2302 μὲν
739 2234 771 2302 ἡ
805 2231 1004 2285 τούτων
1053 2232 1271 2301 μυσαρά
1313 2232 1454 2283 ἐστιν
1496 2232 1657 2301 ἐργα-

77 2326 193 2386 σία.
230 2325 326 2378 τὸν
357 2325 479 2379 νοῦν
519 2324 697 2378 αὐτῶν
726 2323 1007 2388 ἀπατῶσα,
1050 2324 1142 2376 καὶ
1184 2324 1247 2375 ὲκ
1294 2321 1538 2375 διαϐόλου
1572 2338 1658 2373 τε-

74 2416 442 2489 τυφλωμένη.
466 2411 568 2469 Ὦν
587 2417 684 2479 τὰς
717 2415 1018 2487 μαρτυρίας
1044 2415 1109 2469 δι’
1138 2408 1212 2468 ὧν
1251 2414 1553 2478 πίπτουσιν,
1579 2415 1657 2475 εἰς

79 2510 256 2580 μέσον
286 2508 476 2579 φέρειν
502 2509 602 2561 οὐκ
624 2510 917 2576 ἀναγκαῖον
943 2508 1175 2578 ἥγημαι,
1204 2508 1290 2560 ἵνα
1328 2505 1401 2576 μὴ
1421 2504 1659 2576 δόξωμεν

75 2603 141 2654 δι’
200 2596 282 2655 ὧν
342 2600 637 2672 βουλόμεθα
687 2602 1054 2671 ἀκριϐολογεῖν
1093 2602 1171 2662 είς
1220 2600 1532 2669 ἀποτροπὴν
1560 2599 1659 2665 τῆς

77 2696 353 2764 ἀθεμίτου
384 2694 669 2763 ἀσελγείας
705 2694 936 2761 ἑκάστης
978 2692 1259 2763 αἱρέσεως,
1291 2691 1490 2761 μᾶλλον
1527 2707 1659 2759 προ-

76 2785 386 2858 τρέπεσθαι
416 2785 522 2838 τῶν
555 2784 894 2854 ἀστηρίκτων
921 2784 1013 2837 καὶ
1057 2782 1431 2852 χαυνουμένων
1455 2782 1541 2835 ἀεὶ
1564 2780 1659 2850 τὴν

78 2877 353 2939 διάνοιαν,
381 2874 490 2927 τῶν
522 2874 580 2927 τὸ
607 2874 838 2945 πονηρὸν
863 2874 1073 2934 ἑαυτοῖς
1100 2871 1366 2943 θηρᾶσθαι
1394 2871 1532 2942 ὑπὲρ
1562 2872 1659 2942 τὴν

78 2967 405 3038 ἁγαθότητα
431 2965 856 3037 ἐπιθυμούντων.
892 2966 985 3028 Et;
1019 2965 1233 3034 ἔλεγχον
1256 2963 1312 3017 δὲ
1338 2964 1536 3034 μᾶλλον
1559 2964 1659 3034 τῆς

78 3058 271 3127 δεινῆς
301 3058 506 3127 ταύτης
561 3059 652 3110 καὶ
684 3055 1018 3128 ἐρπετὼδους
1062 3057 1321 3127 αἱρέσεως
1361 3057 1516 3125 ὀλίγα
1552 3056 1660 3110 ἀπὸ

81 3150 305 3202 πολλῶν
346 3148 748 3202 παοαθίισοααι.

158 3432 339 3485 Πόθεν
380 3432 654 3502 εἰλήφατε,
688 3425 733 3484 ὦ
764 3424 931 3494 οὗτοι,
969 3429 1067 3501 τὴν
1092 3430 1191 3501 τῆς
1218 3428 1476 3501 ἀθεμίτου
1500 3431 1663 3503 ἐργα-

86 3528 214 3588 σίας
240 3523 521 3585 ὲπίνοιανς
552 3523 908 3596 Πρῶτον¹μὲν
948 3522 1075 3594 γὰρ,
1109 3524 1190 3576 ὃτι
1233 3523 1295 3576 τὸ
1332 3524 1439 3577 πᾶν
1462 3524 1567 3577 τίνι
1600 3524 1661 3577 οὐ

80 3618 253 3688 δῆλόν
288 3616 454 3680 ἐστιν,
480 3616 559 3668 ὅτι
601 3615 867 3687 δαιμόνων
908 3616 1109 3686 ὲστὶνή
1144 3614 1382 3685 ὑμετέρα
1418 3615 1666 3669 διδασκα-

84 3710 200 3772 λία,
250 3707 616 3779 ἠπατημένων
668 3708 725 3760 δὲ
785 3707 872 3759 τὸν
924 3705 1047 3760 νοῦν
1093 3707 1187 3759 καὶ
1233 3706 1587 3777 ἐφθαρμένων
1630 3708 1662 3777 ἡ

86 3797 489 3868 ὲπινενοημένη
534 3798 947 3868 κακομηχανία;
997 3798 1058 3849 Εἰ
1097 3796 1205 3867 γὰρ
1255 3796 1391 3860 ὅλως
1434 3797 1664 3867 πονηρὸν

87 3892 149 3945 τὸ
178 3892 451 3951 κυῖσκειν,
475 3891 573 3943 οὐκ
603 3891 710 3961 ἄρα
730 3891 816 3943 διὰ
847 3892 906 3944 τὸ
939 3892 1290 3959 τεκνογονεῖν,
1327 3889 1462 3943 ἀλλά
1491 3890 1579 3943 διὰ
1606 3890 1666 3942 τὸ

90 3980 465 4035 συνάπτεσθαι
496 3979 726 4053 σώματι.
769 3981 892 4044 Πῶς
928 3977 1018 4034 οὖν
1044 3980 1333 4052 ἡττημένοι
1363 3981 1519 4052 ἡδονῇ
1544 3998 1668 4033 συν-

87 4070 336 4126 ἅπτεσθε
370 4071 612 4142 σῶματι;
658 4071 766 4124 Καὶ
800 4074 847 4124 εί
893 4072 951 4124 ού
984 4071 1214 4143 πονηρὸν
1247 4070 1305 4125 τὸ
1334 4069 1667 4141 συναφθῆναι

88 4158 333 4226 σώματι,
369 4159 489 4211 οὐδὲ
522 4160 754 4231 πονηρὸν
785 4160 845 4213 τὸ
882 4161 1275 4231 τελεσιουργεῖν
1310 4160 1371 4213 τὸ
1407 4176 1662 4230 γεγεννη-

90 4250 282 4321 μένον.
322 4251 394 4302 Ἢ
431 4251 539 4323 γὰρ
568 4250 975 4323 ἀποταξάμενον
1006 4253 1021 4282 ¹
1058 4252 1340 4322 ἄνθρωπον
1380 4254 1454 4325 μὴ
1498 4270 1670 4326 γεωρ-

88 4346 212 4411 γεῖν
262 4343 330 4396 τά
377 4344 468 4396 ἐπὶ
498 4343 599 4412 τῆς
626 4344 749 4411 γῆς,
780 4344 854 4404 ῶς
889 4346 917 4397 ὀ
943 4344 1107 4398 ’Ἅϐελ
1142 4340 1210 4417 ἦν
1244 4344 1443 4416 ποιμὴν
1470 4346 1671 4414 προϐά-

87 4450 226 4495 των,
266 4433 409 4487 Κάῐν
446 4434 500 4486 δὲ
543 4434 903 4504 ἐργαζόμενος
939 4435 1035 4505 τὴν
1063 4436 1184 4506 γῆν.
1229 4438 1291 4490 Εἰ
1341 4437 1396 4489 δὲ
1436 4440 1671 4509 γεωργεῖ

86 4545 175 4589 τις
202 4525 308 4595 τὴν
338 4526 459 4595 γῆν,
481 4526 555 4587 ὡς
582 4528 611 4578 ὁ
642 4526 786 4589 Νῶε,
817 4527 897 4578 ὅτι
928 4526 1187 4594 Ἐγένετο
1211 4526 1365 4595 ἀνὴρ
1392 4529 1663 4596 γεωργὸς,
1696 4520 1742 4574 D

88 4619 192 4674 καί
219 4618 560 4685 ἐφύτευσεν
578 4616 913 4687 ἀμπελῶνα,
938 4617 1038 4670 οὐκ
1057 4616 1348 4685 ἐφύτευσεν
1371 4616 1667 4687 ἀμπελῶνα

90 4715 219 4785 Ιούκ
253 4708 595 4781 ὲφύτευσεν],
642 4710 725 4761 ἴνα
763 4708 953 4778 βότρυν
995 4707 1068 4779 μὴ
1113 4707 1346 4782 ἐνέγκῃ·
1397 4709 1508 4762 ἀλλ’
1534 4709 1666 4778 ἐφύ-

86 4811 279 4868 τευσε,
312 4805 407 4857 καὶ
440 4803 607 4856 ἔπιεν
648 4804 711 4855 ὲκ
759 4800 852 4853 τοῦ
904 4800 1113 4872 καρποῦ
1153 4800 1336 4865 αὑτοῦ,
1390 4800 1488 4855 καὶ
1539 4802 1669 4871 ἐμε-

87 4900 315 4960 θύσθη,
376 4895 449 4960 ὡς
502 4894 825 4966 γέγραπται.
859 4889 965 4947 Ἦν
1014 4893 1071 4947 δὲ
1110 4892 1436 4965 συγγνώμην
1468 4894 1543 4965 τῷ
1580 4894 1670 4963 γέο

91 5009 245 5065 ροντι
294 4989 604 5056 ἀπονεῖμαι.
636 4987 936 5057 Εὐάρεστος
972 4984 1077 5055 γὰρ
1117 4984 1193 5055 τῷ
1231 4986 1346 5056 Θεῷ
1392 4987 1669 5057 ὑπάρχων.

86 5089 147 5139 οὗ
192 5082 287 5135 διὰ
319 5080 557 5132 ἀσωτίαν
585 5079 681 5147 τὴν
714 5077 882 5148 μέθην
915 5078 1140 5147 ὑπέστη,
1175 5076 1309 5129 ἀλλὰ
1339 5078 1483 5149 λύπῃ
1510 5080 1671 5149 φερό-

90 5191 260 5246 μενος
286 5171 425 5239 τάχα
450 5170 757 5240 ὲκεκάρωτο
777 5185 790 5198 ο
821 5169 913 5222 καὶ
945 5169 1019 5239 μὴ
1054 5168 1234 5237 φέρων
1263 5167 1321 5231 ἐξ
1350 5168 1672 5238 ἀμφοτέρων

87 5269 178 5319 διὰ
207 5264 273 5315 τὸ
316 5260 537 5323 ἀσθενὲς
587 5261 680 5312 καὶ
725 5259 1008 5330 γηραλέον,
1059 5258 1310 5328 ἀσθενείᾳ
1365 5258 1669 5311 ὑπέπεσεν·

88 5361 191 5429 οὐχ
221 5357 314 5408 ἵνα
343 5351 609 5423 χλευασοῇ
656 5353 760 5403 ὑπὸ
798 5352 1012 5407 τέκνου.
1046 5346 1109 5403 ’0
1149 5350 1226 5413 δὲ,
1276 5351 1672 5418 καταγελάσας,

91 5446 276 5518 ἑαυτῷ
305 5444 490 5515 εἴληφε
516 5443 613 5514 τὴν
644 5444 906 5514 κατάραν,
933 5444 1018 5496 ἵνα
1045 5442 1377 5506 κολάζωνται
1405 5445 1452 5496 oi
1482 5445 1673 5516 ἐνσκή-

93 5558 329 5605 πτοντες
362 5541 473 5603 τοῖς
506 5537 775 5608 πατράσιν
814 5537 992 5609 ὕϐριν,
1034 5536 1128 5591 καὶ
1167 5539 1218 5590 οἱ
1255 5538 1313 5591 ἐν
1340 5538 1468 5609 ὑμῖν
1497 5538 1671 5592 διαλο-

165 5763 183 5794 ¹
211 5758 378 5815 Deest
408 5758 505 5811 δεῖ.
583 5759 603 5787 ¹
634 5757 767 5811 Geni.
801 5773 876 5819 ιν.
909 5758 963 5810 2.

418 5876 687 5934 ΡΑτιιοι.
724 5874 839 5933 GR.
872 5863 1033 5933 XLI.

1044 5752 1064 5783 ³
1094 5751 1227 5808 Gen.
1262 5769 1335 5815 ix,
1376 5756 1444 5806 2t)
1476 5767 1593 5823 δίῃ.

1757 1942 1912 2001 erat;
1946 1935 2265 1992 fmdissima:
2294 1936 2439 1991 illius
2469 1936 2708 1992 libidinis
2746 1938 3006 1992 rationem
3045 1940 3321 2008 didicisse,

1758 2027 1826 2080 ab
1868 2042 2040 2097 eaque
2073 2029 2149 2081 uti
2182 2028 2474 2082 concubitu
2505 2028 2586 2082 sic
2614 2029 2888 2087 edoctum,
2928 2038 2985 2082 ut
3020 2030 3323 2086 detestandi

1758 2118 2004 2175 humoris
2043 2119 2364 2189 profluvium
2396 2120 2451 2174 in
2483 2128 2683 2174 terram
2713 2132 3010 2190 spargeret.

1829 2226 1915 2281 lil.
1946 2227 2121 2297 Atque
2152 2229 2253 2283 hoc
2284 2229 2503 2298 quidem
2549 2230 2922 2298 turpissimum
2955 2238 3009 2285 et
3036 2247 3325 2287 exsecran-

1758 2315 1887 2370 dum
1943 2326 2027 2372 est
2063 2319 2279 2371 illorum
2310 2319 2525 2383 scelus,
2570 2319 2714 2387 quod
2745 2326 2797 2373 et
2838 2320 3076 2389 ipsorum
3125 2324 3326 2394 decipit

1758 2411 1998 2473 animos,
2040 2419 2094 2464 et
2129 2426 2158 2464 a
2197 2410 2462 2465 diabolica
2510 2412 2753 2465 caecitate
2793 2413 3171 2480 proﬁciscitur.
3200 2417 3327 2484 Qui-

1758 2503 1988 2558 busnam
2048 2519 2171 2559 vero
2219 2504 2636 2559 auctoritatibus
2693 2508 3129 2578 testimoniisque
3202 2512 3321 2565 Iveti

1760 2596 1827 2651 ad
1863 2597 1951 2650 illa
1982 2596 2188 2666 delapsi
2219 2596 2364 2658 sint,
2406 2596 2461 2650 in
2508 2598 2740 2651 medium
2781 2599 2972 2654 aﬂerre
3000 2617 3103 2654 non
3141 2607 3324 2671 putavi

1759 2688 2153 2750 necessarium,
2185 2703 2253 2742 ne
2285 2688 2413 2742 dum
2451 2689 2516 2743 ad
2555 2688 2820 2759 cujusque
2850 2691 3071 2746 haeresis
3102 2692 3327 2765 flagitio-

1760 2794 1875 2834 sam
1914 2778 2190 2833 libidinem
2237 2780 2591 2833 aversandam
2634 2784 2943 2836 accuratius
2973 2785 3183 2855 singula
3215 2804 3327 2857 per-

1760 2870 2080 2939 sequimur,
2132 2869 2542 2925 imbecillioruin
2590 2888 2655 2924 ae
2699 2873 2910 2929 levitate
2957 2878 3187 2946 quadam
3224 2884 3328 2936 ela-

1759 2967 1935 3014 torum
1995 2960 2271 3015 hominum
2328 2959 2536 3014 animos
2600 2961 2665 3015 ad
2734 2977 2797 3016 ea
2870 2966 3040 3034 magis
3103 2969 3331 3023 incitare

1758 3050 2068 3106 videamur:
2096 3052 2187 3120 qui
2209 3051 2427 3122 quidem
2451 3052 2650 3105 malum
2681 3068 2790 3121 pra:
2825 3054 2967 3109 bono
2990 3057 3092 3110 sibi
3125 3060 3332 3111 consci-

1686 3172 1730 3230 ο
1763 3158 1915 3199 scere
1960 3157 2023 3197 ac
2065 3150 2286 3211 captare
2307 3153 2657 3198 consuerunt.
2698 3142 2893 3199 Verum
2922 3146 2989 3200 ad
3025 3151 3325 3205 uberiorem

1764 3233 2047 3288 horrendae
2099 3233 2243 3288 illius
2295 3248 2357 3287 ac
2395 3237 2719 3304 serpentinae
2751 3236 2971 3293 hmresis
2999 3240 3327 3296 coul‘utatio-

1765 3342 1926 3391 nem,
1964 3342 2135 3397 pauca
2182 3327 2250 3382 de
2287 3326 2475 3381 multis
2508 3336 2764 3382 attexam.

1833 3439 1989 3496 Unde
2017 3442 2200 3511 igitur,
2232 3456 2434 3512 quaeso,
2479 3450 2586 3497 tam
2624 3443 2889 3499 nefarium
2918 3449 3096 3506 scelus
3124 3453 3333 3523 excogi-

1766 3544 1880 3589 tare
1921 3533 2224 3589 didicistis?
2257 3534 2500 3590 Primum
2528 3536 2673 3591 enim
2700 3560 2715 3603 ,
2748 3546 2806 3593 ιιι
2847 3543 3095 3597 universe
3130 3543 3329 3610 dicam,

1764 3627 1889 3696 quis
1914 3641 2022 3681 non
2064 3628 2238 3693 videt,
2269 3644 2394 3684 cum
2430 3629 2734 3685 daemonum
2772 3634 3048 3703 propriam
3097 3626 3329 3693 vestram

1766 3719 1907 3773 hanc
1938 3734 2061 3774 esse
2097 3720 2430 3786 doetrinam,
2473 3730 2587 3776 tum
2651 3725 2782 3779 illud
2848 3734 3057 3782 tantum
3112 3739 3331 3802 tamque

1765 3817 1922 3863 atrox
1983 3825 2013 3862 a
2048 3810 2203 3865 vobis
2252 3814 2525 3865 inventum
2566 3812 2824 3883 ﬂagitium
2883 3821 3097 3875 nonnisi
3150 3838 3335 3876 errore

1766 3901 2078 3970 depravatis
2139 3902 2451 3956 hominibus
2505 3918 2570 3957 ac
2638 3910 2944 3976 corruptela
3001 3914 3335 3967 convenire?

1766 3989 1900 4043 Nam
1931 3991 1975 4045 si
2005 3992 2227 4045 omnino
2253 3994 2541 4062 concipere
2580 3995 2780 4049 malum
2811 4005 2913 4061 est,
2949 4000 3191 4069 profecto
3221 4020 3328 4057 non

1768 4082 1837 4135 ob
1877 4083 2048 4151 ipsam
2081 4083 2282 4138 sobolis
2306 4085 2772 4153 procreationem,
2815 4090 2907 4144 sed
2937 4092 3006 4145 ob
3041 4107 3329 4164 corporum

1768 4174 2165 4244 copulationem
2213 4177 2412 4230 malum
2452 4193 2573 4234 esse
2628 4178 2916 4235 videbitur.
2966 4182 3144 4247 Quare
3198 4186 3327 4255 quid

1770 4280 1867 4320 vos
1905 4266 2095 4320 attinet
2156 4265 2429 4336 voluptate
2466 4275 2750 4338 superatos
2802 4274 3157 4329 commiscere
3207 4292 3332 4330 cor-

1770 4356 1940 4425 pora?
1977 4357 2084 4410 Aut
2135 4357 2180 4409 si
2216 4372 2507 4426 corporum
2560 4359 2649 4411 illa
2692 4360 3005 4429 conjunctio
3041 4366 3180 4417 mala
3222 4382 3329 4421 non

1769 4457 1872 4509 est,
1904 4446 2233 4518 ncidipsum
2280 4447 2497 4517 quidem
2548 4450 2691 4519 quod
2743 4450 2980 4521 gignitur
3013 4453 3079 4508 ad
3128 4456 3331 4509 exitum

1772 4537 2086 4608 perducere,
2124 4540 2326 4593 malum
2352 4548 2456 4594 est.
2492 4540 2702 4595 Etenim
2742 4543 2827 4599 vel
2871 4543 3134 4601 abdicatis
3155 4549 3333 4601 omni-

1775 4629 1897 4695 bus,
1925 4630 2309 4699 agriculturam
2346 4631 2570 4685 omnino
2618 4647 2726 4686 non
2765 4634 3029 4706 attingere
3059 4636 3330 4693 hominem

1774 4729 2024 4793 oportet:
2058 4722 2510 4792 quemadmodum
2541 4724 2672 4779 Abel
2709 4726 2887 4779 ovium
2921 4726 3088 4783 fuisse
3126 4738 3335 4799 pastor,

1774 4812 1975 4869 Cainus
2032 4821 2231 4868 terram
2288 4815 2523 4870 coluisse
2567 4816 2770 4870 dicitur
2812 4818 2856 4870 ¹.
2908 4815 3003 4873 Vel
3056 4821 3102 4875 si
3158 4823 3334 4877 solum

1776 4905 1935 4976 523
1975 4920 2228 4961 exercere
2279 4907 2475 4977 aliquis
2513 4907 2783 4973 instituit,
2845 4910 2922 4963 uti
2976 4909 3089 4967 Noe
3147 4913 3337 4970 fecisse

1772 4999 1994 5065 dicitur,
2023 5000 2113 5068 qui
2138 5040 2152 5063 ,
2185 5008 2245 5053 ut
2290 5000 2552 5070 scriptum
2582 5008 2696 5065 est,
2733 5002 2812 5055 vir
2844 5002 2947 5070 fuit
2987 5006 3239 5075 agricola,
3288 5020 3338 5062 et

1773 5090 2031 5159 plantavit
2063 5091 2263 5145 vineam
2288 5092 2346 5145 δε
2380 5108 2487 5146 non
2519 5092 2659 5156 ideo,
2691 5101 2843 5163 puto,
2876 5095 3088 5151 vineam
3120 5100 3335 5169 planta-

1774 5180 1882 5244 vit,
1920 5188 1977 5232 ut
2020 5196 2087 5235 ne
2124 5197 2367 5237 racemos
2401 5182 2701 5252 proferret;
2735 5184 2827 5240 sed
2875 5196 2931 5241 et
2960 5188 3252 5258 plantavit,
3287 5202 3341 5248 et

1775 5269 1841 5324 de
1874 5270 2050 5325 fructu
2082 5272 2226 5327 illius
2254 5273 2380 5327 bibit
2406 5314 2421 5337 ,
2454 5284 2502 5328 et
2553 5276 2843 5331 inebriatus
2871 5289 2950 5334 est
2975 5319 2991 5345 ,
3033 5288 3093 5334 ut
3123 5298 3188 5336 eo
3218 5283 3339 5336 loco

1778 5360 1993 5429 legitur.
2026 5362 2079 5415 In
2133 5380 2241 5431 quo
2268 5380 2398 5418 sane
2439 5365 2594 5420 venia
2640 5366 2836 5436 dignus
2886 5385 3051 5425 senex
3102 5371 3190 5426 ille
3217 5370 3339 5425 fuit.

1779 5448 1879 5518 Qui
1920 5468 2042 5506 cum
2080 5453 2189 5509 Deo
2213 5463 2398 5525 gratus
2448 5466 2592 5513 esSet
2615 5498 2629 5523 ,
2666 5474 2775 5514 non
2805 5475 2872 5515 ex
2924 5462 3339 5531 intemperantia

1780 5543 1834 5596 in
1864 5542 2010 5596 illam
2047 5544 2360 5599 ebrietatem
2401 5546 2621 5615 incidit;
2656 5548 2771 5619 sed,
2803 5556 2862 5603 ut
2901 5552 3113 5620 opinor,
3143 5566 3207 5604 ex
3240 5551 3342 5605 tri-

2918 5860 2992 5923 34
