3822 6330
506 374 649 430 1067
1901 376 1957 430 S.
1995 375 2074 430 El‘

2190 375 2337 430 IANII
3662 375 3795 428 H363

508 487 654 544 stitia
689 500 752 541 ae
787 501 1017 541 mterore
1037 485 1257 557 quidam
1292 487 1341 541 ei
1380 486 1561 541 somni
1592 495 1780 556 torpor
1809 487 2071 557 obrepsit.

2190 489 2369 560 γισμοὶ
2408 489 2816 561 ἐπεγειρόμενοι
2859 489 2998 543 κατὰ
3044 489 3143 559 τῆς
3189 488 3281 541 τοῦ
3325 487 3472 542 Θεοῦ
3523 486 3796 555 γνώσεως

506 580 641 635 Cum
676 587 856 634 autem
888 578 1175 649 utriusque
1200 580 1308 633 vim
1327 580 1599 634 sustinere
1630 580 1700 632 ob
1732 578 2077 633 imbecillita-

2190 577 2277 631 καὶ
2320 577 2499 641 καλῶς
2527 578 2865 649 τεταγμένης
2893 578 3204 645 διατάξεως.

508 680 613 724 tem
657 678 711 722 et
756 676 970 723 aetatem
1009 684 1117 723 non
1162 678 1386 739 posset,
1438 669 1494 723 in
1538 684 1657 722 eam
1700 668 2065 723 infirmitatem
2094 671 2392 742 prolapsus
2420 679 2538 724 est:
2595 685 2695 723 nec
2743 669 2863 724 ideo
2905 679 3087 723 tamen
3158 670 3353 742 dignus
3408 679 3584 733 erat,
3656 680 3717 722 ut
3750 686 3795 725 ei

508 762 652 817 ﬁlius
688 760 954 817 illuderet.
990 762 1169 827 Quare
1192 765 1287 832 qui
1340 764 1491 816 illum
1528 763 1723 818 derisit
1750 801 1766 828 .
1806 764 1860 818 in
1932 765 2282 834 semetipsum
2329 765 2781 835 imprecationem
2852 766 3141 820 convertit.
3176 763 3245 820 Ut
3288 766 3326 819 ii
3387 766 3600 836 pinnis
3679 766 3796 817 alii-

508 862 761 927 ciantur,
810 861 900 931 qui
941 861 1257 932 parentibus
1294 861 1410 916 suis
1458 860 1840 915 contumeliam
1899 860 2207 931 imponunt,
2243 860 2485 932 adeoque
2514 861 2873 932 cogitationes
2934 861 3069 922 illae,
3138 876 3259 931 qua}
3325 862 3625 915 adversus
3705 859 3795 915 Πειὶ

510 960 871 1029 cognitionem
903 966 958 1012 et
996 965 1141 1011 recte
1180 956 1537 1011 constitutum
1578 956 1826 1010 ordinem
1857 956 2174 1026 insurgunt.

582 1049 667 1104 ιν.
701 1051 987 1105 Enimvero
1015 1050 1142 1104 licet
1164 1057 1349 1104 tantus
1382 1051 1588 1120 nuptiis
1618 1051 1815 1113 honor,
1840 1061 2078 1121 quantus

514 1143 838 1214 virginitati,
873 1143 1093 1197 minime
1123 1143 1193 1197 sit
1226 1142 1529 1207 habendus,
1554 1152 1607 1196 et
1638 1142 1753 1197 haec
1786 1144 1893 1198 illis
1927 1151 2081 1197 ante-

508 1235 755 1307 ponenda
786 1237 889 1300 sit;
926 1252 1048 1290 cum
1099 1251 1162 1291 ea
1190 1244 1369 1291 tamen
1412 1252 1537 1289 vera
1567 1236 1852 1306 virginitas
1893 1236 2081 1305 appel-

509 1333 671 1393 latur,
700 1346 821 1400 quae
853 1344 976 1383 cum
1001 1330 1285 1385 honestate
1308 1337 1391 1384 est
1434 1338 1485 1383 et
1508 1329 1711 1384 virtute
1762 1328 2077 1398 conjuncta,

508 1431 625 1475 tum
660 1422 1007 1477 honorabiles
1030 1420 1231 1490 nuptiae
1264 1421 1279 1451 ί
1316 1436 1343 1474 a
1387 1421 1676 1476 liberorum
1706 1422 2079 1489 procreatione

510 1530 619 1569 non
668 1515 1001 1577 abhorrent,
1051 1529 1226 1583 neque
1255 1513 1321 1567 ad
1354 1514 1705 1581 ignominiam
1745 1526 1809 1566 ea
1851 1513 2080 1567 trahunt

472 1621 629 1677 \qua:
661 1621 689 1659 ιι
739 1605 846 1659 Deo
892 1604 1150 1674 praeclare
1188 1602 1405 1656 condita
1439 1611 1606 1663 sunt,
1655 1601 1762 1654 imo
1793 1616 1920 1654 vero
1971 1616 2076 1655 non

508 1700 666 1754 aliter
718 1697 1092 1767 prasscriptum
1135 1695 1393 1747 divinitus
1433 1694 1692 1763 nuptialis
1738 1694 2080 1762 conjunctio-

508 1792 597 1846 nis
629 1794 845 1843 modum
887 1803 950 1841 ac
984 1789 1247 1841 rationem
1283 1794 1568 1856 usurpant.
1612 1785 1822 1856 Quippe
1857 1787 2081 1857 virgini-

2172 1076 2201 1103 -η
2252 1055 2321 1109 Δ’,
2345 1056 2404 1106 Εἰ
2421 1053 2529 1123 γὰρ
2548 1055 2640 1107 καὶ
2659 1055 2721 1107 οὐ
2744 1053 3049 1118 δεδόξασται
3065 1056 3093 1106 ό
3119 1052 3291 1124 γάμος
3314 1051 3392 1115 ὡς
3416 1054 3454 1122 ἡ
3482 1051 3787 1120 παρθενίλ,

2184 1146 2321 1214 ὑπὲρ
2377 1145 2538 1198 αὑτὸν
2589 1146 2646 1198 δὲ
2695 1146 2926 1215 ὑπάρχει
2971 1148 3004 1216 ἡ
3056 1144 3339 1214 παρθενία,
3386 1145 3687 1214 παρθενία
3736 1145 3789 1195 δὲ

2183 1235 2517 1307 ἀληθεύουσα
2545 1236 2749 1301 ἔνδοξος
2784 1238 2879 1289 καὶ
2907 1238 3159 1308 ἐνάρετος
3187 1237 3479 1305 κέκληται,
3506 1237 3575 1288 οῦ
3617 1252 3791 1305 μεμοο

2182 1327 2444 1400 λυομένη,
2473 1330 2567 1382 καὶ
2595 1331 2623 1382 ὁ
2653 1329 2848 1399 σεμνὸς
2871 1330 2925 1382 δὲ
2955 1330 3130 1400 γάμος
3177 1329 3535 1381 παιδοποιίαν
3572 1328 3681 1381 οὐκ
3714 1332 3787 1390 εἰς

2184 1419 2444 1490 αἰσχύνην
2473 1420 2539 1473 τά
2576 1422 2639 1473 ὲκ
2669 1421 2803 1473 Θεοῦ
2850 1421 3028 1485 καλῶς
3060 1422 3353 1491 ἐκτισμένα
3391 1421 3783 1490 ἀπαγορεύεν

2181 1507 2297 1563 ἀλλ’
2336 1507 2458 1561 οὔτε
2491 1508 2662 1572 ἄλλως
2694 1512 3127 1581 μεταχειρίζεται
3172 1512 3272 1581 τῆς
3316 1512 3413 1565 τοῦ
3450 1513 3650 1581 γάμου
3684 1530 3784 1564 κοιο

2183 1600 2375 1664 νωνίας
2402 1601 2499 1672 τὴν
2535 1603 2598 1654 ἐκ
2654 1602 2788 1655 Θεοῦ
2837 1604 3175 1674 τεταγμένην
3207 1604 3462 1673 ἀγωγήν.
3498 1604 3783 1675 Παρθενία

2182 1696 2291 1766 γάρ
2328 1697 2474 1749 ἐστιν
2500 1696 2734 1766 ἀληθῶς,
2763 1696 2838 1760 ὡς
2868 1697 3052 1767 ἐκείνη
3085 1698 3118 1768 ἡ
3144 1695 3250 1749 ὑπὸ
3270 1696 3363 1749 τοῦ
3400 1698 3570 1763 ἁγίου
3615 1697 3781 1747 Ἀπςμ

2185 1787 2370 1841 στόλου
2398 1789 2794 1860 ἐπαινουμένη,
2838 1789 2919 1842 ὅτι
2953 1790 3019 1843 ἸΙ
3059 1789 3352 1857 παρθένος
3394 1789 3499 1843 καὶ
3547 1792 3589 1856 ἠ
3636 1791 3779 1857 ἁγα-

510 1890 595 1935 tas
643 1895 828 1934 revera
878 1880 997 1947 ejus
1051 1879 1225 1931 instar
1262 1887 1345 1931 est
1374 1918 1387 1938 ,
1433 1892 1594 1947 quam
1652 1879 1941 1947 Apostolus
1997 1878 2081 1932 his

2190 1898 2293 1947 μσς
2316 1878 2568 1948 μεριμνᾷ
2606 1882 2676 1932 τὰ
2704 1880 2810 1933 τοῦ
2844 1882 3081 1948 Κυρίου,
3134 1879 3257 1946 πῶς
3296 1881 3509 1949 ἀρέσει
3546 1880 3634 1946 τῷ
3664 1886 3777 1935 Κυ-

509 1971 690 2026 verbis
732 1972 1025 2040 praedicat:
1071 1969 1228 2039 Virgo
1268 1978 1317 2021 et
1371 1970 1590 2035 innupta
1641 1968 1873 2022 sollicita
1909 1979 1985 2022 est
2018 1970 2082 2023 de

510 2066 575 2118 iis
610 2081 725 2134 quw
763 2074 883 2117 sunt
924 2063 1157 2127 Domini,
1186 2063 1444 2131 quomodo
1473 2063 1678 2130 ptaceat
1726 2063 1947 2117 Domino
1970 2106 1983 2126 ,
2025 2075 2079 2118 nt

510 2156 576 2208 sit
602 2166 788 2208 sancta
813 2170 1026 2216 corpore
1053 2164 1100 2207 et
1123 2156 1300 2206 anima
1322 2156 1362 2207 ².
1399 2153 1466 2209 Ut
1494 2156 1822 2220 ostenderet,
1854 2159 2079 2221 nullam,

513 2264 579 2301 ne
610 2247 888 2301 minimam
921 2247 1138 2317 quidem
1169 2288 1184 2312 ,
1223 2248 1587 2319 suspicionem
1626 2250 1930 2303 solitarium
1960 2250 2082 2304 vita}

511 2358 684 2410 genus
739 2341 1045 2395 admittere.
1093 2340 1294 2395 Verum
1357 2349 1411 2395 et
1456 2340 1823 2395 Abrahamum
1876 2343 2082 2398 scimus

512 2433 699 2487 liberis
752 2446 971 2501 Operam
1032 2432 1290 2493 dedisse,
1343 2441 1396 2486 et
1448 2433 1681 2485 amicum
1730 2433 1943 2487 interim
1987 2432 2081 2487 Dei

513 2523 717 2586 fuisse,
763 2521 994 2592 .perinde
1032 2530 1195 2592 atque
1249 2522 1493 2577 lsaacum
1522 2562 1536 2585 ,
1576 2530 1630 2577 et
1687 2522 1984 2589 Jacobum,
2020 2539 2083 2579 ac

511 2615 769 2684 deinceps
808 2622 1051 2667 caeteros.
1094 2612 1195 2679 Qui
1234 2628 1408 2683 neque
1440 2615 1763 2685 semetipsos
1790 2630 2082 2669 exsecran-

511 2705 598 2761 dis
631 2703 878 2775 ﬂagitiis,
911 2719 972 2759 ac
1000 2704 1316 2759 foedissimis
1346 2706 1673 2774 usurpandis
1703 2706 1866 2759 rebus
1901 2706 2083 2775 inqui~

512 2810 751 2860 narunt,
794 2812 977 2867 neque
1020 2804 1168 2851 recte
1202 2812 1233 2850 a
1268 2796 1378 2851 Deo
1426 2792 1739 2853 conStituue
1791 2798 2083 2851 liberorum

513 2905 609 2959 per
637 2888 856 2958 nuptias
888 2886 1253 2958 procreationi
1288 2885 1543 2957 refragati
1577 2896 1723 2941 sunt.
1751 2884 1936 2956 Neque
1969 2902 2087 2957 por-

510 2999 574 3038 ro
611 2982 705 3052 qui
763 2982 904 3034 inter
967 2980 1113 3049 ipsos
1165 2979 1539 3034 castimoniam
1598 2994 1661 3033 ac
1722 2978 2087 3051 virginitatem

513 3075 883 3137 instituerant,
914 3071 1229 3126 certaminis
1276 3071 1420 3141 leges
1458 3070 1754 3134 violarunt,
1784 3078 1907 3132 aut,
1942 3070 2088 3123 velut

512 3167 837 3237 quibusdam
863 3163 1176 3236 praestigiis,
1224 3163 1363 3217 hanc
1390 3164 1605 3217 virtutis
1638 3163 2086 3217 exercitationem

2173 1970 2304 2035 ρίῳ,
2359 1969 2459 2020 ἵνα
2499 1963 2539 2038 ᾖ
2587 1969 2725 2037 ἁγία
2767 1965 2846 2032 τῷ
2888 1968 3109 2037 σώματι
3152 1971 3246 2024 καί
3296 1970 3369 2040 τῇ
3415 1972 3623 2040 ψυχῇ.
3667 1974 3777 2024 Ἵνα

2180 2059 2349 2131 δείξῃ.
2376 2059 2459 2113 ὅτι
2498 2058 2754 2129 οὐδεμίαν
2792 2060 2968 2113 αἰτίαν
2994 2061 3456 2132 ἀμπλακημάτων
3496 2065 3612 2117 κᾶν
3644 2065 3773 2117 ὐπο-

2182 2150 2436 2221 νοηθῆναι
2463 2152 2495 2221 ἡ
2521 2150 2750 2220 μονότης
2778 2149 3067 2220 ἐνδέχεται.
3104 2153 3261 2205 Ἀλλά
3285 2156 3379 2206 καὶ
3407 2155 3503 2207 τὸν
3520 2155 3775 2225 Ἀϐρααμ

2188 2241 2410 2312 οἴδαμεν
2456 2240 2902 2306 παιδοποιοῦντα,
2955 2244 3104 2312 φίλον
3155 2244 3210 2297 δὲ
3256 2244 3387 2297 δντα
3431 2245 3512 2315 τῷ
3557 2246 3772 2317 Κυρίῳ,

2196 2333 2377 2387 Ἰσαάκ
2406 2333 2463 2387 δὲ
2496 2335 2589 2386 καὶ
2624 2334 2817 2388 Ἰακὼὸ
2838 2378 2852 2398 ,
2888 2338 2982 2389 καὶ
3027 2339 3152 2400 τοὺς
3195 2336 3431 2409 καθεξῆς
3459 2356 3473 2367 ·
3514 2342 3616 2392 καὶ
3650 2342 3770 2392 οὒτε

2184 2426 2408 2488 ἑαυτοὺς
2442 2426 2706 2496 ἐμόλυναν
2742 2426 3022 2498 ἀθεμίτοις
3066 2428 3315 2500 πράξεσι,
3350 2434 3769 2502 παραπτόμενα

2187 2516 2465 2588 μυσαρῶν,
2511 2516 2633 2569 οὔτε
2674 2517 2962 2582 ἀντιθέτως
3002 2518 3157 2589 ἔσχον
3203 2522 3340 2592 πρὸς
3381 2522 3482 2593 τὴν
3519 2525 3590 2575 ἐκ
3638 2525 3767 2576 Θεοῦ

2186 2608 2362 2671 καλῶς
2394 2608 2731 2679 τεταγμένην
2778 2609 2867 2663 διά
2913 2612 3107 2681 σεμνοῦ
3163 2613 3339 2683 γάμου
3380 2616 3764 2669 παιδοποιίαν’

2186 2700 2280 2752 καὶ
2321 2698 2442 2751 οὒτε
2499 2701 2549 2751 οἱ
2607 2700 2665 2752 ὲν
2716 2702 2898 2764 αὐτοῖς
2954 2702 3173 2770 ἁγνείαν
3215 2721 3275 2756 τε
3323 2708 3415 2758 καὶ
3466 2708 3763 2779 παρθενίαν

2185 2792 2523 2861 ἀσκήσαντες
2576 2792 2944 2862 παρέφθειραν
3000 2796 3091 2848 τὸν
3151 2798 3360 2866 ἀγῶνα,
3414 2799 3512 2851 καὶ
3565 2800 3763 2872 ἐτέρας

2190 2885 2633 2952 μετεποιὴσαντο,
2675 2885 2750 2947 ὡς
2794 2886 2883 2938 διὰ
2921 2886 3177 2955 κυϐείας,
3228 2891 3315 2943 τὸν
3365 2893 3625 2962 ἐνάρετον
3670 2893 3759 2961 τῆς

2188 2973 2466 3045 ἀθλήσεως
2507 2978 2727 3046 τρόπον.
2778 2979 2885 3031 Καὶ
2928 2979 3111 3044 Ἠλίας
3149 2983 3247 3052 μὲν
3282 2984 3564 3047 παντελῶς
3586 2986 3644 3037 ἐν
3673 2985 3757 3037 πόο

2187 3068 2303 3122 λεσι
2326 3070 2508 3140 τάχιον
2542 3072 2643 3125 οὐκ
2680 3074 2871 3145 είσῄει,
2904 3076 3023 3128 οὐδὲ
3057 3078 3193 3146 μετά
3236 3080 3515 3145 γυναικῶν
3547 3083 3750 3150 συνόμιο

2189 3160 2278 3224 λος
2305 3161 2511 3229 ἐγίνετο
2534 3179 2548 3192 ’
2594 3165 2650 3214 ἐν
2692 3163 2748 3216 δὲ
2784 3166 3041 3236 ἐρημίαις
3083 3167 3341 3222 διατελῶν
3386 3172 3600 3241 ὑπῆρχε
3627 3188 3638 3199 ·
3670 3172 3750 3222 καὶ

513 3261 623 3314 alio
676 3259 838 3313 modo
885 3263 1315 3313 commutarunt.
1354 3256 1529 3327 Atque
1562 3254 1707 3309 Elias
1755 3270 1887 3311 sane
1921 3255 2081 3311 urbes

2201 3247 2518 3315 Ἐλισσαῖος,
2564 3254 2653 3306 καὶ
2700 3255 2970 3326 Ἰωάννης,
3001 3258 3095 3310 καὶ
3132 3259 3329 3324 πάντες
3356 3262 3403 3313 οἱ
3426 3261 3449 3291 ⁸
3476 3261 3567 3315 τὸν
3592 3263 3749 3331 μέγαν

512 3352 663 3423 ipsas
694 3349 1083 3421 propemodum
1135 3365 1203 3404 ne
1257 3348 1668 3420 ingrediebatur
1693 3346 1910 3418 quidem
1932 3387 1948 3411 ,
1985 3361 2085 3401 nec

512 3444 656 3499 inter
693 3443 950 3497 mulieres
1000 3441 1353 3505 versabatur;
1415 3440 1510 3496 sed
1561 3440 1614 3494 in
1666 3439 1899 3494 desertis
1950 3438 2085 3492 locis

514 3535 735 3591 assidue
776 3532 1015 3597 vivebat,
1047 3528 1502 3600 quemadmodum
1537 3528 1785 3594 Elisteus,
1812 3537 1865 3582 et
1922 3524 2085 3581 Joan-

2188 3344 2395 3397 τουτονὶ
2418 3346 2737 3417 χαρακτῆρα
2757 3348 2857 3418 τῆς
2879 3348 2985 3400 τῶν
3002 3350 3245 3418 ἀγγέλων
3269 3355 3558 3425 μιμήσεως
3586 3354 3749 3418 καλῶς

2190 3435 2331 3488 κατά
2356 3435 2455 3507 τὴν
2490 3436 2848 3509 εύαγγελικην
2876 3440 3115 3506 διάταξιν
3142 3442 3233 3495 τοῦ
3267 3445 3470 3516 Κυρίου
3511 3447 3747 3511 ἐαυτωξες

2190 3526 2286 3581 διὰ
2316 3527 2645 3592 ,ϐασιλείαν
2669 3532 2941 3599 οὐρανῶν
2967 3536 3350 3604 εὐνούχισαν.

513 3644 634 3691 nes,
666 3642 730 3680 ac
761 3624 939 3679 caeteri
967 3638 1191 3689 omnes;
1220 3624 1335 3692 qui,
1381 3629 1438 3676 ut
1472 3622 1729 3692 prazclare
1754 3637 1821 3676 ex
1850 3620 2164 3691 erangelico
2205 3618 2369 3692 524
2394 3618 2606 3676 Domini
2665 3626 2921 3680 mandato
2978 3626 3242 3697 insignem
3284 3629 3431 3682 illam
3502 3631 3743 3686 imitatio.

512 3724 600 3776 nis
656 3717 909 3788 angelica:
946 3724 1130 3769 notam
1161 3723 1322 3784 atque
1376 3713 1605 3767 formam
1629 3714 2015 3783 exprimerent,
2055 3726 2356 3780 semetipsos
2384 3726 2597 3784 propter
2624 3732 2837 3786 regnum
2883 3718 3085 3774 caeleste
3124 3730 3487 3776 castravenmt
3515 3724 3554 3776 ³.

584 3812 865 3877 Postremo
908 3808 1033 3861 licet
1072 3805 1240 3860 multa
1281 3803 1349 3860 de
1393 3804 1479 3860 his
1508 3804 1560 3859 in
1598 3805 1836 3859 modium
1889 3804 2083 3861 ali‘erre

514 3904 813 3976 possimus,
836 3911 896 3956 .et
930 3899 1157 3954 intinitis
1208 3896 1505 3968 Scriptura:
1542 3898 1870 3954 testimoniis
1903 3906 1958 3953 et
1989 3912 2083 3953 au-

514 3995 858 4053 ctoritatibus
925 3992 1139 4047 illusam
1203 4005 1233 4045 a
1296 3989 1513 4045 diabolo
1568 4000 1803 4046 mentem
1870 3990 2084 4045 illorum

514 4092 875 4160 redarguere,
920 4086 1119 4157 paucis
1166 4084 1274 4139 illis
1328 4083 1535 4139 erimus
1564 4084 1837 4148 contenti,
1878 4099 2000 4139 cum
2030 4092 2087 4139 et

513 4181 715 4252 alioqui
761 4178 1049 4234 manifesto
1096 4182 1310 4232 constet
1340 4175 1489 4229 nulla
1518 4174 1588 4229 ab
1639 4174 1927 4245 prudentia
1967 4174 2085 4228 illo-

511 4289 634 4330 rum
661 4271 932 4344 prolicisci
964 4268 1195 4333 facinus,
1241 4281 1344 4323 nec
1382 4266 1651 4336 ejusmodi
1683 4283 1711 4321 a
1740 4267 1850 4322 Deo
1878 4267 2083 4321 deriva-

512 4376 623 4420 tam
662 4379 785 4420 esse
830 4362 1112 4417 scientiam
1142 4400 1157 4425 ,
1186 4357 1282 4415 sed
1310 4373 1375 4413 ex
1419 4359 1722 4414 daemonum
1761 4359 1946 4414 afﬂatu
1995 4360 2081 4415 lu-

512 4453 747 4510 dibrium
810 4450 953 4507 istud
1009 4464 1170 4504 omne
1224 4462 1289 4503 ac
1320 4446 1541 4503 nel‘audi
1593 4450 1818 4505 sceleris
1871 4449 2079 4505 crimen

2261 3806 2369 3859 Καὶ
2397 3806 2565 3860 πολλά
2588 3806 2687 3878 μὲν
2714 3804 2806 3863 οὖν
2828 3809 3038 3880 ἔχοντες
3060 3813 3186 3883 περὶ
3207 3813 3409 3867 τούτων
3441 3814 3636 3884 λέγειν,
3663 3824 3739 3873 καὶ

2188 3899 2254 3951 ἐκ
2279 3897 2486 3951 πολλῶν
2516 3900 2826 3955 συστάσεων
2868 3903 2968 3974 τῆς
2999 3905 3147 3969 θείας
3191 3906 3433 3977 Γραφῆς,
3457 3908 3557 3981 τὴν
3580 3913 3739 3965 αὐτῶν

2188 3990 2566 4061 διελέγχουσαν
2588 3994 2610 4025 ⁵
2635 3993 2871 4049 διάνοιαν
2896 3996 3001 4050 ὑπὸ
3038 3997 3283 4052 διαϐόλου
3323 4001 3737 4074 ὲμπαιζομένην,

2188 4084 2503 4156 ἀρκούμεθα
2528 4089 2639 4151 τοῖς
2660 4087 2857 4157 ὀλίγοις
2882 4090 3108 4153 τούτοις·
3161 4092 3346 4162 ἐπειδὴ
3388 4094 3563 4165 πάντη
3589 4098 3738 4165 σαφές

2188 4177 2355 4240 ἐστιν,
2401 4179 2483 4231 ὅτι
2515 4181 2576 4232 οὐ
2619 4180 2883 4245 συνέσεως
2928 4185 3057 4255 παρ’
3086 4184 3265 4247 αὐτοῖς
3291 4187 3324 4257 ὴ
3356 4185 3606 4257 ἐργασία,
3635 4190 3735 4243 οὐδὲ

2187 4268 2251 4322 ἐκ
2282 4269 2415 4323 Θεοῦ
2446 4273 2480 4343 ή
2506 4272 2727 4346 τοιαύτη
2742 4274 2950 4343 ,γνῶσις
2971 4293 2985 4308 ·
3024 4276 3157 4330 ἀλλά
3184 4277 3450 4345 δαιμόνων
3479 4284 3734 4353 ἐνεργείας

2185 4362 2217 4431 ἡ
2251 4360 2413 4433 χλεύη
2461 4363 2553 4416 καὶ
2601 4364 2807 4430 πτῶσις
2844 4366 3023 4420 αὐτῶν
3062 4368 3162 4439 τῆς
3192 4368 3454 4440 ἀθεμίτου
3496 4372 3736 4442 ἐργασίας

2185 4454 2410 4523 γίνεται.
2460 4458 2568 4512 Καὶ
2613 4458 2815 4531 ταύτην
2864 4460 2919 4513 δὲ
2970 4462 3372 4533 παρωσάμενοι,
3425 4462 3611 4535 ὥσπερ
3647 4466 3733 4536 τὴν

510 4563 634 4604 esse
674 4544 986 4601 conﬂatum.
1032 4543 1295 4610 Quocirca
1329 4556 1453 4597 cum
1488 4558 1589 4599 nos
1620 4544 1867 4600 haeresim
1894 4543 2076 4608 istam,

2190 4548 2360 4619 δεινὴν
2400 4551 2750 4621 σκυτάλην,
2794 4553 2891 4625 τὴν
2926 4555 3132 4625 ἔχιδναν
3178 4556 3536 4629 καλουμένην,
3584 4555 3730 4613 οὖσαν

510 4642 711 4710 vipera:
739 4639 914 4694 instar
941 4636 1059 4705 ejus
1082 4676 1098 4699 ,
1141 4651 1303 4705 quam
1352 4634 1589 4706 scytalen
1622 4647 1845 4699 vocant,
1877 4635 2083 4706 repule-

510 4729 720 4793 rimus;
750 4725 893 4797 quod
926 4724 1142 4794 quidem
1191 4726 1460 4794 serpentis
1503 4740 1675 4796 genus
1708 4741 1833 4779 cum
1881 4727 2081 4796 pusillo

510 4834 741 4890 corpore
768 4819 858 4883 sit,
893 4820 1180 4872 molestum
1214 4829 1280 4869 ac
1308 4816 1601 4873 vehemens
1627 4818 1841 4875 asthma
1870 4833 2080 4874 veneno

510 4928 612 4968 suo
645 4912 851 4983 injicit,
888 4921 942 4966 et
992 4910 1554 4981 appropinquantibus
1586 4911 1759 4966 labem
1796 4927 1862 4967 ac
1908 4915 2080 4984 perni-

507 5006 648 5060 ciem
709 5005 979 5076 inspirat:
1020 5019 1145 5058 cum
1191 5004 1333 5058 hanc
1383 5004 1545 5075 igitur
1601 5004 1866 5060 hactenus
1915 5006 2082 5061 obtri-

2185 4644 2285 4713 μὲν
2315 4643 2395 4716 τῷ
2427 4643 2638 4717 σώματι
2664 4647 2944 4719 βραχεῖαν,
2966 4651 3033 4720 τῇ
3058 4648 3115 4702 δὲ
3146 4650 3349 4723 ίοϐολίᾳ
3378 4651 3547 4706 δεινὸν
3564 4649 3724 4725 ἆσθμα

2181 4736 2545 4807 ἐμπνέουσαν,
2583 4739 2678 4793 καὶ
2712 4741 2793 4803 είς
2833 4742 2958 4806 τοὺς
3001 4742 3392 4813 πλησιάζοντας
3440 4747 3533 4816 τὴν
3571 4747 3726 4819 λύμην

2179 4826 2548 4899 ὲμφυσῶσανο
2608 4830 2811 4903 ταύτην
2873 4834 3285 4906 συντρίψαντες.
3342 4836 3433 4889 ἐπὶ
3480 4839 3571 4901 τὰς
3614 4840 3727 4910 ἑξῆς

2181 4919 2371 4990 ἴωμεν,
2425 4920 2557 4974 Θεὸν
2605 4922 2820 4995 ἀρωγὸν
2864 4927 3346 4998 ἐπικαλεσάμενοι,
3396 4932 3477 4991 εἰς
3514 4933 3605 5003 τὴν
3638 4932 3722 5004 τῆς

2178 5010 2360 5082 πάσης
2382 5015 2764 5084 πραγματείας
2792 5017 2947 5088 ὴμῶν
2967 5018 3148 5073 ἔνθεον
3174 5022 3520 5090 ἐπαγγελίαν.

507 5099 789 5164 verimus,
828 5098 894 5152 ad
946 5099 1183 5169 reliquas
1237 5104 1616 5162 transeamus,
1671 5100 1719 5154 si
1767 5100 1921 5170 prius
1973 5098 2067 5155 Dei
2108 5115 2264 5175 opem
2312 5105 2827 5178 imploraverimus,
2869 5119 2928 5165 ut
2998 5112 3242 5168 divinum
3308 5117 3471 5184 plane
3510 5120 3720 5188 suscepti

508 5190 692 5264 operis
716 5190 1024 5247 institutum
1054 5190 1238 5246 favore
1265 5206 1365 5246 suo
1392 5201 1775 5263 prosequatur.

620 5302 1016 5362 ‘ADVERSUS
1053 5304 1407 5363 ORIGENEM
1448 5305 1925 5371 ADAMANTIUM,

895 5398 1128 5454 Hieresis
1163 5398 1347 5454 XLIV
1380 5402 1483 5467 sive
1511 5399 1721 5455 LXIV.

580 5512 622 5571 Ι.
651 5512 913 5585 Origenes
937 5551 955 5578 ,
988 5519 1349 5584 cognomento
1384 5512 1762 5580 Adamantius,
1803 5515 2071 5586 sequitur.

2250 5309 2439 5365 ΚΑΤΑ
2474 5279 2856 5369 nPIrENorz
2893 5313 3006 5387 (εδ)
3036 5313 3173 5370 ΤΟΥ
3210 5318 3657 5382 ΑΑΑΜΑΜιοΥ,

2185 5404 2647 5475 Τεσσαρακοστὴ
2669 5406 2938 5477 τετάρτη,
2962 5410 3001 5478 ή
3024 5408 3123 5463 καὶ
3147 5407 3451 5478 ἑξηκοστή
3481 5409 3712 5479 τετάρτη.

2247 5514 2324 5571 A'.
2373 5516 2617 5590 Ὠριγένη
2630 5536 2670 5582 ς,
2698 5521 2727 5573 ό
2750 5521 2844 5575 καὶ
2882 5521 3230 5594 Ἀδαμάντιος
3265 5522 3584 5596 ἐπικληθεὶς,
3611 5524 3707 5578 καθ

587 5652 604 5683 ί
635 5648 797 5708 Hebr.
826 5665 943 5715 xm,
971 5648 1059 5703 H.
1136 5646 1199 5701 'l
1234 5646 1358 5703 Cor.
1401 5662 1499 5712 vn,
1532 5648 1624 5703 54.
1702 5649 1722 5679 ³
1762 5648 1952 5707 Matth.
1982 5664 2077 5705 ιιι

2190 5650 2220 5704 l.
2297 5648 2320 5681 ⁸
2340 5646 2500 5705 Deest
2528 5650 2753 5720 aliquid.
2831 5652 2853 5684 '
2882 5653 3009 5710 Cor.
3040 5653 3353 5726 διελέγχειν.

582 5759 693 5835 (2⁵)
764 5763 1112 5834 Ὡριγένους.
1162 5760 1478 5835 Proximum
1548 5759 1894 5835 Qriggnignis
1958 5763 2069 5835 τοῖς

513 5830 897 5909 «mmet:
928 5835 1103 5890 locum
1150 5833 1468 5905 Origenista:
1516 5831 1620 5888 sibi
1658 5830 1965 5896 ’vindicanl,
2001 5832 2069 5884 ab

2175 5758 2407 5824 Origene
2450 5760 2564 5835 il_|o_
2596 5761 2727 5835 dicti
2781 5762 2939 5835 cujus
2991 5779 3206 5819 errores
3244 5764 3603 5835 copiosissime
3648 5768 3705 5816 in-

2178 5838 2418 5884 sectatur
2474 5830 2859 5901 Epiphaniusﬁ
2901 5833 3103 5890 Horum
3160 5830 3331 5891 enim'
3362 5850 3476 5906 prae
3529 5837 3701 5891 caeteris
