3728 6192
20 253 99 272 νη,

20 273 101 306 In)

658 247 978 305 ADVERSU
991 249 1029 303 S
1065 247 1404 302 “.‘ERESES
1449 248 1572 303 LIB.

1613 247 1675 302 ιι.
1711 248 1875 303 ron.
1921 249 2035 304 I.-—
2077 250 2346 308 umens.
2391 250 2572 304 Lar.
3070 229 3204 306 mi

19 369 148 427 θὼν,
173 367 244 430 ὡς
282 368 426 436 λέγει
477 369 505 419 ὁ
535 367 769 437 ψαλμὺς,
801 365 884 432 Τῷ
916 367 983 421 δὲ
1006 367 1332 436 ἁμαρτωλῷ
1361 363 1514 420 εἷπει

1644 375 1926 437 postquam
1982 367 2127 423 hunc
2191 384 2360 422 unum
2427 384 2456 422 e
2507 368 2715 438 psalmo
2781 365 3201 437 quadragesimo

28 464 160 525 Θεός
181 477 193 490 ⁸
233 461 361 514 "Ira
395 461 453 514 τι
487 460 568 514 σὺ
600 460 851 530 ὲκδιηγῇ
890 461 960 514 τὰ
992 459 1353 530 δικαιώματά
1389 478 1529 530 μου,

20 554 61 606 1i
90 551 528 621 ἁναλαμϐἀνεις
553 551 666 618 τὴν
705 551 1001 621 διαθήκην
1028 571 1147 622 μου
1183 553 1281 606 διὰ
1313 554 1534 621 στόμα-

19 649 61 712 ig
88 661 238 706 a'ov;
269 645 473 712 πτύξας
488 646 547 698 τὺ
580 644 780 715 βιϐλίον
812 646 1107 709 ἐπέδωκεν,
1137 645 1358 699 ἐκάθισε
1395 645 1533 717 μετὰ

20 736 229 806 καυθμοῦ
291 739 386 790 καὶ
438 737 688 811 δακρύων
710 779 725 804 ,
777 738 996 793 πάντων
1041 738 1178 808 ὁμοῦ
1234 739 1331 792 σὺν
1382 739 1533 810 αὐτῷ

19 831 272 883 ιαιόντων.

31 923 67 973 Γ
69 928 100 968 '.
142 922 251 974 Καὶ
292 921 430 992 μετὰ
474 922 662 994 χρόνον
711 923 1040 977 ἁπεντεῦθεν
1072 925 1530 996 προτρεπομένων

19 1015 115 1066 nov
157 1014 402 1078 πολλῶν,
443 1017 537 1070 xui.
587 1015 1000 1085 ἀναγκαζόντων
1029 1059 1043 1084 ,
1075 1017 1384 1089 Ἀμὸροσίῳ
1425 1017 1532 1072 τιν)⁸

19 1106 226 1175 ιντυχὼν
254 1106 362 1159 τῶν
395 1107 670 1176 διαφανῶν
696 1112 754 1165 ὲν
780 1109 970 1173 αὐλαῖς
1021 1109 1324 1181 βασιλικαῖς
1354 1110 1530 1180 (τινὲς

55 1204 238 1254 τοῦτον
285 1201 376 1256 τὸν
429 1201 752 1274 ’Λμϐρὸσιον
792 1201 1001 1272 ἔφασαν
1043 1204 1093 1256 οἱ
1137 1202 1236 1273 μὲν
1266 1203 1528 1273 Μαρκιω-

19 1296 156 1364 στὴν,
213 1295 262 1346 οἱ
309 1293 366 1346 δὲ
429 1293 846 1365 Σαϐελλιανόν)’
909 1295 1187 1366 κατήχησε
1246 1292 1375 1362 γοῦν
1437 1292 1528 1345 τὸν

19 1387 110 1438 nov
158 1386 266 1439 ἀπὸ
306 1385 405 1456 τῆς
439 1386 702 1456 αἱρέσεως
749 1385 1012 1449 ἐκκλῖναι,
1051 1386 1146 1439 καὶ
1193 1384 1527 1455 ἀναθεματί-

20 1497 73 1543 ῖι,
137 1479 233 1532 καὶ
293 1478 394 1550 τὴν
486 1479 668 1532 πίστιν
756 1476 1117 1542 ἀναλέξασθαι
1196 1478 1297 1549 τῆς
1367 1478 1526 1546 ἁγίας

19 1571 83 1624 20-3
136 1571 484 1643 Ἐκκλησίας.
526 1571 584 1622 '0
629 1571 685 1624 δὲ
731 1569 1128 1641 προειρημένος
1169 1569 1523 1640 Ἀμϐρόσιος,

19 1664 130 1734 εειδὴ
187 1665 293 1717 ἀπὸ
355 1663 554 1735 πολλῆς
616 1663 876 1734 αἱρέσεως
934 1661 1185 1733 ὑπῆρχε,
1245 1663 1337 1715 καὶ
1385 1663 1525 1734 ἀνὴρ

19 1774 121 1826 γιος
165 1758 256 1810 καὶ
320 1756 604 1819 σπουδαῖος
661 1755 789 1825 περὶ
840 1755 939 1818 τὰς
989 1752 1139 1817 θείας
1191 1752 1524 1824 ἀναγνώσεις

19 1868 56 1901 ιν
86 1848 242 1900 θείων
291 1847 554 1919 Γραφῶν,
585 1845 674 1900 διὰ
714 1846 810 1917 τὴν
847 1846 905 1898 ὲν
947 1848 1068 1910 ταῖς
1111 1845 1280 1908 θείαις
1321 1845 1524 1916 βίϐλοις

19 1938 222 2008 ,θύτητα
249 1937 359 1990 τῶν
387 1938 694 2008 νοημάτων,
717 1937 917 2006 ἠξίωσε
944 1937 1034 1990 τὸν
1056 1936 1217 1990 αὑτὸν
1240 1936 1523 2008 Ὠριγένην

19 2033 148 2086 ιὰσαι
194 2030 363 2100 αὐτῷ.
420 2031 478 2083 ὐ
529 2030 586 2083 δὲ
638 2031 959 2101 βουλόμενος
1008 2032 1089 2094 εἰς
1133 2029 1341 2083 ἐκείνου
1403 2030 1559 2101 (28)’

19 2123 186 2191 ,θῆκον
218 2123 314 2175 καὶ
355 2121 671 2193 προτροπὴν
702 2122 883 2193 πάσης
926 2121 1174 2193 Γραφῆς,
1205 2121 1280 2186 ὡς
1324 2124 1518 2187 εἰπεῖν,

24 2216 215 2286 μηνεὺς
237 2213 488 2282 γενέσθαι
525 2215 617 2267 καὶ
659 2213 1051 2285 ἐξηγήσασθαι,
1089 2214 1379 2286 ἐπετήδευε
1425 2215 1521 2268 καὶ⁵

39 2311 99 2376 τῇ
130 2306 291 2379 Τύρῳ
321 2306 421 2377 τῆς
449 2306 719 2377 Φοινίκης,
745 2306 820 2371 ὡς
858 2307 1013 2376 λόγος
1038 2307 1173 2378 ἔχει,
1203 2307 1522 2362 εἰκοσιοκτὼ

19 2399 306 2470 ηπολιτείᾳ
343 2399 440 2469 μὲν
481 2397 918 2470 ὑπερϐαλλούσῃ,
953 2399 1046 2452 καὶ
1076 2401 1260 2470 σχολῇ,
1293 2399 1386 2452 καὶ
1417 2417 1519 2453 κα-

19 2511 122 2562 ιτῳ,
151 2491 246 2545 τοῦ
281 2492 380 2562 μὲν
415 2491 742 2564 Ἀμϐροσίου
771 2491 839 2544 τὰ
867 2491 1002 2564 πρὸς
1027 2492 1230 2564 τροφὴν
1258 2490 1406 2562 αὐτῷ
1436 2509 1518 2560 τε,

22 2586 40 2637 ὶ
86 2587 197 2647 τοῖς
252 2585 613 2655 ὀξυγράφοις,
668 2587 762 2640 καὶ
816 2587 928 2648 τοῖς
965 2585 1331 2658 ὑπηρετοῦσιν
1371 2585 1520 2655 αὐτῷ

20 2673 330 2744 αρχοῦντος,
374 2674 580 2746 χάρτην
605 2691 663 2728 τε
700 2676 795 2728 καὶ
827 2675 896 2729 τὰ
937 2674 1072 2729 ἄλλα
1093 2675 1202 2728 τῶν
1235 2676 1521 2747 ἀναλωμά-

19 2781 68 2827 ιν,
95 2763 188 2816 καὶ
213 2762 312 2815 τοῦ
352 2764 656 2835 Ὠριγένους
681 2763 738 2818 ἔν
769 2783 828 2819 τε
866 2767 1197 2836 ἀγρυπνίαις
1225 2769 1320 2820 καὶ
1353 2768 1516 2840 σχολῇ

20 2855 175 2929 γίγνῃυ
203 2855 295 2908 τὸν
323 2856 567 2926 κάματον
595 2856 685 2910 τὸν
714 2857 843 2929 περὶ
878 2858 980 2927 τῆς
1013 2858 1236 2930 Γραφῆς
1272 2859 1519 2913 διανύον-

19 2964 50 3009 ;.
69 2947 230 3001 Ὅθεν
252 2949 316 3000 τὸ
342 2949 556 3020 πρῶτον
585 2949 748 3003 αὑτοῦ
778 2950 1053 3022 ἐπιμελῶς
1068 2950 1178 3023 (29)
1205 2952 1520 3024 ἐφιλοτιμή-

19 3057 71 3092 ro
103 3043 430 3132 συναγαγεῖν
461 3041 569 3093 τῶν
591 3041 650 3106 ἓξ
683 3043 1013 3114 ἐρμηνειῶν,
1042 3044 1264 3108 Ἀκύλα,
1292 3046 1517 3117 Συμμάο
1544 3075 1586 3132 C

19 3148 56 3194 ι,
81 3131 188 3185 τῶν
219 3149 278 3184 τε
314 3132 829 3202 Ἐὗδομηκονταδύο,
851 3135 944 3188 καὶ
967 3133 1340 3202 Θεοδοτίωνος,
1371 3137 1518 3208 Ila-Ep.-

20 3241 79 3294 ης
121 3241 205 3287 τε,
263 3225 358 3277 καὶ
388 3224 592 3294 Ἔκτης
644 3224 929 3290 ἐκδόσεως,
969 3227 1106 3298 μετὰ
1161 3227 1516 3298 παραθέσεως

19 3315 173 3384 ita-cn;
233 3314 430 3382 λέξεως
469 3316 796 3386 Ἐὅραῐκῆς,
849 3319 943 3370 καὶ
994 3318 1173 3372 αὐτῶν
1225 3317 1359 3389 ὁμοῦ
1407 3317 1514 3372 τῶν

19 3409 214 3477 ιιχείων
238 3427 251 3438 ·
282 3410 345 3460 ἐκ
371 3408 714 3480 παραλλήλου
737 3410 793 3462 δὲ
815 3410 1074 3482 ἄντικρυς
1092 3411 1320 3483 δευτέρᾳ
1348 3411 1512 3465 σελίδι

19 3498 217 3570 ώμενος
275 3503 415 3554 κατὰ
443 3499 689 3554 σύνθεσιν
741 3501 1035 3574 Ἐὄραῖκὴν
1077 3503 1174 3574 μὲν
1211 3507 1276 3574 τῇ
1328 3503 1506 3570 λέξει,

19 3592 240 3663 λληνικῴ
274 3591 331 3644 δὲ
364 3592 442 3664 τῷ
471 3594 794 3667 γράμματι,
825 3593 1018 3666 ἑτέραν
1046 3595 1206 3649 πάλιν
1241 3597 1508 3668 πεποίηκε

19 3682 200 3736 ιθεσιν.

19 3845 25 3871 ί
57 3841 203 3898 Psal.
229 3857 379 3908 mx,
407 3840 492 3895 16.

20 3995 117 4067 [28)
160 3999 214 4050 Ὁ
250 3997 319 4050 δὲ
342 3997 840 4067 ,ϐουλόμενος-γει(-
869 3993 1124 4067 ἐκείνου.
1155 3991 1396 4067 Xrilgata
1427 4001 1512 4067 est

25 4062 157 4121 toria
204 4069 297 4122 illa
341 4069 407 4122 de
452 4062 669 4120 secessu
713 4065 896 4136 ’l‘yrio,
947 4062 1122 4132 deque
1148 4064 1218 4136 28
1246 4063 1404 4136 annis
1438 4064 1510 4116 ibi

23 4140 226 4192 nsactis
271 4140 340 4192 ab
378 4139 631 4207 Origene,
675 4133 799 4207 cuiu
830 4150 1020 4207 sacros
1054 4133 1290 4207 codices
1338 4134 1510 4207 inter-

20 4218 260 4262 rtaretur.
304 4203 574 4274 Quam'ex
607 4208 708 4261 hoc
741 4205 1024 4276 Epiplianii
1053 4205 1196 4276 loco,
1227 4214 1290 4276 et,
1313 4219 1379 4257 ex
1409 4203 1505 4256 Ιιὺ.

35 4279 190 4344 pond.
216 4297 281 4332 ac
302 4273 465 4332 mens.
499 4273 818 4346 chronologi
844 4273 1018 4346 atque
1049 4273 1296 4330 historici
1327 4281 1507 4346 trans-

20 4358 195 4403 erunt.
229 4348 337 4404 Sed
369 4350 480 4402 haec
514 4349 706 4401 vellem
742 4344 829 4400 isti
863 4344 1178 4400 accuratius
1212 4344 1503 4415 expendis-

19 4429 73 4496 ιι,
104 4435 168 4474 ac
200 4436 328 4496 cum
355 4419 524 4496 gestis
547 4416 820 4496 Qrigenis,
846 4425 899 4472 et
927 4415 1144 4496 Eusebii
1166 4416 1262 4469 lib.
1293 4429 1345 4496 vni
1369 4429 1502 4496 eon-
1534 4442 1576 4496 υ

21 4492 207 4544 issent.
243 4485 530 4544 Non'enim
563 4485 878 4542 dubitamus
931 4487 1062 4557 quin
1119 4500 1269 4539 mera
1302 4485 1498 4557 fabula

25 4602 37 4622 ,
77 4561 243 4630 idque
269 4561 434 4614 certis
463 4567 635 4630 atque
651 4555 990 4630 evidentibus
1013 4555 1345 4630 argumentis
1375 4569 1502 4630 pos-

36 4626 272 4685 ostendi.
310 4630 442 4687 Nam
481 4626 594 4682 lizec
628 4629 681 4682 in
714 4626 915 4698 Tyrum
952 4626 1216 4698 prol'eCtio
1249 4628 1500 4697 contigit,

26 4708 260 4754 testatur
301 4700 657 4770 Epiphanius,
692 4708 813 4768 post
839 4697 1088 4770 Origenis
1115 4698 1352 4770 lapsum,
1377 4712 1501 4751 cum

20 4788 40 4823 ιι
75 4767 368 4842 presbyter
405 4767 700 4842 ordinatus
729 4779 896 4823 esset.
926 4767 1084 4842 _’No_n
1115 4767 1256 4842 illud
1276 4767 1389 4842 jam
1419 4783 1507 4842 re:

25 4837 90 4904 οξ
153 4837 411 4912 Origenis
470 4841 835 4912 calamitatem
888 4839 1056 4893 videri
1095 4853 1168 4912 ex
1217 4837 1504 4912 Epiphanii

20 4921 105 4966 nte
152 4908 281 4966 sub'
312 4911 475 4966 Decio
513 4911 904 4972 collocandam,
954 4908 1140 4979 paucis
1186 4917 1312 4961 ante
1357 4909 1504 4979 illius

22 4992 132 5035 tum
165 4984 351 5037 annis.
405 4981 698 5052 Fingamus
719 4981 827 5052 ⁸ιιὶιι
861 4977 987 5034 ante
1015 4979 1331 5047 contigisse.
1386 4977 1504 5032 Duo

31 5052 265 5107 Eusebio
296 5062 442 5106 certa
471 5050 599 5106 sunt
625 5071 637 5106 :
705 5050 990 5120 Origencm
1014 5065 1080 5103 eo
1112 5056 1352 5120 tempore
1381 5065 1503 5120 pre-

20 5132 208 5177 terum
241 5126 502 5178 Caesareae
527 5138 648 5176 esse
696 5119 918 5184 factum,
969 5135 1078 5189 quo
1110 5119 1347 5175 Zehinus
1376 5119 1502 5173 Phi-

24 5203 281 5248 »mortno
315 5195 708 5247 Antiochenam
751 5193 933 5245 sedem
973 5192 1228 5254 obtinuit,
1275 5206 1397 5244 cum
1445 5192 1502 5245 in

20 5267 189 5316 eciam
230 5280 330 5334 per
357 5264 702 5317 Palaestinam
734 5264 837 5315 iter
872 5263 1088 5323 faceret,
1122 5261 1267 5334 quod
1303 5261 1395 5334 lib.
1425 5277 1498 5326 v1,

19 5351 44 5386 ι.
73 5334 156 5399 l7,
178 5330 390 5389 narrat.
423 5335 550 5388 Item
575 5330 1497 5403 postannumAlexandri(Iecimum

20 5420 229 5459 saream
298 5401 690 5474 profugientem
747 5402 942 5474 ibidem
993 5403 1198 5456 diutius
1230 5401 1495 5474 derasisse.

19 5477 76 5528 ιιι]
107 5470 407 5530 Eusebium
439 5470 492 5528 in
525 5473 782 5529 Chronico
805 5473 1052 5528 Zebenus
1083 5482 1202 5541 post
1229 5470 1498 5524 Philetum

19 5547 308 5601 tiochenus
355 5548 644 5614 cpiscopus
681 5545 854 5598 factus
882 5551 986 5603 est,
1039 5557 1184 5595 anno
1204 5541 1497 5596 Alexandri

41 5620 130 5684 qui
161 5629 250 5671 est
265 5618 468 5670 Christi
486 5615 555 5668 ‘22
565 5615 616 5677 8,
639 5631 762 5667 cum
779 5614 1042 5684 Origenes
1058 5627 1280 5684 annum
1301 5620 1499 5684 ageret

19 5683 70 5739 ιιξ
143 5690 342 5741 Annus
383 5701 513 5740 vero
555 5686 799 5741 decimus
833 5683 1143 5741 Alexandri,
1182 5683 1384 5736 Christi
1415 5690 1498 5736 est

30 5797 44 5820 ,
67 5757 326 5830 Origenis
347 5771 506 5821 uvt;
535 5773 563 5810 ιι
591 5773 699 5827 quo
734 5758 796 5811 ad
821 5755 940 5826 ejus
975 5755 1201 5819 obitum,
1233 5753 1324 5824 qui
1356 5769 1496 5808 anno

1635 473 1781 511 nono
1809 459 1988 512 locum
2021 459 2328 514 attulisset:
2355 455 2624 512 Peccatori
2655 468 2827 512 autem
2855 457 2992 511 dixit
3025 457 3165 514 Deus
3187 474 3206 512 :

1636 551 1814 617 Quare
1841 563 1896 604 tu
1922 569 2144 606 enarras
2169 551 2416 622 justitias
2457 567 2620 617 mens,
2672 559 2719 604 et
2779 551 3006 604 assumis
3047 561 3209 625 testa—

1635 655 1862 698 mentum
1893 661 2063 699 meum
2101 661 2192 714 per
2221 661 2278 698 os
2311 654 2458 696 tuum
2492 642 2553 695 ’ἲ
2584 641 2967 712 complicatum
3009 641 3207 696 librum

1633 737 1894 804 reddidit,
1936 736 2182 807 ﬂensque
2233 743 2288 791 et
2339 735 2650 806 lacrymans
2696 732 2919 798 resedit,
2956 731 3210 788 flentibus

1634 844 1756 883 cum
1789 844 1856 884 eo
1895 830 1987 899 qui
2024 829 2251 883 aderant
2282 826 2578 883 universis.

1706 922 1791 977 Ill.
1833 923 2080 979 Posthzec
2114 923 2299 977 multis
2330 921 2698 987 hortantibus,
2732 920 2840 975 imo
2865 918 3210 990 cogentibus,

1633 1016 2272 1084 etAmbrosiicujusdam
2299 1015 2400 1068 viri
2449 1013 2611 1084 526
2631 1014 2774 1068 inter
2798 1012 3070 1081 palatinos
3101 1009 3214 1080 pri-

1634 1109 1791 1162 marii
1853 1108 2227 1163 familiaritate
2287 1124 2421 1162 usus
2477 1112 2667 1176 (quem
2704 1105 2951 1161 nonnulli
2982 1103 3215 1158 Marcio-

1633 1205 1850 1266 nistam,
1902 1201 1990 1255 alii
2053 1200 2419 1255 Sabellianum
2458 1198 2627 1254 fuisse
2677 1195 3041 1263 memorant),
3080 1194 3209 1250 huic

1632 1292 1759 1364 ipsi,
1799 1303 1857 1346 ut
1896 1292 2146 1347 hairesim
2178 1291 2418 1360 eiuraret
2458 1306 2521 1344 ac
2556 1289 2863 1354 damnaret,
2916 1296 3078 1358 atque
3106 1285 3209 1340 Ec-

1631 1387 1814 1442 clesiae
1853 1385 2138 1440 catholica:
2162 1383 2323 1438 ﬁdem
2353 1383 2795 1453 amplecteretur,
2823 1387 3014 1434 auctor
3042 1380 3208 1434 exsti-

1628 1481 1718 1532 tit.
1753 1477 2078 1534 Ambrosius
2108 1491 2259 1542 vero,
2313 1491 2437 1530 cum
2483 1475 2537 1529 in
2584 1474 2832 1528 lueresim
2881 1484 3207 1540 magnopere

1629 1572 1942 1642 implicatus
1989 1569 2261 1625 hactenus
2296 1569 2506 1630 fuisset,
2553 1574 2604 1622 et
2633 1565 2880 1622 eruditus
2905 1563 3104 1634 alioqui
3142 1575 3205 1616 ac

1630 1665 1941 1720 divinarum
2000 1663 2305 1717 litterarum
2367 1661 2637 1732 imprimis
2703 1657 2983 1714 studiosus
3035 1663 3202 1721 esset,

1556 1724 1600 1784 Β
1634 1764 1854 1825 propter
1882 1753 2307 1816 sententiarum,
2333 1769 2453 1824 quae
2482 1753 2674 1808 iisdem
2699 1752 2872 1807 sacris
2918 1750 3208 1807 codicibus

1625 1847 2000 1910 continentur,
2033 1845 2490 1918 profunditatem,
2533 1845 2600 1900 ab
2629 1844 2858 1917 Origene
2882 1843 3201 1914 postulavit,

1628 1949 1778 1994 utea
1813 1939 1918 1994 sibi
1960 1938 2412 2009 interpretatione
2463 1951 2561 1993 sua
2600 1936 2951 2008 patefaceret.
2998 1933 3100 2000 Qui
3144 1944 3204 1990 ut

1625 2032 1866 2086 hortanti
1891 2031 2200 2096 Ambrosio,
2237 2045 2336 2099 pro
2387 2044 2452 2083 eo
2499 2036 2660 2098 atque
2716 2027 2792 2082 illi
2843 2025 3203 2098 congruebat,

1629 2123 1997 2188 satisfaceret,
2031 2122 2345 2178 universam
2388 2119 2728 2192 Scripturam
2754 2119 3204 2190 interpretatione

1625 2234 1723 2273 sua
1764 2226 1816 2273 et
1849 2217 2192 2287 expositione
2235 2215 2514 2271 declarare
2568 2215 2824 2271 instituit.
2857 2213 3202 2285 Proindeque

1624 2310 1678 2363 in
1741 2309 1874 2364 urbe
1924 2305 2092 2380 Tyro,
2136 2323 2258 2378 quae
2314 2307 2606 2362 thniciae
2661 2315 2776 2372 est,
2828 2307 3019 2378 viginti
3077 2315 3198 2364 octo

1623 2417 1797 2456 annos
1842 2400 2126 2455 excellenti
2169 2399 2404 2471 quadam
2456 2399 2825 2455 vitae-ratione
2868 2400 2922 2454 in
2974 2400 3087 2455 otio
3136 2415 3198 2454 ac

1622 2492 2026 2548 commentandi
2062 2492 2249 2548 labore
2289 2491 2592 2562 transegit;
2622 2507 2746 2546 cum
2795 2504 2847 2547 et
2875 2491 3196 2548 Ambrosius

1623 2601 1743 2656 quae
1797 2584 1862 2639 ad
1927 2584 2181 2638 alendum
2248 2586 2424 2655 ipsum
2491 2599 2595 2637 una
2661 2600 2783 2638 cum
2838 2584 3097 2646 librariis,
3134 2598 3195 2638 ac

1622 2677 1831 2732 caeteris
1867 2676 2207 2732 administris
2264 2675 2574 2731 necessaria
2652 2685 2840 2740 erant,
2888 2690 3096 2730 necnon
3142 2681 3194 2728 et

1623 2771 1870 2826 chartam
1903 2784 1966 2824 ac
1992 2770 2232 2839 reliquos
2256 2778 2506 2839 sumptus
2529 2769 2760 2840 benigne
2783 2769 3191 2840 suppeditaret,

1622 2871 1675 2918 et
1707 2862 1970 2932 Origenes
2010 2861 2222 2932 magnis
2277 2861 2475 2932 vigiliis
2521 2861 2833 2931 ingentique
2888 2862 3000 2915 otio
3047 2862 3194 2918 hunc

1621 2954 1942 3010 enarrandae
1995 2952 2297 3024 Scriptura:
2329 2953 2569 3009 laborem
2598 2962 3041 3024 prosequeretur.
3067 2953 3189 3009 Pri-

1623 3064 1768 3101 mum
1800 3048 1847 3102 ei
1884 3047 2124 3101 studium
2166 3045 2265 3101 fuit
2298 3062 2391 3101 sex
2428 3047 2483 3100 in
2521 3062 2687 3101 unum
2714 3046 3190 3117 interpretationes

1625 3135 1906 3192 conferre:
1932 3138 2163 3208 Aquilaa,
2193 3137 2526 3209 Symmachi,
2557 3135 2908 3208 Septuaginta
2934 3138 3189 3206 duorum,

1625 3229 2039 3294 Theodotionis,
2071 3243 2177 3282 una
2219 3245 2344 3282 cum
2392 3229 2630 3285 editione
2663 3228 2861 3296 Quinta
2899 3245 2962 3286 ac
2993 3229 3186 3286 Sexta:

1621 3321 1820 3391 quibus
1902 3321 2145 3391 singulas
2228 3320 2522 3376 liebraicas
2601 3319 2873 3376 dictiones
2946 3323 3182 3394 propriis

1622 3413 1908 3467 elementis
1941 3414 2276 3484 perscriptas
2329 3412 2538 3468 addidit
2576 3433 2588 3468 :
2627 3423 2744 3469 tum
2804 3433 2873 3472 ex
2930 3416 3195 3484 adverso,

1623 3505 1792 3558 altera
1833 3504 1885 3558 in
1937 3505 2131 3574 pagina
2185 3512 2502 3559 contextum
2553 3505 2783 3560 alterum
2823 3506 2951 3563 fecit
2981 3524 3043 3564 ex
3076 3507 3186 3565 lle-

1619 3596 1823 3652 hraicis
1856 3595 2192 3652 dictionibus
2225 3595 2426 3652 Graecis
2462 3597 2658 3654 litteris
2681 3601 2938 3657 exaratis.

1620 3992 1827 4068 Christi
1850 3993 1956 4068 254
1989 3995 2208 4068 accidit,
2240 3998 2368 4051 anni
2420 4008 2550 4053 sunt
2577 4012 2686 4052 non
2736 3998 2919 4068 plures
2948 3997 3038 4052 23.
3072 3997 3190 4052 Μθο

1619 4065 1986 4138 minit_hnjus
2031 4065 2284 4138 secundm
2331 4068 2386 4122 in
2433 4065 2777 4123 Palaestinam
2831 4068 3182 4138 profectionis

1619 4134 1760 4187 idem
1793 4134 2062 4198 Eusebius
2093 4137 2147 4191 in
2171 4136 2450 4202 Chronico,
2487 4139 2552 4192 ad
2583 4154 2783 4192 annum
2807 4134 3063 4192 Antonini
3098 4154 3176 4193 ιι.

1622 4202 1815 4259 Verum
1848 4217 1972 4261 ante
2007 4208 2109 4260 hoc
2141 4218 2372 4277 tempus,
2416 4209 2666 4264 hortante
2691 4208 2997 4271 Ambrosio,
3027 4223 3178 4263 com-
3238 4239 3241 4241 -

1616 4278 1913 4348 incntarips
1946 4277 2000 4330 in
2029 4293 2238 4332 sacrant
2262 4277 2592 4348 Scripturam
2610 4278 2980 4341 elucubrasse,
3015 4278 3184 4348 idque-

1607 4346 1806 4419 partim
1831 4345 2112 4419 Caesarem,
2155 4349 2349 4419 partim
2381 4345 2513 4404 alibi
2548 4350 2765 4411 fecisse,
2802 4366 2911 4404 non
2943 4345 3181 4404 obscure-

1607 4415 1876 4486 signilicat
1906 4415 2192 4479 Eusebius.
2237 4433 2356 4486 cap.
2392 4420 2478 4483 17,
2533 4421 2624 4474 ubi
2681 4419 2869 4474 eodem
2913 4428 3172 4489 tempore,

1608 4502 1719 4556 quo
1762 4496 1985 4542 auctore
2010 4489 2298 4543 Ambrosio
2339 4489 2394 4541 in
2425 4489 2842 4544 commentando
2872 4497 2987 4544 erat
3010 4505 3174 4544 occu-

1607 4564 1787 4626 patus.
1811 4559 2243 4627 proficiscentem
2275 4559 2422 4613 illum
2446 4560 2500 4614 in
2543 4558 2805 4614 Greciam
2839 4569 3025 4614 narrat
3051 4559 3172 4614 Cae-

1607 4641 1777 4683 sareae
1818 4628 2128 4702 ordinatum
2163 4643 2284 4684 esse
2315 4632 2710 4702 presbyterum.
2764 4629 3032 4702 Q_uocirca
3065 4629 3171 4685 fal-

1606 4713 1726 4772 sum
1785 4708 1873 4772 est
1919 4698 2202 4769 Origenem
2266 4698 2409 4772 totos
2457 4698 2528 4755 98
2578 4715 2752 4772 annos
2789 4699 2917 4772 Tyri
2979 4715 3172 4756 conse-

1604 4769 1986 4840 disse,ibique
2010 4771 2522 4825 commentariorum
2579 4769 2851 4840 ingentem
2883 4771 3025 4824 illam
3056 4786 3171 4826 mo-

1604 4839 1710 4894 lem
1733 4839 1990 4896 edidisse.
2023 4840 2136 4894 Hoc
2159 4843 2301 4894 enim
2324 4839 2679 4905 Alexandriae,
2702 4842 2981 4903 Caesareae,
3006 4842 3170 4896 Athe-

1605 4910 1717 4983 nis,
1735 4910 2326 4983 diversis_temporibus
2355 4914 2484 4982 egit,
2509 4913 2585 4966 uti
2607 4927 2727 4983 cap.
2755 4912 3036 4983 isrscrihit
3065 4911 3176 4966 Eu--

1605 4980 1808 5053 sebius.
1846 4980 1932 5053 De
1957 4980 2120 5052 Tyrio
2161 4980 2570 5053 secessu—nulla
2596 4980 2846 5053 cst—apud
2874 4981 3162 5038 Eusebium

1603 5051 1970 5123 quodsciam,
2001 5051 2226 5123 mentio.
2257 5051 2774 5123 Hieromduntaxat,
2792 5051 2963 5123 Epist.
2995 5054 3062 5107 55
3092 5053 3182 5108 De,

1602 5120 1864 5195 erroribus
1893 5123 2041 5195 Orig.
2077 5123 2142 5177 ad
2174 5121 2385 5177 Parnm.
2407 5164 2420 5185 ,
2442 5120 2682 5195 Centum,
2709 5120 2904 5195 inquit,
2935 5124 3166 5195 quadra-

1601 5194 1749 5278 ginta
1785 5193 1913 5246 anni
1943 5209 2100 5278 prope
2121 5201 2262 5272 sunt,
2284 5209 2496 5278 leuique
2534 5193 3051 5278 Origenes—mortuus
3087 5204 3166 5249 est

1607 5261 1766 5331 Tyri:
1815 5264 1962 5335 quod
1995 5264 2135 5317 idem
2187 5263 2240 5316 in
2280 5261 2522 5335 Catatog.
2560 5261 2742 5334 script.
2772 5265 2898 5321 εδει.
2928 5280 3165 5320 comme-

1602 5343 1800 5406 morat.
1845 5333 2250 5406 Verisimilc_cst
2280 5336 2441 5406 igitur
2472 5333 2781 5405 Origenem,
2814 5351 2939 5391 cum
2971 5336 3022 5389 in
3061 5335 3161 5387 De-

1601 5403 2079 5478 eiipersecutione
2112 5403 2456 5478 aﬂecta'jani
2492 5403 2648 5461 aetate
2684 5407 2871 5478 lapsus
2909 5414 3074 5468 esset,
3107 5407 3164 5458 in

1600 5472 1942 5548 Palaastinam
1976 5477 2290 5548 recessisse,
2324 5472 2390 5531 ac
2415 5475 2542 5548 Tyri
2571 5472 2845 5548 mortuum
2875 5492 3018 5532 esse.

1673 5543 1783 5617 (‘29)
1816 5547 1984 5617 Ὅθεν
2009 5545 2098 5617 td
2117 5544 2348 5614 πρῶτον
2374 5543 2558 5601 αὐὲοῦ
2597 5547 2904 5617 ἐπιμελῶς.
2933 5545 3067 5617 Agit
3094 5559 3161 5617 ue

1600 5613 1689 5667 his
1728 5614 1985 5686 Origenis
2037 5613 2366 5672 editionibus
2425 5613 2836 5672 accuratissime
2870 5613 3024 5686 libro
3082 5614 3158 5668 De

1598 5685 1755 5753 pond.
1785 5699 1832 5738 et
1851 5702 2034 5756 pueris”
2069 5687 2156 5739 ubi
2187 5703 2304 5756 qua:
2327 5687 2592 5756 Hexapla,
2617 5685 2908 5754 ctOctapla
2930 5685 3157 5752 fuerint,

1597 5757 1838 5826 exponit.
1875 5755 2007 5813 Vide
2036 5772 2157 5827 quae
2189 5755 2254 5813 ad
2290 5774 2346 5813 ιι.
2376 5759 2440 5814 l9
2469 5755 2665 5813 ibidem
2693 5759 3064 5814 observamus.
