3822 6318
468 256 608 312 ἰοῚὸ

539 367 695 423 Hunc
736 368 788 423 in
820 371 1038 425 modum
1075 386 1349 425 votumina
1388 372 1500 435 illa,
1529 386 1650 443 quae
1682 370 1918 441 Hexapla
1955 369 2039 425 di-
2066 385 2116 443 Α

1894 252 1949 308 S.
1992 250 2335 307 EPIPHANII

3626 240 3769 301 107$

2224 369 2310 431 Ὠς
2342 362 2480 421 εἶναι
2529 367 2625 437 μὲν
2664 365 2837 421 ταῦτα
2880 365 2977 420 καὶ⁹
3022 365 3306 419 καλεῖσθαι
3344 362 3643 430 Tigna-.15,
3674 361 3775 413 ἐπὶ

468 470 693 527 cuntur,
729 463 1041 533 composuit
1079 482 1091 517 :
1124 478 1246 533 quae
1277 472 1474 534 prmter
1518 463 1736 519 Graecas
1774 463 2041 519 editiones

2206 478 2240 523 ες
2273 459 2595 530 Ἑλληνικὰς
2637 459 2935 531 ἑρμηνείας
2958 458 3053 511 δύο
3090 456 3225 527 ὁμοῦ
3263 457 3635 529 παραθέσεις
3670 452 3777 522 τῆς

468 555 607 610 duas
624 554 848 623 insuper
867 553 1115 609 Hebraici
1140 558 1409 612 sermonis
1424 557 1708 612 columnas
1736 555 2039 619 continent,

472 645 702 700 alteram
739 644 1019 701 Hebraicis
1058 646 1214 717 ipsis,
1259 649 1484 701 alteram
1521 646 1729 701 Grrecis
1758 646 2043 701 elementis

2155 553 2451 623 Ἐϐραῖκῆς
2508 551 2700 621 φύσει,
2763 552 2830 603 δι’
2896 549 3201 622 Ἑϐραϊκῶν
3246 550 3343 603 καὶ
3402 545 3777 617 Ἑλληνικῶν

2148 646 2422 715 στοιχείων
2448 661 2460 674 ·
2489 645 2630 699 ὥστε
2669 641 2807 698 εἶναι
2836 644 2932 716 τὴν
2966 644 3148 697 πᾶσαν
3180 643 3431 697 Παλαιὰν
3456 641 3781 710 Διαθῆκῃν

472 737 840 807 conscriptam
873 756 884 791 :
909 739 1044 792 adeo
1066 749 1123 793 ut
1143 737 1306 794 Vetus
1330 755 1491 794 onme
1507 740 1914 794 Testamentum
1935 746 2043 792 tam

2206 743 2209 758 '
2238 737 2519 803 Ἐξαπλῶν
2540 738 2911 809 καλουμένων,
2934 737 3029 792 καὶ
3056 736 3143 789 διὰ
3163 737 3272 790 τῶν
3294 737 3389 790 δύο
3427 733 3779 806 Ἐὄραῑκέιν

472 827 735 899 llexaplis
766 830 1064 898 ejusmodi,
1094 846 1257 901 quam
1293 832 1495 902 duplici
1528 830 1921 887 Hebraicorum
1949 846 2044 883 vo-

474 920 794 975 cabulorum
846 930 1103 978 contextu
1167 926 1623 995 comprehensum
1664 924 1846 980 fuerit.
1908 924 2045 981 Cum

473 1006 577 1066 hoc
603 1020 775 1067 totum
824 1028 964 1084 opus
994 1028 1208 1069 summo
1242 1016 1332 1070 ille
1375 1032 1498 1070 cum
1531 1016 1715 1071 labore
1759 1014 2048 1086 studioque

474 1100 816 1171 perfecisset,
863 1119 973 1159 non
1026 1113 1289 1175 perpetuo
1345 1106 1582 1162 nominis
1640 1106 1725 1163 sui
1774 1121 1838 1161 ac
1866 1107 2050 1177 gloriae

474 1193 842 1263 integritatem
891 1198 1139 1264 retinuit,
1196 1199 1290 1254 sed
1350 1208 1501 1254 tanta
1546 1200 1807 1255 doctrina:
1846 1201 1930 1255 vis
1986 1216 2051 1254 ac

482 1285 638 1364 copia
672 1287 845 1342 ruinze
876 1288 953 1343 illi
989 1305 1052 1345 ac
1096 1290 1427 1345 calamitatis
1483 1291 1829 1347 occasionem
1880 1292 2047 1347 dedit.

477 1375 615 1432 Nam
662 1393 809 1443 cum,
847 1392 906 1435 ut
953 1381 1058 1437 sibi
1114 1388 1496 1452 proposuerat,
1530 1383 1733 1436 nullam
1770 1398 2051 1440 sacrarum

478 1469 784 1525 litterarum
818 1480 1047 1537 partem,
1093 1489 1257 1544 quam
1293 1488 1400 1527 non
1445 1474 1764 1545 eXplicaret,
1803 1475 2055 1530 omittere

479 1563 661 1627 vellet,
686 1565 740 1618 in
765 1564 957 1635 ingens
973 1580 1030 1620 se
1049 1577 1331 1635 peccatum
1348 1564 1644 1629 commisit,
1660 1579 1724 1618 ac
1741 1563 2057 1620 mortiferas

481 1650 748 1721 quasdam
772 1666 934 1707 voces
957 1654 1402 1724 exposuit:unde
1434 1652 1868 1725 Origenistarum
1906 1664 2056 1710 secta

2150 833 2431 903 ῥημάτων.
2470 832 2685 902 Ταύτην
2733 830 2867 902 ὁμοῦ
2897 832 3076 885 πᾶσαν
3116 831 3216 901 τὴν
3271 828 3698 900 πραγματείαν
3746 826 3778 877 6

2150 922 2290 993 ἀνὴρ
2346 921 2489 993 μετὰ
2543 922 2791 992 καμάτου
2853 920 3281 991 πεφιλοτίμητο·
3340 920 3461 975 ἀλλ’
3508 921 3636 973 οὐκ
3689 920 3781 981 εἰς

2153 1014 2304 1078 τέλος
2342 1014 2404 1067 τὸ
2440 1014 2596 1078 κλέος
2629 1014 2793 1068 αὑτοῦ
2828 1014 3087 1069 ἄσϐεστον
3122 1014 3359 1084 διήνυσε.
3406 1010 3781 1083 Συμεέεηκε

2151 1108 2263 1178 γὰρ
2296 1106 2445 1177 αὑτῷ
2475 1107 2536 1159 τὸ
2570 1108 2672 1177 τῆς
2702 1107 3055 1178 πολυπειρίας
3080 1108 3159 1170 εἰς
3197 1106 3339 1176 μέγα
3378 1104 3629 1176 πτῶμα.
3675 1104 3783 1167 ἘΞ

2153 1199 2317 1253 αὑτοῦ
2350 1200 2459 1272 γὰρ
2488 1199 2581 1253 τοῦ
2630 1201 2836 1254 σκοποῦ
2870 1200 3189 1271 βουλόμενος
3234 1199 3405 1270 μηδὲν
3438 1198 3550 1252 τῶν
3587 1197 3783 1250 θείων

2155 1291 2385 1362 Γραφῶν
2429 1293 2588 1345 ἐάσαι
2620 1294 3042 1363 ἁνερμήνευτον,
3073 1292 3153 1354 είς
3204 1290 3508 1361 ἐπαγωγὴν
3546 1288 3779 1342 ἑαυτὺν

2158 1385 2475 1455 περιέϐαλεν
2507 1386 2811 1457 ἁμαρτίας,
2845 1387 2938 1439 καὶ
2979 1386 3253 1455 θανάσιμα
3290 1383 3628 1454 ἐξηγήσατο
3670 1380 3783 1451 ῥή-

2162 1490 2338 1543 ματα*
2373 1475 2429 1539 ἐξ
2471 1466 2641 1546 οὗπερ
2671 1476 2720 1528 οἱ
2771 1475 3172 1545 Ὠριγενιασταὶ
3228 1472 3605 1543 καλούμενοι,
3667 1469 3779 1538 οὐχ

2159 1566 2209 1616 οἱ
2242 1564 2506 1635 πρῶτοιί,
2542 1568 2590 1618 οἱ
2640 1566 2739 1636 τὴν
2772 1566 3180 1637 αἰσχρουργίαν.
3207 1566 3282 1618 Οὑ
3315 1564 3428 1634 γὰρ
3472 1563 3588 1633 ἔχω
3629 1560 3785 1630 περὶ

2161 1655 2385 1709 ἐκείνων
2425 1656 2638 1724 λέγειν,
2687 1656 2763 1720 ὡς
2809 1657 2905 1709 καὶ
2949 1656 3051 1727 ἤδη
3098 1658 3390 1727 προεῖπον,
3443 1655 3493 1706 εί
3544 1656 3623 1707 ἐκ
3668 1649 3783 1703 τοῦ

483 1742 762 1813 proﬂuxit,
796 1759 904 1799 non
935 1746 1277 1816 superiorum
1320 1746 1558 1813 illorum,
1590 1747 1684 1815 qui
1718 1747 1920 1817 insigni
1942 1758 2058 1801 tur-

2206 1746 2479 1818 ὶριγένους
2510 1746 2605 1800 τοῦ
2636 1747 2730 1801 καὶ
2750 1747 3104 1817 Ἀδαμαντίου
3129 1747 3396 1817 ἐσχήκασι
3416 1746 3517 1814 τὴν
3542 1743 3781 1815 ἀρχὴν.

485 1836 730 1907 pitudine
783 1845 930 1893 sunt.
987 1836 1062 1892 De
1119 1838 1227 1893 illis
1271 1839 1440 1900 enim,
1482 1846 1541 1891 ut
1581 1846 1706 1892 ante
1734 1838 1868 1902 dixi,
1920 1839 2054 1893 certi

486 1928 623 1984 nihil
656 1927 923 1985 alni-mare
951 1945 1175 2000 possum
1194 1970 1208 1992 ,
1239 1938 1419 1985 utrum
1452 1930 1521 1984 ab
1548 1930 1873 1984 Adamantio
1897 1928 2054 2000 527

488 2019 743 2091 Origene,
792 2034 860 2073 an
917 2020 986 2075 ab
1035 2020 1217 2090 aliquo
1264 2020 1393 2085 alio,
1433 2020 1524 2090 qui
1566 2028 1619 2073 et
1652 2018 1914 2089 Origenes
1944 2022 2059 2089 ipse

488 2111 787 2179 diceretur,
839 2112 1053 2167 initium
1114 2113 1439 2182 acceperint.
1490 2111 1758 2166 Caeterum
1811 2112 2059 2167 eumdem

491 2205 646 2259 illum
694 2204 981 2277 Origenem
1034 2215 1262 2259 narrant
1307 2206 1561 2275 quiddam
1594 2206 1646 2258 in
1678 2206 2061 2274 corpusculum

494 2298 837 2369 excogitasse
890 2314 1086 2364 suum;
1144 2302 1257 2353 sive
1308 2313 1534 2353 nervum
1595 2296 1723 2351 sibi.
1753 2306 1811 2353 ut
1839 2297 2061 2367 quidam

493 2391 830 2457 existimant,
871 2390 1144 2455 inciderit,
1176 2405 1286 2461 quo
1315 2406 1374 2446 se
1408 2390 1787 2445 illecebrarum
1818 2391 2065 2445 molestia

498 2482 777 2551 liberaret,
823 2499 1001 2554 neque
1033 2484 1285 2554 turpibus
1328 2483 1576 2553 corporis
1631 2482 1869 2538 motibus
1925 2484 2070 2537 velut

498 2575 751 2631 incendio
779 2575 1018 2648 quodam
1042 2585 1300 2633 aestuaret
1327 2594 1341 2643 ;
1378 2576 1512 2637 sive.
1540 2575 1683 2646 quod
1724 2575 1813 2629 alii
1838 2575 2067 2637 malunt,

498 2666 897 2723 medicamento
949 2668 1133 2739 aliquo
1179 2666 1426 2739 partibus
1465 2667 1574 2723 illis
1612 2666 1869 2737 imposito
1900 2665 2069 2720 resic-

500 2760 658 2813 carit.
679 2756 820 2814 Sunt
872 2761 962 2831 qui
1013 2760 1118 2814 alia
1153 2759 1399 2830 quaedam
1451 2758 1527 2813 illi
1592 2758 1851 2819 tribuant,
1906 2757 2070 2811 veluti

500 2848 647 2920 quod
676 2851 740 2906 ad
762 2851 1058 2922 juvandam
1091 2850 1408 2905 memoriam
1436 2849 1757 2904 medicatam
1781 2848 2072 2918 quamdam

2162 1839 2197 1910 ἢ
2222 1838 2405 1911 ἕτερόν
2452 1855 2574 1892 τινα
2616 1839 2855 1910 ἀρχηγὸν
2890 1840 3207 1910 ἐσχήκασιν,
3260 1837 3549 1908 Ὠριγένην
3590 1836 3781 1903 1276-

2169 1947 2346 2000 μενον.
2365 1931 2503 1983 Φασὶ
2525 1931 2580 1983 δὲ
2606 1931 2700 1985 κα)⁵
2733 1930 2919 1984 τοῦτον
2944 1930 3036 1984 τὸν
3074 1930 3356 2002 Ὠριγένην
3388 1927 3783 1999 ἐπινενοηκὲ-

2168 2038 2256 2075 ναι
2279 2022 2457 2093 ἐαυτῷ
2489 2021 2627 2075 κατὰ
2663 2022 2723 2075 τὸ
2757 2023 3050 2093 σωμάτιον.
3081 2025 3146 2076 Ul
3182 2024 3279 2094 μὲν
3306 2021 3529 2090 λέγουσι
3556 2020 3781 2091 νεῦρον

2169 2114 2609 2186 ἀποτετμηκέναι
2644 2114 2731 2167 διὰ
2771 2115 2831 2167 τὸ
2867 2116 2940 2186 μὴ
2977 2115 3137 2186 ἡδονῇ
3163 2113 3475 2184 ὀχλεῖσθαι,
3522 2111 3680 2182 μηδὲ
3717 2112 3779 2163 ἐν

2168 2208 2288 2269 ταῖς
2331 2208 2576 2277 κινήσεσι
2631 2210 2751 2271 ταῖς
2812 2208 3148 2278 σωματικαῖς
3192 2204 3487 2275 φλέγεσθαι
3547 2221 3616 2257 τε
3674 2202 3783 2254 καὶ

2172 2297 2588 2368 πυρόολεῖσοαιο
2620 2298 2769 2353 ἄλλοι
2796 2300 2852 2351 δὲ
2883 2297 3000 2368 οὑχί
3029 2314 3213 2367 φασιν,
3234 2296 3369 2349 ἀλλὰ
3396 2296 3685 2365 ἐπενόηαὲ
3719 2310 3779 2345 τι

2173 2392 2462 2460 φάρμακον
2508 2390 2772 2444 ἐπιθεῖναι
2804 2392 2915 2454 τοῖς
2959 2391 3203 2461 μορίοις,
3246 2390 3339 2443 καὶ
3376 2387 3775 2459 ἁποξηρᾶναι.

2173 2482 2395 2555 Ἕτεροι
2424 2483 2480 2536 δὲ
2521 2484 2613 2537 καλ⁵
2651 2483 2784 2538 ἄλλα
2817 2486 2896 2547 εἰς
2928 2483 3087 2537 αὑτὸν
3119 2484 3410 2553 ἀναφέρειν
3450 2482 3775 2553 τολμῶσιν,

2172 2573 2247 2636 ώς
2277 2575 2359 2627 ὅτι
2404 2575 2497 2629 καὶ
2538 2576 2764 2646 βοτάνην
2811 2576 2933 2629 τινὰ
2970 2575 3201 2649 εὕρηκεν
3249 2573 3498 2646 ἰατρικὴν
3530 2572 3777 2643 μνήμης

2173 2665 2355 2721 ἕνεκα.
2390 2668 2500 2721 Καὶ
2536 2668 2605 2721 τὰ
2649 2670 2746 2738 μὲν
2789 2670 3067 2740 ὑπέρογκα
3107 2669 3246 2739 ὑπὲρ
3282 2666 3453 2720 αὑτοῦ
3484 2665 3773 2734 λεγόμενα

2176 2757 2318 2811 πάνυ
2362 2760 2839 2833 πεπιστεύκαμενο
2892 2762 3041 2831 ὅμως
3082 2760 3149 2815 τὰ
3193 2760 3467 2830 λεγόμενα
3514 2757 3774 2822 ἐξειπεῖν

2176 2849 2238 2901 οὑ
2270 2850 2660 2921 παρελίπομεν.

503 2942 729 2997 herbam
783 2944 1069 3013 repererit.
1133 2942 1265 3008 Quae
1302 2942 1467 3013 igitur
1519 2940 1745 3011 grandia
1799 2940 1866 2994 de
1902 2940 1995 2993 illo
2025 2956 2089 2993 ac
2121 2942 2402 3010 magniﬁca
2455 2945 2781 3014 produntur,
2822 2960 2931 2998 non
2981 2944 3204 3011 omnino
3262 2944 3365 2999 ﬁde
3421 2952 3597 3015 digna
3636 2955 3771 2995 cca-

504 3053 711 3093 semus.
771 3036 1143 3094 Nihilominus
1201 3053 1323 3108 quze
1368 3038 1643 3092 communi
1689 3051 1939 3091 sermone
1968 3037 2417 3106 percrebuerunt,
2458 3040 2737 3110 praeterire
2768 3040 3064 3094 noluimus.

578 3133 665 3188 IV.
708 3132 864 3200 Quod
894 3134 959 3189 ad
996 3134 1245 3189 haeresim
1275 3133 1420 3187 illam
1453 3132 1666 3198 attinet,
1702 3132 1861 3202 cujus
1890 3138 2078 3185 auctor

2254 3133 2328 3187 Δ’.
2371 3136 2434 3188 Ἡ
2480 3137 2537 3190 δὲ
2585 3136 2644 3200 ἐξ
2676 3136 2839 3190 αὑτοῦ
2872 3135 3015 3205 φῦσα
3052 3136 3281 3205 αἵρεσις,
3321 3133 3542 3204 πρῶτον
3572 3133 3680 3202 μὲν
3706 3129 3765 3183 ἐν

508 3226 634 3292 fuit,
662 3242 725 3282 ea
767 3227 1003 3298 primum
1052 3228 1105 3281 in
1139 3225 1375 3297 Egypto
1401 3233 1716 3296 propagata,
1750 3224 1913 3279 hodie
1940 3225 2082 3279 inter

508 3320 833 3390 praecipuos,
885 3329 1047 3390 atque
1089 3334 1185 3374 eos
1232 3316 1465 3371 maxime
1496 3314 1662 3386 viget,
1697 3312 1789 3384 qui
1821 3314 2079 3369 niuriasti-

515 3427 642 3466 cum
674 3413 799 3466 vitae
831 3427 1000 3481 genus
1045 3410 1228 3481 specie
1259 3410 1379 3479 ipsa
1406 3406 1726 3478 proﬁtentur
1750 3426 1762 3461 :
1790 3406 1988 3477 quippe
2025 3422 2086 3462 se

513 3511 568 3555 et
608 3502 662 3556 in
699 3502 1022 3557 solitudines
1061 3499 1408 3564 abdiderunt,
1442 3504 1497 3552 et
1546 3505 1916 3567 paupertatem
1960 3512 2083 3568 pro-

516 3594 738 3649 ﬁtentur
770 3609 784 3647 ε
819 3592 1078 3663 pestifera
1114 3591 1204 3644 illa
1246 3588 1489 3659 quidem,
1519 3602 1585 3642 ac
1636 3596 1848 3643 veteres
1896 3603 2087 3644 omnes

517 3688 862 3758 improbitate
894 3698 1180 3755 superans,
1229 3696 1462 3751 quarum
1506 3694 1723 3737 errores
1773 3681 2087 3751 complecti-

521 3790 633 3833 tur.
667 3776 799 3833 Nam
829 3776 953 3830 licet
988 3775 1198 3830 nullum
1226 3771 1590 3828 sectatoribus
1623 3771 1740 3828 suis
1772 3788 1932 3828 usum
1973 3780 2092 3827 tur-

524 3869 789 3944 pitudinis
819 3868 1080 3938 imponat,
1119 3863 1412 3921 absurdam
1444 3872 1624 3921 tamen
1664 3865 1988 3936 impiamque
2026 3866 2094 3923 de

526 3963 638 4018 Deo
673 3958 999 4017 sententiam
1043 3972 1138 4029 per
1161 3970 1429 4011 summam
1461 3956 1849 4025 turpitudinem
1878 3956 2089 4012 inserit.

524 4052 605 4108 Ex
641 4053 745 4107 hoc
770 4050 913 4105 enim
946 4047 1091 4103 l'onte
1110 4045 1318 4102 erroris
1347 4045 1433 4101 sui
1467 4060 1652 4101 ansam
1674 4046 1839 4103 Arius
1867 4047 2092 4117 accepit,

527 4158 593 4198 ac
648 4140 843 4211 reliqui
887 4138 1141 4207 deinceps
1187 4150 1398 4200 omnes,
1448 4135 1595 4190 velut
1642 4136 1892 4193 Anommi
1941 4145 1996 4193 et
2043 4137 2097 4192 id

528 4249 703 4307 genus
725 4233 839 4287 alii.

601 4325 877 4396 Principio
907 4342 974 4381 eo
997 4325 1315 4382 temeritatis
1340 4339 1665 4395 progressus
1689 4331 1791 4385 est,
1810 4328 1870 4375 ut
1892 4328 2100 4376 asserat

533 4417 872 4490 unigenitum
908 4417 1104 4473 Filium
1139 4417 1352 4472 Patrem
1383 4415 1567 4471 videre
1594 4431 1700 4470 non
1725 4427 1904 4483 posse,
1924 4427 2101 4482 neque

2181 3229 2249 3298 τῇ
2277 3227 2386 3281 τῶν
2413 3228 2727 3297 Αἰγυπτίων
2754 3228 2907 3300 χώρᾳ
2944 3229 3279 3299 ὑπάρχουσα,
3316 3226 3385 3280 τά
3413 3225 3510 3280 νῦν
3534 3225 3601 3277 δὲ
3634 3223 3767 3295 παρ’

2185 3323 2368 3384 αὑτοῖς
2386 3323 2499 3384 τοῖς
2526 3321 2901 3392 ἐξοχωτάτοις,
2919 3323 3015 3375 καὶ
3045 3319 3259 3373 δοκοῦσι
3289 3320 3379 3371 τὸν
3404 3320 3628 3389 μονήρη
3654 3317 3767 3386 βίον

2186 3413 2557 3484 ἀναδέχεσθαι,
2586 3415 2737 3485 παρὰ
2763 3416 2876 3477 τοῖς
2915 3413 3074 3483 φύσει
3115 3412 3257 3466 κατὰ
3284 3411 3519 3482 ἐρημίας
3544 3411 3768 3480 ἀναχω-

2189 3506 2344 3577 ροῦσί
2393 3524 2452 3560 τε
2504 3508 2597 3561 καὶ
2624 3506 2720 3578 τὴν
2762 3508 3146 3577 άκτημοσὺνην
3183 3504 3486 3575 ἑλομένοις,
3512 3501 3670 3569 δεινή
3708 3516 3767 3551 τε

2188 3598 2284 3651 καὶ
2308 3597 2470 3669 αῦτη,
2518 3600 2613 3653 καὶ
2648 3598 2835 3651 πασῶν
2865 3597 2974 3651 τῶν
3005 3596 3247 3650 παλαιῶν
3280 3594 3690 3667 μοχθηρητέρα,
3734 3592 3767 3659 ἡ

2190 3689 2285 3741 καὶ
2315 3690 2411 3743 σὺν
2449 3688 2676 3753 ἐκείνοις
2716 3689 2788 3742 τά
2832 3690 2994 3760 ὅμοια
3035 3686 3322 3759 φρονοῦσα.
3368 3684 3486 3739 Κᾶν
3518 3683 3636 3755 γὰρ
3686 3683 3765 3735 αξσ

2194 3781 2466 3853 σχρότητα
2491 3780 2755 3835 ἐπιτελεῖν
2789 3783 2850 3834 οὑ
2886 3780 3287 3853 παρασκευάζει
3315 3780 3441 3841 τοὺς
3477 3778 3622 3847 αὑτῇ
3662 3792 3765 3846 μα·-

2195 3871 2619 3944 θητευομένους,
2662 3872 2777 3926 ἀλλ’
2821 3868 2914 3925 οὖν
2959 3888 3023 3939 γε
3063 3869 3128 3923 δι’
3173 3868 3525 3939 αἰσχρότητος
3585 3866 3765 3933 δεινὴν

2197 3963 2451 4018 ὑπόνοιαν
2495 3965 2574 4026 εἰς
2612 3963 2741 4016 αὑτὸ
2770 3962 2831 4017 τὺ
2868 3961 3019 4015 Θεῖον
3066 3961 3376 4030 ἐνσκήπτει.
3422 3958 3521 4011 Ἐκ
3572 3956 3765 4009 τούτου

2197 4052 2307 4125 γὰρ
2362 4055 2455 4107 καὶ
2502 4056 2531 4107 ὁ
2584 4055 2799 4124 ’Ἄρειος
2840 4051 2937 4115 τὰς
2975 4049 3275 4121 προφάσεις
3308 4046 3531 4115 εἴληφε,
3572 4045 3671 4097 καὶ
3719 4044 3765 4094 οὲ

2198 4142 2451 4213 καθεξῆς,
2476 4143 2741 4213 Ἀνόμοιοί
2768 4158 2827 4194 τε
2857 4141 2948 4194 καὶ
2978 4138 3147 4194 ἄλλοι.

2269 4324 2471 4377 Φάσκει
2498 4322 2605 4394 γὰρ
2629 4316 2801 4387 οὗτος,
2829 4321 3098 4392 τολμήσας
3115 4318 3274 4388 δῆθεν
3299 4314 3439 4369 κατὰ
3471 4313 3565 4383 τὴν
3593 4314 3767 4383 ἀρχὴν

2202 4414 2400 4483 λέγειν,
2437 4415 2651 4485 πρῶτον
2679 4415 2797 4483 μέν,
2832 4414 2913 4466 ὃτι
2937 4414 2965 4465 ὁ
2984 4412 3111 4472 Υἱὸς
3137 4411 3166 4462 ὁ
3202 4406 3490 4479 μονογενὴς
3516 4406 3651 4474 ὸρᾷν
3679 4404 3769 4455 τὸν

537 4511 802 4583 Spiritum
836 4509 1055 4575 Filium,
1114 4525 1288 4580 neque
1341 4509 1565 4578 angelos
1611 4503 1892 4575 Spiritum,
1926 4519 2078 4574 nequi

2208 4505 2425 4575 Πατέρα
2452 4503 2514 4556 οὑ
2548 4502 2799 4557 δύναταιο
2840 4502 2975 4556 ἀλλὰ
3008 4500 3129 4555 οὔτε
3159 4500 3220 4553 τὸ
3252 4495 3473 4565 Πνεῦμα
3512 4495 3606 4548 τὸν
3644 4494 3768 4547 Υἱὺν

535 4602 788 4659 homines
834 4602 1076 4673 angelos.
1105 4601 1279 4671 Atque
1330 4601 1418 4654 hic
1474 4599 1683 4670 primus
1735 4596 2105 4667 illiuslapsus

538 4693 663 4749 fuit.
692 4691 772 4749 Ita
819 4694 965 4751 enim
1015 4709 1081 4749 ex
1148 4691 1322 4746 Patris
1378 4686 1685 4744 substantia
1741 4685 1936 4740 Filium
1984 4700 2107 4741 esse

538 4795 751 4855 censet,
796 4794 852 4841 ut
881 4784 1241 4840 nihilominus
1279 4790 1499 4837 creatus
1554 4778 1739 4834 fuerit.
1764 4777 1933 4844 Quem
1980 4778 2108 4848 qui-

541 4879 664 4936 dem
694 4880 810 4935 sola
843 4878 897 4933 id
931 4877 1104 4948 gratia
1131 4881 1482 4931 consecutum
1529 4871 1824 4936 existimat,
1855 4879 1914 4924 ut
1938 4867 2109 4924 Filius

545 4970 839 5023 diceretur.
873 4967 979 5024 Sed
1039 4967 1161 5022 aliis
1220 4967 1378 5035 longe
1432 4962 1777 5035 gravioribus
1828 4961 2109 5018 erroribus

546 5061 852 5133 implicatus
888 5069 992 5117 est.
1036 5058 1171 5114 Nam
1205 5058 1441 5112 animam
1489 5054 1726 5110 hominis
1755 5060 1879 5110 ante
1911 5068 2111 5125 corpus

533 5154 823 5209 exstitisse
850 5161 1019 5224 putat,
1054 5162 1109 5208 et
1157 5150 1377 5207 easdem
1417 5150 1637 5220 angelos
1666 5164 1808 5213 esse,
1860 5147 2116 5202 virtutes-

550 5260 658 5315 que
704 5247 1032 5315 superiores,
1091 5260 1213 5315 quze
1267 5244 1410 5316 quod
1467 5251 1686 5315 peccata
1720 5238 2115 5304 contraxerint,

555 5337 807 5410 supplicii
838 5353 999 5392 causa
1033 5338 1087 5391 in
1122 5337 1224 5391 hoc
1252 5352 1455 5406 corpus
1481 5336 1705 5390 inclusa:
1734 5344 1893 5399 sunt;
1922 5331 2113 5402 proin-

553 5431 729 5502 deque
755 5432 820 5483 ad
855 5442 1044 5498 poenas
1071 5428 1386 5485 subeundas
1429 5445 1460 5484 a
1507 5426 1616 5483 Deo
1653 5426 1902 5497 relegari,
1940 5434 1999 5480 ut
2028 5426 2116 5480 hic

551 5521 739 5593 iudicii
772 5520 969 5591 prioris
1025 5519 1428 5577 damnationem
1467 5522 1789 5578 sustineant.
1830 5516 2001 5584 Quam
2046 5517 2118 5574 ob

647 5682 666 5712 ι
698 5678 881 5737 Manca
914 5690 996 5739 est
1022 5680 1214 5736 0"alio.

2203 4594 2426 4648 δύναται
2451 4592 2764 4657 θεάσασθαι,
2788 4591 2908 4646 οὔτε
2936 4592 3039 4664 μὴν
3060 4590 3279 4660 ἄγγελοι
3300 4588 3358 4641 τὸ
3377 4586 3625 4657 Πνεῦμα,
3648 4584 3767 4637 οὔτε

2204 4689 2254 4739 οἱ
2291 4686 2565 4757 ἄνθρωποι
2589 4686 2714 4749 τοὺς
2750 4684 3033 4754 ἀγγέλους.
3071 4685 3181 4737 Καὶ
3202 4682 3338 4751 αὕτη
3377 4678 3571 4750 πρώτη
3605 4677 3769 4730 αὑτοῦ

2205 4783 2240 4851 ὴ
2274 4774 2498 4843 πτῶσις.
2537 4780 2631 4832 Ἐκ
2663 4778 2773 4849 γὰρ
2821 4779 2921 4847 τῆς
2957 4775 3142 4838 οὐσίας
3182 4772 3276 4826 τοῦ
3327 4770 3541 4840 Πατρὸς
3584 4769 3768 4823 τοῦτον

2208 4874 2538 4941 εἰσηγεῖται,
2580 4869 2792 4923 κτιστὸν
2831 4868 2888 4921 δὲ
2938 4867 3072 4937 ἅμα.
3124 4863 3379 4917 Βούλεται
3422 4861 3478 4913 δὲ
3517 4860 3594 4922 ώς
3636 4861 3772 4913 κατὰ

2206 4965 2365 5037 χάριν
2393 4964 2483 5016 τὸν
2526 4963 2653 5016 Υἱὸν
2683 4961 2842 5015 αὑτὸν
2883 4958 3161 5014 καλεῖσθαι
3198 4956 3394 5025 λέγειν.
3430 4953 3554 5007 Εἰσὶ
3594 4952 3649 5005 δὲ
3682 4954 3767 5003 καὶ

2208 5054 2366 5109 ἄλλαι
2402 5053 2565 5106 αὑτοῦ
2607 5050 2840 5113 πτώσεις
2885 5048 3122 5119 μείζους.
3167 5046 3277 5115 Τὴν
3310 5042 3487 5113 ψυχὴν
3521 5040 3630 5110 γὰρ
3677 5040 3769 5105 τὴν

2210 5145 2550 5218 ἀνθρωπείαν
2579 5144 2726 5211 λέγει
2766 5140 3161 5214 προϋπάρχειν,
3193 5135 3456 5204 ἀγγέλους
3488 5132 3545 5185 δὲ
3577 5132 3766 5190 ταυτας

2213 5234 2382 5301 εἶναι,
2437 5237 2529 5292 καὶ
2561 5236 2817 5305 δυνάμεις
2854 5235 2991 5297 ἅνω,
3034 5236 3093 5287 ἐν
3137 5229 3428 5302 ἁμαρτίαις
3466 5226 3525 5279 δέ
3563 5222 3763 5292 ἀμπλαο

2221 5331 2487 5401 κησάσας,
2518 5330 2612 5383 καὶ
2643 5328 2830 5380 τούτου
2860 5327 3043 5379 ἕνεκεν
3070 5328 3148 5388 εἰς
3174 5324 3327 5376 τοῦτο
3350 5323 3412 5375 τὸ
3440 5321 3601 5392 σῶμα
3622 5335 3763 5374 καται

2223 5422 2630 5491 κεκλεισμένας.
2684 5418 3009 5490 Πεπέμφθαι
3061 5418 3117 5471 δὲ
3159 5416 3265 5471 ἀπὸ
3317 5415 3454 5469 Θεοῦ
3494 5418 3572 5479 εἰς
3608 5432 3761 5485 τιμω-

2229 5517 2385 5589 ρίαν,
2420 5516 2567 5577 ὃπως
2619 5512 2851 5567 ἐνταῦθα
2906 5511 3129 5583 πρώτην
3173 5509 3351 5580 κρίσιν
3418 5507 3759 5572 ὑποδέξονται,
