3822 6352
477 233 613 291 1079

1890 235 1945 289 S.
1982 236 2290 291 EPlPllANl

3623 231 3756 285 ιιια

476 350 755 416 disseruit,
787 351 960 407 media
989 353 1223 423 quadam
1256 336 1519 408 insistens
1571 353 1656 406 via
1703 354 1837 408 scite
1888 364 2049 421 atque

2161 353 2272 422 μετ’
2306 353 2467 406 αὐτὸν
2504 352 2835 422 εὑρίσκεται,
2872 350 3008 420 πλὴν
3047 352 3153 403 τῶν
3189 352 3248 404 ὲν
3284 348 3416 410 ταῖς
3455 346 3757 417 αἱρέσεσιν

475 441 750 509 eleganter
769 441 1085 512 plerumque
1114 443 1426 512 disputavit.
1452 442 1582 509 Qua:
1605 460 1731 497 vero
1744 444 1810 498 de
1825 443 2038 513 dogma-

2141 445 2558 516 αἰσχρουργιῶν.

475 532 619 588 tibus
676 533 1035 597 elucubravit,
1090 535 1264 603 deque
1299 534 1423 597 fide,
1468 551 1535 589 ac
1564 536 1788 605 reliquis
1843 537 2034 603 majori
2068 539 2529 607 contemplatione
2572 537 2771 606 dignis,
2808 536 2967 607 longe
2999 542 3210 589 caeteris
3247 547 3450 587 eorum
3487 531 3757 584 ominum

475 629 738 688 decretis.
799 628 891 697 qui
958 637 1051 683 aut
1105 638 1535 692 antecesserunt.
1588 639 1682 684 aut
1730 640 1850 700 post
1897 632 2047 685 illum
2108 633 2455 699 exstiterunt,
2510 632 2778 702 ineptiora
2843 639 2897 685 et
2954 629 3271 684 absurdiora
3330 626 3659 689 videntur,
3712 627 3756 678 si

476 916 593 961 tum
637 908 941 977 amplexus,
972 907 1431 977 quemadmodum
1466 917 1626 963 antea
1666 908 1847 964 docui.
1884 906 1964 963 0b
1997 910 2048 964 id

477 1000 822 1055 stomachum
852 999 1012 1069 iillius
1046 999 1227 1055 ferunt
1257 1008 1478 1069 propter
1508 1000 1834 1068 exquisitam
1865 1015 2054 1070 quam-

479 1092 603 1146 dam
642 1093 769 1146 vita
800 1093 1087 1155 rationem,
1121 1100 1176 1147 et
1199 1091 1459 1157 inediam,
1492 1102 1654 1163 atque
1697 1093 1765 1146 ab
1792 1094 2049 1147 animatis

478 1184 738 1240 omnibus
781 1185 1196 1254 temperantiam
1236 1185 1563 1240 concidisse.
1618 1183 1722 1240 Sed
1748 1185 1859 1254 jam
1896 1185 2044 1239 illius

480 1276 646 1330 verba
693 1276 1039 1345 proferamus
1094 1292 1161 1331 ex
1222 1277 1341 1346 ejus
1387 1276 1453 1330 ad
1499 1279 1733 1344 priorem
1778 1276 2041 1346 psalmum

479 1367 889 1422 commentariis
920 1365 1263 1437 deprompta,
1304 1375 1357 1421 et
1400 1383 1468 1422 ex
1512 1366 2045 1423 considerationibus

481 1458 547 1512 ad
598 1458 846 1514 eumdem
904 1458 1089 1521 editis,
1142 1459 1565 1529 dogmatumque
1608 1457 2042 1520 tractationibus,

480 1547 705 1603 totidem
731 1550 928 1618 quibus
962 1550 1183 1620 scripsit
1225 1549 1315 1603 ille
1353 1549 1558 1613 verbis,
1589 1563 1659 1603 ne
1688 1549 1812 1617 quis
1852 1564 1951 1603 nos
1983 1548 2047 1601 il-

382 745 386 757 π
474 720 739 777 duntaxat
783 720 1012 774 aliarum
1056 721 1331 777 haereseon
1385 720 1584 791 ﬂagitia
1641 738 1703 775 ac
1756 722 2026 778 fmditates
2061 723 2318 793 excipias.

542 815 620 868 Ac
650 812 865 867 videtur
910 828 1043 868 sane
1084 822 1137 867 et
1171 823 1478 869 ascetarum
1515 816 1657 871 idem
1701 817 1792 871 ille
1830 818 2050 872 institu-

2231 817 2414 882 Ἔδοξε
2450 816 2559 886 γὰρ
2602 815 2696 869 καὶ
2742 813 2997 884 ἀσκητῶν
3050 812 3163 882 βίον
3195 810 3623 882 ἐπανῃρῆσθαι,
3678 812 3751 873 ὡς

2158 909 2251 960 καὶ
2284 907 2395 961 ἄνω
2460 923 2548 975 μοι
2599 904 3016 976 προδεδήλωται.
3076 903 3165 956 Διὸ
3217 904 3312 955 καὶ
3352 902 3453 954 τὸν
3510 901 3749 971 θώρακα

2156 999 2319 1053 αὐτοῦ
2358 998 2490 1069 φασί
2519 1016 2660 1061 τινες
2693 997 2801 1051 ἀπὸ
2832 996 3136 1066 ὑπερϐολῆς
3171 994 3475 1057 πολιτείας,
3523 994 3749 1055 ἀσιτίας

2153 1107 2212 1143 τε
2256 1091 2349 1143 καὶ
2384 1090 2596 1160 ἀποχῆς
2625 1090 2902 1160 ἐμψύχων,
2938 1087 3298 1141 πεπτωκέναι.
3347 1087 3497 1159 Φέρε
3545 1086 3617 1157 δὴ
3656 1083 3747 1138 οὖν

2154 1184 2323 1245 αὑτὰς
2348 1182 2447 1246 τὰς
2473 1181 2637 1234 αὑτοῦ
2670 1181 2842 1247 λέξεις
2875 1179 3298 1252 παραθησόμεθα
3346 1180 3415 1231 ἐκ
3447 1177 3555 1231 τοῦ
3596 1180 3745 1248 πρώ-

2146 1293 2237 1328 του
2274 1274 2520 1345 ψαλμοῦ,
2564 1276 2656 1329 καὶ
2712 1274 2818 1328 τῶν
2866 1277 2924 1326 ὲν
2981 1272 3131 1342 αὐτῴ
3167 1270 3449 1341 Θεωριῶν,
3510 1271 3620 1322 καὶ
3670 1263 3743 1323 ἐν

2146 1366 2498 1437 ἐδογμάτισεν
2525 1366 2706 1429 αὐτοῖς
2732 1369 2843 1429 τοῖς
2870 1364 3047 1433 λόγοις
3067 1381 3080 1392 ·
3112 1364 3198 1416 ἴνα
3228 1363 3302 1434 μή
3331 1378 3491 1424 τινες
3540 1363 3742 1413 εἴπωσι

2146 1458 2215 1510 τὰ
2247 1459 2364 1512 κατ’
2397 1458 2561 1512 αὐτοῦ
2597 1459 2687 1527 ὑφ’
2717 1456 2871 1528 ἡμῶν
2902 1457 3164 1526 λεγόμενα
3192 1454 3739 1523 σεσυκοφαντῆσῧαι.

2148 1549 2257 1602 Kal
2306 1549 2403 1618 οὐχ
2441 1550 2522 1602 ὄτι
2568 1548 2784 1611 πάντως
2833 1548 2990 1617 μόνον
3034 1548 3092 1598 ὲν
3146 1544 3222 1615 τῷ
3266 1544 3481 1615 πρώτῳ
3533 1544 3741 1615 ψαλμῷ

480 1640 590 1694 lius
621 1640 784 1695 dictis
830 1642 1160 1697 calumniam
1188 1640 1385 1696 fecisse
1417 1641 1585 1694 dicat.
1629 1640 1807 1710 Atque
1837 1656 1902 1694 ex
1943 1640 2045 1693 hoc

2161 1640 2369 1707 ἐξέπεσε
2401 1640 2499 1710 τῆς
2530 1640 2807 1710 ἀληθείας,
2845 1638 2920 1701 ὡς
2950 1637 3207 1700 πολλάκις
3240 1633 3421 1701 εἷπον,
3466 1636 3616 1690 ἀλλὰ
3649 1639 3739 1689 καὶ

483 1733 821 1801 potissimum
851 1734 970 1789 loco
998 1736 1300 1789 transferre
1334 1734 1640 1799 voluimus;
1670 1749 1779 1788 non
1814 1730 1959 1802 quod
1988 1733 2044 1785 in

482 1823 569 1877 bis
596 1824 861 1879 duntaxat
896 1826 961 1879 ad
1001 1827 1237 1895 priorem
1270 1826 1538 1896 psalmum
1573 1824 1983 1881 commentariis
2013 1839 2043 1877 a

484 1914 708 1968 veritate
746 1915 1023 1979 ceciderit,
1075 1924 1134 1969 ut
1165 1930 1405 1986 persaepe
1450 1924 1681 1971 testatus
1721 1930 1874 1982 sum;
1920 1930 2042 1970 nam

483 2003 540 2057 in
585 2004 838 2059 omnibus
866 2005 1027 2074 plane
1076 2006 1388 2069 aberravit;
1438 2005 1533 2060 sed
1565 2005 1708 2076 quod
1757 2006 2043 2061 innumera

482 2098 698 2153 sint‘ab
730 2114 797 2154 eo
836 2099 1167 2155 monimenta
1199 2101 1409 2163 relicta,
1441 2102 1817 2157 nonnullis'ex
1863 2116 1927 2157 eo
1953 2102 2046 2155 illo

481 2194 694 2262 psalmo
743 2194 1011 2261 collectis,
1063 2211 1132 2250 ex
1186 2209 1291 2249 una
1331 2203 1426 2249 aut
1486 2196 1677 2260 altera,
1734 2198 1815 2250 vel
1868 2196 2044 2251 tribus

481 2290 631 2335 certe
663 2284 885 2338 vocibus
929 2298 1146 2339 omnem
1182 2285 1327 2341 illius
1357 2288 1410 2340 in
1460 2286 1568 2348 bis.
1608 2301 1729 2356 qua:
1771 2287 1838 2341 ad
1889 2287 2044 2341 fidem

482 2370 777 2439 pertinent,
821 2373 1220 2443 improbitatem
1254 2376 1559 2445 aperiemus
1588 2393 1602 2429 :
1636 2390 1708 2449 ac_
1731 2378 2046 2431 necessario

482 2460 670 2515 eadem
703 2463 903 2532 quibus
946 2464 1037 2519 ille
1088 2481 1219 2521 usus
1260 2474 1342 2521 est
1383 2468 1546 2521 verba
1588 2465 1908 2522 referemus.
1951 2466 2049 2521 Est

484 2550 652 2620 igitur
684 2555 1118 2626 uniuscujusque
1154 2557 1410 2613 dictionis
1442 2559 1588 2613 velut
1623 2559 1798 2614 solum
1826 2574 1889 2612 ac
1923 2558 2045 2613 fun-

484 2644 798 2698 damentum
837 2645 1172 2715 huiusmodi,
1210 2657 1270 2702 ut
1318 2649 1482 2713 illud,
1534 2650 1778 2705 studiose
1810 2650 2044 2715 auditor,

484 2736 779 2807 intelligas,
811 2739 1257 2796 manifestissime
1280 2739 1473 2796 Filium
1504 2741 1598 2796 Dei
1637 2751 1943 2798 creaturam
1978 2745 2047 2798 ab

2147 1731 2203 1782 ὲν
2253 1730 2456 1803 ἑκάστῃ
2498 1729 2777 1801 ἐξηγήσει.
2827 1729 2924 1782 Διὰ
2977 1728 3033 1780 δὲ
3067 1729 3158 1781 τὸν
3199 1728 3359 1796 ὄγκον
3412 1727 3524 1797 τῆς
3572 1727 3739 1780 αὑτοῦ

2145 1822 2529 1891 πραγματείας
2584 1822 2693 1875 ἀπὸ
2734 1820 2828 1874 τοῦ
2880 1819 3273 1891 προειρημένου
3318 1817 3554 1889 ψαλμοῦ
3613 1817 3737 1869 συλ-

2145 1914 2397 1980 λέξαντες
2450 1914 2702 1975 ὲνταῦθα,
2743 1915 2850 1968 ἀπὸ
2898 1915 2999 1984 τῆς
3050 1912 3257 1984 μιᾶς,ἢ
3309 1911 3430 1973 δύο,
3480 1912 3515 1981 ἧ
3569 1910 3737 1982 τριῶν

2147 2005 2361 2071 λέξεων,
2411 2008 2472 2061 τὸ
2499 2009 2607 2086 τεᾶν
2654 2007 2715 2060 τὸ
2764 2008 2892 2077 περὶ
2916 2006 3012 2077 τὴν
3044 2005 3223 2059 πίστιν
3264 2005 3363 2075 τῆς
3417 2003 3735 2075 μοχθηρίας

2146 2097 2309 2151 αὑτοῦ
2363 2097 2818 2167 ἀποκαλύψωμεν.
2862 2097 2972 2149 Kal
3016 2097 3208 2149 ταυτόν
3239 2112 3297 2147 τε
3340 2096 3529 2147 εἰπεῖν
3560 2095 3732 2159 ἀναγ-

2148 2191 2316 2255 καίως
2368 2189 2830 2261 ἐπιμελησόμεθα.
2904 2191 3013 2243 Kal
3064 2188 3209 2240 ἔστιν
3264 2185 3431 2248 εὐθὺς
3487 2186 3733 2253 ἑκάστης

2150 2286 2343 2351 λέξεως
2373 2286 2433 2339 τὸ
2476 2286 2688 2354 ὲδάφιον
2730 2283 2921 2347 οὕτως,
2954 2286 3100 2345 ὅπως
3130 2281 3327 2353 γνῴης,
3367 2274 3417 2334 ὦ
3468 2278 3731 2349 φιλόκαλε

2149 2379 2412 2451 ἀκροατὰ,
2444 2380 2526 2432 ὅτι
2553 2378 2906 2449 φανερώτατα
2931 2376 3021 2428 τὸν
3054 2374 3181 2427 Υίὸν
3217 2372 3310 2426 τοῦ
3335 2370 3477 2424 Θεοῦ
3524 2370 3729 2437 κτίσμα

2150 2472 2491 2541 ἐδογμάτισε.
2542 2471 2651 2524 Καὶ
2698 2469 2806 2524 ἀπὸ
2860 2468 2956 2539 τῆς
3010 2466 3135 2537 περὶ
3192 2464 3282 2518 τοῦ
3334 2464 3469 2517 Υἱοῦ
3526 2461 3727 2531 τόλμης

2151 2564 2351 2634 γνῴης,
2382 2566 2460 2617 ὅτι
2503 2567 2595 2619 καὶ
2624 2564 2683 2617 τὸ
2716 2562 2937 2631 Πνεῦμα
2978 2560 3038 2613 τὸ
3071 2559 3220 2626 ἆγιον
3248 2556 3466 2610 κτιστδν
3497 2556 3724 2625 sistri,-

2154 2671 2300 2708 σατο.
2348 2657 2465 2708 Ἀπ’
2511 2656 2684 2726 ἀρχῆς
2715 2650 2806 2707 οὖν
2848 2653 3189 2720 ἀναλέξωμεν
3226 2652 3314 2701 τὸν
3346 2649 3591 2718 ψαλμὸν,
3628 2647 3723 2708 ἕως

2151 2747 2324 2815 αὐτῆς
2354 2747 2450 2817 τῆς
2483 2746 2699 2809 λέξεως,
2729 2745 2804 2807 ὡς
2834 2744 3007 2806 αὐτὸς
3034 2741 3306 2813 Ὠριγὲνης
3337 2740 3464 2808 ἔφη.

485 2828 580 2883 illo
640 2832 959 2901 praedicari;
1000 2843 1054 2889 et
1092 2851 1158 2891 ex
1205 2837 1297 2890 illa
1354 2838 1408 2891 in
1446 2836 1642 2892 Filium
1681 2840 1983 2894 temeritate
2058 2854 2357 2910 cognoscas
2399 2842 2563 2895 etiam
2607 2839 2869 2909 Spiritum
2917 2846 3168 2893 sanctum
3208 2841 3451 2888 creatum
3514 2831 3587 2885 ab
3634 2842 3717 2881 eo-

486 2924 610 2981 dem
633 2931 871 2984 censeri.
904 2931 1173 2999 Quocirca
1237 2934 1505 3005 psalmum
1559 2935 1710 2991 illum
1750 2938 1819 2991 ab
1881 2936 2037 2990 initio
2095 2943 2443 3008 repetemus,
2507 2936 2845 3005 totidemque
2912 2932 3132 2996 verbis,
3196 2929 3395 3001 quibus
3461 2924 3715 2982 Orivenes

487 3020 728 3091 scripsit.

489 3136 576 3192 Ex
629 3136 871 3208 Origenis
924 3139 1314 3193 commentariis
1364 3140 1433 3192 ad
1487 3140 1748 3208 psalmum
1800 3142 2046 3210 primum.
2076 3151 2122 3212 (ζ

558 3248 653 3306 Vl.
691 3250 918 3307 Clausas
964 3250 1393 3321 obsignatasque
1442 3250 1757 3323 Scripturas
1803 3269 1925 3309 esse
1970 3269 2057 3309 sa-

488 3359 617 3400 cras
648 3344 832 3398 divina
860 3352 1126 3399 testantur
1155 3346 1410 3411 oracula;
1446 3344 1609 3415 idque
1636 3344 1855 3401 Davidis
1883 3346 2056 3410 clave,

490 3449 556 3490 ac
587 3433 811 3489 forsitan
842 3441 897 3488 et
926 3434 1125 3505 sigillo,
1159 3433 1225 3489 de
1252 3449 1362 3504 quo
1393 3434 1656 3505 scriptum
1690 3446 1773 3490 est
1805 3454 1817 3488 :
1852 3433 2059 3505 Figura

493 3528 660 3598 sigilli
690 3526 947 3580 sanctitas
984 3525 1210 3579 Domino
1236 3527 1276 3578 ⁸.
1306 3524 1461 3591 Quod
1490 3526 1557 3580 de
1584 3527 1788 3580 virtute
1822 3525 1935 3591 Dei,
1963 3527 2059 3596 qui

490 3632 557 3673 ea
579 3615 805 3685 largitus
849 3624 953 3681 est,
1002 3616 1230 3685 intelligi
1279 3616 1463 3678 debet,
1498 3631 1619 3685 quas
1665 3615 1918 3672 videlicet
1962 3632 2059 3687 per

494 3708 729 3776 Sigillum
776 3704 1150 3761 adumbratur.
1189 3706 1349 3777 530
1376 3710 1589 3762 htemm
1626 3707 1844 3762 clausas
1897 3715 2058 3776 atque

493 3797 807 3865 obsignatas
851 3810 974 3851 esse
1005 3794 1319 3866 Scripturas
1348 3811 1587 3851 Joannes
1635 3798 1690 3851 in
1732 3798 2057 3867 Apocalypsi

493 3885 734 3941 declarat
765 3886 849 3942 bis
877 3886 1087 3942 verbis:
1114 3884 1183 3939 Et
1212 3885 1393 3956 angelo
1428 3884 1696 3950 Ecclesiaz,
1725 3903 1839 3956 qua:
1874 3885 2059 3939 Phila-

492 3975 715 4043 delphia:
745 3984 843 4041 est,
884 3975 1051 4031 scribe
1080 3992 1098 4029 :
1127 3975 1255 4031 ch
1282 3976 1407 4029 dicit
1448 3975 1696 4041 Sanctus,
1743 3976 1925 4040 Verus,
1969 3980 2057 4047 qui

492 4065 645 4120 habet
670 4066 866 4121 clavem
898 4066 1106 4132 David;
1134 4067 1225 4138 qui
1257 4067 1445 4135 aperit,
1472 4077 1521 4121 et
1552 4083 1700 4120 nemo
1731 4067 1977 4131 claudet;
2009 4077 2056 4119 et

492 4158 714 4219 claudit,
744 4168 793 4213 et
833 4176 982 4212 nemo
1010 4160 1225 4227 aperiet.
1261 4157 1400 4213 Novi
1434 4175 1590 4227 opera
1624 4170 1751 4222 tua;
1784 4160 1935 4227 posui
1974 4157 2057 4227 [o-

494 4266 576 4303 res
620 4266 799 4302 coram
839 4260 885 4302 te
915 4261 1148 4317 apertas,
1193 4265 1321 4318 quas
1358 4266 1505 4303 nemo
1537 4250 1781 4303 claudere
1825 4250 2052 4319 potest’.

495 4340 699 4396 Deinde
725 4342 887 4411 paulo
917 4348 1038 4410 post
1069 4359 1082 4394 :
1120 4339 1186 4393 Et
1210 4342 1314 4395 vidi
1341 4341 1408 4395 ad
1435 4342 1705 4396 dexteram
1738 4340 1962 4396 sedentis
2004 4342 2057 4396 in

498 4434 683 4487 throno
716 4431 903 4486 librum
928 4434 1180 4501 scriptum
1208 4432 1348 4486 intus
1379 4442 1428 4487 et
1465 4449 1497 4485 a
1528 4442 1690 4503 tergo,
1725 4433 2055 4503 obsignatum

495 4528 779 4599 signaculis
829 4538 1039 4597 septem.
1094 4524 1163 4578 Et
1210 4523 1316 4579 vidi
1362 4525 1603 4595 angelum
1648 4525 2058 4594 proclamantem
2089 4505 2133 4559 Ῐ)

494 4636 613 4673 voce
637 4634 826 4689 magna
854 4634 870 4669 :
894 4618 1026 4683 Quis
1079 4626 1154 4670 est
1187 4615 1374 4684 dignus
1406 4617 1606 4685 aperire
1641 4614 1828 4668 librum
1868 4625 1916 4667 et
1952 4615 2061 4668 sol-

496 4728 609 4765 vere
639 4709 911 4780 signacula
943 4708 1095 4777 ejus?
1129 4706 1199 4760 Et
1237 4724 1382 4760 nemo
1409 4717 1609 4776 poterat
1645 4708 1698 4760 in
1729 4706 1874 4769 caelo,
1904 4722 2061 4775 neque

496 4804 549 4856 in
583 4812 741 4864 terra,
773 4817 931 4870 neque
953 4800 1128 4854 subter
1146 4808 1337 4854 terram
1358 4799 1557 4867 aperire
1582 4800 1791 4860 librum,
1812 4814 1901 4852 nec
1926 4799 2061 4865 aspi-

497 4911 609 4947 cere
638 4894 805 4946 illum.
840 4892 908 4945 Et
930 4876 1151 4961 ﬂebam,
1191 4891 1437 4960 quoniam
1483 4906 1629 4943 nemo
1663 4889 1849 4958 dignus
1878 4890 2057 4941 iuven-

501 4997 581 5037 tus
630 4992 707 5036 est
760 4985 964 5051 aperire
1016 4982 1230 5045 librum,
1272 4998 1430 5051 neque
1490 4983 1717 5049 aspicere
1762 4981 1930 5034 illum.
1992 4979 2057 5033 Et

498 5089 634 5125 unus
667 5072 730 5126 de
755 5073 1045 5126 senioribus
1073 5073 1205 5125 dixit
1234 5073 1358 5125 mihi
1380 5088 1397 5125 :
1422 5070 1549 5125 Noli
1578 5072 1701 5140 ﬂere
1736 5089 1753 5124 :
1787 5088 1900 5125 ecce
1940 5072 2059 5124 vicit

500 5167 577 5218 leo
607 5165 669 5217 de
704 5165 845 5218 tribu
886 5164 1049 5228 Iuda,
1098 5166 1252 5219 radix
1299 5164 1486 5228 David,
1538 5166 1735 5233 aperire
1768 5163 1979 5229 librum,
2012 5173 2062 5219 et

501 5267 690 5325 septem
726 5258 1001 5327 signacula
1037 5260 1149 5323 ejus
1176 5258 1213 5310 ³.
1246 5258 1319 5311 De
1356 5258 1471 5312 sola
1504 5274 1626 5312 vera
1679 5257 2059 5327 obsignatione

500 5351 575 5405 ita
604 5348 842 5418 loquitur
874 5347 1039 5404 Isaias
1069 5369 1081 5403 :
1110 5348 1177 5402 Et
1202 5359 1350 5402 erunt
1375 5350 1514 5403 vobis
1541 5349 1691 5403 verba
1716 5349 1823 5403 litae
1856 5351 2053 5414 omnia,

500 5444 636 5497 sicut
660 5457 921 5497 sermones
949 5441 1070 5495 libri
1092 5442 1246 5510 hujus
1269 5442 1548 5527 obsignati,
1576 5459 1723 5512 quem
1749 5443 1794 5495 si
1820 5442 2056 5495 dederint

2364 3138 2489 3192 Τῶν
2532 3137 2860 3207 Ὼριγένους
2892 3139 2976 3202 εὶς
3009 3136 3116 3188 τὸν
3156 3141 3207 3187 a’
3240 3135 3504 3202 ψαλμόν.

2229 3256 2316 3320 ς’.
2359 3250 2684 3304 Κεκλεῖσθαι
2730 3249 2822 3302 καὶ
2869 3246 3228 3319 ὲσφραγίσθαι
3273 3247 3371 3307 τὰς
3399 3245 3548 3308 θείας
3580 3245 3707 3315 Γρα-

2158 3345 2263 3411 φὰς
2292 3346 2339 3397 oi
2369 3343 2500 3397 Οεῖοί
2540 3360 2673 3411 φασι
2715 3341 2860 3410 λόγοι
2907 3343 2972 3411 τῇ
3017 3339 3187 3392 κλειδὶ
3220 3338 3315 3391 τοῦ
3348 3337 3527 3397 Δαϐὶδ.
3577 3338 3704 3406 τάχ]

2155 3436 2212 3489 δὲ
2255 3435 2348 3488 καὶ
2390 3434 2663 3505 σφραγῖδι,
2701 3432 2826 3501 περὶ
2871 3426 2939 3502 ἦς
2974 3430 3187 3499 είρηται
3234 3427 3333 3492 τὸ,
3376 3429 3703 3495 Έκτύπωμο

2156 3525 2482 3595 σφραγῖδος
2519 3525 2785 3595 ἁγίασμα
2837 3521 3063 3588 Κυρίῳ·
3110 3520 3353 3572 τουτέστι
3384 3521 3448 3587 τῇ
3493 3518 3700 3586 δυνάμει

2155 3619 2249 3672 τοῦ
2305 3618 2594 3680 δεδοικότος
2626 3616 2794 3678 αὑτὰς
2826 3612 2981 3677 Θεοῦ,
3024 3614 3092 3683 τῇ
3139 3610 3243 3664 ὑπὸ
3284 3611 3383 3680 τῆς
3430 3608 3699 3679 σφραγῖδες

2156 3709 2476 3781 δηλουμένη.
2518 3708 2651 3779 Περὶ
2681 3706 2779 3776 μὲν
2811 3700 2903 3763 οὖν
2939 3704 3031 3756 τοῦ
3062 3701 3364 3755 κεκλεῖσθαι
3400 3701 3490 3755 καὶ
3512 3701 3697 3771 ἐσφρα-

2156 3800 2340 3870 γίσθαι
2390 3802 2418 3852 ὁ
2476 3799 2725 3868 Ἰωάννης
2767 3796 3104 3851 ἀναδιδάσκει
3156 3796 3214 3847 ἐν
3254 3797 3317 3864 τῇ
3360 3792 3696 3861 Ἀποκαλύψει

2156 3894 2326 3961 λέγων
2346 3910 2359 3923 ⁸
2401 3890 2509 3945 Kal
2544 3888 2622 3956 τῷ
2652 3889 2882 3959 ἀγγέλῳ
2918 3887 3026 3955 τῆς
3052 3887 3121 3941 ἐν
3151 3885 3535 3953 Φιλαδελφείςι
3577 3886 3694 3938 Ἐλ-

2157 3982 2417 4050 κλησίας
2454 3980 2714 4050 γράψον
2755 3978 2899 4034 Τάδε
2936 3979 3095 4047 λέγει
3133 3981 3165 4033 0'
3193 3978 3387 4046 ’Ἄγιος
3423 3980 3455 4030 ὀ
3490 3978 3693 4041 Ἀληθί-

2156 4074 2282 4139 νός,
2327 4081 2361 4128 ό
2390 4074 2547 4142 ἔχων
2593 4071 2705 4139 τὴν
2747 4073 2917 4125 κλεῖν
2967 4070 3072 4124 τοῦ
3110 4069 3317 4123 Δαϐίό’
3358 4072 3390 4122 ό
3442 4069 3691 4137 ἀνοίγων.

2157 4166 2253 4218 καὶ
2310 4164 2506 4230 οὐδεὶς
2568 4164 2830 4225 κλείσει,
2898 4162 2997 4216 καὶ
3064 4163 3304 4223 κλείων,
3358 4160 3455 4213 καὶ
3510 4160 3689 4225 οὐδεὶς

2156 4260 2403 4323 ἀνοίξει.
2457 4254 2597 4312 Οἶδά
2625 4272 2740 4310 σου
2777 4256 2850 4308 τὰ
2888 4254 3060 4324 ἔργα·
3096 4253 3223 4307 ἰδοὺ
3271 4251 3491 4306 δέδωκα
3525 4254 3689 4319 θύραν

2156 4350 2409 4403 ἐνώπιόν
2463 4364 2576 4402 σου
2631 4344 3043 4416 ἀνεῳγμένην,
3098 4342 3176 4410 ἢν
3222 4343 3417 4409 οὐδεὶς
3471 4344 3685 4397 δύναται

2159 4442 2395 4497 κλεῖσαι
2445 4440 2665 4505 αὑτήν·
2720 4442 2812 4492 καὶ
2862 4440 2979 4510 μετ’
3028 4438 3211 4506 ὀλίγα”
3260 4437 3366 4489 Kal
3416 4432 3563 4488 εἶδον
3598 4436 3682 4489 ἐπὶ
3737 4446 3749 4463 ⁸

2160 4536 2274 4603 τὴν
2312 4535 2515 4598 δεξιὰν
2558 4533 2663 4586 τοῦ
2697 4530 3033 4601 καθημένου
3077 4530 3175 4582 ἐπὶ
3224 4530 3328 4582 τὸν
3375 4529 3572 4597 θρόνον
3600 4527 3682 4589 βι-

2162 4627 2331 4679 ϐλίον
2376 4624 2776 4695 γεγραμμένον
2817 4622 3041 4676 ἔσωθεν
3105 4620 3202 4673 καὶ
3264 4621 3517 4680 ὄπισθεν,
3564 4635 3679 4669 κατι

2160 4716 2637 4786 εσρραγισμένον
2666 4712 2990 4783 σφραγῖσιν
3009 4711 3177 4765 ἑπτά.
3213 4711 3319 4764 Kal
3348 4707 3497 4763 εἶδον
3532 4709 3677 4777 ἀγγε-

2159 4802 2273 4859 λον
2347 4804 2598 4873 ἰσχυρὸν
2665 4804 3050 4872 κηρύσσοντα
3088 4799 3256 4871 φωνῇ
3281 4799 3534 4869 μεγάλῃ
3600 4800 3676 4859 Τίς

2161 4898 2327 4963 ἄξιος
2362 4896 2591 4960 ἀνοῖξαι
2619 4898 2684 4949 τὸ
2707 4896 2965 4961 βιϐλίον,
2996 4895 3095 4948 καὶ
3123 4893 3305 4948 λῦσαι
3344 4891 3442 4956 τὰς
3468 4890 3675 4958 agatur?-

2161 4989 2270 5055 δας
2311 4987 2532 5051 αὑτοῦ;
2566 4988 2675 5041 Καὶ
2721 4986 2920 5053 οὐδεὶς
2971 4985 3231 5053 ἠδύνατο
3262 4984 3331 5035 ὲν
3355 4981 3432 5046 τῷ
3460 4979 3672 5049 ρι’φαγῷ,

2162 5082 2299 5134 οὔτε
2330 5079 2427 5133 ἐπὶ
2452 5079 2561 5153 τῆς
2597 5079 2728 5149 γῆς,
2753 5080 2890 5133 οὔτε
2915 5075 3190 5131 ὑποκάτω
3214 5073 3322 5140 τῆς
3350 5072 3454 5142 γῆς
3480 5072 3672 5135 ἀνοῖξαι

2163 5173 2229 5226 τὸ
2259 5173 2520 5237 βιϐλίον,
2567 5173 2704 5226 οὔτε
2724 5171 2979 5236 βλέπειν
3001 5170 3164 5222 αὐτό.
3201 5168 3307 5222 Kal
3340 5167 3571 5225 ἔκλαιεν,
3597 5166 3673 5217 ὅτε

2164 5261 2356 5327 οὐδεὶς
2398 5261 2565 5327 ἄξιος
2609 5263 2820 5330 εὑρέθη
2880 5258 3111 5322 ἀνοῖξαι
3156 5257 3222 5310 τὸ
3269 5256 3520 5320 βιϐλίον,
3552 5257 3670 5308 οὔτε

2157 5351 2412 5415 βλέπειν
2448 5353 2612 5406 αὑτό.
2658 5352 2764 5405 Kal
2793 5345 2879 5415 εἶς
2924 5350 2991 5403 ἐκ
3036 5346 3153 5402 τῶν
3182 5346 3560 5415 πρεσϐυτέρων
3582 5347 3666 5398 λέ-

2162 5461 2249 5514 γει
2286 5444 2383 5514 ιὶοι
2405 5462 2416 5474 ο
2476 5443 2574 5513 Μὴ
2604 5442 2771 5499 κλαῖε
2794 5460 2806 5473 ·
2846 5440 2973 5496 ἰδοὺ
3002 5439 3286 5507 ἐνίκησεν
3327 5439 3360 5490 ό
3392 5434 3525 5490 λέων
3547 5437 3574 5490 ὀ
3609 5434 3667 5489 ἐι

578 5602 592 5630 ¹
629 5598 797 5656 Exod.
832 5612 1021 5662 xxvni,
1047 5596 1133 5651 36.
1179 5599 1199 5627 '
1252 5597 1421 5666 Apoc.
1459 5613 1536 5661 ιιι,
1575 5600 1625 5652 7.
1704 5597 1723 5628 ³
1757 5597 1923 5669 Apoc.
1957 5613 2008 5663 v,
2043 5598 2161 5655 με.
