3728 6192
63 196 208 254 1081

757 205 1123 264 ADVERSUS
1161 209 1498 268 [IA'ZRESES
1535 212 1641 268 LIB

1808 212 1968 268 ΤΟΜ.
2010 215 2123 267 1.-
2154 212 2425 268 ll/ERES.
2465 213 2645 270 LXIV.

3147 211 3285 268 1082

63 307 185 378 τῆς
216 307 418 379 φυλῆς
457 313 666 379 Ἰούδα,
692 319 751 385 ’ἡ
785 317 917 386 ῥίζα
943 319 1140 386 Δαΰὶδ,
1184 323 1415 390 ἀνοῖξαι
1447 324 1512 378 τὸ
1539 326 1635 390 βι-

1808 324 1934 377 mini
1977 325 2162 378 scienti
2203 323 2428 384 litteras,
2473 323 2698 376 dicentes
2726 339 2744 375 :
2772 321 2897 391 Lege
2946 323 3092 385 ista;
3133 331 3180 376 et
3212 339 3296 376 re-

61 402 248 454 ὄλΐον
286 403 385 457 καὶ
435 403 542 470 τὰς
589 406 738 461 ἐπτὰ
779 410 1104 480 σφραγῖδας
1143 415 1349 469 αὐτοῦ.
1402 417 1536 488 Περὶ
1577 417 1634 469 δὲ

62 492 164 546 τοῦ
195 495 555 566 ὲσφραγίσθαι
585 499 745 568 μόνον
771 498 799 549 ὁ
837 500 1057 564 Ἡσαΐας
1084 503 1254 567 οὕτως
1275 521 1290 535 ·
1333 506 1442 558 Kal
1468 507 1638 560 ἔσται

59 585 216 653 ὑμῖν
241 586 312 640 τὰ
345 587 580 656 ῥήματα
621 590 808 645 ταῦτα
852 592 1065 657 πάντα,
1102 595 1182 660 ὡς
1227 599 1281 648 ol
1328 597 1492 666 λόγοι
1531 597 1638 650 τοῦ

60 675 312 733 βιϐλίου
345 678 560 732 τούτου
592 679 697 732 τοῦ
722 679 1222 750 ἐσφραγισμένων,
1256 683 1287 736 ὃ
1320 683 1429 736 ἐὰν
1453 681 1640 736 δῶσιν

61 768 220 820 αὐτὸ
259 768 541 837 ἀνθρώπῳ
565 772 938 842 ἐπισταμένῳ
981 774 1304 843 γράμματα,
1333 776 1632 844 λέγοντες-ο

75 857 392 927 ᾎνὰγνωθι
437 861 650 914 ταῦτα·
708 864 805 917 καὶ
863 863 987 932 ἐρεῖ
1005 881 1018 894 ο
1081 866 1162 918 Οὐ
1201 865 1454 934 δύναμαι
1499 866 1640 919 ἀνα-

65 950 324 1018 γνῶναιο
355 953 747 1023 ἐσφράγισται
784 955 916 1024 γάρ.
961 955 1069 1009 Kal
1094 955 1411 1022 δοθήσεται
1447 957 1513 1010 τὸ
1541 958 1638 1022 ,βι-

61 1041 247 1094 ϐλίον
292 1043 466 1096 τοῦτο
509 1046 596 1110 εἰς
637 1045 838 1114 χεῖρας
866 1046 1178 1115 ἀνθρώπου
1206 1047 1292 1116 μὴ
1324 1047 1640 1116 ἐπισταμέ-

60 1149 188 1185 νου
233 1132 556 1203 γράμματα,
613 1137 710 1189 καί
747 1137 896 1206 ἐρεῖ·
943 1141 1064 1193 Οὐκ
1104 1139 1422 1206 ἐπίσταμαι
1463 1137 1641 1207 πράμ-

62 1241 252 1289 ματα.
299 1225 482 1279 Ταῦτα
503 1227 610 1299 γὰρ
639 1230 697 1280 οὐ
747 1230 906 1298 μόνον
941 1231 1067 1302 περὶ
1093 1232 1191 1302 τῆς
1228 1229 1642 1298 Ἀποκαλύψεως

76 1313 336 1366 Ἰωάννου
358 1317 450 1368 καὶ
484 1315 574 1368 τοῦ
624 1318 845 1372 Ἡσαΐου
875 1319 1154 1388 νομιστέον
1190 1318 1462 1387 λέγεσθαι,
1505 1318 1642 1372 ἀλλὰ

65 1405 172 1456 καὶ
222 1407 345 1476 περὶ
378 1408 558 1478 πάσης
591 1407 740 1472 θείας
779 1410 998 1481 Γραφῆς
1048 1411 1519 1482 ὁμολογουμένως,
1546 1411 1642 1465 καὶ

66 1497 234 1567 παρὰ
259 1501 367 1561 τοῖς
408 1499 641 1570 μετρίως
676 1502 882 1554 ἐπαΐειν
908 1501 1080 1570 λόγων
1117 1501 1274 1556 θείων
1307 1501 1639 1573 δυναμένοις,

63 1584 522 1655 πεπληρωμένοις
572 1589 906 1658 αἰνιγμάτων
957 1589 1050 1642 καὶ
1109 1589 1454 1661 παραϐολῶν,
1513 1607 1639 1643 σκο-

1735 413 2036 482 spondebit:
2062 413 2182 468 Non
2212 429 2422 482 possum
2453 413 2654 480 legere;
2683 422 2757 464 est
2799 413 2936 464 enim
2973 410 3296 476 obsignatas.

1739 505 1804 558 Et
1831 504 2046 558 dabitur
2077 505 2208 558 liber
2236 505 2320 558 hic
2348 507 2399 557 in
2437 521 2624 556 manus
2651 503 2874 555 hominis
2915 503 3185 555 nescientis
3211 503 3300 556 lit-

1737 605 1911 660 teras;
1949 608 1997 651 et
2041 596 2224 651 dicet:
2269 595 2458 650 Nescio
2501 596 2704 648 litteras
2732 597 2774 647 ¹.
2825 593 2948 647 llaec
2997 596 3138 646 enim
3192 609 3299 648 non

1737 687 1804 740 ad
1837 686 2201 759 Apocalypsin
2245 688 2420 742 solum
2453 685 2700 745 Joannis,
2742 691 2836 738 aut
2868 682 3014 737 Isaiae
3047 685 3300 738 vaticinia

1737 778 2009 846 pertinere
2036 781 2331 848 putandum
2364 787 2468 841 est,
2500 778 2592 833 sed
2610 777 2692 831 ale
2731 777 2984 830 universa
3016 775 3298 844 Scriptura

1737 883 1893 923 sacra
1943 871 2159 939 penitus
2212 869 2525 938 accipienda
2580 875 2727 922 sunt.
2775 865 2931 932 Quod
2989 880 3120 920 sane
3155 863 3297 932 apud

1738 959 1859 1013 illos
1906 959 1961 1014 in
2011 959 2265 1014 confesso
2321 967 2441 1022 est,
2493 960 2585 1029 qui
2638 957 2945 1012 divinarum
2993 957 3298 1009 litterarum

1740 1048 1988 1102 notitiam
2027 1049 2108 1103 \el
2146 1047 2490 1102 mediocriter
2543 1048 2780 1104 assecuti
2827 1056 2975 1102 sunt.
3010 1047 3140 1110 Qua:
3182 1044 3302 1114 qui-

1738 1138 1859 1193 dem
1888 1139 2235 1208 aenigmatum
2269 1139 2588 1202 involucris,
2617 1154 2680 1194 ac
2709 1138 3004 1208 parabolis,
3045 1137 3301 1191 tenebro-

1739 1231 1924 1299 sisque
1965 1230 2328 1293 sermonibus,
2381 1244 2445 1284 ac
2500 1230 2732 1284 diversis
2778 1229 2902 1283 aliis
2949 1227 3300 1282 obscuritatis

1739 1321 2049 1390 generibus,
2093 1335 2213 1390 quae
2257 1321 2494 1374 hominis
2542 1321 2759 1390 ingenio
2805 1319 3022 1374 dillicile
3055 1333 3303 1387 compre-

1740 1410 2074 1475 henduntur,
2121 1411 2334 1466 refertae
2368 1421 2515 1464 sunt.
2555 1411 2709 1477 Quod
2737 1420 2790 1466 et
2829 1413 3080 1466 Salvator
3114 1421 3301 1465 osten-

1740 1502 1868 1556 dere
1905 1503 2114 1567 volens,
2162 1503 2364 1558 clavem
2414 1504 2552 1573 apud
2605 1503 2827 1557 Seribas
2884 1511 2938 1556 et
3001 1500 3304 1556 Pharisazos

1740 1605 1862 1645 esse
1891 1590 2047 1654 dixit,
2090 1591 2182 1661 qui
2215 1599 2274 1645 ut
2313 1593 2456 1645 viam
2494 1591 2558 1646 ad
2586 1592 2938 1662 aperiendum
2972 1590 3302 1650 invenirent,

66 1674 267 1726 πεινῶν
305 1691 363 1728 τε
414 1675 608 1743 λόγων,
652 1680 745 1730 καὶ
791 1677 963 1732 ἄλλων
1015 1679 1269 1733 ποικίλων
1308 1680 1462 1733 είδῶν
1505 1682 1636 1734 ἁσαι

1808 1683 2386 1738 ιηίιιιεοοιιῑυηύθποηι.
2419 1681 2506 1746 Ει,
2555 1682 2639 1737 Va:
2671 1683 2832 1748 vobis,
2869 1683 3064 1752 inquit,
3099 1680 3306 1750 legispe-

64 1765 257 1832 φείας,
301 1765 615 1837 δυσλήπτων
647 1772 711 1840 τῇ
759 1769 1073 1845 ἀνθρωπίνῃ
1118 1770 1298 1840 φύσει.
1344 1773 1519 1844 Ὅπερ
1557 1773 1637 1825 δι-

65 1857 234 1923 δάξαι
263 1857 577 1928 βουλόμενος
625 1861 720 1913 καὶ
749 1863 776 1913 ὁ
816 1862 1004 1933 Σωτήρ
1039 1879 1223 1932 φησιν,
1257 1863 1332 1927 ὼς
1363 1863 1461 1934 τῆς
1489 1864 1636 1917 κλει-

1746 1774 1888 1836 ritis,
1933 1776 2179 1842 quoniam
2226 1773 2424 1826 tulistis
2473 1773 2666 1826 clavem
2707 1774 2958 1837 scientiae,
3003 1788 3161 1839 neque
3203 1769 3304 1840 ipsi

1742 1868 2005 1929 intrastis,
2028 1878 2075 1920 et
2106 1869 2359 1920 intrantes
2385 1883 2485 1920 non
2513 1868 2812 1935 permittitis
2842 1867 3038 1938 ingredi
3063 1867 3105 1920 ¹.

65 1949 164 2012 δὸς
219 1949 379 2021 οὔσης
412 1951 561 2023 παρὰ
589 1955 700 2015 τοῖς
754 1953 1132 2022 γραμματεῦσι
1165 1955 1258 2008 καὶ
1289 1955 1622 2026 Φαρισαίοις,
1658 1958 1757 2010 οὐκ
1803 1959 2222 2028 ἀγωνιζομένοις
2267 1958 2364 2028 τὴν
2392 1958 2508 2010 ὁδὸν
2559 1959 2736 2029 εὑρεῖν
2785 1959 2876 2012 τοῦ
2921 1957 3146 2023 ἀνοῖξαι,
3220 1954 3306 2035 τὸ⁹

66 2043 226 2097 Οὐαὶ
292 2043 432 2112 ὑμῖν
479 2042 603 2108 τοῖς
643 2043 938 2112 νομικοῖς·
985 2043 1071 2096 ὅτι
1114 2044 1293 2112 ἤρατε
1335 2044 1448 2114 τὴν
1487 2045 1696 2102 κλεῖδα
1734 2046 1839 2115 τῆς
1897 2047 2189 2116 γνώσεως,
2238 2047 2404 2100 αὐτοὶ
2458 2049 2569 2101 οὐκ
2616 2047 2944 2113 είσήλθετε.
3005 2048 3104 2101 καί
3163 2045 3305 2114 τοὺς

64 2135 532 2205 εἰσερχομένους
559 2137 668 2188 οὐκ
707 2135 912 2202 ἀφίετε
946 2136 1264 2191 εἰσελθεῖν.

142 2235 220 2285 Ζ’.
260 2229 440 2283 Ταῦτα
470 2228 527 2281 δὲ
556 2229 684 2298 ἡμῖν
729 2228 787 2280 ὲν
816 2227 1084 2298 προοιμίῳ
1112 2227 1381 2290 λέλεκται,
1420 2232 1502 2293 είς
1545 2230 1640 2301 μέ-

73 2339 260 2395 γιστον
310 2319 516 2388 ἀγῶνα,
572 2319 666 2372 καὶ
714 2317 1158 2388 ὁμολογουμένως
1199 2321 1338 2390 ὑπὲρ
1366 2322 1515 2391 ἡμᾶς
1547 2320 1642 2374 καὶ

69 2415 175 2485 τὴν
204 2411 316 2476 ’ἐξιν
349 2409 526 2480 ήμῶν,
557 2407 1018 2478 ἀναγκαζομένοις
1047 2409 1150 2462 ὑπὸ
1179 2410 1278 2480 τῆς
1317 2410 1513 2483 πολλῆς
1547 2427 1640 2464 σου

65 2503 455 2576 φιλομαθείας,
487 2501 579 2554 καὶ
605 2499 1037 2571 δυσωπουμένοις
1078 2502 1180 2555 ὑπὸ
1211 2505 1309 2573 τῆς
1344 2503 1641 2575 χρηστότη-

66 2615 167 2660 τος
203 2598 296 2649 καὶ
326 2595 424 2665 τῆς
459 2593 804 2664 μετριᾶτητός
850 2610 965 2656 σου,
1012 2594 1126 2665 ίερὲ
1171 2594 1478 2666 Ἀμϐρόσιε,
1509 2613 1639 2650 κατ-

64 2687 273 2740 ελθεῖν.
308 2686 416 2740 Καὶ
442 2686 522 2739 ὅτι
550 2702 613 2753 γε
644 2685 736 2738 ἐπὶ
773 2684 903 2738 πολὺ
947 2685 1305 2757 ἀναδυόμενόν
1340 2705 1428 2758 με,
1467 2687 1554 2742 διὰ
1581 2688 1642 2740 τὸ

66 2779 271 2832 ειδέναι
304 2777 393 2830 τὸν
436 2777 676 2831 κίνδυνον
719 2777 780 2830 οὐ
832 2776 990 2846 μόνον
1020 2776 1114 2830 τοῦ
1162 2777 1338 2847 λέγειν
1373 2781 1501 2850 περὶ
1533 2778 1640 2832 τῶν

68 2870 273 2939 ἁγίων,
323 2868 458 2923 ἀλλὰ
507 2865 688 2938 πολλῷ
725 2867 905 2921 πλεῖον
951 2868 1045 2921 τοῦ
1094 2869 1346 2940 γράφειν,
1401 2872 1494 2923 καὶ
1531 2873 1642 2933 τοῖς

67 2961 196 3031 μεθ’
249 2961 396 3030 ἡμᾶς
425 2959 764 3023 καταλιπεῖν,
796 2959 1150 3024 παντοδαπῶς
1198 2961 1514 3032 κατεπᾴδων
1552 2979 1643 3030 φι-
1668 2945 1710 3002 C

68 3051 271 3116 λικῶς,
302 3051 397 3106 καὶ
432 3050 571 3104 κατὰ
617 3049 896 3122 προκοπὴν
927 3051 1173 3124 θεότητος
1205 3055 1284 3118 είς
1321 3053 1478 3108 τοῦτο
1506 3055 1643 3126 ῆγα-

68 3142 172 3212 γές
211 3159 280 3213 με
303 3159 319 3173 ·
369 3141 575 3213 μάρτυς
622 3140 715 3196 έσο
759 3159 850 3211 μοι
880 3142 1014 3214 πρὸς
1057 3143 1189 3198 Θεὸν
1222 3143 1341 3215 μεθ’
1380 3145 1501 3198 ὅλου
1548 3144 1641 3198 τοῦ

68 3233 216 3304 βίου,
248 3232 345 3287 καὶ
378 3233 504 3302 περὶ
530 3231 636 3285 τῶν
674 3233 1129 3302 ὑπηγορευμένων
1166 3234 1562 3306 ἐξεταζομένων
1597 3237 1638 3300 ¹,

70 3325 206 3394 ποίᾳ
233 3341 293 3376 τε
322 3323 572 3393 προθέσει
599 3323 754 3377 τοῦτο
782 3325 1095 3395 γεγένηται.
1139 3328 1248 3379 Καὶ
1294 3329 1368 3398 πὴ
1422 3329 1517 3397 μὲν
1553 3329 1643 3380 ὲν-

73 3417 438 3487 ευγχάνομεν,
491 3417 566 3481 πὴ
624 3417 678 3469 δὲ
729 3417 849 3486 ἦτοι
902 3418 1197 3489 βιαζόμεθα
1243 3419 1560 3492 βιαιότερον,
1606 3421 1640 3491 ἢ

68 3506 342 3576 δοκοῦμέν
382 3525 431 3559 τι
461 3506 656 3575 λέγειν.
700 3507 1116 3580 Ἐξιχνεύσαμεν
1154 3511 1210 3563 δὲ
1247 3511 1305 3564 τὸ
1331 3513 1645 3584 γεγραμμέ-

68 3617 164 3651 νον
199 3597 261 3650 οῦ
288 3597 747 3668 καταφρονοῦντες
777 3598 894 3666 τοῦ,
927 3599 1056 3654 Ὅτε
1079 3601 1274 3671 λέγεις
1298 3603 1429 3671 περὶ
1472 3605 1640 3666 Θεοῦ,

69 3688 254 3754 κρίνῃ
284 3686 400 3740 ὑπὸ
439 3687 605 3754 Θεοῦ,
646 3688 824 3752 καλῶς
880 3690 1189 3760 εἰρημένου.
1238 3693 1347 3746 Καὶ
1395 3693 1474 3755 τὸ,
1507 3693 1645 3760 Περὶ

70 3777 232 3832 Θεοῦ
279 3777 377 3830 καί
424 3777 653 3848 τάληθῆ
712 3781 932 3849 λέγειν,
975 3781 1256 3849 κίνδυνος
1308 3786 1378 3838 οὐ
1407 3787 1641 3852 μικρός.

84 3869 380 3939 Ἀξιοῦμεν
439 3870 638 3935 τοίνυν,
695 3872 816 3925 ἐπεὶ
867 3873 1032 3943 μηδὲν
1095 3876 1263 3946 χωρὶς
1305 3876 1438 3929 Θεοῦ
1483 3876 1646 3931 καλὸν

71 3959 224 4016 εἶναι
253 3961 494 4029 δύναται,
527 3964 620 4016 καὶ
655 3964 886 4033 μάλιστα
916 3965 1098 4038 νόησις
1131 3967 1168 4019 Γ
1173 3968 1359 4038 pag:th
1398 3967 1650 4023 θεοπνεύ-

72 4071 248 4116 στων,
283 4054 451 4116 ὅπως,
485 4053 561 4125 τῷ
597 4055 772 4127 Πατρὶ
802 4057 909 4110 τῶν
941 4058 1076 4110 ὅλων
1121 4059 1239 4130 Θεῷ
1277 4059 1364 4112 διὰ
1408 4060 1500 4113 τοῦ
1533 4062 1646 4116 Σωο

71 4147 248 4216 τῆρος
284 4144 438 4214 ήμῶν
467 4146 560 4198 καὶ
591 4147 912 4219 ἀρχιερέως,
961 4148 1222 4219 γεννητοῦ
1265 4149 1399 4202 Θεοῦ
1433 4149 1650 4221 προσιέ-

71 4253 190 4299 ναι,
245 4233 486 4304 αἰτήσεις
525 4233 738 4305 δοθῆναι
777 4237 907 4306 ἡμῖν
956 4235 1169 4306 πρῶτον
1226 4235 1404 4300 καλῶς
1444 4234 1644 4304 ζητεῖν.

81 4323 402 4377 Ἐπίκειται
447 4323 555 4395 γὰρ
589 4327 698 4388 τοῖς
749 4325 1000 4397 ζητοῦσιν
1028 4327 1328 4397 ἐπαγγελία
1374 4327 1466 4380 τοῦ
1505 4326 1650 4398 εὑρί-

73 4432 237 4470 σκειν
261 4431 276 4444 ’
313 4415 453 4485 τάχα
488 4415 606 4469 οὐδὲ
643 4415 738 4487 τὴν
784 4418 956 4488 ἀρχὴν
991 4420 1070 4482 εἰς
1115 4417 1410 4489 ζητοῦντας
1439 4417 1649 4486 λογιζο-

77 4510 270 4580 μένων
304 4506 453 4578 παρὰ
472 4507 589 4577 Θεῷ
620 4507 729 4560 τῶν
757 4509 856 4579 οὐχ
889 4509 992 4578 ὀδῷ
1025 4512 1116 4563 ἐπὶ
1144 4509 1301 4564 τοῦτο
1333 4509 1645 4582 προϊόντων.

74 4603 241 4664 Ἕως
265 4591 380 4650 ὦδε
419 4596 488 4650 τὰ
511 4598 625 4650 ἀπὸ
659 4597 1012 4667 Ὠριγένους.

1799 2227 1910 2281 VII.
1955 2226 2078 2281 Haec
2115 2243 2143 2279 a
2174 2228 2330 2282 nobis
2358 2229 2507 2282 velut
2530 2226 2790 2298 praefandi
2819 2227 2991 2298 gratia
3034 2231 3309 2298 proposita

1737 2329 1884 2381 sunt,
1933 2320 2025 2387 qui
2083 2320 2134 2371 in
2189 2319 2486 2371 maximum
2532 2329 2830 2381 certamen,
2879 2321 3130 2389 quodque
3169 2323 3311 2378 vires

1736 2421 1951 2466 nostras
2004 2427 2066 2464 ac
2106 2410 2260 2480 531
2299 2412 2611 2465 facultatem
2663 2412 2784 2465 sine
2838 2411 2944 2464 ulla
2975 2411 3312 2469 dubitatione

1739 2513 1963 2574 Superat
2001 2503 2066 2556 ab
2111 2503 2311 2572 ingenti
2361 2511 2477 2566 tuo,
2517 2504 2769 2558 Ambrosi
2807 2503 2890 2557 vir
2932 2506 3306 2569 sanctissime,

1741 2611 1870 2665 erga
1904 2595 2112 2649 litteras
2151 2593 2333 2648 studio
2364 2594 2622 2648 concitati
2663 2595 2887 2662 fuimus,
2911 2603 2964 2651 ct
2995 2603 3054 2650 ut
3090 2597 3144 2649 in
3177 2597 3310 2652 illud

1740 2687 2195 2742 descenderemus
2252 2686 2588 2741 humanitate
2644 2693 2734 2740 tua
2810 2702 2871 2742 ac
2941 2687 3312 2743 moderatione

1732 2778 2001 2856 perpulsi.
2035 2776 2486 2847 Quandoquidem
2519 2779 2612 2832 diu
2649 2793 2754 2840 me,
2781 2786 3057 2849 comperta
3082 2779 3309 2849 periculi

1742 2870 2141 2941 magnitudine,
2169 2881 2533 2934 recusantem,
2574 2886 2681 2924 non
2722 2871 2881 2924 modo
2923 2871 3203 2941 disputare
3241 2872 3310 2929 de

1743 2966 1916 3020 sacris
1960 2964 2216 3029 Litteris,
2281 2965 2373 3020 sed
2407 2973 2460 3019 et
2503 2965 2674 3019 multo
2716 2964 2887 3033 magis
2939 2965 3198 3028 scribere,
3248 2979 3312 3020 ac

1743 3055 1978 3126 posteris
2012 3055 2344 3124 relinquere,
2395 3053 2568 3108 modis
2616 3053 2871 3107 omnibus
2925 3063 3087 3122 atque
3125 3053 3310 3107 illece-

1743 3146 1860 3201 bris
1901 3144 2233 3209 demulsisti,
2280 3151 2334 3199 et
2378 3143 2444 3198 ad
2489 3143 2590 3198 hoc
2637 3143 2962 3212 quibusdam
3010 3141 3314 3198 divinitatis

1744 3234 2222 3305 progressionibus
2274 3231 2568 3286 adduxisti.
2624 3231 2706 3285 Tu
2761 3232 2926 3301 igitur
2965 3232 3122 3287 testis
3175 3233 3313 3287 mihi

1743 3326 1885 3396 apud
1910 3325 2079 3382 Deum
2109 3325 2239 3388 eris,
2286 3332 2400 3378 tum
2435 3338 2558 3379 cum
2593 3324 2658 3379 de
2692 3323 2804 3377 vita
2847 3338 2964 3377 mea
2997 3337 3060 3378 ac
3091 3322 3314 3394 scriptis

1743 3417 2001 3486 iuquiret,
2035 3430 2273 3485 quonam
2299 3414 2468 3469 animi
2487 3415 2719 3470 consilio
2746 3413 2818 3470 sit
2848 3413 2979 3468 illud
3002 3429 3033 3467 a
3071 3429 3158 3469 me
3183 3429 3312 3469 sus-

1744 3515 1985 3576 ceptum.
2047 3506 2126 3560 Ac
2161 3520 2550 3576 nonnunquam
2591 3504 2809 3575 quidem
2841 3505 3121 3559 veritatem
3162 3521 3315 3560 asse-

1750 3597 1992 3667 quimur,
2022 3611 2415 3666 nonnunquam
2447 3603 2542 3650 aut
2567 3595 2858 3650 violentius
2883 3595 3311 3666 perrumpimus,

1745 3695 1841 3741 aut
1873 3687 2057 3743 dicere
2099 3689 2304 3759 aliquid
2336 3688 2606 3743 videmur.
2654 3686 2825 3741 Porro
2855 3687 3000 3757 quod
3049 3687 3313 3756 scriptum

1744 3785 1830 3834 est
1859 3779 2262 3848 vestigavimus,
2298 3793 2407 3832 non
2449 3779 2522 3832 ita
2563 3787 2620 3830 ut
2649 3777 2910 3848 praeclare
2943 3776 3074 3830 illud
3105 3776 3314 3830 dictum

1746 3878 2216 3926 contemneremus
2248 3889 2262 3924 :
2293 3869 2422 3923 Cum
2462 3869 2526 3923 de
2562 3869 2670 3924 Deo
2705 3869 2862 3933 dicis,
2903 3887 2936 3923 a
2980 3869 3315 3937 Deojudica-

1747 3962 1842 4015 ris.
1872 3961 2000 4015 Item
2032 3961 2161 4014 illud
2193 3979 2204 4014 :
2238 3959 2314 4014 De
2343 3961 2450 4014 Deo
2481 3962 2638 4014 etiam
2678 3979 2796 4015 vera
2830 3962 3019 4025 dicere,
3077 3978 3178 4014 non
3211 3977 3316 4013 me-

1747 4053 1923 4106 diocre
1960 4053 2248 4120 periculum
2294 4061 2392 4106 est.
2453 4052 2816 4117 Quamobrem
2850 4068 2972 4106 cum
3012 4053 3147 4106 nihil
3198 4053 3314 4106 sine

1750 4143 1863 4198 Deo
1917 4160 2040 4199 esse
2076 4145 2248 4214 possit
2297 4145 2595 4213 egregium,
2656 4143 3066 4213 praasertimque
3104 4142 3314 4196 divina-

1751 4249 1872 4287 rum
1907 4232 2232 4288 Litterarum
2280 4231 2666 4302 intelligentia;
2713 4231 2808 4284 abs
2843 4238 2894 4284 te
2943 4230 3106 4283 etiam
3147 4235 3314 4296 atque

1755 4327 1920 4381 etiam
1972 4325 2224 4396 petimus,
2270 4331 2331 4377 ut
2379 4331 2657 4392 parentem
2707 4322 2947 4375 omnium
2998 4320 3162 4375 Deum
3221 4335 3314 4388 per

1757 4416 2092 4472 Salvatorem
2119 4424 2366 4470 nostrum
2400 4429 2464 4468 ac
2503 4414 2831 4484 pontiﬁcem,
2872 4413 3113 4483 genitura
3146 4411 3312 4465 Dclllll

1753 4510 2043 4564 obsecrare
2083 4508 2241 4568 velis,
2277 4507 2439 4576 idque
2488 4507 2556 4558 ab
2588 4519 2653 4559 eo
2696 4505 2851 4559 nobis
2896 4505 3209 4573 impetrare,
3257 4510 3314 4555 ut

1753 4599 2022 4671 imprimis
2086 4606 2234 4653 recte
2293 4613 2536 4667 quaerere
2586 4596 2877 4667 possimus.
2940 4593 3314 4660 Quaerentibus

75 4694 232 4748 enim
272 4693 547 4761 proposita
583 4701 665 4745 est
706 4694 1028 4762 assequendi
1071 4694 1385 4763 promissio.
1434 4694 1510 4748 Ac
1555 4694 1744 4749 nescio
1775 4708 1843 4746 an
1871 4691 1964 4762 qui
1995 4690 2062 4744 ad
2115 4691 2246 4743 illud
2300 4690 2387 4744 via
2442 4704 2508 4743 ac
2550 4689 2761 4742 ratione
2819 4687 3044 4741 minime
3081 4697 3314 4741 conten-

75 4787 247 4846 dunt,
289 4783 430 4836 inter
471 4798 565 4837 eos
595 4784 684 4854 qui
725 4794 974 4853 quierunt
1015 4786 1154 4855 apud
1189 4784 1354 4840 Deum
1404 4801 1510 4839 non
1554 4786 1876 4841 habeantur.
1908 4781 2174 4835 Hactenus
2209 4781 2449 4851 Origenis
2482 4781 2654 4833 verba.

149 4875 241 4932 H'.
295 4876 460 4946 Ἀρχή
499 4894 586 4947 μοι
615 4877 791 4946 λέγειν
827 4879 966 4949 πρὸς
1002 4881 1092 4931 τὸν
1132 4878 1416 4950 κομπώδη,
1445 4880 1538 4932 xui.
1562 4880 1642 4931 60-

74 4975 246 5042 κήσει
296 4969 476 5036 σοφὸν,
525 4971 620 5022 καὶ
649 4971 945 5042 ἐρευνητὴν
975 4971 1079 5024 τῶν
1109 4973 1503 5043 ἁνερευνήτων,
1559 4973 1652 5024 καὶ

74 5063 422 5134 ἐκδιδαστὴν
464 5064 570 5117 τῶν
609 5066 964 5138 ἐπουρανίων,
1007 5067 1216 5119 τουτονὶ
1261 5067 1350 5118 τὸν
1389 5066 1652 5137 φλυαρίας

75 5155 447 5226 ἐμπλήσαντα
474 5153 562 5206 τὸν
613 5154 748 5224 βίον,
775 5155 849 5217 ὡς
877 5155 972 5208 καὶ
1007 5157 1036 5207 ὁ
1063 5154 1322 5224 κρείττων
1347 5153 1501 5223 ἡμῶν
1533 5151 1650 5204 κατ’

74 5246 255 5301 αὑτοῦ
289 5245 496 5316 εἴρηκε,
536 5247 747 5317 πρῶτον
781 5247 908 5316 περὶ
937 5245 1190 5316 γεννητοῦ
1221 5243 1372 5296 Θεοῦ.
1421 5244 1528 5297 Καὶ
1569 5243 1648 5295 ὅτι

81 5340 187 5408 μὲν
217 5336 498 5406 ὁμολεξίαι
526 5354 582 5389 τε
619 5337 710 5391 καὶ
737 5337 1046 5408 ὁμωνυμίαι
1095 5334 1283 5387 πολλαὶ
1330 5336 1387 5386 ὲν
1433 5334 1509 5404 τῷ
1552 5334 1649 5404 βίῳ

79 5433 210 5497 εἰσὶ,
251 5431 432 5500 πάντη
462 5430 619 5484 τοῦτο
647 5430 802 5500 δῆλόν
836 5433 969 5483 ἐστι.
1008 5431 1115 5481 Καὶ
1149 5429 1196 5480 εί
1233 5428 1330 5498 μὲν
1363 5428 1464 5480 ὑπὸ
1491 5427 1646 5480 ἄλλου

1817 4875 1952 4929 Vill.
2006 4875 2283 4929 Adversus
2322 4881 2665 4941 arrogantem
2715 4869 2859 4923 hunc
2911 4869 3207 4934 hominem,
3265 4881 3316 4922 et

1746 4968 1998 5038 opinione
2053 4967 2136 5020 sui
2180 4966 2446 5026 inﬂatum,
2493 4977 2788 5030 eorumque
2851 4975 2970 5028 qua:
3007 4960 3331 5029 investigari

1748 5066 2049 5127 nequeunt,
2099 5062 2484 5112 scrutatorcm,
2529 5052 2621 5120 qui
2679 5050 2850 5104 ctelos
2891 5051 3039 5120 ipsos
3093 5059 3318 5119 prieter-

1750 5166 1971 5221 gressus
2001 5158 2119 5212 est,
2161 5148 2364 5216 quique
2395 5145 2732 5215 ineptissima
2768 5142 3094 5212 loquacitate
3130 5142 3320 5194 orbem

1755 5252 2020 5297 terrarum
2046 5241 2307 5312 implevit,
2333 5235 2788 5308 quemadmodum
2821 5237 2977 5306 longe
3002 5235 3158 5290 nobis
3181 5247 3316 5301 pra:-

1756 5335 1987 5389 stantior
2013 5334 2154 5388 alius
2183 5332 2236 5386 in
2273 5331 2424 5385 illum
2459 5342 2619 5386 antea
2650 5329 2808 5392 dixit,
2839 5329 3011 5398 prima
3043 5326 3110 5382 de
3131 5325 3316 5396 genito

1755 5427 1864 5482 Deo
1903 5425 2188 5481 tractanda
2236 5423 2536 5493 disputatio
2567 5430 2671 5478 est.
2708 5421 2766 5476 ln
2799 5435 2909 5492 quo
2950 5417 3084 5474 illud
3129 5417 3316 5471 obser-

164 5592 184 5624 ι
217 5587 285 5645 F.
318 5587 705 5659 ἐξεταζομένῳ.
785 5591 803 5620 '
837 5589 938 5643 lsa.
977 5602 1122 5654 nix,
1158 5586 1246 5651 ll,
1275 5587 1361 5641 1‘2.
1440 5588 1458 5617 ³
1490 5584 1620 5641 Luc.

1808 5587 1853 5640 Ξ.
