3822 6398
349 239 476 291 1085

1761 246 1817 300 S.
1860 244 2198 300 EPIPHANII

3504 224 3700 286 1084

348 346 578 401 randum
618 364 724 412 est,
756 354 1186 424 quamplurimas
1232 356 1287 408 iu
1342 356 1576 410 humana
1621 368 1917 413 consuetu-

2040 362 2051 431 ἱ
2084 359 2227 424 λέξις
2253 359 2487 429 ἐλέγετο,
2518 354 2584 430 ἦν
2612 359 2807 420 εἰπεῖν,
2848 358 2931 410 ὃτι
2963 354 3104 409 κατὰ
3143 353 3312 425 ὀρθὴν
3356 348 3703 405 διάνοιαι

350 440 468 497 line
507 441 893 500 similitudines
922 461 1113 500 vocum
1149 454 1203 501 et
1248 446 1625 519 homonymias
1664 466 1822 518 esse;
1860 451 1914 505 id

348 534 485 602 quod
530 534 804 599 omnibus,
860 537 1073 607 opinor,
1116 546 1205 593 est
1239 540 1607 595 manifestum.
1642 544 1720 596 Ac
1754 544 1799 596 si
1847 543 1916 597 ab

347 621 450 674 alio
482 623 739 691 quopiam
789 627 1116 680 vocabulum
1161 627 1291 681 illud
1338 644 1717 699 usurparetur,
1766 642 1915 686 recto

345 726 405 765 ac
452 714 668 768 sincero
727 717 908 769 animo
961 720 1368 786 pi-onuntiatum
1426 736 1547 775 esse
1593 724 1913 779 existimare

349 819 648 871 possemus.
692 806 847 861 Nunc
890 824 1012 862 cum
1061 812 1114 864 in
1159 811 1282 866 aliis
1318 812 1591 882 plerisque
1644 815 1778 870 locis
1825 817 1918 870 de-

350 897 768 966 prehendamus,
806 884 1139 971 unigenitum
1192 903 1358 957 Deum
1391 920 1419 957 a
1447 915 1667 975 paterna
1719 908 1916 962 divini-

351 993 459 1040 tate
490 993 649 1055 atque
680 989 983 1043 substantia
1017 993 1083 1045 ab
1112 993 1300 1047 eodem
1337 1005 1565 1052 auctore
1624 998 1916 1068 segregari,

350 1093 559 1133 necnon
583 1087 635 1133 et
654 1081 913 1149 Spiritum
933 1093 1206 1149 sanctum,
1233 1097 1518 1159 propterea
1536 1092 1779 1161 γενητόν,
1811 1078 1918 1146 hoc

349 1178 432 1224 est
462 1174 770 1232 productum
822 1172 1013 1241 Deum,
1068 1176 1274 1233 idcirco
1305 1181 1508 1236 dixisse
1549 1182 1702 1235 illum
1760 1196 1920 1252 appa-

349 1267 450 1319 ret,
497 1261 638 1329 quod
678 1273 923 1318 creatum
974 1274 1260 1322 statueret.
1304 1268 1461 1335 Quod
1507 1271 1650 1325 enim
1690 1272 1919 1341 argutiis

352 1350 745 1408 circumvenire
779 1371 878 1409 nos
910 1356 1023 1411 suis
1070 1372 1133 1412 ac
1174 1359 1354 1414 dicere
1403 1361 1650 1415 nonnulli
1695 1364 1916 1427 volunt,

353 1437 494 1492 idem
516 1455 637 1496 esse
672 1446 895 1515 γενητόν
921 1461 1044 1500 cum
1068 1449 1329 1520 γεννητῷ,
1359 1450 1516 1523 532
1541 1467 1661 1506 cum
1708 1452 1774 1508 de
1812 1452 1921 1509 Deo

354 1531 550 1600 agitur,
617 1551 959 1608 nequaquam
1020 1542 1346 1597 audiendum
1404 1557 1517 1607 est,
1569 1546 1665 1600 sed
1721 1547 1921 1603 creatis

354 1622 613 1678 duntaxat
652 1629 705 1681 iu
743 1632 926 1686 rebus.
964 1632 1119 1686 Aliud
1178 1636 1320 1688 enim
1369 1645 1451 1690 est
1494 1639 1737 1710 γενητόν,
1774 1640 1918 1693 aliud

356 1719 627 1810 γεννητόν.
680 1722 832 1785 Quod
891 1724 1056 1793 igitur
1114 1726 1182 1780 ah
1226 1742 1292 1780 eo
1318 1728 1519 1780 dictum
1555 1738 1636 1782 est
1685 1728 1928 1810 γενητόν,

356 1804 461 1861 hoc
512 1817 595 1863 est
636 1817 944 1877 productum
1004 1815 1170 1871 Deum
1222 1815 1457 1885 primtuu
1510 1817 1640 1871 illud
1686 1804 1930 1874 sciscitei

355 1913 500 1955 mur.
549 1900 779 1967 Quinam
831 1906 1003 1958 creari
1039 1908 1213 1974 potuit
1256 1908 1323 1973 is,
1367 1910 1459 1977 qui
1501 1924 1530 1960 a
1573 1916 1625 1964 te
1663 1903 1930 1978 ejusmodi

359 1990 636 2044 vocabulo
666 1991 891 2046 honoris
922 2008 1086 2048 causa
1127 1994 1359 2049 adicitur
1383 1996 1567 2051 Deus?
1605 1997 1930 2053 Adorandus

357 2094 489 2133 vero
535 2080 808 2148 quomodo
852 2082 1068 2137 tandem
1121 2086 1245 2151 erit,
1302 2084 1346 2140 si
1395 2085 1572 2141 factus
1626 2088 1747 2142 est?
1796 2086 1931 2142 Volo

356 2171 501 2225 enim
534 2172 678 2224 illam
709 2172 957 2242 Apostoli
986 2176 1467 2244 reprehensionem
1496 2195 1799 2244 removeas,
1821 2197 1929 2250 qua

356 2277 453 2317 eos
500 2264 852 2332 prosequitur
880 2266 973 2334 qui
1007 2269 1204 2323 creatis
1252 2270 1414 2324 rebus
1442 2270 1780 2325 divinitatem
1829 2272 1926 2325 tri-

358 2357 588 2412 buerent
616 2359 654 2411 ¹.
684 2360 762 2410 Ac
800 2359 957 2411 talem
992 2361 1122 2414 mihi
1169 2360 1337 2415 Deum
1373 2362 1614 2417 exhiberi
1642 2365 1781 2427 volo,
1834 2366 1927 2435 qui

358 2452 677 2508 adoratione
705 2454 904 2522 dignus
934 2455 1005 2507 sit
1043 2456 1177 2523 :qui
1225 2453 1364 2508 idem
1410 2464 1555 2509 recta
1609 2457 1929 2528 sinceraque

359 2544 485 2609 ﬁde,
529 2562 649 2616 qua:
692 2547 908 2617 quidem
952 2546 1194 2600 Creatori
1246 2546 1367 2609 soli,
1417 2562 1525 2600 non
1568 2548 1693 2601 item
1729 2552 1928 2605 creatis

357 2640 429 2694 ab
472 2641 567 2695 illo
616 2642 780 2695 rebus
828 2641 1202 2696 adoratiouetn
1247 2639 1507 2709 impertit,
1554 2652 1770 2697 creatus
1830 2644 1929 2697 ali-

358 2733 581 2803 quando
626 2743 937 2789 censeatur.
989 2731 1108 2788 Hoc
1157 2732 1204 2787 si
1246 2732 1621 2789 demonstrare
1663 2738 1926 2805 potueris,

359 2832 475 2879 tum
540 2824 756 2881 demum
822 2826 1053 2881 mendax
1109 2825 1243 2880 illud
1313 2836 1466 2880 tuum
1522 2828 1927 2899 conﬁctumque

358 2918 550 2988 dogma
599 2919 795 2973 rationi
845 2926 1293 2981 consentaneum,
1340 2934 1438 2973 nec
1478 2920 1547 2974 ab
1578 2920 1927 2990 antiquorum

358 3008 583 3065 Patrum
612 3012 810 3081 pietate
843 3013 1078 3068 alienum
1100 3026 1221 3066 esse
1244 3011 1536 3067 videbitur.
1564 3011 1766 3067 Verum
1794 3029 1924 3067 nun-

358 3120 523 3175 quam
569 3103 697 3158 illud
740 3105 899 3159 nobis
949 3105 1231 3160 ostendes.
1281 3107 1361 3159 Ac
1410 3105 1624 3160 tametsi
1668 3105 1932 3160 interver—

2019 452 2115 505 καὶ
2145 451 2302 505 τοῦτο
2330 453 2573 523 εἴρηται·
2609 449 2773 502 ὁπότε
2806 449 2863 501 δὲ
2898 450 2956 500 ὲν
2986 447 3201 509 πολλοῖς
3220 444 3411 506 τόποις
3456 434 3703 505 £690-

2020 562 2119 616 μεν
2168 543 2328 599 αὐτὸν
2353 544 2443 596 τὸν
2490 544 2753 615 μονογενῆ
2805 542 2938 594 Θεὸν
2989 536 3481 607 ἁπαλλοτριοῦντα
3554 524 3703 594 τῆς

2014 638 2108 691 τοῦ
2140 637 2351 708 Πατρὸς
2396 637 2647 707 θεότητός
2674 652 2734 687 τε
2766 635 2859 686 καὶ
2904 632 3109 694 οὐσίας,
3141 628 3275 699 ὁμοῦ
3306 645 3365 679 τε
3408 624 3556 677 καὶ
3610 616 3699 669 τὸ

2018 730 2240 800 Πνεῦμα
2268 729 2330 783 τὸ
2379 729 2553 797 ἅγιον,
2599 727 2788 780 τούτου
2838 726 2993 796 χάριν
3044 724 3104 776 τὸ
3147 726 3168 753 δ
3199 720 3427 790 γενητὸν
3488 710 3699 767 Θεὸν

2019 820 2299 891 εἰρηκέναι
2328 820 2489 873 αὐτὸν
2541 818 2713 885 σαφές
2748 819 2915 879 ἐστιν,
2955 816 3037 867 ὅτι
3086 812 3302 866 κτιστὸν
3334 808 3689 880 ὁρίζεται-

2030 914 2121 976 Ὠς
2191 913 2298 984 γάρ
2347 929 2495 975 τινες
2546 912 2692 982 ἡμᾶς
2746 908 3022 979 βούλονται
3082 904 3191 977 (50)
3257 898 3685 971 σοφίζεσθαι,

2020 1004 2114 1056 καὶ
2155 1004 2334 1071 λέγειν
2389 1005 2503 1056 ἴσον
2549 1002 2609 1055 τὸ
2656 1000 2882 1070 γενητὸν
2930 995 3065 1051 εἶναι
3109 996 3187 1066 τῷ
3233 992 3530 1063 γεννητῷ,
3589 986 3686 1039 οὐ

2020 1094 2390 1165 παραδεκτέον
2442 1093 2499 1146 δὲ
2547 1092 2640 1146 ἐπὶ
2689 1089 2821 1144 Θεοῦ
2876 1088 3089 1156 λέγειν,
3142 1084 3254 1140 ἀλλ’
3305 1085 3341 1153 ἢ
3394 1084 3500 1134 ἐπὶ
3572 1074 3685 1129 τὰ

2020 1186 2295 1257 κτίσματα
2351 1185 2530 1257 μόνον.
2585 1184 2811 1253 ’Ἕτερον
2866 1183 2974 1253 γάρ
3025 1180 3139 1232 ἐστι
3192 1176 3459 1246 γενητὸν,
3526 1169 3678 1223 καὶ

2020 1280 2206 1349 ἕτερον
2229 1278 2503 1348 γεννητόν.
2537 1278 2609 1330 Τὸ
2640 1276 2768 1345 γοῦν
2799 1274 2926 1345 παρ’
2962 1271 3125 1325 αὐτοῦ
3160 1270 3320 1340 ῥηθὲν
3359 1270 3477 1334 ἦτοι
3526 1278 3675 1330 γε·

2020 1369 2180 1441 νητὸν
2238 1366 2406 1429 Θεὸν,
2472 1361 3070 1436 πρῶτον“ὲρωτῶμεν,
3134 1358 3303 1419 ποίοις
3370 1355 3669 1424 τρόποις

2021 1465 2266 1519 ἔκτισται
2295 1465 2324 1516 ὁ
2361 1460 2510 1531 παρὰ
2545 1460 2628 1511 σοὶ
2656 1456 2742 1511 διὰ
2769 1456 2868 1526 τῆς
2894 1454 3091 1519 λέξεως
3124 1450 3327 1519 ταύτης
3357 1444 3669 1516 τιμῶμε-

2022 1572 2106 1617 νος
2136 1553 2300 1617 Θεός;
2360 1550 2483 1613 Πῶς
2515 1549 2570 1602 δὲ
2608 1546 2687 1601 ἐτι
2725 1542 3095 1614 προσκυνητὸς
3140 1540 3312 1600 ἔσται,
3359 1537 3409 1588 εί
3447 1536 3665 1586 ἔσται

2029 1644 2281 1714 ποιητός;
2328 1641 2527 1709 Ἀφελε
2555 1637 2662 1709 γὰρ
2687 1637 2783 1708 τὴν
2822 1634 3025 1705 μέμψιν
3057 1630 3155 1701 τὴν
3182 1628 3333 1699 παρὰ
3357 1624 3437 1695 τῷ
3460 1625 3659 1692 ἁγίιρ

1964 1722 2004 1775 Β
2046 1736 2351 1805 Ἀποστόλῳ
2409 1733 2501 1787 ἐπὶ
2562 1733 2675 1793 τοῖς
2733 1727 2832 1798 τὴν
2884 1726 3058 1778 κτίσιν
3099 1718 3448 1788 θεολογοῦσι·
3507 1716 3653 1769 καὶ

2034 1828 2212 1891 ἐπίδος
2258 1844 2344 1897 μοι
2391 1823 2522 1876 Θεὸν
2560 1817 3028 1891 προσκυνούμενον
3071 1813 3286 1866 κτιστὸν
3313 1808 3459 1863 κατὰ
3498 1807 3651 1876 τὴν

2033 1921 2227 1990 εὐσεϐῆ
2289 1918 2487 1978 πίστιν,
2543 1914 2641 1985 τὴν
2692 1910 2889 1982 μηκέτι
2943 1908 3116 1960 κτίσει
3166 1898 3641 1972 προσκυνοῦσαν,

2032 2010 2168 2065 ἀλλὰ
2322 2007 2596 2061 κτίσαντι’
2650 2002 2745 2054 καὶ
2788 2000 2934 2052 ἔσται
2980 1995 3129 2066 παρὰ
3177 1992 3260 2044 σοὶ
3304 1989 3532 2055 εὔλογος
3584 1987 3639 2055 ἦ

2030 2101 2122 2157 τοῦ
2164 2098 2575 2169 πεπλανημένου
2606 2113 2697 2149 σου
2744 2094 2903 2160 λόγου
2936 2088 3042 2143 ἀπὸ
3078 2088 3178 2156 τῆς
3199 2084 3309 2139 τῶν
3338 2082 3635 2149 Πατέριον

2030 2192 2307 2255 εὐσεϐείας
2354 2188 2663 2244 ἀκολουθία.
2727 2184 2885 2238 Ἀλλὰ
2932 2184 2993 2236 οὐ
3035 2179 3139 2251 μὴν
3182 2177 3409 2229 δύνασαι
3448 2172 3637 2226 τοῦτο

2031 2284 2398 2357 παραστῆσαι.
2434 2282 2498 2334 Εἰ
2542 2280 2599 2333 δὲ
2638 2279 2731 2331 καὶ
2773 2274 3002 2345 ἐτόλμας
3047 2267 3386 2335 ἀποσυλῆσαί
3417 2263 3627 2357 ποθεν,

2030 2353 2124 2430 καί
2156 2353 2463 2445 βιάσασθαι,
2499 2371 2617 2424 οὐδὲ
2664 2371 2721 2421 ὲν
2755 2366 2930 2435 τούτῳ
2958 2362 3048 2416 τὸν
3090 2360 3310 2427 εὐλογον
3342 2353 3627 2424 λογισμὸν

2028 2467 2137 2520 τῶν
2174 2464 2439 2518 θεοσεὸῶν
2469 2459 2867 2532 παρεκτρέπειν
2882 2456 2961 2518 είς
2981 2451 3246 2521 τοσαύτην
3270 2447 3620 2517 φαυλότητα,

2029 2551 2342 2626 ὧθεήλατε.
2388 2550 2765 2621 Ἀντιμάχεται
2794 2547 2900 2618 γάρ
2937 2561 3019 2596 σοι
3074 2543 3166 2595 καὶ
3215 2539 3278 2593 τὸ
3324 2538 3616 2626 φρόνημα,

2030 2647 2122 2701 καὶ
2232 2645 2408 2713 λόγος.
2457 2643 2571 2694 Πᾶν
2614 2638 2722 2710 γὰρ
2750 2637 2810 2691 τὸ
2850 2635 3064 2689 κτιστὸν
3102 2632 3162 2684 οὐ
3204 2624 3617 2696 προσκυνητὸν,

2026 2740 2101 2803 ὡς
2149 2739 2305 2809 ἔφην.
2348 2736 2410 2788 Εἰ
2455 2734 2512 2787 δὲ
2567 2732 2701 2794 ὅλως
2757 2725 3129 2801 προσκυνητὸν
3176 2720 3388 2776 πολλῶν
3433 2717 3623 2772 ἄλλων

2030 2830 2382 2902 ὑπαρχόντων
2410 2824 2663 2884 κτιστῶν,
2717 2821 2868 2875 οὐδὲν
2912 2818 2976 2872 ἂν
3004 2815 3191 2870 διοίσει
3234 2812 3297 2864 τὸ
3340 2815 3436 2863 καὶ

2034 2900 2171 2993 μετὰ
2212 2919 2305 2973 τοῦ
2340 2919 2458 2982 ἐνὸς
2504 2913 2723 2970 κτιστοῦ
2752 2913 2821 2965 τὰ
2847 2910 2941 2963 ὅλα
2980 2906 3307 2979 προσκυνεῖν
3347 2900 3615 2953 σύνδουλσ

2030 2992 2182 3075 δντα,
2218 3008 2313 3062 καὶ
2338 3009 2402 3078 τῇ
2427 3006 2561 3075 αὐτῇ
2595 3003 2783 3072 ἀγωγῇ
2815 2999 2913 3070 τῆς
2951 2993 3244 3066 ὀνομασίας
3278 2992 3612 3044 ὑποπεπτω-

2036 3104 2189 3158 κότα.

358 3209 477 3258 tere
505 3200 750 3270 quaedam
790 3210 843 3255 et
876 3200 942 3255 ad
992 3209 1140 3255 tuam
1179 3200 1499 3256 sententiam
1527 3175 1811 3271 perp‘eram
1840 3199 2254 3255 accommodare
2279 3210 2449 3252 ausus
2484 3193 2680 3257 fueris,
2710 3204 2817 3244 non
2849 3189 2905 3242 in
2965 3186 3069 3240 hoc
3131 3193 3317 3237 tamen
3389 3179 3612 3249 religio-

359 3309 545 3351 sorum
584 3296 934 3366 coniunctam
981 3311 1105 3351 cum
1150 3305 1296 3352 recta
1334 3296 1545 3352 ratione
1592 3297 1922 3355 sententiam
1951 3295 2019 3351 ad
2067 3302 2274 3349 tantam
2331 3291 2676 3363 pravitatem,
2728 3282 3011 3338 hominum
3052 3276 3460 3366 furiosissime,
3504 3274 3611 3326 de-

360 3396 616 3459 torquere
644 3364 865 3457 poteris.
900 3383 1034 3440 Nam
1088 3393 1142 3441 et
1170 3400 1367 3442 sensus
1430 3385 1527 3440 tibi
1589 3386 1915 3459 refragatur,
1958 3395 2013 3441 et
2053 3386 2213 3440 ratio.
2258 3382 2468 3438 Etenim
2513 3374 2779 3450 quidquid
2816 3380 3065 3428 creatum
3098 3379 3204 3435 est,
3247 3364 3488 3428 adorari.
3549 3371 3621 3417 ιη

361 3483 631 3546 dixi,non
677 3490 873 3553 potest.
922 3480 1019 3537 Sin
1068 3482 1388 3537 adoratione
1434 3483 1653 3554 dignum
1699 3484 1923 3538 omnino
1962 3483 2199 3548 videtur,
2234 3497 2359 3537 cum
2400 3480 2507 3533 alia
2537 3472 2939 3548 quamplurima
2988 3476 3169 3524 creata
3217 3467 3361 3531 sint,
3426 3464 3619 3534 profe~

361 3588 452 3632 cto
489 3578 623 3631 nihil
655 3583 899 3641 interest,
967 3577 1099 3648 quin
1136 3588 1191 3632 et
1217 3593 1318 3633 nos
1352 3592 1478 3632 cum
1510 3578 1670 3633 unico
1714 3587 1963 3633 creatore
2036 3584 2233 3633 caztera
2287 3579 2577 3632 adoremus
2628 3576 2843 3641 omnia,
2900 3587 3021 3642 qua:
3074 3567 3259 3626 servili
3322 3562 3612 3618 nobiscum

361 3672 672 3729 conditione
697 3673 991 3743 eademque
1012 3673 1249 3729 nominis
1275 3675 1484 3729 ratione
1510 3675 1875 3730 continentur.

436 3762 527 3817 IX.
568 3764 679 3832 Age
730 3779 859 3818 vero
898 3763 1177 3819 videamus
1226 3765 1281 3819 in
1328 3773 1567 3835 quatuor
1598 3765 1926 3837 Evangeliis,

362 3856 568 3927 quibus
616 3854 780 3908 vitam
824 3870 1039 3910 omnem
1094 3865 1341 3912 nostram
1398 3855 1626 3912 Verbum
1673 3856 1816 3915 Deus
1867 3858 1934 3913 ad

366 3964 470 4004 nos
490 3951 714 4003 veniens
760 3946 1131 4004 administrari
1170 3950 1363 4015 voluit,
1415 3950 1652 4005 nuncubi
1686 3951 1937 4005 Christus

368 4041 445 4096 ita
480 4041 696 4095 locutus
745 4041 816 4097 sit
846 4060 860 4095 :
892 4039 1031 4095 Deus
1074 4059 1154 4097 me
1203 4044 1420 4108 creavit,
1450 4044 1555 4107 vel,
1602 4043 1764 4099 Pater
1792 4060 1935 4098 meus

366 4130 562 4185 creavit
616 4145 713 4183 me.
774 4130 883 4183 Aut
938 4139 1122 4184 utrum
1186 4129 1348 4186 Pater
1414 4133 1468 4184 in
1519 4130 1630 4185 ullo
1699 4145 1936 4200 unquam

368 4222 660 4294 Evangelio
706 4222 1181 4291 pronuntiaverit:
1222 4222 1332 4293 Ego
1382 4226 1552 4277 creavi
1610 4221 1835 4287 Filium,
1887 4234 1937 4278 et

368 4316 493 4369 misi
540 4314 608 4369 ad
636 4332 770 4369 -vos.
807 4313 913 4368 Sed
946 4312 1013 4369 de
1049 4314 1135 4367 his
1167 4314 1453 4368 hactenus.
1496 4314 1631 4368 Nam
1680 4313 1826 4384 quod
1870 4314 1938 4369 ad

369 4408 690 4463 testimonia
720 4407 974 4476 pertinet,
1026 4421 1125 4461 nos
1154 4407 1552 4476 quamplurima
1582 4422 1724 4477 saepe
1749 4407 1941 4462 adver-

2098 3761 2173 3815 Θ¹ο
2235 3753 2463 3830 Ἰὁωμεν
2516 3758 2572 3811 δὲ
2612 3756 2701 3811 διὰ
2754 3756 2862 3811 τῶν
2915 3756 3193 3825 τεσσάρων
3236 3751 3606 3819 Εὐειγγελὶιλονἶ

2028 3853 2094 3906 δι’
2122 3846 2195 3906 ὧν
2226 3851 2322 3922 τὴν
2371 3852 2549 3904 πᾶσαν
2592 3849 2747 3920 ἡμῶν
2793 3848 2937 3919 ζωὴν
2983 3846 3329 3917 ᾠκονόμησεν
3369 3842 3541 3894 ἐλθὼν
3584 3844 3607 3892 ἐ

2030 3947 2161 4010 Θεὸς
2204 3945 2404 4013 Λόγος,
2441 3944 2592 3996 εἵπου
2637 3944 2855 4013 εἴρηκεν
2893 3941 2922 3991 ό
2962 3938 3225 4009 Χριστόςο
3264 3937 3325 3988 '0
3366 3936 3511 3999 Θεός
3534 3950 3604 4002 με

2035 4041 2313 4100 ἔκτισεν.
2369 4038 2427 4108 ἢ,
2476 4039 2528 4089 Ὀ
2574 4035 2772 4103 Πατήρ
2811 4052 2930 4103 μου
2979 4019 3179 4086 ἔκτισέ
3222 4049 3323 4100 μετ
3380 4031 3603 4099 ἰδωμει

2034 4134 2092 4188 δὲ
2119 4134 2213 4186 καὶ
2235 4135 2256 4165 ⁵
2284 4135 2313 4185 ὁ
2339 4133 2527 4202 Πατὴρ
2560 4131 2873 4200 ἀπεφήνατο
2902 4129 2958 4179 ἐν
2986 4128 3066 4179 ὲν¹ι
3087 4126 3194 4179 τῶν
3239 4123 3605 4191 Εὐαγγελίων,

2042 4227 2122 4280 ὅτι
2156 4227 2406 4279 Ἐκτισα
2430 4225 2535 4277 τὸν
2564 4222 2713 4285 Υἱὸν,
2742 4221 2841 4275 καί
2872 4218 3221 4275 ἀπέσταλκα
3250 4216 3411 4286 ὑμῖν.
3452 4214 3601 4267 Ἀλλὲ

2045 4319 2173 4390 περὶ
2227 4317 2416 4370 τούτου
2463 4316 2567 4378 ἕως
2622 4307 2724 4367 ὦδε
2773 4314 2843 4367 τὰ
2885 4312 2979 4366 νῦν
3043 4311 3231 4381 ἐχέτω.
3298 4308 3433 4378 Περὶ
3502 4310 3599 4375 γὰρ

2049 4408 2362 4481 μαρτυριῶν
2416 4407 2673 4469 πολλάκις
2725 4405 2853 4477 περὶ
2886 4404 2991 4458 τῶν
3029 4404 3089 4457 τὸ
3138 4402 3339 4470 κτίσμα
3380 4417 3597 4472 τταρεισ⁴

371 4516 469 4557 sus
512 4500 635 4555 illos
682 4500 985 4563 attulimus,
1018 4498 1111 4568 qui
1142 4506 1448 4553 creaturam
1492 4476 1926 4555 nobisiobtrude-

2044 4476 2283 4569 αγόντων
2305 4500 2472 4553 πολλὰ
2519 4476 2829 4567 ἐξεθέμεθα.
2874 4494 3037 4548 Οὐδὲν
3065 4494 3122 4547 δὲ
3156 4493 3383 4563 λυπήσει
3418 4494 3512 4545 καὶ
3551 4493 3612 4544 ὲν

371 4592 524 4648 bant.
558 4589 704 4645 Nihil
730 4598 911 4645 tamen
946 4590 1000 4643 in
1045 4591 1331 4660 praesentia
1355 4590 1531 4661 palam
1574 4590 1751 4647 facere
1785 4592 1937 4663 pige-

370 4679 472 4746 bit,
504 4696 666 4750 quam
707 4679 866 4735 facile
920 4678 1169 4751 redargui
1221 4696 1375 4737 error
1421 4682 1510 4737 ille
1542 4683 1733 4752 possit,
1776 4692 1938 4753 atque

372 4772 448 4827 ita
495 4772 769 4826 hominem
814 4772 990 4835 illum,
1030 4774 1124 4843 qui
1155 4773 1376 4843 sapiens
1423 4774 1528 4829 sibi
1566 4775 1803 4839 videtur,
1846 4792 1939 4846 ag-

374 4865 546 4935 gredi.
574 4864 778 4927 Potest,
808 4864 878 4917 mi
914 4864 1098 4929 homo,
1123 4873 1342 4920 creatus
1375 4865 1463 4920 ille
1489 4881 1610 4922 esse
1638 4868 1729 4937 qui
1762 4866 1933 4922 dixit:

378 4953 487 5024 Ego
523 4956 578 5009 in
614 4954 774 5010 Patre
805 4965 855 5010 et
887 4955 1048 5010 Pater
1078 4957 1132 5010 iu
1164 4972 1244 5011 me
1272 4958 1414 5023 est';
1447 4966 1537 5012 et:
1566 4959 1731 5013 Ambo
1775 4976 1935 5014 unum

373 5048 632 5101 eumus'?
666 5048 852 5104 Potest
890 5064 1018 5105 vero
1056 5048 1306 5105 diversus
1354 5064 1497 5116 esse,
1536 5050 1629 5120 qui
1671 5051 1935 5121 aequalem

447 5205 462 5234 '
494 5202 651 5259 Rom.
688 5219 726 5270 ι,
752 5204 843 5261 25.
918 5208 937 5237 ⁹
965 5205 1121 5262 Joan.
1145 5222 1255 5271 xiv,
1284 5208 1378 5274 f0;
1410 5225 1464 5274 x,
1495 5206 1583 5263 '50.
1661 5207 1681 5239 ³
1714 5205 1874 5263 Joan.
1898 5224 1953 5274 ι,
1978 5209 2065 5266 30.

449 5364 559 5435 (30)
601 5363 695 5428 Ὠς
725 5362 1033 5435 τάρίτινες
1074 5363 1227 5432 ἡμᾶς
1262 5366 1609 5429 βούλονται.
1656 5364 1926 5431 Quantum

378 5434 493 5491 haec
522 5436 783 5506 vocabula
824 5434 932 5488 duo
954 5436 1187 5506 γενητόν
1242 5445 1295 5489 et
1351 5436 1603 5506 γεννητόν
1660 5435 1928 5490 scribendi

380 5504 871 5577 pronuntiandique
911 5504 1168 5559 aliinitate
1214 5504 1509 5577 conjuncta
1535 5517 1681 5569 sunt,
1708 5514 1929 5577 tantum

379 5575 787 5645 ﬁguiticationis
831 5589 932 5628 usu
969 5590 1031 5627 ac
1063 5576 1391 5645 proprietate
1437 5577 1658 5631 distant.
1705 5575 1815 5632 Nec
1847 5584 1931 5631 est

380 5645 487 5701 ulla
534 5660 659 5714 vox,
712 5645 766 5699 in
803 5660 910 5715 qua
954 5645 1258 5707 uberiorem
1306 5645 1594 5701 cavillandi
1637 5655 1692 5702 et
1725 5647 1932 5703 calum-

2042 4592 2119 4661 τῷ
2162 4592 2388 4663 παρόντι
2425 4590 2591 4656 δεῖξαι
2631 4589 2692 4642 τὸ
2728 4588 2992 4659 εὔληπτον
3030 4585 3123 4639 τοῦ
3169 4584 3344 4652 λόγου,
3394 4584 3491 4636 καὶ
3529 4587 3611 4637 εί-

2043 4687 2161 4738 πεϊν
2218 4685 2353 4756 πρὸς
2409 4683 2595 4737 τοῦτον
2655 4683 2744 4735 τὸν
2797 4680 3140 4748 ὲθελόσοφον,
3210 4677 3332 4739 Πῶς
3387 4677 3608 4730 δύναται

2042 4777 2276 4840 κτιστὸς,
2308 4770 2354 4829 ὦ
2392 4768 2568 4840 οὗτος,
2613 4771 2752 4829 εἶναι
2783 4776 2812 4827 ό
2838 4774 3009 4843 λέγων
3031 4789 3044 4800 ·
3104 4771 3243 4840 Ἐγὼ
3275 4770 3344 4823 ἐν
3385 4769 3464 4835 τῷ
3492 4772 3605 4822 Πα-

2041 4870 2154 4938 τρὶ,
2183 4869 2282 4924 καὶ
2312 4873 2345 4924 ό
2382 4869 2582 4937 Πατὴρ
2614 4869 2682 4922 ἐν
2703 4867 2851 4938 ἐμοι·
2895 4866 3007 4928 καὶ,
3040 4867 3102 4917 οι
3142 4863 3248 4917 δύο
3276 4862 3344 4915 ἓν
3380 4862 3603 4929 tower;

2042 4961 2166 5024 Πῶς
2194 4961 2250 5014 δὲ
2277 4961 2499 5014 δύναται
2543 4960 2699 5024 ἄλλος
2734 4955 2870 5012 εἶναι
2908 4958 2937 5009 ὁ
2972 4956 3067 5027 τὴν
3108 4954 3228 5025 ἴσην
3272 4954 3435 5023 τιμὴν
3474 4952 3604 5022 πρὸς

2040 5053 2253 5123 Πατρὸς
2295 5052 2467 5118 ἕγωνς
2517 5052 2723 5118 Οὐδεὶς
2760 5049 2868 5120 γὰρ
2906 5044 3029 5103 οἶδε
3058 5048 3161 5102 τὸν
3207 5046 3359 5109 Υίὸν,
3389 5048 3440 5099 εὶ
3462 5046 3545 5114 μὴ
3572 5048 3603 5097 ό

2142 5213 2163 5242 ⁵
2192 5207 2253 5263 F.
2282 5209 2379 5279 τῷ.
2454 5211 2476 5242 ³
2510 5209 2642 5281 Leg.
2665 5211 2737 5263 εί.

2033 5365 2221 5420 niandi
2257 5366 2535 5421 materiam
2568 5365 2713 5420 nacti
2735 5364 2844 5419 sint
2868 5363 3075 5425 Ariani,
3117 5372 3176 5416 ut
3206 5377 3269 5417 ex
3313 5362 3598 5414 Anommo-

2035 5451 2154 5490 runt
2200 5437 2393 5491 haeresi
2440 5436 2579 5491 infra
2635 5434 2926 5490 constabit.
2973 5432 3105 5487 Nam
3147 5432 3369 5502 γενητός
3408 5432 3593 5498 {actm

2037 5506 2324 5578 significat,
2342 5508 2489 5578 quod
2511 5518 2817 5562 creatarum
2837 5504 3315 5578 rerutnpmpriuin
3339 5513 3453 5565 est;
3485 5518 3594 5578 γεν-

2036 5573 2205 5703 mg».
2224 5573 2612 5650 vero'genitum
2634 5586 2737 5643 est,
2764 5576 2908 5647 quod
2936 5574 3071 5630 Filio
3103 5573 3372 5629 catholica
3402 5575 3595 5627 veritas

2044 5656 2115 5703 tn
2157 5658 2252 5703 un.

2044 5649 2252 5705 tribuit.
