3728 6192
26 210 51 263 1
65 209 187 266 085

720 208 1085 268 ADVERSUS
1122 208 1464 268 HIERESES
1495 210 1621 267 LIB.

1818 212 1930 270 0M.
1973 214 2090 270 l.—
2127 212 2399 272 HEBES.
2434 214 2617 271 LXIV.

3160 211 3301 269 {1036

22 321 295 392 Πατὴρ,
349 322 490 378 οὐδὲ
546 324 654 377 τὸν
708 325 939 397 Πατέρα
987 328 1040 380 εί
1091 328 1178 397 μὴ
1235 331 1269 384 ὁ
1318 329 1469 395 Υἱός.
1523 328 1630 381 Καὶ

1818 345 1856 384 n
1891 329 2053 385 Patre
2081 330 2344 387 honorem
2372 332 2653 386 obtineat?
2681 331 2851 387 Nemo
2873 335 3011 389 enim
3037 337 3175 390 novit
3204 335 3301 390 Fi-

21 416 117 477 τδ,
168 417 239 469 '0
282 415 555 485 ἑωρακὼς
595 417 719 486 ἐμὲ,
762 416 981 487 ἑώρακε
1008 420 1117 475 τὸν
1152 420 1399 489 Πατέρα.
1450 420 1615 475 Πάλιν

23 509 93 561 δὲ
146 507 421 571 ὡσαύτως
463 509 564 562 ὅσα
598 508 745 580 αὐτῷ
787 510 914 583 περὶ
962 512 1311 577 ἀναστάσεως
1353 511 1627 583 ἀμφιϐάλ-

22 602 221 666 λεται,
271 600 650 673 ἐπιλαϐόμενοι
681 603 779 675 τῆς
811 604 1153 669 ἀκολουθίας,
1204 601 1359 668 αὖθις
1397 605 1629 678 ἐροῦμεν

26 698 102 747 ἐκ
136 693 260 747 τῶν
293 694 456 748 αὐτοῦ
506 695 716 767 ῥητῶν
768 696 877 750 ἀπὸ
926 699 1054 769 μιᾶς
1097 697 1153 750 δὲ
1194 696 1393 763 λέξεως
1422 696 1484 750 τὸ
1520 696 1629 750 πᾶν

28 786 142 857 τῆς
200 784 433 858 γνώμης
494 786 659 841 αὐτοῦ
710 790 1085 860 ἀποδείξομεν,
1127 790 1223 843 καὶ
1288 790 1348 843 τὸ
1402 788 1629 843 ἄπιστον

31 880 146 949 τῆς
204 878 367 951 δόξης
409 879 504 934 τοῦ
547 880 711 935 αὐτοῦ
777 881 1044 954 δόγματος
1091 880 1530 952 ἀποκαλύψομεν.
1565 872 1629 933 Et

34 972 144 1025 καὶ
192 972 287 1026 διὰ
329 972 565 1037 πλάτους
608 974 757 1046 αύτῷ
797 976 1012 1046 εἴρηται
1049 974 1309 1037 πολλάκις
1353 972 1480 1045 περὶ
1508 970 1635 1026 τού-

1727 420 1877 485 lium,
1910 422 2014 475 nisi
2060 421 2244 484 Pater,
2272 438 2429 491 neque
2473 422 2707 487 Patrem,
2750 426 2852 478 nisi
2885 424 3056 479 Filius
3080 428 3121 479 ¹.
3161 426 3300 481 Tum

1728 514 1859 568 illud
1895 514 2041 580 :Qui
2078 514 2214 568 videt
2257 530 2358 576 me,
2407 513 2539 567 videt
2592 523 2642 567 et
2688 514 2896 570 Patrem
2922 517 2965 571 ³.
2996 517 3125 583 Ουεὲ
3172 534 3301 573 vero

1727 604 1988 660 adversus
2032 606 2485 661 resurrectionem
2527 607 2595 660 ab
2630 608 2817 662 eodem
2850 608 3117 679 disputata
3152 620 3301 678 sunt,

1729 704 1947 753 servato
1978 697 2191 759 ordine,
2224 713 2289 753 ex
2324 698 2571 769 ipsismet
2601 697 2745 754 illius
2768 700 2949 756 verbis
2982 707 3140 770 paulo
3175 714 3298 773 post

1729 786 2052 856 aﬂeremus,
2089 789 2248 861 533
2278 798 2441 861 atque
2473 806 2539 846 ex
2574 790 2733 846 unica
2777 808 2910 847 voce
2943 802 3110 848 totazn
3156 798 3303 853 illius

1731 882 2059 938 sententiam
2112 883 2445 953 aperiemus,
2493 890 2549 937 et
2568 892 2831 952 quantum
2890 886 2960 941 sit
3008 887 3061 940 in
3105 903 3170 943 eo
3215 888 3307 944 do-

1732 981 1912 1045 gmate
1934 973 2272 1029 inﬁdelitatis
2298 974 2747 1031 monstrabimus.
2775 975 3094 1047 Quanquam
3123 988 3307 1037 autem

35 1079 145 1114 του
172 1101 189 1127 ,
251 1061 349 1115 καὶ
384 1064 443 1117 ἐν
511 1063 733 1128 πολλαῖς
806 1064 1007 1136 βίϐλοις
1050 1064 1449 1135 πεφλυάρηται,
1488 1063 1638 1134 ὅμως

1818 1081 1840 1120 c
1873 1074 2257 1137 argumentum
2285 1082 2427 1136 saepe
2457 1067 2547 1124 ille
2578 1069 2798 1139 copiose
2839 1074 3172 1137 tractaverit,
3204 1089 3303 1127 va-

32 1152 148 1223 τὴν
218 1151 429 1222 ἔλεγξιν
476 1154 886 1225 παραθήσομαι,
944 1155 1036 1223 ἀφ’
1066 1148 1141 1208 ὧν
1198 1156 1256 1208 ἐν
1306 1154 1384 1225 τῷ
1440 1150 1639 1222 πρώτῳ

1818 1172 1947 1226 sque
1974 1158 2026 1211 in
2061 1157 2221 1213 libris
2248 1158 2495 1229 ingentes
2525 1176 2699 1231 nugas
2720 1161 2996 1229 eﬁ‘utierit,
3024 1163 3091 1218 iis
3120 1172 3302 1220 tamen

33 1246 261 1319 ψαλμῷ
300 1248 603 1319 ἐξηγήσατο
644 1249 785 1303 κατὰ
828 1251 927 1320 τὴν
957 1250 1251 1303 ἀνάστασιν
1282 1249 1383 1319 τῆς
1419 1246 1639 1319 βεϐαίας

1839 1251 1991 1305 illum
2022 1250 2377 1307 refellendum
2421 1268 2516 1308 ero
2553 1262 2865 1319 contentus,
2899 1271 3021 1326 quae
3064 1256 3118 1311 in
3156 1273 3310 1312 com-

37 1338 278 1405 ἐλπίδος
314 1340 473 1411 ἡμῶν
507 1343 966 1397 πεπιστευκότων.

1742 1342 2029 1397 mentariis
2062 1342 2116 1397 in
2148 1343 2383 1413 priorem
2419 1346 2707 1414 psalmum,
2755 1346 3018 1404 adversus
3050 1348 3172 1405 lllos
3199 1350 3312 1406 dis-

42 1434 259 1502 seruit,
290 1436 382 1506 qui
418 1440 874 1494 resurrectionem
919 1446 1070 1493 certa
1108 1439 1265 1494 nobis
1303 1453 1398 1510 spe
1438 1440 1743 1510 ﬁduciaque
1780 1438 2111 1509 propositam
2144 1454 2267 1494 esse
2295 1438 2397 1493 sibi
2428 1440 2799 1508 persuadent.l

123 1525 185 1577 Ρ.
228 1524 343 1579 Καὶ
370 1525 515 1579 ἔστιν
557 1527 634 1590 ὡς
666 1526 811 1596 λέγει
831 1542 845 1560 ·
879 1527 981 1582 Διὰ
1023 1526 1199 1582 τοῦτο
1232 1531 1342 1583 οὐκ
1374 1529 1639 1592 ἀναστή-

44 1603 278 1671 σοῗται
326 1618 562 1686 ἀσεϐεῖς
613 1619 682 1672 ὲν
736 1619 945 1688 κρίσει.
1000 1615 1136 1672 Εἶτα
1189 1620 1263 1683 ὡς
1321 1619 1441 1683 ἐθος
1490 1621 1639 1673 ἐστὶν

1816 1526 1885 1582 Χ.
1929 1526 2023 1583 Est
2054 1536 2232 1583 autem
2260 1527 2350 1583 hic
2382 1530 2568 1585 locus:
2599 1528 2882 1601 Propterea
2910 1550 3013 1587 non
3047 1547 3313 1606 resurgent

1746 1620 1894 1689 impii
1948 1620 2002 1673 in
2033 1618 2237 1689 judicio
2263 1620 2304 1672 δ.
2349 1618 2552 1676 Deinde
2595 1622 3053 1692 quemadmodum
3097 1629 3313 1686 collatis

47 1708 216 1780 αὐτῷ
262 1710 369 1763 ἀπὸ
415 1710 524 1763 τῶν
572 1710 833 1763 ἐκδόσεων
889 1709 1217 1778 φαντάζειν,
1267 1710 1466 1780 ὁμοίως
1513 1710 1639 1781 φησὶ

1819 1711 2082 1766 itionibus
2119 1710 2304 1766 fucum
2350 1711 2527 1767 facere
2557 1713 2714 1778 solet,
2750 1714 2823 1768 ita
2856 1716 3031 1787 inquit
3066 1719 3315 1777 Theodo-

48 1799 380 1868 Θεοδοτίων,
421 1802 651 1867 Ἀκύλας
670 1842 685 1864 ,
717 1801 1031 1873 Σύμμαχος.
1063 1796 1194 1854 Εἶτα
1221 1801 1469 1873 ἐπιφέρει
1496 1801 1637 1855 κατὰ

48 1888 171 1943 τῶν
203 1890 337 1946 υἱῶν
358 1892 456 1963 τῆς
480 1891 734 1964 ἀληθείας
761 1890 1101 1956 σκωπτωδῶς
1129 1907 1144 1921 ⁸

1747 1802 1845 1863 tio,
1881 1801 2079 1872 Aquila
2119 1808 2173 1855 et
2212 1800 2594 1872 Symmachus.
2629 1800 2765 1856 Tum
2803 1803 3021 1861 demum
3052 1810 3314 1869 adversus

1744 1893 1994 1949 veritatis
2024 1892 2164 1949 ﬁlios
2204 1892 2510 1947 cavillando
2536 1893 2640 1949 ista
2668 1894 2923 1966 subjicit:

1334 2004 1418 2060 Ea:
1441 2005 1680 2077 Origenis
1697 2009 2091 2062 commentario.

147 2124 451 2188 Ἐντεῦθεν,
490 2124 652 2195 φησὶν
678 2166 691 2188 ,
721 2124 768 2176 οἱ
807 2122 1163 2195 άπλούστεροι
1202 2124 1311 2177 τῶν
1348 2141 1639 2177 πεπιστευ-

54 2218 243 2272 κότων
293 2215 601 2289 ὁρμώμενοι
651 2215 929 2286 νομίζουσι
972 2217 1098 2280 τοὺς
1135 2217 1350 2279 ἀσεϐεῖς
1376 2217 1475 2287 τῆς
1508 2218 1641 2271 ἀνα-

57 2312 315 2373 στάσεως
364 2310 438 2381 μὴ
484 2308 810 2373 τεύξασθαι,
856 2308 947 2362 καὶ
985 2309 1084 2379 τῆς
1128 2308 1277 2373 θείας
1305 2308 1535 2381 κρίσεως
1566 2310 1641 2381 μὴ

55 2400 481 2465 καταξιοῦσθαι,
510 2398 562 2452 τί
596 2398 837 2461 νοοῦντες
864 2398 967 2469 τὴν
996 2398 1289 2453 ἀνάστασιν
1309 2439 1323 2463 ,
1354 2401 1447 2453 καὶ
1473 2418 1641 2453 ποτα-

54 2492 184 2562 πὴν
214 2492 313 2561 τὴν
340 2491 518 2561 κρίσιν
548 2490 957 2561 φανταζόμενοι,
981 2490 1041 2543 ού
1068 2491 1207 2544 πάνυ
1236 2492 1641 2563 σαφηνίζοντες.

58 2584 195 2638 Κᾶν
234 2582 427 2648 δόξωσι
466 2584 594 2655 περὶ
622 2584 825 2636 τούτων
858 2582 1251 2652 ἀποφαίνεσθαι
1285 2626 1301 2647 ,
1350 2586 1383 2655 η
1418 2584 1648 2655 βάσανος

61 2676 275 2738 αὐτοὺς
309 2674 568 2743 διελέγξει
591 2713 607 2737 ,
646 2676 706 2727 τὸ
742 2673 866 2744 ἑξῆς
899 2673 1205 2739 ἀκολούθως
1233 2674 1424 2739 σώζειν
1457 2675 1517 2728 ού
1554 2675 1647 2729 δυ-

66 2766 375 2838 ναμένους.
418 2765 493 2837 μὴ
535 2765 942 2836 κεκρατηκότας
980 2765 1071 2818 τὸν
1116 2767 1246 2836 περὶ
1299 2766 1648 2830 ἀναστάσεως

65 2857 173 2910 καὶ
220 2856 450 2926 κρίσεως
486 2856 703 2925 τρόπον.
745 2855 868 2909 Ἐάν
910 2852 1003 2910 οὖν
1045 2858 1468 2928 πυνθανώμεθα,
1508 2859 1649 2922 τίνος

1820 2124 2016 2194 Hujus,
2053 2125 2253 2194 inquit,
2286 2124 2388 2180 loci
2421 2125 2747 2182 auctoritate
2775 2127 2923 2194 freti,
2956 2129 3319 2200 simpliciores

1747 2218 1969 2287 quidam
2018 2232 2084 2273 ex
2122 2216 2375 2273 ﬁdelibus
2420 2226 2621 2288 negant
2671 2219 2848 2275 malos
2896 2224 3318 2282 resurrectionis

1744 2315 2024 2377 compotes
2051 2306 2287 2376 futuros,
2314 2316 2409 2363 aut
2442 2308 2534 2364 Dei
2560 2310 2773 2379 judicio
2791 2311 3117 2382 dignandos,
3142 2332 3318 2387 neque

1745 2398 2056 2467 cujusmodi
2095 2401 2573 2467 resurrectionem,
2606 2409 2699 2456 aut
2724 2404 2886 2473 quale
2918 2405 3021 2460 sibi
3046 2405 3315 2475 judicium

1751 2491 1981 2562 ﬁngant,
2016 2500 2202 2563 aperte
2238 2492 2373 2548 satis
2409 2493 2744 2563 exprimunt.
2784 2497 2863 2551 Ac
2910 2498 3038 2553 licet
3068 2516 3221 2554 suam
3252 2503 3321 2558 de

1753 2582 1838 2637 his
1865 2583 2194 2637 sententiam
2226 2583 2441 2653 aperire
2478 2582 2785 2651 videantur,
2828 2586 2946 2657 ipsa
2981 2588 3105 2644 illos
3143 2591 3324 2661 inqui-

1754 2673 1884 2728 sitio
1918 2672 2231 2740 convincet,
2265 2672 2630 2744 ostendetque
2674 2690 2775 2731 nec
2804 2676 2950 2747 quod
2978 2694 3325 2752 consequens

1753 2772 1836 2821 est
1870 2780 1935 2820 ac
1979 2765 2262 2820 cohaerens
2304 2764 2511 2820 servari
2543 2766 2611 2821 ab
2642 2766 2750 2822 illis
2785 2781 2966 2838 posse,
2998 2786 3100 2827 nec
3140 2788 3327 2827 resur-

1756 2854 2020 2910 rectionis
2051 2869 2116 2909 ac
2160 2855 2355 2925 judicii
2410 2855 2631 2910 modum
2681 2864 2735 2912 et
2778 2859 3040 2915 rationem
3078 2861 3328 2933 intelligi.

68 2949 377 3011 ἀνάστασις
405 2948 642 3014 γίνεταις
697 2950 1122 3019 ἀποκρίνονται.
1165 2951 1364 3021 φησὶν,
1413 2953 1495 3004 ὅτι
1545 2953 1639 3006 τῶι

1819 2946 1929 3001 itur
1956 2947 2003 3002 si
2052 2947 2458 3017 interrogemus
2492 2947 2778 3017 cujusnam
2811 2950 2881 3005 sit
2927 2949 3111 3005 futura
3146 2967 3334 3007 resur-

73 3043 375 3114 σωμάτων,
412 3035 485 3094 ὧν
519 3041 877 3113 περικείμεθα
916 3041 1030 3097 νῦν.
1068 3038 1201 3095 Εἶτα
1229 3059 1639 3115 προσεπερωτη-

1819 3038 1959 3092 ctio:
1997 3052 2313 3107 corporum,
2351 3039 2702 3109 respondent,
2732 3056 2853 3108 quae
2882 3056 2983 3097 nos
3014 3042 3172 3098 modo
3219 3044 3334 3099 cir-

76 3135 295 3189 σάντων
332 3133 519 3205 ἡμῶν,
568 3134 793 3205 πότερον
825 3134 925 3205 τῆς
974 3134 1164 3199 οὐσίας
1208 3134 1337 3208 ὅλης
1379 3134 1639 3200 αὑτῶν,ί

1818 3118 2041 3185 Imdant.
2099 3128 2437 3186 lnstantibus
2482 3129 2676 3193 nobis,
2722 3133 2890 3187 totius
2942 3133 3158 3188 illorum
3205 3135 3339 3191 sub—

74 3226 207 3299 οὐχί
235 3244 251 3294 ;
285 3227 415 3297 πρὶν
447 3225 733 3296 βασανίσαι
770 3225 1020 3295 λέγουσιν
1045 3269 1060 3289 ,
1093 3227 1175 3281 ὅτι
1206 3226 1308 3297 τῆς
1335 3225 1481 3296 ὅλης.
1534 3226 1660 3281 Ἐὰν

76 3319 142 3373 δὲ
173 3320 685 3391 προσαπορήσωμεν
736 3320 1264 3391 συμπεριφερόμενοι
1292 3321 1358 3391 τῇ
1407 3319 1661 3391 ἀκεραιό-

79 3425 214 3480 τητι
240 3407 449 3471 αὐτῶν,
493 3409 586 3461 καὶ
630 3408 782 3462 οὐδὲν
829 3408 958 3480 περὶ
988 3408 1081 3461 τοῦ
1128 3407 1357 3481 ῥευστὴν
1398 3404 1662 3478 εἶναιτὴν

82 3496 281 3550 οὐσίαν
313 3494 651 3563 ἐξετάζοντες
675 3535 690 3559 ,
720 3498 768 3549 εἰ
802 3496 1257 3564 συναναστήσεται
1295 3494 1365 3547 τὰ
1390 3492 1664 3567 ἀπορρεύ-

88 3605 264 3644 σαντα
296 3589 353 3641 ἐν
382 3587 764 3661 φλεϐοτομίαις
797 3588 1023 3658 αἵματα,
1056 3586 1149 3641 καὶ
1175 3586 1232 3640 αἱ
1270 3588 1581 3640 ἐκτακεῖσαι
1608 3585 1666 3637 ἐν

87 3682 271 3743 νόσοις
300 3680 499 3751 σάρκες
518 3720 533 3743 ,
568 3679 661 3733 καὶ
687 3679 868 3752 τρίχες
899 3683 1069 3732 πᾶσαι
1107 3681 1162 3732 αἱ
1194 3678 1413 3732 πώποτε
1442 3677 1666 3748 γενόμεο

87 3792 185 3828 ναι
206 3815 221 3840 ,
261 3773 294 3845 ἢ
326 3774 481 3844 μόναι
512 3774 568 3827 αί
614 3772 750 3845 πρὸς
792 3776 856 3844 τῇ
889 3773 1051 3843 ἐξόδῳ
1080 3772 1421 3843 θλιϐόμεναι·
1451 3770 1539 3823 ότὲ
1570 3770 1667 3840 μὲν

1762 3222 1979 3277 stantia:
2007 3236 2183 3277 necne
2207 3221 2387 3276 futura
2420 3222 2524 3276 sit:
2558 3230 2847 3292 antequam
2880 3223 3167 3295 diligenter
3192 3224 3338 3281 istud

1762 3311 2143 3381 expenderint.
2169 3312 2337 3366 totius
2355 3310 2472 3367 fore
2488 3314 2863 3382 pronuntiant.
2892 3312 3047 3379 Quod
3071 3316 3117 3370 si
3149 3332 3251 3372 nos
3271 3316 3342 3372 ad

1763 3404 1979 3458 illorum
2004 3403 2404 3473 simplicitatem
2428 3404 2940 3468 accommodantes,
2978 3420 3155 3476 neque
3192 3404 3346 3477 quid-

1764 3511 1927 3567 quam
1956 3495 2024 3551 de
2052 3494 2196 3550 ﬂuxa
2225 3510 2289 3550 ac
2334 3495 2583 3550 mutabili
2617 3511 2907 3566 corporum
2934 3506 3130 3552 natura
3156 3497 3348 3568 dispu-

1769 3593 1970 3651 tantes,
2003 3585 2303 3641 duhitando
2334 3600 2556 3640 rursum
2608 3586 3040 3657 interrogemus,
3072 3603 3203 3642 num
3233 3602 3347 3644 una

1769 3680 1992 3755 sanguis
2040 3679 2131 3734 ille
2171 3679 2353 3735 omnis
2389 3687 2667 3749 resurgat,
2699 3679 2792 3749 qui
2851 3688 3000 3735 secta
3051 3680 3349 3736 identidem

1774 3787 1911 3827 vena
1944 3770 2254 3835 deﬂuxerit,
2286 3785 2349 3825 ac
2385 3770 2649 3841 quidquid
2683 3778 2945 3842 praeterea
2982 3772 3166 3827 carnis
3202 3787 3353 3827 mor-

92 3865 502 3938 προσκόπτουσι
537 3866 633 3920 καὶ
676 3866 742 3936 τῇ
797 3865 1057 3938 γινομένῃ
1104 3864 1380 3931 ἐξετάσει,
1432 3863 1639 3933 οἱόμενο

1818 3879 1973 3918 orum
2002 3864 2087 3918 vis
2131 3864 2522 3933 absumpserit,
2548 3878 2763 3918 necnon
2795 3870 2849 3919 et
2879 3864 2974 3934 pili
3016 3880 3230 3930 omnes,
3256 3864 3352 3935 qui

91 3957 207 4011 δεῖν
260 3957 569 4031 ἐπιτρέπειν
620 3957 698 4029 τῷ
723 3957 876 4029 Θεῷ,
925 3957 953 4010 ὃ
1000 3957 1247 4028 βούλεται
1291 3957 1419 4028 περὶ
1466 3954 1639 4008 τούτω

1818 3970 2017 4025 nquam
2048 3957 2193 4009 enati
2219 3964 2369 4021 sunt,
2398 3970 2467 4009 an
2493 3955 2527 4009 ii
2559 3955 2854 4020 duntaxat,
2879 3958 2972 4025 qui
3009 3958 3112 4011 sub
3141 3958 3353 4013 obitum

94 4054 309 4105 ποιεῖν·
357 4052 447 4105 ὁτέ
496 4052 583 4116 δὲ,
618 4050 899 4114 δοκοῦντες
944 4049 1426 4119 συγκαταϐαίνειν.
1459 4049 1556 4113 τὰς
1582 4049 1639 4100 ἐπ

1818 4057 2021 4104 ostrum
2067 4046 2402 4103 eilloruerint
2437 4065 2449 4100 :
2493 4063 2888 4118 nonnunquam
2937 4047 3005 4102 ad
3038 4064 3159 4104 eam
3199 4065 3352 4120 qua:-

94 4146 248 4200 τέλει
276 4144 474 4214 ταύτης
505 4145 603 4215 τῆς
647 4143 790 4212 ζωῆς
822 4143 1014 4213 τρίχας
1056 4142 1219 4211 φασὶν
1265 4143 1398 4212 ἡμῖν
1445 4158 1639 4195 συνανα

1818 4142 2011 4196 Lionem
2062 4139 2366 4205 oﬂ‘endunt,
2405 4155 2470 4195 ac
2502 4139 2615 4196 Deo
2646 4140 3069 4210 permittendum
3104 4156 3228 4196 esse
3270 4139 3356 4195 di-

100 4236 417 4308 στήσεσθαι.
459 4237 521 4290 υἱ
551 4236 608 4288 δὲ
636 4234 999 4304 γενναιότεροι
1028 4232 1226 4301 αὐτῶν,
1266 4232 1351 4285 ἴνα
1397 4231 1470 4302 μὴ
1507 4233 1639 4299 ἀναγ

1818 4239 1931 4297 unt,
1947 4237 2007 4284 ut
2027 4229 2289 4300 quidquid
2308 4229 2539 4285 voluerit
2563 4229 2630 4284 de
2644 4244 2708 4284 ea
2731 4228 3059 4297 constituat;
3079 4228 3355 4284 interdum

100 4330 377 4394 κάζωνται
409 4328 475 4382 τά
498 4330 705 4397 αἵματα
738 4327 1058 4394 συναγαγεῖν
1090 4324 1166 4395 τῷ
1194 4324 1357 4394 λόγῳ,
1384 4324 1451 4377 τά
1477 4325 1639 4378 πολλὰ

1818 4338 1931 4389 ero,
1946 4323 2093 4379 velut
2112 4323 2482 4387 assentiendo,
2501 4322 2648 4377 solos
2666 4322 2788 4377 illos
2812 4322 3093 4377 nobiscum
3113 4336 3358 4377 resurre-

100 4438 199 4484 τιις
224 4418 585 4490 ἀποκριθέντα
618 4417 724 4470 τῶν
760 4417 1025 4486 σωμάτων
1050 4416 1204 4486 ἡμῶν
1223 4455 1239 4481 ,
1268 4416 1362 4470 καὶ
1391 4416 1493 4479 τάς
1516 4432 1639 4486 μετα

1818 4423 1973 4471 turos
2007 4430 2130 4471 esse
2174 4414 2317 4485 pilos
2350 4422 2625 4478 asserunt,
2669 4429 2807 4484 quos
2853 4414 2956 4470 sub
2991 4414 3115 4469 vita:
3150 4415 3357 4468 exitum

105 4510 407 4573 ϐαλλούσας
433 4511 640 4581 σάρκας
677 4512 735 4563 ἐν
767 4509 941 4572 νόσοις
987 4509 1001 4539 ⁸
1045 4507 1305 4579 ἱδρῶτας,
1346 4508 1379 4579 ἢ
1426 4508 1543 4560 οἵαν
1584 4507 1639 4577 δή

1818 4508 2165 4563 Iabuerimus.
2190 4507 2259 4561 At
2288 4506 2381 4577 qui
2414 4506 2588 4578 magis
2616 4506 2758 4561 inter
2788 4506 2913 4560 illos
2952 4504 3161 4561 strenui
3203 4511 3355 4573 sunt,

108 4621 246 4658 ποτε
300 4603 469 4674 ὓλην,
519 4603 650 4671 φασὶ
704 4601 771 4654 τὰ
821 4602 913 4654 ἐπὶ
966 4600 1108 4654 τέλει
1157 4599 1311 4671 ἡμῶν
1363 4597 1639 4653 ἀνίστασθε

1818 4616 1860 4657 ιθ
1907 4599 2191 4672 sanguinis
2238 4599 2451 4670 copiam
2498 4613 2756 4665 omnem,
2787 4597 2883 4668 qui
2923 4612 2993 4655 ex
3036 4596 3359 4667 corporibus

112 4696 359 4768 σώματα.
1002 4742 1005 4745 λ
1388 4704 1395 4707 ·
1791 4690 1996 4748 nostris
2049 4690 2368 4761 plerumque
2412 4686 2575 4760 535
2611 4694 2855 4744 secretus
2890 4693 3008 4751 est,
3064 4686 3360 4755 itidemque

110 4804 335 4849 carnem
378 4804 617 4852 omnem,
646 4802 767 4859 qum
796 4804 892 4859 per
932 4788 1151 4843 morbos
1183 4788 1235 4841 in
1277 4788 1553 4845 sudorem,
1590 4794 1685 4839 aut
1723 4785 1884 4840 aliam
1917 4784 2190 4855 ejusmodi
2229 4784 2515 4839 materiam
2579 4782 2734 4846 abiit,
2802 4781 2858 4835 in
2900 4795 3068 4834 unum
3110 4776 3363 4834 conferre

112 4899 219 4943 sua
250 4884 495 4957 oratione
538 4889 823 4953 cogantur,
860 4882 1039 4952 qualia
1080 4881 1184 4935 sub
1213 4891 1442 4935 mortem
1475 4882 1806 4945 exstiterint,
1842 4893 2129 4951 resurgere
2171 4891 2403 4949 corpora
2436 4882 2623 4932 nostra
2660 4873 2977 4946 praedicant.

192 4999 287 5052 ΙΝ.
331 4996 371 5050 Τ
374 4996 513 5050 αῦτά
544 4996 658 5049 ἐστι
707 4996 775 5049 τὰ
802 4994 896 5048 τοῦ
927 4994 1327 5066 προειρημένου
1370 4992 1639 5060 ἐθελοσόφι

1859 4988 1951 5045 XI.
1994 4988 2088 5045 Hae
2133 4986 2392 5058 opinione
2451 4998 2546 5041 sua
2594 4982 2855 5052 sapientis
2920 4979 3068 5033 illius
3122 4977 3363 5033 hominis

115 5089 498 5161 ἐπαπορητικά
536 5089 671 5160 πρὸς
703 5088 802 5160 τὴν
842 5087 1095 5160 ἀλήθειαν
1141 5087 1398 5152 λεξείδια·
1440 5085 1474 5138 ἀ
1525 5087 1639 5138 ἀνα·

1818 5082 2059 5137 ιόνετευε
2087 5081 2373 5136 veritatem
2407 5078 2701 5149 prepositze
2733 5071 3153 5144 objectiunculze
3192 5080 3319 5127 sunt
3346 5088 3361 5126 :

120 5184 295 5246 καίως
340 5181 659 5254 παρεθέμην
706 5183 784 5243 εἰς
818 5178 1158 5254 παράστασιν
1198 5179 1308 5241 τοῖς
1352 5176 1639 5246 βουλομένη

1818 5189 1909 5242 juae
1933 5173 2067 5227 mihi
2097 5170 2411 5227 necessario
2436 5167 2773 5241 proferenda:
2819 5166 3058 5229 fuerunt,
3101 5174 3160 5219 ut
3198 5179 3359 5234 quam

119 5274 321 5329 ειδέναι
346 5271 438 5325 τὸν
466 5271 641 5324 πάντα
681 5268 803 5323 νοῦν
839 5268 1018 5323 αὐτῶν
1054 5268 1152 5339 τῆς
1187 5267 1315 5338 περὶ
1348 5265 1639 5319 ἀναστάσει

1818 5266 1883 5320 lle
1924 5264 1990 5320 de
2023 5263 2429 5321 resurrectione
2458 5276 2650 5333 parum
2694 5275 2825 5316 sane
2878 5273 2942 5313 ac
2974 5256 3207 5313 ﬁdeliter
3238 5270 3364 5311 sen-

131 5363 406 5426 Ξιπιστίας.
441 5362 550 5416 Καὶ
590 5361 700 5433 γάρ
740 5360 834 5415 καὶ
860 5360 992 5414 ἄλλα
1031 5359 1142 5429 ἔχει
1176 5358 1295 5429 μεθ’
1328 5358 1491 5428 ἐτερα
1528 5356 1639 5409 πολ]

1818 5356 1949 5419 .erit,
1983 5356 2104 5426 ejus
2131 5355 2209 5411 rei
2247 5355 2613 5427 intelligenda:
2638 5352 2851 5425 cupidis
2882 5351 3105 5422 planum
3138 5347 3364 5403 omnino

127 5459 190 5513 ἐν
225 5452 398 5526 ταύτῃ
428 5456 494 5524 τῇ
544 5452 635 5506 τοῦ
685 5450 902 5523 ψαλμοῦ
957 5449 1268 5522 ἀκολουθίᾳ.
1311 5448 1512 5502 Φάσκει
1558 5449 1639 5517 γάι

1818 5449 2053 5504 “acerem.
2075 5446 2212 5503 Nam
2238 5455 2295 5504 et
2316 5447 2420 5504 alia
2442 5447 2510 5504 ad
2535 5448 2786 5504 eumdem
2811 5444 3081 5516 psalmum
3106 5438 3365 5508 deinceps

211 5611 227 5639 '
256 5610 413 5668 Deest.
441 5613 538 5675 εὶς.
618 5612 636 5642 ²
669 5608 851 5663 Matth.
890 5625 959 5669 XI,
992 5608 1081 5662 ‘27.
1159 5608 1177 5638 ³
1204 5604 1364 5663 «ιοῖιυ.
1390 5622 1498 5671 xw,
1529 5603 1580 5659 9.

1818 5601 1849 5658 Ι.
1890 5618 1931 5667 t,
1954 5602 2007 5659 5.
