3822 6378
374 278 511 333 1087

1794 274 1853 331 S.
1892 271 2227 328 EPlPIIANlI

3490 266 3643 322 Ι(ὶῦἒί

375 392 442 445 ad
477 391 619 445 hunc
650 391 869 445 modum
910 391 1154 447 disserit.
1186 389 1276 446 Sic
1308 408 1455 447 enim
1488 392 1766 461 loquitur:
1804 390 1944 445 Prae

2064 390 2149 442 ltc‘t
2170 386 2344 441 τοῦτο
2370 387 2481 440 οὐκ
2506 384 2950 451 ἀναστήσονται
2975 389 3028 440 οἱ
3052 386 3287 452 ἀσεϐεῖς
3310 387 3381 440 ἐν
3407 388 3640 454 κρίσει.

374 492 552 548 prerat:
593 498 695 534 non
739 492 1007 553 resurgent
1040 483 1188 549 impii
1226 484 1279 537 in
1294 483 1520 553 judicio.
1552 483 1690 537 Tum
1728 498 1823 538 eos
1862 498 1949 538 re-

375 573 641 643 darguere
692 575 901 645 pergit,
934 575 1026 645 qui
1074 583 1277 631 certam
1324 592 1447 632 esse
1494 575 1948 632 resurrectionem

377 663 680 729 deliniunt,
738 674 791 721 et
821 667 1141 721 excitandos
1176 667 1243 721 ad
1296 667 1460 721 vitam
1517 676 1763 721 mortuos
1819 681 1950 721 con-

378 757 543 812 stanti
571 773 667 828 spe
699 773 762 811 ac
794 758 897 813 ﬁde
930 758 1270 828 proﬁtentur.
1297 758 1445 825 Quos
1476 759 1696 828 quidem
1720 758 1949 813 nimium

379 848 472 904 ille
502 849 781 919 simplices
809 859 983 920 putat,
1010 866 1072 905 ac
1105 852 1275 905 multa
1298 852 1560 908 adversus
1592 852 1715 906 illos
1740 851 1951 907 nefaria

380 940 730 1012 depromens,
766 951 820 997 et
868 942 1167 1013 sOphistica
1202 944 1437 1012 quadam
1471 944 1815 999 cavillatione
1854 960 1950 1014 ag-

381 1034 660 1105 grediens,
686 1050 861 1104 neque
905 1035 1201 1105 quidquam
1235 1051 1300 1089 ex
1330 1034 1641 1089 Christiana
1679 1035 1781 1092 (ide
1812 1038 1951 1106 peti-

382 1136 520 1189 tum,
555 1126 651 1181 sed
684 1126 1192 1190 ratimzinationibus
1227 1127 1537 1192 collectum,
1574 1128 1707 1182 nihil
1746 1143 1852 1181 non
1882 1128 1951 1183 ad

381 1232 497 1281 eos,
539 1218 738 1288 quibus
782 1220 1105 1288 persuadere
1147 1221 1424 1288 potuerit,
1462 1219 1788 1275 evertendos
1820 1220 1952 1275 atl‘e-

383 1325 533 1375 rcns,
560 1327 627 1365 ex
674 1310 740 1365 iis
784 1310 917 1381 ipsis
964 1327 1085 1381 quae
1116 1312 1440 1366 naturaliter
1484 1312 1643 1367 nobis
1672 1312 1949 1376 eveniunt,

381 1402 435 1457 id
483 1405 701 1474 assequi
743 1416 974 1459 conatus
1021 1413 1137 1471 est,
1199 1414 1261 1460 ut
1295 1406 1714 1461 resurrectionis
1753 1414 1954 1461 nostrae

383 1512 506 1551 cum
543 1513 637 1568 spe
680 1507 828 1553 certa
861 1498 1213 1565 coniunctam
1259 1498 1657 1569 professionem
1710 1498 1954 1554 funditus

382 1590 747 1661 tolleret.Ego
774 1607 904 1647 vero
932 1591 1001 1645 iis
1028 1590 1162 1660 ipsis
1189 1592 1280 1661 qui
1304 1601 1429 1646 ante
1457 1608 1543 1647 me
1573 1592 1627 1646 in
1649 1607 1771 1647 eum
1805 1592 1956 1645 labo-

2062 479 2341 533 Ἐντεῦθεν
2372 478 2452 531 δὲ
2509 478 2935 549 ἐπιλαμϐάνεται
2964 480 3058 534 καὶ
3088 480 3345 533 ἐπέκεινα
3389 478 3498 531 τῶν
3524 478 3647 549 τὴν

2051 573 2265 645 ἀσφαλῆ
2290 572 2587 626 ἀνάστασιν
2616 570 2923 643 όριζόντων,
2953 573 3048 626 καὶ
3082 574 3181 645 τὴν
3216 574 3444 644 βεϐαίαν
3476 576 3646 628 ἐλπί-

2049 665 2115 717 δα
2158 665 2257 735 τῆς
2306 664 2417 716 τῶν
2468 663 2677 734 νεκρῶν
2714 663 3062 725 ἀναστάσεως
3112 666 3477 719 πιστευόντων
3504 709 3518 731 ,
3554 667 3648 728 ὡς

2051 756 2323 826 ἀκεραίων
2354 756 2521 809 ὄντων
2541 798 2555 819 ,
2610 755 2779 807 πολλά
2810 756 3058 827 μοχθηρά
3093 756 3364 822 ἐπειπὼν,
3395 758 3493 811 καὶ
3541 775 3649 812 σο-

2051 848 2304 918 φιστικήν
2341 864 2461 900 τινα
2496 846 2749 899 ὑπόνοιαν
2784 847 3237 919 ὑφηγησάμενος,
3271 847 3333 901 οῦ
3361 868 3413 902 τι
3445 866 3643 902 πιστι-

2052 942 2147 994 κὺν
2166 982 2178 1005 ,
2221 940 2355 994 ἀλλά
2385 939 2787 1008 συλλογιστικὸν
2809 981 2822 1003 ,
2860 941 2966 993 πᾶν
2997 939 3175 995 ὁτιοῦν
3212 942 3291 1005 είς
3322 958 3641 1013 καταστρο-

2052 1031 2157 1102 φὴν
2186 1031 2294 1084 τῶν
2323 1030 2472 1101 αὐτῷ
2508 1031 2856 1091 πεισθέντων,
2896 1032 2959 1083 ὲκ
2996 1030 3102 1084 τῶν
3132 1031 3270 1085 κατὰ
3303 1033 3466 1103 φύσιν
3497 1036 3643 1105 ἡμῖν

2054 1123 2458 1195 συμϐαινόντων
2510 1123 2807 1195 ἀνατρέψαι
2843 1124 3104 1194 ἐπειράθη
3137 1126 3235 1195 τῆς
3271 1126 3447 1195 αὐτῆς
3495 1128 3641 1178 ἀνα-

2054 1217 2296 1280 στάσεως
2340 1215 2497 1285 ἡμῶν
2544 1216 2603 1267 ὲν
2651 1215 2880 1285 ἀληθείᾳ
2918 1215 3126 1278 ἐλπίδος
3169 1215 3267 1286 τὴν
3313 1216 3638 1285 ὁμολογίαν.

2065 1308 2203 1378 Ἐγὼ
2232 1308 2287 1361 δὲ
2317 1308 2424 1360 τῶν
2452 1306 2635 1371 καλῶς
2666 1307 2766 1377 ἤδη
2793 1308 3169 1377 κεκμηκότων,
3200 1308 3292 1359 καὶ
3314 1307 3641 1360 δικαιότατα

2054 1399 2467 1471 ἀνατρεψάντων
2498 1399 2596 1471 τὴν
2630 1400 2808 1452 πᾶσαν
2862 1398 3027 1451 αὑτοῦ
3075 1401 3502 1471 ὲπινενοημένην
3534 1403 3646 1471 ῥη-

2044 1495 2274 1568 τορικὴν
2312 1495 2647 1565 κακουργίαν
2690 1494 2764 1565 μὴ
2802 1496 2859 1547 ἐν
2892 1495 3064 1567 τόλμῃ
3102 1496 3334 1551 καλλίων
3374 1498 3646 1568 βουλόμε-

2052 1605 2143 1652 νος
2176 1582 2333 1652 εἶναι,
2373 1580 2460 1639 οἷα
2487 1586 2551 1656 δὴ
2583 1585 2787 1657 βραχὺς
2821 1586 3077 1656 ὑπάρχων
3097 1626 3111 1649 ,
3156 1588 3491 1658 ἁρκεσθῆναι
3520 1588 3645 1641 ἑνό-

381 1685 494 1737 rém
542 1683 930 1747 incubuerunt,
974 1694 1029 1739 et
1070 1685 1331 1739 oratoriis
1378 1684 1665 1740 lenociniis
1716 1683 1951 1739 fucatam

2064 1696 2190 1750 μισα
2219 1677 2398 1742 καλῶς
2424 1676 2565 1747 ἔχειν
2598 1680 2711 1741 τοῖς
2746 1678 2851 1731 ὑπὸ
2894 1678 2987 1731 τοῦ
3022 1680 3321 1750 μακαρίτου
3342 1680 3641 1746 Μεθοδίου,

380 1777 619 1833 hominis
643 1777 940 1847 nequitiam
971 1778 1294 1847 justissimis
1323 1778 1629 1834 rationibus
1651 1778 1947 1843 diluerunt,

2064 1772 2133 1833 εἱς
2164 1771 2253 1824 τὸν
2282 1771 2422 1839 Περὶ
2451 1770 2841 1835 ἀναστάσεως
2886 1769 3075 1839 λόγον,
3130 1772 3271 1825 κατά
3319 1773 3417 1825 τοῦ
3466 1774 3642 1827 αὑτοῦ

383 1870 728 1938 praestantior
752 1870 923 1926 videri
954 1887 1298 1941 nequaquam
1330 1870 1612 1935 affectans,
1641 1879 1828 1940 utpote
1856 1870 1949 1939 qui

382 1961 644 2016 mediocri
673 1963 774 2017 sim
808 1963 1022 2033 ingenio
1059 1964 1345 2035 praeditus,
1401 1970 1717 2017 contentum
1766 1978 1853 2017 me
1884 1963 1950 2020 iis

379 2066 503 2107 esse
540 2061 791 2123 oportere
839 2054 1059 2124 putavi,
1116 2070 1236 2124 quae
1282 2054 1476 2110 beatus
1534 2051 1839 2107 Methodius
1894 2049 1949 2105 in

2068 1865 2369 1935 Ὠριγένους
2402 1864 2732 1935 εἰρημένοις.
2774 1864 2963 1916 Ἃτινα
3020 1866 3253 1919 ἐνταῦθα
3296 1867 3441 1919 κατά
3492 1867 3645 1933 λέξιν

2056 1956 2464 2029 παραθήσομαι.
2498 1956 2607 2009 Καὶ
2641 1956 2754 2009 ἔστι
2781 1956 2849 2009 τὰ
2878 1957 2980 2009 ὑπὸ
3012 1957 3271 2011 Μεθοδίω
3310 1957 3485 2023 οὕτως
3506 2000 3523 2023 ,
3559 1959 3644 2023 ὡς

2058 2051 2151 2105 καὶ
2188 2052 2349 2115 αὐτὸς
2386 2049 2567 2115 ἔταξα.

382 2149 652 2212 oratione,
718 2164 879 2219 quam
939 2150 1015 2205 De
1049 2152 1427 2204 resurrectione
1482 2149 1724 2219 scripsit,
1765 2147 2029 2203 adversus
2066 2147 2313 2202 eumdem
2340 2145 2625 2214 Origenem
2670 2145 2947 2201 disseruit.
2982 2146 3111 2214 Quae
3165 2149 3385 2220 quidem
3430 2150 3520 2205 hic
3569 2149 3647 2204 ad

380 2244 605 2299 verbum
640 2247 822 2300 omnia
864 2248 1244 2302 transcribam.
1277 2246 1368 2301 Sic
1409 2247 1575 2318 igitur
1629 2242 1958 2306 Methodius,
2000 2250 2062 2298 ut
2086 2242 2230 2298 infra
2263 2243 2528 2312 scriptum
2560 2249 2673 2304 est,
2706 2241 2962 2313 loquitur.

527 2380 763 2449 Epilome
800 2381 1104 2461 dogmatum
1142 2381 1382 2451 Origent's
1424 2397 1488 2435 ex
1524 2380 1813 2436 Methodio.

452 2493 566 2549 Xll.
603 2494 715 2547 Hoc
749 2494 915 2565 igitur
949 2495 1068 2549 loco
1090 2495 1183 2566 qui
1216 2512 1281 2551 ex
1317 2495 1567 2552 ﬁdelibus
1598 2494 1957 2565 simpliciores

383 2594 510 2640 sunt
545 2584 775 2639 maxime
824 2584 981 2650 freti,
1035 2587 1232 2656 impios
1282 2595 1480 2657 negant
1535 2586 1957 2642 resurrectionis

382 2688 662 2748 compotes
694 2678 930 2745 futuros,
974 2696 1152 2750 neque
1193 2682 1323 2751 quid
1353 2697 1449 2753 per
1493 2681 1955 2737 resurrectionem

383 2772 708 2841 intelligant,
754 2773 889 2829 satis
936 2775 1229 2844 explicant.
1265 2774 1398 2829 Nam
1453 2776 1555 2832 etsi
1588 2791 1741 2829 suam
1775 2776 1839 2830 de
1872 2775 1957 2831 his

383 2866 714 2919 sententiam
752 2868 1110 2937 pronuntiare
1161 2867 1475 2931 vidcantur,
1522 2884 1588 2923 ex
1622 2867 1736 2938 ipsa
1774 2875 1957 2922 tamen

382 2957 738 3028 inquisitione
789 2960 1064 3014 constabit
1114 2960 1338 3014 minime
1398 2960 1543 3025 illos,
1597 2975 1718 3029 quae
1767 2974 1958 3013 conse-

2084 2378 2207 2432 Τῶν
2239 2377 2577 2447 Ὠριγένους
2607 2377 2855 2447 ἐπιτομὴ
2889 2379 3001 2447 (3i)
3040 2378 3107 2431 ἐκ
3141 2378 3257 2432 τῶν
3294 2380 3619 2437 Μεθοδίου.

2127 2492 2227 2545 lB’.
2277 2489 2556 2544 Ἐντεῦθεν
2588 2492 2635 2544 oi
2668 2490 3022 2560 ἁπλούστεροι
3050 2491 3159 2544 τῶν
3190 2495 3649 2548 πεπιστευκότων

2054 2581 2362 2655 ὁρμώμενοι
2389 2621 2404 2645 ,
2438 2581 2717 2652 νομίζουσι
2754 2583 2879 2646 τοὺς
2914 2583 3127 2647 ἀσεϐεῖς
3157 2583 3256 2653 τῆς
3285 2586 3647 2652 ἀναστάσεως

2059 2678 2131 2748 μὴ
2159 2675 2457 2740 τεύξεσθαι,
2479 2676 2531 2728 τί
2570 2676 2815 2742 νοοῦντες
2845 2677 2941 2749 τὴν
2978 2678 3269 2732 ἀνάστασιν
3295 2720 3311 2742 ,
3342 2682 3437 2733 καὶ
3470 2699 3647 2736 ποτα-

2055 2768 2161 2838 πὴν
2187 2767 2286 2839 τὴν
2314 2767 2492 2836 κρίσιν
2519 2766 2932 2838 φανταζόμενοι,
2961 2768 3022 2820 οὐ
3057 2769 3194 2822 πάνυ
3227 2768 3643 2841 σαφηνίζοντες.

2058 2861 2176 2913 Κᾶν
2216 2860 2323 2930 γὰρ
2355 2858 2571 2912 δοκοῦσι
2599 2860 2728 2930 περὶ
2765 2858 2968 2913 τούτων
2998 2860 3426 2930 ἀποφαίνεσθαι,
3463 2864 3497 2933 ἠ
3526 2864 3646 2933 βά-

2058 2970 2214 3015 σανος
2244 2952 2440 3015 αὐτοὺς
2476 2950 2738 3019 διελέγξει
2760 2991 2774 3015 ,
2832 2952 2901 3005 τά
2941 2953 3069 3025 ὲξῆς
3095 2954 3401 3018 ἀκολούθως
3442 2956 3646 3020 σώζειν

382 3052 606 3120 quentia
643 3057 793 3112 sunt,
828 3067 986 3119 posse
1012 3067 1253 3106 servare.
1294 3051 1473 3118 Quare
1512 3052 1556 3107 si
1595 3066 1689 3107 eos
1724 3051 1954 3106 interro-

2064 3051 2136 3122 μὴ
2166 3050 2512 3121 δυναμένους.
2552 3048 2676 3103 Ἐὰν
2704 3044 2796 3104 οὖν
2832 3050 3247 3122 πυνθανώμεθα,
3283 3052 3429 3116 τίνος
3455 3054 3644 3106 αὐτῶν

384 3159 590 3214 gemus.
625 3144 909 3213 cujusnam
940 3144 1268 3200 resurrectio
1309 3144 1489 3197 futura
1523 3144 1626 3199 sit:
1658 3158 1949 3213 corporum

385 3233 543 3304 535
579 3236 785 3304 utique,
821 3235 1166 3305 respondent,
1193 3233 1391 3304 quibus
1436 3233 1597 3288 modo
1629 3235 1951 3289 circumdati

2058 3146 2092 3214 ἡ
2121 3144 2411 3206 ἀνάστασις
2450 3141 2696 3211 γίνεταις
2734 3143 3151 3213 ἀποκρίνονται,
3181 3146 3262 3197 ὅτι
3292 3146 3401 3197 τῶν
3451 3146 3643 3215 σωμά-

2053 3255 2184 3299 των,
2213 3229 2287 3290 ὧν
2316 3235 2411 3289 νῦν
2441 3236 2822 3307 περικείμεθα.
2854 3232 2987 3289 Εἶτα
3026 3240 3642 3309 προσεπερωτησάντων

385 3341 596 3382 sumus.
633 3326 736 3382 Sed
770 3327 1101 3382 instantibus
1146 3327 1304 3381 nobis
1351 3328 1587 3382 totinsne
1637 3327 1954 3382 substantiae

2064 3328 2233 3399 ἡμῶν,
2265 3329 2494 3399 πότερον
2520 3330 2619 3399 τῆς
2660 3329 2848 3393 οὐσίας
2871 3329 3049 3382 αὐτῶν
3079 3330 3225 3401 ὅλης,
3265 3331 3297 3402 ἧ
3331 3331 3478 3399 sext;
3505 3332 3643 3401 πρὶν

384 3434 556 3473 necne
584 3435 704 3475 esse
725 3419 917 3474 debeat
946 3438 957 3473 :
991 3431 1278 3491 antequam
1307 3418 1594 3490 diligenter
1622 3418 1952 3488 expendant,

383 3510 553 3565 totius
593 3526 715 3565 esse
740 3511 1026 3565 deﬁniunt.
1059 3510 1212 3577 Quod
1251 3512 1297 3566 si
1329 3527 1432 3567 nos
1458 3512 1524 3565 ad
1573 3511 1786 3565 illorum
1825 3510 1956 3565 sim-

385 3601 684 3670 plicitatem
732 3604 1211 3656 accommodantes
1272 3602 1467 3656 iterum
1510 3600 1809 3655 dubitando
1838 3617 1960 3671 per-

386 3704 691 3759 contemur,
732 3711 862 3748 num
916 3710 1023 3747 una
1060 3693 1285 3762 sanguis
1328 3694 1419 3747 ille
1472 3692 1813 3758 restituatur,
1866 3692 1957 3762 qui

389 3795 537 3844 secta
592 3787 886 3841 identidem
920 3801 1057 3840 vena
1106 3785 1333 3841 delusus
1367 3794 1471 3851 est,
1498 3801 1712 3840 necnon
1742 3793 1796 3841 et
1833 3800 1960 3840 caro

388 3879 588 3941 omnis,
620 3894 680 3932 ac
716 3878 828 3947 pili,
876 3879 966 3949 qui
1002 3894 1238 3949 unquam
1264 3879 1411 3934 enati
1458 3886 1605 3941 sunt,
1638 3893 1707 3932 an
1747 3880 1785 3933 ii
1820 3879 1961 3933 dun-

392 3980 559 4036 taxat,
586 3971 676 4042 qui
706 3971 808 4027 sub
831 3972 1036 4026 exitum
1067 3979 1313 4029 nostrum
1338 3971 1672 4029 eilloruerint
1691 4011 1706 4031 .
1739 3988 1803 4028 eo
1830 3989 1963 4028 con-

391 4063 623 4135 fugiunt,
655 4075 714 4119 ut
746 4063 857 4120 Deo
906 4066 1332 4137 permittendum
1366 4082 1489 4123 esse
1516 4065 1720 4129 dicant,
1751 4075 1807 4120 ut
1843 4083 1962 4137 quae

389 4158 538 4222 velit,
566 4156 779 4212 clliciat.
811 4158 881 4211 At
910 4158 1003 4227 qui
1031 4159 1205 4228 magis
1233 4158 1377 4213 inter
1414 4158 1537 4213 illos
1566 4158 1772 4213 strenui
1813 4167 1960 4225 sunt,

388 4262 458 4302 ne
513 4249 793 4318 sanguinis
844 4247 1057 4318 copiam
1112 4263 1361 4311 omnem,
1390 4247 1485 4317 qui
1526 4263 1591 4302 ex
1640 4249 1963 4318 corporibus

390 4338 594 4393 nostris
621 4339 941 4408 plerumque
975 4347 1224 4394 secretus
1254 4346 1361 4402 est,
1412 4339 1468 4391 in
1514 4355 1681 4392 unum
1716 4338 1964 4394 conferre

2059 3420 2345 3491 βασανίσαι
2388 3421 2638 3489 λέγουσιν
2664 3462 2678 3485 ,
2718 3422 2799 3474 ὅτι
2830 3420 2977 3491 ὅλης.
3034 3421 3158 3475 Ἐὰν
3190 3421 3247 3474 δὲ
3280 3424 3643 3492 προσαπορή-

2060 3526 2240 3580 σωμεν
2273 3510 2803 3582 συμπεριφερόμενοι
2845 3512 2912 3581 τῇ
2956 3511 3303 3582 ἀκεραιότητι
3332 3511 3510 3564 αὐτῶν
3533 3554 3549 3577 ,
3588 3514 3640 3564 εί

2061 3603 2521 3673 συναναστήσεται
2573 3604 2641 3658 τὰ
2678 3603 3090 3675 ἀπορρεύσαντα
3140 3606 3198 3657 ὲν
3252 3603 3639 3676 φλεϐοτομίαις

2060 3695 2301 3765 αἵματα,
2332 3696 2425 3748 καὶ
2474 3698 2528 3750 αἱ
2575 3698 2775 3768 σάρκες
2803 3737 2820 3762 ,
2858 3698 2950 3751 καὶ
2996 3700 3051 3751 αἱ
3088 3699 3273 3769 τρίχες
3304 3699 3363 3751 αι
3410 3697 3637 3752 πώποτε

2060 3789 2377 3859 γενόμεναι,
2427 3788 2459 3857 ἢ
2505 3789 2661 3860 μόναι
2715 3791 2771 3843 αἱ
2805 3791 2942 3861 πρὸς
2990 3794 3055 3863 τῇ
3092 3792 3253 3862 ἐξόδῳ
3284 3790 3638 3862 θλιϐόμεναιο

2061 3884 2138 3945 είς
2175 3882 2236 3935 τὸ
2284 3880 2362 3953 τῷ
2390 3882 2509 3953 Θεῷ
2558 3885 2731 3937 ποιεῖν
2764 3884 2781 3914 ί
2818 3884 2854 3937 ἀ
2893 3883 3138 3954 βούλεται
3188 3886 3637 3956 προστρέχουσιν.

2062 3971 2122 4025 Οἱ
2163 3972 2221 4025 δὲ
2250 3973 2610 4046 γενναιότεροι
2637 3974 2817 4027 αὐτῶν
2841 4016 2855 4040 ,
2891 3975 2977 4029 ἵνα
3009 3976 3083 4047 μὴ
3125 3976 3531 4045 ἀναγκάζωνται
3566 3977 3642 4029 τὰ

2061 4063 2201 4117 αὐτὰ
2236 4065 2441 4136 αἵματα
2473 4070 2795 4135 συναγαγεῖν
2822 4066 2899 4138 τῷ
2940 4067 3113 4138 λόγῳ.
3149 4068 3184 4123 ἃ
3212 4069 3469 4131 πολλάκις
3498 4071 3643 4122 ἀπο-

2063 4156 2315 4227 κριθῆναι
2343 4157 2454 4210 τῶν
2488 4161 2755 4230 σωμάτων
2786 4160 2943 4232 ἡμῶν
2992 4161 3188 4233 συνέϐη
3208 4203 3222 4224 ,
3270 4162 3401 4230 φασὶ
3432 4164 3494 4214 τὸ
3540 4162 3641 4214 ἐπὶ

2063 4247 2203 4299 τέλει
2248 4248 2404 4319 ἡμῶν
2460 4250 2858 4322 ἀναστήσεσθαι
2899 4250 3077 4323 σῶμα.
3127 4252 3641 4322 Προσηπορήσαμεν

2063 4338 2138 4401 δὲ,
2178 4340 2265 4393 διὰ
2305 4341 2365 4393 τὸ
2396 4343 2631 4413 τρεπτὴν
2669 4339 2807 4396 εἶναι
2844 4343 2942 4414 τὴν
2976 4342 3291 4414 σωματικὴν
3319 4344 3512 4411 φύσιν,
3540 4344 3642 4396 καὶ

389 4430 639 4483 oratione
667 4445 764 4484 sua
793 4438 1084 4500 cogantur,
1114 4430 1383 4499 ejusmodi
1412 4443 1697 4499 resurgere
1727 4443 1954 4499 corpora

2064 4430 2301 4497 τοιαῦτα,
2328 4432 2514 4505 ὥσπερ
2545 4436 2625 4497 είς
2649 4434 2711 4486 τὸ
2739 4435 3004 4506 ἡμέτερον
3039 4435 3196 4506 σῶμα
3222 4436 3277 4489 al
3314 4436 3509 4506 τροφαὶ
3538 4452 3643 4487 κα-

390 4523 717 4592 prmdicant,
759 4524 942 4593 qualia
990 4522 1352 4577 morientibus
1404 4521 1560 4576 nobis
1625 4521 1954 4577 exstiterint.

388 4614 589 4669 Contra
628 4630 768 4686 quos
808 4615 941 4670 illud
977 4616 1197 4687 insuper
1228 4614 1540 4684 obiicimus,
1579 4628 1703 4666 cum
1736 4613 1809 4668 sit
1833 4629 1957 4668 cor-

390 4723 580 4779 porum
604 4715 799 4761 natura
838 4707 1136 4771 mutabilis,
1175 4706 1633 4777 quemadmodum
1669 4706 1723 4760 in
1760 4720 1960 4775 corpus

466 4868 479 4884 '
514 4867 673 4923 Deest
736 4866 1067 4937 ἐπιτρέπειν.

2064 4523 2449 4588 τατάττονται,
2482 4526 2573 4579 καὶ
2606 4526 2992 4595 μεταϐάλλουσι
3026 4527 3121 4591 τὰς
3157 4527 3477 4598 ὁμοιότητας
3498 4569 3513 4591 ,
3544 4526 3643 4578 οῦ-

2064 4634 2170 4679 τως
2199 4619 2289 4669 καὶ
2335 4618 2403 4671 τὰ
2428 4619 2675 4688 ἡμέτερα
2702 4618 2931 4688 σώματα
2962 4618 3418 4689 μεταϐάλλονται,
3454 4618 3546 4671 καὶ
3580 4618 3643 4669 ὲν

2064 4711 2177 4771 τοῖς
2210 4708 2563 4779 σαρκοϐόροις
2593 4712 2800 4773 οἰωνοῖς
2829 4710 2920 4763 καὶ
2948 4710 3155 4782 θηρίοις
3185 4710 3461 4779 γίγνονται
3492 4710 3640 4782 μέρη

2055 5020 2277 5085 linaris,
2339 5025 2570 5087 quartus
2607 5014 2962 5087 Theophilus.
3049 5012 3239 5074 Addit,
3299 5011 3636 5066 Methodium

2057 5102 2263 5161 postea,
2305 5085 2469 5143 veluti
2499 5085 2771 5161 palinodia
2808 5092 3301 5161 t‘ecantata,_queut
3337 5092 3639 5161 accusarat

2056 5154 2342 5229 Origenem
2378 5154 3033 5229 continendassedialogo
3078 5156 3190 5229 illo,
3238 5169 3402 5221 quem
3433 5154 3638 5229 inscri-

2056 5224 2444 5302 ρεὶιίΞενῶνα.
2477 5228 2579 5281 Sed
2600 5226 2845 5302 Socratis
2858 5226 3271 5302 calum-nianrac
3290 5224 3633 5302 mendacium

2062 5294 2126 5357 ex
2170 5300 2500 5369 Hieronymo
2541 5297 2816 5369 convincit
2857 5295 3144 5369 Baroni_us_
3173 5295 3384 5369 A._«_£02
3408 5310 3548 5369 ,_An._
3576 5294 3632 5347 5.

2063 5373 2262 5426 Scribit
2294 5363 2435 5424 enim
2469 5369 2555 5421 ille
2583 5368 2735 5433 Apol.
2770 5366 2820 5431 l,
2849 5367 2901 5419 in
2953 5365 3078 5434 Ruf.
3107 5364 3397 5418 Eusebium
3428 5363 3636 5418 Metho-

2063 5442 2152 5495 tlio
2180 5442 2233 5494 in
2262 5456 2311 5494 vr
2358 5441 2496 5491 libro
2532 5438 2801 5505 Apologim
2848 5437 2989 5489 istud
3046 5435 3405 5504 exprobt'assc
3443 5477 3456 5485 .
3492 5435 3633 5499 Quid

2064 5513 2216 5565 modo
2262 5526 2423 5563 ausus
2470 5519 2548 5562 est
2589 5507 2887 5560 Methodius
2934 5523 3069 5558 nunc
3117 5515 3300 5559 contra
3358 5506 3633 5574 Urigcnem

2065 5583 2310 5646 scribere,
2340 5580 2427 5649 qui
2456 5580 2565 5631 ha'c
2593 5588 2641 5631 et
2672 5581 2781 5631 lucc
2808 5578 2871 5630 de
2908 5575 3153 5649 Origenis
3177 5576 3396 5649 locutus
3426 5585 3501 5649 est
3532 5575 3630 5649 do-

2061 5654 2325 5723 gmatibus
2344 5646 2368 5706 ?
2389 5648 2544 5714 Quod
2571 5650 2639 5723 ab
2660 5650 2861 5723 Ariauo
2878 5649 3092 5723 homine
3110 5647 3275 5717 objici
3294 5646 3423 5702 dicit
3440 5646 3632 5702 claris.

2065 5718 2203 5781 simu
2238 5731 2291 5780 ct
2323 5720 2771 5792 eloquentissimo
2802 5718 3043 5785 marter

460 5026 575 5091 (3i)
611 5023 733 5077 Τῶν
776 5025 1113 5093 Ὠριγένους
1156 5021 1437 5093 Δἐπιτομὴ.
1493 5019 1593 5075 Hic
1625 5028 1710 5076 est
1740 5020 1948 5077 Metho-

390 5097 513 5150 dius
544 5094 632 5147 ille
661 5091 872 5165 Olympi
906 5091 1099 5162 Lyciae,
1136 5091 1330 5165 deinde
1358 5092 1829 5165 'l‘yriepiscopus,
1856 5094 1949 5161 qui

391 5168 534 5220 inter
556 5161 749 5218 extera
770 5161 846 5217 De
872 5161 1263 5219 Resurrectione
1287 5161 1477 5217 contra
1495 5161 1780 5233 Origenem
1816 5178 1953 5231 opus

391 5235 615 5303 Scripsit
644 5237 900 5288 eximium
926 5254 940 5300 ;
980 5244 1034 5288 et
1066 5234 1131 5287 ad
1161 5243 1462 5287 extremum
1495 5235 1804 5287 novissima:
1834 5249 1955 5302 per-

392 5302 711 5367 secutionis,
746 5306 881 5367 sive,
915 5314 973 5358 ut
1007 5305 1095 5357 alii
1130 5304 1418 5367 allirmant,
1450 5305 1552 5358 sub
1583 5304 1742 5358 Decio
1770 5312 1824 5357 et
1849 5302 1955 5357 Va-

394 5378 619 5438 leriano,
649 5374 701 5428 in
730 5374 983 5429 Chalcide
1005 5374 1225 5428 Graecia:
1243 5375 1508 5444 martyrio
1532 5384 1824 5429 coronatus
1849 5382 1953 5429 est.

397 5446 519 5499 ":BC
550 5445 907 5516 Hieronymus
934 5444 1054 5500 Cat.
1082 5446 1177 5497 vir.
1208 5443 1405 5498 illustr.
1449 5446 1702 5500 Socrates
1749 5445 1843 5498 lib.
1878 5462 1953 5507 vt,
1982 5508 2000 5516 _

395 5531 516 5584 cap.
555 5518 641 5577 15,
671 5514 906 5585 quatuor
940 5525 1205 5578 recenset,
1254 5516 1345 5585 qui
1381 5517 1644 5570 adversus
1670 5514 1985 5583 Origenem'

398 5587 669 5658 praecipue
695 5585 1283 5658 stylum‘exercuerint;
1315 5602 1476 5658 quem
1508 5588 1624 5654 ipse
1646 5587 1956 5658 κακολόγων

396 5655 694 5726 τετρακτύν
727 5655 1070 5726 impudenter
1097 5657 1349 5727 appellat.
1391 5655 1609 5709 Primus
1638 5664 1721 5727 est
1750 5656 1955 5709 Metho-

400 5729 543 5792 dius.
563 5728 833 5785 secundus
854 5727 1170 5785 EuStathius
1182 5726 1572 5793 Antiochcnus,
1594 5726 1959 5796 tertiusApul-
