3728 6192
32 397 184 453 1089

680 378 1050 439 ADVERSUS
1078 372 1418 431 HASRESES
1456 371 1584 427 LIB.
1630 370 1654 424 l‘

1883 406 1895 418 .
1938 365 2070 418 1.-
2112 357 2387 416 ΗιιΕΙῖΕδ.
2430 355 2610 412 LXIV.

3148 351 3286 407 1090

25 507 148 562 τῶν
202 504 428 560 ἐκείνων
482 499 769 572 σωμάτων.
813 497 925 550 Καὶ
973 493 1134 548 πάλιν
1171 493 1354 544 ἐκεῖνα
1386 488 1490 542 ὑπὸ
1527 487 1654 549 ἀνο,

1882 495 1972 535 um
2045 477 2303 531 alimenta
2374 471 2734 543 digeruntur,
2799 464 3290 534 similitudinesque

31 599 285 670 θρὼπων
327 595 362 665 ἢ
415 594 614 665 ἑτέρων
643 590 797 656 ζώων
828 587 1115 658 ἐσθιόμενα
1153 578 1621 652 ἁντιμεταϐάλλει,

30 669 133 747 καὶ
157 690 376 760 γίνεται
400 683 700 756 ἀνθρώπων
734 680 768 750 ἦ
804 681 1005 752 ἑτέρων
1033 676 1186 741 ζώων
1226 673 1472 743 σώματα.
1516 669 1627 722 Καὶ

31 784 240 838 τούτου
272 781 365 835 ἐπὶ
397 778 530 831 πολὺ
557 773 878 846 γιγνομένου
904 811 919 836 ,
955 769 1166 840 ἀνάγκη
1195 766 1257 820 τὸ
1301 764 1434 818 αὐτὸ
1469 762 1629 833 σῶμα

35 874 313 928 πλειόνων
336 867 636 940 ἀνθρώπων
670 864 932 926 πολλάκις
962 859 1215 930 γενέσθαι
1259 856 1441 928 μέρος.
1474 853 1628 916 Τίνος

37 966 139 1023 οὖν
180 966 338 1020 ἔσται
385 963 545 1032 σῶμα
581 962 640 1013 ἐν
686 961 754 1030 τῇ
814 955 1138 1020 ἀναστάσει;
1180 951 1291 1006 Καὶ¹
1327 949 1499 1011 οὕτως
1548 947 1628 1008 εἰς

41 1061 213 1133 βυθὸν
273 1054 538 1129 φλυαρίας
583 1053 730 1123 ἡμᾶς
786 1050 1012 1118 ἀλόγους
1064 1049 1079 1077 ¹
1137 1042 1476 1115 συμϐήσεται
1523 1039 1625 1110 ἐμ-

45 1155 299 1209 πίπτειν.

1723 581 2115 639 transmutant,
2146 571 2218 626 ita
2249 581 2301 625 et
2325 581 2555 639 corpora
2579 573 2767 620 nostra
2792 562 3055 627 converti,
3090 570 3142 616 et
3170 577 3289 615 car-

1724 667 1931 734 nivoris
1971 665 2162 718 avibus
2193 661 2430 730 ferisque
2473 657 2698 728 depasta
2743 668 3031 724 corporum
3073 653 3287 706 illortnn

1725 770 1908 833 partes
1951 757 2110 814 edici.
2149 754 2282 822 Quae
2326 752 2543 824 quidem
2586 763 2802 804 rursum
2857 747 2925 800 ab
2979 745 3291 800 hominibus

1728 860 1822 908 aut
1857 851 1978 904 aliis
2029 846 2358 903 animalibus
2389 845 2645 898 devorata
2695 839 2937 892 vicissim
2989 844 3292 896 mutantur,

1732 951 1786 999 et
1809 942 2086 997 hominum
2126 938 2212 992 vel
2259 936 2489 989 aliorum
2521 929 2832 986 animalium
2865 940 3094 996 corpora
3127 924 3294 976 liunt:

1733 1049 1838 1106 qua
1878 1049 1938 1088 re
1970 1033 2168 1102 saepius
2223 1029 2471 1099 repetita,
2515 1038 2740 1081 necesse
2776 1029 2858 1076 est
2908 1019 3049 1073 idem
3097 1030 3298 1085 corpus

1733 1126 2096 1197 complurium
2131 1123 2409 1177 hominum
2451 1117 2649 1187 saepius
2687 1130 2807 1169 esse
2847 1119 3073 1182 partem.
3100 1108 3302 1177 Cujus-

42 1265 180 1305 nam
222 1247 389 1319 igitur
428 1244 483 1297 in
526 1237 924 1296 resurrectione
979 1248 1180 1303 corpus
1211 1245 1334 1286 esse
1370 1223 1633 1282 debebit?
1668 1225 1744 1278 lta
1818 1237 1917 1276 nos
1964 1219 2108 1274 velut
2143 1216 2354 1270 ratione
2391 1210 2634 1268 destituti
2678 1210 2733 1262 in
2773 1204 3068 1260 altissimas
3135 1215 3302 1271 quas-

47 1345 182 1398 dam
217 1354 391 1410 nugas
424 1347 586 1407 atque
611 1333 844 1402 ineptias
871 1328 1238 1385 devolvimur.

127 1439 227 1493 lI".
272 1439 378 1492 Καὶ
424 1434 561 1507 μετὰ
600 1431 804 1494 ταύτας
834 1430 932 1493 τὰς
961 1424 1194 1497 ἀπορίας
1224 1421 1317 1474 ἐπὶ
1358 1420 1418 1472 τὸ
1455 1417 1631 1471 πάντα

47 1530 260 1587 δυνατὰ
289 1526 426 1584 εἷναι
465 1528 542 1600 τῷ
573 1525 694 1597 Θεῷ
727 1521 1126 1591 καταφεύγουσι
1151 1559 1165 1580 ,
1202 1518 1295 1571 καὶ
1323 1514 1495 1578 λέξεις
1521 1511 1631 1564 τῶν

50 1623 292 1695 Γραφῶν
316 1622 620 1693 δυναμένας
649 1617 790 1673 κατὰ
815 1617 913 1689 τὴν
942 1614 1229 1688 πρόχειρον
1256 1605 1479 1678 ἐκδοχὴν
1509 1606 1634 1658 ύπο-

54 1691 279 1771 ϐάλλειν
311 1714 371 1768 τὸ
409 1691 696 1782 νοούμενον
732 1710 913 1772 αὐτοῖς
949 1704 1335 1778 προφέρονται.
1384 1691 1508 1750 Οἷον
1536 1694 1635 1764 τὴν

55 1811 118 1863 ὲν
149 1806 227 1880 τῷ
268 1805 525 1877 Ἰεζεκιήλ
543 1821 558 1836 ·
589 1803 698 1859 Kal
726 1801 962 1873 ἐγένετο
990 1799 1080 1852 ἐπ’
1105 1794 1210 1866 ἐμὲ
1241 1793 1368 1864 χεὶρ
1394 1788 1634 1857 Κυρίου·

59 1877 208 1964 xui;
247 1896 530 1967 Ἐξήγαγέ
555 1912 631 1966 με
666 1895 733 1948 ἐν
764 1892 1054 1961 πνεύματι
1076 1929 1091 1953 ,
1133 1885 1230 1942 καὶ
1271 1881 1448 1951 ἔθηκέ
1468 1896 1543 1949 με
1571 1877 1642 1930 ἐν

46 1992 230 2062 μέσῳ
258 1990 467 2044 πεδίου
487 2030 502 2054 ,
553 1987 648 2042 καὶ
681 1984 858 2040 τοῦτο
900 1979 980 2054 ἦν
1001 1979 1230 2052 μεστὸν
1267 1973 1493 2028 ὀστέων
1541 1968 1644 2022 ἁν-

61 2086 332 2157 θρώπων.
391 2083 503 2137 Kal
550 2076 869 2149 περιήγαγέ
915 2092 992 2145 με
1027 2074 1120 2128 ἐπ’
1157 2070 1310 2126 αὐτὰ
1345 2063 1644 2122 κυκλόθεν

61 2182 308 2244 κύκλῳ·
346 2177 442 2231 καὶ
477 2173 604 2229 ἰδοὺ
654 2168 856 2226 πολλὰ
905 2165 1139 2238 σφόδρα
1180 2163 1277 2217 ἐπὶ
1322 2158 1644 2230 προσώπου

61 2273 177 2327 τοῦ
215 2269 458 2324 πεδίου·
495 2265 592 2320 καὶ
625 2262 756 2318 ἰδοὺ
785 2259 938 2315 αὐτὰ
987 2255 1140 2326 ξηρὰ
1186 2255 1342 2314 λίαν.
1379 2251 1486 2306 Kal
1517 2245 1646 2304 εἷπε

63 2363 222 2432 πρὸς
257 2360 367 2432 μέ·
421 2358 517 2412 Υἱὲ
563 2353 876 2424 ἀνθρώπου
903 2393 916 2413 ,
958 2352 1010 2405 el
1053 2347 1289 2414 ζήσεται
1341 2343 1414 2398 τὰ
1466 2341 1648 2396 ὀστέα

65 2457 292 2518 ταῦτα;
340 2452 447 2507 Καὶ
486 2446 689 2504 εἷπον·
727 2447 905 2514 Κύριε
942 2446 973 2496 ὁ
1007 2440 1177 2505 Θεὸς,
1218 2437 1300 2492 σὺ
1325 2435 1650 2490 ἐπίστασαι

65 2549 285 2604 ταῦτα.
315 2545 427 2599 Kal
466 2539 595 2597 εἷπε
621 2539 769 2610 πρὸς
791 2536 897 2608 μέ·
927 2530 1357 2602 Προφήτευσον
1375 2569 1390 2595 ,
1425 2525 1516 2581 υἱὲ
1542 2526 1648 2580 ἀι·-

68 2641 330 2711 θρὼπου.
365 2635 477 2689 Kal
512 2631 685 2688 εἷπον
723 2630 870 2700 πρὸς
895 2625 1046 2680 αὑτά
1070 2642 1085 2657 ·
1118 2623 1194 2678 Τὰ
1231 2619 1413 2676 ὀστέα
1440 2618 1513 2672 τὰ
1547 2617 1653 2685 ξη-

61 2708 150 2800 ρνὰ
178 2728 370 2783 ταῦτα
393 2766 408 2791 ,
443 2725 743 2780 ἀκούσατε
789 2720 975 2788 λόγον
1025 2715 1248 2784 Κυρίου
1274 2728 1288 2743 ·
1317 2710 1465 2765 Τάδε
1494 2708 1654 2779 λέγει

84 2821 325 2879 Ἀδονατ
356 2819 569 2888 Κύριος
617 2814 740 2879 τοῖς
781 2813 1014 2875 ὀστέοις
1042 2808 1302 2872 τούτοις·
1349 2802 1504 2858 Ἰδοὺ
1542 2799 1656 2872 ἐγὼ

70 2894 302 2985 stadia)
347 2914 435 2977 εἰς
485 2907 638 2980 ὑμᾶς
693 2905 929 2975 πνεῦμα
977 2899 1152 2969 ζωῆς·
1190 2897 1288 2952 καὶ
1346 2895 1518 2950 δώσω
1568 2895 1657 2960 εἰς

71 3003 242 3075 ὑμᾶς
282 3003 500 3071 νεῦρα·
553 2998 653 3054 καὶ
682 2997 883 3061 ἐπάξω
925 2996 1017 3066 ἐφ’
1057 2991 1214 3063 ὑμᾶς
1249 2991 1510 3059 σάρκας,
1560 2986 1656 3042 καὶ

74 3095 307 3153 ἐκτενῶ
353 3095 444 3164 ἐφ’
479 3091 635 3163 ὑμᾶς
680 3090 898 3159 δέρμα·
935 3087 1032 3141 καὶ
1082 3085 1254 3139 δώσω
1303 3081 1371 3136 τὸ
1423 3077 1660 3149 πνεῦμά

70 3208 201 3260 μου
234 3187 327 3256 ἐφ’
366 3185 553 3256 ὑμᾶς,
599 3183 695 3237 καὶ
741 3180 991 3248 ζήσεσθε
1017 3194 1030 3208 °
1065 3176 1163 3230 καὶ
1209 3174 1468 3243 θήσομαι
1510 3169 1660 3240 ὑμᾶς
1687 3188 1730 3247 C

75 3281 189 3338 ἐπὶ
231 3281 344 3348 τὴν
388 3277 505 3348 γῆν
533 3275 732 3346 ὑμῶν,
765 3272 860 3327 καὶ
905 3269 1246 3342 γνώσεσθε,
1283 3266 1369 3320 ὅτι
1407 3262 1521 3335 ἐγώ
1546 3265 1663 3332 εὶμι

77 3373 322 3440 Κύριος.
365 3367 549 3438 Τούτῳ
603 3365 702 3438 μὲν
759 3361 850 3418 οὖν
908 3360 1260 3431 πιθανωτέρῳ
1301 3359 1538 3431 χρῶνται
1587 3355 1666 3426 τῷ

82 3463 262 3538 ῥητῷ.
305 3461 407 3516 Καὶ
443 3459 576 3514 ἄλλα
612 3459 667 3512 δὲ
703 3457 950 3526 λέγουσιν
981 3451 1311 3522 εύαγγελικά
1339 3468 1352 3480 ·
1413 3445 1522 3502 οἷον
1545 3489 1562 3517 ,
1592 3448 1667 3510 ὡς

79 3560 173 3620 τὸ,
227 3553 381 3609 Ἐκεῖ
415 3554 586 3608 ἔσται
615 3555 648 3605 ὀ
684 3547 990 3618 κλαυθμὸς
1028 3545 1125 3599 καὶ
1171 3547 1202 3598 ὁ
1227 3543 1500 3612 ,βρυγμὸς
1551 3539 1670 3594 τῶν

84 3648 361 3702 ὀδόντων
391 3659 404 3673 ·
454 3643 547 3696 καὶ
577 3640 638 3695 τὸ
657 3681 672 3702 ,
717 3637 1019 3704 Φοϐήθητε
1050 3632 1158 3688 τὸν
1199 3631 1540 3702 δυνάμενον
1571 3629 1667 3682 καὶ

82 3739 310 3814 ψυχὴν
336 3737 432 3791 καὶ
461 3735 633 3805 σῶμα
659 3731 955 3788 ἀπολέσαι
1002 3729 1072 3783 ἑν
1104 3726 1320 3798 γεέννῃ
1354 3743 1367 3756 ·
1399 3724 1492 3779 καὶ
1519 3722 1582 3776 τὸ
1614 3722 1671 3774 ὲν

85 3832 176 3902 τῷ
205 3827 401 3898 Παύλῳ
425 3843 438 3854 ·
481 3821 847 3888 Ζωοποιίήσει
892 3820 963 3873 τὰ
994 3816 1160 3887 ὑμῶν
1190 3817 1434 3886 σώματα
1479 3811 1574 3866 διὰ
1607 3809 1673 3864 τὸ

88 3923 376 3980 ἐνοικοῦν
394 3919 577 3973 αὑτοῦ
598 3914 833 3984 πνεῦμα
851 3915 920 3967 ἐν
948 3912 1111 3982 ὑμῖν.

172 4019 274 4070 1Δ’.
299 4013 416 4086 Χρὴ
449 4013 505 4066 δὲ
532 4010 708 4064 πάντα
738 4007 828 4059 τὸν
857 4003 1122 4075 φιλαλήθη
1154 4001 1272 4055 κατ’
1307 3998 1469 4053 αὑτὸν
1503 3997 1522 4026 ²
1555 3993 1677 4047 τού-

93 4128 212 4174 τοις
242 4107 332 4161 τὸν
357 4105 478 4159 νοῦν
500 4102 870 4174 ἐπιστήσαντα
898 4098 1026 4170 περὶ
1049 4098 1147 4168 τῆς
1175 4093 1519 4153 ἀναστάσεως
1541 4089 1681 4155 ἀγω-

91 4201 375 4262 νίσασθαι,
408 4197 579 4250 σῶσαὶ
615 4213 672 4248 τε
699 4195 793 4248 καὶ
820 4194 918 4265 τὴν
950 4191 1057 4245 τῶν
1090 4188 1330 4262 ἀρχαίων
1361 4183 1676 4256 παράδοσιν,

92 4295 197 4351 καὶ
230 4288 568 4362 φυλάξασθαι
601 4287 860 4357 ἐμπεσεῖν
891 4285 969 4347 εἰς
1003 4280 1269 4352 φλυαρίαν
1302 4275 1532 4346 πτωχῶν
1560 4289 1683 4342 νοη-

98 4387 297 4458 μάτων
322 4426 336 4446 ,
366 4381 640 4435 ἀδυνάτων
677 4393 737 4429 τε
770 4375 886 4446 ἅμα
938 4374 1032 4426 καὶ
1061 4371 1195 4425 Θεοῦ
1228 4367 1480 4434 ἀναξίων.
1513 4363 1684 4418 Τοῦτο

95 4477 197 4534 οὖν
250 4477 329 4538 εἰς
373 4473 462 4525 τὸν
510 4470 672 4524 τόπον
719 4463 1065 4536 διαληπτέον,
1114 4464 1196 4516 ὅτι
1230 4461 1346 4514 Πᾶν
1382 4457 1540 4528 σῶμα
1580 4454 1684 4508 ὑπὸ

97 4570 323 4639 φύσεως
357 4562 707 4634 συνεχόμενον
733 4559 830 4630 τῆς
865 4552 1307 4622 καταταττούσης
1337 4547 1532 4613 ἔξωθέν
1563 4546 1654 4599 τινι

1881 4533 2066 4604 iestate
2086 4532 2213 4582 sunt
2253 4522 2340 4576 iud

97 4664 268 4731 δίκην
316 4657 519 4728 τροφῆς
565 4657 645 4717 εἰς
673 4652 824 4713 αὐτὸ,
861 4648 956 4702 καὶ
1001 4643 1401 4718 ἀποκρινούσης
1427 4641 1546 4694 ἀντὶ
1579 4639 1686 4692 τῶν

98 4749 552 4819 ἐπεισαγομένων
579 4747 764 4818 ἓτερα,
792 4743 979 4813 ὥσπερ
1005 4741 1073 4794 τὰ
1108 4738 1216 4792 τῶν
1241 4733 1423 4806 φυτῶν
1454 4733 1547 4785 καὶ
1578 4730 1686 4783 τῶν

100 4847 291 4913 ζώων,
326 4842 386 4894 τὸ
420 4839 600 4892 ὑλικὸν
639 4835 998 4904 ὑποκείμενον
1030 4829 1285 4883 οὐδέποτε
1324 4825 1437 4895 ἔχει
1474 4821 1686 4875 ταυτόν.

100 4937 314 5005 Διόπερ
357 4934 416 4986 οὐ
467 4930 708 5000 ποταμὸς
745 4927 1058 4997 ὠνόμασται
1107 4922 1166 4974 τὸ
1211 4919 1392 4990 σῶμα.
1435 4915 1577 4968 Διότι
1615 4913 1690 4976 ὡς

103 5031 256 5101 πρὸς
308 5027 369 5079 τὸ
419 5023 644 5094 ἀκριόὲς
677 5021 817 5090 τάχα
849 5017 969 5071 οὐδὲ.
1019 5014 1111 5068 δύο
1147 5011 1368 5083 ἡμερῶν
1397 5009 1457 5062 τὸ
1482 5007 1694 5080 πρῶτον

104 5117 476 5185 ὑποκείμενον
505 5111 698 5166 ταυτόν
730 5112 874 5162 ἐστιν
916 5109 973 5160 ἐν
1013 5104 1089 5175 τῷ
1120 5101 1332 5173 σώματι
1357 5099 1511 5172 ἡμῶν
1532 5116 1545 5129 °
1581 5099 1700 5152 καί-

101 5227 267 5280 τοιγε
305 5207 397 5259 τοῦ
436 5200 546 5258 οἷον
593 5203 626 5274 ἢ
658 5200 892 5259 Παύλου.
934 5198 966 5269 ἢ
1028 5197 1233 5266 Πέτρου
1261 5231 1275 5254 ,
1303 5193 1389 5244 ἀεὶ
1415 5189 1507 5244 τοῦ
1537 5188 1698 5244 αὐτοῦ

103 5309 272 5365 ὄντος
297 5343 311 5360 .
347 5300 406 5352 ού
442 5297 536 5350 τοῦ
581 5293 721 5349 κατὰ
764 5291 941 5362 ψυχὴν
984 5289 1144 5360 μόνου
1174 5328 1186 5352 ,
1225 5281 1292 5356 ἧς
1326 5284 1358 5353 ἡ
1395 5280 1551 5334 ούσία
1579 5278 1700 5332 οὔτε

105 5398 201 5467 ῥεῖ
233 5391 357 5446 καθ’
386 5391 530 5461 ἡμᾶς
553 5429 568 5452 ,
590 5386 700 5440 οὒτ’
732 5379 1154 5451 ἐπεισαγόμενόν
1184 5395 1235 5429 τι
1265 5375 1376 5446 ἔχει
1408 5372 1556 5435 ποτε,
1591 5369 1693 5424 κᾶν

78 5485 324 5563 ’ῥευστὴ
355 5479 419 5558 ᾖν
454 5483 487 5553 ἡ
521 5481 680 5551 φύσις
707 5477 799 5531 τοῦ
837 5475 1083 5545 σώματος
1102 5511 1116 5536 ,
1149 5470 1225 5541 τῷ
1254 5468 1314 5522 τὸ
1343 5464 1476 5530 εἶδος
1503 5465 1565 5518 τὸ
1597 5479 1696 5533 χα-

113 5579 455 5656 ρακτηρίζον
492 5575 554 5627 τὸ
593 5573 754 5643 σῶμα
785 5569 978 5624 ταυτὸν
1011 5562 1178 5620 εἶναι·
1207 5563 1281 5627 ὼς
1319 5560 1414 5615 καὶ
1448 5560 1572 5622 τοὺς
1611 5553 1700 5608 τύ-

200 5765 217 5795 ¹
257 5759 402 5813 Fort.
453 5755 678 5824 ἀλόγως.

112 5839 143 5871 ⁸
192 5831 382 5888 Matth.
415 5845 472 5895 ι,
497 5819 588 5882 28.
665 5827 686 5856 ⁸
723 5825 882 5879 Rom.
906 5835 1024 5882 vni,
1054 5819 1112 5870 ll

788 5748 985 5803 'Fort.
1042 5744 1240 5801 αὐτῶν.
1299 5743 1569 5812 lnterprcs
1625 5737 1728 5806 leg.
1777 5727 1887 5786 οὖν.

1817 1405 1948 1464 Kl".
1989 1404 2256 1461 Caeterum
2291 1405 2412 1470 post
2458 1397 2576 1450 haec
2615 1408 2646 1446 a
2680 1389 2839 1446 nobis
2875 1388 3085 1458 objecta
3115 1401 3180 1442 eo
3208 1386 3301 1440 de-

1738 1518 1885 1558 mum
1935 1515 1994 1556 se
2039 1495 2283 1552 referunt
2310 1531 2325 1558 ,
2373 1497 2432 1545 ut
2476 1487 2659 1543 omnia
2713 1483 2822 1538 D'eo
2863 1480 3143 1552 possibilia
3182 1493 3304 1534 esse

1739 1596 1944 1657 dicant,
1981 1598 2142 1660 atque
2188 1587 2256 1642 ad
2307 1584 2617 1656 opinionem
2666 1592 2818 1634 suam
2861 1575 3106 1646 quaedam
3154 1571 3302 1626 Scri-

1741 1697 1914 1760 ptura:
1943 1683 2270 1746 testimonia,
2312 1693 2432 1749 quae
2482 1677 2658 1745 primo
2691 1669 2958 1738 obvioque
2991 1682 3154 1722 sensu
3187 1664 3306 1718 illo-

1745 1794 1864 1833 rum
1914 1776 2238 1830 conllrmare
2290 1770 2482 1838 dogma
2543 1765 2838 1823 videntur,
2896 1755 3307 1813 accommodare

1673 1846 1712 1900 Β
1743 1873 2015 1928 nituntur.
2047 1865 2220 1932 Quale
2261 1868 2347 1917 est
2383 1856 2684 1913 Ezechielis
2729 1851 2896 1907 illud:
2945 1849 3011 1902 Et
3056 1848 3199 1917 facta
3230 1855 3306 1898 est

1745 1978 1900 2032 super
1928 1975 2006 2013 me
2029 1971 2215 2010 manus
2237 1951 2480 2010 Domini;
2508 1956 2596 2003 et:
2618 1945 2814 1998 Eduxit
2841 1957 2920 1995 me
2940 1942 2993 1994 in
3018 1939 3226 2006 spiritu,
3260 1947 3308 1989 et

1744 2055 1918 2126 posuit
1953 2066 2031 2105 me
2055 2051 2105 2103 in
2135 2045 2303 2101 medio
2326 2041 2517 2111 campi,
2547 2048 2596 2093 et
2627 2038 2711 2090 hic
2741 2045 2856 2090 erat
2890 2032 3072 2100 plenus
3105 2028 3310 2082 ossibus

1747 2147 2037 2202 hominum.
2070 2139 2138 2195 Et
2171 2134 2516 2194 circumduxit
2563 2148 2643 2185 me
2672 2128 2741 2182 ad
2771 2144 2832 2181 ea
2875 2141 2965 2192 per
2998 2121 3311 2183 circuitum;

1747 2252 1795 2298 et
1824 2256 1936 2296 ecce
1965 2235 2133 2292 multa
2167 2231 2316 2288 valde
2342 2231 2398 2283 in
2428 2224 2703 2296 superﬁcie
2747 2217 2956 2287 campi;
2983 2224 3031 2270 et
3061 2229 3176 2268 ecce
3203 2215 3314 2280 ipsa

1750 2333 1905 2388 arida
1938 2328 2107 2384 valde.
2144 2324 2210 2379 Et
2240 2323 2377 2376 dixit
2415 2321 2482 2373 ad
2513 2330 2624 2372 me:
2659 2314 2772 2367 Fili
2802 2310 3050 2373 hominis,
3075 2307 3121 2362 si
3149 2307 3316 2360 vivent

1751 2441 1873 2480 ossa
1915 2424 2067 2476 hcce?
2095 2418 2160 2472 Et
2195 2416 2346 2470 dixi:
2381 2411 2604 2465 Domine
2639 2407 2796 2467 Deus,
2833 2414 2887 2457 tu
2920 2405 3024 2456 ista
3062 2401 3220 2454 nosti.
3251 2397 3317 2450 Et

1751 2520 1890 2573 dixit
1909 2515 1976 2570 ad
2008 2527 2118 2568 me:
2141 2506 2482 2579 Prophetiza,
2506 2503 2584 2573 fili
2606 2498 2853 2552 hominis.
2880 2493 2949 2548 Et
2972 2495 3174 2548 locutus
3204 2508 3315 2545 sum

1756 2610 1823 2665 ad
1846 2610 1985 2663 haec:
2007 2605 2142 2662 Ossa
2161 2601 2337 2662 arida,
2363 2596 2540 2651 audite
2555 2594 2764 2648 verbum
2787 2589 3026 2643 Domini:
3051 2586 3174 2640 (hec
3190 2586 3316 2638 dicit

1757 2703 2014 2759 Dominus
2041 2699 2174 2753 Deus
2197 2695 2399 2751 ossibus
2419 2691 2572 2745 istis:
2594 2687 2724 2740 Ecce
2741 2684 2876 2739 enim
2897 2682 3141 2735 inducam
3165 2681 3213 2732 in
3234 2695 3320 2732 τοι

1759 2795 2002 2866 spiritum
2034 2791 2173 2852 vitor,
2200 2797 2248 2842 et
2279 2800 2469 2856 ponam
2499 2782 2553 2834 in
2581 2778 2722 2834 vobis
2751 2789 2971 2837 nervos;
3005 2781 3052 2825 et
3075 2771 3322 2823 inducam

1758 2890 1813 2942 in
1843 2903 1930 2941 vos
1960 2899 2164 2941 carnes,
2209 2889 2258 2933 et
2299 2875 2575 2931 extendam
2620 2884 2774 2938 super
2807 2884 2894 2921 vos
2925 2874 3126 2926 cutem;
3164 2861 3327 2932 536

1758 2987 1809 3034 et
1847 2975 1982 3029 dabo
2013 2973 2254 3042 spiritum
2296 2984 2465 3021 meum
2504 2965 2558 3018 in
2592 2979 2701 3022 vos.
2733 2970 2782 3014 et
2817 2957 3024 3019 vinetis;
3061 2965 3108 3008 et
3135 2969 3325 3022 ponunt

1761 3089 1848 3127 vos
1882 3071 1936 3123 in
1967 3077 2108 3122 terra
2137 3073 2328 3121 vestra,
2359 3069 2407 3114 et
2450 3053 2768 3128 cognoscetis
2799 3052 2922 3122 quia
2956 3065 3046 3119 ego
3076 3063 3191 3101 sum
3223 3045 3329 3098 Du—

1764 3166 1937 3220 minus
1958 3161 1999 3215 ³.
2030 3158 2141 3213 Hoc
2172 3156 2335 3224 igitur
2363 3126 2699 3222 probabilius
2727 3143 2938 3198 caeteris
2961 3126 3328 3195 testimonium

1763 3266 1869 3319 est,
1901 3268 2020 3324 quae
2054 3258 2482 3303 commemorare
2528 3238 2741 3297 solent;
2790 3241 2985 3305 prazter
3016 3228 3161 3299 quod
3193 3241 3332 3280 non-

1765 3319 2010 3405 nulla—ex
2035 3337 2339 3410 Evangeliis
2367 3340 2713 3404 expromunt.
2746 3325 2903 3380 Velut
2933 3344 2946 3378 :
2984 3321 3064 3378 Ibi
3100 3321 3196 3374 erit
3236 3319 3326 3388 ﬂeo

1769 3453 1852 3497 tus
1893 3449 1941 3494 et
1985 3435 2184 3492 stridor
2243 3426 2547 3491 dentium“;
2602 3424 2772 3477 item:
2826 3417 3021 3472 Timete
3056 3429 3195 3475 eum,
3245 3411 3334 3481 qui

1767 3542 1931 3605 potest
1966 3540 2012 3584 et
2044 3528 2275 3582 animant
2318 3531 2365 3576 et
2405 3533 2594 3586 corpus
2636 3511 2847 3581 perdere
2886 3511 2941 3562 in
2969 3503 3329 3578 genennam';

1773 3598 1883 3680 tum
1913 3621 2043 3674 illud
2077 3634 2142 3672 ex
2171 3613 2337 3668 Paulo
2362 3629 2375 3666 :
2419 3604 2716 3676 Viviﬁcabit
2745 3598 2995 3654 mortalia
3021 3605 3189 3649 vestra
3223 3608 3338 3645 cor—

1771 3733 1924 3788 pora,
1955 3721 2164 3783 propter
2191 3705 2570 3762 inltabitantent
2601 3700 2713 3768 ejus
2748 3693 2990 3763 spiritum
3018 3690 3068 3742 in
3095 3686 3236 3741 vobis
3259 3685 3299 3737 ⁶.
3352 3749 3354 3752 ν

1845 3975 1985 4033 XIV.
2019 3974 2216 4029 Verum
2246 3981 2437 4024 omnes
2462 3979 2555 4019 eos
2587 3974 2812 4016 necesse
2842 3963 2944 4021 est,
2978 3953 3070 4024 qui
3097 3951 3345 4006 veritatis

1780 4071 1962 4128 studio
1987 4069 2280 4126 ducuntur,
2308 4074 2429 4114 cum
2461 4056 2524 4109 ad
2555 4069 2616 4106 ea
2646 4053 2883 4105 animum
2911 4042 3229 4114 adjecerint,
3257 4040 3346 4094 ad-

1782 4176 1971 4219 versus
1996 4159 2128 4213 istos
2154 4154 2221 4209 de
2253 4147 2652 4205 resurrectione
2679 4136 3026 4200 contendere,
3061 4141 3119 4188 ut
3143 4140 3196 4187 et
3224 4144 3344 4200 qua:

1783 4272 1813 4311 a
1831 4252 2099 4310 veteribus
2118 4246 2311 4303 tradita
2331 4253 2476 4306 sunt,
2493 4239 2852 4297 retineantur,
2865 4230 3027 4298 idque
3038 4236 3345 4287 caveamus,

1786 4365 1853 4405 ne
1869 4348 1922 4401 in
1941 4354 2201 4400 sensuum
2216 4333 2657 4392 inanissimorum
2674 4326 2903 4396 ineptias
2922 4317 3317 4376 descendamus
3330 4354 3346 4377 ,

1785 4456 1972 4498 eorum
2009 4435 2239 4496 scilicet,
2275 4437 2604 4499 qureneque
2635 4420 2749 4474 ﬁeri
2780 4421 3032 4488 possunt,
3073 4422 3127 4466 et
3164 4407 3348 4463 divina

2349 4521 2491 4587 igua.
2516 4512 2784 4581 Quocirca
2814 4509 2894 4564 sic
2929 4504 2995 4559 ad
3018 4519 3139 4559 eum
3172 4502 3352 4554 locum

1788 4621 2099 4681 ratiocinari
2155 4613 2439 4672 convenit:
2471 4609 2681 4677 Corpus
2713 4616 2892 4661 omne,
2927 4595 3071 4668 quod
3131 4592 3353 4664 quidem

1789 4727 1983 4776 natura
2029 4713 2360 4769 continetur,
2400 4717 2521 4775 qua:
2558 4699 2906 4755 extrinsecus
2948 4687 3148 4758 aliquid
3177 4685 3225 4740 ei
3261 4684 3358 4736 ali-

1791 4809 1957 4866 menti
1995 4810 2171 4861 instar
2209 4797 2451 4860 aseiscit,
2493 4807 2700 4864 proque
2753 4789 2820 4842 iis
2860 4799 2980 4855 qua:
3013 4778 3361 4837 sulliciuntur

1793 4901 2038 4963 excernit
2067 4898 2170 4952 alia
2201 4914 2213 4949 :
2243 4887 2550 4962 cujusmodi
2579 4892 2707 4940 sunt
2743 4880 2990 4950 stirpium
3020 4886 3273 4944 corpora,
3303 4878 3362 4925 et.

1797 4995 2112 5052 animalium
2154 5003 2279 5058 pars
2318 4985 2406 5039 illa
2451 4996 2573 5034 cum
2633 4975 2857 5030 materia
2888 4979 3184 5025 concreta:
3219 4980 3361 5020 nun-

1796 5105 1959 5162 quam
1991 5097 2159 5139 unum
2206 5080 2458 5146 idemque
2510 5083 2812 5127 remanere.
2851 5061 3004 5118 Unde
3056 5075 3162 5113 non
3221 5059 3364 5109 male

1797 5181 1994 5237 ﬂuvius
2041 5175 2260 5247 quidam
2315 5182 2515 5238 corpus
2558 5179 2679 5219 esse
2726 5159 2944 5213 dicitur.
2983 5152 3252 5220 Quoniam
3317 5146 3364 5200 si

1799 5279 2052 5328 accurate
2106 5263 2537 5322 consideremus,
2586 5271 2654 5310 ne
2709 5250 2873 5306 biduo
2934 5244 3152 5317 quidem
3215 5240 3365 5310 pl'iut‘

1800 5362 2027 5420 materia
2067 5359 2121 5414 in
2165 5351 2486 5424 corporibus
2523 5346 2726 5401 nostris
2758 5343 2946 5399 eadem
2998 5343 3366 5398 constansque

1804 5461 2132 5529 perseverat.
2181 5449 2315 5504 Cum
2369 5444 2585 5499 interim
2634 5438 2835 5494 Paulus
2890 5428 3119 5498 exempli
3161 5421 3364 5494 gratia,

1809 5549 1891 5605 vel
1940 5546 2137 5602 Petrus
2169 5542 2310 5596 idem
2351 5534 2708 5592 nihilominus
2759 5526 3034 5600 persistat,
3066 5533 3174 5572 non
3205 5511 3368 5568 modo

1983 5727 2003 5759 '
2037 5721 2233 5780 Ezech.
2286 5733 2506 5781 xxxvii,
2563 5715 2673 5767 1-6.
2785 5709 2806 5740 ⁸
2857 5699 3022 5756 matth
3083 5711 3222 5760 vui,
3280 5691 3381 5754 ιλ,
