3822 6364
407 380 537 436 1091
1787 377 1844 431 S.
1878 374 1972 429 EP}

2083 374 2222 430 AN“
3494 382 3650 439 1092

406 503 450 558 si
484 500 602 569 ejus
665 498 896 552 animam
948 506 1181 567 speetes,
1230 495 1389 567 cujus
1434 494 1734 551 substantia
1789 511 1965 565 neque

2077 512 2197 559 τους
2227 494 2405 565 μένειν
2432 497 2557 559 τοὺς
2587 498 2812 561 αὐτοὺς,
2843 500 2918 561 εἰς
2950 499 2973 532 ⁸
2996 498 3095 571 τὴν
3136 501 3395 572 ποιότητα
3422 501 3651 573 Πέτρου

407 590 546 645 ﬂuxa
577 598 662 646 est
711 591 766 643 in
825 589 1014 652 nobis,
1063 604 1237 658 neque
1287 587 1580 657 quidquam
1623 587 1961 642 extrinsecus

2077 586 2160 639 καὶ
2192 584 2401 638 Παύλου
2439 586 2538 658 τὴν
2567 587 2880 659 σωματικὴν
2924 591 3377 661 παριστάνοντας·
3416 589 3546 643 καθ’
3578 590 3649 658 ἢν

406 683 684 737 invectum
707 681 926 751 accipit,
955 679 1049 737 sed
1079 680 1149 735 ob
1173 680 1225 734 id
1258 687 1539 749 praeterea,
1572 678 1718 749 quod
1748 679 1962 734 tametsi

2077 679 2329 749 ποιότητα
2366 678 2460 731 καὶ
2515 678 2669 731 οὐλαὶ
2725 681 2787 732 ὲκ
2842 681 3045 735 παίδων
3093 682 3473 754 παραμένουσι
3522 682 3650 744 τοῖς

406 776 550 831 velut
616 777 670 829 in
724 783 983 844 perpetua
1036 772 1267 826 ﬂuxione
1322 773 1393 827 sit
1448 780 1642 825 natura
1687 772 1963 842 corporis,

2077 769 2306 840 σώμασι,
2346 771 2441 822 καὶ
2469 770 2604 825 ἄλλα
2633 772 2754 825 τινὰ
2788 771 3066 844 ἰδιώματα,
3097 774 3281 843 φακοί.

406 868 590 922 eadem
624 867 792 921 forma
823 871 1153 934 permaneat,
1184 879 1304 933 quae
1330 864 1575 931 corporis
1610 863 1782 916 nostri
1810 862 1964 932 quasi
1998 870 2124 917 nota
2161 860 2405 931 quaedam
2439 869 2522 917 est
2555 863 2794 933 propria.
2826 864 2942 919 Non
2981 867 3141 921 aliter
3209 875 3372 938 atque
3434 868 3653 924 eaedem

408 958 590 1029 ligura:
654 966 905 1018 manent,
958 970 1079 1023 quae
1124 952 1267 1008 Petri
1332 952 1591 1023 Paulique
1646 967 1938 1022 corporum
2004 951 2293 1023 qualitates
2341 951 2731 1011 conformanda
2767 957 3064 1011 exhibent:
3112 974 3209 1028 per
3265 975 3433 1029 quam
3472 962 3653 1015 etiam

407 1050 720 1117 qualitatem
779 1046 1013 1108 accidit,
1062 1054 1121 1099 ut
1176 1053 1231 1101 et
1266 1044 1551 1098 cicatrices
1603 1044 1713 1113 jam
1772 1053 1884 1097 tum
1937 1059 1967 1097 a
2002 1047 2187 1114 pueris
2224 1045 2281 1101 in
2308 1046 2629 1116 corporibus
2686 1057 3059 1118 permaneant,
3096 1050 3311 1121 aliaque
3347 1054 3646 1116 nonnulla,

407 1158 526 1216 qua:
572 1142 911 1211 singulorum
971 1140 1189 1210 prapria
1252 1146 1377 1194 sunt
1422 1153 1436 1190 :
1492 1137 1801 1209 cuiusmodi
1851 1147 1979 1192 sunt
2018 1139 2328 1209 lentigines.

476 1238 556 1291 Ad
598 1238 711 1290 hate
743 1235 866 1289 licet
911 1233 1106 1288 similis
1136 1246 1394 1301 corporea
1423 1232 1514 1286 illa
1544 1232 1718 1287 forma
1747 1232 1836 1295 sit,
1861 1246 1968 1301 qua

407 1328 600 1383 Petrus
646 1326 958 1394 Paulusque
1009 1324 1354 1395 potissimum
1394 1323 1769 1387 constituitur,
1807 1322 1970 1392 idque

407 1410 611 1492 ipsum:
636 1419 782 1491 quod
815 1420 871 1472 in
902 1416 1308 1473 resurrectione
1337 1417 1531 1470 animae
1561 1416 1738 1471 denuo
1775 1414 1970 1468 tribui-

406 1524 517 1578 tur,
545 1513 638 1568 sed
679 1513 731 1565 in
784 1511 978 1565 melius
1006 1522 1329 1564 conversum
1362 1526 1375 1562 :
1412 1523 1524 1563 non
1561 1515 1739 1561 tamen
1782 1505 1970 1561 eadem

407 1611 493 1659 est
517 1604 604 1657 illa
636 1601 877 1665 materia,
914 1616 1034 1670 quae
1067 1600 1283 1670 corpori
1315 1601 1546 1671 primum
1579 1599 1743 1653 insita
1776 1595 1967 1651 fuerat.

2134 1234 2242 1286 Καὶ
2264 1234 2354 1287 ἐπὶ
2382 1233 2590 1295 τούτοις
2623 1231 2677 1285 εἴ
2704 1232 2757 1285 τί
2788 1234 2934 1285 ἐστιν
2970 1234 3154 1304 ὅμοιον
3189 1238 3347 1292 τοῦτο
3382 1239 3449 1293 τὸ
3477 1236 3645 1304 εἴδοις,

2067 1324 2189 1379 καθ’
2233 1326 2635 1379 ὂνείδοποιεῖται
2663 1326 2691 1377 ὁ
2724 1326 2924 1397 Πέτρος
2960 1328 3055 1380 καὶ
3086 1330 3114 1381 ὁ
3142 1329 3351 1395 Παῦλος
3374 1374 3391 1398 ,
3434 1332 3496 1385 τὸ
3534 1351 3648 1386 σω-

2071 1416 2330 1486 ματικὸν,
2385 1416 2415 1470 ὃ
2461 1418 2518 1469 ὲν
2550 1421 2616 1489 τῇ
2666 1418 2957 1472 ἀναστάσει
2998 1421 3333 1491 περιτίθεται
3367 1424 3534 1477 πάλιν
3570 1429 3645 1495 τῇ

2070 1506 2215 1577 ψυχῇ
2242 1549 2257 1572 ,
2290 1508 2380 1559 ἐπὶ
2407 1508 2465 1561 τὸ
2499 1511 2746 1579 κρεῖττον
2778 1510 3139 1579 μεταϐάλλον,
3168 1515 3229 1566 οὐ
3268 1516 3492 1580 πάντως
3522 1519 3650 1571 τάδε

2074 1597 2155 1650 ἔτι
2183 1600 2571 1668 ὲντεταγμένον
2611 1601 2671 1654 τὸ
2708 1602 2849 1656 κατὰ
2876 1602 2973 1674 τὴν
3005 1606 3225 1675 πρώτην
3255 1607 3644 1679 ὑποκείμενον.

407 1696 484 1750 Ae
512 1692 968 1765 quemadmodum
1004 1693 1216 1762 species
1257 1692 1372 1761 ipsa
1404 1692 1470 1746 ad
1508 1691 1760 1744 ultimum
1796 1702 1971 1758 usque

2077 1686 2285 1758 Ὥσπερ
2311 1687 2368 1740 δὲ
2399 1689 2459 1741 τὸ
2490 1686 2627 1753 εἶδός
2668 1692 2783 1744 ἐστι
2823 1692 2983 1763 μέχρι
3014 1694 3107 1746 τοῦ
3144 1694 3376 1766 πέρατος
3397 1740 3415 1764 ,
3459 1699 3561 1752 κᾶν
3593 1702 3647 1752 οῖ

415 1788 600 1843 eadem
633 1794 732 1846 est.
763 1785 864 1840 etsi
894 1786 1083 1855 ingens
1117 1785 1451 1854 propriarum
1498 1782 1793 1837 formarum
1828 1791 1976 1837 nota-

408 1893 641 1947 rumque
672 1876 917 1931 videatur
962 1891 1084 1931 esse
1140 1874 1429 1931 diversitas
1460 1894 1472 1929 :
1509 1875 1666 1946 537
1716 1876 1792 1929 ita
1822 1882 1877 1930 et
1918 1875 1973 1929 in

411 1986 497 2033 eo,
529 1970 596 2024 de
642 1984 749 2037 quo
779 1967 1011 2039 agimus,
1062 1966 1469 2035 intelligendum
1509 1974 1614 2029 est,
1656 1975 1974 2036 praasentem

411 2061 660 2132 corporis
700 2060 934 2131 speciem
963 2056 1205 2112 eamdem
1229 2072 1350 2112 esse
1374 2072 1496 2111 cum
1522 2056 1725 2122 futura,
1759 2072 1881 2111 cum
1911 2070 1976 2111 eo

322 2208 339 2227 ί
409 2164 610 2216 tamen,
641 2162 700 2208 ut
739 2150 1075 2207 incredibilis
1109 2150 1163 2205 in
1194 2151 1387 2206 melius
1408 2151 1478 2204 sit
1512 2149 1694 2204 futura
1722 2149 1967 2205 mutatio.

410 2245 640 2301 Necesse
683 2245 826 2300 enim
880 2250 963 2298 est
1006 2242 1241 2296 animam
1272 2242 1548 2311 corporeis
1579 2242 1632 2295 in
1693 2241 1828 2296 locis
1870 2244 1975 2297 ha:-

418 2346 633 2393 rentem
676 2335 1062 2392 consentaneis
1087 2334 1188 2389 sibi
1226 2334 1301 2386 uti
1332 2333 1672 2402 corporibus.
1710 2334 1885 2403 Atque
1921 2339 1977 2386 ut

418 2430 466 2485 si
506 2431 560 2484 in
605 2427 924 2499 aquatilium
963 2435 1210 2479 naturam
1250 2438 1541 2479 conversos
1563 2424 1724 2478 vitam
1755 2424 1811 2478 in
1840 2423 1976 2477 mari

410 2522 607 2591 degere
666 2535 763 2576 nos
796 2525 1089 2589 oporteret,
1145 2516 1513 2571 necessarium
1551 2514 1691 2571 foret
1729 2530 1830 2570 nos
1872 2514 1977 2569 alia

411 2629 701 2685 corporum
769 2612 1155 2667 constitutione
1216 2611 1553 2680 pisciumque
1631 2609 1799 2664 simili
1856 2622 1978 2664 esse

417 2706 674 2779 praeditos
723 2723 737 2760 :
791 2706 867 2759 ita
922 2704 1015 2773 qui
1073 2702 1336 2757 cmlorum
1404 2701 1556 2772 regni
1612 2699 1977 2755 haereditatem

415 2798 616 2853 adituri
644 2802 791 2860 sunt,
818 2809 883 2849 ac
914 2794 1149 2848 diversis
1174 2793 1230 2847 in
1277 2793 1497 2848 sedibus
1526 2791 1840 2856 habitaturi,
1870 2790 1980 2861 spi-

415 2890 595 2944 ritalia
635 2902 853 2959 quoque
902 2900 1131 2956 corpora
1179 2884 1414 2939 habeant
1456 2898 1681 2940 necesse
1708 2892 1816 2950 est,
1868 2898 1976 2937 non

412 2982 560 3054 quod
614 2982 762 3052 prior
814 2979 1193 3050 exstinguatur
1222 2977 1467 3048 species,
1500 2976 1712 3032 tametsi
1754 2976 1811 3030 in
1862 2976 1979 3030 illu-

2073 1779 2414 1851 χαρακτῆρες
2435 1780 2630 1834 δοκῶσι
2661 1782 2858 1855 πολλὴν
2886 1784 3027 1856 ἐχειν
3056 1787 3439 1862 παραλλαγήνο
3468 1790 3647 1855 οὕτως

2073 1869 2293 1940 νοητέον
2325 1870 2419 1922 καὶ
2452 1871 2543 1923 ἐπὶ
2566 1871 2659 1924 τοῦ
2694 1874 2956 1944 παρόντος
2988 1871 3125 1941 εἶδος
3164 1879 3359 1932 ταυτὸν
3393 1875 3537 1934 εἶναι
3564 1882 3647 1953 τῷ

2076 1958 2323 2030 μέλλοντι
2346 1998 2362 2024 ,
2392 1959 2649 2033 πλείστης
2692 1964 2820 2034 ὅσης
2858 1966 3121 2038 ἐσομένης
3155 1968 3251 2039 τῆς
3280 1971 3375 2025 ἐπὶ
3420 1972 3644 2027 κάλλιον

2076 2047 2395 2119 μεταϐολῆς.
2445 2049 2759 2119 Ἀναγκαῖον
2802 2053 2912 2124 γὰρ
2966 2055 3066 2128 τὴν
3113 2056 3290 2131 ψυχὴν
3343 2063 3403 2115 ὲν
3456 2062 3644 2127 τόποις

2076 2144 2409 2210 σωματικοῖς
2446 2141 2792 2215 ὑπάρχουσαν
2846 2148 3142 2220 κεχρῆσθαι
3198 2151 3412 2223 σώμασι
3442 2158 3641 2210 καταλ-

2073 2229 2253 2304 ληλοις
2282 2235 2391 2297 τοῖς
2417 2236 2656 2303 τρόποις.
2675 2238 2784 2291 Καὶ
2806 2237 2993 2312 ὥσπερ
3021 2243 3077 2296 ὲν
3100 2242 3343 2319 Θαλάσσῃ
3369 2246 3471 2318 ζῇν
3496 2251 3643 2319 ημᾶς

2075 2324 2327 2396 ἐνύδρους
2356 2328 2677 2397 γενομένους
2724 2331 2771 2382 εξ
2807 2332 3000 2404 ἐχρῆν,
3046 2336 3259 2401 πάντως
3288 2339 3355 2392 ἂν
3393 2342 3503 2394 ἔδει
3534 2360 3638 2395 παι

2080 2419 2383 2489 ραπλησίαν
2414 2420 2556 2491 ἔχειν
2590 2424 2683 2476 καὶ
2706 2422 2800 2495 τὴν
2838 2425 3001 2496 ἄλλην
3035 2428 3228 2498 ἰχθύων
3256 2434 3598 2487 κατάστασιν
3630 2454 3639 2463 ·

2074 2510 2280 2578 οὕτως,
2321 2511 2610 2582 μέλλοντας
2659 2514 3008 2587 κληρονομεῖν
3058 2518 3331 2588 βασιλείαν
3371 2524 3642 2595 οὐρανῶν.

2074 2604 2169 2658 καὶ
2211 2606 2268 2657 ὲν
2301 2603 2488 2669 τόποις
2533 2605 2878 2678 διαφέρουσιν
2911 2609 3147 2675 ἔσεσθαι,
3185 2614 3483 2682 ἀναγκαῖον
3512 2619 3642 2689 χρῆο

2078 2694 2201 2750 σθαι
2228 2695 2440 2768 σώμασι
2473 2702 2888 2769 πνευματικοῖς,
2918 2702 3036 2772 οὐχὶ
3063 2704 3154 2756 τοῦ
3178 2705 3351 2769 εἴδους
3378 2708 3472 2761 τοῦ
3504 2728 3637 2781 προ-

2074 2787 2233 2859 τέρου
2265 2788 2681 2861 ἀφανιζομένου,
2720 2793 2821 2847 κᾶν
2848 2794 2939 2847 ἐπὶ
2965 2796 3024 2848 τὸ
3055 2797 3390 2870 ἐνδοξότερον
3418 2801 3638 2873 γένηται

2076 2878 2240 2934 αὐτοῦ
2277 2882 2310 2950 ἡ
2360 2883 2576 2953 τροπή·
2614 2881 2801 2956 ὥσπερ
2838 2881 2906 2957 ἦν
2953 2886 3126 2957 Ἰησοῦ
3143 2884 3276 2953 εἶδος
3300 2930 3316 2953 ,
3357 2891 3451 2945 καὶ
3481 2896 3641 2949 Mue.

2079 2973 2249 3037 σέως,
2295 2974 2386 3026 καὶ
2432 2973 2637 3043 Ἠλίου,
2676 2977 2771 3047 οὺχ
2807 2978 2990 3049 ἕτερον
3023 2983 3081 3035 ἐν
3117 2985 3182 3054 τῇ
3217 2986 3637 3057 μεταμορφώσει

420 3075 589 3131 strius
626 3070 883 3142 quiddam
907 3069 1307 3141 gloriosiusque
1336 3076 1593 3123 mutetur.
1618 3066 1972 3134 Quemadmo-
2000 3071 2042 3129 C
2076 3064 2205 3136 παρ’
2239 3066 2267 3118 ὂ
2297 3062 2384 3130 ἦν.

417 3167 546 3222 dum
574 3164 726 3228 Jesu,
783 3177 846 3218 ac
896 3162 1114 3234 Moysis,
1148 3172 1202 3218 et
1240 3162 1368 3216 Elia:
1396 3161 1603 3231 species
1636 3160 1689 3214 in
1719 3159 1979 3215 transfor-

415 3257 651 3317 matione
684 3269 792 3309 non
822 3251 947 3316 alia,
973 3268 1134 3322 quam
1157 3267 1277 3323 quae
1303 3251 1457 3306 initio
1489 3258 1628 3312 erat.
1665 3250 1938 3306 exstitit‘.

487 3344 599 3400 XV.
631 3343 748 3398 Non
779 3350 832 3398 te
860 3342 1024 3413 igitur
1055 3341 1316 3405 olIendat,
1356 3341 1402 3395 si
1433 3341 1554 3411 quis
1587 3340 1814 3411 primam
1844 3338 1975 3393 sub-

409 3437 611 3508 jectam
633 3434 915 3488 materiam
940 3447 1048 3487 non
1069 3432 1310 3487 eamdem
1337 3439 1465 3487 tunc
1489 3431 1723 3486 futuram
1756 3431 1977 3498 dixerit,

415 3542 539 3582 cum
567 3540 635 3580 ne
664 3525 831 3579 biduo
863 3523 1085 3595 quidem
1114 3522 1275 3577 modo
1306 3524 1550 3578 eamdem
1590 3524 1734 3577 illam
1765 3539 1980 3594 perma-

415 3634 544 3676 nere
575 3632 736 3691 posse
763 3617 903 3671 ratio
928 3617 1052 3687 ipsa
1080 3615 1342 3678 declaret,
1369 3616 1413 3669 si
1437 3615 1561 3684 quis
1593 3626 1825 3669 mentem
1849 3616 1979 3671 velit

417 3711 724 3764 advertere.
756 3705 1235 3762 Animadversioue
1252 3714 1506 3775 praeterea
1526 3704 1745 3775 dignum
1762 3716 1816 3760 et
1844 3705 1977 3762 illud

414 3809 528 3855 est:
553 3799 828 3855 diversum
869 3797 1127 3854 seminari
1152 3812 1369 3866 corpus,
1391 3797 1772 3865 diversumque
1789 3812 1975 3852 resur-

414 3906 560 3962 gere.
578 3887 883 3945 Seminatur
901 3890 1041 3944 enim
1068 3905 1255 3958 corpus
1274 3887 1522 3952 animale,
1537 3897 1767 3958 resurget
1791 3905 1975 3957 corpus

414 3980 654 4053 spiritale
694 3981 736 4036 ³.
778 3979 875 4035 His
895 3979 1147 4036 omnibus
1168 3977 1434 4049 ejusmodi
1464 3979 1533 4033 ab
1560 3977 1819 4048 Apostolo
1846 3982 1977 4035 sub-

410 4071 699 4143 jiciuntur,
730 4070 929 4142 quibus
966 4084 1068 4126 nos
1101 4077 1372 4125 terrenam
1406 4069 1715 4139 qualitatem
1745 4070 1825 4124 sic
1854 4086 1975 4125 esse

415 4166 685 4234 posituros
734 4161 913 4228 docet,
953 4169 1013 4216 ut
1054 4161 1172 4232 ipsa
1220 4160 1277 4214 in
1329 4161 1728 4215 resurrectione
1762 4163 1972 4230 species

415 4258 561 4313 salva
582 4256 897 4325 integraque
920 4259 1256 4323 permaneat:
1277 4250 1389 4307 Hoc
1406 4262 1579 4306 autem
1597 4254 1736 4317 dico,
1755 4255 1967 4323 fratres,

413 4349 658 4417 quoniam
701 4362 825 4400 caro
862 4354 912 4398 et
954 4343 1166 4413 sanguis
1214 4358 1429 4413 regnum
1460 4343 1558 4397 Dei
1591 4344 1855 4413 possidere
1878 4364 1968 4402 ne-

2147 3330 2246 3384 lE'.
2274 3331 2364 3401 Μὴ
2398 3330 2703 3402 πρόσκοπτε
2729 3334 2923 3399 τοίνυν,
2969 3337 3018 3389 εἰ
3058 3337 3117 3388 τδ
3162 3337 3374 3409 πρῶτον
3416 3340 3635 3393 ὑποδιεὲ-

2081 3438 2237 3493 μενον
2267 3423 2331 3476 ἄν
2370 3440 2453 3487 τις
2480 3423 2628 3491 λέγοι
2658 3424 2730 3495 μὴ
2781 3425 2994 3479 ἔσεσθαι
3026 3428 3215 3481 ταυτὸν
3255 3428 3398 3495 τότε,
3454 3433 3589 3485 ὅπου
3612 3437 3637 3488 ἐ

2076 3515 2231 3584 λόγος
2262 3519 2372 3580 τοῖς
2413 3518 2719 3586 ὲφιστάνειν
2757 3518 3070 3589 δυναμένοις
3097 3520 3380 3584 δείκνυσιν,
3415 3525 3495 3577 ὅτι
3516 3525 3636 3579 οὐδὲ

2077 3608 2170 3661 νῦν
2194 3609 2413 3662 δύναται
2449 3610 2540 3663 δύο
2567 3611 2786 3682 ἡμερῶν
2826 3608 2963 3665 εἶναι
2996 3613 3057 3665 τὸ
3088 3612 3300 3684 πρῶτον
3342 3614 3638 3686 ὑποκείμεο

2075 3717 2183 3756 νον.
2242 3700 2422 3765 ’Ἄξιον
2453 3701 2509 3755 δὲ
2542 3702 2823 3773 ἐπιστῆναι
2856 3704 2948 3756 καὶ
2979 3703 3039 3756 τὸ
3078 3705 3307 3774 ἑτεροῖον
3343 3705 3441 3775 μὲν
3485 3707 3637 3758 σπεε-

2078 3792 2283 3866 ρεσθαι,
2311 3796 2544 3866 ἑτεροῖον
2566 3795 2620 3848 δὲ
2645 3796 2979 3850 ἀνίστασθαι.
3013 3797 3317 3865 Σπείρεται
3336 3798 3443 3866 γὰρ
3465 3800 3638 3866 σῶμα

2075 3884 2361 3952 ψυχικὸν,
2375 3884 2655 3955 ἐγείρεται
2674 3887 2847 3956 σῶμα
2864 3889 3283 3956 πνευματικόν.
3313 3888 3420 3942 Καὶ
3445 3890 3638 3958 ὲπιφὲ-

2079 3993 2159 4047 ρει
2192 3978 2354 4030 πᾶσιν
2376 3978 2404 4029 ὁ
2448 3977 2784 4043 Ἀπόστολος,
2818 3979 2999 4049 σχεδὸν
3030 3980 3129 4051 τὴν
3157 3980 3347 4050 γηῖνην
3375 3982 3637 4050 ποιότητα

2074 4071 2221 4140 ἡμᾶς
2253 4070 2517 4124 διδάσκων
2549 4071 2893 4127 ἀποτίθεσθαι
2923 4073 3137 4143 μέλλειν
3155 4076 3324 4145 ἡμᾶς,
3356 4075 3443 4127 τοῦ
3462 4075 3637 4139 εἴδους

2074 4162 2381 4234 σωζομένου
2432 4163 2573 4217 κατὰ
2612 4164 2710 4236 τὴν
2740 4165 3030 4219 ἀνάστασιν
3054 4182 3069 4197 '
3131 4166 3306 4220 Τοῦτο
3349 4167 3414 4219 δέ
3459 4185 3634 4236 φημι,

2071 4255 2339 4325 ἀδελφοὶ,
2369 4255 2457 4310 ὅτι
2487 4259 2642 4326 σὰρξ
2678 4256 2775 4310 καὶ
2800 4252 2939 4326 αἷμα
2959 4257 3282 4320 ,ϐασιλείαν
3317 4257 3461 4310 Θεοῦ
3486 4262 3634 4323 κλη-

2065 4350 2400 4421 ρονομῆσαι
2428 4354 2499 4406 οὑ
2520 4351 2821 4413 δύνανται,
2848 4351 2989 4405 οὐδὲ
3008 4354 3045 4419 ἡ
3068 4356 3254 4421 φθορὰ
3279 4351 3389 4418 τὴν
3410 4352 3635 4419 ἀφθαρ-

412 4448 625 4509 queunt,
656 4454 815 4507 neque
839 4436 1102 4504 corruptio
1133 4436 1575 4505 incarruptionem
1607 4438 1651 4492 ³.
1677 4438 1788 4493 Etsi
1824 4441 1968 4494 enim

2077 4442 2238 4495 σιάν.
2284 4444 2441 4507 Ἴσως
2471 4443 2569 4514 μὲν
2594 4441 2703 4513 γὰρ
2727 4442 2872 4496 ἔσται
2904 4445 3030 4511 περὶ
3055 4443 3147 4496 τοῦ
3168 4442 3258 4496 τὸν
3292 4444 3441 4510 ἅγιον
3460 4444 3481 4474 ⁸
3514 4444 3633 4496 δια-

414 4532 645 4586 l'ortasse
692 4530 947 4585 eximium
978 4527 1233 4599 quiddam
1266 4538 1577 4583 sanctorum
1622 4532 1830 4600 corpori
1870 4532 1970 4585 tri-

414 4624 683 4677 buendum
723 4622 848 4683 erit,
881 4627 940 4674 ut
972 4618 1026 4674 id
1056 4618 1238 4674 carnis
1271 4619 1388 4686 ipsa
1416 4619 1717 4690 proprietas
1744 4636 1969 4676 conser-

414 4724 520 4776 vet,
544 4730 672 4768 caro
694 4723 873 4768 tamen
901 4712 1134 4782 amplius
1154 4727 1259 4765 non
1286 4712 1407 4772 erit.
1435 4712 1527 4768 sed
1555 4714 1697 4782 quod
1724 4714 1777 4768 in
1802 4729 1966 4770 carne

411 4808 557 4862 velut
600 4806 813 4878 propria
860 4806 1092 4876 quadam
1136 4813 1262 4858 nota
1299 4812 1414 4857 erat
1458 4805 1817 4872 impressum.
1868 4806 1970 4862 hoc

412 4898 553 4955 idem
586 4899 639 4951 in
673 4899 900 4969 spiritali
930 4912 1159 4966 corpore
1190 4898 1618 4967 consignandum
1650 4898 1773 4952 erit.

481 4990 637 5055 Quod
678 5004 806 5045 vero
835 4991 899 5042 ad
930 5004 1024 5043 eos
1064 4987 1363 5058 Scriptura:
1391 4989 1539 5042 locos
1562 4990 1775 5055 attinet,
1812 4991 1902 5060 qui
1937 5006 1967 5043 a

412 5078 674 5134 fratribus
707 5080 908 5133 nostris
938 5079 1292 5148 objiciuntur,
1321 5079 1392 5132 ita
1421 5079 1654 5133 breviter
1681 5094 1968 5137 occurrere

411 5184 722 5240 possumus,
740 5177 900 5237 atque
921 5170 1187 5239 imprimis
1208 5169 1279 5233 ei,
1298 5185 1455 5239 quem
1475 5184 1536 5224 ex
1555 5169 1833 5225 Ezechiele
1851 5187 1966 5241 pro-

410 5259 614 5313 ferunt.
675 5256 881 5311 Etenim
927 5260 973 5314 si
1022 5259 1300 5313 rudiorum
1341 5269 1575 5314 mentem
1636 5274 1699 5315 ac
1745 5276 1966 5331 scopum

408 5347 639 5402 velimus
684 5346 982 5411 attendere,
1030 5362 1189 5416 quem
1236 5346 1289 5399 in
1329 5347 1602 5417 prophetae
1643 5348 1825 5403 verbis
1864 5350 1967 5403 sibi

409 5446 841 5509 proposuerunt,
889 5453 1229 5507 consequens
1267 5445 1380 5501 est,
1433 5454 1499 5491 ne
1544 5438 1705 5492 ullam
1750 5440 1968 5508 quidem

408 5528 593 5585 carnis
614 5527 1065 5584 resurrectionem
1094 5524 1297 5587 videri,
1333 5527 1424 5581 sed
1454 5530 1658 5583 ossium
1681 5527 1966 5592 duntaxat,

2075 4533 2455 4603 κρατούμενον,
2478 4536 2579 4588 ὑπὸ
2606 4535 2698 4589 τοῦ
2733 4535 3105 4599 ἰδιοποιοῦντός
3138 4552 3265 4588 ποτε
3292 4535 3385 4605 τὴν
3416 4538 3596 4604 σάρκα
3616 4554 3629 4567 ο

2076 4609 2211 4694 σάρξ
2257 4625 2312 4678 δὲ
2345 4626 2551 4689 οὐκέτι,
2590 4626 2702 4680 ἀλλ’
2740 4628 2873 4698 ὅπερ
2908 4628 3036 4680 ποτὲ
3076 4628 3529 4698 ὲχαρακτηρίζετο
3572 4632 3633 4683 ἐν

2071 4719 2135 4787 τῇ
2167 4717 2349 4788 σαρκὶ,
2397 4718 2553 4771 τοῦτο
2588 4719 3152 4791 χαρακτηρισθήσεται
3181 4722 3239 4772 ἐν
3276 4720 3352 4791 τῷ
3382 4739 3629 4791 πνευμα-

2068 4808 2206 4879 τικῷ
2240 4807 2469 4879 σώματι.
2724 4830 2731 4834 η

2138 4984 2249 5039 Καὶ
2283 4986 2419 5057 πρὸς
2459 4984 2527 5038 τὰ
2557 4986 2775 5056 ῥήματα
2805 4985 2860 5040 δὲ
2892 4986 2999 5039 τῶν
3034 4986 3283 5058 Γραφῶν,
3318 4987 3356 5041 ἃ
3399 4990 3627 5059 παρατί-

2069 5075 2249 5129 θενται
2293 5076 2342 5129 οῖ
2382 5075 2597 5143 ἀδελφοὶ
2643 5076 2817 5147 ἡμῶν,
2868 5077 3040 5130 ταῦτα
3078 5077 3223 5129 ἐστιν
3269 5079 3470 5130 εἰπεῖν’
3528 5082 3627 5132 καὶ

2066 5167 2279 5238 πρῶτον
2300 5168 2355 5220 ὲν
2374 5166 2451 5237 τῷ
2473 5167 2749 5238 Ἰεζεκιὴλ,
2767 5169 2857 5221 ἐπὶ
2878 5168 2938 5220 τὸ
2954 5170 3072 5222 ὅσον
3088 5169 3109 5201 ⁶
3134 5169 3217 5238 ἐφ’
3244 5163 3322 5233 οἷς
3345 5170 3623 5240 βούλονται

2062 5260 2113 5311 οἱ
2137 5256 2489 5327 ἀπλούστεροι
2516 5258 2654 5312 κατὰ
2676 5259 2774 5321 τὰς
2795 5259 2964 5323 λέξεις
2990 5260 3211 5323 ταύτας,
3234 5260 3355 5314 οὐδὲ
3386 5262 3623 5315 ἀνάστα-

2066 5365 2147 5411 σις
2177 5348 2394 5419 σαρκῶν
2415 5348 2586 5413 ἐσται,
2604 5348 2738 5402 ἀλλὰ
2764 5350 2962 5403 ὀστέων
2987 5351 3164 5420 μόνον,
3190 5352 3285 5405 καὶ
3314 5352 3617 5425 δερμάτων,

2064 5440 2157 5491 καὶ
2178 5438 2399 5510 νεύρων.
2432 5440 2581 5511 "Atta
2605 5457 2662 5493 τε
2687 5442 2780 5493 καὶ
2811 5442 3147 5496 ὑποδεικτέον
3167 5445 3368 5509 αὐτοῖς,
3396 5447 3479 5499 ὅτι
3500 5463 3612 5499 συν.

2064 5528 2420 5599 αρπάζονται,
2457 5530 2531 5595 ὡς
2567 5531 2639 5603 μὴ
2670 5534 2983 5602 νενοηκότες
3022 5535 3084 5586 τὸ
3110 5537 3509 5608 γεγραμμένον.
3541 5539 3619 5601 Οὐ

484 5689 503 5721 ¹
534 5686 726 5766 μοιιὶι.
756 5705 887 5753 xvn,
915 5687 951 5742 2
979 5700 1131 5759 seqq.
1202 5686 1276 5766 fl
1299 5687 1427 5766 Cor.
1464 5689 1667 5766 331,54.
1739 5690 1759 5721 ⁸
1791 5689 1920 5745 ibid.

2136 5690 2154 5719 ⁸
2187 5689 2334 5748 Fort.
2365 5693 2507 5756 τούς.
2588 5693 2609 5726 ⁵
2630 5692 2754 5750 For.
2785 5695 3033 5766 περιττὸν
3062 5696 3123 5748 τὸ
3152 5696 3259 5749 τῶν
3286 5698 3472 5765 ἀγὶων.
3514 5698 3616 5752 Sed

399 5758 499 5835 ,ltic
534 5760 691 5816 locus
720 5766 1009 5830 corruptus
1032 5756 1132 5815 est.
1200 5756 1382 5813 “Fort.
1410 5760 1531 5812 ἐπεὶ
1568 5760 1708 5813 ὅσον.
