3822 6296
127 348 262 406 1095

861 346 1224 405 ADVERSUS
1261 344 1600 402 HAERESES
1639 343 1710 399 LI.

1818 344 1864 400 fl.
1908 344 2069 401 ΤΟΜ.
2110 343 2223 399 1-
2256 344 2528 401 HIERES.
2557 344 2740 399 LXIV.

3237 348 3375 409 1094

124 470 249 539 γὰρ,
283 468 333 520 εί
354 466 489 521 ὀστᾶ
512 464 857 538 ὀνομάζεται.
886 470 1105 533 πάντως
1128 469 1195 523 τὰ
1222 469 1354 522 ὀστᾶ
1380 467 1553 521 ταῦτα
1579 484 1698 538 νοη-

1818 467 2160 522 euticularum
2196 477 2359 538 atque
2394 482 2709 523 nervorum.
2757 466 2861 524 Sed
2888 478 2943 525 et
2972 470 3108 525 illud
3147 471 3373 529 demon-

121 562 236 614 τέον
254 579 268 591 ο
299 558 493 629 ὥσπερ
539 560 659 614 οὐδὲ
687 561 745 613 ὲν
779 560 876 631 τῷ,
923 560 1359 628 Διεσκορπίσθη
1400 558 1593 612 πάντα
1625 559 1697 612 τὰ

120 649 273 706 ὀστᾶ
287 669 409 720 μου
428 669 441 680 ·
460 652 879 721 καὶ,”1ασαίμε,
892 651 981 705 ὅτι
992 651 1289 719 ἐταράχθη
1306 649 1377 703 τὰ
1397 648 1546 704 ὀστᾶ
1556 666 1695 719 μου,

118 743 358 815 φανεροῦ
380 745 529 807 ὄντος
548 744 643 797 τοῦ
663 745 736 815 μὴ
752 743 1004 818 λέγεσθαι
1020 743 1087 797 τὰ
1101 744 1232 796 ὀστᾶ
1248 742 1387 795 κατά
1400 741 1498 813 τὴν
1516 742 1698 812 κοινὴν

120 837 371 907 ὲκδοχήν.
391 837 579 905 Ἐπιφέ
591 854 740 909 ρεται
757 835 886 905 γοῦν
907 836 984 907 τῷ
996 836 1157 904 λόγῳ·
1174 836 1293 887 Ὅτι
1305 834 1474 887 αὐτοὶ
1487 832 1697 902 λέγου-

117 945 243 981 σιν’
266 930 389 981 Ὀτι
417 930 453 988 ξ
456 929 571 997 ηρά
589 928 793 998 γέγονε
809 928 880 981 τὰ
900 927 1050 983 ὀστᾶ
1066 922 1406 998 ἠμῶνῘΑρά
1430 944 1493 995 γε
1508 927 1699 995 λέγου-

119 1039 226 1084 σιν,
247 1022 411 1089 Ξηρὰ
423 1021 627 1091 γέγονε
642 1023 712 1075 τὰ
726 1022 905 1075 ὀστέα
924 1024 957 1088 ἡ
958 1021 1107 1090 μῶν,
1125 1020 1366 1083 θέλοντες
1381 1020 1697 1073 ἀνίστασθαι

120 1111 491 1181 συναχθέντα;
552 1112 712 1165 Ἀλλά
736 1112 895 1165 τοῦτο
924 1112 1224 1183 ἀμήχανον.
1279 1109 1501 1177 Λέγοιεν
1533 1109 1576 1161 δ’
1609 1108 1695 1173 ἂν,

118 1202 273 1273 Ξηρὰ
301 1199 494 1270 γέγονε
519 1202 586 1255 τά
616 1202 774 1255 ὀστέα
816 1202 993 1271 ἡμῶν,
1035 1204 1093 1254 ὲν
1130 1200 1527 1270 αἰχμαλωσίαις
1555 1200 1699 1267 γενό-

122 1310 297 1362 μενοι,
358 1292 451 1345 καὶ
496 1295 675 1346 πᾶσαν
726 1291 960 1362 ζωτικὴν
1016 1291 1193 1344 νοτίδα
1242 1290 1695 1361 ἀποϐεϐληκότες.

131 1383 487 1453 Ἐπιφέρουσι
534 1383 664 1451 γοῦν
706 1384 786 1442 τὸ.
827 1383 1160 1435 Ἀπόλωλεν
1200 1383 1238 1449 ἡ
1281 1382 1455 1448 ἐλπὶς
1488 1381 1655 1451 ἡμῶν
1682 1400 1695 1415 ’

117 1473 678 1543 διαιτεερωνήκαμεν.
710 1474 920 1527 Οὐκοῦν
945 1475 978 1543 ή
1006 1473 1305 1541 ἐπαγγελία
1337 1474 1439 1543 τῆς
1462 1475 1697 1529 ἀναστά-

122 1585 264 1630 σεως
294 1566 390 1618 τοῦ
422 1566 550 1618 λαοῦ
579 1567 725 1618 ἐστιν
751 1565 857 1618 ἀπὸ
882 1564 975 1617 τοῦ
998 1563 1307 1635 πτώματος,
1333 1564 1537 1635 καὶτῆς
1562 1566 1700 1618 οἱον·

121 1660 170 1713 εὶ
210 1659 537 1729 νεκρότητος
584 1659 650 1729 ἦν
686 1658 1062 1729 νενέκρωνται,
1100 1656 1185 1709 διὰ
1224 1657 1293 1710 τὰ
1329 1658 1700 1728 ἁμαρτήματα

120 1754 236 1814 τοῖς
263 1750 480 1820 ἐχθροῖς
513 1747 930 1820 παραδοθέντες.
967 1750 1076 1802 Καὶ
1100 1750 1146 1801 οἱ
1172 1747 1480 1819 ἁμαρτωλοὶ
1504 1749 1561 1801 δὲ
1596 1749 1700 1803 ὑπὸ

1810 560 2092 615 strandum
2124 562 2260 631 ipsis
2288 569 2393 625 est,
2424 568 2629 617 temere
2659 561 2781 617 illos
2812 563 2865 616 in
2904 577 3146 620 errorem
3176 566 3373 638 abripi,

1806 651 1935 706 dum
1967 652 2158 723 scripti
2186 654 2513 709 sententiam
2541 668 2881 725 nequaquam
2908 657 3236 727 percipiunt.
3264 658 3373 715 Ne—

1800 758 1903 812 que
1926 743 2068 797 enim
2094 759 2216 798 cum
2241 759 2366 798 ossa
2393 744 2768 807 nominantur,
2790 744 2902 799 haec
2936 747 3051 816 ipsa
3069 763 3188 817 qua:
3207 748 3380 804 habe-

1800 850 1922 889 mus
1940 850 2064 889 ossa
2082 851 2180 905 par
2196 846 2279 891 est
2297 835 2489 906 accipi,
2506 836 2583 889 uti
2604 852 2777 906 neque
2796 836 2851 890 in
2872 837 2959 892 his
2975 839 3108 894 locis
3126 839 3215 893 ubi
3242 841 3381 894 scri-

1799 932 1951 994 ptum
1971 934 2083 979 est:
2111 924 2360 994 Dispersa
2382 936 2504 979 sunt
2526 927 2702 979 omnia
2720 926 2884 997 538
2900 944 3020 982 ossa
3038 945 3151 983 mea
3166 930 3206 995 ¹;
3232 939 3346 984 tum
3365 948 3380 985 :

1800 1015 1946 1071 Sana
1980 1034 2079 1079 me,
2106 1020 2353 1087 quoniam
2383 1018 2697 1073 conturbata
2731 1029 2853 1073 sunt
2885 1037 3007 1075 ossa
3044 1023 3226 1087 mea';
3254 1038 3380 1077 cum

1800 1108 1871 1163 sit
1909 1108 2257 1165 manifestum
2302 1126 2407 1164 non
2444 1110 2744 1166 secundum
2781 1112 3059 1182 vulgarem
3099 1113 3379 1169 notionem

1801 1202 2004 1257 ossium
2040 1217 2237 1257 nomen
2272 1204 2546 1273 usurpari.
2604 1202 2838 1257 Proinde
2877 1203 3057 1258 statim
3092 1206 3279 1261 eadem
3322 1206 3380 1261 in

1800 1295 2047 1348 oratione
2070 1294 2443 1366 subjungitur,
2469 1293 2547 1347 Eo
2576 1295 2714 1364 quod
2738 1296 2840 1364 ipsi
2879 1295 3094 1350 dicunt:
3115 1297 3381 1364 Quoniam

1801 1386 1957 1439 arida
1982 1386 2129 1455 facta
2152 1398 2273 1440 sunt
2299 1404 2419 1441 ossa
2438 1388 2675 1440 nostra‘.
2701 1385 2837 1441 Num
2858 1386 2960 1443 hoc
2983 1388 3146 1458 igitur
3168 1389 3378 1455 dicunt.

1800 1478 1967 1532 Arida
1998 1478 2143 1547 facta
2180 1486 2303 1531 sunt
2331 1495 2452 1531 ossa
2485 1488 2690 1540 nostra,
2728 1476 2872 1547 quod
2909 1478 3097 1533 eadem
3129 1478 3180 1532 in
3210 1496 3382 1536 unum

1801 1571 2025 1624 collecta
2052 1572 2242 1623 volunt
2272 1571 2589 1640 resurgere?
2624 1571 2783 1639 Atqui
2819 1570 2932 1624 ﬁeri
2964 1571 3107 1626 istud
3141 1586 3249 1625 non
3280 1587 3380 1641 po-

1801 1667 1929 1716 test.
1973 1661 2151 1726 Quare
2185 1660 2337 1715 arida
2385 1661 2506 1717 ideo
2556 1677 2654 1715 sua
2708 1662 2899 1716 dicunt
2938 1678 3085 1728 ossa,
3134 1665 3276 1733 quod
3324 1665 3381 1719 in

1803 1753 2207 1822 captivitatibus
2239 1754 2330 1807 diu
2382 1754 2550 1808 habiti
2593 1755 2809 1809 vitalem
2847 1772 3060 1810 omnem
3098 1762 3382 1813 humorem

120 1843 217 1897 τοῦ
251 1814 506 1911 Sint-ﬁgo;
537 1814 785 1909 λέγονται
827 1834 963 1893 εἶναι
1010 1839 1171 1908 τάφοι
1195 1814 1453 1910 γέμοντες
1497 1840 1700 1893 ὀστέων

1818 1843 2102 1899 tmiserint.
2153 1842 2307 1899 Unde
2349 1854 2403 1899 et
2456 1845 2587 1897 illud
2634 1845 2906 1902 inferunt:
2956 1847 3123 1901 Periit
3148 1864 3261 1916 spes
3282 1866 3383 1902 no-

122 1937 219 1987 καὶ
258 1934 439 2004 πάσης
461 1932 819 2003 ἀκαθαρσίας.
872 1931 1081 2003 Πρέπει
1124 1931 1180 1985 δὲ
1223 1930 1300 2002 τῷ
1325 1931 1444 2002 Θεῷ
1466 1933 1703 2001 ἀνοίγειν

1818 1946 1950 1990 xtra:
1988 1934 2209 1989 abscissi
2247 1952 2428 1988 sumus
2460 1935 2502 1987 ⁸.
2546 1936 2813 2001 Quocirca
2847 1939 3267 1995 resurrectionis
3294 1940 3384 1992 illa

122 2027 193 2080 τά
231 2027 476 2097 μνημεῖα
521 2025 776 2085 ἑκάστου.
818 2025 911 2077 καὶ
943 2023 1159 2093 ἐξάγειν
1190 2024 1254 2077 ὲκ
1285 2023 1393 2076 τῶν
1426 2026 1704 2095 μνημείων

1818 2025 2004 2095 populo
2028 2025 2169 2079 facta
2199 2025 2491 2096 promissio
2511 2026 2577 2079 ab
2602 2025 2692 2080 illa
2722 2027 2878 2081 ruina
2924 2044 2987 2082 ac
3021 2030 3167 2084 velut
3189 2044 3384 2085 eneca-

120 2120 276 2188 ἡμᾶς
314 2116 800 2187 ὲζωοποιημένους,
836 2116 1023 2187 ὥσπερ
1050 2118 1079 2169 ὁ
1109 2113 1297 2185 Σωτὴρ
1336 2114 1429 2166 τὸν
1458 2115 1704 2189 Λάζαρον

1818 2120 1971 2182 tione,
2013 2134 2120 2189 qua
2162 2118 2418 2174 exstincti
2468 2126 2619 2180 sunt,
2660 2134 2783 2174 cum
2832 2130 3054 2191 propter
3087 2122 3291 2177 scelera
3326 2121 3383 2175 in

122 2209 378 2263 εἵλκυσεν
411 2208 535 2276 ἔξω.

1818 2211 2047 2264 hostium
2078 2219 2398 2281 potestatem
2443 2209 2627 2264 traditi
2669 2220 2817 2275 sunt,
2849 2211 3094 2281 qumdam
3127 2219 3210 2266 est
3245 2211 3389 2266 exci-

120 2303 263 2355 tatio
301 2300 506 2354 futura.
562 2297 704 2365 Quin
736 2299 898 2354 etiam
952 2308 1267 2368 peccatores
1305 2313 1333 2352 a
1375 2298 1655 2353 Salvatore
1682 2303 1930 2371 sepulcra
1960 2317 2083 2356 esse
2134 2301 2392 2356 dicuntur
2434 2302 2653 2356 ossibus
2678 2314 2838 2373 atque
2868 2304 3012 2356 omni
3047 2303 3391 2359 immunditia

121 2397 311 2467 plena.
349 2392 458 2447 Sed
489 2392 616 2445 illud
649 2391 845 2445 divinae
876 2391 1143 2459 majestati
1174 2391 1446 2454 convenit,
1479 2399 1536 2443 ut
1565 2391 1900 2461 singulorum
1926 2393 2175 2461 sepulcra
2202 2390 2511 2462 patefaciat,
2544 2402 2598 2446 et
2627 2406 2728 2445 nos
2757 2393 2824 2444 ad
2862 2393 3027 2445 vitam
3056 2393 3390 2449 instauratos

124 2508 156 2548 ο
184 2488 565 2545 monumentis
593 2487 811 2551 educat,
840 2486 1063 2557 perinde
1093 2502 1156 2541 ac
1183 2485 1447 2539 Lazarum
1483 2484 1630 2539 foras
1662 2484 1913 2539 Salvator
1941 2487 2195 2539 extraxit.

195 2584 318 2649 ις’.
368 2581 443 2634 Τὸ
471 2579 549 2645 δὲ,
592 2579 746 2633 Ἐκεῖ
762 2576 931 2632 ἔσται
962 2582 994 2632 ό
1022 2578 1346 2647 κλαυθμὸς,
1387 2577 1482 2631 καὶ
1516 2580 1547 2631 ὀ
1567 2578 1710 2645 βρυ-

1890 2577 2030 2633 XVI.
2065 2576 2182 2632 Jam
2214 2593 2344 2632 vero
2376 2579 2519 2647 quod
2567 2578 2709 2631 hunc
2740 2577 2919 2629 locum
2967 2576 3266 2645 objiciunt:
3306 2578 3393 2633 Ibi

122 2676 278 2747 τμὸς
306 2672 429 2728 τῶν
458 2671 737 2734 ὀδόντων,
766 2671 901 2742 πρὸς
925 2670 1121 2733 αὐτοὺς
1146 2670 1469 2740 άπορητέον,
1516 2671 1597 2722 ὅτι
1629 2670 1710 2733 Ὠς

1822 2671 1921 2723 erit
1947 2670 2098 2738 ﬂetus
2120 2679 2168 2723 et
2192 2669 2390 2723 stridor
2410 2669 2644 2723 dentium
2660 2669 2705 2729 ³,
2724 2667 2803 2722 sic
2834 2667 3094 2722 adversus
3127 2668 3248 2725 illos
3275 2669 3392 2725 dis-

122 2769 181 2821 ἑν
200 2766 384 2836 τούτῳ
400 2763 479 2834 τῷ
502 2764 600 2835 βίῳ
622 2764 727 2817 πᾶν
754 2758 914 2833 μέλος
938 2762 1018 2825 εῐς
1039 2780 1162 2816 τινα
1181 2762 1369 2832 χρείαν
1394 2764 1423 2815 ὁ
1446 2764 1710 2834 Δημιουρ-

1818 2761 2118 2832 putandum
2149 2770 2258 2816 est:
2293 2761 2427 2815 Cum
2463 2761 2517 2814 in
2546 2760 2645 2813 hac
2668 2760 2776 2812 vita
2808 2759 3109 2812 membrum
3142 2776 3302 2815 omne
3325 2761 3393 2816 ad

124 2862 219 2929 γὸς
246 2858 674 2919 κατεσκεύασεν,
696 2854 867 2919 οὕτως
894 2856 986 2908 καὶ
1008 2857 1131 2919 τοὺς
1164 2854 1380 2917 ὀδόντας
1410 2855 1489 2916 είς
1516 2856 1577 2908 τὸ
1601 2855 1708 2908 δια-

1821 2868 1978 2908 usum
2010 2854 2247 2923 aliquem
2288 2867 2318 2905 a
2349 2867 2563 2908 summo
2608 2852 2701 2905 illo
2734 2850 2938 2920 Opiﬁce
2980 2853 3049 2906 sit
3089 2853 3390 2917 conditum,

122 2950 431 3005 κόπτεσθαι
487 2948 582 3020 τὴν
627 2946 852 3019 στερεὰν
882 2950 1104 3018 τροφήν.
1154 2944 1249 3008 Τίς
1284 2941 1376 2998 οὖν
1411 2945 1569 3017 χρεία
1598 2948 1710 3008 τοῖς

1818 2954 1931 3000 tum
1949 2960 2079 3001 vero
2101 2945 2291 3000 dentes
2312 2944 2490 3000 solido
2514 2943 2634 2997 cibo
2657 2944 3074 2998 comminuendo
3094 2953 3221 2999 sunt
3239 2943 3390 3000 facti.

123 3041 521 3111 κολαζομένοις
549 3039 809 3101 ὁδόντων;
836 3039 910 3090 Οὐ
942 3038 1049 3109 γὰρ
1082 3040 1160 3100 εἰς
1184 3036 1282 3108 τὴν
1311 3036 1533 3105 γέενναν
1560 3037 1710 3100 ὄντες

1822 3037 1963 3104 Quid
1991 3038 2154 3108 igitur
2183 3038 2440 3093 dentibus
2468 3051 2605 3106 opus
2627 3036 2735 3088 illis
2759 3045 2862 3099 est,
2894 3036 2985 3104 qui
3015 3037 3155 3104 apud
3186 3037 3394 3093 inferos

124 3134 251 3189 κατ’
296 3131 493 3193 αὐτοὺς
535 3130 816 3199 φάγονται.
867 3127 976 3180 Καὶ
1018 3127 1277 3185 δεικτέον.
1326 3128 1407 3180 ὅτι
1439 3127 1500 3179 οὐ
1533 3126 1709 3179 πάντα

1818 3130 2173 3186 cruciantur?
2196 3128 2312 3184 Non
2334 3130 2500 3193 enim,
2532 3130 2746 3199 opinor,
2779 3128 3074 3197 quidquam
3102 3128 3213 3182 illic
3238 3144 3395 3184 man-

124 3218 663 3295 παραλαμϐάνεσθαι
704 3218 788 3272 δεῖ
829 3216 969 3270 κατὰ
1014 3215 1074 3269 τὸ
1107 3214 1373 3285 κείμενον.
1438 3215 1709 3279 Ὀδόντας

123 3316 282 3385 γοῦν,
310 3313 496 3382 φησιν,
520 3308 880 3379 ἁμαρτωλῶν
901 3307 1299 3376 συνέτριψαςο
1328 3307 1443 3367 καὶ,
1470 3308 1581 3371 Τὰς
1600 3306 1709 3375 μύ-

124 3412 250 3473 λας
292 3403 417 3458 τῶν
457 3403 723 3457 λεόντων
753 3397 1134 3453 συνέθλασεν
1166 3400 1199 3451 ὁ
1238 3397 1472 3464 Κύριος.
1525 3397 1619 3461 Τίς
1655 3397 1712 3449 δὲ

126 3501 310 3561 οὕτως
324 3496 552 3568 ἠλίθιος,
575 3494 648 3557 ὼς
665 3491 1086 3563 ὑπολαμϐάνειν,
1105 3491 1185 3543 ὅτι
1205 3488 1386 3560 τηρῶν
1405 3489 1473 3543 τὰ
1490 3488 1714 3561 σώματα

128 3592 245 3647 τῶν
269 3586 612 3661 ἁμαρτωλῶν
632 3585 825 3647 ὁΘεὸς,
847 3586 972 3646 τοὺς
989 3584 1207 3646 ὀδόντας
1234 3581 1411 3636 αὐτῶν
1441 3582 1713 3653 συντρίϐει

135 3683 301 3754 μόνον
329 3699 345 3748 ;
383 3680 593 3749 ’Ὠσπερ
621 3673 714 3730 οὖν
761 3676 812 3727 εἰ
835 3692 939 3737 τις.
969 3673 1135 3726 θέλων
1155 3673 1325 3726 ταῦτα
1348 3672 1517 3736 οὕτως
1548 3673 1711 3743 ἔχειν,

134 3774 458 3843 θλιϐόμενος
485 3769 695 3823 εἵλκετο
742 3768 825 3819 ἐπ’
862 3765 1208 3835 ἀλληγορεαν,
1257 3764 1426 3827 οὓτως
1456 3764 1715 3835 ζητητέον

134 3866 249 3921 τῶν
269 3861 644 3932 κολαζομένων
659 3858 749 3911 τὸν
768 3856 1007 3928 βρυγμὺν
1027 3856 1133 3908 τῶν
1153 3856 1399 3917 ὀδόντων,
1422 3856 1521 3925 τῆς
1540 3855 1717 3925 ψυχῆς

134 3957 374 4027 δύναμιν
406 3950 713 4025 μασητικὴν
737 3948 989 4020 ἐχούσης,
1013 3949 1132 4016 ἥτις
1162 3950 1219 3998 ὲν
1246 3945 1420 4016 καιρῷ
1446 3945 1539 3998 τοῦ
1571 3945 1720 4013 ελεγ-

135 4069 238 4125 χου
279 4048 414 4119 περὶ
451 4046 560 4099 τῶν
600 4041 1015 4115 ἁμαρτημάτων
1047 4038 1188 4093 κατὰ
1219 4038 1309 4090 τὸν
1344 4037 1719 4107 συγκρουσμὸν

136 4146 251 4197 τῶν
271 4141 500 4195 ὀδόντων
528 4138 618 4210 (ὡς
664 4133 952 4208 ἐφρόνησε)
1011 4130 1191 4202 βρύξει
1226 4131 1349 4192 τοὺς
1376 4129 1610 4190 ὀδόντας.
1647 4128 1721 4181 Τὸ

139 4237 221 4299 δὲ,
263 4232 566 4299 Φοϐήθητε
606 4229 711 4284 τὸν
744 4226 1082 4295 δυνάμενον
1119 4224 1214 4277 καὶ
1250 4220 1462 4291 ψυχὴν
1510 4221 1607 4274 καὶ
1655 4219 1721 4274 τὸ

141 4325 323 4395 σῶμα
352 4322 651 4378 ἀπολέσαι
680 4322 751 4375 ὲν
779 4322 1013 4390 γεέννῃ,
1048 4316 1186 4387 τάχα
1216 4314 1313 4386 μὲν
1340 4314 1600 4377 διδάσκει,
1635 4313 1718 4365 ὅτι

1826 3221 2124 3278 ducaturos
2149 3237 2271 3276 csse
2300 3222 2555 3276 dixerint.
2598 3219 2680 3273 Ad
2708 3220 2823 3275 haec
2851 3219 3079 3274 docendi
3113 3228 3264 3286 sunt,
3284 3237 3394 3277 non

1816 3314 1999 3368 omnia
2046 3314 2272 3383 perinde
2325 3311 2641 3383 accipienda
2700 3326 2824 3367 esse
2871 3326 2935 3364 ac
2989 3314 3193 3381 scripta
3240 3323 3388 3369 sunt.

1813 3403 1993 3471 Quare
2038 3402 2147 3456 alio
2191 3402 2311 3455 loco
2351 3402 2611 3470 scriptum
2655 3406 2738 3453 est
2787 3415 2800 3451 :
2840 3397 3030 3451 Dentes
3060 3406 3392 3466 peccatorum

1828 3491 2188 3556 contrivisti“;
2215 3493 2339 3544 item
2361 3506 2373 3541 :
2395 3488 2569 3544 Malas
2588 3489 2792 3543 leonum
2813 3489 3065 3559 confregit
3082 3488 3392 3543 Dominus'.

1827 3583 1963 3639 Nam
1994 3582 2118 3653 quis
2141 3582 2275 3636 adeo
2293 3579 2523 3641 stolidus
2544 3589 2645 3644 est,
2677 3588 2733 3633 ut
2756 3579 2861 3634 sibi
2888 3579 3394 3649 persuadeatDeum

1818 3673 2111 3731 reservatis
2152 3680 2497 3742 peccatorum
2525 3668 2846 3738 corporibus
2883 3668 3028 3723 solos
3050 3667 3239 3722 dentes
3262 3682 3396 3721 con-

1816 3766 2035 3821 terere?
2094 3762 2164 3818 Ut
2213 3764 2379 3833 igitur
2401 3763 2493 3831 qui
2536 3762 2649 3814 haec
2690 3762 2763 3813 ita
2814 3775 2873 3814 se
2919 3759 3121 3814 habere
3151 3761 3299 3824 velit,
3338 3759 3394 3815 in

1817 3856 2095 3926 angustias
2128 3852 2431 3921 conjectus,
2460 3849 2527 3902 ad
2557 3850 2905 3918 allegoricum
2939 3864 3161 3903 sensum
3192 3850 3277 3903 vel
3308 3850 3395 3903 in-

1818 3949 1962 4001 vitus
1991 3943 2254 3997 trahitur:
2305 3942 2383 3993 sic
2423 3938 2490 3992 de
2525 3938 2761 3991 stridore
2792 3937 3035 3991 dentium
3074 3938 3130 3989 in
3180 3937 3264 3991 his
3300 3938 3395 4007 qui

1820 4033 2102 4107 suppliciis
2124 4030 2452 4093 alliciuntur,
2485 4026 2762 4097 inquirere
2793 4025 2932 4079 idem
2960 4034 3212 4094 oportet;
3249 4042 3387 4096 qua.

1821 4138 1980 4183 tenus
2020 4123 2199 4179 anima
2234 4117 2651 4177 commandendi
2699 4117 3017 4171 nonnullam
3056 4117 3163 4170 vim
3211 4117 3394 4180 habet.

1819 4235 1925 4291 qua
1955 4216 2147 4271 ultimo
2178 4214 2271 4268 illo
2310 4211 2507 4283 judicii
2560 4219 2823 4280 tempore,
2869 4225 2994 4263 cum
3043 4209 3109 4265 de
3159 4212 3399 4280 peccatis

1820 4311 2047 4383 quaestio
2079 4309 2387 4372 habebitur,
2411 4305 2638 4377 perinde
2669 4313 2726 4358 ut
2757 4305 2940 4359 collidi
2974 4305 3167 4361 dentes
3196 4306 3395 4369 solent,

142 4415 437 4485 ἀσώματος
487 4416 521 4484 ἡ
566 4413 740 4484 ψυχὴ,
792 4412 932 4480 τάχα
981 4408 1038 4460 δὲ
1080 4406 1230 4503 δηλοξ
1284 4406 1377 4459 καὶ
1422 4405 1504 4458 ὅτι
1550 4404 1710 4474 χωρὶς

1825 4405 1899 4458 ita
1931 4414 2044 4457 tum
2069 4402 2327 4457 dentibus
2352 4398 2755 4470 quodammodo
2785 4398 3053 4453 stridebit.
3088 4397 3223 4452 ιιιυά
3248 4413 3396 4460 vero,

146 4508 402 4579 σώματος
432 4506 493 4559 οὐ
535 4504 925 4575 κολασθήσεται
949 4517 962 4531 ο
1007 4498 1136 4569 περὶ
1177 4493 1236 4552 οὗ
1277 4495 1718 4565 φυσιολογοῦντες

142 4602 221 4654 τὰ
271 4600 400 4671 περὶ
453 4597 547 4650 τοῦ
594 4597 788 4661 εἴδους,
836 4596 930 4647 καὶ
973 4592 1067 4647 τοῦ
1114 4591 1328 4663 πρώτου
1362 4588 1719 4659 ὑποκειμένου

146 4695 474 4765 εἰρήκαμεν.

1830 4496 2025 4550 Timete
2052 4511 2189 4557 eum,
2224 4494 2312 4564 qui
2342 4500 2511 4562 potest
2543 4500 2592 4545 et
2626 4492 2862 4544 animam
2891 4500 2941 4545 et
2975 4508 3161 4559 corpus
3187 4491 3401 4559 perdere

1828 4592 1883 4643 in
1908 4585 2251 4659 gehennam“.
2302 4584 2441 4638 forte
2480 4583 2533 4638 id
2571 4598 2739 4638 unum
2770 4598 2871 4637 nos
2899 4582 3079 4646 docet,
3121 4592 3399 4651 expertem

1830 4696 1953 4736 esse
1985 4678 2232 4748 corporis
2268 4676 2534 4743 animam;
2585 4682 2679 4729 aut
2718 4674 2849 4729 illud
2888 4675 3131 4744 insuper,
3164 4674 3400 4728 animam

148 4790 270 4843 sine
298 4799 528 4854 corpore
570 4783 750 4837 nullas
777 4795 969 4851 pinnas
1012 4794 1134 4835 esse
1171 4778 1593 4851 persoluturam.
1650 4776 1727 4831 De
1767 4792 1875 4847 quo
1904 4789 2133 4844 corpore
2162 4788 2284 4844 qua:
2308 4772 2375 4827 ad
2415 4771 2649 4841 speciem
2680 4786 2745 4825 ac
2772 4771 3001 4841 primam
3066 4770 3226 4841 539
3280 4770 3402 4824 sub-

145 4886 350 4955 jectum
388 4879 681 4934 materiam'
718 4877 1056 4941 attinebant,
1111 4876 1273 4946 paulo
1323 4884 1448 4929 ante
1493 4873 1724 4928 naturali
1767 4874 1978 4927 ratione
2001 4870 2382 4925 disseruimus.

222 4972 337 5027 Καὶ
375 4970 439 5027 τὸ
478 4969 628 5041 παρά
656 4968 733 5039 τῷ
780 4968 1085 5039 Ἀποστόλῳ
1113 4968 1189 5032 δὲ,
1228 4966 1595 5031 Ζωοποιήσει
1629 4965 1725 5019 καὶ

151 5067 225 5120 τὰ
252 5064 442 5131 θνητὰ
463 5062 632 5132 ἡμῶν
652 5062 916 5131 σώματα,
942 5058 1136 5130 θνητοῦ
1163 5058 1311 5122 ὄντος
1336 5058 1429 5111 τοῦ
1455 5056 1726 5127 σώματος,

152 5160 250 5213 καὶ
270 5159 333 5211 οὑ
372 5158 688 5227 μετέχοντος
708 5154 808 5224 τῆς
839 5152 1096 5224 ἀληθινῆς
1128 5151 1294 5221 ζωῆς,
1340 5150 1559 5204 δύναται
1588 5167 1731 5221 παρ-

156 5253 415 5312 ιστάνειν,
429 5250 562 5302 ὅπου
584 5247 645 5301 τὸ
666 5246 970 5317 σωματικὸν
1002 5240 1303 5313 εἷδος,ἷπερὶ
1324 5234 1384 5294 οὗ
1404 5243 1726 5312 εἰρήκαμεν,

152 5345 221 5413 τῇ
253 5341 415 5410 φύσει
447 5338 637 5411 θνητὸν
665 5338 745 5401 ὂν,
772 5337 918 5391 ὅταν
938 5334 1189 5405 Χριστὸς
1214 5332 1524 5402 φανερωθῇ
1553 5334 1591 5400 ἠ
1617 5332 1725 5400 ζωὴ

156 5429 347 5500 ἡμῶν,
379 5430 470 5482 καὶ
498 5429 629 5482 αὐτὸ
658 5427 981 5499 μεταϐάλλει
1010 5425 1116 5480 ἀπὸ
1144 5423 1237 5477 τοῦ
1271 5419 1409 5477 εἶναι
1446 5423 1603 5492 σῶμα
1630 5422 1726 5476 θα-

156 5521 319 5577 νάτου
345 5520 697 5591 ζωοποιηθὲν,
721 5520 809 5573 διὰ
831 5520 890 5574 τὸ
911 5517 1133 5589 Πνεῦμα
1152 5517 1213 5570 τὸ
1232 5513 1527 5580 ζωοποιοῦν
1553 5515 1616 5565 ὲκ
1638 5512 1730 5566 τοῦ

1902 4966 1971 5018 At
1999 4978 2127 5017 vero
2152 4962 2359 5017 dictum
2382 4958 2513 5014 illud
2533 4957 2808 5029 Apostoli:
2854 4956 3151 5025 Viviﬁcabit
3182 4968 3230 5012 et
3256 4974 3400 5012 mor-

1832 5055 1965 5109 talia
1991 5064 2173 5107 nostra
2198 5054 2481 5120 corpora’;
2504 5065 2628 5104 cum
2653 5057 2901 5104 nostrum
2929 5050 3156 5105 mortale
3186 5052 3256 5104 sit
3281 5065 3401 5104 cor-

1834 5161 1958 5217 pus.
1992 5159 2091 5199 nec
2119 5158 2261 5198 vera:
2281 5143 2405 5196 vitae
2432 5140 2722 5211 particeps,
2742 5140 2886 5193 istud
2918 5139 3095 5208 ipsum
3125 5139 3403 5195 declarare

1832 5243 2031 5306 potest,
2072 5247 2389 5302 corpoream
2419 5231 2561 5284 hanc
2591 5232 2824 5299 speciem
2853 5230 2919 5284 de
2943 5244 3048 5300 qua
3076 5238 3231 5284 antea
3261 5228 3403 5282 dixi-

1833 5346 1977 5392 mus,
2012 5342 2132 5398 quae
2160 5337 2371 5382 natura:
2408 5324 2654 5379 mortalis
2685 5331 2791 5389 est,
2831 5340 2948 5377 cum
2974 5321 3215 5378 Christus
3238 5336 3402 5389 appa-

1832 5422 1997 5476 ruerit
2023 5422 2130 5474 vita
2148 5430 2331 5475 nostra
2352 5418 2416 5484 ‘°,
2440 5426 2494 5474 et.
2521 5418 2692 5489 ipsam
2716 5417 2862 5472 abeo
2883 5427 3046 5479 statu,
3066 5431 3173 5485 quo
3196 5412 3404 5485 peccati

1839 5528 2038 5582 corpus
2077 5519 2212 5574 erat,
2257 5526 2380 5566 esse
2412 5509 2763 5577 mutandam;
2812 5517 3164 5579 posteaquam
3197 5504 3404 5560 scilicet

232 5678 250 5709 ⁸
276 5675 423 5731 Psal.
457 5693 569 5739 χιιι,
597 5676 682 5729 15.
759 5676 779 5706 ¹
806 5674 950 5730 Psal.
982 5690 1055 5735 v1,
1081 5674 1131 5728 ὖ.
1208 5669 1441 5726 'Ezech.
1474 5684 1675 5728 xxxv".
1709 5691 1710 5694 η

1871 5666 2054 5739 ‘ihitl.
2131 5667 2151 5697 '
2186 5664 2371 5721 Matth.
2407 5680 2521 5721 vtu.
2564 5665 2648 5720 12.
2729 5666 2750 5696 ⁸
2775 5663 2917 5720 Psal.
2961 5680 3043 5729 ιιι,
3074 5661 3107 5718 8
3204 5662 3221 5691 ⁷
3255 5660 3402 5717 Pral.

156 5762 297 5814 ult,
331 5747 381 5801 ’7.
473 5748 492 5778 ⁸
522 5748 707 5803 Matth.
742 5764 794 5811 ι,
822 5747 911 5800 ‘28.
988 5747 1007 5777 ’
1040 5743 1195 5799 Rom.
1240 5760 1352 5806 vni,
1384 5743 1469 5796 tl.

1548 5740 1590 5771 "
1621 5741 1735 5793 Col.
1768 5755 1849 5805 ιιι,
1882 5738 1937 5793 4.
