3822 6348
417 344 572 410 ,1095

1803 337 1863 392 S.
1906 337 2242 393 ΕΡΙΡΙΙΑΝῙΙ

3523 333 3544 385 1
3553 332 3658 388 ('96

437 469 500 516 ab
530 461 742 514 vivitico
788 460 982 531 spiritu
1019 459 1084 513 ad
1115 460 1281 514 vitam
1334 460 1583 515 restituta
1617 459 1800 524 fuerit,
1833 467 1995 529 atque

2126 457 2457 529 ςνευματικδν
2479 457 2780 525 γεγονέναι.
2811 456 2920 508 Καὶ
2943 455 3034 518 τδ,
3097 452 3248 521 Ἐρεῖ
3270 452 3338 506 δέ
3373 468 3489 517 τις·
3527 449 3663 515 Πῶς

412 553 486 605 ’Ῑη
534 552 834 621 spiritalem
879 560 1125 604 naturam
1179 551 1473 606 transierit.
1535 549 1800 605 Praeterea
1855 549 1998 604 istud

433 643 610 712 ipsum
634 661 646 696 :
677 640 779 696 Sed
796 641 932 695 dicet
955 641 1144 711 aliquis
1165 655 1182 692 :
1203 641 1475 707 Quomodo
1494 651 1766 710 resurgunt
1789 642 1999 705 mortui,

438 745 528 786 aut
555 734 700 804 quali
731 749 848 786 cum
879 749 1091 802 corpore
1122 734 1327 786 veniunt
1348 733 1405 784 '1'
1452 732 1624 801 palam
1660 731 1803 785 istud
1826 742 2004 786 osten-

413 827 545 891 ‘dit,
577 829 806 895 primam
835 825 1133 893 subjectant
1157 823 1436 877 materiam
1465 825 1611 878 nullo
1643 823 1801 876 modo
1822 838 2005 877 resur»

443 934 589 988 gere.
625 918 753 970 Nam
791 918 837 970 si
882 925 1027 970 recte
1059 917 1398 986 propositum
1434 917 1503 970 ab
1532 917 1793 985 Apostolo
1825 931 2006 970 exent-

442 1011 585 1079 plmu
620 1010 937 1077 accipimus,
970 1007 1260 1061 dicendum
1303 1015 1423 1073 est,
1461 1007 1687 1063 seminis
1730 1019 2004 1071 naturam,

441 1116 560 1169 qua:
587 1100 840 1154 frumenti
873 1114 1040 1169 grano
1076 1099 1237 1152 insita
1267 1108 1372 1162 est,
1399 1099 1579 1152 vicina
1613 1106 1864 1168 correpta
1894 1112 2008 1150 ma-

442 1191 605 1252 teria,
651 1197 820 1242 totam
870 1190 1013 1242 illam
1060 1188 1376 1257 pervadere.
1427 1196 1587 1256 atque
1635 1188 1779 1241 illius
1809 1186 2012 1257 pariter

442 1289 692 1349 correpta
737 1281 938 1348 specie,
971 1280 1113 1333 vires
1146 1294 1274 1333 suas
1315 1280 1368 1332 in
1407 1279 1482 1340 id,
1513 1278 1660 1348 quod
1691 1287 1815 1331 ante
1844 1287 2010 1339 terra,

444 1386 606 1441 aqua,
640 1386 753 1433 aer,
780 1369 1029 1440 ignisque
1058 1369 1252 1431 fuerat,
1290 1368 1690 1431 transfundere,
1720 1381 2016 1434 earumque

444 1462 718 1531 superatis
769 1459 1145 1530 qualitatibus,
1195 1459 1250 1513 in
1296 1458 1442 1512 illam
1491 1459 1685 1527 ipsam,
1730 1457 1887 1527 cujus
1933 1466 2016 1512 est

445 1551 662 1618 artifex,
691 1559 1039 1615 convertere;
1070 1559 1233 1620 atque
1263 1549 1368 1604 hoc
1395 1549 1555 1603 modo
1580 1549 1763 1618 perfici
1787 1548 2014 1618 spicam,

445 1661 565 1716 quae
599 1659 628 1696 a
662 1643 840 1712 priore
869 1654 1039 1710 grano
1066 1641 1262 1694 mirum
1302 1641 1355 1694 in
1390 1637 1631 1703 modum,
1661 1646 1714 1693 et
1745 1637 2016 1708 magnitu—
2053 1668 2094 1705 ι.

447 1736 596 1796 dine,
628 1742 682 1786 et
722 1730 917 1801 ﬁgura,
948 1736 1004 1784 et
1030 1730 1296 1784 varietate
1323 1727 1608 1783 dissideat.

933 1840 1016 1895 Ea:
1051 1841 1226 1896 eodem
1261 1841 1472 1895 Proclo.

523 1934 690 1989 XVli.
727 1933 852 1989 Ilaec
882 1943 1030 1996 sunt,
1054 1933 1183 1986 utin
1210 1931 1589 2002 compendium
1617 1929 1871 1999 redigam,
1901 1944 2019 1999 qua:

451 2039 642 2086 contra
681 2027 1139 2082 resurrectionem
1178 2022 1437 2094 Origenes
1467 2037 1664 2092 magno
1693 2021 1873 2076 studio
1906 2021 2018 2074 dis-

457 2121 664 2180 seruit,
718 2117 771 2170 in
825 2130 998 2184 eoque
1049 2121 1369 2182 argumento
1422 2126 1689 2165 summam
1747 2108 2019 2163 tractandi

457 2205 767 2259 varietatem
793 2202 1057 2256 adhibuit.
1089 2200 1168 2255 Tu
1192 2216 1341 2264 vero,
1370 2215 1489 2270 qua‘
1509 2199 1766 2269 deinceps
1785 2213 2020 2268 sequun-

456 2309 566 2360 tur,
585 2296 870 2366 diligenter
891 2293 1199 2348 considera.
1233 2291 1342 2348 Hoc
1369 2292 1512 2347 enim
1549 2300 1735 2355 restat,
1765 2300 1822 2345 ut
1847 2292 2021 2345 allatae

453 2405 484 2444 e
515 2389 688 2444 sacris
736 2386 957 2441 Litteris
987 2384 1337 2439 auctoritates
1368 2384 1437 2438 ad
1470 2400 1533 2438 ea
1570 2399 1690 2454 qum
1716 2383 1860 2437 dicta
1895 2391 2022 2437 sunt

457 2481 846 2550 adjungantur,
877 2486 935 2533 ut
959 2486 1213 2546 tanquam
1241 2484 1423 2530 statua
1449 2475 1718 2546 quzedam,
1744 2475 1823 2529 sic
1849 2475 2022 2529 oratio

456 2579 643 2625 nostra
689 2571 804 2625 suis
832 2569 1088 2625 omnibus
1133 2568 1485 2639 proportione
1529 2573 1743 2622 servata
1778 2567 2023 2636 partibus

453 2670 734 2724 constans,
773 2661 1024 2716 absoluta
1083 2659 1153 2714 sit
1200 2658 1523 2728 penitusque
1560 2656 1818 2728 perfecta,
1851 2672 2024 2727 neque

458 2754 752 2821 quidquam
814 2754 867 2805 in
922 2751 1013 2805 illa
1061 2749 1129 2804 ad
1180 2751 1405 2820 ﬁguram
1459 2747 2026 2819 pulchritudinemque

456 2843 806 2899 desideretur.
866 2843 1034 2914 Igitur
1071 2840 1523 2912 quemadmodum
1571 2855 1694 2894 cum
1727 2840 1815 2895 his
1856 2855 2027 2896 sacrae

455 2935 672 2989 Littera:
697 2935 1059 2999 consentiant,
1079 2941 1241 3002 atque
1269 2931 1334 2985 ad
1368 2932 1608 2985 melioris
1630 2933 1752 2985 vitae
1781 2933 2020 3002 comple—

460 3035 703 3081 mentum
750 3023 1022 3078 hominem
1074 3022 1419 3088 contirtueut,
1452 3023 1700 3076 oratione
1744 3021 2027 3078 declaran-

2099 552 2419 622 ἐγιεῷονται
2451 554 2503 603 ol
2545 548 2764 617 νεκροὶ,
2810 548 2958 611 ποίῳ
2991 545 3059 598 δὲ
3099 545 3325 613 σώματι
3357 543 3616 610 ἔρχονται
3637 559 3662 602 ;

2100 641 2320 712 γυμνῶς
2351 640 2694 711 παρίστησιν,
2738 639 2820 690 ὅτι
2851 638 2910 690 τὸ
2948 636 3160 707 πρῶτον
3186 636 3539 702 ὑποκείμενον
3559 634 3666 684 οὐκ

2102 737 2479 806 ἀναστήσεται.
2511 736 2574 786 Εἰ
2599 735 2706 804 γὰρ
2728 733 2907 796 καλῶς
2931 731 3192 800 ἐλάϐομεν
3215 729 3274 780 τὸ
3296 727 3664 796 παράδειγμα..

2106 829 2316 900 ῥητέον,
2355 829 2434 880 ὅτι
2474 829 2502 880 ὁ
2547 826 2916 896 σπερματικὸς
2939 824 3116 892 λόγος,
3165 825 3220 874 ἐν
3248 821 3326 890 τῷ
3352 820 3528 887 κόκκῳ
3561 818 3666 870 τοῦ

2106 920 2253 973 σίτου
2287 919 2618 991 δραξάμενος
2661 918 2760 986 τῆς
2811 914 3216 986 παρακειμένης
3269 911 3420 981 ὕλης,
3468 911 3558 962 καὶ
3592 909 3668 961 δι’

2106 1011 2234 1081 ὅλης
2263 1012 2429 1080 αὐτῆς
2459 1011 2732 1080 χωρήσας,
2768 1007 3228 1078 περιδραξάμενος
3251 1005 3420 1073 αὐτῆς
3453 999 3545 1052 τοῦ
3567 1001 3670 1052 αὺ-

2107 1106 2202 1159 τοῦ
2230 1106 2418 1168 εἴδους,
2452 1097 2526 1156 ὧν
2555 1103 2666 1172 ἔχει
2696 1102 2976 1170 δυνάμεων
3007 1098 3278 1166 ἐπιτίθησι
3316 1098 3382 1165 τῇ
3417 1110 3545 1145 ποτε
3569 1090 3671 1161 τῇ,

2111 1199 2206 1252 καὶ
2231 1196 2402 1255 ὕδατι.
2451 1193 2544 1248 καὶ
2572 1195 2714 1265 ἀέρι,
2751 1193 2846 1246 καὶ
2878 1192 3032 1264 πυρὶ,
3073 1193 3298 1260 νικήσας
3320 1185 3672 1250 τὰς’ἐκείνων

2113 1289 2422 1358 ποιότητας,
2459 1285 2779 1357 μεταϐάλλει
2798 1285 2890 1337 ἐπὶ
2915 1284 3116 1354 ταύτην
3138 1278 3205 1352 ἧς
3228 1283 3374 1334 ἐστιν
3398 1278 3557 1339 αὐτὸς
3575 1276 3672 1344 δη-

2117 1381 2389 1454 μιουργός·
2403 1380 2496 1434 καὶ
2509 1378 2676 1440 οὕτως
2701 1376 3107 1448 συμπληροῦται
3123 1377 3151 1427 ὁ
3172 1374 3392 1443 στα-(υς,
3412 1373 3487 1434 είς
3507 1371 3672 1438 iamp—

2115 1473 2275 1544 ὁολὴν
2319 1472 2588 1541 διαφέρων
2628 1469 2722 1521 τοῦ
2761 1468 2822 1533 ἐξ
2861 1468 3034 1540 ἀρχῆς
3067 1466 3264 1520 κόκκου
3312 1462 3548 1535 μεγέθει,
3577 1462 3676 1513 καὶ

2119 1564 2378 1633 σχήματι,
2403 1562 2494 1615 καὶ
2523 1559 2783 1630 ποικιλίᾳ.

2502 1826 2773 1894 Πρόκλου
2807 1822 2914 1877 τοῦ
2947 1822 3130 1878 αὐτοῦ
3147 1819 3278 1892 (52).

2187 1918 2288 1974 lZ'.
2319 1919 2388 1972 Ἀ
2411 1918 2507 1990 μὲν
2527 1915 2620 1971 οὖν
2645 1916 2924 1988 Ὠριγένης
2951 1916 3031 1978 εἰς
3051 1913 3149 1985 τὴν
3177 1912 3304 1982 περὶ
3331 1907 3674 1968 ἀναστάσεως

2120 2008 2382 2082 ἐγχειρῶν
2400 2009 2780 2080 πραγματείαν
2801 2004 3117 2066 ἐσπούδασε,
3143 2001 3535 2069 ποικιλωτάτην
3561 1999 3675 2049 in.

2118 2100 2459 2171 δεικνύμενος
2492 2099 2742 2171 θεωρίαν,
2774 2097 2881 2152 εἰσὶ
2909 2095 3142 2149 τοσαῦτα
3191 2094 3266 2156 ὡς
3311 2093 3367 2144 ἐν
3413 2092 3675 2158 ἐπιτομῇ·

2121 2192 2350 2264 ἐνθυμοῦ
2379 2191 2435 2245 δέ
2480 2191 2570 2244 καὶ
2610 2191 2678 2244 τὰ
2715 2189 2924 2252 τούτους
2951 2183 3271 2256 ἀναθεωρῶν
3310 2181 3525 2251 ἐφεξῆς.
3561 2182 3675 2232 Aci-

2122 2301 2282 2338 πεται
2313 2281 2418 2354 γὰρ
2451 2281 2551 2345 τὰς
2579 2281 2686 2334 ἀπὸ
2715 2279 2822 2332 τῶν
2858 2275 3090 2351 Γραφῶν
3119 2275 3200 2328 ἔτι
3228 2274 3366 2344 πρὸς
3393 2274 3504 2334 τοῖς
3532 2273 3678 2342 εἰρη-

2127 2377 2306 2447 μένοις
2361 2374 2661 2446 μαρτυρίας
2706 2368 3071 2442 παραλαὸεῖνο
3135 2367 3201 2421 ἵν’
3243 2365 3430 2434 ὥσπερ
3460 2363 3679 2434 ἀνδριὰς

2125 2471 2298 2522 πάντα
2327 2466 2396 2520 τὰ
2435 2467 2574 2537 μέρη
2611 2462 2934 2534 συμμέτρως
2978 2462 3007 2512 ὁ
3038 2459 3193 2527 λόγος
3242 2455 3432 2510 ἑαυτοῦ
3477 2453 3682 2514 λαϐὼν,

2124 2563 2258 2626 ὅλως
2297 2565 2360 2615 ἐκ
2402 2563 2642 2632 πλήρους
2757 2554 3273 2625 κατεσκευασμένος,
3329 2548 3463 2602 ἁ).λά
3520 2546 3682 2616 μηδὲν

2125 2655 2260 2725 ἔχων
2286 2654 2462 2716 ἐνδεὲς
2483 2652 2590 2705 τῶν
2620 2653 2700 2714 εἰς
2741 2650 2924 2720 σχῆμα
2951 2648 3044 2702 καὶ
3071 2645 3260 2708 κάλλος
3285 2640 3682 2709 συναγομένων.

2125 2747 2188 2799 Τί
2221 2741 2312 2798 οὖν
2342 2747 2396 2799 αἱ
2430 2745 2643 2815 Γραφαὶ
2674 2743 2953 2814 συνᾴδουσι
2976 2740 3202 2801 τούτοις,
3229 2733 3682 2805 ἐπικρατύνουσαι

2127 2839 2262 2908 πρὸς
2294 2837 2686 2908 συμπλήρωσιν
2709 2835 2978 2904 διαγωγῆς
3020 2832 3325 2904 κρείττονος
3357 2831 3447 2882 τὸν
3474 2827 3680 2896 ἀνθρω-

2127 2950 2246 2992 πον.
2287 2929 2572 3000 φραστέον.
2633 2927 2848 2990 Ταύτας
2889 2926 2995 2997 γὰρ
3030 2927 3124 2979 ἐάν
3161 2941 3244 2987 τις
3274 2919 3382 2986 οἷός
3423 2939 3480 2974 τε
3519 2917 3580 2991 ᾗ,
3611 2919 3681 2989 μὴ

2131 3011 2494 3096 παρακόπτων
2522 3019 2614 3074 τοῦ
2645 3019 2874 3084 δέοντος,
2904 3017 3144 3090 ἀκριϐῶς
3177 3019 3338 3081 νοεῖν,
3366 3016 3569 3068 εἴσεται
3588 3015 3680 3084 τὴν

459 3115 589 3170 dum
635 3122 741 3168 est.
787 3113 917 3166 lllas
959 3106 1103 3166 enim
1143 3111 1235 3180 qui
1274 3110 1533 3180 integras,
1568 3127 1668 3164 nec
1712 3113 2022 3180 opportunis

2131 3115 2424 3187 ἀνάστασιν
2461 3111 2553 3163 ἐπὶ
2584 3110 2774 3163 τούτου
2811 3110 2886 3180 μὴ
2931 3109 3126 3179 χρῆναι
3167 3105 3681 3177 παραλαμεάνεσθαι

457 3205 704 3279 partibus
757 3203 1002 3260 defectas
1053 3202 1411 3272 intelligentia
1464 3208 1752 3272 penetrare
1805 3203 2022 3271 poterit,

453 3295 912 3352 resurrectionem
960 3293 1006 3348 is
1050 3294 1187 3348 sciet
1217 3307 1558 3364 nequaquam
1598 3292 1663 3345 ad
1693 3293 1794 3346 hoc
1828 3309 2025 3363 corpus

455 3396 708 3459 oportere
737 3385 954 3449 referri,
995 3384 1141 3455 quod
1178 3386 1231 3438 in
1261 3387 1652 3455 sempiternum
1687 3375 2037 3446 immutabile!

456 3497 578 3536 esse
611 3494 717 3534 non
758 3479 988 3548 poterit,
1039 3478 1132 3533 sed
1183 3479 1247 3532 ad
1288 3479 1535 3548 spiritale
1571 3479 1774 3549 potius,
1813 3479 1867 3533 in
1915 3495 2025 3549 quo

456 3574 669 3635 eadem,
730 3587 851 3641 quae
900 3571 1114 3624 mortali
1169 3571 1298 3625 huic
1348 3571 1509 3636 inest,
1563 3581 1693 3625 nota
1747 3586 1810 3626 ac
1856 3571 2026 3642 figura

459 3662 619 3734 540
640 3660 1054 3716 conservabitur
1080 3680 1092 3712 :
1127 3661 1261 3713 adeo
1288 3671 1339 3712 ul
1368 3662 1744 3730 unusquisque
1765 3670 2027 3725 nostrum,

457 3754 601 3823 quod
631 3753 697 3805 ad
727 3753 954 3806 formam
989 3753 1235 3820 corporis
1264 3751 1478 3812 attinet,
1514 3752 1653 3806 idem
1685 3752 1930 3814 exsistat,
1972 3759 2030 3805 ut

457 3852 512 3898 et
547 3845 807 3914 Origenes
838 3842 1082 3900 afﬁrmat.
1114 3843 1187 3897 Ita
1211 3845 1352 3898 enim
1383 3843 1617 3896 futuram
1652 3852 1703 3897 et
1731 3844 1818 3899 ille
1841 3859 2029 3900 resur-

458 3932 752 3987 rectionem
775 3933 1076 3988 existimat.
1126 3933 1262 3987 Cum
1287 3935 1430 3988 enim
1455 3949 1651 4003 corpus
1670 3934 1771 3989 hoc
1793 3935 2031 3988 materiae

459 4031 772 4076 concretum
805 4020 1007 4076 ﬂuxum
1042 4024 1131 4085 sit,
1164 4040 1265 4079 nec
1297 4025 1350 4077 in
1381 4040 1480 4079 suo
1504 4041 1742 4095 unquam
1771 4034 1915 4081 statu
1940 4026 2024 4081 vel

459 4114 782 4170 brevissimo
813 4117 988 4185 spatio
1027 4118 1324 4170 consistat.
1365 4119 1457 4171 sed
1494 4127 1805 4188 perpetuam
1842 4133 2025 4175 acces-

2122 3204 2216 3260 τοῦ
2255 3202 2524 3275 σώματος,
2561 3201 2657 3255 ἅτε
2689 3199 3069 3264 ἀδυνατοῦντος
3094 3198 3365 3270 ἁτρέπτου
3393 3197 3458 3249 δι’
3495 3197 3682 3257 αἰῶ-σος

2124 3292 2327 3365 μένειν.
2349 3291 2482 3346 ἀλλὰ
2508 3291 2598 3345 ἐπὶ
2625 3291 2718 3345 τοῦ
2746 3291 3139 3362 πνευματικοῦ,
3175 3293 3233 3344 ἐν
3271 3283 3315 3357 ᾧ
3348 3290 3503 3353 αὐτὸς
3529 3290 3559 3341 ὁ
3596 3290 3680 3342 καὶ

2124 3383 2219 3438 νῦν
2251 3385 2308 3439 ἐν
2339 3384 2512 3456 τούτῳ
2548 3384 2939 3455 διασωζόμενος
2969 3384 3248 3456 χαρακτὴρ
3283 3382 3679 3454 τηρηθήσεται·

2124 3475 2189 3528 ἵν’
2208 3474 2436 3538 ἕκαστος
2451 3477 2484 3545 ἡ
2492 3475 2604 3545 μῶν
2621 3476 2714 3528 καὶ
2733 3476 2871 3528 κατὰ
2885 3475 2979 3547 τὴν
2997 3475 3207 3546 μορφὴν
3223 3476 3252 3526 ὁ
3269 3473 3430 3536 αὐτὸς
3445 3471 3499 3547 ᾗ,
3513 3473 3680 3526 καθά-

2129 3585 2233 3640 περ
2283 3567 2470 3638 ἐλέχθη
2506 3567 2598 3621 καὶ
2657 3569 2939 3639 Ὠριγένει.
2988 3567 3141 3621 Οὕτω
3176 3567 3284 3637 γὰρ
3319 3568 3519 3630 ἐκεῖνος
3563 3567 3680 3618 ἔσε-

2133 3663 2254 3715 σθαι
2279 3662 2484 3715 τίθεται
2509 3662 2605 3732 τῂν
2638 3662 2952 3718 ἀνάστασιν.
2996 3660 3247 3714 Ῥευστοῦ
3278 3661 3384 3732 γὰρ
3415 3662 3564 3723 ὄντος
3592 3659 3681 3712 τοῦ

2133 3751 2382 3822 σώματος
2431 3751 2522 3805 τοῦ
2575 3751 2785 3815 ὑ).ικοῦ,
2835 3753 2927 3805 καὶ
2989 3752 3250 3823 μηδέποτε
3298 3753 3547 3822 μένοντος
3602 3753 3680 3818 ἐφ’

2131 3844 2329 3915 ἐαυτῷ,
2357 3842 2458 3897 κᾶν
2494 3844 2555 3896 τὸ
2591 3843 2783 3915 βραχὺ,
2810 3843 2946 3897 ἀλλά
2968 3843 3408 3915 προσ-γινομένου,
3432 3845 3523 3896 καὶ
3547 3845 3680 3896 ἀπο-

2127 3936 2410 4005 γινομένου
2437 3935 2565 4006 περὶ
2588 3937 2648 3988 τὸ
2676 3932 2814 3998 εἶδος
2837 3937 2898 3988 τὸ
2933 3937 3331 4008 χαρακτηρίζον
3355 3937 3445 3989 τὸν
3472 3935 3680 4005 ἄνθρω-

2130 4044 2248 4090 πον,
2278 4028 2366 4097 ὑφ’
2392 4022 2452 4083 οὗ
2484 4030 2581 4082 καὶ
2607 4031 2992 4098 συγκρατείται
3015 4029 3076 4081 τὸ
3106 4030 3307 4100 σχῆμα,
3340 4029 3548 4098 ἀνάγκη
3572 4029 3678 4095 (55)

2135 4159 2149 4172 .
2193 4159 2207 4174 .
2246 4158 2262 4173 .
2305 4161 2320 4175 .
2359 4161 2373 4175 .
2396 4120 2504 4174 τῶν
2529 4121 2830 4194 εἰρημένων
2852 4121 3238 4192 ἐναργέστερον
3265 4122 3362 4174 οὐκ
3385 4120 3675 4185 ἀνέξονται.

459 4209 668 4260 sionem
699 4207 1183 4276 decessionemque
1211 4209 1355 4261 circa
1381 4208 1524 4261 illam
1556 4209 1783 4263 formam
1815 4209 2031 4275 habeat,
2071 4227 2192 4282 quae
2228 4221 2312 4270 est
2354 4213 2588 4270 hominis
2641 4224 2766 4269 nota
2815 4230 2877 4268 ac
2925 4214 3070 4267 velut
3118 4215 3397 4268 character
3462 4212 3679 4283 quidam

457 4302 730 4370 proprius,
761 4316 789 4353 a
818 4318 927 4371 quo
958 4301 1127 4371 figura
1158 4302 1271 4371 ipsa
1301 4302 1630 4366 continetur,
1670 4320 1892 4360 necesse
1934 4315 2016 4361 cst
2058 4346 2071 4360 .

462 4388 687 4443 minime
717 4391 1086 4444 sustinebunt.

539 4478 736 4535 Verum
777 4489 981 4550 quanto
1024 4481 1125 4534 hac
1191 4498 1244 4535 ιιι
1287 4498 1344 4536 re
1390 4484 1794 4538 contradicendi
1847 4484 2029 4540 studio
2061 4490 2104 4545 D

460 4570 725 4634 ferantur,
751 4588 873 4626 cum
899 4589 964 4627 ex
989 4572 1140 4642 ipsis,
1170 4581 1281 4625 tum
1304 4591 1366 4629 ex
1391 4576 1509 4630 aliis
1533 4576 1780 4645 pluribus
1801 4577 2024 4631 demon-

461 4664 622 4718 strari
649 4672 842 4734 potest.
866 4662 996 4717 Nam
1023 4673 1207 4733 postea
1231 4665 1285 4718 in
1308 4667 1425 4735 ipso
1449 4666 1709 4721 orationis
1730 4682 2022 4735 progressu

462 4756 607 4810 veris
643 4772 706 4810 ac
735 4755 1072 4810 naturalibus
1106 4755 1429 4822 rationibus,
1475 4773 1581 4812 non
1615 4759 1865 4812 inanibus
1896 4773 2026 4813 eon-

555 4907 569 4935 ¹
592 4913 613 4966 ι
638 4914 766 4968 Cor.
801 4929 890 4976 xv,
918 4913 1006 4967 55.

531 5027 641 5097 (32)
672 5028 943 5097 Πρόκλου
976 5025 1079 5078 τοῦ
1110 5025 1314 5079 αὐτοῦ.
1363 5025 1614 5081 Ma'ndosa
1660 5037 1743 5083 est
1774 5030 1888 5085 lucc
1935 5031 2020 5084 in-

462 5097 705 5165 scriptio.
763 5096 945 5170 Neque
975 5097 1116 5170 eniun
1163 5113 1226 5149 ex
1258 5098 1419 5151 ullius
1449 5097 1624 5152 Procli
1658 5100 2024 5170 disputatione

461 5167 1185 5238 quaeusequunturinscripta
1221 5177 1347 5222 sunt
1373 5208 1389 5232 ,
1422 5171 1512 5222 sed
1541 5185 1605 5222 ex
1639 5167 1880 5238 ejusdem
1911 5172 2025 5225 Me-

463 5235 633 5309 thodii
667 5235 1054 5302 lucubratione,
1085 5253 1244 5306 quam
1286 5239 1548 5293 adversus
1577 5235 1862 5309 Origettcni
1909 5243 2026 5296 dia-

465 5307 571 5377 logi
605 5319 754 5379 more
783 5309 1197 5379 conscripserat.
1241 5309 1300 5379 ιιι
1332 5326 1440 5379 quo
1469 5307 1746 5378 loquentes
1783 5313 2029 5365 introdu-

464 5375 615 5431 xerat
633 5377 1081 5499 Agdaophontem,
1095 5375 1366 5440 Proclum,
1389 5375 1736 5444 Auxentium,
1753 5390 1806 5435 ct
1828 5389 2028 5435 semet-

464 5449 661 5499 ipsum.
740 5445 980 5498 ideinfra
1005 5461 1229 5499 numero
1247 5449 1334 5499 ιι).
1367 5447 1450 5499 Fit
1471 5458 1523 5499 et
1541 5450 1820 5499 Theonhili
1840 5461 2019 5499 nostea

464 5449 661 5521 ipsum.
696 5445 980 5521 Videinfra
1005 5461 1229 5500 numero
1247 5449 1334 5521 ιιι.
1367 5447 1450 5521 Fit
1471 5458 1523 5503 et
1541 5450 1820 5519 Theolthili
1840 5461 2020 5521 postea

465 5515 692 5589 mentio;
736 5515 879 5589 qugd
927 5525 1104 5589 tamen
1147 5518 1524 5589 appellativum
1573 5515 1707 5589 puto
1738 5515 1880 5586 esse,
1907 5537 2020 5575 non

464 5587 759 5665 proprium.
789 5584 1052 5665 Quocirca
1079 5594 1199 5665 post
1224 5584 1469 5665 Origenis
1486 5584 1650 5665 verba
1675 5607 1704 5644 e
1726 5584 2017 5665 comment.

465 5655 519 5707 in
538 5656 760 5726 prirnum
786 5655 1055 5726 Paulinum
1079 5654 1455 5720 adducta,'hoc
1485 5659 1602 5726 ipso
1622 5675 1844 5714 numero
1872 5660 2022 5714 dein-
2070 5681 2075 5689 ·

463 5738 591 5794 ceps
619 5722 842 5782 Proetus
866 5741 962 5781 oro
986 5723 1214 5795 Origene
1246 5722 1588 5782 verba'faéit.
1650 5728 1800 5785 Unde
1831 5730 2019 5785 titulus

2119 4349 2130 4361 .
2180 4351 2193 4362 .
2237 4351 2251 4364 .
2295 4348 2310 4362 .
2343 4308 2546 4363 clarius
2590 4309 2679 4372 iis,
2721 4325 2841 4379 quae
2873 4319 2998 4363 ante
3057 4317 3475 4364 commemorata
3531 4316 3677 4368 sunt,

2212 4486 2369 4540 Ἀλλὰ
2393 4485 2594 4556 ταύτην
2643 4486 2739 4556 μὲν
2768 4485 2945 4538 αὐτῶν
2988 4485 3085 4558 τὴν
3116 4485 3440 4555 φιλονεικίαν
3487 4490 3582 4542 καὶ
3625 4491 3680 4542 ἐκ

2126 4577 2328 4631 τούτων
2354 4578 2418 4632 ἄν
2446 4595 2528 4641 τις
2561 4578 2655 4630 καὶ
2680 4576 2738 4641 ἐξ
2765 4577 2965 4648 ἐτέρων
2995 4577 3205 4648 ἐλέγχοι
3227 4576 3502 4630 πλειόνων.
3533 4580 3682 4634 Ἀπο-

2126 4667 2368 4738 δείξομεν
2405 4667 2510 4740 γὰρ
2551 4669 2608 4719 ἐν
2637 4671 2747 4731 τοῖς
2777 4668 2922 4739 ἑξῆς,
2954 4669 3334 4742 προϐαίνοντος
3377 4668 3469 4721 τοῦ
3502 4669 3676 4738 λόγου,

2133 4759 2344 4830 φύσεως
2390 4760 2747 4832 ἀληθεύμασι,
2792 4765 2885 4816 καὶ
2930 4764 3030 4817 ούκ
3078 4765 3367 4827 εἰκασίαις,
3415 4765 3548 4834 μήτε
3596 4765 3678 4818 τὸν

2127 5024 2372 5099 Πρόκλος
2394 5027 2454 5099 ei
2478 5026 2727 5095 praefatus
2768 5036 2884 5081 erat
2915 5040 3029 5098 post
3063 5029 3156 5082 τοῦ
3190 5030 3376 5085 αὐτοῦ.
3421 5029 3550 5085 Nam
3593 5035 3679 5087 τοῦ

2096 5101 2100 5103 “
2125 5096 2289 5171 αὑτοῦ
2313 5097 2380 5151 ad
2410 5096 2734 5171 Methodium
2755 5096 3003 5166 pertinet.
3035 5099 3310 5154 Librarius
3328 5105 3676 5171 antem,quod

2128 5168 2372 5239 Πρόκλου
2403 5183 2594 5221 nomen
2631 5169 2867 5236 legisset.
2897 5171 3136 5225 auctoris
3161 5171 3392 5238 alicujus
3416 5187 3535 5226 esse
3562 5168 3677 5226 rre-

2129 5240 2289 5301 didit,
2320 5254 2442 5293 cum
2483 5239 2896 5308 interloquentis
2935 5254 3179 5308 persona:
3208 5244 3297 5294 sit.

2201 5310 2312 5379 (55)
2353 5309 2468 5376 Ὑφ’
2497 5304 2567 5363 οὗ
2592 5304 3139 5380 κίιϊσυγκρὰτεῑται
3164 5311 3229 5362 τὸ
3259 5310 3485 5380 σχῆμα.
3521 5311 3678 5378 Major

2131 5379 2241 5439 hic,
2281 5390 2338 5433 ut
2359 5381 2572 5447 opinor,
2603 5379 2781 5434 hiatus
2805 5388 2908 5442 est,
2932 5396 3092 5448 quain
3118 5382 3279 5448 vulgo
3313 5379 3528 5435 codices
3552 5398 3674 5449 pne-

2129 5450 2326 5504 ferant.
2381 5449 2514 5502 Nam
2570 5451 2613 5502 si
2647 5451 2926 5518 superiora
2970 5451 3142 5504 Procli
3182 5461 3328 5511 sunt,
3361 5462 3420 5504 ut
3456 5468 3574 5506 esse
3605 5455 3676 5503 vi-

2127 5520 2344 5582 dentur,
2367 5518 2584 5590 Origeni
2609 5521 3022 5588 patrocinantis,
3045 5537 3166 5573 cum
3190 5527 3470 5590 sequentia
3500 5523 3676 5575 adver-

2127 5605 2222 5645 sus
2253 5591 2495 5661 eumdem
2533 5589 2816 5659 Origenem
2850 5601 3031 5659 aperte
3049 5589 3317 5661 pugnent,
3349 5593 3489 5645 haud
3519 5607 3673 5661 pauca

2127 5659 2426 5782 desilderari
2454 5674 2677 5716 necesse
2693 5669 2797 5724 est,
2823 5663 3023 5731 quibus
3045 5659 3270 5717 Proclus
3290 5659 3674 5718 causanti—suam

2131 5745 2235 5782 ί)Χο
2261 5739 2430 5782 ιρειιιι.

2131 5739 2430 5799 explicarit.
