3728 6192
20 283 196 341 1097
723 293 1089 351 ADVERSUS
1127 295 1468 354 IUERESES
1510 298 1632 354 LIB.
1670 301 1735 357 II.
1777 300 1939 358 ΤΟΜ.
1984 303 2097 361 I.—
2136 304 2407 362 IIASRES.
2440 307 2623 363 LXIV.
3161 312 3297 369 i098

29 396 338 471 Ἱερεμίαν
378 403 630 474 δεσμίους
686 406 828 476 ἡμᾶς
893 410 991 477 γῆς
1023 396 1248 481 διάτὴν
1284 414 1421 484 πρὸς
1476 416 1619 486 σῶμα

1795 422 1956 478 :turis
1988 423 2368 492 ostendemus;
2401 440 2579 495 neque
2602 426 2671 481 ab
2698 423 2928 483 Ieremia
2958 441 3059 483 nos
3087 428 3297 485 vinctos

17 493 342 547 κοινωνίαν
373 495 673 565 εἰρηκέναι,
710 497 845 567 μήτε
877 498 968 551 τὸν
992 500 1155 553 Δαϐὶδ
1180 502 1321 555 κατά
1345 504 1504 558 τοῦτο
1531 525 1619 559 πε-

1795 529 1889 567 me
1910 515 1930 544 ²
1965 522 2184 585 propter
2215 517 2653 572 communionem
2686 531 2811 572 cum
2853 533 3081 586 corpore
3124 520 3297 574 nomi-

15 581 417 653 πεδημένους.
449 584 630 649 Ἄξιον
650 588 757 658 γὰρ
797 587 971 641 ταῦτα
992 592 1309 663 προφέρειν,
1337 596 1393 648 ἐν
1415 591 1495 659 οἷς
1521 597 1619 667 μά-

1803 613 1885 659 ιοε
1918 581 2082 671 θεεθξ
2126 622 2298 676 neque
2332 606 2588 662 Davidem
2621 616 2903 677 pmpterca
2929 608 3297 678 compeditos'

14 671 207 726 λιστα
238 676 516 743 φαίνονται
540 678 941 744 διαπίπτοντες.
970 682 1104 750 Περὶ
1130 684 1227 753 μὲν
1247 680 1339 738 οὖν
1374 685 1480 740 τῶν
1505 689 1619 758 δερ-

1795 695 2022 763 ιρειιειτε.
2077 694 2201 751 Haec
2249 698 2392 751 enim
2436 698 2783 766 potissimum
2823 703 3295 755 commemoranda

15 765 296 831 ματίνων
315 767 575 838 χιτώνων,
607 770 699 823 καὶ
720 771 802 824 ὅτι
822 772 927 841 πρὸ
953 772 1054 842 τῆς
1075 778 1420 847 κατασκευῆς
1448 779 1619 831 αὐτῶν

1799 794 1877 849 ιιι,
1909 786 1963 839 in
1988 786 2185 855 quibus
2222 786 2455 842 maxime
2489 803 2519 841 a
2548 790 2776 842 veritate
2808 788 3076 844 excidisse
3106 788 3296 845 viden-

12 854 74 905 οἱ
134 858 564 926 πρωτόπλαστοι
604 860 790 931 διῆγον
843 862 979 931 μετά
1029 863 1299 934 σώματος,
1333 867 1619 933 ἀθανασίας

1795 886 1836 924 r.
1894 871 1967 927 De
1997 854 2237 941 pelliceis
2267 875 2451 945 itaque
2498 877 2722 941 tunicis,
2767 886 2933 947 utque
2979 879 3295 948 priusquam

12 946 435 1014 ἀπολαύοντες,
470 951 550 1004 ἔτι
597 969 657 1006 τε
691 953 788 1006 καὶ
816 954 891 1017 ὠς
926 955 986 1008 οὐ
1016 954 1235 1010 δύναται
1265 957 1326 1010 τὸ
1359 958 1517 1029 σῶμα
1542 960 1619 1012 δε-

1795 978 1805 1015 ι
1846 964 2245 1019 conﬁcerentur
2275 980 2505 1037 corpore
2550 970 2760 1037 praediti
2799 970 2959 1039 primi
2994 973 3170 1025 nostri
3202 989 3296 1042 pa-

14 1038 201 1107 σμὸς,
228 1042 327 1094 καὶ
344 1041 531 1113 εἱρκτὴ
555 1044 888 1113 νομίζεσθαι,
911 1044 978 1099 τά
999 1049 1345 1119 προσήκοντα
1369 1050 1558 1117 εἰπὼν,
1583 1047 1619 1105 ὦ

1795 1062 1904 1109 rites
1928 1056 2257 1121 exstiterint,
2291 1068 2344 1113 et
2372 1059 3134 1134 immortalitatiscompotes;
3181 1038 3294 1120 tum

10 1128 238 1201 ἄνδρες
281 1133 526 1186 δικασταὶ
558 1135 839 1205 (δικαστὰς
872 1137 980 1207 γὰρ
1005 1138 1150 1209 ὑμᾶς
1193 1140 1303 1193 τῶν
1340 1142 1534 1211 λόγων,
1582 1140 1619 1198 ὦ

1798 1160 1950 1200 rvum
1985 1156 2037 1201 et
2067 1162 2341 1204 carcerem
2372 1151 2557 1205 haberi
2590 1168 2697 1206 non
2748 1170 2907 1224 posse
2953 1171 3172 1225 corpus,
3203 1157 3292 1211 uhi

11 1223 309 1291 κράτιστε
353 1225 596 1295 Θεόφιλε,
646 1228 840 1296 καλῶ),
871 1230 1140 1301 τρέψομαι
1187 1232 1370 1286 λοιπὸν
1411 1235 1503 1288 ἐπὶ
1558 1237 1619 1291 τὰ

1802 1246 1987 1292 antum
2018 1254 2237 1296 necesse
2265 1248 2347 1296 est
2370 1243 2740 1312 disputavero,
2769 1247 2983 1314 judiees
3011 1249 3128 1318 (vos
3147 1250 3291 1303 enim

11 1314 341 1380 ἀκόλουθα,
391 1319 642 1389 καθάπερ
692 1320 1007 1392 ὑπεσχόμην
1056 1324 1166 1377 τῶν
1226 1327 1619 1397 προκειμένων,

1795 1342 2033 1382 rmonum
2050 1338 2361 1385 nostrorum
2378 1331 2774 1405 judices,teque
2792 1336 2843 1390 in
2861 1339 3073 1406 primis,
3093 1338 3294 1407 optime

10 1403 93 1456 ἵν’
143 1406 566 1479 εὐκρινέστερον
591 1409 788 1481 ἴδωμεν
810 1410 837 1463 ὃ
867 1411 1186 1484 βουλόμεθα.

1795 1418 2037 1488 ιεορΙιὶΙο,
2087 1423 2427 1492 pronuntio),
2465 1424 2529 1478 ad
2556 1440 2616 1479 ea
2636 1403 2762 1493 quae
2798 1403 3076 1496 proposito
3103 1434 3293 1483 nostro

10 1509 418 1554 consentanea
448 1508 576 1555 sunt
603 1518 657 1557 et
685 1508 1077 1574 consequentia
1106 1523 1214 1573 me,
1251 1516 1309 1562 ut
1334 1509 1623 1579 pollicitus
1661 1525 1803 1578 sum,
1839 1510 2116 1568 conferam
2137 1552 2153 1578 ,
2208 1523 2264 1568 ut
2290 1515 2344 1570 id
2375 1518 2518 1586 quod
2550 1518 2802 1574 volumus
2862 1520 3066 1576 clarius
3128 1520 3301 1591 inspi-

9 1605 163 1647 cere
191 1593 492 1663 possimus.

96 1681 222 1737 IH'.
272 1683 327 1737 '0
348 1685 454 1738 τῶν
482 1687 619 1743 ὅλων
654 1688 981 1759 δημιουργὸς
1012 1689 1163 1754 Θεὸς,
1194 1692 1389 1764 ¹ἐπειδὴ
1420 1693 1481 1745 τὸ
1515 1695 1619 1746 πᾶν

1795 1690 1980 1747 XVIII.
2038 1692 2329 1763 Postquam
2379 1696 2572 1749 artifex
2621 1712 2801 1752 rerum
2849 1701 3090 1757 omnium
3147 1704 3291 1761 Deus

8 1771 328 1839 εὐτάκτως
373 1780 754 1849 συνεστήσατο,
790 1780 1039 1852 καθάπερ
1069 1784 1308 1854 μεγάλην
1338 1785 1511 1849 πόλιν,
1547 1785 1619 1837 δι-

1795 1796 1891 1833 .am
1928 1782 2069 1836 hanc
2098 1786 2471 1841 universitatis
2500 1788 2991 1854 machinam,velut
3017 1793 3289 1864 ingentem

8 1864 320 1935 εκὸσμησε
345 1870 690 1939 προστάσσων
710 1870 786 1941 τῷ
808 1870 970 1941 λόγῳ,
993 1872 1219 1929 ἕκαστόν
1239 1892 1297 1928 τε
1320 1875 1467 1945 αὐτῷ
1485 1893 1545 1928 συ
1554 1894 1620 1946 μ-

7 1954 236 2022 φώνως
268 1958 547 2029 ἡρμόσατο
579 1964 862 2030 στοιχεῖον,
894 1963 989 2015 καὶ
1019 1964 1197 2018 πάντα
1227 1964 1380 2029 ζώων
1414 1967 1622 2037 πεπλή-

8 2063 181 2115 ρωτο
209 2049 513 2120 διαφοραῖς,
556 2052 642 2104 ἵνα
669 2053 889 2118 τελείως
916 2056 945 2107 ὁ
967 2055 1171 2125 κόσμος
1196 2057 1275 2119 εἰς
1300 2056 1495 2121 κάλλος
1521 2059 1620 2111 αὐ-

8 2136 198 2209 ξηθῇ,
250 2142 511 2204 παντοίας
542 2141 755 2210 φύσεως
791 2142 1135 2215 ζωοτοκήσας
1181 2148 1413 2218 μορφὰς,
1446 2149 1621 2219 ἄστρα

12 2230 130 2298 μὲν
168 2231 321 2283 κατά
356 2231 444 2286 τὸν
488 2232 734 2302 οὐρανὸν,
786 2234 880 2287 καὶ
920 2235 1101 2306 πτηνά
1150 2237 1293 2291 κατά
1338 2239 1428 2291 τὸν
1459 2239 1618 2310 ἀέρα,

6 2321 349 2392 τετράποδα
368 2322 422 2376 δὲ
439 2325 579 2378 κατὰ
596 2325 693 2396 τὴν
712 2326 839 2397 γῆν,
870 2327 964 2379 καὶ
997 2330 1170 2399 νηκτὰ
1196 2332 1336 2385 κατά
1358 2332 1420 2385 τὸ
1445 2332 1616 2404 ὕδωρ·

6 2410 349 2467 τελευταῖον
395 2414 485 2467 τὸν
529 2416 835 2487 ἄνθρωπον,
890 2421 1292 2491 προετοιμάσας
1327 2422 1402 2486 ὡς
1444 2423 1619 2478 οἰκίαν

10 2503 182 2572 αὐτῷ
215 2505 513 2575 καλλίστην
559 2507 619 2560 τὸ
664 2509 792 2572 πᾶν,
848 2510 1069 2580 μίμημα
1110 2511 1207 2581 τῆς
1241 2513 1374 2575 ἰδίας
1413 2513 1619 2578 εἰκόνος

8 2594 284 2663 ὲμιρερὲς
312 2597 389 2659 εἰς
410 2597 497 2648 τὸν
520 2599 722 2667 κόσμον
749 2601 1059 2670 εἰσήγαγεν,
1087 2601 1306 2671 ἄγαλμα
1329 2604 1403 2667 ὡς
1427 2605 1483 2657 ἐν
1507 2605 1617 2676 ναῷ

9 2686 255 2756 φαιδρῷ
281 2687 441 2740 καλὸν
462 2692 581 2750 ταῖς
596 2690 787 2744 ἑαυτοῦ
811 2691 967 2762 χερσὶ
989 2693 1425 2757 κατασκευάσας.
1462 2696 1617 2748 Ἠπε-

20 2794 201 2830 nemo
235 2778 367 2850 γάρ,
398 2781 478 2832 ὅτι
515 2781 730 2845 πάντως
766 2783 900 2848 ὅπερ
933 2784 999 2837 ἂν
1030 2787 1094 2854 τῇ
1123 2783 1318 2837 ἑαυτοῦ
1349 2788 1612 2857 τεχνήση-

8 2886 107 2922 ται
144 2871 323 2941 χειρὶ,
355 2870 412 2934 ἐξ
433 2871 676 2942 ἀνάγκης
706 2872 856 2926 ἔσται
880 2873 1164 2940 ἀθάνατον,
1194 2876 1290 2930 ἆτε
1314 2877 1614 2941 ἀθανασίας

9 2961 216 3031 ἔργον.
283 2960 603 3025 Ἀθανασίας
639 2962 746 3034 γὰρ
776 2964 1021 3019 ἀθάνατα
1051 2966 1321 3034 γίγνεται,
1360 2967 1614 3039 καθάπερ

8 3052 117 3104 καὶ
143 3052 225 3106 τὰ
263 3053 407 3106 κακὰ
443 3054 660 3117 κακίας,
687 3055 782 3107 καὶ
822 3054 889 3107 τὰ
925 3054 1081 3109 ἄδικα
1112 3056 1343 3119 ἀδικίας.
1401 3058 1474 3110 Uti
1506 3059 1613 3128 γὰρ

1723 1872 1956 1940 aliquam
2010 1874 2304 1939 civitatem,
2354 1878 2614 1944 praeclaro
2663 1881 2854 1937 ordine
2904 1885 3168 1950 condidit,
3226 1900 3290 1942 ac

1722 1964 1872 2016 vocis
1896 1964 2126 2033 imperio
2154 1969 2461 2032 constituit,
2497 1971 2549 2025 in
2577 1986 2751 2041 eoque
2778 1974 3045 2030 elementa
3076 1978 3289 2049 singula

1721 2051 1999 2120 aptissime
2035 2058 2361 2126 composuit,
2389 2073 2452 2112 ac
2482 2061 2648 2116 variis
2685 2063 3045 2119 animantium
3073 2070 3288 2137 generi-

1718 2144 1821 2201 bus
1857 2148 2151 2217 complevit
2198 2150 2403 2216 omnia,
2455 2160 2514 2205 ut
2550 2150 2641 2206 I'tic
2674 2153 2914 2211 mundus
2948 2157 3188 2226 perfecte
3222 2162 3289 2215 ad

1719 2254 1933 2292 omnem
1978 2240 2440 2308 pulchritudinem
2501 2242 2877 2311 adolesceret,
2931 2263 3055 2302 cum
3111 2250 3168 2304 in
3223 2267 3290 2307 eo

1719 2331 2062 2385 omnimodas
2088 2342 2298 2385 naturae
2323 2334 2529 2388 formas
2552 2334 2703 2390 vivas
2731 2336 3111 2408 animatasque
3159 2356 3288 2409 pro-

1718 2427 1980 2486 creasset,
2001 2430 2163 2490 atque
2181 2430 2235 2475 et
2256 2422 2310 2474 in
2334 2422 2471 2477 cmlo
2490 2424 2757 2487 sidera,et
2788 2425 2843 2479 in
2866 2440 2990 2481 aere
3013 2429 3286 2497 volucres,

1714 2519 1768 2565 et
1814 2511 1869 2564 in
1908 2517 2054 2566 terra
2084 2512 2485 2582 quadrupedes,
2520 2523 2574 2568 et
2623 2516 2678 2569 in
2713 2518 2869 2585 aquis
2903 2520 3146 2574 natantia
3176 2522 3289 2576 col-

1718 2605 1975 2671 locasset,
2012 2614 2347 2675 postremum
2383 2609 2625 2662 omnium
2660 2610 2955 2676 hominem,
2994 2615 3083 2668 cui
3113 2621 3286 2677 totum

1713 2696 1861 2751 hunc
1891 2698 2149 2751 mundum
2186 2700 2333 2753 velut
2361 2701 2635 2770 egregium
2667 2703 2939 2771 quoddam
2972 2707 3285 2773 praetorium

1715 2795 2022 2857 paraverat,
2078 2790 2157 2844 sic
2206 2798 2465 2860 tanquam
2508 2792 2860 2847 simulacrum
2905 2796 3176 2864 quoddam
3217 2798 3286 2853 ad

1714 2880 1798 2936 sui
1819 2880 2044 2951 efIigiem
2068 2897 2387 2952 expressum
2411 2884 2467 2937 in
2492 2885 2677 2940 orbem
2701 2886 3034 2953 introduxit;
3068 2891 3287 2946 acvelut

1713 2972 2047 3039 exquisitum
2077 2973 2293 3043 signum
2324 2976 2575 3030 manibus
2608 2976 2725 3031 suis
2753 2977 3087 3033 elaboratum
3122 2979 3279 3051 54],

1713 3063 1978 3131 praeclaro
2012 3062 2065 3116 in
2106 3066 2306 3134 templo
2329 3066 2634 3120 constituit.
2667 3065 2855 3137 Neque
2883 3069 3028 3123 enim
3062 3070 3284 3140 ignora-

8 3142 387 3213 δικαιοσύνης
418 3143 577 3215 ἔργον
605 3144 664 3197 τὸ
697 3144 921 3209 ἀδικεῖν,
946 3146 1082 3199 ἀλλά
1110 3148 1353 3210 ἀδικίας·
1397 3148 1507 3201 οὐδ’
1541 3144 1608 3201 αὖ

1795 3162 1824 3220 ι,
1873 3154 2235 3225 quodcunque
2257 3164 2447 3226 suapte
2477 3171 2637 3211 mauu
2663 3155 2929 3223 finxisset,
2948 3161 3294 3225 necessario,

9 3236 257 3298 ἀδικίας
304 3236 670 3306 ἀντιστρόφως
701 3237 761 3290 τὸ
800 3238 1213 3309 δικαιοπραγεῖν
1255 3238 1436 3309 ἔργον,
1481 3239 1616 3293 ἀλλά

8 3327 415 3397 δικαιοσύνης’
473 3327 660 3399 ὥσπερ
706 3328 825 3381 οὐδὲ
869 3329 1173 3399 ἀφθαρσίας
1204 3328 1263 3380 τὸ
1299 3330 1615 3401 φθείρεσθαι

12 3421 235 3483 ποιεῖν,
273 3418 406 3472 ἀλλά
431 3420 658 3489 φθορᾶς,
687 3420 747 3471 τὸ
776 3419 1123 3483 ἀθανατίζειν
1151 3421 1210 3472 οὑ
1244 3420 1468 3491 φθορᾶς,
1500 3421 1615 3474 ἀλλ’

9 3510 371 3579 ἀφθαρσίας.
401 3512 509 3563 Καὶ
533 3510 852 3580 συλλήϐδην,
881 3504 989 3563 οἷον
1010 3511 1074 3563 ἂν
1155 3510 1213 3563 τὸ
1236 3509 1443 3573 ποιοῦν,
1478 3512 1616 3565 κατά

10 3604 113 3655 τὸν
149 3602 323 3655 αὑτὸν
351 3602 520 3665 οὕτως
544 3601 699 3669 λόγον
720 3602 876 3655 τοῦτο
904 3601 1221 3671 ποιούμενον
1255 3603 1271 3632 ¹
1297 3601 1356 3667 ἐξ
1376 3602 1616 3671 ἀνάγκης

12 3693 450 3765 ἀπεργάζεσθαι
483 3693 788 3760 συμϐαίνει.
853 3694 911 3746 '0
938 3694 994 3746 δὲ
1031 3693 1161 3757 Θεὸς
1200 3694 1293 3746 καὶ⁸
1326 3694 1613 3758 ἀθανασία,

15 3785 123 3838 καὶ
167 3782 314 3855 ζωὴ,
358 3785 449 3837 καὶ
483 3784 785 3855 ἀφθαρσία·
830 3783 989 3855 ἔργον
1026 3784 1084 3836 δὲ
1125 3783 1408 3855 ἄνθρωπος
1456 3784 1613 3840 Θεοῦ.

15 3878 146 3929 Πᾶν
171 3876 235 3929 δὲ
263 3875 321 3927 τὸ
352 3874 453 3928 ὑπὸ
489 3874 784 3938 ἀθανασίας
828 3875 1096 3945 ὲργασθὲν
1125 3875 1390 3929 ἀθάνατον
1411 3894 1424 3908 ο
1478 3875 1614 3929 ἀθά-

14 3985 197 4031 νατος
227 3966 384 4038 ἄραὸ
412 3966 717 4037 ἄνθρωπος.
739 3967 830 4019 Διὸ
860 3967 922 4038 δὴ
956 3967 1046 4020 τὸν
1072 3967 1169 4038 μὲν
1200 3966 1486 4038 ἄνθρωπον
1515 3969 1613 4021 αὐ-

14 4058 345 4130 τούργησεν
372 4060 399 4111 ὁ
426 4058 579 4121 Θεὸς,
614 4057 681 4111 τὰ
714 4058 772 4111 δὲ
800 4057 963 4110 λοιπὰ
993 4058 1125 4128 γένη
1155 4055 1308 4120 ζώων
1338 4057 1481 4127 ἀέρι,
1518 4058 1611 4110 καὶ

15 4156 122 4224 γῇ,
156 4150 262 4205 καὶ
286 4148 435 4202 ὕδατι
460 4148 759 4218 προσέταξε
791 4146 999 4218 φέρειν.

1712 3253 1899 3315 utpote
1918 3247 2340 3302 immortalitatis
2356 3263 2512 3317 opus,
2536 3248 2842 3304 immortale
2858 3248 3101 3304 futurum
3146 3250 3282 3308 Nam

1712 3334 1781 3387 ab
1810 3335 2218 3389 immortalitate
2247 3336 2575 3389 immortalia
2596 3335 3041 3405 proﬁciscuntur,
3074 3341 3222 3395 velut
3252 3357 3285 3397 a

1711 3424 1918 3477 malitia
1934 3440 2055 3493 quat
2087 3425 2226 3477 mala
2247 3430 2395 3487 sunt,
2429 3432 2481 3478 et
2508 3425 2574 3477 ab
2602 3425 2870 3493 injustitia
2902 3427 3126 3498 injusta.
3166 3429 3287 3487 Non

1711 3514 1854 3567 enim
1875 3514 2101 3582 justitiae
2119 3530 2255 3583 opus
2271 3524 2352 3568 est
2368 3514 2553 3582 injusti
2576 3516 2779 3585 aliquid
2805 3515 3003 3582 facere,
3027 3520 3120 3575 sed
3143 3521 3288 3591 inju-

1715 3602 1895 3667 stitiae,
1911 3619 2088 3673 neque
2106 3620 2171 3659 ex
2193 3604 2424 3659 adverso
2441 3603 2588 3672 juste
2608 3604 2811 3674 aliquid
2828 3620 2987 3676 agere
3006 3607 3289 3677 iniustitia

1713 3699 1818 3755 est,
1839 3691 1932 3747 sed
1944 3692 2205 3761 justitiaz;
2240 3692 2461 3762 perinde
2490 3708 2552 3747 ac
2580 3695 2944 3763 corruptelam
2965 3696 3158 3753 aﬁerre
3174 3714 3286 3756 non

1712 3783 2146 3853 incorruptionis
2178 3792 2283 3847 est,
2317 3783 2411 3839 sed
2445 3786 2813 3854 corruptionis
2841 3789 3145 3859 proprium.
3196 3791 3288 3848 Sic

1711 3875 2015 3930 immortale
2040 3874 2220 3929 facere
2245 3890 2354 3929 non
2381 3876 2771 3945 corruptionis.
2798 3881 2892 3934 sed
2923 3882 3283 3952 incorruptio-

1717 3965 1804 4019 nis
1838 3972 1941 4019 est.
1990 3964 2166 4032 Atque
2212 3971 2272 4016 ut
2321 3978 2430 4017 uno
2475 3966 2641 4019 verbo
2680 3965 2881 4029 dicam,
2923 3970 3084 4038 quale
3114 3980 3199 4027 est
3234 3973 3286 4029 id

1718 4054 1860 4124 quod
1912 4055 2048 4125 agitj,
2102 4056 2214 4109 tale
2248 4056 2301 4110 id
2340 4054 2552 4111 eﬂicere
2589 4059 2903 4113 necessario
2942 4061 3104 4125 solet,
3141 4065 3286 4131 quod

1715 4148 1784 4202 ab
1814 4162 1879 4201 eo
1915 4147 2256 4216 producitur.
2316 4147 2479 4217 Atqui
2513 4147 2653 4203 Deus
2690 4160 2743 4204 et
2771 4150 3152 4207 immortalitas
3179 4160 3286 4218 est,

14 4253 75 4301 et
105 4245 252 4309 vita,
281 4249 335 4297 et
366 4241 735 4310 incorruptio;
776 4239 938 4294 homo
967 4252 1097 4293 vero
1131 4237 1224 4295 Dei
1256 4253 1394 4309 opus
1422 4246 1525 4293 est.
1553 4238 1827 4308 Quidquid
1850 4254 1979 4294 vero
2008 4239 2077 4294 ab
2102 4240 2511 4295 immortalitate
2539 4238 2858 4306 fabricatur,
2888 4241 3193 4300 immortale
3216 4245 3284 4299 sit

16 4346 280 4411 oportet.
325 4336 505 4403 Quare
539 4336 868 4391 immortalis
898 4344 983 4391 est
1020 4336 1205 4391 homo.
1234 4334 1527 4406 Propterea
1548 4336 1689 4391 Deus
1718 4336 1991 4390 hominem
2023 4351 2121 4391 sua
2149 4352 2313 4391 manu
2338 4336 2526 4391 ﬁnxit:
2563 4345 2755 4392 caetera
2777 4352 2906 4393 vero
2932 4339 3284 4397 animantium

16 4448 240 4506 genera
270 4446 468 4495 aerem,
506 4436 705 4485 terram
735 4440 789 4485 et
812 4445 1006 4500 aquam
1042 4430 1208 4499 jussit
1248 4429 1565 4499 producere.

100 4530 434 4599 Ἀνθρωπος
494 4530 550 4584 δὲ
604 4529 941 4601 ἀληθέστατα
1001 4530 1214 4597 λέγεται
1269 4528 1409 4581 κατά
1458 4527 1617 4596 φύσιν

1795 4525 2057 4580 Cmterum
2085 4525 2271 4587 homo,
2297 4523 2342 4578 si
2373 4524 2491 4593 ejus
2520 4531 2770 4577 naturam
2804 4523 3083 4591 inspicias,
3119 4529 3286 4583 veris-

14 4624 156 4677 οὔτε
218 4623 366 4695 ψυχὴ
420 4624 587 4695 χωρὶς
640 4623 910 4694 σώματος,
936 4621 1046 4675 οὒτ’
1106 4616 1173 4675 αὖ
1233 4620 1388 4690 σῶμα
1447 4619 1615 4689 χωρὶς

15 4720 236 4789 ψυχῆς,
271 4716 404 4770 ἀλλά
449 4717 509 4769 τὸ
554 4718 618 4768 ὲκ
648 4716 957 4778 συστάσεως
1001 4713 1177 4783 ψυχῆς
1216 4714 1309 4764 καὶ
1365 4710 1614 4781 σώματος

16 4814 105 4875 εἰς
158 4810 293 4880 μίαν
337 4808 434 4879 τὴν
482 4807 576 4861 τοῦ
617 4806 785 4860 καλοῦ
843 4806 1053 4877 μορφὴν
1127 4803 1397 4857 συντεθέν.
1452 4800 1615 4856 Ὅθεν

18 4901 292 4957 ἐντεῦθεν
321 4900 584 4954 ἀθάνατον
620 4900 683 4970 δὴ
726 4898 817 4951 τὸν
862 4896 1143 4967 ἄνθρωπον
1184 4894 1460 4963 γεγονέναι
1493 4894 1617 4957 (pat-

20 5012 211 5060 νεται,
267 4993 469 5062 φθορᾶς
511 4991 567 5044 δὲ
603 4992 820 5058 ἀπάσης
860 4989 953 5042 καὶ
988 4989 1156 5040 νόσων
1210 4985 1385 5046 ἐκτός.
1441 4982 1616 5036 Μάθοι

20 5090 67 5143 δ’
99 5090 174 5144 ἄν
204 5104 293 5150 τις
343 5086 498 5139 τοῦτο
548 5085 641 5137 καὶ
686 5083 797 5137 ἀπὸ
841 5083 939 5153 τῆς
972 5080 1192 5152 Γραφῆς
1235 5074 1617 5175 ίκανῶς.ῃἘπϊ

21 5181 141 5251 γὰρ
201 5177 316 5232 τῶν
373 5176 546 5230 ἄλλων
569 5217 585 5243 ,
650 5174 824 5227 ὁπόσα
883 5172 1091 5243 χρόνων
1152 5172 1620 5240 μετακοσμοῦνται

20 5269 347 5331 διαστολαῖς
383 5267 620 5339 ἡϐῶντα,
663 5265 759 5317 καὶ
803 5264 1172 5334 γηράσκοντα,
1231 5255 1616 5326 Ἐξαγαγέτω,

24 5362 283 5431 λέγεται,
313 5359 385 5411 τὰ
416 5357 607 5410 ὕδατα
635 5354 850 5423 ἑρπετὰ
882 5351 1098 5423 ψυχῶν
1136 5348 1357 5412 ζὶυσῶν,
1390 5348 1489 5400 καὶ
1517 5363 1620 5399 πε-

24 5451 204 5507 τεινά
240 5449 537 5517 πετόμενα
568 5446 665 5499 ἐπὶ
699 5444 809 5513 τῆς
840 5444 972 5512 γῆς,
1007 5441 1157 5497 κατὰ
1199 5440 1265 5493 τὸ
1316 5437 1619 5504 στερέωμα

25 5543 142 5600 τοῦ
178 5539 445 5609 οὐρανοῦ
462 5556 473 5566 ·
500 5540 615 5603 καὶ,
632 5534 993 5607 Ἐξαγαγέτω
1012 5534 1049 5600 ἡ
1080 5532 1154 5603 γῆ
1188 5528 1402 5599 ψυχὴν
1424 5526 1619 5587 ζῶσαν

1720 4620 1855 4675 sime
1880 4632 2003 4672 esse
2026 4618 2228 4671 dicitur
2253 4629 2362 4668 non
2389 4614 2637 4684 corporis
2659 4628 2850 4682 expers
2881 4616 3082 4679 anima,
3113 4632 3284 4686 neque

1719 4723 1921 4777 corpus
1962 4706 2142 4758 anima
2187 4703 2542 4769 destitutum;
2602 4702 2696 4757 sed
2739 4702 2794 4756 id
2845 4703 2990 4771 quod
3028 4703 3081 4757 in
3121 4722 3285 4762 unam

1716 4797 1931 4866 pulchri
1958 4795 2192 4864 bonique
2225 4793 2455 4847 formam
2486 4808 2551 4848 ex
2581 4792 2777 4847 animae
2801 4801 2855 4849 et
2882 4795 3127 4863 corporis
3152 4811 3284 4851 con-

1715 4888 1999 4958 junctione
2044 4885 2331 4941 conflatur.
2391 4884 2469 4939 Ex
2502 4900 2611 4955 quo
2640 4885 2859 4955 quidem
2907 4887 3085 4957 colligi
3126 4903 3285 4957 posse

1717 4980 1955 5045 videtur,
1982 4977 2341 5031 immortalem
2368 4976 2637 5030 hominem
2657 4990 2779 5031 esse
2809 4974 3034 5037 factum,
3059 4992 3158 5031 nec
3179 4994 3285 5034 non

1718 5082 1771 5125 et
1820 5069 2191 5138 corruptionis
2236 5068 2449 5134 omnis,
2516 5082 2579 5121 ac
2622 5067 2937 5121 morborum
2986 5077 3285 5135 expertem.

1716 5158 1894 5229 Atque
1917 5160 2021 5213 hoc
2047 5158 2227 5228 ipsum
2258 5171 2428 5211 sacra:
2453 5154 2671 5210 Litterae
2700 5155 2914 5213 abunde
2940 5172 3042 5211 nos
3065 5157 3283 5212 docent.

1715 5248 1851 5304 Nam
1880 5248 1936 5302 in
1972 5248 2219 5317 reliquis,
2249 5260 2371 5315 quae
2405 5252 2710 5315 temporum
2738 5252 2944 5297 mutata
2972 5244 3165 5314 spatiis
3190 5244 3284 5298 ad-

1715 5342 1956 5397 olescere
1980 5355 2044 5393 ac
2066 5352 2458 5394 consenescere
2488 5338 2693 5392 solent:
2730 5334 3058 5402 Producunt,
3086 5335 3283 5404 inquit,

1716 5448 1867 5501 aqua:
1888 5432 2100 5495 reptilia
2124 5430 2422 5483 animarum
2441 5429 2716 5483 viventium
2738 5437 2784 5481 et
2806 5428 3034 5481 volucres
3052 5425 3283 5479 volantes

1717 5540 1873 5593 super
1903 5532 2118 5589 terram,
2142 5524 2303 5591 juxta
2326 5522 2718 5592 ﬁrmamentum
2745 5520 2915 5575 cash".
2950 5517 3110 5572 Item:
3144 5513 3280 5569 Pro-

104 5706 127 5741 ι
164 5704 295 5761 (lor.
358 5704 417 5755 τὸ
438 5720 549 5756 ποι.
627 5704 647 5734 ²
680 5700 811 5756 Thr.
840 5714 923 5765 ιιι,
948 5697 1037 5753 54.
1118 5696 1137 5727 ³
1162 5694 1308 5752 Psal.
1336 5708 1492 5761 chv,
1524 5692 1575 5745 7.

1795 5708 1841 5747 fl.
1884 5707 1924 5753 ι,
1957 5687 2044 5744 20.

326 5795 601 5857 Pauor“
635 5793 751 5855 Gn.
799 5790 965 5853 XLI.

2928 5776 3005 5836 35
