3822 6294
450 318 604 378 3099

1835 310 1903 371 Β.
1942 274 2282 370 Epirum:

3561 311 3710 371 “30

450 435 625 488 educat
680 439 819 486 terra
872 431 1105 485 animant
1153 431 1402 485 viventem
1462 429 1742 485 secundum
1787 428 2038 497 speciem:

2145 426 2294 481 κατὰ
2314 426 2487 495 γένος
2514 421 2865 495 τετράποδα,
2895 427 2993 480 καὶ
3016 426 3253 495 ἑρπετὰ,
3287 425 3387 479 καὶ
3406 426 3587 492 θηρῐα
3616 423 3721 493 τῆς

464 523 859 594 quadrupedia,
932 524 1145 593 reptilia
1202 532 1250 577 et
1304 523 1495 575 bestias
1559 535 1711 577 terra:
1755 521 2041 576 secundum

464 634 623 687 genus
651 616 689 671 ⁸.
728 614 829 670 Ubi
856 616 923 668 ad
958 616 1231 668 hominem
1265 622 1581 683 perventum
1614 623 1698 669 est
1719 651 1735 677 ,
1784 628 1889 667 non
1920 629 2043 683 per-

465 706 591 764 inde
618 718 673 759 ut
708 706 763 759 in
794 705 916 759 aliis
945 704 1115 759 dixit:
1172 702 1439 757 Producat
1471 713 1650 757 terra:
1684 711 1799 764 aut,
1839 700 2043 755 Produ-

470 808 595 850 cant
636 813 822 866 aqum:
859 808 969 860 aut,
1006 795 1167 849 Fiant
1209 795 1553 847 luminaria‘.
1597 792 1723 856 Sed,
1752 792 2039 846 Faciamus

466 890 728 942 hominem
760 888 828 941 ad
863 888 1162 956 imaginem,
1202 895 1249 939 et
1277 884 1681 938 similitudinem
1705 895 1943 937 nostram
1989 893 2039 937 et

466 982 646 1050 prcesit
675 979 924 1048 piscibus,
951 988 997 1031 et
1030 977 1334 1031 volatilibus
1365 977 1500 1038 ca'li,
1530 985 1581 1029 et
1613 976 1867 1028 universis
1886 991 2040 1044 pecu-

467 1074 621 1124 dibus
640 1072 677 1122 ³.
723 1071 805 1129 Et,
841 1070 1051 1137 Accepit
1093 1067 1227 1121 Deus
1263 1067 1326 1121 de
1347 1068 1471 1121 limo
1503 1078 1676 1143 terra,
1711 1076 1759 1119 et
1789 1066 2039 1134 formavit

468 1164 726 1215 hominem
750 1162 791 1213 ⁸.

539 1252 723 1307 XVIII.
767 1254 942 1321 Atque
995 1260 1053 1304 ut
1104 1251 1342 1306 hmninis
1398 1266 1427 1304 a
1477 1251 1689 1305 czeteris
1741 1250 2039 1304 discrimen

470 1347 644 1415 magis
678 1359 742 1398 ac
776 1343 945 1411 magis
977 1342 1174 1396 intueri
1202 1343 1443 1411 possitis,
1476 1350 1852 1411 quantumque
1887 1349 2042 1394 ante-

467 1442 628 1494 eellat
660 1438 935 1498 omnibus,
959 1444 1011 1489 et
1041 1442 1098 1487 nt
1125 1434 1427 1487 secundum
1461 1440 1584 1502 post
1616 1433 1840 1499 angelos
1865 1431 2043 1501 digni-

468 1532 599 1585 tatis
650 1530 827 1582 Iocum
881 1527 1135 1579 obtinens
1184 1525 1593 1578 immortalitate
1639 1526 1711 1578 sit
1759 1524 2039 1591 praeditus,

470 1638 566 1691 age
596 1618 739 1673 istud
774 1618 949 1687 ipsum
979 1617 1159 1669 denuo
1192 1630 1254 1669 ex
1307 1631 1434 1669 vera
1465 1624 1519 1669 et
1546 1614 1846 1668 orthodoxa
1874 1615 2043 1667 ratio-

468 1729 536 1766 ne
570 1712 931 1778 disputemus.
972 1706 1131 1777 542
1178 1704 1384 1759 Etenim
1430 1706 1643 1759 caeteris
1671 1704 1885 1775 quidem
1914 1705 2040 1758 ani-

2141 517 2251 588 τῆς
2284 519 2433 571 κατὰ
2472 518 2663 587 γένος.
2719 519 2845 571 Ἐπὶ
2886 518 2943 571 δὲ
2979 518 3077 570 τοῦ
3129 517 3416 588 ἀνθρώπου
3457 517 3722 580 ὡσαύτως,

2142 609 2392 672 ἐκείνοις,
2437 607 2798 677 Ἐξαγαγέτω
2824 610 2863 676 ὴ
2887 608 2982 677 γῆ,
3017 610 3232 663 οὐκέτι·
3268 610 3324 679 ἢ,
3354 608 3722 677 Ἐξαγυγέτω

2142 702 2213 754 τὰ
2269 701 2487 753 ὕδατα*
2543 700 2598 770 ἢ,
2652 701 3092 768 Γενηθήτωσαν
3138 689 3470 770 φωτῆρες.
3538 700 3721 760 Ἀλλὰ,

2140 792 2489 860 Ποιήσωμεν
2503 790 2817 859 ἄνθρωπον
2835 794 2962 845 κατ’
2987 793 3207 856 εἰκόνα,
3242 792 3341 846 καὶ
3361 794 3492 847 καθ’
3512 793 3697 861 ὁμοίω

2141 900 2246 937 σιν
2285 884 2600 953 ἡμετέραν,
2636 885 2731 937 καὶ
2782 884 3132 953 ἀρχέτωσαν
3171 884 3277 939 τῶν
3336 886 3579 954 ἰχθύων,
3623 888 3718 939 καί

2140 974 2260 1029 τῶν
2312 974 2598 1029 πετεινῶν
2651 976 2759 1029 τοῦ
2810 978 3091 1043 οὐρανοῦ,
3141 977 3238 1031 καὶ
3298 977 3545 1031 πάντων
3604 977 3718 1030 τῶν

2148 1068 2411 1137 κτηνῶν·
2468 1069 2583 1131 καὶ,
2651 1070 2902 1122 Ἔλαϐεν
2938 1073 2971 1123 ὀ
3030 1070 3168 1135 Θεὸς
3236 1070 3390 1140 χοῦν
3449 1070 3569 1123 ἀπὸ
3616 1066 3715 1139 τῆς

2142 1161 2274 1231 γῆς,
2304 1160 2400 1213 καὶ
2430 1159 2664 1213 ἔπλασε
2702 1158 2808 1211 τὸν
2839 1160 3169 1227 ἄνθρωπον.

2211 1254 2320 1306 lH'.
2360 1252 2471 1303 Καὶ
2503 1252 2590 1305 ἵνα
2628 1251 2691 1321 δὴ
2749 1250 2945 1321 μᾶλλον
2978 1253 3072 1304 καὶ
3117 1253 3273 1321 ὑμεῖς
3316 1251 3418 1321 τὴν
3457 1252 3720 1321 διαφορὰν

2142 1343 2425 1414 αἴσθησθε,
2458 1343 2535 1406 ὡς
2560 1343 2694 1396 ὅλων
2718 1344 2815 1396 καὶ
2851 1343 3014 1395 παντὶ
3070 1343 3178 1395 τῶν
3213 1343 3383 1396 ἄλλων
3422 1343 3717 1413 διαφέρων,

2143 1434 2237 1487 καὶ
2266 1436 2325 1486 ὲν
2367 1433 2595 1502 δευτέρᾳ
2636 1432 2768 1502 τιμῇ
2817 1430 2923 1483 τῶν
2951 1430 3195 1499 ἀγγέλων
3236 1428 3657 1497 ἑγκαταλεχθεὶς
3693 1432 3718 1480 ὁ

2141 1524 2425 1598 ἄνθρωπος
2466 1523 2779 1594 εὑρίσκεται
2826 1522 3091 1585 ἀθάνατος
3131 1520 3226 1583 ὢν,
3268 1522 3395 1591 φέρε
3447 1521 3592 1573 κατά
3630 1520 3721 1571 τὶν

2143 1616 2317 1687 ἀληθῆ
2344 1616 2504 1670 πάλιν
2540 1616 2633 1668 καὶ
2656 1608 2938 1686 ίόρθόδοξον
2978 1615 3069 1668 καὶ
3106 1613 3263 1667 τοῦτο
3307 1612 3546 1667 διαλάόω
3572 1613 3720 1679 λογι-

2145 1709 2301 1779 σμόν.
2339 1708 2465 1771 Τοῖς
2497 1707 2596 1778 μὲν
2622 1706 2730 1778 γὰρ
2763 1706 2869 1759 ἀπὸ
2897 1706 2992 1776 τῆς
3028 1706 3277 1775 εἱσπνοῆς
3320 1703 3417 1757 τοῦ
3450 1704 3598 1756 κατὰ
3628 1704 3721 1756 τὸν

468 1804 745 1857 mantibus
772 1816 835 1854 ex
868 1801 1014 1853 illius
1050 1800 1299 1869 spiritus,
1349 1798 1441 1867 qui
1477 1814 1571 1867 per
1598 1813 1775 1851 aerem
1807 1798 2038 1851 diﬂ'usus

2145 1801 2281 1871 ἀέρα
2321 1799 2627 1870 πνεύματος
2671 1798 3029 1868 ἐμψυχῶσθαι
3061 1800 3079 1828 ⁷
3115 1796 3269 1866 ἐδόθη
3309 1796 3371 1848 τὸ
3401 1792 3521 1865 ζῇν,
3556 1794 3635 1864 τῷ
3661 1796 3719 1846 δὲ

467 1902 550 1948 est
578 1892 913 1945 immissione
935 1890 1117 1943 anima
1147 1896 1231 1943 cst
1254 1888 1472 1956 vitaque
1502 1904 1785 1941 concessa.
1820 1886 2038 1941 Homini

468 1999 598 2037 vero
650 1980 885 2049 idipsum
942 1994 1007 2033 ex
1059 1978 1353 2032 immortali
1392 1988 1551 2046 atque
1585 1977 1869 2030 excellenti
1905 1976 2036 2031 Sub-

468 2074 668 2129 stantia
695 2072 956 2125 tributum
980 2089 993 2124 :
1018 2068 1305 2139 Inspiravit
1326 2070 1465 2122 enim
1486 2067 1621 2121 Deus
1649 2070 1700 2120 in
1723 2068 2039 2136 facicmejus

467 2165 791 2233 spiraculum
825 2164 944 2216 vita:
970 2178 987 2225 ;
1017 2172 1065 2216 et
1102 2162 1274 2230 factus
1318 2170 1395 2214 est
1428 2161 1579 2212 homo
1598 2161 1667 2212 ~in
1699 2162 1932 2211 animant
1963 2162 2038 2212 vi-

460 2266 666 2310 rentem
684 2255 727 2309 '.
763 2252 877 2308 Illis
914 2253 1121 2307 servire
1170 2260 1332 2321 atque
1366 2250 1594 2319 imperio
1632 2250 1881 2313 subesse,
1914 2249 2040 2303 huic

462 2348 735 2405 dominari
763 2354 927 2416 atque
961 2344 1247 2416 imperium
1298 2358 1556 2398 exercere
1588 2344 1901 2396 mandatum
1934 2348 2036 2397 est.

467 2442 562 2496 Illa
601 2440 849 2494 diversas
879 2444 1199 2490 naturarum
1232 2434 1436 2504 elligies
1483 2433 1798 2503 formasque
1842 2434 2037 2487 sortita

466 2542 630 2597 sunt;
665 2536 934 2600 quotquot
959 2528 1048 2581 Dei
1080 2527 1239 2595 jussu
1270 2526 1443 2581 solida
1480 2533 1533 2579 et
1568 2524 1920 2594 aspectabilis
1944 2536 2041 2574 na-

464 2632 587 2677 tura
618 2621 891 2690 produxit.
922 2618 1059 2672 IIuic
1086 2618 1182 2672 Dei
1208 2617 1377 2671 indita
1402 2614 1698 2671 similitudo
1730 2622 1813 2668 est
1842 2612 1909 2666 ad
1931 2613 2041 2681 pri-

464 2730 607 2767 mam
639 2713 808 2773 illam,
836 2719 890 2764 et
928 2709 1260 2778 unigenitam
1295 2706 1474 2760 Patris
1498 2706 1788 2775 imaginem
1822 2702 2040 2773 penitus

464 2818 723 2873 expressa
762 2797 955 2854 :‘Fecit
999 2800 1137 2853 enim
1173 2797 1311 2852 Deus
1340 2797 1639 2859 hominem;
1671 2794 1739 2847 ad
1762 2794 2040 2864 imaginem

464 2894 563 2948 Dei
592 2894 719 2962 fecit
744 2892 945 2947 illum'.
968 2890 1119 2945 Unde
1146 2898 1200 2945 et
1226 2889 1577 2945 simulacrum
1596 2902 1776 2951 suum,
1801 2894 2041 2955 utquam

464 2986 702 3039 maxime
750 2982 968 3037 ﬁrmum
1016 2996 1081 3035 ac
1124 2981 1319 3036 stabile
1351 2991 1514 3043 esset,
1547 2993 1734 3032 curam
1769 2977 2037 3039 adhibuit,

467 3092 602 3131 neve
648 3076 1001 3145 corruptione
1035 3073 1233 3127 tentari
1270 3072 1427 3125 facile
1459 3078 1663 3139 posset,
1703 3068 1926 3139 perinde
1957 3076 2041 3121 at-

464 3182 572 3237 que
600 3166 791 3221 efﬁctis
837 3182 867 3220 a
899 3182 957 3221 se
1002 3166 1201 3219 statuis
1249 3163 1537 3216 consulere
1569 3160 1806 3213 artifices
1840 3160 2035 3214 solent.

465 3255 571 3322 Qui
602 3270 709 3308 non
745 3254 904 3308 modo
930 3253 1349 3309 simulacrorum
1384 3264 1610 3303 suorum
1646 3248 2037 3318 pulchritudini

464 3363 531 3402 ac
580 3346 763 3401 decori
815 3346 1059 3409 student,
1098 3350 1157 3396 ιιι
1187 3342 1385 3396 eximia
1416 3343 1597 3411 specie
1641 3355 1705 3395 ac
1753 3341 2039 3410 magnifica

464 3439 598 3500 sint,
624 3438 717 3490 sed
750 3436 911 3489 etiam
943 3433 1427 3498 immortalitatem,
1456 3431 1635 3501 quoad
1667 3440 1917 3501 possunt,
1942 3432 2040 3487 iis-

458 3529 587 3583 dem
620 3527 752 3596 ipsis
790 3525 1029 3580 tribuere
1062 3532 1356 3589 conantur,
1386 3530 1445 3575 ut
1471 3537 1633 3592 quam
1661 3522 2039 3592 longissimum

458 3618 520 3697 in
575 3624 791 3685 tempus
843 3615 1051 3685 integra
1119 3614 1452 3683 minimeque
1503 3613 1771 3667 dissoluta
1828 3627 2041 3682 perma-

465 3715 647 3762 neant.
686 3707 739 3759 Id
787 3705 931 3774 quod
975 3704 1224 3758 Phidiam
1270 3705 1411 3759 inter
1437 3712 1662 3759 caeteros
1698 3703 1896 3759 fecisse
1928 3721 2041 3761 me-

463 3805 700 3852 morant.
730 3796 828 3851 Hic
857 3797 1026 3861 enim,
1063 3811 1185 3851 cum
1213 3795 1479 3867 Olympici
1506 3794 1659 3852 Jovis
1685 3796 2039 3852 simulacrum

462 3890 713 3945 {iunxisset
765 3905 831 3944 ex
867 3888 1053 3955 ebore,
1084 3888 1261 3944 oleum
1300 3887 1369 3943 ad
1417 3888 1581 3957 pedes
1636 3896 1761 3943 ante
1805 3894 2040 3943 statuam

461 3982 623 4050 jussit
650 3980 874 4046 edundi,
906 3994 1016 4050 quo
1050 3978 1357 4033 immortale
1385 3977 1531 4033 illam
1566 3985 1829 4048 quantum
1858 3987 2041 4049 posset

457 4072 712 4129 efﬁceret.

528 4168 664 4219 («lum
696 4165 861 4234 igitur
900 4162 953 4216 in
988 4163 1057 4219 iis
1092 4162 1371 4231 operibus,
1406 4177 1528 4231 qtae
1567 4161 1818 4217 manibus
1850 4163 2036 4217 elabo-

460 4257 720 4315 raverint.
749 4253 993 4308 artifices
1036 4252 1143 4307 ista
1194 4252 1526 4317 moliantur;
1558 4266 1741 4308 nonne
1772 4261 2038 4323 prmstan-

459 4349 706 4403 tissimus
730 4346 819 4399 ille
842 4343 1023 4415 opifex
1057 4342 1223 4405 Deus,
1253 4343 1347 4413 qui
1377 4344 1460 4397 vel
1490 4360 1555 4398 ex
1588 4345 1758 4399 nihilo
1786 4360 2039 4414 procrea-

2143 1894 2201 1959 ἐξ
2222 1892 2392 1962 αὐτῆς
2410 1892 2509 1963 τῆς
2536 1892 2801 1945 ἀθανάτου
2828 1893 2920 1945 καὶ
2945 1891 3305 1961 διαφερούσης
3322 1888 3536 1951 οὐσίας.
3605 1890 3718 1940 ἐν-

2141 1985 2415 2052 cptiones
2426 1984 2536 2053 γὰρ
2556 1986 2587 2036 ὁ
2608 1982 2751 2048 Θεὸς
2770 1984 2857 2046 εὶς
2876 1982 2943 2035 τὸ
2972 1982 3293 2050 πρόσωπον
3312 1978 3496 2032 αὑτοῦ
3520 1978 3717 2043 πνοὴν

2142 2075 2318 2145 ζωῆς·
2358 2078 2455 2129 καὶ
2499 2076 2738 2146 ἐγένετο
2782 2075 3109 2143 ἄνθρωπος,
3133 2077 3220 2141 είς
3258 2076 3471 2143 ψυχὴν
3499 2071 3715 2132 ζῶσαν.

2141 2166 2253 2219 Καὶ
2272 2168 2390 2229 τοῖς
2417 2166 2515 2236 μὲν
2540 2166 2811 2219 δουλεύειν
2854 2167 2948 2219 καὶ
2980 2164 3243 2237 ἄρχεσθαι
3270 2165 3610 2235 προσετάγη,
3640 2161 3719 2230 τῷ

2129 2256 2196 2308 et
2230 2257 2421 2327 ἄρχειν
2456 2258 2553 2309 καὶ
2588 2256 2887 2320 δεσπόζειν.
2916 2256 3026 2309 Καὶ
3050 2257 3161 2318 τοῖς
3198 2254 3296 2325 μὲν
3332 2253 3567 2325 διάφορα
3590 2254 3719 2323 σχή-

2146 2366 2289 2419 ματα
2320 2349 2531 2417 φύσεων
2573 2348 2822 2414 δίδονται,
2857 2350 2959 2400 καὶ
3007 2346 3230 2417 μορφαὶ,
3278 2345 3483 2407 ὁπόσας
3517 2346 3553 2413 ἡ
3598 2362 3718 2397 στε-

2130 2440 2363 2510 ρέμνιος
2395 2440 2489 2491 καὶ
2518 2439 2686 2510 ὁρατὴ
2737 2437 2898 2505 φύσις
2928 2435 3237 2497 κελεύοντος
3274 2433 3368 2487 τοῦ
3402 2432 3539 2485 Θεοῦ
3568 2432 3718 2499 ἐγέν-

2142 2547 2293 2599 νησε,
2325 2528 2402 2598 τῷ
2431 2529 2484 2580 δὲ
2516 2527 2743 2591 θεοειδὲς
2782 2529 2875 2581 καὶ
2909 2525 3226 2589 θεοείκελον,
3253 2525 3346 2578 καὶ
3376 2526 3553 2578 πάντα
3587 2522 3720 2595 πρὶς

2143 2622 2354 2692 ἐκείνην
2376 2620 2836 2693 ἀπηκριϐωμένον
2872 2620 2971 2689 τὴν
3002 2619 3354 2691 πρωτότυπον
3381 2616 3474 2669 τοῦ
3502 2616 3720 2686 Πατρὶς

2143 2716 2236 2767 καὶ
2286 2714 2547 2785 μονογενῆ
2597 2713 2795 2767 εἰκόνα·
2856 2713 3141 2781 Ἐποίησε
3195 2714 3304 2780 γὰρ
3342 2713 3374 2764 ὀ
3420 2709 3567 2775 Θεὸς
3614 2708 3720 2761 τὸν

2143 2805 2484 2874 ἄνθρωπον*
2522 2806 2649 2861 κατ’
2672 2803 2879 2861 εἰκόνα
2904 2804 3052 2858 Θεοῦ
3073 2804 3363 2868 ἐποίησεν
3384 2801 3593 2855 αὐτόν.
3627 2798 3719 2851 an

2143 2895 2239 2951 καὶ
2284 2893 2548 2965 ἐμέλησεν
2609 2892 2756 2964 αὑτῷ
2803 2894 2900 2964 τῆς
2956 2892 3050 2946 τοῦ
3098 2892 3356 2962 σφετέρου
3404 2890 3719 2960 ἀγάλματος

2142 2988 2418 3058 διαμονῆς,
2451 2986 2543 3040 ἳνα
2584 2986 2658 3057 μὴ
2687 2985 2953 3039 εὐάλωτον
3050 2984 3188 3056 πρὸς
3219 2982 3513 3053 διαφθοράν
3533 2999 3547 3011 ·
3582 2982 3717 3035 καθ-

2146 3081 2288 3153 άπερ
2313 3081 2406 3133 καὶ
2449 3080 2557 3133 τῶν
2598 3079 2934 3150 ἀνδριάντων
2962 3080 3071 3140 τοῖς
3112 3077 3479 3147 δημιουργοῖς.
3505 3075 3580 3127 Οὐ
3610 3074 3717 3143 γὰρ

2146 3172 2303 3244 μόνον
2336 3172 2565 3234 κάλλους
2611 3170 2718 3223 τῶν
2765 3170 3093 3240 ἀγαλμάτων
3122 3169 3306 3226 αὐτοῖς
3349 3168 3441 3220 καὶ
3480 3167 3583 3236 τῆς
3624 3166 3715 3217 εὗ-

2142 3264 2406 3337 πρεπείας
2448 3262 2625 3316 αὐτῶν
2680 3261 3084 3331 πεφρόντισται,
3119 3260 3267 3322 ὅπως
3314 3253 3413 3311 ὦσι
3457 3256 3715 3327 περικαλ-

2141 3357 2252 3420 λεῖς
2297 3357 2331 3427 ἢ
2371 3356 2826 3426 μεγαλοπρεπεῖς,
2863 3353 2997 3407 ἀλλά
3038 3352 3131 3406 καὶ
3159 3352 3258 3421 τῆς
3289 3354 3369 3413 είς
3403 3351 3463 3404 τὸ
3492 3350 3715 3401 δυνατὸν

2145 3448 2325 3516 σφίσιν
2358 3447 2543 3508 αὐτοῖς
2580 3445 2879 3507 ἀθανασίας
2906 3444 3014 3497 τῶν
3049 3442 3541 3514 δημιουργημάτων
3579 3441 3719 3510 1:96-

2142 3551 2290 3587 νοιαν
2320 3534 2609 3597 ποιεῖσθαι,
2642 3535 2720 3597 εἰς
2752 3533 2841 3585 τὸν
2889 3533 3208 3603 μακραίωνα
3239 3532 3425 3601 χρόνον
3457 3530 3717 3592 διασώζει

2145 3625 2265 3677 σθαι
2304 3626 2377 3696 μὴ
2410 3625 2663 3695 λυόμενα,
2705 3624 2955 3694 καθάπερ
2994 3625 3087 3677 καὶ
3128 3624 3359 3687 ⁴Ιιειδίας.
3387 3616 3715 3691 Οὗτος’γάρ,

2145 3718 2284 3789 μετά
2313 3718 2374 3771 τὸ
2423 3717 2829 3771 κατασκευάσαι
2854 3717 2916 3769 τὸ
2960 3718 3179 3770 Πισαῖον
3223 3718 3433 3771 εἴδωλον
3484 3714 3569 3782 (ἐξ
3606 3714 3716 3767 us-

2143 3809 2411 3879 φαντοςνδὲ
2432 3809 2589 3863 τοῦτο
2615 3805 2730 3880 ἦν),
2752 3809 2928 3864 ἔλαιον
2949 3808 3222 3878 ἐκκεῖσθαι
3253 3807 3577 3879 προσέταξεν
3600 3807 3713 3876 (5-1)

2141 3899 2284 3970 ἀμφὶ
2304 3902 2430 3964 τοὺς
2449 3901 2615 3964 πόδας
2641 3900 2951 3972 ἔμπροσθεν
2974 3899 3068 3953 τοῦ
3094 3899 3421 3969 ἀγάλματος,
3447 3897 3713 3952 ἀθάνατον

2142 3993 2223 4054 είς
2250 3991 2477 4063 δύναμιν
2510 3992 2800 4063 φυλάσσειν
2835 3992 2855 4020 ⁸
2882 3990 3033 4043 αὑτό.

2211 4161 2322 4216 Kal.
2354 4161 2532 4216 τοίνυν
2565 4165 2613 4216 εἰ
2642 4163 2751 4216 τῶν
2775 4166 3148 4235 χειροτμήτων
3168 4164 3339 4228 οὕτως
3368 4164 3713 4237 δημιουργοὶ,

2140 4256 2168 4306 ὁ
2198 4252 2332 4317 Θεὸς
2357 4254 2385 4305 ὁ
2409 4253 2810 4324 ἀριστοτέχνας,
2851 4256 2911 4319 ὃς
2939 4256 3115 4308 πάντα
3151 4254 3368 4309 δύναται
3402 4258 3492 4308 καὶ
3523 4258 3583 4322 ἐξ
3612 4259 3711 4310 οὖν

2139 4344 2308 4397 ὄντων
2333 4347 2528 4409 ποιεῖν,
2568 4346 2629 4398 οὐ
2668 4345 2867 4416 μᾶλλον
2893 4347 2955 4400 τὸ
2998 4348 3217 4417 ἄγαλμα
3244 4347 3305 4399 τὸ
3345 4347 3562 4415 λογικὸν
3588 4350 3699 4400 tau

459 4459 519 4498 re
551 4449 725 4512 potest
758 4438 965 4504 omnia,
996 4452 1150 4493 suam
1182 4436 1329 4489 illam
1359 4438 1572 4492 ratione
1614 4437 1894 4506 praeditam
1926 4438 2037 4492 etii-

2145 4436 2232 4489 τοῦ
2258 4437 2346 4491 τὸν
2392 4437 2669 4509 ἄνθρωπον
2698 4438 3000 4512 ἀνώλεθρον
3039 4440 3133 4493 καὶ⁸
3173 4438 3434 4492 ἀθάνατον
3480 4435 3620 4491 εἶναι
3650 4439 3710 4491 τὸ

457 4533 618 4603 giem,
647 4530 901 4585 videlicet
925 4528 1225 4590 hominem,
1253 4526 1428 4579 multo
1457 4527 1630 4596 magis
1655 4528 2038 4597 sempiternam

2145 4530 2400 4601 παράπαν
2433 4530 2491 4594 ἐξ
2517 4532 2733 4603 ἀπάσης
2762 4532 3007 4602 ἀνάγκης
3031 4534 3429 4602 ἐμηχανήσατο,
3451 4530 3569 4583 ἀλλ’
3594 4533 3707 4585 εἶα-

456 4633 509 4680 et
561 4622 926 4679 immortalem
978 4618 1193 4689 penitus
1244 4618 1671 4688 necessarioque
1716 4618 2038 4675 fabricavit?

2145 4637 2229 4672 σεν
2264 4620 2435 4683 οὕτως
2466 4622 2768 4691 ἀτιμότατα
2820 4623 3079 4693 λυόμενον
3126 4622 3330 4694 ὀλέθρῳ
3374 4622 3707 4693 παραδοῦναι

456 4717 539 4769 An
588 4717 771 4785 potius
818 4711 1183 4783 ignominiose
1213 4710 1350 4765 adeo
1397 4710 1721 4765 dissolutam
1763 4711 2037 4780 corrumpi

2145 4710 2229 4762 καὶ
2252 4710 2444 4782 φθορᾷ,
2476 4710 2882 4783 ὃδιαφερόντως
2905 4714 3101 4783 ἠξίωσε
3127 4717 3244 4778 ταῖς
3270 4714 3461 4767 ἑαυτοῦ
3482 4715 3707 4785 ποιῆσαι

456 4815 508 4862 et
550 4807 776 4862 interire
826 4803 1121 4874 permisit?
1156 4802 1331 4872 Atque
1363 4816 1480 4856 eam
1534 4802 1751 4869 quidem
1784 4799 2033 4871 effigiem,

2145 4800 2311 4871 χερσὶ,
2362 4802 2480 4855 κατ’
2532 4802 2713 4856 εἰκόνα
2763 4805 3173 4874 μορφοποιήσας
3234 4806 3384 4872 αὐτὸ,
3444 4806 3539 4859 καὶ
3590 4808 3706 4860 καθ’

455 4912 618 4966 quam
663 4897 918 4950 manibus
969 4893 1243 4964 perpolire
1307 4891 1423 4946 suis
1481 4891 1740 4961 singulari
1796 4892 2028 4960 quadam

2145 4892 2390 4963 bpoiwa'tv
2412 4894 2509 4964 τὴν
2543 4894 2757 4959 ἑαυτοῦ,
2787 4896 2879 4948 τὸν
2913 4897 3113 4968 κόσμον
3143 4898 3235 4951 τοῦ
3282 4898 3502 4969 κόσμου,
3541 4900 3614 4952 δι’
3650 4896 3705 4953 οὗ

457 4988 665 5041 ratione
694 4988 951 5055 dignatus
994 4993 1099 5049 est,
1134 4998 1295 5053 quam
1332 4982 1400 5036 ad
1440 4982 1728 5050 imaginem
1775 4997 1927 5036 suam
1967 4996 2031 5036 ac

2145 4984 2339 5052 κόσμος
2382 4986 2633 5052 ὲγένετο;
2680 4987 2792 5040 Οὐκ
2828 4986 2974 5040 ἔστιν
3020 4989 3212 5041 εἰπεῖν.
3260 4990 3448 5061 ’Δπῄει
3485 4992 3601 5062 γὰρ
3638 4998 3706 5046 si;

454 5078 887 5141 similitudinem,
928 5078 1075 5131 velut
1114 5075 1301 5128 mundi
1349 5074 1578 5128 alterum
1632 5072 1895 5126 mundum
1934 5089 2030 5127 ex-

2145 5074 2446 5147 ἀφροσύνην
2472 5077 2780 5148 ἐπαρθέντα
2816 5078 3081 5148 φρονῆσαι
3112 5079 3288 5132 τοῦτο.

456 5170 697 5239 pressit:
733 5167 891 5237 cujus
937 5166 1174 5236 denique
1218 5179 1384 5221 causa
1431 5163 1669 5219 mundus
1711 5174 1795 5219 est
1829 5164 2024 5220 factus.
2067 5164 2182 5220 Dici
2212 5167 2359 5222 istud
2393 5170 2617 5225 omnino
2647 5185 2755 5225 non
2786 5177 2987 5240 potest.
3024 5168 3279 5226 Proxime
3327 5172 3472 5227 enim
3515 5175 3587 5227 ad
3632 5176 3703 5227 in-

454 5264 663 5321 saniam
700 5262 1006 5329 accederet,
1034 5279 1071 5332 (ι
1112 5263 1129 5315 i
1162 5262 1214 5317 id
1244 5277 1384 5317 vana
1411 5261 1671 5330 opinione
1700 5260 1920 5315 inflatus
1952 5261 2178 5317 auderet
2207 5278 2472 5319 asserere.

524 5420 539 5451 ¹
564 5419 698 5475 Gen.
742 5434 782 5483 ι,
809 5416 901 5473 24.
1012 5420 1035 5449 ²
1064 5418 1193 5472 ibid.
1232 5418 1318 5475 14.
1414 5418 1434 5449 ³
1458 5416 1590 5474 ibid.
1616 5417 1705 5471 26.

453 5490 471 5524 ⁸
506 5489 565 5544 F.
603 5490 912 5557 φυλάσσων.

1012 5420 1035 5449 ²
1064 5418 1193 5472 ibid.
1232 5418 1318 5475 M.
1414 5418 1434 5449 ’
1458 5416 1590 5474 ibid.
1616 5417 1705 5471 ‘26.
1827 5416 1846 5448 ’⁵
1868 5414 2003 5473 Gen.

2145 5420 2187 5474 7.
2298 5422 2566 5479 “ibidem.
2676 5423 2861 5481 “Gen.
2903 5425 3054 5491 1,27.
3129 5425 3309 5481 ’Cor.
3372 5427 3684 5497 ὲψυχεῖεθαι

2132 5606 2298 5659 cando
2326 5622 2357 5658 a
2388 5608 2529 5660 carie
2565 5608 2695 5661 utile
2731 5623 2862 5662 esse.
2920 5606 3071 5663 Certe
3098 5613 3449 5665 simulacrum
3486 5606 3692 5664 Saturn:

520 5606 630 5675 (54)
673 5607 916 5662 Ἕλαισν
934 5603 1239 5675 ἃκχεῗσθρι
1266 5604 1657 5672 προσέταξεν.
1691 5603 1902 5661 ΡΊὶῐιῐιιε
1925 5606 2018 5661 lib.

2126 5676 2305 5731 Romw
2333 5678 2473 5731 intus
2508 5677 2619 5732 oleo
2660 5679 2910 5747 repletum
2938 5690 3035 5733 est.

453 5673 538 5735 εν.
572 5673 695 5739 cap,
740 5677 827 5743 I7,
858 5675 927 5731 de
956 5675 1110 5732 oleo:
1155 5673 1512 5728 Existimatur
1558 5684 1608 5728 et
1639 5676 1809 5729 oleum
1850 5676 2019 5731 vindi-
