3822 6302
120 341 260 398 “Ol

780 341 1152 394 ADV’EKSUS
1187 344 1534 398 HASRESES
1571 344 1693 398 LIB.

1850 343 2018 402 TUM.
2057 347 2100 402 l.
2140 369 2210 388 -νι
2245 348 2521 404 ΙΙΕΒΕΒ.
2563 350 2745 408 LXIV.

3257 357 3396 414 “03

188 462 298 517 ιον.
345 461 487 516 Ἀλλ’
523 461 654 526 ἴσως
680 462 756 533 μὴ
793 462 1190 533 ἐπιστήσαντες
1221 465 1449 531 ἑαυτοὺς
1482 468 1619 539 πρὸς
1643 469 1693 523 τέ

1883 469 2027 525 ΧΙΧ.
2069 471 2175 527 Sed
2204 487 2324 542 quae
2350 472 2616 530 hactenus
2647 475 2925 547 proposita
2959 484 3110 543 sunt,
3141 493 3176 533 o
3204 479 3403 550 Aglaoo

114 555 395 626 λεχθέντα,
425 548 472 608 ὦ
515 553 850 624 Ἀγλαοφῶν,
880 554 1062 620 λέξετε
1083 572 1096 584 ·
1125 557 1236 609 Kal.
1270 557 1405 623 πῶς,
1437 561 1486 611 εἰ
1520 559 1721 615 ἀθάνα-

113 664 212 701 τον
242 643 316 719 ἦν
348 649 412 701 ἐκ
458 647 728 716 γενέσεως
764 647 888 700 καθ’
920 647 1067 718 ὑμᾶς
1107 647 1170 700 τὸ
1215 646 1374 715 ζῶον,
1427 652 1718 723 γεγένηται

113 741 342 811 θνητὸν,
397 740 558 794 ὁπότε
593 739 656 792 τὸ
700 739 972 794 ἀθάνατον
1011 741 1446 814 άμεταστρὸφως
1497 745 1656 798 τοῦτο
1690 746 1719 799 ὅ

113 833 269 884 ἐστιν
324 825 465 883 εἶναι
509 829 634 901 χρὴ,
677 829 752 901 μὴ
802 830 1164 900 μεταπίπτον,
1210 832 1244 902 ἦ
1297 831 1716 905 ἐξανιστάμενον

112 923 198 985 εἰς
232 921 336 992 τὴν
374 919 621 991 αἰσχίονα
655 920 748 973 καὶ
774 919 974 992 θνητὴν
1003 919 1200 990 φύσινς
1249 921 1552 993 Ἀμήχανον
1584 925 1714 996 γὰρ,

112 1013 244 1066 ἐπεὶ
288 1013 393 1066 οὐκ
431 1011 580 1066 ἐστιν
621 1011 907 1066 ἀθάνατον.
956 1011 1199 1083 Ἐπειδὴ,
1228 1011 1390 1078 λέξω,
1424 1014 1716 1086 γενόμενον

111 1105 469 1170 αὐτεξούσιον
501 1103 638 1176 πρὸς
675 1105 776 1176 τὴν
804 1104 1016 1176 αἵρεσιν
1056 1103 1149 1157 τοῦ
1177 1103 1368 1170 καλοῦ,
1396 1106 1490 1160 καὶ
1527 1106 1716 1164 τοῦτον

109 1198 208 1253 τὸν
235 1196 441 1268 θεσμὸν
489 1195 728 1269 εἰληφὼς
757 1198 787 1249 6
836 1196 1129 1268 μισόκαλος
1171 1197 1401 1262 ἐπιστὰς
1445 1199 1714 1254 ὲὸάσκανε

109 1289 332 1358 φθόνος.
352 1289 411 1343 Ὁ
435 1288 545 1359 γὰρ
566 1287 699 1352 Θεὸς
718 1287 902 1342 ¹ἔκτισε
933 1289 1025 1342 τὸν
1054 1290 1340 1361 ἄνθρωπον
1365 1291 1460 1345 ἐπὶ
1502 1291 1709 1363 ἀφθαρ-

113 1381 231 1453 σίᾳ,
268 1381 365 1434 καὶ
393 1379 702 1450 εἰκόναέτῆς
731 1379 864 1442 ιδίας
907 1380 1211 1452 ἀϊδιότητος
1247 1381 1499 1454 ἐποίησεν
1528 1384 1709 1437 αὐτόν.

111 1473 227 1526 Kal
259 1473 374 1542 γὰρ
400 1474 433 1526 ό
460 1471 605 1536 Θεὸς
629 1465 890 1525 θάνατον
918 1473 1030 1525 οὐκ
1062 1472 1372 1541 ἐποίησεν,
1404 1472 1548 1528 οὐδὲ
1588 1474 1714 1542 τέρ-

111 1575 294 1620 πεται
328 1567 420 1619 ἐπ’
467 1565 735 1632 ἀπωλείᾳ
779 1563 1027 1626 ζώντων.
1076 1566 1280 1633 Φθόνῳ
1319 1567 1386 1620 δὲ
1427 1568 1712 1623 διαϐόλου

111 1654 376 1719 θάνατος
403 1653 694 1721 εἰσῆλθεν
714 1655 802 1719 εἰς
833 1654 942 1708 τὸν
972 1655 1208 1725 κόσμον
1226 1672 1241 1686 ο
1274 1656 1526 1730 καθάπερ
1560 1659 1650 1713 καὶ
1677 1662 1711 1732 ἡ

113 1748 289 1818 Σοφία
318 1748 643 1819 Σαλομῶνος
665 1747 781 1818 (55)
820 1752 1103 1820 μαρτυρεῖ.
1141 1751 1251 1804 Καὶ
1283 1751 1450 1806 πόθεν
1478 1755 1507 1806 6
1545 1751 1708 1807 θάνα-

1820 559 1988 630 phon,
2021 562 2204 617 minus
2235 572 2443 617 attento
2492 563 2726 619 forsitan
2757 564 2940 620 animo
2983 566 3403 626 considerantes

1817 652 2056 721 objicere
2084 653 2189 709 ista
2222 654 2476 724 poteritis
2510 673 2524 709 :
2549 655 2608 712 Si
2637 655 2944 712 immortale
2974 657 3280 739 abierigine
3301 676 3402 716 sua

1818 745 2021 800 animal
2072 745 2206 800 illud
2258 746 2554 810 exstiterit,
2585 748 2679 818 qui
2724 748 2945 804 tandem
2997 751 3224 807 mortale
3277 769 3404 810 esse

1781 825 1789 832 ’
1817 835 2029 904 potuit;
2065 851 2190 890 cum
2224 836 2492 907 quidquid
2526 847 2611 893 est
2645 838 2974 905 immortale,
3013 841 3116 896 hoc
3146 843 3291 912 quod
3318 853 3404 900 est

1817 927 1997 997 ipsum
2046 936 2312 998 perpetuo
2345 945 2468 986 esse
2497 929 2712 994 debeat,
2752 947 2852 1014 nec
2888 933 2941 987 in
2973 934 3222 992 viliorem
3253 952 3403 991 rnor-

1819 1021 2090 1092 talemque
2117 1031 2368 1077 naturam
2395 1023 2780 1095 degenerando
2803 1034 3048 1082 transeat
3065 1029 3086 1082 ?
3103 1027 3262 1101 543
3293 1030 3403 1086 lloc

1815 1112 1963 1166 enim
2013 1112 2130 1168 fieri
2177 1109 2388 1185 nequit,
2431 1116 2637 1186 alioqui
2693 1118 3002 1174 immortale
3054 1135 3161 1174 non
3216 1121 3400 1176 fuerit.

1814 1201 1923 1257 Sed
1954 1217 2054 1273 ego
2083 1203 2181 1258 tibi
2215 1220 2437 1261 causam
2470 1207 2550 1261 rei
2592 1207 2757 1277 hujus
2794 1212 3056 1279 aperiam.
3083 1211 3218 1266 Cum
3253 1214 3400 1268 enim

1815 1293 1891 1348 ad
1917 1294 2045 1349 boni
2082 1297 2350 1352 delectum
2389 1298 2604 1353 arbitrii
2632 1299 2881 1356 libertate
2903 1311 3049 1358 esset
3073 1304 3399 1371 instructus,

1815 1400 1879 1440 ac
1926 1387 2100 1458 legem
2143 1389 2294 1443 illam
2340 1385 2672 1462 accepisset,
2704 1393 2940 1462 pessima
2973 1410 3097 1450 eum
3141 1412 3399 1467 superve-

1817 1477 1972 1533 niens
2018 1478 2367 1535 labefactavit
2420 1482 2644 1538 invidia.
2686 1485 2964 1556 Siquidem
3019 1487 3163 1544 Deus
3199 1506 3396 1544 corru—

1816 1570 2004 1639 ptione
2029 1581 2310 1627 carentem
2340 1574 2616 1631 hominem
2647 1579 2874 1643 creavit,
2904 1587 2959 1636 ct
2986 1582 3051 1636 ad
3077 1584 3400 1639 aeternitatis

1815 1676 1928 1716 sua:
1968 1663 2226 1732 produxit
2260 1665 2548 1737 imaginem
2574 1687 2586 1722 :
2617 1668 2757 1724 Deus
2781 1673 2916 1725 cnim
2951 1684 3169 1728 mortem
3201 1693 3302 1730 non
3319 1677 3397 1746 [e-

1815 1754 1908 1814 cit,
1938 1770 2029 1807 nec
2060 1755 2353 1809 delectatur
2401 1759 2454 1810 in
2498 1760 2792 1826 perditione
2842 1763 3139 1819 uiuentium.
3186 1765 3398 1823 Invidia

109 1857 225 1904 τος.
271 1840 431 1904 πάλιν
462 1840 527 1912 δὴ
553 1840 807 1909 λέγεσθαι
831 1841 1067 1914 ἀνάγκη,
1093 1843 1141 1895 εἰ
1165 1843 1239 1915 μὴ
1273 1844 1501 1899 θάνατον
1527 1847 1693 1916 ἐποίη-

1811 1857 1927 1896 vero
1958 1843 2160 1898 diaboli
2194 1862 2334 1900 ntors
2366 1848 2582 1902 intravit
2619 1851 2673 1903 in
2703 1851 2980 1918 mundum,
3017 1863 3073 1909 ut
3113 1872 3210 1926 per
3243 1857 3398 1914 Salo-

112 1947 208 1984 σεν
231 1935 264 1983 6
299 1930 454 1996 Θεὸς,
473 1934 520 1984 εἰ
551 1931 660 1986 ἀπὸ
685 1932 779 1985 τοῦ
812 1931 1032 2001 φθόνου,
1055 1935 1150 1988 καὶ
1176 1927 1294 1999 πῶς
1330 1938 1358 1989 6
1390 1936 1584 2006 φθόνος
1611 1937 1710 2006 τῆς

113 2023 427 2095 βουλήσεως
455 2023 654 2096 μᾶλλον
681 2025 869 2095 ἴσχυσε
907 2025 1000 2080 τοῦ
1025 2025 1181 2081 Θεοῦ.
1200 2027 1360 2081 Ἀλλὰ
1400 2027 1558 2082 τοῦτο
1581 2029 1641 2082 δύ
1651 2047 1710 2082 σ-

112 2133 300 2186 φημον
337 2113 601 2186 λέξωμεν.
666 2115 837 2170 Πόθεν
866 2117 895 2169 6
922 2117 1150 2186 φθόνος;
1185 2119 1214 2172 6
1239 2117 1534 2187 ἀντιλέγων
1570 2119 1709 2189 ἐρεῖ.

113 2209 177 2261 Εἰ
201 2207 315 2278 γὰρ
336 2206 448 2262 ἀπὸ
475 2205 569 2260 τοῦ
590 2207 860 2275 διαϐόλου,
885 2210 979 2262 nati.
1003 2207 1090 2263 διὰ
1115 2209 1168 2262 τί
1198 2209 1442 2274 διάόολος
1469 2209 1708 2279 ἐγένετο,

114 2305 161 2355 εἰ
195 2301 420 2370 ἐγένετο
439 2317 456 2367 ;

1809 1951 2023 1992 monem
2056 1937 2332 2009 Sapientia
2358 1946 2646 1998 testatur”.
2685 1943 2788 1999 Sed
2820 1947 3088 2003 undenam
3119 1966 3268 2008 mors
3291 1968 3387 2008 ex-

1808 2028 2011 2082 atiterit
2060 2030 2414 2098 repetendum
2465 2036 2779 2090 necessario
2825 2039 2984 2094 nobis
3029 2049 3135 2104 est,
3169 2046 3212 2098 si
3254 2043 3395 2102 Deus

1807 2121 1955 2175 illam
1985 2135 2092 2175 non
2122 2121 2353 2189 fecerit;
2385 2141 2511 2179 nam
2540 2127 2585 2181 si
2620 2129 2688 2181 ab
2716 2130 2917 2184 invidia
2969 2133 3268 2203 profectam
3313 2138 3396 2192 di-

1808 2211 1976 2279 xeris,
2022 2213 2299 2282 quomodo
2350 2217 2569 2294 tandem
2623 2217 2825 2274 invidia
2877 2221 3059 2279 divina
3118 2229 3396 2287 voluntate

1808 2305 1931 2375 plus
1971 2305 2178 2360 valuit?
2211 2307 2317 2361 Sed
2353 2308 2455 2362 hoc
2491 2311 2639 2364 dictu
2677 2312 2867 2369 infelix
2900 2317 3396 2392 detestandumque

112 2394 370 2449 dicamus
405 2409 418 2446 :
454 2389 726 2446 undenam
762 2390 963 2448 invidia
996 2392 1238 2465 profecta
1261 2395 1332 2450 sit
1359 2395 1704 2452 adversarius
1743 2396 1955 2467 quaerit.
1990 2393 2126 2451 Nam
2179 2397 2226 2453 si
2271 2413 2302 2452 a
2339 2399 2557 2455 diabolo
2588 2406 2943 2474 respondeas,
3004 2426 3104 2466 cur
3170 2389 3394 2472 omnino

112 2486 373 2546 diabolus
391 2486 631 2550 exstitit,
658 2484 702 2539 si
727 2488 1025 2556 productus
1051 2495 1136 2544 est
1165 2488 1496 2560 aliquando?

175 2577 225 2628 K
237 2583 270 2631 '.
286 2579 399 2631 Kal.
420 2579 449 2632 6
466 2579 701 2650 ποιήσας
717 2579 883 2632 αὐτόν
894 2580 1042 2634 ἐστιν
1059 2579 1230 2645 αἴτιος
1244 2580 1339 2634 τοῦ
1358 2578 1498 2638 εἶναι
1515 2583 1704 2638 κακόν.

1875 2575 1996 2636 XX.
2019 2578 2098 2635 Ac
2119 2579 2366 2650 profecto
2384 2581 2477 2653 qui
2497 2583 2645 2638 illum
2661 2587 2908 2644 condidit
2929 2601 3122 2650 auctor
3145 2601 3271 2655 mali
3297 2603 3394 2676 de-

122 2669 288 2723 Ἀλλὰ
318 2668 563 2734 ἀναίτιος
589 2671 768 2742 πάντη
801 2672 990 2726 κακῶν
1023 2675 1170 2727 ἐστιν
1193 2677 1220 2727 6
1248 2674 1412 2739 Θεός’
1445 2676 1693 2747 ἀγένητος

1811 2669 1896 2725 bet
1925 2670 2116 2726 videri.
2147 2672 2311 2742 Atqui
2341 2676 2608 2730 malorum
2640 2692 2806 2736 causa
2838 2680 2980 2740 Deus
3004 2702 3125 2744 esse
3154 2707 3262 2748 non
3288 2671 3389 2766 po-

113 2763 222 2834 ἄρα
261 2761 582 2828 ὸδιάδολος.
613 2764 726 2818 Kal.
774 2765 821 2817 et
867 2764 1148 2835 ἀγένητος,
1184 2767 1279 2820 καὶ¹
1332 2767 1568 2840 ἀπαθὴς,
1616 2769 1693 2822 κα¹

1811 2768 1945 2817 test:
1980 2777 2155 2832 quare
2174 2765 2241 2818 ab
2267 2765 2420 2819 nullo
2441 2767 2741 2835 productus
2761 2781 2845 2826 est
2869 2773 3140 2835 diabolus.
3161 2761 3313 2848 Quod
3344 2787 3392 2842 si

112 2854 446 2926 ἀνώλεθρος,
472 2857 567 2909 καὶ
599 2856 872 2928 ἁνενδεής.
905 2855 995 2929 Τῷ
1016 2859 1126 2931 γὰρ
1163 2859 1414 2931 ἀγενήτῳ
1446 2859 1504 2924 ἐξ
1542 2860 1693 2929 ἀνάγ-

1811 2853 1884 2908 ita
1914 2864 2018 2920 est,
2046 2871 2222 2925 neque
2257 2857 2368 2927 pati
2399 2858 2697 2930 quidquam
2729 2875 2931 2934 potest,
2960 2878 3014 2923 et
3035 2875 3186 2928 exitii
3217 2893 3388 2946 penu-

111 2961 216 3015 κης
263 2945 486 3016 ἀπάσης
535 2945 708 3001 ταῦτα
755 2947 1022 3022 ὑπάρχειν
1066 2950 1194 3021 χρή.
1251 2950 1310 3004 Ὀ
1357 2951 1413 3004 δὲ
1460 2950 1693 3014 διάϐολος

1811 2945 2015 3014 riaeque
2038 2953 2122 3000 est
2141 2945 2318 3002 omnis
2335 2964 2552 3018 expers.
2572 2949 2704 3006 Nam
2725 2956 2867 3024 quod
2887 2974 3165 3030 nunquam
3183 2945 3390 3036 proda-

109 3039 499 3108 καταργεῖται,
533 3039 625 3091 καὶ
666 3037 975 3102 κολάζεται.
1010 3040 1084 3092 Τὸ
1116 3041 1174 3093 δὲ
1204 3041 1565 3113 κολαζόμενον
1595 3045 1693 3114 ἄρα

1811 3041 1958 3090 ctum
2014 3045 2120 3105 est,
2169 3038 2296 3093 huic
2341 3039 2524 3095 inesse
2564 3042 2680 3096 haec
2719 3048 2900 3102 omnia
2943 3067 3296 3115 necessecsi.
3323 3063 3390 3117 Αι

107 3128 445 3193 ἀλλοιοῦται,
499 3129 595 3183 καὶ
649 3128 870 3200 πάσχει.
911 3130 1144 3195 ’Δπαθὲς
1195 3132 1253 3185 δὲ
1306 3133 1367 3185 τὸ
1409 3133 1675 3205 ἀγένητον

1811 3127 2011 3182 diaboli
2043 3137 2275 3185 conatus
2306 3131 2359 3184 in
2393 3132 2623 3188 nihilum
2671 3138 2955 3208 redigitur,
2997 3145 3247 3220 idemque
3293 3171 3382 3223 pu-

105 3223 210 3276 οὐκ
264 3221 376 3295 ἄρα
405 3221 688 3293 ἀγένητος,
736 3220 872 3275 ἀλλὰ
915 3223 1141 3293 γενητὸς
1182 3224 1210 3277 6
1242 3223 1522 3288 διάϐολος·
1550 3228 1598 3278 εἰ
1645 3227 1693 3279 δὲ

1811 3219 1981 3273 nitur.
2025 3220 2181 3286 Quod
2240 3232 2418 3278 autem
2470 3226 2715 3296 punitur,
2751 3242 3009 3298 mutatur
3049 3255 3113 3294 ac
3159 3219 3388 3312 patitur.

107 3315 364 3387 γενητὸς,
398 3316 492 3368 καὶ
535 3317 644 3369 πᾶν
680 3316 742 3369 τὸ
771 3316 1138 3388 γεγενημένον
1183 3316 1291 3370 ἀπό
1336 3335 1481 3382 τινος
1533 3320 1708 3391 ἀρχῆς

104 3407 358 3477 ἐγένετο,
389 3407 483 3460 καὶ
521 3406 670 3471 ἐστιν
698 3406 864 3460 αὐτοῦ
903 3407 1237 3480 δημιουργὸς
1277 3409 1373 3462 καὶ
1405 3409 1498 3462 τοῦ
1528 3409 1707 3463 διαϐό-

103 3499 226 3552 λου.
263 3497 376 3551 Ka‘t
407 3496 636 3569 πότερον
681 3495 935 3560 κάκεῖνος
967 3496 1228 3568 ἀγένητός
1271 3498 1440 3559 ἐστιν,
1481 3497 1514 3567 ἢ
1548 3514 1708 3570 γενη-

103 3595 242 3656 τός;
284 3589 449 3644 Ἀλλὰ
480 3590 544 3643 τὸ
568 3589 834 3661 ἀγένητον
855 3585 994 3642 εἶναι
1029 3588 1188 3659 μόνον
1221 3588 1461 3642 νοεῖσθαι
1482 3591 1588 3663 χρὴ
1615 3591 1705 3644 τὸν

102 3684 277 3738 Θεόν’
311 3681 434 3735 οὐδὲ
457 3681 566 3753 γὰρ
600 3677 738 3735 εἶναι
770 3681 832 3734 τὸ
859 3679 1075 3736 σύνολον
1107 3680 1217 3752 (56)
1245 3680 1380 3745 ὅλως
1410 3683 1475 3736 ἐκ
1504 3683 1706 3748 παντὸς

103 3778 190 3838 εἰς
220 3773 285 3826 τὸ
310 3771 572 3844 παράπαν
592 3771 778 3842 ἕτερος
805 3770 1134 3842 δημιουργὸς
1158 3770 1298 3843 πλὴν
1323 3771 1490 3825 αὐτοῦ
1512 3789 1526 3803 ’
1559 3773 1706 3841 Ἐγὼ

104 3863 371 3936 πρῶτος,
411 3862 510 3917 καὶ
530 3861 647 3931 ἐγὼ
671 3861 822 3931 μετὰ
849 3861 1056 3925 ταῦτα,
1092 3862 1191 3914 καὶ
1223 3861 1392 3930 πλὴν
1423 3861 1568 3932 ἐμοῦ
1597 3863 1706 3916 ἄλ-

105 3963 224 4024 λος
252 3957 368 4010 οὐκ
403 3955 539 4009 ἐστι
569 3953 733 4020 Θεός.
775 3953 910 4007 Οὐδὲ
943 3953 1443 4024 μετασκευάζεσθαι
1475 3954 1556 4006 δεῖ
1577 3973 1628 4007 τι
1662 3955 1702 4018 ί,

103 4052 140 4122 ἢ
163 4048 451 4113 κτιζεσθαι
474 4045 626 4118 παρὰ
643 4044 742 4118 τὴν
761 4044 925 4099 αὐτοῦ
945 4044 1167 4098 δύναται
1183 4044 1400 4116 βουλήν.
1419 4045 1531 4099 Kal.
1551 4045 1658 4117 γὰρ
1676 4048 1705 4100 6
1725 4038 1730 4044 ’

107 4142 242 4204 Υἱὸς
270 4139 426 4193 οὐδὲν
451 4139 545 4208 ἀφ’
571 4135 766 4192 ἑαυτοῦ
801 4136 1061 4191 δύνασθαι
1092 4139 1264 4191 ποιεῖν
1297 4137 1568 4208 ὁμολογεῖ,
1596 4138 1706 4191 ἐὰν

103 4233 190 4304 μὴ
213 4231 423 4301 βλέπῃ
452 4231 558 4284 τὸν
569 4229 800 4298 Πατέρα
822 4229 1131 4283 ποιοῦντα.
1157 4231 1228 4283 Ἀ
1249 4229 1361 4299 γὰρ
1387 4227 1484 4294 ἂν,
1515 4229 1700 4300 φησὶν,

104 4328 141 4380 ὀ
165 4323 376 4392 Πατὴρ
407 4321 572 4391 ποιῇ,
619 4321 809 4376 ταῦτα
840 4319 939 4374 καὶ
975 4323 1009 4374 ό
1042 4322 1084 4373 Υ
1083 4319 1173 4387 ἰὸς
1201 4321 1375 4376 ποιεῖ.
1425 4320 1562 4374 Οὐδὲ
1597 4322 1703 4392 μήν

102 4435 159 4472 τι
190 4415 474 4487 πολέμιον,
525 4414 560 4486 ἢ
594 4413 902 4478 ἀπιδοξοῦν
951 4413 1121 4484 αὐτῷ,
1156 4415 1188 4486 ἢ
1234 4413 1477 4469 ἀντίθεόν
1521 4415 1697 4468 ἐστιν’

102 4509 256 4575 ἐπεὶ,
286 4507 393 4561 κᾶν
426 4507 475 4560 εἰ
500 4506 848 4578 ἀντέπρασσέ
865 4524 918 4559 τι
941 4506 1019 4578 τῷ
1048 4505 1188 4576 Θεῷ,
1213 4505 1490 4560 ἐπαύσατο
1517 4507 1582 4560 ἂν
1602 4507 1697 4560 τοῦ

1807 3311 1971 3381 Atqui
2006 3314 2117 3383 pati
2150 3314 2279 3368 nihil
2308 3322 2491 3384 potest
2519 3320 2662 3388 quod
2689 3325 3048 3392 productione
3075 3311 3245 3390 caret.
3265 3337 3388 3394 Non

1808 3400 1972 3472 igitur
2003 3403 2385 3473 productionis
2415 3425 2644 3482 expers;
2677 3399 2771 3470 sed
2802 3419 3104 3486 productus
3134 3426 3389 3498 aliquan-

1806 3494 1877 3548 do
1909 3495 2181 3552 diabolus.
2218 3496 2339 3554 Jam
2369 3516 2500 3558 vero
2528 3519 2651 3559 cum
2681 3516 2733 3561 et
2762 3509 3062 3577 productus
3090 3517 3180 3574 ille
3213 3494 3304 3587 sit,
3335 3535 3390 3580 et

1807 3587 2074 3658 quidquid
2106 3591 2434 3660 productum
2457 3603 2561 3662 est,
2597 3598 2666 3654 ab
2722 3601 2902 3674 aliquo
2954 3607 3223 3682 principio
3257 3630 3387 3684 pro-

1806 3683 2029 3736 ductum
2062 3684 2159 3748 sit,
2195 3701 2540 3758 consequens
2562 3699 2646 3748 est
2668 3693 2903 3765 aliquem
2935 3714 3078 3767 esse,
3111 3719 3140 3757 a
3171 3683 3280 3776 quo
3315 3711 3390 3766 sit

1807 3786 2129 3846 procreatus
2158 3779 2429 3837 diabolus.
2462 3782 2786 3841 Utrumnam
2817 3789 2989 3860 igitur
3037 3796 3201 3852 etiam
3256 3816 3386 3870 pro—

1804 3867 2005 3922 ductus
2035 3867 2126 3922 ille
2149 3868 2272 3934 fuit,
2294 3883 2364 3924 an
2391 3872 2620 3942 produci
2655 3893 2760 3931 non
2790 3883 3006 3949 potuit?
3031 3902 3216 3943 verum
3241 3867 3384 3962 quod

1805 3957 2185 4026 productionis
2215 3967 2300 4014 est
2331 3975 2550 4031 expers,
2575 3978 2674 4033 par
2705 3974 2789 4020 est
2815 3984 2982 4026 unum
3012 3957 3277 4034 duntaxat
3305 3985 3388 4037 in-

1804 4048 1974 4119 telligi
2008 4047 2196 4104 Deum.
2232 4047 2419 4120 Neque
2451 4053 2594 4106 enim
2629 4055 2773 4113 ullus
2803 4073 2927 4115 esse
2955 4073 3134 4132 potest
3159 4075 3385 4130 omnino

1804 4147 2002 4208 praeter
2041 4139 2193 4194 illum
2239 4141 2416 4212 ipsum
2459 4143 2660 4214 opifex.
2703 4147 2814 4219 Ego
2842 4153 3068 4222 primus,
3102 4158 3301 4230 inquit,
3333 4178 3384 4220 et

1803 4247 1896 4302 ego
1937 4232 2270 4297 novissimus,
2305 4243 2353 4289 et
2386 4244 2580 4305 praeter
2624 4256 2705 4294 me
2743 4259 2848 4297 non
2895 4255 2973 4301 est
3013 4251 3152 4307 alius
3183 4252 3322 4309 Deus
3342 4258 3382 4312 ⁸.

1805 4322 1913 4380 Sed
1951 4339 2126 4395 neque
2152 4327 2479 4382 commutari
2511 4330 2789 4403 quidpiam
2819 4351 2884 4393 ac
2914 4349 3112 4408 praeter
3143 4347 3262 4416 ejus
3296 4366 3382 4404 vo-

1803 4413 2066 4471 luntatem
2108 4419 2387 4486 procreari
2440 4429 2639 4490 potest.
2675 4424 2884 4482 Etenim
2913 4429 3081 4490 Filius
3103 4413 3239 4492 nihil
3288 4457 3383 4510 per

1804 4523 1926 4563 sese
1953 4507 2134 4564 facere
2161 4524 2324 4579 posse
2352 4513 2662 4582 confitetur,
2691 4518 2797 4574 nisi
2841 4522 3145 4582 id'Patrem
3179 4507 3372 4598 facien-

103 4597 273 4668 εἶναι,
309 4599 564 4672 λυθείσης
585 4597 751 4652 αὐτοῦ
779 4600 846 4669 τῇ
880 4596 975 4651 τοῦ
1004 4596 1139 4651 Θεοῦ
1165 4596 1388 4668 δυνάμει
1419 4597 1512 4652 καὶ
1554 4598 1693 4669 ἰσχύϊ

1811 4607 1906 4653 tem
1941 4599 2150 4654 viderit.
2182 4600 2314 4667 Qua:
2357 4603 2519 4668 enim,
2554 4605 2751 4678 inquit,
2798 4609 2958 4667 Pater
2991 4615 3139 4685 facit,
3179 4596 3290 4676 itare
3331 4636 3380 4680 et

103 4695 207 4766 τῆς
235 4692 568 4755 συστάσεως.
595 4690 686 4763 Τῷ
713 4690 823 4762 γὰρ
844 4691 1126 4762 ποιήσαντι
1149 4689 1306 4743 λῦσαι
1333 4689 1478 4760 μόνῳ
1509 4690 1697 4744 καῖ’τά

104 4787 355 4840 ἀθάνατα
383 4783 629 4838 δυνατόν.

1804 4687 1984 4744 Filius
2015 4689 2203 4760 facit".
2242 4691 2428 4762 Neque
2470 4710 2599 4752 vero
2650 4697 2929 4758 inimicum
2975 4708 3254 4778 quiddam,
3288 4726 3380 4772 aut

1805 4797 2115 4852 repugnans
2153 4797 2218 4838 ac
2249 4781 2359 4839 Deo
2404 4789 2742 4844 contrarium
2797 4803 2920 4851 est:
2953 4799 2998 4854 si
3053 4803 3179 4872 quid
3232 4809 3378 4865 enim

103 4885 278 4942 esset,
311 4875 458 4945 quod
486 4873 596 4929 Deo
627 4872 929 4936 resisteret,
961 4887 1082 4928 esse
1128 4871 1354 4928 omnino
1396 4871 1694 4936 desineret,
1734 4887 1799 4927 eo
1831 4873 1978 4944 quod
2011 4873 2193 4929 divina
2222 4877 2424 4930 virtute
2452 4893 2518 4933 ac
2550 4881 2748 4939 robore
2815 4889 2996 4946 omnis
3053 4871 3201 4951 illius
3244 4914 3377 4956 con-

102 4966 325 5022 ειίιιιιίο
370 4965 783 5020 dissolveretur.
815 4961 1029 5034 Quippe
1061 4961 1213 5019 solus
1244 4963 1334 5019 ille
1367 4965 1450 5018 vel
1480 4979 1542 5020 ea
1575 4981 1696 5034 qua:
1738 4975 1864 5021 sunt
1895 4965 2223 5020 immortalia
2257 4969 2560 5026 dissolvere
2590 4981 2786 5042 potest,
2817 4979 2911 5047 qui
2939 4983 3204 5042 condidit.

177 5058 312 5112 KA'.
349 5057 414 5110 Ti
447 5053 541 5110 οὖν
572 5058 602 5110 6
629 5056 874 5120 διάϐολος
909 5055 1154 5122 λέξεται;
1186 5055 1407 5125 Πνεῦμα
1447 5057 1573 5128 περὶ
1598 5055 1697 5127 τὴν

103 5149 239 5222 ὕλην
269 5150 413 5220 έχον,
441 5140 694 5220 καθάπερ
722 5147 938 5220 ἐλέχθη,
976 5142 1023 5201 ὦ
1062 5147 1399 5218 Ἀθηναγόρα
1435 5148 1569 5218 (37),
1598 5165 1692 5216 γε-

1876 5056 2040 5128 544
2075 5055 2219 5112 XXI.
2261 5059 2530 5124 Quidnam
2565 5065 2732 5136 igitur
2755 5069 2971 5126 tandem
2996 5073 3270 5137 diabolum
3294 5098 3376 5143 es-

1803 5166 1860 5204 se
1893 5151 2178 5207 dicemus?
2209 5149 2472 5222 Spiritum
2503 5156 2773 5227 videlicet,
2796 5162 2889 5233 qui
2920 5164 3066 5222 circa
3097 5174 3376 5232 materiam

173 5307 189 5337 ‘
222 5305 355 5361 Cor.
416 5305 480 5376 δή
509 5322 581 5358 τι.
661 5307 682 5336 ⁸
721 5305 847 5376 Sap.
877 5305 1033 5372 ι,13.
1112 5303 1132 5334 ³
1163 5301 1265 5358 Isa.
1302 5319 1447 5368 xuv,
1479 5302 1533 5357 6.
1607 5302 1693 5358 "Jt

1827 5321 1880 5370 v,
1914 5305 1999 5362 19.

165 5458 290 5551 (δέ)
340 5459 622 5551 causa)
671 5461 770 5551 κοέλ
797 5461 856 5551 ,ἡ
910 5458 1100 5551 Σορίει
1124 5457 1693 5551 isseisse-“Isi:

1811 5459 2555 5551 liethodi‘umscripsisseet?)
2587 5473 2957 5551 _'_Aflqvayo'pa.
3022 5481 3101 5538 Ex
3130 5485 3370 5544 Athena-

100 5526 204 5620 turL
223 5530 525 5620 Sapientia)
556 5526 694 5584 liber
719 5526 1006 5620 Salo—mgni—
1025 5530 1095 5585 ab
1122 5529 1509 5600 antiquissimo
1531 5526 1692 5585 Patre
1790 5545 1958 5620 ξριτιξ,
2001 5532 2202 5620 inquit,
2249 5526 2537 5620 sordentia.
2567 5526 2820 5620 diabolus
2839 5526 3101 5620 vspi'rit-d;

99 5601 388 5654 tribuitur.
427 5599 562 5654 Vide
594 5609 648 5655 et
679 5617 833 5655 num.
868 5599 957 5656 56.

1790 5601 2104 5700 9'29:de
2121 5603 2357 5700 5:329:93
2379 5608 2721 5700 ίίεῖουξπξιυξιι
2739 5601 2842 5700 lii}-
2867 5601 2969 5674 ἓῖιῖ
2986 5601 3368 5700 Εἶτῖενῖἷίῖἰοῖὄὶ

85 5663 113 5750 ⁹,
143 5740 154 5750 ⁸
174 5671 291 5761 (ξϐ)
323 5670 484 5761 Οὐδὲ
509 5671 620 5761 γὰρ
645 5667 894 5761 εἶναίτᾴ
924 5672 1214 5761 σύνοῖιοτς.
1252 5670 1690 5761 Parum-integer

1811 5663 1833 5761 ῐ
1862 5663 2082 5761 Pgslea
2120 5663 2456 5761 reperimps";
2492 5663 3350 5761 rqdiwéé"

143 5740 194 5795 lc
218 5743 376 5796 loeus
398 5742 630 5812 videtur.
657 5740 762 5797 Sed
788 5742 1302 5812 hujus_sententiam
1324 5740 1684 5798 reddidimus.

173 5813 292 5880 (37)
323 5811 602 5882 Καθάπερ
639 5807 882 5883 ἐλέχθη,
921 5807 970 5868 ὦ
1006 5813 1381 5882 Ἀθηναγόρα.
1427 5813 1688 5884 Suspicor

1784 5757 1879 5835 Ego
1904 5742 2102 5835 Christ.
2135 5742 2619 5835 verba‘cit‘at,.qttae
2642 5742 3366 5835 ne:uouiu§°dé§cﬁiséé§t2

1799 5813 2072 5870 Ἐναντίον
2108 5815 2170 5869 τὸ
2199 5819 2327 5890 περὶ
2356 5813 2616 5894 τὴνῦλην
2645 5825 2767 5895 ἕχον
2808 5813 3064 5901 malitia,—
3076 5813 3367 5901 ἶεῖἷᾶιῐὲξᾶἐ
