3822 6302
104 263 244 320 "05

768 260 1139 317 ADVEllSUS
1178 261 1519 319 lIIERESES
1557 262 1684 319 LIB.
1727 262 1789 320 ll.
1826 261 1985 319 TUM;
2031 264 2074 318 l.
2114 292 2182 303 --
2221 260 2496 318 llASRES.
2536 262 2718 319 LXIV.

3220 264 3363 322 1106

102 380 445 452 ἐπιστροφὴν
473 379 633 448 δίκην
658 376 882 447 πληγῶν
915 376 1114 448 εὑρέθη
1134 394 1147 406 ·
1186 378 1283 448 οὐχ
1306 380 1334 431 6
1367 378 1466 448 τῆς
1501 380 1676 450 ἀμαρ-

1784 386 2033 449 ceptores
2082 378 2354 448 primaria:
2403 394 2467 433 ac
2501 379 2784 447 praecipua:
2833 394 3012 433 causa!
3064 388 3210 447 sunt,
3257 396 3357 437 cur

101 475 237 537 τίας,
264 469 313 529 ὦ
337 472 660 541 σοφώτατοι,
684 468 802 522 ἀλλ’
827 468 855 519 6
879 468 980 537 τῆς
1006 468 1327 533 διαζεύξεως
1347 470 1445 539 τῆς
1479 470 1677 542 σαρκὸς

99 565 193 615 »αἱ
244 562 344 616 τοῦ
393 561 696 634 χωρισμοῦ.
743 559 1102 633 Αύτεξούσιος
1134 560 1240 632 γὰρ
1282 558 1356 613 ῶν
1391 563 1484 614 καὶ
1518 563 1677 615 αύτο-

97 657 325 727 κράτωρ
345 656 373 707 6
397 655 707 724 ἄνθρωπος,
739 652 833 704 καὶ
868 652 1261 706 αύτοδέσποτον
1299 652 1553 724 βούλησιν
1585 654 1680 706 καὶ

98 745 558 815 αὐτοπροαὶρετον
600 743 733 814 πρὸς
761 744 861 813 τὴν
897 743 1131 811 αἵρεσιν,
1164 744 1239 806 ὠς
1266 744 1424 813 ἔφην,
1445 743 1541 796 τοῦ
1576 762 1677 798 κα-

96 835 191 889 λοῦ
217 836 417 899 λαὸὼν,
450 834 691 898 ἀκούσας
722 853 781 890 τε
802 850 814 866 ο
868 835 1003 887 Ἀπὸ
1061 837 1287 901 παντὸς
1340 836 1531 900 ξύλου
1570 837 1676 889 τοῦ

96 930 163 981 ἐν
208 928 290 993 τῷ
335 927 682 995 παραδείσῳ
728 925 1024 996 φάγεσθεο
1060 928 1178 980 ἀπὸ
1210 925 1279 979 δὲ
1328 928 1432 982 τοῦ
1486 928 1676 991 ξύλου

97 1019 203 1073 τοῦ
247 1019 568 1088 γινώσκειν
607 1017 797 1071 καλὸν
840 1017 941 1071 καὶ
984 1018 1253 1085 πονηρὸν
1299 1020 1371 1071 οὐ
1416 1018 1680 1087 φάγεσθε

93 1107 199 1161 ἀπ’
233 1106 445 1161 αὐτοῦ.
481 1102 565 1177 ⁷ῌ
610 1106 661 1159 δ’
709 1105 786 1159 ἂν
824 1105 1012 1174 ἡμέρᾳ
1062 1105 1288 1175 φάγητε
1333 1107 1432 1160 ἀπ’
1467 1106 1675 1171 αὑτοῦ,

93 1196 337 1261 θανάτῳ
372 1196 772 1251 ἀποθανεῖσθε
793 1213 808 1228 ο
840 1198 934 1248 ἀπ’
967 1196 1132 1249 αὐτοῦ
1162 1198 1241 1260 είς
1269 1198 1330 1249 τὸ
1354 1201 1565 1265 φαγεῖν,
1599 1196 1677 1268 τῷ

92 1288 328 1359 διαδόλῳ
348 1289 405 1341 δὲ
425 1288 839 1359 δελεασαμένηή
872 1288 1033 1356 σοφία
1052 1288 1308 1350 ποικίλως
1332 1288 1467 1358 πρὸς
1490 1290 1503 1318 ί
1536 1306 1678 1359 παρ-

94 1377 271 1447 ακοὴν
322 1377 601 1441 πείσοντι,
654 1377 884 1448 ἡθέτησε
924 1378 1023 1448 τὴν
1078 1378 1298 1449 ἐντολὴν
1350 1378 1443 1431 τοῦ
1499 1380 1673 1433 Θεοῦο

95 1471 195 1520 καὶ
229 1467 451 1538 ἐγένετο
479 1468 638 1522 τοῦτο
678 1468 826 1539 αὐτῷ
856 1470 936 1533 είς
980 1469 1295 1530 σκάνδαλον,
1329 1471 1423 1523 καὶ
1455 1473 1532 1535 εἰς
1570 1490 1677 1525 πα-

95 1561 248 1629 γίδα,
274 1560 370 1612 καὶ
393 1560 472 1623 είς
502 1559 729 1613 σκῶλον.
755 1560 829 1612 Ού
862 1559 970 1631 γὰρ
998 1559 1251 1630 εποίησεν
1275 1559 1303 1610 6
1330 1559 1461 1623 Θεὸς
1486 1560 1675 1625 κακὸν,

92 1651 222 1704 οὐδέ
276 1652 395 1703 ἐστι
439 1651 500 1702 τὸ
548 1650 768 1703 σύνολον
803 1650 940 1713 ὅλως
978 1651 1041 1701 ὲκ
1088 1650 1288 1710 παντὸς
1323 1649 1383 1702 τὸ
1417 1651 1676 1720 παράπαν

1787 471 1938 540 pueri
1975 470 2161 525 dolore
2190 472 2467 541 plagarum
2491 471 2810 526 afﬁciantur.
2848 470 2994 527 Bona
3018 473 3181 543 igitur
3205 489 3356 531 mors

1785 567 1890 623 est,
1940 574 2064 614 cum
2122 560 2401 630 plagarum
2459 560 2634 615 instar
2679 560 2745 614 ad
2780 563 3110 617 coercendos
3157 577 3355 632 pueros
3428 612 3435 613 ,

1786 660 2003 720 reperta
2036 651 2126 706 sit.
2175 650 2291 705 Non
2349 663 2691 721 peccatorum
2727 653 2849 707 dico
2890 661 3147 715 mortem,
3198 668 3233 708 o
3265 668 3355 709 sa-

1786 744 2109 814 pientissimi
2140 744 2410 810 homines,
2444 745 2537 800 sed
2567 760 2687 801 eam
2711 760 2818 815 qua
2851 746 3122 801 animosa
3160 760 3359 815 corpo-

1784 837 1861 892 ris
1926 840 2206 893 consortio
2252 846 2557 909 separatur.
2618 838 2750 893 Nam
2805 855 2926 895 cum
2974 841 3107 895 liber
3155 855 3217 894 ac
3268 840 3356 897 sui

1779 930 1922 999 juris
1966 938 2112 986 esset
2145 931 2308 986 homo
2338 931 2537 995 factus,
2574 940 2631 985 et
2658 932 2724 985 ad
2755 932 2983 987 honesta
3022 933 3356 1003 capessenda

1782 1022 1864 1074 sui
1912 1022 2082 1093 ipsius
2130 1022 2345 1076 arbitrii
2379 1024 2706 1093 consiliique
2742 1024 3075 1079 voltmtatem
3113 1026 3357 1094 accepis-

1782 1127 1885 1180 set,
1918 1132 1983 1170 ac
2022 1116 2334 1169 mandatum
2374 1117 2514 1171 istud
2556 1117 2859 1171 audiisset:
2894 1116 2967 1171 De
3026 1116 3165 1169 omni
3217 1120 3356 1188 ligno

1779 1206 2017 1275 paradisi
2044 1207 2353 1269 comedetis;
2383 1209 2447 1260 de
2469 1206 2611 1277 ligno
2645 1217 2817 1261 autem
2855 1209 3089 1261 scientia:
3111 1208 3233 1261 boni
3261 1219 3354 1261 aut

1782 1297 1912 1349 mali
1941 1312 2043 1349 non
2072 1295 2366 1349 comedetis.
2406 1296 2722 1366 Quacunque
2750 1306 2922 1349 autem
2953 1296 3037 1349 die
3075 1297 3356 1350 comedetin

1782 1387 1845 1441 de
1874 1386 1989 1449 illo,
2033 1399 2197 1439 morte
2244 1387 2537 1441 moriemini
2572 1386 2617 1451 ³,
2665 1401 2761 1458 per
2793 1401 2913 1441 sese
2954 1387 3020 1440 ad
3063 1387 3322 1441 comeden

1782 1480 1911 1534 dum
1949 1479 2223 1544 inductus,
2265 1494 2330 1533 ac
2379 1479 2579 1533 diaboli
2622 1478 2942 1542 calliditate,
2995 1479 3089 1548 qui
3139 1478 3204 1534 ad
3237 1481 3349 1534 vin;

1782 1570 2004 1624 landum
2067 1570 2351 1639 imperium
2401 1570 2569 1625 variis
2621 1569 2798 1626 modis
2858 1570 3153 1635 incitabat,
3204 1572 3353 1626 velut

1784 1662 2082 1725 inescatus,
2144 1661 2234 1717 Dei
2266 1673 2590 1732 prmceptum
2626 1672 3002 1734 transgressus
3039 1673 3158 1719 est:
3194 1663 3354 1735 idque

90 1742 272 1806 αἴτιος
306 1740 504 1795 κακοῦ.
542 1740 706 1792 Ἀλλὰ
739 1741 847 1793 πᾶν
882 1740 1019 1809 ὅπερ
1048 1739 1113 1793 ἂν
1139 1739 1481 1803 αὐτεξούσιον
1507 1740 1676 1805 οὕτως

1780 1752 1959 1821 ipsum
2005 1754 2248 1808 scandali
2280 1755 2473 1819 instar,
2498 1762 2552 1808 et
2584 1755 2786 1829 laquei,
2822 1763 2877 1808 et
2914 1755 3231 1812 omensionis
3258 1774 3354 1811 ex-

90 1832 189 1887 ὐπ⁹
223 1829 395 1885 αὐτοῦ
430 1830 674 1899 γεγονὸς,
711 1829 743 1900 ἢ
785 1829 921 1900 πρὸς
957 1830 1017 1883 τὸ
1050 1829 1407 1898 φυλάξασθαι,
1451 1832 1544 1885 καὶ
1579 1850 1674 1901 τηε

92 1924 264 1997 ρῆσαι
300 1924 486 1994 νόμον,
508 1923 568 1976 ὃν
591 1924 753 1988 αὐτὸς
778 1924 1001 1987 δικαίως
1026 1923 1375 1984 διεστείλατο,
1408 1923 1482 1994 μὴ
1504 1924 1677 1994 τηρῆ-

89 2032 195 2069 cas
249 2014 472 2084 λέγεται
522 2013 710 2068 κακόν.
778 2014 1063 2085 Βαρυτάτη
1101 2014 1157 2068 δὲ
1200 2015 1369 2086 βλάϐη
1428 2015 1489 2067 τὺ
1535 2033 1676 2085 παρ-

89 2105 333 2161 ακοῦσαι
365 2105 501 2159 Θεοῦ
530 2108 656 2169 τοὺς
689 2106 849 2176 ὅρους
896 2107 994 2176 τῆς
1036 2106 1176 2159 κατὰ
1224 2106 1284 2159 τὸ
1332 2107 1674 2171 αὐτεξούσιον

90 2197 417 2269 ὑπερϐάντα
441 2196 809 2268 δικαιοσύνης.
834 2196 1017 2260 Ὅθεν,
1048 2197 1231 2268 ἐπειδὴ
1253 2198 1673 2270 κατερῤυπώοη,

88 2290 189 2342 καὶ
240 2289 617 2361 κατεμιάνθη,
667 2289 764 2359 τῆς
835 2288 1163 2356 ἀποφάσεως
1218 2290 1600 2361 ἀποστατήσας
1646 2295 1675 2345 6

87 2382 387 2451 ἄνθρωπος
408 2380 503 2434 τοῦ
529 2380 686 2443 Θεοῦ,
714 2380 809 2434 καὶ
834 2379 1053 2451 κηλίδας
1080 2380 1458 2450 ὲναπεμάξατο
1478 2382 1675 2445 κακίας

89 2474 323 2541 πολλὰς,
357 2473 424 2538 ἃς
443 2474 473 2526 6
500 2474 682 2544 ἄρχων
711 2464 867 2536 οὗτος
899 2473 1205 2543 ἀπεκύησε,
1237 2473 1332 2525 καὶ
1366 2474 1547 2545 πατὴρ
1578 2474 1675 2543 τῆς

89 2564 329 2634 πλάνης,
369 2564 581 2626 πόνον,
608 2560 749 2616 κατὰ
787 2562 886 2633 τὴν
927 2560 1172 2632 Γραφὴν,
1205 2561 1561 2627 συλλαϐὼν,
1589 2563 1676 2616 ἴνα

86 2655 180 2709 τὸν
212 2655 511 2724 ἄνθρωπον
550 2653 689 2723 πρὸς
729 2652 941 2706 ἀδικίαν
981 2652 1068 2705 ἀεὶ
1116 2651 1408 2721 φαντάζειν
1440 2652 1539 2724 ἔχῃ
1582 2654 1674 2707 καὶ

86 2749 284 2809 κινεῖν,
330 2747 361 2798 6
405 2744 538 2807 Θεὸς
580 2746 607 2797 6
654 2743 1048 2815 παντοκράτωρ
1094 2741 1362 2796 ἀθάνατον
1406 2744 1575 2798 κακὸν
1617 2744 1675 2809 ἐξ

87 2836 550 2906 ὲπιόουλῆςίδόον
578 2834 941 2906 γεγενημένον
960 2876 972 2895 ,
1010 2833 1258 2907 καθάπερ
1293 2835 1386 2886 καὶ
1434 2836 1462 2887 6
1493 2834 1673 2888 διάϐο-

84 2930 174 2993 λος
228 2929 436 2992 πλάνος
474 2923 564 2999 ἦν,
594 2930 719 2990 τοὺς
753 2926 1376 2997 δερματίνονςνχιτῶνας
1402 2927 1488 2981 διὰ
1515 2927 1676 2981 τοῦτο

86 3020 530 3081 κατεσκεύασεν,
575 3018 739 3073 οἱονεὶ
786 3018 1088 3088 νεκρότητα
1135 3018 1442 3089 περιϐαλὼν
1482 3018 1670 3071 αὐτόν⁹

1777 1842 1956 1907 stitit;
1993 1843 2191 1897 malum
2229 1845 2374 1898 enim
2412 1842 2556 1898 Deus
2590 1859 2695 1898 non
2734 1842 2881 1907 fecit,
2917 1859 3017 1898 nec
3050 1844 3161 1898 ullo
3191 1845 3355 1901 modo

1775 1946 1966 1988 auCtor
1997 1934 2143 1989 illius
2174 1942 2278 1990 est.
2315 1933 2421 1988 Sed
2456 1934 2717 2004 quidquid
2736 1934 2949 1989 arbitrii
2982 1935 3066 1990 sui
3088 1945 3357 2005 potestate

1777 2027 2064 2097 prmditum
2098 2028 2165 2082 ab
2193 2042 2258 2082 eo
2287 2027 2492 2081 factum
2518 2036 2625 2091 est,
2666 2036 2727 2081 ut
2754 2043 2918 2097 quam
2955 2029 3125 2097 legem
3160 2030 3356 2099 justis-

1777 2118 1915 2171 sime
1949 2116 2349 2187 praescripserit
2376 2116 2670 2172 observare
2714 2118 2908 2187 possit,
2945 2118 3051 2173 nisi
3089 2134 3208 2174 eam
3241 2136 3357 2176 ser-

1775 2208 2001 2274 vaverit,
2032 2208 2235 2262 malum
2275 2208 2598 2277 appellatur.
2631 2207 2725 2261 Est
2754 2217 2935 2262 autem
2969 2210 3358 2279 gravissimum

1776 2299 1878 2354 hoc
1908 2299 2166 2353 damnum
2207 2300 2262 2353 in
2290 2298 2502 2368 primis,
2536 2298 2627 2353 Dei
2659 2300 2911 2353 mandata
2946 2302 3219 2372 negligere
3242 2342 3255 2367 ,
3293 2317 3357 2356 ac

1771 2391 2017 2461 justitiae,
2071 2408 2192 2461 qua:
2244 2390 2502 2458 adjuncta
2543 2390 2778 2443 libertati
2832 2402 2936 2453 est,
2976 2393 3175 2448 limites
3218 2408 3357 2463 pra:-

1777 2484 1961 2539 terire.
2008 2481 2163 2539 Unde
2194 2491 2546 2554 posteaquam
2581 2497 2609 2535 a
2658 2481 2747 2535 Dei
2779 2483 3049 2537 sententia
3096 2482 3356 2539 deficiens

1779 2574 1941 2628 homo
1970 2573 2290 2643 inquinatus
2320 2581 2427 2635 est,
2457 2588 2520 2627 ac
2555 2571 2735 2626 delicti
2771 2572 3026 2627 sordibus
3066 2572 3356 2640 obsolevit,

1775 2664 2001 2732 vitiiquc
2045 2662 2476 2732 quamplurimas
2508 2661 2777 2730 expressit
2818 2662 2871 2715 in
2920 2676 3042 2716 sese
3085 2661 3355 2725 maculas,

1776 2766 1913 2820 quas
1967 2751 2219 2819 princeps
2255 2749 2342 2804 ille
2372 2759 2425 2804 et
2452 2748 2659 2805 erroris
2698 2764 2897 2817 parens
2942 2748 3231 2814 indiderat,
3260 2750 3357 2819 qui

1778 2843 2029 2905 laborem,
2065 2850 2115 2895 ut
2170 2842 2451 2911 Scriptura
2496 2841 2732 2911 loquitur
2760 2842 2781 2872 δ
2808 2883 2822 2904 ,
2870 2843 3139 2910 concepit;
3171 2851 3227 2895 ut
3261 2842 3356 2896 lio-

1779 2932 1976 2985 miuem
2027 2931 2095 2984 ad
2143 2931 2544 3001 improbitatem
2589 2944 2850 3001 perpetuo
2904 2930 3189 2986 fraudibus
3238 2931 3357 2985 suis

1778 3023 1995 3077 trahere
2039 3038 2103 3078 ac
2155 3022 2551 3078 circumvenire
2596 3032 2795 3092 queat;
2839 3023 3183 3092 omnipotens
3212 3022 3355 3077 Deus

84 3114 239 3176 ὅπως
270 3112 362 3166 διὰ
392 3112 491 3182 τῆς
528 3110 734 3172 λύσεως
771 3108 863 3162 τοῦ
894 3108 1140 3179 σώματος
1178 3110 1285 3162 πᾶν
1339 3109 1400 3161 τὸ
1435 3111 1492 3162 ὲν
1530 3110 1676 3182 αὐτῷ

1783 3123 2045 3169 aeternum
2082 3116 2232 3169 illum
2263 3114 2522 3169 daemonis
2551 3113 2835 3169 fraudibus
2881 3115 3081 3167 malum
3123 3129 3245 3170 esse
3276 3115 3357 3167 fa-

85 3202 358 3273 γεννηθὲν
385 3200 554 3255 κακδν
577 3200 844 3272 ἀποθάνῃ.

1782 3214 1929 3259 ctum
1975 3206 2189 3269 videns,
2239 3214 2297 3259 ut
2344 3215 2395 3259 et
2441 3206 2709 3275 impostur
2750 3205 2999 3261 diabolus
3045 3214 3183 3268 erat,
3228 3220 3355 3275 pro-

85 3309 280 3369 pterea
338 3297 596 3367 pelliceas
635 3304 686 3349 et
714 3294 836 3350 illas
875 3293 1092 3349 tunicas
1136 3292 1262 3348 fecit
1292 3294 1336 3360 ',
1371 3310 1480 3365 quo
1523 3295 1674 3351 illum
1710 3300 1855 3356 velut
1893 3309 2070 3357 morte
2110 3301 2345 3371 quadam
2383 3301 2652 3366 indueret,
2686 3309 2747 3356 ut
2796 3316 2859 3357 ea
2916 3301 3171 3371 corporis
3234 3300 3356 3355 dis-

84 3390 371 3447 solutione
426 3384 691 3460 quidquid
742 3385 798 3441 in
842 3402 909 3440 eo
956 3386 1084 3440 mali
1135 3384 1458 3456 productum
1509 3386 1686 3441 fuerat
1722 3390 2195 3447 intermoreretur.

153 3480 293 3536 ΚΡ.
337 3478 723 3551 Προητιὸρηται
769 3476 828 3531 δὲ
880 3476 1021 3547 ήδη,
1066 3477 1161 3529 καὶ⁵
1204 3477 1491 3549 ἀπεδείχθη
1557 3480 1681 3542 τοὺς

84 3570 451 3644 δερματίνους
512 3568 742 3639 χιτῶνας
803 3564 878 3637 μὴ
927 3563 1165 3620 εἶναιτὰ
1206 3565 1455 3637 σώματα.
1494 3568 1684 3638 Ὅμως

82 3666 140 3720 δὲ
172 3663 276 3717 καλ⁸
307 3661 471 3714 πάλιν
500 3660 577 3731 (οὐ
598 3662 708 3730 γὰρ
738 3658 884 3721 ἅπαξ
912 3656 1132 3729 ῥητέον)
1166 3656 1480 3729 φράζωμεν.
1510 3658 1682 3721 Αὐτὸς

84 3757 197 3827 πρὸ
219 3754 327 3824 τῆς
354 3751 698 3821 κατασκευῆς
726 3750 905 3802 αὐτῶν
933 3750 961 3800 6
991 3749 1410 3819 πρωτόπλαστος
1429 3750 1683 3819 ὁμολογεῖ

86 3850 185 3901 καὶ
220 3846 363 3899 ὀστᾶ.
398 3844 541 3913 ἔχειν
570 3843 663 3895 καὶ
709 3842 939 3912 σάρκας,
973 3840 1139 3893 ὁπότε
1183 3840 1267 3909 δὴ,
1318 3840 1415 3911 τὴν
1446 3844 1680 3908 γυναῖκα

86 3934 249 4008 αὐτῷ
272 3934 679 4009 προσαχθεῖσαν
707 3931 1063 4001 θεασάμενος,
1094 3930 1273 3984 Τοῦτο
1294 3930 1412 3984 νῦν
1432 3930 1681 3995 ὀστοῦν,

84 4029 403 4100 ἐφώνησεν,
432 4028 501 4080 ἐκ
545 4026 664 4079 τῶν
711 4023 909 4078 ὀστῶν
948 4041 1089 4093 μου,
1137 4022 1235 4075 καί
1270 4022 1426 4089 σὰρξ
1465 4022 1534 4075 ἐκ
1572 4021 1684 4091 τῆς

84 4118 329 4188 σαρκός
350 4134 491 4187 μου.
530 4115 692 4183 Αὕτη
727 4111 1101 4182 κληθήσεται
1138 4111 1294 4182 γυνὴ
1313 4154 1328 4178 ,
1363 4112 1452 4195 δτι
1478 4111 1547 4166 ἐκ
1577 4111 1684 4167 τοῦ

84 4209 323 4280 ἀνδρὸς
353 4206 544 4276 αὐτῆς
580 4205 840 4275 ἐλήφθη.
867 4206 1119 4258 Ἕνεκεν
1159 4204 1375 4259 τούτου
1407 4204 1685 4258 καταλεί-

82 4309 195 4374 ψει
227 4300 540 4370 ἄνθρωπος
568 4297 674 4351 τὸν
699 4297 925 4364 πατέρα
948 4295 1133 4350 αὐτοῦ
1160 4294 1259 4349 καὶ
1290 4294 1405 4364 τὴν
1424 4295 1671 4364 μητέρα,

85 4394 194 4449 καὶ
256 4387 873 4460 προσκολληθήσεται
919 4385 995 4454 τῇ
1042 4386 1275 4456 γυναικὶ
1322 4387 1545 4441 αὐτοῦ’
1580 4385 1677 4440 καὶ

80 4487 341 4542 ἔσονται
370 4485 424 4537 οἱ
452 4481 561 4535 δύο
590 4483 677 4547 εἰς
706 4479 905 4548 σάρκα
928 4482 1095 4549 μίαν.
1134 4480 1208 4531 υύ
1248 4478 1378 4549 γὰρὲ
1394 4478 1456 4547 δὴ
1486 4476 1675 4543 ἀνέξο.

87 4595 196 4648 μαι
250 4572 671 4645 φληναφούντων
722 4571 907 4633 τινῶν,
941 4570 1033 4623 καὶ
1086 4568 1417 4640 βιαζομένων
1459 4569 1673 4638 ἀπηρν-

84 4666 444 4740 θριασμένως
470 4664 569 4735 τὴν
602 4663 845 4734 Γραφὴν,
892 4663 979 4715 ἴνα
1022 4661 1203 4724 αὐτοῖς
1252 4660 1315 4729 δὴ
1358 4658 1559 4729 σαρκὸς
1596 4657 1670 4730 μὴ

83 4758 237 4816 εἶναι
265 4754 617 4829 προχώρησις
634 4755 655 4785 '
683 4755 1046 4825 ἠάνάστασις,
1071 4753 1205 4805 ὀστᾶ
1226 4750 1391 4822 νοητὰ
1414 4750 1507 4803 καὶ⁸
1538 4751 1672 4820 σάρ-

83 4867 198 4914 κας
237 4846 437 4917 νοητὰς
477 4844 886 4915 ὑποτιθεμένων
909 4885 923 4911 ,
961 4844 1054 4897 καὶ
1108 4844 1294 4898 ἄλλοτε
1341 4842 1514 4906 ἄλλως
1566 4842 1677 4897 ἄνω

82 4943 190 4997 καὶ
226 4941 378 4994 κάτω
421 4937 905 5009 μεταϐαλλομένων
947 4935 1315 5007 ἀλληγορίαις.
1358 4935 1469 4987 Καὶ
1503 4933 1678 4987 ταῦτα

78 5035 259 5093 οὕτω,
294 5029 372 5091 ὠς
401 5029 733 5099 γέγραπται,
767 5026 1291 5099 παραλαμϐάνεσθαι
1318 5023 1677 5097 κρατύνοντος

82 5122 186 5178 τοῦ
220 5120 464 5192 Χριστοῦ
510 5121 610 5190 τὴν
657 5119 900 5190 Γραφὴν,
938 5118 1066 5171 ἔνθα
1110 5118 1530 5187 πυνθανομένοις
1564 5120 1679 5181 τοῖς

85 5213 417 5284 Φαρισαίοις
444 5212 574 5283 περὶ
604 5209 883 5282 χωρισμοῦ
911 5209 1170 5277 γυναικὸς
1197 5208 1574 5279 ἀποκρίνεται,
1597 5208 1677 5260 ὅτι

94 5308 234 5362 Ἀπ’
254 5303 452 5373 ἀρχῆς
474 5306 506 5357 ό
531 5302 766 5367 κτίσας,
797 5301 986 5369 ἄρσεν
1003 5300 1099 5353 καί
1120 5296 1275 5365 θῆλυ
1291 5297 1560 5364 ἐποίησε,
1579 5296 1677 5350 καὶ

80 5396 263 5453 εἶπεν
282 5411 297 5427 °
326 5394 583 5449 Ἕνεκεν
608 5396 822 5449 τούτου
850 5394 1201 5461 καταλείψει
1231 5390 1540 5459 ἄνθρωπος
1569 5390 1677 5443 τὸν

80 5488 325 5560 πατέρα
352 5488 453 5545 καὶ
475 5488 591 5557 τὴν
612 5487 863 5559 μητέρα,
891 5488 985 5542 καὶ
1009 5486 1077 5541 τὰ
1104 5487 1250 5557 ἑξῆς.
1290 5484 1413 5549 Πῶς
1444 5486 1551 5556 γὰρ
1582 5485 1675 5538 ἐπὶ

1853 3481 2017 3554 546
2052 3480 2245 3538 XXIII.
2300 3480 2437 3536 lllud
2483 3497 2612 3537 vero
2660 3484 2770 3552 jam
2820 3488 2979 3537 antea
3014 3482 3355 3551 disiiutatum

1784 3579 1898 3635 est,
1960 3579 2431 3641 monstratumque
2480 3570 2969 3641 pelliceastuuicas
3037 3570 3184 3625 aliud
3230 3585 3355 3626 esse

1783 3670 1981 3733 praeter
2011 3678 2260 3727 corpora.
2305 3660 2411 3716 Sed
2453 3660 2809 3716 nihilominus
2841 3660 2983 3714 idem
3031 3674 3225 3714 rursus
3252 3660 3356 3729 (di-

1780 3753 2011 3808 cendum
2040 3753 2185 3807 enim
2219 3752 2421 3821 saepius
2447 3752 2553 3820 est)
2589 3751 2693 3806 hoc
2723 3752 2844 3805 loco
2876 3757 3205 3818 repetamus.
3238 3746 3356 3802 Pri-

1780 3860 1901 3899 mus
1933 3846 2101 3914 igitur
2136 3843 2253 3913 ipse
2291 3858 2511 3913 parens,
2553 3850 2842 3911 antequam
2877 3856 2955 3895 eae
2987 3842 3184 3895 tunica:
3228 3855 3357 3894 con-

1780 3944 2092 3998 suerentur,
2141 3950 2269 3989 ossa
2321 3950 2379 3988 se
2422 3942 2477 3985 et
2534 3946 2753 3987 carnem
2806 3931 3005 3984 habere
3045 3930 3355 3992 conliletur,

1778 4042 1902 4082 cum
1936 4026 2193 4080 nimirum
2237 4023 2555 4094 perductam
2604 4022 2670 4076 ad
2721 4034 2845 4075 sese
2895 4021 3175 4073 mulierem
3227 4033 3356 4072 con-

1779 4117 2069 4187 templatus
2100 4154 2114 4178 ,
2149 4113 2263 4167 Hoc
2296 4130 2434 4167 nunc
2463 4130 2541 4179 os,
2572 4112 2773 4183 inquit,
2802 4126 2866 4164 ea:
2895 4108 3275 4174 ossibusmeis,
3307 4118 3357 4163 et

1781 4224 1907 4262 caro
1934 4209 1998 4262 de
2029 4222 2186 4260 carne
2215 4221 2350 4259 mea.
2388 4203 2515 4259 llwc
2562 4202 2834 4258 vocabitur
2866 4202 3074 4267 mulier,
3106 4200 3356 4271 quoniam

1783 4301 1847 4356 de
1876 4302 1986 4356 viro
2014 4310 2222 4369 sumpta
2266 4308 2365 4354 est.
2410 4296 2627 4365 Propter
2657 4296 2751 4349 huc
2786 4295 3043 4364 relinquet
3076 4295 3228 4346 homo
3258 4308 3356 4361 pa-

1786 4403 1917 4447 trem
1956 4404 2003 4448 et
2039 4404 2261 4446 matrem
2308 4407 2482 4455 suam,
2517 4398 2565 4444 et
2613 4388 2899 4442 adhaerebit
2953 4387 3109 4439 uxori
3143 4401 3273 4446 sum,
3308 4393 3356 4437 et

1783 4496 1934 4540 erunt
1975 4484 2077 4538 duo
2129 4486 2181 4539 in
2226 4499 2435 4537 cantem
2484 4498 2643 4534 unam
2680 4481 2723 4533 °.
2772 4477 2956 4548 Neque
3006 4478 3148 4531 enim
3178 4484 3355 4529 certos

1788 4577 2038 4630 homines
2082 4575 2224 4630 ferre
2253 4590 2500 4644 possum,
2546 4572 2643 4642 qui
2678 4570 2930 4624 consulto
2966 4576 3241 4637 nugantur
3290 4580 3356 4619 ac

1778 4664 2088 4734 Scripturas
2136 4663 2607 4733 impudentissime
2648 4661 2996 4728 detorquent,
3037 4673 3147 4727 quo
3177 4672 3334 4711 suum

1767 4756 1912 4811 illud
1962 4757 2029 4811 de
2084 4756 2319 4810 tollenda
2368 4754 2772 4810 resurrectione
2805 4752 3001 4820 dogma
3054 4748 3349 4819 procedat;

1775 4846 1867 4917 qui
1912 4846 2035 4901 ideo
2069 4854 2123 4901 et
2173 4860 2301 4901 ossa
2342 4844 2587 4916 quaedam
2635 4840 3018 4911 intelligibilia,
3056 4847 3109 4894 et
3152 4852 3349 4893 carnes

1779 4938 2028 4993 similiter
2071 4938 2441 5008 intelligibiles
2487 4934 2783 4991 commenti
2827 4944 2976 4996 sunt,
3020 4946 3083 4985 ac
3113 4930 3227 4985 suis
3271 4929 3352 4983 al-

1776 5031 1996 5101 legoriis
2032 5032 2167 5086 alias
2209 5030 2368 5085 aliter
2412 5044 2633 5083 sursum
2665 5026 3032 5093 deorsumque
3070 5037 3189 5077 sese
3220 5036 3354 5075 con-

1775 5131 2013 5176 vertunt.
2049 5122 2209 5192 Atqui
2240 5122 2354 5175 haec
2400 5117 2623 5190 perinde
2669 5132 2735 5172 ac
2781 5116 2985 5185 scripta
3024 5120 3171 5175 sunt,
3204 5111 3351 5166 acci-

1776 5214 1971 5284 pienda
2007 5229 2129 5269 esse
2172 5212 2378 5267 Christi
2429 5211 2719 5267 confirmat
2762 5208 3080 5270 auctoritas,
3123 5204 3213 5260 ubi
3267 5204 3347 5258 in-

1777 5306 2181 5376 terrogantibus
2212 5304 2505 5359 Pharisaeis
2533 5302 2602 5359 de
2631 5303 2821 5359 uxoris
2840 5298 3098 5363 divortio,
3120 5312 3349 5366 respon-

1773 5396 1866 5451 det
1898 5398 1918 5429 "
1950 5416 1964 5452 :
1998 5397 2076 5451 Ab
2116 5398 2269 5453 initio
2307 5399 2398 5467 qui
2437 5398 2634 5452 creavit
2676 5395 2971 5451 masculum
2999 5401 3047 5447 et
3096 5391 3346 5461 feminam

1774 5486 1927 5555 fecit,
1973 5498 2023 5541 et
2056 5487 2191 5541 dixit
2219 5504 2236 5543 :
2274 5488 2495 5557 Propter
2528 5489 2624 5543 hoc
2664 5488 2915 5558 relinquet
2949 5485 3102 5538 homo
3147 5490 3346 5550 patrem

147 5609 165 5639 ⁸
188 5608 501 5675 Corruptus
532 5603 621 5658 hic
647 5603 832 5675 locus.
896 5606 916 5635 '
943 5604 1070 5660 Cor.
1100 5602 1455 5675 προχωρήσῃ.
1520 5602 1541 5634 ³
1567 5600 1676 5657 Gen

1780 5642 1785 5662 ι
1816 5602 1903 5672 16,
1934 5605 2014 5659 l7.
2091 5606 2113 5638 δ
2144 5604 2289 5662 Psal.
2326 5622 2421 5672 vn,
2454 5606 2540 5661 15.
2606 5604 2783 5663 'Gen.
2813 5621 2893 5669 ιιι,
2917 5602 3006 5658 Si.
3068 5600 3089 5632 ⁸
3118 5598 3255 5656 Cen.
3286 5612 3328 5654 ιι

80 5676 181 5741 9-5.
208 5676 301 5731 24.
377 5673 401 5707 ⁷
436 5673 625 5730 Matth.
664 5689 777 5740 xix,
808 5674 862 5729 Δ.
