3822 6292
416 253 549 309 ΗΟἹ

1798 254 1857 310 S.
1897 254 2237 312 EPIPIIANII

3553 251 3686 306 Ηθὲ

414 376 461 422 et
501 370 745 429 m‘atrem,
799 374 905 423 etc.
942 367 1159 440 Alioqui
1209 372 1484 441 quomodo
1530 373 1598 429 de
1638 373 1836 431 animis
1866 376 2000 431 solis

2126 376 2298 448 μυχῶν
2331 377 2491 447 μόνον
2535 375 2619 439 τὸ,
2657 372 3029 439 Αὑξάνεσθε.
3062 370 3162 425 καί
3190 368 3549 438 πληρώσατε
3576 369 3689 435 τὴν

416 455 644 527 intelligi
684 456 832 513 istud
877 464 1057 527 potest
1089 477 1102 513 :
1136 458 1367 515 Crescite
1398 472 1446 515 et
1476 462 1666 531 replete
1720 472 1917 517 terram
1944 467 2002 520 “3

416 550 544 603 Item
577 547 709 603 illud
746 566 759 602 :
796 550 1007 618 Accepit
1040 548 1183 604 Deus
1213 551 1278 605 de
1311 554 1434 607 limo
1467 566 1641 620 ten-te,
1672 565 1721 609 et
1752 556 2000 626 formavit

417 642 676 697 hominem
708 644 768 710 ’.ς
801 642 947 713 quod
995 642 1062 699 de
1106 659 1337 715 corpore
1372 648 1595 717 proprie
1622 648 1826 703 dictum
1856 650 2003 707 vide-

418 741 526 789 tur.
575 732 761 805 Neque
801 736 947 791 enim
993 735 1061 792 de
1098 736 1472 809 limo,‘deque
1505 741 1852 809 gravioribus
1895 742 2002 797 illis

419 827 802 897 concretisque
834 828 999 883 rebus
1026 844 1181 882 suam
1217 829 1397 883 anima
1429 838 1683 885 naturam
1709 834 2001 903 expressit.

422 918 498 972 Ex
530 933 640 989 quo
672 920 979 974 certissime
1009 918 1141 973 illud
1164 918 1417 984 edicitur,
1443 930 1571 978 ante
1601 923 1860 994 pelliceas
1883 926 2006 981 illas

422 1011 637 1065 tunicas
680 1025 910 1080 corpore
960 1010 1251 1079 praeditum
1295 1012 1569 1067 hominem
1628 1013 1819 1069 fuisse.
1881 1013 2006 1069 limo

424 1104 566 1159 enim
595 1102 778 1157 omnia
812 1110 938 1158 ante
966 1102 1205 1160 hominis
1250 1103 1462 1173 lapsum
1503 1108 1857 1175 pronuntiata
1886 1123 2010 1164 esse

424 1203 675 1263 constat;
719 1202 917 1249 caetera
964 1209 1093 1250 vero
1120 1194 1188 1249 de
1242 1195 1444 1251 tunicis
1490 1197 1710 1252 nonnisi
1757 1206 1879 1267 post
1924 1198 2006 1253 la-

425 1302 606 1359 psum.

493 1377 860 1445 Quamobrem
894 1380 1295 1437 consideranda
1327 1382 1485 1437 nobis
1506 1398 1668 1454 porro
1702 1390 1848 1448 sunt,
1888 1398 2011 1454 qua:

425 1470 484 1525 in
534 1470 791 1527 manibus
841 1471 1128 1540 habemus,
1176 1489 1299 1528 cum
1346 1473 1483 1528 illud
1523 1475 1737 1530 abunde
1785 1475 2011 1531 demon-

426 1562 807 1626 straverimus,
860 1572 1105 1619 scorteas
1160 1565 1280 1620 illas
1339 1564 1556 1619 tunicas
1618 1580 1849 1634 corpora
1899 1580 2010 1619 non

427 1656 621 1719 fuisse,
656 1655 752 1712 sed
795 1655 941 1709 illam
977 1670 1007 1708 a
1050 1655 1280 1719 ratione,
1321 1656 1468 1711 velut
1511 1657 1829 1712 animalium
1864 1672 2012 1711 mor-

2103 470 2242 542 γῆν,
2281 468 2699 541 παραληπτέονς
2740 467 2774 537 ἢ
2824 466 2905 527 τὸ,
2956 464 3177 518 Ἕλαϐε
3218 462 3373 531 χοῦν
3417 460 3534 515 ἀπὸ
3578 460 3687 527 τῆς

2104 562 2217 633 γῆς
2246 565 2278 615 ό
2306 562 2472 627 Θεὸς,
2508 560 2607 614 καὶ
2640 558 2877 613 ἔπλασε
2905 557 3013 611 τὸν
3053 557 3368 625 ἄνθρωπον
3386 572 3400 585 ο
3432 556 3460 608 ὃ
3489 556 3687 626 mpii-lg

2104 654 2197 706 ἐπὶ
2243 652 2338 706 τοῦ
2390 652 2645 724 σώματος
2689 649 2941 720 λελέχθαι
2995 648 3263 718 φαίνεται.
3301 649 3377 701 Οὐ
3430 648 3536 718 γὰρ
3580 649 3684 700 ἀπὺ

2104 746 2199 800 τοῦ
2239 746 2361 817 χοὸς
2399 745 2493 798 καὶ
2537 743 2645 797 τῶν
2696 742 3016 813 βαρυτέρων
3062 741 3161 811 τὴν
3203 741 3393 794 οὐσίαν
3428 742 3683 809 ἐκτήσατο

2106 841 2139 909 ἡ
2177 838 2345 908 ψυχή.
2397 837 2563 889 ’Ὥστε
2615 834 2949 905 συνέστηκεν
2996 834 3061 885 ἐκ
3107 832 3308 896 παντὸς
3349 831 3682 900 ἀληθέστατα

2108 928 2215 999 πρὸ
2242 928 2347 981 τῶν
2378 926 2721 998 δερματίνων
2755 923 3302 996 σεσωματοποιῆσθαι
3333 921 3570 992 χιτώνων
3594 922 3687 974 τὸν

2109 1019 2412 1090 ἄνθρωπον.
2436 1018 2625 1073 Ταῦτα
2661 1016 2771 1089 γὰρ
2808 1017 2915 1088 πρὸ
2945 1014 3037 1069 τοῦ
3065 1016 3317 1067 ἐκπεσεῖν
3333 1013 3495 1066 αὐτὸν
3517 1012 3681 1066 ἀπαν-

2107 1130 2177 1167 τα
2208 1114 2424 1184 εῖρηται
2444 1130 2457 1143 ·
2490 1111 2561 1166 τὰ
2596 1111 2655 1165 δὲ
2683 1110 2824 1165 κατὰ
2858 1109 2984 1173 τοὺς
3010 1107 3243 1181 χιτῶνας
3272 1107 3411 1179 μετά
3442 1105 3503 1158 τὸ
3526 1108 3683 1158 €217:-

2112 1208 2245 1259 σεῖν.

2186 1382 2350 1437 Ὅθεν
2401 1383 2571 1453 ῖωμεν
2615 1379 2778 1434 πάλιν
2821 1379 3241 1450 ἐπισκεψόμενοι
3274 1378 3344 1431 τὰ
3388 1378 3447 1429 ἐν
3485 1377 3683 1447 χερσὶν,

2116 1474 2318 1539 ἱκανῶς
2360 1473 2746 1539 ἀποδείξαντες
2781 1474 2856 1545 μὴ
2894 1469 3032 1526 εἶναι
3063 1474 3189 1537 τοὺς
3219 1472 3576 1543 δερματίνους
3605 1488 3686 1539 χι-

2114 1566 2292 1631 τῶνας
2314 1566 2385 1619 τὰ
2413 1565 2663 1636 σώματα,
2689 1566 2824 1619 ἀλλά
2855 1566 2955 1637 τὴν
2977 1565 3083 1619 ἀπὸ
3105 1563 3200 1617 τοῦ
3224 1562 3384 1631 λόγου
3406 1562 3515 1615 τῶν
3540 1561 3687 1626 ζώων

2116 1660 2418 1729 νεκρότητα
2471 1658 3016 1729 κατεσκευασμένην·
3059 1656 3218 1710 τοῦτο
3270 1656 3380 1726 γὰρ
3426 1655 3685 1707 λείπεται.

428 1757 562 1811 tem,
593 1755 726 1803 tunc
776 1748 1042 1819 temporis
1084 1748 1378 1817 perfectam
1414 1767 1427 1802 :
1467 1748 1570 1802 hoc
1610 1749 1754 1803 enim
1790 1748 2009 1804 «lentum

2127 1750 2345 1821 ’Λμέλει
2373 1750 2483 1803 τῶν
2516 1752 2659 1821 ὅρων
2689 1750 2793 1814 ἐξω
2828 1749 2921 1805 τοῦ
2958 1749 3291 1821 παραδείσου
3321 1748 3465 1802 κατὰ
3491 1748 3687 1819 ταύτην

430 1846 700 1909 superest.
748 1836 1021 1905 Quocirca
1079 1845 1234 1894 extra
1288 1838 1532 1907 paradisi
1587 1840 1886 1904 terminos,
1941 1840 2015 1895 ob

428 1946 549 1985 eam
588 1946 811 1985 causam
864 1930 1102 1998 eiicitur.
1156 1928 1275 1984 Non
1325 1930 1470 1984 enim
1516 1931 1662 2000 quod
1708 1945 1774 1985 ex
1818 1930 2013 1985 arbore

430 2024 555 2077 vitae
598 2037 758 2093 poma
808 2022 1100 2092 decerpere
1148 2038 1212 2077 ac
1254 2022 1541 2077 comedere
1588 2022 1781 2087 nollet,
1844 2022 2015 2078 homi-

431 2131 555 2170 nem
587 2114 730 2170 Deus
765 2115 887 2169 ideo
916 2114 1222 2169 deturbavit
1266 2115 1518 2185 (poterat
1543 2116 1744 2185 quippe
1787 2115 1841 2169 in
1873 2131 2014 2171 sem-

431 2209 707 2278 piternum
737 2207 937 2272 vivere,
975 2222 1099 2262 cum
1134 2207 1362 2262 subinde
1393 2222 1459 2261 ex
1490 2206 1641 2261 vitali
1684 2207 1775 2261 illa
1819 2208 2016 2263 arbore

431 2296 804 2368 comedisset),
835 2298 929 2353 sed
961 2312 1028 2353 ne
1057 2296 1382 2361 immortale,
1414 2297 1492 2351 uti
1520 2296 1780 2363 diximus,
1812 2300 2013 2353 malum

433 2396 600 2451 esset,
635 2386 738 2443 sibi
771 2386 1081 2441 cavendum
1130 2386 1355 2455 putavit.
1392 2386 1607 2457 Alioqui
1646 2388 1776 2458 quid
1822 2389 2015 2443 attine-

434 2479 526 2532 bat
566 2478 845 2534 Christum
882 2477 1044 2550 547
1099 2479 1153 2533 in
1202 2487 1377 2535 terras
1422 2496 1452 2535 e
1498 2480 1639 2535 cmlo
1682 2480 1919 2548 mittere,
1969 2480 2017 2535 si

433 2568 657 2624 omnino
699 2569 845 2623 nulla
878 2569 1002 2623 vita:
1032 2580 1185 2640 parte
1229 2578 1446 2641 gustata
1488 2570 1763 2625 hominem
1799 2571 2018 2640 penitus

435 2660 596 2716 vellet
623 2660 935 2730 exstingui?
962 2658 1118 2726 Quod
1155 2660 1199 2715 si
1223 2661 1486 2715 nonnulla
1513 2661 1677 2715 veluti
1698 2662 2017 2731 pmuitentia

435 2751 661 2805 ductum
723 2751 872 2807 istud
928 2752 1106 2822 egisse
1153 2750 1322 2807 Deum
1374 2752 1722 2808 adversarius
1772 2753 2014 2824 objiciat,

437 2844 710 2900 imbecilla
738 2860 803 2900 ea
833 2845 976 2899 ratio
1008 2853 1113 2910 est,
1144 2860 1265 2916 quae
1294 2845 1510 2900 consilii
1552 2846 1606 2899 in
1639 2845 1807 2901 Deum
1840 2854 2020 2901 muta-

438 2940 643 2995 tionem
673 2938 903 2995 invehit.
930 2936 1038 2994 Sed
1064 2953 1241 3010 neque
1271 2939 1495 3009 ignarus
1525 2938 1694 2993 futuri
1728 2938 1870 2996 Deus
1912 2948 2017 3003 est,

438 3048 542 3087 nec
578 3031 803 3086 elIector
850 3031 1011 3097 mali;
1044 3030 1139 3087 sed
1167 3040 1222 3087 et
1271 3032 1449 3086 bonus
1490 3031 1544 3085 in
1589 3032 1781 3101 primis
1823 3042 1926 3097 est,
1969 3042 2021 3088 et

439 3124 749 3180 futurorum
781 3123 1068 3194 praescius.
1119 3122 1300 3189 Quare
1348 3138 1459 3177 non
1504 3121 1623 3177 ideo
1652 3122 1880 3204 ejecisse
1915 3140 2018 3194 pu-

442 3217 640 3272 tandus
672 3224 756 3272 est
790 3232 878 3280 ne,
913 3218 959 3271 si
987 3232 1052 3271 ex
1084 3216 1297 3272 arboris
1328 3216 1449 3269 vita:
1477 3214 1657 3269 fructu
1688 3216 2017 3283 comederet,

441 3312 498 3367 in
527 3321 790 3368 aeternum
830 3309 1133 3368 servandus
1164 3307 1340 3375 foret;
1374 3308 1467 3364 sed
1496 3319 1555 3364 ut
1596 3317 1878 3380 peccatum
1910 3309 2021 3381 pri-

2116 1840 2443 1907 ἐξοικίζεται
2472 1843 2571 1914 τὴν
2600 1842 2796 1897 αἰτίαν.
2829 1842 2903 1896 Οὐ
2932 1842 3041 1913 γὰρ
3072 1843 3153 1895 ὅτι
3194 1841 3269 1913 μὴ
3309 1842 3479 1894 θέλων
3505 1844 3533 1895 ὁ
3563 1842 3691 1904 Θεὸς

2116 1934 2225 1987 ἀπὸ
2254 1933 2347 1986 τοῦ
2382 1933 2537 1998 ξύλου
2582 1932 2881 2005 δρέψασθαι
2921 1934 3018 2004 τῆς
3059 1933 3205 2002 ζωῆς
3240 1933 3424 1995 αὑτὸν,
3468 1932 3564 1986 καὶ
3595 1951 3693 2001 ςα-

2116 2028 2253 2095 γεῖν,
2278 2024 2529 2093 ἐξέϐαλεν
2562 2025 2823 2096 (ἠδύνατο
2850 2025 2959 2095 γὰρ
2979 2026 3057 2087 είς
3081 2024 3173 2077 τὸν
3200 2024 3371 2077 αἰῶνα
3397 2024 3517 2093 ζῇν,
3544 2020 3693 2085 αὖθις

2117 2115 2306 2185 φαγὼν
2353 2114 2458 2169 ἀπὸ
2498 2116 2597 2187 τῆς
2644 2114 2842 2186 ζωῆς),
2875 2114 2995 2168 ἀλλ’
3017 2116 3104 2167 ἴνα
3151 2115 3225 2185 μὴ
3272 2114 3578 2177 ἀθάνατον,
3621 2115 3692 2177 ὡς

2119 2207 2450 2279 ὑπεθέμεθα,
2485 2206 2688 2279 γενηθῇ
2723 2206 2784 2259 τὸ
2817 2206 3005 2261 κακόν.
3050 2204 3203 2259 Ἐπεὶ
3230 2205 3319 2258 διὰ
3356 2205 3410 2258 τί
3434 2206 3526 2258 τὸν
3563 2206 3691 2276 Χρι-

2121 2296 2242 2351 στὸν
2266 2295 2373 2349 ἀπὸ
2396 2296 2502 2349 τῶν
2522 2296 2765 2367 οὐρανῶν
2793 2294 3111 2349 ἀπέστειλεν
3131 2297 3209 2359 είς
3240 2296 3333 2367 τὴν
3356 2295 3482 2365 γῆν,
3502 2298 3549 2347 εἰ
3565 2296 3695 2358 ὅλως

2118 2390 2351 2461 ἠθέλησε
2378 2388 2524 2459 ζωῆς
2551 2390 2642 2441 τὸν
2676 2386 2963 2459 ἄνθρωπον
3002 2387 3264 2456 ἄγευστον
3296 2387 3589 2441 ἀποθανεῖν
3622 2390 3695 2451 εἰς

2118 2482 2178 2534 τὸ
2226 2480 2525 2548 παντελέςς
2572 2482 2635 2534 Εἰ
2668 2479 2725 2533 δὲ
2761 2482 2824 2533 ἐκ
2868 2478 3171 2551 μεταμέλου
3219 2478 3375 2531 τοῦτο
3424 2480 3559 2550 φαίη
3601 2498 3695 2531 πε·

2122 2573 2407 2643 ποιηκέναι
2447 2572 2538 2625 τὸν
2578 2572 2710 2626 Θεὸν
2749 2574 2776 2625 ὁ
2827 2572 3139 2640 ἀντιλέγων,
3185 2571 3417 2640 ἀσθενὴς
3460 2572 3642 2627 αὐτῶν
3673 2575 3699 2626 6

2120 2665 2298 2734 λόγος,
2338 2664 2810 2736 μεταγινώσκοντα
2833 2666 2924 2718 τὸν
2954 2665 3086 2718 Θεὸν
3114 2664 3369 2735 εἰσάγων.
3412 2666 3550 2719 Ἀλλ’
3577 2666 3697 2720 οὗτε

2121 2758 2375 2824 ἀξύνετος
2395 2758 2488 2811 τοῦ
2509 2758 2793 2829 μέλλοντος
2805 2758 2959 2823 Θεὸς,
2979 2758 3101 2811 οὔτε
3120 2760 3433 2826 κακοποιὸς,
3452 2758 3587 2812 ἀλλὰ
3610 2759 3699 2811 καὶ

2122 2853 2305 2923 ἄκρως
2332 2851 2555 2921 ἀγαθὸς,
2596 2852 2690 2904 καὶ
2723 2849 3111 2923 προγινώσκων
3132 2851 3201 2904 τὰ
3228 2850 3504 2922 μέλλοντα.
3538 2852 3697 2905 Ὥστε

2122 2945 2223 2998 οὐκ
2251 2945 2358 3015 ἄρα
2393 2944 2479 2997 διὰ
2507 2944 2568 2996 τὸ
2612 2944 2687 3015 μὴ
2716 2943 2983 3007 σώζεσθαι
3017 2945 3095 3007 είς
3124 2944 3215 2997 τὸν
3249 2944 3418 2997 αἰῶνα
3460 2944 3699 3012 φαγόντα

2122 3035 2282 3089 αὐτὸν
2305 3035 2412 3089 ἀπὸ
2432 3035 2523 3088 τοῦ
2548 3034 2704 3104 ξύλου
2737 3038 2835 3107 τῆς
2866 3036 3033 3105 ζωῆς,
3056 3035 3333 3101 ἐξέϐαλεν,
3366 3036 3499 3089 ἀλλὰ
3531 3037 3620 3090 διὰ
3644 3038 3700 3088 τὸ

2125 3127 2465 3199 νεκρωθῆναι
2494 3126 2709 3199 πρῶτον
2730 3127 2946 3197 θανάτῳ
2964 3128 3062 3200 τὴν
3078 3129 3353 3199 ἁμαρτίαν
3370 3145 3383 3158 ’
3412 3128 3477 3182 ἵν’
3504 3126 3698 3193 οὕτως,

2131 3219 2268 3292 μετά
2302 3220 2362 3272 τὸ
2410 3218 2699 3272 ἀποθανεῖν
2736 3220 3061 3290 ἐκτακείσης
3088 3221 3190 3289 τῆς
3226 3221 3515 3293 ἁμαρτίας,
3550 3224 3697 3292 ἐγερ-

2129 3311 2243 3374 θεὶς
2268 3310 2362 3365 ἄνθ
2373 3328 2550 3381 ρωπος
2576 3310 2818 3382 καθαρὸς
2843 3311 2991 3383 φάγῃ
3025 3312 3123 3382 τῆς
3151 3311 3313 3383 ζωῆς.

440 3421 592 3461 mum
646 3404 889 3460 omnium
927 3410 1103 3458 morte
1129 3402 1507 3473 perimeretur,
1557 3410 1717 3473 atque
1760 3404 1857 3468 ita,
1912 3418 2038 3457 cum
2070 3412 2218 3460 esset
2264 3412 2550 3469 mortuus,
2601 3404 2749 3460 velut
2799 3413 3125 3475 consumpto
3164 3405 3510 3475 eliquatoque
3584 3420 3697 3475 pec-

442 3510 586 3563 cato,
623 3500 896 3555 excitatus
940 3498 1008 3553 ad
1046 3497 1212 3552 vitam
1268 3496 1452 3560 homo,
1503 3511 1567 3550 ac
1611 3496 1797 3567 purior
1840 3498 2017 3553 factus
2056 3498 2168 3553 vita
2194 3507 2530 3553 vesceretur.

515 3592 707 3647 XXIV.
746 3592 859 3648 Nec
904 3599 989 3647 est
1037 3590 1183 3660 quod
1232 3591 1465 3645 stolidus
1513 3590 1785 3659 quispiam
1831 3599 2033 3647 temere

443 3686 655 3756 jactare
701 3683 919 3748 audeat,
949 3683 1109 3737 aliter
1138 3681 1254 3736 haec
1302 3697 1425 3737 esse
1470 3683 1845 3751 pronuntiata.
1895 3682 2032 3737 Nam

446 3778 541 3848 qui
578 3791 803 3830 carnem
831 3775 973 3829 hanc
1022 3772 1424 3828 immortalitati
1470 3772 1750 3844 capienda:
1780 3772 2030 3826 idoneam

445 3885 571 3924 esse
619 3868 837 3938 penitus
884 3876 1066 3938 negat,
1123 3866 1214 3921 hic
1267 3864 1505 3921 vesaniae
1558 3866 1748 3920 morbo
1779 3865 2033 3921 laborans

446 3961 861 4017 contumeliosis
904 3961 957 4014 in
989 3958 1157 4013 Deum
1195 3958 1423 4014 vocibus
1471 3958 1665 4012 utitur.
1716 3957 1827 4013 Cur
1859 3959 2028 4022 enim,

447 4067 805 4127 posteaquam
837 4052 1077 4124 pellicere
1105 4052 1305 4105 tunicae
1334 4060 1581 4106 consulte
1611 4058 1759 4117 sunt,
1788 4048 2030 4106 Adamus

445 4147 688 4217 ejicitur,
725 4160 789 4199 ac
818 4144 945 4199 vita:
976 4142 1230 4198 arborem
1272 4142 1541 4212 attingere
1572 4140 1861 4210 vivereque
1905 4155 2031 4209 pro-

445 4238 693 4305 hibetur;
736 4237 783 4292 si
830 4235 947 4291 ﬂeri
979 4234 1205 4290 omnino
1232 4248 1342 4288 non
1376 4239 1578 4302 potest,
1624 4240 1683 4286 ut
1726 4232 1782 4285 in
1831 4233 2031 4301 sempi-

447 4342 665 4385 ternum
717 4328 887 4381 vitam
938 4326 1103 4381 homo
1153 4342 1279 4383 cum
1328 4342 1564 4398 corpore
1605 4326 1892 4381 traducat?
1939 4327 2030 4381 Sic

2200 3593 2326 3645 KA'.
2367 3590 2575 3663 Μηδεὶς
2615 3591 2670 3644 δὲ
2716 3590 3007 3662 ἀϐέλτερος
3043 3590 3118 3643 ὢν
3168 3588 3701 3661 παρακινδυνευέτω,

2128 3684 2203 3748 ώς
2228 3685 2435 3737 τούτων
2485 3684 2689 3755 ἐτέρως
2728 3683 3047 3754 λεχθέντων.
3093 3684 3151 3736 Ὀ
3191 3683 3298 3754 γὰρ
3328 3682 3479 3745 νόλως
3529 3682 3697 3752 ὁριζό-

2132 3794 2291 3848 μενος
2322 3776 2421 3847 τὴν
2452 3776 2632 3848 σάρκα
2670 3776 2743 3847 μὴ
2774 3772 2913 3829 εἶναι
2961 3775 3167 3847 ταύτην
3205 3775 3500 3837 ἀθανασίας
3527 3774 3697 3826 δεκτι-

2130 3867 2253 3939 κῆν,
2274 3868 2443 3932 ὅντως
2472 3869 2657 3932 ἀνοίας
2685 3867 2933 3931 ὑπαίτιος
2965 3866 3040 3919 ὢν
3066 3868 3223 3937 νόσῳ,
3253 3866 3578 3937 βλασφημεῖ.
3613 3865 3699 3919 Διὰ

2129 3959 2187 4012 τί
2223 3959 2330 4031 γὰρ
2385 3959 2523 4030 μετὰ
2571 3960 2669 4031 τὴν
2706 3959 2815 4011 τῶν
2855 3958 3097 4029 χιτώνων
3138 3958 3244 4012 τῶν
3294 3958 3634 4029 δερματίνων
3677 3958 3701 4011 ὁ

2145 4050 2319 4121 Ἀδὰμ
2356 4051 2699 4120 κατασκευὴν
2740 4049 3061 4104 ἐκϐάλλεται
3085 4090 3098 4111 ,
3143 4049 3481 4120 κωλυόμενος
3516 4052 3700 4118 φαγεῖν

2132 4140 2240 4193 ἀπὸ
2270 4140 2363 4193 τοῦ
2394 4140 2553 4206 ξύλου
2588 4140 2687 4209 τῆς
2717 4140 2883 4211 ζωῆς,
2924 4142 3017 4194 καὶ
3052 4142 3235 4212 ζῆσαι,
3273 4144 3321 4194 εἰ
3349 4141 3483 4204 ὅλως
3514 4140 3699 4194 ἀδύνα-

2131 4248 2224 4285 τον
2252 4227 2319 4303 ἦν
2353 4232 2490 4302 μετὰ
2515 4232 2766 4302 σώματος
2796 4235 2874 4295 εἰς
2896 4232 2986 4284 τὸν
3012 4232 3182 4285 αἰῶνα
3208 4231 3367 4302 ζῆσαι
3390 4232 3481 4283 τὸν
3501 4230 3701 4302 ἂνθρω-

2133 4339 2271 4391 πον;
2312 4324 2398 4387 Ὠς
2439 4324 2744 4393 δυναμένου
2781 4324 2891 4395 γὰρ
2926 4324 3089 4377 αὐτοῦ
3141 4323 3221 4395 μὴ
3252 4324 3583 4388 ἀποθανεῖν,
3617 4323 3701 4376 ἐὰν

447 4422 594 4476 enim
645 4406 960 4478 interdictio
1006 4419 1099 4473 illa
1140 4419 1286 4474 edita
1332 4392 1449 4481 est;
1476 4427 1735 4489 tanquam
1782 4418 1893 4472 vita
1940 4418 2016 4472 nn

2135 4407 2377 4483 ἀπδτῆς
2408 4411 2554 4483 ζωῆς
2582 4392 3089 4484 γεύσηται-λαϐὼν,
3196 4392 3429 4475 κώλυσις
3478 4414 3699 4480 γίνεται.

446 4515 735 4585 degustata
784 4520 1013 4567 mortem
1064 4518 1252 4581 posset
1302 4509 1556 4580 elingere.
1596 4508 1685 4562 Sic
1726 4509 1872 4563 enim
1905 4508 2024 4561 ait:

448 4609 597 4664 Fecit
632 4610 811 4678 itaque
842 4606 1099 4660 Dominus
1130 4603 1272 4659 Deus
1295 4602 1470 4656 Adam
1495 4614 1544 4657 et
1573 4602 1729 4656 uxori
1748 4601 1861 4671 ejus
1896 4600 2038 4653 tuni-

447 4720 537 4756 cas
568 4701 837 4770 petliceas,
877 4708 925 4753 et
968 4696 1141 4751 induit
1185 4695 1329 4751 illos.
1375 4693 1443 4747 Et
1490 4695 1628 4747 dixit
1682 4692 1869 4747 Deus:
1903 4690 2037 4745 Ecce

448 4797 625 4862 [actus
656 4802 733 4847 est
763 4792 959 4853 Adam,
1002 4790 1140 4843 sicut
1186 4804 1322 4843 unus
1351 4802 1416 4841 ex
1445 4784 1615 4849 nobis,
1653 4796 1710 4839 ut
1758 4794 2037 4855 cognoscat

376 4922 381 4923 ν
451 4888 642 4941 bonum
673 4894 721 4939 et
751 4888 969 4936 malum.
1005 4880 1073 4934 Et
1101 4896 1237 4935 nunc
1272 4896 1335 4933 ne
1365 4879 1503 4947 forte
1530 4876 1774 4932 extendat
1798 4893 2035 4943 manum,

449 4989 497 5032 et
532 4986 705 5030 sumat
736 4976 799 5028 de
826 4975 964 5045 ligno
989 4975 1147 5035 vitaz;
1192 4981 1240 5025 et
1277 4962 1523 5025 comedat
1539 4978 1589 5022 et
1619 4970 1757 5022 vivat
1801 4968 1854 5021 in
1883 4976 2037 5021 teter-

451 5088 596 5124 num.
638 5068 703 5121 Et
727 5068 901 5123 emisit
932 5066 1086 5121 illum
1126 5065 1386 5118 Dominus
1420 5061 1561 5116 Deus
1592 5078 1619 5115 e
1642 5060 1896 5130 paradiso
1945 5078 2030 5114 υοο

453 5163 697 5231 luptatis,
741 5170 797 5213 ut
846 5158 1157 5227 operaretur
1205 5167 1423 5220 terram,
1474 5171 1538 5210 ex
1580 5171 1683 5225 qua
1734 5162 2034 5221 assumptus

451 5264 550 5311 est.
590 5252 657 5305 Et
688 5251 836 5320 ejecit
878 5252 1049 5304 Adam
1078 5252 1119 5304 ³.
1157 5250 1525 5316 Quamobrem
1558 5254 1769 5317 poterat
1801 5248 1855 5300 in
1889 5256 2039 5299 teter-

452 5364 583 5404 uum
639 5346 823 5399 vivere
874 5359 1109 5412 corpus,
1161 5352 1215 5396 et
1260 5342 1566 5395 immortale
1625 5340 1768 5402 licri,
1817 5339 1923 5393 nisi
1970 5338 2040 5393 ab

453 5440 724 5512 gustanda
752 5438 862 5492 vita
911 5436 1050 5490 foret
1093 5435 1451 5505 prohibitum.
1486 5432 1578 5485 Est
1608 5443 1788 5485 autem
1834 5430 2041 5485 idcirco

456 5533 814 5607 prohibitum,
861 5538 919 5583 ut
963 5538 1017 5583 et
1064 5534 1350 5597 peceatum
1390 5525 1721 5580 exstinctum
1772 5539 1878 5577 una
1915 5538 2040 5576 eum

533 5694 549 5726 '
584 5692 719 5749 Gen.
753 5705 791 5758 ι,
825 5689 915 5745 28.
1033 5688 1052 5719 ³
1084 5686 1220 5742 Gen.
1255 5700 1315 5749 ιι,
1342 5684 1391 5737 7.
1471 5684 1491 5713 ³
1519 5681 1655 5735 Gen.
1685 5698 1766 5749 ιιι,
1798 5680 1988 5734 εει-ει.

2134 4506 2272 4575 Φησὶ
2303 4505 2441 4576 γάρ·
2486 4504 2598 4557 Kal
2643 4505 2895 4572 ἐποίησε
2928 4505 3144 4572 Κύριος
3168 4507 3202 4557 ὁ
3245 4504 3386 4569 Θεὸς
3426 4504 3504 4569 τῷ
3539 4504 3701 4571 Ἀδὰμ

2134 4596 2230 4648 καὶ
2268 4594 2343 4664 τῇ
2374 4596 2612 4664 γυναικὶ
2653 4595 2839 4649 αὑτοῦ
2879 4593 3133 4665 χιτῶνας
3156 4594 3546 4665 δερματίνας
3566 4610 3581 4623 ·
3614 4592 3701 4647 καί

2132 4686 2428 4741 ἐνέδυσεν
2456 4670 2700 4755 αὐτούς.
2728 4688 2839 4743 Kal
2872 4684 3039 4742 εἶπεν
3064 4692 3095 4743 ὀ
3138 4687 3309 4752 Θεός’
3356 4686 3507 4740 Ἰδοὺ
3555 4686 3702 4754 γέγρ-

2134 4798 2241 4835 rer
2279 4784 2447 4852 Ἀδὰμ
2480 4783 2558 4849 ὡς
2592 4778 2680 4848 εἷς
2718 4783 2787 4847 ἐξ
2816 4781 3006 4852 ἡμῶν,
3041 4781 3145 4835 τοῦ
3176 4780 3492 4851 γινώσκειν
3522 4780 3703 4831 καλὸν

2135 4874 2236 4925 καὶ
2263 4875 2552 4942 πονηρόν.
2578 4875 2686 4929 Καὶ
2716 4874 2831 4928 νῦν
2858 4874 3092 4944 μήποτε
3116 4873 3353 4939 ἐκτείνῃ
3379 4870 3492 4938 τὴν
3524 4870 3704 4939 χεῖρα,

2135 4967 2237 5021 καὶ
2278 4966 2434 5035 λάϐῃ
2485 4968 2591 5020 τοῦ
2648 4968 2839 5031 ξύλου
2886 4966 2995 5035 τῆς
3016 4965 3199 5033 ζωῆς,
3234 4966 3330 5019 καὶ
3376 4962 3578 5033 φάγῃ,
3616 4962 3703 5015 καί

2137 5058 2383 5128 ζήσεται
2412 5063 2499 5126 εἰς
2533 5060 2639 5115 τὸν
2676 5059 2883 5116 αἰῶνα.
2916 5059 3027 5113 Καὶ
3067 5058 3495 5122 ἐξαπέστειλεν
3526 5057 3705 5108 αὑτὸν

2134 5152 2349 5219 Κύριος
2395 5155 2427 5206 ό
2466 5151 2611 5218 Θεὸς
2648 5152 2717 5205 ἐκ
2772 5151 2878 5206 τοῦ
2926 5149 3292 5218 παραδείσου
3340 5145 3447 5213 τῆς
3486 5144 3703 5213 τρνφῆς

2133 5245 2477 5316 ἐργάζεσθαι
2519 5244 2633 5312 τὴν
2660 5244 2799 5314 γῆν.
2828 5243 2895 5307 ἐξ
2937 5238 3011 5311 ἧς
3039 5241 3292 5309 ἐλήφθη.
3322 5238 3428 5292 Kal
3469 5236 3704 5299 ἐξέὄαλε

2138 5338 2246 5392 τὸν
2283 5336 2486 5407 Ἀδάμ.
2537 5335 2747 5389 Οὐκοῦν
2787 5333 3178 5405 ἠδύνατοκζῇν,
3238 5332 3283 5382 εἰ
3321 5329 3396 5399 μὴ
3443 5326 3705 5379 κεκώλυτο

2140 5430 2443 5498 γεύσασθαι
2468 5429 2567 5499 τῆς
2593 5428 2758 5498 ζωῆς.
2789 5425 3068 5494 Ἐκωλύθη
3092 5424 3171 5485 δὲ,
3189 5424 3337 5484 ὅπως
3359 5424 3391 5490 ἠ
3417 5421 3514 5489 μὲν
3542 5421 3703 5487 ἀμαρ-

2142 5523 2232 5576 τία
2269 5522 2769 5577 συναποκτανθεῖσα
2798 5518 2876 5590 τῷ
2913 5517 3125 5598 σώματιἶ
3169 5517 3339 5597 θάνῃ,
3370 5516 3432 5567 τὸ
3458 5513 3518 5567 δέ
3563 5512 3702 5581 σῶμ
