3822 6292
84 259 240 318 M09

749 251 1120 312 ADVERSUS
1157 249 1502 308 [LERESES
1539 249 1668 304 ΕῙΒ.

1821 243 1986 304 TOM.
2029 244 2071 300 Ι.
2114 274 2183 284 -
2219 239 2494 296 ΗΑΞΒΕὸ.
2536 237 2713 294 LXIV.

3199 235 3350 290 ιιισ

85 374 311 446 ἀναστῇ,
349 372 457 444 τῆς
504 373 780 445 ἁμαρτίας
819 371 1332 443 ἀπολομένης..”1να
1363 370 1542 424 τοίνυν
1585 367 1659 439 μὴ

1794 377 1992 434 orpore
2022 367 2348 422 moreretur,
2377 364 2434 412 et
2479 371 2681 426 corpus
2723 358 2946 429 peccato
2999 355 3214 405 mortuo
3256 363 3338 404 re-

83 465 108 542 ᾗ
143 468 319 521 κακὸν
347 465 618 520 ἀθάνατον
645 468 675 520 6
697 465 1007 538 ἄνθρωπος,
1049 465 1125 528 ὼς
1165 463 1323 535 ἔφην,
1349 464 1382 535 ἢ
1416 461 1664 526 ἀείζωον,

84 560 221 629 ἔχων
259 560 318 612 ὲν
363 557 546 629 ἑαυτῷ
571 556 670 630 τὴν
701 557 982 628 ἁμαρτίαν
1025 555 1486 629 κρατιστεύουσαν
1509 595 1525 619 ,
1571 551 1668 607 ἀτε

83 654 137 705 ὲν
196 651 457 722 ἀθανάτῳ
506 651 890 724 βλαστήσασαν
946 650 1194 720 σώματι,
1249 649 1346 702 καὶ
1401 645 1668 701 ἀθάνατον

83 744 316 814 ἔχουσαν
345 744 576 816 τροφὴν,
609 745 639 798 6
674 744 808 807 Θεὸς
837 743 1002 797 αὑτὸν
1031 743 1122 797 διὰ
1154 740 1311 796 τοῦτο
1339 737 1532 810 θνητὸν
1565 737 1669 790 ἀπ·

84 835 326 904 εφήνατο
345 835 634 906 νεκρότητι
675 834 1005 905 περιϐαλών.
1045 835 1217 890 Τοῦτο
1249 835 1358 908 γάρ
1388 839 1437 890 οἱ
1464 836 1668 909 δερμά-

87 941 216 978 τινοι
246 925 481 995 χιτῶνες
518 924 833 979 ἐϐούλοντο·
867 927 954 980 ἴνα
989 926 1054 998 δὴ
1092 927 1182 982 διὰ
1206 931 1306 1000 τῆς
1338 927 1547 993 λύσεως
1573 928 1669 982 τοῦ

82 1015 338 1086 σώματος
387 1017 482 1070 καὶ
531 1018 632 1088 τῆς
679 1018 1001 1090 διαιρέσεως
1047 1021 1081 1090 ἡ
1129 1020 1373 1091 ἁμαρτία
1426 1019 1672 1075 κάτωθεν

84 1109 466 1181 αὑτόπρεμνος
500 1110 651 1162 πᾶσα
684 1110 956 1182 διαφθαρῇ
979 1127 992 1140 ⁶
1044 1110 1121 1174 ὡς
1161 1111 1296 1183 μηδὲ
1325 1112 1430 1164 κᾶν
1472 1109 1673 1182 βραχύ-

88 1217 242 1255 τατον
299 1201 458 1273 ῥίζης
515 1202 741 1274 ὲαθῆναι
790 1204 987 1272 μέρος,
1045 1205 1138 1273 ἀφ’
1179 1199 1242 1260 οὗ
1291 1205 1408 1259 νέαι
1447 1204 1672 1276 βλάσται

86 1293 248 1347 πάλιν
282 1296 706 1365 ἁμαρτημάτων
731 1295 1179 1360 ἀναϐλῦζωνται..

150 1474 288 1528 KE’.
332 1475 604 1548 Καθάπερ
639 1475 753 1548 γὰρ
787 1479 846 1531 ἐν
879 1478 1278 1550 οἰκοδομήμασι
1317 1479 1460 1534 ναῶν
1491 1479 1702 1535 καλῶνκ

86 1565 229 1636 συκῆ
257 1567 606 1637 γεννηθεῖσα,
631 1569 724 1621 καὶ
745 1569 826 1631 είς
846 1567 1067 1622 ἔκτασιν
1096 1568 1190 1622 καὶ¹
1221 1567 1450 1640 μέγεθος
1481 1571 1672 1640 εὐτρο-

87 1659 338 1729 φήσασα,
387 1659 484 1713 καὶ
531 1659 627 1712 ἐπὶ
667 1659 845 1723 πάσας
886 1659 986 1722 τὰς
1022 1659 1290 1730 ἁρμονίας
1320 1658 1672 1731 πολυκλημά-

1770 460 2036 525 surgeret.
2071 449 2238 519 Igitur
2268 463 2340 504 ne
2371 446 2679 502 immortale
2720 443 2993 514 quoddam
3036 455 3100 495 ac
3139 439 3342 510 sempi»

1770 551 1986 598 ternum
2039 539 2244 594 malum
2283 543 2432 593 esset
2480 535 2670 601 homo,
2717 540 2778 589 ut
2826 534 2939 602 jam
2975 531 3230 594 diximus,
3280 543 3344 582 ac

1770 635 1983 706 peccati
2012 634 2069 687 in
2105 645 2230 688 sese
2259 628 2689 686 dominationem
2717 623 2945 688 foveret,
2988 631 3172 691 utpote
3200 618 3344 690 quod

1771 725 2066 782 immortali
2108 725 2164 780 in
2209 735 2442 794 corpore
2467 718 2779 792 pullularet,
2813 724 2868 772 et
2897 713 3190 770 immortali
3218 725 3346 782 per-

1771 818 1898 875 inde
1924 819 2184 873 alimento
2217 814 2496 888 glisceret,
2525 821 2816 884 propterea
2864 807 3145 864 mortalem
3195 805 3347 858 illum

1772 911 1916 968 Deus
1949 926 2074 966 esse
2123 910 2319 975 voluit,
2362 922 2429 963 ac
2479 915 2655 961 morte
2687 899 2988 957 damnavit.
3044 896 3160 953 Hoc
3205 895 3348 951 enim

1773 1012 2000 1060 scortea:
2042 1002 2148 1059 illa:
2180 1001 2384 1057 tunicae
2412 995 2824 1070 signiﬁcabant;
2882 1000 2940 1047 ut
2987 987 3350 1045 dissolutione

1771 1099 2150 1169 divisioneque
2180 1097 2430 1169 corporis
2465 1108 2625 1150 omne
2654 1107 2720 1148 ex
2755 1091 2866 1144 imo
2899 1093 3184 1158 peccatum
3225 1083 3350 1138 stir-

1772 1191 1920 1264 pitus
1966 1198 2325 1254 enecaretur;
2361 1203 2427 1243 ac
2471 1202 2539 1242 ne
2589 1181 2922 1239 tenuissimae
2953 1177 3170 1248 quidem
3205 1175 3353 1229 ﬁbrae

1772 1288 2151 1346 remanerent;
2198 1279 2342 1334 unde
2375 1291 2516 1331 nova
2565 1272 2798 1329 subinde
2829 1269 3364 1340 germinaqieecatm

1773 1388 1897 1429 rum
1923 1369 2344 1428 emorescerent.

1844 1461 2012 1540 5&8
2050 1459 2215 1516 XXV;
2259 1457 2328 1514 Ut
2356 1459 2500 1514 enim
2527 1473 2558 1512 e
2587 1453 2996 1526 magniﬁcorum
3031 1448 3354 1519 templorum

1775 1537 2055 1611 structura
2088 1552 2380 1623 caprilicus
2417 1562 2705 1610 enasceus,
2740 1554 2905 1615 atque
2948 1543 3003 1596 in
3056 1539 3353 1596 maximam
3438 1537 3445 1546 '

1775 1644 2191 1716 amplitudinem
2224 1643 2564 1704 adolescens,
2589 1646 2646 1694 et
2679 1635 3075 1707 multiplicibus
3103 1631 3354 1686 radicum

88 1728 200 1811 τοις
255 1747 439 1818 ῥίζαις
482 1748 592 1803 τῶν
638 1747 800 1802 λίθων
829 1728 1126 1819 κεχυμένη,
1162 1748 1223 1801 οὐ
1273 1728 1670 1819 πρότερον-τοῦ

1792 1738 2022 1794 brachiis
2052 1752 2149 1807 per
2183 1731 2643 1805 omneslapidum
2679 1728 2872 1784 diﬂusa
2902 1739 3216 1796 compages,
3249 1738 3394 1777 non-

88 1839 247 1907 φύειν
300 1839 611 1905 στέλλεται,
659 1840 765 1904 ἕως
797 1841 948 1893 πᾶσα
999 1838 1362 1910 ἀποσπασθῇ,
1401 1839 1670 1893 λυθέντων

89 1929 205 1981 τῶν
229 1928 356 1981 καθ’
383 1927 478 1992 οὓς
505 1929 808 2000 ἐϐλάστησε
845 1929 1045 1992 τόπους
1075 1927 1184 1981 τῶν
1216 1927 1380 1981 λίθων
1399 1944 1414 1959 ·
1448 1928 1674 1982 δυνατὸν

41 2084 46 2094 ι
97 2023 196 2090 γὰρ
254 2020 422 2074 πάλιν
476 2021 557 2083 εἰς
605 2021 732 2084 τοὺς
765 2020 975 2074 ἑαυτῶν
1024 2019 1676 2092 ὲναρμοσθῆναιτόπους

87 2113 215 2174 τοὺς
268 2110 471 2176 λίθους,
512 2111 611 2181 τῆς
650 2111 823 2180 συκῆς
865 2110 1262 2182 ἀφῃρημένης,
1308 2109 1459 2171 ὅπως
1501 2110 1530 2161 ὁ
1575 2108 1675 2178 μὲν

87 2200 218 2264 ναὸς
248 2199 518 2272 σώζηται,
551 2200 716 2271 μηδὲν
750 2200 862 2256 τῶν
903 2197 1274 2269 ἀφανιζόντων
1299 2197 1461 2252 αὐτὸν
1490 2197 1678 2251 κακῶν

89 2291 273 2362 ἑαυτῷ
305 2291 506 2362 μηκέτι
541 2291 744 2362 φέρων,
775 2293 808 2362 ἡ
851 2291 909 2345 δὲ
949 2290 1086 2361 συκῆ
1125 2289 1679 2361 πᾶσαπροθέλυμνος

91 2386 518 2440 ἀποσπασθεῖσα
561 2386 838 2457 ἀποθάνῃ·
891 2384 1034 2438 κατά
1081 2383 1252 2439 ταῦτα
1284 2383 1379 2437 καὶ
1416 2387 1444 2438 6
1483 2382 1616 2447 Θεὸς
1651 2385 1681 2437 6

89 2480 350 2550 τεχνίτης
377 2478 470 2532 τὸν
498 2477 694 2531 ἑαυτοῦ
723 2476 833 2530 νεὼ
857 2476 950 2530 τὸν
969 2476 1278 2548 ἄνθρωπον,
1307 2473 1462 2544 δίκην
1482 2473 1682 2545 ἀγρίας

91 2571 270 2641 συκῆς
297 2569 400 2640 τὴν
435 2569 712 2641 ἁμαρτίαν
746 2569 1148 2640 βλαστήσαντα,
1183 2566 1418 2631 διέλυσε,
1450 2567 1680 2620 θανάτου

91 2663 462 2733 προσκαίροις
518 2662 848 2732 προσϐολαῖς
888 2661 1260 2724 ἀποκτείνων,
1306 2659 1451 2714 κατά
1490 2658 1550 2711 τὸ
1592 2675 1684 2726 γε·

93 2754 446 2826 γραμμένον,
483 2753 585 2807 καὶ
607 2752 918 2818 ζωοποιῶν,
950 2752 1037 2806 ἴνα
1085 2751 1248 2804 πάλιν
1290 2749 1400 2803 τῶν
1437 2748 1618 2803 αὐτῶν
1645 2752 1680 2820 ὴ

93 2847 235 2919 σάρξ
275 2845 460 2918 μερῶν
497 2845 638 2917 μετά
680 2844 741 2898 ca
778 2843 1142 2915 ξηρανθῆναι,
1177 2843 1272 2895 καὶ
1304 2840 1594 2895 ἀποθανεῖν
1623 2841 1684 2894 τὸ

93 2940 324 3010 ἀμάρτη
333 2955 428 3008 μα,
457 2937 614 3007 δίκην
631 2933 1216 3003 ἀνακαινοποιηθέντος
1243 2930 1395 2994 ναοῦ,
1415 2931 1684 2994 ἀθάνατος

95 3034 193 3086 καὶ
230 3032 474 3102 ἀπήμων
507 3029 731 3100 ἐγερθῇ,
761 3026 962 3090 τελέως
992 3028 1057 3079 ὲκ
1095 3024 1310 3094 βάθρων
1343 3022 1686 3092 ἀπολομένης

91 3129 196 3197 τῆς
219 3122 522 3196 ἁμαρτίας.
556 3121 770 3185 Ζῶντος
796 3120 903 3191 γάρ
931 3119 1012 3172 ἔτι
1042 3117 1137 3171 τοῦ
1174 3117 1424 3187 σώματος
1463 3114 1568 3186 πρὸ
1593 3114 1686 3167 τοῦ

91 3213 481 3286 τεθνήξεσθαι,
526 3213 698 3284 συζῇν
723 3212 936 3282 ἀνάγκη
971 3209 1069 3264 καὶ
1091 3208 1191 3279 τὴν
1215 3207 1514 3278 ἁμαρτίαν,
1543 3205 1689 3258 ἔνδον

91 3312 196 3374 τὰς
229 3307 389 3380 ῥίζας
426 3307 596 3377 αὐτῆς
625 3306 829 3375 ὲνὴμῖν
842 3299 1318 3372 ἀποκρύπτουσαν,
1353 3299 1401 3350 εί
1429 3297 1524 3350 καὶ
1548 3295 1690 3360 ἕξω-

95 3403 190 3457 θεν
223 3401 423 3472 τομαῖς
443 3401 561 3463 ταῖς
578 3397 686 3451 ἀπὸ
727 3396 835 3450 τῶν
886 3391 1280 3464 σωφρονισμῶν
1305 3390 1399 3442 καὶ
1429 3389 1538 3442 τῶν
1566 3405 1691 3443 νου-

95 3495 380 3564 θετήσεων
401 3487 766 3544 ἀνεστέλλετο.
797 3487 950 3540 Ἐπεὶ
976 3481 1068 3537 οὖν
1100 3483 1202 3536 οὐκ
1225 3481 1292 3534 ἂν
1317 3479 1457 3552 μετά
1486 3477 1548 3532 τδ
1577 3494 1693 3547 φω-

95 3586 359 3657 τισθῆναι
393 3583 708 3638 συνέϐαινεν
732 3579 960 3642 ἀδικεῖν,
979 3576 1074 3630 ἀτε
1093 3575 1438 3629 παντάπασιν
1467 3571 1694 3641 εἰλικρι-

97 3680 213 3741 νῶς
245 3674 612 3749 ἀφῃρημένης
640 3672 732 3741 ἀφ’
755 3669 911 3742 ἡμῶν
933 3667 1035 3737 τῆς
1062 3665 1356 3737 ἁμαρτίας.
1381 3662 1493 3718 Νῦν
1514 3661 1570 3715 δὲ
1599 3661 1694 3715 καὶ

103 3769 251 3841 μετά
272 3768 338 3821 τὺ
368 3765 681 3827 πιστεῦσαι,
711 3763 805 3817 καὶ
834 3762 928 3813 ἐπὶ
955 3759 1014 3813 τὸ
1041 3758 1185 3830 ὕδωρ
1221 3757 1394 3810 ἐλθεῖν
1423 3756 1516 3809 τοῦ
1544 3755 1696 3823 ἁγνι-

102 3861 290 3934 σμοῦ,
349 3857 611 3920 πολλάκις
657 3857 715 3908 ὲν
773 3851 1069 3924 ἁμαρτίαις
1113 3850 1265 3911 ὄντες
1308 3844 1695 3918 εὑρισκόμεθα.

102 3953 304 4015 Οὐδεὶς
337 3951 444 4022 γὰρ
471 3949 644 4012 οῦτως
673 3944 956 4017 ἁμαρτίας
987 3941 1145 4004 ἐκτὸς
1179 3934 1317 3992 εἶναι
1346 3937 1537 3992 ἑαυτὸν
1572 3953 1698 3989 καυ-

104 4050 378 4120 χήσηται,
403 4043 480 4107 ὡς
506 4041 640 4113 μηδὲ
667 4037 769 4092 κᾶν
798 4033 1172 4107 ἐνθυμηθῆναι
1211 4031 1273 4085 τὺ
1313 4030 1530 4084 σύνολον
1562 4028 1700 4090 ὅλως

104 4142 212 4212 τὴν
239 4137 477 4191 ἀδικίαν.
514 4133 678 4185 ’Ὥστε
716 4129 1016 4199 συνέστηκε
1046 4121 1428 4178 συστέλλεσθαι
1460 4120 1580 4191 μὲν,
1603 4120 1700 4173 καὶ

107 4227 638 4297 κατευνάζεσθαιιτῇ
669 4223 851 4278 πίστει
874 4221 970 4275 νῦν
996 4219 1095 4292 τὴν
1124 4216 1417 4288 ἁμαρτίαν,
1440 4214 1520 4276 είς
1541 4213 1602 4266 τὸ
1625 4212 1700 4284 μὴ

108 4324 266 4380 οΐσαι
295 4321 546 4392 καρποὺς
575 4315 954 4389 βλαὸοποιοῦς,
995 4313 1057 4364 οὺ
1096 4310 1203 4382 μὴν
1237 4304 1588 4378 ἀναιρεῖσθαι
1609 4303 1704 4357 καὶ

1782 1831 1936 1903 prius
1985 1843 2308 1884 excrescere
2360 1825 2592 1889 desinit,
2645 1836 2806 1892 quam
2860 1817 3104 1887 disjectis
3161 1832 3228 1871 ex
3271 1828 3364 1878 eo,

1783 1924 1926 1979 unde
1967 1920 2250 1994 prodierit,
2309 1921 2428 1972 loco
2471 1913 2763 1988 lapidibus,
2808 1920 2920 1966 tota
2961 1911 3178 1980 penitus
3215 1907 3356 1961 labe-

1783 2014 1928 2070 facta
1958 2011 2232 2068 concidat.
2280 2009 2417 2064 Tum
2456 2008 2626 2072 enim,
2671 2005 2885 2060 sublata
2916 1999 3214 2079 .capriﬁco,
3247 1997 3392 2053 suis.

1783 2105 1920 2162 locis
1957 2104 2176 2161 restitui
2223 2100 2455 2158 redivivi
2488 2099 2698 2170 lapides
2750 2105 3002 2167 possunt,
3036 2102 3096 2148 ut
3137 2098 3191 2147 et
3226 2101 3365 2146 tem-

1785 2201 1934 2271 plum
1983 2198 2162 2268 ipsum
2207 2196 2482 2251 incolume
2531 2200 2799 2254 servetur,
2835 2203 2958 2243 cum
2995 2185 3203 2241 nullum
3254 2197 3363 2236 am-

1785 2291 1930 2362 plius
1977 2305 2044 2345 ex
2090 2289 2159 2344 iis
2207 2288 2409 2358 quibus
2459 2284 2804 2341 evertebatur
2853 2276 3223 2337 incommodis
3271 2275 3367 2328 ba-

1786 2383 1945 2450 beat;
1976 2379 2268 2452 capriﬁcus
2297 2392 2426 2434 vero
2467 2375 2536 2431 ab
2566 2374 2692 2430 imis
2725 2371 3006 2428 radicibus
3029 2370 3220 2426 evulsa
3248 2380 3370 2422 mo-

1787 2475 1983 2530 riatur.
2021 2473 2105 2530 Ad
2137 2471 2387 2530 eumdem
2420 2469 2580 2539 plane
2613 2467 2836 2522 modum
2874 2463 3070 2520 artifex
3102 2463 3195 2518 ille
3225 2459 3372 2516 Deus

1787 2569 2049 2641 templum
2097 2581 2258 2624 suum
2304 2564 2600 2626 hominem,
2673 2562 2767 2630 qui
2804 2565 3088 2628 peccatum
3125 2553 3371 2625 capriﬁci

1789 2660 2076 2730 cujusdam
2127 2658 2302 2712 instar
2369 2649 2734 2727 produxerat,
2798 2648 3082 2712 dissolvit,
3137 2657 3393 2713 eumque-

1791 2753 1986 2808 mortis
2024 2752 2093 2806 ad
2143 2758 2358 2820 tempus
2405 2745 2769 2817 impressione
2815 2753 2978 2812 atque
3030 2739 3235 2808 impetu
3275 2751 3374 2805 op-

1792 2845 1951 2917 primi
1983 2858 2180 2915 passus
2217 2849 2301 2896 est
2330 2841 2588 2911 primum,
2624 2837 2702 2891 uti
2733 2835 2996 2904 scriptum
3026 2838 3142 2897 est;
3174 2828 3374 2884 dehinc

1793 2935 1860 2990 ad
1886 2934 2052 2990 vitam
2079 2932 2354 2995 excitavit,
2389 2940 2449 2985 ut
2490 2927 2679 2986 iisdem
2712 2926 2937 2998 prmdita
2969 2922 3213 2996 partibus
3244 2934 3374 2973 caro

1793 3031 2067 3087 exsiccato
2111 3031 2588 3097 iutermortuoque
2637 3027 2882 3094 peccato,
2933 3017 3082 3073 velut
3113 3011 3372 3082 templum

1791 3121 2062 3192 quoddam
2121 3120 2508 3180 instauratum,
2559 3110 2905 3174 immortalis,
2965 3121 3044 3172 ac,
3081 3104 3201 3159 sine
3257 3100 3369 3155 uile

1791 3215 1992 3269 damno
2025 3218 2355 3282 resurgeret,
2384 3207 2601 3264 sublato
2641 3221 2671 3258 a
2705 3197 3071 3257 fundamentis
3115 3192 3376 3265 proﬂiga-

1792 3312 1955 3372 toque
1994 3310 2238 3372 peccato.
2284 3299 2498 3354 Etenim
2543 3295 2784 3366 quandiu
2835 3303 3036 3359 corpus
3088 3285 3237 3344 vivit.
3278 3295 3378 3336 uec

1791 3394 1971 3448 adhuc
2021 3400 2301 3448 mortuum
2336 3397 2441 3457 est,
2489 3405 2612 3443 cum
2644 3401 2709 3441 eo
2741 3384 2922 3439 vivere
2963 3383 3248 3450 peccatum
3284 3388 3378 3425 ue-

1791 3499 1944 3540 cesse
1977 3490 2085 3546 est,
2113 3491 2180 3540 et.
2203 3479 2534 3537 occultasin
2559 3477 2717 3536 nobis
2755 3474 2889 3544 ipsis
2937 3469 3152 3526 radices
3187 3479 3366 3536 agere,

1793 3577 2144 3647 quantumvis
2177 3573 2508 3645 quibusdam
2556 3570 2705 3626 velut
2751 3563 3169 3636 castigatiouum
3202 3571 3380 3626 repre-

1794 3669 2230 3736 ltensionumque
2293 3662 2671 3736 putationibus
2739 3661 3080 3713 coercealur.
3154 3645 3376 3716 Alioqui

1795 3769 1918 3829 post
1947 3757 2275 3827 baptismum
2310 3754 2521 3807 nullum
2558 3751 2671 3819 jam
2703 3745 2884 3802 scelus
2913 3747 3375 3814 perpetraremus.

1796 3859 2154 3921 posteaquam
2190 3853 2474 3916 peccatum
2510 3857 2539 3896 a
2570 3840 2728 3896 nobis
2757 3837 3004 3890 funditus
3033 3838 3181 3885 esset
3221 3839 3383 3880 omne

1798 3941 2096 3996 sublatum.
2135 3936 2298 4006 Atqui
2330 3935 2494 3989 etiam
2526 3939 2650 4003 post
2678 3934 2991 3995 susceptam
3027 3922 3206 3979 iidem,
3251 3933 3383 3971 sau-

1799 4034 2047 4089 ctissima
2097 4031 2192 4085 illa
2238 4043 2394 4098 aqua:
2425 4026 2630 4081 lotione
2678 4019 2884 4093 perfusi
2913 4015 3152 4088 peccatis
3185 4010 3383 4079 saepius

1799 4122 2218 4193 obstringimur.
2271 4117 2457 4186 Neque
2511 4113 2654 4169 enim
2689 4110 2825 4165 adeo
2873 4122 2933 4162 se
2979 4105 3272 4159 immunem
3317 4099 3385 4152 ab

1800 4217 1949 4274 omni
1989 4231 2110 4273 esse
2156 4219 2382 4286 peccato
2421 4206 2642 4280 gloriari
2676 4201 2950 4274 quispiam
2984 4200 3182 4267 potest,
3224 4196 3284 4243 ut
3321 4204 3385 4242 ne

1802 4309 2134 4381 cogitatione
2160 4283 2384 4377 quidem
2420 4301 2589 4356 ullum
2638 4295 2820 4352 scelus
2859 4289 3133 4345 admittat.
3159 4283 3240 4337 Ex
3280 4295 3387 4351 quo

109 4374 430 4485 ῥιζῶν
456 4374 637 4482 ἀκρίς.
673 4407 788 4462 Νῦν
814 4374 1185 4478 μὲν-ἐνταῦθα
1210 4401 1319 4464 τὰς·
1345 4374 1578 4469 βλάστας
1604 4394 1672 4449 αὐ

1809 4415 2154 4473 consequens
2178 4374 2264 4454 est
2297 4391 2523 4465 reprimi
2553 4389 2772 4460 quidem
2808 4399 2871 4438 ac
2902 4376 3178 4448 consopiri
3230 4374 3388 4429 modo

111 4509 247 4579 τῆς,
281 4502 395 4560 οἷον
413 4503 516 4566 τὰς
540 4500 864 4572 ἐνθυμήσεις
891 4496 991 4560 τὰς
1026 4492 1287 4567 πονηρὰς,
1322 4487 1704 4558 συστέλλομεν,

120 4577 207 4671 μη
234 4613 323 4659 τις
354 4594 482 4668 ῥίζα
513 4591 738 4663 πικρίας
759 4589 872 4643 ἀνω
894 4587 1107 4656 φύουσα
1139 4581 1439 4653 ἐνοχλήσει,
1476 4578 1556 4651 μὴ
1576 4577 1709 4631 ἐῶν-

114 4669 218 4753 τες
255 4686 543 4759 ἀναμύειν,
577 4683 678 4740 καὶ
709 4677 1044 4754 διοίγνυσθαι
1080 4675 1150 4729 τά
1197 4672 1480 4745 μεμυκότα
1515 4669 1708 4740 στόμια

120 4781 270 4853 πρὸς
303 4778 402 4842 τὰς
423 4776 683 4845 ἐκφύσεις
702 4772 798 4826 τοῦ
835 4771 1020 4838 λόγου,
1050 4767 1208 4836 δίκην
1233 4765 1422 4833 ἀξίνης
1443 4761 1580 4835 πρὸς
1609 4760 1709 4824 τὰς

122 4851 292 4944 ῥίζας
320 4867 489 4938 αὐτῆς
520 4865 619 4928 τὰς
664 4863 815 4917 κάτω
847 4860 1120 4931 φυομένας
1157 4856 1468 4926 τέμνοντος⁸
1497 4853 1618 4906 τότε
1651 4851 1709 4904 δὲ

122 4943 227 5018 καὶ
253 4960 316 5013 τὸ
342 4959 480 5023 ὅλως
509 4951 981 5026 ἐνθυμηθήσεσθαι
1011 4949 1141 5020 περὶ
1178 4945 1378 5010 κακίας
1405 4943 1712 5015 ἀφανισθή-

126 5070 310 5107 σεται.

1813 4492 1918 4549 ﬁde
1954 4469 2238 4563 peccatum
2294 4501 2364 4541 ne
2397 4481 2738 4555 perniciosos
2767 4475 2985 4530 fruetus
3013 4469 3247 4531 emittat,
3279 4477 3388 4518 non

1814 4555 2038 4639 omni-no
2092 4590 2275 4636 tamen
2323 4591 2388 4632 ac
2443 4570 2710 4629 radicitus
2774 4560 3070 4634 exstingui.
3121 4555 3388 4625 Quocirca

1815 4687 1963 4730 nunc
1994 4667 2390 4740 illiusiquidem
2417 4662 2684 4738 germina,
2725 4673 2921 4728 pravas
2957 4652 3211 4710 nimirum
3237 4645 3390 4716 cegi.

1815 4765 2074 4826 tationes,
2104 4762 2438 4824 inhibemus,
2468 4771 2536 4811 ne
2561 4757 2691 4824 {qua
2736 4749 2895 4805 radix
2927 4737 3314 4800 amaritudinis
3349 4735 3390 4800 ¹,

1817 4868 2114 4925 erumpens
2147 4851 2449 4906 molestiam
2487 4845 2644 4901 nobis
2674 4840 2896 4905 aﬂerat;
2927 4850 3028 4891 nec
3070 4836 3288 4902 apertas
3327 4826 3391 4880 ad

1820 4942 2197 5014 pullulandum
2231 4942 2369 5004 vias,
2404 4952 2468 4992 ac
2511 4934 2845 5005 spiramenta
2880 4925 3166 4981 dehiscere
3195 4933 3259 4971 ac
3301 4931 3393 4986 pa-

1821 5037 1993 5092 tetieri
2024 5035 2292 5098 sinimus;
2333 5031 2670 5103 proindeque
2703 5025 2888 5082 divino
2918 5018 3104 5078 verbo,
3137 5012 3285 5068 velut
3312 5022 3392 5064 se-

127 5148 258 5206 curi
289 5143 549 5217 quadam,
581 5140 904 5196 fruticantes
948 5135 1242 5192 identidem
1283 5133 1352 5187 ab
1409 5130 1596 5185 radice
1621 5127 1821 5200 stirpes
1848 5129 2192 5196 excidimus;
2241 5134 2297 5180 at
2334 5101 2400 5178 in
2436 5123 2625 5177 futuro
2660 5119 2754 5172 illo
2814 5124 2960 5172 statu
3029 5107 3156 5164 mali
3220 5101 3394 5157 omnis

133 5237 223 5294 vel
253 5233 512 5306 cogitatio
540 5231 781 5287 tolletur.

207 5329 361 5409 KG’.
403 5323 538 5378 Οὐδὲ
572 5323 682 5394 γὰρ
714 5320 1032 5392 άμάρτυρος
1056 5317 1085 5369 6
1133 5314 1292 5383 λόγος
1334 5309 1567 5384 Γραφῶν
1607 5311 1721 5409 τοῖς

1827 5304 1868 5370 ε,
1897 5297 2092 5354 XXVI.
2135 5297 2320 5367 Neque
2349 5308 2479 5350 vero
2510 5291 2656 5364 quod
2704 5287 2937 5344 dicimus
2988 5266 3395 5370 Scripturarum

135 5368 494 5493 βοῦλῖμένοις
529 5368 861 5484 είλικ-ρλθτῶςΓ
877 5368 1399 5480 τδΐάληθὲςίλέγεινῖ
1436 5368 1589 5455 ’ἐπεὶ
1613 5395 1677 5454 of!

1829 5391 2153 5450 testimonio.
2189 5395 2360 5452 caret,
2411 5386 2457 5442 si
2506 5381 2630 5456 quis
2663 5381 2944 5437 veritatem
2984 5375 3198 5432 sincere
3237 5368 3393 5440 proli.

1919 5485 1930 5493 ·
2031 5484 2064 5493 ··
2155 5480 2200 5493 -'
2353 5486 2364 5493 -
2403 5477 2559 5493 --ιι
2616 5472 2896 5493 αμα-μυ-.-
2923 5465 3129 5493 ...ηηηιι
3162 5459 3393 5493 mnum...

135 5459 240 5567 Et
264 5459 651 5568 δ’ῖΑπόῖττολος
675 5459 934 5575 Γμηδὲπζιξ
973 5459 1286 5571 ἷῆξέήτέίζακὶ
1328 5491 1388 5557 te
1421 5489 1677 5562 ἀνθρὼπο

1829 5485 1934 5542 teri
1962 5484 2117 5540 velit.
2155 5480 2291 5537 Nam
2317 5486 2372 5536 et
2401 5477 2564 5553 549
2604 5472 2898 5546 Apostolus
2923 5465 3133 5540 peccati
3162 5459 3394 5516 radicem

218 5692 244 5725 ⁸
272 5690 442 5747 Hebr.
475 5702 571 5748 ιιι.
611 5685 666 5741 5.
