  <div class='ocr_page' id='page_1' title='image "/cluster/home/n/w/nwhite01/storage/ocr_20150623/41/hvd.32044011753001/587.png"; bbox 0 0 3822 6328; ppageno 0'>
   <div class='ocr_carea' id='block_1_1' title="bbox 442 256 571 312">
    <p class='ocr_par' dir='ltr' id='par_1_1' title="bbox 442 256 571 312">
     <span class='ocr_line' id='line_1_1' title="bbox 442 256 571 312; baseline -0.031 0"><span class='ocrx_word' id='word_1_1' title='bbox 442 256 571 312; x_wconf 73' lang='grc' dir='ltr'><strong><em>ΜΗ</em></strong></span> 
     </span>
    </p>
   </div>
   <div class='ocr_carea' id='block_1_2' title="bbox 1837 246 2270 306">
    <p class='ocr_par' dir='ltr' id='par_1_2' title="bbox 1837 246 2270 306">
     <span class='ocr_line' id='line_1_2' title="bbox 1837 246 2270 306; baseline -0.002 -2"><span class='ocrx_word' id='word_1_2' title='bbox 1837 249 1897 306; x_wconf 89' lang='lat' dir='ltr'><strong><em>S.</em></strong></span> <span class='ocrx_word' id='word_1_3' title='bbox 1930 246 2270 304; x_wconf 82' lang='lat' dir='ltr'><strong><em>EPlPIlANll</em></strong></span> 
     </span>
    </p>
   </div>
   <div class='ocr_carea' id='block_1_3' title="bbox 3534 246 3674 303">
    <p class='ocr_par' dir='ltr' id='par_1_3' title="bbox 3534 246 3674 303">
     <span class='ocr_line' id='line_1_3' title="bbox 3534 246 3674 303; baseline -0.014 -1"><span class='ocrx_word' id='word_1_4' title='bbox 3534 246 3674 303; x_wconf 66' lang='grc' dir='ltr'><strong><em>11ιῖ</em></strong></span> 
     </span>
    </p>
   </div>
   <div class='ocr_carea' id='block_1_4' title="bbox 438 363 2013 441">
    <p class='ocr_par' dir='ltr' id='par_1_4' title="bbox 438 368 2000 434">
     <span class='ocr_line' id='line_1_4' title="bbox 438 368 2000 434; baseline -0.004 -5"><span class='ocrx_word' id='word_1_5' title='bbox 438 368 675 429; x_wconf 80' lang='lat' dir='ltr'><strong><em>nonduin</em></strong></span> <span class='ocrx_word' id='word_1_6' title='bbox 696 386 762 425; x_wconf 84' lang='lat' dir='ltr'><strong><em>ex</em></strong></span> <span class='ocrx_word' id='word_1_7' title='bbox 791 369 1101 426; x_wconf 87' lang='lat' dir='ltr'><strong><em>hominibus</em></strong></span> <span class='ocrx_word' id='word_1_8' title='bbox 1128 371 1300 426; x_wconf 85' lang='lat' dir='ltr'><strong><em>sensit</em></strong></span> <span class='ocrx_word' id='word_1_9' title='bbox 1324 368 1546 425; x_wconf 85' lang='lat' dir='ltr'><strong><em>omnino</em></strong></span> <span class='ocrx_word' id='word_1_10' title='bbox 1566 369 1857 434; x_wconf 75' lang='lat' dir='ltr'><strong><em>sublatam,</em></strong></span> <span class='ocrx_word' id='word_1_11' title='bbox 1879 385 2000 424; x_wconf 86' lang='lat' dir='ltr'><strong><em>cum</em></strong></span> 
     </span>
    </p>
   </div>
   <div class='ocr_carea' id='block_1_5' title="bbox 2118 363 3677 441">
    <p class='ocr_par' dir='ltr' id='par_1_5' title="bbox 2118 363 3677 441">
     <span class='ocr_line' id='line_1_5' title="bbox 2118 363 3677 441; baseline 0.001 -19"><span class='ocrx_word' id='word_1_12' title='bbox 2118 370 2203 441; x_wconf 71' lang='grc' dir='ltr'><em>τῆς</em></span> <span class='ocrx_word' id='word_1_13' title='bbox 2232 368 2507 438; x_wconf 81' lang='grc' dir='ltr'><em>ἁμαρτίας</em></span> <span class='ocrx_word' id='word_1_14' title='bbox 2534 364 2840 437; x_wconf 81' lang='grc' dir='ltr'><strong><em>ὁλοσχερῶς</em></strong></span> <span class='ocrx_word' id='word_1_15' title='bbox 2864 363 3213 436; x_wconf 79' lang='grc' dir='ltr'><strong><em>ἀνῃρημένην</em></strong></span> <span class='ocrx_word' id='word_1_16' title='bbox 3231 381 3246 396; x_wconf 86' lang='grc'><strong>·</strong></span> <span class='ocrx_word' id='word_1_17' title='bbox 3270 367 3361 419; x_wconf 82' lang='grc' dir='ltr'><strong><em>ὁτὲ</em></strong></span> <span class='ocrx_word' id='word_1_18' title='bbox 3388 368 3507 437; x_wconf 78' lang='grc' dir='ltr'><em>μὲν,</em></span> <span class='ocrx_word' id='word_1_19' title='bbox 3533 365 3677 423; x_wconf 71' lang='grc' dir='ltr'><em>Οἴδα</em></span> 
     </span>
    </p>
   </div>
   <div class='ocr_carea' id='block_1_6' title="bbox 438 456 2001 535">
    <p class='ocr_par' dir='ltr' id='par_1_6' title="bbox 438 456 2001 535">
     <span class='ocr_line' id='line_1_6' title="bbox 438 456 2001 535; baseline -0.004 -15"><span class='ocrx_word' id='word_1_20' title='bbox 438 468 509 520; x_wconf 87' lang='lat' dir='ltr'><strong><em>ita</em></strong></span> <span class='ocrx_word' id='word_1_21' title='bbox 543 464 819 535; x_wconf 85' lang='lat' dir='ltr'><strong><em>loquitur:</em></strong></span> <span class='ocrx_word' id='word_1_22' title='bbox 844 456 967 520; x_wconf 42' lang='lat' dir='ltr'><strong><em>Seio</em></strong></span> <span class='ocrx_word' id='word_1_23' title='bbox 997 463 1134 518; x_wconf 86' lang='lat' dir='ltr'><strong><em>enim</em></strong></span> <span class='ocrx_word' id='word_1_24' title='bbox 1166 460 1302 532; x_wconf 87' lang='lat' dir='ltr'><strong><em>quod</em></strong></span> <span class='ocrx_word' id='word_1_25' title='bbox 1328 479 1431 515; x_wconf 84' lang='lat' dir='ltr'><strong><em>non</em></strong></span> <span class='ocrx_word' id='word_1_26' title='bbox 1452 461 1651 516; x_wconf 85' lang='lat' dir='ltr'><strong><em>habitat</em></strong></span> <span class='ocrx_word' id='word_1_27' title='bbox 1686 463 1743 515; x_wconf 89' lang='lat' dir='ltr'><strong><em>in</em></strong></span> <span class='ocrx_word' id='word_1_28' title='bbox 1782 477 1879 525; x_wconf 89' lang='lat' dir='ltr'><strong><em>me,</em></strong></span> <span class='ocrx_word' id='word_1_29' title='bbox 1907 460 2001 515; x_wconf 86' lang='lat' dir='ltr'><strong><em>hoc</em></strong></span> 
     </span>
    </p>
   </div>
   <div class='ocr_carea' id='block_1_7' title="bbox 434 552 2001 622">
    <p class='ocr_par' dir='ltr' id='par_1_7' title="bbox 434 552 2001 622">
     <span class='ocr_line' id='line_1_7' title="bbox 434 552 2001 622; baseline -0.004 -11"><span class='ocrx_word' id='word_1_30' title='bbox 434 567 512 611; x_wconf 78' lang='lat' dir='ltr'><strong><em>est</em></strong></span> <span class='ocrx_word' id='word_1_31' title='bbox 545 557 601 608; x_wconf 85' lang='lat' dir='ltr'><strong><em>iu</em></strong></span> <span class='ocrx_word' id='word_1_32' title='bbox 628 571 786 609; x_wconf 84' lang='lat' dir='ltr'><strong><em>carne</em></strong></span> <span class='ocrx_word' id='word_1_33' title='bbox 815 570 951 617; x_wconf 86' lang='lat' dir='ltr'><strong><em>mea,</em></strong></span> <span class='ocrx_word' id='word_1_34' title='bbox 988 554 1200 609; x_wconf 82' lang='lat' dir='ltr'><strong><em>bonum.</em></strong></span> <span class='ocrx_word' id='word_1_35' title='bbox 1251 552 1387 608; x_wconf 83' lang='lat' dir='ltr'><strong><em>Velle</em></strong></span> <span class='ocrx_word' id='word_1_36' title='bbox 1419 554 1557 607; x_wconf 86' lang='lat' dir='ltr'><strong><em>enim</em></strong></span> <span class='ocrx_word' id='word_1_37' title='bbox 1602 552 1809 622; x_wconf 78' lang='lat' dir='ltr'><strong><em>adjacet</em></strong></span> <span class='ocrx_word' id='word_1_38' title='bbox 1851 552 2001 614; x_wconf 79' lang='lat' dir='ltr'><strong><em>mihi,</em></strong></span> 
     </span>
    </p>
   </div>
   <div class='ocr_carea' id='block_1_8' title="bbox 434 640 2003 714">
    <p class='ocr_par' dir='ltr' id='par_1_8' title="bbox 434 640 2003 714">
     <span class='ocr_line' id='line_1_8' title="bbox 434 640 2003 714; baseline -0.003 -15"><span class='ocrx_word' id='word_1_39' title='bbox 434 645 681 714; x_wconf 81' lang='lat' dir='ltr'><strong><em>perﬁcere</em></strong></span> <span class='ocrx_word' id='word_1_40' title='bbox 718 653 893 698; x_wconf 82' lang='lat' dir='ltr'><strong><em>autem</em></strong></span> <span class='ocrx_word' id='word_1_41' title='bbox 927 642 1117 697; x_wconf 83' lang='lat' dir='ltr'><strong><em>bonum</em></strong></span> <span class='ocrx_word' id='word_1_42' title='bbox 1145 644 1376 697; x_wconf 87' lang='lat' dir='ltr'><strong><em>minime.</em></strong></span> <span class='ocrx_word' id='word_1_43' title='bbox 1414 640 1538 696; x_wconf 87' lang='lat' dir='ltr'><strong><em>Non</em></strong></span> <span class='ocrx_word' id='word_1_44' title='bbox 1563 643 1700 695; x_wconf 84' lang='lat' dir='ltr'><strong><em>enim</em></strong></span> <span class='ocrx_word' id='word_1_45' title='bbox 1729 640 1865 710; x_wconf 84' lang='lat' dir='ltr'><strong><em>quod</em></strong></span> <span class='ocrx_word' id='word_1_46' title='bbox 1890 640 2003 695; x_wconf 72' lang='lat' dir='ltr'><strong><em>volo</em></strong></span> 
     </span>
    </p>
   </div>
   <div class='ocr_carea' id='block_1_9' title="bbox 438 729 2008 803">
    <p class='ocr_par' dir='ltr' id='par_1_9' title="bbox 438 729 2008 803">
     <span class='ocr_line' id='line_1_9' title="bbox 438 729 2008 803; baseline -0.003 -15"><span class='ocrx_word' id='word_1_47' title='bbox 438 736 579 803; x_wconf 75' lang='lat' dir='ltr'><strong><em>facio</em></strong></span> <span class='ocrx_word' id='word_1_48' title='bbox 619 734 831 797; x_wconf 85' lang='lat' dir='ltr'><strong><em>bonum,</em></strong></span> <span class='ocrx_word' id='word_1_49' title='bbox 876 734 965 787; x_wconf 77' lang='lat' dir='ltr'><strong><em>sed</em></strong></span> <span class='ocrx_word' id='word_1_50' title='bbox 1002 733 1137 802; x_wconf 84' lang='lat' dir='ltr'><strong><em>quod</em></strong></span> <span class='ocrx_word' id='word_1_51' title='bbox 1168 733 1287 787; x_wconf 85' lang='lat' dir='ltr'><strong><em>nolo</em></strong></span> <span class='ocrx_word' id='word_1_52' title='bbox 1325 732 1548 795; x_wconf 84' lang='lat' dir='ltr'><strong><em>malum,</em></strong></span> <span class='ocrx_word' id='word_1_53' title='bbox 1594 731 1689 785; x_wconf 85' lang='lat' dir='ltr'><strong><em>hoc</em></strong></span> <span class='ocrx_word' id='word_1_54' title='bbox 1737 731 1898 798; x_wconf 76' lang='lat' dir='ltr'><strong><em>facio.</em></strong></span> <span class='ocrx_word' id='word_1_55' title='bbox 1946 729 2008 784; x_wconf 87' lang='lat' dir='ltr'><strong><em>Si</em></strong></span> 
     </span>
    </p>
   </div>
   <div class='ocr_carea' id='block_1_10' title="bbox 439 820 2005 895">
    <p class='ocr_par' dir='ltr' id='par_1_10' title="bbox 439 820 2005 895">
     <span class='ocr_line' id='line_1_10' title="bbox 439 820 2005 895; baseline -0.005 -15"><span class='ocrx_word' id='word_1_56' title='bbox 439 837 613 880; x_wconf 80' lang='lat' dir='ltr'><strong><em>autem</em></strong></span> <span class='ocrx_word' id='word_1_57' title='bbox 642 825 778 895; x_wconf 87' lang='lat' dir='ltr'><strong><em>quod</em></strong></span> <span class='ocrx_word' id='word_1_58' title='bbox 802 824 922 878; x_wconf 84' lang='lat' dir='ltr'><strong>nolo</strong></span> <span class='ocrx_word' id='word_1_59' title='bbox 956 824 1050 876; x_wconf 86' lang='lat' dir='ltr'><strong><em>Itoc</em></strong></span> <span class='ocrx_word' id='word_1_60' title='bbox 1090 824 1251 891; x_wconf 81' lang='lat' dir='ltr'><strong><em>facio,</em></strong></span> <span class='ocrx_word' id='word_1_61' title='bbox 1283 839 1383 875; x_wconf 85' lang='lat' dir='ltr'><strong><em>non</em></strong></span> <span class='ocrx_word' id='word_1_62' title='bbox 1409 821 1517 887; x_wconf 82' lang='lat' dir='ltr'><strong><em>iam</em></strong></span> <span class='ocrx_word' id='word_1_63' title='bbox 1559 838 1649 889; x_wconf 85' lang='lat' dir='ltr'><strong><em>ego</em></strong></span> <span class='ocrx_word' id='word_1_64' title='bbox 1680 820 1895 889; x_wconf 79' lang='lat' dir='ltr'><strong><em>perﬁcio</em></strong></span> <span class='ocrx_word' id='word_1_65' title='bbox 1933 820 2005 873; x_wconf 83' lang='lat' dir='ltr'><strong><em>il-</em></strong></span> 
     </span>
    </p>
   </div>
   <div class='ocr_carea' id='block_1_11' title="bbox 438 909 2002 988">
    <p class='ocr_par' dir='ltr' id='par_1_11' title="bbox 438 909 2002 988">
     <span class='ocr_line' id='line_1_11' title="bbox 438 909 2002 988; baseline -0.004 -16"><span class='ocrx_word' id='word_1_66' title='bbox 438 918 554 981; x_wconf 79' lang='lat' dir='ltr'><strong><em>iud,</em></strong></span> <span class='ocrx_word' id='word_1_67' title='bbox 586 917 675 971; x_wconf 80' lang='lat' dir='ltr'><strong><em>ml</em></strong></span> <span class='ocrx_word' id='word_1_68' title='bbox 707 917 850 988; x_wconf 84' lang='lat' dir='ltr'><strong><em>quod</em></strong></span> <span class='ocrx_word' id='word_1_69' title='bbox 882 916 1083 970; x_wconf 83' lang='lat' dir='ltr'><strong><em>habitat</em></strong></span> <span class='ocrx_word' id='word_1_70' title='bbox 1109 917 1159 967; x_wconf 84' lang='lat' dir='ltr'><strong><em>in</em></strong></span> <span class='ocrx_word' id='word_1_71' title='bbox 1193 931 1271 967; x_wconf 84' lang='lat' dir='ltr'><strong><em>me</em></strong></span> <span class='ocrx_word' id='word_1_72' title='bbox 1294 921 1561 982; x_wconf 82' lang='lat' dir='ltr'><strong><em>peccatum</em></strong></span> <span class='ocrx_word' id='word_1_73' title='bbox 1590 914 1627 965; x_wconf 74' lang='grc' dir='ltr'><strong><em>ί.</em></strong></span> <span class='ocrx_word' id='word_1_74' title='bbox 1661 911 1803 965; x_wconf 86' lang='lat' dir='ltr'><strong><em>Idem</em></strong></span> <span class='ocrx_word' id='word_1_75' title='bbox 1834 909 2002 965; x_wconf 81' lang='lat' dir='ltr'><strong><em>illud:</em></strong></span> 
     </span>
    </p>
   </div>
   <div class='ocr_carea' id='block_1_12' title="bbox 440 1003 2003 1078">
    <p class='ocr_par' dir='ltr' id='par_1_12' title="bbox 440 1003 2003 1078">
     <span class='ocr_line' id='line_1_12' title="bbox 440 1003 2003 1078; baseline -0.006 -13"><span class='ocrx_word' id='word_1_76' title='bbox 440 1009 780 1066; x_wconf 70' lang='lat' dir='ltr'><strong><em>Condclector</em></strong></span> <span class='ocrx_word' id='word_1_77' title='bbox 808 1009 906 1078; x_wconf 88' lang='lat' dir='ltr'><strong><em>legi</em></strong></span> <span class='ocrx_word' id='word_1_78' title='bbox 948 1008 1041 1061; x_wconf 91' lang='lat' dir='ltr'><strong><em>Dei</em></strong></span> <span class='ocrx_word' id='word_1_79' title='bbox 1078 1005 1362 1061; x_wconf 86' lang='lat' dir='ltr'><strong><em>secundum</em></strong></span> <span class='ocrx_word' id='word_1_80' title='bbox 1391 1006 1690 1058; x_wconf 81' lang='lat' dir='ltr'><strong><em>interiorem</em></strong></span> <span class='ocrx_word' id='word_1_81' title='bbox 1726 1003 2003 1056; x_wconf 84' lang='lat' dir='ltr'><strong><em>hominem.</em></strong></span> 
     </span>
    </p>
   </div>
   <div class='ocr_carea' id='block_1_13' title="bbox 452 1094 2008 1167">
    <p class='ocr_par' dir='ltr' id='par_1_13' title="bbox 452 1094 2008 1167">
     <span class='ocr_line' id='line_1_13' title="bbox 452 1094 2008 1167; baseline -0.007 -13"><span class='ocrx_word' id='word_1_82' title='bbox 452 1100 609 1155; x_wconf 84' lang='lat' dir='ltr'><strong><em>Video</em></strong></span> <span class='ocrx_word' id='word_1_83' title='bbox 636 1110 810 1153; x_wconf 82' lang='lat' dir='ltr'><strong><em>autem</em></strong></span> <span class='ocrx_word' id='word_1_84' title='bbox 830 1099 990 1152; x_wconf 64' lang='lat' dir='ltr'><strong><em>aliam</em></strong></span> <span class='ocrx_word' id='word_1_85' title='bbox 1014 1098 1172 1167; x_wconf 86' lang='lat' dir='ltr'><strong><em>legem</em></strong></span> <span class='ocrx_word' id='word_1_86' title='bbox 1194 1098 1245 1149; x_wconf 85' lang='lat' dir='ltr'><strong><em>in</em></strong></span> <span class='ocrx_word' id='word_1_87' title='bbox 1268 1096 1508 1149; x_wconf 83' lang='lat' dir='ltr'><strong><em>membris</em></strong></span> <span class='ocrx_word' id='word_1_88' title='bbox 1532 1094 1682 1157; x_wconf 86' lang='lat' dir='ltr'><strong><em>meis,</em></strong></span> <span class='ocrx_word' id='word_1_89' title='bbox 1714 1108 2008 1161; x_wconf 83' lang='lat' dir='ltr'><strong><em>repugnan-</em></strong></span> 
     </span>
    </p>
   </div>
   <div class='ocr_carea' id='block_1_14' title="bbox 442 1182 2011 1261">
    <p class='ocr_par' dir='ltr' id='par_1_14' title="bbox 442 1182 2011 1261">
     <span class='ocr_line' id='line_1_14' title="bbox 442 1182 2011 1261; baseline -0.006 -16"><span class='ocrx_word' id='word_1_90' title='bbox 442 1201 543 1245; x_wconf 81' lang='lat' dir='ltr'><strong><em>tem</em></strong></span> <span class='ocrx_word' id='word_1_91' title='bbox 580 1190 679 1261; x_wconf 89' lang='lat' dir='ltr'><strong><em>legi</em></strong></span> <span class='ocrx_word' id='word_1_92' title='bbox 709 1190 894 1243; x_wconf 88' lang='lat' dir='ltr'><strong><em>mentis</em></strong></span> <span class='ocrx_word' id='word_1_93' title='bbox 928 1205 1074 1254; x_wconf 66' lang='lat' dir='ltr'><strong><em>metr},</em></strong></span> <span class='ocrx_word' id='word_1_94' title='bbox 1100 1197 1148 1241; x_wconf 88' lang='lat' dir='ltr'><strong><em>et</em></strong></span> <span class='ocrx_word' id='word_1_95' title='bbox 1176 1189 1385 1242; x_wconf 83' lang='lat' dir='ltr'><strong><em>omnino</em></strong></span> <span class='ocrx_word' id='word_1_96' title='bbox 1413 1187 1761 1254; x_wconf 73' lang='lat' dir='ltr'><strong><em>captivantem</em></strong></span> <span class='ocrx_word' id='word_1_97' title='bbox 1796 1200 1874 1236; x_wconf 88' lang='lat' dir='ltr'><strong><em>me</em></strong></span> <span class='ocrx_word' id='word_1_98' title='bbox 1911 1182 2011 1252; x_wconf 84' lang='lat' dir='ltr'><strong><em>legi</em></strong></span> 
     </span>
    </p>
   </div>
   <div class='ocr_carea' id='block_1_15' title="bbox 438 1273 2008 1349">
    <p class='ocr_par' dir='ltr' id='par_1_15' title="bbox 438 1273 2008 1349">
     <span class='ocr_line' id='line_1_15' title="bbox 438 1273 2008 1349; baseline -0.007 -13"><span class='ocrx_word' id='word_1_99' title='bbox 438 1281 662 1349; x_wconf 81' lang='lat' dir='ltr'><strong><em>peccati,</em></strong></span> <span class='ocrx_word' id='word_1_100' title='bbox 703 1296 819 1349; x_wconf 80' lang='lat' dir='ltr'><strong><em>qua:</em></strong></span> <span class='ocrx_word' id='word_1_101' title='bbox 855 1287 933 1333; x_wconf 83' lang='lat' dir='ltr'><strong><em>est</em></strong></span> <span class='ocrx_word' id='word_1_102' title='bbox 984 1280 1039 1331; x_wconf 84' lang='lat' dir='ltr'><strong><em>in</em></strong></span> <span class='ocrx_word' id='word_1_103' title='bbox 1096 1277 1339 1333; x_wconf 79' lang='lat' dir='ltr'><strong><em>membris</em></strong></span> <span class='ocrx_word' id='word_1_104' title='bbox 1392 1278 1516 1331; x_wconf 87' lang='lat' dir='ltr'><strong><em>meis</em></strong></span> <span class='ocrx_word' id='word_1_105' title='bbox 1563 1277 1604 1330; x_wconf 79' lang='lat'><strong><em>’.</em></strong></span> <span class='ocrx_word' id='word_1_106' title='bbox 1645 1275 1719 1328; x_wconf 86' lang='lat' dir='ltr'><strong><em>Ita</em></strong></span> <span class='ocrx_word' id='word_1_107' title='bbox 1768 1273 2008 1328; x_wconf 89' lang='lat' dir='ltr'><strong><em>nondum</em></strong></span> 
     </span>
    </p>
   </div>
   <div class='ocr_carea' id='block_1_16' title="bbox 439 1365 2006 1443">
    <p class='ocr_par' dir='ltr' id='par_1_16' title="bbox 439 1365 2006 1443">
     <span class='ocr_line' id='line_1_16' title="bbox 439 1365 2006 1443; baseline -0.007 -15"><span class='ocrx_word' id='word_1_108' title='bbox 439 1380 720 1442; x_wconf 88' lang='lat' dir='ltr'><strong><em>peccatum</em></strong></span> <span class='ocrx_word' id='word_1_109' title='bbox 761 1372 829 1427; x_wconf 89' lang='lat' dir='ltr'><strong><em>ab</em></strong></span> <span class='ocrx_word' id='word_1_110' title='bbox 858 1373 989 1443; x_wconf 90' lang='lat' dir='ltr'><strong><em>ipsis</em></strong></span> <span class='ocrx_word' id='word_1_111' title='bbox 1032 1370 1312 1425; x_wconf 84' lang='lat' dir='ltr'><strong><em>radicibus</em></strong></span> <span class='ocrx_word' id='word_1_112' title='bbox 1361 1369 1536 1425; x_wconf 83' lang='lat' dir='ltr'><strong><em>excidi</em></strong></span> <span class='ocrx_word' id='word_1_113' title='bbox 1569 1367 1785 1439; x_wconf 76' lang='lat' dir='ltr'><strong><em>penitus</em></strong></span> <span class='ocrx_word' id='word_1_114' title='bbox 1814 1365 2006 1435; x_wconf 90' lang='lat' dir='ltr'><strong><em>potuit.</em></strong></span> 
     </span>
    </p>
   </div>
   <div class='ocr_carea' id='block_1_17' title="bbox 440 1454 2011 1530">
    <p class='ocr_par' dir='ltr' id='par_1_17' title="bbox 440 1454 2011 1530">
     <span class='ocr_line' id='line_1_17' title="bbox 440 1454 2011 1530; baseline -0.004 -18"><span class='ocrx_word' id='word_1_115' title='bbox 440 1458 623 1530; x_wconf 76' lang='lat' dir='ltr'><strong><em>Nequa</em></strong></span> <span class='ocrx_word' id='word_1_116' title='bbox 653 1458 796 1515; x_wconf 87' lang='lat' dir='ltr'><strong><em>enim</em></strong></span> <span class='ocrx_word' id='word_1_117' title='bbox 832 1457 1078 1513; x_wconf 82' lang='lat' dir='ltr'><strong><em>funditus</em></strong></span> <span class='ocrx_word' id='word_1_118' title='bbox 1107 1465 1188 1513; x_wconf 87' lang='lat' dir='ltr'><strong><em>est</em></strong></span> <span class='ocrx_word' id='word_1_119' title='bbox 1220 1458 1570 1518; x_wconf 78' lang='lat' dir='ltr'><strong><em>exstinctum,</em></strong></span> <span class='ocrx_word' id='word_1_120' title='bbox 1597 1454 1689 1511; x_wconf 90' lang='lat' dir='ltr'><strong><em>sed</em></strong></span> <span class='ocrx_word' id='word_1_121' title='bbox 1712 1455 2011 1510; x_wconf 86' lang='lat' dir='ltr'><strong><em>etiamnum</em></strong></span> 
     </span>
    </p>
   </div>
   <div class='ocr_carea' id='block_1_18' title="bbox 439 1544 2011 1618">
    <p class='ocr_par' dir='ltr' id='par_1_18' title="bbox 439 1544 2011 1618">
     <span class='ocr_line' id='line_1_18' title="bbox 439 1544 2011 1618; baseline -0.003 -14"><span class='ocrx_word' id='word_1_122' title='bbox 439 1551 590 1604; x_wconf 83' lang='lat' dir='ltr'><strong><em>vivit.</em></strong></span> <span class='ocrx_word' id='word_1_123' title='bbox 621 1549 725 1616; x_wconf 87' lang='lat' dir='ltr'><strong><em>Qui</em></strong></span> <span class='ocrx_word' id='word_1_124' title='bbox 756 1550 899 1604; x_wconf 90' lang='lat' dir='ltr'><strong><em>enim</em></strong></span> <span class='ocrx_word' id='word_1_125' title='bbox 928 1548 1042 1605; x_wconf 87' lang='lat' dir='ltr'><strong><em>ﬁeri</em></strong></span> <span class='ocrx_word' id='word_1_126' title='bbox 1080 1548 1226 1604; x_wconf 90' lang='lat' dir='ltr'><strong><em>istud</em></strong></span> <span class='ocrx_word' id='word_1_127' title='bbox 1269 1556 1472 1618; x_wconf 88' lang='lat' dir='ltr'><strong><em>posset,</em></strong></span> <span class='ocrx_word' id='word_1_128' title='bbox 1506 1554 1798 1615; x_wconf 80' lang='lat' dir='ltr'><strong><em>antequam</em></strong></span> <span class='ocrx_word' id='word_1_129' title='bbox 1848 1544 2011 1599; x_wconf 88' lang='lat' dir='ltr'><strong><em>homo</em></strong></span> 
     </span>
    </p>
   </div>
   <div class='ocr_carea' id='block_1_19' title="bbox 441 1638 2011 1703">
    <p class='ocr_par' dir='ltr' id='par_1_19' title="bbox 441 1638 2011 1703">
     <span class='ocr_line' id='line_1_19' title="bbox 441 1638 2011 1703; baseline -0.008 -9"><span class='ocrx_word' id='word_1_130' title='bbox 441 1640 600 1694; x_wconf 83' lang='lat' dir='ltr'><strong><em>morti</em></strong></span> <span class='ocrx_word' id='word_1_131' title='bbox 634 1648 779 1695; x_wconf 87' lang='lat' dir='ltr'><strong><em>esset</em></strong></span> <span class='ocrx_word' id='word_1_132' title='bbox 822 1638 1091 1699; x_wconf 83' lang='lat' dir='ltr'><strong><em>addictus,</em></strong></span> <span class='ocrx_word' id='word_1_133' title='bbox 1129 1646 1187 1691; x_wconf 90' lang='lat' dir='ltr'><strong><em>ut</em></strong></span> <span class='ocrx_word' id='word_1_134' title='bbox 1235 1652 1356 1691; x_wconf 90' lang='lat' dir='ltr'><strong><em>cum</em></strong></span> <span class='ocrx_word' id='word_1_135' title='bbox 1404 1649 1469 1689; x_wconf 91' lang='lat' dir='ltr'><strong><em>eo</em></strong></span> <span class='ocrx_word' id='word_1_136' title='bbox 1498 1640 1813 1703; x_wconf 87' lang='lat' dir='ltr'><strong><em>corruptum</em></strong></span> <span class='ocrx_word' id='word_1_137' title='bbox 1850 1638 2011 1699; x_wconf 88' lang='lat' dir='ltr'><strong><em>atque</em></strong></span> 
     </span>
    </p>
   </div>
   <div class='ocr_carea' id='block_1_20' title="bbox 2106 456 3677 531">
    <p class='ocr_par' dir='ltr' id='par_1_20' title="bbox 2106 456 3677 531">
     <span class='ocr_line' id='line_1_20' title="bbox 2106 456 3677 531; baseline -0.003 -16"><span class='ocrx_word' id='word_1_138' title='bbox 2106 464 2237 531; x_wconf 81' lang='grc' dir='ltr'><em>γὰρ,</em></span> <span class='ocrx_word' id='word_1_139' title='bbox 2268 461 2358 514; x_wconf 83' lang='grc' dir='ltr'><em>ὅτι</em></span> <span class='ocrx_word' id='word_1_140' title='bbox 2381 462 2492 515; x_wconf 82' lang='grc' dir='ltr'><em>οὐκ</em></span> <span class='ocrx_word' id='word_1_141' title='bbox 2527 459 2760 512; x_wconf 74' lang='grc' dir='ltr'><em>οὶκεῐὲν</em></span> <span class='ocrx_word' id='word_1_142' title='bbox 2789 456 2941 527; x_wconf 73' lang='grc' dir='ltr'><em>ἐμοὶ,</em></span> <span class='ocrx_word' id='word_1_143' title='bbox 2967 456 3281 511; x_wconf 80' lang='grc' dir='ltr'><strong><em>τουτέστιν</em></strong></span> <span class='ocrx_word' id='word_1_144' title='bbox 3307 458 3376 511; x_wconf 74' lang='grc' dir='ltr'><em>ἐν</em></span> <span class='ocrx_word' id='word_1_145' title='bbox 3394 457 3471 526; x_wconf 79' lang='grc' dir='ltr'><em>τῇ</em></span> <span class='ocrx_word' id='word_1_146' title='bbox 3495 466 3677 527; x_wconf 70' lang='grc' dir='ltr'><em>σαρκί</em></span> 
     </span>
    </p>
   </div>
   <div class='ocr_carea' id='block_1_21' title="bbox 2101 548 3664 624">
    <p class='ocr_par' dir='ltr' id='par_1_21' title="bbox 2101 548 3664 624">
     <span class='ocr_line' id='line_1_21' title="bbox 2101 548 3664 624; baseline -0.003 -17"><span class='ocrx_word' id='word_1_147' title='bbox 2101 572 2242 623; x_wconf 79' lang='grc' dir='ltr'><em>μου,</em></span> <span class='ocrx_word' id='word_1_148' title='bbox 2289 551 2535 624; x_wconf 77' lang='grc' dir='ltr'><strong><em>φράζων,</em></strong></span> <span class='ocrx_word' id='word_1_149' title='bbox 2584 550 2652 604; x_wconf 86' lang='grc' dir='ltr'><em>τὸ</em></span> <span class='ocrx_word' id='word_1_150' title='bbox 2690 550 2935 619; x_wconf 77' lang='grc' dir='ltr'><em>ἀγαθόν.</em></span> <span class='ocrx_word' id='word_1_151' title='bbox 2987 548 3062 603; x_wconf 84' lang='grc' dir='ltr'><strong><em>Τὸ</em></strong></span> <span class='ocrx_word' id='word_1_152' title='bbox 3101 548 3212 618; x_wconf 80' lang='grc' dir='ltr'><em>γὰρ</em></span> <span class='ocrx_word' id='word_1_153' title='bbox 3250 548 3449 605; x_wconf 68' lang='grc' dir='ltr'><em>θέλειν</em></span> <span class='ocrx_word' id='word_1_154' title='bbox 3492 550 3664 619; x_wconf 68' lang='grc' dir='ltr'><em>παρὰ</em></span> 
     </span>
    </p>
   </div>
   <div class='ocr_carea' id='block_1_22' title="bbox 2107 639 3677 715">
    <p class='ocr_par' dir='ltr' id='par_1_22' title="bbox 2107 639 3677 715">
     <span class='ocr_line' id='line_1_22' title="bbox 2107 639 3677 715; baseline -0.003 -15"><span class='ocrx_word' id='word_1_155' title='bbox 2107 646 2294 700; x_wconf 80' lang='grc' dir='ltr'><em>κειται</em></span> <span class='ocrx_word' id='word_1_156' title='bbox 2314 662 2437 715; x_wconf 87' lang='grc' dir='ltr'><em>μοι,</em></span> <span class='ocrx_word' id='word_1_157' title='bbox 2467 644 2533 697; x_wconf 87' lang='grc' dir='ltr'><em>τὸ</em></span> <span class='ocrx_word' id='word_1_158' title='bbox 2560 642 2631 695; x_wconf 85' lang='grc' dir='ltr'><em>δὲ</em></span> <span class='ocrx_word' id='word_1_159' title='bbox 2665 639 3122 711; x_wconf 74' lang='grc' dir='ltr'><em>κατεργάζεσθαι</em></span> <span class='ocrx_word' id='word_1_160' title='bbox 3152 641 3219 694; x_wconf 89' lang='grc' dir='ltr'><em>τὸ</em></span> <span class='ocrx_word' id='word_1_161' title='bbox 3245 642 3438 695; x_wconf 67' lang='grc' dir='ltr'><em>καλὸν</em></span> <span class='ocrx_word' id='word_1_162' title='bbox 3466 644 3556 696; x_wconf 79' lang='grc' dir='ltr'><strong><em>οὔ.</em></strong></span> <span class='ocrx_word' id='word_1_163' title='bbox 3592 645 3677 696; x_wconf 72' lang='grc' dir='ltr'><strong><em>Οὐ</em></strong></span> 
     </span>
    </p>
   </div>
   <div class='ocr_carea' id='block_1_23' title="bbox 2106 730 3674 804">
    <p class='ocr_par' dir='ltr' id='par_1_23' title="bbox 2106 730 3674 804">
     <span class='ocr_line' id='line_1_23' title="bbox 2106 730 3674 804; baseline -0.003 -15"><span class='ocrx_word' id='word_1_164' title='bbox 2106 735 2216 804; x_wconf 82' lang='grc' dir='ltr'><em>γὰρ</em></span> <span class='ocrx_word' id='word_1_165' title='bbox 2247 734 2280 787; x_wconf 84' lang='grc' dir='ltr'>ὃ</span> <span class='ocrx_word' id='word_1_166' title='bbox 2319 733 2471 787; x_wconf 71' lang='grc' dir='ltr'><em>θέλω</em></span> <span class='ocrx_word' id='word_1_167' title='bbox 2502 730 2650 786; x_wconf 82' lang='grc' dir='ltr'><em>ποιῶ</em></span> <span class='ocrx_word' id='word_1_168' title='bbox 2674 730 2918 800; x_wconf 80' lang='grc' dir='ltr'><em>ἀγαθὸν,</em></span> <span class='ocrx_word' id='word_1_169' title='bbox 2948 730 3085 785; x_wconf 71' lang='grc' dir='ltr'><em>ἀλλ’</em></span> <span class='ocrx_word' id='word_1_170' title='bbox 3117 730 3149 782; x_wconf 85' lang='grc' dir='ltr'>ὃ</span> <span class='ocrx_word' id='word_1_171' title='bbox 3186 731 3259 784; x_wconf 86' lang='grc' dir='ltr'><em>οὐ</em></span> <span class='ocrx_word' id='word_1_172' title='bbox 3296 730 3448 784; x_wconf 70' lang='grc' dir='ltr'><em>θέλω</em></span> <span class='ocrx_word' id='word_1_173' title='bbox 3471 732 3674 793; x_wconf 70' lang='grc' dir='ltr'><em>κακὸν,</em></span> 
     </span>
    </p>
   </div>
   <div class='ocr_carea' id='block_1_24' title="bbox 2106 822 3675 893">
    <p class='ocr_par' dir='ltr' id='par_1_24' title="bbox 2106 822 3675 893">
     <span class='ocr_line' id='line_1_24' title="bbox 2106 822 3675 893; baseline -0.003 -14"><span class='ocrx_word' id='word_1_174' title='bbox 2106 826 2280 881; x_wconf 88' lang='grc' dir='ltr'><em>τοῦτο</em></span> <span class='ocrx_word' id='word_1_175' title='bbox 2312 824 2588 893; x_wconf 83' lang='grc' dir='ltr'><em>πράσσω.</em></span> <span class='ocrx_word' id='word_1_176' title='bbox 2632 826 2703 878; x_wconf 84' lang='lat' dir='ltr'><strong><em>El</em></strong></span> <span class='ocrx_word' id='word_1_177' title='bbox 2750 823 2818 876; x_wconf 84' lang='grc' dir='ltr'><em>δὲ</em></span> <span class='ocrx_word' id='word_1_178' title='bbox 2863 823 2895 876; x_wconf 89' lang='grc' dir='ltr'><em>ὃ</em></span> <span class='ocrx_word' id='word_1_179' title='bbox 2946 825 3020 877; x_wconf 88' lang='grc' dir='ltr'><em>οὑ</em></span> <span class='ocrx_word' id='word_1_180' title='bbox 3068 823 3250 886; x_wconf 76' lang='grc' dir='ltr'><em>θέλω,</em></span> <span class='ocrx_word' id='word_1_181' title='bbox 3295 822 3470 876; x_wconf 87' lang='grc' dir='ltr'><em>τοῦτο</em></span> <span class='ocrx_word' id='word_1_182' title='bbox 3508 822 3675 885; x_wconf 76' lang='grc' dir='ltr'><em>ποιῶ,</em></span> 
     </span>
    </p>
   </div>
   <div class='ocr_carea' id='block_1_25' title="bbox 2107 912 3678 983">
    <p class='ocr_par' dir='ltr' id='par_1_25' title="bbox 2107 912 3678 983">
     <span class='ocr_line' id='line_1_25' title="bbox 2107 912 3678 983; baseline -0.003 -14"><span class='ocrx_word' id='word_1_183' title='bbox 2107 914 2307 971; x_wconf 81' lang='grc' dir='ltr'><em>οὐκέτι</em></span> <span class='ocrx_word' id='word_1_184' title='bbox 2342 914 2458 983; x_wconf 78' lang='grc' dir='ltr'><strong><em>ἐγὼ</em></strong></span> <span class='ocrx_word' id='word_1_185' title='bbox 2497 912 2917 983; x_wconf 79' lang='grc' dir='ltr'><strong><em>κατεργάζομαι</em></strong></span> <span class='ocrx_word' id='word_1_186' title='bbox 2961 913 3131 978; x_wconf 84' lang='grc' dir='ltr'><em>αὐτὸ,</em></span> <span class='ocrx_word' id='word_1_187' title='bbox 3161 912 3298 967; x_wconf 71' lang='grc' dir='ltr'><em>ἀλλ’</em></span> <span class='ocrx_word' id='word_1_188' title='bbox 3350 913 3387 975; x_wconf 81' lang='grc' dir='ltr'>ἡ</span> <span class='ocrx_word' id='word_1_189' title='bbox 3429 914 3678 966; x_wconf 76' lang='grc' dir='ltr'><strong><em>οἰκοῦσα</em></strong></span> 
     </span>
    </p>
   </div>
   <div class='ocr_carea' id='block_1_26' title="bbox 2106 1000 3678 1076">
    <p class='ocr_par' dir='ltr' id='par_1_26' title="bbox 2106 1000 3678 1076">
     <span class='ocr_line' id='line_1_26' title="bbox 2106 1000 3678 1076; baseline -0.003 -13"><span class='ocrx_word' id='word_1_190' title='bbox 2106 1010 2175 1063; x_wconf 82' lang='grc' dir='ltr'><em>ἐν</em></span> <span class='ocrx_word' id='word_1_191' title='bbox 2200 1006 2329 1076; x_wconf 75' lang='grc' dir='ltr'><em>ἐμοὶ</em></span> <span class='ocrx_word' id='word_1_192' title='bbox 2352 1007 2637 1076; x_wconf 77' lang='grc' dir='ltr'><em>ἁμαρτία·</em></span> <span class='ocrx_word' id='word_1_193' title='bbox 2673 1006 2763 1059; x_wconf 85' lang='grc' dir='ltr'><em>ὁτέ</em></span> <span class='ocrx_word' id='word_1_194' title='bbox 2797 1005 2883 1069; x_wconf 90' lang='grc' dir='ltr'><strong><em>δέ,</em></strong></span> <span class='ocrx_word' id='word_1_195' title='bbox 2911 1004 3251 1073; x_wconf 74' lang='grc' dir='ltr'><em>Συνήδομαι</em></span> <span class='ocrx_word' id='word_1_196' title='bbox 3282 1003 3364 1069; x_wconf 84' lang='grc' dir='ltr'><em>τῷ</em></span> <span class='ocrx_word' id='word_1_197' title='bbox 3392 1006 3550 1073; x_wconf 73' lang='grc' dir='ltr'><em>νόμῳ</em></span> <span class='ocrx_word' id='word_1_198' title='bbox 3568 1000 3678 1059; x_wconf 77' lang='grc' dir='ltr'><em>τοῦ</em></span> 
     </span>
    </p>
   </div>
   <div class='ocr_carea' id='block_1_27' title="bbox 2111 1096 3680 1166">
    <p class='ocr_par' dir='ltr' id='par_1_27' title="bbox 2111 1096 3680 1166">
     <span class='ocr_line' id='line_1_27' title="bbox 2111 1096 3680 1166; baseline -0.004 -12"><span class='ocrx_word' id='word_1_199' title='bbox 2111 1100 2256 1154; x_wconf 84' lang='grc' dir='ltr'><em>Θεοῦ</em></span> <span class='ocrx_word' id='word_1_200' title='bbox 2286 1099 2435 1153; x_wconf 83' lang='grc' dir='ltr'><em>κατὰ</em></span> <span class='ocrx_word' id='word_1_201' title='bbox 2464 1097 2571 1152; x_wconf 83' lang='grc' dir='ltr'><em>τὸν</em></span> <span class='ocrx_word' id='word_1_202' title='bbox 2594 1097 2716 1151; x_wconf 82' lang='grc' dir='ltr'><em>ἔσω</em></span> <span class='ocrx_word' id='word_1_203' title='bbox 2746 1097 3080 1166; x_wconf 76' lang='grc' dir='ltr'><em>ἄνθρωπον.</em></span> <span class='ocrx_word' id='word_1_204' title='bbox 3131 1096 3346 1150; x_wconf 76' lang='grc' dir='ltr'><em>Βλέπω</em></span> <span class='ocrx_word' id='word_1_205' title='bbox 3375 1096 3447 1149; x_wconf 78' lang='grc' dir='ltr'><em>δὲ</em></span> <span class='ocrx_word' id='word_1_206' title='bbox 3477 1096 3680 1163; x_wconf 69' lang='grc' dir='ltr'><em>ἕτερον</em></span> 
     </span>
    </p>
   </div>
   <div class='ocr_carea' id='block_1_28' title="bbox 2108 1188 3679 1261">
    <p class='ocr_par' dir='ltr' id='par_1_28' title="bbox 2108 1188 3679 1261">
     <span class='ocr_line' id='line_1_28' title="bbox 2108 1188 3679 1261; baseline -0.002 -17"><span class='ocrx_word' id='word_1_207' title='bbox 2108 1192 2296 1261; x_wconf 76' lang='grc' dir='ltr'><em>νόμον</em></span> <span class='ocrx_word' id='word_1_208' title='bbox 2318 1191 2388 1243; x_wconf 83' lang='grc' dir='ltr'><strong><em>ἐν</em></strong></span> <span class='ocrx_word' id='word_1_209' title='bbox 2412 1188 2537 1255; x_wconf 83' lang='grc' dir='ltr'><em>τοῖς</em></span> <span class='ocrx_word' id='word_1_210' title='bbox 2559 1188 2777 1257; x_wconf 70' lang='grc' dir='ltr'><em>μέλεσι</em></span> <span class='ocrx_word' id='word_1_211' title='bbox 2800 1205 2939 1257; x_wconf 86' lang='grc' dir='ltr'><em>μου,</em></span> <span class='ocrx_word' id='word_1_212' title='bbox 2969 1189 3578 1257; x_wconf 78' lang='grc' dir='ltr'><strong><em>ἀντιστρατευόμενον</em></strong></span> <span class='ocrx_word' id='word_1_213' title='bbox 3598 1188 3679 1253; x_wconf 81' lang='grc' dir='ltr'><em>τῷ</em></span> 
     </span>
    </p>
   </div>
   <div class='ocr_carea' id='block_1_29' title="bbox 2108 1280 3679 1352">
    <p class='ocr_par' dir='ltr' id='par_1_29' title="bbox 2108 1280 3679 1352">
     <span class='ocr_line' id='line_1_29' title="bbox 2108 1280 3679 1352; baseline -0.002 -17"><span class='ocrx_word' id='word_1_214' title='bbox 2108 1284 2270 1352; x_wconf 74' lang='grc' dir='ltr'><em>’νόμῳ</em></span> <span class='ocrx_word' id='word_1_215' title='bbox 2316 1282 2424 1336; x_wconf 88' lang='grc' dir='ltr'><em>τοῦ</em></span> <span class='ocrx_word' id='word_1_216' title='bbox 2456 1281 2596 1347; x_wconf 82' lang='grc' dir='ltr'><em>νοός</em></span> <span class='ocrx_word' id='word_1_217' title='bbox 2630 1298 2771 1350; x_wconf 82' lang='grc' dir='ltr'><em>μου,</em></span> <span class='ocrx_word' id='word_1_218' title='bbox 2811 1280 2911 1333; x_wconf 79' lang='grc' dir='ltr'><em>καὶ</em></span> <span class='ocrx_word' id='word_1_219' title='bbox 2960 1281 3029 1334; x_wconf 83' lang='grc' dir='ltr'><strong><em>ἐκ</em></strong></span> <span class='ocrx_word' id='word_1_220' title='bbox 3061 1282 3285 1347; x_wconf 80' lang='grc' dir='ltr'><em>παντὸς</em></span> <span class='ocrx_word' id='word_1_221' title='bbox 3325 1281 3679 1349; x_wconf 71' lang='grc' dir='ltr'><em>αἰχμαλωτί-</em></span> 
     </span>
    </p>
   </div>
   <div class='ocr_carea' id='block_1_30' title="bbox 2112 1367 3680 1441">
    <p class='ocr_par' dir='ltr' id='par_1_30' title="bbox 2112 1367 3680 1441">
     <span class='ocr_line' id='line_1_30' title="bbox 2112 1367 3680 1441; baseline -0.002 -15"><span class='ocrx_word' id='word_1_222' title='bbox 2112 1371 2285 1433; x_wconf 79' lang='grc' dir='ltr'><em>ζοντά</em></span> <span class='ocrx_word' id='word_1_223' title='bbox 2304 1390 2381 1441; x_wconf 81' lang='grc' dir='ltr'><strong><em>με</em></strong></span> <span class='ocrx_word' id='word_1_224' title='bbox 2416 1371 2496 1437; x_wconf 85' lang='grc' dir='ltr'><em>τῷ</em></span> <span class='ocrx_word' id='word_1_225' title='bbox 2523 1372 2684 1439; x_wconf 79' lang='grc' dir='ltr'><em>νόμῳ</em></span> <span class='ocrx_word' id='word_1_226' title='bbox 2720 1370 2833 1438; x_wconf 82' lang='grc' dir='ltr'><em>τῆς</em></span> <span class='ocrx_word' id='word_1_227' title='bbox 2861 1371 3147 1440; x_wconf 80' lang='grc' dir='ltr'><em>ἁμαρτίας</em></span> <span class='ocrx_word' id='word_1_228' title='bbox 3176 1367 3258 1438; x_wconf 77' lang='grc' dir='ltr'><em>τῷ</em></span> <span class='ocrx_word' id='word_1_229' title='bbox 3290 1372 3419 1424; x_wconf 80' lang='grc' dir='ltr'><em>ὄντι</em></span> <span class='ocrx_word' id='word_1_230' title='bbox 3454 1373 3521 1424; x_wconf 81' lang='grc' dir='ltr'><em>ἐν</em></span> <span class='ocrx_word' id='word_1_231' title='bbox 3555 1371 3680 1437; x_wconf 82' lang='grc' dir='ltr'><em>τοῖς</em></span> 
     </span>
    </p>
   </div>
   <div class='ocr_carea' id='block_1_31' title="bbox 2107 1460 3681 1532">
    <p class='ocr_par' dir='ltr' id='par_1_31' title="bbox 2107 1460 3681 1532">
     <span class='ocr_line' id='line_1_31' title="bbox 2107 1460 3681 1532; baseline -0.001 -16"><span class='ocrx_word' id='word_1_232' title='bbox 2107 1462 2325 1532; x_wconf 76' lang='grc' dir='ltr'><em>μέλεσι</em></span> <span class='ocrx_word' id='word_1_233' title='bbox 2366 1478 2506 1530; x_wconf 86' lang='grc' dir='ltr'><em>μου.</em></span> <span class='ocrx_word' id='word_1_234' title='bbox 2553 1460 2741 1523; x_wconf 73' lang='grc' dir='ltr'><em>Οὕτως</em></span> <span class='ocrx_word' id='word_1_235' title='bbox 2792 1460 3002 1512; x_wconf 76' lang='grc' dir='ltr'><em>οὐδέπω</em></span> <span class='ocrx_word' id='word_1_236' title='bbox 3046 1460 3143 1529; x_wconf 79' lang='grc' dir='ltr'><em>τὴν</em></span> <span class='ocrx_word' id='word_1_237' title='bbox 3192 1460 3467 1531; x_wconf 77' lang='grc' dir='ltr'><strong><em>ἁμαρτίαν</em></strong></span> <span class='ocrx_word' id='word_1_238' title='bbox 3518 1461 3681 1514; x_wconf 74' lang='grc' dir='ltr'><em>αὑτό-</em></span> 
     </span>
    </p>
   </div>
   <div class='ocr_carea' id='block_1_32' title="bbox 2111 1554 3680 1629">
    <p class='ocr_par' dir='ltr' id='par_1_32' title="bbox 2111 1554 3680 1629">
     <span class='ocr_line' id='line_1_32' title="bbox 2111 1554 3680 1629; baseline -0.002 -18"><span class='ocrx_word' id='word_1_239' title='bbox 2111 1573 2351 1629; x_wconf 84' lang='grc' dir='ltr'><em>πρεμνον</em></span> <span class='ocrx_word' id='word_1_240' title='bbox 2393 1558 2458 1609; x_wconf 84' lang='grc' dir='ltr'><strong><em>ἐκ</em></strong></span> <span class='ocrx_word' id='word_1_241' title='bbox 2502 1555 2673 1626; x_wconf 77' lang='grc' dir='ltr'><em>ῥιζῶν</em></span> <span class='ocrx_word' id='word_1_242' title='bbox 2716 1554 3039 1623; x_wconf 81' lang='grc' dir='ltr'><strong><em>διακοπῆναι</em></strong></span> <span class='ocrx_word' id='word_1_243' title='bbox 3080 1554 3298 1624; x_wconf 74' lang='grc' dir='ltr'><em>συνέϐη.</em></span> <span class='ocrx_word' id='word_1_244' title='bbox 3346 1556 3421 1608; x_wconf 79' lang='grc' dir='ltr'><em>Ού</em></span> <span class='ocrx_word' id='word_1_245' title='bbox 3462 1554 3569 1626; x_wconf 74' lang='grc' dir='ltr'><em>γὰρ</em></span> <span class='ocrx_word' id='word_1_246' title='bbox 3600 1558 3680 1619; x_wconf 79' lang='grc' dir='ltr'><em>εἰς</em></span> 
     </span>
    </p>
   </div>
   <div class='ocr_carea' id='block_1_33' title="bbox 2111 1644 3681 1717">
    <p class='ocr_par' dir='ltr' id='par_1_33' title="bbox 2111 1644 3681 1717">
     <span class='ocr_line' id='line_1_33' title="bbox 2111 1644 3681 1717; baseline -0.002 -16"><span class='ocrx_word' id='word_1_247' title='bbox 2111 1648 2263 1711; x_wconf 86' lang='grc' dir='ltr'><em>τέλος</em></span> <span class='ocrx_word' id='word_1_248' title='bbox 2285 1647 2573 1710; x_wconf 83' lang='grc' dir='ltr'><strong><em>ἀπέθανεν,</em></strong></span> <span class='ocrx_word' id='word_1_249' title='bbox 2613 1644 2749 1698; x_wconf 88' lang='grc' dir='ltr'><strong><em>ἀλλά</em></strong></span> <span class='ocrx_word' id='word_1_250' title='bbox 2785 1645 2873 1715; x_wconf 80' lang='grc' dir='ltr'><strong><em>ζῇ.</em></strong></span> <span class='ocrx_word' id='word_1_251' title='bbox 2902 1644 3025 1708; x_wconf 81' lang='grc' dir='ltr'><strong><em>Πῶς</em></strong></span> <span class='ocrx_word' id='word_1_252' title='bbox 3051 1644 3159 1715; x_wconf 82' lang='grc' dir='ltr'><strong><em>γάρ</em></strong></span> <span class='ocrx_word' id='word_1_253' title='bbox 3198 1645 3305 1715; x_wconf 82' lang='grc' dir='ltr'><em>πρὸ</em></span> <span class='ocrx_word' id='word_1_254' title='bbox 3332 1645 3426 1698; x_wconf 81' lang='grc' dir='ltr'><em>τοῦ</em></span> <span class='ocrx_word' id='word_1_255' title='bbox 3465 1647 3681 1717; x_wconf 71' lang='grc' dir='ltr'><em>περιϐε-</em></span> 
     </span>
    </p>
   </div>
   <div class='ocr_carea' id='block_1_34' title="bbox 439 1711 2013 1811">
    <p class='ocr_par' dir='ltr' id='par_1_34' title="bbox 439 1722 2010 1798">
     <span class='ocr_line' id='line_1_34' title="bbox 439 1722 2010 1798; baseline -0.005 -17"><span class='ocrx_word' id='word_1_256' title='bbox 439 1738 821 1798; x_wconf 82' lang='lat' dir='ltr'><strong><em>consumptum</em></strong></span> <span class='ocrx_word' id='word_1_257' title='bbox 867 1726 1111 1781; x_wconf 81' lang='lat' dir='ltr'><strong><em>funditus</em></strong></span> <span class='ocrx_word' id='word_1_258' title='bbox 1160 1726 1376 1795; x_wconf 86' lang='lat' dir='ltr'><strong><em>quidem</em></strong></span> <span class='ocrx_word' id='word_1_259' title='bbox 1409 1725 1586 1794; x_wconf 92' lang='lat' dir='ltr'><strong><em>ipsum</em></strong></span> <span class='ocrx_word' id='word_1_260' title='bbox 1636 1722 2010 1790; x_wconf 83' lang='lat' dir='ltr'><strong><em>exstinguatur</em></strong></span> 
     </span>
    </p>
   </div>
   <div class='ocr_carea' id='block_1_35' title="bbox 2118 1711 3676 1811">
    <p class='ocr_par' dir='ltr' id='par_1_35' title="bbox 2118 1711 3676 1811">
     <span class='ocr_line' id='line_1_35' title="bbox 2118 1711 3676 1811; baseline -0.006 -17"><span class='ocrx_word' id='word_1_261' title='bbox 2118 1739 2337 1811; x_wconf 75' lang='grc' dir='ltr'><em>ϐλῆσθαι</em></span> <span class='ocrx_word' id='word_1_262' title='bbox 2368 1737 2582 1806; x_wconf 85' lang='grc' dir='ltr'><em>θανάτῳ</em></span> <span class='ocrx_word' id='word_1_263' title='bbox 2608 1736 2698 1789; x_wconf 84' lang='grc' dir='ltr'><em>τὸν</em></span> <span class='ocrx_word' id='word_1_264' title='bbox 2729 1711 3035 1805; x_wconf 77' lang='grc' dir='ltr'><em>ἄνθρωπον,</em></span> <span class='ocrx_word' id='word_1_265' title='bbox 3065 1711 3155 1788; x_wconf 77' lang='grc' dir='ltr'><strong><em>ίνα</em></strong></span> <span class='ocrx_word' id='word_1_266' title='bbox 3181 1711 3329 1804; x_wconf 71' lang='grc' dir='ltr'><em>αὐτῷ</em></span> <span class='ocrx_word' id='word_1_267' title='bbox 3354 1711 3676 1807; x_wconf 68' lang='grc' dir='ltr'><em>συμμαραν-</em></span> 
     </span>
    </p>
   </div>
   <div class='ocr_carea' id='block_1_36' title="bbox 439 1814 2007 1889">
    <p class='ocr_par' dir='ltr' id='par_1_36' title="bbox 439 1814 2007 1889">
     <span class='ocr_line' id='line_1_36' title="bbox 439 1814 2007 1889; baseline -0.007 -14"><span class='ocrx_word' id='word_1_268' title='bbox 439 1829 492 1875; x_wconf 88' lang='lat' dir='ltr'><strong><em>et</em></strong></span> <span class='ocrx_word' id='word_1_269' title='bbox 536 1827 736 1888; x_wconf 83' lang='lat' dir='ltr'><strong><em>pereat,</em></strong></span> <span class='ocrx_word' id='word_1_270' title='bbox 772 1819 968 1889; x_wconf 70' lang='lat' dir='ltr'><strong><em>planta:</em></strong></span> <span class='ocrx_word' id='word_1_271' title='bbox 1011 1819 1203 1881; x_wconf 87' lang='lat' dir='ltr'><strong><em>instar,</em></strong></span> <span class='ocrx_word' id='word_1_272' title='bbox 1235 1832 1354 1886; x_wconf 81' lang='lat' dir='ltr'><strong><em>quae</em></strong></span> <span class='ocrx_word' id='word_1_273' title='bbox 1381 1816 1649 1872; x_wconf 88' lang='lat' dir='ltr'><strong><em>dissoluto</em></strong></span> <span class='ocrx_word' id='word_1_274' title='bbox 1677 1815 1787 1878; x_wconf 90' lang='lat' dir='ltr'><strong><em>illo,</em></strong></span> <span class='ocrx_word' id='word_1_275' title='bbox 1820 1814 1873 1866; x_wconf 90' lang='lat' dir='ltr'><strong><em>in</em></strong></span> <span class='ocrx_word' id='word_1_276' title='bbox 1902 1827 2007 1881; x_wconf 91' lang='lat' dir='ltr'><strong><em>quo</em></strong></span> 
     </span>
    </p>
   </div>
   <div class='ocr_carea' id='block_1_37' title="bbox 442 1903 2011 1971">
    <p class='ocr_par' dir='ltr' id='par_1_37' title="bbox 442 1903 2011 1971">
     <span class='ocr_line' id='line_1_37' title="bbox 442 1903 2011 1971; baseline -0.006 -6"><span class='ocrx_word' id='word_1_277' title='bbox 442 1910 640 1966; x_wconf 87' lang='lat' dir='ltr'><strong><em>abditis</em></strong></span> <span class='ocrx_word' id='word_1_278' title='bbox 663 1925 782 1965; x_wconf 87' lang='lat' dir='ltr'><strong><em>sese</em></strong></span> <span class='ocrx_word' id='word_1_279' title='bbox 815 1909 1090 1963; x_wconf 88' lang='lat' dir='ltr'><strong><em>radicibus</em></strong></span> <span class='ocrx_word' id='word_1_280' title='bbox 1123 1908 1500 1971; x_wconf 84' lang='lat' dir='ltr'><strong><em>conservabat,</em></strong></span> <span class='ocrx_word' id='word_1_281' title='bbox 1525 1905 1821 1961; x_wconf 89' lang='lat' dir='ltr'><strong><em>emoritur:</em></strong></span> <span class='ocrx_word' id='word_1_282' title='bbox 1850 1903 2011 1957; x_wconf 91' lang='lat' dir='ltr'><strong><em>homo</em></strong></span> 
     </span>
    </p>
   </div>
   <div class='ocr_carea' id='block_1_38' title="bbox 442 1993 2009 2070">
    <p class='ocr_par' dir='ltr' id='par_1_38' title="bbox 442 1993 2009 2070">
     <span class='ocr_line' id='line_1_38' title="bbox 442 1993 2009 2070; baseline -0.008 -13"><span class='ocrx_word' id='word_1_283' title='bbox 442 2020 570 2059; x_wconf 85' lang='lat' dir='ltr'><strong><em>vero</em></strong></span> <span class='ocrx_word' id='word_1_284' title='bbox 601 2002 803 2057; x_wconf 86' lang='lat' dir='ltr'><strong><em>nullam</em></strong></span> <span class='ocrx_word' id='word_1_285' title='bbox 829 2000 939 2070; x_wconf 88' lang='lat' dir='ltr'><strong><em>jam</em></strong></span> <span class='ocrx_word' id='word_1_286' title='bbox 969 2000 1186 2054; x_wconf 79' lang='lat' dir='ltr'><strong><em>insitam</em></strong></span> <span class='ocrx_word' id='word_1_287' title='bbox 1220 1998 1425 2053; x_wconf 85' lang='lat' dir='ltr'><strong><em>habens</em></strong></span> <span class='ocrx_word' id='word_1_288' title='bbox 1458 1994 1834 2050; x_wconf 89' lang='lat' dir='ltr'><strong><em>amaritudinis</em></strong></span> <span class='ocrx_word' id='word_1_289' title='bbox 1862 1993 2009 2047; x_wconf 87' lang='lat' dir='ltr'><strong><em>radi-</em></strong></span> 
     </span>
    </p>
   </div>
   <div class='ocr_carea' id='block_1_39' title="bbox 441 2084 2014 2161">
    <p class='ocr_par' dir='ltr' id='par_1_39' title="bbox 441 2084 2014 2161">
     <span class='ocr_line' id='line_1_39' title="bbox 441 2084 2014 2161; baseline -0.006 -13"><span class='ocrx_word' id='word_1_290' title='bbox 441 2109 559 2150; x_wconf 90' lang='lat' dir='ltr'><strong><em>cem</em></strong></span> <span class='ocrx_word' id='word_1_291' title='bbox 600 2093 667 2148; x_wconf 91' lang='lat' dir='ltr'><strong><em>ad</em></strong></span> <span class='ocrx_word' id='word_1_292' title='bbox 696 2092 861 2146; x_wconf 89' lang='lat' dir='ltr'><strong><em>vitam</em></strong></span> <span class='ocrx_word' id='word_1_293' title='bbox 908 2090 1191 2161; x_wconf 77' lang='lat' dir='ltr'><strong><em>resurgat?</em></strong></span> <span class='ocrx_word' id='word_1_294' title='bbox 1220 2092 1407 2158; x_wconf 80' lang='lat' dir='ltr'><strong><em>Itaque</em></strong></span> <span class='ocrx_word' id='word_1_295' title='bbox 1449 2088 1515 2141; x_wconf 88' lang='lat' dir='ltr'><strong><em>ad</em></strong></span> <span class='ocrx_word' id='word_1_296' title='bbox 1553 2092 1834 2157; x_wconf 87' lang='lat' dir='ltr'><strong><em>peccatum</em></strong></span> <span class='ocrx_word' id='word_1_297' title='bbox 1869 2084 2014 2139; x_wconf 86' lang='lat' dir='ltr'><strong><em>velut</em></strong></span> 
     </span>
    </p>
   </div>
   <div class='ocr_carea' id='block_1_40' title="bbox 442 2176 2001 2255">
    <p class='ocr_par' dir='ltr' id='par_1_40' title="bbox 442 2176 2001 2255">
     <span class='ocr_line' id='line_1_40' title="bbox 442 2176 2001 2255; baseline -0.008 -15"><span class='ocrx_word' id='word_1_298' title='bbox 442 2184 869 2255; x_wconf 80' lang='lat' dir='ltr'><strong><em>exstirpandum,</em></strong></span> <span class='ocrx_word' id='word_1_299' title='bbox 902 2176 1226 2252; x_wconf 87' lang='lat' dir='ltr'><strong><em>penitusque</em></strong></span> <span class='ocrx_word' id='word_1_300' title='bbox 1253 2179 1539 2234; x_wconf 90' lang='lat' dir='ltr'><strong><em>delendum</em></strong></span> <span class='ocrx_word' id='word_1_301' title='bbox 1568 2176 1861 2247; x_wconf 86' lang='lat' dir='ltr'><strong><em>opitulator</em></strong></span> <span class='ocrx_word' id='word_1_302' title='bbox 1900 2190 2001 2228; x_wconf 90' lang='lat' dir='ltr'><strong><em>no-</em></strong></span> 
     </span>
    </p>
   </div>
   <div class='ocr_carea' id='block_1_41' title="bbox 442 2267 2011 2337">
    <p class='ocr_par' dir='ltr' id='par_1_41' title="bbox 442 2267 2011 2337">
     <span class='ocr_line' id='line_1_41' title="bbox 442 2267 2011 2337; baseline -0.008 -4"><span class='ocrx_word' id='word_1_303' title='bbox 442 2286 554 2333; x_wconf 87' lang='lat' dir='ltr'><strong><em>ster</em></strong></span> <span class='ocrx_word' id='word_1_304' title='bbox 601 2289 665 2329; x_wconf 88' lang='lat' dir='ltr'><strong><em>ac</em></strong></span> <span class='ocrx_word' id='word_1_305' title='bbox 703 2290 829 2329; x_wconf 84' lang='lat' dir='ltr'><strong><em>vere</em></strong></span> <span class='ocrx_word' id='word_1_306' title='bbox 866 2273 1109 2328; x_wconf 89' lang='lat' dir='ltr'><strong><em>medicus</em></strong></span> <span class='ocrx_word' id='word_1_307' title='bbox 1157 2271 1301 2327; x_wconf 88' lang='lat' dir='ltr'><strong><em>Deus</em></strong></span> <span class='ocrx_word' id='word_1_308' title='bbox 1358 2278 1607 2333; x_wconf 87' lang='lat' dir='ltr'><strong><em>mortem,</em></strong></span> <span class='ocrx_word' id='word_1_309' title='bbox 1649 2267 1806 2337; x_wconf 90' lang='lat' dir='ltr'><strong><em>quasi</em></strong></span> <span class='ocrx_word' id='word_1_310' title='bbox 1858 2268 2011 2321; x_wconf 73' lang='lat' dir='ltr'><strong><em>auxi-</em></strong></span> 
     </span>
    </p>
   </div>
   <div class='ocr_carea' id='block_1_42' title="bbox 443 2360 2012 2438">
    <p class='ocr_par' dir='ltr' id='par_1_42' title="bbox 443 2360 2012 2438">
     <span class='ocr_line' id='line_1_42' title="bbox 443 2360 2012 2438; baseline -0.007 -16"><span class='ocrx_word' id='word_1_311' title='bbox 443 2369 577 2424; x_wconf 88' lang='lat' dir='ltr'><strong><em>liare</em></strong></span> <span class='ocrx_word' id='word_1_312' title='bbox 601 2366 874 2438; x_wconf 91' lang='lat' dir='ltr'><strong><em>quoddam</em></strong></span> <span class='ocrx_word' id='word_1_313' title='bbox 905 2365 1381 2426; x_wconf 87' lang='lat' dir='ltr'><strong><em>medicamentum,</em></strong></span> <span class='ocrx_word' id='word_1_314' title='bbox 1408 2361 1674 2423; x_wconf 88' lang='lat' dir='ltr'><strong><em>adhibuit,</em></strong></span> <span class='ocrx_word' id='word_1_315' title='bbox 1709 2376 1775 2414; x_wconf 90' lang='lat' dir='ltr'><strong><em>ne</em></strong></span> <span class='ocrx_word' id='word_1_316' title='bbox 1808 2360 2012 2413; x_wconf 87' lang='lat' dir='ltr'><strong><em>malum</em></strong></span> 
     </span>
    </p>
   </div>
   <div class='ocr_carea' id='block_1_43' title="bbox 426 2451 2014 2529">
    <p class='ocr_par' dir='ltr' id='par_1_43' title="bbox 426 2451 2014 2529">
     <span class='ocr_line' id='line_1_43' title="bbox 426 2451 2014 2529; baseline -0.008 -14"><span class='ocrx_word' id='word_1_317' title='bbox 426 2460 499 2515; x_wconf 84' lang='lat' dir='ltr'><strong><em>in</em></strong></span> <span class='ocrx_word' id='word_1_318' title='bbox 549 2460 727 2524; x_wconf 89' lang='lat' dir='ltr'><strong><em>nobis,</em></strong></span> <span class='ocrx_word' id='word_1_319' title='bbox 762 2465 947 2529; x_wconf 90' lang='lat' dir='ltr'><strong><em>utpote</em></strong></span> <span class='ocrx_word' id='word_1_320' title='bbox 996 2457 1412 2519; x_wconf 83' lang='lat' dir='ltr'><strong><em>immortalibus,</em></strong></span> <span class='ocrx_word' id='word_1_321' title='bbox 1465 2454 1757 2510; x_wconf 82' lang='lat' dir='ltr'><strong><em>excitatum</em></strong></span> <span class='ocrx_word' id='word_1_322' title='bbox 1816 2451 2014 2520; x_wconf 89' lang='lat' dir='ltr'><strong><em>sempi-</em></strong></span> 
     </span>
    </p>
   </div>
   <div class='ocr_carea' id='block_1_44' title="bbox 444 2542 2011 2616">
    <p class='ocr_par' dir='ltr' id='par_1_44' title="bbox 444 2542 2011 2616">
     <span class='ocr_line' id='line_1_44' title="bbox 444 2542 2011 2616; baseline -0.009 -7"><span class='ocrx_word' id='word_1_323' title='bbox 444 2562 655 2609; x_wconf 84' lang='lat' dir='ltr'><strong><em>ternum</em></strong></span> <span class='ocrx_word' id='word_1_324' title='bbox 700 2556 984 2605; x_wconf 89' lang='lat' dir='ltr'><strong><em>maneret:</em></strong></span> <span class='ocrx_word' id='word_1_325' title='bbox 1016 2563 1118 2603; x_wconf 90' lang='lat' dir='ltr'><strong><em>nos</em></strong></span> <span class='ocrx_word' id='word_1_326' title='bbox 1170 2557 1347 2603; x_wconf 88' lang='lat' dir='ltr'><strong><em>autem</em></strong></span> <span class='ocrx_word' id='word_1_327' title='bbox 1390 2546 1625 2616; x_wconf 87' lang='lat' dir='ltr'><strong><em>pessime</em></strong></span> <span class='ocrx_word' id='word_1_328' title='bbox 1671 2542 1847 2597; x_wconf 77' lang='lat' dir='ltr'><strong><em>aﬂ‘ecti</em></strong></span> <span class='ocrx_word' id='word_1_329' title='bbox 1896 2548 1948 2596; x_wconf 91' lang='lat' dir='ltr'><strong><em>et</em></strong></span> <span class='ocrx_word' id='word_1_330' title='bbox 1981 2556 2011 2595; x_wconf 92' lang='lat' dir='ltr'><strong><em>a</em></strong></span> 
     </span>
    </p>
   </div>
   <div class='ocr_carea' id='block_1_45' title="bbox 444 2634 2012 2715">
    <p class='ocr_par' dir='ltr' id='par_1_45' title="bbox 444 2634 2012 2715">
     <span class='ocr_line' id='line_1_45' title="bbox 444 2634 2012 2715; baseline -0.007 -17"><span class='ocrx_word' id='word_1_331' title='bbox 444 2644 662 2715; x_wconf 89' lang='lat' dir='ltr'><strong><em>propria</em></strong></span> <span class='ocrx_word' id='word_1_332' title='bbox 695 2642 896 2697; x_wconf 86' lang='lat' dir='ltr'><strong><em>virtute</em></strong></span> <span class='ocrx_word' id='word_1_333' title='bbox 925 2648 1279 2713; x_wconf 66' lang='lat' dir='ltr'><strong><em>azgrotantum</em></strong></span> <span class='ocrx_word' id='word_1_334' title='bbox 1306 2653 1455 2693; x_wconf 90' lang='lat' dir='ltr'><strong><em>more</em></strong></span> <span class='ocrx_word' id='word_1_335' title='bbox 1483 2637 1849 2692; x_wconf 87' lang='lat' dir='ltr'><strong><em>desciscentes</em></strong></span> <span class='ocrx_word' id='word_1_336' title='bbox 1887 2634 2012 2688; x_wconf 89' lang='lat' dir='ltr'><strong><em>diu-</em></strong></span> 
     </span>
    </p>
   </div>
   <div class='ocr_carea' id='block_1_46' title="bbox 446 2731 2013 2798">
    <p class='ocr_par' dir='ltr' id='par_1_46' title="bbox 446 2731 2013 2798">
     <span class='ocr_line' id='line_1_46' title="bbox 446 2731 2013 2798; baseline -0.005 -10"><span class='ocrx_word' id='word_1_337' title='bbox 446 2738 553 2792; x_wconf 84' lang='lat' dir='ltr'><strong><em>tius</em></strong></span> <span class='ocrx_word' id='word_1_338' title='bbox 583 2736 637 2789; x_wconf 92' lang='lat' dir='ltr'><strong><em>in</em></strong></span> <span class='ocrx_word' id='word_1_339' title='bbox 675 2749 740 2790; x_wconf 92' lang='lat' dir='ltr'><strong><em>eo</em></strong></span> <span class='ocrx_word' id='word_1_340' title='bbox 766 2742 911 2788; x_wconf 91' lang='lat' dir='ltr'><strong><em>statu</em></strong></span> <span class='ocrx_word' id='word_1_341' title='bbox 946 2747 1312 2795; x_wconf 87' lang='lat' dir='ltr'><strong><em>maneremus,</em></strong></span> <span class='ocrx_word' id='word_1_342' title='bbox 1342 2746 1465 2785; x_wconf 89' lang='lat' dir='ltr'><strong><em>cum</em></strong></span> <span class='ocrx_word' id='word_1_343' title='bbox 1499 2731 1768 2798; x_wconf 79' lang='lat' dir='ltr'><strong><em>ingentem</em></strong></span> <span class='ocrx_word' id='word_1_344' title='bbox 1799 2742 1861 2782; x_wconf 85' lang='lat' dir='ltr'><strong><em>ex</em></strong></span> <span class='ocrx_word' id='word_1_345' title='bbox 1897 2741 2013 2796; x_wconf 92' lang='lat' dir='ltr'><strong><em>pec-</em></strong></span> 
     </span>
    </p>
   </div>
   <div class='ocr_carea' id='block_1_47' title="bbox 444 2818 2011 2895">
    <p class='ocr_par' dir='ltr' id='par_1_47' title="bbox 444 2818 2011 2895">
     <span class='ocr_line' id='line_1_47' title="bbox 444 2818 2011 2895; baseline -0.006 -16"><span class='ocrx_word' id='word_1_346' title='bbox 444 2833 567 2882; x_wconf 80' lang='lat' dir='ltr'><strong><em>cato</em></strong></span> <span class='ocrx_word' id='word_1_347' title='bbox 600 2825 845 2881; x_wconf 90' lang='lat' dir='ltr'><strong><em>morbum</em></strong></span> <span class='ocrx_word' id='word_1_348' title='bbox 875 2824 930 2879; x_wconf 93' lang='lat' dir='ltr'><strong><em>in</em></strong></span> <span class='ocrx_word' id='word_1_349' title='bbox 958 2824 1233 2895; x_wconf 88' lang='lat' dir='ltr'><strong><em>perpetuis</em></strong></span> <span class='ocrx_word' id='word_1_350' title='bbox 1283 2837 1346 2877; x_wconf 91' lang='lat' dir='ltr'><strong><em>ac</em></strong></span> <span class='ocrx_word' id='word_1_351' title='bbox 1378 2820 1720 2891; x_wconf 88' lang='lat' dir='ltr'><strong><em>sempiternis</em></strong></span> <span class='ocrx_word' id='word_1_352' title='bbox 1765 2818 2011 2888; x_wconf 89' lang='lat' dir='ltr'><strong><em>corpori-</em></strong></span> 
     </span>
    </p>
   </div>
   <div class='ocr_carea' id='block_1_48' title="bbox 445 2910 2014 2983">
    <p class='ocr_par' dir='ltr' id='par_1_48' title="bbox 445 2910 2014 2983">
     <span class='ocr_line' id='line_1_48' title="bbox 445 2910 2014 2983; baseline -0.005 -13"><span class='ocrx_word' id='word_1_353' title='bbox 445 2916 547 2970; x_wconf 88' lang='lat' dir='ltr'><strong><em>bus</em></strong></span> <span class='ocrx_word' id='word_1_354' title='bbox 591 2916 876 2969; x_wconf 88' lang='lat' dir='ltr'><strong><em>aleremus.</em></strong></span> <span class='ocrx_word' id='word_1_355' title='bbox 909 2910 1253 2983; x_wconf 87' lang='lat' dir='ltr'><strong><em>Proindeque</em></strong></span> <span class='ocrx_word' id='word_1_356' title='bbox 1292 2912 1359 2966; x_wconf 90' lang='lat' dir='ltr'><strong><em>ad</em></strong></span> <span class='ocrx_word' id='word_1_357' title='bbox 1404 2911 1684 2979; x_wconf 89' lang='lat' dir='ltr'><strong><em>utriusque</em></strong></span> <span class='ocrx_word' id='word_1_358' title='bbox 1718 2924 2014 2978; x_wconf 66' lang='lat' dir='ltr'><strong><em>repraesen-</em></strong></span> 
     </span>
    </p>
   </div>
   <div class='ocr_carea' id='block_1_49' title="bbox 445 2998 2010 3070">
    <p class='ocr_par' dir='ltr' id='par_1_49' title="bbox 445 2998 2010 3070">
     <span class='ocr_line' id='line_1_49' title="bbox 445 2998 2010 3070; baseline -0.006 -11"><span class='ocrx_word' id='word_1_359' title='bbox 445 3004 665 3060; x_wconf 89' lang='lat' dir='ltr'><strong><em>tandam</em></strong></span> <span class='ocrx_word' id='word_1_360' title='bbox 709 3004 938 3060; x_wconf 82' lang='lat' dir='ltr'><strong><em>salutem</em></strong></span> <span class='ocrx_word' id='word_1_361' title='bbox 974 3002 1167 3056; x_wconf 80' lang='lat' dir='ltr'><strong><em>animae</em></strong></span> <span class='ocrx_word' id='word_1_362' title='bbox 1212 3001 1420 3057; x_wconf 87' lang='lat' dir='ltr'><strong><em>scilicet</em></strong></span> <span class='ocrx_word' id='word_1_363' title='bbox 1453 3015 1516 3055; x_wconf 88' lang='lat' dir='ltr'><strong><em>ac</em></strong></span> <span class='ocrx_word' id='word_1_364' title='bbox 1554 3000 1819 3070; x_wconf 89' lang='lat' dir='ltr'><strong><em>corporis,</em></strong></span> <span class='ocrx_word' id='word_1_365' title='bbox 1854 2998 2010 3068; x_wconf 89' lang='lat' dir='ltr'><strong><em>quasi</em></strong></span> 
     </span>
    </p>
   </div>
   <div class='ocr_carea' id='block_1_50' title="bbox 447 3089 2012 3166">
    <p class='ocr_par' dir='ltr' id='par_1_50' title="bbox 447 3089 2012 3166">
     <span class='ocr_line' id='line_1_50' title="bbox 447 3089 2012 3166; baseline -0.004 -15"><span class='ocrx_word' id='word_1_366' title='bbox 447 3096 710 3152; x_wconf 87' lang='lat' dir='ltr'><strong><em>medicam</em></strong></span> <span class='ocrx_word' id='word_1_367' title='bbox 756 3093 1044 3166; x_wconf 91' lang='lat' dir='ltr'><strong><em>quamdam</em></strong></span> <span class='ocrx_word' id='word_1_368' title='bbox 1094 3093 1473 3165; x_wconf 76' lang='lat' dir='ltr'><strong><em>purgationem</em></strong></span> <span class='ocrx_word' id='word_1_369' title='bbox 1504 3093 1578 3146; x_wconf 89' lang='lat' dir='ltr'><strong><em>ita</em></strong></span> <span class='ocrx_word' id='word_1_370' title='bbox 1608 3101 1835 3146; x_wconf 88' lang='lat' dir='ltr'><strong><em>mortem</em></strong></span> <span class='ocrx_word' id='word_1_371' title='bbox 1869 3089 2012 3144; x_wconf 87' lang='lat' dir='ltr'><strong><em>Deus</em></strong></span> 
     </span>
    </p>
   </div>
   <div class='ocr_carea' id='block_1_51' title="bbox 445 3180 2013 3255">
    <p class='ocr_par' dir='ltr' id='par_1_51' title="bbox 445 3180 2013 3255">
     <span class='ocr_line' id='line_1_51' title="bbox 445 3180 2013 3255; baseline -0.003 -15"><span class='ocrx_word' id='word_1_372' title='bbox 445 3183 790 3255; x_wconf 78' lang='lat' dir='ltr'><strong><em>excogitavit,</em></strong></span> <span class='ocrx_word' id='word_1_373' title='bbox 819 3190 879 3237; x_wconf 92' lang='lat' dir='ltr'><strong><em>ut</em></strong></span> <span class='ocrx_word' id='word_1_374' title='bbox 909 3198 1010 3239; x_wconf 91' lang='lat' dir='ltr'><strong><em>nos</em></strong></span> <span class='ocrx_word' id='word_1_375' title='bbox 1056 3184 1326 3239; x_wconf 89' lang='lat' dir='ltr'><strong><em>immunes</em></strong></span> <span class='ocrx_word' id='word_1_376' title='bbox 1358 3183 1426 3238; x_wconf 90' lang='lat' dir='ltr'><strong><em>ab</em></strong></span> <span class='ocrx_word' id='word_1_377' title='bbox 1455 3182 1603 3238; x_wconf 90' lang='lat' dir='ltr'><strong><em>omni</em></strong></span> <span class='ocrx_word' id='word_1_378' title='bbox 1633 3182 1831 3236; x_wconf 90' lang='lat' dir='ltr'><strong><em>damno</em></strong></span> <span class='ocrx_word' id='word_1_379' title='bbox 1879 3180 2013 3235; x_wconf 49' lang='lat' dir='ltr'><strong><em>inte.</em></strong></span> 
     </span>
    </p>
   </div>
   <div class='ocr_carea' id='block_1_52' title="bbox 447 3283 1016 3348">
    <p class='ocr_par' dir='ltr' id='par_1_52' title="bbox 447 3283 1016 3348">
     <span class='ocr_line' id='line_1_52' title="bbox 447 3283 1016 3348; baseline -0.004 -17"><span class='ocrx_word' id='word_1_380' title='bbox 447 3290 684 3348; x_wconf 75' lang='lat' dir='ltr'><strong><em>grosque</em></strong></span> <span class='ocrx_word' id='word_1_381' title='bbox 713 3283 1016 3345; x_wconf 81' lang='lat' dir='ltr'><strong><em>praestaret.</em></strong></span> 
     </span>
    </p>
   </div>
   <div class='ocr_carea' id='block_1_53' title="bbox 518 3361 2015 3438">
    <p class='ocr_par' dir='ltr' id='par_1_53' title="bbox 518 3361 2015 3438">
     <span class='ocr_line' id='line_1_53' title="bbox 518 3361 2015 3438; baseline -0.003 -17"><span class='ocrx_word' id='word_1_382' title='bbox 518 3366 731 3421; x_wconf 79' lang='lat' dir='ltr'><strong><em>XXVII.</em></strong></span> <span class='ocrx_word' id='word_1_383' title='bbox 772 3369 876 3438; x_wconf 76' lang='lat' dir='ltr'><strong><em>Age</em></strong></span> <span class='ocrx_word' id='word_1_384' title='bbox 897 3367 1065 3431; x_wconf 90' lang='lat' dir='ltr'><strong><em>enim,</em></strong></span> <span class='ocrx_word' id='word_1_385' title='bbox 1093 3366 1348 3435; x_wconf 89' lang='lat' dir='ltr'><strong><em>quoniam</em></strong></span> <span class='ocrx_word' id='word_1_386' title='bbox 1379 3364 1565 3419; x_wconf 89' lang='lat' dir='ltr'><strong><em>multis</em></strong></span> <span class='ocrx_word' id='word_1_387' title='bbox 1597 3361 1661 3417; x_wconf 91' lang='lat' dir='ltr'><strong><em>ad</em></strong></span> <span class='ocrx_word' id='word_1_388' title='bbox 1682 3362 1733 3417; x_wconf 89' lang='lat' dir='ltr'><strong><em>id</em></strong></span> <span class='ocrx_word' id='word_1_389' title='bbox 1755 3362 2015 3432; x_wconf 80' lang='lat' dir='ltr'><strong><em>exemplis</em></strong></span> 
     </span>
    </p>
   </div>
   <div class='ocr_carea' id='block_1_54' title="bbox 447 3453 2007 3526">
    <p class='ocr_par' dir='ltr' id='par_1_54' title="bbox 447 3453 2007 3526">
     <span class='ocr_line' id='line_1_54' title="bbox 447 3453 2007 3526; baseline -0.001 -17"><span class='ocrx_word' id='word_1_390' title='bbox 447 3472 587 3526; x_wconf 91' lang='lat' dir='ltr'><strong><em>opus</em></strong></span> <span class='ocrx_word' id='word_1_391' title='bbox 615 3464 720 3519; x_wconf 88' lang='lat' dir='ltr'><strong><em>est,</em></strong></span> <span class='ocrx_word' id='word_1_392' title='bbox 752 3456 878 3511; x_wconf 90' lang='lat' dir='ltr'><strong><em>hinc</em></strong></span> <span class='ocrx_word' id='word_1_393' title='bbox 930 3456 1275 3526; x_wconf 88' lang='lat' dir='ltr'><strong><em>potissimum</em></strong></span> <span class='ocrx_word' id='word_1_394' title='bbox 1318 3454 1422 3509; x_wconf 90' lang='lat' dir='ltr'><strong><em>ista</em></strong></span> <span class='ocrx_word' id='word_1_395' title='bbox 1453 3453 1889 3519; x_wconf 86' lang='lat' dir='ltr'><strong><em>consideremus;</em></strong></span> <span class='ocrx_word' id='word_1_396' title='bbox 1920 3469 2007 3507; x_wconf 86' lang='lat' dir='ltr'><strong><em>ne-</em></strong></span> 
     </span>
    </p>
   </div>
   <div class='ocr_carea' id='block_1_55' title="bbox 447 3544 2014 3619">
    <p class='ocr_par' dir='ltr' id='par_1_55' title="bbox 447 3544 2014 3619">
     <span class='ocr_line' id='line_1_55' title="bbox 447 3544 2014 3619; baseline -0.004 -16"><span class='ocrx_word' id='word_1_397' title='bbox 447 3563 554 3619; x_wconf 85' lang='lat' dir='ltr'><strong><em>que</em></strong></span> <span class='ocrx_word' id='word_1_398' title='bbox 593 3548 746 3619; x_wconf 89' lang='lat' dir='ltr'><strong><em>prius</em></strong></span> <span class='ocrx_word' id='word_1_399' title='bbox 800 3547 867 3600; x_wconf 90' lang='lat' dir='ltr'><strong><em>ab</em></strong></span> <span class='ocrx_word' id='word_1_400' title='bbox 896 3561 959 3601; x_wconf 88' lang='lat' dir='ltr'><strong><em>eo</em></strong></span> <span class='ocrx_word' id='word_1_401' title='bbox 1000 3554 1319 3616; x_wconf 87' lang='lat' dir='ltr'><strong><em>argumento</em></strong></span> <span class='ocrx_word' id='word_1_402' title='bbox 1362 3544 1729 3607; x_wconf 86' lang='lat' dir='ltr'><strong><em>discedamus,</em></strong></span> <span class='ocrx_word' id='word_1_403' title='bbox 1760 3558 1921 3613; x_wconf 91' lang='lat' dir='ltr'><strong><em>quam</em></strong></span> <span class='ocrx_word' id='word_1_404' title='bbox 1960 3544 2014 3597; x_wconf 91' lang='lat' dir='ltr'><strong><em>in</em></strong></span> 
     </span>
    </p>
   </div>
   <div class='ocr_carea' id='block_1_56' title="bbox 447 3636 2012 3708">
    <p class='ocr_par' dir='ltr' id='par_1_56' title="bbox 447 3636 2012 3708">
     <span class='ocr_line' id='line_1_56' title="bbox 447 3636 2012 3708; baseline -0.004 -13"><span class='ocrx_word' id='word_1_405' title='bbox 447 3640 733 3695; x_wconf 88' lang='lat' dir='ltr'><strong><em>clariorem</em></strong></span> <span class='ocrx_word' id='word_1_406' title='bbox 788 3638 1205 3708; x_wconf 80' lang='lat' dir='ltr'><strong><em>explicationem</em></strong></span> <span class='ocrx_word' id='word_1_407' title='bbox 1268 3650 1331 3689; x_wconf 88' lang='lat' dir='ltr'><strong><em>ac</em></strong></span> <span class='ocrx_word' id='word_1_408' title='bbox 1384 3636 1759 3705; x_wconf 89' lang='lat' dir='ltr'><strong><em>probationem</em></strong></span> <span class='ocrx_word' id='word_1_409' title='bbox 1822 3643 2012 3691; x_wconf 89' lang='lat' dir='ltr'><strong><em>nostra</em></strong></span> 
     </span>
    </p>
   </div>
   <div class='ocr_carea' id='block_1_57' title="bbox 449 3726 2012 3798">
    <p class='ocr_par' dir='ltr' id='par_1_57' title="bbox 449 3726 2012 3798">
     <span class='ocr_line' id='line_1_57' title="bbox 449 3726 2012 3798; baseline -0.004 -13"><span class='ocrx_word' id='word_1_410' title='bbox 449 3730 874 3786; x_wconf 88' lang='lat' dir='ltr'><strong><em>desieritoratio.</em></strong></span> <span class='ocrx_word' id='word_1_411' title='bbox 894 3727 1123 3782; x_wconf 87' lang='lat' dir='ltr'><strong><em>Perinde</em></strong></span> <span class='ocrx_word' id='word_1_412' title='bbox 1140 3728 1305 3798; x_wconf 84' lang='lat' dir='ltr'><strong><em>igitur</em></strong></span> <span class='ocrx_word' id='word_1_413' title='bbox 1322 3728 1619 3796; x_wconf 88' lang='lat' dir='ltr'><strong><em>contigisse</em></strong></span> <span class='ocrx_word' id='word_1_414' title='bbox 1631 3726 1761 3780; x_wconf 90' lang='lat' dir='ltr'><strong><em>mihi</em></strong></span> <span class='ocrx_word' id='word_1_415' title='bbox 1779 3726 2012 3792; x_wconf 83' lang='lat' dir='ltr'><strong><em>videtur,</em></strong></span> 
     </span>
    </p>
   </div>
   <div class='ocr_carea' id='block_1_58' title="bbox 451 3816 2014 3891">
    <p class='ocr_par' dir='ltr' id='par_1_58' title="bbox 451 3816 2014 3891">
     <span class='ocr_line' id='line_1_58' title="bbox 451 3816 2014 3891; baseline -0.005 -13"><span class='ocrx_word' id='word_1_416' title='bbox 451 3838 515 3878; x_wconf 90' lang='lat' dir='ltr'><strong><em>ac</em></strong></span> <span class='ocrx_word' id='word_1_417' title='bbox 568 3824 614 3878; x_wconf 91' lang='lat' dir='ltr'><strong><em>si</em></strong></span> <span class='ocrx_word' id='word_1_418' title='bbox 650 3820 1016 3891; x_wconf 87' lang='lat' dir='ltr'><strong><em>peritissimus</em></strong></span> <span class='ocrx_word' id='word_1_419' title='bbox 1062 3819 1332 3889; x_wconf 88' lang='lat' dir='ltr'><strong><em>quispiam</em></strong></span> <span class='ocrx_word' id='word_1_420' title='bbox 1384 3816 1580 3873; x_wconf 77' lang='lat' dir='ltr'><strong><em>artifex</em></strong></span> <span class='ocrx_word' id='word_1_421' title='bbox 1637 3819 1905 3888; x_wconf 82' lang='lat' dir='ltr'><strong><em>egregiam</em></strong></span> <span class='ocrx_word' id='word_1_422' title='bbox 1946 3832 2014 3871; x_wconf 84' lang='lat' dir='ltr'><strong><em>ex</em></strong></span> 
     </span>
    </p>
   </div>
   <div class='ocr_carea' id='block_1_59' title="bbox 451 3908 2017 3977">
    <p class='ocr_par' dir='ltr' id='par_1_59' title="bbox 451 3908 2017 3977">
     <span class='ocr_line' id='line_1_59' title="bbox 451 3908 2017 3977; baseline -0.005 -10"><span class='ocrx_word' id='word_1_423' title='bbox 451 3928 607 3977; x_wconf 86' lang='lat' dir='ltr'><strong><em>auro,</em></strong></span> <span class='ocrx_word' id='word_1_424' title='bbox 638 3922 731 3967; x_wconf 88' lang='lat' dir='ltr'><strong><em>aut</em></strong></span> <span class='ocrx_word' id='word_1_425' title='bbox 758 3912 861 3965; x_wconf 91' lang='lat' dir='ltr'><strong><em>alia</em></strong></span> <span class='ocrx_word' id='word_1_426' title='bbox 898 3911 1124 3965; x_wconf 81' lang='lat' dir='ltr'><strong><em>materia</em></strong></span> <span class='ocrx_word' id='word_1_427' title='bbox 1159 3919 1393 3966; x_wconf 86' lang='lat' dir='ltr'><strong><em>statuam</em></strong></span> <span class='ocrx_word' id='word_1_428' title='bbox 1428 3925 1458 3963; x_wconf 90' lang='lat' dir='ltr'><strong><em>a</em></strong></span> <span class='ocrx_word' id='word_1_429' title='bbox 1488 3925 1546 3965; x_wconf 90' lang='lat' dir='ltr'><strong><em>se</em></strong></span> <span class='ocrx_word' id='word_1_430' title='bbox 1579 3908 1915 3972; x_wconf 80' lang='lat' dir='ltr'><strong><em>fabricatam,</em></strong></span> <span class='ocrx_word' id='word_1_431' title='bbox 1954 3921 2017 3960; x_wconf 91' lang='lat' dir='ltr'><strong><em>ac</em></strong></span> 
     </span>
    </p>
   </div>
   <div class='ocr_carea' id='block_1_60' title="bbox 454 4000 2017 4070">
    <p class='ocr_par' dir='ltr' id='par_1_60' title="bbox 454 4000 2017 4070">
     <span class='ocr_line' id='line_1_60' title="bbox 454 4000 2017 4070; baseline -0.005 -11"><span class='ocrx_word' id='word_1_432' title='bbox 454 4003 710 4060; x_wconf 85' lang='lat' dir='ltr'><strong><em>membris</em></strong></span> <span class='ocrx_word' id='word_1_433' title='bbox 759 4002 1014 4058; x_wconf 89' lang='lat' dir='ltr'><strong><em>omnibus</em></strong></span> <span class='ocrx_word' id='word_1_434' title='bbox 1064 4002 1329 4056; x_wconf 87' lang='lat' dir='ltr'><strong><em>concinne</em></strong></span> <span class='ocrx_word' id='word_1_435' title='bbox 1372 4001 1751 4070; x_wconf 83' lang='lat' dir='ltr'><strong><em>eleganterque</em></strong></span> <span class='ocrx_word' id='word_1_436' title='bbox 1782 4000 2017 4069; x_wconf 84' lang='lat' dir='ltr'><strong><em>perpoli-</em></strong></span> 
     </span>
    </p>
   </div>
   <div class='ocr_carea' id='block_1_61' title="bbox 453 4088 2016 4159">
    <p class='ocr_par' dir='ltr' id='par_1_61' title="bbox 453 4088 2016 4159">
     <span class='ocr_line' id='line_1_61' title="bbox 453 4088 2016 4159; baseline -0.002 -12"><span class='ocrx_word' id='word_1_437' title='bbox 453 4102 561 4147; x_wconf 89' lang='lat' dir='ltr'><strong><em>tam</em></strong></span> <span class='ocrx_word' id='word_1_438' title='bbox 586 4092 782 4147; x_wconf 89' lang='lat' dir='ltr'><strong><em>iterum</em></strong></span> <span class='ocrx_word' id='word_1_439' title='bbox 807 4089 1041 4157; x_wconf 87' lang='lat' dir='ltr'><strong><em>conllet;</em></strong></span> <span class='ocrx_word' id='word_1_440' title='bbox 1075 4089 1218 4159; x_wconf 91' lang='lat' dir='ltr'><strong><em>quod</em></strong></span> <span class='ocrx_word' id='word_1_441' title='bbox 1253 4090 1398 4143; x_wconf 89' lang='lat' dir='ltr'><strong><em>illam</em></strong></span> <span class='ocrx_word' id='word_1_442' title='bbox 1431 4090 1660 4144; x_wconf 88' lang='lat' dir='ltr'><strong><em>subinde</em></strong></span> <span class='ocrx_word' id='word_1_443' title='bbox 1689 4088 1758 4143; x_wconf 88' lang='lat' dir='ltr'><strong><em>ab</em></strong></span> <span class='ocrx_word' id='word_1_444' title='bbox 1792 4089 2016 4158; x_wconf 88' lang='lat' dir='ltr'><strong><em>nequis-</em></strong></span> 
     </span>
    </p>
   </div>
   <div class='ocr_carea' id='block_1_62' title="bbox 453 4180 2019 4252">
    <p class='ocr_par' dir='ltr' id='par_1_62' title="bbox 453 4180 2019 4252">
     <span class='ocr_line' id='line_1_62' title="bbox 453 4180 2019 4252; baseline -0.002 -14"><span class='ocrx_word' id='word_1_445' title='bbox 453 4184 592 4239; x_wconf 81' lang='lat' dir='ltr'><strong><em>simo</em></strong></span> <span class='ocrx_word' id='word_1_446' title='bbox 648 4183 831 4252; x_wconf 89' lang='lat' dir='ltr'><strong><em>aliquo</em></strong></span> <span class='ocrx_word' id='word_1_447' title='bbox 882 4180 1138 4235; x_wconf 74' lang='lat' dir='ltr'><strong><em>imdatam</em></strong></span> <span class='ocrx_word' id='word_1_448' title='bbox 1195 4182 1637 4237; x_wconf 86' lang='lat' dir='ltr'><strong><em>animadverterit</em></strong></span> <span class='ocrx_word' id='word_1_449' title='bbox 1672 4202 1684 4236; x_wconf 91' lang='lat'>:</span> <span class='ocrx_word' id='word_1_450' title='bbox 1719 4183 1812 4252; x_wconf 91' lang='lat' dir='ltr'><strong><em>qui</em></strong></span> <span class='ocrx_word' id='word_1_451' title='bbox 1878 4184 2019 4236; x_wconf 87' lang='lat' dir='ltr'><strong><em>hanc</em></strong></span> 
     </span>
    </p>
   </div>
   <div class='ocr_carea' id='block_1_63' title="bbox 452 4273 2015 4344">
    <p class='ocr_par' dir='ltr' id='par_1_63' title="bbox 452 4273 2015 4344">
     <span class='ocr_line' id='line_1_63' title="bbox 452 4273 2015 4344; baseline -0.002 -12"><span class='ocrx_word' id='word_1_452' title='bbox 452 4286 643 4332; x_wconf 65' lang='lat' dir='ltr'><strong><em>statuae</em></strong></span> <span class='ocrx_word' id='word_1_453' title='bbox 693 4273 1149 4344; x_wconf 83' lang='lat' dir='ltr'><strong><em>pulchritudinem</em></strong></span> <span class='ocrx_word' id='word_1_454' title='bbox 1212 4288 1321 4342; x_wconf 62' lang='lat' dir='ltr'><strong><em>prce</em></strong></span> <span class='ocrx_word' id='word_1_455' title='bbox 1370 4274 1571 4327; x_wconf 85' lang='lat' dir='ltr'><strong><em>invidia</em></strong></span> <span class='ocrx_word' id='word_1_456' title='bbox 1635 4291 1740 4330; x_wconf 90' lang='lat' dir='ltr'><strong><em>non</em></strong></span> <span class='ocrx_word' id='word_1_457' title='bbox 1798 4275 2015 4338; x_wconf 83' lang='lat' dir='ltr'><strong><em>ferens,</em></strong></span> 
     </span>
    </p>
   </div>
   <div class='ocr_carea' id='block_1_64' title="bbox 454 4360 2021 4433">
    <p class='ocr_par' dir='ltr' id='par_1_64' title="bbox 454 4360 2021 4433">
     <span class='ocr_line' id='line_1_64' title="bbox 454 4360 2021 4433; baseline -0.001 -14"><span class='ocrx_word' id='word_1_458' title='bbox 454 4365 629 4419; x_wconf 88' lang='lat' dir='ltr'><strong><em>labem</em></strong></span> <span class='ocrx_word' id='word_1_459' title='bbox 667 4360 828 4433; x_wconf 82' lang='lat'><strong><em>550</em></strong></span> <span class='ocrx_word' id='word_1_460' title='bbox 874 4362 1110 4431; x_wconf 85' lang='lat' dir='ltr'><strong><em>aliquam</em></strong></span> <span class='ocrx_word' id='word_1_461' title='bbox 1164 4362 1367 4417; x_wconf 78' lang='lat' dir='ltr'><strong><em>inferre</em></strong></span> <span class='ocrx_word' id='word_1_462' title='bbox 1401 4363 1708 4425; x_wconf 89' lang='lat' dir='ltr'><strong><em>studuerit,</em></strong></span> <span class='ocrx_word' id='word_1_463' title='bbox 1752 4378 1859 4433; x_wconf 88' lang='lat' dir='ltr'><strong><em>quo</em></strong></span> <span class='ocrx_word' id='word_1_464' title='bbox 1904 4364 2021 4417; x_wconf 90' lang='lat' dir='ltr'><strong><em>ina-</em></strong></span> 
     </span>
    </p>
   </div>
   <div class='ocr_carea' id='block_1_65' title="bbox 456 4454 2023 4523">
    <p class='ocr_par' dir='ltr' id='par_1_65' title="bbox 456 4454 2023 4523">
     <span class='ocr_line' id='line_1_65' title="bbox 456 4454 2023 4523; baseline -0.003 -9"><span class='ocrx_word' id='word_1_465' title='bbox 456 4473 577 4514; x_wconf 87' lang='lat' dir='ltr'><strong><em>nem</em></strong></span> <span class='ocrx_word' id='word_1_466' title='bbox 630 4471 694 4511; x_wconf 80' lang='lat' dir='ltr'><strong><em>ex</em></strong></span> <span class='ocrx_word' id='word_1_467' title='bbox 748 4454 951 4511; x_wconf 87' lang='lat' dir='ltr'><strong><em>invidia</em></strong></span> <span class='ocrx_word' id='word_1_468' title='bbox 977 4468 1075 4507; x_wconf 89' lang='lat' dir='ltr'><strong><em>sua</em></strong></span> <span class='ocrx_word' id='word_1_469' title='bbox 1103 4454 1337 4507; x_wconf 78' lang='lat' dir='ltr'><strong><em>fructum</em></strong></span> <span class='ocrx_word' id='word_1_470' title='bbox 1368 4463 1603 4523; x_wconf 84' lang='lat' dir='ltr'><strong><em>caperet.</em></strong></span> <span class='ocrx_word' id='word_1_471' title='bbox 1636 4454 2023 4511; x_wconf 79' lang='lat' dir='ltr'><strong><em>Animadverte</em></strong></span> 
     </span>
    </p>
   </div>
   <div class='ocr_carea' id='block_1_66' title="bbox 453 4544 2023 4615">
    <p class='ocr_par' dir='ltr' id='par_1_66' title="bbox 453 4544 2023 4615">
     <span class='ocr_line' id='line_1_66' title="bbox 453 4544 2023 4615; baseline -0.001 -13"><span class='ocrx_word' id='word_1_472' title='bbox 453 4548 618 4607; x_wconf 87' lang='lat' dir='ltr'><strong><em>enim.</em></strong></span> <span class='ocrx_word' id='word_1_473' title='bbox 651 4562 683 4601; x_wconf 96' lang='lat' dir='ltr'><strong><em>o</em></strong></span> <span class='ocrx_word' id='word_1_474' title='bbox 711 4545 1112 4615; x_wconf 87' lang='lat' dir='ltr'><strong><em>sapientissime</em></strong></span> <span class='ocrx_word' id='word_1_475' title='bbox 1137 4544 1473 4614; x_wconf 78' lang='lat' dir='ltr'><strong><em>Aglaophon,</em></strong></span> <span class='ocrx_word' id='word_1_476' title='bbox 1514 4545 1560 4599; x_wconf 88' lang='lat' dir='ltr'><strong><em>si</em></strong></span> <span class='ocrx_word' id='word_1_477' title='bbox 1592 4546 1931 4615; x_wconf 87' lang='lat' dir='ltr'><strong><em>deturpatam</em></strong></span> <span class='ocrx_word' id='word_1_478' title='bbox 1960 4561 2023 4601; x_wconf 89' lang='lat' dir='ltr'><strong><em>ac</em></strong></span> 
     </span>
    </p>
   </div>
   <div class='ocr_carea' id='block_1_67' title="bbox 454 4636 2020 4707">
    <p class='ocr_par' dir='ltr' id='par_1_67' title="bbox 454 4636 2020 4707">
     <span class='ocr_line' id='line_1_67' title="bbox 454 4636 2020 4707; baseline -0.001 -14"><span class='ocrx_word' id='word_1_479' title='bbox 454 4638 710 4693; x_wconf 53' lang='lat' dir='ltr'><strong><em>{mutatam</em></strong></span> <span class='ocrx_word' id='word_1_480' title='bbox 778 4637 927 4691; x_wconf 89' lang='lat' dir='ltr'><strong><em>illam</em></strong></span> <span class='ocrx_word' id='word_1_481' title='bbox 954 4636 1155 4691; x_wconf 89' lang='lat' dir='ltr'><strong><em>habere</em></strong></span> <span class='ocrx_word' id='word_1_482' title='bbox 1186 4644 1421 4691; x_wconf 89' lang='lat' dir='ltr'><strong><em>statuam</em></strong></span> <span class='ocrx_word' id='word_1_483' title='bbox 1462 4636 1825 4701; x_wconf 76' lang='lat' dir='ltr'><strong><em>nolitartifex,</em></strong></span> <span class='ocrx_word' id='word_1_484' title='bbox 1856 4653 2020 4707; x_wconf 88' lang='lat' dir='ltr'><strong><em>quam</em></strong></span> 
     </span>
    </p>
   </div>
   <div class='ocr_carea' id='block_1_68' title="bbox 455 4726 2021 4797">
    <p class='ocr_par' dir='ltr' id='par_1_68' title="bbox 455 4726 2021 4797">
     <span class='ocr_line' id='line_1_68' title="bbox 455 4726 2021 4797; baseline 0.001 -15"><span class='ocrx_word' id='word_1_485' title='bbox 455 4739 607 4783; x_wconf 86' lang='lat' dir='ltr'><strong><em>tanto</em></strong></span> <span class='ocrx_word' id='word_1_486' title='bbox 662 4728 843 4782; x_wconf 89' lang='lat' dir='ltr'><strong><em>studio</em></strong></span> <span class='ocrx_word' id='word_1_487' title='bbox 897 4726 1285 4797; x_wconf 80' lang='lat' dir='ltr'><strong><em>diligentiaque</em></strong></span> <span class='ocrx_word' id='word_1_488' title='bbox 1336 4728 1649 4789; x_wconf 88' lang='lat' dir='ltr'><strong><em>elaborarit,</em></strong></span> <span class='ocrx_word' id='word_1_489' title='bbox 1701 4744 1918 4784; x_wconf 88' lang='lat' dir='ltr'><strong><em>rursum</em></strong></span> <span class='ocrx_word' id='word_1_490' title='bbox 1966 4731 2021 4784; x_wconf 89' lang='lat' dir='ltr'><strong><em>in</em></strong></span> 
     </span>
    </p>
   </div>
   <div class='ocr_carea' id='block_1_69' title="bbox 456 4817 2026 4889">
    <p class='ocr_par' dir='ltr' id='par_1_69' title="bbox 456 4817 2026 4889">
     <span class='ocr_line' id='line_1_69' title="bbox 456 4817 2026 4889; baseline 0.001 -17"><span class='ocrx_word' id='word_1_491' title='bbox 456 4823 691 4874; x_wconf 84' lang='lat' dir='ltr'><strong><em>animam</em></strong></span> <span class='ocrx_word' id='word_1_492' title='bbox 722 4818 1097 4885; x_wconf 90' lang='lat' dir='ltr'><strong><em>inducturum,</em></strong></span> <span class='ocrx_word' id='word_1_493' title='bbox 1118 4827 1176 4871; x_wconf 92' lang='lat' dir='ltr'><strong><em>ut</em></strong></span> <span class='ocrx_word' id='word_1_494' title='bbox 1208 4819 1351 4871; x_wconf 90' lang='lat' dir='ltr'><strong><em>illam</em></strong></span> <span class='ocrx_word' id='word_1_495' title='bbox 1371 4817 1676 4884; x_wconf 84' lang='lat' dir='ltr'><strong><em>conﬂatam,</em></strong></span> <span class='ocrx_word' id='word_1_496' title='bbox 1701 4821 1878 4889; x_wconf 90' lang='lat' dir='ltr'><strong><em>qualis</em></strong></span> <span class='ocrx_word' id='word_1_497' title='bbox 1906 4828 2026 4875; x_wconf 89' lang='lat' dir='ltr'><strong><em>erat</em></strong></span> 
     </span>
    </p>
   </div>
   <div class='ocr_carea' id='block_1_70' title="bbox 455 4907 2023 4991">
    <p class='ocr_par' dir='ltr' id='par_1_70' title="bbox 455 4907 2023 4991">
     <span class='ocr_line' id='line_1_70' title="bbox 455 4907 2023 4991; baseline 0.001 -27"><span class='ocrx_word' id='word_1_498' title='bbox 455 4919 633 4973; x_wconf 89' lang='lat' dir='ltr'><strong><em>antea,</em></strong></span> <span class='ocrx_word' id='word_1_499' title='bbox 666 4910 892 4964; x_wconf 81' lang='lat' dir='ltr'><strong><em>reﬁciat.</em></strong></span> <span class='ocrx_word' id='word_1_500' title='bbox 920 4907 1074 4975; x_wconf 86' lang='lat' dir='ltr'><strong><em>Quod</em></strong></span> <span class='ocrx_word' id='word_1_501' title='bbox 1106 4910 1153 4963; x_wconf 87' lang='lat' dir='ltr'><strong><em>si</em></strong></span> <span class='ocrx_word' id='word_1_502' title='bbox 1196 4908 1421 4964; x_wconf 82' lang='lat' dir='ltr'><strong><em>fundere</em></strong></span> <span class='ocrx_word' id='word_1_503' title='bbox 1449 4910 1649 4991; x_wconf 79' lang='lat' dir='ltr'><strong><em>denuo,</em></strong></span> <span class='ocrx_word' id='word_1_504' title='bbox 1687 4919 1740 4965; x_wconf 89' lang='lat' dir='ltr'><strong><em>et</em></strong></span> <span class='ocrx_word' id='word_1_505' title='bbox 1770 4912 1824 4965; x_wconf 90' lang='lat' dir='ltr'><strong><em>in</em></strong></span> <span class='ocrx_word' id='word_1_506' title='bbox 1855 4926 2023 4966; x_wconf 90' lang='lat' dir='ltr'><strong><em>unum</em></strong></span> 
     </span>
    </p>
   </div>
   <div class='ocr_carea' id='block_1_71' title="bbox 457 5001 2024 5071">
    <p class='ocr_par' dir='ltr' id='par_1_71' title="bbox 457 5001 2024 5071">
     <span class='ocr_line' id='line_1_71' title="bbox 457 5001 2024 5071; baseline 0.001 -16"><span class='ocrx_word' id='word_1_507' title='bbox 457 5017 654 5071; x_wconf 80' lang='lat' dir='ltr'><strong><em>cogere</em></strong></span> <span class='ocrx_word' id='word_1_508' title='bbox 683 5016 789 5056; x_wconf 89' lang='lat' dir='ltr'><strong><em>non</em></strong></span> <span class='ocrx_word' id='word_1_509' title='bbox 830 5002 1013 5066; x_wconf 90' lang='lat' dir='ltr'><strong><em>libeat,</em></strong></span> <span class='ocrx_word' id='word_1_510' title='bbox 1051 5002 1147 5057; x_wconf 88' lang='lat' dir='ltr'><strong><em>sed</em></strong></span> <span class='ocrx_word' id='word_1_511' title='bbox 1183 5017 1301 5055; x_wconf 89' lang='lat' dir='ltr'><strong><em>eam</em></strong></span> <span class='ocrx_word' id='word_1_512' title='bbox 1332 5001 1597 5056; x_wconf 77' lang='lat' dir='ltr'><strong><em>duntaxat</em></strong></span> <span class='ocrx_word' id='word_1_513' title='bbox 1636 5001 1933 5057; x_wconf 89' lang='lat' dir='ltr'><strong><em>emendans</em></strong></span> <span class='ocrx_word' id='word_1_514' title='bbox 1960 5018 2024 5056; x_wconf 89' lang='lat' dir='ltr'><strong><em>ac</em></strong></span> 
     </span>
    </p>
   </div>
   <div class='ocr_carea' id='block_1_72' title="bbox 456 5090 2025 5161">
    <p class='ocr_par' dir='ltr' id='par_1_72' title="bbox 456 5090 2025 5161">
     <span class='ocr_line' id='line_1_72' title="bbox 456 5090 2025 5161; baseline 0 -16"><span class='ocrx_word' id='word_1_515' title='bbox 456 5090 761 5159; x_wconf 86' lang='lat' dir='ltr'><strong><em>corrigens,</em></strong></span> <span class='ocrx_word' id='word_1_516' title='bbox 801 5091 872 5145; x_wconf 89' lang='lat' dir='ltr'><strong><em>ita</em></strong></span> <span class='ocrx_word' id='word_1_517' title='bbox 924 5090 1001 5145; x_wconf 88' lang='lat' dir='ltr'><strong><em>uti</em></strong></span> <span class='ocrx_word' id='word_1_518' title='bbox 1034 5108 1094 5147; x_wconf 89' lang='lat' dir='ltr'><strong><em>se</em></strong></span> <span class='ocrx_word' id='word_1_519' title='bbox 1138 5091 1320 5155; x_wconf 84' lang='lat' dir='ltr'><strong><em>habet,</em></strong></span> <span class='ocrx_word' id='word_1_520' title='bbox 1359 5092 1650 5161; x_wconf 85' lang='lat' dir='ltr'><strong><em>relinquat,</em></strong></span> <span class='ocrx_word' id='word_1_521' title='bbox 1689 5107 1915 5146; x_wconf 88' lang='lat' dir='ltr'><strong><em>necesse</em></strong></span> <span class='ocrx_word' id='word_1_522' title='bbox 1943 5100 2025 5147; x_wconf 87' lang='lat' dir='ltr'><strong><em>est</em></strong></span> 
     </span>
    </p>
   </div>
   <div class='ocr_carea' id='block_1_73' title="bbox 460 5180 2023 5252">
    <p class='ocr_par' dir='ltr' id='par_1_73' title="bbox 460 5180 2023 5252">
     <span class='ocr_line' id='line_1_73' title="bbox 460 5180 2023 5252; baseline 0.002 -18"><span class='ocrx_word' id='word_1_523' title='bbox 460 5180 570 5249; x_wconf 82' lang='lat' dir='ltr'><strong><em>igni</em></strong></span> <span class='ocrx_word' id='word_1_524' title='bbox 603 5180 972 5235; x_wconf 84' lang='lat' dir='ltr'><strong><em>candelaetam</em></strong></span> <span class='ocrx_word' id='word_1_525' title='bbox 995 5196 1060 5237; x_wconf 87' lang='lat' dir='ltr'><strong><em>ac</em></strong></span> <span class='ocrx_word' id='word_1_526' title='bbox 1085 5182 1261 5236; x_wconf 80' lang='lat' dir='ltr'><strong><em>fabrili</em></strong></span> <span class='ocrx_word' id='word_1_527' title='bbox 1282 5192 1397 5238; x_wconf 88' lang='lat' dir='ltr'><strong><em>arte</em></strong></span> <span class='ocrx_word' id='word_1_528' title='bbox 1429 5192 1774 5238; x_wconf 89' lang='lat' dir='ltr'><strong><em>retractatam</em></strong></span> <span class='ocrx_word' id='word_1_529' title='bbox 1797 5182 2023 5252; x_wconf 81' lang='lat' dir='ltr'><strong><em>elligiem</em></strong></span> 
     </span>
    </p>
   </div>
   <div class='ocr_carea' id='block_1_74' title="bbox 463 5270 2027 5343">
    <p class='ocr_par' dir='ltr' id='par_1_74' title="bbox 463 5270 2027 5343">
     <span class='ocr_line' id='line_1_74' title="bbox 463 5270 2027 5343; baseline 0.003 -18"><span class='ocrx_word' id='word_1_530' title='bbox 463 5288 569 5325; x_wconf 87' lang='lat' dir='ltr'><strong><em>non</em></strong></span> <span class='ocrx_word' id='word_1_531' title='bbox 608 5270 850 5325; x_wconf 87' lang='lat' dir='ltr'><strong><em>eamdem</em></strong></span> <span class='ocrx_word' id='word_1_532' title='bbox 890 5288 1109 5328; x_wconf 88' lang='lat' dir='ltr'><strong><em>manere</em></strong></span> <span class='ocrx_word' id='word_1_533' title='bbox 1137 5274 1392 5343; x_wconf 85' lang='lat' dir='ltr'><strong><em>amplius,</em></strong></span> <span class='ocrx_word' id='word_1_534' title='bbox 1424 5275 1515 5329; x_wconf 88' lang='lat' dir='ltr'><strong><em>sed</em></strong></span> <span class='ocrx_word' id='word_1_535' title='bbox 1539 5282 1928 5331; x_wconf 82' lang='lat' dir='ltr'><strong><em>commutatam</em></strong></span> <span class='ocrx_word' id='word_1_536' title='bbox 1962 5290 2027 5329; x_wconf 90' lang='lat' dir='ltr'><strong><em>ac</em></strong></span> 
     </span>
    </p>
   </div>
   <div class='ocr_carea' id='block_1_75' title="bbox 462 5364 2026 5435">
    <p class='ocr_par' dir='ltr' id='par_1_75' title="bbox 462 5364 2026 5435">
     <span class='ocr_line' id='line_1_75' title="bbox 462 5364 2026 5435; baseline 0.004 -20"><span class='ocrx_word' id='word_1_537' title='bbox 462 5364 780 5417; x_wconf 84' lang='lat' dir='ltr'><strong><em>distractam</em></strong></span> <span class='ocrx_word' id='word_1_538' title='bbox 848 5364 1036 5418; x_wconf 75' lang='lat' dir='ltr'><strong><em>videri.</em></strong></span> <span class='ocrx_word' id='word_1_539' title='bbox 1088 5364 1268 5430; x_wconf 84' lang='lat' dir='ltr'><strong><em>Quare</em></strong></span> <span class='ocrx_word' id='word_1_540' title='bbox 1316 5367 1363 5419; x_wconf 90' lang='lat' dir='ltr'><strong><em>si</em></strong></span> <span class='ocrx_word' id='word_1_541' title='bbox 1412 5368 1728 5435; x_wconf 65' lang='lat' dir='ltr'><strong><em>praeclarum</em></strong></span> <span class='ocrx_word' id='word_1_542' title='bbox 1770 5382 1833 5420; x_wconf 87' lang='lat' dir='ltr'><strong><em>ac</em></strong></span> <span class='ocrx_word' id='word_1_543' title='bbox 1890 5368 2026 5422; x_wconf 88' lang='lat' dir='ltr'><strong><em>labis</em></strong></span> 
     </span>
    </p>
   </div>
   <div class='ocr_carea' id='block_1_76' title="bbox 460 5456 2027 5524">
    <p class='ocr_par' dir='ltr' id='par_1_76' title="bbox 460 5456 2027 5524">
     <span class='ocr_line' id='line_1_76' title="bbox 460 5456 2027 5524; baseline 0.002 -15"><span class='ocrx_word' id='word_1_544' title='bbox 460 5456 639 5509; x_wconf 88' lang='lat' dir='ltr'><strong><em>omnis</em></strong></span> <span class='ocrx_word' id='word_1_545' title='bbox 688 5467 882 5523; x_wconf 79' lang='lat' dir='ltr'><strong><em>expers</em></strong></span> <span class='ocrx_word' id='word_1_546' title='bbox 939 5470 1075 5524; x_wconf 89' lang='lat' dir='ltr'><strong><em>opus</em></strong></span> <span class='ocrx_word' id='word_1_547' title='bbox 1113 5471 1270 5510; x_wconf 91' lang='lat' dir='ltr'><strong><em>suum</em></strong></span> <span class='ocrx_word' id='word_1_548' title='bbox 1300 5472 1422 5512; x_wconf 86' lang='lat' dir='ltr'><strong><em>esse</em></strong></span> <span class='ocrx_word' id='word_1_549' title='bbox 1467 5459 1717 5522; x_wconf 88' lang='lat' dir='ltr'><strong><em>voluerit,</em></strong></span> <span class='ocrx_word' id='word_1_550' title='bbox 1758 5457 2027 5513; x_wconf 57' lang='lat' dir='ltr'><strong><em>confringi</em></strong></span> 
     </span>
    </p>
   </div>
   <div class='ocr_carea' id='block_1_77' title="bbox 2113 1821 3680 1895">
    <p class='ocr_par' dir='ltr' id='par_1_77' title="bbox 2113 1821 3680 1895">
     <span class='ocr_line' id='line_1_77' title="bbox 2113 1821 3680 1895; baseline -0.002 -16"><span class='ocrx_word' id='word_1_551' title='bbox 2113 1828 2263 1881; x_wconf 81' lang='grc' dir='ltr'>θεῖσα</span> <span class='ocrx_word' id='word_1_552' title='bbox 2284 1827 2378 1879; x_wconf 70' lang='grc' dir='ltr'><em>καὶ</em></span> <span class='ocrx_word' id='word_1_553' title='bbox 2400 1841 2460 1877; x_wconf 87' lang='grc' dir='ltr'><strong><em>συ</em></strong></span> <span class='ocrx_word' id='word_1_554' title='bbox 2468 1823 2765 1895; x_wconf 87' lang='grc' dir='ltr'><em>μφθίνασα,</em></span> <span class='ocrx_word' id='word_1_555' title='bbox 2784 1821 2921 1892; x_wconf 82' lang='grc' dir='ltr'><em>αὐτὴ</em></span> <span class='ocrx_word' id='word_1_556' title='bbox 2962 1822 3061 1892; x_wconf 80' lang='grc' dir='ltr'><strong><em>μὲν</em></strong></span> <span class='ocrx_word' id='word_1_557' title='bbox 3090 1824 3170 1885; x_wconf 78' lang='grc' dir='ltr'><strong><em>είς</em></strong></span> <span class='ocrx_word' id='word_1_558' title='bbox 3190 1823 3358 1894; x_wconf 79' lang='grc' dir='ltr'><em>ἄρδην</em></span> <span class='ocrx_word' id='word_1_559' title='bbox 3396 1825 3680 1895; x_wconf 74' lang='grc' dir='ltr'><em>ἀπόληται</em></span> 
     </span>
    </p>
   </div>
   <div class='ocr_carea' id='block_1_78' title="bbox 2112 1908 3683 1987">
    <p class='ocr_par' dir='ltr' id='par_1_78' title="bbox 2112 1908 3683 1987">
     <span class='ocr_line' id='line_1_78' title="bbox 2112 1908 3683 1987; baseline -0.003 -15"><span class='ocrx_word' id='word_1_560' title='bbox 2112 1919 2206 1972; x_wconf 77' lang='grc' dir='ltr'><strong><em>καὶ</em></strong></span> <span class='ocrx_word' id='word_1_561' title='bbox 2234 1916 2538 1987; x_wconf 82' lang='grc' dir='ltr'><em>διαφθαρῇ,</em></span> <span class='ocrx_word' id='word_1_562' title='bbox 2570 1914 2819 1983; x_wconf 87' lang='grc' dir='ltr'><em>καθάπερ</em></span> <span class='ocrx_word' id='word_1_563' title='bbox 2865 1913 3052 1982; x_wconf 82' lang='grc' dir='ltr'><em>φυτὸν,</em></span> <span class='ocrx_word' id='word_1_564' title='bbox 3100 1913 3353 1977; x_wconf 81' lang='grc' dir='ltr'><strong><em>λυθέντος</em></strong></span> <span class='ocrx_word' id='word_1_565' title='bbox 3384 1914 3445 1968; x_wconf 83' lang='grc' dir='ltr'><strong><em>ὲν</em></strong></span> <span class='ocrx_word' id='word_1_566' title='bbox 3470 1908 3515 1983; x_wconf 81' lang='grc' dir='ltr'>ᾧ</span> <span class='ocrx_word' id='word_1_567' title='bbox 3554 1917 3683 1986; x_wconf 76' lang='grc' dir='ltr'><em>κρύ-</em></span> 
     </span>
    </p>
   </div>
   <div class='ocr_carea' id='block_1_79' title="bbox 2113 2003 3683 2077">
    <p class='ocr_par' dir='ltr' id='par_1_79' title="bbox 2113 2003 3683 2077">
     <span class='ocr_line' id='line_1_79' title="bbox 2113 2003 3683 2077; baseline -0.002 -15"><span class='ocrx_word' id='word_1_568' title='bbox 2113 2025 2317 2062; x_wconf 85' lang='grc' dir='ltr'><em>πτουσα</em></span> <span class='ocrx_word' id='word_1_569' title='bbox 2344 2007 2444 2069; x_wconf 80' lang='grc' dir='ltr'><em>τὰς</em></span> <span class='ocrx_word' id='word_1_570' title='bbox 2477 2005 2631 2077; x_wconf 74' lang='grc' dir='ltr'><em>ῥίζας</em></span> <span class='ocrx_word' id='word_1_571' title='bbox 2680 2004 2850 2074; x_wconf 77' lang='grc' dir='ltr'><em>αὐτῆς</em></span> <span class='ocrx_word' id='word_1_572' title='bbox 2883 2003 3200 2069; x_wconf 79' lang='grc' dir='ltr'><strong><em>διεσώζετο⁹</em></strong></span> <span class='ocrx_word' id='word_1_573' title='bbox 3239 2007 3267 2058; x_wconf 89' lang='grc' dir='ltr'>ὁ</span> <span class='ocrx_word' id='word_1_574' title='bbox 3311 2005 3368 2058; x_wconf 84' lang='grc' dir='ltr'><em>δὲ</em></span> <span class='ocrx_word' id='word_1_575' title='bbox 3402 2006 3683 2076; x_wconf 74' lang='grc' dir='ltr'><em>ἄνθρωπος</em></span> 
     </span>
    </p>
   </div>
   <div class='ocr_carea' id='block_1_80' title="bbox 2114 2096 3681 2170">
    <p class='ocr_par' dir='ltr' id='par_1_80' title="bbox 2114 2096 3681 2170">
     <span class='ocr_line' id='line_1_80' title="bbox 2114 2096 3681 2170; baseline -0.001 -18"><span class='ocrx_word' id='word_1_576' title='bbox 2114 2096 2270 2162; x_wconf 81' lang='grc' dir='ltr'><em>αὖθις</em></span> <span class='ocrx_word' id='word_1_577' title='bbox 2296 2098 2495 2170; x_wconf 79' lang='grc' dir='ltr'><em>μηκέτι</em></span> <span class='ocrx_word' id='word_1_578' title='bbox 2532 2097 2689 2168; x_wconf 80' lang='grc' dir='ltr'><em>ῥίζαν</em></span> <span class='ocrx_word' id='word_1_579' title='bbox 2721 2096 3134 2151; x_wconf 85' lang='grc' dir='ltr'><em>ἐνθωπεύουσαν</em></span> <span class='ocrx_word' id='word_1_580' title='bbox 3162 2098 3388 2167; x_wconf 81' lang='grc' dir='ltr'>πικρίας</span> <span class='ocrx_word' id='word_1_581' title='bbox 3426 2096 3567 2167; x_wconf 77' lang='grc' dir='ltr'><em>ἔχων</em></span> <span class='ocrx_word' id='word_1_582' title='bbox 3598 2099 3681 2163; x_wconf 72' lang='grc' dir='ltr'><strong><em>ἐξ·</em></strong></span> 
     </span>
    </p>
   </div>
   <div class='ocr_carea' id='block_1_81' title="bbox 2114 2183 3682 2261">
    <p class='ocr_par' dir='ltr' id='par_1_81' title="bbox 2114 2183 3682 2261">
     <span class='ocr_line' id='line_1_81' title="bbox 2114 2183 3682 2261; baseline -0.003 -17"><span class='ocrx_word' id='word_1_583' title='bbox 2114 2189 2345 2261; x_wconf 82' lang='grc' dir='ltr'><em>εγερθῇ;</em></span> <span class='ocrx_word' id='word_1_584' title='bbox 2381 2189 2592 2258; x_wconf 81' lang='grc' dir='ltr'>Ὥσπερ</span> <span class='ocrx_word' id='word_1_585' title='bbox 2621 2183 2714 2242; x_wconf 77' lang='grc' dir='ltr'><strong><em>οὖν</em></strong></span> <span class='ocrx_word' id='word_1_586' title='bbox 2740 2187 3183 2258; x_wconf 80' lang='grc' dir='ltr'><em>ἀλεξιφαρμάκου</em></span> <span class='ocrx_word' id='word_1_587' title='bbox 3218 2189 3421 2258; x_wconf 81' lang='grc' dir='ltr'><em>τρόπον</em></span> <span class='ocrx_word' id='word_1_588' title='bbox 3460 2188 3565 2240; x_wconf 75' lang='grc' dir='ltr'><strong><em>ὑπὸ</em></strong></span> <span class='ocrx_word' id='word_1_589' title='bbox 3588 2184 3682 2241; x_wconf 73' lang='grc' dir='ltr'><em>τοῦ</em></span> 
     </span>
    </p>
   </div>
   <div class='ocr_carea' id='block_1_82' title="bbox 2113 2276 3683 2351">
    <p class='ocr_par' dir='ltr' id='par_1_82' title="bbox 2113 2276 3683 2351">
     <span class='ocr_line' id='line_1_82' title="bbox 2113 2276 3683 2351; baseline -0.003 -19"><span class='ocrx_word' id='word_1_590' title='bbox 2113 2278 2445 2348; x_wconf 80' lang='grc' dir='ltr'><strong><em>ἀλεξητῆρος</em></strong></span> <span class='ocrx_word' id='word_1_591' title='bbox 2481 2277 2678 2349; x_wconf 80' lang='grc' dir='ltr'><em>ἡμῶν,</em></span> <span class='ocrx_word' id='word_1_592' title='bbox 2728 2276 2823 2330; x_wconf 77' lang='grc' dir='ltr'><em>καὶ</em></span> <span class='ocrx_word' id='word_1_593' title='bbox 2873 2276 3087 2340; x_wconf 83' lang='grc' dir='ltr'><em>ἀληθῶς</em></span> <span class='ocrx_word' id='word_1_594' title='bbox 3140 2277 3322 2351; x_wconf 79' lang='grc' dir='ltr'><em>ἰατροῦ</em></span> <span class='ocrx_word' id='word_1_595' title='bbox 3368 2278 3507 2330; x_wconf 71' lang='grc' dir='ltr'><em>Θεοῦ</em></span> <span class='ocrx_word' id='word_1_596' title='bbox 3552 2277 3683 2347; x_wconf 65' lang='grc' dir='ltr'><em>πρὸς</em></span> 
     </span>
    </p>
   </div>
   <div class='ocr_carea' id='block_1_83' title="bbox 2112 2369 3682 2440">
    <p class='ocr_par' dir='ltr' id='par_1_83' title="bbox 2112 2369 3682 2440">
     <span class='ocr_line' id='line_1_83' title="bbox 2112 2369 3682 2440; baseline -0.001 -17"><span class='ocrx_word' id='word_1_597' title='bbox 2112 2369 2399 2440; x_wconf 77' lang='grc' dir='ltr'><em>ἐκρίζωσιν</em></span> <span class='ocrx_word' id='word_1_598' title='bbox 2428 2369 2528 2439; x_wconf 79' lang='grc' dir='ltr'><em>τῆς</em></span> <span class='ocrx_word' id='word_1_599' title='bbox 2563 2369 2835 2440; x_wconf 86' lang='grc' dir='ltr'><em>ἁμαρτίας</em></span> <span class='ocrx_word' id='word_1_600' title='bbox 2876 2369 3193 2439; x_wconf 85' lang='grc' dir='ltr'><strong><em>παρελήφθη</em></strong></span> <span class='ocrx_word' id='word_1_601' title='bbox 3236 2372 3264 2423; x_wconf 85' lang='grc' dir='ltr'>ὁ</span> <span class='ocrx_word' id='word_1_602' title='bbox 3297 2369 3551 2433; x_wconf 86' lang='grc' dir='ltr'><em>θάνατος,</em></span> <span class='ocrx_word' id='word_1_603' title='bbox 3592 2371 3682 2421; x_wconf 71' lang='grc' dir='ltr'><em>καὶ</em></span> 
     </span>
    </p>
   </div>
   <div class='ocr_carea' id='block_1_84' title="bbox 2112 2459 3683 2531">
    <p class='ocr_par' dir='ltr' id='par_1_84' title="bbox 2112 2459 3683 2531">
     <span class='ocr_line' id='line_1_84' title="bbox 2112 2459 3683 2531; baseline -0.003 -17"><span class='ocrx_word' id='word_1_604' title='bbox 2112 2461 2438 2531; x_wconf 80' lang='grc' dir='ltr'><em>ἀφανισμὸν,</em></span> <span class='ocrx_word' id='word_1_605' title='bbox 2495 2461 2583 2514; x_wconf 82' lang='grc' dir='ltr'><em>ἵνα</em></span> <span class='ocrx_word' id='word_1_606' title='bbox 2616 2460 2691 2531; x_wconf 85' lang='grc' dir='ltr'><em>μὴ</em></span> <span class='ocrx_word' id='word_1_607' title='bbox 2713 2459 3012 2523; x_wconf 77' lang='grc' dir='ltr'><em>διαιωνίζον</em></span> <span class='ocrx_word' id='word_1_608' title='bbox 3048 2461 3105 2513; x_wconf 81' lang='grc' dir='ltr'><em>ἐν</em></span> <span class='ocrx_word' id='word_1_609' title='bbox 3142 2462 3272 2530; x_wconf 80' lang='grc' dir='ltr'><em>ἡμῖν</em></span> <span class='ocrx_word' id='word_1_610' title='bbox 3306 2461 3391 2529; x_wconf 82' lang='grc' dir='ltr'><em>εἴη</em></span> <span class='ocrx_word' id='word_1_611' title='bbox 3432 2461 3495 2512; x_wconf 79' lang='grc' dir='ltr'><em>τὸ</em></span> <span class='ocrx_word' id='word_1_612' title='bbox 3518 2462 3683 2513; x_wconf 71' lang='grc' dir='ltr'><em>κακὸν</em></span> 
     </span>
    </p>
   </div>
   <div class='ocr_carea' id='block_1_85' title="bbox 2113 2549 3685 2616">
    <p class='ocr_par' dir='ltr' id='par_1_85' title="bbox 2113 2549 3685 2616">
     <span class='ocr_line' id='line_1_85' title="bbox 2113 2549 3685 2616; baseline -0.001 -12"><span class='ocrx_word' id='word_1_613' title='bbox 2113 2551 2396 2616; x_wconf 86' lang='grc' dir='ltr'><em>ἀθάνατον,</em></span> <span class='ocrx_word' id='word_1_614' title='bbox 2420 2551 2514 2604; x_wconf 81' lang='grc' dir='ltr'><em>ἆτε</em></span> <span class='ocrx_word' id='word_1_615' title='bbox 2537 2551 2595 2603; x_wconf 83' lang='grc' dir='ltr'><em>ὲν</em></span> <span class='ocrx_word' id='word_1_616' title='bbox 2618 2549 2905 2613; x_wconf 81' lang='grc' dir='ltr'><em>ἀθανάτοις</em></span> <span class='ocrx_word' id='word_1_617' title='bbox 2927 2550 3207 2603; x_wconf 86' lang='grc' dir='ltr'><em>άνατεῖλαν</em></span> <span class='ocrx_word' id='word_1_618' title='bbox 3227 2566 3239 2579; x_wconf 93' lang='grc'><strong>·</strong></span> <span class='ocrx_word' id='word_1_619' title='bbox 3263 2550 3419 2604; x_wconf 69' lang='grc' dir='ltr'><em>αὐτοὶ</em></span> <span class='ocrx_word' id='word_1_620' title='bbox 3441 2550 3498 2602; x_wconf 80' lang='grc' dir='ltr'><em>δὲ</em></span> <span class='ocrx_word' id='word_1_621' title='bbox 3524 2550 3685 2603; x_wconf 85' lang='grc' dir='ltr'><em>λελω-</em></span> 
     </span>
    </p>
   </div>
   <div class='ocr_carea' id='block_1_86' title="bbox 2113 2640 3680 2712">
    <p class='ocr_par' dir='ltr' id='par_1_86' title="bbox 2113 2640 3680 2712">
     <span class='ocr_line' id='line_1_86' title="bbox 2113 2640 3680 2712; baseline 0 -19"><span class='ocrx_word' id='word_1_622' title='bbox 2113 2641 2181 2711; x_wconf 83' lang='grc' dir='ltr'><strong><em>6η</em></strong></span> <span class='ocrx_word' id='word_1_623' title='bbox 2191 2642 2361 2711; x_wconf 88' lang='grc' dir='ltr'><em>μένοι,</em></span> <span class='ocrx_word' id='word_1_624' title='bbox 2387 2641 2481 2695; x_wconf 71' lang='grc' dir='ltr'><em>καὶ</em></span> <span class='ocrx_word' id='word_1_625' title='bbox 2510 2641 2801 2704; x_wconf 81' lang='grc' dir='ltr'><strong><em>ἐκστάντες</em></strong></span> <span class='ocrx_word' id='word_1_626' title='bbox 2825 2640 3125 2695; x_wconf 85' lang='grc' dir='ltr'><em>νοσούντων</em></span> <span class='ocrx_word' id='word_1_627' title='bbox 3145 2642 3342 2712; x_wconf 86' lang='grc' dir='ltr'><em>τρόπον</em></span> <span class='ocrx_word' id='word_1_628' title='bbox 3364 2642 3464 2710; x_wconf 80' lang='grc' dir='ltr'><em>τῆς</em></span> <span class='ocrx_word' id='word_1_629' title='bbox 3481 2642 3680 2701; x_wconf 72' lang='grc' dir='ltr'><em>οἰκείας</em></span> 
     </span>
    </p>
   </div>
   <div class='ocr_carea' id='block_1_87' title="bbox 2114 2728 3683 2801">
    <p class='ocr_par' dir='ltr' id='par_1_87' title="bbox 2114 2728 3683 2801">
     <span class='ocr_line' id='line_1_87' title="bbox 2114 2728 3683 2801; baseline -0.002 -18"><span class='ocrx_word' id='word_1_630' title='bbox 2114 2730 2335 2801; x_wconf 83' lang='grc' dir='ltr'><em>ἀρετῆς,</em></span> <span class='ocrx_word' id='word_1_631' title='bbox 2372 2730 2465 2783; x_wconf 74' lang='grc' dir='ltr'><em>ἐπὶ</em></span> <span class='ocrx_word' id='word_1_632' title='bbox 2506 2730 2641 2782; x_wconf 86' lang='grc' dir='ltr'><em>πολὺ</em></span> <span class='ocrx_word' id='word_1_633' title='bbox 2680 2728 3071 2800; x_wconf 78' lang='grc' dir='ltr'><em>διατρίϐωμεν,</em></span> <span class='ocrx_word' id='word_1_634' title='bbox 3103 2728 3200 2783; x_wconf 78' lang='grc' dir='ltr'><em>ἅτε</em></span> <span class='ocrx_word' id='word_1_635' title='bbox 3243 2731 3299 2781; x_wconf 80' lang='grc' dir='ltr'><em>ἐν</em></span> <span class='ocrx_word' id='word_1_636' title='bbox 3328 2729 3683 2799; x_wconf 74' lang='grc' dir='ltr'><em>ὑφεστηκόσιν</em></span> 
     </span>
    </p>
   </div>
   <div class='ocr_carea' id='block_1_88' title="bbox 2113 2820 3682 2893">
    <p class='ocr_par' dir='ltr' id='par_1_88' title="bbox 2113 2820 3682 2893">
     <span class='ocr_line' id='line_1_88' title="bbox 2113 2820 3682 2893; baseline 0 -19"><span class='ocrx_word' id='word_1_637' title='bbox 2113 2822 2200 2875; x_wconf 81' lang='grc' dir='ltr'><em>ἀεὶ</em></span> <span class='ocrx_word' id='word_1_638' title='bbox 2228 2821 2322 2874; x_wconf 72' lang='grc' dir='ltr'><strong><em>καὶ</em></strong></span> <span class='ocrx_word' id='word_1_639' title='bbox 2374 2821 2665 2885; x_wconf 80' lang='grc' dir='ltr'><em>ἀθανάτοις</em></span> <span class='ocrx_word' id='word_1_640' title='bbox 2697 2820 2912 2891; x_wconf 84' lang='grc' dir='ltr'><em>σώμασι</em></span> <span class='ocrx_word' id='word_1_641' title='bbox 2951 2821 3050 2893; x_wconf 85' lang='grc' dir='ltr'><em>τὴν</em></span> <span class='ocrx_word' id='word_1_642' title='bbox 3090 2822 3232 2876; x_wconf 85' lang='grc' dir='ltr'><em>κατὰ</em></span> <span class='ocrx_word' id='word_1_643' title='bbox 3276 2822 3339 2875; x_wconf 83' lang='grc' dir='ltr'><em>τὸ</em></span> <span class='ocrx_word' id='word_1_644' title='bbox 3385 2821 3682 2891; x_wconf 78' lang='grc' dir='ltr'><em>ἁμάρτημα</em></span> 
     </span>
    </p>
   </div>
   <div class='ocr_carea' id='block_1_89' title="bbox 2118 2912 3682 2986">
    <p class='ocr_par' dir='ltr' id='par_1_89' title="bbox 2118 2912 3682 2986">
     <span class='ocr_line' id='line_1_89' title="bbox 2118 2912 3682 2986; baseline 0 -21"><span class='ocrx_word' id='word_1_645' title='bbox 2118 2912 2360 2984; x_wconf 78' lang='grc' dir='ltr'><strong><em>μεγάλην</em></strong></span> <span class='ocrx_word' id='word_1_646' title='bbox 2385 2914 2678 2984; x_wconf 83' lang='grc' dir='ltr'><em>τρέφοντες</em></span> <span class='ocrx_word' id='word_1_647' title='bbox 2709 2916 2885 2972; x_wconf 91' lang='grc' dir='ltr'><em>νόσον.</em></span> <span class='ocrx_word' id='word_1_648' title='bbox 2913 2916 3004 2969; x_wconf 84' lang='grc' dir='ltr'><strong><em>Διὸ</em></strong></span> <span class='ocrx_word' id='word_1_649' title='bbox 3030 2915 3095 2986; x_wconf 84' lang='grc' dir='ltr'><em>δὴ</em></span> <span class='ocrx_word' id='word_1_650' title='bbox 3120 2914 3299 2977; x_wconf 81' lang='grc' dir='ltr'><em>καλῶς</em></span> <span class='ocrx_word' id='word_1_651' title='bbox 3322 2913 3525 2984; x_wconf 87' lang='grc' dir='ltr'><em>ταύτην</em></span> <span class='ocrx_word' id='word_1_652' title='bbox 3554 2914 3682 2983; x_wconf 69' lang='grc' dir='ltr'><em>πρὸς</em></span> 
     </span>
    </p>
   </div>
   <div class='ocr_carea' id='block_1_90' title="bbox 2116 3003 3683 3077">
    <p class='ocr_par' dir='ltr' id='par_1_90' title="bbox 2116 3003 3683 3077">
     <span class='ocr_line' id='line_1_90' title="bbox 2116 3003 3683 3077; baseline -0.001 -20"><span class='ocrx_word' id='word_1_653' title='bbox 2116 3003 2281 3074; x_wconf 86' lang='grc' dir='ltr'><em>ἄμφω</em></span> <span class='ocrx_word' id='word_1_654' title='bbox 2311 3006 2583 3076; x_wconf 82' lang='grc' dir='ltr'><em>σωτηρίαν</em></span> <span class='ocrx_word' id='word_1_655' title='bbox 2616 3008 2710 3061; x_wconf 79' lang='grc' dir='ltr'><em>καὶ</em></span> <span class='ocrx_word' id='word_1_656' title='bbox 2740 3006 2918 3077; x_wconf 81' lang='grc' dir='ltr'><em>ψυχῆς</em></span> <span class='ocrx_word' id='word_1_657' title='bbox 2955 3008 3051 3061; x_wconf 65' lang='grc' dir='ltr'><strong><em>κα)⁴</em></strong></span> <span class='ocrx_word' id='word_1_658' title='bbox 3089 3005 3338 3076; x_wconf 85' lang='grc' dir='ltr'><em>σώματος</em></span> <span class='ocrx_word' id='word_1_659' title='bbox 3369 3020 3683 3076; x_wconf 78' lang='grc' dir='ltr'><em>φαρμακευ-</em></span> 
     </span>
    </p>
   </div>
   <div class='ocr_carea' id='block_1_91' title="bbox 2116 3094 3681 3168">
    <p class='ocr_par' dir='ltr' id='par_1_91' title="bbox 2116 3094 3681 3168">
     <span class='ocr_line' id='line_1_91' title="bbox 2116 3094 3681 3168; baseline 0.002 -22"><span class='ocrx_word' id='word_1_660' title='bbox 2116 3095 2273 3164; x_wconf 82' lang='grc' dir='ltr'><em>τικῆς</em></span> <span class='ocrx_word' id='word_1_661' title='bbox 2304 3094 2503 3164; x_wconf 85' lang='grc' dir='ltr'><em>τρόπον</em></span> <span class='ocrx_word' id='word_1_662' title='bbox 2535 3095 2854 3168; x_wconf 84' lang='grc' dir='ltr'><em>καθάρσεως</em></span> <span class='ocrx_word' id='word_1_663' title='bbox 2880 3096 2969 3150; x_wconf 77' lang='grc' dir='ltr'><strong><em>τὸν</em></strong></span> <span class='ocrx_word' id='word_1_664' title='bbox 3000 3097 3227 3151; x_wconf 80' lang='grc' dir='ltr'><em>θάνατον</em></span> <span class='ocrx_word' id='word_1_665' title='bbox 3253 3097 3281 3149; x_wconf 84' lang='grc' dir='ltr'><strong>ὁ</strong></span> <span class='ocrx_word' id='word_1_666' title='bbox 3309 3096 3442 3159; x_wconf 82' lang='grc' dir='ltr'><em>Θεὸς</em></span> <span class='ocrx_word' id='word_1_667' title='bbox 3470 3096 3681 3168; x_wconf 77' lang='grc' dir='ltr'><em>εὕρατο,</em></span> 
     </span>
    </p>
   </div>
   <div class='ocr_carea' id='block_1_92' title="bbox 2120 3185 3584 3258">
    <p class='ocr_par' dir='ltr' id='par_1_92' title="bbox 2120 3185 3584 3258">
     <span class='ocr_line' id='line_1_92' title="bbox 2120 3185 3584 3258; baseline 0.003 -21"><span class='ocrx_word' id='word_1_668' title='bbox 2120 3185 2205 3241; x_wconf 81' lang='grc' dir='ltr'><em>ἵνα</em></span> <span class='ocrx_word' id='word_1_669' title='bbox 2238 3186 2569 3257; x_wconf 86' lang='grc' dir='ltr'><em>πανάμωμοι</em></span> <span class='ocrx_word' id='word_1_670' title='bbox 2591 3188 2685 3241; x_wconf 78' lang='grc' dir='ltr'><em>καὶ</em></span> <span class='ocrx_word' id='word_1_671' title='bbox 2714 3188 2917 3252; x_wconf 80' lang='grc' dir='ltr'><em>ἀσινεῖς</em></span> <span class='ocrx_word' id='word_1_672' title='bbox 2944 3188 3117 3252; x_wconf 72' lang='grc' dir='ltr'><em>οὕτως</em></span> <span class='ocrx_word' id='word_1_673' title='bbox 3142 3187 3584 3258; x_wconf 76' lang='grc' dir='ltr'><em>ὲξεργασθῶμεν.</em></span> 
     </span>
    </p>
   </div>
   <div class='ocr_carea' id='block_1_93' title="bbox 2186 3360 3683 3433">
    <p class='ocr_par' dir='ltr' id='par_1_93' title="bbox 2186 3360 3683 3433">
     <span class='ocr_line' id='line_1_93' title="bbox 2186 3360 3683 3433; baseline 0.002 -20"><span class='ocrx_word' id='word_1_674' title='bbox 2186 3362 2314 3414; x_wconf 84' lang='grc' dir='ltr'><strong><em>ΚΖ’.</em></strong></span> <span class='ocrx_word' id='word_1_675' title='bbox 2337 3361 2473 3432; x_wconf 83' lang='grc' dir='ltr'><em>Φέρε</em></span> <span class='ocrx_word' id='word_1_676' title='bbox 2529 3361 2655 3432; x_wconf 84' lang='grc' dir='ltr'><em>γὰρ,</em></span> <span class='ocrx_word' id='word_1_677' title='bbox 2706 3361 2893 3432; x_wconf 84' lang='grc' dir='ltr'><em>ἐπειδὴ</em></span> <span class='ocrx_word' id='word_1_678' title='bbox 2942 3360 3151 3415; x_wconf 84' lang='grc' dir='ltr'><em>πολλῶν</em></span> <span class='ocrx_word' id='word_1_679' title='bbox 3194 3362 3275 3415; x_wconf 89' lang='grc' dir='ltr'><strong><em>δεῖ</em></strong></span> <span class='ocrx_word' id='word_1_680' title='bbox 3309 3361 3416 3414; x_wconf 83' lang='grc' dir='ltr'><em>τῶν</em></span> <span class='ocrx_word' id='word_1_681' title='bbox 3463 3362 3591 3433; x_wconf 72' lang='grc' dir='ltr'><em>περὶ</em></span> <span class='ocrx_word' id='word_1_682' title='bbox 3624 3363 3683 3417; x_wconf 77' lang='grc' dir='ltr'><strong><em>τά</em></strong></span> 
     </span>
    </p>
   </div>
   <div class='ocr_carea' id='block_1_94' title="bbox 2114 3450 3683 3524">
    <p class='ocr_par' dir='ltr' id='par_1_94' title="bbox 2114 3450 3683 3524">
     <span class='ocr_line' id='line_1_94' title="bbox 2114 3450 3683 3524; baseline 0.001 -18"><span class='ocrx_word' id='word_1_683' title='bbox 2114 3450 2341 3507; x_wconf 82' lang='grc' dir='ltr'><em>τοιαῦτα</em></span> <span class='ocrx_word' id='word_1_684' title='bbox 2370 3452 2849 3524; x_wconf 85' lang='grc' dir='ltr'><em>παραδειγμάτων,</em></span> <span class='ocrx_word' id='word_1_685' title='bbox 2878 3453 3125 3506; x_wconf 78' lang='grc' dir='ltr'><em>ἐντεῦθεν</em></span> <span class='ocrx_word' id='word_1_686' title='bbox 3154 3452 3293 3507; x_wconf 74' lang='grc' dir='ltr'><em>αὐτὰ</em></span> <span class='ocrx_word' id='word_1_687' title='bbox 3311 3454 3543 3524; x_wconf 84' lang='grc' dir='ltr'><em>μάλιστα</em></span> <span class='ocrx_word' id='word_1_688' title='bbox 3567 3472 3683 3508; x_wconf 80' lang='grc' dir='ltr'><em>σκε-</em></span> 
     </span>
    </p>
   </div>
   <div class='ocr_carea' id='block_1_95' title="bbox 2117 3544 3682 3618">
    <p class='ocr_par' dir='ltr' id='par_1_95' title="bbox 2117 3544 3682 3618">
     <span class='ocr_line' id='line_1_95' title="bbox 2117 3544 3682 3618; baseline 0 -20"><span class='ocrx_word' id='word_1_689' title='bbox 2117 3544 2398 3615; x_wconf 86' lang='grc' dir='ltr'><em>πτώμεθα,</em></span> <span class='ocrx_word' id='word_1_690' title='bbox 2426 3544 2499 3616; x_wconf 83' lang='grc' dir='ltr'><em>μὴ</em></span> <span class='ocrx_word' id='word_1_691' title='bbox 2536 3544 2915 3615; x_wconf 82' lang='grc' dir='ltr'><em>ἀφιστάμενοι,</em></span> <span class='ocrx_word' id='word_1_692' title='bbox 2946 3546 3074 3618; x_wconf 73' lang='grc' dir='ltr'><em>πρὶν</em></span> <span class='ocrx_word' id='word_1_693' title='bbox 3090 3546 3156 3599; x_wconf 80' lang='grc' dir='ltr'><em>ἂν</em></span> <span class='ocrx_word' id='word_1_694' title='bbox 3178 3544 3394 3618; x_wconf 82' lang='grc' dir='ltr'><em>πρῶτον</em></span> <span class='ocrx_word' id='word_1_695' title='bbox 3426 3549 3505 3610; x_wconf 85' lang='grc' dir='ltr'><strong><em>είς</em></strong></span> <span class='ocrx_word' id='word_1_696' title='bbox 3537 3547 3682 3617; x_wconf 75' lang='grc' dir='ltr'><em>εὐδη-</em></span> 
     </span>
    </p>
   </div>
   <div class='ocr_carea' id='block_1_96' title="bbox 2115 3633 3683 3706">
    <p class='ocr_par' dir='ltr' id='par_1_96' title="bbox 2115 3633 3683 3706">
     <span class='ocr_line' id='line_1_96' title="bbox 2115 3633 3683 3706; baseline 0 -19"><span class='ocrx_word' id='word_1_697' title='bbox 2115 3634 2339 3706; x_wconf 82' lang='grc' dir='ltr'><em>λοτέραν</em></span> <span class='ocrx_word' id='word_1_698' title='bbox 2373 3634 2668 3704; x_wconf 81' lang='grc' dir='ltr'><em>ἑρμηνείαν</em></span> <span class='ocrx_word' id='word_1_699' title='bbox 2727 3633 3131 3706; x_wconf 81' lang='grc' dir='ltr'><em>ἀποτελευτήσῃ</em></span> <span class='ocrx_word' id='word_1_700' title='bbox 3192 3636 3286 3688; x_wconf 79' lang='grc' dir='ltr'><em>καὶ</em></span> <span class='ocrx_word' id='word_1_701' title='bbox 3342 3634 3614 3701; x_wconf 79' lang='grc' dir='ltr'><em>ἀπόδειξιν</em></span> <span class='ocrx_word' id='word_1_702' title='bbox 3659 3637 3683 3687; x_wconf 85' lang='grc' dir='ltr'><strong><em>ό</em></strong></span> 
     </span>
    </p>
   </div>
   <div class='ocr_carea' id='block_1_97' title="bbox 2117 3725 3681 3799">
    <p class='ocr_par' dir='ltr' id='par_1_97' title="bbox 2117 3725 3681 3799">
     <span class='ocr_line' id='line_1_97' title="bbox 2117 3725 3681 3799; baseline 0.001 -20"><span class='ocrx_word' id='word_1_703' title='bbox 2117 3727 2292 3795; x_wconf 78' lang='grc' dir='ltr'><em>λόγος.</em></span> <span class='ocrx_word' id='word_1_704' title='bbox 2318 3726 2569 3780; x_wconf 84' lang='grc' dir='ltr'><em>Φαίνεται</em></span> <span class='ocrx_word' id='word_1_705' title='bbox 2600 3726 2779 3780; x_wconf 84' lang='grc' dir='ltr'><em>τοίνυν</em></span> <span class='ocrx_word' id='word_1_706' title='bbox 2804 3725 3140 3798; x_wconf 83' lang='grc' dir='ltr'><em>ὡσπερείτις</em></span> <span class='ocrx_word' id='word_1_707' title='bbox 3164 3726 3493 3799; x_wconf 80' lang='grc' dir='ltr'><em>δημιουργὸς</em></span> <span class='ocrx_word' id='word_1_708' title='bbox 3525 3727 3681 3797; x_wconf 76' lang='grc' dir='ltr'><em>ἄκρος</em></span> 
     </span>
    </p>
   </div>
   <div class='ocr_carea' id='block_1_98' title="bbox 2117 3818 3680 3889">
    <p class='ocr_par' dir='ltr' id='par_1_98' title="bbox 2117 3818 3680 3889">
     <span class='ocr_line' id='line_1_98' title="bbox 2117 3818 3680 3889; baseline -0.001 -16"><span class='ocrx_word' id='word_1_709' title='bbox 2117 3820 2338 3889; x_wconf 74' lang='grc' dir='ltr'><em>ἄγαλμα</em></span> <span class='ocrx_word' id='word_1_710' title='bbox 2384 3818 2545 3873; x_wconf 86' lang='grc' dir='ltr'><em>καλὸν</em></span> <span class='ocrx_word' id='word_1_711' title='bbox 2606 3818 2711 3871; x_wconf 84' lang='grc' dir='ltr'><strong><em>ὑπὸ</em></strong></span> <span class='ocrx_word' id='word_1_712' title='bbox 2758 3818 2780 3849; x_wconf 84' lang='grc'><em>³</em></span> <span class='ocrx_word' id='word_1_713' title='bbox 2828 3818 3029 3889; x_wconf 73' lang='grc' dir='ltr'><em>χρυσοῦ</em></span> <span class='ocrx_word' id='word_1_714' title='bbox 3092 3818 3614 3888; x_wconf 78' lang='grc' dir='ltr'><em>κατεσκευασμένον,</em></span> <span class='ocrx_word' id='word_1_715' title='bbox 3651 3818 3680 3887; x_wconf 67' lang='grc' dir='ltr'><strong>ἢ</strong></span> 
     </span>
    </p>
   </div>
   <div class='ocr_carea' id='block_1_99' title="bbox 2119 3909 3681 3981">
    <p class='ocr_par' dir='ltr' id='par_1_99' title="bbox 2119 3909 3681 3981">
     <span class='ocr_line' id='line_1_99' title="bbox 2119 3909 3681 3981; baseline 0.001 -18"><span class='ocrx_word' id='word_1_716' title='bbox 2119 3911 2249 3981; x_wconf 78' lang='grc' dir='ltr'><em>ὕλης</em></span> <span class='ocrx_word' id='word_1_717' title='bbox 2272 3909 2461 3981; x_wconf 85' lang='grc' dir='ltr'><em>ἐτέρας</em></span> <span class='ocrx_word' id='word_1_718' title='bbox 2484 3909 2652 3980; x_wconf 81' lang='grc' dir='ltr'><em>αύτῷ,</em></span> <span class='ocrx_word' id='word_1_719' title='bbox 2686 3910 2780 3963; x_wconf 69' lang='grc' dir='ltr'><em>καὶ</em></span> <span class='ocrx_word' id='word_1_720' title='bbox 2804 3910 2981 3963; x_wconf 85' lang='grc' dir='ltr'><em>πάντα</em></span> <span class='ocrx_word' id='word_1_721' title='bbox 2998 3910 3066 3963; x_wconf 86' lang='grc' dir='ltr'><strong><em>τά</em></strong></span> <span class='ocrx_word' id='word_1_722' title='bbox 3097 3910 3232 3981; x_wconf 82' lang='grc' dir='ltr'><em>μέλη</em></span> <span class='ocrx_word' id='word_1_723' title='bbox 3263 3909 3591 3980; x_wconf 83' lang='grc' dir='ltr'><em>συμμέτρως</em></span> <span class='ocrx_word' id='word_1_724' title='bbox 3614 3910 3681 3965; x_wconf 76' lang='grc' dir='ltr'><strong><em>εἰς</em></strong></span> 
     </span>
    </p>
   </div>
   <div class='ocr_carea' id='block_1_100' title="bbox 2119 3999 3681 4073">
    <p class='ocr_par' dir='ltr' id='par_1_100' title="bbox 2119 3999 3681 4073">
     <span class='ocr_line' id='line_1_100' title="bbox 2119 3999 3681 4073; baseline -0.003 -17"><span class='ocrx_word' id='word_1_725' title='bbox 2119 4002 2313 4066; x_wconf 87' lang='grc' dir='ltr'><em>κάλλος</em></span> <span class='ocrx_word' id='word_1_726' title='bbox 2329 4000 2843 4073; x_wconf 84' lang='grc' dir='ltr'><em>διακεκοσμημένον,</em></span> <span class='ocrx_word' id='word_1_727' title='bbox 2861 4000 3022 4055; x_wconf 87' lang='grc' dir='ltr'><em>πάλιν</em></span> <span class='ocrx_word' id='word_1_728' title='bbox 3050 4000 3292 4070; x_wconf 84' lang='grc' dir='ltr'><em>χωνεύοι,</em></span> <span class='ocrx_word' id='word_1_729' title='bbox 3321 3999 3681 4069; x_wconf 74' lang='grc' dir='ltr'><em>λελωὸημένον</em></span> 
     </span>
    </p>
   </div>
   <div class='ocr_carea' id='block_1_101' title="bbox 2120 4092 3678 4163">
    <p class='ocr_par' dir='ltr' id='par_1_101' title="bbox 2120 4092 3678 4163">
     <span class='ocr_line' id='line_1_101' title="bbox 2120 4092 3678 4163; baseline -0.004 -15"><span class='ocrx_word' id='word_1_730' title='bbox 2120 4095 2271 4163; x_wconf 82' lang='grc' dir='ltr'><em>ἄφνω</em></span> <span class='ocrx_word' id='word_1_731' title='bbox 2314 4094 2647 4163; x_wconf 88' lang='grc' dir='ltr'><em>θεασάμενος</em></span> <span class='ocrx_word' id='word_1_732' title='bbox 2680 4093 2784 4146; x_wconf 87' lang='grc' dir='ltr'><em>ὑπό</em></span> <span class='ocrx_word' id='word_1_733' title='bbox 2810 4110 2953 4156; x_wconf 88' lang='grc' dir='ltr'><em>τινος</em></span> <span class='ocrx_word' id='word_1_734' title='bbox 2987 4092 3269 4161; x_wconf 81' lang='grc' dir='ltr'><em>ἀνθρώπου</em></span> <span class='ocrx_word' id='word_1_735' title='bbox 3304 4092 3678 4162; x_wconf 77' lang='grc' dir='ltr'><em>πονηροτάτου,</em></span> 
     </span>
    </p>
   </div>
   <div class='ocr_carea' id='block_1_102' title="bbox 2120 4178 3681 4255">
    <p class='ocr_par' dir='ltr' id='par_1_102' title="bbox 2120 4178 3681 4255">
     <span class='ocr_line' id='line_1_102' title="bbox 2120 4178 3681 4255; baseline -0.003 -18"><span class='ocrx_word' id='word_1_736' title='bbox 2120 4186 2199 4249; x_wconf 83' lang='grc' dir='ltr'><em>ὃς,</em></span> <span class='ocrx_word' id='word_1_737' title='bbox 2229 4186 2329 4239; x_wconf 78' lang='grc' dir='ltr'><em>οὐκ</em></span> <span class='ocrx_word' id='word_1_738' title='bbox 2379 4184 2617 4254; x_wconf 79' lang='grc' dir='ltr'><em>ἐνεγκὼν</em></span> <span class='ocrx_word' id='word_1_739' title='bbox 2677 4186 2782 4238; x_wconf 76' lang='grc' dir='ltr'><strong><em>ὑπὸ</em></strong></span> <span class='ocrx_word' id='word_1_740' title='bbox 2829 4185 3126 4255; x_wconf 81' lang='grc' dir='ltr'><em>βασκανίας</em></span> <span class='ocrx_word' id='word_1_741' title='bbox 3170 4184 3439 4253; x_wconf 75' lang='grc' dir='ltr'><em>εὐπρεπὲς</em></span> <span class='ocrx_word' id='word_1_742' title='bbox 3467 4178 3605 4237; x_wconf 74' lang='grc' dir='ltr'><em>εἶναι</em></span> <span class='ocrx_word' id='word_1_743' title='bbox 3632 4180 3681 4232; x_wconf 72' lang='grc' dir='ltr'><em>τὸ</em></span> 
     </span>
    </p>
   </div>
   <div class='ocr_carea' id='block_1_103' title="bbox 2124 4270 3679 4345">
    <p class='ocr_par' dir='ltr' id='par_1_103' title="bbox 2124 4270 3679 4345">
     <span class='ocr_line' id='line_1_103' title="bbox 2124 4270 3679 4345; baseline -0.002 -17"><span class='ocrx_word' id='word_1_744' title='bbox 2124 4276 2364 4345; x_wconf 85' lang='grc' dir='ltr'><em>ἄγαλμα,</em></span> <span class='ocrx_word' id='word_1_745' title='bbox 2396 4276 2631 4340; x_wconf 85' lang='grc' dir='ltr'><em>ἐσίνατο,</em></span> <span class='ocrx_word' id='word_1_746' title='bbox 2683 4276 2920 4345; x_wconf 84' lang='grc' dir='ltr'><em>ματαίαν</em></span> <span class='ocrx_word' id='word_1_747' title='bbox 2954 4275 3143 4345; x_wconf 80' lang='grc' dir='ltr'><em>ἡδονὴν</em></span> <span class='ocrx_word' id='word_1_748' title='bbox 3186 4274 3568 4344; x_wconf 75' lang='grc' dir='ltr'><em>καρπούμενος</em></span> <span class='ocrx_word' id='word_1_749' title='bbox 3600 4270 3679 4326; x_wconf 75' lang='grc' dir='ltr'><em>τοῦ</em></span> 
     </span>
    </p>
   </div>
   <div class='ocr_carea' id='block_1_104' title="bbox 2054 4365 3679 4446">
    <p class='ocr_par' dir='ltr' id='par_1_104' title="bbox 2054 4365 3679 4446">
     <span class='ocr_line' id='line_1_104' title="bbox 2054 4365 3679 4446; baseline -0.001 -27"><span class='ocrx_word' id='word_1_750' title='bbox 2054 4393 2096 4446; x_wconf 76' lang='grc' dir='ltr'>υ</span> <span class='ocrx_word' id='word_1_751' title='bbox 2126 4367 2337 4435; x_wconf 83' lang='grc' dir='ltr'><em>φθόνου.</em></span> <span class='ocrx_word' id='word_1_752' title='bbox 2372 4366 2615 4437; x_wconf 87' lang='grc' dir='ltr'><em>Πρόσχες</em></span> <span class='ocrx_word' id='word_1_753' title='bbox 2639 4366 2767 4437; x_wconf 81' lang='grc' dir='ltr'><em>γάρ,</em></span> <span class='ocrx_word' id='word_1_754' title='bbox 2808 4365 2853 4420; x_wconf 82' lang='grc' dir='ltr'><strong>ὦ</strong></span> <span class='ocrx_word' id='word_1_755' title='bbox 2886 4366 3163 4435; x_wconf 78' lang='grc' dir='ltr'><em>σοφώτατε</em></span> <span class='ocrx_word' id='word_1_756' title='bbox 3211 4365 3545 4434; x_wconf 78' lang='grc' dir='ltr'><em>Ἀγλαοφῶν,</em></span> <span class='ocrx_word' id='word_1_757' title='bbox 3590 4366 3679 4427; x_wconf 78' lang='grc' dir='ltr'><em>ὅτι,</em></span> 
     </span>
    </p>
   </div>
   <div class='ocr_carea' id='block_1_105' title="bbox 2125 4453 3679 4529">
    <p class='ocr_par' dir='ltr' id='par_1_105' title="bbox 2125 4453 3679 4529">
     <span class='ocr_line' id='line_1_105' title="bbox 2125 4453 3679 4529; baseline -0.001 -18"><span class='ocrx_word' id='word_1_758' title='bbox 2125 4460 2173 4511; x_wconf 87' lang='grc' dir='ltr'><strong><em>εί</em></strong></span> <span class='ocrx_word' id='word_1_759' title='bbox 2208 4457 2447 4528; x_wconf 86' lang='grc' dir='ltr'><em>βούλοιτο</em></span> <span class='ocrx_word' id='word_1_760' title='bbox 2493 4458 2567 4529; x_wconf 81' lang='grc' dir='ltr'><em>μὴ</em></span> <span class='ocrx_word' id='word_1_761' title='bbox 2609 4453 2746 4512; x_wconf 78' lang='grc' dir='ltr'><em>εἶναι</em></span> <span class='ocrx_word' id='word_1_762' title='bbox 2773 4457 3129 4529; x_wconf 87' lang='grc' dir='ltr'><em>σεσινωμένον</em></span> <span class='ocrx_word' id='word_1_763' title='bbox 3159 4457 3293 4520; x_wconf 77' lang='grc' dir='ltr'><em>ὅλως</em></span> <span class='ocrx_word' id='word_1_764' title='bbox 3317 4460 3346 4510; x_wconf 82' lang='grc' dir='ltr'><strong><em>ό</em></strong></span> <span class='ocrx_word' id='word_1_765' title='bbox 3368 4457 3679 4527; x_wconf 70' lang='grc' dir='ltr'><em>δημιουργὸς</em></span> 
     </span>
    </p>
   </div>
   <div class='ocr_carea' id='block_1_106' title="bbox 2127 4547 3678 4620">
    <p class='ocr_par' dir='ltr' id='par_1_106' title="bbox 2127 4547 3678 4620">
     <span class='ocr_line' id='line_1_106' title="bbox 2127 4547 3678 4620; baseline -0.002 -19"><span class='ocrx_word' id='word_1_766' title='bbox 2127 4550 2221 4602; x_wconf 74' lang='grc' dir='ltr'><em>καὶ</em></span> <span class='ocrx_word' id='word_1_767' title='bbox 2251 4548 2449 4617; x_wconf 75' lang='grc' dir='ltr'><em>ψεκτὸν</em></span> <span class='ocrx_word' id='word_1_768' title='bbox 2479 4549 2539 4601; x_wconf 86' lang='grc' dir='ltr'><em>τὸ</em></span> <span class='ocrx_word' id='word_1_769' title='bbox 2568 4549 2706 4620; x_wconf 83' lang='grc' dir='ltr'><em>μετά</em></span> <span class='ocrx_word' id='word_1_770' title='bbox 2742 4548 3012 4619; x_wconf 82' lang='grc' dir='ltr'><em>τοσαύτης</em></span> <span class='ocrx_word' id='word_1_771' title='bbox 3059 4547 3206 4617; x_wconf 76' lang='grc' dir='ltr'><strong><em>αὐτῷ</em></strong></span> <span class='ocrx_word' id='word_1_772' title='bbox 3243 4548 3477 4617; x_wconf 83' lang='grc' dir='ltr'><em>σπουδῆς</em></span> <span class='ocrx_word' id='word_1_773' title='bbox 3506 4566 3563 4601; x_wconf 88' lang='grc' dir='ltr'><strong><em>τε</em></strong></span> <span class='ocrx_word' id='word_1_774' title='bbox 3604 4548 3678 4601; x_wconf 62' lang='grc' dir='ltr'><em>καὶ</em></span> 
     </span>
    </p>
   </div>
   <div class='ocr_carea' id='block_1_107' title="bbox 2132 4639 3677 4711">
    <p class='ocr_par' dir='ltr' id='par_1_107' title="bbox 2132 4639 3677 4711">
     <span class='ocr_line' id='line_1_107' title="bbox 2132 4639 3677 4711; baseline 0 -20"><span class='ocrx_word' id='word_1_775' title='bbox 2132 4639 2406 4711; x_wconf 86' lang='grc' dir='ltr'><em>φροντίδος</em></span> <span class='ocrx_word' id='word_1_776' title='bbox 2440 4640 2835 4711; x_wconf 79' lang='grc' dir='ltr'><em>πεπονημένον,</em></span> <span class='ocrx_word' id='word_1_777' title='bbox 2877 4640 3036 4695; x_wconf 84' lang='grc' dir='ltr'><em>πάλιν</em></span> <span class='ocrx_word' id='word_1_778' title='bbox 3065 4642 3533 4711; x_wconf 83' lang='grc' dir='ltr'><em>προτραπήσεται,</em></span> <span class='ocrx_word' id='word_1_779' title='bbox 3566 4655 3677 4706; x_wconf 78' lang='grc' dir='ltr'><em>συγ-</em></span> 
     </span>
    </p>
   </div>
   <div class='ocr_carea' id='block_1_108' title="bbox 2132 4726 3678 4803">
    <p class='ocr_par' dir='ltr' id='par_1_108' title="bbox 2132 4726 3678 4803">
     <span class='ocr_line' id='line_1_108' title="bbox 2132 4726 3678 4803; baseline -0.002 -19"><span class='ocrx_word' id='word_1_780' title='bbox 2132 4730 2408 4801; x_wconf 88' lang='grc' dir='ltr'><em>χωνεύσας</em></span> <span class='ocrx_word' id='word_1_781' title='bbox 2440 4731 2590 4795; x_wconf 78' lang='grc' dir='ltr'><em>αὐτὸ,</em></span> <span class='ocrx_word' id='word_1_782' title='bbox 2625 4732 2863 4785; x_wconf 78' lang='grc' dir='ltr'><em>τοιοῦτον</em></span> <span class='ocrx_word' id='word_1_783' title='bbox 2886 4736 3078 4796; x_wconf 85' lang='grc' dir='ltr'><em>ποιεῖν,</em></span> <span class='ocrx_word' id='word_1_784' title='bbox 3106 4726 3217 4786; x_wconf 75' lang='grc' dir='ltr'><em>οἷον</em></span> <span class='ocrx_word' id='word_1_785' title='bbox 3237 4733 3332 4785; x_wconf 81' lang='grc' dir='ltr'><em>καὶ</em></span> <span class='ocrx_word' id='word_1_786' title='bbox 3353 4732 3586 4803; x_wconf 79' lang='grc' dir='ltr'><em>πρόσθεν</em></span> <span class='ocrx_word' id='word_1_787' title='bbox 3605 4728 3678 4801; x_wconf 75' lang='grc' dir='ltr'><strong><em>ἦν.</em></strong></span> 
     </span>
    </p>
   </div>
   <div class='ocr_carea' id='block_1_109' title="bbox 2132 4822 3678 4894">
    <p class='ocr_par' dir='ltr' id='par_1_109' title="bbox 2132 4822 3678 4894">
     <span class='ocr_line' id='line_1_109' title="bbox 2132 4822 3678 4894; baseline -0.003 -18"><span class='ocrx_word' id='word_1_788' title='bbox 2132 4823 2195 4876; x_wconf 83' lang='grc' dir='ltr'><strong>Εἰ</strong></span> <span class='ocrx_word' id='word_1_789' title='bbox 2221 4822 2277 4875; x_wconf 88' lang='grc' dir='ltr'><em>δὲ</em></span> <span class='ocrx_word' id='word_1_790' title='bbox 2301 4822 2375 4893; x_wconf 84' lang='grc' dir='ltr'><em>μὴ</em></span> <span class='ocrx_word' id='word_1_791' title='bbox 2406 4823 2754 4891; x_wconf 82' lang='grc' dir='ltr'><em>ἀναχωνεύοι,</em></span> <span class='ocrx_word' id='word_1_792' title='bbox 2786 4822 2917 4893; x_wconf 85' lang='grc' dir='ltr'><em>μηδὲ</em></span> <span class='ocrx_word' id='word_1_793' title='bbox 2968 4823 3286 4890; x_wconf 76' lang='grc' dir='ltr'><em>ἀναγκάζοι,</em></span> <span class='ocrx_word' id='word_1_794' title='bbox 3312 4825 3377 4894; x_wconf 79' lang='grc' dir='ltr'><em>ἐᾷ</em></span> <span class='ocrx_word' id='word_1_795' title='bbox 3406 4823 3465 4875; x_wconf 78' lang='grc' dir='ltr'><em>δὲ</em></span> <span class='ocrx_word' id='word_1_796' title='bbox 3495 4824 3678 4893; x_wconf 79' lang='grc' dir='ltr'><em>μένειν,</em></span> 
     </span>
    </p>
   </div>
   <div class='ocr_carea' id='block_1_110' title="bbox 2130 4908 3675 4981">
    <p class='ocr_par' dir='ltr' id='par_1_110' title="bbox 2130 4908 3675 4981">
     <span class='ocr_line' id='line_1_110' title="bbox 2130 4908 3675 4981; baseline -0.001 -17"><span class='ocrx_word' id='word_1_797' title='bbox 2130 4909 2447 4981; x_wconf 85' lang='grc' dir='ltr'><em>θεραπεύων</em></span> <span class='ocrx_word' id='word_1_798' title='bbox 2498 4910 2627 4962; x_wconf 79' lang='grc' dir='ltr'><strong><em>αὑτὸ</em></strong></span> <span class='ocrx_word' id='word_1_799' title='bbox 2663 4910 2758 4963; x_wconf 58' lang='grc' dir='ltr'><strong><em>καὶ¹</em></strong></span> <span class='ocrx_word' id='word_1_800' title='bbox 2820 4910 3318 4981; x_wconf 85' lang='grc' dir='ltr'><em>ἐπανορθούμενος,</em></span> <span class='ocrx_word' id='word_1_801' title='bbox 3369 4912 3583 4980; x_wconf 80' lang='grc' dir='ltr'><em>ἀνάγκη</em></span> <span class='ocrx_word' id='word_1_802' title='bbox 3628 4908 3675 4963; x_wconf 68' lang='grc' dir='ltr'><em>δὲ</em></span> 
     </span>
    </p>
   </div>
   <div class='ocr_carea' id='block_1_111' title="bbox 2131 5002 3677 5074">
    <p class='ocr_par' dir='ltr' id='par_1_111' title="bbox 2131 5002 3677 5074">
     <span class='ocr_line' id='line_1_111' title="bbox 2131 5002 3677 5074; baseline -0.002 -19"><span class='ocrx_word' id='word_1_803' title='bbox 2131 5002 2597 5073; x_wconf 85' lang='grc' dir='ltr'><em>πυρακτούμενον,</em></span> <span class='ocrx_word' id='word_1_804' title='bbox 2633 5004 2727 5055; x_wconf 62' lang='grc' dir='ltr'><strong><em>καὶ⁹</em></strong></span> <span class='ocrx_word' id='word_1_805' title='bbox 2753 5003 3142 5073; x_wconf 86' lang='grc' dir='ltr'><em>χαλκευόμενον</em></span> <span class='ocrx_word' id='word_1_806' title='bbox 3174 5004 3234 5055; x_wconf 83' lang='grc' dir='ltr'><em>τὸ</em></span> <span class='ocrx_word' id='word_1_807' title='bbox 3253 5002 3475 5071; x_wconf 76' lang='grc' dir='ltr'><em>ἄγαλμα</em></span> <span class='ocrx_word' id='word_1_808' title='bbox 3508 5002 3677 5074; x_wconf 71' lang='grc' dir='ltr'><em>μηκέτι</em></span> 
     </span>
    </p>
   </div>
   <div class='ocr_carea' id='block_1_112' title="bbox 2130 5093 3675 5165">
    <p class='ocr_par' dir='ltr' id='par_1_112' title="bbox 2130 5093 3675 5165">
     <span class='ocr_line' id='line_1_112' title="bbox 2130 5093 3675 5165; baseline -0.003 -20"><span class='ocrx_word' id='word_1_809' title='bbox 2130 5093 2387 5146; x_wconf 89' lang='grc' dir='ltr'><em>δύνασθαι</em></span> <span class='ocrx_word' id='word_1_810' title='bbox 2426 5093 2813 5163; x_wconf 65' lang='grc' dir='ltr'><em>δωτηρηθῆναι</em></span> <span class='ocrx_word' id='word_1_811' title='bbox 2856 5094 2917 5146; x_wconf 85' lang='grc' dir='ltr'><em>τὸ</em></span> <span class='ocrx_word' id='word_1_812' title='bbox 2953 5094 3102 5157; x_wconf 85' lang='grc' dir='ltr'><em>αὐτὸ,</em></span> <span class='ocrx_word' id='word_1_813' title='bbox 3149 5094 3283 5148; x_wconf 84' lang='grc' dir='ltr'><em>ἀλλά</em></span> <span class='ocrx_word' id='word_1_814' title='bbox 3311 5094 3675 5165; x_wconf 60' lang='grc' dir='ltr'><em>διηλλαγμένοι</em></span> 
     </span>
    </p>
   </div>
   <div class='ocr_carea' id='block_1_113' title="bbox 2131 5183 3676 5255">
    <p class='ocr_par' dir='ltr' id='par_1_113' title="bbox 2131 5183 3676 5255">
     <span class='ocr_line' id='line_1_113' title="bbox 2131 5183 3676 5255; baseline -0.001 -19"><span class='ocrx_word' id='word_1_815' title='bbox 2131 5183 2346 5236; x_wconf 75' lang='grc' dir='ltr'><em>ἔσεσθαι</em></span> <span class='ocrx_word' id='word_1_816' title='bbox 2397 5186 2492 5237; x_wconf 79' lang='grc' dir='ltr'><em>καὶ</em></span> <span class='ocrx_word' id='word_1_817' title='bbox 2546 5185 2983 5255; x_wconf 84' lang='grc' dir='ltr'><em>ύπεσπασμένον.</em></span> <span class='ocrx_word' id='word_1_818' title='bbox 3037 5186 3134 5238; x_wconf 84' lang='grc' dir='ltr'><em>Διά</em></span> <span class='ocrx_word' id='word_1_819' title='bbox 3166 5186 3340 5250; x_wconf 80' lang='grc' dir='ltr'><em>τοῦτο,</em></span> <span class='ocrx_word' id='word_1_820' title='bbox 3374 5188 3424 5238; x_wconf 82' lang='grc' dir='ltr'><em>εἰ</em></span> <span class='ocrx_word' id='word_1_821' title='bbox 3466 5185 3676 5255; x_wconf 71' lang='grc' dir='ltr'><em>βούλοιτν</em></span> 
     </span>
    </p>
   </div>
   <div class='ocr_carea' id='block_1_114' title="bbox 2135 5274 3677 5349">
    <p class='ocr_par' dir='ltr' id='par_1_114' title="bbox 2135 5274 3677 5349">
     <span class='ocr_line' id='line_1_114' title="bbox 2135 5274 3677 5349; baseline -0.001 -20"><span class='ocrx_word' id='word_1_822' title='bbox 2135 5276 2297 5329; x_wconf 74' lang='grc' dir='ltr'><em>καλὸν</em></span> <span class='ocrx_word' id='word_1_823' title='bbox 2335 5276 2466 5329; x_wconf 82' lang='grc' dir='ltr'><em>αὐτὸ</em></span> <span class='ocrx_word' id='word_1_824' title='bbox 2510 5276 2603 5329; x_wconf 71' lang='grc' dir='ltr'><em>καὶ</em></span> <span class='ocrx_word' id='word_1_825' title='bbox 2640 5276 2869 5347; x_wconf 79' lang='grc' dir='ltr'><em>ἄμωμον</em></span> <span class='ocrx_word' id='word_1_826' title='bbox 2910 5274 3131 5331; x_wconf 76' lang='grc' dir='ltr'><em>εἶναιτὸ</em></span> <span class='ocrx_word' id='word_1_827' title='bbox 3158 5278 3339 5349; x_wconf 79' lang='grc' dir='ltr'><em>ἔργον,</em></span> <span class='ocrx_word' id='word_1_828' title='bbox 3370 5278 3677 5330; x_wconf 66' lang='grc' dir='ltr'><em>ἀναθλᾶσθα»</em></span> 
     </span>
    </p>
   </div>
   <div class='ocr_carea' id='block_1_115' title="bbox 2136 5367 3682 5438">
    <p class='ocr_par' dir='ltr' id='par_1_115' title="bbox 2136 5367 3682 5438">
     <span class='ocr_line' id='line_1_115' title="bbox 2136 5367 3682 5438; baseline -0.002 -19"><span class='ocrx_word' id='word_1_829' title='bbox 2136 5367 2397 5430; x_wconf 54' lang='grc' dir='ltr'><em>αὐτοίκαὶ</em></span> <span class='ocrx_word' id='word_1_830' title='bbox 2417 5368 2847 5437; x_wconf 85' lang='grc' dir='ltr'><em>ἀναχωνεύεσθαι</em></span> <span class='ocrx_word' id='word_1_831' title='bbox 2880 5369 2979 5433; x_wconf 85' lang='grc' dir='ltr'><em>δεῖ,</em></span> <span class='ocrx_word' id='word_1_832' title='bbox 3005 5370 3152 5432; x_wconf 82' lang='grc' dir='ltr'><em>ὅπως</em></span> <span class='ocrx_word' id='word_1_833' title='bbox 3175 5367 3243 5421; x_wconf 75' lang='grc' dir='ltr'><strong><em>τά</em></strong></span> <span class='ocrx_word' id='word_1_834' title='bbox 3278 5368 3378 5438; x_wconf 82' lang='grc' dir='ltr'><strong><em>μὲν</em></strong></span> <span class='ocrx_word' id='word_1_835' title='bbox 3398 5367 3531 5437; x_wconf 72' lang='grc' dir='ltr'><em>ἔσχη</em></span> <span class='ocrx_word' id='word_1_836' title='bbox 3555 5369 3575 5397; x_wconf 73' lang='grc'><strong><em>⁵</em></strong></span> <span class='ocrx_word' id='word_1_837' title='bbox 3610 5368 3682 5417; x_wconf 74' lang='grc' dir='ltr'><em>καὶ</em></span> 
     </span>
    </p>
   </div>
   <div class='ocr_carea' id='block_1_116' title="bbox 2136 5455 3667 5531">
    <p class='ocr_par' dir='ltr' id='par_1_116' title="bbox 2136 5455 3667 5531">
     <span class='ocr_line' id='line_1_116' title="bbox 2136 5455 3667 5531; baseline -0.001 -19"><span class='ocrx_word' id='word_1_838' title='bbox 2136 5459 2203 5512; x_wconf 82' lang='grc' dir='ltr'><em>τὰ</em></span> <span class='ocrx_word' id='word_1_839' title='bbox 2234 5458 2575 5529; x_wconf 81' lang='grc' dir='ltr'><em>ἀλλοιώματα</em></span> <span class='ocrx_word' id='word_1_840' title='bbox 2592 5460 2767 5515; x_wconf 86' lang='grc' dir='ltr'><em>πάντα</em></span> <span class='ocrx_word' id='word_1_841' title='bbox 2791 5460 2859 5515; x_wconf 82' lang='grc' dir='ltr'><em>τὰ</em></span> <span class='ocrx_word' id='word_1_842' title='bbox 2881 5460 2939 5525; x_wconf 85' lang='grc' dir='ltr'><em>ἐξ</em></span> <span class='ocrx_word' id='word_1_843' title='bbox 2962 5460 3251 5530; x_wconf 72' lang='grc' dir='ltr'><em>ἐπιϐουλῆς</em></span> <span class='ocrx_word' id='word_1_844' title='bbox 3271 5459 3423 5531; x_wconf 84' lang='grc' dir='ltr'><strong><em>αὐτῷ</em></strong></span> <span class='ocrx_word' id='word_1_845' title='bbox 3449 5460 3545 5513; x_wconf 72' lang='grc' dir='ltr'><em>καὶ</em></span> <span class='ocrx_word' id='word_1_846' title='bbox 3573 5455 3667 5529; x_wconf 56' lang='lat' dir='ltr'><strong><em>qi“</em></strong></span> 
     </span>
    </p>
   </div>
   <div class='ocr_carea' id='block_1_117' title="bbox 534 5578 2013 5687">
    <p class='ocr_par' dir='ltr' id='par_1_117' title="bbox 534 5578 2009 5684">
     <span class='ocr_line' id='line_1_117' title="bbox 534 5578 2009 5684; baseline 0 -17"><span class='ocrx_word' id='word_1_847' title='bbox 534 5611 739 5677; x_wconf 69' lang='lat' dir='ltr'><strong><em>‘Bom.</em></strong></span> <span class='ocrx_word' id='word_1_848' title='bbox 778 5630 869 5674; x_wconf 83' lang='grc' dir='ltr'><em>νιι.</em></span> <span class='ocrx_word' id='word_1_849' title='bbox 908 5613 1084 5684; x_wconf 71' lang='grc' dir='ltr'><em>ιδ-εο.</em></span> <span class='ocrx_word' id='word_1_850' title='bbox 1165 5617 1182 5645; x_wconf 76' lang='grc' dir='ltr'><strong><em>ι</em></strong></span> <span class='ocrx_word' id='word_1_851' title='bbox 1216 5578 1579 5673; x_wconf 47' lang='lat' dir='ltr'><strong><em>images.</em></strong></span> <span class='ocrx_word' id='word_1_852' title='bbox 1661 5617 1678 5647; x_wconf 82' lang='grc' dir='ltr'><strong><em>ι</em></strong></span> <span class='ocrx_word' id='word_1_853' title='bbox 1715 5616 1836 5670; x_wconf 81' lang='lat' dir='ltr'><strong><em>Cor.</em></strong></span> <span class='ocrx_word' id='word_1_854' title='bbox 1904 5615 2009 5669; x_wconf 81' lang='grc' dir='ltr'><em>ἀπό</em></span> 
     </span>
    </p>
   </div>
   <div class='ocr_carea' id='block_1_118' title="bbox 2118 5578 2524 5687">
    <p class='ocr_par' dir='ltr' id='par_1_118' title="bbox 2118 5616 2524 5687">
     <span class='ocr_line' id='line_1_118' title="bbox 2118 5616 2524 5687; baseline -0.005 -16"><span class='ocrx_word' id='word_1_855' title='bbox 2118 5625 2127 5647; x_wconf 57' lang='grc' dir='ltr'><strong>ι</strong></span> <span class='ocrx_word' id='word_1_856' title='bbox 2155 5616 2251 5671; x_wconf 75' lang='lat' dir='ltr'><strong><em>Cor</em></strong></span> <span class='ocrx_word' id='word_1_857' title='bbox 2268 5657 2279 5668; x_wconf 93' lang='lat'><strong><em>.</em></strong></span> <span class='ocrx_word' id='word_1_858' title='bbox 2342 5618 2524 5687; x_wconf 79' lang='grc' dir='ltr'><em>αίσχη.</em></span> 
     </span>
    </p>
   </div>
  </div>
