3822 6302
86 261 220 319 IIIS

768 261 1136 319 ADVERSUS
1173 262 1517 320 IIA‘IRESES
1552 261 1681 320 LIB.
1723 261 1788 319 II.
1829 261 1992 321 ΤΟΜ.
2038 263 2078 319 1.
2118 297 2188 308 -
2224 264 2502 322 IIA'SRES.
2544 264 2731 322 LXIV.

3230 261 3367 322 III".

84 393 174 428 νου
197 376 540 450 ὑπάρξαντα.
563 376 704 432 αύτά
727 378 828 450 μὲν
853 379 941 433 διὰ
962 380 1060 451 τῆς
1091 381 1400 450 ἀνασκευῆς
1433 381 1528 435 καὶ
1553 381 1666 435 ἀνα·

1795 381 2124 452 conﬁarique
2151 389 2348 437 iterum
2396 388 2636 451 Oportet,
2678 387 2738 436 ut
2778 380 3044 452 quidquid
3076 378 3370 434 malevolo—

85 469 403 539 χωνεύσεως
417 470 794 543 ἀπόληται,τὸ
813 471 871 525 δὲ
893 475 974 537 εἰς
1003 472 1063 526 τὸ
1097 473 1292 527 ἑαυτοῦ
1321 469 1461 534 εἷδος
1491 475 1666 538 ἀσινὲς

1795 490 1898 528 'nm
1931 474 2122 529 fraude
2157 481 2320 544 atque
2347 472 2547 526 invidia
2569 472 2929 542 turpitudinis
2953 486 3018 526 ac
3043 471 3156 525 vitii
3187 481 3270 524 est
3292 469 3370 523 al-

85 559 175 610 καὶ
206 558 504 627 ἀκίϐδηλον
532 556 691 626 αὖθις
715 559 938 632 ἄγαλμα
964 563 1280 636 ὁμοιότατον
1324 563 1475 636 αὐτῷ
1496 581 1667 618 κατα-

86 651 384 722 σκευασθῇ.
403 651 494 723 Τῷ
528 652 628 722 μὲν
657 653 766 724 γὰρ
794 654 1073 726 ἀγάλματι
1105 635 1403 709 ἀῖπολέσθαι
1430 657 1534 709 οὐκ
1561 656 1677 710 ἔστι

86 740 274 815 [κατὰ]
312 743 392 813 τῷ
417 744 568 814 αὐτῷ
603 746 850 817 τεχνίτῃ,
884 746 989 801 κᾶν
1033 747 1196 801 πάλιν
1222 749 1302 811 εἰς
1333 747 1466 818 ὕλην
1503 747 1637 820 λυθῇ
1659 764 1675 782 ο

84 833 602 906 ἀποκατασταθῆναι
637 837 694 890 δὲ
719 836 856 893 ἐστι.
892 839 1018 902 Τοῖς
1042 839 1258 910 αἴσχεσι
1296 841 1391 893 καὶ
1415 840 1563 911 λω6ή
1573 857 1679 911 μα-

85 942 168 978 σιν
218 926 520 981 ἀπολέσθαι
572 930 671 1000 μὲν
728 930 869 994 ἔστι,
923 933 1184 1002 τήκονται
1217 932 1360 1004 γάρ·
1393 934 1676 987 ἀποκατα-

86 1019 349 1089 σταθῆναι
377 1020 436 1074 δὲ
465 1021 566 1074 οὐκ
607 1021 744 1087 ἐστι,
769 1023 858 1077 διὰ
894 1024 955 1077 τὸ
989 1026 1046 1078 ἐν
1074 1025 1226 1098 πάσῃ
1247 1025 1409 1097 τέχνῃ
1437 1026 1529 1079 τὸν
1555 1026 1679 1097 ἄρι-

84 1126 204 1163 στον
231 1112 570 1185 δημιουργὸν
599 1113 676 1184 μὴ
732 1114 869 1184 πρὸς
893 1116 955 1169 τὸ
989 1116 1201 1186 αἴσχιον
1232 1117 1264 1188 ἢ
1293 1117 1680 1188 ὲπιτευχθησό-

85 1218 244 1271 μενον
281 1205 438 1274 ρρᾷν,
479 1204 616 1258 ἀλλά
657 1206 794 1277 πρὸς
824 1196 894 1260 τὸ
923 1207 1236 1279 σύμμετρον
1266 1208 1362 1263 καὶ
1399 1210 1554 1274 εύθὲς
1581 1209 1675 1262 τού

81 1294 140 1365 δη
151 1314 277 1365 μιου
284 1314 418 1366 ργου
426 1298 611 1369 μένου.

1777 566 1968 628 latum,
1993 566 2393 622 instauratione
2420 580 2483 620 ac
2526 563 2851 619 conﬁatione
2903 564 3147 617 tollatur.
3193 561 3372 617 Simu-

1778 660 1986 714 lacrum
2012 673 2173 728 porro
2208 659 2388 729 ipsum
2415 658 2686 728 integrum
2719 666 2772 712 et
2806 657 3035 712 illaesum
3055 657 3234 711 denuo
3265 655 3368 710 sibi

1781 763 1943 818 quam
1993 748 2332 803 simillimum
2381 747 2658 802 reddatur.
2711 746 2790 801 Ita
2833 747 2978 802 enim
3017 755 3212 802 statua:
3261 746 3368 815 ipsi

1780 841 2030 911 contigit,
2066 856 2173 895 non
2207 851 2266 894 ut
2294 840 2488 894 artiﬁci
2519 855 2620 896 suo
2647 847 2856 908 pereat,
2892 839 3108 894 tametsi
3139 839 3192 893 in
3213 854 3369 894 suam

1785 933 2068 987 materiem
2115 933 2390 998 solvatur;
2419 931 2514 987 sed
2551 931 2688 985 utin
2715 931 2985 1000 integrum
3011 929 3367 996 restituatur;

1784 1023 1936 1079 labes
1969 1031 2151 1079 autem
2207 1039 2400 1079 omnes
2439 1038 2502 1078 ac
2562 1022 2839 1078 foeditates
2871 1037 2994 1076 cum
3047 1022 3164 1092 ipsa
3214 1021 3370 1076 colli-

1783 1117 2046 1186 quatione
2079 1123 2329 1185 pereant,
2372 1130 2480 1169 non
2508 1115 2742 1185 amplius
2786 1114 3014 1168 redeunt
3047 1123 3371 1183 :propterea

1782 1210 1930 1280 quod
1962 1209 2018 1277 in
2057 1208 2206 1263 omni
2261 1216 2378 1262 arte
2405 1208 2895 1278 praestantissimus
2929 1205 3106 1276 opifex
3159 1221 3266 1258 non
3319 1204 3372 1258 id

1785 1300 1929 1370 quod
1955 1300 2011 1354 in
2039 1314 2206 1369 opere
2235 1313 2336 1352 suo
2364 1296 2721 1368 turpitudinis
2743 1305 2795 1351 et
2822 1294 3142 1350 offensionis
3165 1291 3370 1362 aliquid

82 1393 302 1459 habeat,
337 1395 433 1450 sed
465 1396 614 1465 quod
649 1397 936 1467 aptissime
970 1397 1311 1452 modulatum
1356 1399 1673 1471 alfabreque
1708 1399 1910 1453 factum
1937 1405 2040 1462 est,
2076 1395 2178 1452 sibi
2211 1401 2512 1465 proponat.

148 1487 366 1542 Ταυτὸν
410 1489 521 1561 γὰρ
542 1490 796 1560 φαίνεται
825 1492 884 1545 δέ
918 1510 1008 1563 μοι
1039 1495 1134 1547 καὶ
1178 1495 1264 1564 ἐφ’
1311 1495 1469 1566 ἡμῶν
1497 1497 1524 1548 6
1545 1495 1680 1560 Θεὸς

83 1578 253 1644 οὕτως
279 1580 768 1654 διῳκονομηκέναι.
800 1585 903 1638 Τὺν
934 1587 1042 1660 γὰρ
1070 1587 1356 1659 ἄνθρωπον
1391 1587 1457 1640 τὸ
1485 1588 1680 1659 εὐπρε-

85 1669 352 1723 πέστατον
386 1672 581 1725 ἑαυτοῦ
604 1674 872 1745 τέχνημα,
893 1675 1186 1745 βασκάνοις
1215 1677 1551 1742 ἐπιϐουλαῖς,
1585 1680 1678 1732 καὶ

83 1761 262 1832 φθόνῳ
276 1765 666 1835 κεκακωμένον
689 1765 834 1832 ἰδὼν,
857 1768 957 1821 οὐκ
977 1768 1236 1838 ἠνέσχετο
1253 1769 1493 1823 τοιοῦτον
1508 1787 1677 1822 κατα-

81 1854 266 1924 λεῖψαι
297 1856 687 1926 φιλάνθρωπος
728 1859 824 1922 ὢν,
863 1861 1012 1923 ὅπως
1042 1859 1115 1932 μὴ
1143 1860 1210 1912 δι’
1234 1860 1430 1924 αἰῶνος
1466 1860 1550 1932 εἴη
1581 1877 1678 1930 με-

83 1947 442 2018 μωμημένος,
496 1949 764 2004 ἀθάνατον
811 1951 949 2023 ἔχων
994 1953 1054 2005 ὲν
1113 1951 1292 2022 ἐαυτῷ
1334 1952 1426 2006 τὸν
1472 1952 1674 2022 ψόγον·

80 2041 215 2094 ἀλλά
269 2041 519 2097 διέλυσεν
567 2046 649 2108 εἰς
685 2043 818 2115 ὕλην
849 2045 1033 2108 πάλιν,
1068 2046 1154 2098 ἵνα
1192 2045 1280 2098 διὰ
1307 2047 1406 2117 τῆς
1431 2046 1678 2100 ἀναπλά-

81 2148 220 2196 σεως
248 2134 546 2197 ὲκτακῶσι,
574 2136 669 2189 καὶ
699 2135 1102 2206 ὲξαφανισθῶσι
1133 2138 1309 2192 πάντα
1341 2138 1410 2190 τὰ
1433 2139 1489 2191 ἐν
1527 2137 1678 2209 αὐτῷ

82 2224 428 2294 μωμήματα.
492 2227 566 2278 Τὸ
609 2227 721 2298 γὰρ
775 2229 891 2280 ἐκεῖ
951 2227 1392 2298 ἀναχωνευθῆναι
1437 2228 1530 2282 τὸν
1581 2229 1676 2282 ἀν-

78 2315 326 2386 δριάντα,
356 2316 518 2370 τοῦτο
539 2318 601 2371 τὸ
626 2319 865 2373 ἐνταῦθα
894 2319 1210 2388 ἀποθανεῖν,
1240 2322 1336 2374 καὶ
1364 2320 1678 2391 διαλυθῆναι

78 2407 136 2459 τὸ
170 2406 335 2478 σῶμα
363 2425 377 2438 ⁸
414 2409 476 2461 τὸ
511 2409 570 2463 δὲ
620 2410 737 2464 ἐκεῖ
761 2411 1361 2484 ἀναμορφωποιηθῆναι
1388 2412 1486 2484 τὴν
1523 2411 1674 2483 ὕλην,

78 2497 743 2572 ἢάνακοσμοποιηθῆναι,
790 2501 950 2555 τοῦτο
986 2497 1220 2557 ἐνταῦθα
1259 2503 1397 2575 μετὰ
1438 2503 1498 2557 τὸ
1541 2505 1679 2557 ἀπο-

79 2589 263 2643 θανεῖν
293 2590 680 2661 τὸάναστῆναι
704 2610 720 2624 ⁸
753 2593 944 2667 ὥσπερ
984 2595 1078 2648 καὶ
1109 2595 1138 2648 6
1175 2578 1464 2668 προφήτης
1513 2597 1678 2669 Ἱερε-
1711 2653 1716 2657 _

82 2683 235 2753 μίας.
256 2684 481 2750 Τούτοις
511 2685 620 2758 γὰρ
670 2687 771 2759 ἤδη
823 2688 918 2742 καὶ
942 2687 1104 2752 αὐτὸς
1137 2681 1239 2742 ὧδε
1273 2689 1446 2743 ταῦτα
1477 2708 1681 2760 παρεγο

78 2779 206 2848 γυᾷ,
246 2779 358 2832 Kal
400 2778 680 2846 κατέϐην,
711 2779 906 2848 λέγων,
931 2782 1020 2847 εἰς
1042 2781 1151 2835 τὸν
1177 2779 1347 2837 οἶκον
1371 2783 1478 2837 τοῦ
1507 2800 1682 2852 κερα-

79 2871 234 2938 μέως
251 2885 266 2899 ·
294 2871 396 2924 καὶ
429 2869 559 2925 ἰδοὺ
586 2871 775 2936 αὐτὸς
795 2872 982 2926 ἐποίει
1000 2871 1178 2943 ἔργον
1199 2873 1297 2927 ἐπὶ
1330 2873 1451 2928 τῶν
1474 2876 1678 2939 λίθων,

78 2963 176 3016 καὶ
228 2961 480 3016 διέπεσε
524 2963 592 3017 τὸ
621 2963 864 3034 ἀγγεῖον
907 2964 938 3018 ὃ
965 2964 1155 3018 ἐποίει
1200 2966 1270 3018 ἐν
1291 2965 1418 3032 ταῖς
1469 2967 1682 3036 χερσὶν

1857 1492 2002 1548 Idem
2036 1492 2202 1563 igitur
2242 1491 2295 1545 in
2328 1489 2486 1545 nobis
2520 1486 2719 1544 fecisse
2762 1485 2895 1541 mihi
2925 1485 3071 1542 Deus
3110 1493 3165 1541 et
3197 1485 3372 1539 admi-

1785 1586 2055 1641 nistrasse
2088 1584 2323 1638 videtur.
2349 1583 2485 1638 Cum
2520 1583 2666 1637 enim
2695 1580 2982 1646 hominem
3024 1579 3372 1648 elegantissi-

1785 1694 1935 1732 mum
1965 1693 2104 1746 opus
2137 1693 2296 1731 suum
2335 1674 2701 1729 fraudulentis
2738 1672 2946 1727 artibus
2971 1679 3132 1741 atque
3162 1670 3368 1725 invidia

1780 1771 2019 1841 pessime
2051 1769 2306 1823 affectum
2337 1768 2566 1832 videret,
2600 1766 2759 1821 talem
2784 1780 2881 1836 pro
2917 1779 3014 1819 sua
3037 1764 3370 1835 benignitate

1781 1864 2093 1932 relinquere
2145 1861 2340 1924 noluit,
2392 1876 2459 1914 ne
2496 1860 2601 1914 hac
2645 1859 2700 1912 in
2755 1873 2971 1912 omnem
3009 1857 3367 1911 astcrnitatent

1780 1955 1996 2009 macula
2043 1961 2189 2010 esset
2245 1953 2532 2017 infectum,
2563 1967 2688 2007 cum
2737 1952 3125 2022 sempiternam
3157 1949 3210 2003 in
3245 1964 3368 2005 sese

1779 2047 1958 2101 labem
1983 2046 2130 2101 illam
2174 2044 2474 2112 retineret;
2508 2043 2606 2100 sed
2663 2044 2717 2098 in
2752 2043 3038 2098 materiam
3069 2042 3250 2096 denuo
3285 2057 3369 2096 re-

1781 2137 1965 2203 solvit,
1995 2147 2056 2192 ut
2119 2135 2381 2207 quidquid
2439 2136 2493 2191 in
2531 2150 2597 2192 eo
2635 2135 2892 2191 vitiosum
2923 2143 3059 2200 erat,
3099 2132 3367 2187 reforma-

1780 2231 1930 2284 tione
1961 2229 2078 2299 ipsa
2097 2228 2244 2283 velut
2271 2229 2572 2298 eliquatum
2588 2235 2754 2298 atque
2783 2226 3114 2281 exstinctum
3143 2225 3363 2295 periret.

1781 2321 1938 2388 Quod
2005 2321 2148 2377 enim
2213 2321 2322 2375 illic
2387 2329 2474 2375 est
2533 2329 2729 2375 statuae
2778 2317 3055 2382 conflatio,
3102 2317 3244 2372 idem
3279 2316 3366 2371 hic

1783 2429 1929 2470 mors
1956 2421 2041 2470 est
2106 2413 2502 2483 dissolutioque
2548 2411 2799 2481 corporis
2825 2427 2838 2475 ;
2871 2425 2936 2463 ac
2968 2409 3114 2478 quod
3141 2409 3252 2463 illic
3279 2417 3366 2464 est

1782 2507 1979 2561 iterum
2035 2503 2369 2560 conformari
2413 2501 2698 2558 materiam
2749 2510 2913 2571 atque
2947 2501 3001 2555 in
3071 2499 3367 2571 pristinum

1781 2600 2016 2654 nitorem
2049 2596 2286 2662 restitui,
2313 2595 2454 2651 idem
2478 2595 2565 2650 hic
2585 2603 2804 2664 estpost
2831 2593 3037 2649 obitum
3056 2607 3365 2663 resurgere.

1783 2692 1884 2747 Cui
1944 2703 1997 2748 et
2063 2690 2330 2761 propheta
2377 2687 2645 2744 Jeremias
2703 2687 3051 2758 astipulatur.
3088 2683 3188 2739 Hic
3217 2684 3367 2740 enim

1783 2785 1976 2839 eadem
2029 2787 2252 2847 omnino
2312 2783 2475 2837 docet
2527 2779 2615 2836 bis
2645 2779 2827 2834 verbis
2864 2798 2876 2834 :
2911 2776 2979 2830 Et
3028 2775 3273 2831 descendi
3312 2776 3369 2830 in

1783 2877 1998 2932 domum
2029 2877 2211 2948 ﬁguli;
2249 2885 2429 2930 etecce
2450 2874 2539 2928 ille
2567 2872 2796 2943 faciebat
2835 2887 2963 2940 opus
2997 2886 3152 2940 super
3179 2868 3372 2938 lapidi-

1786 2972 1901 3037 bus,
1925 2980 1974 3026 et
2001 2970 2196 3026 excidit
2217 2987 2328 3036 vas,
2365 2969 2503 3038 quod
2535 2966 2762 3038 ﬁngebat
2792 2967 2847 3019 in
2887 2963 3129 3017 manibus
3155 2963 3286 3026 suis,
3321 2969 3371 3016 et

78 3053 292 3120 αὑτοῦ,
319 3054 421 3109 καὶ
453 3053 642 3110 πάλιν
668 3056 961 3125 ἐποίησεν
989 3055 1136 3111 αὐτὸ
1172 3057 1416 3128 ἀγ·γεῖον
1451 3058 1666 3128 ἕτερον,

1795 3080 2000 3118 rursum
2025 3064 2181 3132 ﬁnxit
2206 3063 2294 3116 ille
2335 3079 2426 3116 vas
2461 3060 2688 3114 alterum
2709 3056 3150 3129 quemadmodum
3173 3054 3374 3122 placuit

83 3146 288 3214 καθὼς
317 3146 546 3216 ἤρεσεν
571 3143 832 3201 ἐνώπιον
881 3146 1069 3202 αὑτοῦ
1101 3147 1210 3202 τοῦ
1258 3149 1529 3218 ποιῆσαι.
1573 3150 1684 3204 Καὶ

78 3240 323 3308 ἐγένετο
358 3240 543 3310 λόγος
590 3239 814 3308 Κυρίου
835 3239 985 3308 πρὸς
995 3240 1098 3310 μὲ,
1125 3240 1352 3311 λέγων⁹
1390 3242 1459 3295 ΕΖ
1491 3241 1688 3310 καθὼς

79 3334 113 3386 ό
146 3329 449 3400 κεραμεὺς
477 3324 677 3395 οὗτος,
733 3331 804 3384 οὐ
838 3328 1181 3400 δυνήσομαι
1221 3330 1398 3386 τοῦτο
1435 3332 1688 3401 ποιῆσαι

79 3420 264 3492 ὑμᾶς,
309 3417 478 3489 οἶκος
534 3421 642 3476 τοῦ
698 3421 981 3492 Ἰσραήλ;
1047 3423 1218 3477 Ἰδοὺ.
1251 3427 1285 3478 ὁ
1337 3425 1535 3494 πηλὸς
1582 3425 1690 3481 τοῦ

81 3515 393 3586 κεραμέως
423 3515 598 3585 ὑμεῖς
645 3515 788 3569 ἐστε
828 3516 901 3570 ἐν
922 3514 1054 3583 ταῖς
1087 3518 1264 3586 χερσί
1293 3535 1438 3587 μου.

150 3608 292 3664 KH'.
318 3609 563 3680 Πρόσχες
594 3609 703 3681 γὰρ
729 3609 897 3672 ὅπως,
930 3609 1006 3674 ὡς
1045 3609 1202 3681 ἔφην,
1233 3611 1372 3681 μετά
1402 3611 1462 3664 τὸ
1490 3629 1686 3684 παρα-

81 3705 247 3775 εῆναι
273 3703 367 3756 τὸν
391 3702 697 3774 ἄνθρωπον,
724 3704 757 3774 ὴ
793 3702 1004 3774 μεγάλη
1033 3703 1172 3774 χεὶρ,
1202 3705 1284 3767 εἰς
1301 3705 1483 3768 νῖκος¹
1520 3722 1685 3760 κατα-

80 3795 267 3866 λιεῖψαι
294 3795 357 3848 τὸ
383 3795 582 3866 ἑαυτῆς
613 3793 776 3869 ἔργον
822 3795 924 3848 οὐκ
958 3793 1260 3866 ηὐδόκησεν
1308 3796 1384 3860 ὡς
1416 3797 1690 3868 κίϐδηλον,

91 3886 344 3959 πονηροῦ
366 3886 566 3950 ἀδίκως
585 3886 716 3938 αὐτὸ
736 3885 1123 3956 λυμηναμένου
1144 3885 1434 3957 βασκάνοις
1454 3889 1654 3952 αἰτίαις
1677 3906 1692 3921 ·

85 3980 226 4038 ἀλλὰ
262 3977 540 4049 ἀνατήξας
571 3966 859 4031 ἀνέδευσεν
887 3973 1044 4042 αὖθις
1073 3979 1156 4042 εἰς
1191 3978 1382 4049 πηλὸν,
1418 3977 1506 4032 οἷα
1530 3974 1696 4051 nepa-

87 4072 250 4142 μεὺς,
288 4069 347 4134 ὃς
375 4055 738 4124 ἀναπλάσσων
764 4070 897 4124 αὐτὸ
943 4070 1081 4142 πρὸς
1107 4069 1167 4124 τὺ
1193 4071 1562 4143 ἀφανισθῆναι
1596 4072 1696 4143 μὲν

81 4163 174 4216 διὰ
241 4161 343 4231 τῆς
377 4161 738 4226 ἀναπλάσεως
790 4161 967 4217 πάντα
1002 4162 1070 4216 τὰ
1097 4164 1152 4215 ὲν
1186 4161 1336 4234 αὐτῷ
1365 4164 1548 4235 αἴσχη,
1592 4163 1683 4217 καὶ

1788 3154 1892 3218 illi,
1917 3163 1973 3208 ut
2002 3154 2219 3225 faceret.
2257 3152 2326 3207 Et
2363 3152 2567 3221 factum
2620 3160 2698 3205 est
2727 3151 2937 3204 verbum
2973 3147 3188 3203 Domini
3216 3145 3371 3217 551

1790 3247 1859 3300 ad
1914 3263 1994 3300 me
2043 3246 2219 3300 dicens
2256 3244 2366 3300 :Si
2404 3242 2848 3315 quemadmodum
2887 3240 3084 3311 ﬁgulus
3125 3239 3236 3308 ipse
3273 3253 3378 3292 non

1787 3347 1967 3407 potero
2005 3337 2101 3393 hoc
2125 3337 2300 3407 facere
2355 3335 2520 3398 vobis,
2551 3335 2738 3389 domus
2761 3332 2980 3388 Israel?
3021 3330 3157 3387 Ecce
3208 3330 3377 3384 lutum

1790 3429 1940 3502 ﬁguli
1979 3445 2065 3485 vos
2104 3430 2229 3484 estis
2255 3430 2309 3482 in
2331 3427 2574 3482 manibus
2602 3427 2729 3481 meis
2757 3427 2801 3479 ².

1862 3608 2102 3665 XXVIII.
2169 3607 2345 3665 Velim
2393 3607 2540 3664 istud
2584 3605 2851 3669 attendas,
2892 3604 2970 3659 uti
3009 3602 3141 3666 dixi,
3179 3602 3376 3672 'quem-

1794 3700 2089 3756 admodum
2117 3707 2244 3772 post
2280 3699 2520 3755 hominis
2546 3697 2804 3754 delictum
2836 3695 3031 3767 ingens
3063 3693 3154 3748 illa
3185 3704 3379 3746 manus

1794 3808 1933 3863 opus
1962 3807 2122 3848 suum
2177 3799 2440 3870 tanquam
2489 3789 2861 3845 adulterinum
2919 3787 2975 3841 in
3012 3793 3162 3840 tanta
3191 3791 3380 3840 contu-

1795 3886 1957 3940 melia
2019 3884 2333 3954 probroque
2391 3883 2704 3952 relinquere
2758 3879 3016 3944 noluerit,
3079 3893 3205 3933 cum
3262 3891 3381 3932 eum

1795 3974 2042 4031 nefarius
2103 3973 2279 4029 hostis
2336 3987 2402 4028 ex
2459 3971 2664 4026 invidia
2705 3968 2983 4024 violasset.
3021 3964 3126 4020 Sed
3193 3979 3387 4020 rursus

1797 4069 2118 4139 eliquatum,
2153 4075 2207 4122 et
2237 4066 2295 4120 in
2332 4065 2505 4119 lutum
2547 4061 2835 4120 subactum
2883 4058 3033 4129 ﬁguli
3070 4073 3220 4112 more
3244 4056 3384 4112 refe-

1798 4160 1954 4223 cerit,
1984 4167 2042 4212 ut
2069 4174 2132 4213 ea
2161 4158 2551 4214 reformatione
2581 4153 2946 4226 quodcunque
2966 4151 3020 4205 in
3039 4166 3102 4206 eo
3125 4150 3385 4205 fmdatum

82 4255 398 4324 θλάσματα,
422 4252 721 4324 γενηθῆναι
737 4270 794 4306 τε
815 4252 877 4306 τὸ
898 4254 1005 4308 πᾶν
1024 4254 1228 4308 ἄνωθεν
1247 4255 1552 4326 ἀμέμπτως
1566 4257 1664 4328 ἀρε

1800 4269 1863 4309 ac
1899 4253 2227 4309 contusione
2268 4251 2635 4308 deformatum
2664 4259 2782 4306 erat
2810 4248 3030 4320 penitus
3079 4246 3386 4308 tolleretur;

83 4345 239 4398 στὸν.
264 4338 345 4398 Ἦ
372 4345 484 4398 οὐκ
511 4346 636 4413 ἔχει
661 4345 957 4410 ἐξουσίαν
982 4348 1014 4399 ό
1040 4346 1335 4422 κεραμεὺς
1355 4346 1462 4400 τοῦ
1493 4352 1666 4415 πηλοῖ

1803 4345 1979 4415 ipsius
2016 4361 2146 4401 vero
2178 4345 2478 4416 opificium,
2513 4351 2709 4398 uterat
2731 4351 2915 4405 antea,
2941 4339 3387 4413 reprehensionis

80 4439 153 4492 ὲκ
182 4435 294 4490 τοῦ
328 4434 517 4490 αὑτοῦ
545 4434 895 4506 φυράματος
933 4434 1186 4504 ποιῆσαι
1229 4436 1476 4504 σκεῦος,
1514 4437 1544 4491 ὂ
1581 4436 1666 4507 μὲι

1812 4455 2009 4510 expers
2039 4454 2101 4493 ac
2126 4439 2431 4508 jucundum
2461 4437 2693 4492 exsistit.
2735 4435 2923 4489 Annon
2967 4433 3122 4487 habet
3161 4441 3385 4502 potesta-

81 4533 175 4596 εις
214 4527 417 4598 τιμὴν,
451 4527 483 4582 ὃ
516 4528 585 4582 δὲ
606 4531 694 4596 είς
715 4529 956 4599 ἀτιμίαν
968 4544 988 4593 ;
1041 4530 1105 4582 Ὃ
1133 4528 1196 4599 δή
1217 4531 1332 4582 ἐστι
1383 4529 1562 4598 (τοῦτο
1591 4529 1661 4599 γά

1814 4542 1913 4586 tem
1941 4532 2134 4602 ﬁgulus
2168 4530 2267 4583 luti
2294 4545 2358 4583 ex
2378 4528 2558 4583 eadem
2588 4544 2768 4582 massa
2791 4527 2963 4596 facere
2988 4542 3103 4589 vas,
3136 4524 3286 4578 aliud
3319 4523 3386 4576 ad

81 4625 111 4676 6
165 4620 491 4684 ’Δπόστολός
539 4637 630 4691 μοι
669 4621 864 4693 δηλοῦν
894 4622 1201 4692 φαίνεται)⁶
1243 4622 1335 4693 Μή
1369 4640 1420 4675 τι
1450 4621 1666 4687 ἐξουσία

1808 4623 2081 4686 honorem,
2119 4620 2266 4675 aliud
2311 4620 2378 4674 ad
2412 4619 2788 4674 contumeliam
2812 4619 2873 4672 ’?
2918 4614 3074 4682 Quod
3126 4614 3268 4669 idem
3305 4621 3386 4669 est

82 4713 194 4766 οὐκ
257 4711 372 4782 ἔχει
422 4712 452 4764 6
505 4710 642 4776 Θεὸς
697 4712 806 4767 ἀπὸ
851 4714 950 4784 τῆς
979 4714 1111 4786 ὕλης
1147 4715 1381 4768 ἑκάστου
1406 4715 1508 4787 τῆς
1529 4717 1666 4788 αὐτῆ

1798 4717 1874 4787 (id
1909 4716 2055 4770 enim
2110 4716 2419 4786 signiﬁcare
2470 4713 2600 4768 mihi
2632 4712 2770 4767 velle
2817 4710 3034 4765 videtur
3065 4708 3388 4778 Apostolus)

82 4803 432 4867 ἀναπλάσας,
482 4805 578 4858 καὶ
627 4805 1019 4878 ἀνακοσμήσας
1062 4802 1200 4871 εἶδος
1251 4807 1504 4872 ἕκαστον,
1545 4809 1578 4879 ἢ
1618 4811 1665 4861 εί

1797 4828 1861 4868 ac
1891 4814 1937 4868 si
1970 4813 2180 4867 diceret
2207 4827 2220 4863 :
2250 4809 2443 4865 Nonne
2474 4816 2797 4880 potestatem
2836 4806 2999 4860 habet
3036 4803 3179 4859 Deus
3213 4818 3277 4858 ex
3307 4818 3387 4857 ea-

87 4895 263 4967 τιμὴν
308 4895 471 4966 ἡμῶν
529 4898 830 4969 ἀναστῆναι
886 4899 982 4952 καὶ
1039 4899 1199 4964 δόξαν
1255 4900 1289 4971 ἢ
1349 4903 1430 4965 εἰς
1469 4902 1690 4972 ἀτιμίαν

85 4988 188 5042 καὶ
248 4988 611 5060 κατάκρισιν;
665 4990 760 5054 Εἰς
802 4990 1028 5063 ἀτιμίαν
1085 4992 1190 5062 μὲν
1242 4992 1350 5045 τῶν
1391 4995 1448 5047 ὲν
1511 4995 1692 5066 ἁμαρ-

84 5083 235 5144 τίαις
295 5080 516 5150 φαύλως
564 5081 920 5154 βιωσάντων,
991 5084 1074 5147 εἰς
1118 5083 1285 5156 τιμὴν
1341 5084 1397 5138 δὲ
1464 5085 1572 5138 τῶν
1635 5089 1693 5139 ὲν

84 5172 408 5245 δικαιοσύνῃ
429 5192 443 5205 ·
475 5174 728 5249 καθάπερ
772 5176 1017 5250 ἐδηλώθη
1055 5177 1149 5230 καὶ
1178 5175 1256 5247 τῷ
1301 5177 1534 5247 Δανιὴλ,
1571 5178 1702 5233 ’Ὅτι

86 5268 312 5324 πολλοὶ
353 5267 473 5323 τῶν
499 5271 912 5327 καθευδόντων
954 5273 1024 5328 ἐν
1056 5272 1170 5343 γῆς
1193 5272 1435 5342 χώματι,
1468 5271 1700 5343 λέγοντι,

87 5359 622 5430 ἐέετερθήσονται,
647 5358 814 5420 οὗτοι
833 5366 921 5432 εις
951 5363 1106 5432 ζωὴν
1127 5362 1386 5429 αἰώνιον,
1403 5364 1501 5418 καὶ
1530 5360 1696 5424 οὗτοι

87 5458 180 5523 εις
205 5455 556 5525 ὀνειδισμὸν
576 5457 675 5512 καὶ
699 5459 1006 5530 αἰσχύνην
1027 5457 1296 5527 αἰώνιονξ·
1326 5458 1441 5518 καὶ,
1465 5461 1528 5511 Οἱ
1551 5474 1701 5512 συν-

90 5548 290 5613 ιέντες
340 5545 771 5619 ἐκλάμψουσιν
820 5553 900 5619 ὡς
934 5555 972 5622 ἠ
1025 5553 1377 5622 λαμπρότης
1415 5551 1521 5606 τοῦ
1554 5566 1692 5605 στε-

170 5706 187 5740 ⁸
230 5702 292 5761 ιτ.
324 5706 522 5771 νεῖκος.
601 5709 621 5740 ¹
661 5707 772 5764 Ιυιι.
808 5726 962 5773 xvnt,
997 5711 1118 5766 3-6.
1197 5711 1216 5743 ³
1243 5708 1400 5766 Rom.
1431 5723 1504 5774 ιχ,
1537 5707 1634 5768 2i.

1797 4909 1920 4964 dem
1949 4907 2217 4978 cujusque
2247 4903 2473 4959 materia
2487 4901 2829 4973 singulorum
2865 4898 3096 4953 formam
3126 4896 3380 4952 reﬁciens

1797 5012 1852 5058 et
1885 5001 2223 5061 instaurans,
2265 4998 2431 5051 alium
2450 4995 2516 5050 ad
2553 4996 2815 5051 honorem
2847 5005 2902 5051 et
2928 4993 3184 5066 gloriam,
3219 4991 3387 5047 alium

1801 5093 1869 5149 ad
1900 5091 2180 5148 infamiam
2219 5100 2274 5144 et
2302 5087 2708 5143 damnationem
2736 5084 3015 5141 excitare?
3041 5083 3122 5138 Ad
3155 5082 3387 5154 ignomi-

1799 5188 1948 5242 niam
1974 5184 2193 5256 quidem
2221 5198 2318 5238 eos
2351 5182 2443 5252 qui
2477 5182 2531 5235 in
2581 5190 2932 5251 peccatorum
2989 5175 3387 5233 consuetudine

1799 5278 2036 5349 turpiter
2067 5277 2356 5343 vixerunt;
2387 5276 2454 5330 ad
2489 5275 2752 5330 honorem
2802 5288 2936 5330 vero
2964 5288 3062 5329 eos
3092 5270 3186 5343 qui
3216 5269 3399 5324 vitam:

1798 5368 2157 5440 adjustitiatn
2179 5367 2687 5424 accommodarunt.
2708 5365 2863 5432 Quod
2895 5373 2951 5421 et
2980 5379 3010 5418 a
3039 5361 3263 5417 Daniele
3289 5359 3384 5413 de-
3417 5399 3422 5405 .

1797 5461 2066 5518 ciaratum
2100 5469 2183 5517 cst
2210 5481 2225 5518 :
2251 5461 2518 5529 Quoniam
2543 5462 2698 5517 multi
2724 5460 3102 5518 dormientium
3138 5457 3194 5510 in
3226 5463 3384 5508 terra:

1801 5570 1986 5625 “998W
2017 5555 2388 5627 resurgent,‘hi
2428 5555 2495 5612 ad
2519 5556 2970 5619 vitamteternam,
3004 5557 3054 5605 et
3075 5549 3129 5602 hi
3162 5545 3230 5600 ad
3254 5560 3383 5616 prc-
