3822 6290
410 213 553 270 1115

1810 233 1868 288 S.
1911 233 2252 295 EPIPHANI!

3534 238 3681 293 {H5

410 334 575 434 liram.
600 351 649 390 et
674 336 896 393 dedecus
919 342 1291 411 sempiternum
1311 348 1351 415 ¹;
1386 355 1440 425 et
1473 368 1486 403 :
1509 350 1615 417 Qui
1660 353 1987 425 intelligunt,

2125 358 2406 430 εώματος.
2435 363 2552 432 Ἐφ’
2575 364 2711 434 ἡμῖν
2744 360 2851 433 γάρ
2895 360 2958 415 οὐ
2999 360 3063 413 τὺ
3094 358 3355 429 ἀφανίσαι
3377 355 3480 428 τήν
3516 357 3679 427 ρίξαν

414 424 683 524 {algebunt
716 430 852 483 sicut
882 432 1129 499 splendor
1155 424 1476 505 firmamenti
1507 443 1547 496 ¹.
1584 442 1680 499 Est
1710 424 1854 501 enim
1887 446 1990 502 hoc

2126 424 2213 522 ἧς⁷
2249 424 2521 524 πονηρίας⁷
2568 424 2834 519 τελείως,
2869 452 3005 508 ἀλλὰ
3044 451 3106 504 τὺ
3145 424 3232 522 μὴ
3275 450 3410 521 πρὸς
3435 424 3675 501 *ἔκτασιν

416 517 471 572 in
532 528 714 574 nostra
774 534 1041 592 potestate
1084 530 1479 598 positum,non
1513 542 1571 588 ut
1628 536 1992 606 improbitatis

416 610 632 665 radices
658 616 875 680 penitus
906 618 1225 680 evellamus.
1267 622 1361 677 sed
1403 634 1458 678 ut
1484 641 1551 680 ne
1580 628 1812 696 amplius
1844 629 1991 683 illam

418 715 737 758 excrescere
776 720 839 759 ac
899 706 1111 766 fructus
1165 713 1325 768 edere
1383 716 1675 785 patiamur.
1713 716 1992 788 Siquidem

420 794 671 851 absoluta
700 798 943 853 radicum
971 801 1212 869 ipsarum
1235 807 1528 861 exstinctio
1564 824 1628 861 ac
1662 808 1990 880 proﬂigatio,

421 893 537 941 tum
573 904 719 955 cum,
747 892 823 945 uti
865 894 999 957 dixi,
1035 895 1355 950 dissolvitur
1390 913 1614 967 corpus,
1650 916 1687 953 ιι
1732 899 1838 955 Deo
1874 918 1996 971 per-

424 980 623 1037 ﬁcitur.
656 982 787 1049 Quae
840 995 1019 1040 autem
1066 1003 1134 1041 ex
1175 997 1327 1057 parte
1388 990 1465 1056 lit,
1501 1000 1561 1045 ut
1606 1007 1635 1044 a
1684 995 2000 1063 pullulando

424 1085 760 1143 coerceatur,
792 1091 962 1146 Opera
992 1088 1181 1134 nostra
1213 1082 1458 1149 praestari
1494 1082 1678 1146 debet,
1707 1100 1774 1139 ex
1803 1100 1911 1155 quo
1942 1086 2003 1140 lit

426 1175 506 1229 ιιι,
567 1167 659 1235 qui
686 1168 883 1222 malam
928 1170 1077 1224 illam
1110 1171 1339 1241 stirpem
1389 1174 1454 1228 ad
1502 1176 1915 1245 amplitudinem
1949 1187 2005 1233 et

426 1254 857 1323 magnitudinem
887 1258 1172 1314 educando
1207 1260 1543 1330 perduxerit,
1584 1280 1784 1333 neque,
1822 1251 2007 1337 quoad

427 1346 623 1414 potuit,
662 1348 902 1404 sterilem
944 1350 1089 1404 illam
1124 1351 1365 1407 ell'ecerit
1392 1360 1554 1423 atque
1592 1360 2004 1427 compresserit,

428 1439 617 1508 pennas
648 1441 797 1497 illum
824 1445 1135 1513 persolvere
1162 1455 1409 1516 oporteat

429 1533 659 1586 consilio
682 1535 903 1589 utilitati
941 1536 1198 1593 damnum
1224 1540 1544 1609 praetulerit.

495 1627 685 1684 XXIX.
717 1631 1082 1696 Quamobrem
1113 1650 1292 1701 nemo,
1321 1650 1445 1689 cum
1482 1636 1601 1705 ejus
1634 1635 1758 1689 mali
1782 1651 2005 1691 causam

2094 544 2262 615 αὐτὴν
2310 546 2467 599 ὲᾶσαι
2529 545 2693 613 φῦναι
2745 548 2839 599 καὶ
2881 545 3270 617 καρποφορεῖν.
3318 541 3386 593 Ἥ
3434 540 3532 609 μὲν
3566 539 3673 606 γὰρ

2100 634 2327 688 καθόλου
2360 637 2455 689 καὶ
2487 638 2783 708 παντελικὴ
2827 640 2944 700 ταῖς
2989 634 3167 706 ῥίζαις
3197 633 3366 700 αὐτῆς
3395 630 3675 701 ἀναίρεσίς

2095 742 2155 776 τε
2189 726 2282 778 καὶ
2319 725 2563 780 ἀπώλεια
2592 726 2698 779 ὑπὸ
2720 726 2811 779 τοῦ
2836 724 2970 779 Θεοῦ
2988 725 3128 778 κατά
3150 724 3249 794 τὴν
3279 719 3673 788 τοῦ-σώματος,

2099 816 2173 878 ὡς
2196 816 2429 889 εἴρηται,
2488 818 2725 872 διάλυσιν
2784 818 3011 885 γίνεται,
3042 819 3075 887 ἡ
3110 816 3164 868 δὲ
3198 817 3264 868 ὲκ
3301 814 3503 883 μέρους
3540 813 3677 881 πρὸς

2096 907 2159 959 τὸ
2199 906 2273 978 μὴ
2304 905 2449 962 olea:
2504 909 2743 978 βλαστὸν·
2777 910 2867 978 ὑφ’
2917 907 3107 979 ἡμῶν·
3148 906 3243 959 καὶ
3270 905 3359 957 διὰ
3390 904 3549 956 τοῦτο
3586 902 3687 955 τὸθ-

2097 996 2436 1068 ὲκτρέῲαντα
2459 1000 2479 1029 ⁵
2512 1000 2648 1069 πρὸς
2690 998 2918 1064 αὔξησιν
2950 996 3118 1067 αὐτὴν
3151 995 3350 1065 μᾶλλον
3380 995 3476 1047 καί⁸
3514 993 3678 1063 μέγε-

2099 1086 2210 1153 θος,
2249 1088 2388 1142 ἀλλὰ
2420 1089 2496 1160 μὴ
2538 1090 2663 1160 (ὅτι)
2702 1089 3073 1160 στειρώσαντα
3113 1089 3175 1140 τὸ
3202 1089 3326 1140 ὅσον
3374 1086 3461 1136 ἐπ’
3503 1082 3674 1152 αύτῷ,

2099 1183 2191 1235 καὶ
2222 1181 2662 1252 συμπιλήσαντα,
2696 1182 2907 1251 ἀνάγκη
2933 1178 3338 1248 διδόναιηδίκηνα
3374 1177 3480 1235 ὅτι,
3514 1174 3676 1226 δυνά-

2103 1289 2281 1342 μενος,
2312 1273 2407 1325 καὶ
2440 1273 2577 1342 ἔχων
2611 1273 2746 1344 πρὸς
2794 1271 2951 1324 τοῦτο
2987 1269 3086 1341 τὴν
3112 1269 3384 1334 ἐξουσίαν,
3414 1268 3595 1320 εἵλατο
3620 1267 3679 1318 τὸ

2103 1361 2340 1431 βλάπτον
2362 1363 2454 1416 τοῦ
2490 1364 2857 1436 συμφέροντος
2886 1363 3095 1433 μᾶλλον
3116 1361 3477 1432 προτιμῆσαι.

1458 1468 1471 1503 :
1525 1451 1670 1520 quod
1719 1469 1845 1508 eum
1895 1454 2072 1512 facere
2114 1458 2255 1513 istud
2318 1469 2524 1529 posset,
2562 1476 2627 1515 ac
2663 1461 2976 1515 facultatem
3033 1458 3278 1518 haberet,
3325 1465 3476 1509 certo
3514 1453 3681 1506 animi

2184 1642 2311 1698 KG’.
2345 1644 2507 1696 Ὥστε
2570 1643 2778 1714 μηδεὶς,
2835 1644 2997 1706 αὐτὸς
3049 1644 3218 1706 αἴτιος
3262 1642 3360 1706 ὣν,
3403 1643 3685 1712 ἀκολάστῳ

431 1721 716 1787 sustineat,
747 1723 943 1778 divinae
977 1734 1188 1782 natura:
1231 1727 1649 1798 intemperantis
1684 1729 1882 1797 linguae
1918 1744 2005 1781 re-

2125 1731 2337 1803 γλώσσῃ
2362 1732 2658 1813 μεμφέσθω
2686 1732 2784 1804 τὴν
2823 1731 2973 1784 θείαν
3005 1731 3186 1800 φύσιν,
3224 1730 3300 1793 ὡς
3331 1731 3433 1782 ούκ
3476 1733 3534 1783 ἐν
3562 1730 3697 1798 δίκῃ»

432 1813 845 1882 prehensionem
899 1819 1380 1890 asperganq-nasi
1453 1820 1750 1889 unicuique
1786 1819 2007 1873 virtutis

2125 1823 2466 1892 ῖιανέμουσαν
2493 1824 2706 1893 ἑκάστῳ
2730 1822 2929 1885 κακίας
2963 1822 3057 1875 καὶ
3084 1821 3283 1892 ἀρετῆς
3300 1821 3371 1874 τά
3403 1820 3684 1890 ἀμοιϐαῖα.

431 1906 657 1975 Vitiique
684 1908 903 1976 prtemia
935 1925 1043 1963 non
1068 1910 1217 1979 juste
1244 1909 1560 1965 distribuat.
1589 1910 1724 1977 Quis
1758 1910 1897 1964 enim
1927 1927 2004 1973 es,

433 2014 467 2051 ο
494 1997 647 2051 homo
666 2041 680 2062 ,
709 2000 799 2067 qui
823 2000 1137 2070 respondeas
1172 2002 1325 2058 Deo?
1355 2002 1591 2072 nunquid
1623 2000 1760 2054 dicet
1790 2001 2011 2069 ﬁgmen-

435 2096 546 2141 tum
600 2087 758 2158 552
803 2090 1001 2156 [actori
1049 2092 1316 2147 suo:Cur
1346 2109 1427 2147 me
1469 2093 1546 2146 ita
1577 2091 1747 2161 fecisti
1778 2092 1841 2144 ".l
1906 2090 2010 2157 Qui

413 2180 582 2263 enim
627 2180 676 2232 id
716 2195 981 2251 usurpare
1012 2190 1214 2253 potest,
1245 2199 1369 2239 cum
1407 2192 1601 2254 suopte
1639 2192 1777 2237 nutu
1813 2197 1878 2237 ac
1907 2198 2005 2237 vo-

436 2271 647 2325 luntate
671 2272 1070 2341 improbitatem
1087 2275 1343 2344 elegerit?
1366 2274 1661 2345 Propterea
1690 2289 1801 2328 non
1826 2273 2015 2343 utique

439 2359 569 2427 Deo,
603 2364 696 2432 qui
718 2379 781 2418 ex
807 2365 1236 2421 immutabilibus
1260 2366 1491 2434 justitiae
1522 2364 2011 2435 deeretisjudicat,

438 2464 617 2525 potest
654 2455 835 2511 dicere
869 2472 882 2507 :
921 2455 1029 2510 Cur
1062 2474 1141 2511 me
1170 2459 1249 2511 ita
1296 2458 1510 2528 fecisti?
1539 2458 1749 2513 Etenim
1781 2458 2017 2528 Aposto-

438 2544 547 2608 lus,
578 2545 721 2599 velnt
751 2546 1115 2615 peritissimus
1154 2547 1380 2618 quidam
1423 2547 1697 2617 jaculator
1727 2556 2013 2602 contortas

436 2634 730 2689 verborum
757 2637 1054 2693 sententias
1080 2639 1136 2693 in
1160 2639 1401 2694 medium
1424 2638 1705 2702 emittens,
1742 2646 1801 2691 ιιι
1827 2638 2019 2693 obscu-

437 2741 559 2779 ram
612 2726 1162 2798 profundissimisque
1215 2730 1470 2785 sensibus
1527 2730 1857 2783 occultatam
1888 2743 2015 2783 ora—

439 2818 644 2871 tionem
703 2817 975 2884 instituit;
1039 2819 1121 2873 sic
1180 2819 1527 2874 verissimam
1591 2827 1862 2888 rectaeque
1896 2818 2018 2874 lidei

439 2915 889 2972 consentaneum,
931 2922 1051 2976 quae
1090 2907 1226 2961 nihil
1279 2916 1372 2962 aut
1410 2907 1773 2978 negligentius
1812 2907 2017 2961 dicunt

2114 1917 2157 1968 Τ
2155 1915 2211 1980 [ς
2243 1913 2352 1984 γὰρ
2391 1910 2463 1977 εἴ,
2492 1909 2539 1968 ὦ
2578 1913 2870 1982 ἄνθρωπε,
2907 1917 2939 1967 ὁ
2991 1914 3574 1981 ἀνταποκρινόμενος
3609 1908 3689 1974 τῷ

2113 2003 2270 2070 Θεῷ;
2304 2004 2390 2073 μὴ
2435 2003 2559 2071 ἐρεῖ
2584 2003 2651 2058 τὸ
2696 2003 2946 2072 πλάσμα
2981 2003 3062 2068 τῷ
3102 2002 3465 2069 ποιήσαντι,
3528 2004 3589 2055 Τί
3613 2016 3689 2069 με

2109 2094 2403 2164 ἐποίησας
2456 2094 2676 2160 οὕτως;
2734 2093 2859 2157 Πῶς
2915 2092 3047 2164 γάρ,
3112 2093 3274 2145 ὁπότε
3316 2092 3691 2159 αὺτοδεστσόσῳ

2114 2185 2275 2257 βουλῇ
2311 2186 2507 2239 κακίαν
2543 2185 2756 2250 siluro;
2806 2184 2897 2238 Διὸ
2943 2185 3038 2238 καὶ
3077 2184 3138 2238 οὐ
3164 2183 3323 2250 ίλέξει
3348 2184 3689 2252 δικαιοσύνης

2111 2276 2374 2346 δόγμασιν
2434 2274 2877 2347 ἀπαραλλάκτοις
2930 2274 3167 2345 κρίνοντι
3216 2274 3292 2345 τῷ
3320 2273 3473 2343 Θεῴο
3521 2273 3585 2327 Tt
3620 2290 3693 2339 με

2112 2367 2407 2436 ἐποίησας
2429 2368 2616 2433 οὕτως
2640 2383 2659 2431 ;
2686 2368 2895 2437 Ὥσπερ
2936 2365 3255 2436 ἀκοντιστὴς
3281 2367 3311 2420 ὁ
3351 2363 3697 2429 Ἀπόστολος,

2113 2452 2282 2516 δεινὸς
2329 2453 2730 2525 διεστραμμένα
2783 2454 3004 2525 ῥήματα
3050 2453 3159 2508 τῶν
3178 2453 3353 2522 λόγων
3402 2454 3481 2516 εἰς
3529 2452 3693 2522 μέσον

2115 2545 2384 2615 ἐμϐαλὼν,
2419 2546 2602 2616 ἀσαφῆ
2638 2545 2737 2616 μὲν
2786 2544 2881 2598 καὶ
2909 2543 3425 2615 ὲπικεκαλυμμένην
3456 2544 3698 2595 ποιεῖται

2116 2635 2195 2697 είς
2217 2634 2379 2704 βάθος
2402 2634 2510 2687 τῶν
2532 2634 2981 2704 ἀναγνωσμάτων
3004 2634 3102 2703 τὴν
3120 2633 3461 2704 ἐξεργασίαν,
3490 2631 3692 2701 ἀληθε-

2117 2727 2320 2796 στάτην
2348 2726 2404 2779 δὲ
2433 2727 2526 2779 καὶ
2570 2725 2871 2796 ὀρθόδοξον,
2912 2726 3006 2779 καὶ
3043 2725 3203 2795 μηδὲν
3237 2724 3463 2794 ἔχουσαν
3485 2724 3695 2792 ἀπημε-

2116 2814 2181 2887 λη
2191 2816 2349 2887 μένον
2370 2816 2403 2886 ἢ
2438 2815 2755 2886 δύσφημον..
2774 2815 2898 2878 Τοῖς
2925 2815 3023 2886 μὲν
3040 2815 3149 2885 γὰρ
3168 2814 3241 2885 μὴ
3275 2814 3413 2884 μετὰ
3437 2812 3699 2882 σπουδῆς,

2118 2906 2253 2961 ἀλλά
2302 2906 2510 2976 ἀγενῶς
2563 2906 2896 2977 ἐμπίπτουσι
2956 2908 3068 2968 τοῖς
3108 2904 3306 2972 λόγοις,
3349 2904 3693 2974 ἀσυνάρτητα

442 3006 538 3054 aut
566 2999 866 3054 absurdum
891 3001 1154 3054 continet.
1178 2999 1281 3065 Qui
1310 2999 1455 3055 enim
1487 3014 1597 3053 non
1629 2998 1893 3063 studiose,
1923 2999 2019 3055 sed

2125 2998 2230 3052 ἐσθ’
2258 3001 2347 3052 ὅτε
2367 2999 2627 3052 δοκεῖκαὶ
2656 2996 2963 3068 ἀσύμφωνα
2988 2996 3187 3064 λέγειν,
3208 2998 3321 3058 τοῖς
3354 2995 3400 3047 δ’
3427 2991 3491 3049 αὖ
3532 3012 3696 3049 σπωτ

440 3091 738 3146 oscitanter
762 3091 816 3144 in
850 3092 996 3145 illius
1029 3105 1308 3146 sermones
1335 3090 1643 3154 incurrunt,
1672 3090 1742 3145 iis
1776 3106 2019 3146 nonnun-

2125 3088 2281 3152 δαίως
2315 3089 2407 3143 καὶ⁸
2433 3089 2678 3160 λογισμῷ
2710 3090 2955 3160 νήφοντι,
3005 3087 3212 3157 ὁπόσης
3240 3086 3442 3153 τάξεως
3484 3085 3709 3157 ἔμπλεα

441 3196 607 3252 quam
642 3182 823 3237 minus
847 3182 952 3238 sibi
985 3190 1356 3236 consentanea
1386 3196 1450 3234 ac
1483 3180 1814 3236 cohaerentia
1832 3181 2015 3236 dicere

2125 3183 2217 3237 καὶ
2246 3182 2525 3253 ἀληθείας.

442 3272 679 3327 videtur.
716 3272 817 3338 Qui
850 3288 977 3327 vero
1007 3287 1225 3342 operam
1260 3271 1543 3336 adhibent,
1570 3278 1625 3325 et
1654 3271 1835 3327 sobria
1891 3279 2055 3342 atque
2125 3279 2445 3342 experrecta
2495 3279 2678 3329 mente
2738 3272 2796 3326 in
2848 3271 2973 3328 illos
3023 3260 3368 3333 incumbunt,
3396 3282 3464 3321 ex
3504 3266 3699 3320 ordine

444 3366 625 3422 omnia
664 3382 727 3421 ac
761 3369 838 3423 rei
873 3370 1102 3423 veritate
1132 3367 1486 3438 pronuntiata
1511 3366 1781 3437 judicant.

517 3457 719 3513 Verum
765 3461 1079 3514 accuratius
1114 3461 1179 3514 de
1210 3461 1297 3515 his
1331 3459 1494 3515 modo
1525 3460 1810 3530 disputare
1842 3459 2025 3529 magni

445 3564 544 3619 per
574 3564 695 3604 sese
721 3549 926 3605 laboris
961 3565 1099 3620 opus
1132 3559 1236 3605 est.
1264 3550 1359 3606 Est
1393 3567 1523 3606 vero
1554 3551 1868 3616 ridiculum,
1899 3564 2027 3619 pro-

448 3639 571 3710 prio
610 3647 931 3709 argumento
963 3639 1248 3705 derelicto,
1280 3640 1428 3710 quod
1459 3645 1804 3695 tractandum
1840 3654 2029 3694 susce-

448 3730 650 3800 pimus,
708 3745 810 3785 nos
862 3731 927 3785 ad
982 3732 1087 3785 alia
1134 3731 1404 3787 conferre.
1466 3731 1601 3786 Nam
1650 3732 1765 3787 haec
1805 3748 1835 3786 a
1870 3732 2030 3788 nobis

450 3828 683 3889 propter
732 3821 856 3875 illos
895 3821 1040 3876 dicta
1094 3831 1243 3887 sunt,
1272 3823 1365 3892 qui
1399 3822 1696 3876 stultorum
1723 3836 1874 3876 more
1904 3821 2032 3875 mali

451 3918 507 3966 et
531 3912 712 3982 ignavi
737 3928 861 3969 esse
890 3931 987 3969 sua
1023 3925 1215 3984 sponte
1248 3915 1498 3985 cupiunt.
1537 3914 1674 3970 Cum
1719 3914 1887 3984 igitur
1919 3928 2034 3968 ma-

452 4002 808 4061 nifestissime
854 4008 1118 4062 hactenus
1167 4010 1602 4064 demonstratum
1656 4007 1747 4071 sit,
1801 4013 2031 4060 mortem

451 4094 659 4149 homini
695 4113 804 4152 non
832 4099 959 4152 mali
992 4115 1117 4154 esse
1161 4114 1328 4153 causa
1362 4098 1526 4152 ullius
1559 4096 1841 4161 inflictatn,
1873 4110 2036 4165 opor-

452 4194 529 4239 tet
555 4194 615 4240 ut
649 4188 907 4259 deinceps
943 4192 1034 4260 qui
1080 4207 1185 4244 non
1217 4191 1284 4244 ad
1331 4193 1445 4246 haec
1481 4189 1815 4257 negligenter
1863 4194 2036 4241 atten-

454 4282 628 4359 derit,
681 4297 974 4351 corporum
1050 4282 1502 4336 resurrectionem
1560 4281 1840 4350 intelligat.
1896 4278 2031 4333 Nam

2194 3459 2269 3510 At’
2298 3454 2580 3528 ἀκριϐείας
2606 3455 2703 3526 μὲν
2730 3451 2823 3508 οὖν
2846 3454 2971 3524 περὶ
3002 3452 3206 3507 τούτων
3235 3451 3482 3517 διεξιέναι
3511 3451 3581 3503 τὰ
3606 3450 3700 3503 νῦν

2127 3547 2309 3601 ἱκανὸν
2348 3546 2413 3600 ἂν
2438 3546 2646 3615 γένοιτο
2686 3545 2817 3598 αὐτὸ
2845 3544 2965 3598 καθ’
2998 3544 3160 3597 ἑαυτὸ
3197 3543 3353 3614 μόνον
3373 3542 3553 3611 ἔργον.
3593 3543 3698 3593 Καὶ

2124 3638 2233 3709 γὰρ
2261 3639 2488 3706 γελοῖον,
2511 3634 2941 3704 καταλείψαντας
2974 3650 3065 3686 σου
3086 3633 3182 3703 τὴν
3207 3632 3416 3700 σκέψιν,
3445 3624 3511 3700 ἦς
3542 3630 3698 3682 ἕνεκα

2126 3730 2330 3801 ταύτην
2393 3726 2778 3799 ὲστειλάμεθα,
2803 3729 2883 3790 εἰς
2907 3725 3044 3781 ἀλλα
3070 3724 3329 3796 μετιέναι.
3370 3721 3557 3775 Ταῦτα
3594 3722 3707 3794 γὰρ

2128 3810 2261 3894 ἡμῖν
2298 3823 2513 3892 εἴρηται
2542 3820 2631 3873 διὰ
2651 3821 2759 3874 τῶν
2778 3817 3240 3873 ὲθελοκακούντων
3255 3815 3492 3888 τιμωρὸν
3526 3815 3698 3883 δίκην.

2142 3912 2577 3983 Ἀποδειχθέντος
2624 3910 2802 3964 τοίνυν
2848 3908 3171 3979 ὲνδηλότατα
3218 3908 3307 3961 τὸν
3341 3906 3567 3960 θάνατον
3622 3906 3697 3975 τῷ

2129 4002 2399 4075 ἀνθρώπῳ
2431 4000 2851 4074 μεμηχανῆσθαι
2868 4000 2942 4071 μὴ
2971 3999 3064 4051 ἐπὶ
3092 3997 3246 4067 κακῷ
3277 4014 3404 4063 τινι,
3441 3995 3576 4047 ἀλλά
3597 3995 3699 4064 χρὴ

2129 4099 2313 4153 λοιπὸν
2351 4099 2442 4152 τὸν
2475 4098 2549 4169 μὴ
2571 4096 2789 4166 φαύλως
2809 4094 3019 4157 τούτοις
3056 4092 3415 4161 ὲγκύπτοντα,
3448 4092 3576 4160 περὶ
3604 4093 3699 4159 τῆς

2130 4187 2477 4251 ἀναστάσεως
2506 4190 2645 4241 νοεῖν
2667 4187 2762 4240 τοῦ
2790 4185 3061 4255 σώματος.
3096 4182 3220 4246 Πῶς
3250 4180 3359 4251 γὰρ
3385 4181 3485 4233 οὐκ
3512 4180 3697 4248 ὠφέλι-

2140 4297 2239 4351 μος
2275 4280 2304 4331 ὁ
2332 4278 2589 4341 θάνατος,
2641 4274 2968 4345 διαφθείρων
3003 4272 3160 4344 ἡμῶν
3202 4270 3271 4323 τὰ
3316 4268 3569 4340 ληῖξοντα
3608 4269 3699 4327 τὴν

454 4390 639 4431 nonne
667 4374 747 4428 vel
777 4388 843 4428 eo
879 4373 1099 4429 nomine
1140 4374 1288 4429 utilis
1323 4388 1472 4427 mors
1507 4382 1611 4435 est,
1642 4388 1736 4442 per
1768 4386 1930 4441 quam
1968 4386 2019 4425 ea

2138 4348 2337 4441 φύσιν;
2384 4369 2432 4421 εί
2475 4369 2570 4422 καὶ
2615 4365 2767 4438 παρά
2799 4366 2891 4418 τὸν
2930 4364 3120 4435 καιρδν
3170 4360 3436 4432 ἐπαχθὴς,
3481 4360 3598 4413 καθ’
3648 4360 3699 4411 ὄι-

456 4462 832 4535 proﬂigantur,
865 4477 985 4531 qua:
1034 4473 1287 4518 naturam
1346 4471 1594 4517 nostram
1626 4460 2030 4531 quodammodo

456 4558 795 4629 prmdantur‘l
809 4555 1048 4611 Tametsi
1069 4570 1177 4625 quo
1198 4563 1440 4625 tempore
1454 4555 1612 4610 nobis
1628 4553 1880 4616 inlertur,
1900 4568 2031 4607 non-

457 4650 593 4705 nihil
628 4649 856 4703 molesta
886 4647 1158 4708 videatur,
1190 4647 1339 4701 velut
1373 4646 1831 4703 medicamentum
1852 4645 2031 4716 quod-

456 4743 604 4802 dam,
633 4740 779 4811 quod
810 4739 1093 4809 aegrotanti
1146 4739 1553 4793 amarissimum
1596 4738 1886 4807 prtebetur.
1924 4735 2029 4790 Sed

458 4848 525 4885 ne
550 4831 737 4885 eadem
774 4830 972 4898 saepius
1002 4827 1069 4882 de
1092 4828 1282 4882 eodem
1315 4834 1636 4897 argumento
1658 4826 2022 4895 disputemus,

2138 4460 2541 4533 προσφέρεσθαι
2569 4460 2734 4523 δοκεῖ,
2767 4457 3018 4528 καθάπερ
3042 4454 3441 4525 αὐστηρότατον
3469 4451 3701 4504 νοσοῦντι

2137 4555 2448 4625 φάρμακον.
2500 4549 2612 4605 Καὶ
2666 4550 2757 4604 ἵνα
2803 4548 2878 4620 μὴ
2902 4546 3157 4608 πολλάκις
3189 4545 3258 4597 τὰ
3286 4544 3425 4596 αὐτὰ
3449 4543 3579 4613 περὶ
3600 4542 3699 4593 τῶν

2136 4642 2314 4697 αὐτῶν
2342 4639 2742 4711 διαλεγώμεθα,
2777 4640 2908 4711 φέρε
2943 4638 3037 4691 καὶ
3058 4635 3163 4689 ἀπὸ
3192 4635 3291 4705 τῆς
3304 4633 3450 4704 ᾠδῆς
3477 4633 3573 4686 τοῦ
3591 4636 3698 4685 Δευ-

2137 4733 2451 4806 τερονομίου
2499 4730 2895 4802 βεϐαιώσαντες
2933 4728 3026 4780 τὸν
3065 4726 3241 4795 λόγον,
3281 4724 3452 4794 ἴωμεν
3492 4724 3559 4777 τὰ
3586 4724 3700 4792 ἑξῆς

2132 4824 2360 4894 διαληψό
2368 4842 2539 4895 μενοι.
3452 4824 3461 4827 ’

460 4939 559 4987 age
590 4939 738 4985 vero,
770 4922 865 4975 ubi
896 4938 960 4976 ex
994 4918 1650 4982 Denteronomiicantico,
1671 4917 1816 4988 quod
1840 4933 1871 4972 a
1899 4917 2058 4973 nobis
2088 4917 2296 4973 dictum
2324 4926 2407 4972 est
2434 4914 2994 4986 comprobaverimus,
3026 4908 3321 4976 adreliqua
3344 4915 3703 4961 transeamus.

532 5013 694 5068 XXX.
722 5013 844 5070 llaec
895 5016 1039 5070 enim
1090 5014 1256 5069 verba
1292 5032 1305 5068 :
1342 5012 1453 5084 Ego
1501 5013 1737 5067 occidam
1792 5021 1839 5067 et
1871 5012 2038 5067 vivere

461 5106 691 5177 faciam;
747 5109 1060 5176 percutiam,
1116 5116 1166 5162 et
1212 5124 1304 5177 ego
1343 5106 1565 5168 sonabo,
1607 5114 1658 5160 et
1704 5122 1808 5159 non
1850 5106 2041 5174 estqui

462 5206 611 5252 eruat
635 5198 697 5251 de
722 5200 963 5252 manibus
979 5200 1103 5254 meis
1121 5205 1163 5266 ⁸,
1200 5215 1319 5270 quae
1338 5215 1366 5253 a
1393 5198 1503 5255 Deo
1520 5197 1889 5269 proferuntur,
1909 5197 2041 5267 quid

465 5287 610 5341 aliud
638 5303 736 5340 nos
766 5287 983 5352 docent,
1003 5290 1107 5344 nisi
1131 5291 1270 5345 obid
1290 5306 1491 5360 corpus
1519 5288 1752 5343 interﬁci
1780 5289 2039 5357 primum,

466 5386 628 5446 atque
666 5378 859 5442 emori,
895 5389 951 5433 ut
996 5387 1184 5449 postea
1222 5388 1472 5451 resurgat
1509 5389 1671 5450 atque
1699 5378 2036 5433 reviviscat?

467 5470 781 5541 Pgmtitur
846 5473 902 5527 in
936 5473 1128 5541 primis
1159 5488 1224 5528 ac
1272 5473 1666 5547 compingitur,
1721 5480 1780 5524 ut
1830 5470 2040 5525 salvum

2206 5015 2285 5067 A'.
2312 5013 2384 5066 Τὸ
2410 5010 2541 5082 γάρ,
2576 5009 2723 5079 Ἐγὼ
2766 5005 3093 5067 ἀποκτενῶ,
3134 5005 3233 5057 καί
3279 5002 3391 5069 ζῇν
3439 5000 3702 5065 ποιήσω’

2138 5103 2401 5167 πατάξω,
2443 5100 2605 5171 κάγὼ
2657 5099 2931 5167 ἰάσομαι’
2996 5095 3093 5148 καί
3132 5097 3241 5147 οὐκ
3275 5093 3452 5146 ἐστιν
3484 5092 3554 5157 ὃς
3614 5092 3703 5154 es.

2135 5194 2357 5263 ελεῒται
2380 5194 2449 5246 ἐκ
2465 5191 2584 5245 τῶν
2598 5188 2809 5261 χειρῶν
2814 5205 2953 5257 μου,
2970 5185 3263 5254 λεγόμενον
3299 5181 3405 5235 ὑπὸ
3434 5180 3528 5233 τοῦ
3555 5178 3703 5241 Θεοῦ,

2137 5285 2189 5337 τί
2215 5264 2640 5339 ἄλλο’διδάσκειν
2673 5278 2937 5350 βούλεται,
2973 5276 3006 5346 ἦ
3040 5277 3121 5328 ὅτι
3159 5274 3244 5327 διὰ
3278 5272 3438 5325 τοῦτο
3466 5272 3526 5325 τὸ
3553 5270 3702 5339 σῶμα

2139 5376 2356 5447 πρῶτον
2389 5374 2796 5434 ἀποκτίννυται,
2844 5370 2938 5423 καὶ
2975 5369 3220 5439 θνήσκει,
3272 5366 3359 5419 ἵνα
3391 5361 3549 5427 αὖθις
3582 5364 3702 5415 ἀνα-

2141 5466 2310 5537 σταθῇ
2337 5466 2430 5519 καὶ
2462 5462 2637 5537 (non;
2674 5461 3016 5514 Πατάσσεται
3060 5457 3273 5529 πρῶτον
3302 5458 3399 5509 καὶ
3433 5455 3703 5527 θραύεται,

549 5630 566 5663 ⁸
596 5627 730 5685 Dan.
763 5630 938 5697 “1,2.
1012 5630 1031 5659 ’
1061 5628 1192 5684 ibid.
1226 5630 1278 5684 3.
1357 5630 1378 5662 ³
1412 5628 1569 5683 Rom.
1602 5644 1681 5692 ιτ,
1712 5627 1803 5683 9.0.
1884 5626 2019 5715 ‘.DCI

2125 5639 2299 5689 χχιιι,
2336 5622 2424 5677 39.
2504 5622 2525 5655 ⁵
2548 5618 2609 5675 F.
2638 5616 3001 5687 ἐκθρέψαντά.
