3822 6308
100 253 249 304 1117

772 251 865 304 AD
876 251 1144 308 VERSUS
1181 251 1523 310 HERESES
1560 255 1686 312 [ΑΒ.

1792 301 1795 313 .
1837 257 2001 314 ΤΟΜ.
2042 261 2083 314 l.
2119 292 2189 302 -—
2231 261 2506 318 ll/ERES.
2549 262 2732 320 LXIV.

3217 272 3357 328 1118

100 373 191 425 ἵνα
219 368 378 435 αὖθις
436 370 571 423 σῶον
621 369 835 444 πλασθῇ
882 374 977 426 καὶ
1009 373 1177 443 ὑγιές.
1203 374 1312 429 Καὶ
1340 376 1490 430 οὐδὲν
1514 376 1686 441 ἐξελέ-

1795 376 2054 451 deinceps
2107 381 2488 451 integrumque
2537 381 2820 436 formetur.
2870 381 2980 437 Nec
3023 394 3107 439 est
3136 388 3361 442 omnino

101 464 229 516 σθαι
250 463 392 526 ὅλως
410 463 471 515 τὸ
495 462 711 515 σύνολον
726 466 825 533 τῆς
846 465 1086 536 μεγάλης
1116 466 1209 519 καὶ
1231 468 1497 538 κραταιᾶς
1524 467 1686 521 αὐτοῦ

96 555 291 625 χειρὸς
328 553 466 626 πρὸς
508 552 785 608 ἀπώλειαν
836 556 929 608 καὶ
980 556 1198 629 ὄλεθρον
1228 558 1423 622 σθένει,
1459 560 1519 611 οὐ
1554 560 1684 629 πῦρ,

95 646 158 697 οὐ
183 645 443 708 θάνατος,
472 644 532 695 οὐ
563 643 772 707 σκότος,
827 645 887 697 οὐ
917 646 1067 714 χάος,
1113 647 1171 699 οὐ
1210 647 1404 718 φθορά.
1461 650 1553 714 Τίς
1580 649 1689 718 γὰρ

97 735 284 805 ἡμᾶς,
340 736 495 807 φησὶ,
546 736 786 803 χωρίσει
846 734 960 789 ἀπό
1015 735 1122 803 τῆς
1149 735 1388 806 ἀγάπης
1426 738 1534 792 τοῦ
1560 741 1691 806 Χρι-

95 828 259 882 στοῦ
286 844 306 890 ;
337 828 395 891 ὃς
426 826 785 898 ἑρμηνεύεται
838 827 956 898 χεὶρ
989 826 1082 880 τοῦ
1118 827 1328 898 Πατρὸς
1367 828 1462 880 καὶ
1497 828 1686 896 Λόγος.

97 921 347 987 Θλίψις,
406 920 445 987 ἣ
494 919 879 986 στενοχωρία,
922 917 960 986 ἢ
1000 917 1277 987 διωγμὸς,
1332 919 1371 985 ἢ
1407 919 1600 987 λιμὸς,
1643 920 1680 986 ἢ

94 1013 429 1079 γυμνότης,
476 1012 515 1080 ἣ
562 1011 869 1077 κίνδυνος,
931 1010 968 1078 ἢ
1013 1010 1311 1087 μάχαιρα;
1347 1012 1549 1077 Καθὼς
1598 1014 1689 1083 γέ-

94 1120 383 1173 γραπται,
414 1102 503 1156 ὄτι
551 1103 759 1156 ἕνεκεν
799 1101 916 1155 σοῦ
958 1104 1365 1172 θανατούμεθα
1386 1102 1538 1169 ὅλην
1578 1104 1691 1171 τὴν

94 1195 357 1263 ἡμέραν,
388 1193 787 1262 ἐλογίσθημεν
810 1193 890 1258 ὡς
911 1193 1173 1259 πρόϐατα
1202 1191 1464 1260 σφαγῆς.
1528 1194 1689 1246 Ἀλλ’

92 1288 165 1339 ἐν
185 1286 426 1350 τούτοις
458 1282 648 1337 πᾶσιν
662 1281 1069 1350 ὑπερνικῶμεν
1094 1281 1192 1334 διὰ
1216 1280 1320 1335 τοῦ
1342 1282 1685 1351 ἀγαπῆσαι-ο

94 1394 204 1442 τος
244 1376 409 1444 ἡμᾶς
432 1392 446 1405 ⁸
478 1374 840 1446 ἀληθέστατα,
871 1372 955 1425 ἵνα
1001 1369 1282 1442 πληρωθῇ,
1318 1369 1499 1435 καθὼς
1532 1371 1687 1440 ἔφην,
1716 1402 1717 1413 ι

93 1469 181 1533 τὸ,
221 1467 376 1536 Ἐγὼ
432 1462 762 1529 ἀποκτενῶ,
819 1462 916 1515 καὶ
973 1459 1080 1530 ζῆν
1118 1460 1352 1527 ποιήσω
1381 1476 1395 1489 ⁸
1425 1460 1685 1526 πατάξω,

97 1558 265 1627 κάγὼ
302 1556 566 1625 ιάσομαι.
618 1555 727 1608 Καὶ
781 1556 891 1605 οὐκ
921 1552 1090 1605 ἐστιν
1131 1550 1197 1616 ὃς
1216 1550 1506 1614 ἐξελεῖται
1531 1550 1689 1619 ἡμᾶς

96 1652 167 1704 ἐκ
197 1649 315 1718 τῆς
357 1647 595 1716 ἀγάπης
613 1646 718 1699 τοῦ
776 1644 924 1698 Θεοῦ
962 1643 1074 1711 τῆς
1113 1644 1183 1696 ἐν
1219 1643 1450 1711 Χριστῷ
1494 1642 1689 1709 Ἰησοῦ

98 1711 584 1812 πρὸς-ἀπώλειαν.
639 1736 729 1788 Διὸ
761 1737 854 1789 καὶ
892 1734 1290 1803 ἐλογίσθημεν
1320 1735 1399 1797 ὡς
1427 1736 1688 1801 πρόϐατα
1722 1711 1764 1764 Β

96 1832 381 1902 σφαγῆς·
421 1832 523 1883 ἵνα
572 1829 978 1891 ἀποθανόντες
1021 1824 1098 1892 τῇ
1133 1826 1385 1893 ἁμαρτίᾳ
1421 1822 1688 1893 ζήσωμεν

96 1925 181 1991 τῷ
207 1922 354 1989 Θεῷ.
389 1924 501 1975 Καὶ
527 1920 700 1973 ταῦτα
730 1919 827 1989 μὲν
859 1918 1021 1989 μέχρι
1055 1915 1307 1968 τοσούτου
1345 1915 1644 1985 διεσκέφθω
1668 1933 1682 1947 ·

97 2017 169 2070 τὰ
201 2017 261 2069 δὲ
287 2014 487 2085 συνεχῆ
508 2014 718 2074 τούτοις
745 2004 847 2064 ὧδε
879 2009 1041 2062 πάλιν
1064 2009 1490 2079 προχειριστέον.

166 2109 301 2161 AA'.
334 2107 400 2159 Et
446 2107 553 2158 πᾶν
584 2104 644 2157 τὸ
688 2100 1022 2171 γεννώμενον
1066 2102 1230 2152 νοσεῖ·
1266 2101 1538 2169 προτείνει
1574 2097 1684 2168 γὰρ

92 2197 275 2261 οὕτως
298 2198 329 2249 6
356 2196 417 2260 ἐξ
438 2194 681 2257 ἐναντίας
698 2192 848 2245 "Kal
881 2191 1019 2245 κατά
1044 2191 1141 2261 τὴν
1170 2190 1401 2258 γένεσιν,
1423 2190 1517 2241 καὶ
1546 2187 1687 2241 κατά

94 2290 199 2359 τὴν
229 2287 443 2360 τροφὴν
489 2286 597 2341 ἀπὸ
640 2286 747 2338 τῶν
796 2284 1158 2356 προσιόντων,
1209 2281 1393 2352 φησὶν,
1438 2280 1682 2347 αὔξεται,

96 2382 196 2435 καὶ
224 2381 341 2434 ἀπὸ
366 2380 477 2433 τῶν
513 2378 780 2432 ἀπιόντων
814 2375 1149 2429 ἐλαττοῦται·
1179 2373 1249 2426 τὰ
1284 2373 1339 2425 δὲ
1372 2372 1446 2443 μὴ
1484 2370 1685 2440 γεννώ-

100 2488 249 2542 μενα
284 2467 541 2539 ὑγιαίνει,
573 2467 706 2538 μηδέ
739 2468 904 2529 νοσεῖ,
945 2464 1080 2535 μηδὲ
1126 2462 1459 2533 προσδεῖται,
1495 2462 1527 2531 ἢ
1568 2463 1686 2513 ἐπι-

98 2564 291 2633 θυμεῖ·
326 2559 587 2629 ἐπιθυμεῖ
616 2558 673 2612 δὲ
702 2558 769 2611 τά
795 2556 1109 2625 γεννώμενα
1137 2555 1231 2608 καὶ
1260 2554 1566 2617 συνουσίας,
1590 2554 1684 2605 καὶ

95 2651 339 2723 τροφῆς.
368 2651 442 2704 Τὸ
480 2650 533 2703 δὲ
562 2649 849 2720 ἐπιθυμεῖν
881 2649 1053 2701 νοσεῖν
1086 2648 1235 2710 ἐστι,
1272 2646 1332 2698 τὸ
1379 2644 1437 2698 δὲ
1474 2646 1547 2715 μὴ
1581 2644 1686 2697 δεῖ-

97 2746 253 2811 σθαι,
288 2742 424 2815 μηδὲ
465 2741 774 2811 ἐπιθυμεῖν,
807 2740 1091 2808 ὑγιαίνειν·
1124 2740 1272 2791 νοσεῖ
1299 2738 1355 2791 δὲ
1386 2737 1455 2790 τά
1484 2734 1686 2805 γεννώ-

100 2852 267 2904 μενα,
300 2833 384 2885 ὅτι
428 2830 717 2901 ἐπιθυμεῖ,
744 2828 813 2881 τὰ
839 2829 896 2881 δὲ
947 2828 1020 2899 μὴ
1058 2827 1371 2898 γεννώμενα
1412 2827 1473 2879 οὗ
1517 2828 1681 2879 νοσεῖ.

1790 469 2107 539 quidquam,
2165 471 2308 540 quod
2369 471 2436 524 ab
2475 471 2680 541 ingenti
2740 473 2886 527 illius
2920 473 3153 544 fortique
3196 492 3357 530 manu

1791 575 1893 616 uos
1923 561 1991 615 ad
2013 562 2291 617 interitum
2322 578 2385 618 ac
2418 565 2713 634 perniciem
2739 566 2912 634 possit
2939 568 3174 623 eximere
3202 586 3213 620 :
3248 588 3356 625 non

1792 653 1952 721 ignis,
1982 668 2090 707 non
2116 669 2283 719 mors,
2322 670 2430 708 non
2459 656 2713 716 tenebrae,
2745 672 2853 710 non
2879 657 3068 723 chaos,
3103 675 3207 713 non
3238 676 3360 715 cor-

1790 744 1989 812 ruptio.
2030 743 2161 807 Quis
2209 746 2345 797 enim
2369 762 2463 799 nos
2497 746 2782 813 separabit,
2814 747 3015 817 inquit,
3044 767 3075 802 a
3102 750 3361 805 charitate

1790 833 2027 887 Christi?
2049 834 2205 905 553
2236 851 2393 902 quem
2422 835 2600 891 Patris
2622 853 2839 891 manum
2860 854 2923 893 ac
2939 838 3170 894 Verbum
3194 843 3363 896 inter-

1793 934 2086 994 pretamur.
2123 926 2454 981 Tribuiatio?
2477 938 2568 979 aut
2607 930 2896 996 angustia?
2922 940 3011 981 aut
3032 934 3316 997 persecutio
3335 936 3361 989 ?

1791 1021 1881 1063 aut
1899 1012 2110 1080 futues?
2140 1023 2229 1065 aut
2258 1014 2470 1067 auditas
2492 1018 2516 1069 Σ)
2542 1026 2632 1067 αιιι
2654 1018 2984 1084 periculum?
3015 1021 3363 1089 autgladius.’

1789 1104 2225 1171 quemadmodum
2278 1107 2530 1173 scriptum
2586 1116 2663 1161 est
2693 1108 3001 1173 :Quoniam
3046 1122 3257 1181 propter
3311 1124 3361 1169 te

1791 1196 2178 1260 mortiﬁcamur
2235 1197 2499 1265 quotidie;
2548 1200 2804 1252 aestimati
2842 1218 3047 1266 sumus,
3076 1204 3210 1255 sicut
3243 1221 3360 1257 oves

1789 1286 2083 1339 occisionis.
2110 1286 2213 1340 Sed
2236 1288 2288 1339 in
2313 1287 2392 1339 his
2422 1288 2659 1341 omnibus
2678 1304 2985 1356 superamus
3019 1307 3107 1356 per
3121 1307 3237 1344 eum
3271 1294 3363 1361 qui

1790 1391 1881 1428 nos
1911 1375 2095 1429 dilexit
2124 1380 2168 1431 ³.
2192 1375 2493 1432 Verissime
2518 1378 2762 1442 omnino,
2799 1386 2857 1431 ut
2886 1380 3014 1433 illud
3049 1382 3355 1450 impleatur,

1789 1467 2244 1535 quemadmodum
2270 1468 2546 1523 diximus:
2583 1468 2690 1539 Ego
2717 1468 2975 1536 occidam,
3005 1482 3051 1525 et
3075 1490 3165 1543 ego
3196 1474 3359 1527 virere

1790 1558 2017 1626 faciam;
2039 1561 2351 1624 percutiam,
2379 1572 2426 1613 et
2460 1577 2552 1631 ego
2567 1564 2788 1627 sonabo,
2811 1573 2859 1617 et
2881 1581 2982 1617 non
3009 1573 3086 1618 est
3110 1566 3357 1635 quierunt

1791 1664 1883 1701 nos
1914 1664 1978 1715 ex
2015 1649 2273 1704 charitate
2330 1649 2447 1716 Dei,
2516 1668 2633 1720 qua:
2664 1663 2740 1707 est
2785 1654 2838 1707 in
2868 1654 3079 1710 Christo
3104 1655 3253 1721 Jesu,
3289 1658 3354 1710 ad

1789 1739 2013 1792 exitium
2063 1740 2336 1794 videlicet.
2398 1739 2665 1806 Quocirca
2718 1745 2972 1799 cestimati
3009 1763 3189 1800 sunms
3222 1749 3359 1800 sicut

1788 1846 1902 1901 oues
1932 1830 2226 1896 occisionis,
2250 1841 2306 1883 ut
2333 1835 2526 1887 mortui
2551 1844 2761 1902 peccato
2785 1837 3021 1891 vivamus
3040 1837 3144 1890 Deo
3178 1838 3225 1892 δ’.
3251 1838 3356 1891 Sed

1787 1919 1854 1972 de
1913 1919 1999 1973 his
2039 1920 2320 1976 hactenus.
2364 1921 2517 1979 Nune
2570 1940 2690 1994 quae
2723 1926 2811 1980 his
2850 1936 3218 1983 consentanea
3250 1929 3358 1985 sint

1788 2012 1932 2066 hth
1961 2014 2013 2066 in
2043 2014 2262 2067 modum
2291 2014 2657 2084 expromenda
2690 2024 2837 2071 sunt.

1856 2102 2045 2156 XXXI.
2078 2104 2134 2157 Si
2172 2106 2223 2158 id
2262 2120 2444 2167 omne,
2486 2106 2635 2175 quod
2660 2107 2898 2177 genitum
2929 2114 3033 2178 est,
3075 2125 3216 2180 aegre
3241 2126 3360 2165 sese

1786 2192 1966 2246 habet.
2002 2194 2077 2245 Ita
2109 2194 2254 2246 enim
2282 2196 2631 2250 adversarius
2665 2196 2858 2265 objicit
2892 2216 2905 2250 :
2934 2197 3011 2252 Ac
3041 2208 3149 2251 tam
3181 2198 3234 2251 in
3266 2214 3360 2268 ge—

1787 2283 2070 2338 neratione
2100 2284 2237 2352 ipsa,
2273 2300 2436 2353 quam
2472 2288 2771 2351 nutricatu,
2799 2298 2850 2342 et
2877 2290 2946 2343 ab
2976 2291 3362 2347 accedentibus

1785 2383 2033 2445 augetur,
2067 2383 2121 2429 et
2155 2376 2223 2429 ab
2256 2375 2647 2432 decedentibus
2687 2379 2988 2447 minuitur;
3025 2396 3145 2450 qua:
3179 2389 3360 2436 autem

1786 2467 2011 2520 minime
2067 2467 2381 2537 gignuntur,
2428 2468 2786 2524 saluberrima
2839 2480 2989 2532 sunt,
3046 2486 3147 2525 nec
3188 2487 3360 2541 aegro-

1785 2564 1901 2610 tant
1936 2572 2200 2626 unquam,
2259 2572 2434 2627 neque
2482 2559 2648 2614 ullius
2700 2560 2777 2614 rei
2824 2560 3089 2628 indigent,
3142 2568 3234 2614 aut
3267 2577 3359 2629 ap-

1785 2656 2009 2718 petunt;
2054 2662 2176 2717 quae
2210 2656 2388 2702 autem
2420 2650 2599 2719 genita
2641 2657 2790 2714 sunt,
2834 2659 2888 2704 et
2921 2651 3150 2715 coitum,
3180 2658 3234 2705 et
3265 2651 3359 2704 ali-

1786 2744 2028 2792 mentum
2054 2743 2319 2807 appetunt
2354 2755 2369 2791 :
2410 2746 2493 2793 est
2526 2747 2705 2794 autem
2738 2750 2993 2810 appetere
3028 2741 3168 2795 idem
3201 2750 3359 2811 atque

1783 2827 2442 2898 egrotare;econtrario
2490 2844 2621 2882 vero
2675 2830 2878 2885 nullius
2940 2830 3204 2900 indigere,
3262 2845 3359 2883 nec

96 2927 313 2996 Πάσχει
347 2922 406 2976 δὲ
451 2922 521 2974 τὰ
565 2920 822 2974 νοσοῦντα
870 2918 902 2987 ἢ
949 2919 1089 2972 κατὰ
1155 2917 1358 2988 πλῆθος
1403 2919 1435 2989 ἢ
1477 2918 1686 2971 ἔνδειαν

1792 2927 2061 2991 appetere,
2098 2919 2239 2973 idem
2280 2925 2365 2974 est
2395 2934 2458 2973 ac
2492 2935 2684 2974 sanum
2725 2936 2878 2986 esse;
2912 2929 3173 2991 a‘grotant
3200 2935 3363 2990 porro

94 3015 209 3068 τῶν
244 3011 688 3085 προσγινομένων
722 3010 815 3062 καὶ
847 3006 1276 3077 ἀπογινομένων·
1304 3006 1365 3058 τὸ
1391 3006 1447 3059 δὲ
1477 3006 1685 3077 πάσχον

1792 3026 2121 3089 quaecunque
2146 3018 2271 3064 nata
2300 3017 2450 3074 sunt,
2481 3011 2608 3080 quia
2638 3013 3066 3081 concupiscunt;
3095 3028 3215 3081 qua:
3236 3026 3365 3066 vero

97 3106 197 3161 καὶ
230 3104 409 3174 φθίνει
440 3103 533 3155 καὶ
557 3100 874 3155 ἀπόλλυται·
902 3098 1093 3169 διόπερ
1122 3098 1216 3150 καὶ
1253 3098 1526 3164 γεννᾶται.
1558 3097 1686 3149 Γεν-

1792 3103 2011 3158 minime
2058 3108 2188 3156 nata
2229 3112 2379 3167 sunt,
2416 3118 2525 3157 non
2569 3111 2855 3172 aegrotant.
2900 3102 3018 3157 Jam
3053 3120 3181 3158 vero
3212 3119 3364 3173 qua:-

96 3198 265 3251 νᾶται
293 3195 351 3248 δὲ
378 3197 405 3248 6
444 3192 761 3264 ἄνθρωπος·
796 3191 854 3243 οὐ
897 3189 1114 3243 δύναται
1147 3189 1252 3259 ἄρα
1301 3188 1515 3258 ἀπαθὴς
1548 3184 1685 3240 εἶναι

1792 3210 2000 3264 cunque
2022 3209 2161 3263 aegra
2203 3201 2353 3256 sunt,
2394 3209 2583 3248 eorum
2615 3209 2734 3264 quae
2772 3194 3039 3248 accedunt
3069 3193 3367 3249 decedunt-

96 3290 126 3341 6
157 3286 452 3358 ἄνθρωπος
496 3285 589 3338 καὶ
620 3284 904 3347 ἀθάνατος.
958 3281 1303 3335 Καταπὶπτει
1345 3282 1442 3351 μὲν
1471 3277 1563 3334 οὖν
1591 3282 1686 3333 καὶ

1792 3298 1872 3346 ve,
1903 3284 2059 3351 copia
2090 3282 2173 3336 vel
2210 3282 2397 3351 inopia
2437 3283 2720 3348 laborant;
2755 3284 2898 3353 quod
2935 3291 3111 3338 autem
3141 3285 3369 3353 patitur,

101 3380 201 3433 ἐπὶ
232 3378 445 3440 τούτοις
484 3377 666 3438 αὐτοῖς
701 3377 729 3427 6
758 3374 933 3442 λόγος.
973 3375 1032 3426 Et
1065 3373 1173 3443 γὰρ
1202 3374 1307 3426 πᾶν
1343 3373 1404 3425 τὸ
1430 3372 1686 3443 γιγνόμε-

1792 3374 2067 3443 corrumpi
2102 3382 2265 3443 atque
2297 3373 2524 3429 interire
2550 3389 2776 3429 necesse
2806 3383 2912 3438 est,
2941 3376 3099 3445 cujus
3132 3376 3208 3431 rei
3242 3392 3371 3446 gra-

99 3488 218 3535 νον,
262 3468 296 3539 ἢ
344 3466 683 3536 γεννώμενον
729 3465 1024 3518 ἀπόλλυται
1067 3463 1329 3534 (διαφέρει
1381 3464 1487 3533 γὰρ
1539 3463 1686 3516 οὐδὲν

99 3561 283 3623 οὕτως
319 3560 513 3611 εἰπεῖν·
542 3555 728 3625 ἐπειδὴ
758 3554 849 3608 Stat
874 3556 924 3607 οἱ
957 3554 1372 3626 πρωτόπλαστοι
1402 3555 1501 3607 οὐκ
1531 3555 1685 3624 ἐγεν-

98 3652 374 3723 νήθησαν,
407 3648 519 3701 ἀλλ’
555 3646 936 3717 ἐγενήθησαν)·
969 3647 1183 3715 γενητοὶ
1222 3646 1278 3699 δέ
1319 3646 1413 3699 καὶ
1443 3648 1490 3699 οἱ
1521 3647 1686 3715 ἀγγερ

99 3746 207 3809 λοι,
243 3743 338 3796 καὶ
366 3741 423 3794 αἱ
454 3740 623 3809 ψυχαὶ
675 3739 760 3808 ('0
794 3736 978 3791 ποιῶν
1007 3736 1147 3801 τοὺς
1180 3736 1469 3805 ἀγγέλους
1502 3736 1687 3790 αὑτοῦ

100 3832 464 3903 πνεύματα)·
497 3829 821 3884 ἀπόλλυνται
852 3827 959 3899 ἄρα
990 3828 1038 3880 οἱ
1070 3827 1287 3895 ἄγγελοι
1317 3828 1434 3880 κατ’
1466 3827 1684 3890 αὐτοὺς,

100 3927 203 3980 καί
232 3925 290 3978 αἱ
335 3921 519 3992 ψυχαί.
563 3919 721 3972 Ἀλλά
763 3918 885 3971 οὔτε
918 3918 965 3970 οἱ
996 3916 1243 3985 ἄγγελοι,
1272 3915 1395 3968 οὔτε
1431 3917 1487 3968 αἱ
1519 3916 1688 3984 ψυχαὶ

100 4016 463 4071 ἀπόλλυνται·
491 4012 733 4066 ἀθάνατα
754 4009 864 4080 γὰρ
885 4008 1056 4061 ταῦτα
1072 4008 1166 4061 καὶ
1183 4007 1486 4077 ἁδάμαστα,
1504 4005 1689 4069 καθὼς

100 4109 396 4177 ὁποιήσας
440 4101 579 4158 εἶναι
631 4102 970 4174 βεϐούληται.
1031 4100 1321 4162 Ἀθάνατος
1370 4098 1478 4169 ἄρα
1522 4098 1613 4151 καὶ
1663 4097 1693 4149 ό

101 4200 419 4270 ἄνθρωπος.
453 4197 565 4253 Οὐκ
593 4195 820 4265 ἀρεστὸν
847 4195 904 4247 δὲ
940 4194 1115 4245 ἐκεῖνο
1133 4232 1147 4257 ,
1183 4191 1244 4244 τὸ
1273 4191 1450 4258 λέγειν
1483 4192 1561 4254 εις
1589 4189 1688 4262 ἆρ-

100 4293 207 4362 δην
245 4288 563 4344 ἀπολεῖσθαι
592 4286 650 4338 τὸ
684 4287 812 4350 πᾶν,
871 4285 966 4337 καὶ
998 4283 1099 4353 γῆν
1138 4282 1234 4335 καὶ
1291 4280 1429 4352 ἀέρα
1466 4281 1560 4333 καὶ
1602 4282 1691 4333 οὐ·

1789 3469 1864 3522 tia
1891 3468 2150 3539 gignitur.
2181 3466 2346 3536 Atqui
2381 3465 2543 3520 homo
2568 3466 2826 3536 gignitur.
2850 3466 2967 3521 Non
2995 3477 3174 3538 potest
3204 3469 3367 3539 igitur

1790 3560 1952 3613 homo
1983 3557 2255 3627 passionis
2286 3550 2479 3626 expers
2526 3565 2579 3610 et
2628 3558 2951 3612 immortalis
2990 3573 3129 3614 csse.
3166 3559 3364 3615 Verum

1790 3650 1874 3705 vel
1898 3650 1962 3703 iis
1980 3650 2115 3719 ipsis
2136 3649 2353 3703 illorum
2374 3649 2637 3703 evertitur
2653 3648 2849 3702 oratio.
2882 3647 3013 3701 Nam
3040 3650 3084 3703 si
3106 3650 3365 3720 quidquid

1790 3740 2114 3809 productum
2168 3747 2263 3792 aut
2313 3739 2558 3809 genitum
2606 3746 2723 3805 est,
2778 3738 2964 3794 interit
3000 3739 3157 3809 (nihil
3190 3750 3369 3794 autem

1792 3827 1980 3888 refert,
2018 3827 2066 3881 si
2097 3826 2170 3878 ita
2204 3825 2527 3886 dixerimus,
2572 3824 2831 3893 quoniam
2876 3825 3033 3892 primi
3066 3826 3239 3879 nostri
3270 3840 3368 3893 pa-

1792 3926 1976 3972 rentes
2000 3932 2106 3970 non
2131 3917 2297 3987 geniti
2328 3923 2476 3977 sunt,
2497 3914 2593 3969 sed
2615 3914 2910 3983 producti):
2940 3930 3063 3967 cum
3093 3922 3145 3967 et
3170 3914 3367 3984 angeli,

1792 4016 1847 4063 et
1886 4008 2080 4061 anima:
2122 4007 2405 4076 productae
2443 4008 2553 4061 sint
2588 4006 2875 4075 (scriptum
2908 4013 2991 4060 est
3029 4007 3172 4059 enim
3215 4027 3228 4061 :
3265 4008 3373 4073 Qui

1794 4098 1922 4167 facit
1962 4097 2174 4166 angelos
2220 4112 2341 4150 suos
2384 4093 2707 4163 spiritus‘),
2739 4110 2806 4147 ex
2847 4093 3062 4147 illorum
3114 4094 3370 4163 opinione

1792 4204 2133 4259 consequens
2165 4196 2267 4252 est,
2305 4195 2413 4243 tam
2442 4187 2686 4256 angelos,
2722 4201 2883 4255 quam
2923 4186 3134 4241 animas
3173 4185 3368 4256 perire.

1793 4282 1863 4336 At
1900 4296 2077 4349 neque
2116 4278 2312 4348 angeli,
2341 4292 2518 4347 neque
2545 4278 2738 4331 animae
2770 4276 3048 4342 occidunt,
3074 4283 3202 4331 sunt
3224 4275 3371 4331 enim

106 4382 278 4454 ρανὸν
320 4381 395 4450 μὴ
441 4377 678 4431 ἔσεσθαι.
726 4375 1205 4447 Ἐκπυρωθήσεται
1252 4374 1350 4444 μὲν
1398 4372 1505 4443 γὰρ
1552 4372 1686 4442 πρὸς

1794 4372 2163 4435 immortales;
2190 4386 2288 4424 nec
2309 4386 2340 4423 a
2360 4385 2635 4440 quoquam
2658 4369 2900 4423 edomari
2922 4376 3170 4439 possunt,
3191 4384 3371 4439 quem-

101 4472 378 4542 κάθαρσιν
405 4470 497 4523 καὶ
530 4467 917 4537 ἀνακαινισμὺν
956 4465 1218 4530 καταϐὰς,
1256 4460 1301 4532 ᾧ
1334 4466 1443 4528 πᾶς
1482 4466 1497 4496 ί
1532 4466 1560 4516 6
1592 4464 1688 4517 κό-

104 4580 251 4635 σμος
301 4560 769 4629 κατακλυζόμενος
818 4557 982 4629 πυρὶ,
1023 4557 1082 4609 οὐ
1140 4556 1244 4627 μὴν
1289 4557 1370 4619 είς
1418 4555 1693 4609 ἀπώλειαν

106 4651 394 4707 ἐλεύσεται
423 4649 659 4720 παντελῆ
711 4649 805 4701 καὶ
847 4646 1072 4717 φθοράν.
1110 4647 1173 4698 Et
1212 4646 1320 4717 γὰρ
1354 4649 1600 4718 κρεῖττον
1632 4645 1694 4698 τὸ

110 4744 195 4816 μὴ
242 4738 382 4796 εἶναι
430 4740 524 4794 τοῦ
577 4736 715 4792 εἶναι
769 4739 861 4792 τὸν
911 4738 1144 4807 κόσμον,
1194 4737 1284 4790 διὰ
1313 4736 1365 4789 τί
1411 4736 1471 4789 τὸ
1518 4738 1694 4807 χεῖρον

106 4836 301 4907 ᾑρεῖτο
335 4832 565 4901 ποιήσας
594 4830 683 4883 τὸν
713 4829 916 4898 κόσμον
950 4828 979 4879 6
1017 4827 1181 4891 Θεόςς
1211 4826 1467 4890 Ματαίως
1490 4826 1697 4896 ἐχειρο-

108 4924 284 4978 ποίει.
322 4920 531 4974 Οὐκοῦν
561 4922 640 4983 εἰς
679 4919 743 4971 τὸ
792 4917 928 4971 εἶναι
978 4919 1073 4972 καὶ
1118 4918 1300 4989 μένειν
1328 4919 1424 4987 τὴν
1462 4917 1638 4970 κτίσιν
1668 4919 1696 4971 6

110 5017 250 5079 Θεὸς
283 5013 698 5083 διεκοσμήσατο,
730 5010 982 5081 καθάπερ
1011 5009 1103 5063 καὶ
1138 5012 1171 5078 ἡ
1206 5010 1373 5077 Σοφία
1399 5008 1465 5060 δι’
1494 5008 1531 5061 ἃ
1558 5026 1686 5061 συν-

113 5109 351 5175 ίστησιν,
389 5106 625 5156 Ἔκτισε
652 5102 761 5172 γὰρ
792 5104 880 5168 εὶς
925 5103 991 5154 τὸ
1029 5099 1202 5165 εἶναι,
1236 5101 1490 5169 λέγουσα,
1550 5102 1691 5154 πάν-

111 5217 189 5253 τα
212 5200 246 5251 ό
276 5197 439 5261 Θεός·
470 5194 568 5247 καὶ
605 5194 885 5262 σωτήριοι
913 5196 973 5247 αὶ
1009 5193 1278 5262 γενέσεις
1304 5192 1410 5246 τοῦ
1440 5194 1693 5263 κόσμου,

112 5290 217 5344 καὶ
246 5289 357 5341 οὐκ
384 5286 556 5339 ἐστιν
586 5286 655 5338 ἐν
678 5285 886 5353 αὐταῖς
914 5285 1228 5355 φάρμακον
1251 5284 1519 5352 ὀλέθρου.

1796 4464 2085 4518 admodum
2125 4462 2341 4515 illorum
2369 4459 2650 4515 Conditori
2683 4460 2905 4528 placuit.
2950 4458 3116 4528 igitur
3148 4458 3371 4511 immor-

1797 4554 1924 4609 talis
1947 4564 2032 4608 est
2065 4553 2249 4606 homo.
2283 4549 2388 4606 Sed
2426 4566 2527 4605 nec
2558 4548 2691 4603 illud
2724 4564 3053 4619 magnopere
3087 4547 3289 4618 probo;
3325 4547 3370 4603 si

1798 4653 1853 4702 et
1885 4644 2129 4699 funditus
2154 4644 2258 4698 hoc
2288 4644 2601 4698 universum
2633 4642 2932 4711 periturum
2958 4656 3080 4695 esse
3100 4640 3369 4701 dicamus,

1795 4744 1851 4792 et
1884 4744 2107 4801 terram,
2136 4743 2300 4805 atque
2325 4748 2528 4797 aerem,
2561 4739 2615 4787 et
2644 4731 2842 4785 coelum
2872 4730 3197 4800 quandoque.
3221 4729 3371 4784 desi-

1794 4837 1998 4883 turum.
2044 4825 2325 4896 Siquidem
2373 4830 2522 4877 totus
2553 4820 2643 4875 hic
2670 4820 2928 4882 mundus,
2956 4827 3014 4873 ut
3043 4818 3261 4888 purgari
3292 4817 3372 4871 in-

1797 4920 2139 4988 staurarique
2179 4916 2372 4987 possit,
2405 4912 2811 4969 exundantibus
2852 4910 3085 4964 ﬂammis
3120 4908 3373 4964 inccndio

1798 5009 2172 5080 conflagrabit,
2211 5004 2372 5076 55E
2399 5020 2507 5058 non
2542 5011 2721 5057 tamen
2757 5000 3000 5055 interibit
3029 5015 3093 5055 ac
3126 5014 3372 5054 corrum-

1798 5111 1958 5173 petur
1988 5101 2233 5154 omnino.
2274 5097 2487 5151 Etenim
2520 5097 2567 5148 si
2598 5093 2862 5147 mundum
2893 5108 3002 5146 non
3038 5107 3180 5155 esse,
3209 5106 3372 5162 quam

1800 5207 1924 5247 esse
1949 5191 2144 5245 melius
2173 5196 2276 5252 est,
2309 5202 2407 5242 cur
2436 5183 2581 5255 quod
2612 5183 2851 5239 deterius
2880 5193 2962 5239 est
2992 5183 3254 5238 mundum
3288 5181 3371 5236 fa-

1799 5283 2065 5339 bricando
2100 5281 2243 5337 Deus
2267 5280 2512 5349 eligeret,
2547 5295 2611 5334 ac
2645 5279 2848 5336 frustra
2893 5293 3030 5348 Opus
3071 5278 3204 5333 illud
3243 5290 3372 5346 pro-

118 5382 377 5440 duceret?
416 5379 781 5447 Quamobrem
840 5388 900 5433 ut
952 5387 1137 5434 essent
1190 5393 1254 5431 ac
1294 5386 1596 5439 manerent,
1647 5377 1895 5433 conditas
1952 5391 1984 5431 a
2028 5390 2087 5431 se
2127 5391 2217 5431 res
2260 5373 2403 5429 Deus
2460 5374 2771 5439 constituit;
2812 5373 2865 5427 id
2906 5371 3049 5441 quod
3094 5367 3371 5431 Sapientia

115 5477 409 5531 confirmat
439 5475 525 5529 his
558 5474 738 5529 verbis
766 5492 777 5527 :
811 5472 1019 5529 Creavit
1056 5473 1196 5527 enim
1224 5479 1281 5525 ut
1309 5479 1479 5524 essent
1510 5471 1689 5525 omnia
1712 5482 1883 5533 uvas;
1915 5478 1963 5523 et
1997 5468 2256 5522 salutares
2285 5477 2407 5522 sunt
2438 5466 2619 5522 mundi
2644 5467 3026 5538 generationes.
3059 5462 3170 5517 Nec
3200 5469 3279 5516 est
3318 5460 3371 5515 in

118 5573 230 5628 illis
256 5570 692 5625 medicamentum
717 5570 867 5624 exitii
892 5570 934 5623 ⁵.

201 5687 217 5718 ⁸
253 5685 382 5741 Cor.
427 5685 590 5749 ἅπας.
667 5682 871 5740 'llom.
904 5681 1578 5750 vm.35:Psal.xuu,22.
1653 5682 1672 5713 ³

1792 5688 1871 5735 :tr.
1908 5696 1966 5746 ιι,
1992 5680 2081 5735 24.
2161 5680 2341 5738 ⁸Ρδοι.
2368 5680 2570 5746 euut;
2597 5678 2761 5734 Hebr.
2793 5694 2832 5736 ι.
2870 5677 2923 5729 7.
2998 5674 3018 5705 ⁸
3051 5671 3178 5741 Sap.
3206 5683 3246 5737 ι,
3282 5667 3369 5726 ﬂ.
