3822 6288
451 210 592 267 “I9

1851 217 1909 274 S.
1949 213 2288 272 EPIPHANII

3555 221 3695 274 H20

523 327 624 383 Cui
653 335 708 382 et
738 343 1026 399 perspicue
1058 329 1264 386 Paulus
1299 331 1649 402 astipulatur,
1681 333 1809 388 dum
1840 335 1916 389 ita
1947 336 2027 390 lo-

2199 332 2310 386 Καὶ
2331 334 2360 386 6
2390 331 2601 418 Παῦλος
2637 332 2694 386 δὲ
2721 333 2907 402 σαφῶς
2935 338 3224 408 μαρτυρεῖ,
3251 336 3461 406 λέγων·
3496 338 3558 393 Ἡ
3591 339 3694 408 γὰρ

454 419 675 489 quitur:
707 417 849 472 Nam
869 422 1190 489 exspectatio
1221 432 1477 476 creatura:
1499 423 1859 482 reuelationem
1880 427 2022 494 ﬁlio-

2138 422 2570 492 ὶποκαραδοκία
2593 417 2709 492 τῆς
2737 425 2988 492 κτίσεως
3022 427 3134 494 τὴν
3165 429 3556 498 ἀποκάλυψιν
3583 430 3692 482 τῶν

455 528 573 564 rum
619 511 714 564 Dei
743 522 1031 580 exspectat.
1080 513 1323 568 Vunitati
1357 517 1497 568 enim
1523 528 1767 569 creatura
1794 518 2025 586 subjecta

2138 515 2269 568 υἱῶν
2304 515 2408 569 τοῦ
2449 515 2597 569 Θεοῦ
2639 516 3050 587 ἀπεκδέχεται.
3090 519 3169 588 Τῇ
3213 521 3322 591 γὰρ
3353 524 3692 590 ματαιότητι

454 613 554 668 est,
589 620 692 656 non
726 604 933 668 uolens;
963 605 1052 658 sed
1085 615 1296 675 propter
1327 623 1442 660 eum
1474 609 1562 676 qui
1585 608 1803 677 subjecit
1832 627 1945 663 eam
1971 613 2024 664 in

456 710 566 763 spe,
597 693 736 763 quod
762 705 814 750 et
840 696 955 762 ipsa
986 705 1228 750 creatura
1259 697 1568 751 liberabitur
1592 715 1622 752 a
1650 700 1891 753 servitute
1911 717 2029 752 cor-

457 785 719 852 ruptionis
753 786 809 838 in
842 784 1136 838 libertatem
1161 785 1347 856 gloria:
1373 787 1606 856 ﬁliorum
1634 787 1753 842 Dei.
1792 788 2026 842 Vanitati

457 875 642 942 quippe
671 882 918 926 creatura
942 873 1173 942 subjecta
1199 884 1298 938 est,
1333 875 1409 927 ait
1428 876 1470 928 ¹.
1498 875 1580 930 Ab
1608 875 1708 930 hac
1731 891 1893 945 porro
1916 893 2030 932 ser-

459 965 632 1019 vitute
663 964 950 1018 liberatum
990 965 1057 1016 iri
1093 974 1398 1018 creaturam
1436 973 1714 1034 exspectat
1747 985 1760 1020 :
1793 982 1900 1036 quo
1932 984 2030 1020 no-

460 1057 608 1111 mine
641 1055 900 1110 tnundum
938 1057 1079 1109 hunc.
1115 1057 1426 1126 signiﬁcare
1470 1058 1677 1111 volunt.
1728 1056 1846 1112 Non
1885 1060 2027 1120 enim

460 1164 582 1217 quae
629 1148 800 1202 videri
846 1155 1146 1218 nequeunt,
1200 1150 1294 1203 sed
1348 1150 1463 1204 haec
1513 1166 1633 1220 qua:
1681 1152 2030 1220 aspectabilia

461 1249 610 1304 sunt,
661 1243 986 1312 corruptela:
1044 1241 1306 1296 serviunt.
1333 1240 1511 1295 Manet
1572 1242 1736 1311 igitur
1784 1251 2030 1297 creatura

460 1333 738 1388 meliorem
782 1334 835 1386 in
884 1342 1086 1388 statum
1130 1335 1602 1404 decentioremque
1634 1343 1911 1397 renovata.
1944 1351 2030 1390 re—

461 1425 802 1479 Surrectione
827 1432 1048 1495 prOpter
1073 1423 1163 1478 Dei
1194 1425 1332 1478 lilios
1369 1425 1612 1495 gaudens
1645 1433 1698 1480 et
1729 1427 2029 1494 exsultans;

460 1531 690 1586 quorum
718 1517 892 1586 gratia
922 1517 1210 1586 ingemiscit
1232 1525 1280 1570 et
1304 1517 1534 1586 parturit
1585 1517 1735 1571 modo
1758 1521 1777 1549 ¹
1823 1517 2034 1573 redem-

462 1609 698 1677 ptionem
748 1615 996 1662 nostram
1044 1623 1072 1660 a
1124 1607 1474 1676 corruptione
1511 1607 1625 1676 ipsa
1666 1608 1914 1677 corporis
1941 1623 2034 1662 ex-

2125 605 2163 671 ὴ
2205 606 2398 670 κτίσις
2449 603 2735 673 ὑπετάγη,
2789 609 2902 676 οὐχ
2934 607 3182 672 ἑκοῦσα,
3235 611 3395 664 ἀλλὰ
3437 611 3539 664 διὰ
3593 613 3689 663 τόν

2126 694 2504 758 ’ὑποτάξαντα
2546 696 2638 748 ἐπ’
2678 697 2900 760 ἐλπίδι.
2950 699 3040 752 ὅτι
3089 701 3186 753 καὶ
3224 700 3377 767 αὐτὴ
3412 703 3451 770 ἡ
3500 702 3692 766 κτίσις

2127 786 2663 856 ἐλευθερωθήσεται
2694 788 2813 844 ἀπὸ
2857 788 2963 856 τῆς
3017 791 3295 859 δουλείας
3339 793 3444 860 τῆς
3472 793 3691 862 φθορᾶς

2127 879 2213 941 εἰς
2263 876 2376 944 τὴν
2456 878 2804 946 ἐλευθερίαν
2862 879 2974 948 τῆς
3035 882 3220 951 δόξης
3289 882 3406 938 τῶν
3470 885 3691 938 τέκνων

2129 968 2234 1021 τοῦ
2293 969 2461 1023 Θεοῦ.
2518 969 2597 1038 Τῇ
2657 971 2766 1040 γὰρ
2826 976 3172 1043 ματαιότητι
3227 976 3267 1042 ἡ
3333 977 3528 1042 κτίσις
3584 979 3690 1031 ὐπ-

2133 1054 2335 1126 ετάγη,
2358 1057 2542 1128 φησίν.
2599 1049 3154 1134 Ἐλευθερωθήσεσθαι
3198 1063 3255 1116 δὲ
3301 1065 3400 1134 τῆς
3446 1064 3690 1136 τοιαύτης

2130 1146 2371 1210 δουλείας
2404 1149 2676 1220 προσδοκᾷ
2706 1151 2904 1219 κτίσιν,
2943 1153 3034 1206 τὸν
3068 1153 3268 1224 κόσμον
3297 1153 3489 1207 τοῦτον
3516 1154 3691 1224 βουλό-

2135 1255 2294 1310 μενος
2320 1240 2416 1293 νῦν
2445 1241 2650 1295 καλεῖν.
2682 1244 2756 1296 Οὐ
2789 1245 2896 1315 γὰρ
2933 1245 3001 1298 τὰ
3033 1245 3104 1316 μὴ
3135 1245 3445 1316 βλεπόμενα
3474 1250 3539 1318 τῇ
3575 1247 3680 1314 φθο

2136 1334 2203 1404 ρᾷ
2248 1333 2508 1400 δουλεύει,
2555 1335 2690 1389 ἀλλὰ
2739 1337 2910 1389 ταῦτα
2955 1337 3017 1407 δὴ
3064 1338 3133 1390 τὰ
3174 1337 3500 1409 βλεπόμενα.
3532 1339 3693 1392 Μένει

2131 1425 2240 1495 ἄρα
2268 1425 2300 1496 ἡ
2329 1425 2505 1489 κτίσις
2545 1428 2627 1490 εἰς
2658 1427 2718 1480 τὸ
2750 1429 2970 1498 ἄμεινον
2999 1429 3568 1498 ἁνακαινοποιηθείσα,
3607 1431 3693 1482 καὶ

2133 1519 2574 1590 εὐπρεπέστερον
2620 1519 2995 1591 ἀγαλλομένη,
3032 1519 3125 1572 καὶ
3168 1522 3435 1590 χαίρουσα
3463 1521 3556 1571 ἐπὶ
3593 1522 3694 1582 τοῖς

2132 1607 2341 1671 τέκνοις
2384 1609 2478 1662 τοῦ
2521 1609 2652 1662 Θεοῦ
2695 1612 2759 1680 τῇ
2797 1610 3087 1664 ἀναστάσει
3119 1627 3134 1642 ·
3175 1609 3242 1663 δι’
3279 1608 3373 1673 οὓς
3413 1607 3692 1672 στενάζει,

462 1707 738 1767 spectans,
765 1707 823 1752 ut
847 1713 969 1752 cum
1002 1714 1100 1753 nos
1129 1714 1156 1751 a
1186 1700 1413 1751 mortuis
1438 1698 1699 1752 fuerimus
1722 1699 1936 1753 excitati
1967 1714 2030 1752 ac

2138 1699 2231 1752 καὶ
2259 1699 2575 1754 συνωδίνει
2602 1701 2738 1766 νῦν,
2763 1701 2858 1772 τὴν
2885 1701 3256 1773 ἀπολύτρωσιν
3283 1702 3441 1772 ἡμῶν
3474 1701 3582 1754 ἀπὸ
3606 1701 3696 1771 τῆς

461 1790 848 1844 mortalitatem
893 1791 1079 1844 carnis
1116 1793 1541 1852 excusserimus,
1577 1806 1673 1860 pro
1709 1806 1773 1844 eo
1801 1805 1862 1842 ac
1895 1791 2032 1843 scri-

463 1890 612 1950 ptum
646 1892 726 1938 est
760 1902 774 1937 :
811 1881 1007 1936 Excute
1029 1883 1287 1950 pulverem
1312 1892 1360 1935 et
1393 1899 1644 1951 consurge
1669 1899 1686 1942 ,°
1711 1881 1850 1944 sede,
1875 1879 2034 1934 Jeru-

461 1966 626 2025 salem
646 1973 687 2025 ³.
716 1971 963 2041 Cumque
994 1988 1024 2024 a
1053 1983 1276 2040 peccato
1304 1972 1512 2024 liberati
1547 1971 1829 2036 fuerimus,
1859 1985 1889 2022 a
1913 1985 2035 2023 cor-

466 2063 716 2132 raptione
747 2064 864 2132 ipsa
901 2077 1119 2133 quoque
1153 2063 1445 2128 liberetur;
1496 2077 1594 2114 nec
1639 2062 1752 2130 jam
1785 2061 2031 2122 vanitati,

465 2154 558 2207 sed
587 2152 817 2222 justitite
845 2153 1064 2206 serviat.
1101 2151 1309 2206 Scimus
1340 2153 1476 2205 enim
1506 2151 1644 2219 quod
1679 2152 1848 2204 omnis
1879 2167 2030 2204 crea-

467 2253 586 2293 tura
613 2241 905 2312 ingemiscit
944 2249 994 2294 et
1024 2241 1254 2308 parturit
1287 2256 1446 2309 usque
1475 2240 1664 2293 adhuc.
1707 2239 1828 2293 Non
1863 2240 2035 2294 solum

464 2341 672 2392 autem.
713 2331 802 2385 sed
852 2341 901 2385 et
951 2348 1045 2384 nos
1097 2332 1363 2399 primitias
1407 2331 1624 2398 spiritus
1674 2331 1938 2395 habentes,
1984 2342 2034 2385 et

465 2424 566 2492 ipsi
595 2424 648 2476 in
679 2422 825 2476 nobis
852 2423 980 2489 ipsis
1003 2425 1257 2491 gemimus
1294 2420 1627 2490 adoptionem
1653 2432 2031 2491 exspectantes,

464 2513 867 2582 redemptionem
893 2514 1128 2578 corporis
1161 2513 1395 2565 nostri".
1433 2513 1503 2564 Ita
1533 2525 1584 2566 ct
1617 2513 1818 2567 Isaias:
1851 2514 2036 2579 Quem-

463 2601 748 2656 admodum
779 2603 938 2667 enim,
970 2602 1172 2670 inquit,
1204 2602 1388 2655 cwlum
1415 2619 1603 2655 novum
1630 2613 1678 2656 et
1715 2613 1858 2656 terra
1879 2621 2032 2666 nova,

474 2707 578 2760 tua:
601 2707 692 2760 ego
717 2691 877 2758 facio,
908 2699 1118 2743 manent
1145 2707 1322 2743 coram
1351 2707 1448 2754 me,
1485 2691 1611 2743 dicit
1652 2690 1930 2757 Dominus,
1959 2692 2036 2744 sic

462 2781 562 2831 erit
593 2796 762 2832 semen
788 2789 1033 2843 vestrum,
1060 2787 1107 2831 et
1134 2795 1318 2831 nomen
1343 2779 1611 2842 vestrum"
1636 2796 1649 2844 ;
1680 2795 1741 2832 ac
1772 2796 1990 2833 rursum
2018 2799 2032 2836 :

466 2871 555 2926 Sic
592 2870 722 2924 dicit
766 2871 1024 2925 Dominus
1057 2871 1147 2939 qui
1185 2871 1306 2939 fecit
1357 2872 1564 2934 coelum,
1599 2872 1681 2924 hic
1722 2873 1812 2942 qui
1842 2882 2036 2925 terram

462 2961 725 3026 condidit,
761 2973 808 3016 et
843 2963 966 3030 fecit
999 2963 1188 3026 illaut;
1224 2964 1334 3030 ipse
1367 2964 1611 3016 discrevit
1638 2963 1825 3027 illam;
1853 2981 1954 3018 non
1984 2965 2036 3017 in

2134 1790 2340 1862 φθορᾶς
2366 1792 2460 1844 καὶ
2495 1793 2630 1862 αὐτὴ
2663 1792 2756 1845 τοῦ
2785 1791 3035 1864 σώματος
3087 1794 3516 1865 ἀπεκδεχομένη,
3557 1795 3696 1857 ὅπως

2133 1880 2289 1952 ἡμῶν
2319 1879 2708 1952 ὲξεγερθέντων
2763 1881 2856 1935 καὶ
2890 1881 3366 1952 ἁποτιναξαμένων
3393 1882 3493 1952 τὴν
3519 1885 3697 1950 νεκρό-

2131 1988 2274 2042 τητα
2297 1974 2394 2041 τῆς
2429 1973 2650 2042 σαρκὸς,
2681 1973 2820 2026 κατὰ
2842 1973 2903 2024 τὸ
2930 1972 3331 2042 γεγραμμένον·
3372 1972 3690 2036 Ἐκτίναξιιι

2134 2063 2240 2115 τὸν
2272 2063 2425 2131 χοῦν
2455 2064 2558 2117 καὶ
2597 2063 2922 2130 ἀνάστηθι·
2968 2064 3253 2130 κάθισον,
3299 2065 3695 2134 Ἰερουσαλήμ.

2149 2153 2648 2226 Ἐλευθερωθέντων
2675 2173 2735 2208 τε
2765 2156 2865 2226 τῆς
2892 2157 3186 2226 ἁμαρτίας,
3215 2155 3698 2227 ἐλευθερωθήσεται

2137 2243 2229 2297 καὶ
2267 2244 2404 2315 αὐτὴ
2449 2245 2547 2314 τῆς
2588 2245 2824 2317 φθορᾶς,
2879 2247 3074 2316 μηκέτι
3115 2248 3180 2317 τῇ
3225 2247 3548 2318 ματαιότητι
3580 2247 3693 2301 δου-

2135 2334 2398 2399 λεύουσα,
2448 2335 2582 2388 ἀλλὰ
2631 2340 2695 2408 τῇ
2739 2337 3070 2411 δικαιοσύνῃ.
3120 2337 3375 2408 Οἴδαμεν
3422 2339 3569 2408 γὰρ,
3613 2340 3697 2395 ὅτι

2135 2427 2302 2480 πᾶσα
2331 2429 2369 2495 ἡ
2413 2427 2608 2494 κτίσις
2649 2429 3032 2494 συστενάζει,
3077 2431 3175 2484 καὶ
3212 2429 3530 2484 συνωδίνει
3569 2431 3698 2500 ἄχρι

2134 2517 2240 2572 τοῦ
2269 2518 2403 2575 νῦν.
2436 2521 2516 2574 Οὐ
2540 2523 2732 2589 μόνον
2756 2521 2841 2584 δὲ,
2870 2522 3031 2576 ἀλλὰ
3057 2522 3153 2576 καὶ
3184 2521 3351 2575 αὐτοὶ
3378 2523 3493 2590 τὴν
3522 2523 3700 2591 ἀπορ-

2135 2608 2256 2677 χὴν
2282 2610 2389 2664 τοῦ
2414 2612 2749 2681 πνεύματος
2774 2612 3037 2681 ἔχοντες.
3061 2613 3160 2669 καί
3186 2614 3354 2668 αὐτοὶ
3381 2613 3452 2666 ἐν
3475 2613 3698 2680 ἑαυτοῖς

2137 2696 2517 2771 στενάζομεν,
2561 2706 2867 2757 υἱοθεσίαν
2901 2704 3386 2773 ἀπεκδεχόμενοι,
3416 2703 3530 2771 τὴν
3559 2705 3694 2758 dao-

2135 2791 2436 2860 λύτρωσιν
2464 2792 2569 2846 τοῦ
2597 2793 2869 2861 σώματος
2889 2791 3074 2861 ἡμῶν.
3112 2793 3220 2847 Καὶ
3245 2795 3273 2846 6
3315 2794 3566 2859 Ἡσαΐας
3601 2797 3697 2846 Ὃν

2136 2884 2358 2950 τρόπον
2389 2884 2498 2952 γὰρ
2525 2887 2557 2937 ό
2583 2884 2838 2951 οίιριινὸς
2871 2884 3077 2952 καινὸς
3111 2884 3209 2938 καὶ
3246 2886 3283 2953 ἡ
3325 2884 3403 2954 γῆ
3439 2882 3628 2952 καινὴ,
3658 2884 3695 2937 ιι

2137 2975 2271 3044 ἐγὼ,
2308 2975 2459 3045 φησὶ,
2492 2975 2670 3038 ποιῶ,
2718 2976 2880 3044 μένει
2910 2977 3166 3032 ἐνώπιόν
3205 2995 3349 3048 μου,
3392 2976 3556 3047 λέγει
3591 2977 3694 3030 Κύο

464 3071 672 3117 vanum,
720 3054 808 3107 sed
848 3065 904 3106 ut
947 3053 1275 3109 habitetur“.
1326 3053 1486 3124 555
1535 3051 1666 3108 Nam
1706 3070 1892 3110 revera
1930 3071 2035 3110 non

2138 3083 2288 3134 ριοςο
2319 3065 2507 3130 οὕτως
2534 3068 2705 3120 ἔσται
2738 3066 2802 3119 τὸ
2832 3067 3068 3137 σπέρμα
3091 3069 3275 3137 ὑμῶν,
3305 3069 3402 3123 καὶ
3430 3067 3496 3122 τό
3525 3070 3696 3136 creua

466 3145 692 3204 frustra.
719 3155 895 3215 [atque
929 3145 1164 3198 inaniter
1196 3153 1252 3198 et
1279 3145 1346 3198 ad
1378 3145 1626 3211 exitium,
1666 3162 1729 3201 ex
1766 3147 2043 3217 ineptissi-

464 3248 678 3288 ntorum
718 3234 1000 3290 hominum
1053 3233 1314 3304 opinione
1365 3241 1540 3289 totum
1593 3235 1696 3290 hoc
1725 3237 2040 3291 universum

463 3325 702 3379 condidit
752 3324 918 3387 Deus.
968 3325 1062 3380 sed
1115 3335 1173 3379 ut
1211 3333 1376 3389 esset,
1409 3333 1462 3379 et
1493 3325 1848 3391 habitaretur,
1881 3336 2043 3397 atque

467 3424 828 3484 permaneret.
866 3417 1020 3473 Unde
1048 3428 1102 3473 et
1139 3426 1339 3473 terrain
1376 3432 1601 3472 necesse
1625 3425 1730 3481 est,
1762 3425 1816 3471 et
1844 3419 2040 3471 malum

468 3516 588 3575 post
621 3507 765 3560 illam
819 3523 1001 3561 rerum
1049 3509 1292 3562 omnium
1350 3507 1829 3577 conﬂagrationem
1882 3517 2044 3577 atque

463 3604 656 3650 aestum
707 3599 992 3652 exsistere.
1045 3599 1156 3651 Cur
1203 3607 1384 3651 autem
1430 3598 1504 3650 ita
1547 3597 1662 3651 ﬁeri
1693 3615 1914 3654 necesse
1948 3601 2039 3666 sit,

466 3689 763 3758 longiorem
795 3703 957 3755 quam
989 3689 1254 3742 hactenus
1303 3703 1610 3743 sermonem
1653 3689 1720 3744 ad
1757 3691 2036 3760 explican-

464 3775 592 3829 dum
623 3776 872 3844 requirit.
905 3775 1023 3830 Non
1053 3776 1194 3832 enim
1221 3776 1274 3830 in
1301 3777 1529 3832 otiosam
1556 3779 1858 3844 materiem,
1891 3796 2038 3836 eam-

465 3880 591 3935 que,
625 3880 789 3934 quam
826 3875 951 3944 ante
975 3867 1420 3921 constitutionem
1453 3867 1664 3932 habuit,
1705 3877 1758 3924 et
1793 3869 1846 3924 in
1873 3887 2035 3942 quam

464 3957 730 4012 dissoluta
763 3957 945 4022 fuerit,
995 3974 1171 4029 neque
1215 3961 1266 4012 in
1309 3957 1618 4022 absolutum
1652 3961 1930 4016 interitum
1973 3978 2039 4019 ac

464 4049 867 4120 corruptionem
893 4050 1112 4104 redacta
1136 4051 1469 4107 universitas
1494 4052 1596 4107 ista
1625 4053 2034 4112 relormabitur.

2137 3156 2323 3226 ὑμῶν’
2363 3156 2455 3209 καὶ
2499 3157 2690 3210 πάλιν·
2739 3158 2900 3211 Οὕτω
2928 3158 3087 3227 λέγει
3121 3160 3338 3227 Κύριος
3375 3161 3409 3212 ὀ
3448 3156 3694 3226 ,ποιήσας

2137 3247 2245 3301 τὸν
2288 3247 2581 3316 οὐρανὸν,
2612 3243 2790 3315 οὗτος
2831 3251 2864 3302 ὀ
2909 3247 3371 3315 κατασκευάσας
3420 3247 3534 3315 τὴν
3593 3244 3694 3317 τῆν

2135 3338 2233 3391 καὶ
2266 3337 2525 3405 ποιήσας
2565 3339 2777 3407 αὐτὴν,
2820 3339 3009 3408 ξαὺτὸς
3053 3340 3330 3409 διώρισεν
3373 3338 3568 3407 αὐτὴν
3593 3340 3693 3392 οὐκ

2137 3431 2225 3494 εις
2255 3430 2453 3493 κενὸν,
2481 3431 2642 3485 ἀλλὰ
2665 3430 3084 3485 κατοικεῖσθαι.
3120 3433 3328 3495 Ὄντως
3365 3430 3476 3502 γὰρ
3511 3430 3604 3483 οὐκ
3627 3431 3694 3490 εἰς

2141 3520 2314 3585 κενὸν,
2363 3522 2482 3575 οὐδὲ
2515 3525 2592 3586 είς
2637 3523 2812 3594 μάτην
2860 3523 2997 3594 πρὸς
3022 3522 3296 3576 ἀπώλειαν
3340 3523 3546 3582 ἔκτισε.
3571 3519 3694 3575 κατὰ

2139 3609 2265 3672 τοὺς
2296 3610 2626 3681 φρονοῦντας
2660 3611 2882 3682 μάταια,
2905 3611 2968 3664 τὸ
2998 3613 3104 3665 πᾶν
3127 3615 3155 3665 6
3186 3612 3338 3676 Θεὸς,
3373 3610 3510 3664 ἀλλὰ
3544 3609 3618 3673 εἰς
3644 3607 3694 3662 τὸ

2141 3696 2281 3755 εἷναί
2327 3719 2386 3755 τε
2434 3703 2527 3756 καὶ
2559 3703 2851 3768 οἰκεῖσθαι,
2902 3703 2998 3757 καὶ
3043 3703 3334 3773 διαμένειν.
3369 3703 3462 3755 Διδ
3501 3701 3691 3768 ἀνάγκη

2140 3790 2204 3860 δὴ
2251 3793 2344 3846 καὶ
2369 3792 2466 3863 τὴν
2498 3793 2603 3862 γῆν
2631 3789 2806 3857 αὖθις,
2834 3791 3040 3846 καὶτὸν
3068 3791 3292 3864 οὐρανὸν
3327 3792 3470 3862 μετὰ
3493 3792 3589 3862 τὴν
3614 3791 3692 3842 Ex-

2143 3881 2412 3950 φλόγωσιν
2446 3882 2661 3937 ἔσεσθαι
2707 3884 2929 3938 πάντων
2968 3883 3060 3938 καὶ
3088 3883 3180 3937 τὸν
3227 3882 3494 3956 βρασμόν.
3534 3881 3625 3935 Διὰ
3651 3879 3691 3933 τί

2139 3973 2198 4026 δὲ
2227 3971 2382 4025 τοῦτο
2412 3974 2643 4044 ἀνάγκη,
2670 3973 2826 4042 λόγος
2851 3973 2918 4028 ἂν
2948 3973 3028 4026 ἔτι
3057 3972 3224 4026 πλείω
3262 3971 3371 4026 τῶν
3410 3971 3691 4043 εἰρημένων

2143 4064 2401 4132 γίγνοιτο.
2435 4063 2572 4118 Οὔτε
2599 4063 2709 4137 γὰρ
2734 4067 2812 4129 είς
2843 4065 2973 4137 ὓλην
2997 4065 3194 4136 ἀργὴν,
3220 4063 3312 4117 καὶ
3352 4063 3603 4132 τοιαύτην
3628 4061 3695 4114 ἔτι

464 4139 814 4203 ιατάστασινι
846 4139 961 4194 οἷαν
989 4140 1079 4192 καὶ
1105 4139 1211 4210 πρὸ
1239 4140 1338 4210 τῆς
1383 4140 1827 4216 διακοσμήσεως,
1888 4150 1968 4212 είς
2025 4151 2091 4222 ἦν
2150 4153 2395 4225 διαλυθῇ,
2443 4156 3018 4227 ἀναστοιχειωθήσεται
3070 4156 3129 4208 τὸ
3181 4156 3308 4219 πᾶν,
3359 4155 3474 4207 οὔτ’
3524 4149 3588 4209 αὖ
3629 4153 3692 4211 εἰς

463 4229 739 4283 ἀπώλειαν
768 4229 1011 4299 ,παντελῆ
1043 4230 1136 4282 καὶ
1175 4228 1399 4300 φθοράν.

536 4316 750 4371 XXXII.
785 4317 853 4370 At
881 4319 1025 4372 enim
1066 4317 1326 4387 objicient
1374 4318 1676 4374 adversarii
1714 4337 1727 4372 :
1762 4317 1818 4372 Si
1858 4326 2032 4373 totum

466 4408 568 4463 hoc
598 4408 910 4462 universum
936 4423 1277 4477 nequaquam
1307 4418 1508 4478 pereat,
1540 4408 1811 4479 quomodo
1839 4409 2034 4462 etelum
2067 4381 2112 4436 ι)

466 4517 530 4556 ac
559 4510 759 4556 terram
794 4501 1090 4556 transitura
1115 4517 1236 4558 esse
1259 4501 1519 4557 Dominus
1540 4502 1674 4557 dicit
1695 4503 1713 4532 ⁷
1731 4485 1753 4556 ?
1771 4499 2038 4572 Pr0pheta

468 4607 621 4658 vero,
656 4592 856 4648 coelum
911 4592 1046 4646 fumi
1099 4593 1272 4648 instar
1303 4609 1442 4649 esset
1469 4594 1793 4664 periturum,
1836 4601 2034 4648 terram

466 4692 648 4737 autem
679 4685 838 4753 quasi
871 4683 1261 4738 vestimentum
1291 4682 1777 4738 inveteraturam'?
1803 4681 1906 4735 Sed
1939 4695 2039 4736 nos

468 4775 614 4828 hunc
675 4772 973 4843 Scriptura:
1017 4789 1222 4828 morem
1283 4789 1405 4829 esse
1455 4772 1925 4845 reSpondebimus,
1983 4780 2040 4826 ut

469 4867 656 4920 mundi
681 4867 1156 4930 instaurationem,
1182 4875 1344 4936 atque
1371 4867 1424 4922 in
1449 4868 1639 4920 melius
1665 4865 2040 4935 praastantius-

468 4972 574 5031 que
631 4960 990 5014 mutationem
1046 4960 1325 5013 interitum
1383 4959 1636 5028 appellet,
1690 4964 1874 5027 utpote
1915 4970 2036 5009 eum

471 5048 618 5116 prior
648 5047 820 5101 forma
862 5051 916 5103 in
956 5052 1044 5103 illa
1074 5049 1455 5120 iucundiorem
1489 5050 1541 5103 in
1570 5057 1770 5103 statum
1811 5063 2038 5117 conver-

477 5137 624 5191 sione
668 5147 869 5208 pereat.
911 5138 1057 5195 Nihil
1090 5142 1234 5197 enim
1269 5141 1324 5196 in
1360 5141 1533 5196 sacris
1567 5141 1786 5194 Litteris
1824 5150 2042 5194 contra-

477 5234 611 5282 rium
656 5237 740 5286 est
777 5239 834 5285 et
867 5232 1191 5287 absurdum.
1235 5233 1478 5289 Pra’tcrit
1513 5235 1650 5288 enim
1679 5233 1852 5303 ﬁgura
1887 5231 2041 5301 ltujtts

483 5321 656 5374 uundi
677 5324 720 5376 ’.
756 5320 876 5377 Non
908 5325 1170 5379 mundum
1199 5326 1375 5394 ipsum
1406 5325 1562 5380 dixit.
1591 5323 1681 5379 Sic
1705 5323 1869 5394 igitur
1894 5320 2040 5377 Scri-

483 5410 651 5484 pturis
683 5413 1101 5469 usitatissimum
1147 5425 1251 5479 est,
1298 5415 1666 5470 antecedentis
1710 5414 1763 5468 iu
1795 5413 1858 5484 id
1895 5411 2040 5484 quod

550 5553 563 5582 ¹
593 5551 748 5606 Rom.
782 5567 901 5615 vnt,
939 5554 1124 5608 19ο21.

1204 5557 1224 5585 ³
1250 5556 1379 5628 ibid.
1411 5557 1502 5628 22.
1578 5556 1599 5587 ³
1626 5555 1733 5628 Isa.
1770 5570 1866 5620 LII,
1899 5556 1950 5608 2
1987 5556 2055 5628 _f
2089 5557 2244 5616 Rom.
2276 5577 2394 5628 vut,
2423 5561 2516 5628 22,
2544 5561 2636 5616 23.

497 5615 723 5679 ’Mattb.
753 5627 904 5681 uti.
927 5625 1015 5681 35.
1092 5628 1114 5659 ⁸
1148 5625 1293 5681 Psal.
1326 5642 1400 5685 Cl.
1421 5627 1519 5720 27.
1596 5629 1618 5660 ⁸
1645 5625 1666 5679 l
1696 5626 1820 5680 Cor.
1855 5615 1955 5693 vu,
1985 5626 2077 5682 5i.

2209 4325 2331 4380 AB'.
2379 4326 2504 4380 Ἐὰν
2529 4326 2603 4390 δὲ,
2643 4326 2764 4390 Πῶς
2795 4323 2886 4382 οὖν
2906 4367 2921 4391 ,
2948 4329 3041 4382 ἐὰν
3070 4330 3144 4401 μὴ
3171 4331 3468 4384 ἀπόλλυται
3495 4331 3552 4384 τὸ
3585 4333 3692 4396 πᾶν,

2141 4415 2190 4467 οἱ
2241 4416 2298 4482 ἐξ
2344 4416 2592 4480 ἐναντίας
2624 4417 2883 4485 εἴπωσιν,
2927 4421 2954 4473 6
2999 4421 3096 4491 μὲν
3139 4421 3341 4492 Κύριος
3368 4421 3463 4476 τὸν
3488 4423 3692 4494 οὐρανὸν

2145 4508 2575 4577 παρελεύσεσθαι
2601 4509 2725 4581 ἔφη,
2753 4513 2844 4564 καὶ
2873 4512 2971 4583 τὴν
2996 4513 3118 4582 γῆν·
3144 4514 3172 4565 6
3194 4512 3248 4565 δὲ
3274 4514 3565 4584 προφήτης
3589 4515 3694 4567 ἀπο-

2142 4599 2350 4653 λεῖσθαι
2380 4601 2478 4671 μὲν
2507 4601 2734 4672 οὐρανὸν
2762 4601 2838 4667 ὡς
2872 4603 3076 4657 καπνὸν
3097 4645 3111 4670 ,
3143 4604 3239 4676 τὴν
3276 4605 3332 4658 δὲ
3361 4606 3467 4676 γῆν
3494 4605 3569 4669 ('0;
3593 4605 3694 4676 ἱμά-

2142 4709 2255 4745 τιον
2302 4691 2810 4765 παλαιωθήσεσθαι;
2869 4695 3086 4767 Ἐπειδὴ
3126 4697 3245 4761 ἔθος
3283 4701 3404 4761 ταῖς
3449 4699 3692 4770 Γραφειξ,

2143 4782 2385 4852 λέξομεν,
2416 4783 2511 4854 τὴν
2539 4786 2616 4849 εἰς
2653 4785 2712 4839 τὸ
2747 4788 2986 4856 κρεῖττον
3012 4788 3105 4840 καὶ
3140 4787 3480 4860 ἐνδοξότερον
3509 4790 3694 4842 ἀποκα-

2143 4873 2402 4927 τάστασιν
2450 4875 2650 4946 ταύτης
2699 4877 2792 4930 τοῦ
2838 4877 3042 4948 κόσμου
3090 4878 3390 4950 μεταϐολὴν
3440 4878 3696 4934 ἀπώλειαν

2143 4965 2342 5035 λέγειν,
2369 4961 2478 5020 οἷον
2504 4966 2594 5021 τοῦ
2622 4968 2856 5038 πρόσθεν
2885 4970 3158 5040 σχήματος
3178 4970 3550 5041 ἀπολλυμένου
3579 4968 3698 5024 κατὰ

2144 5056 2242 5128 τὴν
2275 5058 2354 5120 εἰς
2381 5057 2442 5110 τὸ
2476 5059 2826 5130 φαιδρότατον
2852 5059 3102 5113 ἁπάντων
3128 5061 3430 5132 ἐξαλλαγήν
3448 5078 3463 5091 ·
3504 5062 3586 5114 ὅτι
3610 5075 3698 5130 μσς·

2145 5147 2305 5217 δεμία
2347 5147 2732 5211 ὑπεναντίωσις
2775 5147 2807 5219 ἢ
2846 5149 3047 5203 ἀτοπία
3075 5151 3131 5203 ὲν
3157 5152 3268 5212 τοῖς
3306 5149 3474 5212 θείοις
3517 5148 3694 5215 λόγοις.

2147 5237 2402 5309 Παράγει
2434 5238 2544 5308 γὰρ
2589 5237 2655 5292 τὸ
2698 5237 2906 5309 σχῆμα
2952 5238 3056 5292 τοῦ
3094 5239 3324 5309 κόσμου
3352 5239 3590 5298 τούτου.
3621 5238 3697 5294 καὶ

2145 5330 2244 5400 οὐχ
2267 5330 2295 5380 6
2327 5328 2546 5402 κόσμος,
2623 5331 2855 5401 εἴρηται.
2885 5329 3069 5394 Οὕτως
3095 5330 3214 5393 ἔθος
3240 5329 3518 5384 ἀπώλειαν
3539 5325 3698 5380 taleis

2157 5422 2255 5484 τὰς
2283 5420 2505 5493 Γραφὰς
2531 5426 2628 5492 τὴν
2648 5419 2782 5493 πρὸς
2800 5421 2862 5474 τὸ
2887 5421 3104 5492 ἄμεινον
3131 5418 3242 5473 ἐσθ’
3269 5420 3358 5473 ὅτε
3392 5419 3489 5474 καὶ
3516 5417 3694 5488 εὐμορ-

2735 5561 2757 5592 ⁵
2789 5557 2896 5616 lsa.
2925 5575 3073 5628 uri,
3108 5559 3200 5616 22.
3275 5560 3297 5593 ⁸
3329 5558 3442 5616 Isa.
3479 5572 3597 5620 xu.
3619 5549 3667 5604 8.
