3728 6192
710 257 1081 314 ADVERSUS
1118 255 1465 314 HERESES
1500 256 1630 314 LIB.
1675 256 1741 313 li.
1787 257 1951 314 TOM.
1998 258 2037 313 I.
2078 288 2149 300 —
2188 256 2463 313 HIERES.
2510 258 2689 316 LXIV.
3194 264 3339 321 1122

41 382 293 457 ερίηερον
320 384 528 457 τροπήν
558 382 654 436 τοῦ
690 383 925 455 πρόσθεν
968 384 1270 455 σχήματος.
1308 380 1437 438 Οἴον
1462 383 1637 455 ῶσπερ

1818 384 1953 441 elius
2001 400 2067 439 ac
2116 382 2411 440 formosius
2449 393 2554 448 est,
2608 385 2795 456 ligura:
2850 387 3337 442 commutationem

39 479 229 533 ὁπότε
257 480 323 535 ἀν
341 498 427 543 τις
445 478 721 533 ἀπώλειαν
749 478 899 546 λέγοι
924 477 1017 530 τοῦ
1047 477 1190 531 κατά
1213 478 1274 531 τὸ
1306 479 1497 549 νήπιον
1527 480 1637 549 σχή·

1823 478 2045 533 teritum
2072 477 2275 533 dicere.
2308 474 2542 531 Perinde
2573 490 2638 529 ac
2666 476 2713 530 si
2746 478 2872 546 quis
2908 477 3180 533 infantilis
3203 478 3332 548 ﬁgu-

38 588 235 639 ματος
276 573 377 645 τὴν
421 574 498 636 εἰς
540 573 631 626 τὸν
676 573 848 643 ἄνδρα
889 572 981 625 τὸν
1020 570 1226 624 τέλειον
1274 570 1637 642 μεταλλαγὴν

1818 585 1832 624 3
1880 569 2182 640 perfectum
2229 569 2285 623 in
2326 568 2505 623 virum
2556 568 2845 622 transitum
2883 583 2946 623 ac
2980 571 3335 626 mutationem

38 665 406 736 τρεπομένης
439 667 519 729 εἰς
560 665 792 736 μέγεθος
822 665 916 718 καὶ⁹
953 662 1151 726 κάλλος
1183 663 1282 732 τῆς
1307 662 1526 733 ἡλικίας
1558 662 1637 717 τοῖ

1818 659 2041 715 teritum
2073 658 2337 721 nominet,
2375 672 2502 713 cum
2535 656 2683 713 illius
2714 664 2847 711 etas
2890 658 2956 712 ad
3008 660 3312 729 m-aguitudi

36 756 281 821 νηπίου.
318 758 448 809 Ὅτε
496 756 605 826 γὰρ
653 756 818 825 ἤμην
856 754 1095 821 νήπιος,
1126 754 1207 820 ὠς
1250 753 1468 820 νήπιος
1510 753 1637 808 ἐλά·

1818 767 1880 804 πη
1917 751 2494 821 pulchritudinemque
2541 750 2869 805 traducitur.
2919 748 3052 805 Cum
3085 754 3221 805 enim
3256 769 3310 807 es

33 849 235 911 λουν,
272 848 353 914 ὡς
395 848 615 916 νήπιος
647 851 967 919 ἐφρόνουν,
1012 851 1094 916 ὡς
1138 848 1356 916 νήπιος
1396 847 1637 920 ἐλογιζό-

1818 860 1867 897 ηι
1915 844 2187 911 parvulus,
2244 843 2497 913 loquebar
2545 854 2603 896 ut
2645 843 2922 912 parvulus,
2968 845 3235 913 sapiebam
3278 854 3336 900 ut

34 956 199 1004 nm“
228 940 330 995 ὅτε
357 942 424 995 δὲ
468 942 687 1012 γέγονα
725 944 903 1013 ἀνὴρ,
936 944 1010 997 τὰ
1043 943 1151 996 τοῦ
1184 944 1407 1011 νηπίου
1435 943 1653 1011 κατήρ-

34 1045 241 1095 γησα.
290 1033 709 1105 Ταραχθήσεθαι
760 1035 859 1106 μὲν
914 1034 1024 1106 γάρ
1067 1035 1166 1105 τὴν
1214 1036 1424 1096 κτίσιν.
1464 1034 1654 1106 ὥσπερ

34 1120 456 1194 τεθνηξομένην
499 1126 641 1180 κατά
688 1127 788 1198 τὴν
826 1126 1167 1198 ἐκπύρωσιν,
1198 1128 1286 1181 ἵνα
1328 1127 1650 1200 ἀνακτισθῇ,

32 1210 104 1263 οὐ
143 1213 261 1284 μὴν
291 1214 611 1270 ἀπολεῖσθαι
636 1217 1039 1290 προσδοκητέον
1060 1234 1073 1248 ο
1100 1219 1250 1282 ὅπως
1285 1219 1334 1270 οἰ
1361 1218 1654 1273 ἀνακαινο-

31 1305 381 1374 ποιηθέντες
437 1309 496 1362 ὲν
550 1309 1096 1380 ἀνακαινοποιηθέντι
1154 1310 1347 1381 κόσμῳ
1393 1313 1651 1378 ἄγευστοι

32 1393 234 1467 λύπης
279 1401 733 1472 κατοικήσωμενα
775 1402 809 1473 ἢ
852 1401 992 1456 κατά
1033 1402 1094 1456 τὸ
1143 1401 1355 1473 λεχθὲν,
1402 1404 1651 1470 Ἐξαπο-

31 1487 301 1555 στελεῖς
341 1488 409 1544 τὸ
456 1492 694 1561 πνεῦμά
743 1508 895 1558 σου,
943 1494 1045 1547 καί
1090 1494 1555 1563 κτισθήσονται,
1592 1498 1651 1549 ὲν

32 1576 337 1649 ἑκατοστῷ
376 1579 543 1652 τρίτῳ
597 1582 819 1653 ψαλμῷ,
854 1583 953 1637 καί
980 1582 1437 1651 ἁνακαινιεῒς’τὸ
1462 1586 1653 1654 πρόσω

31 1683 219 1722 ωπον
242 1669 357 1739 τῆς
392 1671 525 1742 γῆς,
555 1674 653 1726 τοῦ
692 1674 1039 1746 περιέχοντος
1066 1675 1163 1746 τῆς
1210 1676 1502 1749 εὐκρασίας
1527 1680 1651 1731 ὲπι-

46 261 206 319 1121

1754 937 2029 1005 parvulus,
2077 936 2369 1007 cogitabam
2411 945 2468 989 ut
2508 937 2794 1005 parvulus;
2838 946 3116 1006 postquam
3164 946 3338 991 autem

1754 1028 1929 1097 factus
1955 1045 2071 1083 sum
2104 1031 2205 1093 rir,
2229 1029 2478 1084 evacuavi
2505 1045 2621 1098 qua:
2642 1038 2793 1083 erant
2825 1030 3034 1098 parvuli
3058 1031 3097 1083 ‘.
3125 1028 3185 1082 Et
3210 1045 3338 1084 vero

1753 1122 2182 1191 perturbandam
2224 1137 2347 1178 esse
2373 1129 2707 1186 creaturam,
2746 1121 2894 1175 velut
2924 1121 2979 1174 in
3011 1122 3101 1174 illa
3135 1120 3323 1175 conﬂa-

1754 1213 2004 1285 gratione
2036 1213 2358 1284 perituram,
2397 1220 2457 1268 ut
2487 1213 2686 1268 iterum
2723 1220 2963 1277 creetur,
2997 1226 3107 1266 non
3151 1220 3335 1267 tamen

1753 1306 2211 1378 exstinguendam
2248 1321 2393 1374 esse,
2441 1306 2748 1377 putandum
2793 1313 2899 1371 est,
2936 1316 2995 1361 ut
3030 1306 3334 1362 instaurate

1753 1398 1960 1452 mundo
1992 1398 2215 1468 ipsimet
2247 1397 2541 1453 instaurati
2570 1412 2636 1452 ac
2661 1397 2872 1454 doloris
2894 1406 3147 1469 expertes
3178 1400 3333 1454 habi-

1752 1497 1966 1556 temus;
2006 1490 2465 1561 quemadmodum
2502 1492 2558 1546 in
2592 1491 2896 1548 centesimo
2923 1492 3087 1550 tertio
3124 1494 3334 1564 psalmo

1751 1584 2033 1653 proditum
2062 1594 2149 1642 est
2179 1602 2194 1640 :
2228 1584 2452 1640 Emittes
2500 1587 2745 1655 spiritum
2791 1595 2959 1653 tuum,
3001 1596 3051 1641 et
3077 1587 3324 1642 creaban-

1753 1672 1873 1741 bur,
1904 1683 1955 1728 et
1980 1675 2250 1731 renovabis
2274 1675 2465 1745 faciem
2495 1685 2650 1730 terra:
2673 1679 2714 1731 ³.
2746 1675 2903 1743 Quod
2935 1678 3192 1733 nimirum
3218 1693 3332 1733 am-

30 1763 456 1831 τροπεύσαντος
500 1765 686 1819 λοιπὸν
733 1766 827 1820 τοῦ
860 1766 1017 1822 Θεοῦ.
1077 1768 1373 1839 Ἐσομένης
1410 1768 1518 1840 γὰρ
1548 1769 1637 1824 καί

1818 1774 1983 1821 autem
2023 1782 2206 1822 aerem
2236 1775 2345 1823 tem
2357 1769 2767 1838 peratissimum
2795 1771 3056 1842 deinceps
3086 1771 3331 1828 facturus

33 1852 196 1920 μετά
226 1854 419 1908 τοῦτον
458 1855 570 1928 (59)
610 1858 704 1910 τὸν
745 1858 923 1913 αἰῶνα
946 1860 1071 1930 γῆς,
1105 1860 1319 1930 ἀνάγκη
1348 1862 1496 1914 πᾶσα
1521 1859 1644 1913 έσε-

32 1945 179 1999 σθαι
214 1948 318 2002 καὶ
363 1949 488 2013 τοὺς
533 1950 877 2022 οἰκήσοντας,
907 1952 1091 2006 οὐκέτι
1124 1952 1573 2024 τεθνηξομένους,
1610 1952 1645 2025 ἤ

28 2038 407 2109 γαμήσοντας
439 2040 534 2094 καὶ
585 2044 1033 2114 γεννησομένους,
1107 2044 1223 2098 ἀλλ’
1265 2045 1341 2108 ὠς
1376 2043 1639 2113 ἀγγέλους

28 2128 492 2200 ἀμεταστρόφως
537 2131 596 2183 ὲν
644 2132 925 2206 ἀφθαρσίᾳ
961 2134 1036 2190 ,τά
1069 2135 1270 2206 ἄριστα
1311 2132 1640 2207 πράξοντας.

30 2219 139 2271 Διὸ
172 2219 421 2291 ληρῶδες
452 2222 512 2275 τὸ
534 2222 593 2276 ὲν
619 2223 750 2296 ποίᾳ
778 2226 1024 2298 διαγωγῇ
1066 2228 1186 2280 τότε
1212 2227 1277 2298 δὴ
1310 2226 1379 2279 τὰ
1415 2224 1643 2296 σώματα

30 2310 268 2367 ἔσονται
311 2312 589 2381 λέγεσθαι,
628 2316 766 2388 μήτε
801 2317 985 2391 ἀέρος,
1033 2320 1171 2391 μήτε
1213 2318 1339 2389 γῆς,
1370 2318 1507 2390 μήτε
1531 2317 1642 2372 τῶν

31 2400 229 2457 ἄλλων
242 2403 554 2475 ·ὲσομένων.

1750 1856 1824 1911 sit
1858 1855 2021 1911 Deus.
2051 1857 2188 1912 Cum
2226 1858 2372 1914 enim
2419 1868 2545 1930 post
2579 1862 2763 1917 saeculi
2809 1864 3096 1931 praesentis
3126 1862 3331 1917 exitum

1746 1945 1929 2001 adhuc
1972 1956 2120 2003 terra
2170 1960 2591 2018 perseveratura
2644 1954 2737 2017 sit,
2787 1952 3130 2009 habitatores
3173 1954 3228 2008 in
3264 1969 3329 2009 ea

1746 2038 2015 2108 quosdam
2048 2038 2230 2095 inesse
2265 2054 2494 2097 necesse
2519 2050 2640 2108 est;
2668 2043 2764 2113 qui
2789 2058 2893 2099 nec
2921 2045 3173 2100 morituri
3204 2053 3330 2101 sunt

1746 2131 2003 2202 amplius,
2049 2148 2228 2203 neque
2273 2134 2569 2204 copulandi
2607 2136 2817 2205 nuptiis
2855 2144 2951 2191 aut
2984 2138 3332 2208 procreanda?

1744 2224 1922 2281 soboli
1952 2239 2175 2296 operam
2210 2225 2417 2290 daturi,
2464 2227 2629 2299 556
2677 2228 2775 2284 sed
2817 2220 3136 2299 angelorum
3180 2244 3332 2284 more

1744 2316 1865 2373 sine
1897 2316 2007 2371 ulla
2042 2316 2340 2373 mutatione
2386 2320 2442 2373 in
2476 2319 2907 2377 immortalitatis
2946 2328 3090 2377 statu
3122 2322 3329 2393 optima

1744 2407 1857 2462 sint
1898 2423 2129 2478 quaeque
2171 2406 2393 2463 facturi.
2434 2408 2783 2480 Proindeque
2822 2411 3050 2465 stultum
3080 2420 3163 2468 est
3193 2427 3330 2482 qua-

34 2511 179 2550 nam
208 2497 339 2553 vita:
376 2500 803 2558 ratione.usura
844 2502 957 2557 sint
996 2517 1230 2574 corpora
1274 2516 1547 2574 quarrere,
1587 2500 1636 2558 si
1671 2516 1775 2557 nec
1806 2516 1923 2567 aer,
1986 2517 2164 2574 neque
2214 2510 2383 2571 terra,
2431 2519 2609 2575 neque
2664 2505 2965 2577 quidquam
3005 2514 3328 2561 carterorum

33 2588 119 2642 sit
158 2589 398 2659 amplius
432 2590 701 2648 futurum.

111 2681 247 2734 AI".
286 2683 466 2747 Ἄξιον
491 2685 549 2738 δὲ
591 2686 815 2739 κάκεῖνο
843 2686 982 2758 πρὸς
1010 2690 1122 2752 τοῖς
1165 2689 1481 2760 εἰρημένοις
1517 2687 1639 2741 ἑπι-

34 2775 298 2837 σκοπεῖν,
325 2773 401 2838 ὡς
425 2775 538 2845 ἔχει
569 2776 769 2848 πολλὴν
793 2777 1115 2843 διάπτωσιν,
1149 2781 1198 2832 εἰ
1221 2780 1303 2833 δεῖ
1328 2779 1640 2851 παρρησίαν

31 2861 206 2929 ἄγειν
234 2865 363 2934 περὶ
388 2865 613 2931 τούτων,
639 2862 683 2920 ὦ
724 2867 1062 2936 ’Δγλαοφῶν,
1090 2869 1472 2940 διαλεγόμενος
1498 2886 1640 2939 πρα-

29 2956 300 3025 γμάτων.
338 2959 559 3031 Φράσας
591 2960 701 3032 γὰρ
744 2962 1128 3035 ἀποφήνασθαι
1172 2965 1263 3018 τὸν
1308 2965 1532 3036 Κύριον,
1564 2966 1641 3030 ὡς

30 3051 85 3102 oi
119 3050 229 3121 τῆς
260 3051 610 3118 ἀναστάσεως
636 3055 954 3127 τευξόμενοι
986 3057 1201 3113 ἔσονται
1224 3059 1345 3111 τότε
1378 3060 1453 3123 ῶς
1481 3060 1641 3128 ἀγγε-

29 3142 149 3204 λοι,
181 3141 315 3197 ἔνθα
357 3146 710 3217 πειράζουσιν
750 3148 913 3202 αὐτὸν
946 3151 993 3202 oi
1028 3150 1401 3210 Σαδδουκαῖοι,
1439 3151 1640 3222 ἐπέφε-

34 3253 138 3306 ρεν
158 3254 172 3267 ·
216 3238 280 3290 Οἰ
307 3237 363 3290 δὲ
394 3239 644 3307 ἄγγελοι,
677 3240 833 3304 ἐκτὸς
863 3241 1015 3305 ὄντες
1044 3244 1246 3317 σαρκὸς
1270 3244 1330 3296 ὲν
1369 3245 1639 3315 μακαριόο

26 3346 209 3399 τητος
238 3330 501 3402 ἀκρότητι
520 3371 533 3393 ,
564 3332 651 3386 διὰ
681 3332 841 3387 τοῦτο
874 3333 966 3387 καὶ
1010 3333 1169 3405 δόξης
1193 3335 1317 3388 εἰσί.
1352 3336 1462 3389 Καὶ
1491 3337 1640 3407 ἡμᾶς

28 3418 89 3471 δὲ
147 3419 262 3491 ἄρα
304 3420 646 3487 ὲξισάζεσθαι
692 3422 986 3493 μέλλοντας
1028 3425 1301 3494 ἀγγέλοις,
1331 3427 1543 3499 ἀνάγκη
1573 3426 1639 3499 δὴ

30 3510 275 3583 σαρκῶν
306 3511 566 3577 ὡσαύτως
590 3514 821 3577 ἐκείνοις
848 3517 1092 3586 γυμνοὺς
1116 3516 1335 3571 ἔσεσθαι
1361 3518 1491 3572 δεῖν.
1524 3520 1637 3572 Οὐκ

30 3603 373 3676 ἐπιστήσας,
405 3598 449 3657 ὦ
472 3605 683 3677 ἄριστε,
713 3604 789 3670 ὡς
813 3608 842 3659 ό
870 3608 1105 3679 ποιήσας
1138 3609 1231 3661 καὶ
1262 3609 1638 3681 διακοσμήσας

30 3695 95 3761 ἐξ
145 3696 250 3749 οὐκ
293 3696 463 3750 ὄντων
505 3698 566 3749 τὸ
600 3700 710 3752 πᾶν
757 3700 856 3773 τὴν
888 3700 996 3755 τῶν
1041 3699 1324 3755 ἀθανάτων
1369 3702 1551 3771 φύσιν,
1574 3704 1635 3756 ού

36 3797 217 3860 μόνον
250 3792 330 3854 εἰς
365 3790 633 3859 ἀγγέλους
661 3792 757 3846 καὶ
781 3793 1128 3865 λειτουργοὺς
1154 3795 1437 3865 διανείμας
1464 3796 1637 3849 διεκό-

33 3898 281 3952 σμησεν,
314 3881 448 3935 ἀλλὰ
477 3882 570 3935 καὶ
600 3885 681 3946 εἰς
706 3884 881 3955 ἀρχὰς
901 3926 915 3950 ,
949 3886 1042 3939 καὶ
1086 3885 1329 3957 θρόνους,
1359 3888 1454 3940 καὶ
1482 3888 1636 3954 ἐξου-

33 3973 186 4036 σίας.
225 3974 389 4027 Ἀλλο
422 3975 531 4047 γὰρ
579 3975 735 4045 γένος
780 3977 840 4030 τὸ
872 3976 980 4031 τῶν
1013 3977 1234 4049 ἀρχῶν,
1281 3979 1376 4032 καὶ
1420 3979 1547 4033 ἄλλο
1574 3980 1637 4033 τὸ

34 4064 158 4117 τῶν
198 4064 456 4131 ἐξουσιῶν
477 4078 494 4098 ⁸
530 4067 611 4120 ὅτι
657 4067 731 4138 μὴ
759 4068 949 4137 τάγμα
983 4067 1063 4131 ἓν,
1097 4069 1190 4121 καὶ
1222 4069 1320 4140 μία
1351 4069 1631 4135 σύστασις,

30 4156 138 4210 καὶ
168 4156 334 4227 φυλὴ,
360 4159 453 4211 καὶ
482 4158 688 4229 πατριά
714 4158 823 4211 τῶν
855 4159 1155 4225 ἀθανάτων,
1183 4160 1317 4214 ἀλλά
1350 4163 1506 4234 γένη,
1541 4165 1635 4217 καὶ

30 4249 234 4320 φυλαὶ,
268 4250 363 4304 καὶ
394 4251 669 4322 διαφοραί.
702 4254 811 4307 Καὶ
831 4252 956 4306 οὔτε
983 4253 1053 4307 τά
1082 4253 1346 4325 χερουὸὶμ
1368 4254 1469 4325 τῆς
1500 4255 1633 4320 ἰδίας

31 4340 376 4413 ὲξιστάμενα
420 4342 635 4411 φύσεως
682 4345 762 4409 εἰς
803 4343 901 4416 τὴν
939 4343 1046 4398 τῶν
1077 4344 1325 4414 ἀγγέλων
1361 4347 1504 4401 ἰδέαν
1538 4364 1634 4418 με·

1818 2678 2054 2734 ΧΧΧΙΙΙ.
2084 2680 2181 2737 Est
2207 2681 2341 2737 illud
2372 2682 2619 2753 insuper,
2650 2699 2684 2739 ο
2710 2685 3050 2756 Aglaophon,
3076 2689 3329 2745 consiue-

1744 2773 1960 2825 ratione
1993 2773 2242 2843 dignum,
2282 2790 2471 2831 errare
2501 2777 2654 2831 illum
2692 2780 3044 2835 vehementer
3079 2796 3145 2835 ac
3190 2782 3327 2849 falli,

1743 2863 1789 2918 si
1824 2864 1969 2933 quod
2012 2881 2102 2920 res
2148 2874 2233 2921 est
2277 2868 2542 2925 audacter
2588 2872 2950 2941 pronuntiare
2989 2872 3172 2937 liceat,
3200 2892 3327 2931 cum

1744 2953 1813 3006 iis
1843 2954 1911 3009 de
1941 2956 2106 3011 rebus
2145 2972 2456 3014 sermonem
2494 2960 2753 3017 instituit.
2796 2961 2928 3017 Nam
2961 2979 3087 3019 cum
3127 2966 3201 3020 ita
3242 2966 3330 3021 di-

1743 3043 1936 3111 xisset,
1986 3046 2277 3105 Dominum
2333 3048 2654 3109 Sadducaais
2702 3054 3040 3111 tentantibus
3098 3072 3329 3127 respon-

1743 3136 1932 3193 disse:
1964 3138 2069 3205 Qui
2119 3150 2403 3211 compotes
2443 3145 2867 3201 resurrectionis
2910 3155 3118 3211 essent,
3157 3165 3324 3219 ange-

1742 3228 1914 3283 lorum
1949 3230 2125 3287 instar
2154 3232 2373 3289 futuros
2397 3233 2451 3302 ⁸;
2482 3243 2607 3306 post
2640 3237 2744 3292 ista
2776 3239 3058 3306 subiunxit
3088 3259 3100 3293 :
3130 3241 3319 3311 Angeli

1740 3335 1904 3391 porro
1932 3324 2117 3377 carnis
2140 3334 2393 3396 expertes
2420 3327 2473 3381 in
2505 3343 2717 3383 summa
2746 3327 3002 3386 felicitate
3026 3332 3229 3401 degunt
3254 3348 3320 3391 ac

1739 3411 1935 3483 gloria.
1974 3412 2156 3479 Quare
2184 3424 2239 3471 et
2272 3432 2397 3481 nos,
2434 3434 2574 3488 quos
2606 3419 2809 3489 aequari
2842 3422 3050 3491 angelis
3080 3432 3319 3493 oportet,

1740 3518 1970 3560 necesse
2008 3514 2094 3562 est
2123 3508 2191 3562 ad
2224 3510 2473 3564 eumdem
2507 3513 2726 3567 modum
2760 3528 2926 3569 carne
2959 3515 3181 3570 nudari.
3212 3516 3324 3574 Nec

1740 3592 1899 3659 illud,
1942 3598 2148 3667 optime
2187 3598 2458 3664 virorum,
2503 3602 2891 3658 animadvertit
2922 3620 3069 3670 eum,
3118 3607 3212 3677 qui
3254 3623 3325 3663 ex

1738 3686 1914 3742 nihilo
1941 3689 2207 3745 mundum
2240 3691 2549 3756 fabricavit,
2583 3710 2648 3749 ac
2676 3697 2985 3763 constituit,
3019 3714 3127 3753 non
3159 3715 3326 3772 ange-

1738 3779 1807 3833 lis
1845 3781 2007 3835 modo
2039 3790 2093 3837 et
2125 3782 2469 3840 administris
2500 3788 2651 3852 suis,
2684 3789 2779 3843 sed
2814 3798 2867 3843 et
2897 3791 3322 3863 principatibus,

1737 3870 1950 3926 tbronis
2024 3886 2088 3928 ac
2158 3877 2522 3943 potestatibus
2587 3880 2835 3934 eamdem
2892 3882 3323 3941 immortalitatis

1736 3962 2106 4016 conditionem
2134 3965 2412 4021 tribuisse.
2445 3967 2605 4021 Aliud
2630 3970 2774 4023 enim
2802 3981 2887 4026 est
2913 3973 3321 4045 principatuum

1735 4070 1941 4126 genus;
1972 4055 2124 4111 aliud
2158 4064 2510 4125 potestatum,
2553 4075 2619 4113 eo
2650 4062 2794 4131 quod
2826 4078 2934 4117 non
2979 4081 3121 4121 unus
3158 4069 3319 4131 ordo.

1735 4160 1838 4200 nec
1878 4162 2047 4200 unum
2078 4147 2246 4202 veluti
2282 4165 2481 4218 corpus
2513 4165 2576 4204 ac
2619 4152 2796 4206 tribus
2832 4154 3226 4211 immortalium
3265 4167 3321 4212 et

1736 4234 1942 4290 familia
1974 4237 2081 4304 sit;
2116 4238 2211 4293 sed
2245 4254 2504 4310 generum
2542 4256 2606 4295 ac
2638 4243 2784 4297 velut
2813 4245 3098 4299 nationum
3135 4247 3321 4303 divor-

1735 4330 1834 4385 tia.
1883 4329 2071 4401 Neque
2106 4332 2393 4387 cherubim
2431 4334 2597 4403 igitur
2640 4335 2709 4389 ab
2749 4346 2944 4390 natura
2995 4354 3092 4393 sua
3144 4340 3323 4396 desci-

29 4431 493 4497 τασκευάζονται,
541 4434 669 4488 οὔτε
713 4436 792 4499 εἰς
838 4436 1039 4507 ἐτέρων
1092 4437 1253 4491 πάλιν
1290 4440 1339 4492 οἰ
1388 4439 1627 4508 ἄγγελοι.

1818 4425 1945 4479 entia
1979 4425 2033 4479 in
2063 4427 2380 4497 angelorum
2408 4428 2776 4484 conditionem
2807 4438 3115 4493 transeunt,
3143 4450 3321 4503 neque

30 4522 197 4581 Εἶναι
228 4523 336 4597 γὰρ
368 4524 509 4578 αύτά
537 4528 643 4597 χρὴ
690 4527 783 4580 καὶ
813 4527 841 4580 ὃ
877 4529 1004 4591 εἰσι,
1037 4527 1131 4581 καὶ
1164 4526 1193 4581 ὃ
1223 4528 1530 4598 γεγόνασιν.
1568 4528 1633 4582 Εἰ

32 4617 154 4688 γὰρ
202 4616 298 4669 καὶ
327 4618 356 4669 ὁ
398 4616 685 4683 ἄνθρωπος
729 4617 819 4670 τὸν
863 4618 1065 4689 κόσμον
1096 4620 1285 4683 οἰκεῖν,
1315 4620 1409 4672 xai.
1440 4618 1547 4673 τῶν
1576 4620 1634 4671 ὲν

30 4706 193 4777 αὖτῷ
221 4706 442 4759 πάντων
476 4707 827 4778 ἡγεμονεύειν
849 4708 1211 4772 κατασταθεὶς
1243 4709 1341 4780 τῆς
1369 4708 1427 4775 ἐξ
1454 4708 1632 4779 ἀρχῆς

32 4798 455 4868 διακοσμήσεως
487 4797 756 4863 ἀθάνατος
784 4797 881 4866 ὢν,
908 4800 1005 4853 τοῦ
1040 4795 1178 4853 εἶναι
1218 4799 1503 4871 ἄνθρωπος
1537 4801 1632 4854 οὖ-

32 4908 175 4945 ποτε
226 4890 696 4962 μεταῦληθήσεται
720 4930 734 4955 ,
778 4889 901 4945 οὔτε
952 4891 1034 4954 εἰς
1077 4890 1176 4963 τὴν
1214 4889 1324 4943 τῶν
1356 4892 1625 4959 ἀγγέλων,

31 4983 165 5037 οὔτε
192 4984 274 5047 εἰς
302 4982 400 5054 τὴν
425 4982 533 5036 τῶν
558 4983 759 5053 ἐτέρων
797 4982 1036 5054 μορφήν·
1061 4983 1143 5037 ὅτι
1170 4982 1305 5054 μηδὲ
1329 4985 1377 5037 οἰ
1407 4984 1630 5053 ἄγγελοι

33 5078 121 5140 εἰς
153 5075 255 5145 τὴν
284 5073 461 5128 ἄλλων
489 5073 590 5146 τῆς
632 5072 693 5139 ἐξ
721 5074 900 5149 ἀρχῆς
947 5074 1092 5139 ἰδέας
1124 5075 1627 5146 μετακοσμούμενοι

36 5166 498 5240 μεταϐάλλονται.

110 5372 126 5402 ³
162 5370 182 5424 Ι
216 5369 346 5425 Cor.
371 5383 492 5433 xm,
525 5367 611 5422 11.
690 5368 710 5398 ¹
735 5364 881 5422 Psal.
913 5380 1029 5427 cm,
1066 5364 1155 5420 30.
1232 5364 1253 5396 ³
1283 5362 1450 5419 Marc.
1482 5381 1582 5431 xu,
1612 5365 1703 5421 25.

111 5529 230 5597 (59)
266 5527 594 5596 Ἐσομένης
632 5526 763 5597 γὰρῄ
784 5525 895 5597 καί
908 5524 1060 5594 μετὰ
1099 5522 1331 5597 τοῦτον.
1362 5521 1478 5597 ilic
1509 5538 1635 5591 per-

40 5593 237 5669 spicue
270 5593 705 5667 post'judicium
754 5593 1244 5669 bouiii‘iesiei'rani
1290 5593 1632 5648 habitaturos

42 5664 286 5727 asserit,—
311 5664 514 5721 non'ut
550 5668 834 5721 Chiliastze
866 5664 931 5717 ad
984 5664 1189 5733 aliquot
1214 5665 1478 5717 duntaxat
1525 5679 1629 5717 saa-

43 5742 198 5796 cuia.
227 5753 307 5793 sic
340 5748 398 5791 ut
435 5740 651 5792 interim
683 5751 940 5807 suprema
976 5736 1068 5788 illa
1100 5734 1379 5798 felicitate,
1418 5735 1517 5789 hoc
1544 5741 1628 5789 est

1734 4525 1927 4573 contra
1962 4519 2194 4573 aliorum
2245 4520 2303 4574 in
2354 4528 2604 4574 naturam
2658 4523 2833 4593 angeli
2886 4534 3317 4583 commutantur.

1734 4610 1947 4681 Quippe
1980 4611 2125 4681 quod
2159 4618 2213 4666 et
2245 4620 2393 4672 sunt,
2419 4624 2472 4666 et
2506 4612 2819 4682 cuiusmodi
2854 4617 3124 4685 producta
3164 4629 3313 4681 sunt.

1733 4714 1856 4756 esse
1877 4702 1966 4755 illa
1990 4717 2217 4757 necesse
2238 4709 2340 4756 est.
2372 4701 2585 4756 Etenim
2606 4706 2651 4757 si
2673 4713 2727 4758 et
2748 4704 2933 4767 homo,
2957 4706 3051 4776 qui
3084 4714 3145 4761 ut
3175 4707 3323 4765 hunc

1732 4791 1996 4847 mundum
2059 4793 2349 4859 habitaret,
2383 4796 2749 4866 omnibusque
2780 4798 2871 4866 qui
2920 4798 2975 4851 in
3039 4812 3106 4853 eo
3168 4809 3319 4863 sunt.

1736 4891 2019 4953 pmesset,
2039 4899 2105 4939 ex
2128 4884 2303 4955 prima
2330 4884 2690 4953 dispositione
2713 4887 3049 4942 constitutus
3070 4895 3175 4953 est,
3194 4904 3318 4942 cum

1738 4977 2174 5043 sitimmortalis,
2200 4993 2477 5048 nunquam
2513 4978 2567 5032 in
2598 4979 2939 5050 angelorum,
2971 4988 3064 5035 aut
3094 4980 3322 5051 alterius

1737 5068 2033 5138 cujuslibet
2082 5069 2314 5123 formam
2375 5086 2441 5125 ex
2495 5070 2716 5126 homine
2757 5073 3163 5128 convertendus
3198 5082 3315 5136 est;

1738 5171 1888 5219 certe
1942 5178 2064 5227 nec,
2109 5164 2285 5235 angeli
2319 5164 2387 5219 ab
2418 5179 2502 5228 ea,
2554 5180 2717 5235 quam
2772 5166 2929 5220 initio
2957 5168 3135 5222 sortiti
3168 5177 3316 5229 sunt,

1738 5256 1918 5324 specie
1951 5269 2013 5311 ac
2066 5266 2263 5311 natura
2308 5256 2693 5312 transformari
2722 5260 3036 5332 mutarique
3065 5268 3317 5331 possunt.

1743 5532 1967 5594 aspectu
1995 5522 2089 5579 Dei
2113 5531 2396 5591 carerent;
2425 5540 2615 5581 verum
2639 5532 2698 5579 ut
2724 5533 2777 5579 et
2801 5531 3063 5595 perpetuo
3093 5522 3144 5575 in
3172 5529 3315 5595 terra

1740 5593 2112 5666 degerent,ret
2149 5611 2364 5650 suinma
2414 5598 2772 5653 nihilominus
2802 5593 2919 5650 illis
2970 5609 3033 5647 ac
3076 5593 3317 5661 perfecta

1738 5665 1995 5722 beatitate
2027 5665 2363 5723 fruerentur.
