3822 6292
489 282 628 339 “25

488 490 592 543 tari
614 489 866 557 vertique
895 495 1147 541 naturam
1176 485 1412 541 hominis
1440 491 1696 555 oportere
1724 480 2065 552 praedicavit,

490 578 585 633 sed
620 578 674 630 in
710 577 761 630 id
796 575 976 631 redire
1005 576 1294 638 duntaxat,
1327 574 1475 644 quod
1508 573 1665 628 initio
1691 570 1889 634 fuerat,
1920 578 2069 626 ante-

491 683 654 737 quam
691 667 985 732 excideret,
1021 674 1135 720 tum
1167 681 1289 720 cum
1330 674 1477 720 esset
1509 665 1858 718 immortalis.
1890 661 2071 731 Siqui-

490 758 613 814 dem
632 774 855 814 neeesse
879 766 963 813 est
988 758 1415 827 unumquodque
1430 772 1639 821 eorum,
1660 772 1779 827 quae
1802 756 2069 825 producta

489 860 639 913 sunt,
677 852 730 903 in
769 851 986 920 propria
1028 856 1236 903 natura:
1269 864 1382 904 suae
1424 848 1599 903 forma
1649 864 1713 902 ac
1757 847 2072 902 conditione

490 955 832 1010 permanere,
876 947 934 993 ut
972 941 1227 994 omnibus
1259 940 1442 992 omnia
1483 940 1865 1009 compleantur
1898 957 1911 992 :
1942 946 2070 1007 puta

494 1033 747 1085 cmlestes
789 1030 994 1098 angelis
1040 1030 1223 1095 orbes,
1264 1030 1445 1085 throni
1486 1031 1869 1100 potestatibus,
1904 1028 2075 1082 admi-

502 1121 695 1175 nistris
731 1120 971 1187 lumina;
1004 1120 1302 1177 diviniores
1324 1135 1491 1191 porro
1524 1120 1703 1186 sedes,
1740 1119 2072 1175 sinceriora—

492 1226 601 1280 que
636 1210 841 1264 lumina
874 1211 1223 1280 seraphimis,
1259 1213 1353 1281 qui
1394 1227 1622 1267 summa:
1661 1212 1737 1267 illi
1778 1212 2071 1282 providen-

497 1302 602 1362 tiae.
634 1316 740 1371 qua
776 1302 957 1355 omnia
990 1304 1362 1369 continentur,
1408 1305 1557 1359 velut
1592 1304 1933 1375 apparitores
1978 1318 2068 1359 as-

492 1392 720 1449 sistunt.
772 1392 1007 1449 Mundus
1047 1394 1284 1464 denique
1328 1395 1663 1450 hominibus.
1709 1396 1867 1465 557
1902 1394 2068 1465 Atqui

498 1484 545 1539 si
580 1483 635 1537 in
665 1484 887 1554 angelos
925 1485 1126 1538 mutari
1156 1485 1407 1541 homines
1435 1488 1896 1544 concesserimus.
1936 1501 2071 1541 con-

495 1589 736 1645 sequens
777 1583 862 1631 est
896 1583 953 1629 ut
980 1582 1035 1629 et
1068 1577 1291 1645 angelos
1329 1576 1387 1630 in
1429 1583 1746 1646 potestates,
1788 1584 1843 1631 et
1876 1577 1976 1631 has
2014 1578 2068 1629 in

1888 273 1949 330 S.
1991 272 2331 330 EPIPHANII

558 397 624 451 Et
647 410 775 451 vero
798 393 1048 452 Christus
1073 391 1370 449 adveniens
1397 406 1508 448 non
1537 391 1591 447 in
1617 391 1841 446 alteram
1870 395 2061 447 demu—
2088 398 2136 455 Α

3593 279 3718 336 ιιει

2242 392 2301 445 'o
2330 391 2439 464 γὰρ
2463 391 2696 463 Χριστὸς
2726 386 2863 464 ἧκεν
2895 391 2995 446 οὐκ
3027 393 3109 453 εἰς
3134 393 3324 465 ἑτέραν
3354 392 3712 465 ecum”??-

2167 501 2256 538 ναι
2290 484 2617 555 κηρύσσων,
2653 484 2686 554 ἢ
2724 485 3232 556 μετασκευασθῆναι
3277 485 3376 555 τὴν
3409 484 3723 556 ἀνθρωπείαν

2170 575 2361 645 φύσιν,
2405 575 2540 629 ἀλλά
2598 576 2678 639 εἰς
2709 575 2737 627 ὂ
2779 571 2847 646 ἦν
2887 575 2947 640 ἐξ
2989 576 3161 647 ἀρχῆς
3207 575 3314 649 πρὸ
3355 575 3450 630 τοῦ
3495 577 3723 629 ἐκπεσεῖν

2170 667 2435 730 ἀθάνατος
2468 665 2563 721 ὢν.
2591 666 2710 737 Χρὴ
2740 665 2850 738 γὰρ
2881 667 2939 719 ὲν
2976 667 3055 735 τῷ
3098 668 3211 737 ἰδίῳ
3242 670 3340 737 τῆς
3363 667 3528 731 ἕξεως
3557 668 3724 720 ἑαυτοῦ

2170 756 2326 826 τύπῳ
2355 756 2465 808 τῶν
2498 756 2740 826 γενητῶν
2786 756 3013 809 ἕκαστον
3050 756 3255 826 μένειν,
3297 758 3385 810 ἵνα
3410 757 3585 812 πάντα
3610 758 3726 810 πάν-

2171 864 2280 901 των
2308 842 2410 900 ὦσι
2443 847 2867 918 πεπληρωμένα,
2894 848 3111 918 οὐρανοὶ
3140 850 3235 918 μὲν
3275 848 3542 917 ἀγγέλων,
3572 848 3725 919 θρόνοι

2171 938 2228 991 δὲ
2258 938 2549 1003 ἐξουσιῶν,
2593 938 2748 1006 φῶτα
2794 938 2850 991 δὲ
2882 938 3242 1010 λειτουργῶν·
3280 941 3371 992 καὶ
3400 940 3452 992 οἱ
3490 940 3727 1010 θειότεροι

2172 1030 2353 1095 τόποι,
2387 1028 2479 1082 καὶ
2511 1028 2582 1082 τά
2610 1030 2883 1101 ἀκραιφνῆ
2914 1030 3068 1099 φῶτα
3093 1030 3201 1084 τῶν
3228 1032 3491 1101 σεραιρὶμ,
3520 1031 3555 1084 ἃ
3610 1048 3729 1100 παρ-

2170 1122 2432 1191 εστήκασι
2453 1122 2519 1190 τῇ
2560 1119 2772 1190 μεγάλῃ
2802 1119 2962 1191 βουλῇ
2999 1119 3362 1191 διακρατοόση
3388 1121 3450 1172 τὸ
3477 1121 3600 1173 πᾶν
3628 1122 3654 1172 ό
3677 1120 3725 1173 δὲ

2174 1210 2378 1280 κόσμος
2419 1209 2747 1282 ἀνθρώπων.
2813 1211 2936 1264 Ἐὰν
2981 1210 3038 1264 δὲ
3098 1210 3528 1281 μεταϐάλλεσθαι
3572 1212 3729 1280 δῶμεν

2168 1300 2295 1364 τοὺς
2311 1298 2629 1371 ἀνθρώπους
2650 1302 2730 1364 είς
2749 1300 3033 1369 ἀγγέλους,
3059 1300 3177 1372 ὥρα
3204 1301 3630 1372 μεταϐάλλεσθαι
3656 1302 3730 1354 λέο

2174 1408 2293 1461 γειν
2321 1392 2417 1445 καὶ
2447 1392 2572 1455 τοὺς
2600 1391 2865 1461 ἀγγέλους
2895 1393 2973 1456 εἰς
3018 1392 3281 1457 ἔξουσίας,
3323 1394 3419 1445 καὶ
3448 1393 3643 1456 ταύτας
3663 1395 3729 1457 είς

2175 1484 2304 1538 ἄλλο
2336 1484 2430 1536 καὶ
2458 1482 2605 1550 ἄλλο,
2646 1477 2755 1535 ἐστί
2791 1482 2857 1537 ἀν
2888 1485 2917 1537 ὁ
2959 1483 3114 1553 λόγος
3150 1484 3358 1548 ἀναϐὰς
3396 1486 3478 1549 εἰς
3512 1484 3730 1539 κίνδυνον

2178 1574 2421 1645 ἐμπέσῃ.

493 1668 642 1720 aliud
668 1675 829 1738 atque
860 1667 1003 1724 aliud
1033 1672 1273 1725 transire
1301 1670 1569 1738 dicamus,
1601 1671 1778 1725 donec
1806 1671 1874 1726 ad
1898 1670 2181 1740 superiora
2212 1684 2394 1725 sermo
2420 1669 2775 1741 progrediens
2807 1669 3177 1740 periculosius
3202 1670 3535 1741 implicetur.

564 1760 803 1814 XXXIV.
856 1759 1043 1832 Neque
1087 1778 1216 1817 vero
1269 1765 1414 1833 quod
1456 1765 1606 1818 velut
1651 1763 1851 1819 malum
1892 1764 2071 1819 homi-

2247 1763 2369 1816 ΛΔ’.
2393 1764 2534 1816 Ἀλλ’
2561 1762 2683 1816 οὔτε
2708 1762 2783 1827 ὡς
2809 1763 3009 1831 φαῦλον
3038 1764 3440 1834 τεκτηνάμενος
3463 1767 3491 1817 ό
3510 1763 3640 1829 Θεὸς
3657 1765 3732 1819 τὸν

494 1866 619 1905 nem
644 1851 997 1907 fabricaverit
1022 1852 1191 1917 Deus,
1217 1861 1310 1907 aut
1336 1855 1388 1907 in
1412 1869 1478 1909 eo
1505 1854 1756 1924 ﬁngendo
1780 1855 2068 1920 aberrarit,

496 1945 748 2012 angelum
800 1952 987 2016 postea
1042 1944 1223 2001 facere
1259 1947 1408 1999 illum
1453 1947 1658 2013 voluit,
1704 1948 1858 2016 quasi
1894 1948 2071 2018 ipsum

497 2035 887 2089 vilissimorum
938 2035 1195 2106 opiﬁcum
1248 2039 1420 2091 instar
1463 2038 1784 2107 poenitentia
1816 2040 2069 2108 cepisset.

497 2121 683 2193 Neque
724 2140 849 2201 cum
886 2128 1138 2197 angelum
1178 2128 1446 2198 principio
1476 2128 1655 2184 facere
1677 2130 2069 2197 constituisset,

498 2230 675 2285 neque
724 2216 777 2270 id
834 2224 977 2271 esset
1037 2229 1354 2284 assecutus,
1423 2219 1694 2276 hominem
1744 2224 2069 2292 procreavit.

380 2336 401 2353 .
497 2303 735 2359 Nimim)
771 2306 918 2362 istud
951 2307 1281 2362 imbecillum
1315 2318 1417 2365 est.
1460 2311 1573 2366 Cur
1601 2312 1767 2383 igitur
1797 2314 2071 2370 hominem

502 2399 752 2461 faciebat,
781 2413 888 2453 non
921 2400 1197 2470 angelum,
1225 2402 1270 2456 si
1296 2403 1546 2473 angelum
1574 2404 1850 2461 hominem
1873 2406 2070 2474 facere,

500 2504 609 2543 non
656 2488 928 2543 hominem
997 2491 1310 2559 cogitabat?
1359 2493 1441 2547 An
1496 2495 1620 2564 quia
1669 2511 1775 2550 non
1825 2500 2075 2567 poterat?

498 2578 967 2634 Contumeliosum
990 2581 1135 2634 istud
1161 2591 1215 2635 et
1238 2583 1461 2653 impium
1494 2594 1596 2640 est.
1620 2587 1702 2640 An
1728 2588 1781 2642 in
1806 2590 2074 2647 deteriore

502 2677 801 2739 occupatus
834 2672 979 2741 quod
1017 2675 1369 2742 praestantius
1412 2686 1496 2731 est
1530 2677 1851 2734 diﬂ‘erebat?
1883 2681 1979 2735 Est
2017 2690 2073 2737 et

505 2762 638 2815 illud
669 2763 1088 2831 perabsurdum.
1136 2765 1322 2836 Neque
1353 2766 1498 2821 enim
1532 2768 1584 2822 in
1633 2770 1905 2825 moliendo
1930 2772 2073 2827 bono

504 2855 589 2909 vel
611 2856 829 2908 aberrat
863 2855 1036 2921 Deus,
1074 2858 1156 2912 vel
1205 2858 1262 2911 in
1311 2858 1457 2913 aliud
1492 2871 1703 2932 tempus
1749 2862 1944 2931 rejicit,
1990 2866 2073 2919 vel

502 2946 800 3000 destitutus
837 2946 1046 3002 viribus
1079 2954 1185 3010 est,
1216 2947 1311 3003 sed
1350 2956 1405 3003 et
1438 2958 1713 3019 utcunque
1748 2954 1988 3019 libuerit,
2021 2964 2075 3009 et

2170 1854 2478 1927 ἄνθρωπον,
2503 1856 2536 1925 ἢ
2562 1856 2941 1926 διαμαρτὴσας
2969 1854 3132 1909 αὐτοῦ
3158 1856 3285 1925 περὶ
3310 1856 3408 1927 τὴν
3436 1856 3727 1919 διάπλασιν,

2172 1946 2398 2016 ἄγγελον
2430 1945 2590 2001 αὑτὸν
2631 1946 2856 2017 ὕστερον
2880 1947 3138 2017 ἐπενόησε
3160 1947 3402 2018 ποιῆσαι,
3435 1950 3731 2018 μεταγνοὺς,

2171 2040 2359 2110 ὥσπερ
2393 2040 2443 2092 οἱ
2473 2038 2796 2108 φαυλότατοι
2824 2039 2930 2093 τῶν
2965 2038 3333 2111 δημιουργῶν·
3373 2039 3497 2093 οὔτε
3526 2041 3735 2109 ἄγγελον

2172 2132 2292 2184 κατ’
2327 2129 2503 2202 ἀρχὰς
2545 2129 2777 2201 θελήσας
2823 2131 3069 2201 ποιῆσαι,
3112 2129 3209 2183 καὶ
3249 2130 3324 2201 μὴ
3353 2130 3624 2200 δυνηθεὶς,
3659 2132 3735 2184 ἀν-

2174 2220 2389 2292 θρωπον
2418 2220 2667 2274 ἔπλασεν.
2695 2220 2949 2284 Ἀσθενὲς
2978 2220 3139 2274 τοῦτο
3168 2220 3298 2292 γάρ.
3337 2221 3401 2273 Τί
3424 2220 3484 2293 δή
3510 2239 3639 2274 ποτε
3658 2219 3734 2274 οὖν

2173 2313 2263 2367 τὸν
2294 2311 2579 2383 ἄνθρωπον
2610 2311 2804 2378 ἐποίει,
2831 2313 2925 2365 καὶ
2953 2311 3053 2366 οὐκ
3085 2310 3337 2381 ἄγγελον,
3377 2312 3492 2380 εἴγε
3523 2313 3735 2381 ἄγγελον

2172 2406 2262 2459 τὸν
2290 2405 2598 2478 ἄνθρωπον,
2630 2407 2725 2459 καὶ
2747 2406 2848 2460 οὐκ
2872 2405 3157 2477 ἄνθρωπον
3186 2405 3436 2475 γενέσθαι
3462 2406 3734 2477 ὴθέληπν;

2186 2497 2273 2560 Ὠς
2317 2498 2377 2550 οὐ
2427 2496 2758 2567 δυνάμενος;
2813 2498 3163 2569 Βλάσφημον.
3217 2497 3382 2549 Ἀλλὰ
3430 2496 3738 2551 ἀνεϐάλλετο

2176 2590 2303 2659 περὶ
2334 2588 2426 2641 τοῦ
2461 2588 2772 2660 κρείττονος
2794 2590 2854 2641 τὸ
2884 2592 3063 2660 χεῖρον
3086 2586 3254 2641 ποιῶν
3275 2604 3290 2653 ;
3315 2587 3426 2640 Καὶ
3453 2586 3612 2640 τοῦτο
3628 2586 3738 2639 ἆτος

2174 2696 2295 2732 πον.
2327 2679 2466 2732 Οὔτε
2489 2678 2597 2750 γὰρ
2618 2679 3002 2748 διασφάλλεται
3032 2680 3160 2752 περὶ
3190 2680 3249 2733 τὸ
3282 2682 3455 2733 ποιεῖν
3480 2680 3545 2733 τὸ
3566 2680 3736 2743 καλδν,

2174 2768 2295 2822 οὔτε
2330 2768 2711 2831 ἀναϐάλλεται,
2748 2768 2869 2821 οὗτε
2901 2769 3174 2822 ἀδυνατεῖ’
3199 2768 3333 2823 ἀλλὰ
3361 2788 3433 2822 κα
3484 2771 3562 2833 ὡς
3589 2770 3735 2834 θέλει,

2176 2860 2271 2913 καὶ
2299 2860 2386 2912 ὅτε
2419 2858 2562 2912 θέλει
2591 2859 2653 2912 τὸ
2679 2859 2936 2913 δύνασθαι
2975 2860 3086 2929 ἔχει
3131 2858 3359 2930 δύναμις
3405 2859 3503 2913 ὧν.
3544 2860 3739 2913 Οὐκοῦν

2178 2946 2317 3005 εἶναι
2333 2950 2421 3005 τὸν
2446 2951 2729 3020 ἄνθρωπον
2745 2951 3027 3023 ἄνθρωπον
3052 2950 3217 3004 θέλων
3236 2951 3295 3015 ἐξ
3324 2950 3499 3022 ἀρχῆς
3516 2951 3734 3003 ἔκτισεν.

503 3034 725 3104 quando
748 3035 987 3103 libuerit,
1023 3038 1217 3108 agendi
1248 3046 1515 3108 potestate
1542 3016 1801 3108 praeditus
1821 3055 1925 3110 est,
1951 3016 2072 3101 cum

2180 3044 2241 3095 Ei
2258 3044 2315 3096 δὲ
2335 3043 2524 3107 θέλων,
2540 3016 2680 3096 θέλει
2697 3042 2827 3112 δεῖτὸ
2849 3016 3034 3109 καλὸν,
3047 3043 3206 3097 καλὸν
3221 3044 3320 3113 sat
3339 3016 3641 3115 etiam,
3664 3044 3738 3098 ἄν·

502 3123 576 3178 sit
604 3123 721 3193 ipsa
755 3126 1013 3194 potentia.
1046 3126 1414 3193 Quamobrem
1446 3129 1721 3186 hominem
1747 3148 1871 3189 esse
1901 3135 2079 3190 homi-

504 3230 628 3270 nem
656 3216 844 3272 volens
870 3216 1025 3271 initio
1058 3219 1334 3286 produxit.
1380 3219 1535 3286 Quod
1570 3223 1614 3279 si
1639 3224 1692 3279 id
1719 3227 1907 3281 volens
1933 3228 2078 3293 fecit,

503 3307 619 3361 vult
637 3318 816 3362 autem
842 3308 988 3378 quod
1028 3308 1227 3365 bonum
1252 3318 1371 3376 est,
1396 3313 1559 3368 homo
1587 3331 1714 3371 vero
1739 3318 1941 3373 bonum
1970 3329 2076 3385 est,

506 3398 757 3469 idemque
809 3415 874 3455 ex
932 3402 1113 3456 anima
1192 3412 1407 3459 constat
1443 3413 1497 3460 et
1539 3422 1785 3477 corpore,
1830 3414 2078 3482 sequitur

507 3491 729 3545 minime
760 3498 912 3544 extra
940 3506 1143 3561 corpus
1177 3493 1454 3549 hominem
1483 3495 1634 3564 fore;
1673 3499 1770 3553 sed
1802 3515 1925 3554 cum
1953 3516 2074 3556 cor-

508 3594 656 3647 pore.
700 3596 768 3632 ne
814 3580 954 3634 alius
988 3589 1182 3649 praeter
1216 3583 1489 3639 hominem
1524 3587 1686 3640 homo
1721 3591 2070 3658 producatur.

508 3663 658 3733 (lpus
702 3665 847 3718 enim
890 3674 974 3719 est
1018 3668 1093 3719 uti
1140 3667 1248 3723 Deo
1283 3671 1611 3728 immortalia
1656 3692 1855 3746 genera
1895 3683 2076 3735 omnia

508 3764 812 3808 serventur.
854 3753 1060 3810 Creavit
1092 3760 1228 3812 enim
1264 3762 1364 3831 (ait
1398 3762 1698 3835 Sapientia)
1732 3768 1990 3825 hominem
2024 3774 2076 3827 in

509 3846 938 3915 incorruptione;
994 3848 1063 3901 ad
1106 3851 1388 3921 imaginem
1434 3857 1749 3910 a'ternitatis
1798 3876 1909 3914 sua:
1956 3862 2075 3929 fecit

2175 3133 2389 3205 θρωπος
2416 3135 2471 3187 δὲ
2503 3135 2563 3186 τὸ
2587 3135 2652 3187 ὲκ
2690 3133 2868 3204 ψυχῆς
2908 3136 3003 3188 καὶ
3039 3134 3287 3205 σώματος
3327 3134 3540 3201 λέγεται
3574 3152 3738 3189 συντε-

2176 3225 2285 3278 θέν·
2328 3227 2428 3278 οὑκ
2457 3226 2607 3278 ἔσται
2639 3226 2749 3296 ἀρα
2781 3226 2936 3288 ἐκτὸς
2964 3226 3210 3296 σώματος
3234 3230 3262 3279 ό
3290 3226 3591 3295 ἄνθρωπος,
3617 3225 3735 3279 ἀλλά

2176 3318 2313 3387 μετά
2340 3317 2612 3388 σώματος,
2651 3318 2734 3372 ἵνα
2773 3318 2845 3388 μὴ
2874 3318 3030 3381 ἀλλος
3053 3318 3336 3390 ἄνθρωπος
3368 3320 3517 3390 παρὰ
3548 3322 3637 3374 τὸν
3658 3321 3737 3374 ἆν-

2174 3407 2390 3479 θρωπον
2414 3408 2667 3479 γεννηθῇ.
2715 3411 2805 3461 Δεῖ
2844 3408 2951 3480 γὰρ
2979 3408 3057 3479 τῷ
3101 3409 3219 3480 Θεῷ
3248 3411 3315 3462 τὰ
3341 3410 3583 3464 ἀθάνατα
3617 3410 3736 3479 γένη

2170 3497 2348 3551 πάντα
2380 3497 2665 3562 σώζεσθαι.
2720 3500 2959 3552 Ἕκτισε
3008 3499 3137 3568 γὰρ,
3165 3500 3329 3569 φησὶν
3356 3503 3388 3571 ἡ
3420 3501 3608 3569 Σοφία,
3644 3502 3739 3553 τετ-

2182 3586 2491 3653 ἄνθρωπον
2524 3590 2555 3640 ό
2598 3588 2739 3654 Θεὸς
2763 3588 2859 3640 ἐπὶ
2889 3590 3211 3657 ἀφθαρσίᾳ,
3246 3591 3341 3643 καὶ
3372 3590 3617 3643 είκόνα³
3643 3588 3734 3653 τῆς

2185 3678 2337 3743 ιδίας
2386 3677 2716 3744 ἁϊδιότητος
2745 3678 3037 3745 ἐποίησεν
3068 3681 3271 3735 αὐτόν.
3309 3682 3421 3733 Οὐκ
3447 3682 3555 3752 ἄρα
3582 3681 3733 3735 ἀπόλ-

2180 3768 2334 3822 λυται
2377 3768 2439 3821 τὸ
2489 3768 2679 3840 σῶμαο
2741 3771 2769 3823 ὁ
2823 3770 2931 3839 γάρ
2977 3772 3259 3846 ἄνθρωπος
3309 3774 3373 3826 ὲκ
3426 3773 3601 3844 ψυχῆς
3651 3773 3735 3825 καὶ

2185 3860 2463 3930 σώματος.

508 3933 660 3987 illum
691 3934 731 3987 ‘.
768 3933 980 4005 Corpus
1026 3938 1207 4008 itaque
1226 3956 1335 3995 non
1378 3958 1607 4013 prorsus
1653 3947 2041 4019 exstinguitur,
2091 3966 2215 4005 cum
2249 3950 2410 4004 homo
2439 3965 2503 4005 ex
2526 3964 2757 4019 corpora
2791 3951 3076 4023 animaque
3106 3953 3390 4009 coalescat.

578 4023 789 4078 XXXV.
818 4027 893 4080 Ac
922 4029 1061 4091 vide,
1094 4046 1297 4099 quaeso,
1322 4036 1777 4103 quemadmodum
1813 4039 2074 4098 Dominus

506 4118 693 4174 eadem
722 4119 810 4172 illa
835 4120 1048 4176 tradere
1072 4122 1387 4181 Sadducaeis
1407 4131 1863 4186 resurrectionem
1890 4135 2073 4190 carnis

508 4208 881 4265 inﬁciautibus
924 4214 1172 4268 voluerit.
1206 4216 1303 4270 Est
1331 4218 1476 4271 enim
1509 4220 1613 4274 hoc
1647 4220 2069 4279 Sadducazorum

2248 4039 2370 4095 AE'.
2409 4041 2498 4094 Διὸ
2530 4042 2841 4113 ἐπίστησον,
2886 4043 2961 4107 ὡς
3002 4046 3029 4096 ό
3066 4044 3262 4116 Κύριος
3301 4044 3365 4097 τὰ
3399 4046 3539 4099 αὐτά
3574 4048 3731 4102 ταῦτα

2175 4132 2447 4186 διδάσκειν
2491 4131 2679 4196 Θέλων,
2730 4134 2804 4205 μὴ
2856 4134 3220 4189 πιστευόντων
3259 4136 3621 4194 Σαδδουκαίων
3660 4146 3731 4204 εἰς

2176 4223 2273 4295 τὴν
2301 4224 2596 4277 ἀνάστασιν
2629 4224 2727 4295 τῆς
2758 4226 2976 4296 σαρκός.
3008 4228 3193 4297 Δόγμα
3221 4229 3327 4299 γὰρ
3347 4229 3507 4283 τοῦτο
3530 4232 3732 4285 Σαδδου-

505 4302 721 4369 dogma.
755 4297 905 4355 Unde
930 4303 1160 4356 conlicta
1185 4304 1273 4358 illa
1299 4305 1365 4359 de
1394 4309 1641 4373 muliere,
1671 4311 1844 4381 deque
1866 4324 2069 4382 septem

2176 4315 2364 4368 καίων.
2400 4315 2560 4369 Ὅθεν
2593 4319 3056 4388 συσκευασάμενοι
3094 4318 3190 4387 τὴν
3219 4320 3355 4372 κατὰ
3387 4321 3487 4392 τὴν
3513 4326 3728 4391 γυναῖκα

508 4388 771 4443 lratribus
824 4391 1109 4459 parabola,
1140 4410 1301 4462 quam
1349 4396 1610 4452 adversus
1655 4403 2074 4459 resurrectionis

504 4494 794 4548 corporum
827 4480 1017 4550 dogma
1050 4495 1413 4553 proponerent
1440 4508 1451 4541 :
1483 4492 1822 4545 Accesserant
1846 4493 1915 4546 ad
1930 4511 2071 4560 eum,

506 4572 711 4640 inquit,
748 4581 797 4624 et
852 4572 1163 4639 Sndducwi,
1199 4576 1427 4633 dicentes
1481 4586 1914 4640 resurrectionem
1971 4605 2071 4643 non

503 4678 617 4715 esse
652 4664 693 4717 ¹.
726 4662 961 4719 Proinde
986 4665 1259 4730 Christus,
1284 4670 1328 4723 si
1354 4672 1500 4724 nulla
1521 4676 1704 4728 carnis
1725 4685 1870 4731 esset
1898 4692 2076 4733 resur-

506 4753 695 4815 rectio,
728 4753 822 4807 sed
863 4757 1041 4809 anima
1072 4757 1338 4814 duntaxat
1369 4764 1597 4820 salutem
1625 4780 2069 4838 consequeretur,

506 4843 616 4897 illis
654 4844 866 4911 utique,
899 4856 1085 4915 utpote
1119 4858 1266 4906 recte
1294 4867 1357 4907 ac
1402 4859 1657 4924 praeclare
1686 4862 2070 4928 sentientibus,

506 4947 661 4986 suam
712 4938 1087 4992 auctoritatem
1139 4942 1475 5015 adjungeret.
1529 4948 1691 5019 Atqui
1738 4952 1843 5006 alia
1888 4956 2071 5010 omnia

506 5023 817 5089 respondit,
845 5034 929 5079 et:
957 5027 1020 5081 In
1048 5033 1447 5098 resurrectione,
1470 5035 1661 5106 inquit,
1694 5055 1850 5109 neque
1873 5040 2072 5096 ducunt

506 5124 715 5177 uxores,
755 5130 915 5183 neque
950 5118 1149 5173 nubunt
1170 5136 1188 5183 ;
1240 5122 1330 5178 sed
1361 5134 1416 5177 ut
1451 5127 1623 5197 angeli
1661 5129 1713 5182 in
1756 5131 1883 5184 caelo
1921 5143 2065 5186 sunt.

502 5199 623 5254 Non
652 5206 794 5271 quod
830 5221 1049 5265 carnem
1088 5215 1320 5283 amplius
1363 5232 1469 5271 non
1503 5219 1756 5285 habeant.
1792 5223 1885 5279 sed
1922 5224 2069 5294 quod

505 5294 953 5363 nuptias‘mutuo
980 5305 1161 5361 nullas
1188 5294 1557 5379 contrahant;
1594 5312 1757 5384 558
1793 5316 1887 5370 sed
1923 5317 2070 5371 dein-

504 5399 631 5454 ceps
658 5390 979 5457 corruptelae
1010 5404 1139 5448 sunt
1178 5398 1356 5453 omnis
1387 5410 1655 5470 expertes.
1692 5403 1758 5458 Et
1790 5404 1939 5460 addit
1969 5423 2070 5463 nos

506 5476 606 5531 hac
645 5478 699 5533 in
736 5490 887 5537 narte
920 5484 1236 5554 angelorum
1275 5504 1396 5544 esse
1432 5493 1641 5547 similes
1714 5500 1772 5547 ut
1809 5495 2071 5551 ouemad-

578 5632 597 5663 ¹
623 5630 752 5701 Sap.
786 5651 844 5703 ιι,
870 5637 958 5692 25.

1037 5642 1055 5671 ⁸
1089 5638 1277 5695 Matth.
1312 5660 1445 5711 xxii,
1474 5645 1563 5699 23.
1643 5647 1662 5678 ³
1696 5647 1757 5702 F.
1792 5651 1911 5704 κατ’
1946 5652 2149 5709 εἰκόνα.

2174 4405 2265 4457 καὶ
2307 4406 2433 4468 τους
2476 4406 2615 4458 ἐπτά
2659 4407 2916 4476 ἀδελφοὺς
2963 4408 3295 4478 παραϐολὴν,
3348 4411 3440 4463 ἵνα
3483 4413 3573 4464 τὸν
3618 4416 3725 4481 πει

2172 4497 2520 4560 ἀναστάσεως
2544 4498 2640 4565 τῆς
2674 4498 2873 4569 σαρκὸς
2897 4497 3054 4566 λόγον
3094 4500 3434 4569 ἀπορήσωσι,
3463 4502 3723 4570 Προσῆλ-

2172 4589 2281 4641 θον
2300 4587 2480 4653 αὐτῷ,
2513 4589 2666 4658 φησι,
2714 4590 2809 4643 καὶ
2841 4589 3247 4653 Σαδδουκαῖοι,
3283 4591 3571 4661 λέγοντες
3598 4594 3721 4648 ἀνά-

2172 4695 2395 4733 στασιν
2416 4680 2502 4749 μὴ
2536 4681 2707 4735 εἶναι.
2742 4682 2800 4734 '0
2830 4677 2921 4734 οὖν
2954 4681 3205 4751 Χριστὸς,
3235 4683 3283 4735 εἰ
3312 4682 3387 4754 μὴ
3413 4678 3481 4755 ἦν
3510 4686 3720 4740 ἀνάσταο

2170 4784 2255 4833 σις
2292 4769 2516 4840 σαρκὸς,
2558 4770 2693 4823 ἀλλά
2733 4771 2891 4841 μόνον
2922 4771 3153 4836 ἐσώζετο
3182 4772 3348 4843 ψυχὴ,
3390 4775 3633 4829 συνέθετο
3664 4775 3724 4827 ἂν

2165 4861 2369 4923 αὐτοῖς,
2401 4861 2476 4922 ὡς
2508 4860 2685 4923 καλῶς
2714 4861 2803 4913 καὶ
2836 4861 3010 4931 ὀρθῶς
3040 4862 3313 4933 φρονοῦσι.
3355 4863 3495 4917 Νυνὶ
3520 4866 3576 4918 δὲ
3604 4868 3722 4919 ἀπο-

2165 4951 2432 5023 κρίνεται,
2456 4950 2647 5020 λέγων·
2687 4954 2787 5006 Ἐν
2804 4951 2877 5021 τῇ
2900 4953 3227 5007 ἀναστάσει
3257 4955 3397 5010 οὔτε
3423 4959 3720 5027 γαμοῦσιν.

2164 5043 2303 5097 οὔτε
2359 5045 2769 5112 γαμίσκονταυ
2816 5046 2955 5099 ἀλλ’
2996 5047 3075 5113 ὠς
3111 5046 3352 5115 ἄγγελοι
3396 5049 3467 5103 ἐν
3509 5049 3721 5119 οἱφανῷ

2167 5139 2346 5190 εἰσιν.
2378 5137 2453 5188 Οὐ
2490 5136 2565 5207 τῷ
2602 5137 2781 5208 σάρκα
2812 5137 2886 5208 μὴ
2929 5137 3091 5208 ἔχειν,
3127 5138 3261 5191 ἀλλά
3304 5138 3384 5209 τῷ
3428 5142 3505 5213 μὴ
3546 5143 3719 5210 γαμεῖν

2168 5226 2262 5280 καὶ
2302 5226 2615 5297 γαμεῖσθαι,
2644 5228 2778 5282 ἀλλά
2810 5224 2947 5284 εἶναι
2974 5230 3156 5283 λοιπὸν
3196 5230 3252 5283 ἐν
3291 5231 3591 5304 ἀφθαρσίᾳ.
3626 5232 3725 5284 Καὶ

2170 5334 2333 5388 φησιν
2373 5318 2622 5386 ἀγγέλοις
2662 5320 2803 5373 κατά
2844 5319 3000 5373 τοῦτο
3039 5322 3633 5392 παραπλησιασθέντας
3656 5322 3728 5375 ἶν’

2168 5408 2357 5479 ὥσπερ
2383 5410 2430 5460 οἱ
2468 5410 2688 5478 ἄγγελοι
2718 5413 2775 5463 ἐν
2799 5411 2876 5481 τῷ
2906 5411 3140 5483 οὐρανῷ,
3172 5411 3347 5475 οὕτως
3376 5416 3473 5466 καὶ
3500 5414 3646 5484 ἡμεῖς

2166 5500 2245 5571 τῷ
2276 5498 2607 5571 παραδείσῳ,
2640 5503 2777 5574 μήτε
2811 5503 3009 5575 γάμοις
3048 5503 3082 5574 ἢ
3111 5502 3419 5569 εἰλαπίναις
3441 5504 3524 5559 ἔτι
3544 5502 3714 5575 6761‘-
