3822 6292
106 269 242 323 ἱιέὕ

759 265 1130 323 Αῡνίῐΐιδίὶδ
1167 263 1511 323 ΗΕΒΕΒΕΞ
1547 262 1676 318 LIB.

1821 260 1985 319 TOM.
2012 264 2066 319 1.
2088 294 2157 305 —
2192 261 2465 318 HE'RES.
2500 260 2687 319 LXIV.

3218 260 3356 318 “28

104 383 309 447 ξοντες,
360 380 495 437 ἀλλά
542 382 669 436 τοῦί
722 383 943 452 βλέπειν
975 386 1065 439 τὸν
1097 386 1249 450 Θεὸν,
1289 387 1384 440 καὶ
1416 388 1679 458 γεωργεῖν

1787 384 2006 439 modum
2038 384 2213 454 angeli
2248 384 2300 439 in
2333 384 2509 447 coelo,
2545 384 2627 440 sic
2670 397 2772 438 nos
2803 382 2858 438 in
2892 380 3148 453 paradiso
3179 397 3355 453 neque

104 474 195 544 τὴν
226 475 399 544 ζωὴν,
436 476 861 544 πρυτανεύοντος
894 479 1023 547 ἡμῖν
1055 478 1148 531 τοῦ
1180 478 1433 548 Χριστοῦ.
1465 479 1540 530 Οὐ
1570 477 1678 549 γάρ

102 560 285 631 εἶπεν,
336 567 590 619 Ἔσονται
633 567 882 635 ἄγγελοι,
928 568 1069 633 ἀλλ’,
1122 570 1204 635 ὡς
1254 569 1520 639 ἄγγελοι,
1565 563 1679 622 οἷον

101 656 247 724 δόξῃ
270 656 394 725 μὲν
414 658 511 710 καὶ
536 657 695 726 τιμῇ,
724 660 870 712 κατὰ
904 663 965 712 τὸ
996 660 1400 731 γεγραμμένον,
1423 660 1679 728 ἐστεφα-

100 747 383 815 νωμένοι,
406 749 607 819 βραχὺ
644 750 711 803 δέ
742 768 798 804 τι
829 752 989 819 παρὰ
1016 752 1153 818 τοὺς
1185 752 1481 821 ἀγγέλους
1515 752 1681 806 διαλ-

101 838 468 905 λάσσοντες,
489 840 583 893 καὶ
612 841 778 908 ἐγγὺς
805 840 959 904 ὄντες
974 841 1066 894 τοῦ
1098 837 1236 893 εἶναι
1263 840 1498 909 ἄγγελοι.
1527 840 1677 894 Καθ-

102 928 246 999 άπερ
273 930 321 981 εἰ
351 930 535 999 ἔλεγεν
558 948 572 962 ο
605 930 786 1003 Οὔσης
815 931 1067 997 εὐταξίας
1105 933 1246 985 κατά
1277 933 1369 985 τὸν
1398 933 1555 1003 ἀέρα,
1585 932 1681 987 κα)⁸

102 1019 371 1090 γαλήνης,
416 1020 510 1072 καὶ¹
549 1023 763 1084 νυκτὸς,
802 1023 898 1075 και
936 1022 1154 1076 πάντων
1184 1022 1292 1076 τῶν
1321 1022 1419 1093 τῆς
1450 1023 1680 1093 σελήνης

101 1111 330 1181 αἰθερίῳ
362 1113 500 1181 φωτὶ
540 1114 987 1183 κεκοσμημένων,
1022 1114 1055 1184 ἡ
1098 1115 1293 1186 σελήνη
1336 1114 1515 1183 φαίνει
1544 1114 1620 1178 ὡς
1650 1116 1679 1167 ό

100 1202 273 1272 ἥλιος.
325 1203 436 1256 Καὶ
481 1204 541 1255 οὐ
593 1206 808 1267 πάντως
854 1205 921 1259 ἂν
953 1206 1103 1276 ἣλιον
1148 1203 1417 1278 εἶναιτὴν
1452 1208 1678 1279 σελήνην

99 1296 517 1365 ἀπομαρτυρεῖν
548 1296 711 1349 αὑτὸν
741 1296 991 1368 λέγομεν,
1024 1298 1137 1352 ἀλλ’
1164 1298 1239 1361 ὡς
1269 1298 1438 1369 ἥλιον.
1470 1300 1678 1371 Ὥσπερ

101 1386 196 1439 καὶ
216 1387 278 1439 τὺ
302 1387 379 1457 μὴ
400 1388 644 1458 ὑπάρχον
666 1390 886 1460 χρυσὸς,
916 1392 1083 1460 ἐγγὺς
1103 1391 1160 1445 δὲ
1178 1390 1270 1445 τοῦ
1292 1386 1431 1445 εἶναι
1456 1391 1677 1462 χρυσὸς,

101 1478 345 1546 πεφυκὸς
368 1479 445 1541 ὡς
472 1482 670 1552 χρυσὸς
705 1480 940 1550 λέγεται,
976 1483 1068 1535 καὶ
1105 1484 1163 1535 οὐ
1190 1484 1407 1554 χρυσός.
1439 1485 1500 1537 El
1530 1482 1586 1536 δὲ
1610 1478 1678 1554 ἦν

100 1566 322 1638 χρυσὸς,
341 1567 442 1619 οὐκ
467 1568 681 1637 ἐλέγετο
705 1570 769 1623 ἂν
791 1570 866 1634 ὠς
888 1571 1104 1641 χρυσὸς,
1128 1571 1263 1625 ἀλλά
1280 1572 1499 1643 χρυσός.
1525 1574 1679 1626 Ἐπεὶ

97 1659 160 1712 δὲ
185 1660 262 1732 μὴ
287 1660 402 1713 ἐστι
438 1663 657 1731 χρυσὸς.
693 1662 864 1715 ἀλλὰ²
895 1662 989 1716 τοῦ
1021 1659 1157 1717 εἶναι
1185 1663 1402 1735 χρυσὸς,
1431 1665 1526 1717 καὶ
1546 1682 1679 1734 φαν·

101 1724 361 1815 τάξεσθαι
381 1724 488 1806 τδᾉῖ
505 1724 721 1822 χρυσὸν,
748 1755 823 1819 ὡς
845 1755 1040 1826 χρυσὸς
1068 1724 1305 1824 λέγεται.
1362 1724 1398 1730 Π
1557 1724 1569 1734 Ι
1708 1724 1750 1779 Β

170 2018 331 2073 Οὕτω
380 2019 474 2072 καὶ
526 2018 601 2082 ὡς
654 2018 920 2087 ἀγγέλους
972 2017 1192 2073 ἔσεσθαι
1252 2020 1500 2089 λέγοντος
1549 2023 1677 2087 τοὺς

100 2112 287 2179 ἁγίους
330 2112 389 2163 ὲν
434 2114 499 2182 τῇ
545 2112 857 2176 ἀναστάσει,
910 2113 1011 2166 οὐκ
1054 2114 1185 2166 αὐτὸ
1224 2112 1381 2166 τοῦτο
1412 2113 1676 2182 ἀγγέλους

99 2204 261 2256 αὐτὸν
316 2202 747 2271 ἐπαγγέλλεσθαι
796 2203 1066 2274 ἀκούομεν
1116 2205 1243 2267 τοὺς
1296 2204 1482 2273 ἁγίους
1515 2207 1572 2258 ἐν
1608 2208 1674 2276 τῇ

100 2293 398 2346 ἀναστάσει
446 2292 686 2359 ἔσεσθαι,
720 2292 856 2346 ἀλλὰ
897 2294 1063 2362 ἐγγὺς
1094 2293 1187 2346 τοῦ
1220 2289 1359 2347 εἶναι
1391 2294 1673 2362 ἀγγέλους.
1702 2352 1712 2359 _

103 2385 267 2437 Ὥστε
312 2382 651 2451 ἀλογώτατον
688 2382 890 2451 λέγειν,
929 2382 1115 2453 ἐπειδὴ
1145 2384 1174 2434 ὁ
1202 2381 1435 2454 Χριστὸς
1468 2383 1679 2452 ἀπεφή-

100 2494 230 2530 νατο
259 2476 387 2539 τοὺς
411 2476 599 2544 ἁγίους
622 2474 850 2545 ὀφθῆναι
875 2474 950 2537 ὡς
976 2473 1240 2543 ἀγγέλους
1269 2475 1328 2527 ἐν
1352 2476 1418 2544 τῇ
1442 2462 1677 2527 ἀναστά-

101 2586 205 2629 σει,
238 2566 311 2620 τὰ
339 2566 565 2637 σώματα
591 2566 681 2619 διὰ
706 2565 861 2618 τοῦτο
885 2565 1055 2619 ταῦτα
1088 2567 1163 2637 μὴ
1192 2566 1529 2619 ἀνίστασθαιο
1556 2566 1677 2619 καί·

99 2676 183 2711 τοι
218 2658 321 2727 τῆς
368 2657 564 2723 λέξεως
603 2657 771 2728 αὐτὴν
812 2657 910 2727 τὴν
950 2654 1148 2727 πρᾶξιν
1188 2656 1454 2727 δηλούσης
1495 2656 1680 2727 σαφῶς

98 2749 195 2803 τοῦ
240 2750 648 2820 συμϐαίνοντος.
706 2748 1026 2813 Ἀνάστασις
1060 2748 1166 2820 γάρ
1199 2748 1299 2801 οὐκ
1338 2750 1431 2802 ἐπὶ
1468 2748 1563 2802 τοῦ
1605 2749 1678 2819 μὴ

103 2838 478 2902 πεπτωκότος,
516 2838 631 2891 ἀλλ’
664 2838 758 2892 ἐπὶ
797 2838 893 2892 τοῦ
936 2839 1285 2900 πεπτωκότος
1321 2837 1539 2907 λέγεται
1585 2841 1679 2892 καὶ

103 2929 486 3000 ἀνισταμένου·
520 2930 709 3001 ὥσπερ
745 2930 947 2984 ὁπόταν
984 2928 1131 2999 λέγει
1169 2931 1260 2983 καὶ
1299 2932 1327 2983 ὁ
1372 2931 1675 3002 προφήτης·

99 3022 215 3077 Καὶ
248 3021 577 3090 ἀναστήσω
621 3021 737 3089 τὴν
785 3020 1026 3090 σκηνὴν
1071 3020 1251 3075 Δαόίδ
1294 3020 1410 3090 τὴν
1452 3035 1680 3075 πεπτω-

100 3111 302 3165 κυῖαν.
352 3109 554 3164 Ἐπεσε
602 3112 660 3165 δὲ
707 3110 985 3165 ὀκλάσασα
1029 3113 1063 3184 ἡ
1110 3111 1319 3183 ποθητὴ
1350 3111 1461 3183 (40)
1506 3110 1679 3183 σκηνὴ

100 3204 204 3273 τῆς
226 3201 417 3272 ψυχῆς
458 3204 546 3267 εὶς
586 3199 706 3270 γῆν
738 3199 1027 3270 χώματοςο
1077 3200 1151 3255 οὗ
1200 3201 1309 3273 γὰρ
1345 3202 1407 3255 τὸ
1442 3203 1516 3273 μὴ
1556 3200 1680 3272 θνῆ-

102 3311 256 3357 σκον,
285 3292 421 3346 ἀλλὰ
450 3292 511 3345 τὸ
539 3292 770 3362 θνῆσκον
800 3291 1061 3346 κλίνεται.
1094 3292 1329 3363 Θνήσκει
1360 3293 1417 3346 δὲ
1454 3294 1487 3363 ἡ
1522 3292 1677 3363 σάρξο

98 3388 251 3457 ψυχὴ
280 3386 388 3457 γὰρ
417 3384 703 3448 ἀθάνατος.
735 3386 845 3437 Καὶ
868 3384 1045 3439 τοίνυν
1077 3385 1126 3437 sl
1155 3386 1189 3456 ἡ
1218 3384 1363 3456 ψυχὴ
1392 3385 1679 3449 ἀθάνατος,

103 3479 268 3547 σῶμα
305 3477 361 3529 δὲ
389 3478 418 3530 ό
448 3476 659 3548 νεκρός
699 3477 749 3529 οἱ
783 3475 1030 3544 λέγοντες
1058 3476 1355 3530 ἀνάστασιν
1388 3475 1486 3547 μὲν
1516 3471 1679 3543 εῖναι,

102 3566 309 3639 σαρκὸς
337 3566 395 3621 δὲ
435 3567 510 3638 μὴ
550 3562 707 3631 εἶναι,
741 3564 1031 3638 ἀρνοῦνται
1056 3568 1368 3622 ἀνάστασιν·
1397 3570 1478 3622 ότι
1520 3568 1595 3642 μὴ
1622 3571 1683 3624 τὸ

100 3658 302 3723 ἑστὼς,
335 3657 471 3710 ἀλλὰ
515 3657 577 3709 τὸ
618 3656 905 3720 πεπτωκὸς
958 3656 1050 3710 καὶ
1090 3657 1271 3712 κλιθὲν
1327 3658 1678 3728 διανίσταται,

102 3749 247 3803 κατὰ
267 3748 328 3800 τὸ
352 3747 755 3818 γεγραμμένον
781 3746 877 3816 Μὴ
901 3750 933 3801 ό
954 3748 1187 3802 πίπτων
1208 3751 1321 3803 οὐκ
1342 3751 1679 3817 ἀνίσταται,

102 3842 140 3907 ἢ
168 3844 205 3894 ὁ
232 3838 629 3908 ἀποστρέφων
659 3840 770 3893 οὐκ
802 3840 1194 3909 ἀναστρέφει;

1781 474 1987 544 nuptiis
2014 474 2281 544 amplius,
2323 488 2499 544 neque
2526 472 2790 528 conviviis
2826 472 3227 542 indulgeamus,
3259 473 3353 526 sed

1782 565 1835 618 in
1862 565 2282 634 contemplando
2300 563 2412 619 Deo
2434 562 2841 632 excolendaque
2866 562 2974 616 vita
2998 562 3169 617 simus
3191 576 3355 615 occuo
3388 565 3405 634 ξ

1779 657 1914 726 pati,
1956 657 2188 727 praeside
2236 671 2299 712 ac
2354 656 2699 712 moderatore
2742 654 2982 709 Christo.
3037 652 3154 707 Non
3209 652 3354 707 enim

1780 748 1938 814 dixit,
1978 750 2151 803 Erunt
2174 749 2348 819 angeli
2388 766 2402 803 :
2437 748 2529 803 sed
2555 787 2569 811 ,
2600 749 2735 801 sicut
2774 745 2984 817 angeli;
3019 745 3241 814 perinde
3292 758 3355 797 ac

1778 839 1951 909 gloria
1973 848 2022 893 et
2051 841 2246 893 honore
2267 839 2530 900 coronati,
2558 838 2637 892 uti
2663 837 2927 906 scriptum
2950 843 3055 900 est,
3077 833 3353 904 paululum

1780 947 1898 985 vero
1930 932 1993 984 ab
2027 930 2227 1000 angelis
2270 930 2571 998 ili/ferentes
2600 927 2642 992 ³,
2672 935 2847 996 atque
2885 926 3103 979 illorum
3148 934 3356 978 naturae

1782 1022 2038 1092 proximi.
2078 1022 2246 1087 Quasi
2284 1022 2357 1075 ita
2386 1021 2591 1076 diceret
2619 1039 2632 1075 :
2666 1018 2984 1089 Tranquillo
3014 1033 3110 1087 per
3137 1026 3353 1071 noctem

1781 1129 1848 1168 ac
1875 1128 2071 1169 sereno
2094 1128 2240 1178 aere,
2264 1128 2388 1166 cum
2413 1111 2624 1166 caelesti
2650 1111 2791 1166 luna:
2815 1111 2935 1165 luce
2960 1109 3356 1164 collustrantur

1780 1206 1986 1272 omnia,
2031 1206 2164 1261 solis
2192 1205 2367 1260 instar
2394 1205 2520 1258 luna
2547 1202 2874 1273 resplendet.
2912 1200 3047 1255 Tum
3070 1200 3213 1255 enim
3243 1214 3355 1253 non

1779 1298 2008 1353 omnino
2037 1298 2207 1353 solem
2233 1312 2357 1353 esse
2379 1296 2563 1350 lunam
2587 1311 2653 1350 ex
2679 1295 2824 1349 illius
2864 1294 3177 1349 testimonio
3202 1291 3355 1346 colli—

1779 1406 2047 1462 geremus,
2077 1390 2173 1445 sed
2204 1390 2271 1443 ad
2306 1390 2474 1445 solem
2500 1386 2776 1443 accedere.
2811 1386 2965 1442 Sicut
2990 1384 3133 1456 quod
3157 1399 3351 1439 aurum

1781 1498 1891 1537 non
1921 1490 2022 1543 est,
2057 1493 2111 1537 et
2132 1496 2267 1535 auro
2292 1488 2471 1535 tamen
2500 1486 2698 1534 natura
2728 1492 2826 1533 sua
2860 1477 3219 1548 propinquius
3242 1484 3350 1540 est,

1781 1587 1891 1627 non
1926 1588 2143 1639 aurum,
2172 1570 2266 1628 sed
2295 1570 2415 1624 auri
2446 1568 2625 1625 simile
2654 1583 2777 1623 esse
2803 1567 3025 1631 dicitur,
3056 1566 3199 1636 quod
3225 1566 3353 1637 qui-

1782 1666 1902 1720 dem
1943 1681 2135 1719 aurum
2177 1663 2222 1718 si
2268 1670 2434 1725 esset,
2481 1676 2589 1716 non
2628 1660 2744 1714 auri
2781 1660 2977 1722 simile,
3012 1660 3105 1715 sed
3158 1674 3351 1714 aurum

1779 1757 2074 1811 diceretur.
2106 1754 2262 1809 Nunc
2293 1752 2552 1824 quoniam
2588 1766 2781 1806 aurum
2813 1765 2922 1805 non
2956 1757 3060 1817 est,
3094 1749 3188 1805 sed
3219 1765 3353 1805 auro

1778 1847 2109 1917 proximum,
2166 1843 2523 1913 ejusdemque
2580 1843 2843 1897 mentitur
2898 1841 3171 1912 speciem,
3230 1840 3349 1896 auri

1779 1938 1956 1995 simile
1989 1943 2360 2006 nuncupatur.

1848 2025 2049 2082 Eodem
2079 2024 2242 2079 modo
2278 2038 2503 2094 prorsus
2530 2021 2749 2093 quodin
2785 2022 3189 2079 resurrectione
3221 2038 3353 2079 san-

1777 2126 1895 2173 ctos
1927 2116 2243 2186 angelorum
2281 2114 2397 2171 fore
2438 2114 2648 2170 similes
2686 2116 3084 2183 pronuntiavit,
3121 2130 3231 2170 non
3274 2114 3355 2171 sic

1778 2207 2155 2277 accipiendum
2174 2214 2279 2269 est,
2304 2206 2459 2276 quasi
2488 2206 2542 2259 in
2578 2210 2893 2276 angelorum
2922 2216 3173 2260 naturam
3202 2216 3355 2261 tran-

1777 2301 2096 2355 scribendos
2107 2314 2231 2354 esse
2248 2305 2470 2352 sanctos
2486 2298 2538 2351 in
2558 2298 2647 2350 illa
2668 2298 3073 2354 resurrectione
3090 2298 3355 2366 voluerit;

1779 2391 1872 2447 sed
1908 2391 2040 2445 nihil
2077 2388 2245 2456 aliud,
2282 2388 2386 2445 nisi
2428 2389 2742 2459 angelorum
2788 2389 3087 2444 conditioni
3128 2392 3355 2460 propin-

1779 2497 1916 2553 quos
1934 2481 2169 2536 futuros.
2193 2479 2557 2546 Quamobrem
2579 2480 2967 2535 stultissimum
2992 2481 3120 2534 mihi
3141 2481 3357 2535 videtur

1780 2573 1855 2626 ita
1895 2573 2151 2642 colligere
2182 2590 2195 2626 :
2230 2569 2501 2636 Quoniam
2538 2568 2791 2626 Christus
2822 2578 3042 2624 sanctos
3080 2570 3134 2624 in
3169 2585 3357 2624 resur-

1780 2664 2022 2719 rectione
2049 2671 2307 2733 tanquam
2333 2662 2559 2732 angelos
2587 2663 2762 2716 visum
2787 2662 2853 2715 iri
2879 2662 3212 2731 praedixerit,
3243 2662 3359 2717 hac

1783 2754 1989 2808 idcirco
2034 2762 2414 2808 resurrectura
2458 2767 2566 2806 nun
2606 2767 2727 2807 esse
2759 2767 3012 2822 corpora.
3043 2752 3358 2807 Praesertim

1780 2862 1905 2901 cum
1928 2846 2249 2901 vocabulum
2273 2845 2453 2914 ipsum
2476 2843 2597 2913 ejus
2617 2846 2760 2913 quod
2786 2845 3053 2915 contingit
3088 2847 3356 2899 actionem

1780 2938 2066 3007 perspicue
2086 2935 2346 2990 declaret.
2374 2934 2509 2989 Nam
2530 2934 2862 2991 resurrectio
2882 2951 2991 2990 non
3015 2936 3081 2990 de
3102 2952 3187 3002 eo,
3211 2936 3359 3006 quod

1707 3054 1751 3111 α
1786 3042 2064 3098 nunquam
2118 3025 2336 3091 cecidit,
2391 3027 2484 3081 sed
2530 3026 2598 3082 de
2631 3041 2728 3091 eo,
2764 3026 2911 3096 quod
2950 3028 3149 3082 cecidit
3195 3036 3362 3098 atque

1779 3126 1975 3178 iterum
2023 3118 2291 3188 assurgit,
2336 3125 2654 3186 usurpatur.
2716 3116 2872 3173 Velut
2922 3133 3046 3172 cum
3099 3119 3361 3189 propheta

1778 3209 1950 3264 dicit:
1990 3208 2057 3262 Et
2108 3210 2349 3261 excitabo
2390 3209 2791 3262 tabernaculum
2830 3207 3005 3263 David
3046 3210 3185 3279 quod
3218 3210 3357 3264 ceci—

1778 3303 1858 3355 dit
1891 3301 1932 3353 ⁸.
1974 3300 2188 3355 Cecidit
2243 3315 2406 3370 porro
2450 3311 2695 3369 optatum
2749 3300 2885 3355 illud
2939 3302 3135 3357 anima:
3178 3303 3363 3357 taber-

1780 3394 2035 3449 naculum
2076 3394 2130 3445 in
2177 3402 2375 3445 terram
2421 3392 2627 3461 aggeris
2651 3393 2672 3423 '
2707 3393 3034 3462 collapsum.
3068 3392 3186 3448 Non
3217 3394 3363 3449 enim

1780 3482 1927 3554 quod
1954 3498 2059 3536 non
2086 3481 2318 3535 moritur
2338 3520 2352 3544 ,
2380 3479 2475 3535 sed
2500 3479 2646 3550 quod
2670 3481 2903 3534 moritur
2942 3481 3207 3535 inclinare
3228 3480 3367 3535 dici-

1782 3584 1889 3627 tur.
1910 3572 1979 3626 At
2014 3572 2247 3626 moritur
2274 3586 2424 3626 caro.
2454 3570 2651 3623 Anima
2676 3570 2877 3640 quippe
2909 3570 3234 3625 immortalis
3257 3579 3362 3626 est.

1780 3664 2122 3735 Quapropter
2160 3662 2206 3716 si
2244 3662 2573 3717 immortalis
2598 3668 2684 3717 est
2730 3663 2934 3725 anima,
2980 3677 3185 3733 corpus
3234 3678 3367 3717 vero

1780 3758 2013 3812 cadaver
2030 3768 2142 3823 est;
2166 3756 2259 3825 qui
2290 3756 2359 3808 ita
2380 3758 2842 3810 resurrectionem
2858 3754 2988 3811 lore
3008 3755 3364 3819 conﬁtentur,

1782 3856 1842 3901 ut
1869 3863 1987 3902 eam
2020 3845 2243 3901 nihilad
2276 3861 2496 3902 carnem
2535 3858 2809 3915 pertinere
2850 3857 3070 3916 putent,
3116 3863 3370 3902 resurre-

103 3933 345 3985 ctionem
380 3930 625 3984 funditus
669 3936 891 3996 negant.
940 3928 1393 4001 Quandoquidem
1436 3947 1544 3986 non
1580 3934 1713 3987 illud
1753 3937 1898 4006 quod
1926 3943 2054 4000 stat,
2082 3934 2179 3990 sed
2207 3936 2351 4005 quod
2375 3935 2599 3999 cecidit,
2627 3942 2680 3990 et
2705 3936 3015 3999 inclinavit,
3070 3951 3370 4007 exsurgere

103 4023 334 4084 dicitur,
380 4036 480 4092 pro
508 4036 573 4077 eo
602 4036 665 4075 ac
706 4021 971 4091 scriptum
1006 4030 1090 4076 est
1138 4040 1151 4076 :
1192 4016 1339 4074 Nam
1373 4024 1463 4092 qui
1509 4025 1696 4077 cecidit
1754 4043 1857 4080 non
1898 4028 2177 4096 resurget?
2221 4035 2314 4079 aut
2358 4026 2447 4090 qui
2488 4042 2704 4080 aversus
2737 4035 2815 4079 est
2852 4042 2957 4079 non
3002 4028 3372 4081 revertetur‘?

175 4119 317 4183 aqu
367 4116 483 4169 Ὀτι
511 4116 568 4169 δὲ
600 4116 868 4179 ἀθάνατος
900 4118 933 4187 ἡ
967 4117 1135 4187 ψυχὴ.
1170 4117 1405 4184 ἐδίδαξεν
1437 4120 1681 4189 ἀναφαν-

103 4212 198 4265 δὸν
227 4211 256 4262 ὁ
296 4208 498 4279 Κύριος
524 4208 617 4261 καὶ
652 4207 716 4259 δι’
750 4207 965 4272 ἑαυτοῦ,
998 4210 1091 4261 καὶ
1118 4208 1555 4280 διὰ-Σαλομῶνος
1605 4212 1684 4266 εί-

1860 4121 2023 4194 559
2041 4117 2279 4177 XXXVI.
2320 4121 2476 4188 Quod
2500 4130 2679 4177 autem
2710 4122 3037 4177 immortalis
3064 4123 3245 4176 anima
3274 4124 3377 4189 sit,

1790 4214 2076 4270 manifeste
2122 4213 2388 4268 Dominus
2438 4229 2562 4269 cum
2607 4228 2702 4283 per
2744 4228 2889 4281 sese,
2922 4221 3035 4268 tum
3071 4230 3168 4284 per
3217 4213 3372 4270 Salo-

104 4301 247 4355 πών.
277 4300 353 4353 Δι’
382 4298 575 4352 ἑαυτοῦ
606 4299 704 4369 μὲν
729 4300 787 4351 ὲν
814 4301 882 4368 τῇ
916 4300 1061 4353 κατά
1083 4298 1173 4351 τὸν
1205 4298 1459 4353 πλούσιον
1482 4302 1575 4353 καὶ
1592 4301 1679 4355 τὸν

1792 4322 2007 4361 monem
2062 4305 2304 4361 edocuit.
2356 4304 2461 4361 Per
2507 4320 2628 4361 sese
2676 4305 2919 4374 quidem,
2966 4304 3022 4359 in
3077 4305 3265 4362 divitis
3309 4321 3373 4360 ac

104 4397 318 4464 πένητα
350 4390 599 4464 Λάζαρον
629 4392 861 4463 ἱστορίᾳ,
887 4389 976 4443 τὸν
1000 4389 1098 4459 μὲν
1115 4392 1172 4443 ἐν
1193 4389 1412 4454 κόλποις
1432 4391 1687 4465 Ἀϐραὰμ

104 4488 232 4550 δοὺς
272 4484 644 4538 ἀναπαύεσθαι
688 4485 825 4554 μετά
858 4482 955 4554 τὴν
985 4482 1242 4536 ἀπόθεσιν
1284 4482 1378 4537 τοῦ
1415 4482 1685 4555 σώματος,

104 4582 201 4635 τὸν
240 4580 297 4633 δὲ
331 4582 388 4633 ἐν
426 4579 735 4650 ἀχθηδόσιν,
780 4573 861 4641 οἷς
891 4578 1269 4649 διαλεγόμενον
1308 4579 1398 4633 τὸν
1436 4580 1689 4653 Ἀϐραὰμ

104 4680 392 4749 εἰσήγαγε·
426 4677 511 4730 ara
538 4673 855 4746 Σαλομῶνος
884 4674 941 4727 δὲ
974 4677 1031 4728 ὲν
1060 4678 1124 4745 τῇ
1157 4676 1569 4749 ἐπιγραφομένῃ
1595 4677 1685 4729 Σο-

104 4772 231 4842 φία,
267 4768 415 4833 ἔνθα,
447 4768 699 4821 Δικαίων
736 4770 794 4820 al
830 4766 1023 4835 ψυχαὶ
1058 4766 1129 4819 ἐν
1157 4766 1329 4834 χειρί,
1359 4765 1690 4838 γέγραπται,

106 4860 285 4925 Θεοῦ,
306 4862 404 4915 καὶ
432 4863 503 4915 οὐ
528 4860 614 4931 μὴ
639 4860 864 4929 ἅψηται
890 4858 1089 4913 αὐτῶν
1106 4857 1406 4924 βάσανος.
1438 4859 1693 4924 Ἕδοξαν

104 4957 181 5008 ἐν
220 4951 552 5023 ὀφθαλμοῖς
591 4952 871 5020 ἀφρόνων
918 4948 1216 5013 τεθνάναι,
1268 4950 1369 5004 καὶ
1407 4950 1691 5020 ἐλογίσθη

104 5046 377 5109 κάκωσις
402 5044 441 5110 ἡ
468 5041 682 5107 ἔξοδος
710 5039 930 5106 αὐτῶν,
961 5039 1058 5094 καὶ
1088 5040 1127 5108 ἡ
1160 5040 1262 5109 ἀφ’
1292 5040 1462 5109 ἡμῶν
1485 5042 1697 5109 πορεία

104 5139 470 5204 σύντριμμα.
523 5136 586 5187 Ol
633 5132 701 5187 δέ
740 5134 900 5186 εἰσιν
926 5132 997 5185 ἐν
1026 5130 1257 5200 είρήνῃ,
1300 5131 1398 5185 καὶ
1435 5134 1473 5201 ἡ
1518 5133 1696 5200 ἐλπίς

105 5226 314 5284 αὐτῶν
340 5225 673 5292 ἀθανασίας
703 5225 961 5293 πλήρης.
1004 5224 1169 5278 Ὅθεν
1202 5225 1449 5295 σώματος
1490 5227 1524 5297 ὴ
1564 5226 1696 5280 ἀνά-

106 5335 321 5381 στασις,
354 5318 451 5371 καὶ
483 5316 543 5370 οὐ
575 5316 775 5388 ψυχῆς
802 5316 864 5369 οὐ
894 5315 1003 5389 γὰρ
1024 5316 1114 5369 τὸν
1137 5315 1347 5369 ὲστῶτά
1370 5332 1453 5379 τις
1476 5316 1697 5386 ἀνίστη-

187 5451 290 5507 ‘F.
354 5453 454 5524 τῷ.
528 5455 549 5485 ²
581 5452 741 5509 Deest
790 5453 978 5523 ἐγγύς.

109 5540 225 5585 xvi.
260 5526 326 5581 l9
359 5542 513 5595 seqq.
587 5526 609 5558 ⁸
638 5524 767 5597 Sap.
787 5541 869 5589 ιιι,
903 5526 1017 5581 113.

1055 5453 1077 5485 ³
1114 5453 1262 5509 Psal.
1302 5467 1419 5519 vni,
1482 5452 1538 5508 6.
1614 5454 1636 5485 ⁸
1670 5456 1839 5511 Amos
1900 5470 1977 5522 ix,
2010 5454 2096 5512 ll.

1788 4398 1978 4454 Lazari
2000 4399 2257 4471 pauperis
2278 4399 2508 4454 historia
2526 4398 2565 4451 ":
2590 4412 2822 4467 quorum
2843 4399 2985 4451 hunc
3008 4398 3059 4451 in
3078 4397 3372 4455 Abrahami

1784 4482 1912 4545 'sinu
1947 4501 2071 4562 post
2103 4498 2330 4546 exutum
2371 4503 2572 4558 corpus
2602 4488 2952 4557 acquiescere
2985 4489 3159 4542 voluit
3191 4507 3204 4543 :
3239 4490 3374 4544 alte-

1790 4598 1911 4638 rum
1937 4582 2276 4637 cruciatibus
2298 4580 2579 4635 damnavit
2600 4596 2614 4643 ;
2632 4595 2662 4633 e
2688 4580 2889 4649 quibus
2911 4596 3035 4634 cum
3062 4580 3374 4635 Abrahamo

1791 4674 2190 4743 colloquentem
2218 4670 2546 4726 introduxit.
2577 4668 2721 4724 ldem
2748 4685 2879 4724 vero
2902 4687 2998 4741 per
3024 4669 3373 4725 Salomonem

1793 4767 1847 4820 in
1877 4781 1943 4821 eo
1972 4766 2114 4819 libro
2140 4765 2232 4835 qui
2276 4762 2553 4833 Sapientia
2590 4762 2915 4817 inscribitur
2946 4762 3205 4826 ostendit,
3238 4762 3328 4817 ubi
3356 4802 3372 4827 ,

1793 4858 2093 4920 Justorum,
2142 4856 2350 4926 inquit,
2387 4856 2578 4909 anima:
2608 4856 2663 4907 in
2694 4869 2857 4907 manu
2889 4854 2988 4908 Dei
3015 4862 3159 4915 sunt,
3190 4863 3239 4907 et
3272 4872 3375 4909 non

1796 4957 1973 5019 tanget
1994 4946 2115 5001 illos
2132 4954 2471 5000 tormentum.
2505 4944 2614 4999 Visi
2625 4954 2750 4998 sunt
2765 4944 2817 4996 in
2836 4943 3000 4997 oculis
3018 4944 3376 5013 insipientium

1798 5039 1956 5101 mori,
1987 5047 2037 5092 et
2065 5036 2333 5092 wstimata
2356 5043 2435 5089 est
2457 5036 2668 5107 afflictio
2697 5035 2872 5088 exitus
2901 5033 3140 5098 illorum,
3170 5044 3219 5087 et
3238 5033 3376 5104 quod

1798 5148 1829 5185 a
1852 5130 2001 5185 nobis
2025 5139 2102 5183 est
2126 5130 2229 5183 iter
2259 5129 2651 5183 exterminium.
2690 5125 2787 5181 Illi
2808 5135 2981 5179 autem
3004 5126 3203 5179 suntin
3227 5140 3375 5193 pace,

1798 5232 1847 5277 et
1877 5236 1989 5291 spes
2024 5220 2243 5274 illorum
2272 5218 2678 5273 immortalitate
2706 5218 2860 5287 plena
2890 5226 2967 5271 est
3001 5217 3044 5270 ⁸.
3081 5215 3221 5287 Ergo
3249 5230 3377 5269 cor-

1799 5315 1950 5385 poris
1979 5319 2062 5369 est
2085 5311 2443 5377 resurrectio,
2473 5326 2581 5366 non
2607 5310 2837 5377 animae;
2866 5325 3039 5380 neque
3060 5309 3204 5363 enim
3231 5314 3381 5362 stan-

2205 5456 2226 5488 ³
2252 5455 2390 5511 Dan.
2418 5470 2514 5521 ιιι,
2538 5452 2594 5506 2.
2702 5452 2721 5483 ⁸
2741 5447 2853 5505 Jer.
2880 5464 3001 5513 xm,
3031 5445 3084 5501 4,
3195 5442 3216 5475 ⁷
3241 5441 3374 5496 Luc.

180 5644 298 5705 (‘0)
338 5643 559 5697 ’Ἐπεσε
580 5641 646 5695 δὲ
676 5640 999 5696 ὀκλάσασα
1029 5641 1066 5709 ἡ
1090 5639 1340 5708 ποθητή.
1370 5636 1497 5693 Cor.
1562 5638 1813 5713 παθητὴ..
