3822 6292
495 246 639 304 ιητ

1921 238 1979 290 S.
2017 233 2361 292 EPIPHANII

3613 245 3724 301 1’33

490 377 597 422 tem
635 363 799 430 ullus,
833 360 928 417 sed
954 337 1226 431 iacentem
1251 357 1432 430 erigit.
1463 357 1554 413 Uti
1583 372 1759 428 neque
1791 372 1926 412 sano
1949 372 2072 412 cor-

2183 375 2281 424 σιν,
2312 357 2448 412 ἀλλὰ
2479 357 2570 413 τὸν
2617 358 2878 430 κείμενον
2932 338 3121 434 ὦσττερ
3147 363 3285 432 οὐδὲ
3326 365 3417 418 τὸν
3449 364 3730 434 ὑγίαινοντει

491 457 631 527 pori,
663 443 755 510 sed
791 440 931 508 male
961 450 1154 506 aii‘ecto
1183 440 1481 506 remedium
1512 449 1820 504 adhibetur.

561 544 717 610 Quod
754 544 798 600 si
831 545 956 616 quis
992 542 1448 598 resurrectionem
1485 540 1679 594 anima:
1710 555 1819 594 non
1855 539 2075 610 corpori

489 643 806 690 eventuram
851 631 1188 703 pertinacius
1225 629 1493 684 afﬁrmare
1541 629 1691 692 velit,
1748 642 1945 699 magna
1988 635 2075 682 est

494 722 734 777 hominis
779 723 1050 780 stoliditas
1089 730 1142 776 et
1179 720 1438 774 amentia.
1481 718 1641 773 Prius
1687 718 1835 772 enim
1879 719 2074 772 animo:

494 816 904 884 corruptionem
936 831 1000 870 ac
1031 813 1450 869 dissolutionem
1480 825 1709 865 necesse
1734 819 1819 865 est
1847 825 2069 865 asseve—

495 914 598 969 ret,
626 916 681 960 ut
712 906 859 960 illius
883 905 1052 975 partis
1074 919 1194 960 esse
1222 900 1685 956 resurrectionem
1711 897 1942 962 inferat;
1972 913 2074 952 nec

497 1012 722 1068 prorsus
776 997 1009 1051 delirare
1058 993 1154 1050 sed
1210 1000 1490 1061 utcunque
1543 990 1748 1060 aliquid
1801 990 2074 1045 disserere

493 1087 766 1141 videatur.
803 1083 1002 1138 Verum
1031 1082 1224 1138 demus
1257 1082 1358 1136 hoc
1394 1080 1468 1133 illi
1497 1121 1511 1145 ,
1545 1086 1604 1132 ut
1638 1078 1920 1132 mortalem
1953 1093 2074 1133 esse

492 1179 729 1231 animam
758 1174 997 1229 deﬁniat.
1027 1173 1146 1226 Jam
1173 1174 1406 1227 duorum
1431 1171 1661 1225 alterum
1688 1169 1816 1239 poni
1848 1183 2075 1223 necesse

491 1276 576 1322 est
597 1284 612 1331 ;
637 1276 728 1320 aut
762 1281 883 1321 vere
912 1267 1302 1336 pronuntiasse
1334 1263 1646 1327 Dominum,
1679 1275 1806 1314 cum
1849 1259 2075 1313 immor-

493 1358 659 1412 talem
684 1370 804 1411 esse
828 1356 1067 1408 animam
1096 1353 1316 1416 docuit,
1350 1362 1404 1407 et
1430 1353 1510 1405 sic
1530 1348 1775 1405 eamdem
1798 1346 2074 1417 corrumpi

492 1445 786 1502 falsissime
833 1444 1154 1515 praedicari;
1205 1452 1300 1497 aut
1340 1443 1488 1496 illam
1535 1449 1686 1495 certe
1729 1455 1917 1494 revera
1952 1455 2076 1494 cor-

491 1537 708 1607 rumpi,
766 1537 1012 1604 adeoque
1067 1534 1427 1588 immortalem
1488 1532 1637 1586 illam
1696 1538 1858 1600 atque
1908 1530 2074 1584 exitio

492 1635 769 1683 carentem
793 1642 936 1691 esse,
961 1639 1243 1696 perperam
1267 1624 1518 1678 docuisse
1539 1622 1852 1685 Christum;
1880 1628 1992 1672 tum
2017 1620 2073 1673 in

2176 449 2585 522 θεραπεύουσιν,
2617 449 2754 503 ἀλλὰ
2786 451 2878 504 τὸν
2909 453 3207 523 πάσχοντα.

2245 542 2308 594 Ei
2335 541 2391 594 δέ
2416 559 2498 605 τις
2524 541 2624 612 τὴν
2653 542 2950 596 ἀνάστασιν
2978 544 3071 596 ἐπὶ
3098 545 3197 615 τῆς
3221 545 3426 619 ψυχῆς.
3455 548 3550 604 καὶ
3573 549 3640 620 μὴ
3657 550 3734 602 ἐπὶ

2174 631 2274 701 τῆς
2303 633 2504 702 σαρκὸς
2536 631 2784 702 βιάζεται
2818 633 2997 702 λέγειν
3035 635 3277 699 ἔσεσθαι,
3313 636 3485 708 πολλὴ
3521 639 3614 708 μὲν
3641 658 3735 709 μωο

2175 722 2269 793 ρία
2310 723 2483 794 τούτῳ
2529 726 2624 778 καὶ
2653 724 2868 795 ἀλογία.
2903 727 3065 794 Λέγει
3097 729 3207 800 γὰρ
3234 731 3256 762 ⁸
3292 729 3502 802 φθορὰν
3528 731 3732 802 πρῶτον,

2174 813 2269 866 καὶ
2298 812 2450 867 λύσιν
2479 814 2569 867 τὸν
2599 816 2837 872 τοιοῦτον
2863 817 2961 888 τῆς
2981 817 3160 889 ψυχῆς
3183 821 3480 888 δεικνύναι,
3505 823 3588 874 ἴνα
3606 823 3733 896 δείξῃ

2173 903 2239 974 δὴ
2268 905 2363 958 καὶ
2391 905 2488 976 τὴν
2508 906 2828 970 ἀνάστασιν,
2868 911 2941 980 μή
2970 928 3052 964 τοι
3085 911 3356 982 ληρούντά
3381 930 3469 981 γε,
3504 915 3629 968 ἀλλὰ
3651 933 3731 967 σα-

2175 997 2290 1064 φῶς
2325 995 2550 1064 λέγοντά
2591 1016 2644 1052 τι
2678 1001 2986 1068 φαίνεσθαι.
3020 1002 3210 1074 Ὅμως
3237 1005 3372 1073 γοῦν
3403 1007 3579 1060 δοτέον
3602 1009 3732 1078 αὐτῷ

2175 1085 2374 1156 θνητὴν
2398 1086 2686 1157 ὁρίσασθαι
2724 1088 2822 1159 τὴν
2855 1091 3050 1163 ψυχήν.
3095 1097 3250 1147 Δυοίν
3279 1097 3389 1166 γάρ
3422 1114 3505 1150 τοι
3534 1097 3731 1168 θάτερον

2173 1177 2350 1230 ταῦτα
2381 1177 2586 1242 θετέον,
2623 1178 2656 1249 ἢ
2689 1179 2863 1250 ἁληθῆ
2897 1183 2985 1234 τὸν
3015 1183 3213 1255 Κύριον
3248 1187 3624 1257 ἀποφήνασθαι
3649 1192 3734 1259 τὴν

2175 1264 2352 1336 ψυχὴν
2390 1266 2660 1321 ἀθάνατον
2709 1269 3046 1339 διδάσκοντα,
3095 1273 3189 1325 καὶ
3235 1273 3430 1343 ψεῦδος
3481 1277 3640 1347 αὐτὴν
3685 1279 3735 1330 τὸ

2178 1355 2494 1426 φθείρεσθαι
2541 1357 2741 1426 λέγειν’
2785 1361 2820 1431 ἢ
2865 1360 3206 1434 φθείρεσθαι,
3248 1367 3339 1419 καὶ
3369 1366 3565 1434 ψεῦδος
3590 1369 3735 1438 αὐτὴν

2176 1447 2237 1500 τὸ
2264 1447 2548 1520 ἀνόλεθρον
2582 1452 2676 1504 καὶ
2704 1451 2970 1507 ἀθάνατον
3006 1452 3144 1508 εἶναι
3188 1457 3460 1512 διδάσκειν
3501 1461 3590 1514 τὸν
3623 1463 3738 1532 Χρι-

2179 1538 2302 1592 στὸν
2353 1540 2447 1593 καὶ
2497 1543 2553 1594 ὲν
2586 1545 2652 1613 τῇ
2700 1544 2840 1598 κατὰ
2867 1545 2958 1597 τὸν
3000 1547 3255 1602 πλούσιον
3300 1551 3395 1603 καὶ
3429 1551 3521 1604 τὸν
3554 1554 3738 1622 πένητα

2178 1628 2395 1699 φράσει,
2430 1630 2524 1682 καὶ
2550 1631 2607 1682 ὲν
2648 1635 2713 1704 τῇ
2754 1632 2895 1686 κατὰ
2936 1635 3024 1687 τὸν
3059 1636 3293 1713 Μωῦσέα
3323 1640 3419 1692 καὶ
3442 1641 3534 1692 τὸν
3571 1641 3740 1695 Ἠλίαν

491 1719 585 1773 illa
606 1718 793 1774 divitis
832 1732 895 1772 ac
929 1715 1185 1787 pauperis
1217 1714 1447 1768 historia
1478 1714 1492 1743 ¹
1521 1731 1535 1779 ;
1561 1720 1676 1764 tum
1709 1711 1761 1763 in
1790 1710 1981 1775 altera,
2019 1710 2074 1763 in

2183 1718 2430 1789 ὀπτασίᾳ.
2489 1720 2628 1774 Ἀλλ’
2656 1721 2806 1775 οὐδὲν
2841 1724 2869 1775 ὁ
2904 1723 3108 1794 Κύριος
3151 1710 3328 1790 ἄλλως
3368 1727 3678 1796 ἐφθέγξατο,
3709 1731 3739 1800 ἢ

495 1825 604 1882 qua
630 1809 811 1865 Moses
832 1818 995 1880 atque
1016 1807 1164 1862 Elias
1187 1805 1441 1877 apparuit
1461 1807 1507 1858 ⁸.
1532 1804 1696 1872 Atqui
1720 1802 1857 1856 nihil
1879 1809 2083 1856 temere

495 1901 716 1957 locutus
744 1910 847 1963 εει,
880 1914 1057 1969 neque
1083 1899 1346 1953 mentitus
1364 1903 1447 1951 est
1467 1894 1747 1948 Dominus.
1773 1891 1889 1947 Non
1913 1894 2079 1955 enim,

495 2000 557 2048 ιιι
580 1992 852 2063 apostolis
877 1991 1155 2052 illuderet,
1181 1990 1343 2044 inane
1379 1989 1447 2043 iis
1470 1987 1825 2041 simulacrum
1854 2000 1917 2039 ac
1944 1984 2084 2038 ludi-

495 2096 648 2139 cram
691 2081 928 2151 speciem
959 2079 1235 2144 ostendit,
1282 2092 1409 2131 cum
1453 2077 1506 2130 in
1556 2085 1743 2130 monte
1793 2075 1963 2128 Eliam
2019 2089 2083 2129 ac

498 2175 739 2246 Moysem
769 2171 1078 2239 exliibuit';
1109 2171 1201 2226 sed
1245 2170 1391 2240 quod
1426 2171 1606 2239 reipsa
1644 2179 1801 2224 erant
1825 2170 1942 2223 sine
1973 2169 2084 2222 ullo

497 2265 786 2322 mendacio
817 2263 1093 2334 patefecit.
1140 2259 1293 2315 Unde
1325 2260 1408 2314 vel
1449 2258 1893 2328 imperitissimus
1931 2258 2081 2327 quis-

2179 1809 2462 1878 ἐψεύσατο.
2494 1813 2567 1864 Οὐ
2595 1812 2702 1884 γὰρ
2727 1814 2944 1868 εἴδωλον
2971 1817 3003 1888 ἢ
3033 1815 3342 1888 φάντασμα,
3371 1820 3499 1883 τοὺς
3525 1822 3743 1873 dmord-

2179 1899 2303 1964 λους
2328 1899 2647 1973 βουλόμενος
2670 1907 2905 1978 ἀπατᾷν,
2932 1908 3201 1963 ἐδείκνυεν
3231 1911 3413 1975 αὐτοῖς
3441 1913 3497 1964 ὲν
3522 1911 3594 1982 τῷ
3613 1913 3742 1984 δρει,

2178 1991 2268 2046 τὸν
2326 1993 2512 2049 Ἠλίαν
2557 1997 2651 2049 καὶ¹
2695 1998 2786 2052 τὸν
2818 2000 3080 2068 Μωύσέα,
3113 2001 3227 2056 ἀλλ’
3251 2002 3280 2055 ὃ
3307 1997 3448 2072 ἦσαν
3491 2003 3743 2073 ἁψευδῶςο

2182 2082 2368 2148 Ὥστε,
2404 2086 2482 2150 ὡς
2517 2087 2646 2152 ἔπος
2693 2091 2889 2159 εἰπεῖν,
2939 2094 3034 2148 καὶ
3074 2093 3165 2147 τὸν
3193 2095 3627 2166 δυσμαθέστατον
3653 2115 3746 2167 μα-

2187 2169 2300 2224 θεῖν
2321 2172 2589 2230 ἀθάνατον
2618 2179 2780 2234 αὑτὸν
2803 2177 2964 2246 εἶναι,
3001 2183 3095 2236 καὶ
3113 2183 3398 2255 άνόλεθρον
3429 2184 3746 2239 διαϐεϐαιού-

2190 2263 2314 2317 σθαι
2351 2265 2447 2338 τὴν
2478 2268 2679 2341 ψυχήν,

492 2377 622 2434 que,
651 2369 713 2414 ut
737 2373 846 2414 uno
896 2357 1065 2412 verbo
1116 2355 1294 2411 dicam
1315 2395 1330 2422 ,
1377 2353 1686 2424 intelligere
1739 2358 1943 2423 potest,
1976 2351 2337 2415 immortalem
2366 2362 2434 2416 ab
2466 2363 2608 2432 ipso,
2635 2373 2690 2420 et
2711 2365 2860 2421 exitii
2893 2368 3188 2424 immunem
3218 2371 3454 2428 animam
3476 2388 3595 2430 esse
3619 2391 3745 2430 con-

495 2455 727 2512 ﬁrmari.

567 2543 826 2600 XXXVII.
860 2543 1121 2615 Corporis
1170 2543 1356 2613 itaque
1413 2541 1746 2597 resurrectio
1798 2547 1904 2608 est,
1961 2554 2074 2596 non

494 2639 710 2701 animm,
760 2645 819 2691 ut
855 2638 908 2690 in
938 2637 1347 2706 corruptionem
1381 2636 1596 2704 lapsum
1637 2633 1857 2690 Davidis
1889 2635 2074 2690 taber-

496 2729 752 2786 naculum
798 2736 1050 2796 resurgat
1084 2746 1098 2790 ;
1131 2737 1294 2797 atque
1320 2727 1408 2779 ubi
1433 2726 1767 2793 constiterit,
1788 2735 1841 2781 et
1867 2726 2080 2780 instau-

496 2834 675 2878 ratum
705 2819 890 2884 fuerit,
921 2819 1202 2875 sicutdies
1227 2817 1436 2879 saeculi,
1481 2817 1795 2872 inviolabile
1819 2817 2078 2886 deinceps

498 2927 564 2967 ac
587 2911 980 2982 sempiternum
1008 2916 1344 2981 permaneat.
1365 2905 1551 2976 Neque
1573 2923 1701 2961 vero
1730 2907 1898 2963 Deum
1926 2907 2078 2960 arbi-

2249 2542 2370 2596 AZ'.
2407 2542 2616 2596 Οὐκοῦν
2651 2547 2852 2616 σαρκὸς
2883 2548 2916 2617 ἡ
2947 2547 3240 2612 ἀνάστασις
3281 2550 3513 2618 γίνεται,
3559 2555 3620 2607 οὐ
3657 2555 3748 2626 duo

2180 2633 2302 2706 χῆς,
2345 2634 2493 2698 ὅπως
2544 2635 2577 2705 ἡ
2626 2641 2948 2691 πεπτωκυῖα
2993 2640 3087 2692 τοῦ
3126 2642 3290 2696 Δαϐὶδ
3322 2645 3402 2707 εἰς
3428 2645 3528 2716 τὴν
3555 2646 3748 2717 φθορὰν

2180 2723 2390 2792 ἀναστῇ
2434 2724 2630 2794 σκηνὴ,
2671 2726 2767 2778 καὶ
2798 2727 3099 2792 ἀναστᾶσα,
3133 2732 3226 2783 καὶ
3252 2733 3748 2805 ἀνοικοδομηθείσα,

2181 2814 2365 2879 καθὼς
2398 2816 2456 2868 αἱ
2502 2816 2706 2888 ἡμέραι
2748 2819 2841 2872 τοῦ
2890 2821 3104 2886 αἰῶνος,
3153 2825 3391 2895 ἀπήμων
3436 2827 3622 2881 λοιπὸν
3665 2832 3749 2883 καὶ

2183 2907 2518 2972 ἀδιάπτωτος
2541 2909 2802 2980 διαμένοι.
2839 2913 2960 2966 Ὅτι
2985 2916 3060 2986 μὴ
3083 2917 3158 2985 τῷ
3183 2917 3304 2988 Θεῷ
3323 2919 3423 2989 τὴν
3442 2920 3653 2992 λιθίνην
3676 2926 3747 2976 ol-

499 3007 633 3060 trari
652 2973 916 3059 debemus
949 2973 1216 3072 lapideam
1238 3001 1376 3056 velle
1407 2973 1570 3071 5ὸο
1594 3000 1818 3054 domum
1859 2999 2076 3053 Davidis

2184 2999 2308 3054 κίαν
2345 2973 2760 3070 δείμασθαι-τοῦ
2799 2973 2998 3070 A0616,-
3028 2973 3163 3078 μηδὲ
3209 2973 3470 3083 ἴνἰὲν¹τῇ
3517 2973 3749 3085 βασιλείᾳ

497 3108 806 3160 exstruere,
839 3110 1017 3164 neque
1044 3095 1103 3148 in
1133 3094 1345 3148 cmlesti
1373 3109 1541 3164 regno
1570 3092 1831 3149 eximium
1863 3092 2084 3164 aliquod

497 3191 838 3248 domicilium
881 3200 1226 3244 construere.
1266 3186 1373 3242 Sed
1403 3188 1470 3242 dc
1510 3203 1677 3242 carne
1719 3187 1904 3258 loqui,
1937 3187 2084 3257 quod

500 3289 698 3339 anima:
749 3282 1164 3337 tabernaculum
1208 3280 1504 3350 est,fquod
1552 3280 1772 3351 quidem
1814 3281 1929 3334 suis
1972 3281 2087 3349 ipse

498 3375 755 3430 manibus
778 3376 997 3428 molitus
1026 3383 1130 3428 est.
1163 3371 1248 3426 Tu
1278 3387 1426 3436 vero,
1461 3371 1866 3442 sapientissime
1889 3369 2086 3440 Aglao-

498 3468 644 3538 phon
670 3506 686 3528 ,
722 3465 869 3518 hunc
908 3461 974 3516 ad
1023 3461 1244 3514 modum
1299 3460 1405 3514 ista
1449 3459 1760 3513 considera.
1801 3455 2083 3510 Facillime

497 3558 643 3613 enim
695 3556 785 3610 illa
818 3555 1001 3608 animo
1046 3553 1392 3622 perceperis,
1433 3553 1478 3607 si
1513 3551 1578 3606 ad
1613 3550 1998 3605 dormientium
2029 3557 2083 3603 et

498 3645 998 3717 expergiscentium
1055 3643 1469 3697 similitudinem
1529 3642 1790 3696 attemlis.
1846 3639 1979 3693 Nam
2035 3640 2082 3694 si

501 3753 730 3794 somnus
757 3735 989 3804 vigiliam
1011 3735 1276 3802 sequitur,
1305 3741 1356 3789 et
1381 3749 1634 3815 somnum
1659 3733 2078 3804 expergefactio,

503 3832 669 3900 idque
701 3827 1126 3883 resurrectionis
1169 3841 1233 3880 ac
1257 3830 1448 3884 mortis
1495 3835 1577 3884 est
1609 3829 1877 3882 nonnulla
1907 3829 2082 3882 medi-

500 3923 632 3977 tatio
659 3939 675 3978 :
706 3921 909 3992 quippe

810 4012 880 4064 Et
909 4028 1093 4066 somno
1123 4020 1170 4065 et
1202 4011 1360 4064 morti
1386 4010 1627 4078 geminis,

499 4103 726 4176 perinde
756 4105 1131 4159 necessarium
1161 4114 1266 4166 est,
1304 4111 1362 4156 ut
1384 4112 1438 4156 et
1466 4103 1794 4158 reviviscere
1816 4111 1988 4157 morte
2011 4103 2081 4156 sit

499 4198 795 4269 posterius,
822 4204 882 4249 ut
905 4196 1155 4264 corporis
1182 4197 1285 4248 vita
1321 4195 1603 4257 succedat,
1629 4210 1751 4248 cum
1775 4203 1830 4249 et
1851 4197 2078 4261 excitari

495 4307 529 4349 ο
549 4290 950 4348 dormientibus
973 4289 1244 4359 quispiam
1266 4290 1501 4344 dicatur.
1526 4287 1737 4343 Etenim
1758 4295 1816 4342 ut
1839 4304 1868 4342 e
1885 4305 2079 4343 somno

496 4381 680 4451 vigilia
703 4379 971 4448 sequitur,
997 4386 1053 4432 et
1075 4379 1168 4446 qui
1193 4377 1395 4432 dormit
1422 4395 1529 4433 non
1554 4379 1608 4432 in
1634 4377 1824 4432 eodem
1851 4379 2078 4433 omnino

498 4471 691 4530 habitu
740 4469 1021 4540 persistit,
1054 4479 1112 4522 ut
1138 4467 1357 4522 assidue
1385 4468 1658 4535 dormiat;
1705 4467 1802 4523 sed
1848 4469 2081 4523 subinde

496 4557 816 4628 consurgit;
841 4558 914 4611 ita
953 4565 1007 4613 et
1044 4573 1107 4611 ex
1163 4563 1337 4611 morte
1386 4558 1496 4612 vita
1534 4567 1938 4627 consequetur;
1982 4574 2081 4614 nec

497 4649 722 4705 omnino
741 4649 834 4719 qui
852 4657 1103 4703 mortuus
1124 4656 1208 4702 est
1231 4656 1351 4717 post
1372 4657 1598 4703 mortem
1618 4647 1808 4704 eodem
1840 4649 1896 4702 in
1931 4658 2074 4704 stam

495 4750 830 4810 perseverat.
855 4741 991 4796 Cum
1012 4740 1157 4796 enim
1181 4749 1305 4810 post
1329 4755 1580 4794 somnum
1602 4741 1787 4811 vigilia
1807 4742 2074 4805 succedit,

495 4840 549 4887 et
579 4841 703 4901 post
732 4834 945 4902 lapsum
975 4832 1250 4901 excitatio,
1289 4841 1344 4887 ct
1377 4840 1499 4903 post
1540 4833 1948 4887 demolitionem
1993 4835 2079 4889 in-

497 4924 784 4989 stauratio,
806 4939 989 4980 nonne
1018 4933 1073 4980 et
1102 4926 1169 4980 ab
1195 4941 1282 4992 eo,
1309 4923 1454 4995 quod
1481 4924 1789 4987 inclinavit,
1821 4925 2077 4994 quodque

496 5020 772 5066 mortuum
827 5022 932 5078 est,
984 5014 1352 5084 exspectanda
1414 5010 1750 5067 resurrectio
1800 5012 1915 5066 est?
1959 5011 2072 5064 Non

494 5103 638 5152 enim
666 5100 777 5154 haec
797 5117 897 5157 nos
921 5103 1122 5158 frustra
1143 5103 1489 5164 conﬁtemur,
1515 5109 1875 5173 posteaquam
1898 5117 2076 5156 emor-

495 5199 588 5243 tua
621 5204 854 5260 corpora
895 5203 1059 5259 sunt,
1100 5197 1281 5250 denuo
1317 5193 1664 5250 reviviscere.
1707 5191 1860 5258 Quod
1897 5193 2073 5263 ipsum

496 5295 604 5332 non
656 5279 710 5332 in
755 5296 947 5336 somno
985 5284 1185 5348 solum,
1231 5291 1287 5339 et
1336 5283 1836 5355 expergefactione,
1881 5284 1976 5338 sed
2016 5283 2072 5338 in

495 5372 800 5428 seminibus
847 5388 910 5426 ac
954 5375 1214 5445 stirpibus
1239 5377 1477 5440 intuere,
1506 5375 1552 5431 si
1595 5375 1768 5439 lubet,
1810 5376 2075 5445 quemad-

495 5464 716 5518 modum
764 5467 1223 5524 resurrectionem
1267 5468 1382 5523 luee
1421 5468 1602 5522 omnia
1649 5466 1945 5538 praedicare
1992 5469 2074 5523 vi-

2183 3091 2290 3146 τῶν
2333 3092 2579 3163 οὐρανῶν
2625 3095 2803 3150 οἰκίαν
2839 3101 2937 3169 σχῇ
2978 3100 3167 3170 καλὴν,
3204 3101 3338 3155 ἀλλὰ
3367 3103 3468 3175 τὴν
3499 3106 3674 3177 σάρκα
3698 3107 3749 3158 τὸ

2185 3183 2383 3253 σκῆνος
2412 3184 2510 3253 τῆς
2541 3183 2738 3255 ψυχῆς,
2779 3187 2847 3258 ἢν
2885 3190 3045 3252 αὐτὸς
3071 3194 3191 3254 ταῖς
3224 3194 3415 3246 ἑαυτοῦ
3439 3197 3626 3266 χερσὶν
3649 3198 3748 3249 ἐτε-

2184 3276 2439 3346 κτήνατο.
2473 3277 2804 3331 Σκοπείσθαι
2841 3280 2898 3332 δέ
2932 3298 3012 3346 σε,
3039 3275 3083 3334 ὧ
3107 3284 3383 3352 σοφώτατε
3423 3287 3746 3357 Ἀγλαοφῶν,

2183 3367 2382 3419 οὑτωσὶ
2410 3369 2535 3437 χρή.
2563 3369 2785 3433 Πάντως
2811 3369 2868 3422 δὲ
2907 3373 3076 3442 ῥᾷστα
3108 3374 3326 3448 μαθήσῃ
3353 3375 3530 3440 τοῦτο,
3555 3379 3649 3430 ἐὰν
3671 3378 3749 3430 ἐπὶ

2184 3455 2283 3524 τὴν
2329 3457 2423 3510 τοῦ
2470 3459 2752 3513 καθεύδειν
2787 3461 2970 3515 εἰκόνα
3003 3465 3248 3535 πρόσχῃς
3285 3467 3379 3520 καὶ
3416 3467 3748 3522 ἀνίστασθαι.

2188 3544 2249 3594 Ei
2289 3543 2396 3615 γὰρ
2429 3545 2491 3597 τὸ
2519 3547 2720 3600 ὑπνοῦν
2751 3550 2858 3602 ἀπὸ
2895 3551 2986 3604 τοῦ
3017 3553 3400 3626 ἐγρηγορέναι,
3431 3558 3529 3610 καὶ
3575 3561 3636 3611 τὸ
3670 3561 3749 3610 ἁν-

2188 3635 2440 3689 ίστασθαι
2483 3639 2591 3692 ἀπὸ
2615 3639 2709 3692 τοῦ
2743 3641 3020 3696 καθεύδειν
3053 3645 3280 3713 γίνεται,
3315 3648 3410 3700 καὶ
3442 3649 3602 3704 τοῦτο
3636 3652 3748 3704 ἀνα-

2186 3731 2428 3796 στάσεως
2461 3735 2556 3790 καὶ
2582 3735 2812 3790 θανάτου
2851 3739 3069 3809 μελέτη·

2345 4003 2542 4066 Ὕπνῳ
2569 4003 2811 4071 γὰρκαὶ
2841 4003 3072 4069 θανάτῳ
3096 4003 3314 4073 δίδυμα
3331 3997 3420 4057 ὧν
3444 4004 3515 4057 ἓν
3549 4007 3574 4039 ⁸
3603 4023 3608 4033 ί

2185 4092 2401 4165 ἀνάγκη
2429 4093 2492 4165 δὴ
2525 4095 2619 4148 καὶ
2651 4094 2711 4147 τὸ
2743 4095 3181 4149 ἀναϐιώσκεσθαι
3235 4093 3374 4148 εἶναι
3431 4098 3499 4148 ὲκ
3554 4096 3651 4150 τοῦ
3677 4113 3747 4148 τεο

2185 4183 2396 4251 θνάναι,
2444 4188 2521 4248 εἰς
2553 4186 2613 4238 τὸ
2662 4183 2762 4257 ζῇν
2798 4187 2898 4257 τὴν
2924 4187 3122 4259 σάρκα,
3156 4187 3312 4258 εἰπερ
3339 4189 3436 4241 καὶ
3465 4189 3533 4241 τὸ
3561 4189 3748 4255 ἀνεγεί-

2189 4276 2375 4346 ρεσθαι
2407 4279 2470 4330 ὲκ
2502 4276 2610 4330 τῶν
2650 4277 3038 4332 καθευδόντων.
3076 4279 3164 4341 Ὠς
3196 4281 3305 4350 γὰρ
3335 4281 3400 4332 ὲκ
3430 4277 3533 4334 τοῦ
3572 4281 3745 4334 καθεὺ⁹

2182 4368 2293 4422 δειν
2318 4368 2380 4421 τὸ
2406 4369 2764 4440 ἐγρηγορέναι
2791 4369 3020 4437 γίνεται,
3051 4372 3146 4422 καὶ
3173 4371 3233 4423 οὐ
3265 4371 3486 4435 πάντως
3510 4375 3540 4426 δ
3570 4373 3746 4426 καθεὲο

2180 4461 2285 4514 δων
2320 4463 2378 4515 ὲν
2424 4460 2500 4532 τῷ
2545 4462 2692 4532 αὐτῷ
2729 4463 2969 4533 διαμένει
3021 4465 3256 4534 σχήματι
3314 4464 3402 4516 ἀεὶ
3461 4465 3743 4526 καθεύδων,

2181 4552 2317 4606 ἀλλὰ
2341 4549 2497 4616 αὖθις
2524 4553 2830 4607 ἀνίσταται·
2869 4553 3041 4618 οὕτως
3079 4555 3172 4607 καὶ
3198 4555 3259 4607 τὸ
3291 4556 3390 4626 ζῇν
3417 4558 3485 4609 ὲκ
3511 4557 3611 4610 τοῦ
3634 4560 3744 4610 ἀπο-

2184 4643 2365 4698 θανεῖν
2394 4645 2752 4716 συμϐήσεται,
2781 4646 2877 4702 καὶ
2897 4647 2958 4700 οὐ
2980 4647 3196 4710 πάντως
3224 4649 3252 4699 ὁ
3278 4647 3596 4711 ἀποθανὼν,
3619 4652 3742 4702 ἐπει-

2182 4735 2277 4789 δὰν
2310 4737 2590 4799 ἀποθάνοι,
2630 4738 2688 4791 ἐν
2707 4737 2786 4808 τῷ
2811 4738 2956 4809 αὐτῷ
2979 4739 3152 4810 μένει.
3190 4741 3249 4793 Ei
3277 4740 3389 4810 γὰρ
3422 4742 3491 4793 ἐκ
3517 4741 3611 4794 τοῦ
3649 4758 3740 4792 19-:-

2186 4829 2390 4900 μᾶσθαι
2436 4831 2496 4883 τὸ
2550 4831 2928 4902 ἐγρηγορέναι,
2969 4834 3063 4886 καὶ
3097 4835 3160 4886 ἐκ
3198 4833 3292 4886 τοῦ
3332 4837 3526 4888 πεσεῖν
3557 4834 3616 4886 τὸ
3671 4834 3744 4884 ἀν-

2184 4919 2500 4990 εγερθῆναι,
2537 4923 2632 4974 καὶ
2665 4923 2730 4976 ὲκ
2762 4922 2854 4976 τοῦ
2881 4923 3284 4996 καταϐληθῆναι
3310 4926 3372 4978 τὸ
3395 4927 3740 4994 ominam-

2181 5012 2359 5083 θῆναι·
2395 5013 2476 5078 τίς
2524 5016 2740 5087 μηχανὴ
2786 5017 2881 5070 καὶ
2930 5018 2996 5070 ὲκ
3044 5017 3142 5072 τοῦ
3191 5018 3466 5082 κλιθέντος
3519 5019 3595 5089 μὴ
3639 5017 3742 5087 οὐχὶ

2182 5105 2485 5177 προσδοκᾷν
2516 5107 2574 5160 τὸ
2601 5108 3017 5179 ἀναστήσεσθαι,
3052 5110 3145 5164 καὶ
3169 5111 3234 5163 ἐκ
3263 5110 3522 5174 θανόντος
3547 5112 3613 5163 τὸ
3639 5112 3741 5162 ἀνι-

2181 5197 2514 5269 στήσεσθαι;
2550 5201 2659 5253 Καὶ
2683 5199 2792 5271 γὰρ
2823 5203 2986 5273 ἡμεῖς
3018 5201 3187 5257 ταῦτα
3215 5203 3314 5255 οὐκ
3341 5201 3741 5271 ἐξαπατώμεθα

2179 5286 2571 5360 ὁμολογοῦμεν,
2616 5293 2682 5345 ἐκ
2721 5292 2831 5346 τῶν
2883 5292 3190 5346 τεθνεώτων
3242 5294 3512 5363 σωμάτων
3540 5292 3602 5344 τὸ
3632 5294 3742 5342 ἀνα-

2179 5377 2509 5435 ϐιώσκεσθαι
2539 5383 2878 5454 συμϐαίνειν.
2911 5386 3022 5438 Καὶ
3049 5386 3124 5456 μὴ
3154 5386 3311 5456 μόνον
3336 5386 3521 5451 τοῦτο,
3555 5388 3608 5439 εἰ
3637 5384 3739 5455 βού-

2179 5472 2282 5538 λει,
2311 5475 2418 5528 ἀπὸ
2445 5475 2539 5529 τοῦ
2567 5478 2849 5532 καθεύδειν
2871 5479 3084 5546 σκόπει,
3125 5481 3220 5534 καὶ
3249 5479 3592 5542 ἀνίστασθαι,
3621 5476 3736 5530 ἐιὶᾶιὰ

564 5663 1131 5741 ‘Luc-xv1.i9srlrr-
1207 5668 1822 5736 ’Μειιιιιοκνιινιείιίιο
1898 5665 2070 5724 ’ίὺῖιιο
2150 5675 2329 5735 ‘Cor.
2388 5683 2630 5758 Δεῐγάρ.
2708 5685 2890 5740 'Cor.
2960 5685 3293 5757 διδυμάοσιν.
3321 5685 3540 5741 Homeri
3567 5684 3643 5741 ιι.
