3822 6306
106 304 217 361 1129

797 300 1168 361 ADVERSUS
1202 300 1541 358 "IERESES
1576 299 1704 355 LIB.
1742 300 1807 355 II.
1851 260 2015 358 ΤΟΜ.
2058 300 2095 357 I.
2119 330 2188 341 —-
2226 300 2499 360 HERES.
2537 303 2721 359 LXIV.

3183 309 3321 367 {I30

101 421 177 474 καὶ
214 417 320 474 ἀπὸ
362 417 472 473 τῶν
522 418 856 492 σπερμάτων
890 421 986 474 καὶ
1020 420 1225 491 φυτῶν,
1271 419 1347 483 ὡς
1388 421 1447 473 ὲν
1486 420 1651 474 πᾶσιν

1753 416 2007 476 deantur.
2044 420 2241 492 Aspice
2270 422 2497 486 semina,
2525 438 2644 493 qua:
2677 420 2821 477 nuda
2861 437 2923 478 ac
2955 438 3118 480 carne
3157 424 3325 484 desti-

99 514 253 573 αὐτοῖς
300 513 333 581 ἡ
378 511 681 576 ἀνάστασις
720 512 1169 589 καταγγέλλεται.
1210 511 1509 583 Κατάμαθε
1548 511 1656 582 γὰρ

98 606 153 657 τὰ
176 603 483 674 σπέρματα,
523 603 643 668 πῶς
672 604 880 675 γυμνὰ,
922 604 1117 675 φησὶί,
1148 603 1243 658 καὶ
1274 603 1491 675 ἄσαρκα
1527 602 1657 674 βάλ-

100 695 225 746 λεται
259 696 341 757 εἰς
369 694 470 765 τὴν
494 692 623 763 γῆν,
650 694 745 748 καὶ⁵
770 691 1249 764 τελεσφορούμενα
1275 691 1436 746 πάλιν
1469 691 1655 745 ἀποδί-

94 783 238 837 δοται.
289 784 441 836 Ἐπεὶ
482 786 533 837 εί
576 784 799 855 θνήσκοι
836 784 935 854 μὲν
969 782 1063 836 καὶ
1106 784 1330 854 σήποιτο
1358 782 1427 835 τὰ
1490 783 1658 853 σπέρ-

100 893 243 944 ματα,
292 877 357 928 ὲκ
398 874 456 929 δὲ
495 875 605 929 τῶν
635 875 969 947 σπερμάτων
1000 874 1197 945 μηκέτι
1229 874 1289 926 τὸ
1320 874 1526 945 ἀναζῇν
1564 876 1657 927 καὶ

96 966 228 1035 φύειν
250 967 491 1035 γένοιτο*
516 966 598 1031 τίς
620 967 656 1039 ἡ
674 966 1061 1038 ἀποκλήρωσις
1087 964 1161 1037 μὴ
1181 965 1301 1037 οὐχὶ
1325 965 1502 1019 πάντα
1529 981 1658 1018 κατ-

95 1060 417 1130 αναλωθῆναι
448 1062 529 1123 είς
559 1059 620 1113 τὸ
644 1059 928 1124 τεθνάναι;

150 1155 275 1208 ΑΠ’.
316 1151 478 1206 Ἀλλὰ
507 1150 617 1223 γὰρ
648 1152 778 1221 περὶ
802 1150 1008 1205 τούτων
1045 1150 1214 1205 πλείω
1238 1149 1417 1218 λέγειν
1442 1149 1509 1204 τὰ
1538 1149 1655 1215 νῦν,

91 1240 130 1301 ὦ
154 1245 409 1319 κράτιστε
436 1242 684 1312 Θεόφιλε,
712 1242 1054 1314 παρήσομεν,
1080 1243 1175 1295 καὶ
1199 1244 1246 1296 oi
1276 1241 1452 1295 λοιποὶ
1474 1242 1656 1314 κριταὶ

91 1338 185 1392 τῶν
215 1337 414 1405 λόγων.
450 1335 718 1407 Λάσωμεν
746 1335 803 1388 δὲ
830 1334 923 1388 καὶ
951 1334 1020 1388 τὰ
1047 1334 1257 1397 τούτοις
1286 1332 1483 1404 ἐφεξῆς
1522 1333 1652 1386 ὀικὸ-

92 1429 265 1492 λουθα,
296 1427 373 1490 ὡς
402 1424 680 1495 ἀφέστηκε
725 1422 820 1477 τοῦ
852 1422 1063 1486 δέοντος
1091 1422 1306 1494 μακράν
1329 1422 1370 1476 '.
1428 1421 1484 1475 Ὀ
1524 1420 1657 1483 Θεὸς

92 1522 185 1592 γὰρ
225 1517 378 1589 αὐτῷ
419 1517 578 1570 πάλιν
626 1515 795 1579 αὐτὰς
832 1516 935 1579 τὰς
972 1513 1151 1585 ψυχὰς
1185 1514 1242 1567 ὲν
1284 1514 1348 1584 τῇ
1390 1511 1531 1565 κατὰ
1563 1512 1654 1565 τὸν

90 1611 366 1684 {intestini
391 1609 606 1679 ψαλμὸν
634 1607 942 1679 προφητείᾳ
964 1607 1059 1660 καὶ
1094 1606 1341 1676 πέμπτον
1366 1603 1656 1675 βεϐιασμέ-

90 1722 180 1768 νως
206 1702 377 1773 αὐτὴν
411 1700 505 1754 καὶ
546 1698 828 1765 ἀνοικείως
874 1696 1224 1767 ὲκτιθεμένῳ,
1265 1695 1341 1759 ὥς
1369 1712 1525 1766 φησι,
1554 1694 1654 1767 τὴν

88 1796 370 1849 ἀνάστασιν
400 1794 492 1847 ἐπὶ
517 1792 679 1863 μόνου
706 1789 797 1844 τοῦ
822 1790 991 1854 εἴδους
1015 1788 1282 1854 σώζεσθαι
1310 1789 1392 1842 δεῖ
1418 1788 1648 1860 προσδο-

89 1890 195 1958 κᾷν.
228 1887 343 1941 Καὶ
375 1886 463 1938 ἵνα
501 1883 577 1955 μὴ
619 1882 800 1954 εἴπῃς,
844 1882 927 1935 ὅτι
971 1882 1069 1936 οὑκ
1116 1881 1202 1933 ἀεὶ
1226 1880 1338 1949 (41)
1385 1880 1645 1951 μανθάνει

88 1977 384 2041 σκοτεινῶς·
417 1978 623 2038 ἐκεῖνος
654 1975 763 2046 γὰρ
792 1972 948 2026 τοῦτο
984 1971 1247 2028 διέλαϐενο
1297 1972 1435 2041 Ἐγὼ
1465 1972 1521 2025 δέ
1564 1989 1647 2025 σοι

88 2070 410 2140 σαῳέστερον
448 2061 551 2123 ὧδε
577 2069 667 2122 τὸν
700 2065 824 2121 νοῦν
870 2065 1059 2119 τοῦτον
1102 2065 1457 2136 ἐξηγήσομαι.
1507 2064 1646 2135 Ἤδη

82 2163 179 2235 γὰρ
210 2163 433 2224 πάντως
460 2160 709 2232 ἑώρακας
728 2159 905 2232 δέρμα
931 2155 1091 2222 ζώου,
1123 2155 1156 2228 ἢ
1185 2156 1312 2211 ἄλλο
1333 2174 1384 2210 τι
1409 2155 1647 2209 τοιοῦτον

83 2254 335 2323 γεμισθέν
364 2252 573 2316 ὕδατος,
608 2252 775 2316 ὅπως,
805 2250 901 2304 ἐὰν
929 2250 1067 2321 πρὸς
1093 2248 1272 2317 ὀλίγον
1302 2246 1643 2319 κενούμενον,

80 2347 206 2416 πρὸς
229 2346 414 2414 ὀλίγον
445 2345 722 2415 πληροῖτο,
758 2344 844 2397 ἀεὶ
868 2342 928 2395 τὸ
957 2338 1093 2406 εἶδος
1114 2341 1174 2394 τὸ
1198 2341 1329 2395 αὐτὸ
1356 2340 1643 2394 δείκνυσιν.

79 2434 195 2491 Οἷον
217 2437 332 2507 γὰρ
358 2438 425 2490 ἂν
523 2435 585 2489 τὸ
610 2433 886 2505 περιέχον,
913 2432 1124 2503 ἀνάγκη
1154 2432 1291 2507 πρὸς
1316 2430 1446 2484 αὐτὸ
1473 2430 1565 2485 καὶ
1588 2431 1649 2484 τὸ

64 2531 218 2594 ,ἐντὸς
249 2528 704 2601 σχηματίζεσθαι.
729 2527 865 2600 Φέρε
886 2526 992 2600 γὰρ
1017 2525 1376 2597 ὑπεκρέοντος
1403 2524 1497 2577 τού
1527 2523 1650 2577 ὓδα-

74 2640 179 2686 τος,
220 2623 277 2675 εί
314 2639 398 2685 τις
428 2620 757 2693 προσῦἁλλει
786 2619 1058 2686 τοσοῦτον,
1099 2619 1223 2672 ὅσον
1265 2619 1525 2688 ἐκχεῖται,
1573 2617 1649 2688 μὴ

75 2714 173 2767 ἐῶν
206 2714 302 2766 τὸν
334 2712 501 2766 ἀσκὸν
527 2711 740 2783 ἀθρόως
771 2711 1073 2784 κενωθῆναι
1100 2709 1194 2764 τοῦ
1233 2708 1445 2774 ὓδατος,
1485 2710 1535 2762 εί
1573 2709 1647 2780 μὴ

72 2807 285 2877 ἀνάγκη
316 2804 525 2858 τοιοῦτο
550 2804 837 2874 φαίνεσθαι
868 2803 930 2857 τὸ
956 2802 1396 2875 προστιθέμενον,
1422 2796 1531 2854 οἷον
1553 2800 1648 2854 καὶ

72 2899 127 2952 τὺ
154 2900 291 2965 πᾶν,
332 2896 419 2952 διὰ
449 2896 511 2950 τὸ
545 2894 684 2951 εἶναι
708 2896 803 2950 καὶ
830 2894 892 2949 τὸ
921 2895 1174 2967 περιέχον
1198 2895 1260 2948 τὸ
1287 2893 1419 2948 αὐτὸ
1440 2894 1461 2926 ³
1494 2911 1650 2965 περι-

70 2991 199 3057 θεὶς,
241 2994 332 3064 ῥεῖ
355 2990 450 3045 καὶ⁵
480 2989 714 3062 ἀπορρεῖ
749 2989 810 3045 τὸ
848 2989 1011 3061 ὕδωρ.

134 3174 248 3226 Καὶ
269 3170 337 3241 δὴ
374 3171 469 3223 καὶ
496 3170 556 3223 τὸ
593 3167 751 3240 σῶμα
788 3167 994 3233 τούτοις
1028 3170 1056 3221 ὁ
1095 3168 1293 3221 ἐθέλων
1330 3167 1648 3232 ἀπεικάζειν

64 3264 162 3316 οὐκ
217 3261 619 3331 αἰδεσθήσεται.
686 3259 957 3324 Ὡσαύτως
1010 3258 1235 3331 γὰρκαὶ
1285 3258 1354 3312 τὰ
1397 3258 1505 3313 ἀπὸ
1549 3258 1651 3328 τῆς

62 3356 275 3428 τροφῆς
311 3353 739 3423 ἁντεισαγόμενα
766 3352 885 3405 ἀντὶ
931 3352 1038 3405 τῶν
1068 3351 1475 3418 ὑπεξεωθεισῶν
1524 3368 1652 3421 σαρ-

64 3447 177 3499 κῶν
207 3447 297 3509 είς
330 3444 391 3497 τὸ
433 3444 617 3513 σχῆμα
662 3441 756 3496 τοῦ
803 3441 1147 3513 περιέχοντος
1191 3442 1365 3503 εἴδους
1416 3441 1651 3511 μεταϐα-

62 3537 314 3590 λοῦνται.
354 3534 465 3588 Καὶ
498 3533 696 3587 ὁπόσον
739 3532 838 3603 μὲν
874 3532 941 3586 ἂν
987 3532 1127 3585 κατὰ
1170 3533 1297 3596 τοὺς
1337 3530 1649 3601 ὀφθαλμοὺς

60 3629 325 3700 δωχυθῇ,
365 3630 478 3691 τοῖς
510 3626 806 3695 ὀφθαλμοῖς
854 3623 1054 3677 ἔοικεν’
1085 3624 1279 3678 ὁπόσον
1324 3624 1381 3677 δὲ
1418 3624 1558 3678 κατὰ
1590 3624 1651 3677 τὸ

60 3721 387 3791 πρόσωπον,
411 3716 488 3787 τῷ
536 3714 844 3786 προσώπῳο
872 3714 1069 3768 ὁπόσον
1101 3714 1157 3768 δὲ
1191 3715 1330 3769 κατὰ
1369 3714 1436 3768 τὰ
1464 3714 1647 3785 ἕτερα,

60 3812 305 3874 τούτοις.
341 3812 502 3864 Ὥστε
529 3810 619 3862 τὸν
646 3808 809 3861 αὐτὸν
844 3808 1072 3861 ἕκαστον
1097 3807 1402 3875 φαίνεσθαι,
1430 3808 1529 3860 οὐκ
1556 3808 1648 3860 ού·-

57 3903 174 3957 σῶν
197 3900 314 3956 τῶν
344 3899 562 3973 σαρκῶν
588 3902 647 3952 ὲν
670 3899 848 3969 ταυτῷ
874 3899 981 3952 τῶν
1005 3897 1235 3969 πρώτων
1254 3899 1645 3969 ὑποκειμένων,

56 3994 203 4048 ἀλλὰ
238 3992 336 4046 τοῦ
362 3992 554 4055 εἴδους,
578 3990 711 4045 καθὸ
734 3989 1121 4044 είδοποιοῦνται
1142 3989 1207 4044 τὰ
1228 3991 1645 4062 προσγινόμενα.

57 4088 175 4141 Καὶ
206 4084 393 4139 τοίνυν
435 4086 483 4137 εί
538 4085 610 4155 μή
646 4085 809 4154 ἐσμεν
855 4084 905 4135 oi
952 4082 1126 4145 αὐτοὶ,
1165 4081 1269 4135 κᾶν
1324 4082 1419 4134 ἐπὶ
1461 4081 1649 4149 ὀλίγας

56 4179 320 4249 ἡμέρας,
351 4177 429 4246 τῷ
466 4174 700 4245 σώματι,
743 4173 878 4227 ἀλλὰ
915 4174 994 4243 τῷ
1037 4173 1169 4226 εἴδει
1216 4175 1273 4226 ἐν
1316 4172 1394 4243 τῷ
1436 4172 1647 4242 σώματι

53 4270 254 4340 (τοῦτο
284 4267 391 4339 γὰρ
419 4265 578 4336 μόνον
604 4265 833 4337 ἕστηκεν
860 4263 967 4318 ἀπὸ
999 4264 1288 4332 γενέσεως)
1306 4281 1320 4295 ο
1347 4264 1524 4335 πολλῴ
1554 4259 1647 4317 οὖν

54 4362 283 4431 μᾶλλον
318 4359 439 4412 οὐδὲ
494 4357 611 4411 τότε
651 4356 700 4409 oi
738 4356 892 4409 αὐτοὶ
925 4355 1064 4426 μετὰ
1108 4355 1205 4427 τὴν
1250 4355 1415 4427 αὐτὴν
1470 4356 1648 4424 σάρκα

1673 3101 1720 3164 C

1755 518 1869 565 tuta
1911 518 2069 566 terra)
2105 511 2451 578 mandantur,
2487 512 2683 567 dehinc
2713 512 2951 583 perfecta
2982 529 3325 571 consumma-

1756 608 1920 670 taque
1965 601 2291 658 redduntur.
2338 601 2473 658 Nam
2514 604 2562 659 si
2615 612 2956 659 morerentur
2994 605 3213 675 quidem
3258 621 3323 662 ac

1756 701 2135 762 putrescerent
2177 696 2387 749 semina
2408 732 2423 753 ,
2453 710 2555 750 nec
2582 710 2646 750 ex
2680 694 2766 751 his
2805 694 3100 765 quidquam
3133 697 3325 753 revivi-

1756 794 1929 840 sceret
1951 799 2014 838 ac
2040 786 2328 854 pullularet
2352 786 2527 853 aliud;
2551 801 2670 857 quae
2695 801 2815 843 sors
2840 797 2984 843 esset
3009 788 3115 843 alia
3142 803 3323 844 rerum

1755 881 1919 944 atque
1964 875 2225 942 conditio,
2266 892 2427 947 quam
2468 889 2527 932 ut
2559 878 2741 933 omnia
2788 886 2965 935 morte
3001 887 3324 951 consumpta

1754 970 1970 1033 penitus
2002 967 2348 1024 occiderent?

1826 1141 2109 1200 XXXVIII.
2152 1143 2258 1200 Sed
2289 1145 2356 1201 de
2389 1148 2473 1203 his
2505 1149 2753 1218 pluribus
2785 1149 3085 1221 disputare,
3122 1153 3326 1224 optime

1755 1234 2076 1308 Theophile,
2100 1255 2304 1309 vosque
2321 1242 2499 1297 cmteri
2518 1258 2828 1299 sermonum
2852 1254 3159 1301 nostrarum
3182 1248 3327 1303 arbi-

1760 1330 1852 1395 tri,
1906 1331 1963 1385 in
2014 1332 2302 1402 praesentia
2359 1335 2853 1404 supersedebimus.
2890 1338 3038 1405 Quae
3089 1356 3214 1396 vero
3256 1346 3324 1395 iis

1759 1428 2129 1476 consentanea
2152 1435 2215 1475 ac
2235 1424 2627 1493 consequentia
2651 1433 2799 1492 sunt,
2827 1428 3099 1496 quomodo
3119 1430 3326 1486 scilicet

1756 1513 1945 1580 procul
1973 1512 2042 1566 ab
2068 1527 2239 1583 scopo
2269 1514 2537 1570 aberrarit
2556 1557 2570 1580 ,
2601 1516 2860 1589 deinceps
2897 1520 3198 1579 videamus.
3226 1520 3324 1576 Et-

1754 1603 1900 1657 enim
1950 1603 2041 1659 ille
2080 1602 2146 1660 de
2193 1605 2393 1662 animis
2439 1605 2719 1665 disserens
2757 1611 2823 1679 ad
2876 1612 3144 1682 psalmum
3197 1630 3323 1683 va,

1756 1707 1918 1763 quem
1965 1695 2205 1751 violenta
2258 1698 2493 1767 quadam
2544 1699 2990 1771 interpretatione
3043 1704 3325 1776 alienaque.

1682 1768 1723 1825 Β
1751 1786 2010 1851 declarat,
2030 1786 2531 1857 Resurrectionem,
2551 1768 2747 1863 inquit,
2761 1795 2861 1851 soli
2882 1795 3118 1853 hominis
3139 1768 3324 1854 formae

1749 1877 2044 1934 convenire
2069 1880 2372 1949 putandum
2397 1891 2503 1939 est.
2527 1885 2605 1939 Ac
2629 1900 2697 1941 ne
2722 1885 2856 1941 illud
2884 1886 3115 1946 fortasse
3139 1890 3289 1948 dicas
3305 1936 3318 1955 .

1746 1971 1985 2026 obscure
2009 1968 2165 2041 561
2201 1972 2367 2027 istum
2400 1973 2662 2030 discenda
2692 1976 2781 2031 illa
2819 1980 3192 2050 proposuisse,
3222 1982 3325 2037 hoc

1749 2061 1926 2131 ipsum
1955 2061 2046 2119 ille
2075 2062 2394 2134 disputavit.
2424 2062 2536 2137 Ego
2564 2081 2696 2122 vero
2727 2068 2931 2125 clarius
2953 2070 3170 2126 illorum
3197 2088 3319 2129 ver-

1747 2152 1943 2207 borum
1966 2168 2187 2211 sensum
2208 2154 2355 2211 hunc
2372 2158 2426 2211 in
2445 2155 2663 2213 modum
2680 2162 2919 2230 aperiam
2940 2181 2953 2218 :
2978 2161 3193 2230 Vidisti,
3216 2170 3329 2239 Opi-

1748 2258 1869 2307 nor,
1908 2244 2204 2315 aliquando
2228 2247 2420 2316 pellem
2449 2248 2721 2315 animalis,
2763 2254 3048 2312 autsimile
3066 2258 3323 2328 quiddam

1749 2350 1889 2407 aqua
1904 2337 2191 2408 repletum.
2214 2337 2328 2393 Hoc
2346 2340 2390 2395 si
2416 2341 2671 2409 paulatim
2697 2344 3033 2402 exinanitum
3064 2351 3322 2421 paulatim

1747 2426 2058 2498 impleatur,
2084 2429 2329 2485 eamdem
2356 2440 2618 2503 perpetuo
2640 2433 2871 2491 formam
2890 2439 3110 2496 retinet.
3134 2442 3325 2513 Cujus-

1749 2518 1893 2574 modi
1922 2520 2068 2575 enim
2093 2526 2177 2576 est
2202 2520 2255 2574 id
2281 2522 2424 2591 quod
2450 2524 2716 2590 continet,
2745 2542 2972 2585 necesse
2996 2539 3080 2587 est
3100 2532 3149 2587 ei
3175 2536 3322 2604 quod

1751 2610 1901 2665 intus
1937 2619 2022 2667 est
2047 2611 2401 2669 conformari.
2433 2614 2547 2686 Age
2569 2618 2711 2672 enim
2731 2658 2744 2683 ,
2773 2635 2896 2675 cum
2929 2637 3070 2694 aqua
3092 2624 3285 2681 diﬂluit
3306 2669 3319 2689 .

1750 2703 1796 2758 si
1849 2704 1977 2775 quis
2011 2707 2345 2762 tantumdem
2430 2707 2699 2779 effundat,
2753 2721 3015 2782 quantum
3066 2715 3319 2781 elabitur,

1749 2809 1927 2866 neque
1977 2803 2154 2854 utrem
2205 2813 2359 2869 aquae
2400 2799 2691 2857 confertim
2723 2804 3001 2861 exhauriri
3048 2809 3320 2879 patiatur,

1749 2902 1975 2944 necesse
1989 2896 2073 2945 est
2088 2890 2194 2946 tale
2216 2890 2386 2947 videri
2407 2892 2551 2963 quod
2573 2891 2810 2959 additur,
2834 2897 2994 2966 quale
3013 2905 3098 2969 est
3121 2906 3317 2968 totum,

1748 2996 1814 3037 eo
1835 2981 1978 3052 quod
2003 2982 2143 3037 idem
2168 2981 2303 3038 illud
2329 2983 2510 3056 ipsum
2533 2994 2636 3052 est,
2660 2986 2805 3057 quod
2830 2990 3093 3060 continet,
3119 2990 3318 3049 fluente

1750 3087 1814 3128 ac
1843 3072 2121 3129 dilliuente
2147 3073 2383 3145 liquore.

1818 3166 1921 3232 Qui
1976 3167 2138 3239 igitur
2192 3183 2391 3238 corpus
2430 3184 2555 3224 cum
2611 3170 2697 3227 his
2742 3172 2905 3229 rebus
2951 3173 3199 3231 conferre
3226 3192 3319 3231 vo-

1749 3260 1950 3325 luerit,
2001 3262 2141 3317 citra
2194 3262 2455 3333 pudorem
2495 3263 2665 3319 ullum
2718 3265 2821 3321 hoc
2877 3265 3060 3323 faciet.
3114 3267 3316 3325 Eodem

1748 3352 1948 3423 quippe
1975 3353 2137 3408 modo
2165 3354 2502 3420 alimentum,
2531 3356 2677 3426 quod
2706 3357 3031 3413 amissarum
3070 3360 3316 3415 carnium

1750 3443 1872 3499 loco
1926 3444 2323 3510 substituitur,
2384 3445 2440 3500 in
2480 3448 2814 3505 continentis
2868 3449 3055 3506 formae
3091 3453 3316 3523 ﬁguram

1748 3535 2094 3605 speciemque
2126 3542 2391 3590 mutatur.
2425 3534 2504 3591 Ex
2556 3552 2666 3607 quo
2709 3538 2973 3610 quidquid
3025 3541 3081 3595 in
3127 3544 3319 3600 oculos

1748 3625 2099 3694 diffunditur,
2131 3629 2415 3685 oculorum
2457 3628 2515 3685 fit
2546 3631 2755 3699 simile,
2786 3643 2846 3689 ut
2876 3644 2930 3691 et
2964 3638 3145 3694 vultus
3175 3642 3318 3709 quod

1748 3719 1805 3774 in
1838 3721 2045 3775 vultum
2092 3720 2458 3794 dispergitur:
2498 3738 2563 3780 ac
2599 3733 2919 3782 caaterorum
2959 3729 3161 3786 similia
3196 3731 3321 3787 red-

1748 3811 1954 3865 duntur
1987 3811 2089 3865 hoc
2130 3812 2328 3879 modo,
2376 3828 2497 3883 qua:
2546 3829 2645 3884 per
2693 3814 2784 3870 illa
2829 3817 3190 3889 dissipantur.
3241 3823 3319 3879 Ex

1747 3918 1857 3974 quo
1890 3903 1967 3968 lit,
1991 3911 2052 3958 ut
2083 3904 2224 3960 idem
2250 3920 2375 3961 esse
2404 3906 2627 3962 cuilibet
2654 3909 2920 3976 videatur,
2955 3926 3079 3968 eum
3102 3915 3316 3970 interim

1748 4010 1966 4059 carnes,
1993 4010 2113 4066 qua
2140 3997 2314 4065 prima
2343 4006 2462 4052 erat
2490 3997 2736 4068 corporis
2761 4001 3010 4064 materia,
3036 4019 3145 4059 non
3171 4020 3319 4061 eum-

1748 4088 1869 4143 dem
1908 4095 2110 4145 statum
2138 4090 2448 4155 retineant,
2484 4090 2578 4145 sed
2619 4089 2793 4145 forma
2817 4090 3117 4159 duntaxat,
3152 4108 3182 4147 a
3211 4111 3318 4164 qua

1749 4195 1813 4235 ea
1859 4180 2309 4251 conﬁgurantur,
2348 4194 2471 4252 quas
2522 4181 2591 4236 ad
2623 4197 2824 4254 corpus
2874 4184 3161 4242 accedunt.
3196 4186 3315 4243 lam

1749 4285 1879 4325 vero
1935 4270 1983 4327 si
2032 4270 2099 4325 ad
2138 4271 2500 4342 paucissimos
2548 4273 2665 4331 dies
2701 4290 2809 4331 non
2847 4276 3041 4345 iidem,
3076 4280 3220 4349 quod
3250 4282 3316 4335 ad

1749 4378 1951 4435 corpus
1989 4366 2213 4430 attinet,
2246 4380 2562 4424 maneamus
2584 4408 2598 4433 ,
2631 4369 2725 4424 sed
2776 4370 2893 4423 sola
2945 4385 3067 4440 qua:
3101 4375 3315 4442 corpori

50 4450 331 4524 ἐσόμεθα,
373 4447 508 4501 ἀλλὰ
552 4445 691 4501 κατά
721 4446 783 4499 τὸ
808 4442 947 4510 εἶδος
987 4446 1045 4499 τὸ
1070 4448 1165 4500 καὶ
1190 4447 1284 4500 νῦν
1322 4448 1409 4500 ἀεὶ
1450 4447 1646 4500 διασω-

1753 4453 1949 4509 insidet
1980 4454 2190 4509 forma:
2222 4455 2273 4510 id
2315 4456 2459 4510 enim
2495 4472 2662 4510 unum
2706 4456 2775 4511 ab
2812 4468 2933 4513 ortu
2967 4467 3225 4515 constans
3253 4476 3317 4514 ac

47 4544 304 4614 ξάμενον
340 4541 397 4591 ὲν
436 4541 567 4608 ἡμῖν
618 4538 713 4590 καὶ
757 4537 932 4607 μένον.
966 4539 1029 4591 Ὃ
1060 4539 1167 4610 γὰρ
1194 4542 1309 4592 ἐκεῖ
1345 4540 1407 4593 τὸ
1446 4540 1645 4613 δέρμα,

46 4633 228 4685 τοῦτο
263 4628 327 4681 τὸ
378 4624 514 4691 εἶδος
548 4628 764 4681 ἐνθάδε·
794 4627 823 4680 ὃ
865 4628 921 4681 δὲ
966 4628 1081 4681 ἐκεῖ
1127 4630 1189 4682 τὸ
1236 4630 1379 4701 ὕδωρ
1420 4633 1511 4685 ἐπὶ
1547 4633 1649 4703 τῆς

43 4724 310 4785 εἰκόνος,
341 4719 499 4774 τοῦτο
530 4720 758 4773 ἐνταῦθα
789 4719 849 4773 τὸ
877 4721 1295 4791 προσγινόμενον
1330 4724 1421 4776 καὶ
1454 4724 1648 4793 ἀπογι-

44 4818 317 4886 νόμενον.
353 4811 561 4881 Ὦσπερ
590 4807 681 4864 οὖν
704 4812 798 4864 νῦν
831 4811 923 4864 τού
970 4810 1218 4884 σώματος
1248 4815 1347 4867 ούκ
1374 4814 1523 4879 ὄντος
1552 4814 1644 4867 τοῦ

41 4904 263 4967 αὑτοῦ,
294 4902 441 4972 ὅμως
468 4903 497 4953 ὁ
521 4902 803 4972 χαρακτὴρ
829 4902 857 4953 ὁ
884 4902 1022 4956 κατὰ
1052 4903 1150 4973 τὴν
1174 4904 1342 4975 αὐτὴν
1376 4904 1586 4977 μορφὴν
1618 4907 1647 4958 ὁ

44 4997 235 5060 αὐτὸς
271 4992 526 5058 σώζεται·
552 4993 721 5057 οὓτως
755 4994 803 5045 εί
836 4993 930 5046 καὶ
956 4994 1105 5057 ὄντος
1136 4994 1228 5047 τοῦ
1278 4994 1526 5067 σώματος
1549 4996 1642 5050 τοῦ

42 5093 117 5146 αύ
129 5088 264 5153 τοῦ,
288 5087 367 5151 είς
390 5086 451 5140 τὸ
476 5086 809 5157 ἐνδοξότερον
834 5086 895 5139 τὸ
924 5082 1060 5150 εἶδος
1092 5087 1343 5157 αὐξηθὲν,
1379 5089 1559 5141 οὐκέτι
1586 5090 1643 5143 ὲν

40 5178 317 5250 φθαρτῷ,
352 5177 467 5231 ἀλλ’
492 5178 549 5229 ὲν
580 5176 779 5230 ἀπαθεῖ
805 5178 897 5231 καὶ
924 5176 1277 5247 πνευματικῷ
1305 5177 1642 5248 δειχθήσεται

38 5276 305 5347 σώματι.
344 5272 551 5341 Ὠσπερ
597 5266 707 5323 οἷον
742 5268 820 5339 τῷ
852 5268 1025 5340 Ἰησοῦ
1069 5269 1209 5323 κατὰ
1240 5267 1336 5340 τὴν
1369 5269 1642 5341 μεταμόρ-

1752 4545 1945 4601 stabile
1990 4556 2267 4606 remanet:
2298 4553 2470 4606 multo
2508 4554 2681 4625 magis
2710 4569 2816 4609 non
2849 4556 3009 4611 iidem
3029 4596 3043 4620 ,
3076 4557 3218 4627 quod
3248 4558 3315 4612 ad

1750 4649 1969 4691 carnem
2010 4645 2260 4707 spectat,
2300 4640 2392 4697 illo
2426 4650 2667 4712 tempore
2697 4660 2821 4701 esse
2850 4647 3180 4715 poterimus,
3222 4647 3317 4703 sed

1750 4723 1923 4781 forma
1959 4734 2166 4784 tantum
2191 4767 2206 4789 .
2239 4747 2359 4802 quae
2388 4733 2443 4787 in
2477 4735 2634 4790 nobis
2663 4747 2925 4807 perpetuo
2975 4737 3134 4794 modo
3179 4750 3317 4795 con-

1753 4825 2003 4873 servatur
2046 4834 2111 4875 ac
2168 4824 2427 4892 persistit.
2477 4824 2611 4880 Nam
2645 4828 2788 4897 quod
2837 4828 2889 4881 in
2927 4828 3195 4899 superiori
3225 4829 3319 4886 illa

1753 4906 2108 4965 similitudine
2154 4912 2308 4980 pellis
2352 4922 2478 4977 est,
2522 4914 2662 4969 idem
2698 4923 2782 4970 est
2822 4916 2923 4971 hoc
2954 4916 3075 4971 loco
3104 4916 3316 4973 forma:

1750 4999 1898 5068 quod
1926 5008 2104 5056 autem
2136 5002 2246 5059 illic
2274 5019 2438 5075 aqua,
2471 5005 2706 5076 idipsum
2734 5007 2787 5060 in
2822 5007 3101 5077 proposito
3128 5014 3321 5064 nostro

1749 5091 1881 5147 illud
1913 5102 2035 5156 est,
2069 5096 2229 5165 cujus
2281 5097 2527 5153 accessio
2576 5098 2634 5152 fit
2686 5109 2781 5153 aut
2827 5099 3094 5155 decessio.
3140 5098 3321 5167 Quare

1748 5186 2237 5254 quemadmodum,
2272 5188 2375 5244 etsi
2427 5204 2534 5242 non
2584 5189 2723 5245 idem
2759 5191 2921 5246 modo
2966 5207 3167 5263 corpus
3209 5199 3317 5255 est,

1747 5274 1935 5331 eadem
1967 5277 2318 5334 nihilominus
2342 5277 2527 5335 forma;
2562 5282 2771 5350 species
2811 5296 2874 5337 ac
2908 5281 3076 5355 figura
3120 5284 3317 5339 retine-

120 5458 139 5488 ³
187 5452 259 5509 F.
299 5451 482 5523 φύσει.
558 5452 820 5508 'Mutilus
860 5452 1032 5509 locus.
1112 5452 1274 5509 ‘Vox
1322 5453 1412 5509 illa
1464 5454 1745 5510 mendosa.

111 5626 249 5697 (λιιι)
276 5625 387 5679 Kal
406 5626 526 5708 ..ἵνα
550 5625 635 5696 μὴ
664 5628 862 5697 εἴπῃς,
893 5628 982 5682 ὅτι
1016 5631 1127 5684 οὐκ
1155 5630 1263 5685 ἀεί.
1304 5630 1506 5689 Desunt
1562 5644 1651 5686 nor

1753 5631 1838 5687 lla.
1892 5630 1968 5686 Ac
2006 5630 2141 5687 forte
2192 5631 2265 5687 ita
2304 5632 2710 5690 rescribendum
2755 5635 2834 5688 ὅτι
2877 5634 2966 5688 ἀεὶ
3018 5628 3316 5703 διαλαμϐά-

33 5722 122 5759 νει
165 5713 491 5759 σκοτεινως.

396 5791 663 5849 ΡΑτιιοι.
715 5791 828 5849 Gn.
892 5793 1053 5855 XLI.

2942 5790 3020 5850 36
