3822 6292
102 298 244 356 “33

800 299 1171 357 ADVERSUS
1208 298 1548 360 HERESES
1585 303 1713 358 LIB.
1755 303 1821 358 ιι.
1862 299 2025 357 TOM.
2066 299 2107 355 l.
2148 331 2217 343 --
2253 298 2527 356 HERES.
2565 297 2748 354 LXIV.

3225 298 3365 354 ιιδι

100 418 235 486 ἡμῖν
266 417 297 469 ό
330 415 643 485 Ἀγλαοφῶν
680 415 817 486 με,τά
856 418 1097 489 Πρόκλου
1123 422 1215 474 καὶ
1241 422 1547 493 Ὠριγένους
1576 424 1686 485 τοῖς

1806 434 1965 474 ,orem
1991 419 2155 490 eligo,
2189 434 2257 473 ne
2282 416 2598 488 Aglaophon
2625 428 2747 468 eum
2779 411 2973 466 Proclo
3008 418 3062 466 et
3107 409 3361 484 Origene,
3422 418 3431 427 ‘

100 508 221 578 ἁμα
253 512 569 579 τρεπτικοῖς
596 510 611 539 ⁸
658 510 780 562 καθ’
804 511 963 579 ἡμῶν
994 511 1336 583 ὡπλισμένος
1362 514 1541 582 λόγοις
1598 516 1691 568 ὲκ-

102 598 247 667 πέσῃ
281 599 301 627 ³
335 598 435 668 τὴν
481 598 795 651 ἀνάστασιν.
835 601 967 667 Ἀγε
1005 596 1099 653 οὖν
1131 602 1695 672 ἀντιπαραταξώμεθα

100 690 216 749 τοῖς
245 687 577 756 σοφίσμασιν
611 688 809 751 αὐτῶν,
850 689 1016 758 μηδὲν
1058 689 1165 741 τῶν
1201 689 1577 757 ἀντιλογικῶν,
1613 684 1694 751 οἷς

98 776 273 828 δειλοὶ
310 776 614 845 βάλλονται,
650 778 997 848 φοϐηθέντες.
1034 780 1144 832 Καὶ
1181 780 1291 851 γὰρ
1324 781 1473 833 οὐδὲν
1508 783 1565 833 ὲν
1598 780 1696 833 αύ-

102 872 219 931 rei;
248 869 401 937 ὑγιὲς
426 870 545 922 οὐδὲ
579 872 793 937 πάγιον,
826 870 960 924 ἀλλά
1003 872 1274 939 φαντασία
1307 872 1467 941 μόνον
1496 872 1695 942 εὐπρε-

102 958 215 1027 πὴς
252 959 514 1028 ῥημάτων
548 960 685 1028 πρὸς
718 958 1052 1027 κατάπληξιν
1084 957 1190 1012 τῶν
1245 956 1569 1022 ἀκουόντων,
1602 956 1695 1008 καὶ

103 1047 285 1100 πειθὼ
335 1050 843 1119 κατεσκευασμένη,
892 1051 953 1101 ού
987 1050 1085 1120 τῆς
1136 1049 1393 1119 ἀληθείας
1437 1050 1557 1102 οὐδὲ
1600 1048 1692 1101 τοῦ

105 1137 487 1208 συμφέροντος
534 1140 712 1211 χάριν,
758 1139 892 1191 ἀλλὰ
938 1138 1031 1191 τοῦ
1079 1138 1247 1202 δεῖξαι
1299 1142 1411 1201 τοῖς
1458 1137 1694 1209 παροῦσι

102 1231 235 1293 τοὺς
274 1230 468 1297 λόγους
510 1231 725 1299 σοφούς.
768 1231 1046 1284 Ἐντεῦθεν
1080 1231 1210 1299 γοῦν
1246 1233 1358 1293 τοῖς
1398 1230 1612 1293 πολλοῖς
1645 1232 1693 1283 οἰ

104 1324 174 1373 ὲκ
198 1322 307 1373 τῶν
332 1322 559 1375 εἰκότων
598 1322 709 1375 ἐσθ’
743 1324 831 1376 ὅτε
873 1323 1020 1391 λόγοι
1050 1324 1183 1395 πρὸς
1214 1323 1408 1387 κάλλος
1450 1324 1543 1375 καὶ
1572 1322 1694 1393 ἠδο-

102 1416 206 1484 νὴν
247 1414 659 1485 πεποικιλμένοι
692 1415 891 1485 μᾶλλον
919 1415 1027 1468 τῶν
1060 1418 1139 1478 είς
1180 1414 1468 1485 ἀκρίϐειαν
1504 1415 1695 1485 ἐξητα-

106 1507 325 1574 σμένων
378 1506 684 1576 νομίζονται
731 1507 1157 1577 σπουδαιότεροι,
1212 1507 1319 1560 τῶν
1361 1508 1693 1561 διδασκάλων

100 1598 229 1651 οὔτε
263 1600 401 1670 πρὸς
428 1600 489 1651 τὸ
519 1600 789 1668 βέλτιστον
809 1599 1203 1670 ἁμιλλωμένων
1241 1599 1319 1653 ἑτι
1353 1602 1446 1653 καὶ
1476 1603 1690 1671 σεμνὸν,

102 1690 242 1744 ἀλλά
275 1692 417 1759 πρὸς
454 1693 512 1743 τὸ
561 1689 754 1761 ἀρέσαι
802 1691 895 1743 καὶ
950 1691 1311 1761 εὐημερῆσαι,
1364 1691 1612 1763 καθάπερ
1642 1695 1691 1746 οἰ

1796 512 1938 581 aptis
1980 511 2045 565 ad
2085 509 2436 565 refellendum
2469 507 2770 561 rationibus
2813 505 3136 568 instructus,
3180 521 3366 560 resur-

1796 603 2094 656 rectionem
2146 610 2370 656 evertat.
2431 597 2959 669 Igitur-snphisticis
3013 598 3227 653 illorum
3271 614 3366 652 ea-

1796 692 2019 747 lumniis
2049 691 2410 747 resistendum
2448 689 2607 745 nobis
2659 698 2776 755 est,
2812 704 2988 759 neque
3019 689 3234 743 illorum
3272 705 3363 743 ra-

1794 783 1975 836 tiones
1995 782 2189 850 quibus
2206 781 2362 851 563
2385 781 2607 849 ignavos
2639 781 2902 850 impetunt
2933 781 3041 834 ullo
3065 780 3226 834 modo
3254 795 3367 835 me-

1798 874 2032 927 tuendae.
2061 872 2208 927 Nihil
2234 878 2378 927 enim
2403 874 2457 927 in
2487 873 2571 927 his
2603 888 2795 928 sanum
2826 881 2908 928 est
2939 880 3103 942 atque
3129 872 3365 936 firmum,

1794 965 1889 1019 sed
1922 967 2214 1019 verborum
2249 964 2510 1020 duntaxat
2540 973 2767 1021 ornatus
2809 965 2875 1019 ad
2921 978 3175 1034 pompam
3213 973 3267 1018 et
3301 961 3367 1016 ad

1796 1055 2131 1111 audientium
2184 1056 2601 1111 admirationem
2649 1058 2988 1120 instructus,
3025 1070 3090 1109 ac
3122 1069 3368 1125 persua-

1795 1149 1955 1203 dendi
1996 1148 2270 1218 quoddam
2330 1149 2658 1205 lenocinium
2705 1166 2813 1203 non
2864 1150 3143 1215 veritatis,
3192 1163 3368 1217 neque

1798 1241 2046 1296 utilitatis
2082 1241 2247 1296 ullius
2271 1283 2284 1308 ,
2327 1242 2421 1297 sed
2459 1242 2845 1298 ostentationis
2884 1256 3051 1296 causa
3084 1255 3370 1310 compara-

1797 1341 1935 1397 tum,
1976 1343 2032 1388 ut
2070 1334 2297 1389 callidos
2334 1349 2397 1388 ae
2432 1334 2659 1389 solerter
2695 1334 3033 1404 excogitatos
3090 1346 3369 1388 sermones

1796 1422 2137 1478 auditoribus
2193 1422 2504 1477 exhibeant.
2559 1424 2736 1493 Atque
2797 1422 2923 1477 hinc
2976 1436 3369 1491 nonnunquam

1798 1514 1999 1567 accidit
2034 1523 2089 1568 ut
2116 1530 2239 1584 qua:
2267 1529 2333 1568 ex
2361 1515 2752 1571 verisimilibus
2791 1514 3037 1573 deducta:
3076 1523 3201 1570 sunt
3240 1529 3368 1568 ora-

1797 1607 2002 1671 tiones,
2039 1615 2093 1661 et
2135 1607 2202 1661 ad
2239 1607 2474 1676 speciem
2505 1624 2568 1662 ae
2607 1607 2936 1676 voluptatem
2968 1615 3208 1671 ornatae,
3249 1608 3371 1662 aliis

1798 1698 2206 1765 prsestantiores
2236 1697 2562 1762 videantur,
2616 1714 2736 1768 quae
2787 1698 2853 1752 ad
2902 1698 3371 1754 acenratissimam

107 1785 387 1854 σοφισταὶ,
417 1786 466 1837 οἳ
516 1783 707 1853 μισθὸν
744 1784 1021 1855 αἱροῦνται
1062 1785 1170 1838 τῶν
1197 1785 1392 1851 λόγων,
1434 1786 1695 1837 ἐπευωνι-

1806 1788 2049 1843 veritatis
2102 1804 2350 1842 normam
2388 1796 2594 1843 exacta:
2634 1766 2791 1843 sunt.
2844 1788 2921 1843 Ex
2956 1804 3066 1859 quo
3119 1788 3178 1843 fit
3210 1798 3269 1844 ut
3316 1797 3373 1844 et

102 1873 325 1943 ζόμενοι
375 1874 474 1944 τῆς
514 1874 705 1941 σοφίας
758 1874 1019 1937 ἐπαίνοις.
1058 1874 1131 1925 Τὸ
1175 1875 1273 1944 μὲν
1320 1870 1412 1927 οὖν
1469 1875 1694 1928 παλαιὸν

106 1964 285 2034 βραχὺ
312 1963 593 2027 παντελῶς
621 1964 680 2016 τὸ
710 1966 834 2035 περὶ
860 1964 958 2035 τὴν
984 1965 1240 2037 ἐξήγησιν
1266 1962 1353 2037 ἦν,
1385 1966 1695 2036 φιλοτιμου-

107 2058 290 2126 μένων
322 2056 397 2126 μὴ
428 2056 669 2127 τέρπειν,
703 2055 838 2109 ἀλλὰ
858 2056 1087 2125 ὠφελεῖν
1118 2058 1243 2119 τοὺς
1280 2058 1553 2128 παρόντας
1581 2058 1688 2111 τῶν

104 2152 251 2204 τότε.

1801 1879 2059 1934 doctores
2092 1896 2200 1934 non
2235 1880 2348 1949 jam
2381 1880 2451 1944 ei,
2482 1880 2627 1950 quod
2657 1881 2919 1949 optimum
2951 1880 3021 1935 sit
3065 1880 3374 1950 gravitatis-
3438 1940 3444 1947 ,

1804 1987 1910 2041 que
1939 1972 2155 2041 plenum
2176 2012 2192 2037 ,
2227 1972 2481 2026 studeant
2503 2012 2517 2035 ,
2548 1971 2643 2027 sed
2670 1972 2724 2025 id
2764 1971 3058 2035 duntaxat,
3091 1972 3235 2040 quod
3266 1974 3374 2040 pla-

1796 2071 1883 2118 cet
1937 2063 2189 2133 quodque
2220 2063 2462 2118 secundo
2495 2062 2683 2117 favore
2716 2061 2909 2127 fertur,
2945 2062 3260 2131 respiciant,
3292 2063 3370 2115 uti

1800 2157 2059 2226 sepbistae
2098 2156 2281 2211 facere
2315 2166 2747 2220 consueverunt,
2789 2156 2881 2225 qui
2916 2156 3223 2209 orationum
3254 2170 3375 2209 sua-

108 2260 232 2301 rum
267 2244 576 2299 mercedem
609 2244 941 2314 accipientes
976 2245 1237 2300 doctrina;
1290 2252 1343 2300 et
1402 2244 1727 2301 eruditionis
1783 2262 1897 2301 sua:
1950 2247 2204 2302 laudibus
2260 2257 2518 2317 tanquam
2575 2246 2668 2300 vili
2721 2246 2958 2316 quodam
3013 2248 3185 2315 pretio
3233 2247 3373 2300 redi-

105 2345 357 2393 «nitntur.
390 2336 467 2390 Ac
495 2335 691 2407 priscis
716 2338 935 2406 quidem
969 2337 1306 2406 temporibus
1366 2353 1578 2392 summa
1630 2344 1750 2393 erat
1796 2338 1849 2392 in
1884 2340 2205 2405 explicando
2246 2340 2519 2402 brevitas,
2555 2352 2677 2391 cum
2728 2337 2783 2389 in
2827 2337 2879 2390 id
2912 2336 2989 2391 illi
3026 2340 3368 2407 potissimum

108 2438 516 2502 incumberent,
547 2452 655 2491 non
688 2445 748 2490 nt
769 2437 1131 2499 oblectarent,
1165 2435 1260 2491 sed
1288 2446 1345 2489 ut
1375 2436 1698 2504 prodessent
1738 2418 2098 2519 auditoribus.

192 2532 315 2599 Ἀφ’
344 2525 405 2584 οὗ
434 2530 492 2583 δὲ
536 2529 719 2583 λοιπὸν
750 2531 828 2593 είς
875 2529 1156 2601 ῥᾳστώνην
1200 2530 1483 2601 ἐπετράπη
1531 2532 1695 2584 πᾶσιν

106 2620 441 2694 ἑρμηνεύειν
480 2620 679 2687 ἐξεῖναι
721 2620 820 2683 τὰς
870 2620 1112 2689 Γραφάς,
1149 2621 1242 2673 καὶ
1288 2621 1487 2683 πάντες
1521 2623 1600 2684 εἰς
1638 2621 1698 2673 τὸ

108 2717 340 2785 ποιῆσαι
364 2714 461 2783 μὲν
485 2714 545 2767 τὸ
564 2714 726 2766 καλὸν
760 2712 1139 2783 ἠμϐλύνθησαν
1158 2712 1485 2783 πλησθέντες
1510 2714 1700 2782 οἰήμα-

110 2825 205 2868 τος
229 2822 243 2837 ’
283 2805 411 2875 περὶ
447 2804 507 2856 τὸ
536 2803 913 2872 λογικεύεσθαι
947 2802 1003 2855 δὲ
1031 2801 1339 2873 προέκοψαν
1364 2801 1671 2864 καλλωπιζό

112 2914 291 2966 μενοι,
327 2896 403 2959 ὠς
435 2896 611 2948 πάντα
642 2893 930 2961 γινώσκειν
973 2894 1307 2964 ὑπάρχοντες
1335 2893 1517 2957 δεινοὶ,
1559 2893 1699 2945 διδά-

112 2989 344 3042 σκεσθαι
385 2988 481 3058 μὲν
505 2986 783 3057 ὁμολογεῖν
819 2987 1042 3057 χρῄζειν
1076 2985 1433 3049 αἰδεσθέντες,
1466 2986 1698 3055 φιλονει-

111 3084 234 3135 κεῖν
279 3080 337 3132 δὲ
378 3049 577 3150 μάλλά,
640 3049 735 3132 xii.
780 3049 1082 3148 προπηδᾷν,
1134 3078 1209 3140 ὡς
1263 3079 1311 3129 oi
1356 3049 1696 3129 διδάσκαλον
1728 3049 1771 3108 ε

110 3172 514 3246 θρασυνθέντες
552 3170 682 3239 γοῦν
725 3169 994 3233 ἐντεῦθεν,
1025 3168 1118 3221 τοῦ
1163 3169 1258 3238 μὲν
1307 3167 1568 3231 εὐλαϐοῦς
1608 3168 1702 3220 καὶ

111 3268 319 3339 πράου,
352 3267 446 3318 καὶ
466 3265 640 3318 πάντα
666 3262 922 3315 δύνασθαι
954 3263 1127 3314 ποιεῖν
1154 3260 1243 3312 τὸν
1268 3260 1399 3311 Θεὸν
1431 3254 1503 3312 ὧν
1529 3260 1701 3328 ἐπηγ-

113 3358 358 3426 γείλατο,
400 3356 461 3409 τὸ
488 3356 509 3387 ³
542 3354 815 3409 πιστεύειν
855 3351 1195 3421 ὡλίσθησαν·
1226 3354 1305 3414 εἰς
1342 3350 1399 3403 δὲ
1445 3351 1701 3421 ζητήσεις

114 3450 283 3513 κενὰς
312 3450 405 3503 καὶ
452 3447 799 3517 βλασφημίας
846 3446 1033 3514 ἤκασι,
1076 3443 1151 3513 μὴ
1180 3443 1491 3513 νοήσαντες,
1522 3441 1598 3503 ὠς
1638 3440 1699 3492 οὑ

112 3543 186 3596 τὰ
218 3542 357 3611 ἔργα
385 3540 493 3593 τῶν
518 3540 691 3606 λόγων
723 3535 1055 3607 ἐπετηδεύθη
1087 3536 1265 3605 χάριν,
1300 3534 1436 3588 ἀλλά
1464 3533 1574 3586 τῶν
1607 3533 1698 3605 ἐρ-

112 3651 232 3703 γων
263 3636 314 3685 οἰ
345 3632 521 3700 λόγον
569 3630 757 3698 ὥσπερ
788 3627 1055 3698 ἰατρικῆς,
1089 3628 1155 3680 δι’
1194 3621 1269 3680 ὧν
1306 3626 1431 3689 τοὺς
1468 3626 1702 3695 κάμνον·

115 3742 221 3788 τας
243 3724 326 3777 δεῖ
354 3720 639 3785 σώζεσθαι,
674 3719 780 3771 τῶν
812 3718 984 3787 λόγων
1010 3718 1190 3787 ἔργοις
1234 3716 1607 3787 κυρουμένωνο
1635 3716 1701 3767 ἵν’

116 3816 486 3891 ἡρμοσμένων
525 3813 682 3885 ἡμῶν
715 3815 891 3866 πάντα
925 3811 1251 3881 συμφώνως,
1281 3812 1308 3862 ὁ
1339 3808 1463 3871 νοῦς
1488 3808 1574 3877 εἴη
1593 3811 1703 3871 τοῖς

116 3912 370 3983 ἀρίστοις
400 3908 577 3976 λόγοις
602 3909 669 3960 τὰ
699 3906 802 3977 non
835 3908 901 3975 τῇ
937 3904 1156 3974 γλώσσῃ
1184 3902 1393 3972 συνῳδά
1423 3900 1700 3972 παρέχων,

113 4005 283 4072 δίκην
315 4001 503 4070 λύρας,
550 3999 684 4052 ἀλλὰ
717 3998 789 4069 μὴ
820 3998 1034 4067 ἄμουσα
1084 3996 1177 4047 καὶ
1218 3993 1541 4062 ἀσύμφωνα.
1582 3992 1704 4043 Ἐπὶ

115 4096 234 4163 γὰρ
261 4092 342 4162 τῷ
372 4092 675 4163 κτήσασθαι
705 4090 844 4144 κατὰ
874 4089 1129 4159 ἀλήθειαν
1159 4085 1520 4153 ἀγωνίζεσθαι
1543 4084 1623 4136 δεῖ
1644 4083 1704 4136 τὸ

114 4189 335 4240 δίκαιον
367 4187 574 4246 ἀσκεῖν,
622 4185 715 4238 καὶ
766 4185 865 4236 οὐκ
915 4183 1007 4234 ἐπὶ
1035 4181 1112 4251 τῷ
1151 4180 1347 4238 δοκεῖν,
1379 4176 1566 4247 χωλῶς
1594 4177 1705 4228 ἑπι-

117 4277 379 4331 Εαίνοντα
417 4276 628 4344 σοφίας,
654 4276 745 4329 καὶ
777 4272 913 4343 πρὸς
933 4271 1089 4337 δόξαν
1123 4269 1321 4339 μᾶλλον
1354 4268 1385 4337 ἢ
1410 4268 1544 4338 πρὸς
1568 4266 1704 4335 ἀλή-

1873 2529 2233 2599 Posteaquam
2289 2543 2420 2583 vero
2458 2528 2926 2599 explanandarum
2960 2528 3369 2600 Scripturarum

1804 2622 1951 2676 nullo
1987 2622 2185 2689 cuique
2211 2620 2427 2689 negotio
2460 2618 2691 2675 facultas
2721 2628 2805 2675 est
2842 2635 3124 2687 concessa,
3162 2622 3355 2674 univer

1803 2713 1959 2783 sique
2012 2712 2155 2766 fastu
2208 2727 2272 2766 ac
2317 2711 2400 2765 sui
2460 2712 2716 2781 opinione
2767 2712 2935 2766 inflati
2983 2712 3051 2766 ad
3082 2713 3140 2767 id
3171 2754 3185 2780 ,
3222 2712 3373 2784 quod

1802 2813 2011 2859 rectum
2076 2810 2208 2867 est,
2271 2802 2452 2858 obtusi
2514 2812 2676 2874 atque
2729 2804 2949 2859 hebetes
3014 2804 3140 2858 facti
3204 2813 3371 2869 sunt,

1802 2908 2028 2964 magnos
2058 2908 2187 2949 vero
2228 2894 2281 2947 in
2317 2893 2678 2947 ratiocinandi
2716 2894 3016 2950 subtilitate
3053 2910 3375 2964 pregressus

1804 2984 2091 3052 fecerunt,
2128 3000 2191 3038 ac
2244 2984 2428 3039 fucum
2467 2987 2522 3039 in
2570 2985 2803 3040 dicendo
2855 2988 3153 3042 consectati
3205 2995 3372 3049 sunt,

1803 3077 2029 3146 perinde
2060 3090 2122 3130 ac
2152 3091 2335 3131 rerum
2359 3076 2602 3129 omnium
2636 3078 2863 3131 scientia
2894 3078 3135 3148 przediti:
3167 3093 3288 3132 cum
3320 3086 3377 3133 et

1804 3165 1990 3219 doceri
2031 3180 2091 3221 se
2136 3180 2274 3235 opus
2327 3164 2528 3220 habere
2573 3166 2820 3221 conﬁteri
2852 3167 3238 3222 erubescerent
3267 3208 3281 3231 ,
3321 3178 3377 3223 et

1804 3258 2146 3312 contentiose
2168 3256 2375 3326 jurgari
2403 3272 2466 3311 ae
2496 3258 2747 3326 prosilire
2777 3266 3173 3328 praeceptorum
3202 3259 3377 3314 instar

1804 3350 2060 3416 mallent;
2109 3358 2222 3403 tum
2260 3349 2476 3404 demum
2507 3349 2740 3413 accidit,
2785 3360 2844 3404 ut
2879 3351 3184 3405 temeritate
3239 3367 3375 3421 qua-

1806 3442 1930 3495 dam
1953 3440 2081 3494 elati
2108 3440 2175 3494 ab
2201 3440 2453 3510 religiosa
2482 3450 2876 3510 mansuetaque
2902 3441 3068 3495 animi
3092 3441 3376 3498 affectione

1806 3546 1871 3586 ac
1897 3531 2220 3588 credulitate
2258 3532 2348 3586 illa
2386 3532 2793 3598 desciscerent,
2848 3548 2955 3603 qua
3000 3530 3167 3589 Deum
3216 3549 3377 3604 posse

1807 3624 2072 3693 quidquid
2138 3624 2453 3693 promiserit
2505 3623 2713 3679 efficere
2776 3624 2881 3680 sibi
2946 3624 3374 3694 persuaderent,

1805 3726 2000 3771 contra
2028 3731 2159 3771 vero
2198 3715 2265 3769 ad
2302 3717 2493 3771 inanes
2542 3715 2873 3785 quaestiones
2920 3729 2983 3769 ac
3009 3714 3378 3785 blasphemias

1804 3808 1999 3863 deduci
2032 3823 2090 3863 se
2128 3814 2464 3877 paterentur,
2505 3821 2574 3860 ne
2604 3806 2735 3859 illud
2773 3806 2990 3875 quidem
3033 3806 3376 3860 animadver—

1808 3906 1985 3954 tentes
2037 3914 2144 3952 non
2180 3912 2343 3966 Opera
2390 3898 2505 3967 ipsa
2555 3910 2867 3950 sermonum
2897 3936 2912 3961 ,
2954 3894 3051 3950 sed
3096 3909 3377 3950 sermones

1805 4006 2029 4061 Operum
2065 3990 2237 4061 gratia
2276 3988 2583 4059 comparari
2612 4027 2626 4050 ,
2669 3995 2727 4040 ut
2758 3988 2812 4041 in
2847 3986 3118 4041 medicina
3147 4003 3250 4041 usu
3286 4001 3379 4040 ve-

1808 4084 1926 4137 nire
1974 4082 2282 4143 cernimus,
2319 4080 2373 4134 in
2421 4082 2527 4150 qua
2578 4078 2837 4133 nimirum
2896 4092 3178 4132 sermones
3223 4076 3381 4131 factis

1806 4176 1913 4229 illis
1964 4174 2417 4243 comprobantur,
2450 4172 2650 4241 quibus
2700 4176 2962 4240 aegrotum
3000 4168 3380 4239 repraesentari

1808 4275 2059 4322 sanatum
2099 4273 2331 4334 oportet.
2380 4265 2499 4331 Quo
2530 4261 2780 4317 videlicet
2813 4260 3100 4331 aptissimo
3142 4258 3380 4329 quodam

117 4372 278 4424 Θειαν
320 4368 690 4439 ἁμιλλώμενον
733 4366 1002 4437 πρόθυρα,
1050 4363 1143 4416 καὶ
1187 4363 1571 4433 προσχήματα,
1610 4360 1695 4412 καὶ

1806 4362 2076 4409 concentu
2113 4356 2427 4424 temperati,
2463 4351 2730 4423 ejusmodi
2776 4357 3009 4406 mentem
3063 4348 3381 4414 habeamus,

118 4465 309 4515 πᾶσαν
337 4460 739 4531 ὑποδυσάμενον
774 4459 873 4528 τῆς
903 4456 1242 4527 ὑποκρίσεως
1274 4455 1371 4525 τὴν
1401 4454 1621 4522 σκευήν.

1812 4462 1931 4517 qua:
1966 4445 2432 4516 praestantissimis
2462 4441 2805 4497 sermonibus
2834 4446 3229 4492 consentaneos
3268 4450 3385 4490 mo-

119 4571 216 4610 res
248 4567 361 4623 prae
388 4568 446 4608 se
477 4552 650 4616 ferat,
692 4551 820 4622 lyrae
862 4548 1148 4618 cujusdam
1200 4547 1397 4609 instar,
1462 4559 1570 4598 non
1634 4542 1995 4596 abhorrentes
2040 4546 2203 4607 atque
2247 4534 2552 4591 discordes.
2592 4532 2803 4602 Qu'ppe
2855 4532 2919 4586 ad
2971 4532 3024 4585 id
3050 4572 3064 4596 ,
3108 4542 3165 4585 ut
3195 4544 3386 4585 revera

119 4658 411 4718 compotes
463 4648 668 4711 simus,
698 4662 809 4701 non
849 4652 909 4699 ut
942 4660 1064 4700 esse
1101 4643 1405 4705 videamur,
1456 4642 1605 4695 omni
1636 4647 1723 4694 est
1768 4638 1929 4695 nobis
1992 4635 2157 4689 animi
2213 4633 2563 4688 contentione
2622 4629 2850 4685 colenda
2890 4628 3138 4698 justitia,
3169 4633 3227 4681 ut
3274 4641 3384 4681 non

119 4745 296 4799 veluti
326 4743 685 4798 claudicando
719 4742 1002 4813 sapientiae
1037 4740 1277 4795 studium
1312 4752 1688 4808 capessamus,
1741 4752 1918 4806 neque
1957 4734 2021 4787 ad
2052 4734 2276 4803 gloriam
2308 4731 2508 4800 magis,
2537 4743 2699 4798 quam
2735 4726 2802 4781 ad
2863 4725 3145 4780 veritatem
3211 4723 3388 4778 enita-

120 4856 273 4905 mur,
323 4849 416 4893 aut
457 4840 537 4894 sic
589 4848 847 4909 tanquam
900 4836 1155 4891 eximiam
1186 4836 1481 4907 quamdam
1516 4833 1712 4888 faciem
1764 4839 1816 4887 et
1855 4832 2072 4884 inanem
2128 4827 2365 4897 speciem
2404 4824 2775 4886 abducamus,
2826 4833 3153 4890 omnemque
3214 4818 3388 4873 simu-

122 4930 350 4988 lationis
380 4938 634 4984 ornatum
667 4937 1099 4999 apparatumque
1128 4928 1442 4983 subeamus.

195 5024 338 5082 MA'.
377 5023 496 5076 Εἰσὶ
527 5023 655 5094 γὰρ,
679 5025 815 5077 εἰσὶν
847 5024 895 5075 οἳ
928 5022 1100 5090 λόγων
1134 5020 1410 5091 τραγικῶς
1442 5035 1708 5087 κεκοσμη-

124 5119 308 5192 μένων
326 5115 645 5187 προσϐολαῖς
661 5115 699 5179 ⁸,
717 5115 965 5185 καθάπερ
982 5116 1233 5182 γυναῖκες
1256 5114 1310 5166 αἰ
1331 5112 1528 5179 ἔξωθεν
1546 5112 1709 5183 ὡραῖ-

120 5214 356 5283 ζόμεναι
390 5210 527 5281 πρὸς
556 5209 771 5279 ἀπάτην
796 5208 1077 5277 ἐντέχνως,
1110 5208 1203 5259 saw
1248 5207 1321 5276 μή
1358 5223 1442 5268 τις
1470 5202 1709 5271 πεφυλα-

120 5306 344 5375 γμένως
377 5303 566 5364 αὐταῖς
592 5301 697 5354 τῶν
719 5301 797 5352 ἔτι
818 5299 1095 5369 νεωτέρων
1112 5297 1425 5370 προσϐλέψῃ
1448 5299 1510 5366 τῇ
1530 5294 1707 5347 πίστει

121 5400 221 5450 καὶ
266 5394 565 5464 νηπτικῶς.
601 5392 761 5445 Ὅθεν
803 5390 1147 5460 εὐλαϐητέον,
1185 5388 1290 5459 πρὸ
1336 5388 1428 5439 τοῦ
1463 5402 1711 5455 καταμα-

122 5488 241 5541 θεῖν
275 5486 557 5555 ἀσφαλῶς,
588 5486 666 5549 εἰς
692 5486 790 5556 τὴν
804 5484 1028 5555 καρδίαν
1058 5480 1396 5546 εἰσδέξασθαι
1426 5479 1516 5531 τὸν
1538 5470 1711 5529 τοιοῦ-

119 5599 218 5635 τον
260 5580 438 5647 λόγον.
467 5578 579 5631 Καὶ
607 5577 714 5648 γὰρ
750 5576 1040 5646 φθάνουσιν
1083 5576 1129 5626 οἰ
1172 5570 1547 5637 ἐξαπατῶντες
1580 5567 1711 5619 πολ-

200 5740 219 5773 ²
256 5736 319 5792 F.
352 5738 786 5807 ἀνατρεπτικοῖς.
879 5735 898 5764 ¹
930 5734 1198 5801 Corrupta
1228 5746 1329 5785 vox
1362 5735 1465 5785 est.

1554 5726 1573 5758 ³
1598 5722 1659 5779 F.
1684 5720 1796 5776 τοῦ.

1888 5010 2049 5084 564
2076 5007 2211 5063 XLI.
2242 5007 2381 5062 Sunt
2410 5005 2553 5061 enim
2583 5002 2847 5074 profecto,
2878 5007 3025 5063 sunt,
3058 4999 3152 5069 qui
3181 5002 3389 5059 oratio-

1816 5106 1903 5159 nis
1942 5103 2199 5173 tragicam
2236 5099 2304 5154 ad
2354 5109 2605 5167 pompam
2657 5100 2931 5149 exornatae
2982 5091 3215 5147 artificio
3267 5109 3391 5148 sese

1815 5194 2122 5257 venditant,
2151 5191 2227 5245 uti
2268 5188 2522 5243 mulieres
2555 5184 2734 5239 facere
2765 5184 2971 5247 solent;
2998 5196 3140 5252 quat,
3190 5181 3256 5236 ad
3293 5182 3391 5235 illi-

1815 5286 2068 5343 ciendum
2120 5299 2184 5338 ac
2229 5279 2640 5351 decipiendum,
2670 5286 2955 5334 externum
2994 5275 3241 5346 corporis
3274 5274 3392 5328 cul-

1814 5388 1931 5434 tum
1984 5394 2048 5433 ac
2102 5376 2434 5432 lenocinium
2483 5372 2779 5436 adhibent,
2836 5370 2943 5424 nisi
2997 5381 3209 5425 summa
3264 5377 3389 5418 cum

1818 5472 1985 5527 animi
2018 5470 2304 5533 cautione,
2337 5468 2440 5523 fide
2493 5481 2556 5521 ac
2608 5466 2904 5521 sobrietate
2944 5461 3139 5516 muniti
3166 5457 3231 5510 ad
3265 5456 3389 5509 illas

1820 5564 2198 5619 adolescentes
2243 5562 2433 5618 oculos
2472 5559 2751 5631 adiiciant.
2793 5554 3062 5621 Quocirca
3100 5548 3391 5619 diligenter

1874 5722 1896 5754 ⁸
1936 5720 1998 5777 F.
2035 5720 2347 5792 προϐολαῖς.
