3822 6292
460 331 598 391 1135
1846 310 1901 365 S.
1944 303 2287 363 EPIPHANII
3585 284 3720 341 11$

457 441 761 502 cavendum
792 444 877 494 est
903 476 917 501 ,
952 450 1058 500 ne,
1087 438 1378 501 antequam
1412 435 1581 484 totam
1615 440 1729 480 rem
1778 429 2031 478 accurate

2153 418 2287 480 thl;
2314 415 2439 476 τοὺς
2463 410 2814 473 διδάσκοντας
2831 422 2843 435 '
2869 406 3119 476 καθάπερ
3142 403 3236 456 καὶ
3250 398 3578 473 αίΣειρῆνες
3599 403 3720 463 τοὺς

459 532 870 607 perceperimus
894 568 914 595 ,
944 525 1213 598 ejusmodi
1262 535 1543 577 sermones
1593 518 1659 572 ad
1691 516 1903 571 animos
1936 528 2036 568 no—

2153 508 2441 579 ρεύγοντας
2476 502 2644 566 αύτάς
2676 501 2981 571 κρύπτουσι
3016 496 3286 569 μακρόθεν
3314 494 3378 546 τὸ
3420 492 3723 565 μισάνθρω⁴

462 602 609 679 stros
627 602 1019 675 adhaerescere
1058 615 1352 686 patiamur.
1410 608 1563 678 Saepe
1613 606 1757 661 enim
1810 602 2033 665 accidit,

463 723 523 769 ut
552 714 876 781 deceptores
926 708 1212 763 doctorum
1263 716 1483 773 operam
1525 702 1892 758 antevertant,
1926 709 2036 748 non

465 807 623 861 aliter
663 816 726 857 ac
750 801 971 861 Sirenes
1004 795 1380 853 crudelitatem
1412 806 1567 846 suam
1601 798 1655 844 et
1707 788 1761 841 in
1792 786 2040 840 homines

468 895 655 951 odium
694 894 793 957 iis,
823 890 915 961 qui
955 902 1075 943 sese
1103 884 1351 956 fugiunt,
1384 882 1652 937 suavitate
1679 877 1828 933 vocis
1864 874 2043 930 occul-

468 994 607 1041 tant.
635 983 792 1054 Quod
822 981 925 1036 nisi
965 979 1039 1033 ita
1064 987 1168 1041 est,
1212 977 1454 1046 inquam,
1482 969 1738 1031 Auxenti,
1786 981 1908 1038 qua:
1945 977 2040 1020 tua

471 1087 556 1136 est
584 1079 651 1133 de
684 1091 747 1132 ea
786 1090 845 1130 re
878 1070 1180 1128 sententia?
1211 1067 1411 1123 Eadem
1440 1079 1561 1136 quae
1591 1072 1705 1125 tua,
1737 1058 2040 1131 respondit.

472 1169 706 1225 Proinde
757 1164 1049 1222 contrariae
1097 1160 1370 1231 opinionis
1414 1157 1690 1228 sephistas
1725 1168 1918 1209 omnes
1972 1151 2047 1206 si-

474 1264 847 1318 mulacrorum
897 1256 1142 1313 veritatis
1188 1253 1490 1307 imitatores
1520 1263 1643 1306 esse
1681 1247 1952 1311 dicimus,
1984 1258 2048 1299 ac

474 1354 721 1409 veritatis
773 1351 946 1420 ipsius
989 1349 1230 1419 ignaros,
1282 1341 1591 1413 cuiusmodi
1621 1346 1750 1395 sunt
1786 1338 2046 1408 pictores.

2141 616 2242 651 πον
2282 599 2350 668 τῇ
2373 592 2728 663 καλλιφωνία.
2764 592 2835 643 Ἥ
2870 589 3010 652 πῶς,
3037 582 3081 640 ὧ
3107 586 3386 653 Αύξὲντιε,
3422 584 3557 653 ἔφην
3591 582 3719 650 ἐγὼ,

2143 691 2224 745 σοὶ
2246 691 2262 720 ¹
2284 689 2455 742 ταῦτα
2484 685 2762 748 τίθεσθαι;
2788 683 2898 737 Καὶ
2920 682 2979 745 ὃς
2998 678 3330 749 ἀπεκρίνατο
3346 695 3359 707 ο
3383 676 3571 739 Οὕτως
3595 674 3721 727 καθ-

2146 782 2289 854 άπερ
2327 780 2421 834 καὶ
2463 779 2549 833 σύ.
2583 774 2793 831 Οὐκοῦν
2840 774 3057 835 πάντως
3082 772 3191 824 τῶν
3229 766 3555 840 ἑτεροδόξων
3598 767 3721 827 102»;

2145 873 2403 943 σοφιστὰς
2454 869 2699 943 μιμητὰς
2731 866 2965 921 εἰδώλων
3000 863 3257 935 ἀληθείας
3304 858 3446 915 εἶναι
3475 858 3718 928 λέγομεν,

2144 965 2399 1036 ἀλήθειαν
2432 964 2505 1035 μὴ
2535 961 2925 1031 γινώσκοντας,
2967 956 3216 1025 καθάπερ
3239 951 3581 1023 ζωγράφους.
3614 950 3722 1002 Καὶ

2145 1059 2250 1128 γάρ
2285 1049 2432 1110 οὗτοι
2470 1051 2749 1126 μιμεῖσθαι
2790 1051 2889 1120 μὲν
2922 1047 3255 1118 ναυπηγοὺς,
3302 1045 3398 1098 καὶ
3426 1043 3605 1105 πλοῖα,
3628 1040 3725 1103 καὶ

2148 1149 2484 1219 κυϐερνήτας
2535 1142 2908 1215 ἐπιχειροῦσι,
2964 1140 3263 1209 ναυπηγεῖν
3320 1135 3414 1189 καὶ
3465 1134 3723 1204 κυϐερνᾷν

2152 1240 2228 1311 μὴ
2268 1238 2645 1308 γινώσκοντες.
2679 1232 2889 1289 Οὐκοῦν
2927 1230 3252 1295 ἀποξέοντες
3286 1227 3463 1289 θέλεις
3495 1227 3565 1277 τά
3587 1223 3723 1295 χρὼς

2154 1349 2296 1403 ματα
2325 1329 2601 1399 πείθωμεν
2631 1326 2813 1379 αὐτῶν
2840 1326 2908 1377 τά
2953 1318 3300 1393 θαυμάζοντα
3340 1318 3441 1382 τὰς
3478 1318 3723 1378 τοιαύτας

477 1447 611 1501 Nam
640 1451 695 1500 et
721 1444 809 1498 isti
844 1442 1061 1497 navium
1095 1437 1459 1500 architectos,
1490 1440 1546 1489 et
1587 1445 1753 1486 naves
1786 1430 1935 1500 ipsas
1987 1441 2049 1481 ae

2153 1422 2367 1493 γραφάς
2391 1420 2600 1481 παιδία,
2639 1418 2721 1471 ὅτι
2753 1415 2876 1469 οὔτε
2904 1415 2965 1468 τὸ
2995 1415 3176 1467 πλοῖον
3202 1410 3388 1463 πλοῖόν
3418 1411 3586 1470 ἐστιν,
3608 1406 3725 1458 οὔτε

478 1538 873 1607 gubernatores
929 1531 1235 1602 exprimere
1291 1524 1556 1581 imitando
1607 1522 1871 1586 student,
1927 1534 2049 1575 cum

2153 1517 2180 1569 ό
2208 1514 2545 1584 κυϐερνήτης
2576 1510 2937 1580 κυϐερνήτης,
2975 1506 3107 1560 ἀλλά
3148 1508 3323 1575 τοῖχος
3358 1501 3557 1566 ἔξωθεν
3588 1500 3720 1568 πρὸς

479 1624 919 1681 fabricandarum
986 1621 1205 1675 navium
1270 1613 1718 1689 gubernandique
1785 1611 1894 1664 sint
1952 1608 2049 1662 im-

2153 1604 2343 1676 τέρψιν
2381 1601 2635 1673 χρώμασι
2664 1602 2758 1654 καὶ
2784 1601 3021 1672 γραφαῖς
3051 1593 3497 1665 κεκοσμημένος;
3526 1591 3727 1643 Καὶὸτι

478 1715 659 1787 periti.
716 1712 881 1768 Visne
928 1711 1131 1781 igitur,
1172 1713 1231 1763 ut
1271 1678 1488 1760 abrasis
1534 1678 1813 1757 coloribus
1868 1698 2049 1767 pueris

2161 1693 2395 1766 μιμηταὶ
2442 1692 2540 1759 μὲν
2571 1689 2790 1743 εἰδώλου
2819 1688 3007 1741 πλοίου
3054 1686 3148 1739 καὶ
3191 1683 3527 1771 κυϐερνήτου
3565 1681 3613 1731 οἱ
3640 1678 3731 1745 δηο

932 1764 980 1781 κυ
1117 1764 1129 1774 .
1868 1764 1883 1767 -

478 1808 816 1876 picturarum
850 1801 1066 1857 illarum
1104 1796 1469 1852 admiratione
1499 1792 1691 1848 deﬁxis
1723 1788 2049 1861 persuadea«

2165 1764 2598 1859 μιουργήσαντές
2626 1784 2765 1834 εἰσιν
2804 1780 2912 1833 ἀπὺ
2939 1778 3047 1832 τῶν
3076 1764 3387 1849 χρωμάτων
3418 1772 3607 1833 ταῦτα,
3639 1770 3731 1822 καὶ

485 1907 608 1952 mus
629 1938 642 1963 ,
685 1908 862 1965 neque
893 1906 1085 1948 navem
1124 1903 1246 1944 esse
1286 1900 1409 1958 qua
1435 1886 1592 1940 navis
1621 1884 1852 1947 videtur,
1889 1895 2049 1949 neque

2158 1880 2218 1931 οὑ
2247 1876 2453 1939 πλοίου,
2489 1872 2697 1944 μακρὸν
2719 1871 2778 1924 τὸ
2810 1870 3042 1923 ἀκοῦσαι
3073 1866 3325 1921 ποθοῦντι
3346 1864 3405 1918 τὸ
3433 1863 3727 1934 προοίμιον,

484 1953 903 2059 gubernatorem
939 1982 1034 2053 qui
1090 1953 1423 2051 gubernator
1477 1980 1770 2047 appareat,
1822 1964 1923 2027 sed
1969 1985 2049 2041 pa‘

2158 1969 2295 2024 ἀλλά
2345 1965 2642 2035 ὠφέλιμον,
2692 1963 2849 2032 ἔφην,
2892 1955 2937 2015 ὦ
2967 1961 3175 2033 ἄριστε.
3208 1958 3288 2012 Τά
3334 1958 3444 2027 γὰρ
3494 1953 3601 2008 ἀπὺ
3630 1954 3729 2004 τῶν

484 2081 674 2134 rietem
701 2091 825 2133 esse
849 2074 1079 2146 picturis
1102 2086 1168 2127 ac
1189 2069 1468 2124 coloribus
1500 2065 1844 2122 extrinsecus
1876 2063 1941 2117 ad
1968 2077 2049 2117 vo-

2161 2056 2534 2113 θεοπνεύστων
2571 2053 2802 2126 Γραφῶν
2832 2053 3073 2124 ῥήματα,
3103 2046 3185 2115 οἷς
3212 2047 3730 2120 ἐπιχρωματίζοντες

488 2168 754 2238 luptatem
783 2161 1082 2219 ornatum?
1113 2157 1269 2224 Quod
1305 2163 1484 2211 autem
1510 2193 1525 2219 ,
1571 2153 1778 2224 optime
1807 2151 1922 2214 vir,
1980 2153 2064 2203 in-

488 2271 652 2326 quam
677 2296 691 2321 ,
722 2251 1003 2310 simulacri
1041 2250 1302 2304 duntaxat
1346 2244 1503 2299 navis
1547 2256 1610 2299 ac
1659 2240 2062 2313 gubernatoris,

488 2364 597 2404 non
652 2346 807 2401 navis
845 2342 1023 2413 ipsius
1076 2340 1383 2395 imitatores
1438 2336 1584 2402 sint,
1642 2333 1738 2404 qui
1789 2332 2063 2403 ejusmodi

488 2450 655 2507 epera
682 2434 925 2490 colorum
953 2429 1215 2485 varietate
1253 2426 1546 2491 tinxerunt,
1581 2423 1802 2493 longum
1829 2429 1913 2477 est
1940 2421 2061 2491 qui-

486 2530 610 2584 dem
640 2527 710 2583 iis
747 2524 841 2595 qui
889 2522 1081 2578 audire
1112 2519 1340 2589 cupiunt
1371 2515 1690 2579 exordium,
1736 2513 1831 2569 sed
1877 2520 2063 2567 tamen

488 2620 642 2675 utile.
694 2614 909 2672 Etenim
959 2613 1007 2670 si
1056 2610 1362 2666 divinarum
1397 2606 1802 2675 Scripturarum
1857 2604 2062 2667 verba,

2167 2149 2531 2204 ποικίλλουσιν
2567 2146 2775 2201 ἑαυτῶν
2809 2144 2946 2216 πρὸς
2991 2143 3207 2214 ἀπάτην
3243 2135 3388 2195 οὗτοι
3430 2138 3529 2209 τὴν
3562 2138 3727 2201 δόξαν,

2158 2240 2505 2311 δικαιοσύνην
2546 2238 2791 2303 αὐθαδῶς
2840 2236 2935 2291 καὶ
2976 2235 3229 2307 ἀλήθειαν
3266 2232 3641 2304 ὀνομάζοντες,
3669 2230 3725 2281 ού

2160 2332 2518 2403 γινώσκοντες
2538 2331 2674 2394 ὅλως
2702 2328 3067 2398 δικαιοσύνην,
3093 2329 3146 2380 εἴ
3170 2343 3252 2390 τις
3278 2324 3554 2395 ἀφέλοιτο,
3578 2322 3729 2374 πόσον

2165 2426 2269 2479 οίει
2324 2423 2711 2496 γυμνωθέντας
2761 2422 2957 2485 αὐτοὺς
3002 2420 3114 2474 τῶν
3168 2417 3425 2472 τοιούτων
3466 2414 3732 2485 ὀνομάτων

2166 2512 2663 2586 χλευασθήσεσθαι;
2710 2512 2860 2567 Πάνυ
2904 2510 3062 2576 πολὺ,
3122 2510 3248 2581 ἔφη.
3293 2508 3529 2579 Πότερον
3561 2500 3732 2566 οὗν,ὧ

2169 2606 2448 2672 Αὑξὲντιε,
2487 2599 2554 2677 ἦν
2583 2605 2639 2659 δὲ
2667 2604 2801 2674 ἐγὼ,
2850 2605 2914 2658 σὺ
2948 2602 3126 2674 βούλει
3160 2601 3364 2672 ταύτης
3390 2598 3731 2671 ἡγεμονεύειν

486 2700 692 2783 quibus
720 2705 1033 2779 opinionem
1082 2717 1237 2757 suam
1288 2702 1355 2756 ad
1393 2695 1729 2753 illudendum
1758 2735 1773 2759 ,
1805 2702 2049 2765 tanquarr

2167 2697 2268 2767 τῆς
2300 2696 2444 2763 ὀδοῦ,
2476 2696 2511 2768 ἢ
2553 2695 2664 2765 ἐγὼ
2690 2697 2996 2768 ἡγήσομαις
3025 2696 3263 2759 Δίκαιον,
3310 2693 3437 2763 ἔφη,
3476 2692 3561 2746 σοὶ
3591 2693 3731 2760 ἡγεῖ-

490 2802 645 2857 vario
675 2800 920 2855 colorum
952 2809 1146 2866 genere
1172 2832 1190 2858 ,
1231 2790 1619 2860 distinguunt,
1680 2800 1745 2839 ac
1792 2784 2049 2854 justitiam

2170 2786 2314 2843 σθαι.
2337 2788 2408 2841 Σὺ
2436 2788 2545 2861 γὰρ
2565 2788 2859 2859 κατάρχεις
2882 2787 2976 2841 τοῦ
3008 2788 3191 2855 λόγου.

491 2894 881 2959 veritatemque
908 2890 1224 2955 arroganter
1249 2880 1553 2943 nominaut,
1583 2874 1809 2947 iustitia:
1840 2872 2295 2955 penitusignari;
2330 2875 2428 2932 sed
2485 2876 2533 2932 si
2590 2876 2715 2946 quis
2753 2876 2842 2932 illa
2879 2875 3147 2939 detrahat,
3205 2890 3368 2946 quam
3423 2883 3483 2929 tn
3541 2874 3735 2929 ridicu-

493 2985 577 3040 los
600 2983 713 3038 fore
737 2980 859 3035 illos
884 2977 1166 3047 existimas
1188 2970 1497 3028 istiusmodi
1522 2967 1806 3025 vocabulis
1843 2966 2071 3021 exutos?
2120 2965 2315 3023 Mirum
2349 2968 2405 3023 in
2443 2967 2692 3033 modum,
2746 2968 2945 3039 inquit.
2980 2966 3118 3022 Tum
3168 2983 3269 3038 ego
3302 2986 3318 3023 :
3370 2965 3510 3021 Num
3544 2976 3603 3020 tu
3646 2971 3734 3017 viae

495 3075 644 3129 illius
678 3071 785 3127 dux
818 3065 1174 3136 esse,mavis,
1212 3062 1444 3118 Auxenti
1472 3099 1488 3125 ,
1518 3074 1589 3114 an
1625 3072 1714 3113 me
1744 3056 1929 3127 potius
1967 3055 2159 3111 ducem
2191 3057 2490 3114 adbibere?
2524 3058 2766 3130 Equum
2830 3066 2914 3114 est
2959 3058 3149 3114 ducem
3205 3066 3260 3114 te
3306 3073 3465 3124 esse,
3519 3073 3733 3127 respon-

493 3166 609 3221 dit:
629 3162 710 3218 'l‘u
739 3159 882 3216 enim
902 3158 953 3215 ei
984 3156 1222 3213 sermoni
1254 3152 1480 3225 praeisti.

571 3256 730 3312 XLII.
772 3253 887 3308 Hoc
935 3251 1102 3322 igitur
1138 3249 1343 3305 dictum
1379 3253 1463 3303 est
1497 3246 1639 3317 (age
1688 3243 1833 3300 enim
1877 3242 2047 3313 Aglao

2244 3240 2379 3295 MB'.
2402 3239 2613 3295 Οὐκοῦν
2640 3239 2855 3309 ἐλέγετο
2883 3237 3039 3310 (φέρε
3072 3239 3179 3313 γάρ
3211 3240 3349 3311 πρὸς
3382 3241 3549 3312 μέρος
3569 3242 3627 3309 ἐξ
3644 3243 3731 3313 ἀρ-

496 3348 723 3419 pbontis
769 3296 1091 3403 sententiam
1127 3342 1195 3397 ab
1244 3340 1405 3396 initio
1441 3296 1729 3410 repetitam
1756 3296 2049 3408 singilfatin

2177 3333 2280 3403 χῆς
2308 3330 2615 3395 ἀκολούθως
2665 3296 2756 3385 τὸν
2794 3296 3197 3400 Ἀγλαοφῶντος
3227 3296 3567 3402 ἐξετάσω-μεν
3595 3296 3731 3397 νοῦν)

499 3433 938 3509 expendamus),
984 3435 1221 3489 animam
1254 3447 1477 3502 corpus,
1509 3431 1655 3503 quod
1682 3428 2049 3485 circumfusum

2176 3426 2211 3495 ή
2238 3423 2385 3494 ψυχὴ
2433 3422 2495 3477 τὸ
2526 3422 2685 3493 σῶμα
2720 3422 2808 3477 διά
2833 3422 2931 3494 τὴν
2972 3421 3280 3494 παράϐασιν
3318 3422 3349 3475 ὅ
3388 3424 3733 3494 περικείμεθα

490 3532 661 3587 nobis
693 3538 798 3595 est,
835 3526 1113 3600 in.delicti
1147 3540 1365 3596 pmnam
1400 3524 1798 3594 assumpsisse,
1826 3537 1949 3577 cum
1980 3536 2045 3576 su

2183 3513 2343 3568 τοῦτο
2356 3514 2722 3583 ἀνειληφέναι,
2754 3514 2962 3585 χρόνοις
2985 3515 3097 3575 τοῖς
3126 3513 3237 3567 ἄνω
3263 3513 3431 3583 χωρὶς
3454 3514 3614 3568 αὑτοῦ
3646 3533 3731 3584 μαι

502 3621 810 3693 perioribus
858 3598 1195 3687 temporibus
1234 3615 1304 3670 ab
1342 3628 1408 3669 eo
1463 3621 1716 3682 separata
1763 3624 1976 3667 summa
2020 3609 2049 3663 ii

2176 3604 2383 3676 καρίως
2404 3602 2653 3667 διάξασα.
2681 3603 2820 3665 Τοὺς
2839 3602 2947 3672 γάρ
2973 3602 3327 3672 δερματίνους
3358 3598 3495 3655 εἶναι
3517 3604 3733 3672 χιτῶνας

505 3712 764 3768 felicitate
819 3708 1058 3777 degeret.
1120 3704 1333 3761 Etenim
1385 3713 1630 3759 scorteas
1686 3703 1806 3757 illas
1860 3701 2045 3756 tunica

2178 3695 2427 3766 σώματα,
2475 3697 2555 3759 είς
2586 3695 2622 3750 ἀ
2654 3694 2924 3767 ὲνεῖρχθαι
2969 3694 3166 3765 συνέϐη
3215 3694 3313 3757 τὰς
3351 3694 3549 3765 ψυχὰς,
3591 3696 3730 3763 δίκην

504 3814 735 3870 corpora
769 3812 892 3853 esse
933 3796 1186 3860 dicebat,
1221 3796 1420 3864 quibus
1472 3794 1631 3865 565
1689 3793 1913 3848 inclusae
1950 3807 2049 3847 sun

2176 3787 2325 3849 ὅπως
2357 3782 2432 3841 ὧν
2473 3786 2705 3858 ἔδρασαν
2733 3785 3157 3858 νεκροφοροῦσαι
3187 3787 3556 3857 παράσχωσιν.
3590 3790 3654 3840 Ἦ
3674 3789 3728 3839 οὐ

506 3893 734 3955 animae,
769 3898 830 3944 ut
876 3895 1151 3943 mortuum
1202 3888 1337 3943 illud
1390 3901 1592 3957 corpus
1626 3884 2047 3941 circumferente

2175 3876 2347 3932 ταῦτα
2405 3878 2623 3949 πρῶτον
2663 3873 2731 3948 ἦν
2785 3879 2842 3931 ὲν
2893 3877 3036 3949 ἀρχῇ
3084 3876 3153 3929 τὰ
3182 3877 3440 3948 λεχθέντα
3492 3878 3598 3932 ὑπὸ
3627 3878 3726 3939 σοῦ,

505 3993 694 4033 eorum
744 3991 866 4048 quae
942 3975 1365 4042 commiserant,
1431 3990 1623 4047 poenas
1684 3973 2049 4045 dependerent

2179 3973 2364 4045 ίατρέ;
2396 3972 2534 4027 Ἀλλ’
2557 3973 2637 4036 εἰς
2665 3972 2966 4043 ὑπόμνησιν
2993 3973 3088 4026 ὲάν
3112 3973 3194 4037 τίς
3217 3974 3240 4003 ⁸
3270 3991 3352 4027 σοι
3382 3973 3635 4045 φαίνομαι
3664 3973 3725 4043 μὴ

497 4067 699 4124 Nonne
737 4068 865 4123 lucc.
903 4080 934 4121 a
964 4074 1018 4122 te
1060 4066 1218 4121 initio
1257 4064 1534 4136 proposita
1572 4071 1724 4129 sunt,
1769 4078 1804 4118 ο
1834 4063 2041 4119 medice

2181 4066 2561 4138 μεμνημένοςο
2616 4064 2735 4118 οὐδὲ
2783 4064 2877 4118 νῦν
2916 4066 3270 4136 ὑπομνήσεως
3315 4066 3396 4130 εις
3434 4065 3592 4119 τοῦτο
3627 4066 3723 4137 δέη.

507 4113 698 4124 ..ν-..ν
737 4113 851 4123 -..η
903 4113 934 4121 _
966 4113 1018 4122 ,υ
1060 4113 1214 4121 -..--.-
1257 4113 1534 4136 τηρ----
1572 4113 1724 4129 __---,
1775 4113 1797 4118 -
1834 4113 2040 4119 _-__-_

507 4161 588 4215 Tu
616 4174 767 4224 vero,
799 4158 847 4214 si
876 4158 1059 4213 minus
1092 4154 1617 4221 recordarivideor,
1642 4153 1917 4208 memoria:
1946 4166 2049 4206 mea

2176 4113 2326 4212 Κύζά
2348 4113 2531 4212 ινιιῶιῦτά
2577 4158 2684 4227 γὰρ
2728 4152 2797 4228 ἦν
2829 4157 2890 4210 ὲν
2923 4113 3158 4227 πρῶται-οἱς
3171 4113 3423 4226 ⁷ἦᾷῖᾷἶά

506 4252 785 4321 subjicito.
824 4248 971 4305 Nihil
1001 4264 1067 4305 ea
1120 4264 1179 4303 re
1219 4261 1366 4302 nunc
1403 4246 1622 4316 quidem
1672 4259 1812 4316 opus
1844 4252 1966 4309 est,
2004 4243 2049 4299 ai

2178 4248 2243 4301 Τί
2272 4247 2330 4300 δὲ
2359 4247 2481 4317 οὐχὶ
2509 4248 2603 4302 καὶ
2631 4246 2790 4301 τοῦτο
2821 4249 2879 4300 ὲν
2907 4250 3019 4310 τοῖς
3059 4247 3182 4317 ἑξῆς
3208 4247 3427 4317 ἐλέγετο
3466 4246 3728 4317 πολλαχῶς

504 4343 616 4398 ille.
652 4341 786 4395 Nam
817 4341 931 4395 haec
964 4340 1080 4410 ipsa
1119 4346 1267 4403 sunt,
1295 4352 1414 4409 quae
1443 4337 1620 4408 primo
1648 4336 1769 4392 loco
1815 4335 2049 4392 diximus

2176 4339 2281 4391 ὑπο
2298 4338 2412 4402 σοῦ,
2430 4339 2506 4402 ὡς
2520 4338 2769 4409 ἐμποδὼν
2785 4339 2921 4411 πρὸς
2935 4339 3033 4409 τὴν
3054 4331 3352 4409 κατάληψιν
3368 4340 3501 4410 ἡμῖν
3514 4339 3574 4392 τὸ
3590 4339 3726 4407 σῶμα

506 4430 650 4498 Quid
687 4430 926 4486 deinde?
962 4428 1153 4486 Nonne
1190 4428 1295 4483 hoc
1326 4433 1513 4497 postea
1541 4425 1739 4495 saepius
1773 4438 1804 4478 a
1839 4435 1889 4480 te
1927 4438 2048 4480 com

2176 4430 2285 4485 τῶν
2310 4430 2478 4492 ὅντως
2496 4430 2686 4497 ὄντων,
2712 4431 2805 4484 καὶ
2827 4430 3043 4499 γνῶσιν,
3066 4431 3153 4485 διὰ
3171 4431 3269 4496 τὰς
3288 4432 3422 4502 πρὸς
3442 4433 3504 4485 τὸ
3527 4434 3726 4501 κοσμεῖν

505 4530 866 4577 memoratum
900 4529 1017 4585 est,
1075 4534 1270 4589 magno
1318 4517 1475 4573 nobis
1524 4515 1910 4587 impedimento
1954 4530 2049 4571 essl

2177 4521 2435 4591 ἀσχολίας
2463 4521 2594 4575 αὐτὸ
2614 4522 2709 4576 καὶ
2731 4521 3077 4592 θεραπεύειν,
3100 4523 3330 4591 γίνεται,
3353 4523 3447 4576 καὶ
3468 4524 3567 4586 τὰς
3586 4523 3724 4581 ἄλλος

507 4628 732 4682 corpus,
788 4611 853 4664 ad
883 4619 1071 4665 eorum
1102 4624 1223 4679 quae
1259 4622 1449 4663 revera
1478 4615 1645 4674 sunt,
1680 4606 2049 4676 perceptionem

2153 4620 2155 4634 ’
2182 4611 2280 4675 τάς
2311 4613 2436 4683 περὶ
2464 4612 2562 4684 τὴν
2600 4613 2911 4684 ὲπιθυμίανη
2930 4615 3027 4684 τῆς
3055 4615 3289 4685 γαστρὸς
3317 4614 3636 4685 προσϐολάς,
3660 4614 3723 4664 ἔτι

506 4718 571 4758 ac
622 4702 939 4766 scientiam;
974 4700 1119 4771 quod
1151 4699 1351 4770 partim
1387 4698 1443 4752 in
1491 4712 1557 4753 eo
1590 4695 1835 4751 curando
1874 4710 1938 4751 ac
1987 4694 2044 4751 fo

2182 4720 2241 4756 τε
2279 4703 2655 4775 βλασφημιῶν,
2696 4706 2788 4757 καὶ
2816 4706 3082 4759 παντοίων
3104 4706 3273 4759 αἴτιον
3302 4708 3720 4777 ἁμαρτημάτων

506 4794 684 4850 vendo
711 4794 883 4848 simus
903 4792 1175 4861 occupati,
1206 4790 1401 4859 partim
1423 4787 1628 4843 ventris
1664 4801 1766 4842 nos
1810 4786 2049 4843 illecebra

2181 4792 2267 4845 διὰ
2300 4793 2361 4846 τὸ
2395 4795 2470 4866 μὴ
2511 4793 2768 4848 δύνασθαι
2800 4795 2925 4848 καθ’
2956 4796 3151 4867 ἑαυτὴν
3179 4795 3300 4867 δίχα
3336 4796 3583 4868 σώματος
3609 4796 3723 4855 ὅλως

507 4898 569 4937 ac
596 4884 921 4952 cupiditates
948 4880 1331 4937 infestent?Ad
1356 4879 1467 4933 haec
1489 4877 1874 4938 maledicentia:
1901 4877 2045 4932 omni

2185 4885 2501 4955 ἀμαρτῆσαι
2549 4885 2649 4957 τὴν
2673 4886 2871 4956 ψυχὴν,
2916 4888 3012 4941 καὶ
3041 4888 3131 4941 διά
3163 4888 3316 4941 τοῦτο
3359 4890 3497 4959 μετά
3526 4889 3617 4960 τὴν
3654 4890 3721 4940 ὲν-

511 4976 565 5026 in
601 4972 806 5037 Deum,
845 4987 908 5026 ac
935 4980 1279 5041 peccatorum
1309 4970 1550 5024 omnium
1596 4983 1817 5023 causam
1856 4967 1923 5022 ad
1953 4983 2049 5023 cor

2181 4975 2369 5031 τεῦθεν
2402 4976 2709 5047 ἀποδημίαν
2736 4979 2891 5042 ἐκτὸς
2924 4981 3334 5051 ἁμαρτημάτων
3362 4983 3510 5045 ὅπως
3553 4982 3707 5034 ἔσοιτο

601 5019 767 5027 _----.-
794 5019 806 5037 ,
846 5019 906 5026 η
936 5019 1279 5041 ,,---__-_____
1859 5019 1923 5022 ___
1960 5019 2038 5023 η-

508 5079 610 5132 pus
654 5061 868 5124 referri,
906 5070 1191 5131 propterea
1238 5058 1381 5130 quod
1426 5073 1520 5128 per
1547 5057 1817 5117 sesesine
1849 5042 2049 5127 corpori

2193 5019 2364 5031 πη-.
2402 5019 2704 5047 -..--.,,.....,
2736 5019 2888 5042 νην,
2924 5019 3332 5051 ..μηνιμωυη
3362 5019 3506 5045 νων,
3553 5019 3721 5037 ενα.-.

2184 5069 2276 5121 καὶ
2302 5068 2584 5139 παρακοῆς
2614 5072 2672 5123 ὲν
2706 5072 2817 5133 τοῖς
2847 5071 3113 5141 οὐρανοῖς,
3142 5071 3271 5127 ἔνθα
3300 5072 3392 5125 καὶ
3423 5074 3521 5136 τὰς
3540 5074 3721 5143 διατρι-

509 5106 610 5132 r‘”
655 5106 868 5124 ’νη-ην
909 5106 1191 5131 γ-νισ-ν-νν-
1240 5106 1381 5130 Ί··*-
1426 5106 1511 5128 ι-ν-
1548 5106 1814 5117 -ν-νι-ν-νν
1855 5106 2033 5127 ’ν-ι-“’-

509 5168 738 5222 peccare
767 5169 991 5223 prorsus
1028 5154 1207 5207 anima
1256 5165 1366 5206 non
1415 5149 1638 5238 potest?
1671 5146 1824 5203 Unde
1867 5156 1922 5203 et
1953 5163 2049 5217 pos

2185 5106 2276 5121 ην...
2309 5106 2582 5139 ..-ιι-...νην
2614 5106 2670 5123 ε.
2716 5106 2814 5133 ,ως
2847 5106 3113 5141 verum”
3142 5106 3271 5127 ςνυυ.
3302 5106 3392 5125 ωε
3433 5106 3519 5136 ...ς
3540 5106 3719 5143 νικητη-

2181 5159 2279 5221 ϐἀς
2324 5158 2434 5224 ἔξει
2477 5160 2617 5230 μετὰ
2652 5161 2760 5215 τῶν
2806 5164 3072 5232 ἀγγέλων,
3122 5163 3411 5236 ἐλευθέραν
3456 5166 3620 5237 αὐτὴν
3650 5164 3721 5216 καὶ

426 5268 431 5275 ·
507 5245 715 5300 obitum
741 5282 757 5308 ,
797 5260 905 5313 quo
946 5251 1169 5314 peccato
1220 5250 1385 5312 atque
1423 5241 1479 5295 in
1532 5239 1701 5295 Deum
1732 5242 2049 5295 contumaci:

2180 5250 2392 5321 γυμνὴν
2440 5252 2634 5323 χρῆναι
2685 5252 2954 5324 διαμεῖναι
3016 5255 3299 5327 σώματοςς
3352 5258 3638 5327 ἐπειδήπερ
3677 5254 3723 5308 τὸ

508 5274 715 5300 υυιιυιιι
741 5282 757 5308 ς
797 5274 905 5313 ιιυυ
946 5274 1169 5314 μῠυυαιυ
1220 5274 1385 5312 atquc
1423 5274 1479 5295 lu
1532 5274 1701 5295 υῠυιιι
1732 5274 2049 5295 υυιιιυιιιαυιι

508 5349 703 5390 vacare
733 5336 787 5389 in
818 5335 957 5389 cmlo
989 5342 1193 5403 posset,
1228 5332 1319 5387 ubi
1351 5348 1476 5387 cum
1511 5332 1718 5403 angelis
1744 5332 1794 5387 ei
1839 5331 2039 5386 domici

2180 5274 2392 5321 γυμνην
2440 5274 2634 5323 χρηναι
2685 5274 2954 5324 οιαμειναι
3016 5274 3299 5327 σωματοςς
3352 5274 3638 5329 επειοηπερ
3677 5274 3723 5308 το

2182 5339 2340 5410 σῶμα
2370 5341 2464 5394 τοῦ
2498 5342 2818 5413 χραίνεσθαι
2855 5344 3011 5401 τοῦτο
3054 5348 3145 5399 καὶ
3182 5349 3517 5419 ἁμαρτάνειν
3554 5346 3723 5419 παραί-
3774 5368 3782 5380 ι

510 5433 643 5485 lium
676 5430 1035 5485 constitutum
1086 5436 1197 5495 est,
1241 5429 1465 5483 liberam
1512 5429 1662 5483 illam
1718 5442 1784 5482 ac
1843 5442 2049 5498 corpori

2177 5448 2289 5484 τιον
2320 5432 2454 5503 αὐτῇ
2479 5432 2576 5487 καὶ
2605 5436 2863 5505 συνεργὸν
2895 5437 3121 5506 γίνεται.
3157 5441 3319 5493 ’Ἄνευ
3356 5442 3463 5513 γὰρ
3507 5440 3721 5510 stippa-.0;

480 5521 769 5601 ‘nudatam
805 5536 927 5576 esse
975 5519 1172 5575 debere
1200 5560 1214 5585 ,
1253 5518 1691 5591 quandoquidem
1750 5520 2046 5589 inquinand

2178 5524 2454 5608 ἀμήχανον
2497 5528 2808 5601 ἀμαρτῆσαι
2848 5531 3046 5603 ψυχήν.
3086 5533 3244 5587 Ὅθεν
3279 5535 3365 5588 ἵνα
3400 5535 3491 5590 τὸν
3526 5537 3720 5604 ἀπειρίαν

599 5681 827 5737 'Deesse
874 5682 1091 5736 videtur
1114 5680 1387 5736 nonnihil.
1462 5681 1483 5712 ³
1512 5677 1572 5734 F.
1648 5678 1736 5749 ἄγ’
1768 5680 1848 5743 εἰς
1875 5680 2040 5752 ὐπομ.
2077 5682 2168 5737 ἐάν
2195 5698 2266 5737 τι.
