3822 6292
456 295 596 353 “39

1828 298 1886 354 S.
1922 298 2263 356 EPIPHANII

3558 298 3689 353 μισ

459 411 782 468 admissum.
840 409 974 466 Nam
1024 412 1095 467 ob
1144 412 1312 483 legem
1359 413 1614 469 violatam
1665 414 1863 470 tunicae
1914 417 2023 471 illis

2144 435 2189 469 :x
2216 415 2417 486 ταύτης
2448 416 2544 485 τῆς
2566 416 2855 484 ὁμολογίας
2898 412 3402 482 συγκατατεθεσθαι.
3430 412 3508 475 ὡς
3539 414 3601 465 οὗ
3632 413 3690 465 τὸ

462 502 659 571 ablatae
700 508 850 565 sunt,
900 502 971 556 ob
1021 517 1250 575 eamque
1273 511 1549 570 consular;
1595 519 1773 573 neque
1804 512 2027 574 propter

462 591 679 646 tunicas
706 592 798 645 illa
823 600 907 647 est
936 590 1077 645 facta
1112 591 1447 645 commissio.
1474 590 1603 656 Quae
1630 606 1754 644 cum
1794 590 2027 661 professi

466 681 754 748 fuerimus,
810 684 1066 738 assentiri
1108 698 1213 737 una
1242 694 1293 736 et
1325 682 1454 735 illud
1485 681 1766 745 debemus,
1798 697 1867 736 ne
1900 682 2028 735 huic

464 776 683 847 quidem
713 777 928 846 corpori
962 785 1218 843 tanquam
1251 788 1431 827 causa:
1467 774 1592 827 mali
1626 782 1833 843 partem
1864 774 2029 827 ullam

468 883 589 924 esse
614 867 1091 933 tribuendam,sed
1118 867 1291 935 ipsam
1324 880 1419 934 per
1438 880 1559 920 sese
1594 867 1829 918 animam
1858 870 2031 917 totam

470 960 619 1014 illam
669 960 957 1014 sustinere.
1012 956 1193 1024 Quare
1240 957 1455 1011 tametsi
1491 972 1692 1027 corpus
1747 971 1854 1010 non
1883 969 2035 1009 resuo

470 1058 605 1115 mat,
660 1050 1012 1103 nihilominus
1077 1050 1343 1119 peccabit,
1400 1064 1524 1103 cum
1571 1058 1626 1102 et
1680 1058 1839 1103 antea
1891 1048 2033 1102 citra

469 1155 670 1209 corpus
700 1139 1020 1209 peccaverit.
1050 1138 1393 1208 Omninoque
1431 1140 1687 1193 stolidum
1718 1147 1803 1193 est
1837 1153 2036 1209 negare

472 1231 545 1286 ob
583 1231 635 1285 id
670 1245 872 1299 corpus
930 1238 1025 1283 aut
1082 1246 1301 1285 carnem
1369 1246 1530 1300 posse
1586 1244 1892 1299 resurgere,
1967 1245 2037 1284 ne

470 1322 686 1393 corpori
717 1330 993 1392 utcunque
1019 1322 1090 1377 sit
1122 1337 1285 1377 causa
1312 1321 1590 1392 peccandi.
1608 1320 1861 1375 Peccabit
1884 1320 2031 1375 enim

469 1418 658 1487 utique
704 1416 883 1486 posito
928 1430 1178 1485 corpore,
1216 1424 1271 1468 ut
1302 1423 1355 1469 et
1378 1421 1501 1467 ante
1537 1427 1738 1481 corpus
1767 1425 2030 1480 peccave-

469 1516 574 1569 rat,
604 1508 706 1563 etsi
741 1522 941 1575 corpus
961 1522 1066 1560 non
1114 1505 1342 1559 subinde
1383 1504 1654 1572 recipiat:
1677 1501 1753 1555 Ex
1791 1516 1899 1572 quo
1936 1517 2033 1557 ne-

2125 507 2281 575 σῶμα
2328 506 2481 558 τοῦτο
2529 506 2814 575 παραίτιον
2862 506 3061 567 κακίας
3114 505 3281 565 ἐστὶν,
3336 503 3450 555 ἀλλ’
3484 504 3685 573 αὖτὴὴ

2122 596 2267 667 ψυχὴ
2302 598 2358 648 ἐν
2380 599 2568 666 ἑαυτῇ.
2603 599 2713 660 Διὸ,
2750 596 2853 649 κᾶν
2882 596 2955 667 μὴ
2975 596 3113 668 λάϐῃ
3139 596 3198 648 τὸ
3233 596 3410 664 σῶμα,
3444 596 3667 664 ἁμαρτῆ

2128 703 2298 747 σεται,
2339 687 2635 756 ἐπειδήπερ
2666 688 2758 739 καὶ
2791 686 3024 757 πρόσθεν
3055 688 3269 757 ἥμαρτε
3314 688 3480 756 χωρὶς
3512 686 3671 754 σῶμα

2126 794 2237 839 τος.
2280 778 2388 829 Καὶ
2428 778 2651 847 civ/1mm
2683 778 2741 829 τὸ
2791 778 2967 845 λέγειν
3004 777 3298 829 ἀναϐιῶναι
3329 776 3403 845 μὴ
3436 775 3682 829 δύνασθαι⁹

2127 868 2191 919 τὸ
2218 867 2395 936 σῶμα,
2428 868 2513 920 διὰ
2549 868 2707 920 τοῦτο
2737 869 2853 938 (τὴν
2895 870 3072 938 σάρκα
3110 869 3151 937 ³)
3183 870 3269 921 ἴνα
3310 869 3383 939 μὴ
3412 870 3676 938 παραίτιος

2129 960 2195 1027 τῇ
2222 958 2363 1028 ψυχῇ
2394 958 2485 1010 τοῦ
2516 959 2830 1030 ἁμρτῆσαι
2864 961 3082 1029 γεννηθῇ.
3112 961 3511 1030 Ἀμαρτήσεται
3564 959 3684 1029 γὰρ,

2129 1047 2203 1111 ὡς
2234 1050 2327 1101 καὶ
2358 1050 2462 1119 πρὸ
2502 1052 2595 1103 τοῦ
2638 1052 2885 1119 σώματος
2916 1052 3179 1120 ἥμαρτεν,
3214 1050 3385 1114 οὕτως
3434 1051 3527 1103 καὶ
3561 1050 3685 1119 μετὰ

2129 1140 2227 1211 τὴν
2251 1141 2345 1193 τοῦ
2378 1140 2625 1211 σώματος
2672 1143 2950 1205 ἀπόθεσιν,
2990 1141 3090 1195 κᾶν
3126 1143 3199 1212 μὴ
3234 1140 3389 1204 αὖθις
3434 1141 3497 1193 τὸ
3540 1139 3687 1209 σῶμα

2133 1231 2403 1303 ἀπολάὄῃ.
2434 1233 2595 1286 ’Όθεν
2629 1233 2836 1302 ἀνάγκη
2875 1251 2964 1302 μοι
2985 1233 3071 1285 διὰ
3092 1233 3267 1286 ταῦτα
3297 1234 3431 1302 μήτε
3460 1230 3687 1301 ἐμαυτοῦ

2142 1324 2280 1394 μήτε
2312 1324 2472 1377 ἄλλου
2509 1325 2863 1395 ἀποδέχεσθαι
2907 1326 3150 1393 λέγοντος
3189 1325 3315 1387 τοὺς
3348 1324 3689 1395 δερματίνους

2137 1414 2369 1482 χιτῶνας
2397 1410 2534 1470 εἶναι
2570 1414 2637 1466 τὰ
2666 1414 2909 1485 σώματα.
2952 1417 3013 1468 Ei
3050 1416 3105 1467 δέ
3148 1412 3535 1483 ἀποδεξαίμην,
3569 1413 3681 1482 ὁμο

2136 1504 2314 1573 λογεῖν
2348 1508 2450 1577 χρή
2482 1524 2546 1576 με
2575 1507 2667 1560 καὶ
2691 1506 2761 1560 τὰ
2790 1507 3071 1578 εἰρημένα.

372 1622 375 1623 ν
470 1612 624 1652 resse
675 1605 759 1652 est
809 1613 986 1667 neque
1025 1612 1111 1651 me
1163 1596 1361 1666 ipsum,
1422 1612 1599 1665 neque
1631 1595 1863 1649 alterum
1896 1610 1924 1646 a
1959 1609 2046 1649 tne
2110 1598 2327 1666 probari
2362 1598 2522 1670 567
2576 1601 2669 1669 qui
2722 1608 2962 1655 scorteas
3004 1600 3216 1654 tunicas
3261 1612 3492 1669 corpora
3533 1596 3697 1652 fuisse

469 1688 685 1743 dixerit.
722 1687 876 1753 Quod
908 1688 953 1741 si
983 1687 1037 1741 id
1079 1703 1178 1759 ego
1225 1686 1590 1754 comprobem,
1633 1700 1738 1738 una
1770 1685 1858 1748 iis,
1898 1699 2020 1754 qua:
2063 1684 2196 1753 dixi,
2224 1690 2478 1743 assentiri
2521 1692 2792 1745 convenit.

541 1774 720 1828 XLIII.
770 1773 851 1827 Ad
882 1775 995 1829 haec
1028 1790 1127 1844 ego
1162 1793 1173 1828 :
1210 1773 1345 1827 Illud
1400 1788 1548 1835 vero,
1600 1786 1633 1826 ο
1676 1771 2028 1841 AglaOphon,

2205 1778 2336 1831 Ml".
2386 1779 2450 1830 Τί
2499 1779 2745 1849 δὲσοὺχὶ
2798 1780 3037 1842 κάκεῖνο,
3090 1779 3245 1849 ἔφην,
3283 1772 3330 1832 ὧ
3366 1776 3694 1846 Ἀγλαοφῶν,

472 1879 652 1919 nonne
682 1864 781 1918 tibi
806 1878 1088 1934 perperam
1137 1863 1358 1916 allatum
1408 1860 1662 1915 videtur?
1722 1860 1861 1926 Quid
1903 1859 2035 1915 illud

473 1956 593 2009 est?
663 1956 860 2023 inquit.
918 1953 1153 2022 Corpus,
1211 1954 1466 2021 inquam,
1535 1966 1780 2007 asserere
1833 1951 2036 2005 vinculi

476 2048 650 2101 instar
701 2061 765 2099 ac
803 2045 1080 2113 compedis
1119 2045 1385 2098 adversus
1419 2043 1655 2097 animam
1713 2058 1834 2098 esse
1872 2042 2038 2096 fabri-

475 2145 658 2190 ratum
688 2155 701 2191 :
735 2135 880 2205 quod
908 2144 962 2190 et
990 2134 1249 2204 propheta
1276 2136 1482 2188 vinctos
1512 2148 1611 2187 nos
1648 2133 1699 2185 in
1738 2142 1880 2185 terra
1916 2147 2039 2187 esse

368 2284 377 2289 ἰ
477 2229 624 2281 dicat
652 2230 694 2291 ί,
732 2235 786 2282 et
820 2226 988 2280 David
1025 2226 1361 2296 compeditos
1399 2225 1708 2294 appellat”?
1741 2223 1877 2277 Tum
1905 2225 2035 2280 ille:

478 2314 852 2385 ReSpondere,
886 2314 1086 2384 inquit,
1131 2322 1239 2367 tam
1266 2313 1512 2382 expedite
1544 2314 1641 2366 tibi
1672 2328 1901 2382 nequeo.
1929 2314 2039 2367 Cur

478 2413 661 2460 autem
693 2419 815 2458 cum
851 2405 959 2458 alio
986 2404 1167 2473 potius
1200 2418 1308 2457 non
1343 2403 1629 2472 disputas?
1666 2404 1734 2455 At
1763 2418 1863 2472 ego
1894 2404 2040 2470 (sen-

479 2512 654 2552 seram
689 2498 832 2551 enim
881 2496 1167 2553 erubuisse
1210 2496 1505 2557 hominem,
1539 2493 1897 2563 convincique
1928 2510 2042 2547 me-

476 2588 687 2657 tuere),
745 2588 885 2642 Num
938 2598 995 2642 tu
1052 2588 1268 2643 tandem
1329 2587 1623 2641 adductum
1686 2602 1773 2641 me
1837 2587 2039 2640 invidia

479 2687 638 2749 putas
674 2678 910 2732 voluisse
956 2676 1221 2740 refellere,
1270 2691 1333 2729 ac
1384 2692 1489 2728 non
1532 2676 1710 2745 potius
1746 2673 1889 2743 quod
1923 2680 2039 2727 erat

478 2772 815 2842 propositum
884 2770 1162 2825 declarare
1226 2768 1515 2823 voluisse?
1590 2766 1695 2820 Sed
1756 2768 1891 2821 heus
1950 2766 2035 2819 tul

471 2878 577 2918 nec
616 2872 665 2919 te
720 2860 1041 2931 interrogari
1077 2862 1273 2929 pigeat.
1326 2857 1486 2915 Vides
1535 2859 1681 2914 enim
1721 2873 1830 2913 non
1861 2861 2042 2928 parvis

477 2956 545 3009 de
572 2954 733 3008 rebus
761 2960 946 3006 natum
1001 2952 1146 3007 hunc
1194 2950 1351 3005 nobis
1390 2966 1510 3006 esse
1561 2964 1888 3015 sermonem,
1946 2950 2040 3004 sed

477 3046 547 3099 de
570 3059 635 3099 eo
665 3043 901 3107 scilicet,
927 3057 1160 3111 quanam
1202 3041 1411 3094 ratione
1455 3040 1787 3095 credendum
1825 3040 1915 3095 sit.
1945 3040 2039 3092 Et-

2137 1868 2283 1922 δοκεί
2312 1886 2391 1922 σοι
2428 1869 2500 1940 μὴ
2529 1868 2705 1940 ὀρθῶς
2752 1856 2928 1939 exuit;
2960 1868 3033 1921 Τὸ
3078 1872 3263 1933 ποῖον;
3308 1868 3381 1920 Τὺ
3411 1868 3606 1934 λέγειν,
3629 1861 3699 1935 ἦν

2138 1960 2193 2013 δὲ
2235 1960 2364 2028 ἐγὼ,
2407 1961 2603 2030 δεσμὸν
2641 1962 2735 2013 καὶ
2780 1960 2943 2024 πέδας
2982 1962 3042 2013 τὸ
3084 1961 3239 2030 σῶμα
3287 1958 3698 2029 μεμηχανῆσθαι

2139 2052 2279 2106 κατά
2305 2052 2403 2121 τῆς
2434 2052 2611 2122 ψυχῆς
2640 2070 2651 2082 ·
2703 2052 2796 2105 καὶ
2828 2053 2909 2104 ὅτι
2938 2052 3033 2104 καὶ
3071 2052 3099 2103 ὁ
3142 2052 3427 2121 προφήτης
3454 2049 3700 2118 δεσμίους

2139 2142 2240 2211 γῆς
2278 2141 2381 2211 ἔφη
2438 2143 2614 2211 ἡμᾶς’
2655 2142 2743 2194 διὰ
2782 2140 2936 2194 τοῦτο
2981 2142 3075 2193 καὶ
3100 2142 3128 2193 ὁ
3174 2140 3334 2192 Δαῆὶδ
3396 2140 3699 2206 τππεδημέ-

2139 2250 2295 2297 νους;
2323 2233 2425 2285 Καὶ
2455 2233 2533 2295 ὃς,
2558 2233 2670 2285 Οὐκ
2699 2232 2806 2301 ἔχω
2833 2250 2915 2285 σοι
2960 2232 3261 2302 προχείρως
3286 2230 3698 2302 ἀποκρίνασθαι,

2140 2323 2265 2392 ἔφη.
2301 2324 2459 2377 Ἀλλὰ
2483 2324 2536 2375 τί
2570 2323 2713 2393 ἄλλῳ
2739 2324 2798 2376 οὐ
2830 2323 3102 2390 διαλέγει;
3138 2322 3245 2375 Καὶ
3276 2322 3389 2389 ἐγὼ
3442 2322 3702 2391 (ᾐσθόμην

2140 2415 2248 2486 γὰρ
2272 2415 2397 2486 ἐρυθ
2408 2418 2525 2486 ριᾷν
2544 2415 2726 2481 αὑτὸν,
2754 2414 3018 2483 φεύγοντα
3049 2416 3365 2484 ἐλεγχθῆναι
3391 2414 3482 2468 τὸν
3508 2414 3702 2481 λογον),

2142 2508 2254 2558 Οἴει
2292 2506 2399 2577 γὰρ
2450 2507 2525 2577 μὴ
2573 2506 2713 2559 κατὰ
2762 2506 2955 2573 φθόνον
3007 2508 3298 2577 ἐπιχειρεῖν
3354 2523 3412 2558 σε
3471 2506 3702 2572 ἐλέγξαι,

2144 2598 2298 2668 ἔφην,
2351 2598 2444 2651 καὶ
2485 2598 2559 2668 μὴ
2611 2598 2671 2649 τὸ
2721 2599 3075 2667 προκείμενον
3123 2598 3429 2665 καταφανὲς
3476 2596 3702 2664 φιλονειο

2147 2694 2260 2743 κεῖν
2302 2690 2523 2760 ποιῆσαι
2550 2708 2563 2756 ;
2594 2694 2755 2756 Ἀλλ’,
2810 2686 2856 2745 ὧ
2916 2690 3109 2758 ἀγαθὲ,
3163 2690 3236 2760 μὴ
3298 2690 3604 2756 ἀποκαμοες
3645 2686 3705 2738 ἂν

2146 2782 2513 2853 ἐρωτώμενος.
2558 2785 2721 2853 Ὁρᾷς
2753 2783 2881 2853 γὰρ,
2929 2783 3002 2845 ὡς
3041 2782 3101 2834 οὐ
3158 2782 3284 2851 περὶ
3328 2780 3536 2849 μικρῶν
3577 2780 3707 2829 εἰσιν

2146 2877 2275 2945 ἡμῖν
2299 2878 2347 2928 οί
2377 2876 2550 2943 λόγοι,
2578 2876 2690 2929 ἀλλ’
2710 2878 2891 2929 ὅντινα
2920 2878 3024 2946 χρὴ
3050 2874 3249 2945 τρόπον
3272 2871 3703 2925 πεπιστειηιένα.ι⁸

2147 2970 2241 3021 καὶ
2290 2968 2395 3039 γὰρ
2453 2968 2604 3020 οὐδὲν
2649 2965 2801 3036 οἶμαι
2857 2967 3123 3020 τοσούτων
3163 2965 3347 3019 κακῶν
3382 2966 3402 2995 δ
3447 2963 3709 3032 ἀνθρώπῳ

2146 3060 2419 3128 γενέσθαι,
2468 3060 2590 3113 ὅσον
2644 3060 2751 3113 ἀπὸ
2792 3059 2897 3112 τῶν
2944 3059 3271 3125 ἀναγκαίων,
3308 3058 3504 3109 ὁπόταν
3546 3055 3707 3124 φευδῆ

477 3135 624 3189 enim
665 3134 870 3188 nullum
906 3131 1106 3185 homini
1135 3130 1353 3201 gravius
1383 3131 1583 3184 malum
1610 3130 1860 3185 accidere
1887 3145 2043 3200 posse

2147 3147 2273 3217 περὶ
2298 3147 2476 3200 αὐτῶν
2494 3146 2721 3214 δοξάζοι.
2749 3148 2848 3200 Ἴθι
2874 3143 2969 3201 οὖν
2990 3147 3284 3217 προθύμως
3316 3146 3451 3217 πρὸς
3484 3146 3550 3198 τὰ
3578 3147 3708 3215 ἐρω-

478 3235 632 3297 puto,
680 3240 843 3294 quam
896 3223 1222 3279 necessariis
1275 3238 1343 3277 ex
1388 3224 1571 3283 rebus.
1602 3237 1725 3275 cum
1757 3222 1947 3275 falsam
1978 3221 2045 3276 de

476 3318 585 3371 illis
616 3315 922 3385 opinionem
968 3313 1298 3383 conceperit.
1317 3312 1501 3366 Palam
1534 3314 1721 3382 igitur,
1754 3328 1959 3381 quaeso,
1992 3320 2047 3366 et

482 3408 739 3461 alacriter
792 3404 861 3458 ad
918 3405 1249 3474 interrogata
1309 3404 1675 3472 respondeas;
1727 3420 1789 3457 ac
1829 3404 1874 3456 si
1917 3402 2046 3472 quid

478 3499 669 3553 minus
705 3511 894 3550 verum
933 3494 1293 3565 proposuisse
1322 3494 1532 3558 videor,
1565 3494 1773 3562 majore
1804 3494 2048 3549 veritatis

481 3604 644 3659 quam
696 3588 801 3643 mei
850 3587 1030 3641 studio
1076 3586 1275 3639 ductus
1324 3586 1608 3656 redargue.
1641 3585 1773 3639 Nam
1801 3586 2047 3655 redargui

482 3682 683 3750 ipsum,
716 3692 879 3747 quam
919 3677 1083 3729 alium
1132 3676 1459 3746 redarguere
1498 3677 1655 3746 longe
1693 3678 2050 3732 excellentius

482 3785 605 3824 esse
654 3768 857 3822 bonum
907 3765 1142 3821 arbitror
1162 3806 1176 3826 ,
1209 3780 1318 3834 quo
1353 3765 1561 3820 scilicet
1593 3766 1769 3835 majus
1797 3776 1878 3821 est
1910 3767 2051 3821 malo

484 3861 665 3930 ipsum
689 3857 847 3928 eripi,
883 3872 1046 3927 quam
1078 3858 1214 3911 alios
1248 3857 1479 3926 eripere.
1508 3858 1621 3928 Age
1650 3858 1812 3928 igitur
1842 3859 2054 3915 collatis

483 3949 714 4003 invicem
763 3947 1128 4010 sermonibus,
1175 3947 1457 4003 videamus
1479 3949 1670 4017 ecquid
1709 3964 1739 4001 a
1777 3966 1835 4005 se
1866 3958 2053 4004 mutuo

483 4039 829 4097 dissentiant.
877 4036 997 4093 Non
1041 4040 1186 4093 enim
1245 4039 1381 4092 levia
1432 4047 1559 4095 sunt
1590 4040 1704 4107 illa,
1748 4040 1815 4095 de
1853 4041 2055 4111 quibus

485 4129 893 4193 contendimus,
928 4128 1023 4184 sed
1055 4128 1346 4197 ejusmodi,
1399 4137 1459 4183 ut
1512 4140 1566 4185 et
1602 4130 1693 4183 illa
1737 4132 1879 4186 scire
1918 4148 2055 4201 pra:-

485 4221 727 4277 stantius
769 4219 872 4284 sit,
925 4226 980 4274 et
1033 4219 1285 4288 ignorare
1334 4222 1734 4290 turpissimum.
1786 4221 1866 4276 Tu
1892 4224 2056 4292 igitur

484 4310 809 4364 reviviscere
831 4324 1031 4378 corpus
1056 4324 1161 4362 non
1190 4310 1473 4365 existimas
1503 4330 1515 4365 :
1550 4328 1649 4382 ego
1674 4329 1804 4368 vero
1834 4329 2051 4370 censeo.

486 4400 567 4454 Ita
595 4416 653 4456 se
703 4416 793 4456 res
844 4400 1027 4465 habet,
1087 4401 1284 4471 inquit,
1324 4418 1391 4456 ex
1435 4402 1521 4457 his
1567 4420 1687 4474 quze
1725 4415 1882 4461 antea
1917 4407 2051 4462 dixi.

2146 3238 2363 3306 τώμενα
2399 3239 2701 3307 ἁποσάφει·
2740 3240 2834 3291 καὶ
2874 3240 2967 3292 ἐάν
3002 3240 3053 3290 τί
3093 3256 3173 3291 σοι
3207 3238 3384 3304 λέγειν
3423 3236 3614 3307 ἀληθὲς
3640 3238 3706 3304 μὴ

2146 3328 2313 3391 δοκῶ,
2385 3330 2583 3400 μᾶλλον
2638 3332 2734 3401 τῆς
2784 3330 3036 3399 ἀληθείας
3106 3330 3395 3399 φροντίσας
3459 3328 3492 3397 ἦ
3552 3326 3705 3395 ἐμοῦ,

2149 3420 2382 3489 ἔλεγξον.
2438 3420 2637 3484 Μεῖζον
2696 3423 2804 3492 γὰρ
2863 3422 3066 3489 ἀγαθὸν
3125 3421 3186 3472 τὸ
3248 3420 3567 3489 ἐλεγχθῆναι
3624 3417 3707 3469 τοῦ

2148 3514 2362 3583 ἐλέγξαι
2401 3514 2632 3585 νομίξωο
2674 3516 2781 3584 ὅσῳ
2825 3514 3007 3583 μεῖζόν
3048 3514 3251 3565 ἔστιτὸ
3284 3514 3445 3565 αὐτὸν
3484 3511 3710 3563 ἀπαλλα-

2148 3605 2310 3673 γῆναι
2339 3604 2511 3656 κακοῦ
2554 3604 2646 3656 τοῦ
2699 3604 2853 3657 ἄλλον
2903 3603 3226 3666 ἀπαλλάξαι.
3272 3604 3406 3671 Φέρε
3442 3597 3556 3664 οὖν,
3592 3603 3707 3669 παρ’

2151 3694 2408 3765 ἀλλήλους
2434 3695 2455 3725 ⁸
2478 3695 2911 3765 παραϐάλλοντες
2940 3695 3065 3757 τοὺς
3097 3694 3304 3761 λόγους,
3336 3691 3699 3758 σκεπτὼνςὲα

2153 3789 2205 3840 εί
2226 3804 2278 3839 τι
2304 3787 2587 3839 διοίσουσιν
2615 3787 2878 3857 ἀλλήλων.
2912 3788 3017 3839 Καὶ
3062 3787 3170 3856 γὰρ
3208 3787 3467 3854 τυγχάνει
3501 3782 3627 3855 περὶ
3648 3778 3711 3833 ὡν

2152 3879 2602 3951 ἀμφισϐητοῦμεν
2630 3882 2690 3933 οὐ
2727 3882 2868 3934 πάνυ
2900 3880 3109 3946 σμικρά
3149 3880 3294 3941 ὄντα,
3324 3878 3465 3931 ἀλλὰ
3490 3878 3614 3945 περὶ
3648 3869 3710 3925 ὧν

2153 3972 2351 4024 εἰδέναι
2387 3988 2445 4024 τε
2476 3970 2711 4032 κάλλιον,
2749 3972 2822 4040 μὴ
2850 3971 3047 4025 εἰδέναι
3075 3987 3133 4022 τε
3160 3969 3406 4039 αἰσχρόν.
3432 3967 3636 4021 Οὐκοῦν
3658 3967 3709 4018 σὺ

2158 4063 2253 4132 μὲν
2275 4063 2335 4114 οὐ
2364 4061 2602 4131 νομίζεις
2630 4060 2922 4114 ἀναϐιῶναι
2967 4062 3027 4113 τὸ
3070 4060 3245 4130 σῶμα,
3280 4058 3487 4129 νομίζω
3514 4058 3568 4109 δὲ
3597 4055 3709 4124 ἐγώ.

2156 4152 2303 4204 Πάνυ
2354 4151 2452 4221 μὲν
2483 4148 2595 4217 οὖν,
2642 4151 2797 4221 ἔφην,
2839 4152 2931 4204 καὶ
2958 4151 3023 4204 δι’
3051 4150 3087 4204 ἃ
3132 4150 3349 4219 εἴρηκα.
3404 4150 3517 4201 Καὶ
3555 4148 3614 4200 σὺ
3643 4146 3711 4210 δὲ,

2153 4237 2221 4312 ἦν
2245 4242 2340 4312 μὲν
2375 4240 2506 4309 ἐγὼ,
2535 4242 2733 4311 δεσμὸν
2778 4243 2928 4304 αὐτὸ,
2973 4243 3067 4298 καὶ
3105 4240 3369 4309 φυλακὴν,
3423 4239 3517 4291 καὶ
3556 4238 3710 4307 σῆμα,

2156 4334 2250 4387 καὶ
2274 4333 2457 4403 ἄχθος,
2515 4336 2609 4389 καὶ
2646 4335 2810 4398 πέδας
2857 4334 2993 4390 εἶναι
3036 4335 3200 4405 ἔφης·
3227 4333 3336 4402 ἐγὼ
3380 4332 3439 4385 δὲ
3473 4334 3536 4385 οὐ
3568 4331 3712 4401 φημί.

2170 4424 2390 4495 Ἀληθῆ,
2417 4424 2539 4495 ἔφη,
2574 4427 2664 4495 μοὶ
2692 4426 2885 4494 λέγεις.
2921 4428 3028 4481 Καὶ
3068 4426 3172 4496 μὴν
3209 4425 3274 4477 δι’
3296 4424 3613 4487 ἀκολασίας,
3639 4423 3716 4474 καὶ

486 4491 776 4558 Praeterea,
814 4493 1057 4563 inquam,
1085 4494 1358 4547 vinculum
1392 4493 1531 4549 idem
1558 4510 1620 4549 ac
1650 4497 1974 4564 custodiam,
2004 4509 2044 4554 el

2161 4491 2386 4586 πλάνηξ,
2430 4491 2522 4569 at
2566 4491 2773 4587 λύπης,
2799 4520 2891 4571 και
2925 4491 3246 4587 seponas».
3284 4516 3587 4587 συλλήβδην
3626 4516 3715 4567 τῶν

486 4585 819 4653 sepulcrum,
846 4592 901 4637 et
924 4599 1061 4637 onus
1090 4598 1153 4659 ac
1177 4585 1393 4654 pedicas
1414 4601 1535 4641 esse
1562 4587 1779 4654 dixisti;
1805 4604 1903 4659 ego
1927 4604 2054 4645 vero

485 4690 595 4730 non
630 4675 919 4731 assentior.
946 4673 1102 4741 Vere,
1132 4676 1328 4746 inquit,
1361 4691 1392 4730 a
1422 4685 1474 4732 te
1513 4678 1614 4731 ista
1649 4679 1928 4735 dicuntur.
1972 4681 2055 4736 Ad

486 4765 602 4822 haec
659 4766 1116 4835 intemperantia,
1167 4781 1390 4831 errore,
1443 4768 1689 4831 tristitia,
1750 4770 2056 4839 iracundia,

486 4856 830 4925 ueterisque,
866 4860 926 4909 ut
956 4870 1064 4908 uno
1098 4856 1261 4910 verbo
1299 4855 1501 4920 dicam,
1537 4858 2058 4929 nmnibus,quorum

487 4954 551 5002 tu
619 4946 887 4998 malorum
952 4958 1176 4998 causam
1235 4945 1506 5001 sustinuere
1574 4962 1773 5016 corpus
1833 4951 2056 5014 asseris,

490 5035 684 5088 anima:
709 5035 775 5088 ad
801 5036 1020 5090 meliora
1051 5036 1309 5104 impetum
1339 5039 1624 5108 praepediri
1644 5040 1851 5107 dixisti,
1880 5054 2059 5109 neque

492 5126 673 5180 sinere
723 5140 822 5180 nos
876 5124 945 5180 ad
982 5140 1196 5191 eorum,
1228 5143 1348 5196 qua:
1386 5129 1563 5199 reipsa
1613 5140 1762 5195 sunt,
1808 5147 2057 5203 compre-

490 5215 808 5289 hensionem
858 5231 922 5270 ac
974 5217 1259 5272 scientiam
1296 5220 1597 5287 pervenire.
1631 5220 1857 5286 Quoties
1910 5225 2057 5279 enim

493 5321 685 5361 eorum
741 5321 863 5375 qua:
913 5315 1042 5361 sunt
1091 5308 1349 5379 indagare
1390 5310 1597 5381 aliquid
1630 5313 1902 5379 volumus,
1944 5323 2059 5369 tum

495 5398 690 5451 oborta
737 5396 913 5466 caligo
967 5398 1240 5453 mentibus
1269 5400 1484 5467 nostris
1523 5402 1777 5459 tenebras
1807 5404 2059 5473 ollundit,

495 5502 672 5557 neque
695 5486 977 5541 veritatem
1010 5487 1244 5551 dilucide
1277 5504 1307 5542 a
1342 5491 1503 5546 nobis
1536 5492 1801 5562 pervideri
1838 5496 2059 5564 patitur.

2160 4605 2333 4660 ἄλλων
2356 4608 2629 4672 ἁπάντων,
2655 4604 2728 4660 ὢν
2754 4604 2889 4661 εἶναι
2915 4609 3199 4678 παραίτιον
3218 4606 3349 4659 αὐτὸ
3370 4608 3560 4661 κακῶν
3578 4607 3714 4674 ἔφης,

2162 4696 2452 4766 ἐμποδίζον
2487 4699 2616 4768 ἡμῖν
2642 4698 2742 4769 τὴν
2774 4698 2910 4768 πρὸς
2947 4697 3005 4750 τὸ
3040 4697 3254 4750 κάλλιον
3297 4698 3476 4768 ὁρμὴν
3514 4698 3608 4766 τῆς
3633 4697 3713 4763 ψδ-

2156 4795 2278 4866 χῆς,
2315 4796 2389 4867 μὴ
2433 4797 2537 4850 ἐῶν
2566 4797 2657 4850 τὸν
2699 4798 2866 4861 ὅντως
2907 4798 3075 4850 ὄντων
3117 4800 3197 4860 είς
3241 4796 3548 4865 κατάληψιν
3590 4796 3715 4864 ἡμᾶς

2157 4898 2251 4951 xai.
2283 4898 2483 4967 γνῶσιν
2518 4898 2826 4970 παρελθεῖν.
2868 4897 2985 4951 Κᾶν
3016 4898 3124 4969 γὰρ
3168 4898 3603 4966 ἐπιχειρήσωμεν
3632 4893 3715 4960 θη·

2158 5001 2427 5073 ρεῦσαίςτι
2450 5001 2558 5054 τῶν
2582 5002 2768 5063 ὄντων,
2808 5000 2895 5069 ἀεὶ
2932 5000 3333 5071 παρεμπίπτων
3386 4998 3548 5066 ζόφος
3581 4996 3717 5063 ζοφεί

2156 5101 2245 5153 τὸν
2269 5101 2542 5172 λογισμὸν,
2602 5101 2672 5173 μὴ
2704 5101 3013 5171 ἐπιτρέπων
3062 5101 3212 5171 ἡμᾶς
3266 5099 3634 5167 ὲπισκοπῆσαι
3669 5096 3715 5145 τὺ

2155 5201 2351 5273 ἀληθὲς
2380 5203 2611 5274 τρανῶς.
2656 5205 2895 5273 ’Λπάτης
2924 5200 3034 5272 γὰρ
3063 5202 3095 5270 ἡ
3134 5200 3221 5253 διὰ
3258 5199 3367 5251 τῶν
3400 5198 3555 5250 ὢτων
3579 5196 3715 5266 ἡμῶν

2158 5303 2511 5375 πεπλήρωται
2550 5304 2759 5375 σκέψις,
2800 5303 2873 5367 ὡς
2914 5303 3078 5374 ἔφηςο
3110 5302 3325 5369 ἀπάτης
3368 5299 3423 5351 δέ
3471 5296 3717 5366 καὶὴδά

2157 5402 2255 5471 τῆς
2287 5402 2479 5471 ὅψεως,
2509 5404 2722 5477 ἀπάτης
2764 5405 2817 5458 δὲ
2864 5405 2957 5459 καὶ
2997 5406 3028 5474 ἡ
3066 5402 3153 5455 διὰ
3201 5400 3309 5454 τῶν
3348 5399 3526 5453 ἄλλων
3551 5395 3710 5463 alain;-

2126 5504 2319 5557 ’σεων.
2362 5504 2557 5576 Ὁρᾷς,
2601 5506 2740 5577 ἔφη,
2788 5499 2832 5561 ὦ
2874 5505 3165 5571 Εὑϐούλιε,
3211 5504 3287 5569 ὡς
3344 5503 3457 5572 ἐγὼ
3523 5498 3711 5564 ἕτοιμάς

566 5610 582 5637 ¹
611 5607 775 5699 μοι).
809 5606 1108 5699 ἑθέξᾉς
1144 5606 1289 5665 Psal.
1320 5627 1444 5678 nv,
1474 5612 1525 5667 7.
1566 5614 1586 5644 ³
1648 5612 1761 5671 Nisi
1811 5616 1903 5669 καὶ
1948 5615 2044 5689 τὴν

2146 5640 2248 5694 ρκα
2298 5626 2465 5698 legas,
2512 5638 2913 5699 supervacanea
2972 5626 3074 5683 ista
3128 5634 3281 5681 sunt.
3366 5634 3388 5659 ⁵
3427 5626 3489 5685 F.
3517 5626 3709 5683 τοσοῦτο

499 5678 686 5731 κακόν.
724 5679 746 5709 ⁵
808 5675 870 5731 F.
895 5675 1163 5748 ἀλλήλοις.
