3822 6318
81 296 187 352 ΗΜ

713 293 1083 351 ADVERSUS
1121 294 1463 352 HAERESES
1501 294 1628 351 LIB.
1671 294 1733 349 ll.
1775 293 1939 351 TOM.
1982 294 2020 349 l.
2062 321 2133 334 ·-·-
2167 290 2443 347 il/ERES.
2483 290 2672 347 LXIV.

3187 293 3331 348 “42

76 411 173 485 εἰμί
207 430 271 465 σε
329 410 595 475 ἐπαινεῖν,
623 410 818 464 ὁπόταν
859 412 1034 483 ὀρθῶς
1076 415 1346 484 διασαφῇς
1388 414 1515 479 τοὺς
1556 414 1647 467 λό-

1776 410 1886 465 la‘m
1920 419 1974 466 et
2005 426 2067 466 ea
2100 409 2401 481 perceptio,
2435 423 2557 472 quae
2595 407 2654 461 fit
2698 407 2950 473 auribus,
3010 408 3329 478 plenisslma
3364 470 3365 475 η

78 521 185 572 τους
209 522 225 570 ;

1757 504 1985 557 fallaciae
2018 510 2130 569 est;
2164 501 2329 572 568
2378 500 2542 554 fallax
2590 499 2719 553 item
2751 513 2872 567 quae
2909 500 3082 554 oculis
3117 515 3180 554 ac
3209 503 3330 556 reli-

77 600 179 666 quis
223 597 459 651 omnino
502 598 757 653 sensibus
793 597 1047 653 efficitur.
1078 599 1263 666 Vides,
1318 598 1536 671 inquit,
1567 598 1796 664 Eubuli,
1849 614 2011 669 quam
2058 612 2157 668 ego
2202 598 2309 651 sim
2356 596 2410 649 in
2464 594 2545 649 tui
2586 592 2955 649 laudationem
3000 609 3328 666 propensus,

77 704 181 744 Cum
213 699 409 760 aperte
434 689 805 761 distincteque
832 690 1073 761 loqueris
1096 692 1120 744 ?

133 781 261 833 MA’.
305 782 450 850 Ἄρα
478 775 592 842 οὖν,
626 780 711 834 ἵνα
749 781 811 849 δή
851 799 917 851 με
954 782 1047 835 καὶ
1080 782 1277 852 μᾶλλον
1320 784 1648 848 ἐπαινέσεις,

77 875 114 926 εἰ
144 874 347 942 δεσμὸς
384 872 445 925 τὸ
484 872 642 943 σῶμα
680 872 802 926 καθ’
833 872 979 943 ὑμᾶς
1007 873 1173 937 δοκεῖ,
1215 875 1275 926 ού
1315 874 1535 928 δύναται
1560 893 1653 928 κα-

76 966 181 1027 κίας
215 964 471 1017 ὑπαίτιον
501 960 641 1017 εἶναι
672 963 987 1034 νομίζεσθαι
1014 968 1078 1035 τῇ
1109 964 1276 1037 ψυχῇ,
1313 966 1405 1019 καὶ
1445 966 1655 1029 ἀδικίας

78 1057 159 1115 ἔτι,
198 1054 343 1107 ἀλλὰ
404 1053 760 1125 σωφροσύνης
818 1056 1189 1126 ἀντιστρόφως
1237 1056 1330 1109 καὶ
1384 1056 1652 1119 παιδείας.

76 1143 183 1198 Ὧδε
206 1147 266 1199 δὲ
303 1145 519 1199 σκόπει.
545 1145 701 1199 Οὕτω
724 1145 831 1219 γὰρ
873 1146 939 1199 ἂν
980 1146 1179 1217 μᾶλλον
1217 1147 1653 1219 ἀκολουθήσειας.

77 1239 162 1289 Ποῖ
198 1238 413 1308 ἄγομεν
458 1237 587 1299 τοὺς
628 1237 699 1290 τὰ
738 1235 967 1307 σώματα
1017 1237 1354 1307 κάμνοντας;
1394 1240 1468 1291 Οὐ
1506 1237 1656 1309 παρά

76 1333 185 1391 τοὺς
213 1328 473 1400 ἱατρούς;
501 1328 688 1399 Δῆλον,
716 1328 840 1399 ἔφη.
869 1330 967 1381 Ποῖ
990 1330 1044 1382 δὲ
1064 1330 1189 1393 τοὺς
1216 1330 1652 1400 ἁμαρτάνοντας;

76 1422 141 1476 Ού
170 1422 329 1493 παρά
362 1422 491 1484 τοὺς
516 1421 811 1483 δικαστάςς
854 1421 1116 1492 Ἀνάγκη.
1145 1421 1355 1476 Οὐκοῦν
1393 1421 1547 1491 δίκην
1580 1416 1655 1475 ὧν

77 1516 300 1586 ἔδρασαν
329 1512 625 1578 δώσοντας,
672 1512 831 1583 ἔφην,
867 1512 1120 1577 δικαίως;
1173 1512 1301 1567 Ναί.
1355 1513 1429 1567 Τὸ
1476 1514 1534 1567 δὲ
1579 1512 1657 1567 δί-

78 1624 219 1659 καιον
252 1607 366 1659 πᾶν
408 1604 608 1666 καλόν;
649 1603 949 1674 Ὁμολογεῖ.
989 1603 1049 1657 ὐ
1095 1603 1151 1657 δὲ
1196 1604 1418 1667 δικαίως
1457 1604 1656 1675 κρίνων

1829 777 2013 833 XLIV.
2056 777 2127 833 Ut
2174 778 2358 849 igitur,
2396 776 2640 847 inquam,
2680 792 2773 833 me
2807 777 3108 846 impensius
3133 779 3333 832 collauo

1757 870 1854 925 des
1890 888 1903 924 :
1934 869 1979 925 si
2024 884 2223 939 corpus
2250 867 2523 938 quoddam
2549 865 2808 935 opinione
2840 874 3023 921 vestra
3056 866 3335 920 vinculum

1753 969 1867 1027 est,
1914 978 2024 1016 non
2063 969 2243 1032 potest
2288 960 2482 1014 animm
2535 958 2901 1028 improbitatis
2942 967 2997 1013 et
3049 959 3335 1027 iniustitiae

1759 1056 1942 1124 aliquo
1974 1055 2135 1108 modo
2187 1067 2308 1108 esse
2355 1065 2520 1106 causa
2566 1049 2775 1114 videri,
2827 1050 2922 1104 sed
2973 1066 3003 1105 e
3054 1049 3337 1105 contrario

1755 1146 2128 1214 temperantia:
2198 1152 2361 1213 atque
2413 1143 2738 1213 disciplinas.
2772 1142 2889 1196 «Sic
2941 1149 3123 1196 autem
3186 1140 3334 1195 istud

1756 1239 1933 1309 ipsum
1958 1237 2270 1301 considera,
2307 1250 2418 1306 quo
2446 1238 2621 1307 magis
2650 1234 2783 1305 quid
2823 1234 2984 1290 velim
3010 1246 3333 1303 assequare.

1753 1330 1856 1397 Qui
1908 1330 2073 1401 igitur
2107 1329 2355 1398 corporis
2392 1328 2712 1399 aegritudine
2753 1327 3035 1393 laborant,
3078 1340 3186 1395 quo
3212 1331 3335 1377 tan~

1754 1427 1876 1481 dem
1927 1424 2291 1479 deducimus?
2344 1421 2539 1493 Nonne
2596 1422 2663 1477 ad
2723 1422 3008 1479 medicos?
3069 1426 3330 1492 Apparet,

1754 1516 1949 1586 inquit.
1985 1516 2234 1582 Quonam
2258 1529 2388 1570 vero
2419 1530 2536 1579 eos,
2581 1516 2675 1585 qui
2715 1514 3104 1585 peccaverint?
3140 1512 3333 1567 Nonne

1757 1609 1822 1664 ad
1854 1608 2110 1677 iudices?
2141 1605 2379 1663 Necesse
2410 1614 2517 1671 est,
2549 1606 2641 1660 ait.
2662 1604 2956 1669 Nimirum,
2996 1604 3240 1673 inquam,
3274 1610 3333 1656 ut

77 1699 249 1762 καλῶς
290 1701 482 1752 ποιεῖ’
531 1695 757 1761 δικαίως
800 1695 909 1767 γὰρ
954 1694 1160 1765 κρίνει;
1212 1695 1445 1766 Συνέφη.
1475 1687 1548 1748 Τὸ
1599 1694 1657 1748 δὲ

1776 1714 1861 1769 πο
1892 1699 1958 1754 iis
1996 1713 2117 1768 quae
2154 1696 2539 1753 commiserint
2566 1695 2716 1765 juste
2747 1694 3082 1765 puniantur?
3113 1690 3334 1746 Fateor.

76 1792 228 1844 καλὸν
257 1790 533 1860 ὠφέλιμον
565 1789 835 1858 φαίνεται.
875 1786 1220 1856 Ὠφελοῦνται
1252 1787 1361 1857 ἄρα
1390 1789 1438 1839 οἱ
1476 1785 1654 1857 κρινό-

80 1903 245 1956 μενοι.
286 1886 616 1955 Ἀναιρεῖται
656 1882 764 1953 γὰρ
793 1881 971 1935 αὐτῶν
1013 1882 1134 1943 ταῖς
1184 1879 1435 1949 βασάνοις
1470 1881 1502 1949 ἡ
1554 1894 1653 1930 πο·

75 1978 230 2047 νηρία
273 1974 619 2045 κωλυομένη,
666 1973 917 2043 καθάπερ
967 1972 1061 2024 καὶ
1115 1971 1252 2042 πρὸς
1301 1969 1408 2025 τῶν
1456 1968 1656 2039 ἰατρῶν

76 2072 265 2140 τομαῖς
293 2069 391 2122 καὶ
440 2068 751 2137 φαρμάκοις
795 2066 851 2118 αἱ
905 2065 1070 2117 νόσοι.
1127 2063 1199 2116 Τὸ
1231 2062 1340 2131 γὰρ
1372 2060 1657 2116 ἀδικοῦντα

73 2164 270 2217 διδόναι
298 2162 479 2231 δίκην,
499 2157 927 2229 ἐπανορθοῦσθαι
957 2157 1055 2228 τὴν
1075 2155 1247 2226 ψυχήν
1271 2156 1407 2217 ἐστι,
1431 2153 1530 2223 τὴν
1561 2168 1657 2223 με-

76 2257 245 2325 γάλην
274 2254 432 2307 νόσον
460 2250 674 2306 ἀδικίαν
724 2249 1116 2303 ἀποϐάλλοντα.
1159 2245 1459 2317 Ὠμολόγει.
1492 2243 1556 2296 Τί
1581 2242 1657 2305 δὲ,

74 2349 131 2401 οὐ
162 2345 309 2400 κατά
340 2343 623 2412 ἀναλογίαν
664 2341 774 2395 τῶν
805 2338 1237 2412 ἁμαρτηθέντων
1283 2336 1380 2399 τὰς
1413 2333 1662 2396 κολάσεις

74 2446 181 2505 τοῖς
204 2439 591 2507 κολαζομένοις
627 2434 850 2497 δικαίως
892 2430 1294 2505 προσφέρεσθαι
1328 2429 1455 2498 φῂς,
1492 2424 1661 2479 καθά-

77 2553 180 2608 περ
231 2534 330 2588 καὶ
374 2534 487 2595 τοῖς
545 2528 951 2601 ἰατρευομένοις
1012 2524 1154 2579 κατά
1215 2522 1503 2590 ἀναλογίαν
1554 2518 1665 2572 τῶν

76 2626 410 2697 τραυμάτων
446 2623 545 2686 τὰς
593 2620 978 2693 χειρουργίας;
1017 2617 1355 2670 Ἐπένευσεν.
1398 2611 1607 2667 Οὐκοῦν
1637 2612 1666 2664 6

80 2721 176 2792 μὲν
222 2718 457 2771 θανάτου
515 2715 721 2786 δράσας
772 2713 897 2777 ἄξια
942 2712 1168 2781 τιμᾶται
1207 2707 1421 2777 θανάτῳ
1466 2705 1565 2776 τὴν
1591 2703 1668 2757 δί-

78 2830 204 2881 κην,
241 2812 269 2863 6
311 2809 368 2861 δὲ
403 2805 627 2877 πληγῶν
681 2804 946 2874 πληγαῖς,
996 2804 1025 2854 ὁ
1072 2800 1130 2853 δὲ
1176 2798 1390 2869 δεσμῶν
1428 2796 1665 2865 δεσμοῖς.

91 2902 396 2974 Ὡμολόγει.
434 2896 735 2970 Ζημιοῦται
777 2896 834 2948 δὲ
871 2897 899 2947 ὁ
930 2892 1191 2964 ὀφλήσας,
1231 2890 1387 2961 ἔφην,
1427 2888 1667 2957 δεσμοῖς,

78 2995 112 3066 ἦ
151 2992 414 3063 πληγαῖς,
448 2989 481 3060 ἢ
514 2988 648 3058 ἄλλῃ
676 2985 783 3040 τινὶ
811 2983 1031 3054 τοιαύτῃ
1059 2981 1319 3052 τιμωρίᾳ,
1358 2980 1506 3041 ὅπως
1532 2974 1675 3029 παύ-

1753 1790 1966 1845 Justum
2010 1803 2181 1860 porro
2230 1802 2393 1843 omne
2436 1789 2637 1842 bonum
2682 1793 2844 1857 atque
2887 1785 3177 1840 honestum
3212 1782 3338 1839 est?

1754 1882 2028 1937 Assensus
2087 1887 2191 1935 est.
2243 1877 2365 1932 Jam
2422 1878 2512 1948 qui
2564 1878 2712 1948 juste
2767 1876 3001 1946 judicat,
3065 1875 3328 1945 praeclare

1759 1971 1929 2039 facit;
1983 1977 2132 2026 recte
2188 1970 2336 2025 enim
2403 1969 2661 2040 iudicat?
2717 1966 2835 2022 Non
2881 1967 3119 2037 negavit.
3180 1963 3339 2031 Quod

1761 2075 1943 2119 autem
1969 2063 2172 2117 bonum
2203 2070 2309 2127 est,
2358 2062 2520 2117 etiam
2574 2060 2707 2114 utile
2746 2059 2982 2115 videtur.
3026 2057 3209 2124 Quare
3246 2056 3341 2127 qui

1755 2156 2075 2224 iudicantur
2125 2154 2415 2208 utilitatem
2463 2153 2729 2223 capiunt:
2766 2152 2962 2205 horum
3014 2148 3216 2219 quippe
3265 2161 3345 2201 re-

1763 2260 1949 2316 pressa
1989 2245 2231 2315 nequitia
2288 2244 2627 2299 cruciatibus
2668 2242 2937 2305 evellitur,
2972 2248 3090 2295 uta
3117 2238 3345 2294 medicis

1764 2338 2102 2394 sectionibus
2143 2352 2208 2392 ac
2248 2336 2669 2391 medicamentis
2711 2333 3102 2404 aegrotationes
3145 2331 3346 2385 tollun-

1765 2440 1873 2487 tur.
1938 2429 2152 2484 Etenim
2220 2443 2345 2483 eum
2404 2428 2498 2497 qui
2552 2425 2811 2494 injuriam
2875 2423 3089 2487 fecerit,
3150 2435 3345 2489 poenas

1766 2524 1936 2586 luere,
1974 2521 2117 2576 idem
2156 2527 2241 2576 est
2283 2527 2451 2590 atque
2501 2518 2685 2572 animo
2723 2515 2947 2586 corrigi,
2975 2523 3029 2568 et
3066 2514 3345 2583 ingentem

1767 2616 2040 2678 morbum,
2084 2614 2187 2667 hoc
2211 2618 2296 2667 est
2324 2609 2673 2680 iniustitiam,
2702 2606 2998 2676 deponere.
3040 2601 3160 2658 Non
3202 2602 3344 2656 ditii-

1769 2709 2003 2764 tebatur.
2033 2704 2175 2773 Quid
2222 2712 2336 2759 tum
2387 2702 2610 2773 postea?
2660 2699 2857 2754 Annon
2900 2712 3001 2769 pro
3045 2695 3230 2751 delicti
3264 2709 3352 2747 ra-

1770 2801 1938 2863 tione,
1967 2799 2092 2868 jure
2142 2797 2211 2853 iis
2262 2794 2354 2866 qui
2397 2793 2705 2865 puniuntur
2733 2790 2900 2860 infligi
2934 2802 3128 2859 poenas
3155 2786 3348 2841 existi-

1771 2905 1910 2954 mas,
1942 2904 2052 2943 non
2081 2887 2242 2943 aliter
2267 2894 2428 2955 atque
2449 2883 2669 2953 egrotis
2694 2895 2791 2951 pro
2817 2880 3104 2934 vulnerum
3136 2877 3353 2931 ratione

1773 2980 1984 3035 medica
2032 2993 2230 3032 manus
2269 2974 2598 3031 adhibetur?
2639 2973 2847 3026 Annuit
2887 2970 2998 3024 ille.
3048 2967 3214 3039 Igitur
3253 2966 3349 3035 qui

80 3049 595 3158 σηταιμμεταγνοὺς
623 3049 648 3058 Π
668 3076 764 3131 τοῦ
816 3049 1038 3141 ἀδικεῖν,
1092 3049 1246 3138 ξύλον
1277 3049 1548 3141 καθάπερ
1591 3068 1671 3122 δι-

1778 3082 1959 3127 morte
1990 3070 2151 3141 digna
2179 3065 2552 3130 commiserit,’
2573 3072 2878 3119 extremum
2923 3062 2978 3115 in
3022 3061 3175 3115 illum
3224 3074 3347 3128 sup-

78 3177 463 3250 εστραμμένον
534 3172 786 3243 βασάνοις
836 3167 1230 3237 εὐθυνόμενος;
1276 3162 1673 3234 Ἀληθέστατα,

82 3273 213 3342 ἔφη,
242 3269 444 3335 λέγεις.
469 3265 803 3335 Τιμωρεῖται
833 3261 941 3330 γὰρ
980 3257 1139 3312 αὐτὸν
1166 3256 1227 3309 ού
1249 3255 1343 3308 τοῦ
1375 3251 1675 3324 παρεληλυ-

80 3364 236 3426 θότος
267 3360 615 3428 ἐγκλήματος
654 3356 817 3407 ἕνεκα
860 3355 888 3405 ὁ
919 3348 1199 3418 δικαστὴς,
1243 3346 1377 3399 ἀλλὰ
1411 3346 1504 3398 τού
1549 3343 1677 3415 μέλ-

79 3458 291 3516 λοντος,
321 3454 470 3513 ὅπως
500 3448 573 3519 μὴ
605 3446 698 3499 καὶ
731 3441 888 3506 αὖθις
934 3444 1085 3512 ποιῇ.
1122 3438 1292 3492 Τοῦτο
1341 3437 1521 3507 δῆλον,
1548 3435 1671 3505 ἔφη.

92 3552 156 3603 ὐ
195 3548 309 3618 γὰρ
333 3543 530 3613 δεσμὸς
558 3538 706 3609 αὑτῷ
753 3536 910 3606 δῆλον
953 3534 1028 3597 ὡς
1056 3533 1152 3603 τὴν
1200 3529 1337 3601 πρὸς
1376 3528 1437 3581 τὸ
1464 3527 1670 3581 ἀδικεῖν

82 3640 263 3712 ὁρμὴν
289 3637 523 3705 ἀναιρεῖ,
547 3633 620 3704 μὴ
647 3627 955 3699 ἐπιτρέπων
981 3626 1152 3677 ποιεῖν
1177 3622 1212 3675 ἃ
1235 3620 1395 3673 θέλει.
1427 3616 1669 3689 Ἀληθές.

1782 3165 2005 3237 plicium
2059 3160 2397 3217 decernitur.
2455 3158 2559 3223 Qui
2614 3157 2843 3211 verbera
2896 3152 3198 3217 meruerit,
3257 3160 3353 3204 aut

1771 3255 2010 3319 vincula,
2078 3251 2419 3315 verberibus,
2474 3255 2568 3303 aut
2613 3247 2849 3303 vinculis
2878 3255 3182 3301 coercetur.
3226 3242 3355 3296 Hae

1774 3346 1865 3401 ille
1914 3345 2098 3400 fassus
2134 3349 2238 3399 est.
2271 3342 2408 3395 Tum
2440 3355 2545 3412 ego
2578 3358 2592 3393 :
2627 3338 2836 3394 Vinclis
2868 3338 3073 3408 itaque,
3112 3336 3355 3391 verberi-

1775 3436 1901 3497 bus,
1957 3445 2121 3504 atque
2175 3433 2231 3487 id
2282 3446 2455 3502 genus
2498 3429 2786 3501 suppliciis
2826 3429 2917 3498 qui
2942 3428 3230 3483 convictus
3265 3432 3352 3482 est

1769 3526 2021 3590 afﬁcitur,
2066 3532 2125 3579 ut
2163 3524 2233 3579 ab
2261 3522 2560 3579 sceleribus
2611 3521 2725 3578 suis
2772 3522 3092 3591 resipiscat,
3145 3536 3208 3574 ac
3246 3519 3350 3584 sic,

1772 3625 2030 3688 tanquam
2072 3614 2365 3670 distortum
2416 3612 2648 3682 lignum,
2706 3610 2994 3664 tormentis
3034 3608 3347 3678 corrigitur.

84 3699 303 3786 όὺικοῦν
347 3699 734 3798 εἴργεται-τού
782 3717 1134 3790 ἁμαρτάνειν,
1191 3713 1300 3768 τῶν
1341 3709 1553 3782 δεσμῶν
1601 3708 1673 3780 μὴ

1776 3708 2075 3764 Verissime
2105 3706 2159 3760 id
2190 3704 2410 3775 quidem
2445 3717 2659 3768 narras,
2692 3701 2889 3772 inquit.
2914 3700 3033 3754 Non
3070 3709 3179 3754 tam
3208 3699 3355 3754 enim

88 3822 313 3876 ἐώντων
345 3789 788 3886 ἐλεύθεριάζοντα
839 3806 1074 3879 χρῆσθαι
1120 3807 1241 3868 ταῖς
1275 3804 1508 3873 ἡδοναῖς,
1542 3799 1673 3852 ἀλλὰ

1776 3800 1846 3853 ob
1876 3797 2217 3868 praeteritum
2244 3795 2476 3859 crimen,
2513 3808 2674 3863 quam
2712 3792 2878 3845 futuri
2908 3789 3134 3847 cavendi
3160 3791 3357 3860 gratia,

90 3912 514 3972 συστελλόντων,
540 3907 633 3959 καὶ
672 3902 734 3956 τὸ
770 3902 974 3957 δίκαιον
1001 3898 1355 3952 διδασκόντων
1378 3895 1541 3963 τιμᾷν
1566 3889 1673 3944 ἐστ’

1780 3890 1942 3961 judex
2002 3889 2057 3943 in
2123 3887 2277 3940 illum
2360 3882 2768 3938 animadvertit.
2825 3883 3099 3952 Apparet,
3159 3883 3358 3952 inquit.

90 4008 162 4060 ἂν
214 3970 514 4071 άπομάθῃὲ
565 3991 974 4062 νουθετούμενος
1026 3988 1343 4057 σωφρονεῖν.
1391 3982 1673 4045 Φαίνεται,

1785 3980 1996 4049 Quippe
2032 3976 2250 4030 vincula
2299 3973 2445 4027 illius
2485 3972 2552 4025 ad
2604 3971 2847 4023 facinora
2890 3972 3151 4040 impetum
3188 3970 3360 4038 repri-

91 4100 224 4169 ἑφη.
332 4061 344 4071 ⁹
450 4061 476 4069 η
802 4061 828 4132 ζ
1788 4077 1981 4134 munt,
2040 4068 2167 4122 dum
2222 4079 2343 4136 quae
2389 4064 2520 4119 velit
2567 4077 2666 4133 pro
2728 4062 2957 4116 arbitrio
3016 4061 3193 4115 facere
3246 4077 3358 4115 non

94 4151 448 4265 permittunt.
500 4182 669 4237 Recte
725 4177 969 4234 omnino.
1028 4174 1169 4245 Ergo
1216 4187 1248 4226 a
1292 4165 1569 4241 peccando
1631 4164 1982 4236 prohibetur,
2039 4159 2184 4232 quod
2250 4172 2375 4213 eum
2433 4155 2649 4210 vincula
2699 4153 2869 4209 libere
2946 4153 3004 4207 in
3050 4151 3360 4220 voluptates

97 4245 438 4357 praeipitem
467 4276 593 4333 ferri
616 4274 925 4346 prohibent,
960 4269 1057 4327 sed
1106 4270 1463 4337 compescunt
1516 4260 1723 4332 potius,
1782 4273 1847 4313 ac
1889 4257 2156 4327 justitiam
2217 4254 2398 4309 colere
2447 4252 2785 4321 perdocent,
2846 4248 3022 4304 donec
3082 4245 3359 4316 ejusmodi

98 4353 466 4449 castigatione
512 4370 931 4443 temperantiam
982 4364 1288 4422 condiscat.
1328 4361 1431 4425 Ita,
1477 4357 1677 4429 inquit,
1719 4353 1961 4410 videtur.

560 4427 846 4536 παιραίτιος
867 4465 893 4516 6
914 4460 1107 4531 δεσμὸς
1127 4459 1370 4529 γίγνεται
1395 4453 1488 4508 τοῦ
1514 4427 1673 4523 πλημ·

1863 4449 1981 4503 Non
2023 4445 2189 4517 igitur
2230 4440 2440 4513 peccati
2474 4438 2638 4511 569
2669 4451 2894 4492 oausam
2927 4431 3147 4490 vincula
3194 4427 3365 4484 susti-

106 4566 315 4638 μελεῖν,
344 4562 418 4625 ὡς
445 4560 606 4613 ἔοικε.
632 4553 961 4625 Σωφρονίξει
988 4550 1117 4620 γὰρ,
1144 4549 1237 4603 καὶ
1266 4548 1409 4601 ποιεῖ
1435 4543 1691 4598 δικαιοτέ-

111 4634 239 4731 ρους
282 4653 722 4723 ἀλεξιφάρμακον
770 4646 846 4699 ὢν
881 4644 1086 4715 ψυχῆς,
1133 4639 1401 4711 αὐστηρὸν
1455 4638 1551 4707 μὲν
1595 4634 1691 4688 καὶ⁵

107 4726 386 4823 δηκτικὸν,
423 4744 560 4815 ἀλλὰ
603 4740 829 4795 ίατικόν.
870 4737 1060 4807 Δῆλον,
1099 4733 1225 4804 ἔφη.
1266 4732 1331 4784 Τί
1372 4730 1517 4801 γάρ;
1557 4726 1690 4797 φέρε

109 4817 223 4916 γάρ
260 4838 603 4908 ἐξετάζωμεν
631 4834 791 4888 πάλιν
829 4830 898 4884 τὰ
932 4826 1262 4916 ἔμπροσθεν.
1304 4824 1378 4877 Οὐ
1405 4820 1604 4892 δεσμὸν
1631 4817 1694 4870 τὸ

115 4910 281 5005 σῶμα
311 4932 399 4985 διὰ
428 4930 526 5001 τὴν
566 4924 876 4997 παράϐασιν
912 4920 1148 4979 δέδωκας
1179 4910 1317 4968 εἶναι
1352 4912 1448 5005 τῆς
1479 4910 1692 4980 ψυχῆς

113 5000 229 5084 Καὶ
268 5000 489 5092 δίδωμι,
526 5019 650 5088 εφη.
706 5012 1065 5085 Ἀμαρτάνειν
1116 5006 1173 5061 δὲ
1214 5006 1313 5076 τὴν
1350 5003 1524 5092 ψυχὴν
1561 5000 1700 5092 μετά

117 5089 586 5183 σώματος,νεῖπερ
609 5103 669 5157 τὸ
700 5098 1011 5173 μοιχᾶσθαι,
1048 5095 1294 5166 φονεύειν
1325 5109 1383 5144 τε
1444 5089 1536 5142 καὶ
1570 5089 1697 5140 ἀσε-

118 5179 237 5260 6εῖν
267 5201 513 5274 ἁμαρτία
542 5215 623 5251 σοι
652 5196 821 5256 δοκεῖ,
853 5192 889 5247 ἃ
923 5190 1059 5262 μετὰ
1096 5188 1190 5242 τοῦ
1225 5188 1473 5257 σώματος
1497 5184 1529 5253 ἡ
1554 5179 1700 5251 ψυχὴ

120 5300 305 5361 notet;
353 5293 692 5347 Ἐπένευσεν.
733 5285 892 5340 Ἀλλὰ
924 5284 1013 5339 τὸν
1035 5280 1318 5351 δεσμώτην
1345 5274 1702 5347 ὡμολογήσαα

124 5402 226 5457 μεν
295 5385 370 5455 μὴ
425 5379 683 5434 δύνασθαι
737 5378 981 5440 ἀδικεῖν;
1047 5370 1520 5443 Ὠμολογήσαμεν,
1571 5364 1696 5434 ἔφη.

121 5456 450 5535 κωλύεσθαι
490 5474 547 5529 δὲ
586 5470 946 5541 ἁλγυνόμενον
991 5461 1093 5518 ὑπὸ
1131 5462 1240 5517 τῶν
1286 5459 1528 5531 δεσμῶνς
1572 5456 1699 5511 Ναί.

125 5571 350 5641 Δεσμδς,
392 5569 449 5622 δὲ
486 5570 519 5639 ἠ
579 5564 712 5632 σὰρξ
752 5563 850 5634 τῆς
896 5559 1110 5631 ψυχῆς
1157 5554 1492 5608 Ἐπένευσεν.
1541 5545 1701 5601 Ἀλλά

129 5640 522 5734 ἁμαρτάνομεν
561 5659 709 5719 ὄντες
751 5656 807 5707 ὲν
845 5651 1027 5721 σαρκὶ,
1066 5643 1421 5717 ὀμοδοξούσης
1461 5642 1595 5734 ημῖν
1626 5640 1703 5701 εἰς

129 5732 297 5816 τοῦτο
327 5753 424 5825 τῆς
456 5748 693 5821 σαρκός;
739 5740 1170 5815 Ἀμαρτάνομεν,
1205 5736 1328 5806 ἔφη.
1372 5735 1429 5786 '0
1454 5732 1509 5786 δὲ
1540 5747 1705 5784 πεπε-

1789 4557 1921 4598 nere
1947 4540 2223 4601 videntur,
2257 4534 2350 4589 sed
2384 4534 2498 4587 haec
2522 4531 2704 4602 potius
2729 4528 2795 4581 ad
2816 4525 3055 4580 ofﬁcium
3079 4526 3362 4585 revocant,

1791 4648 1854 4687 ac
1877 4631 2137 4702 justiores
2166 4626 2405 4682 eﬂiciunt
2427 4664 2440 4689 ,
2474 4638 2595 4677 cum
2630 4620 2775 4675 velut
2813 4614 3134 4687 praesidiarii
3176 4613 3367 4680 cujus-

1794 4724 1921 4778 dam
1968 4717 2352 4776 medicatnenti
2378 4715 2499 4769 loco
2526 4712 2670 4777 sint;
2697 4707 2903 4764 austeri
2938 4704 3157 4776 quidem
3195 4703 3364 4763 illius,

1795 4829 1859 4869 ac
1882 4810 2176 4875 mordacis,
2207 4809 2299 4864 sed
2332 4815 2513 4860 tamen
2539 4797 2972 4874 praesentissimi.
3007 4794 3368 4864 Perspicuum

1796 4906 1934 4963 illud
1971 4913 2076 4970 est,
2134 4901 2332 4969 inquit.
2374 4896 2514 4964 Quid
2564 4893 2766 4965 porro?
2801 4906 2920 4962 age,
2976 4903 3196 4944 rursum
3249 4900 3373 4956 qum

1798 4996 2052 5070 superius
2090 4995 2267 5064 posita
2318 4996 2446 5047 sunt
2495 4986 2892 5057 expendamus.
2926 4979 3048 5036 Non
3076 4988 3131 5034 tu
3171 4993 3371 5049 corpus

1796 5090 1865 5144 ob
1914 5087 2194 5148 delictum,
2244 5080 2517 5151 quoddam
2571 5078 2766 5132 animae
2806 5072 3088 5127 vinculum
3115 5086 3236 5126 esse
3268 5078 3377 5124 sta.

1796 5180 1983 5235 tuisti?
2020 5176 2132 5247 Ego
2160 5188 2289 5229 vero
2343 5178 2544 5235 statuo,
2593 5166 2789 5238 inquit.
2821 5165 2901 5220 Ad
2961 5164 3096 5227 haec,
3151 5176 3378 5230 peccare

1798 5282 1923 5322 cum
1957 5278 2186 5335 corpore
2214 5260 2477 5323 animam,
2533 5259 2575 5313 si
2607 5255 2826 5327 quidem
2864 5253 3218 5317 adulterium,
3247 5263 3374 5319 par-

1805 5358 2056 5413 ricidium
2079 5362 2133 5409 et
2159 5352 2413 5422 impietas
2433 5355 2654 5418 peccata
2680 5356 2828 5412 sunt,
2854 5360 2976 5415 quae
3000 5357 3125 5397 cum
3150 5351 3378 5407 corpore

1806 5448 1985 5503 anima
2031 5441 2352 5515 perpetrat?
2388 5440 2674 5493 Annuente
2717 5437 2808 5491 illo
2839 5454 2875 5515 ε*
2900 5432 3093 5503 Atqui,
3129 5432 3373 5496 inquam,

1809 5540 2048 5595 vinctum
2072 5536 2252 5593 scelus
2275 5534 2481 5589 nullum
2499 5529 2838 5584 committere
2852 5508 3022 5596 posse
3046 5516 3376 5577 fatebamur?

1809 5633 1962 5687 Fassi
2014 5631 2239 5688 omnino
2289 5639 2510 5688 sumus,
2567 5622 2766 5691 inquit,
2802 5618 3145 5675 vinculorum
3177 5611 3378 5680 quippe

1812 5724 2003 5780 dolore
2061 5723 2416 5790 cruciatuque
2466 5710 2745 5786 prohiberi
2780 5710 2967 5767 etiam.
3002 5704 3217 5775 Corpus
3246 5713 3378 5758 vero
