3822 6296
478 264 620 322 1165
1886 268 1943 325 S.
1976 269 2057 326 ΕΡ

2156 269 2316 327 IAN]!
3580 267 3702 320 ιιιι

481 394 610 432 nuzn
642 378 836 432 aninm-
866 379 1144 435 vinculum
1186 383 1315 438 est?
1349 382 1673 437 Allirmavit.
1717 380 2041 437 lltrumnam

2156 383 2208 455 5η
2217 384 2375 455 μένος
2397 383 2454 435 οὐ
2477 381 2698 436 δύναται
2722 380 3089 450 ἁμαρτάνεινς
3112 378 3223 431 Καὶ
3248 370 3483 431 ἐνταῦθα
3505 377 3706 430 ἐπένευ-

448 470 647 540 ‘igitur
678 470 920 539 quandiu
954 471 1007 525 in
1040 473 1145 527 hoc
1196 487 1423 543 corpore
1478 488 1688 534 sumus,
1745 472 1817 525 ita
1865 476 2054 542 pecca4

2156 490 2261 527 σεν.
2295 474 2555 541 Ἀγχεται
2579 472 2707 541 γάρ.
2741 469 2864 524 Ναί.
2890 470 2982 541 Μὴ
3003 469 3236 540 ἐώμενος
3258 468 3362 521 ὑπὸ
3380 466 3475 520 τοῦ
3496 467 3702 537 δεσμοῦς

480 574 625 621 mus,
678 567 738 613 ut
771 559 837 614 ad
895 560 948 614 id
994 576 1125 617 caro
1174 562 1293 633 ipsa
1343 561 1690 617 consentiat?
1726 560 2047 619 Peccamus.

2156 564 2333 633 Δῆλον.
2388 562 2547 615 Ἀλλά
2610 563 2670 615 τὸ
2720 562 2819 632 μὲν
2882 561 3043 633 σῶμα
3096 561 3234 633 πρὸς
3287 561 3349 613 τὸ
3409 561 3703 630 ἀμρτῆσαι

478 648 676 718 linquit.
716 650 784 703 At
813 652 906 721 qui
936 654 1265 709 constrictus
1298 661 1402 719 est,
1444 667 1668 723 peccare
1700 667 1806 706 non
1840 652 2053 722 potest?

2156 654 2444 725 συνεργόν;
2498 653 2621 705 Ναί.
2678 653 2867 723 Εῖργει
2903 652 2960 705 δὲ
3006 654 3035 705 6
3092 651 3305 721 δεσμός.
3342 650 3572 719 Σννέφη.
3604 650 3703 701 Οὐκ

481 738 547 792 Et
606 741 730 796 huic
786 743 991 813 pariter
1040 758 1301 801 assensus
1357 752 1459 799 est.
1522 743 1757 813 Angitur
1801 742 1945 798 enim
1987 756 2053 797 ac

2156 743 2258 814 ipa
2285 742 2346 795 τὸ
2376 742 2534 813 σῶμα
2563 745 2591 795 6
2618 742 2834 812 δεσμὸς,
2865 739 2987 795 οὔτε
3026 740 3166 794 κατά
3198 740 3279 802 σέ,
3315 737 3441 791 οὔτε
3462 736 3597 791 κατά
3618 738 3701 791 ἀλ-

480 841 786 887 ‘coercctur.
827 833 1014 901 Recte,
1054 836 1248 907 inquit.
1287 835 1422 890 Nam
1455 837 1525 891 ab
1558 835 1793 890 vinculis
1838 834 2052 889 inhibe-

2156 834 2266 897 λον,
2319 832 2483 905 ἔφην,
2522 828 2567 888 ὧ
2611 833 2948 903 Ἀγλαοφῶν*
2989 832 3128 887 ἀλλά
3180 832 3317 903 πρὸς
3361 830 3614 899 ἑκάτερον
3644 831 3701 898 τῇ

482 922 611 975 tur?
640 921 755 978 Non
788 925 1007 980 dubium
1036 934 1140 993 est,
1179 926 1481 999 respondit.
1516 925 1713 981 Verum
1746 940 1946 994 corpus
1979 924 2049 979 ad

2156 925 2296 996 ψυχῇ
2330 926 2607 998 συνεργὸν,
2654 927 2765 980 εἴτε
2818 924 2953 998 πρὸς
2986 925 3048 979 τὸ
3094 925 3326 996 ἀγαθὸν,
3363 923 3473 977 εἴτε
3505 918 3704 991 πρὺςτδ

482 1014 814 1081 peccandum
841 1016 1219 1073 administrum
1243 1020 1358 1075 est?
1391 1019 1507 1082 Est,
1537 1017 1731 1088 inquit.
1758 1015 2046 1071 Vinculum

2156 1016 2340 1069 κακόν.
2377 1016 2702 1088 Συνεχώρει.

484 1108 662 1155 autem
717 1105 967 1159 coercet?
1003 1106 1228 1163 Annuit.
1293 1106 1554 1179 Sequitur
1601 1106 1827 1178 proinde
1865 1120 2044 1174 neque
2110 1119 2175 1161 ex
2226 1116 2339 1169 tua,
2392 1106 2747 1178 AglaOpbon,
2800 1121 2977 1178 neque
3023 1121 3089 1162 ex
3152 1104 3381 1161 alterius
3432 1103 3702 1165 sententia,

484 1195 760 1251 vinculum
819 1212 941 1255 esse
993 1214 1224 1270 corpus;
1280 1202 1376 1257 sed
1422 1202 1490 1256 ad
1555 1200 1859 1263 utrumvis,
1900 1209 2012 1253 tam
2062 1198 2266 1254 bonum
2321 1201 2565 1269 scilicet,
2613 1216 2777 1272 quam
2826 1202 3062 1264 malum,
3112 1200 3307 1254 animae
3353 1198 3570 1268 adjutor
3610 1207 3704 1251 est.

482 1289 780 1346 Concessit.

551 1403 711 1462 XLV.
753 1405 879 1464 Haec
909 1424 1032 1465 cum
1066 1410 1140 1467 ita
1204 1410 1335 1476 sint,
1387 1418 1539 1467 tuum
1587 1420 1691 1476 est,
1714 1412 2055 1485 Aglaophon,

2224 1409 2358 1465 ME'.
2384 1404 2591 1465 Οὐκοῦν
2618 1407 2760 1463 οὕτω
2785 1407 2851 1480 δή
2870 1407 3074 1460 τούτων
3108 1406 3340 1476 ἐχόντων
3368 1405 3707 1478 ἀπολόγησαι,

484 1510 720 1568 purgare
764 1514 884 1569 quae
933 1510 1095 1556 antea
1149 1503 1403 1572 posuisti.
1442 1502 1642 1559 Aiebas
1671 1504 1814 1558 enim
1853 1518 2055 1574 corpus

2156 1495 2199 1556 ὦ
2232 1500 2568 1570 Ἀγλαοφῶν,
2603 1500 2737 1571 πρὸς
2782 1499 2820 1554 ἃ
2861 1499 3078 1571 πρῶτον
3130 1499 3354 1552 ὑπέθου.
3397 1498 3572 1568 Ἔφης
3608 1500 3708 1570 γάρ

480 1589 677 1663 anima;
704 1591 1002 1659 vinculum,
1020 1608 1295 1651 carcerem
1342 1609 1406 1649 ac
1439 1595 1730 1666 compedes
1756 1610 1897 1652 esse.
1925 1594 2057 1662 Quae

2156 1592 2351 1663 δεσμὸν
2384 1593 2477 1645 καὶ
2506 1590 2729 1663 εἱρκτὴν
2759 1590 2853 1645 καὶ
2897 1589 3063 1652 πέδας
3100 1589 3162 1642 τὸ
3196 1589 3360 1659 σῶμα
3406 1590 3505 1658 τῆς
3544 1589 3707 1659 ψυχῆς

483 1693 605 1731 cum
640 1678 709 1735 iis
738 1695 856 1750 quae
894 1682 1055 1738 modo
1088 1682 1295 1749 dixisti,
1336 1698 1677 1755 nequaquam
1702 1686 2052 1741 conveniunt.

2156 1684 2213 1737 ὲν
2236 1685 2349 1748 τοῖς
2380 1682 2705 1755 ἔμπροσθεν.
2740 1683 2848 1735 Καὶ
2885 1681 3037 1753 ὁρᾷς,
3072 1680 3148 1745 ὡς
3187 1682 3247 1734 οὐ
3281 1680 3563 1751 συνᾴδουσι
3594 1682 3710 1733 τοὺς

482 1766 585 1835 Qui
615 1769 757 1824 enim
783 1774 1080 1829 convenire
1111 1782 1360 1844 possunt,
1388 1776 1434 1831 si
1475 1775 1692 1845 quidem
1722 1792 1949 1832 necesse
1973 1786 2057 1832 est

2156 1793 2269 1840 τοις
2296 1775 2332 1831 ἃ
2359 1776 2530 1847 ἐφηςς
2557 1775 2681 1838 Πῶς
2712 1774 2822 1845 γὰρ
2858 1773 3152 1843 συνᾴδοιεν,
3197 1774 3355 1845 εἰπερ
3382 1790 3447 1841 γε
3487 1775 3710 1842 ἀνάγκη,

481 1874 701 1915 carnem
733 1862 933 1918 vinculi
957 1864 1130 1920 instar
1160 1864 1621 1931 haberi,anitnam
1644 1882 1773 1923 vero
1809 1868 2058 1938 adjutore

482 1952 548 2005 ad
583 1953 762 2009 scelus
784 1956 859 2009 uti
880 1956 1132 2012 vinculo?
1166 1958 1309 2028 quod
1341 1959 1557 2029 quidem
1585 1960 1698 2015 lieri
1728 1960 1878 2015 nullo
1900 1971 2057 2031 pacto

481 2050 679 2112 potest.
695 2042 827 2100 Nam
852 2061 977 2102 cum
1005 2056 1229 2119 propter
1259 2050 1517 2106 delictum
1552 2066 1723 2121 paena:
1748 2054 2058 2109 constitutae

483 2134 616 2198 sint,
657 2143 718 2189 ut
750 2135 945 2193 all‘ecta
995 2139 1181 2195 dolore
1234 2142 1412 2201 anima
1446 2141 1513 2197 ad
1563 2142 1852 2197 colendum
1885 2142 2056 2198 Deum

481 2226 788 2292 erudiatur,
843 2227 1033 2285 fierine
1076 2239 1275 2300 potest,
1316 2240 1374 2286 ut
1402 2232 1469 2287 ad
1498 2231 1947 2288 committendum
1976 2232 2057 2288 l‘a-

482 2318 644 2373 cinus
676 2333 877 2389 corpus
910 2322 986 2376 illi
1017 2322 1331 2392 adjumcnto
1359 2324 1671 2394 auxilioque
1699 2339 1822 2380 esse
1851 2326 2058 2396 possit?

482 2407 714 2464 Vincula
750 2412 972 2483 quippe,
1013 2414 1297 2478 custodiae,
1355 2417 1649 2486 compedes
1702 2425 1757 2471 et
1795 2416 1848 2470 id
1880 2432 2055 2488 genus

481 2503 662 2557 omnia
688 2518 975 2574 pmnarum
1008 2506 1392 2572 instrumenta,
1441 2524 1561 2579 qua:
1592 2509 1660 2563 ad
1688 2508 2055 2564 emendandos

481 2590 733 2647 homines
765 2594 1059 2662 pertinent,
1108 2604 1459 2665 peccatorum
1506 2612 1570 2653 ac
1600 2597 1867 2653 scelerum
1901 2597 1955 2653 in
1988 2598 2057 2655 iis

480 2684 574 2749 qui
626 2683 933 2751 puniuntur
991 2687 1507 2755 compcsceudorum
1554 2688 1608 2742 vi
1652 2678 1877 2758 praedita
1905 2694 2053 2744 sunt.

480 2771 616 2826 Nam
648 2789 755 2829 non
790 2774 932 2839 ideo,
971 2786 1030 2830 ut
1058 2777 1363 2835 sceleratus
1398 2777 1608 2848 majora
1663 2779 1872 2835 scelera
1906 2794 2057 2835 com-

481 2865 682 2927 mittat,
716 2864 863 2919 velut
904 2867 1217 2935 praasidium
1255 2868 1529 2939 quoddam
1578 2870 1857 2926 vinculum
1903 2872 2069 2927 adbi-

480 2950 661 3017 betur,
709 2954 804 3010 sed
867 2965 928 3010 ut
980 2972 1047 3013 eo
1097 2957 1259 3014 modo
1286 2958 1449 3030 57o
1475 2961 1754 3016 cruciatus
1796 2975 1827 3014 a
1867 2976 2058 3033 perpe-

2156 1860 2202 1921 ὦ
2222 1868 2433 1939 ἄριστε,
2465 1866 2660 1937 δεσμὸν
2692 1865 2788 1937 μέν
2818 1867 2916 1935 τὴν
2950 1864 3127 1935 σάρκα
3151 1863 3488 1935 νομίζεσθαι,
3533 1866 3627 1945 τήν
3663 1866 3711 1918 δὲ

2155 1959 2331 2031 ψυχὴν
2360 1959 2604 2030 συνεργῷ
2630 1958 2766 2029 πρὸς
2796 1957 3014 2011 ἀδικίαν
3044 1955 3301 2029 χρῆσθαι,
3338 1956 3434 2008 καὶ
3473 1955 3715 2025 συμπρά-

2156 2068 2311 2123 κτορι
2359 2049 2438 2120 τῷ
2475 2048 2681 2119 δεσμῷ,
2726 2050 2864 2119 ὅπερ
2914 2048 3209 2113 ἀδύνατον;
3241 2048 3305 2101 El
3347 2045 3456 2115 γὰρ
3483 2046 3571 2099 διὰ
3622 2046 3717 2117 τήν

2155 2141 2432 2213 ἁμαρτίαν
2468 2140 2887 2211 βασανιπήριον
2915 2138 3095 2209 ἐδόθη,
3128 2137 3263 2209 πρὸς
3287 2136 3348 2190 τὸ
3372 2136 3715 2205 ἀλγυνθεῖσαν

2156 2232 2236 2291 είς
2267 2228 2329 2281 τὸ
2368 2229 2534 2299 τιμᾷν
2566 2226 2656 2281 τὸν
2694 2226 2827 2281 Θεὸν
2870 2227 3223 2298 παιδευθῆναι
3252 2226 3350 2297 τὴν
3382 2225 3579 2296 ψυχὴν,
3610 2226 3716 2288 πῶς

2158 2322 2409 2392 συνεργεῖ
2435 2320 2530 2373 καὶ
2568 2318 2989 2388 συναγωνίζεται
3016 2319 3077 2372 τὸ
3109 2318 3267 2389 σῶμα
3298 2319 3437 2389 αὐτῇ
3480 2318 3617 2389 πρὸς
3661 2316 3718 2369 τὸ

2154 2412 2396 2478 ἀδικεῖν;
2442 2411 2645 2483 Δεσμοὶ
2699 2410 2808 2482 γάρ
2848 2410 2943 2464 καὶ
2986 2410 3245 2481 φυλακαὶ,
3290 2410 3385 2464 καὶ
3420 2410 3599 2475 πέδαι,
3631 2410 3716 2461 καὶ

2156 2502 2457 2576 συλλήϐδην
2485 2503 2543 2557 αι
2573 2503 2819 2559 τοιαῦται
2845 2506 3019 2560 πᾶσαι
3060 2505 3194 2576 πρὸς
3234 2503 3605 2573 ἐπανόρθωσιν
3644 2519 3719 2555 τις

2158 2596 2332 2668 μωροὶ
2357 2596 2596 2668 μηχαναὶ
2638 2597 2927 2666 ἐφεκτικαὶ
2968 2595 3061 2650 τοῦ
3104 2596 3313 2650 ἀδικεῖν
3354 2595 3449 2648 καὶ
3478 2594 3715 2667 ἁμαρτά·

2154 2704 2265 2741 νειν
2316 2691 2429 2752 τοῖς
2480 2686 2861 2759 κολαζομένοις
2901 2688 3203 2757 γίγνονται.
3240 2684 3317 2741 Οὐ
3366 2686 3477 2755 γὰρ
3523 2686 3665 2748 ὅπως
3694 2686 3721 2738 6

2155 2779 2421 2852 ἀδικήσας
2449 2779 2685 2854 ἀδικήσῃ
2709 2779 2892 2844 πλέον,
2921 2781 3181 2851 συνεργὸς
3200 2777 3349 2850 αὐτῷ
3372 2778 3513 2849 πρὸς
3536 2778 3597 2831 τὺ
3616 2778 3719 2831 ἀδι-

2155 2876 2271 2927 κεῖν
2290 2874 2317 2927 6
2348 2872 2545 2944 δεσμὸς
2579 2873 2798 2937 δίδοται,
2851 2873 2970 2927 ἀλλ’
3018 2873 3174 2937 ὅπως
3198 2872 3335 2943 λήξῃ
3374 2870 3471 2925 τοῦ
3500 2870 3717 2934 ἀδικεῖν,

2158 2964 2577 3036 βασανιζόμενος
2608 2964 2697 3019 διὰ
2722 2964 2831 3018 τῶν
2852 2964 3084 3037 δεσμῶν.
3121 2965 3235 3018 Καὶ
3266 2964 3374 3035 γάρ
3397 2964 3448 3017 οἱ
3477 2964 3721 3018 δικασταὶ

481 3046 697 3102 trandis
737 3047 1077 3106 facinoribus
1110 3050 1359 3107 desistat.
1391 3052 1570 3123 Atque
1617 3067 1682 3108 ea
1742 3069 1911 3111 causa
1971 3064 2057 3112 est

2156 3056 2328 3129 ταύτῃ
2359 3056 2581 3110 πεδοῦσι
2602 3056 2729 3120 τοὺς
2755 3056 3010 3126 φαύλους.
3028 3056 3341 3111 κωλύονται
3368 3056 3500 3126 γὰρ,
3523 3056 3626 3109 κᾶν
3652 3056 3718 3126 μὴ

478 3150 585 3192 cur
632 3138 929 3197 facinorosi
961 3140 1209 3199 homines
1238 3142 1474 3200 vinculis
1514 3159 1544 3198 a
1572 3143 1759 3214 judice
1786 3149 2056 3203 constrin-

479 3238 702 3301 gantur,
728 3240 1017 3303 propterea
1046 3234 1192 3304 quod
1210 3235 1277 3291 ab
1294 3236 1365 3293 iis
1391 3237 1475 3293 vel
1505 3237 1660 3293 inviti
1687 3240 1818 3293 mali
1849 3239 2056 3311 aliquid

486 3320 668 3376 facere
688 3323 1066 3391 prohibentur.
1085 3325 1229 3393 Quin
1247 3326 1357 3382 imo
1378 3327 1674 3385 liberorum
1700 3345 1765 3385 ac
1806 3331 1890 3387 sui
1913 3330 2057 3401 juris

486 3411 788 3476 hominum,
848 3429 1083 3485 quorum
1140 3432 1299 3473 nemo
1356 3419 1522 3475 vitam
1581 3435 1737 3475 suam
1777 3421 2055 3487 observat,

483 3517 714 3571 peccare
742 3506 1027 3575 proprium
1059 3515 1165 3571 est,
1201 3524 1309 3564 non
1342 3511 1668 3566 vinctorum.
1706 3510 1881 3567 Homo
1928 3527 2059 3567 vero

484 3593 719 3661 primum
736 3593 956 3663 quidem
974 3597 1330 3665 parricidium
1349 3600 1589 3666 admisit,
1615 3602 1777 3657 veluti
1794 3604 1996 3658 C'ainus
2015 3605 2055 3658 '.

484 3680 623 3735 Tum
647 3682 716 3736 ad
743 3683 1115 3740 infidelitatem
1151 3687 1407 3753 adolevit,
1442 3691 1736 3746 simulacra
1768 3702 2060 3749 veneratus

483 3781 589 3837 est,
622 3789 653 3827 a
695 3772 807 3830 Deo
834 3773 1087 3832 descivit.
1138 3774 1355 3833 Fierine
1411 3780 1580 3851 igitur
1636 3790 1818 3851 potest
1887 3792 1947 3839 ut
2006 3786 2058 3841 ei

484 3878 687 3934 corpus
747 3872 1004 3937 tanquam
1064 3868 1342 3925 vinculum
1399 3870 1470 3926 sit
1541 3874 1904 3929 attributum?
1951 3876 2061 3931 Aut

484 3956 757 4025 quomodo
782 3957 948 4025 Deus,
986 3976 1109 4015 cum
1138 3977 1197 4017 se
1230 3962 1391 4019 homo
1418 3966 1659 4033 peccatis
1688 3976 1816 4021 ante
1858 3983 2059 4038 corpus

483 4046 886 4114 obsuiuxisset,
923 4050 991 4105 ad
1048 4053 1256 4120 majora
1304 4053 1509 4108 scelera
1547 4055 1695 4109 velut
1748 4058 2057 4126 praesidium

481 4138 756 4211 quoddam
779 4139 825 4194 ei
854 4154 1055 4210 corpus
1084 4140 1326 4195 alllnxit?
1351 4142 1632 4208 Quomodo
1680 4145 1916 4217 denique
1938 4156 2059 4218 post

482 4228 617 4281 illud
673 4229 994 4286 fabricatum
1043 4233 1319 4287 vinculum
1373 4235 1447 4292 ita
1504 4236 1719 4293 locutus
1768 4240 2061 4297 est:Ecce

483 4333 663 4371 coram
694 4328 742 4370 te
758 4320 911 4387 posui
938 4321 1097 4374 vitam
1119 4331 1165 4375 et
1198 4332 1415 4377 mortem
1427 4338 1446 4389 ;
1470 4324 1602 4396 elige
1631 4328 1792 4381 vitam
1821 4345 1839 4383 :
1868 4329 2059 4386 bonum

2158 3149 2476 3220 βούλωνται,
2508 3150 2949 3205 κακοττοιεῖτὺπὸ
2970 3149 3076 3204 τῶν
3107 3150 3342 3220 δεσμῶν.
3391 3148 3719 3217 Ἐλευθεριαο

2156 3241 2355 3305 ζόντων
2393 3240 2452 3295 δέ
2476 3240 2537 3295 τὸ
2567 3244 2895 3313 κακουργεῖν
2944 3242 3080 3304 ἐστι,
3120 3240 3215 3294 καὶ
3258 3239 3476 3303 ζώντων
3523 3239 3716 3307 ἀφυλάη

2156 3349 2321 3399 κτως,
2346 3331 2460 3385 ἀλλ’
2488 3332 2551 3385 οὺ
2584 3332 2997 3402 πεπεδημένων.
3030 3332 3089 3385 '0
3118 3331 3175 3384 δέ
3198 3331 3481 3402 ἅνθρωπος
3515 3331 3713 3401 πρῶτοι

2160 3425 2259 3495 μὲν
2284 3423 2561 3492 ἐφόνευσε,
2593 3422 2734 3478 κατά
2753 3423 2845 3477 τὸν
2872 3423 3033 3489 Κάῖν,
3052 3424 3265 3495 ηὐξήθη
3293 3424 3433 3496 πρὸς
3450 3424 3716 3487 ἀπιστίαν,

2158 3515 2396 3578 είδὼλοις
2413 3515 2732 3587 προσέσχεν,
2756 3515 3137 3586 ἀπεστάτησεν
3161 3515 3269 3569 ἀπὸ
3288 3513 3448 3569 Θεοῦ.
3471 3516 3587 3568 Καὶ
3615 3514 3719 3577 πῶς

2158 3602 2307 3672 αὐτῷ
2327 3602 2523 3674 δεσμὸς
2547 3602 2608 3656 τὸ
2634 3602 2793 3673 σῶμα
2816 3603 2971 3675 ἐδόθη
2994 3620 3009 3669 ;
3038 3606 3109 3658 Ἦ
3140 3604 3257 3668 πῶς
3285 3607 3313 3658 6
3328 3604 3484 3671 Θεδς,
3514 3604 3651 3675 μεεά
3668 3603 3719 3657 τὸ

2158 3691 2264 3763 πρὸ
2293 3692 2541 3763 σώματος
2567 3693 2838 3765 ἀνομῆσαι
2856 3694 2950 3749 τὸν
2971 3694 3278 3766 ἄνθρωπον,
3308 3696 3574 3767 συνεργὸν
3600 3694 3718 3766 πρὸς

2160 3784 2374 3839 ἀδικίαν
2398 3786 2546 3857 αὐτῷ
2595 3787 2815 3857 μείζονα
2839 3787 2901 3841 τὸ
2949 3787 3113 3859 σῶμα
3139 3788 3321 3855 ἐδοτο;
3364 3788 3492 3851 Πῶς
3537 3789 3595 3841 δὲ
3640 3789 3720 3840 καὶ

2162 3876 2299 3947 μετά
2346 3877 2446 3950 τὴν
2495 3878 2841 3951 κατασκευήν
2891 3879 2985 3933 τοῦ
3037 3878 3236 3951 δεσμοῦ
3277 3880 3359 3945 τὸ,
3425 3878 3586 3933 Ἰδοὺ
3620 3877 3719 3945 πρό

2159 3969 2483 4037 προσώπου
2508 3968 2899 4039 σου,λέγεται,
2927 3969 3158 4024 τέθεικα
3177 3969 3291 4037 τὴν
3319 3968 3474 4037 ζωὴν·
3505 3970 3605 4024 καί
3630 3969 3719 4023 τὸν

2159 4058 2439 4125 θάνατον,
2475 4058 2717 4123 ἕκλεξαι
2760 4058 2877 4128 τὴν
2917 4058 3101 4125 ζωήν·
3149 4060 3217 4112 τὸ
3247 4060 3474 4129 ἀγαθὸν
3520 4060 3621 4113 καί
3662 4059 3717 4112 τὸ

2158 4150 2445 4219 πονηρὸν,
2498 4151 2740 4217 ἐκλεεαι
2778 4152 2846 4207 τὸ
2884 4154 3137 4221 ἀγαθόν·
3162 4152 3279 4217 καὶ,
3323 4152 3462 4207 Ἐὰν
3523 4152 3719 4218 θέλητε

2159 4243 2257 4297 καὶ
2287 4242 2687 4311 είσακούσητέ
2712 4260 2870 4313 μου;
2910 4244 3095 4298 Ταῦτα
3124 4244 3234 4313 γὰρ
3271 4244 3349 4307 ὡς
3396 4244 3550 4314 αὐτῷ
3584 4245 3721 4307 ἐξου-

2162 4334 2425 4399 σιάζοντι,
2451 4336 2543 4389 καὶ
2566 4335 2663 4405 οὐχ
2692 4336 2769 4400 ὡς
2791 4335 2896 4388 ὑπὸ
2934 4335 3107 4405 δεσμὰ
3160 4336 3256 4389 καὶ
3306 4334 3558 4405 ἀνάγκην
3585 4336 3721 4406 ,ἀγο-

480 4416 530 4463 et
555 4408 792 4477 malum;
816 4410 947 4480 elige
975 4410 1167 4467 bonum
1196 4414 1237 4468 ’.
1263 4412 1395 4469 Item
1431 4431 1446 4469 :
1477 4415 1538 4471 Si
1567 4418 1836 4474 volueritis
1864 4430 1912 4475 et
1957 4438 2055 4474 au-

2159 4426 2304 4497 μένῳ
2328 4426 2559 4498 ἐρρήθη.
2592 4427 2755 4480 Ὥστε
2786 4428 2851 4480 ἐκ
2878 4428 3076 4489 παντὸς
3104 4427 3452 4481 συνίστασθαι
3476 4430 3614 4500 μήτε
3637 4427 3720 4479 πί-

481 4500 686 4555 dierilis
712 4518 790 4557 me
819 4502 879 4555 ’ἲ
904 4502 1031 4559 Haec
1061 4504 1206 4560 enim
1238 4505 1314 4559 illi
1348 4513 1602 4577 tanquam
1654 4510 1901 4567 libertate
1931 4527 2061 4583 prae-

481 4592 617 4658 dito,
651 4609 761 4649 non
805 4595 1044 4653 vinculis
1078 4612 1141 4651 ac
1184 4600 1510 4655 necessitate
1553 4610 1746 4658 coacto
1795 4604 1942 4659 dicta
1974 4605 2059 4660 vi-

482 4685 699 4741 dentur.
719 4686 789 4741 Ut
817 4688 1053 4759 idipsum
1081 4690 1304 4746 omnino
1328 4706 1670 4762 consequens
1696 4694 1787 4759 sit,
1812 4711 1921 4751 non
1938 4712 2062 4753 esse

482 4793 683 4849 corpus
699 4781 1047 4851 compedum,
1059 4791 1152 4838 aut
1176 4787 1461 4853 custodite,
1478 4797 1569 4844 aut
1585 4789 1923 4844 vinculorum
1940 4790 2060 4847 loco

482 4870 822 4940 habendum,
863 4890 1040 4947 neque
1086 4878 1298 4934 vinctas
1342 4888 1498 4936 terra
1531 4880 1733 4937 idcirco
1761 4882 2061 4952 appellatas

485 4963 726 5028 animas,
784 4967 944 5035 quasi
1003 4969 1234 5025 terrenis
1290 4970 1621 5039 quibusdam
1700 4972 2060 5042 compedibus

483 5054 628 5111 Deus
684 5057 806 5113 illas
859 5058 1213 5116 damnaverit.
1271 5061 1405 5115 Nam
1448 5064 1722 5132 quomodo
1772 5080 1961 5119 verum
2004 5065 2056 5120 id

484 5163 602 5202 esse
634 5157 835 5217 potest,
867 5166 993 5205 cum
1020 5152 1386 5208 demonstrari
1414 5154 1560 5209 nulla
1595 5154 1805 5211 ratione
1835 5157 2009 5226 possit
2035 5158 2059 5213 ?

482 5238 588 5295 Sed
619 5249 671 5295 et
702 5242 986 5311 perspicue
1014 5244 1145 5299 illud
1176 5246 1473 5303 absurdum
1512 5254 1631 5313 est,
1667 5263 1867 5318 corpus
1904 5249 2054 5304 arbi-

483 5333 613 5387 trari
636 5332 690 5387 in
720 5341 924 5389 asterna
968 5335 1060 5389 illa
1092 5336 1199 5391 vita
1226 5339 1416 5406 procul
1454 5338 1522 5392 ab
1556 5339 1736 5393 anima
1768 5340 2007 5393 futurum
2034 5378 2049 5404 ,

484 5426 624 5496 quod
655 5426 783 5483 huic
814 5426 943 5482 illud
976 5436 1234 5499 tanquam
1270 5429 1545 5484 vinculum
1578 5446 1643 5485 ac
1671 5429 1870 5501 pedica:
1897 5431 2007 5487 sint
2034 5448 2053 5499 ;

553 5652 569 5679 ‘
603 5650 733 5705 Gen.
762 5668 836 5719 tv,
860 5653 912 5706 ὃ.
988 5656 1007 5686 ¹
1038 5653 1194 5710 Deut.
1228 5670 1353 5718 ut,
1390 5655 1471 5709 15.
1550 5657 1693 5712 ’lsa.
1717 5674 1754 5725 t,
1786 5659 1867 5715 19.

2154 4518 2251 4581 δας
2291 4517 2324 4589 ἢ
2367 4516 2631 4587 φυλακὴν,
2666 4517 2700 4589 ἢ
2734 4517 2969 4588 δεσμοὺς
3001 4518 3241 4588 νομίζειν
3261 4517 3322 4570 τδ
3360 4517 3547 4588 σῶμα.
3594 4519 3717 4588 μήτε

2155 4607 2488 4679 δεσμώτιδας
2521 4608 2626 4677 γῆς
2655 4607 2743 4661 διὰ
2774 4606 2947 4663 ταῦτα
2978 4608 3075 4671 τάς
3102 4608 3281 4677 ψυχάς
3316 4611 3533 4677 χοῖκαῖς
3564 4624 3717 4662 κατα-

2155 4700 2432 4770 κρίνοντος
2459 4699 2629 4762 αὑτὰς
2658 4696 2754 4751 τοῦ
2788 4697 2923 4752 Θεοῦ
2950 4699 3166 4769 δεθῆναι
3194 4698 3403 4762 τέδαις.
3439 4698 3569 4761 Πῶς
3600 4699 3715 4767 γὰρ,

2154 4787 2315 4841 ὁπότε
2362 4786 2438 4859 μὴ
2476 4786 2699 4841 δύναται
2752 4788 3134 4859 ἀποδειχθῆναι
3176 4788 3372 4857 τοῦτο;
3406 4791 3641 4842 Ἄτοπον
3668 4788 3719 4840 δέ

2158 4882 2381 4934 κάκεῖνο
2412 4879 2706 4952 προφανῶς
2742 4880 2802 4935 τὸ
2827 4880 3033 4936 οἴεσθαι
3071 4882 3134 4935 τὸ
3176 4882 3333 4953 σῶμα
3365 4883 3424 4937 ἐν
3461 4886 3529 4955 τῇ
3590 4881 3719 4935 uti

2154 4974 2278 5035 τοὺς
2312 4970 2516 5035 αἰῶνας
2537 4971 2779 5043 διαγωγῇ
2808 4973 2880 5044 μὴ
2918 4973 3232 5028 συνέσεσθαι
3259 4977 3325 5047 τῇ
3353 4975 3525 5046 ψυχῇ,
3555 4974 3641 5028 διά
3668 4974 3721 5026 τὸ

2154 5062 2351 5133 δεσμὸν
2384 5062 2534 5133 αὐτῷ
2558 5064 2649 5117 καὶ
2686 5064 2850 5126 πέδας
2883 5060 3045 5130 εἶναι,
3080 5066 3167 5117 ἵνα
3200 5065 3274 5136 μὴ
3306 5066 3534 5120 ultimo:
3564 5064 3720 5134 γενό.»

2156 5155 2295 5227 μεθα
2343 5154 2661 5227 κατάκριτοι
2693 5152 2990 5226 δεσμῶται,
3038 5157 3179 5211 κατὰ
3213 5157 3338 5221 τοὺς
3381 5158 3642 5229 φθορέας,
3669 5158 3720 5208 ἐν

2156 5253 2224 5319 τῇ
2267 5247 2514 5321 βασιλείᾳ
2564 5247 2656 5302 τοῦ
2708 5248 2885 5318 φωτὸς
2948 5248 3216 5318 ἐσόμενοι.
3260 5249 3575 5320 Λελυμένου
3624 5250 3719 5319 γὰρ

2161 5341 2382 5404 ἱκανῶς,
2413 5342 2509 5395 καὶ
2545 5329 2949 5411 ἐξελεγχθέντος
2976 5340 3071 5394 τοῦ
3094 5340 3276 5410 λόγου,
3318 5342 3378 5394 ἐν
3430 5336 3477 5410 ᾧ
3529 5342 3716 5411 δεσμὸν

2154 5430 2255 5501 τῆς
2278 5430 2455 5503 ψυχῆς
2500 5429 2768 5503 ὡρίσαντο
2808 5426 2949 5486 εῐναι
2988 5430 3086 5504 τήν
3126 5431 3323 5503 σάρκα,
3366 5431 3584 5487 λέλυται
3635 5432 3717 5486 καὶ
