  <div class='ocr_page' id='page_1' title='image "/cluster/home/n/w/nwhite01/storage/ocr_20150623/41/hvd.32044011753001/604.png"; bbox 0 0 3822 6306; ppageno 0'>
   <div class='ocr_carea' id='block_1_1' title="bbox 128 263 246 317">
    <p class='ocr_par' dir='ltr' id='par_1_1' title="bbox 128 263 246 317">
     <span class='ocr_line' id='line_1_1' title="bbox 128 263 246 317; baseline 0.008 -1"><span class='ocrx_word' id='word_1_1' title='bbox 128 263 246 317; x_wconf 68' lang='lat' dir='ltr'><strong>HIS</strong></span> 
     </span>
    </p>
   </div>
   <div class='ocr_carea' id='block_1_2' title="bbox 750 262 1697 329">
    <p class='ocr_par' dir='ltr' id='par_1_2' title="bbox 750 262 1663 324">
     <span class='ocr_line' id='line_1_2' title="bbox 750 262 1663 324; baseline 0.008 -7"><span class='ocrx_word' id='word_1_2' title='bbox 750 262 1119 320; x_wconf 68' lang='lat' dir='ltr'><strong>ADVERSUS</strong></span> <span class='ocrx_word' id='word_1_3' title='bbox 1159 265 1499 324; x_wconf 61' lang='lat' dir='ltr'><strong>&quot;AZRESES</strong></span> <span class='ocrx_word' id='word_1_4' title='bbox 1539 268 1663 324; x_wconf 83' lang='lat' dir='ltr'><strong>LIB.</strong></span> 
     </span>
    </p>
   </div>
   <div class='ocr_carea' id='block_1_3' title="bbox 1807 262 2712 329">
    <p class='ocr_par' dir='ltr' id='par_1_3' title="bbox 1821 270 2712 329">
     <span class='ocr_line' id='line_1_3' title="bbox 1821 270 2712 329; baseline 0.002 -4"><span class='ocrx_word' id='word_1_5' title='bbox 1821 270 1985 329; x_wconf 78' lang='lat' dir='ltr'><strong>TOM.</strong></span> <span class='ocrx_word' id='word_1_6' title='bbox 2030 271 2070 325; x_wconf 92' lang='grc' dir='ltr'><strong>Ι.</strong></span> <span class='ocrx_word' id='word_1_7' title='bbox 2106 301 2179 312; x_wconf 83' lang='grc'><strong>--</strong></span> <span class='ocrx_word' id='word_1_8' title='bbox 2219 270 2492 329; x_wconf 72' lang='grc' dir='ltr'><strong>ΙΙᾸΞΙιΕΞ.</strong></span> <span class='ocrx_word' id='word_1_9' title='bbox 2529 270 2712 327; x_wconf 75' lang='lat' dir='ltr'><strong>LXIV.</strong></span> 
     </span>
    </p>
   </div>
   <div class='ocr_carea' id='block_1_4' title="bbox 3233 275 3367 331">
    <p class='ocr_par' dir='ltr' id='par_1_4' title="bbox 3233 275 3367 331">
     <span class='ocr_line' id='line_1_4' title="bbox 3233 275 3367 331; baseline -0.015 0"><span class='ocrx_word' id='word_1_10' title='bbox 3233 275 3367 331; x_wconf 77' lang='grc' dir='ltr'><strong>ΙΗϐ</strong></span> 
     </span>
    </p>
   </div>
   <div class='ocr_carea' id='block_1_5' title="bbox 121 373 1697 455">
    <p class='ocr_par' dir='ltr' id='par_1_5' title="bbox 121 373 1685 454">
     <span class='ocr_line' id='line_1_5' title="bbox 121 373 1685 454; baseline 0.003 -23"><span class='ocrx_word' id='word_1_11' title='bbox 121 379 175 431; x_wconf 76' lang='grc' dir='ltr'>τὸ</span> <span class='ocrx_word' id='word_1_12' title='bbox 200 373 334 430; x_wconf 75' lang='grc' dir='ltr'>εἶναι</span> <span class='ocrx_word' id='word_1_13' title='bbox 360 376 494 448; x_wconf 60' lang='lat'><strong>($3)‘</strong></span> <span class='ocrx_word' id='word_1_14' title='bbox 527 375 603 447; x_wconf 79' lang='grc' dir='ltr'>μὴ</span> <span class='ocrx_word' id='word_1_15' title='bbox 636 375 910 447; x_wconf 77' lang='grc' dir='ltr'><strong>δεσμῶται</strong></span> <span class='ocrx_word' id='word_1_16' title='bbox 942 378 1008 430; x_wconf 84' lang='grc' dir='ltr'><strong>δι’</strong></span> <span class='ocrx_word' id='word_1_17' title='bbox 1032 379 1202 450; x_wconf 72' lang='grc' dir='ltr'>αὐτὴν</span> <span class='ocrx_word' id='word_1_18' title='bbox 1242 383 1299 434; x_wconf 77' lang='grc' dir='ltr'><strong>ἐν</strong></span> <span class='ocrx_word' id='word_1_19' title='bbox 1339 385 1407 453; x_wconf 82' lang='grc' dir='ltr'>τῇ</span> <span class='ocrx_word' id='word_1_20' title='bbox 1440 382 1685 454; x_wconf 77' lang='grc' dir='ltr'><strong>βασιλείᾳ</strong></span> 
     </span>
    </p>
   </div>
   <div class='ocr_carea' id='block_1_6' title="bbox 1807 373 3364 455">
    <p class='ocr_par' dir='ltr' id='par_1_6' title="bbox 1807 385 3364 455">
     <span class='ocr_line' id='line_1_6' title="bbox 1807 385 3364 455; baseline 0.005 -17"><span class='ocrx_word' id='word_1_21' title='bbox 1807 400 1856 439; x_wconf 75' lang='lat' dir='ltr'><strong>ie</strong></span> <span class='ocrx_word' id='word_1_22' title='bbox 1880 385 2228 455; x_wconf 70' lang='lat' dir='ltr'><strong>sempiternis</strong></span> <span class='ocrx_word' id='word_1_23' title='bbox 2264 386 2500 442; x_wconf 83' lang='lat' dir='ltr'><strong>vinculis</strong></span> <span class='ocrx_word' id='word_1_24' title='bbox 2529 388 2916 443; x_wconf 82' lang='lat' dir='ltr'><strong>sceleratorum</strong></span> <span class='ocrx_word' id='word_1_25' title='bbox 2951 392 3127 444; x_wconf 74' lang='lat' dir='ltr'><strong>instar</strong></span> <span class='ocrx_word' id='word_1_26' title='bbox 3162 390 3364 446; x_wconf 91' lang='lat' dir='ltr'><strong>addicti</strong></span> 
     </span>
    </p>
   </div>
   <div class='ocr_carea' id='block_1_7' title="bbox 122 469 1688 543">
    <p class='ocr_par' dir='ltr' id='par_1_7' title="bbox 122 469 1688 543">
     <span class='ocr_line' id='line_1_7' title="bbox 122 469 1688 543; baseline 0.003 -20"><span class='ocrx_word' id='word_1_27' title='bbox 122 471 205 523; x_wconf 80' lang='grc' dir='ltr'><strong>τοῦ</strong></span> <span class='ocrx_word' id='word_1_28' title='bbox 242 471 441 539; x_wconf 78' lang='grc' dir='ltr'>φωτὸς,</span> <span class='ocrx_word' id='word_1_29' title='bbox 482 469 549 541; x_wconf 65' lang='grc' dir='ltr'><strong>ἢν</strong></span> <span class='ocrx_word' id='word_1_30' title='bbox 587 469 1067 541; x_wconf 79' lang='grc' dir='ltr'>ἀπολαμϐάνομεν,</span> <span class='ocrx_word' id='word_1_31' title='bbox 1092 472 1352 543; x_wconf 89' lang='grc' dir='ltr'>ἐσόμεθα,</span> <span class='ocrx_word' id='word_1_32' title='bbox 1390 474 1479 527; x_wconf 74' lang='grc' dir='ltr'>διὰ</span> <span class='ocrx_word' id='word_1_33' title='bbox 1529 474 1688 528; x_wconf 77' lang='grc' dir='ltr'>τοῦτο</span> 
     </span>
    </p>
   </div>
   <div class='ocr_carea' id='block_1_8' title="bbox 122 561 620 631">
    <p class='ocr_par' dir='ltr' id='par_1_8' title="bbox 122 561 620 631">
     <span class='ocr_line' id='line_1_8' title="bbox 122 561 620 631; baseline -0.002 -18"><span class='ocrx_word' id='word_1_34' title='bbox 122 561 210 615; x_wconf 81' lang='grc' dir='ltr'><strong>οὐκ</strong></span> <span class='ocrx_word' id='word_1_35' title='bbox 229 561 620 631; x_wconf 82' lang='grc' dir='ltr'>ἀναστήσεται.</span> 
     </span>
    </p>
   </div>
   <div class='ocr_carea' id='block_1_9' title="bbox 1793 476 3362 549">
    <p class='ocr_par' dir='ltr' id='par_1_9' title="bbox 1793 476 3362 549">
     <span class='ocr_line' id='line_1_9' title="bbox 1793 476 3362 549; baseline 0.005 -20"><span class='ocrx_word' id='word_1_36' title='bbox 1793 476 2236 540; x_wconf 90' lang='lat' dir='ltr'><strong>videamur,cum</strong></span> <span class='ocrx_word' id='word_1_37' title='bbox 2258 478 2312 531; x_wconf 90' lang='lat' dir='ltr'><strong>in</strong></span> <span class='ocrx_word' id='word_1_38' title='bbox 2340 477 2520 532; x_wconf 90' lang='lat' dir='ltr'><strong>lucido</strong></span> <span class='ocrx_word' id='word_1_39' title='bbox 2540 479 2633 532; x_wconf 91' lang='lat' dir='ltr'><strong>illo</strong></span> <span class='ocrx_word' id='word_1_40' title='bbox 2656 494 2824 549; x_wconf 78' lang='lat' dir='ltr'><strong>regno</strong></span> <span class='ocrx_word' id='word_1_41' title='bbox 2850 481 3024 534; x_wconf 88' lang='lat' dir='ltr'><strong>simus</strong></span> <span class='ocrx_word' id='word_1_42' title='bbox 3051 481 3362 537; x_wconf 87' lang='lat' dir='ltr'><strong>habitaturi.</strong></span> 
     </span>
    </p>
   </div>
   <div class='ocr_carea' id='block_1_10' title="bbox 1794 567 3365 631">
    <p class='ocr_par' dir='ltr' id='par_1_10' title="bbox 1794 567 3365 631">
     <span class='ocr_line' id='line_1_10' title="bbox 1794 567 3365 631; baseline 0.005 -10"><span class='ocrx_word' id='word_1_43' title='bbox 1794 567 1931 621; x_wconf 81' lang='lat' dir='ltr'><strong>Cum</strong></span> <span class='ocrx_word' id='word_1_44' title='bbox 1987 568 2131 622; x_wconf 83' lang='lat' dir='ltr'><strong>enim</strong></span> <span class='ocrx_word' id='word_1_45' title='bbox 2183 568 2399 624; x_wconf 82' lang='lat' dir='ltr'><strong>abunde</strong></span> <span class='ocrx_word' id='word_1_46' title='bbox 2448 569 2716 624; x_wconf 88' lang='lat' dir='ltr'><strong>dissoluta</strong></span> <span class='ocrx_word' id='word_1_47' title='bbox 2769 588 2834 625; x_wconf 91' lang='lat' dir='ltr'><strong>ac</strong></span> <span class='ocrx_word' id='word_1_48' title='bbox 2879 572 3107 627; x_wconf 80' lang='lat' dir='ltr'><strong>refutata</strong></span> <span class='ocrx_word' id='word_1_49' title='bbox 3162 576 3234 631; x_wconf 88' lang='lat' dir='ltr'><strong>sit</strong></span> <span class='ocrx_word' id='word_1_50' title='bbox 3276 577 3365 629; x_wconf 88' lang='lat' dir='ltr'><strong>illa</strong></span> 
     </span>
    </p>
   </div>
   <div class='ocr_carea' id='block_1_11' title="bbox 123 656 3368 736">
    <p class='ocr_par' dir='ltr' id='par_1_11' title="bbox 123 656 3368 736">
     <span class='ocr_line' id='line_1_11' title="bbox 123 656 3368 736; baseline 0.004 -24"><span class='ocrx_word' id='word_1_51' title='bbox 123 657 407 723; x_wconf 84' lang='lat' dir='ltr'><strong>sententia,</strong></span> <span class='ocrx_word' id='word_1_52' title='bbox 426 672 559 726; x_wconf 70' lang='lat' dir='ltr'><strong>qua:</strong></span> <span class='ocrx_word' id='word_1_53' title='bbox 591 656 787 712; x_wconf 68' lang='lat' dir='ltr'><strong>animae</strong></span> <span class='ocrx_word' id='word_1_54' title='bbox 829 656 1108 712; x_wconf 83' lang='lat' dir='ltr'><strong>vinculum</strong></span> <span class='ocrx_word' id='word_1_55' title='bbox 1160 673 1386 724; x_wconf 77' lang='lat' dir='ltr'><strong>carnem</strong></span> <span class='ocrx_word' id='word_1_56' title='bbox 1441 674 1566 715; x_wconf 83' lang='lat' dir='ltr'><strong>esse</strong></span> <span class='ocrx_word' id='word_1_57' title='bbox 1617 660 1932 725; x_wconf 80' lang='lat' dir='ltr'><strong>deﬁniebat,</strong></span> <span class='ocrx_word' id='word_1_58' title='bbox 1989 678 2095 715; x_wconf 89' lang='lat' dir='ltr'><strong>una</strong></span> <span class='ocrx_word' id='word_1_59' title='bbox 2127 664 2338 717; x_wconf 88' lang='lat' dir='ltr'><strong>etillud</strong></span> <span class='ocrx_word' id='word_1_60' title='bbox 2372 664 2670 731; x_wconf 73' lang='lat' dir='ltr'><strong>refellitur;</strong></span> <span class='ocrx_word' id='word_1_61' title='bbox 2719 679 2920 736; x_wconf 87' lang='lat' dir='ltr'><strong>corpus</strong></span> <span class='ocrx_word' id='word_1_62' title='bbox 2973 668 3096 724; x_wconf 90' lang='lat' dir='ltr'><strong>ideo</strong></span> <span class='ocrx_word' id='word_1_63' title='bbox 3147 671 3368 726; x_wconf 91' lang='lat' dir='ltr'><strong>minime</strong></span> 
     </span>
    </p>
   </div>
   <div class='ocr_carea' id='block_1_12' title="bbox 123 753 2802 827">
    <p class='ocr_par' dir='ltr' id='par_1_12' title="bbox 123 753 2802 827">
     <span class='ocr_line' id='line_1_12' title="bbox 123 753 2802 827; baseline 0.002 -19"><span class='ocrx_word' id='word_1_64' title='bbox 123 760 593 818; x_wconf 84' lang='lat' dir='ltr'><strong>resurrecturum;</strong></span> <span class='ocrx_word' id='word_1_65' title='bbox 628 768 699 808; x_wconf 89' lang='lat' dir='ltr'><strong>ne</strong></span> <span class='ocrx_word' id='word_1_66' title='bbox 733 753 788 807; x_wconf 91' lang='lat' dir='ltr'><strong>in</strong></span> <span class='ocrx_word' id='word_1_67' title='bbox 820 753 1106 823; x_wconf 89' lang='lat' dir='ltr'><strong>splendido</strong></span> <span class='ocrx_word' id='word_1_68' title='bbox 1132 754 1224 810; x_wconf 83' lang='lat' dir='ltr'><strong>illo</strong></span> <span class='ocrx_word' id='word_1_69' title='bbox 1259 771 1447 825; x_wconf 77' lang='lat' dir='ltr'><strong>regno,</strong></span> <span class='ocrx_word' id='word_1_70' title='bbox 1479 756 1525 811; x_wconf 91' lang='lat' dir='ltr'><strong>si</strong></span> <span class='ocrx_word' id='word_1_71' title='bbox 1560 757 1695 809; x_wconf 89' lang='lat' dir='ltr'><strong>illud</strong></span> <span class='ocrx_word' id='word_1_72' title='bbox 1727 756 2123 827; x_wconf 74' lang='lat' dir='ltr'><strong>receperimus.</strong></span> <span class='ocrx_word' id='word_1_73' title='bbox 2154 758 2321 813; x_wconf 87' lang='lat' dir='ltr'><strong>vincti</strong></span> <span class='ocrx_word' id='word_1_74' title='bbox 2349 773 2473 815; x_wconf 85' lang='lat' dir='ltr'><strong>esse</strong></span> <span class='ocrx_word' id='word_1_75' title='bbox 2497 758 2802 813; x_wconf 81' lang='lat' dir='ltr'><strong>videamur.</strong></span> 
     </span>
    </p>
   </div>
   <div class='ocr_carea' id='block_1_13' title="bbox 182 846 1691 923">
    <p class='ocr_par' dir='ltr' id='par_1_13' title="bbox 182 846 1691 923">
     <span class='ocr_line' id='line_1_13' title="bbox 182 846 1691 923; baseline 0.001 -20"><span class='ocrx_word' id='word_1_76' title='bbox 182 851 329 917; x_wconf 59' lang='lat' dir='ltr'><strong>MCT.</strong></span> <span class='ocrx_word' id='word_1_77' title='bbox 363 848 613 904; x_wconf 80' lang='grc' dir='ltr'>Ποταπδν</span> <span class='ocrx_word' id='word_1_78' title='bbox 655 849 761 920; x_wconf 85' lang='grc' dir='ltr'><strong>γὰρ</strong></span> <span class='ocrx_word' id='word_1_79' title='bbox 798 849 984 904; x_wconf 85' lang='grc' dir='ltr'>λοιπὸν</span> <span class='ocrx_word' id='word_1_80' title='bbox 1010 851 1091 914; x_wconf 85' lang='grc' dir='ltr'>εἰς</span> <span class='ocrx_word' id='word_1_81' title='bbox 1125 850 1297 904; x_wconf 84' lang='grc' dir='ltr'>πειθὼ</span> <span class='ocrx_word' id='word_1_82' title='bbox 1339 855 1448 915; x_wconf 81' lang='grc' dir='ltr'>τοῖς</span> <span class='ocrx_word' id='word_1_83' title='bbox 1499 846 1691 923; x_wconf 57' lang='lat' dir='ltr'><strong>busie-</strong></span> 
     </span>
    </p>
   </div>
   <div class='ocr_carea' id='block_1_14' title="bbox 124 939 1693 1011">
    <p class='ocr_par' dir='ltr' id='par_1_14' title="bbox 124 939 1693 1011">
     <span class='ocr_line' id='line_1_14' title="bbox 124 939 1693 1011; baseline 0.003 -19"><span class='ocrx_word' id='word_1_84' title='bbox 124 940 391 1011; x_wconf 86' lang='grc' dir='ltr'>ραίνουσιν</span> <span class='ocrx_word' id='word_1_85' title='bbox 423 940 609 1011; x_wconf 72' lang='grc' dir='ltr'>ἕτερον</span> <span class='ocrx_word' id='word_1_86' title='bbox 651 939 933 1010; x_wconf 89' lang='grc' dir='ltr'>άλήθευμα</span> <span class='ocrx_word' id='word_1_87' title='bbox 973 939 1077 1011; x_wconf 81' lang='grc' dir='ltr'><strong>χρὴ</strong></span> <span class='ocrx_word' id='word_1_88' title='bbox 1117 940 1413 1007; x_wconf 81' lang='grc' dir='ltr'><strong>δεικνύναι,</strong></span> <span class='ocrx_word' id='word_1_89' title='bbox 1454 943 1535 1004; x_wconf 85' lang='grc' dir='ltr'><strong>είς</strong></span> <span class='ocrx_word' id='word_1_90' title='bbox 1589 960 1693 997; x_wconf 89' lang='grc' dir='ltr'>πα-</span> 
     </span>
    </p>
   </div>
   <div class='ocr_carea' id='block_1_15' title="bbox 120 1030 1694 1105">
    <p class='ocr_par' dir='ltr' id='par_1_15' title="bbox 120 1030 1694 1105">
     <span class='ocr_line' id='line_1_15' title="bbox 120 1030 1694 1105; baseline 0.003 -22"><span class='ocrx_word' id='word_1_91' title='bbox 120 1032 232 1099; x_wconf 86' lang='grc' dir='ltr'>γίδα</span> <span class='ocrx_word' id='word_1_92' title='bbox 266 1031 367 1102; x_wconf 77' lang='grc' dir='ltr'>τὴν</span> <span class='ocrx_word' id='word_1_93' title='bbox 398 1031 576 1102; x_wconf 85' lang='grc' dir='ltr'>σάρκα</span> <span class='ocrx_word' id='word_1_94' title='bbox 619 1031 773 1101; x_wconf 88' lang='grc' dir='ltr'>δίκην</span> <span class='ocrx_word' id='word_1_95' title='bbox 810 1030 1109 1100; x_wconf 78' lang='grc' dir='ltr'><strong>ὑφέξουσαν</strong></span> <span class='ocrx_word' id='word_1_96' title='bbox 1141 1032 1249 1086; x_wconf 89' lang='grc' dir='ltr'><strong>τῶν</strong></span> <span class='ocrx_word' id='word_1_97' title='bbox 1291 1034 1694 1105; x_wconf 79' lang='grc' dir='ltr'><strong>ἡμαρτημένων</strong></span> 
     </span>
    </p>
   </div>
   <div class='ocr_carea' id='block_1_16' title="bbox 120 1120 1695 1195">
    <p class='ocr_par' dir='ltr' id='par_1_16' title="bbox 120 1120 1695 1195">
     <span class='ocr_line' id='line_1_16' title="bbox 120 1120 1695 1195; baseline 0.003 -21"><span class='ocrx_word' id='word_1_98' title='bbox 120 1122 404 1193; x_wconf 71' lang='grc' dir='ltr'>ἐμϐιϐάζει</span> <span class='ocrx_word' id='word_1_99' title='bbox 429 1138 443 1152; x_wconf 74' lang='grc' dir='ltr'><strong>ο</strong></span> <span class='ocrx_word' id='word_1_100' title='bbox 470 1122 607 1193; x_wconf 85' lang='grc' dir='ltr'>ὅπερ</span> <span class='ocrx_word' id='word_1_101' title='bbox 638 1123 658 1153; x_wconf 80' lang='grc'>²</span> <span class='ocrx_word' id='word_1_102' title='bbox 690 1120 891 1191; x_wconf 79' lang='grc' dir='ltr'>μᾶλλον</span> <span class='ocrx_word' id='word_1_103' title='bbox 917 1121 951 1192; x_wconf 79' lang='grc' dir='ltr'>ἢ</span> <span class='ocrx_word' id='word_1_104' title='bbox 977 1120 1287 1193; x_wconf 79' lang='grc' dir='ltr'>ὁρθοδοξίας</span> <span class='ocrx_word' id='word_1_105' title='bbox 1305 1123 1472 1177; x_wconf 85' lang='grc' dir='ltr'>ἐστίν.</span> <span class='ocrx_word' id='word_1_106' title='bbox 1497 1125 1559 1177; x_wconf 81' lang='grc' dir='ltr'><strong>Εἰ</strong></span> <span class='ocrx_word' id='word_1_107' title='bbox 1585 1124 1695 1195; x_wconf 80' lang='grc' dir='ltr'>γὰρ</span> 
     </span>
    </p>
   </div>
   <div class='ocr_carea' id='block_1_17' title="bbox 120 1211 1697 1287">
    <p class='ocr_par' dir='ltr' id='par_1_17' title="bbox 120 1211 1697 1287">
     <span class='ocr_line' id='line_1_17' title="bbox 120 1211 1697 1287; baseline 0.001 -22"><span class='ocrx_word' id='word_1_108' title='bbox 120 1212 217 1281; x_wconf 78' lang='grc' dir='ltr'><strong>πρὸ</strong></span> <span class='ocrx_word' id='word_1_109' title='bbox 245 1213 350 1283; x_wconf 79' lang='grc' dir='ltr'>τῆς</span> <span class='ocrx_word' id='word_1_110' title='bbox 383 1212 771 1283; x_wconf 77' lang='grc' dir='ltr'>παραϐάσεως,</span> <span class='ocrx_word' id='word_1_111' title='bbox 803 1211 1054 1283; x_wconf 88' lang='grc' dir='ltr'>καθάπερ</span> <span class='ocrx_word' id='word_1_112' title='bbox 1084 1213 1186 1284; x_wconf 77' lang='grc' dir='ltr'><strong>ήδη</strong></span> <span class='ocrx_word' id='word_1_113' title='bbox 1218 1215 1314 1268; x_wconf 69' lang='grc' dir='ltr'><strong>καὶ</strong></span> <span class='ocrx_word' id='word_1_114' title='bbox 1360 1216 1417 1269; x_wconf 86' lang='grc' dir='ltr'>ἐν</span> <span class='ocrx_word' id='word_1_115' title='bbox 1447 1218 1559 1279; x_wconf 89' lang='grc' dir='ltr'>τοῖς</span> <span class='ocrx_word' id='word_1_116' title='bbox 1596 1215 1697 1287; x_wconf 76' lang='grc' dir='ltr'>ἐμ-</span> 
     </span>
    </p>
   </div>
   <div class='ocr_carea' id='block_1_18' title="bbox 120 1302 1691 1377">
    <p class='ocr_par' dir='ltr' id='par_1_18' title="bbox 120 1302 1691 1377">
     <span class='ocr_line' id='line_1_18' title="bbox 120 1302 1691 1377; baseline 0.001 -24"><span class='ocrx_word' id='word_1_117' title='bbox 120 1303 353 1373; x_wconf 80' lang='grc' dir='ltr'>προσθεν</span> <span class='ocrx_word' id='word_1_118' title='bbox 395 1302 724 1374; x_wconf 81' lang='grc' dir='ltr'>ἐξεθέμεθα,</span> <span class='ocrx_word' id='word_1_119' title='bbox 770 1302 1001 1375; x_wconf 85' lang='grc' dir='ltr'>σώματα.</span> <span class='ocrx_word' id='word_1_120' title='bbox 1049 1304 1343 1375; x_wconf 78' lang='grc' dir='ltr'><strong>ἐκέκτηντο</strong></span> <span class='ocrx_word' id='word_1_121' title='bbox 1385 1306 1442 1360; x_wconf 88' lang='grc' dir='ltr'><strong>αί</strong></span> <span class='ocrx_word' id='word_1_122' title='bbox 1500 1304 1691 1377; x_wconf 74' lang='grc' dir='ltr'>ψυχαὶ,</span> 
     </span>
    </p>
   </div>
   <div class='ocr_carea' id='block_1_19' title="bbox 119 1392 1697 1467">
    <p class='ocr_par' dir='ltr' id='par_1_19' title="bbox 119 1392 1697 1467">
     <span class='ocr_line' id='line_1_19' title="bbox 119 1392 1697 1467; baseline 0 -18"><span class='ocrx_word' id='word_1_123' title='bbox 119 1396 228 1459; x_wconf 77' lang='grc' dir='ltr'><strong>πῶς</strong></span> <span class='ocrx_word' id='word_1_124' title='bbox 266 1397 349 1459; x_wconf 82' lang='grc' dir='ltr'><strong>είς</strong></span> <span class='ocrx_word' id='word_1_125' title='bbox 404 1394 609 1463; x_wconf 89' lang='grc' dir='ltr'>παγίδα</span> <span class='ocrx_word' id='word_1_126' title='bbox 660 1392 888 1466; x_wconf 78' lang='grc' dir='ltr'>ὕστερον</span> <span class='ocrx_word' id='word_1_127' title='bbox 944 1394 1082 1466; x_wconf 86' lang='grc' dir='ltr'><strong>μετὰ</strong></span> <span class='ocrx_word' id='word_1_128' title='bbox 1126 1396 1225 1467; x_wconf 83' lang='grc' dir='ltr'><strong>τὴν</strong></span> <span class='ocrx_word' id='word_1_129' title='bbox 1261 1395 1572 1467; x_wconf 81' lang='grc' dir='ltr'>παράσασιν</span> <span class='ocrx_word' id='word_1_130' title='bbox 1616 1397 1697 1459; x_wconf 84' lang='grc' dir='ltr'><strong>είς</strong></span> 
     </span>
    </p>
   </div>
   <div class='ocr_carea' id='block_1_20' title="bbox 121 1482 1699 1561">
    <p class='ocr_par' dir='ltr' id='par_1_20' title="bbox 121 1482 1699 1561">
     <span class='ocr_line' id='line_1_20' title="bbox 121 1482 1699 1561; baseline 0.003 -22"><span class='ocrx_word' id='word_1_131' title='bbox 121 1488 275 1558; x_wconf 85' lang='grc' dir='ltr'>σῶμα</span> <span class='ocrx_word' id='word_1_132' title='bbox 302 1486 713 1558; x_wconf 72' lang='grc' dir='ltr'>ἐμϐιϐάζονται,</span> <span class='ocrx_word' id='word_1_133' title='bbox 736 1488 836 1541; x_wconf 77' lang='grc' dir='ltr'><strong>οὐκ</strong></span> <span class='ocrx_word' id='word_1_134' title='bbox 865 1487 1018 1552; x_wconf 78' lang='grc' dir='ltr'>ὄντος</span> <span class='ocrx_word' id='word_1_135' title='bbox 1044 1488 1260 1560; x_wconf 83' lang='grc' dir='ltr'>χρόνου,</span> <span class='ocrx_word' id='word_1_136' title='bbox 1286 1490 1344 1543; x_wconf 85' lang='grc' dir='ltr'>ἐν</span> <span class='ocrx_word' id='word_1_137' title='bbox 1372 1482 1416 1558; x_wconf 79' lang='grc' dir='ltr'>ᾧ</span> <span class='ocrx_word' id='word_1_138' title='bbox 1444 1489 1572 1561; x_wconf 73' lang='grc' dir='ltr'>πρὶν</span> <span class='ocrx_word' id='word_1_139' title='bbox 1606 1488 1699 1543; x_wconf 79' lang='grc' dir='ltr'><strong>αὖ·</strong></span> 
     </span>
    </p>
   </div>
   <div class='ocr_carea' id='block_1_21' title="bbox 118 1578 1699 1654">
    <p class='ocr_par' dir='ltr' id='par_1_21' title="bbox 118 1578 1699 1654">
     <span class='ocr_line' id='line_1_21' title="bbox 118 1578 1699 1654; baseline 0.003 -23"><span class='ocrx_word' id='word_1_140' title='bbox 118 1581 210 1645; x_wconf 65' lang='grc' dir='ltr'><strong>τὰς</strong></span> <span class='ocrx_word' id='word_1_141' title='bbox 242 1579 304 1633; x_wconf 80' lang='grc' dir='ltr'><strong>τὸ</strong></span> <span class='ocrx_word' id='word_1_142' title='bbox 347 1579 509 1651; x_wconf 87' lang='grc' dir='ltr'>σῶμα</span> <span class='ocrx_word' id='word_1_143' title='bbox 537 1579 720 1635; x_wconf 78' lang='grc' dir='ltr'>λαϐεῖν</span> <span class='ocrx_word' id='word_1_144' title='bbox 757 1578 1174 1652; x_wconf 83' lang='grc' dir='ltr'>ἐξημάρτοσαν;</span> <span class='ocrx_word' id='word_1_145' title='bbox 1225 1583 1299 1636; x_wconf 83' lang='grc' dir='ltr'><strong>Οὐ</strong></span> <span class='ocrx_word' id='word_1_146' title='bbox 1333 1581 1444 1654; x_wconf 78' lang='grc' dir='ltr'>γὰρ</span> <span class='ocrx_word' id='word_1_147' title='bbox 1488 1581 1699 1653; x_wconf 75' lang='grc' dir='ltr'>ἐμφρο-</span> 
     </span>
    </p>
   </div>
   <div class='ocr_carea' id='block_1_22' title="bbox 1867 851 3369 923">
    <p class='ocr_par' dir='ltr' id='par_1_22' title="bbox 1867 851 3369 923">
     <span class='ocr_line' id='line_1_22' title="bbox 1867 851 3369 923; baseline 0.006 -18"><span class='ocrx_word' id='word_1_148' title='bbox 1867 851 2050 907; x_wconf 78' lang='lat' dir='ltr'><strong>XLVI.</strong></span> <span class='ocrx_word' id='word_1_149' title='bbox 2089 853 2221 919; x_wconf 70' lang='lat' dir='ltr'><strong>Qua:</strong></span> <span class='ocrx_word' id='word_1_150' title='bbox 2248 856 2415 920; x_wconf 89' lang='lat' dir='ltr'><strong>enim,</strong></span> <span class='ocrx_word' id='word_1_151' title='bbox 2449 855 2541 908; x_wconf 90' lang='lat' dir='ltr'><strong>illa</strong></span> <span class='ocrx_word' id='word_1_152' title='bbox 2573 855 2809 923; x_wconf 90' lang='lat' dir='ltr'><strong>sublata,</strong></span> <span class='ocrx_word' id='word_1_153' title='bbox 2841 864 2987 911; x_wconf 90' lang='lat' dir='ltr'><strong>certa</strong></span> <span class='ocrx_word' id='word_1_154' title='bbox 3016 872 3079 911; x_wconf 90' lang='lat' dir='ltr'><strong>ac</strong></span> <span class='ocrx_word' id='word_1_155' title='bbox 3108 866 3369 914; x_wconf 80' lang='lat' dir='ltr'><strong>constans</strong></span> 
     </span>
    </p>
   </div>
   <div class='ocr_carea' id='block_1_23' title="bbox 1791 945 3371 1017">
    <p class='ocr_par' dir='ltr' id='par_1_23' title="bbox 1791 945 3371 1017">
     <span class='ocr_line' id='line_1_23' title="bbox 1791 945 3371 1017; baseline 0.003 -19"><span class='ocrx_word' id='word_1_156' title='bbox 1791 946 1933 998; x_wconf 86' lang='lat' dir='ltr'><strong>ratio</strong></span> <span class='ocrx_word' id='word_1_157' title='bbox 1959 960 2083 999; x_wconf 91' lang='lat' dir='ltr'><strong>esse</strong></span> <span class='ocrx_word' id='word_1_158' title='bbox 2114 952 2312 1015; x_wconf 83' lang='lat' dir='ltr'><strong>pmest,</strong></span> <span class='ocrx_word' id='word_1_159' title='bbox 2340 960 2447 1014; x_wconf 78' lang='lat' dir='ltr'><strong>qua</strong></span> <span class='ocrx_word' id='word_1_160' title='bbox 2476 945 2529 999; x_wconf 91' lang='lat' dir='ltr'><strong>id</strong></span> <span class='ocrx_word' id='word_1_161' title='bbox 2553 960 2696 1016; x_wconf 70' lang='lat' dir='ltr'><strong>aegre</strong></span> <span class='ocrx_word' id='word_1_162' title='bbox 2721 945 3025 1002; x_wconf 80' lang='lat' dir='ltr'><strong>ferentibus</strong></span> <span class='ocrx_word' id='word_1_163' title='bbox 3051 948 3371 1017; x_wconf 86' lang='lat' dir='ltr'><strong>persuaderi</strong></span> 
     </span>
    </p>
   </div>
   <div class='ocr_carea' id='block_1_24' title="bbox 1791 1035 3374 1106">
    <p class='ocr_par' dir='ltr' id='par_1_24' title="bbox 1791 1035 3374 1106">
     <span class='ocr_line' id='line_1_24' title="bbox 1791 1035 3374 1106; baseline 0.003 -22"><span class='ocrx_word' id='word_1_164' title='bbox 1791 1035 1987 1105; x_wconf 79' lang='lat' dir='ltr'><strong>possit,</strong></span> <span class='ocrx_word' id='word_1_165' title='bbox 2046 1037 2283 1089; x_wconf 89' lang='lat' dir='ltr'><strong>animam</strong></span> <span class='ocrx_word' id='word_1_166' title='bbox 2334 1043 2394 1089; x_wconf 91' lang='lat' dir='ltr'><strong>ut</strong></span> <span class='ocrx_word' id='word_1_167' title='bbox 2442 1036 2763 1091; x_wconf 87' lang='lat' dir='ltr'><strong>delictorum</strong></span> <span class='ocrx_word' id='word_1_168' title='bbox 2801 1051 3025 1091; x_wconf 86' lang='lat' dir='ltr'><strong>suorum</strong></span> <span class='ocrx_word' id='word_1_169' title='bbox 3062 1052 3251 1106; x_wconf 64' lang='lat' dir='ltr'><strong>pinnas</strong></span> <span class='ocrx_word' id='word_1_170' title='bbox 3278 1052 3374 1091; x_wconf 79' lang='lat' dir='ltr'><strong>ex-</strong></span> 
     </span>
    </p>
   </div>
   <div class='ocr_carea' id='block_1_25' title="bbox 1793 1128 3375 1198">
    <p class='ocr_par' dir='ltr' id='par_1_25' title="bbox 1793 1128 3375 1198">
     <span class='ocr_line' id='line_1_25' title="bbox 1793 1128 3375 1198; baseline -0.003 -12"><span class='ocrx_word' id='word_1_171' title='bbox 1793 1130 1988 1192; x_wconf 85' lang='lat' dir='ltr'><strong>solvat,</strong></span> <span class='ocrx_word' id='word_1_172' title='bbox 2013 1129 2068 1183; x_wconf 93' lang='lat' dir='ltr'><strong>in</strong></span> <span class='ocrx_word' id='word_1_173' title='bbox 2100 1129 2243 1184; x_wconf 88' lang='lat' dir='ltr'><strong>hanc</strong></span> <span class='ocrx_word' id='word_1_174' title='bbox 2273 1144 2491 1184; x_wconf 87' lang='lat' dir='ltr'><strong>carnem</strong></span> <span class='ocrx_word' id='word_1_175' title='bbox 2549 1128 2696 1182; x_wconf 90' lang='lat' dir='ltr'><strong>velut</strong></span> <span class='ocrx_word' id='word_1_176' title='bbox 2744 1128 2799 1182; x_wconf 94' lang='lat' dir='ltr'><strong>in</strong></span> <span class='ocrx_word' id='word_1_177' title='bbox 2847 1128 3099 1198; x_wconf 83' lang='lat' dir='ltr'><strong>laqueum</strong></span> <span class='ocrx_word' id='word_1_178' title='bbox 3132 1128 3375 1198; x_wconf 87' lang='lat' dir='ltr'><strong>conjici?</strong></span> 
     </span>
    </p>
   </div>
   <div class='ocr_carea' id='block_1_26' title="bbox 1792 1219 3379 1291">
    <p class='ocr_par' dir='ltr' id='par_1_26' title="bbox 1792 1219 3379 1291">
     <span class='ocr_line' id='line_1_26' title="bbox 1792 1219 3379 1291; baseline 0.001 -18"><span class='ocrx_word' id='word_1_179' title='bbox 1792 1220 1939 1291; x_wconf 88' lang='lat' dir='ltr'><strong>quod</strong></span> <span class='ocrx_word' id='word_1_180' title='bbox 1994 1220 2241 1275; x_wconf 69' lang='lat' dir='ltr'><strong>stultitia:</strong></span> <span class='ocrx_word' id='word_1_181' title='bbox 2296 1220 2491 1290; x_wconf 75' lang='lat' dir='ltr'><strong>magis,</strong></span> <span class='ocrx_word' id='word_1_182' title='bbox 2522 1234 2687 1289; x_wconf 91' lang='lat' dir='ltr'><strong>quam</strong></span> <span class='ocrx_word' id='word_1_183' title='bbox 2715 1219 2945 1274; x_wconf 69' lang='lat' dir='ltr'><strong>sincera:</strong></span> <span class='ocrx_word' id='word_1_184' title='bbox 2977 1220 3098 1275; x_wconf 89' lang='lat' dir='ltr'><strong>lidei</strong></span> <span class='ocrx_word' id='word_1_185' title='bbox 3130 1220 3379 1274; x_wconf 55' lang='lat' dir='ltr'><strong>tribuens</strong></span> 
     </span>
    </p>
   </div>
   <div class='ocr_carea' id='block_1_27' title="bbox 1792 1308 3373 1381">
    <p class='ocr_par' dir='ltr' id='par_1_27' title="bbox 1792 1308 3373 1381">
     <span class='ocr_line' id='line_1_27' title="bbox 1792 1308 3373 1381; baseline -0.003 -15"><span class='ocrx_word' id='word_1_186' title='bbox 1792 1311 1922 1366; x_wconf 88' lang='lat' dir='ltr'><strong>dum</strong></span> <span class='ocrx_word' id='word_1_187' title='bbox 1960 1318 2080 1375; x_wconf 89' lang='lat' dir='ltr'><strong>est;</strong></span> <span class='ocrx_word' id='word_1_188' title='bbox 2111 1324 2237 1363; x_wconf 91' lang='lat' dir='ltr'><strong>nam</strong></span> <span class='ocrx_word' id='word_1_189' title='bbox 2290 1324 2415 1363; x_wconf 90' lang='lat' dir='ltr'><strong>cum</strong></span> <span class='ocrx_word' id='word_1_190' title='bbox 2461 1317 2588 1381; x_wconf 90' lang='lat' dir='ltr'><strong>ante</strong></span> <span class='ocrx_word' id='word_1_191' title='bbox 2616 1309 2875 1363; x_wconf 83' lang='lat' dir='ltr'><strong>violatum</strong></span> <span class='ocrx_word' id='word_1_192' title='bbox 2912 1308 3002 1364; x_wconf 90' lang='lat' dir='ltr'><strong>Dei</strong></span> <span class='ocrx_word' id='word_1_193' title='bbox 3035 1309 3373 1372; x_wconf 85' lang='lat' dir='ltr'><strong>mandatum,</strong></span> 
     </span>
    </p>
   </div>
   <div class='ocr_carea' id='block_1_28' title="bbox 1794 1399 3376 1470">
    <p class='ocr_par' dir='ltr' id='par_1_28' title="bbox 1794 1399 3376 1470">
     <span class='ocr_line' id='line_1_28' title="bbox 1794 1399 3376 1470; baseline -0.003 -13"><span class='ocrx_word' id='word_1_194' title='bbox 1794 1409 1855 1457; x_wconf 88' lang='lat' dir='ltr'><strong>ut</strong></span> <span class='ocrx_word' id='word_1_195' title='bbox 1886 1411 2047 1456; x_wconf 85' lang='lat' dir='ltr'><strong>antea</strong></span> <span class='ocrx_word' id='word_1_196' title='bbox 2083 1401 2530 1463; x_wconf 87' lang='lat' dir='ltr'><strong>monstravimus,</strong></span> <span class='ocrx_word' id='word_1_197' title='bbox 2553 1401 2877 1470; x_wconf 78' lang='lat' dir='ltr'><strong>corporibus</strong></span> <span class='ocrx_word' id='word_1_198' title='bbox 2908 1401 3143 1470; x_wconf 70' lang='lat' dir='ltr'><strong>praedita:</strong></span> <span class='ocrx_word' id='word_1_199' title='bbox 3173 1399 3376 1454; x_wconf 83' lang='lat' dir='ltr'><strong>fuerint</strong></span> 
     </span>
    </p>
   </div>
   <div class='ocr_carea' id='block_1_29' title="bbox 1794 1491 3375 1563">
    <p class='ocr_par' dir='ltr' id='par_1_29' title="bbox 1794 1491 3375 1563">
     <span class='ocr_line' id='line_1_29' title="bbox 1794 1491 3375 1563; baseline -0.001 -16"><span class='ocrx_word' id='word_1_200' title='bbox 1794 1494 2011 1558; x_wconf 60' lang='lat' dir='ltr'><strong>animas,</strong></span> <span class='ocrx_word' id='word_1_201' title='bbox 2046 1506 2284 1563; x_wconf 90' lang='lat' dir='ltr'><strong>quonam</strong></span> <span class='ocrx_word' id='word_1_202' title='bbox 2326 1499 2486 1562; x_wconf 84' lang='lat' dir='ltr'><strong>pacto</strong></span> <span class='ocrx_word' id='word_1_203' title='bbox 2534 1492 2835 1547; x_wconf 90' lang='lat' dir='ltr'><strong>secundum</strong></span> <span class='ocrx_word' id='word_1_204' title='bbox 2881 1492 3141 1547; x_wconf 88' lang='lat' dir='ltr'><strong>delictum</strong></span> <span class='ocrx_word' id='word_1_205' title='bbox 3173 1491 3375 1546; x_wconf 89' lang='lat' dir='ltr'><strong>includi</strong></span> 
     </span>
    </p>
   </div>
   <div class='ocr_carea' id='block_1_30' title="bbox 1795 1592 3373 1657">
    <p class='ocr_par' dir='ltr' id='par_1_30' title="bbox 1795 1592 3373 1657">
     <span class='ocr_line' id='line_1_30' title="bbox 1795 1592 3373 1657; baseline -0.005 -15"><span class='ocrx_word' id='word_1_206' title='bbox 1795 1600 2028 1657; x_wconf 89' lang='lat' dir='ltr'><strong>corpore</strong></span> <span class='ocrx_word' id='word_1_207' title='bbox 2066 1593 2383 1656; x_wconf 87' lang='lat' dir='ltr'><strong>potuerunt,</strong></span> <span class='ocrx_word' id='word_1_208' title='bbox 2412 1600 2536 1639; x_wconf 89' lang='lat' dir='ltr'><strong>cum</strong></span> <span class='ocrx_word' id='word_1_209' title='bbox 2568 1600 2676 1639; x_wconf 89' lang='lat' dir='ltr'><strong>non</strong></span> <span class='ocrx_word' id='word_1_210' title='bbox 2713 1592 2969 1655; x_wconf 86' lang='lat' dir='ltr'><strong>suppetat</strong></span> <span class='ocrx_word' id='word_1_211' title='bbox 2999 1593 3212 1653; x_wconf 88' lang='lat' dir='ltr'><strong>tempus</strong></span> <span class='ocrx_word' id='word_1_212' title='bbox 3243 1599 3373 1653; x_wconf 84' lang='lat' dir='ltr'><strong>quo,</strong></span> 
     </span>
    </p>
   </div>
   <div class='ocr_carea' id='block_1_31' title="bbox 119 1671 1697 1773">
    <p class='ocr_par' dir='ltr' id='par_1_31' title="bbox 119 1671 1697 1749">
     <span class='ocr_line' id='line_1_31' title="bbox 119 1671 1697 1749; baseline 0.004 -25"><span class='ocrx_word' id='word_1_213' title='bbox 119 1690 201 1733; x_wconf 84' lang='lat' dir='ltr'><strong>vo;</strong></span> <span class='ocrx_word' id='word_1_214' title='bbox 222 1671 317 1725; x_wconf 80' lang='grc' dir='ltr'>ὁτὲ</span> <span class='ocrx_word' id='word_1_215' title='bbox 354 1673 452 1741; x_wconf 86' lang='grc' dir='ltr'>μὲν</span> <span class='ocrx_word' id='word_1_216' title='bbox 482 1672 558 1736; x_wconf 88' lang='grc' dir='ltr'>ὼς</span> <span class='ocrx_word' id='word_1_217' title='bbox 590 1672 680 1726; x_wconf 77' lang='grc' dir='ltr'>διὰ</span> <span class='ocrx_word' id='word_1_218' title='bbox 701 1672 761 1727; x_wconf 85' lang='grc' dir='ltr'>τὺ</span> <span class='ocrx_word' id='word_1_219' title='bbox 791 1672 952 1744; x_wconf 90' lang='grc' dir='ltr'>σῶμα</span> <span class='ocrx_word' id='word_1_220' title='bbox 981 1673 1159 1745; x_wconf 85' lang='grc' dir='ltr'>λέγειν</span> <span class='ocrx_word' id='word_1_221' title='bbox 1189 1675 1288 1739; x_wconf 82' lang='grc' dir='ltr'>τὰς</span> <span class='ocrx_word' id='word_1_222' title='bbox 1317 1675 1494 1746; x_wconf 79' lang='grc' dir='ltr'>ψυχὰς</span> <span class='ocrx_word' id='word_1_223' title='bbox 1517 1679 1697 1749; x_wconf 84' lang='grc' dir='ltr'>ἡμαρ-</span> 
     </span>
    </p>
   </div>
   <div class='ocr_carea' id='block_1_32' title="bbox 1807 1671 3379 1773">
    <p class='ocr_par' dir='ltr' id='par_1_32' title="bbox 1807 1674 3379 1748">
     <span class='ocr_line' id='line_1_32' title="bbox 1807 1674 3379 1748; baseline -0.003 -18"><span class='ocrx_word' id='word_1_224' title='bbox 1807 1677 2119 1748; x_wconf 87' lang='lat' dir='ltr'><strong>priusquam</strong></span> <span class='ocrx_word' id='word_1_225' title='bbox 2140 1691 2343 1746; x_wconf 91' lang='lat' dir='ltr'><strong>corpus</strong></span> <span class='ocrx_word' id='word_1_226' title='bbox 2376 1675 2684 1741; x_wconf 84' lang='lat' dir='ltr'><strong>induerent,</strong></span> <span class='ocrx_word' id='word_1_227' title='bbox 2716 1676 2767 1729; x_wconf 89' lang='lat' dir='ltr'><strong>in</strong></span> <span class='ocrx_word' id='word_1_228' title='bbox 2799 1684 3081 1746; x_wconf 89' lang='lat' dir='ltr'><strong>peccatum</strong></span> <span class='ocrx_word' id='word_1_229' title='bbox 3110 1674 3379 1744; x_wconf 54' lang='lat' dir='ltr'><strong>prolapsa</strong></span> 
     </span>
    </p>
   </div>
   <div class='ocr_carea' id='block_1_33' title="bbox 117 1764 1697 1839">
    <p class='ocr_par' dir='ltr' id='par_1_33' title="bbox 117 1764 1697 1838">
     <span class='ocr_line' id='line_1_33' title="bbox 117 1764 1697 1838; baseline 0.006 -23"><span class='ocrx_word' id='word_1_230' title='bbox 117 1764 365 1827; x_wconf 78' lang='grc' dir='ltr'>τηκὲναι,</span> <span class='ocrx_word' id='word_1_231' title='bbox 390 1765 481 1817; x_wconf 83' lang='grc' dir='ltr'>ὁτὲ</span> <span class='ocrx_word' id='word_1_232' title='bbox 501 1764 580 1829; x_wconf 80' lang='grc' dir='ltr'>δὲ,</span> <span class='ocrx_word' id='word_1_233' title='bbox 608 1765 907 1837; x_wconf 76' lang='grc' dir='ltr'><strong>ἐπειδήπερ</strong></span> <span class='ocrx_word' id='word_1_234' title='bbox 940 1767 1291 1838; x_wconf 86' lang='grc' dir='ltr'>ήμάρτησαν,</span> <span class='ocrx_word' id='word_1_235' title='bbox 1317 1769 1404 1822; x_wconf 79' lang='grc' dir='ltr'>διὰ</span> <span class='ocrx_word' id='word_1_236' title='bbox 1432 1770 1587 1823; x_wconf 82' lang='grc' dir='ltr'>τοῦτο</span> <span class='ocrx_word' id='word_1_237' title='bbox 1606 1772 1697 1825; x_wconf 71' lang='grc' dir='ltr'><strong>καὶ</strong></span> 
     </span>
    </p>
   </div>
   <div class='ocr_carea' id='block_1_34' title="bbox 1807 1764 3379 1839">
    <p class='ocr_par' dir='ltr' id='par_1_34' title="bbox 1807 1768 3379 1839">
     <span class='ocr_line' id='line_1_34' title="bbox 1807 1768 3379 1839; baseline -0.002 -15"><span class='ocrx_word' id='word_1_238' title='bbox 1807 1770 1963 1825; x_wconf 80' lang='lat' dir='ltr'><strong>sunt?</strong></span> <span class='ocrx_word' id='word_1_239' title='bbox 1994 1768 2180 1838; x_wconf 85' lang='lat' dir='ltr'><strong>Neque</strong></span> <span class='ocrx_word' id='word_1_240' title='bbox 2206 1784 2335 1823; x_wconf 86' lang='lat' dir='ltr'><strong>vero</strong></span> <span class='ocrx_word' id='word_1_241' title='bbox 2368 1770 2453 1823; x_wconf 87' lang='lat' dir='ltr'><strong>sui</strong></span> <span class='ocrx_word' id='word_1_242' title='bbox 2483 1784 2708 1839; x_wconf 91' lang='lat' dir='ltr'><strong>compos</strong></span> <span class='ocrx_word' id='word_1_243' title='bbox 2737 1778 2837 1828; x_wconf 89' lang='lat' dir='ltr'><strong>est,</strong></span> <span class='ocrx_word' id='word_1_244' title='bbox 2872 1768 2965 1838; x_wconf 88' lang='lat' dir='ltr'><strong>qui</strong></span> <span class='ocrx_word' id='word_1_245' title='bbox 2995 1768 3131 1822; x_wconf 89' lang='lat' dir='ltr'><strong>alias</strong></span> <span class='ocrx_word' id='word_1_246' title='bbox 3160 1778 3379 1837; x_wconf 84' lang='lat' dir='ltr'><strong>propter</strong></span> 
     </span>
    </p>
   </div>
   <div class='ocr_carea' id='block_1_35' title="bbox 118 1855 1698 1932">
    <p class='ocr_par' dir='ltr' id='par_1_35' title="bbox 118 1855 1698 1932">
     <span class='ocr_line' id='line_1_35' title="bbox 118 1855 1698 1932; baseline 0.007 -26"><span class='ocrx_word' id='word_1_247' title='bbox 118 1855 317 1925; x_wconf 81' lang='grc' dir='ltr'>δεσμὸν</span> <span class='ocrx_word' id='word_1_248' title='bbox 344 1856 493 1921; x_wconf 71' lang='grc' dir='ltr'>αὐτὸ,</span> <span class='ocrx_word' id='word_1_249' title='bbox 524 1857 617 1909; x_wconf 80' lang='grc' dir='ltr'><strong>καὶ</strong></span> <span class='ocrx_word' id='word_1_250' title='bbox 651 1857 853 1926; x_wconf 81' lang='grc' dir='ltr'>παγίδα</span> <span class='ocrx_word' id='word_1_251' title='bbox 885 1857 1021 1929; x_wconf 86' lang='grc' dir='ltr'>πρὸς</span> <span class='ocrx_word' id='word_1_252' title='bbox 1048 1859 1372 1932; x_wconf 83' lang='grc' dir='ltr'><strong>κατάκρισιν</strong></span> <span class='ocrx_word' id='word_1_253' title='bbox 1395 1862 1698 1929; x_wconf 85' lang='grc' dir='ltr'>γεγονέναι.</span> 
     </span>
    </p>
   </div>
   <div class='ocr_carea' id='block_1_36' title="bbox 119 1947 1703 2022">
    <p class='ocr_par' dir='ltr' id='par_1_36' title="bbox 119 1947 1703 2022">
     <span class='ocr_line' id='line_1_36' title="bbox 119 1947 1703 2022; baseline 0.009 -22"><span class='ocrx_word' id='word_1_254' title='bbox 119 1949 177 2001; x_wconf 77' lang='grc' dir='ltr'><strong>Εἰ</strong></span> <span class='ocrx_word' id='word_1_255' title='bbox 204 1948 317 2018; x_wconf 73' lang='grc' dir='ltr'><strong>γάρ</strong></span> <span class='ocrx_word' id='word_1_256' title='bbox 355 1947 444 2001; x_wconf 73' lang='grc' dir='ltr'>διὰ</span> <span class='ocrx_word' id='word_1_257' title='bbox 476 1948 539 2000; x_wconf 85' lang='grc' dir='ltr'><strong>τὸ</strong></span> <span class='ocrx_word' id='word_1_258' title='bbox 574 1947 736 2019; x_wconf 90' lang='grc' dir='ltr'>σῶμα</span> <span class='ocrx_word' id='word_1_259' title='bbox 766 1950 1033 2021; x_wconf 74' lang='grc' dir='ltr'>ἥμαρτον,</span> <span class='ocrx_word' id='word_1_260' title='bbox 1070 1950 1237 2019; x_wconf 81' lang='grc' dir='ltr'>συνῆν</span> <span class='ocrx_word' id='word_1_261' title='bbox 1270 1951 1378 2022; x_wconf 81' lang='grc' dir='ltr'>ἄρα</span> <span class='ocrx_word' id='word_1_262' title='bbox 1428 1950 1489 2016; x_wconf 81' lang='grc' dir='ltr'><strong>ἐξ</strong></span> <span class='ocrx_word' id='word_1_263' title='bbox 1524 1951 1703 2022; x_wconf 80' lang='grc' dir='ltr'>ἀρχῆς</span> 
     </span>
    </p>
   </div>
   <div class='ocr_carea' id='block_1_37' title="bbox 119 2040 1702 2115">
    <p class='ocr_par' dir='ltr' id='par_1_37' title="bbox 119 2040 1702 2115">
     <span class='ocr_line' id='line_1_37' title="bbox 119 2040 1702 2115; baseline 0.003 -23"><span class='ocrx_word' id='word_1_264' title='bbox 119 2041 312 2104; x_wconf 74' lang='grc' dir='ltr'>αὑταῖς</span> <span class='ocrx_word' id='word_1_265' title='bbox 345 2041 440 2094; x_wconf 72' lang='grc' dir='ltr'><strong>καὶ</strong></span> <span class='ocrx_word' id='word_1_266' title='bbox 467 2040 575 2110; x_wconf 81' lang='grc' dir='ltr'><strong>πρὸ</strong></span> <span class='ocrx_word' id='word_1_267' title='bbox 599 2040 699 2111; x_wconf 81' lang='grc' dir='ltr'>τῆς</span> <span class='ocrx_word' id='word_1_268' title='bbox 728 2041 1001 2112; x_wconf 84' lang='grc' dir='ltr'>ἁμαρτίας</span> <span class='ocrx_word' id='word_1_269' title='bbox 1028 2040 1089 2094; x_wconf 85' lang='grc' dir='ltr'><strong>τὸ</strong></span> <span class='ocrx_word' id='word_1_270' title='bbox 1128 2041 1303 2112; x_wconf 91' lang='grc' dir='ltr'>σῶμα.</span> <span class='ocrx_word' id='word_1_271' title='bbox 1336 2041 1459 2106; x_wconf 83' lang='grc' dir='ltr'>Πῶς</span> <span class='ocrx_word' id='word_1_272' title='bbox 1484 2043 1591 2115; x_wconf 84' lang='grc' dir='ltr'>γὰρ</span> <span class='ocrx_word' id='word_1_273' title='bbox 1615 2043 1702 2097; x_wconf 79' lang='grc' dir='ltr'>διὰ</span> 
     </span>
    </p>
   </div>
   <div class='ocr_carea' id='block_1_38' title="bbox 117 2130 1705 2206">
    <p class='ocr_par' dir='ltr' id='par_1_38' title="bbox 117 2130 1705 2206">
     <span class='ocr_line' id='line_1_38' title="bbox 117 2130 1705 2206; baseline 0.003 -21"><span class='ocrx_word' id='word_1_274' title='bbox 117 2133 276 2186; x_wconf 72' lang='grc' dir='ltr'>τοῦτο</span> <span class='ocrx_word' id='word_1_275' title='bbox 304 2133 641 2206; x_wconf 77' lang='grc' dir='ltr'>ἡμάρτανον,</span> <span class='ocrx_word' id='word_1_276' title='bbox 674 2134 702 2187; x_wconf 85' lang='grc' dir='ltr'><strong>ὃ</strong></span> <span class='ocrx_word' id='word_1_277' title='bbox 731 2134 806 2203; x_wconf 83' lang='grc' dir='ltr'>μὴ</span> <span class='ocrx_word' id='word_1_278' title='bbox 838 2130 906 2205; x_wconf 75' lang='grc' dir='ltr'><strong>ἦν</strong></span> <span class='ocrx_word' id='word_1_279' title='bbox 936 2134 1190 2203; x_wconf 77' lang='grc' dir='ltr'>μηδέπω;</span> <span class='ocrx_word' id='word_1_280' title='bbox 1225 2135 1286 2187; x_wconf 83' lang='lat' dir='ltr'><strong>El</strong></span> <span class='ocrx_word' id='word_1_281' title='bbox 1317 2134 1373 2187; x_wconf 87' lang='grc' dir='ltr'>δὲ</span> <span class='ocrx_word' id='word_1_282' title='bbox 1399 2137 1566 2203; x_wconf 77' lang='grc' dir='ltr'>παγὶς</span> <span class='ocrx_word' id='word_1_283' title='bbox 1598 2137 1705 2191; x_wconf 87' lang='grc' dir='ltr'>πά-</span> 
     </span>
    </p>
   </div>
   <div class='ocr_carea' id='block_1_39' title="bbox 117 2220 1701 2295">
    <p class='ocr_par' dir='ltr' id='par_1_39' title="bbox 117 2220 1701 2295">
     <span class='ocr_line' id='line_1_39' title="bbox 117 2220 1701 2295; baseline 0.001 -19"><span class='ocrx_word' id='word_1_284' title='bbox 117 2225 197 2277; x_wconf 81' lang='grc' dir='ltr'>λιν</span> <span class='ocrx_word' id='word_1_285' title='bbox 218 2222 373 2294; x_wconf 73' lang='grc' dir='ltr'>αὐτῷ</span> <span class='ocrx_word' id='word_1_286' title='bbox 396 2222 457 2276; x_wconf 76' lang='grc' dir='ltr'>τὸ</span> <span class='ocrx_word' id='word_1_287' title='bbox 486 2220 646 2294; x_wconf 88' lang='grc' dir='ltr'>σῶμα</span> <span class='ocrx_word' id='word_1_288' title='bbox 676 2223 770 2277; x_wconf 71' lang='grc' dir='ltr'>καὶ</span> <span class='ocrx_word' id='word_1_289' title='bbox 812 2222 970 2276; x_wconf 81' lang='grc' dir='ltr'>πέδαι</span> <span class='ocrx_word' id='word_1_290' title='bbox 1001 2222 1307 2293; x_wconf 72' lang='grc' dir='ltr'>νομίζεται,</span> <span class='ocrx_word' id='word_1_291' title='bbox 1358 2224 1453 2277; x_wconf 75' lang='grc' dir='ltr'>καὶ</span> <span class='ocrx_word' id='word_1_292' title='bbox 1480 2224 1701 2295; x_wconf 83' lang='grc' dir='ltr'>δεσμὸς,</span> 
     </span>
    </p>
   </div>
   <div class='ocr_carea' id='block_1_40' title="bbox 116 2312 1701 2388">
    <p class='ocr_par' dir='ltr' id='par_1_40' title="bbox 116 2312 1701 2388">
     <span class='ocr_line' id='line_1_40' title="bbox 116 2312 1701 2388; baseline 0 -19"><span class='ocrx_word' id='word_1_293' title='bbox 116 2315 303 2369; x_wconf 59' lang='grc' dir='ltr'>οὐκέτι</span> <span class='ocrx_word' id='word_1_294' title='bbox 354 2314 416 2367; x_wconf 85' lang='grc' dir='ltr'><strong>τὸ</strong></span> <span class='ocrx_word' id='word_1_295' title='bbox 466 2315 875 2386; x_wconf 86' lang='grc' dir='ltr'>συναμφότερον</span> <span class='ocrx_word' id='word_1_296' title='bbox 918 2312 1116 2379; x_wconf 86' lang='grc' dir='ltr'>αίτιον,</span> <span class='ocrx_word' id='word_1_297' title='bbox 1176 2314 1315 2367; x_wconf 84' lang='grc' dir='ltr'>ἀλλὰ</span> <span class='ocrx_word' id='word_1_298' title='bbox 1347 2314 1493 2386; x_wconf 79' lang='grc' dir='ltr'><strong>ψυχὴ</strong></span> <span class='ocrx_word' id='word_1_299' title='bbox 1542 2315 1701 2388; x_wconf 86' lang='grc' dir='ltr'>μόνη,</span> 
     </span>
    </p>
   </div>
   <div class='ocr_carea' id='block_1_41' title="bbox 120 2404 1706 2481">
    <p class='ocr_par' dir='ltr' id='par_1_41' title="bbox 120 2404 1706 2481">
     <span class='ocr_line' id='line_1_41' title="bbox 120 2404 1706 2481; baseline -0.001 -17"><span class='ocrx_word' id='word_1_300' title='bbox 120 2409 475 2481; x_wconf 79' lang='grc' dir='ltr'>ἁμαρτῆσαν.</span> <span class='ocrx_word' id='word_1_301' title='bbox 512 2407 579 2460; x_wconf 82' lang='grc' dir='ltr'>Τί</span> <span class='ocrx_word' id='word_1_302' title='bbox 612 2406 739 2477; x_wconf 85' lang='grc' dir='ltr'>γάρ-</span> <span class='ocrx_word' id='word_1_303' title='bbox 779 2404 917 2477; x_wconf 82' lang='grc' dir='ltr'>μετὰ</span> <span class='ocrx_word' id='word_1_304' title='bbox 959 2405 1021 2458; x_wconf 85' lang='grc' dir='ltr'>τὸ</span> <span class='ocrx_word' id='word_1_305' title='bbox 1053 2407 1370 2479; x_wconf 82' lang='grc' dir='ltr'>άμαρτῆσαι</span> <span class='ocrx_word' id='word_1_306' title='bbox 1412 2408 1490 2479; x_wconf 84' lang='grc' dir='ltr'>τῷ</span> <span class='ocrx_word' id='word_1_307' title='bbox 1521 2410 1706 2480; x_wconf 83' lang='grc' dir='ltr'>ἀμαρ-</span> 
     </span>
    </p>
   </div>
   <div class='ocr_carea' id='block_1_42' title="bbox 117 2495 1705 2571">
    <p class='ocr_par' dir='ltr' id='par_1_42' title="bbox 117 2495 1705 2571">
     <span class='ocr_line' id='line_1_42' title="bbox 117 2495 1705 2571; baseline 0.001 -19"><span class='ocrx_word' id='word_1_308' title='bbox 117 2501 382 2571; x_wconf 85' lang='grc' dir='ltr'>τήσαντι;</span> <span class='ocrx_word' id='word_1_309' title='bbox 413 2495 601 2568; x_wconf 81' lang='grc' dir='ltr'>Δεσμὰ</span> <span class='ocrx_word' id='word_1_310' title='bbox 630 2498 726 2550; x_wconf 78' lang='grc' dir='ltr'><strong>καὶ</strong></span> <span class='ocrx_word' id='word_1_311' title='bbox 754 2496 1002 2565; x_wconf 86' lang='grc' dir='ltr'>παγίδες,</span> <span class='ocrx_word' id='word_1_312' title='bbox 1038 2497 1133 2550; x_wconf 75' lang='grc' dir='ltr'><strong>καὶ</strong></span> <span class='ocrx_word' id='word_1_313' title='bbox 1164 2498 1320 2551; x_wconf 82' lang='grc' dir='ltr'>πέδαι</span> <span class='ocrx_word' id='word_1_314' title='bbox 1363 2499 1705 2554; x_wconf 79' lang='grc' dir='ltr'>κατασκευάο</span> 
     </span>
    </p>
   </div>
   <div class='ocr_carea' id='block_1_43' title="bbox 117 2589 1705 2662">
    <p class='ocr_par' dir='ltr' id='par_1_43' title="bbox 117 2589 1705 2662">
     <span class='ocr_line' id='line_1_43' title="bbox 117 2589 1705 2662; baseline 0.001 -18"><span class='ocrx_word' id='word_1_315' title='bbox 117 2591 331 2655; x_wconf 75' lang='grc' dir='ltr'>ζονται.</span> <span class='ocrx_word' id='word_1_316' title='bbox 373 2589 533 2643; x_wconf 78' lang='grc' dir='ltr'>Ἀλλὰ</span> <span class='ocrx_word' id='word_1_317' title='bbox 573 2589 671 2659; x_wconf 85' lang='grc' dir='ltr'>μὲν</span> <span class='ocrx_word' id='word_1_318' title='bbox 716 2589 779 2661; x_wconf 80' lang='grc' dir='ltr'><strong>δὴ</strong></span> <span class='ocrx_word' id='word_1_319' title='bbox 826 2589 1281 2661; x_wconf 81' lang='grc' dir='ltr'>ὡμολογήσαμεν,</span> <span class='ocrx_word' id='word_1_320' title='bbox 1328 2591 1403 2662; x_wconf 80' lang='grc' dir='ltr'>μὴ</span> <span class='ocrx_word' id='word_1_321' title='bbox 1445 2590 1705 2645; x_wconf 78' lang='grc' dir='ltr'>δύνασθαι</span> 
     </span>
    </p>
   </div>
   <div class='ocr_carea' id='block_1_44' title="bbox 115 2676 1706 2754">
    <p class='ocr_par' dir='ltr' id='par_1_44' title="bbox 115 2676 1706 2754">
     <span class='ocr_line' id='line_1_44' title="bbox 115 2676 1706 2754; baseline 0.001 -19"><span class='ocrx_word' id='word_1_322' title='bbox 115 2683 319 2754; x_wconf 84' lang='grc' dir='ltr'>δεσμὸν</span> <span class='ocrx_word' id='word_1_323' title='bbox 356 2676 493 2735; x_wconf 74' lang='grc' dir='ltr'>εἶναι</span> <span class='ocrx_word' id='word_1_324' title='bbox 520 2680 582 2733; x_wconf 76' lang='grc' dir='ltr'>τὸ</span> <span class='ocrx_word' id='word_1_325' title='bbox 612 2680 773 2751; x_wconf 87' lang='grc' dir='ltr'>σῶμα</span> <span class='ocrx_word' id='word_1_326' title='bbox 801 2680 900 2751; x_wconf 83' lang='grc' dir='ltr'>τῆς</span> <span class='ocrx_word' id='word_1_327' title='bbox 919 2679 1099 2751; x_wconf 79' lang='grc' dir='ltr'>ψυχῆς</span> <span class='ocrx_word' id='word_1_328' title='bbox 1121 2698 1134 2711; x_wconf 92' lang='grc'><strong>·</strong></span> <span class='ocrx_word' id='word_1_329' title='bbox 1170 2682 1362 2754; x_wconf 79' lang='grc' dir='ltr'>ἐπειδὴ</span> <span class='ocrx_word' id='word_1_330' title='bbox 1385 2682 1446 2735; x_wconf 79' lang='grc' dir='ltr'>τὸ</span> <span class='ocrx_word' id='word_1_331' title='bbox 1475 2683 1573 2754; x_wconf 82' lang='grc' dir='ltr'><strong>μὲν</strong></span> <span class='ocrx_word' id='word_1_332' title='bbox 1598 2682 1706 2736; x_wconf 86' lang='grc' dir='ltr'>σῶ-</span> 
     </span>
    </p>
   </div>
   <div class='ocr_carea' id='block_1_45' title="bbox 118 2772 1708 2845">
    <p class='ocr_par' dir='ltr' id='par_1_45' title="bbox 118 2772 1708 2845">
     <span class='ocr_line' id='line_1_45' title="bbox 118 2772 1708 2845; baseline 0.001 -19"><span class='ocrx_word' id='word_1_333' title='bbox 118 2793 196 2845; x_wconf 88' lang='grc' dir='ltr'>μα</span> <span class='ocrx_word' id='word_1_334' title='bbox 238 2772 381 2843; x_wconf 77' lang='grc' dir='ltr'>πρὸς</span> <span class='ocrx_word' id='word_1_335' title='bbox 409 2772 669 2842; x_wconf 79' lang='grc' dir='ltr'>ἑκάτερα,</span> <span class='ocrx_word' id='word_1_336' title='bbox 704 2772 800 2825; x_wconf 75' lang='grc' dir='ltr'><strong>καὶ</strong></span> <span class='ocrx_word' id='word_1_337' title='bbox 848 2774 987 2845; x_wconf 81' lang='grc' dir='ltr'>πρὸς</span> <span class='ocrx_word' id='word_1_338' title='bbox 1036 2772 1100 2825; x_wconf 78' lang='grc' dir='ltr'><strong>τὸ</strong></span> <span class='ocrx_word' id='word_1_339' title='bbox 1152 2772 1361 2827; x_wconf 84' lang='grc' dir='ltr'>δίκαιον</span> <span class='ocrx_word' id='word_1_340' title='bbox 1394 2774 1488 2827; x_wconf 79' lang='grc' dir='ltr'>καὶ</span> <span class='ocrx_word' id='word_1_341' title='bbox 1521 2773 1708 2828; x_wconf 76' lang='grc' dir='ltr'>ἄδικον</span> 
     </span>
    </p>
   </div>
   <div class='ocr_carea' id='block_1_46' title="bbox 118 2861 1705 2935">
    <p class='ocr_par' dir='ltr' id='par_1_46' title="bbox 118 2861 1705 2935">
     <span class='ocr_line' id='line_1_46' title="bbox 118 2861 1705 2935; baseline 0.001 -17"><span class='ocrx_word' id='word_1_342' title='bbox 118 2866 402 2935; x_wconf 73' lang='grc' dir='ltr'>συνεργεῖ,</span> <span class='ocrx_word' id='word_1_343' title='bbox 446 2866 474 2917; x_wconf 88' lang='grc' dir='ltr'><strong>ό</strong></span> <span class='ocrx_word' id='word_1_344' title='bbox 520 2863 577 2916; x_wconf 77' lang='grc' dir='ltr'>δὲ</span> <span class='ocrx_word' id='word_1_345' title='bbox 630 2863 829 2933; x_wconf 81' lang='grc' dir='ltr'>δεσμὸς</span> <span class='ocrx_word' id='word_1_346' title='bbox 879 2862 1055 2933; x_wconf 73' lang='grc' dir='ltr'>εἴργει</span> <span class='ocrx_word' id='word_1_347' title='bbox 1100 2861 1195 2915; x_wconf 83' lang='grc' dir='ltr'>τοῦ</span> <span class='ocrx_word' id='word_1_348' title='bbox 1246 2863 1471 2919; x_wconf 82' lang='grc' dir='ltr'>ἀδικεῖν.</span> <span class='ocrx_word' id='word_1_349' title='bbox 1520 2864 1705 2930; x_wconf 83' lang='grc' dir='ltr'>Ὥστε,</span> 
     </span>
    </p>
   </div>
   <div class='ocr_carea' id='block_1_47' title="bbox 114 2953 1705 3029">
    <p class='ocr_par' dir='ltr' id='par_1_47' title="bbox 114 2953 1705 3029">
     <span class='ocr_line' id='line_1_47' title="bbox 114 2953 1705 3029; baseline -0.001 -18"><span class='ocrx_word' id='word_1_350' title='bbox 114 2959 258 3029; x_wconf 79' lang='grc' dir='ltr'>ὅπερ</span> <span class='ocrx_word' id='word_1_351' title='bbox 285 2956 453 3024; x_wconf 82' lang='grc' dir='ltr'>λέγω,</span> <span class='ocrx_word' id='word_1_352' title='bbox 483 2955 629 3009; x_wconf 86' lang='grc' dir='ltr'>δυοῖν</span> <span class='ocrx_word' id='word_1_353' title='bbox 658 2954 906 3026; x_wconf 86' lang='grc' dir='ltr'>θάτερον.</span> <span class='ocrx_word' id='word_1_354' title='bbox 943 2956 1011 3007; x_wconf 87' lang='grc' dir='ltr'><strong>Ἦ</strong></span> <span class='ocrx_word' id='word_1_355' title='bbox 1041 2953 1149 3025; x_wconf 87' lang='grc' dir='ltr'><strong>γάρ</strong></span> <span class='ocrx_word' id='word_1_356' title='bbox 1174 2954 1234 3019; x_wconf 83' lang='grc' dir='ltr'><strong>ἐξ</strong></span> <span class='ocrx_word' id='word_1_357' title='bbox 1257 2954 1433 3026; x_wconf 76' lang='grc' dir='ltr'>ἀρχῆς</span> <span class='ocrx_word' id='word_1_358' title='bbox 1460 2956 1705 3028; x_wconf 84' lang='grc' dir='ltr'>ήμάρτο-</span> 
     </span>
    </p>
   </div>
   <div class='ocr_carea' id='block_1_48' title="bbox 1798 1860 3377 1931">
    <p class='ocr_par' dir='ltr' id='par_1_48' title="bbox 1798 1860 3377 1931">
     <span class='ocr_line' id='line_1_48' title="bbox 1798 1860 3377 1931; baseline -0.002 -17"><span class='ocrx_word' id='word_1_359' title='bbox 1798 1874 2000 1929; x_wconf 91' lang='lat' dir='ltr'><strong>corpus</strong></span> <span class='ocrx_word' id='word_1_360' title='bbox 2022 1875 2280 1930; x_wconf 89' lang='lat' dir='ltr'><strong>peccasse</strong></span> <span class='ocrx_word' id='word_1_361' title='bbox 2301 1860 2457 1931; x_wconf 82' lang='lat'><strong>571</strong></span> <span class='ocrx_word' id='word_1_362' title='bbox 2480 1872 2633 1931; x_wconf 90' lang='lat' dir='ltr'><strong>putat</strong></span> <span class='ocrx_word' id='word_1_363' title='bbox 2654 1861 2886 1925; x_wconf 77' lang='lat' dir='ltr'><strong>animas,</strong></span> <span class='ocrx_word' id='word_1_364' title='bbox 2911 1861 3069 1925; x_wconf 90' lang='lat' dir='ltr'><strong>alias,</strong></span> <span class='ocrx_word' id='word_1_365' title='bbox 3091 1869 3377 1929; x_wconf 84' lang='lat' dir='ltr'><strong>postquam</strong></span> 
     </span>
    </p>
   </div>
   <div class='ocr_carea' id='block_1_49' title="bbox 1800 1951 3379 2023">
    <p class='ocr_par' dir='ltr' id='par_1_49' title="bbox 1800 1951 3379 2023">
     <span class='ocr_line' id='line_1_49' title="bbox 1800 1951 3379 2023; baseline -0.001 -18"><span class='ocrx_word' id='word_1_366' title='bbox 1800 1952 2171 2022; x_wconf 87' lang='lat' dir='ltr'><strong>peccaverint,</strong></span> <span class='ocrx_word' id='word_1_367' title='bbox 2208 1953 2399 2008; x_wconf 87' lang='lat' dir='ltr'><strong>eodem</strong></span> <span class='ocrx_word' id='word_1_368' title='bbox 2426 1953 2519 2006; x_wconf 90' lang='lat' dir='ltr'><strong>illo</strong></span> <span class='ocrx_word' id='word_1_369' title='bbox 2552 1968 2781 2023; x_wconf 91' lang='lat' dir='ltr'><strong>corpore</strong></span> <span class='ocrx_word' id='word_1_370' title='bbox 2810 1962 3067 2022; x_wconf 87' lang='lat' dir='ltr'><strong>tanquam</strong></span> <span class='ocrx_word' id='word_1_371' title='bbox 3093 1951 3288 2005; x_wconf 89' lang='lat' dir='ltr'><strong>vinclis</strong></span> <span class='ocrx_word' id='word_1_372' title='bbox 3316 1964 3379 2004; x_wconf 88' lang='lat' dir='ltr'><strong>ac</strong></span> 
     </span>
    </p>
   </div>
   <div class='ocr_carea' id='block_1_50' title="bbox 1800 2041 3383 2113">
    <p class='ocr_par' dir='ltr' id='par_1_50' title="bbox 1800 2041 3383 2113">
     <span class='ocr_line' id='line_1_50' title="bbox 1800 2041 3383 2113; baseline -0.001 -15"><span class='ocrx_word' id='word_1_373' title='bbox 1800 2042 2155 2112; x_wconf 86' lang='lat' dir='ltr'><strong>compedibus</strong></span> <span class='ocrx_word' id='word_1_374' title='bbox 2180 2041 2349 2099; x_wconf 81' lang='lat' dir='ltr'><strong>fuisse</strong></span> <span class='ocrx_word' id='word_1_375' title='bbox 2363 2043 2669 2098; x_wconf 89' lang='lat' dir='ltr'><strong>damnatas.</strong></span> <span class='ocrx_word' id='word_1_376' title='bbox 2692 2043 2749 2097; x_wconf 84' lang='lat' dir='ltr'><strong>Si</strong></span> <span class='ocrx_word' id='word_1_377' title='bbox 2774 2044 2917 2097; x_wconf 90' lang='lat' dir='ltr'><strong>enim</strong></span> <span class='ocrx_word' id='word_1_378' title='bbox 2946 2050 3167 2113; x_wconf 84' lang='lat' dir='ltr'><strong>propter</strong></span> <span class='ocrx_word' id='word_1_379' title='bbox 3184 2057 3383 2111; x_wconf 89' lang='lat' dir='ltr'><strong>corpus</strong></span> 
     </span>
    </p>
   </div>
   <div class='ocr_carea' id='block_1_51' title="bbox 1800 2133 3385 2205">
    <p class='ocr_par' dir='ltr' id='par_1_51' title="bbox 1800 2133 3385 2205">
     <span class='ocr_line' id='line_1_51' title="bbox 1800 2133 3385 2205; baseline -0.002 -15"><span class='ocrx_word' id='word_1_380' title='bbox 1800 2134 2150 2205; x_wconf 87' lang='lat' dir='ltr'><strong>deliquerint,</strong></span> <span class='ocrx_word' id='word_1_381' title='bbox 2188 2149 2311 2187; x_wconf 93' lang='lat' dir='ltr'><strong>cum</strong></span> <span class='ocrx_word' id='word_1_382' title='bbox 2342 2148 2408 2189; x_wconf 93' lang='lat' dir='ltr'><strong>eo</strong></span> <span class='ocrx_word' id='word_1_383' title='bbox 2456 2134 2539 2188; x_wconf 86' lang='lat' dir='ltr'><strong>vel</strong></span> <span class='ocrx_word' id='word_1_384' title='bbox 2572 2141 2699 2188; x_wconf 88' lang='lat' dir='ltr'><strong>ante</strong></span> <span class='ocrx_word' id='word_1_385' title='bbox 2750 2141 3033 2204; x_wconf 88' lang='lat' dir='ltr'><strong>peceatum</strong></span> <span class='ocrx_word' id='word_1_386' title='bbox 3079 2133 3385 2201; x_wconf 80' lang='lat' dir='ltr'><strong>conjunctae</strong></span> 
     </span>
    </p>
   </div>
   <div class='ocr_carea' id='block_1_52' title="bbox 1804 2221 3386 2295">
    <p class='ocr_par' dir='ltr' id='par_1_52' title="bbox 1804 2221 3386 2295">
     <span class='ocr_line' id='line_1_52' title="bbox 1804 2221 3386 2295; baseline -0.001 -16"><span class='ocrx_word' id='word_1_387' title='bbox 1804 2225 2007 2279; x_wconf 85' lang='lat' dir='ltr'><strong>fuerint</strong></span> <span class='ocrx_word' id='word_1_388' title='bbox 2029 2232 2266 2294; x_wconf 89' lang='lat' dir='ltr'><strong>oportet.</strong></span> <span class='ocrx_word' id='word_1_389' title='bbox 2286 2223 2504 2293; x_wconf 84' lang='lat' dir='ltr'><strong>Alioqui</strong></span> <span class='ocrx_word' id='word_1_390' title='bbox 2527 2231 2748 2294; x_wconf 90' lang='lat' dir='ltr'><strong>propter</strong></span> <span class='ocrx_word' id='word_1_391' title='bbox 2770 2223 2821 2277; x_wconf 90' lang='lat' dir='ltr'><strong>id</strong></span> <span class='ocrx_word' id='word_1_392' title='bbox 2849 2222 2993 2295; x_wconf 92' lang='lat' dir='ltr'><strong>quod</strong></span> <span class='ocrx_word' id='word_1_393' title='bbox 3022 2221 3265 2278; x_wconf 88' lang='lat' dir='ltr'><strong>nondum</strong></span> <span class='ocrx_word' id='word_1_394' title='bbox 3298 2237 3386 2277; x_wconf 82' lang='lat' dir='ltr'><strong>ex-</strong></span> 
     </span>
    </p>
   </div>
   <div class='ocr_carea' id='block_1_53' title="bbox 1804 2311 3387 2382">
    <p class='ocr_par' dir='ltr' id='par_1_53' title="bbox 1804 2311 3387 2382">
     <span class='ocr_line' id='line_1_53' title="bbox 1804 2311 3387 2382; baseline -0.001 -13"><span class='ocrx_word' id='word_1_395' title='bbox 1804 2314 2043 2375; x_wconf 87' lang='lat' dir='ltr'><strong>stiterat,</strong></span> <span class='ocrx_word' id='word_1_396' title='bbox 2066 2326 2328 2382; x_wconf 83' lang='lat' dir='ltr'><strong>peccasse</strong></span> <span class='ocrx_word' id='word_1_397' title='bbox 2351 2312 2626 2381; x_wconf 92' lang='lat' dir='ltr'><strong>quomodo</strong></span> <span class='ocrx_word' id='word_1_398' title='bbox 2653 2313 2987 2381; x_wconf 71' lang='lat' dir='ltr'><strong>potuerunt?</strong></span> <span class='ocrx_word' id='word_1_399' title='bbox 3013 2311 3167 2380; x_wconf 85' lang='lat' dir='ltr'><strong>Quod</strong></span> <span class='ocrx_word' id='word_1_400' title='bbox 3199 2314 3246 2367; x_wconf 90' lang='lat' dir='ltr'><strong>si</strong></span> <span class='ocrx_word' id='word_1_401' title='bbox 3275 2312 3387 2367; x_wconf 86' lang='lat' dir='ltr'><strong>vin-</strong></span> 
     </span>
    </p>
   </div>
   <div class='ocr_carea' id='block_1_54' title="bbox 1803 2403 3385 2474">
    <p class='ocr_par' dir='ltr' id='par_1_54' title="bbox 1803 2403 3385 2474">
     <span class='ocr_line' id='line_1_54' title="bbox 1803 2403 3385 2474; baseline -0.002 -14"><span class='ocrx_word' id='word_1_402' title='bbox 1803 2405 1913 2460; x_wconf 89' lang='lat' dir='ltr'><strong>culi</strong></span> <span class='ocrx_word' id='word_1_403' title='bbox 1947 2405 2069 2459; x_wconf 91' lang='lat' dir='ltr'><strong>loco</strong></span> <span class='ocrx_word' id='word_1_404' title='bbox 2108 2404 2493 2474; x_wconf 89' lang='lat' dir='ltr'><strong>compedisque</strong></span> <span class='ocrx_word' id='word_1_405' title='bbox 2521 2418 2724 2474; x_wconf 86' lang='lat' dir='ltr'><strong>corpus</strong></span> <span class='ocrx_word' id='word_1_406' title='bbox 2767 2411 2851 2458; x_wconf 90' lang='lat' dir='ltr'><strong>est</strong></span> <span class='ocrx_word' id='word_1_407' title='bbox 2885 2403 3102 2468; x_wconf 62' lang='lat' dir='ltr'><strong>anima,</strong></span> <span class='ocrx_word' id='word_1_408' title='bbox 3134 2418 3244 2457; x_wconf 86' lang='lat' dir='ltr'><strong>non</strong></span> <span class='ocrx_word' id='word_1_409' title='bbox 3271 2403 3385 2473; x_wconf 84' lang='lat' dir='ltr'><strong>jam</strong></span> 
     </span>
    </p>
   </div>
   <div class='ocr_carea' id='block_1_55' title="bbox 1810 2493 3387 2566">
    <p class='ocr_par' dir='ltr' id='par_1_55' title="bbox 1810 2493 3387 2566">
     <span class='ocr_line' id='line_1_55' title="bbox 1810 2493 3387 2566; baseline -0.003 -15"><span class='ocrx_word' id='word_1_410' title='bbox 1810 2496 2028 2566; x_wconf 88' lang='lat' dir='ltr'><strong>utrique</strong></span> <span class='ocrx_word' id='word_1_411' title='bbox 2048 2495 2209 2551; x_wconf 84' lang='lat' dir='ltr'><strong>simul</strong></span> <span class='ocrx_word' id='word_1_412' title='bbox 2234 2503 2339 2562; x_wconf 89' lang='lat' dir='ltr'><strong>est,</strong></span> <span class='ocrx_word' id='word_1_413' title='bbox 2357 2496 2449 2550; x_wconf 87' lang='lat' dir='ltr'><strong>sed</strong></span> <span class='ocrx_word' id='word_1_414' title='bbox 2473 2495 2668 2549; x_wconf 66' lang='lat' dir='ltr'><strong>animae</strong></span> <span class='ocrx_word' id='word_1_415' title='bbox 2692 2493 2953 2549; x_wconf 79' lang='lat' dir='ltr'><strong>duntaxat</strong></span> <span class='ocrx_word' id='word_1_416' title='bbox 2982 2493 3190 2563; x_wconf 84' lang='lat' dir='ltr'><strong>peccati</strong></span> <span class='ocrx_word' id='word_1_417' title='bbox 3218 2508 3387 2549; x_wconf 85' lang='lat' dir='ltr'><strong>causa</strong></span> 
     </span>
    </p>
   </div>
   <div class='ocr_carea' id='block_1_56' title="bbox 1806 2584 3387 2657">
    <p class='ocr_par' dir='ltr' id='par_1_56' title="bbox 1806 2584 3387 2657">
     <span class='ocr_line' id='line_1_56' title="bbox 1806 2584 3387 2657; baseline -0.002 -14"><span class='ocrx_word' id='word_1_418' title='bbox 1806 2588 2114 2644; x_wconf 89' lang='lat' dir='ltr'><strong>tribuenda.</strong></span> <span class='ocrx_word' id='word_1_419' title='bbox 2139 2586 2281 2654; x_wconf 86' lang='lat' dir='ltr'><strong>Quid</strong></span> <span class='ocrx_word' id='word_1_420' title='bbox 2312 2595 2397 2642; x_wconf 93' lang='lat' dir='ltr'><strong>est</strong></span> <span class='ocrx_word' id='word_1_421' title='bbox 2417 2587 2582 2651; x_wconf 90' lang='lat' dir='ltr'><strong>enim,</strong></span> <span class='ocrx_word' id='word_1_422' title='bbox 2606 2585 2747 2657; x_wconf 90' lang='lat' dir='ltr'><strong>quod</strong></span> <span class='ocrx_word' id='word_1_423' title='bbox 2774 2584 3075 2641; x_wconf 88' lang='lat' dir='ltr'><strong>secundum</strong></span> <span class='ocrx_word' id='word_1_424' title='bbox 3104 2591 3387 2655; x_wconf 84' lang='lat' dir='ltr'><strong>peccatum</strong></span> 
     </span>
    </p>
   </div>
   <div class='ocr_carea' id='block_1_57' title="bbox 1804 2679 3389 2754">
    <p class='ocr_par' dir='ltr' id='par_1_57' title="bbox 1804 2679 3389 2754">
     <span class='ocr_line' id='line_1_57' title="bbox 1804 2679 3389 2754; baseline -0.004 -15"><span class='ocrx_word' id='word_1_425' title='bbox 1804 2684 1851 2740; x_wconf 90' lang='lat' dir='ltr'><strong>ei</strong></span> <span class='ocrx_word' id='word_1_426' title='bbox 1880 2684 1972 2753; x_wconf 90' lang='lat' dir='ltr'><strong>qui</strong></span> <span class='ocrx_word' id='word_1_427' title='bbox 1999 2683 2241 2754; x_wconf 89' lang='lat' dir='ltr'><strong>peccarit</strong></span> <span class='ocrx_word' id='word_1_428' title='bbox 2270 2681 2573 2753; x_wconf 81' lang='lat' dir='ltr'><strong>inﬂigitur?</strong></span> <span class='ocrx_word' id='word_1_429' title='bbox 2596 2680 2826 2735; x_wconf 80' lang='lat' dir='ltr'><strong>Vincula</strong></span> <span class='ocrx_word' id='word_1_430' title='bbox 2852 2679 3213 2739; x_wconf 74' lang='lat' dir='ltr'><strong>nimirum:ac</strong></span> <span class='ocrx_word' id='word_1_431' title='bbox 3237 2693 3389 2733; x_wconf 82' lang='lat' dir='ltr'><strong>com-</strong></span> 
     </span>
    </p>
   </div>
   <div class='ocr_carea' id='block_1_58' title="bbox 1805 2770 3389 2846">
    <p class='ocr_par' dir='ltr' id='par_1_58' title="bbox 1805 2770 3389 2846">
     <span class='ocr_line' id='line_1_58' title="bbox 1805 2770 3389 2846; baseline -0.004 -16"><span class='ocrx_word' id='word_1_432' title='bbox 1805 2775 1971 2846; x_wconf 85' lang='lat' dir='ltr'><strong>pedes</strong></span> <span class='ocrx_word' id='word_1_433' title='bbox 2005 2784 2287 2845; x_wconf 90' lang='lat' dir='ltr'><strong>parantur.</strong></span> <span class='ocrx_word' id='word_1_434' title='bbox 2312 2773 2423 2828; x_wconf 76' lang='lat' dir='ltr'><strong>Nos</strong></span> <span class='ocrx_word' id='word_1_435' title='bbox 2456 2782 2635 2828; x_wconf 90' lang='lat' dir='ltr'><strong>autem</strong></span> <span class='ocrx_word' id='word_1_436' title='bbox 2664 2774 2827 2844; x_wconf 90' lang='lat' dir='ltr'><strong>paulo</strong></span> <span class='ocrx_word' id='word_1_437' title='bbox 2862 2772 2993 2826; x_wconf 88' lang='lat' dir='ltr'><strong>illud</strong></span> <span class='ocrx_word' id='word_1_438' title='bbox 3032 2778 3157 2827; x_wconf 82' lang='lat' dir='ltr'><strong>ante</strong></span> <span class='ocrx_word' id='word_1_439' title='bbox 3184 2770 3389 2825; x_wconf 77' lang='lat' dir='ltr'><strong>fateba-</strong></span> 
     </span>
    </p>
   </div>
   <div class='ocr_carea' id='block_1_59' title="bbox 1807 2863 3387 2935">
    <p class='ocr_par' dir='ltr' id='par_1_59' title="bbox 1807 2863 3387 2935">
     <span class='ocr_line' id='line_1_59' title="bbox 1807 2863 3387 2935; baseline -0.002 -15"><span class='ocrx_word' id='word_1_440' title='bbox 1807 2881 1949 2930; x_wconf 89' lang='lat' dir='ltr'><strong>mur,</strong></span> <span class='ocrx_word' id='word_1_441' title='bbox 2000 2878 2202 2935; x_wconf 79' lang='lat' dir='ltr'><strong>corpus</strong></span> <span class='ocrx_word' id='word_1_442' title='bbox 2253 2865 2447 2919; x_wconf 69' lang='lat' dir='ltr'><strong>animae</strong></span> <span class='ocrx_word' id='word_1_443' title='bbox 2507 2863 2787 2919; x_wconf 80' lang='lat' dir='ltr'><strong>vinculum</strong></span> <span class='ocrx_word' id='word_1_444' title='bbox 2844 2878 2968 2919; x_wconf 88' lang='lat' dir='ltr'><strong>esse</strong></span> <span class='ocrx_word' id='word_1_445' title='bbox 3019 2879 3130 2919; x_wconf 92' lang='lat' dir='ltr'><strong>non</strong></span> <span class='ocrx_word' id='word_1_446' title='bbox 3185 2875 3387 2932; x_wconf 87' lang='lat' dir='ltr'><strong>posse,</strong></span> 
     </span>
    </p>
   </div>
   <div class='ocr_carea' id='block_1_60' title="bbox 1807 2955 3389 3027">
    <p class='ocr_par' dir='ltr' id='par_1_60' title="bbox 1807 2955 3389 3027">
     <span class='ocr_line' id='line_1_60' title="bbox 1807 2955 3389 3027; baseline -0.001 -18"><span class='ocrx_word' id='word_1_447' title='bbox 1807 2958 2063 3027; x_wconf 87' lang='lat' dir='ltr'><strong>quoniam</strong></span> <span class='ocrx_word' id='word_1_448' title='bbox 2098 2958 2164 3012; x_wconf 86' lang='lat' dir='ltr'><strong>ad</strong></span> <span class='ocrx_word' id='word_1_449' title='bbox 2202 2966 2513 3027; x_wconf 90' lang='lat' dir='ltr'><strong>utrumque,</strong></span> <span class='ocrx_word' id='word_1_450' title='bbox 2552 2964 2661 3010; x_wconf 89' lang='lat' dir='ltr'><strong>tam</strong></span> <span class='ocrx_word' id='word_1_451' title='bbox 2704 2955 2915 3026; x_wconf 86' lang='lat' dir='ltr'><strong>justum</strong></span> <span class='ocrx_word' id='word_1_452' title='bbox 2946 2956 3179 3019; x_wconf 88' lang='lat' dir='ltr'><strong>scilicet,</strong></span> <span class='ocrx_word' id='word_1_453' title='bbox 3223 2970 3389 3025; x_wconf 86' lang='lat' dir='ltr'><strong>quam</strong></span> 
     </span>
    </p>
   </div>
   <div class='ocr_carea' id='block_1_61' title="bbox 118 3042 1697 3128">
    <p class='ocr_par' dir='ltr' id='par_1_61' title="bbox 118 3042 1697 3120">
     <span class='ocr_line' id='line_1_61' title="bbox 118 3042 1697 3120; baseline 0.001 -18"><span class='ocrx_word' id='word_1_454' title='bbox 118 3067 220 3118; x_wconf 75' lang='grc' dir='ltr'>μρν</span> <span class='ocrx_word' id='word_1_455' title='bbox 252 3047 397 3120; x_wconf 79' lang='grc' dir='ltr'>μετὰ</span> <span class='ocrx_word' id='word_1_456' title='bbox 442 3046 725 3119; x_wconf 86' lang='grc' dir='ltr'>σώματος,</span> <span class='ocrx_word' id='word_1_457' title='bbox 770 3048 868 3101; x_wconf 79' lang='grc' dir='ltr'>καὶ</span> <span class='ocrx_word' id='word_1_458' title='bbox 913 3047 975 3099; x_wconf 72' lang='grc' dir='ltr'><strong>οὐ</strong></span> <span class='ocrx_word' id='word_1_459' title='bbox 1024 3046 1271 3117; x_wconf 84' lang='grc' dir='ltr'>φαίνεται</span> <span class='ocrx_word' id='word_1_460' title='bbox 1312 3047 1526 3119; x_wconf 83' lang='grc' dir='ltr'>χρόνος,</span> <span class='ocrx_word' id='word_1_461' title='bbox 1576 3042 1697 3119; x_wconf 74' lang='grc' dir='ltr'>ἐνῷ</span> 
     </span>
    </p>
   </div>
   <div class='ocr_carea' id='block_1_62' title="bbox 1807 3042 3387 3128">
    <p class='ocr_par' dir='ltr' id='par_1_62' title="bbox 1808 3046 3387 3119">
     <span class='ocr_line' id='line_1_62' title="bbox 1808 3046 3387 3119; baseline -0.003 -15"><span class='ocrx_word' id='word_1_462' title='bbox 1808 3049 2097 3118; x_wconf 72' lang='lat' dir='ltr'><strong>iniustum,</strong></span> <span class='ocrx_word' id='word_1_463' title='bbox 2134 3049 2441 3104; x_wconf 88' lang='lat' dir='ltr'><strong>ministerio</strong></span> <span class='ocrx_word' id='word_1_464' title='bbox 2491 3048 2738 3119; x_wconf 89' lang='lat' dir='ltr'><strong>corporis</strong></span> <span class='ocrx_word' id='word_1_465' title='bbox 2791 3047 3137 3117; x_wconf 87' lang='lat' dir='ltr'><strong>adjuvamur.</strong></span> <span class='ocrx_word' id='word_1_466' title='bbox 3174 3048 3238 3100; x_wconf 83' lang='lat' dir='ltr'><strong>At</strong></span> <span class='ocrx_word' id='word_1_467' title='bbox 3266 3046 3387 3100; x_wconf 84' lang='lat' dir='ltr'><strong>vin-</strong></span> 
     </span>
    </p>
   </div>
   <div class='ocr_carea' id='block_1_63' title="bbox 111 3134 1707 3210">
    <p class='ocr_par' dir='ltr' id='par_1_63' title="bbox 111 3134 1707 3210">
     <span class='ocr_line' id='line_1_63' title="bbox 111 3134 1707 3210; baseline 0 -17"><span class='ocrx_word' id='word_1_468' title='bbox 111 3137 281 3202; x_wconf 77' lang='grc' dir='ltr'>ἐκτὸς</span> <span class='ocrx_word' id='word_1_469' title='bbox 315 3136 638 3209; x_wconf 83' lang='grc' dir='ltr'>ὑπήρξαμεν</span> <span class='ocrx_word' id='word_1_470' title='bbox 676 3134 951 3208; x_wconf 87' lang='grc' dir='ltr'>σώματος,</span> <span class='ocrx_word' id='word_1_471' title='bbox 987 3137 1083 3190; x_wconf 79' lang='grc' dir='ltr'>καὶ</span> <span class='ocrx_word' id='word_1_472' title='bbox 1129 3136 1401 3192; x_wconf 80' lang='grc' dir='ltr'>συναίτιον</span> <span class='ocrx_word' id='word_1_473' title='bbox 1439 3138 1499 3192; x_wconf 86' lang='grc' dir='ltr'><strong>τὸ</strong></span> <span class='ocrx_word' id='word_1_474' title='bbox 1545 3138 1707 3210; x_wconf 90' lang='grc' dir='ltr'>σῶμα</span> 
     </span>
    </p>
   </div>
   <div class='ocr_carea' id='block_1_64' title="bbox 114 3228 1708 3301">
    <p class='ocr_par' dir='ltr' id='par_1_64' title="bbox 114 3228 1708 3301">
     <span class='ocr_line' id='line_1_64' title="bbox 114 3228 1708 3301; baseline 0.001 -18"><span class='ocrx_word' id='word_1_475' title='bbox 114 3232 215 3284; x_wconf 80' lang='grc' dir='ltr'><strong>καὶ</strong></span> <span class='ocrx_word' id='word_1_476' title='bbox 243 3230 435 3284; x_wconf 83' lang='grc' dir='ltr'>κακῶν</span> <span class='ocrx_word' id='word_1_477' title='bbox 466 3234 532 3301; x_wconf 79' lang='grc' dir='ltr'>τῇ</span> <span class='ocrx_word' id='word_1_478' title='bbox 559 3230 705 3301; x_wconf 78' lang='grc' dir='ltr'>ψυχῇ</span> <span class='ocrx_word' id='word_1_479' title='bbox 739 3230 835 3283; x_wconf 80' lang='grc' dir='ltr'><strong>καὶ</strong></span> <span class='ocrx_word' id='word_1_480' title='bbox 869 3228 1118 3297; x_wconf 81' lang='grc' dir='ltr'>ἀγαθῶν·</span> <span class='ocrx_word' id='word_1_481' title='bbox 1153 3229 1185 3300; x_wconf 75' lang='grc' dir='ltr'>ἢ</span> <span class='ocrx_word' id='word_1_482' title='bbox 1231 3230 1400 3301; x_wconf 74' lang='grc' dir='ltr'>χωρὶς</span> <span class='ocrx_word' id='word_1_483' title='bbox 1456 3230 1708 3301; x_wconf 80' lang='grc' dir='ltr'>σώματος</span> 
     </span>
    </p>
   </div>
   <div class='ocr_carea' id='block_1_65' title="bbox 112 3322 1709 3395">
    <p class='ocr_par' dir='ltr' id='par_1_65' title="bbox 112 3322 1709 3395">
     <span class='ocr_line' id='line_1_65' title="bbox 112 3322 1709 3395; baseline 0.003 -20"><span class='ocrx_word' id='word_1_484' title='bbox 112 3324 443 3395; x_wconf 72' lang='grc' dir='ltr'>ἡμάρτομεν</span> <span class='ocrx_word' id='word_1_485' title='bbox 471 3323 822 3391; x_wconf 82' lang='grc' dir='ltr'>διαγαγόντες</span> <span class='ocrx_word' id='word_1_486' title='bbox 845 3339 860 3354; x_wconf 75' lang='grc'><strong><em>⁸</em></strong></span> <span class='ocrx_word' id='word_1_487' title='bbox 904 3322 997 3376; x_wconf 79' lang='grc' dir='ltr'>καὶ</span> <span class='ocrx_word' id='word_1_488' title='bbox 1038 3322 1279 3377; x_wconf 79' lang='grc' dir='ltr'>ἀναίτιον</span> <span class='ocrx_word' id='word_1_489' title='bbox 1305 3324 1367 3377; x_wconf 84' lang='grc' dir='ltr'><strong>τὸ</strong></span> <span class='ocrx_word' id='word_1_490' title='bbox 1414 3324 1574 3395; x_wconf 91' lang='grc' dir='ltr'>σῶμα</span> <span class='ocrx_word' id='word_1_491' title='bbox 1609 3342 1709 3379; x_wconf 86' lang='grc' dir='ltr'>κα·</span> 
     </span>
    </p>
   </div>
   <div class='ocr_carea' id='block_1_66' title="bbox 112 3410 1708 3483">
    <p class='ocr_par' dir='ltr' id='par_1_66' title="bbox 112 3410 1708 3483">
     <span class='ocr_line' id='line_1_66' title="bbox 112 3410 1708 3483; baseline -0.001 -16"><span class='ocrx_word' id='word_1_492' title='bbox 112 3415 245 3479; x_wconf 81' lang='grc' dir='ltr'>χίας</span> <span class='ocrx_word' id='word_1_493' title='bbox 277 3415 345 3467; x_wconf 86' lang='grc' dir='ltr'><strong>ἐκ</strong></span> <span class='ocrx_word' id='word_1_494' title='bbox 390 3414 610 3477; x_wconf 86' lang='grc' dir='ltr'>παντός.</span> <span class='ocrx_word' id='word_1_495' title='bbox 665 3411 829 3464; x_wconf 84' lang='grc' dir='ltr'>Ἀλλὰ</span> <span class='ocrx_word' id='word_1_496' title='bbox 871 3410 1041 3483; x_wconf 75' lang='grc' dir='ltr'>χωρὶς</span> <span class='ocrx_word' id='word_1_497' title='bbox 1088 3410 1340 3481; x_wconf 86' lang='grc' dir='ltr'>σώματος</span> <span class='ocrx_word' id='word_1_498' title='bbox 1380 3412 1486 3465; x_wconf 82' lang='grc' dir='ltr'><strong>ὑπὸ</strong></span> <span class='ocrx_word' id='word_1_499' title='bbox 1511 3412 1708 3479; x_wconf 80' lang='grc' dir='ltr'>ἀλόγου</span> 
     </span>
    </p>
   </div>
   <div class='ocr_carea' id='block_1_67' title="bbox 107 3504 1707 3580">
    <p class='ocr_par' dir='ltr' id='par_1_67' title="bbox 107 3504 1707 3580">
     <span class='ocr_line' id='line_1_67' title="bbox 107 3504 1707 3580; baseline -0.001 -20"><span class='ocrx_word' id='word_1_500' title='bbox 107 3508 320 3580; x_wconf 71' lang='grc' dir='ltr'>ἡδονῆς</span> <span class='ocrx_word' id='word_1_501' title='bbox 371 3507 433 3560; x_wconf 76' lang='grc' dir='ltr'>οὐ</span> <span class='ocrx_word' id='word_1_502' title='bbox 477 3508 759 3576; x_wconf 82' lang='grc' dir='ltr'>κρατεῖται</span> <span class='ocrx_word' id='word_1_503' title='bbox 806 3506 839 3576; x_wconf 90' lang='grc' dir='ltr'><strong>ή</strong></span> <span class='ocrx_word' id='word_1_504' title='bbox 890 3504 1059 3575; x_wconf 76' lang='grc' dir='ltr'>ψυχή.</span> <span class='ocrx_word' id='word_1_505' title='bbox 1106 3504 1523 3577; x_wconf 79' lang='grc' dir='ltr'>Ἐκρατήθησαν</span> <span class='ocrx_word' id='word_1_506' title='bbox 1565 3504 1621 3558; x_wconf 86' lang='grc' dir='ltr'>δὲ</span> <span class='ocrx_word' id='word_1_507' title='bbox 1655 3504 1707 3558; x_wconf 83' lang='grc' dir='ltr'><strong>οί</strong></span> 
     </span>
    </p>
   </div>
   <div class='ocr_carea' id='block_1_68' title="bbox 110 3594 1374 3669">
    <p class='ocr_par' dir='ltr' id='par_1_68' title="bbox 110 3594 1374 3669">
     <span class='ocr_line' id='line_1_68' title="bbox 110 3594 1374 3669; baseline 0.002 -20"><span class='ocrx_word' id='word_1_508' title='bbox 110 3594 542 3669; x_wconf 86' lang='grc' dir='ltr'>πρωτόπλαστοι</span> <span class='ocrx_word' id='word_1_509' title='bbox 573 3597 754 3667; x_wconf 82' lang='grc' dir='ltr'>ἀλόγῳ</span> <span class='ocrx_word' id='word_1_510' title='bbox 784 3595 1165 3659; x_wconf 84' lang='grc' dir='ltr'>δελεασθέντες</span> <span class='ocrx_word' id='word_1_511' title='bbox 1194 3595 1374 3669; x_wconf 74' lang='grc' dir='ltr'>ήδονῇ.</span> 
     </span>
    </p>
   </div>
   <div class='ocr_carea' id='block_1_69' title="bbox 1811 3136 3390 3210">
    <p class='ocr_par' dir='ltr' id='par_1_69' title="bbox 1811 3136 3390 3210">
     <span class='ocr_line' id='line_1_69' title="bbox 1811 3136 3390 3210; baseline -0.001 -16"><span class='ocrx_word' id='word_1_512' title='bbox 1811 3140 1993 3194; x_wconf 91' lang='lat' dir='ltr'><strong>culum</strong></span> <span class='ocrx_word' id='word_1_513' title='bbox 2026 3140 2096 3195; x_wconf 87' lang='lat' dir='ltr'><strong>ab</strong></span> <span class='ocrx_word' id='word_1_514' title='bbox 2126 3155 2191 3195; x_wconf 89' lang='lat' dir='ltr'><strong>eo</strong></span> <span class='ocrx_word' id='word_1_515' title='bbox 2215 3139 2359 3210; x_wconf 88' lang='lat' dir='ltr'><strong>quod</strong></span> <span class='ocrx_word' id='word_1_516' title='bbox 2392 3139 2655 3209; x_wconf 88' lang='lat' dir='ltr'><strong>injustum</strong></span> <span class='ocrx_word' id='word_1_517' title='bbox 2709 3146 2795 3195; x_wconf 90' lang='lat' dir='ltr'><strong>est</strong></span> <span class='ocrx_word' id='word_1_518' title='bbox 2852 3136 3241 3193; x_wconf 85' lang='lat' dir='ltr'><strong>committendo</strong></span> <span class='ocrx_word' id='word_1_519' title='bbox 3287 3152 3390 3192; x_wconf 91' lang='lat' dir='ltr'><strong>nos</strong></span> 
     </span>
    </p>
   </div>
   <div class='ocr_carea' id='block_1_70' title="bbox 1811 3226 3391 3302">
    <p class='ocr_par' dir='ltr' id='par_1_70' title="bbox 1811 3226 3391 3302">
     <span class='ocr_line' id='line_1_70' title="bbox 1811 3226 3391 3302; baseline -0.002 -17"><span class='ocrx_word' id='word_1_520' title='bbox 1811 3232 2087 3302; x_wconf 89' lang='lat' dir='ltr'><strong>prohibet.</strong></span> <span class='ocrx_word' id='word_1_521' title='bbox 2118 3232 2197 3285; x_wconf 82' lang='lat' dir='ltr'><strong>Ex</strong></span> <span class='ocrx_word' id='word_1_522' title='bbox 2239 3246 2349 3302; x_wconf 92' lang='lat' dir='ltr'><strong>quo</strong></span> <span class='ocrx_word' id='word_1_523' title='bbox 2398 3231 2655 3297; x_wconf 90' lang='lat' dir='ltr'><strong>alterum,</strong></span> <span class='ocrx_word' id='word_1_524' title='bbox 2688 3231 2768 3285; x_wconf 88' lang='lat' dir='ltr'><strong>uti</strong></span> <span class='ocrx_word' id='word_1_525' title='bbox 2822 3230 3082 3292; x_wconf 83' lang='lat' dir='ltr'><strong>diximus,</strong></span> <span class='ocrx_word' id='word_1_526' title='bbox 3117 3244 3147 3284; x_wconf 93' lang='lat' dir='ltr'><strong>e</strong></span> <span class='ocrx_word' id='word_1_527' title='bbox 3176 3226 3391 3283; x_wconf 90' lang='lat' dir='ltr'><strong>duobus</strong></span> 
     </span>
    </p>
   </div>
   <div class='ocr_carea' id='block_1_71' title="bbox 1805 3319 3387 3394">
    <p class='ocr_par' dir='ltr' id='par_1_71' title="bbox 1805 3319 3387 3394">
     <span class='ocr_line' id='line_1_71' title="bbox 1805 3319 3387 3394; baseline -0.005 -13"><span class='ocrx_word' id='word_1_528' title='bbox 1805 3324 2074 3394; x_wconf 80' lang='lat' dir='ltr'><strong>sequitur.</strong></span> <span class='ocrx_word' id='word_1_529' title='bbox 2112 3324 2218 3378; x_wconf 93' lang='lat' dir='ltr'><strong>Aut</strong></span> <span class='ocrx_word' id='word_1_530' title='bbox 2246 3324 2392 3379; x_wconf 87' lang='lat' dir='ltr'><strong>enim</strong></span> <span class='ocrx_word' id='word_1_531' title='bbox 2417 3322 2574 3377; x_wconf 89' lang='lat' dir='ltr'><strong>initio</strong></span> <span class='ocrx_word' id='word_1_532' title='bbox 2604 3338 2729 3376; x_wconf 89' lang='lat' dir='ltr'><strong>cum</strong></span> <span class='ocrx_word' id='word_1_533' title='bbox 2764 3336 2993 3391; x_wconf 90' lang='lat' dir='ltr'><strong>corpore</strong></span> <span class='ocrx_word' id='word_1_534' title='bbox 3020 3319 3387 3391; x_wconf 87' lang='lat' dir='ltr'><strong>peccavimus;</strong></span> 
     </span>
    </p>
   </div>
   <div class='ocr_carea' id='block_1_72' title="bbox 1808 3409 3392 3485">
    <p class='ocr_par' dir='ltr' id='par_1_72' title="bbox 1808 3409 3392 3485">
     <span class='ocr_line' id='line_1_72' title="bbox 1808 3409 3392 3485; baseline -0.006 -14"><span class='ocrx_word' id='word_1_535' title='bbox 1808 3431 1909 3471; x_wconf 86' lang='lat' dir='ltr'><strong>nec</strong></span> <span class='ocrx_word' id='word_1_536' title='bbox 1936 3416 2107 3469; x_wconf 89' lang='lat' dir='ltr'><strong>ullum</strong></span> <span class='ocrx_word' id='word_1_537' title='bbox 2140 3423 2358 3485; x_wconf 90' lang='lat' dir='ltr'><strong>tempus</strong></span> <span class='ocrx_word' id='word_1_538' title='bbox 2387 3420 2636 3485; x_wconf 90' lang='lat' dir='ltr'><strong>apparet,</strong></span> <span class='ocrx_word' id='word_1_539' title='bbox 2670 3428 2782 3484; x_wconf 90' lang='lat' dir='ltr'><strong>quo</strong></span> <span class='ocrx_word' id='word_1_540' title='bbox 2811 3412 2932 3468; x_wconf 91' lang='lat' dir='ltr'><strong>sine</strong></span> <span class='ocrx_word' id='word_1_541' title='bbox 2960 3425 3191 3481; x_wconf 91' lang='lat' dir='ltr'><strong>corpore</strong></span> <span class='ocrx_word' id='word_1_542' title='bbox 3223 3409 3392 3464; x_wconf 79' lang='lat' dir='ltr'><strong>fueri-</strong></span> 
     </span>
    </p>
   </div>
   <div class='ocr_carea' id='block_1_73' title="bbox 1807 3507 3390 3579">
    <p class='ocr_par' dir='ltr' id='par_1_73' title="bbox 1807 3507 3390 3579">
     <span class='ocr_line' id='line_1_73' title="bbox 1807 3507 3390 3579; baseline -0.006 -17"><span class='ocrx_word' id='word_1_543' title='bbox 1807 3523 1967 3576; x_wconf 86' lang='lat' dir='ltr'><strong>mus;</strong></span> <span class='ocrx_word' id='word_1_544' title='bbox 2020 3518 2213 3579; x_wconf 77' lang='lat' dir='ltr'><strong>estque</strong></span> <span class='ocrx_word' id='word_1_545' title='bbox 2272 3508 2543 3563; x_wconf 88' lang='lat' dir='ltr'><strong>bonorum</strong></span> <span class='ocrx_word' id='word_1_546' title='bbox 2600 3507 2981 3576; x_wconf 85' lang='lat' dir='ltr'><strong>malorumque</strong></span> <span class='ocrx_word' id='word_1_547' title='bbox 3042 3514 3211 3560; x_wconf 76' lang='lat' dir='ltr'><strong>causa</strong></span> <span class='ocrx_word' id='word_1_548' title='bbox 3265 3517 3390 3557; x_wconf 90' lang='lat' dir='ltr'><strong>cum</strong></span> 
     </span>
    </p>
   </div>
   <div class='ocr_carea' id='block_1_74' title="bbox 1805 3591 3395 3669">
    <p class='ocr_par' dir='ltr' id='par_1_74' title="bbox 1805 3591 3395 3669">
     <span class='ocr_line' id='line_1_74' title="bbox 1805 3591 3395 3669; baseline -0.005 -15"><span class='ocrx_word' id='word_1_549' title='bbox 1805 3600 1987 3654; x_wconf 88' lang='lat' dir='ltr'><strong>anima</strong></span> <span class='ocrx_word' id='word_1_550' title='bbox 2018 3600 2383 3655; x_wconf 83' lang='lat' dir='ltr'><strong>communiter</strong></span> <span class='ocrx_word' id='word_1_551' title='bbox 2416 3613 2637 3669; x_wconf 86' lang='lat' dir='ltr'><strong>corpus.</strong></span> <span class='ocrx_word' id='word_1_552' title='bbox 2679 3597 2785 3651; x_wconf 92' lang='lat' dir='ltr'><strong>Aut</strong></span> <span class='ocrx_word' id='word_1_553' title='bbox 2820 3605 2933 3651; x_wconf 90' lang='lat' dir='ltr'><strong>tum</strong></span> <span class='ocrx_word' id='word_1_554' title='bbox 2972 3603 3255 3667; x_wconf 86' lang='lat' dir='ltr'><strong>peccatum</strong></span> <span class='ocrx_word' id='word_1_555' title='bbox 3299 3591 3395 3646; x_wconf 82' lang='lat' dir='ltr'><strong>ad-</strong></span> 
     </span>
    </p>
   </div>
   <div class='ocr_carea' id='block_1_75' title="bbox 107 3687 3396 3766">
    <p class='ocr_par' dir='ltr' id='par_1_75' title="bbox 107 3687 3396 3766">
     <span class='ocr_line' id='line_1_75' title="bbox 107 3687 3396 3766; baseline -0.002 -19"><span class='ocrx_word' id='word_1_556' title='bbox 107 3694 399 3760; x_wconf 87' lang='lat' dir='ltr'><strong>misimus,</strong></span> <span class='ocrx_word' id='word_1_557' title='bbox 429 3708 554 3749; x_wconf 91' lang='lat' dir='ltr'><strong>cum</strong></span> <span class='ocrx_word' id='word_1_558' title='bbox 582 3694 717 3750; x_wconf 85' lang='lat' dir='ltr'><strong>citra</strong></span> <span class='ocrx_word' id='word_1_559' title='bbox 762 3710 964 3765; x_wconf 88' lang='lat' dir='ltr'><strong>corpus</strong></span> <span class='ocrx_word' id='word_1_560' title='bbox 996 3695 1350 3764; x_wconf 80' lang='lat' dir='ltr'><strong>degeremus,</strong></span> <span class='ocrx_word' id='word_1_561' title='bbox 1381 3703 1441 3749; x_wconf 96' lang='lat' dir='ltr'><strong>ut</strong></span> <span class='ocrx_word' id='word_1_562' title='bbox 1466 3696 1536 3751; x_wconf 90' lang='lat' dir='ltr'><strong>ab</strong></span> <span class='ocrx_word' id='word_1_563' title='bbox 1566 3695 1715 3751; x_wconf 91' lang='lat' dir='ltr'><strong>omni</strong></span> <span class='ocrx_word' id='word_1_564' title='bbox 1745 3697 1966 3751; x_wconf 66' lang='lat' dir='ltr'><strong>malitiae</strong></span> <span class='ocrx_word' id='word_1_565' title='bbox 2001 3696 2161 3766; x_wconf 89' lang='lat' dir='ltr'><strong>culpa</strong></span> <span class='ocrx_word' id='word_1_566' title='bbox 2197 3709 2401 3765; x_wconf 87' lang='lat' dir='ltr'><strong>corpus</strong></span> <span class='ocrx_word' id='word_1_567' title='bbox 2431 3695 2675 3749; x_wconf 90' lang='lat' dir='ltr'><strong>immune</strong></span> <span class='ocrx_word' id='word_1_568' title='bbox 2726 3692 2818 3748; x_wconf 91' lang='lat' dir='ltr'><strong>sit.</strong></span> <span class='ocrx_word' id='word_1_569' title='bbox 2875 3691 3037 3761; x_wconf 83' lang='lat' dir='ltr'><strong>Atqui</strong></span> <span class='ocrx_word' id='word_1_570' title='bbox 3078 3690 3227 3744; x_wconf 90' lang='lat' dir='ltr'><strong>nulla</strong></span> <span class='ocrx_word' id='word_1_571' title='bbox 3276 3687 3396 3743; x_wconf 85' lang='lat' dir='ltr'><strong>sine</strong></span> 
     </span>
    </p>
   </div>
   <div class='ocr_carea' id='block_1_76' title="bbox 107 3781 3395 3859">
    <p class='ocr_par' dir='ltr' id='par_1_76' title="bbox 107 3781 3395 3859">
     <span class='ocr_line' id='line_1_76' title="bbox 107 3781 3395 3859; baseline -0.002 -16"><span class='ocrx_word' id='word_1_572' title='bbox 107 3799 359 3857; x_wconf 87' lang='lat' dir='ltr'><strong>corpore</strong></span> <span class='ocrx_word' id='word_1_573' title='bbox 411 3783 643 3839; x_wconf 86' lang='lat' dir='ltr'><strong>rationis</strong></span> <span class='ocrx_word' id='word_1_574' title='bbox 716 3796 941 3855; x_wconf 76' lang='lat' dir='ltr'><strong>experte</strong></span> <span class='ocrx_word' id='word_1_575' title='bbox 993 3785 1276 3855; x_wconf 88' lang='lat' dir='ltr'><strong>voluptate</strong></span> <span class='ocrx_word' id='word_1_576' title='bbox 1326 3784 1448 3857; x_wconf 88' lang='lat' dir='ltr'><strong>capi</strong></span> <span class='ocrx_word' id='word_1_577' title='bbox 1504 3787 1688 3841; x_wconf 88' lang='lat' dir='ltr'><strong>anima</strong></span> <span class='ocrx_word' id='word_1_578' title='bbox 1714 3795 1914 3859; x_wconf 90' lang='lat' dir='ltr'><strong>potest.</strong></span> <span class='ocrx_word' id='word_1_579' title='bbox 1979 3786 2304 3856; x_wconf 89' lang='lat' dir='ltr'><strong>Cujusmodi</strong></span> <span class='ocrx_word' id='word_1_580' title='bbox 2364 3784 2528 3857; x_wconf 90' lang='lat' dir='ltr'><strong>primi</strong></span> <span class='ocrx_word' id='word_1_581' title='bbox 2591 3785 2766 3839; x_wconf 87' lang='lat' dir='ltr'><strong>nostri</strong></span> <span class='ocrx_word' id='word_1_582' title='bbox 2821 3793 3078 3855; x_wconf 83' lang='lat' dir='ltr'><strong>parentes</strong></span> <span class='ocrx_word' id='word_1_583' title='bbox 3140 3781 3395 3837; x_wconf 86' lang='lat' dir='ltr'><strong>illecebra</strong></span> 
     </span>
    </p>
   </div>
   <div class='ocr_carea' id='block_1_77' title="bbox 105 3881 863 3953">
    <p class='ocr_par' dir='ltr' id='par_1_77' title="bbox 105 3881 863 3953">
     <span class='ocr_line' id='line_1_77' title="bbox 105 3881 863 3953; baseline -0.004 -14"><span class='ocrx_word' id='word_1_584' title='bbox 105 3883 265 3953; x_wconf 79' lang='lat' dir='ltr'><strong>capti</strong></span> <span class='ocrx_word' id='word_1_585' title='bbox 293 3881 648 3952; x_wconf 89' lang='lat' dir='ltr'><strong>superatique</strong></span> <span class='ocrx_word' id='word_1_586' title='bbox 676 3892 805 3937; x_wconf 89' lang='lat' dir='ltr'><strong>sunt</strong></span> <span class='ocrx_word' id='word_1_587' title='bbox 823 3882 863 3936; x_wconf 89' lang='grc'><strong>³.</strong></span> 
     </span>
    </p>
   </div>
   <div class='ocr_carea' id='block_1_78' title="bbox 183 3969 1710 4047">
    <p class='ocr_par' dir='ltr' id='par_1_78' title="bbox 183 3969 1710 4047">
     <span class='ocr_line' id='line_1_78' title="bbox 183 3969 1710 4047; baseline 0 -20"><span class='ocrx_word' id='word_1_588' title='bbox 183 3969 305 4027; x_wconf 84' lang='grc' dir='ltr'><strong>Ἦν</strong></span> <span class='ocrx_word' id='word_1_589' title='bbox 355 3972 465 4044; x_wconf 81' lang='grc' dir='ltr'>ἄρα</span> <span class='ocrx_word' id='word_1_590' title='bbox 510 3975 542 4044; x_wconf 90' lang='grc' dir='ltr'><strong>ή</strong></span> <span class='ocrx_word' id='word_1_591' title='bbox 612 3973 759 4045; x_wconf 78' lang='grc' dir='ltr'>ψυχὴ</span> <span class='ocrx_word' id='word_1_592' title='bbox 800 3974 938 4045; x_wconf 76' lang='grc' dir='ltr'>μετὰ</span> <span class='ocrx_word' id='word_1_593' title='bbox 990 3972 1240 4045; x_wconf 82' lang='grc' dir='ltr'>σώματος</span> <span class='ocrx_word' id='word_1_594' title='bbox 1291 3974 1387 4028; x_wconf 76' lang='grc' dir='ltr'><strong>καὶ</strong></span> <span class='ocrx_word' id='word_1_595' title='bbox 1442 3976 1551 4047; x_wconf 70' lang='grc' dir='ltr'><strong>πρὸ</strong></span> <span class='ocrx_word' id='word_1_596' title='bbox 1607 3975 1710 4047; x_wconf 83' lang='grc' dir='ltr'>τῆς</span> 
     </span>
    </p>
   </div>
   <div class='ocr_carea' id='block_1_79' title="bbox 107 4064 1713 4138">
    <p class='ocr_par' dir='ltr' id='par_1_79' title="bbox 107 4064 1713 4138">
     <span class='ocr_line' id='line_1_79' title="bbox 107 4064 1713 4138; baseline -0.001 -17"><span class='ocrx_word' id='word_1_597' title='bbox 107 4064 423 4138; x_wconf 80' lang='grc' dir='ltr'>ἁμαρτίας.</span> <span class='ocrx_word' id='word_1_598' title='bbox 476 4066 614 4137; x_wconf 75' lang='grc' dir='ltr'>Περὶ</span> <span class='ocrx_word' id='word_1_599' title='bbox 656 4067 765 4138; x_wconf 84' lang='grc' dir='ltr'>γὰρ</span> <span class='ocrx_word' id='word_1_600' title='bbox 810 4066 905 4119; x_wconf 80' lang='grc' dir='ltr'>τοῦ</span> <span class='ocrx_word' id='word_1_601' title='bbox 943 4066 1019 4137; x_wconf 82' lang='grc' dir='ltr'>μὴ</span> <span class='ocrx_word' id='word_1_602' title='bbox 1063 4067 1347 4137; x_wconf 84' lang='grc' dir='ltr'>ἐγχωρεῖν·</span> <span class='ocrx_word' id='word_1_603' title='bbox 1378 4067 1510 4120; x_wconf 79' lang='grc' dir='ltr'>αὐτὸ</span> <span class='ocrx_word' id='word_1_604' title='bbox 1556 4068 1713 4138; x_wconf 76' lang='grc' dir='ltr'>νομί-</span> 
     </span>
    </p>
   </div>
   <div class='ocr_carea' id='block_1_80' title="bbox 106 4157 1714 4231">
    <p class='ocr_par' dir='ltr' id='par_1_80' title="bbox 106 4157 1714 4231">
     <span class='ocr_line' id='line_1_80' title="bbox 106 4157 1714 4231; baseline 0 -19"><span class='ocrx_word' id='word_1_605' title='bbox 106 4159 316 4224; x_wconf 77' lang='grc' dir='ltr'>ζεσθαι</span> <span class='ocrx_word' id='word_1_606' title='bbox 362 4158 451 4213; x_wconf 79' lang='grc' dir='ltr'>διὰ</span> <span class='ocrx_word' id='word_1_607' title='bbox 486 4157 585 4229; x_wconf 82' lang='grc' dir='ltr'><strong>τήν</strong></span> <span class='ocrx_word' id='word_1_608' title='bbox 636 4159 952 4230; x_wconf 75' lang='grc' dir='ltr'>παράϐασιν</span> <span class='ocrx_word' id='word_1_609' title='bbox 987 4160 1188 4230; x_wconf 88' lang='grc' dir='ltr'>δεσμὸν</span> <span class='ocrx_word' id='word_1_610' title='bbox 1220 4160 1312 4212; x_wconf 74' lang='grc' dir='ltr'><strong>ἐπὶ</strong></span> <span class='ocrx_word' id='word_1_611' title='bbox 1351 4159 1594 4231; x_wconf 77' lang='grc' dir='ltr'>τιμωρίᾳ</span> <span class='ocrx_word' id='word_1_612' title='bbox 1620 4176 1714 4228; x_wconf 84' lang='grc' dir='ltr'>γε·</span> 
     </span>
    </p>
   </div>
   <div class='ocr_carea' id='block_1_81' title="bbox 1875 3969 3398 4045">
    <p class='ocr_par' dir='ltr' id='par_1_81' title="bbox 1875 3969 3398 4045">
     <span class='ocr_line' id='line_1_81' title="bbox 1875 3969 3398 4045; baseline -0.003 -15"><span class='ocrx_word' id='word_1_613' title='bbox 1875 3975 2071 4030; x_wconf 87' lang='lat' dir='ltr'><strong>Anima</strong></span> <span class='ocrx_word' id='word_1_614' title='bbox 2118 3975 2284 4045; x_wconf 80' lang='lat' dir='ltr'><strong>igitur</strong></span> <span class='ocrx_word' id='word_1_615' title='bbox 2327 3972 2547 4043; x_wconf 90' lang='lat' dir='ltr'><strong>corpori</strong></span> <span class='ocrx_word' id='word_1_616' title='bbox 2602 3969 2899 4040; x_wconf 88' lang='lat' dir='ltr'><strong>conjuncta</strong></span> <span class='ocrx_word' id='word_1_617' title='bbox 2930 3971 3223 4025; x_wconf 79' lang='lat' dir='ltr'><strong>fuitetiam</strong></span> <span class='ocrx_word' id='word_1_618' title='bbox 3273 3978 3398 4025; x_wconf 69' lang='lat' dir='ltr'><strong>ante</strong></span> 
     </span>
    </p>
   </div>
   <div class='ocr_carea' id='block_1_82' title="bbox 1806 4058 3397 4136">
    <p class='ocr_par' dir='ltr' id='par_1_82' title="bbox 1806 4058 3397 4136">
     <span class='ocr_line' id='line_1_82' title="bbox 1806 4058 3397 4136; baseline -0.003 -17"><span class='ocrx_word' id='word_1_619' title='bbox 1806 4071 2117 4136; x_wconf 86' lang='lat' dir='ltr'><strong>peccatum.</strong></span> <span class='ocrx_word' id='word_1_620' title='bbox 2167 4062 2323 4128; x_wconf 87' lang='lat' dir='ltr'><strong>Quod</strong></span> <span class='ocrx_word' id='word_1_621' title='bbox 2364 4062 2511 4117; x_wconf 91' lang='lat' dir='ltr'><strong>enim</strong></span> <span class='ocrx_word' id='word_1_622' title='bbox 2553 4058 2856 4114; x_wconf 86' lang='lat' dir='ltr'><strong>absurdum</strong></span> <span class='ocrx_word' id='word_1_623' title='bbox 2912 4059 3004 4123; x_wconf 90' lang='lat' dir='ltr'><strong>sit,</strong></span> <span class='ocrx_word' id='word_1_624' title='bbox 3063 4072 3239 4127; x_wconf 68' lang='lat' dir='ltr'><strong>pinnae</strong></span> <span class='ocrx_word' id='word_1_625' title='bbox 3279 4059 3397 4115; x_wconf 76' lang='lat' dir='ltr'><strong>loco</strong></span> 
     </span>
    </p>
   </div>
   <div class='ocr_carea' id='block_1_83' title="bbox 1808 4147 3397 4223">
    <p class='ocr_par' dir='ltr' id='par_1_83' title="bbox 1808 4147 3397 4223">
     <span class='ocr_line' id='line_1_83' title="bbox 1808 4147 3397 4223; baseline -0.004 -14"><span class='ocrx_word' id='word_1_626' title='bbox 1808 4168 2011 4223; x_wconf 88' lang='lat' dir='ltr'><strong>corpus</strong></span> <span class='ocrx_word' id='word_1_627' title='bbox 2052 4153 2251 4208; x_wconf 68' lang='lat' dir='ltr'><strong>anima:</strong></span> <span class='ocrx_word' id='word_1_628' title='bbox 2302 4158 2425 4223; x_wconf 91' lang='lat' dir='ltr'><strong>post</strong></span> <span class='ocrx_word' id='word_1_629' title='bbox 2467 4155 2751 4220; x_wconf 86' lang='lat' dir='ltr'><strong>peccatum</strong></span> <span class='ocrx_word' id='word_1_630' title='bbox 2804 4158 3061 4218; x_wconf 89' lang='lat' dir='ltr'><strong>tanquam</strong></span> <span class='ocrx_word' id='word_1_631' title='bbox 3120 4147 3397 4202; x_wconf 88' lang='lat' dir='ltr'><strong>vinculum</strong></span> 
     </span>
    </p>
   </div>
   <div class='ocr_carea' id='block_1_84' title="bbox 105 4239 1697 4321">
    <p class='ocr_par' dir='ltr' id='par_1_84' title="bbox 105 4248 1697 4321">
     <span class='ocr_line' id='line_1_84' title="bbox 105 4248 1697 4321; baseline -0.001 -18"><span class='ocrx_word' id='word_1_632' title='bbox 105 4250 343 4319; x_wconf 82' lang='grc' dir='ltr'>γονότα,</span> <span class='ocrx_word' id='word_1_633' title='bbox 379 4248 445 4300; x_wconf 80' lang='grc' dir='ltr'><strong>ἶν’</strong></span> <span class='ocrx_word' id='word_1_634' title='bbox 490 4249 727 4319; x_wconf 79' lang='grc' dir='ltr'>ἄκρατον</span> <span class='ocrx_word' id='word_1_635' title='bbox 752 4251 784 4319; x_wconf 85' lang='grc' dir='ltr'><strong>ή</strong></span> <span class='ocrx_word' id='word_1_636' title='bbox 810 4248 955 4321; x_wconf 78' lang='grc' dir='ltr'>ψυχὴ</span> <span class='ocrx_word' id='word_1_637' title='bbox 998 4250 1093 4303; x_wconf 74' lang='grc' dir='ltr'>καὶ</span> <span class='ocrx_word' id='word_1_638' title='bbox 1130 4249 1329 4318; x_wconf 85' lang='grc' dir='ltr'>συνεχῆ</span> <span class='ocrx_word' id='word_1_639' title='bbox 1361 4250 1481 4301; x_wconf 82' lang='grc' dir='ltr'>κατ’</span> <span class='ocrx_word' id='word_1_640' title='bbox 1516 4249 1697 4309; x_wconf 63' lang='grc' dir='ltr'>αὐτοὺς</span> 
     </span>
    </p>
   </div>
   <div class='ocr_carea' id='block_1_85' title="bbox 1807 4239 3396 4321">
    <p class='ocr_par' dir='ltr' id='par_1_85' title="bbox 1810 4239 3396 4310">
     <span class='ocr_line' id='line_1_85' title="bbox 1810 4239 3396 4310; baseline -0.004 -9"><span class='ocrx_word' id='word_1_641' title='bbox 1810 4246 1983 4301; x_wconf 78' lang='lat' dir='ltr'><strong>fuisse</strong></span> <span class='ocrx_word' id='word_1_642' title='bbox 2005 4245 2387 4307; x_wconf 91' lang='lat' dir='ltr'><strong>constitutum,</strong></span> <span class='ocrx_word' id='word_1_643' title='bbox 2409 4250 2469 4297; x_wconf 91' lang='lat' dir='ltr'><strong>ut</strong></span> <span class='ocrx_word' id='word_1_644' title='bbox 2485 4242 2701 4298; x_wconf 89' lang='lat' dir='ltr'><strong>addicta</strong></span> <span class='ocrx_word' id='word_1_645' title='bbox 2726 4248 2947 4295; x_wconf 90' lang='lat' dir='ltr'><strong>mortuo</strong></span> <span class='ocrx_word' id='word_1_646' title='bbox 2962 4239 3197 4310; x_wconf 76' lang='lat' dir='ltr'><strong>gerendo</strong></span> <span class='ocrx_word' id='word_1_647' title='bbox 3214 4241 3396 4294; x_wconf 88' lang='lat' dir='ltr'><strong>anima</strong></span> 
     </span>
    </p>
   </div>
   <div class='ocr_carea' id='block_1_86' title="bbox 106 4339 1713 4414">
    <p class='ocr_par' dir='ltr' id='par_1_86' title="bbox 106 4339 1713 4414">
     <span class='ocr_line' id='line_1_86' title="bbox 106 4339 1713 4414; baseline 0 -20"><span class='ocrx_word' id='word_1_648' title='bbox 106 4344 363 4414; x_wconf 76' lang='grc' dir='ltr'>βάσανον</span> <span class='ocrx_word' id='word_1_649' title='bbox 402 4339 499 4412; x_wconf 73' lang='grc' dir='ltr'><strong>ἔχῃ</strong></span> <span class='ocrx_word' id='word_1_650' title='bbox 541 4341 965 4411; x_wconf 78' lang='grc' dir='ltr'>νεκροφοροῦσα,</span> <span class='ocrx_word' id='word_1_651' title='bbox 1011 4340 1153 4395; x_wconf 87' lang='grc' dir='ltr'>δοκῶ</span> <span class='ocrx_word' id='word_1_652' title='bbox 1190 4358 1279 4412; x_wconf 86' lang='grc' dir='ltr'><strong>μοι</strong></span> <span class='ocrx_word' id='word_1_653' title='bbox 1314 4340 1496 4413; x_wconf 85' lang='grc' dir='ltr'>πλήρη</span> <span class='ocrx_word' id='word_1_654' title='bbox 1540 4339 1713 4394; x_wconf 79' lang='grc' dir='ltr'>ταῦτα</span> 
     </span>
    </p>
   </div>
   <div class='ocr_carea' id='block_1_87' title="bbox 104 4429 1710 4505">
    <p class='ocr_par' dir='ltr' id='par_1_87' title="bbox 104 4429 1710 4505">
     <span class='ocr_line' id='line_1_87' title="bbox 104 4429 1710 4505; baseline 0 -19"><span class='ocrx_word' id='word_1_655' title='bbox 104 4434 221 4505; x_wconf 62' lang='grc' dir='ltr'><strong>ήδη</strong></span> <span class='ocrx_word' id='word_1_656' title='bbox 296 4429 435 4501; x_wconf 83' lang='grc' dir='ltr'>μετά</span> <span class='ocrx_word' id='word_1_657' title='bbox 492 4432 673 4501; x_wconf 86' lang='grc' dir='ltr'>πάσης</span> <span class='ocrx_word' id='word_1_658' title='bbox 727 4431 1055 4498; x_wconf 81' lang='grc' dir='ltr'>ἀποδείξεως</span> <span class='ocrx_word' id='word_1_659' title='bbox 1114 4432 1493 4504; x_wconf 86' lang='grc' dir='ltr'>δεδηλωκέναι.</span> <span class='ocrx_word' id='word_1_660' title='bbox 1548 4431 1710 4486; x_wconf 84' lang='grc' dir='ltr'>Ὅθεν</span> 
     </span>
    </p>
   </div>
   <div class='ocr_carea' id='block_1_88' title="bbox 102 4522 1711 4597">
    <p class='ocr_par' dir='ltr' id='par_1_88' title="bbox 102 4522 1711 4597">
     <span class='ocr_line' id='line_1_88' title="bbox 102 4522 1711 4597; baseline -0.003 -16"><span class='ocrx_word' id='word_1_661' title='bbox 102 4525 431 4581; x_wconf 81' lang='grc' dir='ltr'>ἀσύστατον</span> <span class='ocrx_word' id='word_1_662' title='bbox 481 4526 576 4577; x_wconf 82' lang='grc' dir='ltr'><strong>καὶ</strong></span> <span class='ocrx_word' id='word_1_663' title='bbox 610 4524 925 4579; x_wconf 84' lang='grc' dir='ltr'>άνένδεκτον</span> <span class='ocrx_word' id='word_1_664' title='bbox 956 4525 1018 4579; x_wconf 85' lang='grc' dir='ltr'>τὸ</span> <span class='ocrx_word' id='word_1_665' title='bbox 1066 4525 1165 4597; x_wconf 74' lang='grc' dir='ltr'><strong>μὲν</strong></span> <span class='ocrx_word' id='word_1_666' title='bbox 1201 4524 1361 4595; x_wconf 90' lang='grc' dir='ltr'>σῶμα</span> <span class='ocrx_word' id='word_1_667' title='bbox 1394 4522 1595 4592; x_wconf 88' lang='grc' dir='ltr'>παγίδα</span> <span class='ocrx_word' id='word_1_668' title='bbox 1628 4523 1711 4576; x_wconf 82' lang='grc' dir='ltr'>τί-</span> 
     </span>
    </p>
   </div>
   <div class='ocr_carea' id='block_1_89' title="bbox 1742 4384 1787 4440">
    <p class='ocr_par' dir='ltr' id='par_1_89' title="bbox 1742 4384 1787 4440">
     <span class='ocr_line' id='line_1_89' title="bbox 1742 4384 1787 4440; baseline 0 0"><span class='ocrx_word' id='word_1_669' title='bbox 1742 4384 1787 4440; x_wconf 88' lang='lat' dir='ltr'><strong>D</strong></span> 
     </span>
    </p>
   </div>
   <div class='ocr_carea' id='block_1_90' title="bbox 1814 4332 3395 4408">
    <p class='ocr_par' dir='ltr' id='par_1_90' title="bbox 1814 4332 3395 4408">
     <span class='ocr_line' id='line_1_90' title="bbox 1814 4332 3395 4408; baseline -0.004 -15"><span class='ocrx_word' id='word_1_670' title='bbox 1814 4352 1968 4393; x_wconf 88' lang='lat' dir='ltr'><strong>mero</strong></span> <span class='ocrx_word' id='word_1_671' title='bbox 2012 4336 2255 4408; x_wconf 88' lang='lat' dir='ltr'><strong>quodam</strong></span> <span class='ocrx_word' id='word_1_672' title='bbox 2314 4335 2566 4407; x_wconf 85' lang='lat' dir='ltr'><strong>supplicii</strong></span> <span class='ocrx_word' id='word_1_673' title='bbox 2592 4348 2791 4407; x_wconf 74' lang='lat' dir='ltr'><strong>genere</strong></span> <span class='ocrx_word' id='word_1_674' title='bbox 2841 4348 2905 4387; x_wconf 90' lang='lat' dir='ltr'><strong>ac</strong></span> <span class='ocrx_word' id='word_1_675' title='bbox 2960 4332 3296 4402; x_wconf 90' lang='lat' dir='ltr'><strong>sempiterno</strong></span> <span class='ocrx_word' id='word_1_676' title='bbox 3328 4348 3395 4387; x_wconf 81' lang='lat' dir='ltr'><strong>ex</strong></span> 
     </span>
    </p>
   </div>
   <div class='ocr_carea' id='block_1_91' title="bbox 1814 4424 3395 4500">
    <p class='ocr_par' dir='ltr' id='par_1_91' title="bbox 1814 4424 3395 4500">
     <span class='ocr_line' id='line_1_91' title="bbox 1814 4424 3395 4500; baseline -0.004 -15"><span class='ocrx_word' id='word_1_677' title='bbox 1814 4430 2031 4486; x_wconf 90' lang='lat' dir='ltr'><strong>illorum</strong></span> <span class='ocrx_word' id='word_1_678' title='bbox 2078 4428 2339 4500; x_wconf 89' lang='lat' dir='ltr'><strong>opinione</strong></span> <span class='ocrx_word' id='word_1_679' title='bbox 2380 4429 2681 4493; x_wconf 91' lang='lat' dir='ltr'><strong>crucietur,</strong></span> <span class='ocrx_word' id='word_1_680' title='bbox 2726 4425 2915 4481; x_wconf 89' lang='lat' dir='ltr'><strong>videor</strong></span> <span class='ocrx_word' id='word_1_681' title='bbox 2946 4424 3078 4478; x_wconf 89' lang='lat' dir='ltr'><strong>illud</strong></span> <span class='ocrx_word' id='word_1_682' title='bbox 3128 4424 3395 4478; x_wconf 88' lang='lat' dir='ltr'><strong>hactenus</strong></span> 
     </span>
    </p>
   </div>
   <div class='ocr_carea' id='block_1_92' title="bbox 1815 4516 3396 4593">
    <p class='ocr_par' dir='ltr' id='par_1_92' title="bbox 1815 4516 3396 4593">
     <span class='ocr_line' id='line_1_92' title="bbox 1815 4516 3396 4593; baseline -0.004 -17"><span class='ocrx_word' id='word_1_683' title='bbox 1815 4522 2031 4578; x_wconf 88' lang='lat' dir='ltr'><strong>abunde</strong></span> <span class='ocrx_word' id='word_1_684' title='bbox 2077 4522 2407 4593; x_wconf 88' lang='lat' dir='ltr'><strong>copioseque</strong></span> <span class='ocrx_word' id='word_1_685' title='bbox 2452 4522 2884 4576; x_wconf 88' lang='lat' dir='ltr'><strong>demonstrasse.</strong></span> <span class='ocrx_word' id='word_1_686' title='bbox 2936 4516 3117 4583; x_wconf 88' lang='lat' dir='ltr'><strong>Quare</strong></span> <span class='ocrx_word' id='word_1_687' title='bbox 3171 4516 3396 4570; x_wconf 88' lang='lat' dir='ltr'><strong>minime</strong></span> 
     </span>
    </p>
   </div>
   <div class='ocr_carea' id='block_1_93' title="bbox 1814 4607 3395 4686">
    <p class='ocr_par' dir='ltr' id='par_1_93' title="bbox 1814 4607 3395 4686">
     <span class='ocr_line' id='line_1_93' title="bbox 1814 4607 3395 4686; baseline -0.006 -16"><span class='ocrx_word' id='word_1_688' title='bbox 1814 4615 2099 4670; x_wconf 82' lang='lat' dir='ltr'><strong>cohaerens</strong></span> <span class='ocrx_word' id='word_1_689' title='bbox 2149 4629 2213 4669; x_wconf 92' lang='lat' dir='ltr'><strong>ac</strong></span> <span class='ocrx_word' id='word_1_690' title='bbox 2246 4613 2530 4686; x_wconf 89' lang='lat' dir='ltr'><strong>probabile</strong></span> <span class='ocrx_word' id='word_1_691' title='bbox 2574 4612 2811 4675; x_wconf 90' lang='lat' dir='ltr'><strong>videtur,</strong></span> <span class='ocrx_word' id='word_1_692' title='bbox 2848 4609 3025 4680; x_wconf 87' lang='lat' dir='ltr'><strong>laquei</strong></span> <span class='ocrx_word' id='word_1_693' title='bbox 3076 4622 3141 4662; x_wconf 89' lang='lat' dir='ltr'><strong>ac</strong></span> <span class='ocrx_word' id='word_1_694' title='bbox 3190 4607 3395 4661; x_wconf 89' lang='lat' dir='ltr'><strong>vinculi</strong></span> 
     </span>
    </p>
   </div>
   <div class='ocr_carea' id='block_1_94' title="bbox 1816 4699 3395 4778">
    <p class='ocr_par' dir='ltr' id='par_1_94' title="bbox 1816 4699 3395 4778">
     <span class='ocr_line' id='line_1_94' title="bbox 1816 4699 3395 4778; baseline -0.006 -15"><span class='ocrx_word' id='word_1_695' title='bbox 1816 4710 1993 4765; x_wconf 88' lang='lat' dir='ltr'><strong>instar</strong></span> <span class='ocrx_word' id='word_1_696' title='bbox 2028 4722 2151 4764; x_wconf 89' lang='lat' dir='ltr'><strong>esse</strong></span> <span class='ocrx_word' id='word_1_697' title='bbox 2182 4722 2407 4778; x_wconf 89' lang='lat' dir='ltr'><strong>corpus,</strong></span> <span class='ocrx_word' id='word_1_698' title='bbox 2438 4707 2494 4763; x_wconf 89' lang='lat' dir='ltr'><strong>in</strong></span> <span class='ocrx_word' id='word_1_699' title='bbox 2525 4704 2671 4778; x_wconf 90' lang='lat' dir='ltr'><strong>quod</strong></span> <span class='ocrx_word' id='word_1_700' title='bbox 2702 4705 2913 4758; x_wconf 82' lang='lat' dir='ltr'><strong>animas</strong></span> <span class='ocrx_word' id='word_1_701' title='bbox 2951 4700 3091 4756; x_wconf 90' lang='lat' dir='ltr'><strong>Deus</strong></span> <span class='ocrx_word' id='word_1_702' title='bbox 3142 4699 3395 4768; x_wconf 87' lang='lat' dir='ltr'><strong>supplicii</strong></span> 
     </span>
    </p>
   </div>
   <div class='ocr_carea' id='block_1_95' title="bbox 104 4615 1711 4688">
    <p class='ocr_par' dir='ltr' id='par_1_95' title="bbox 104 4615 1711 4688">
     <span class='ocr_line' id='line_1_95' title="bbox 104 4615 1711 4688; baseline -0.002 -15"><span class='ocrx_word' id='word_1_703' title='bbox 104 4616 317 4673; x_wconf 82' lang='grc' dir='ltr'>θεσθαι</span> <span class='ocrx_word' id='word_1_704' title='bbox 348 4616 441 4669; x_wconf 76' lang='grc' dir='ltr'>καὶ</span> <span class='ocrx_word' id='word_1_705' title='bbox 484 4616 682 4688; x_wconf 82' lang='grc' dir='ltr'>δεσμὰ,</span> <span class='ocrx_word' id='word_1_706' title='bbox 718 4618 810 4670; x_wconf 84' lang='grc' dir='ltr'><strong>τὸν</strong></span> <span class='ocrx_word' id='word_1_707' title='bbox 848 4618 906 4670; x_wconf 82' lang='grc' dir='ltr'>δὲ</span> <span class='ocrx_word' id='word_1_708' title='bbox 943 4618 1076 4670; x_wconf 83' lang='grc' dir='ltr'>Θεὸν</span> <span class='ocrx_word' id='word_1_709' title='bbox 1104 4616 1346 4686; x_wconf 76' lang='grc' dir='ltr'>εἰσάγειν</span> <span class='ocrx_word' id='word_1_710' title='bbox 1390 4615 1491 4679; x_wconf 81' lang='grc' dir='ltr'>τὰς</span> <span class='ocrx_word' id='word_1_711' title='bbox 1532 4615 1711 4686; x_wconf 75' lang='grc' dir='ltr'>ψυχάς</span> 
     </span>
    </p>
   </div>
   <div class='ocr_carea' id='block_1_96' title="bbox 102 4708 1713 4781">
    <p class='ocr_par' dir='ltr' id='par_1_96' title="bbox 102 4708 1713 4781">
     <span class='ocr_line' id='line_1_96' title="bbox 102 4708 1713 4781; baseline -0.002 -16"><span class='ocrx_word' id='word_1_712' title='bbox 102 4714 198 4774; x_wconf 73' lang='grc' dir='ltr'>εἰς</span> <span class='ocrx_word' id='word_1_713' title='bbox 244 4709 347 4781; x_wconf 79' lang='grc' dir='ltr'>τὴν</span> <span class='ocrx_word' id='word_1_714' title='bbox 388 4709 613 4778; x_wconf 88' lang='grc' dir='ltr'>παγίδα,</span> <span class='ocrx_word' id='word_1_715' title='bbox 658 4709 813 4781; x_wconf 87' lang='grc' dir='ltr'>δίκην</span> <span class='ocrx_word' id='word_1_716' title='bbox 854 4710 1190 4780; x_wconf 77' lang='grc' dir='ltr'>ὑφεξούσας·</span> <span class='ocrx_word' id='word_1_717' title='bbox 1239 4708 1446 4765; x_wconf 80' lang='grc' dir='ltr'>ἄνωθεν</span> <span class='ocrx_word' id='word_1_718' title='bbox 1492 4708 1558 4763; x_wconf 81' lang='grc' dir='ltr'><strong>ἐκ</strong></span> <span class='ocrx_word' id='word_1_719' title='bbox 1594 4708 1713 4781; x_wconf 91' lang='grc' dir='ltr'>τρί-</span> 
     </span>
    </p>
   </div>
   <div class='ocr_carea' id='block_1_97' title="bbox 100 4792 1697 4873">
    <p class='ocr_par' dir='ltr' id='par_1_97' title="bbox 100 4801 1697 4873">
     <span class='ocr_line' id='line_1_97' title="bbox 100 4801 1697 4873; baseline -0.004 -13"><span class='ocrx_word' id='word_1_720' title='bbox 100 4824 215 4860; x_wconf 85' lang='grc' dir='ltr'><strong>του</strong></span> <span class='ocrx_word' id='word_1_721' title='bbox 272 4801 604 4856; x_wconf 76' lang='grc' dir='ltr'>ἐκόάλλοντα</span> <span class='ocrx_word' id='word_1_722' title='bbox 645 4802 875 4873; x_wconf 77' lang='grc' dir='ltr'>οὐρανοῦ</span> <span class='ocrx_word' id='word_1_723' title='bbox 898 4842 914 4868; x_wconf 96' lang='grc'><strong>,</strong></span> <span class='ocrx_word' id='word_1_724' title='bbox 968 4803 1050 4856; x_wconf 84' lang='grc' dir='ltr'><strong>ὃτι</strong></span> <span class='ocrx_word' id='word_1_725' title='bbox 1105 4801 1314 4857; x_wconf 79' lang='grc' dir='ltr'>ἄνωθεν</span> <span class='ocrx_word' id='word_1_726' title='bbox 1365 4802 1697 4873; x_wconf 65' lang='grc' dir='ltr'>παρήκουσαε</span> 
     </span>
    </p>
   </div>
   <div class='ocr_carea' id='block_1_98' title="bbox 1807 4792 3399 4873">
    <p class='ocr_par' dir='ltr' id='par_1_98' title="bbox 1816 4792 3399 4869">
     <span class='ocr_line' id='line_1_98' title="bbox 1816 4792 3399 4869; baseline -0.008 -10"><span class='ocrx_word' id='word_1_727' title='bbox 1816 4818 1983 4859; x_wconf 91' lang='lat' dir='ltr'><strong>causa</strong></span> <span class='ocrx_word' id='word_1_728' title='bbox 2016 4802 2373 4859; x_wconf 89' lang='lat' dir='ltr'><strong>nihilominus</strong></span> <span class='ocrx_word' id='word_1_729' title='bbox 2427 4803 2656 4863; x_wconf 87' lang='lat' dir='ltr'><strong>inserat,</strong></span> <span class='ocrx_word' id='word_1_730' title='bbox 2697 4814 2835 4869; x_wconf 87' lang='lat' dir='ltr'><strong>quas</strong></span> <span class='ocrx_word' id='word_1_731' title='bbox 2860 4812 2891 4853; x_wconf 90' lang='lat' dir='ltr'><strong>e</strong></span> <span class='ocrx_word' id='word_1_732' title='bbox 2921 4795 3082 4851; x_wconf 88' lang='lat' dir='ltr'><strong>tertio</strong></span> <span class='ocrx_word' id='word_1_733' title='bbox 3131 4793 3271 4850; x_wconf 63' lang='lat' dir='ltr'><strong>caelo</strong></span> <span class='ocrx_word' id='word_1_734' title='bbox 3303 4792 3399 4847; x_wconf 68' lang='lat' dir='ltr'><strong>deo</strong></span> 
     </span>
    </p>
   </div>
   <div class='ocr_carea' id='block_1_99' title="bbox 97 4884 1697 4968">
    <p class='ocr_par' dir='ltr' id='par_1_99' title="bbox 97 4894 1697 4968">
     <span class='ocr_line' id='line_1_99' title="bbox 97 4894 1697 4968; baseline -0.001 -20"><span class='ocrx_word' id='word_1_735' title='bbox 97 4898 222 4968; x_wconf 75' lang='grc' dir='ltr'>τῆς</span> <span class='ocrx_word' id='word_1_736' title='bbox 264 4895 506 4966; x_wconf 76' lang='grc' dir='ltr'>ἐντολῆς.</span> <span class='ocrx_word' id='word_1_737' title='bbox 563 4895 707 4967; x_wconf 75' lang='grc' dir='ltr'>Πρὸς</span> <span class='ocrx_word' id='word_1_738' title='bbox 762 4896 815 4949; x_wconf 87' lang='grc' dir='ltr'><strong>τί</strong></span> <span class='ocrx_word' id='word_1_739' title='bbox 857 4896 968 4968; x_wconf 87' lang='grc' dir='ltr'><strong>γάρ</strong></span> <span class='ocrx_word' id='word_1_740' title='bbox 1016 4914 1101 4959; x_wconf 88' lang='grc' dir='ltr'><strong>τις</strong></span> <span class='ocrx_word' id='word_1_741' title='bbox 1154 4895 1353 4966; x_wconf 74' lang='grc' dir='ltr'>βλέψας</span> <span class='ocrx_word' id='word_1_742' title='bbox 1376 4894 1697 4949; x_wconf 68' lang='grc' dir='ltr'>πιστεύσειεε</span> 
     </span>
    </p>
   </div>
   <div class='ocr_carea' id='block_1_100' title="bbox 1807 4884 3395 4968">
    <p class='ocr_par' dir='ltr' id='par_1_100' title="bbox 1817 4884 3395 4965">
     <span class='ocr_line' id='line_1_100' title="bbox 1817 4884 3395 4965; baseline -0.009 -14"><span class='ocrx_word' id='word_1_743' title='bbox 1817 4894 2072 4961; x_wconf 90' lang='lat' dir='ltr'><strong>turbarit,</strong></span> <span class='ocrx_word' id='word_1_744' title='bbox 2102 4894 2247 4965; x_wconf 89' lang='lat' dir='ltr'><strong>quod</strong></span> <span class='ocrx_word' id='word_1_745' title='bbox 2278 4893 2594 4949; x_wconf 89' lang='lat' dir='ltr'><strong>mandatum</strong></span> <span class='ocrx_word' id='word_1_746' title='bbox 2631 4905 2790 4948; x_wconf 90' lang='lat' dir='ltr'><strong>suum</strong></span> <span class='ocrx_word' id='word_1_747' title='bbox 2824 4889 2917 4943; x_wconf 89' lang='lat' dir='ltr'><strong>illo</strong></span> <span class='ocrx_word' id='word_1_748' title='bbox 2952 4887 3005 4942; x_wconf 93' lang='lat' dir='ltr'><strong>in</strong></span> <span class='ocrx_word' id='word_1_749' title='bbox 3055 4886 3177 4941; x_wconf 87' lang='lat' dir='ltr'><strong>loco</strong></span> <span class='ocrx_word' id='word_1_750' title='bbox 3224 4884 3395 4939; x_wconf 86' lang='lat' dir='ltr'><strong>viola-</strong></span> 
     </span>
    </p>
   </div>
   <div class='ocr_carea' id='block_1_101' title="bbox 98 4977 1697 5060">
    <p class='ocr_par' dir='ltr' id='par_1_101' title="bbox 98 4986 1697 5060">
     <span class='ocr_line' id='line_1_101' title="bbox 98 4986 1697 5060; baseline -0.004 -15"><span class='ocrx_word' id='word_1_751' title='bbox 98 4992 238 5051; x_wconf 80' lang='grc' dir='ltr'>τοῖς</span> <span class='ocrx_word' id='word_1_752' title='bbox 271 4986 415 5041; x_wconf 78' lang='grc' dir='ltr'>οὕτω</span> <span class='ocrx_word' id='word_1_753' title='bbox 445 4986 537 5041; x_wconf 79' lang='grc' dir='ltr'><strong>ὑπ’</strong></span> <span class='ocrx_word' id='word_1_754' title='bbox 565 4988 745 5041; x_wconf 82' lang='grc' dir='ltr'>αὐτῶν</span> <span class='ocrx_word' id='word_1_755' title='bbox 778 4988 1071 5059; x_wconf 83' lang='grc' dir='ltr'>προπετῶς</span> <span class='ocrx_word' id='word_1_756' title='bbox 1114 4988 1462 5060; x_wconf 77' lang='grc' dir='ltr'>είρημένοιςς</span> <span class='ocrx_word' id='word_1_757' title='bbox 1499 4987 1697 5058; x_wconf 67' lang='grc' dir='ltr'>Καίπει</span> 
     </span>
    </p>
   </div>
   <div class='ocr_carea' id='block_1_102' title="bbox 1807 4977 3396 5060">
    <p class='ocr_par' dir='ltr' id='par_1_102' title="bbox 1813 4977 3396 5055">
     <span class='ocr_line' id='line_1_102' title="bbox 1813 4977 3396 5055; baseline -0.008 -11"><span class='ocrx_word' id='word_1_758' title='bbox 1813 4990 1945 5044; x_wconf 90' lang='lat' dir='ltr'><strong>rint.</strong></span> <span class='ocrx_word' id='word_1_759' title='bbox 1984 4987 2127 5055; x_wconf 85' lang='lat' dir='ltr'><strong>Quid</strong></span> <span class='ocrx_word' id='word_1_760' title='bbox 2171 4996 2255 5044; x_wconf 90' lang='lat' dir='ltr'><strong>est</strong></span> <span class='ocrx_word' id='word_1_761' title='bbox 2285 4988 2453 5047; x_wconf 91' lang='lat' dir='ltr'><strong>enim.</strong></span> <span class='ocrx_word' id='word_1_762' title='bbox 2484 5000 2595 5055; x_wconf 90' lang='lat' dir='ltr'><strong>quo</strong></span> <span class='ocrx_word' id='word_1_763' title='bbox 2625 4994 2734 5039; x_wconf 88' lang='lat' dir='ltr'><strong>tam</strong></span> <span class='ocrx_word' id='word_1_764' title='bbox 2776 4990 2981 5037; x_wconf 85' lang='lat' dir='ltr'><strong>temere</strong></span> <span class='ocrx_word' id='word_1_765' title='bbox 3022 4978 3138 5033; x_wconf 80' lang='lat' dir='ltr'><strong>haec</strong></span> <span class='ocrx_word' id='word_1_766' title='bbox 3185 4978 3253 5033; x_wconf 93' lang='lat' dir='ltr'><strong>ab</strong></span> <span class='ocrx_word' id='word_1_767' title='bbox 3283 4977 3396 5032; x_wconf 89' lang='lat' dir='ltr'><strong>illis</strong></span> 
     </span>
    </p>
   </div>
   <div class='ocr_carea' id='block_1_103' title="bbox 100 5068 1697 5152">
    <p class='ocr_par' dir='ltr' id='par_1_103' title="bbox 100 5078 1697 5152">
     <span class='ocr_line' id='line_1_103' title="bbox 100 5078 1697 5152; baseline -0.003 -16"><span class='ocrx_word' id='word_1_768' title='bbox 100 5082 222 5136; x_wconf 73' lang='grc' dir='ltr'><strong>οὐκ</strong></span> <span class='ocrx_word' id='word_1_769' title='bbox 268 5079 487 5150; x_wconf 84' lang='grc' dir='ltr'>ἔχοντος</span> <span class='ocrx_word' id='word_1_770' title='bbox 530 5078 706 5145; x_wconf 76' lang='grc' dir='ltr'>οὕτως</span> <span class='ocrx_word' id='word_1_771' title='bbox 748 5082 844 5134; x_wconf 78' lang='grc' dir='ltr'>τοῦ</span> <span class='ocrx_word' id='word_1_772' title='bbox 883 5080 1132 5152; x_wconf 71' lang='grc' dir='ltr'>ψαλμοῦ,</span> <span class='ocrx_word' id='word_1_773' title='bbox 1180 5080 1287 5134; x_wconf 84' lang='grc' dir='ltr'><strong>κᾶν</strong></span> <span class='ocrx_word' id='word_1_774' title='bbox 1338 5078 1697 5151; x_wconf 67' lang='grc' dir='ltr'>βεϐιασμένως</span> 
     </span>
    </p>
   </div>
   <div class='ocr_carea' id='block_1_104' title="bbox 1807 5068 3395 5152">
    <p class='ocr_par' dir='ltr' id='par_1_104' title="bbox 1811 5068 3395 5151">
     <span class='ocr_line' id='line_1_104' title="bbox 1811 5068 3395 5151; baseline -0.009 -15"><span class='ocrx_word' id='word_1_775' title='bbox 1811 5081 2074 5136; x_wconf 84' lang='lat' dir='ltr'><strong>allirmata</strong></span> <span class='ocrx_word' id='word_1_776' title='bbox 2119 5078 2431 5151; x_wconf 89' lang='lat' dir='ltr'><strong>persuaderi</strong></span> <span class='ocrx_word' id='word_1_777' title='bbox 2465 5074 2717 5146; x_wconf 83' lang='lat' dir='ltr'><strong>possint?</strong></span> <span class='ocrx_word' id='word_1_778' title='bbox 2746 5073 2885 5127; x_wconf 87' lang='lat' dir='ltr'><strong>Cum</strong></span> <span class='ocrx_word' id='word_1_779' title='bbox 2921 5068 3223 5142; x_wconf 68' lang='lat' dir='ltr'><strong>praesertim</strong></span> <span class='ocrx_word' id='word_1_780' title='bbox 3260 5068 3395 5123; x_wconf 85' lang='lat' dir='ltr'><strong>nihil</strong></span> 
     </span>
    </p>
   </div>
   <div class='ocr_carea' id='block_1_105' title="bbox 99 5169 1707 5246">
    <p class='ocr_par' dir='ltr' id='par_1_105' title="bbox 99 5169 1707 5246">
     <span class='ocr_line' id='line_1_105' title="bbox 99 5169 1707 5246; baseline -0.002 -19"><span class='ocrx_word' id='word_1_781' title='bbox 99 5171 288 5227; x_wconf 70' lang='grc' dir='ltr'>αὐτὸν</span> <span class='ocrx_word' id='word_1_782' title='bbox 329 5169 653 5225; x_wconf 82' lang='grc' dir='ltr'>ἐκτίθενται.</span> <span class='ocrx_word' id='word_1_783' title='bbox 703 5171 855 5225; x_wconf 59' lang='lat' dir='ltr'><strong>aera;</strong></span> <span class='ocrx_word' id='word_1_784' title='bbox 903 5172 958 5225; x_wconf 85' lang='grc' dir='ltr'>δὲ</span> <span class='ocrx_word' id='word_1_785' title='bbox 1001 5172 1240 5246; x_wconf 86' lang='grc' dir='ltr'>προοίσω</span> <span class='ocrx_word' id='word_1_786' title='bbox 1271 5172 1341 5227; x_wconf 81' lang='grc' dir='ltr'>τὰ</span> <span class='ocrx_word' id='word_1_787' title='bbox 1376 5170 1707 5241; x_wconf 85' lang='grc' dir='ltr'>ἐγκείμενα·</span> 
     </span>
    </p>
   </div>
   <div class='ocr_carea' id='block_1_106' title="bbox 102 5250 1697 5337">
    <p class='ocr_par' dir='ltr' id='par_1_106' title="bbox 102 5262 1684 5337">
     <span class='ocr_line' id='line_1_106' title="bbox 102 5262 1684 5337; baseline -0.001 -18"><span class='ocrx_word' id='word_1_788' title='bbox 102 5268 206 5319; x_wconf 71' lang='grc' dir='ltr'>ἵνα</span> <span class='ocrx_word' id='word_1_789' title='bbox 248 5262 347 5333; x_wconf 86' lang='grc' dir='ltr'><strong>(δὲ)</strong></span> <span class='ocrx_word' id='word_1_790' title='bbox 380 5262 561 5317; x_wconf 75' lang='grc' dir='ltr'>καὶτὸ</span> <span class='ocrx_word' id='word_1_791' title='bbox 593 5263 839 5335; x_wconf 88' lang='grc' dir='ltr'>μυθῶδες</span> <span class='ocrx_word' id='word_1_792' title='bbox 864 5265 1042 5319; x_wconf 82' lang='grc' dir='ltr'>αὐτῶν</span> <span class='ocrx_word' id='word_1_793' title='bbox 1068 5266 1170 5337; x_wconf 79' lang='grc' dir='ltr'>τῆς</span> <span class='ocrx_word' id='word_1_794' title='bbox 1197 5266 1511 5337; x_wconf 80' lang='grc' dir='ltr'>ἐξηγήσεως</span> <span class='ocrx_word' id='word_1_795' title='bbox 1544 5266 1684 5335; x_wconf 81' lang='grc' dir='ltr'><strong>φανῇ</strong></span> 
     </span>
    </p>
   </div>
   <div class='ocr_carea' id='block_1_107' title="bbox 1807 5250 3394 5337">
    <p class='ocr_par' dir='ltr' id='par_1_107' title="bbox 1816 5250 3394 5335">
     <span class='ocr_line' id='line_1_107' title="bbox 1816 5250 3394 5335; baseline -0.014 -14"><span class='ocrx_word' id='word_1_796' title='bbox 1816 5266 1938 5335; x_wconf 88' lang='lat' dir='ltr'><strong>ejus</strong></span> <span class='ocrx_word' id='word_1_797' title='bbox 1972 5263 2300 5321; x_wconf 89' lang='lat' dir='ltr'><strong>sententiam</strong></span> <span class='ocrx_word' id='word_1_798' title='bbox 2334 5262 2663 5330; x_wconf 88' lang='lat' dir='ltr'><strong>detorquere</strong></span> <span class='ocrx_word' id='word_1_799' title='bbox 2700 5255 3006 5312; x_wconf 82' lang='lat' dir='ltr'><strong>conentur?</strong></span> <span class='ocrx_word' id='word_1_800' title='bbox 3045 5250 3152 5307; x_wconf 86' lang='lat' dir='ltr'><strong>Sed</strong></span> <span class='ocrx_word' id='word_1_801' title='bbox 3205 5250 3394 5305; x_wconf 79' lang='lat' dir='ltr'><strong>eadem</strong></span> 
     </span>
    </p>
   </div>
   <div class='ocr_carea' id='block_1_108' title="bbox 97 5336 1697 5430">
    <p class='ocr_par' dir='ltr' id='par_1_108' title="bbox 97 5336 1697 5430">
     <span class='ocr_line' id='line_1_108' title="bbox 97 5336 1697 5430; baseline 0 -18"><span class='ocrx_word' id='word_1_802' title='bbox 97 5354 302 5430; x_wconf 80' lang='grc' dir='ltr'>ὀρθῶς</span> <span class='ocrx_word' id='word_1_803' title='bbox 347 5355 423 5426; x_wconf 79' lang='grc' dir='ltr'>μὴ</span> <span class='ocrx_word' id='word_1_804' title='bbox 471 5354 737 5410; x_wconf 75' lang='grc' dir='ltr'>θελόντων</span> <span class='ocrx_word' id='word_1_805' title='bbox 793 5344 933 5411; x_wconf 86' lang='grc' dir='ltr'>νοεῖν</span> <span class='ocrx_word' id='word_1_806' title='bbox 988 5357 1088 5422; x_wconf 80' lang='grc' dir='ltr'>τὰς</span> <span class='ocrx_word' id='word_1_807' title='bbox 1136 5336 1380 5429; x_wconf 68' lang='grc' dir='ltr'>Γραφάς.</span> <span class='ocrx_word' id='word_1_808' title='bbox 1432 5358 1553 5413; x_wconf 78' lang='grc' dir='ltr'>Εἰσὶ</span> <span class='ocrx_word' id='word_1_809' title='bbox 1602 5358 1697 5429; x_wconf 62' lang='grc' dir='ltr'><strong>γὰρ</strong></span> 
     </span>
    </p>
   </div>
   <div class='ocr_carea' id='block_1_109' title="bbox 1807 5336 3398 5430">
    <p class='ocr_par' dir='ltr' id='par_1_109' title="bbox 1818 5336 3398 5420">
     <span class='ocr_line' id='line_1_109' title="bbox 1818 5336 3398 5420; baseline -0.012 -9"><span class='ocrx_word' id='word_1_810' title='bbox 1818 5357 1910 5412; x_wconf 88' lang='lat' dir='ltr'><strong>illa</strong></span> <span class='ocrx_word' id='word_1_811' title='bbox 1936 5355 2098 5411; x_wconf 85' lang='lat' dir='ltr'><strong>verba</strong></span> <span class='ocrx_word' id='word_1_812' title='bbox 2129 5354 2260 5409; x_wconf 85' lang='lat' dir='ltr'><strong>libet</strong></span> <span class='ocrx_word' id='word_1_813' title='bbox 2295 5352 2511 5415; x_wconf 80' lang='lat' dir='ltr'><strong>all&#39;erre,</strong></span> <span class='ocrx_word' id='word_1_814' title='bbox 2577 5363 2689 5420; x_wconf 84' lang='lat' dir='ltr'><strong>quo</strong></span> <span class='ocrx_word' id='word_1_815' title='bbox 2749 5344 2968 5404; x_wconf 88' lang='lat' dir='ltr'><strong>illorum</strong></span> <span class='ocrx_word' id='word_1_816' title='bbox 3018 5336 3398 5411; x_wconf 76' lang='lat' dir='ltr'><strong>interpretatio</strong></span> 
     </span>
    </p>
   </div>
   <div class='ocr_carea' id='block_1_110' title="bbox 194 5504 1697 5583">
    <p class='ocr_par' dir='ltr' id='par_1_110' title="bbox 194 5510 1697 5583">
     <span class='ocr_line' id='line_1_110' title="bbox 194 5510 1697 5583; baseline -0.002 -15"><span class='ocrx_word' id='word_1_817' title='bbox 194 5513 216 5546; x_wconf 86' lang='grc'>¹</span> <span class='ocrx_word' id='word_1_818' title='bbox 252 5513 565 5583; x_wconf 84' lang='lat' dir='ltr'><strong>Corruptus</strong></span> <span class='ocrx_word' id='word_1_819' title='bbox 595 5520 678 5569; x_wconf 90' lang='lat' dir='ltr'><strong>est</strong></span> <span class='ocrx_word' id='word_1_820' title='bbox 714 5512 802 5568; x_wconf 86' lang='lat' dir='ltr'><strong>hic</strong></span> <span class='ocrx_word' id='word_1_821' title='bbox 828 5513 1005 5570; x_wconf 90' lang='lat' dir='ltr'><strong>locus.</strong></span> <span class='ocrx_word' id='word_1_822' title='bbox 1083 5514 1103 5545; x_wconf 80' lang='lat'><strong>’</strong></span> <span class='ocrx_word' id='word_1_823' title='bbox 1132 5512 1285 5569; x_wconf 85' lang='lat' dir='ltr'><strong>Deest</strong></span> <span class='ocrx_word' id='word_1_824' title='bbox 1322 5510 1529 5582; x_wconf 88' lang='lat' dir='ltr'><strong>aliquid</strong></span> <span class='ocrx_word' id='word_1_825' title='bbox 1551 5519 1604 5567; x_wconf 92' lang='lat' dir='ltr'><strong>et</strong></span> <span class='ocrx_word' id='word_1_826' title='bbox 1628 5512 1697 5583; x_wconf 71' lang='grc' dir='ltr'><strong>ἐμ</strong></span> 
     </span>
    </p>
   </div>
   <div class='ocr_carea' id='block_1_111' title="bbox 1807 5504 2767 5583">
    <p class='ocr_par' dir='ltr' id='par_1_111' title="bbox 1807 5504 2767 5580">
     <span class='ocr_line' id='line_1_111' title="bbox 1807 5504 2767 5580; baseline -0.008 -14"><span class='ocrx_word' id='word_1_827' title='bbox 1807 5507 2151 5580; x_wconf 68' lang='grc' dir='ltr'>ἑζεσθαιὶοε.</span> <span class='ocrx_word' id='word_1_828' title='bbox 2248 5506 2426 5562; x_wconf 78' lang='lat' dir='ltr'><strong>&#39;Gen.</strong></span> <span class='ocrx_word' id='word_1_829' title='bbox 2467 5521 2549 5571; x_wconf 86' lang='lat' dir='ltr'><strong>Ill,</strong></span> <span class='ocrx_word' id='word_1_830' title='bbox 2583 5504 2604 5559; x_wconf 84' lang='lat' dir='ltr'><strong>l</strong></span> <span class='ocrx_word' id='word_1_831' title='bbox 2647 5520 2767 5576; x_wconf 90' lang='lat' dir='ltr'><strong>sqq.</strong></span> 
     </span>
    </p>
   </div>
   <div class='ocr_carea' id='block_1_112' title="bbox 196 5675 1697 5763">
    <p class='ocr_par' dir='ltr' id='par_1_112' title="bbox 196 5685 1697 5763">
     <span class='ocr_line' id='line_1_112' title="bbox 196 5685 1697 5763; baseline -0.003 -20"><span class='ocrx_word' id='word_1_832' title='bbox 196 5692 317 5763; x_wconf 69' lang='lat'><strong>(£3)</strong></span> <span class='ocrx_word' id='word_1_833' title='bbox 359 5689 621 5747; x_wconf 72' lang='grc' dir='ltr'>Λέλυται</span> <span class='ocrx_word' id='word_1_834' title='bbox 658 5690 759 5747; x_wconf 81' lang='grc' dir='ltr'><strong>και</strong></span> <span class='ocrx_word' id='word_1_835' title='bbox 797 5690 871 5747; x_wconf 75' lang='grc' dir='ltr'>τὸ,</span> <span class='ocrx_word' id='word_1_836' title='bbox 906 5688 1079 5745; x_wconf 78' lang='grc' dir='ltr'><strong>εἶναι.</strong></span> <span class='ocrx_word' id='word_1_837' title='bbox 1142 5689 1424 5761; x_wconf 73' lang='lat' dir='ltr'><strong>Expuncta</strong></span> <span class='ocrx_word' id='word_1_838' title='bbox 1464 5685 1657 5742; x_wconf 87' lang='lat' dir='ltr'><strong>vocula</strong></span> <span class='ocrx_word' id='word_1_839' title='bbox 1688 5703 1697 5738; x_wconf 82' lang='grc' dir='ltr'>ι</span> 
     </span>
    </p>
   </div>
   <div class='ocr_carea' id='block_1_113' title="bbox 1807 5675 2795 5763">
    <p class='ocr_par' dir='ltr' id='par_1_113' title="bbox 1811 5675 2795 5752">
     <span class='ocr_line' id='line_1_113' title="bbox 1811 5675 2795 5752; baseline -0.009 -14"><span class='ocrx_word' id='word_1_840' title='bbox 1811 5700 1826 5738; x_wconf 96' lang='grc' dir='ltr'>ι</span> <span class='ocrx_word' id='word_1_841' title='bbox 1857 5690 2137 5752; x_wconf 82' lang='lat' dir='ltr'><strong>utcunque</strong></span> <span class='ocrx_word' id='word_1_842' title='bbox 2168 5680 2441 5740; x_wconf 79' lang='lat' dir='ltr'><strong>sententia</strong></span> <span class='ocrx_word' id='word_1_843' title='bbox 2475 5675 2795 5733; x_wconf 68' lang='lat' dir='ltr'><strong>cohaerebit.</strong></span> 
     </span>
    </p>
   </div>
   <div class='ocr_carea' id='block_1_114' title="bbox 1814 5151 3505 5244">
    <p class='ocr_par' dir='ltr' id='par_1_114' title="bbox 1814 5151 3505 5244">
     <span class='ocr_line' id='line_1_114' title="bbox 1814 5151 3505 5244; baseline -0.012 -14"><span class='ocrx_word' id='word_1_844' title='bbox 1814 5174 2085 5244; x_wconf 87' lang='lat' dir='ltr'><strong>ejusmodi</strong></span> <span class='ocrx_word' id='word_1_845' title='bbox 2118 5172 2360 5243; x_wconf 80' lang='lat' dir='ltr'><strong>psalmus</strong></span> <span class='ocrx_word' id='word_1_846' title='bbox 2391 5169 2482 5223; x_wconf 90' lang='lat' dir='ltr'><strong>ille</strong></span> <span class='ocrx_word' id='word_1_847' title='bbox 2514 5151 2816 5232; x_wconf 79' lang='lat' dir='ltr'><strong>contineat,</strong></span> <span class='ocrx_word' id='word_1_848' title='bbox 2881 5162 3096 5218; x_wconf 87' lang='lat' dir='ltr'><strong>tametsi</strong></span> <span class='ocrx_word' id='word_1_849' title='bbox 3154 5175 3251 5231; x_wconf 90' lang='lat' dir='ltr'><strong>per</strong></span> <span class='ocrx_word' id='word_1_850' title='bbox 3285 5159 3395 5211; x_wconf 87' lang='lat' dir='ltr'><strong>vim</strong></span> <span class='ocrx_word' id='word_1_851' title='bbox 3498 5180 3505 5183; x_wconf 29' lang='grc' dir='ltr'><em>Α</em></span> 
     </span>
    </p>
   </div>
  </div>
