3822 6294
415 225 553 282 ΗΠ

1791 240 1848 297 S.
1891 242 2228 300 EPIPI—lANll

3534 260 3664 314 1M8

413 364 576 417 quam
631 349 882 406 inanibus
927 349 998 406 sit
1025 339 1224 407 referta
1287 353 1489 412 fabulis
1563 368 1842 428 appareat,
1896 362 1990 430 qni

2097 363 2236 416 οὕτω
2278 380 2395 426 πως
2443 363 2614 434 δήπου
2647 363 2938 434 λεχθέντα·
2987 365 3377 436 Ἐδοκίμασας
3416 369 3596 437 ἡμᾶς,
3633 378 3664 430 ὁ

416 439 821 510 Scripturaruul
848 454 1054 498 rectam
1090 445 1506 515 intelligentiam
1533 450 1838 518 repudiant.
1865 450 1989 507 Haec

413 532 557 584 enim
583 533 673 587 illo
713 535 764 587 in
807 537 1015 604 psalmo
1051 537 1307 607 leguntur
1337 555 1350 590 :
1398 538 1645 593 Probasti
1674 557 1792 606 nos,
1825 541 1988 607 Deus;

413 625 526 693 igne
580 642 674 678 nos
720 629 1063 692 examinasti,
1124 630 1259 681 sicut
1315 633 1650 684 examinatur
1692 644 1986 702 argentum.

417 713 690 769 Induxisti
723 735 816 772 nos
848 721 901 771 in
937 720 1210 790 laqueum;
1237 723 1460 788 posuisti
1517 723 1880 779 tribulationes
1934 727 1989 780 in

412 805 570 856 dorso
611 815 812 860 nostro.
847 807 1156 877 Imposuisti
1187 812 1418 865 homines
1449 811 1608 881 572
1634 828 1787 880 super
1814 816 1990 882 capita

413 903 618 949 nostra.
640 895 1000 952 Transivimus
1031 917 1122 969 per
1146 903 1315 968 ignem
1361 914 1410 956 et
1445 921 1658 972 aquam.
1684 915 1732 958 et
1757 907 1990 961 eduxisti

414 1003 506 1039 nos
538 990 591 1041 in
650 989 979 1059 refrigerium
1013 991 1051 1044 ¹.
1081 991 1292 1057 Quibus
1328 994 1508 1048 statim
1553 995 1817 1063 adjiciunt
1850 1016 1863 1051 :
1895 997 1990 1052 llis

414 1078 610 1133 anima:
662 1083 1006 1136 sermonibus
1056 1071 1303 1150 utuntur,
1355 1100 1475 1154 quas
1519 1086 1574 1140 in
1605 1103 1810 1159 corpus
1845 1089 1992 1144 velut

411 1170 464 1223 in
501 1171 772 1241 laqueum.
799 1191 827 1228 e
860 1176 1021 1228 tertio
1052 1176 1190 1229 cmlo
1222 1177 1314 1230 ubi
1360 1185 1413 1232 et
1469 1179 1756 1247 paradisus
1785 1189 1890 1242 est,
1923 1181 1990 1236 ad

410 1274 684 1320 certamen
716 1267 908 1322 delatae
937 1277 1084 1324 sunt.
1117 1269 1250 1323 Nam
1288 1271 1354 1326 iis
1386 1272 1588 1336 verbis,
1633 1273 1991 1330 Transivimus

409 1374 501 1424 per
540 1360 706 1428 ignem
732 1369 783 1414 et
810 1377 1023 1430 aquam,
1060 1372 1154 1416 aut
1188 1363 1383 1418 animas
1410 1372 1716 1419 maternum
1751 1382 1846 1435 per
1885 1377 1995 1422 ute-

412 1463 531 1501 rum
587 1451 640 1503 in
696 1451 840 1503 hunc
867 1451 1134 1506 mundum
1166 1454 1433 1508 transitus
1471 1455 1815 1526 exprimitur,
1848 1457 1992 1526 quod

411 1538 466 1594 in
530 1547 682 1596 tanto
742 1541 997 1596 incendio
1054 1550 1217 1612 atque
1276 1544 1506 1600 humore
1565 1556 1852 1615 versetur;
1901 1560 1993 1604 aut

408 1629 654 1699 ejusdem
695 1631 750 1686 in
786 1632 924 1686 hanc
961 1632 1124 1686 vitam
1159 1649 1188 1688 e
1223 1636 1364 1689 cmlo
1405 1636 1590 1705 lapsus
1646 1640 1988 1706 ostenditur;

410 1721 464 1775 in
493 1737 600 1791 quo
628 1737 751 1776 cum
781 1723 923 1795 ignis
952 1724 1112 1778 veluti
1144 1725 1339 1788 fontes,
1365 1736 1475 1780 tum
1499 1727 1798 1798 illam,qua2
1824 1705 1988 1800 supra
2023 1705 2063 1758 Β

410 1819 812 1873 ﬁrmamentum
836 1828 937 1886 est,
956 1835 1220 1895 aquarum
1242 1823 1350 1877 vim
1375 1813 1701 1895 copiamque
1717 1829 1992 1882 transmit-

410 1909 496 1963 tit.
549 1909 757 1985 Contra
817 1927 957 1981 quos
995 1914 1174 1967 visum
1226 1921 1310 1967 est
1366 1915 1497 1968 mihi
1545 1914 1844 1984 disputare.
1878 1919 1990 1988 Age

411 2001 616 2070 itaque,
648 2003 986 2074 Aglaophon,
1044 2013 1100 2057 tu
1149 2019 1246 2074 pro
1276 2005 1406 2070 illis,
1459 2023 1581 2078 quae
1624 2006 1804 2063 atierri
1837 2010 1990 2066 abiis

411 2101 664 2161 possunt,
702 2095 1058 2162 respondeas.

481 2182 683 2250 XLVII:
731 2186 983 2256 Inprimis
1021 2187 1165 2242 enim
1216 2189 1501 2258 paradisus
1535 2192 1646 2252 ille,
1683 2192 1750 2247 de
1797 2208 1906 2264 quo
1935 2194 1991 2248 in

329 2321 336 2330 ς
411 2276 588 2345 primo
606 2284 792 2331 nostro
823 2286 1044 2347 parente
1062 2279 1254 2348 dejecti
1277 2280 1500 2345 fuimus,
1521 2283 1753 2338 eximius
1770 2286 1988 2354 quidam

414 2367 560 2420 haud
593 2367 756 2422 dubie
784 2368 883 2423 hac
909 2370 964 2422 in
996 2380 1139 2424 terra
1171 2371 1324 2426 locus
1351 2381 1458 2438 est,
1485 2383 1538 2428 et
1568 2373 1633 2427 ad
1661 2375 1987 2444 exquisitam

413 2460 705 2528 quamdam
733 2475 794 2515 ac
845 2461 1303 2531 jucundissimam
1353 2467 1568 2536 piorum
1603 2469 1844 2538 requiem
1896 2469 1991 2523 ha-

411 2553 846 2626 bitationemque
883 2563 1150 2612 secretus.
1185 2555 1428 2614 Indidem
1482 2576 1645 2630 porro
1677 2563 1881 2632 Tigris,
1937 2571 1992 2618 et

410 2645 719 2716 Euphrates
753 2657 1056 2719 caateraque
1111 2649 1333 2706 ﬁumina
1369 2653 1810 2723 proﬁciscuntur,
1858 2670 1994 2726 quo-

409 2754 532 2791 rum
581 2739 634 2792 in
683 2740 1052 2795 continentem
1098 2751 1342 2798 nostram
1399 2744 1765 2800 derivationes
1806 2761 1868 2800 ac
1899 2746 1995 2800 de-

410 2846 608 2885 cursus
641 2832 940 2887 exundant.
982 2832 1100 2888 Non
1141 2835 1285 2889 enim
1317 2836 1369 2890 in
1404 2843 1578 2892 terras
1628 2853 1658 2892 e
1708 2838 1848 2892 ccelo
1897 2837 1994 2892 de-

409 2922 560 2989 lapsa
619 2922 978 2991 praecipitant.
1023 2923 1210 2994 Neque
1263 2926 1407 2979 enim
1471 2934 1674 2980 tantam
1731 2942 1994 2997 aquarum

413 3013 612 3067 molem
649 3029 772 3067 cum
795 3014 997 3084 ingenti
1029 3031 1092 3070 ex
1120 3016 1228 3070 allo
1259 3017 1461 3087 impetu
1499 3018 1812 3087 depressam
1841 3019 1998 3073 susti-

410 3118 543 3158 nere
571 3112 716 3159 terra
753 3107 1040 3177 potuisset.
1076 3106 1181 3161 Sed
1207 3123 1308 3161 nec
1338 3109 1634 3178 Apostolus
1680 3109 1993 3179 paradisum

409 3197 572 3251 tertio
613 3198 666 3252 in
692 3200 832 3253 caelo
865 3200 1118 3263 collocat,
1164 3200 1210 3255 si
1250 3203 1374 3270 quis
1415 3201 1563 3256 illius
1600 3201 1760 3255 verba
1809 3201 1994 3256 subtili

411 3289 647 3357 quadam
669 3291 1027 3362 intelligentia
1050 3301 1339 3364 penetrare
1368 3294 1560 3362 possit.
1598 3292 1759 3356 Novi,
1793 3295 1992 3364 inquit,

409 3383 673 3435 hominem
702 3365 910 3449 raptum
941 3383 1009 3438 ad
1060 3385 1270 3438 tertium
1300 3385 1508 3448 emtum,
1534 3393 1580 3438 et
1609 3383 1844 3438 eumdem
1879 3385 1996 3438 uoci

410 3473 690 3540 hominem,
718 3475 828 3531 sive
887 3475 942 3528 in
1000 3491 1236 3542 corpore,
1264 3477 1367 3530 sive
1415 3486 1567 3529 extra
1613 3489 1822 3543 corpus,
1857 3474 1994 3529 Deus

409 3565 542 3623 scit;
597 3565 848 3634 quoniam
904 3574 1087 3632 raptus
1139 3574 1216 3617 est
1267 3565 1321 3617 in
1373 3563 1681 3633 paradisum
1708 3567 1748 3617 '.
1786 3563 1995 3629 Quibus

411 3656 595 3709 verbis
619 3655 728 3708 duo
761 3654 862 3708 sibi
889 3655 1108 3706 maximi
1128 3654 1382 3708 momenti
1412 3654 1679 3723 patefacta
1706 3652 1992 3722 significat,

410 3761 536 3798 cum
588 3744 672 3797 bis
703 3744 996 3814 perspicue
1027 3753 1173 3798 esset
1205 3753 1564 3816 assumptus;
1602 3745 1836 3815 primum
1878 3751 1993 3798 ter-

410 3840 546 3892 tium
589 3839 641 3892 in
674 3840 897 3903 canum,
940 3839 1139 3895 deinde
1191 3841 1244 3894 in
1283 3839 1618 3910 paradisum.
1671 3836 1796 3892 llrec
1849 3837 1993 3892 enim

408 3930 724 3986 verba:Scio
748 3939 954 4000 raptum
974 3931 1276 4002 lmjusmodi
1295 3948 1454 4002 usque
1472 3931 1538 3985 ad
1558 3931 1766 3985 tertium
1785 3931 1992 3995 cretum,

415 4024 692 4095 peculiare
747 4025 1030 4095 quiddam,
1086 4041 1209 4078 cum
1243 4024 1310 4078 ad
1346 4025 1569 4078 tertiqu
1615 4025 1815 4078 cmlum
1848 4031 1995 4078 esset

409 4124 655 4184 evectus,
683 4122 966 4170 ostensum
1018 4116 1093 4169 illi
1153 4131 1278 4170 esse
1330 4115 1736 4196 demonstrant.
1764 4114 1833 4169 At
1863 4113 1993 4169 illud

410 4209 556 4279 quod
588 4210 907 4278 subjicitur:
929 4207 996 4262 Et
1026 4209 1134 4263 scio
1151 4208 1457 4277 hujusmodi
1481 4208 1767 4275 hominem,
1803 4209 1909 4264 sive
1940 4209 1994 4264 in

411 4319 649 4366 corpore,
685 4303 790 4355 sive
836 4310 988 4354 extra
1031 4317 1255 4370 corpus;
1286 4301 1535 4369 quoniam
1577 4310 1760 4369 raptus
1812 4310 1888 4355 est
1937 4301 1994 4354 in

2092 455 2258 522 Θεὸς,
2287 457 2604 525 ἐπὺρωσας
2633 456 2811 525 ἡμᾶς,
2843 459 2922 524 ὠς
2945 459 3234 526 πυροῦται
3263 461 3327 513 τὸ
3362 462 3673 531 ἀργύριον.

2085 547 2418 618 Εὶσήγαγες
2459 547 2618 618 ’ἡμᾶς
2659 551 2746 614 εἰς
2786 549 2902 617 τὴν
2951 549 3208 618 παγίὃαο
3247 552 3386 605 ἔθου
3430 555 3676 622 θλίψεις

2087 639 2186 692 ἐπὶ
2232 638 2339 692 τὸν
2389 639 2583 692 νῶτον
2630 639 2817 709 ἡμῶν.
2877 642 3269 708 Ἐπεϐίόασας
3315 642 3674 710 ἀνθρώπους

2087 726 2186 780 ἐπὶ
2246 729 2354 795 τὰς
2403 730 2666 799 κεφαλὰς
2741 730 2924 799 ἡμῶν.
2967 731 3298 801 Διήλθομεν
3336 733 3434 787 διὰ
3478 737 3698 801 :rvpdc-

2090 819 2462 887 καϊῧὸατος,
2505 823 2601 876 καὶ
2653 823 2945 893 ἐξήγαγες
2987 825 3144 894 ἡμᾶς
3187 829 3274 893 εις
3311 826 3654 894 ἀναψυχήν.

2090 911 2200 964 Καὶ
2231 911 2432 975 εὐθέως
2472 913 2824 985 ἐπιφέρουσι·
2878 916 3060 968 Ταῦτα
3097 916 3155 968 δὲ
3199 917 3303 970 ὑπὸ
3334 918 3442 970 τῶν
3479 917 3657 987 ψυχῶν

2090 1003 2324 1074 εἴρηται,
2355 1005 2461 1056 τῶν
2490 1008 2570 1068 είς
2607 1007 2708 1077 τὴν
2738 1007 2939 1075 παγίδα
2973 1008 3034 1061 τὸ
3079 1007 3257 1078 σῶμα,
3294 1011 3371 1072 ὡς
3413 1010 3496 1070 εἰς
3521 1008 3658 1075 ἀγώ-

2091 1109 2279 1165 νισμα,
2312 1097 2739 1166 κατενεχυεισῶν
2767 1100 2830 1151 ὲκ
2859 1097 2952 1151 τοῦ
2979 1098 3162 1171 τρίτου
3197 1098 3450 1170 οὐρανοῦ,
3488 1099 3610 1151 ἔνθα
3631 1101 3658 1152 6

2093 1187 2436 1256 παράδεισος.
2463 1187 2536 1241 Τὸ
2558 1188 2666 1260 γὰρ
2684 1231 2698 1252 ,
2724 1190 3053 1260 Διήλθομεν
3076 1190 3172 1244 διὰ
3192 1192 3381 1258 πυρὸς
3403 1191 3506 1244 καὶ
3525 1191 3658 1243 ὕδα-

2091 1296 2213 1344 τος,
2244 1279 2382 1348 ἦτοι,
2413 1281 2566 1351 φησὶ,
2589 1281 2685 1350 τὴν
2709 1281 2796 1335 διὰ
2851 1282 3066 1352 μήτρας
3102 1283 3182 1345 είς
3212 1283 3303 1336 τὸν
3332 1282 3540 1353 κόσμον
3565 1281 3658 1351 τῆς

2091 1370 2269 1440 ψυχῆς
2316 1371 2545 1442 πάροδον
2596 1372 2763 1443 δηλοῖ,
2803 1375 3099 1447 ἐπειδήπερ
3142 1377 3199 1428 ἐν
3228 1375 3386 1445 φλογὶ
3427 1377 3659 1449 τοσαύτῃ

2093 1462 2188 1516 καὶ
2222 1462 2457 1535 ὑγρασία
2485 1465 2870 1534 καταγίγνεται
2888 1483 2901 1495 °
2941 1468 2973 1538 ἢ
3013 1467 3109 1538 τὴν
3155 1467 3264 1520 ἀπὸ
3287 1468 3395 1520 τῶν
3423 1469 3659 1540 οὐρανῶν

2092 1555 2442 1612 κατάπτωσιν
2495 1559 2587 1611 ἐπὶ
2639 1559 2730 1611 τὸν
2779 1559 2892 1627 βίον
2943 1559 3295 1630 διερχομένην
3335 1560 3433 1624 τὰς
3484 1560 3680 1630 πηγὰς

2094 1647 2188 1700 τοῦ
2224 1647 2393 1719 πυρὸς
2435 1650 2623 1704 καὶτὰ
2663 1651 2802 1722 ὑπὲρ
2846 1650 2916 1704 τὰ
2956 1652 3103 1705 νῶτα
3146 1651 3240 1704 τοῦ
3283 1651 3658 1723 περεὼματος

2093 1739 2277 1794 ὖδατα.
2325 1741 2465 1812 Πρὸς
2499 1741 2591 1804 οὓς
2631 1741 2814 1811 ἠξίουν
2843 1741 3173 1796 ἐνίστασθαι.
3224 1743 3361 1814 Φέρε
3391 1744 3501 1813 γὰρ
3525 1743 3658 1814 ὑπὲρ

2091 1833 2291 1893 αὐτῶν,
2350 1826 2394 1884 ῶ
2437 1833 2772 1903 Ἀγλαοφῶν,
2817 1835 2980 1897 αὐτὸς
3021 1836 3240 1906 ποίησαι
3287 1835 3387 1906 τὴν
3432 1837 3660 1904 ἀπόκριο

2093 1941 2196 1990 σιν,
2225 1925 2276 1978 τί
2319 1925 2552 1991 λέξουσι.

2161 2191 2295 2244 MZ'.
2338 2189 2560 2262 Πρῶτον
2595 2191 2701 2262 γὰρ
2731 2195 2759 2246 ὁ
2788 2193 3132 2264 παράδεισος,
3162 2193 3283 2248 ὅθεν
3317 2196 3413 2249 καὶ
3439 2196 3658 2268 ἐξεϐλή-

2093 2275 2286 2347 θημεν,
2336 2278 2392 2330 ὲν
2437 2277 2514 2348 τῷ
2564 2280 3003 2350 πρωτοπλάστῳ,
3056 2284 3121 2336 ἐκ
3157 2283 3360 2355 ταύτης
3402 2287 3519 2338 ἐστὶ
3564 2287 3661 2356 τῆς

2092 2368 2194 2439 γῆς
2237 2368 2514 2439 προδήλως
2555 2370 2718 2433 τόπος
2767 2371 3061 2443 ἐξαίρετος,
3117 2375 3252 2446 πρὸς
3298 2376 3503 2429 ἄλυπον
3535 2381 3659 2432 ἁνα-

2093 2476 2294 2512 παυσιν
2357 2461 2452 2513 καὶ
2517 2459 2790 2532 διαγωγὴν
2852 2466 2964 2526 τοῖς
3042 2464 3211 2532 ἁγίοις
3282 2467 3661 2539 ἀφωρισμένος

2092 2551 2396 2622 κρείττονα,
2474 2551 2593 2604 Ἀπ’
2635 2552 2799 2606 αὐτοῦ
2851 2554 2944 2606 καὶ
2994 2554 3082 2607 τὸν
3132 2555 3356 2627 Τίγριν,
3415 2561 3514 2612 καὶ
3571 2560 3660 2613 τὸν

2093 2644 2405 2714 Εὐφράτην,
2441 2643 2533 2696 καὶ
2571 2643 2696 2706 τούς
2723 2642 2942 2708 λοιποὺς
2986 2647 3262 2716 ποταμοὺς
3301 2647 3427 2710 τοὺς
3453 2649 3659 2702 ἐκεῖθεν

2093 2736 2488 2809 προχεομένους
2510 2737 2740 2792 ἐνταῦθα
2769 2736 3069 2804 φαίνεσθαι,
3116 2737 3222 2790 τῶν
3249 2739 3540 2809 ῥεὺμάτων
3568 2741 3662 2804 τὰς

2092 2830 2372 2892 διεκϐολὰς
2404 2832 2481 2893 εἰς
2508 2831 2606 2900 τὴν
2661 2828 2780 2882 καθ’
2809 2829 2955 2899 ἡμᾶς
2996 2829 3221 2899 ἤπειρον
3254 2831 3659 2895 ἐπικλύζοντας.

2095 2919 2169 2971 Οὐ
2220 2920 2328 2989 γὰρ
2381 2919 2488 2972 ἀπὸ
2535 2919 2642 2973 τῶν
2683 2919 2925 2989 οὐρανῶν
2978 2919 3184 2973 ἄνωθεν
3225 2923 3662 2992 καταράσσονται

2096 3009 2363 3080 χεόμενοι.
2409 3011 2560 3063 Ἐπεὶ
2601 3010 2720 3063 οὐδὲ
2752 3011 2960 3084 ὑπέστη
2997 3010 3062 3065 ἂν
3099 3014 3131 3083 ἡ
3181 3013 3254 3082 γῆ
3287 3013 3453 3080 δγκον
3481 3011 3660 3065 τοσοῦ-

2094 3118 2184 3154 τον
2245 3101 2455 3172 ἀθρόως
2508 3101 2567 3166 se
2617 3101 2781 3171 ὕψους
2828 3103 3265 3172 καταφερόμενον
3311 3102 3660 3167 ὐποδέξασθαι

2097 3191 2307 3254 ὓδατος.
2377 3193 2515 3246 Ἀλλ’
2551 3194 2674 3247 οὐδὲ
2733 3195 2762 3247 ὁ
2817 3193 3135 3256 Ἀπόστολος
3194 3193 3513 3247 ὑποτίθεται
3554 3194 3660 3263 (ﬂ)

2093 3285 2183 3337 τὸν
2221 3287 2542 3357 παράδεισον
2575 3282 2713 3339 εἶναι
2746 3287 2804 3340 ὲν
2853 3286 3020 3357 τρίτῳ
3050 3286 3261 3358 οὐρανῷ
3304 3290 3419 3350 τοῖς
3460 3285 3662 3339 λεπτῶν

2095 3381 2396 3453 ἀκροᾶσθαι
2452 3380 2623 3448 λόγων
2676 3378 3083 3450 ἐπισταμένοις,
3135 3381 3281 3432 Οἶδα
3319 3379 3432 3449 γὰρ
3486 3380 3663 3448 ἁρπασ-

2094 3475 2273 3545 Terra
2297 3474 2406 3539 ἕως
2440 3475 2664 3541 τρίτου,
2710 3471 2904 3540 λέγων,
2941 3471 3201 3541 cupas-oi}
3221 3492 3234 3504 ·
3266 3473 3364 3526 καὶ
3409 3469 3541 3526 οῖδα
3566 3472 3662 3526 τὸν

2094 3566 2365 3622 τοιοῦτον
2406 3565 2738 3633 ἄνθρωπον,
2774 3564 2894 3617 εἴτε
2938 3564 3006 3617 ἐν
3048 3563 3292 3634 σώματι,
3338 3565 3459 3618 εἶτε
3497 3564 3663 3634 χωρὶς

2096 3660 2391 3729 animatae,
2435 3663 2467 3713 ὀ
2515 3657 2656 3724 Θεὸς
2695 3653 2878 3722 οἶδεν,
2912 3658 3001 3711 ὅτι
3042 3656 3278 3726 ἡρπάγη
3315 3661 3405 3723 εὶς
3432 3659 3538 3712 τὸν
3562 3674 3663 3711 za-

2089 3752 2396 3822 ράδεισον.
2467 3747 2572 3801 Δύο
2633 3747 3003 3818 ἀποκαλύψεις
3068 3747 3308 3819 μεγᾶλας
3371 3748 3663 3818 ἑωρακέναι

2101 3844 2311 3915 μηνύει,
2330 3843 2408 3906 δὶς
2431 3841 2758 3913 ἀναληφθεὶς
2779 3842 3020 3914 ἐναργῶς
3038 3860 3052 3873 ο
3078 3839 3226 3904 ἅπαξ
3251 3840 3346 3910 μὲν
3365 3840 3473 3904 ἕως
3493 3843 3661 3911 τρίτου

2095 3931 2348 4004 οὐρανοῦ,
2389 3931 2535 3997 ἅπαξ
2559 3933 2616 3986 δὲ
2657 3935 2737 3998 είς
2773 3934 2863 3987 τὸν
2896 3931 3239 4002 παράδεισον.
3273 3933 3346 3985 Τὸ
3371 3927 3662 4000 γὰρξοῖδα

2095 4025 2436 4095 ἁρπαγέντα
2483 4024 2591 4078 τὸν
2648 4025 2920 4079 τοιοῦτον
2971 4023 3081 4090 ἕως
3138 4024 3339 4092 τρίτου
3385 4023 3661 4091 adparet},

2101 4115 2242 4180 ἰδίως
2269 4115 2608 4186 ἀποκάλυψιν
2637 4115 2784 4186 αὐτῴ
2808 4114 2948 4169 κατὰ
2980 4115 3071 4168 τὸν
3099 4114 3279 4184 τρίτον
3312 4114 3662 4184 ἀναληφθέντι

2097 4209 2398 4278 πεφηνέναι
2431 4208 2732 4280 συνίστησι.
2767 4206 2841 4260 Τὸ
2880 4207 2954 4270 δὲ,
3001 4205 3109 4260 Καὶ
3151 4201 3302 4270 οῖδα,
3349 4205 3512 4258 πάλιν
3552 4205 3662 4256 ὲπι-

2098 4279 2414 4368 φερόμενον,
2458 4296 2568 4350 τὸν
2611 4279 2882 4352 τοιοῦτον
2925 4293 3254 4364 ἄνθρωπον,
3283 4293 3403 4346 εἴτε
3450 4294 3521 4345 ἐν
3558 4292 3663 4346 mi»-

410 4393 742 4462 paradisum,
811 4393 959 4446 aliud
1021 4407 1214 4447 rursus
1263 4393 1314 4445 in
1357 4392 1610 4462 paradiso
1662 4391 1990 4463 patefactum

2097 4407 2251 4459 ματι,
2297 4389 2418 4442 εἴτε
2459 4389 2631 4456 ἐκτὸς
2670 4389 2776 4442 τοῦ
2823 4386 3115 4456 σώματος,
3167 4388 3254 4441 ὅτι
3300 4385 3543 4454 ἡρπάγη
3583 4386 3662 4448 είς

413 4486 518 4555 ipsi
555 4494 716 4556 atque
748 4486 1046 4540 indicatum
1083 4484 1443 4539 demonstrat.
1467 4549 1479 4562 κ

483 4668 755 4735 Quocirca
789 4681 1007 4722 canora:
1037 4664 1155 4720 istae
1187 4680 1344 4734 nngze
1377 4671 1526 4726 sunt,
1559 4671 1612 4719 et
1645 4665 1712 4718 ad
1741 4679 1994 4735 pompam

415 4761 768 4830 speciemque
803 4757 1010 4829 tragice
1042 4753 1308 4820 eonﬁctm,
1339 4755 1550 4810 demitti
1604 4771 1634 4810 e
1678 4757 1817 4811 cmlo
1875 4757 1996 4810 ani-

414 4868 532 4906 mas
563 4865 833 4913 asserere,
869 4857 1031 4920 atque
1057 4849 1111 4903 in
1155 4848 1301 4902 hunc
1331 4845 1645 4902 inferiorem
1689 4848 1878 4902 orbem
1906 4847 1974 4901 de

416 4945 596 5014 lapsos
654 4944 843 5014 igneos
902 4945 1080 4998 fontes
1120 4949 1175 4997 et
1235 4957 1426 5011 aquas.
1473 4957 1592 5011 qua:
1625 4939 1783 5011 573
1833 4955 1998 5010 supra

419 5037 823 5089 ﬁrmamentum
865 5035 1125 5098 eminent,
1169 5042 1568 5099 transcurrere;
1610 5048 1735 5086 nam
1767 5043 1820 5087 et
1850 5033 1996 5086 Ada-

418 5143 540 5180 mus
569 5126 888 5196 neutiquam
918 5141 949 5180 e
972 5125 1113 5181 cmlo
1148 5125 1396 5194 dejectus
1433 5133 1538 5189 est,
1571 5123 1668 5181 sed
1704 5141 1769 5180 ex
1815 5140 1880 5180 eo
1910 5139 1999 5195 pa-

419 5218 626 5282 radiso,
664 5217 756 5287 qui
784 5219 835 5271 in
861 5217 1009 5272 Eden
1041 5217 1218 5272 fuerat
1248 5215 1315 5270 ad
1365 5217 1633 5272 orientem
1669 5216 1916 5272 consitus
1953 5217 1996 5269 ³.

417 5312 536 5368 Non
587 5313 758 5377 enim,
793 5318 1088 5380 antequam
1137 5323 1340 5378 corpus
1400 5307 1674 5370 indueret,
1712 5316 1997 5379 peccatum

505 5469 521 5500 ⁸
547 5465 689 5521 Psal.
725 5481 851 5532 ων,
889 5465 1072 5523 10-12.
1146 5467 1166 5497 ³
1197 5465 1391 5523 ller.
1419 5463 1665 5528 3:11.24.

487 5623 596 5688 (is)
645 5623 797 5677 Ἀλλ’
827 5621 971 5676 οὐδὲ
1000 5626 1033 5677 d
1087 5622 1439 5688 Ἀπόστολος
1479 5597 1834 5675 ὑποτίθεταιξ
1882 5618 1990 5672 Me-

415 5694 633 5748 thodtus
668 5694 739 5747 ita
772 5695 838 5750 dc
872 5695 1109 5764 Apostoli
1147 5702 1306 5764 raptu
1353 5692 1550 5756 sentit;
1584 5699 1641 5744 ut
1674 5692 1727 5745 in
1789 5691 1988 5746 cmlum

2093 4486 2203 4538 τὸν
2225 4481 2611 4550 παράδεισον,
2650 4481 2842 4550 ἑτέραν
2877 4475 3030 4543 αὖθις
3065 4479 3212 4550 αὐτῷ
3253 4478 3661 4548 πεφανερῶσθαι

2096 4575 2236 4628 κατὰ
2276 4575 2364 4628 τὸν
2394 4574 2718 4645 παράδεισον
2754 4572 3092 4641 ἀποκάλυψιν
3130 4571 3386 4624 δείκνυσι.

2169 4663 2502 4735 Τερετισμὺς
2532 4659 2624 4717 οὖν
2669 4665 2786 4716 ἐστι
2830 4663 2924 4716 καὶ
2974 4660 3356 4732 τραγικολογία
3410 4659 3470 4711 τὸ
3505 4677 3661 4712 καταο

2097 4755 2384 4811 ϐάλλεσθαι
2429 4753 2610 4822 λέγειν
2657 4754 2756 4818 τὰς
2793 4753 2970 4824 ψυχὰς
3011 4754 3074 4806 ὲκ
3103 4752 3212 4806 τῶν
3263 4749 3532 4823 οὐρανῶν,
3578 4749 3660 4802 καὶ

2093 4847 2388 4902 διαϐαίνειν
2428 4845 2522 4900 τοῦ
2563 4847 2732 4918 πυρὸς
2769 4845 2870 4910 τὰς
2906 4845 3110 4916 πηγὰς,
3153 4843 3246 4898 καὶ
3283 4843 3350 4897 τὰ
3391 4843 3558 4897 ὕδατα
3600 4841 3662 4894 τὰ

2094 4939 2232 5011 ὑπὲρ
2272 4940 2341 4993 τὰ
2371 4938 2518 4992 νῶτα
2561 4939 2656 4992 τοῦ
2693 4936 3089 5011 στερεώματος,
3127 4938 3206 5001 είς
3235 4936 3326 4990 τὸν
3359 4935 3484 4989 καθ’
3525 4936 3660 5007 ἡμᾶς

2096 5032 2404 5103 φερομένας
2457 5031 2680 5102 κόσμον.
2739 5031 2890 5085 Ἐπεὶ
2950 5031 3084 5102 μηδὲ
3140 5031 3168 5083 ὁ
3226 5029 3394 5100 Ἀδὰμ
3447 5029 3512 5082 ὲκ
3563 5028 3661 5081 τῶν

2095 5117 2343 5193 οὐρανῶν
2371 5122 2656 5195 ἐξεϐλήθη,
2690 5122 2824 5177 ἀλλὰ
2867 5123 2973 5177 ἀπὸ
2995 5121 3090 5175 τοῦ
3133 5121 3272 5174 κατὰ
3317 5121 3579 5184 ἀνατολὰς
3612 5121 3662 5172 ὲν

2108 5214 2271 5285 Ἐδὲμ
2316 5215 2722 5286 πεφυτευμένον
2765 5214 3112 5286 παραδείσου.
3158 5213 3232 5266 Οὐ
3274 5211 3383 5284 γὰρ
3422 5211 3530 5283 πρὸ
3573 5215 3663 5282 τῆς

2095 5305 2534 5378 ὲνσωματώσεως
2574 5306 2633 5361 τὸ
2679 5307 3065 5380 παράπτωιια,
3109 5305 3358 5376 καθάπερ
3393 5303 3660 5374 ἐδείξαμεν

1755 5465 1774 5496 ³
1803 5461 1940 5519 Gen.
1977 5477 2034 5529 ιι,
2071 5463 2156 5518 15.

2096 5618 2294 5691 primo,
2317 5625 2433 5691 tum
2459 5617 2512 5691 in
2536 5614 2846 5686 paradisum
2865 5621 3139 5674 terrenum
3164 5615 3235 5672 sit
3251 5623 3503 5675 erectus:
3524 5611 3655 5686 quod

2102 5688 2326 5747 uberius
2362 5688 2624 5744 declarat.
