3822 6302
133 270 273 323 1149

813 266 1184 325 ADVERSUS
1222 268 1564 326 llAiRESES
1602 269 1728 325 LIB.
1771 268 1837 324 ll.
1880 268 2048 327 TUM.
2089 271 2131 327 l.
2173 302 2238 312 —
2277 269 2550 326 ll.£RES.
2589 269 2772 324 LXIV.

3239 270 3376 325 H50

130 386 361 453 ἱκανῶς,
403 386 514 440 οὐδ’
561 385 692 440 αὐτὸ
731 385 889 456 σῶμα
926 387 1092 455 naqu
1133 387 1310 442 τοῦτο.
1359 389 1518 441 Ἀλλὰ
1563 388 1689 459 μετὰ

1803 388 2062 459 contigit,
2101 395 2159 441 ut
2190 387 2405 440 abunde
2452 395 2574 440 ante
2610 387 2936 451 docuimus;
2972 400 3147 456 neque
3174 401 3376 454 corpus

125 479 222 549 τὴν
260 479 345 541 είς
392 479 454 532 τὸ
507 479 664 548 σῶμα
717 477 993 547 σύμφυσιν
1047 479 1145 548 τῆς
1187 479 1361 550 ψυχῆς
1403 481 1608 548 γίνεται
1645 479 1706 532 τὸ

127 568 518 638 παράπτωμα·
561 568 643 620 ὅτι
681 565 840 619 τοῦτο
869 567 1273 637 συναμφότερον
1316 572 1344 621 ὁ
1388 569 1700 639 ἄνθρωπος·

125 659 217 709 καὶ
246 661 281 729 ή
313 660 377 710 ὲκ
421 657 516 710 τοῦ
546 657 877 728 παραδείσου
921 659 1271 722 κατάπτωσις
1297 659 1504 712 ἐνθάδε.
1551 661 1608 712 ⁸0
1648 659 1705 711 δὲ

122 751 261 812 ὅλως
333 749 635 821 προσέσχεν
693 748 1142 820 ἐπιμελέστερον,
1221 750 1563 818 Ἀγλαοφῶν,
1625 750 1704 820 τῷ

120 841 304 911 λόγων
350 841 484 894 ἀλλὰ
526 839 820 893 διετείνατο
876 841 1004 912 περὶ
1044 843 1386 911 πραγμάτων
1433 842 1702 913 διανόησιν

121 934 218 986 οὐκ
267 933 503 1002 ἑχόντων
547 930 917 1002 ἐπιχείρησιν,
964 931 1103 984 κατὰ
1154 933 1253 995 τὰς
1301 931 1457 998 δόξας
1501 931 1700 1003 ἐξηγή-

123 1022 323 1078 σασθαι
368 1023 476 1075 τῶν
530 1021 747 1090 φαύλων
797 1023 888 1074 τὸν
935 1020 1182 1092 ψαλμὸν,
1241 1023 1368 1094 περὶ
1411 1018 1484 1076 ὧν
1524 1023 1701 1092 λέγειν

121 1114 296 1168 πλείω
335 1115 678 1184 παρήσομεν.

183 1407 337 1462 MH'.
375 1407 644 1478 Βούλομαι
689 1405 816 1476 γὰρ,
861 1405 1047 1477 ἐπειδὴ
1091 1405 1235 1469 ἆπαξ
1272 1406 1351 1468 είς
1385 1405 1444 1458 τὺ
1485 1405 1697 1460 διευθῦ-

115 1514 202 1549 ναι
243 1497 349 1566 τὴν
383 1496 679 1568 μοχθηρίαν
721 1495 896 1549 αὐτῶν
924 1497 1151 1566 ἥκομεν,
1187 1495 1577 1566 ἀπογυμνῶσαι
1605 1498 1697 1549 καὶ

114 1587 322 1656 ταύτης
352 1589 534 1651 αὐτοῖς
560 1589 655 1659 τῆς
702 1588 1035 1659 προφητείας
1063 1588 1161 1658 τὴν
1201 1589 1490 1659 πρόφασιν.
1537 1587 1697 1642 Ἐδο-

116 1680 384 1748 κίμασας
411 1677 588 1748 ἡμᾶς,
637 1683 670 1733 ὁ
714 1679 876 1744 Θεὸς,
922 1678 1020 1732 καὶ
1055 1679 1369 1746 ἐπύρωσας
1407 1679 1582 1748 ἡμᾶς,
1612 1681 1692 1744 ὡς

114 1769 411 1838 πιῬοῦται
461 1769 525 1821 τὸ
565 1771 868 1839 ἀργύριον.
907 1770 1333 1840 Δοκιμασθέντες
1369 1770 1604 1843 διαρκῶς
1643 1773 1689 1824 οἱ

116 1860 399 1932 μάρτυρες
445 1861 501 1912 ἐν
545 1862 665 1923 ταῖς
712 1860 853 1912 κατὰ
890 1861 1015 1922 τοὺς
1061 1860 1398 1931 πειρασμοὺς
1442 1860 1547 1913 τῶν
1593 1860 1691 1930 βα-

115 1953 295 2005 σάνων
343 1950 670 2022 προσϐολαῖς
712 1951 816 2019 (τὰ
883 1951 1052 2003 πολλὰ
1111 1949 1219 2022 γὰρ
1277 1954 1354 2014 εἰς
1413 1951 1512 2021 τὴν
1569 1951 1690 2005 καθ’

112 2045 261 2113 ἡμᾶς
304 2043 362 2094 αἱ
399 2044 720 2111 προφητεῖαι
768 2041 948 2094 πίστιν
992 2041 1360 2114 πληροῦνται),
1397 2042 1492 2094 καὶ
1535 2043 1690 2094 εὐσε-

112 2135 221 2198 εῶς
253 2135 351 2187 καὶ
373 2133 819 2203 ἐρρωμενέστατα
846 2133 1246 2204 διαθλήσαντες,
1289 2131 1687 2204 εὐχαριστοῦσι,

108 2228 186 2289 τὸ,
246 2226 609 2292 ἐδοκίμασας
649 2225 823 2292 ἡμᾶς,
867 2225 1134 2294 λέγοντες,
1172 2224 1248 2295 τῷ
1286 2224 1440 2294 Θεῷ·
1487 2225 1565 2288 ὃς,
1604 2226 1690 2279 ἵνα

108 2320 208 2387 τὴν
244 2314 410 2380 δόξαν
450 2317 578 2387 παρ’
616 2315 760 2386 αὐτῷ
811 2317 1112 2387 κτήσωνται
1151 2316 1390 2386 μείζονα,
1432 2316 1522 2369 διὰ
1563 2318 1688 2370 πολ-

108 2409 218 2461 λῶν
259 2409 460 2470 αὐτοὺς
507 2408 698 2478 ἤλεγξε
744 2409 939 2469 πόνων,
986 2408 1076 2461 τὸν
1126 2408 1339 2478 ἀληθῶς
1395 2409 1691 2479 Ὀλυμπια-

109 2502 204 2554 κον
250 2501 443 2569 ἀγῶνα
491 2502 710 2571 νικῆσαι
756 2499 993 2571 προθείς.
1044 2501 1152 2554 Καὶ
1186 2499 1569 2569 ἐπισκέψασθε,
1615 2501 1692 2564 ὡς

107 2593 327 2656 τούτοις
372 2593 580 2662 συνῳδὰ
611 2591 792 2659 σαφῶς
823 2594 933 2654 τοῖς
977 2591 1153 2658 λόγοις
1182 2591 1308 2661 περὶ
1335 2591 1442 2644 τῶν
1486 2590 1692 2662 μαρτύ-

111 2704 223 2757 ρων
275 2686 372 2740 καὶ
407 2688 434 2738 ὁ
476 2683 725 2755 Σολομὼν
773 2684 1206 2752 ἁναφθέγγεταιο
1250 2684 1311 2735 οὐ
1363 2683 1471 2754 γὰρ
1512 2685 1691 2754 ἁμάρ-

105 2798 274 2849 τυρος
330 2781 358 2832 ὁ
403 2779 558 2847 λόγος
612 2777 703 2830 καὶ
760 2775 932 2830 ἄλλων
971 2772 1232 2844 Γραφῶν⁶
1291 2774 1370 2826 ὅτι
1428 2774 1489 2827 Ὀ
1547 2774 1690 2840 Θεὸς

104 2871 438 2939 ἐπείρασεν
496 2868 743 2933 αὐτοὺς,
815 2866 909 2920 καὶ
969 2862 1146 2934 εὗρεν
1195 2865 1418 2932 αὐτοὺς
1479 2866 1690 2932 ἀξίους

103 2961 350 3014 ἑαυτοῦ.
410 2961 504 3025 Ὠς
544 2959 777 3027 χρυσὸν
802 2958 873 3010 ἐν
916 2958 1287 3026 χωνευτηρίῳ
1331 2957 1691 3028 ἐδοκίμασεν

1806 477 1984 546 ipsum
2045 477 2222 545 laquei
2286 477 2460 528 instar
2489 475 2704 528 allixum
2734 482 2835 529 est.
2865 474 2969 529 Sed
3002 484 3113 528 tum
3141 476 3376 544 denique

1805 578 2087 641 peccatum
2116 576 2198 622 est
2228 567 2548 631 admissum,
2582 582 2704 620 cum
2743 567 2798 620 in
2842 583 3006 619 unum
3032 583 3231 636 corpus
3262 568 3376 620 ani-

1804 673 2000 727 maque
2045 658 2396 721 coaluissent,
2436 664 2721 725 propterea
2755 656 2897 724 quod
2928 671 2990 709 ex
3027 663 3254 724 utroque
3284 656 3374 710 ho-

1804 749 1967 802 minis
2000 757 2194 801 natura
2239 747 2548 812 conﬂatur;
2590 754 2784 814 estque
2839 745 2895 798 in
2950 745 3094 799 hunc
3133 746 3306 799 locum
3341 759 3372 798 e

1803 838 2057 908 paradiso
2089 839 2234 892 facta
2282 838 2608 907 deportatio.
2654 835 2746 889 Ille
2781 851 2931 900 vero,
2970 851 3003 890 ο
3032 836 3367 906 AglaOphon,

1801 945 1910 983 non
1933 937 2137 983 attente
2167 928 2456 982 admodum
2511 929 2565 982 in
2621 928 2767 982 illius
2803 926 2907 982 loci
2936 928 3262 982 sententiam
3294 927 3372 980 in-

1801 1021 2015 1084 cubuit,
2068 1021 2164 1075 sed
2203 1035 2266 1074 ea
2297 1020 2626 1089 disputando
2659 1019 2928 1074 allirmare
2961 1019 3211 1085 instituit,
3249 1034 3370 1088 quae

1801 1112 2007 1182 percipi
2055 1111 2205 1165 nullo
2239 1111 2400 1165 modo
2436 1121 2686 1181 possunt,
2739 1119 2899 1181 atque
2956 1126 3022 1165 ex
3078 1125 3367 1180 pravorum

1801 1206 2082 1260 hominum
2145 1207 2402 1276 opinione
2453 1207 2726 1276 explicare
2778 1205 3045 1276 psalmum
3091 1204 3243 1258 illum
3285 1219 3369 1274 ag-

1799 1311 2023 1366 gressus
2059 1305 2163 1351 est.

1867 1409 2096 1464 XLVIII.
2143 1409 2298 1466 Libet
2355 1411 2522 1475 enim,
2578 1409 3022 1482 quandoquidem
3081 1410 3247 1464 semel
3298 1406 3365 1462 ad

1797 1499 2016 1556 illorum
2081 1501 2584 1574 reprehendendam
2644 1502 2941 1572 nequitiam
3005 1503 3365 1570 devenimus,

1797 1593 1942 1649 illius
1982 1595 2188 1649 oraculi
2242 1587 2522 1650 declarare
2569 1605 2827 1649 mentem.
2863 1593 3110 1648 Probasti
3136 1612 3251 1658 nos,
3283 1596 3368 1650 in-

1797 1686 1933 1755 quit,
1971 1684 2134 1749 Deus,
2167 1695 2215 1740 et
2240 1687 2353 1756 igne
2385 1703 2478 1740 nos
2507 1686 2848 1750 examinasti,
2876 1687 3368 1740 sicutexaminatur

1793 1784 2083 1844 argentum.
2115 1773 2213 1829 Ubi
2240 1784 2527 1847 martyres,
2563 1775 2652 1845 qui
2684 1777 2973 1831 tormentis
3021 1791 3088 1855 ac
3120 1758 3372 1855 cruciati-

1793 1858 1897 1920 bus
1935 1865 2170 1919 admotis
2216 1866 2438 1921 assidue
2488 1870 2788 1937 probantur
2835 1867 3000 1938 (saepe
3047 1851 3190 1923 enim
3238 1851 3368 1938 pro-

1793 1952 2082 2020 phetarum
2114 1968 2377 2022 responsa
2410 1954 2465 2008 in
2494 1955 2598 2010 ﬁde
2625 1964 2812 2010 nostra
2849 1971 2910 2009 ac
2945 1957 3202 2027 religione
3217 1971 3365 2012 com-

1792 2045 2056 2114 plentur),
2108 2053 2464 2115 posteaquam
2528 2046 2615 2116 pie
2672 2063 2736 2102 ac
2814 2047 3030 2103 fortiter
3089 2057 3362 2105 certamen

1791 2137 2063 2201 obierunt,
2097 2137 2164 2192 iis
2200 2137 2335 2207 ipsis
2359 2139 2561 2203 verbis,
2598 2139 2850 2194 Probasti
2877 2157 2991 2203 nos,
3023 2139 3134 2196 Deo
3158 2142 3363 2211 gratias

1792 2234 1959 2297 agunt
1990 2247 2001 2281 :
2036 2229 2151 2298 qui,
2194 2237 2252 2282 ut
2289 2219 2575 2298 majorem.
2609 2231 2685 2284 illi
2712 2231 2941 2299 gloriam
2979 2231 3118 2302 apud
3153 2247 3209 2285 se
3235 2247 3363 2300 pro.

1792 2328 2155 2384 mererentur,
2187 2319 2356 2373 variis
2384 2320 2507 2374 illos
2544 2320 2821 2375 laboribus
2852 2322 3148 2396 periclitari
3175 2321 3362 2387 voluit,

1793 2425 1856 2463 ac
1892 2426 2016 2464 vere
2047 2410 2346 2482 Olympiaci
2395 2411 2685 2480 cujusdam
2726 2413 3042 2466 certaminis
3078 2413 3360 2466 victoriam

1794 2503 2094 2573 proposuit.
2116 2503 2289 2570 Quam
2312 2519 2438 2559 vero
2466 2511 2831 2559 consentanea
2852 2504 2916 2557 iis
2941 2504 3006 2558 de
3035 2505 3362 2574 martyribus

1793 2610 1823 2649 a
1857 2594 2146 2650 Salomone
2180 2596 2529 2666 pronuntiata
2563 2595 2987 2660 sint,attenditc.
3010 2584 3194 2664 Neque
3217 2597 3359 2648 enim

1793 2689 2020 2742 aliarum
2064 2689 2468 2757 Seripturarum
2521 2687 2838 2742 testimonio
2891 2701 3158 2741 caremus.
3199 2685 3359 2747 Deus,

1792 2780 1991 2849 inquit,
2021 2780 2236 2832 tentavit
2260 2780 2403 2841 illos,
2437 2789 2484 2832 et
2510 2779 2702 2831 invenit
2732 2793 2819 2830 eos
2865 2775 3049 2845 dignos
3095 2791 3168 2829 se.
3216 2773 3360 2828 Τρη-

1791 2889 1948 2942 quam
1981 2887 2170 2923 aurum
2194 2871 2246 2924 in
2281 2870 2495 2939 fornace
2522 2869 2759 2938 probavit
2784 2867 2933 2933 illos;
2967 2876 3017 2921 et
3057 2867 3190 2920 sicut
3214 2865 3362 2919 holo-

1793 2974 2032 3018 caustum
2067 2963 2344 3016 suavitatis
2376 2963 2569 3028 accepit
2603 2961 2756 3023 illos;
2779 2969 2827 3014 et
2853 2961 2907 3014 in
2933 2969 3159 3028 tempore
3183 2960 3363 3012 visita-

103 3053 369 3117 αὐτοὺς,
453 3051 550 3104 καὶ
611 3051 691 3114 ὼς
749 3048 1143 3118 ὀλοκάρπωμα
1197 3049 1446 3114 εὐωδίας
1499 3064 1687 3118 προσ-

1797 3056 1951 3108 tionis
1996 3055 2277 3118 illorum’,
2329 3062 2460 3117 ett-.,
2519 3068 2641 3106 eum
2701 3062 2858 3106 antea
2916 3052 3139 3105 dixisset
3171 3068 3184 3104 ;
3221 3049 3362 3103 Etsi

101 3145 359 3208 εδέξατο
397 3142 632 3208 αὐτούς.
673 3141 780 3193 Kal
810 3141 880 3193 ἐν
902 3138 1082 3207 καιρῷ
1107 3139 1442 3208 ἐπισκοπῆς
1465 3139 1686 3193 αὐτῶν·

102 3235 354 3309 πρόσθεν
402 3233 606 3287 εἰπών’
651 3232 761 3286 Καὶ
793 3231 899 3301 γὰρ
937 3223 1045 3284 ἐὲιν
1083 3231 1154 3284 ἐν
1193 3231 1326 3298 ὄψει
1367 3229 1693 3298 ἀνθρώπιον

101 3327 518 3386 κολασθῶσιν,
556 3327 594 3392 ἡ
626 3325 801 3390 ἐλπὶς
824 3323 1022 3377 αὐτῶν
1050 3324 1379 3388 ἀθανασίας
1418 3323 1689 3390 πλήρηςη

100 3423 202 3475 καὶ
245 3419 426 3487 ὀλίγα
455 3416 893 3480 παιδευθέντες,
924 3415 1156 3484 μεγάλα
1187 3411 1692 3482 εὐεργετηθήσον-

99 3520 220 3564 ται.
281 3507 448 3560 Ἀλλὰ
476 3507 568 3560 καὶ
594 3509 649 3558 ὲν
671 3505 747 3575 τῷ
784 3511 900 3576 ρκγ¹
926 3505 1123 3578 ψαλμῷ
1160 3505 1220 3557 τὸ
1252 3507 1539 3576 εἰρημένον
1558 3522 1571 3536 ο
1622 3509 1690 3559 El

93 3603 182 3673 μὴ
222 3603 319 3656 ἔτι
363 3602 578 3668 Κύριος
623 3595 703 3669 ἦν
727 3599 796 3652 ἐν
833 3598 997 3667 ἡμῖν,
1049 3598 1118 3650 ἐν
1150 3596 1229 3662 τῷ
1278 3597 1692 3666 ἐπαναστῆναι

97 3692 463 3763 ἀνθρώπους
509 3693 600 3759 ἐφ’
640 3688 816 3758 ἡμᾶς,
868 3689 980 3757 ἄρα
1019 3688 1236 3756 ζῶντας
1285 3690 1360 3743 ἂν
1408 3692 1692 3746 κατέπιον

97 3784 289 3855 ἡμᾶς.
343 3781 712 3852 Χειμάῤῥουν
757 3780 1006 3850 διῆλθεν
1050 3783 1087 3850 ή
1120 3781 1291 3849 ψυχὴ
1325 3781 1524 3850 ἡμῶν
1578 3783 1692 3850 ἄρα

99 3878 361 3945 all-3.108,”
389 3877 427 3942 ἡ
455 3875 625 3944 ψυχὴ
664 3873 832 3943 ἡμῶν
859 3874 924 3927 τὸ
954 3873 1110 3941 ὕδωρ
1145 3873 1210 3927 τὸ
1243 3876 1686 3928 ἀνυπόστατον.

101 3969 460 4038 Εὐλογητὸς
497 3969 731 4035 Κύριος,
765 3965 832 4030 ὃς
873 3967 982 4018 οὐκ
1013 3964 1233 4027 ἔδωκεν
1274 3963 1431 4033 ἡμᾶς
1463 3968 1550 4030 είς
1585 3964 1692 4032 θή-

96 4079 219 4131 ραν
274 4060 398 4125 τοῖς
458 4059 710 4113 ὀδοῦσιν
763 4056 982 4112 αὐτῶν.
1040 4057 1113 4110 Ἡ
1158 4057 1330 4126 ψυχὴ
1387 4057 1554 4128 ἡμῶν
1609 4058 1690 4121 ὡς

99 4152 434 4220 στρουθίον
460 4151 719 4218 spesve"
745 4149 811 4201 ἐκ
854 4147 963 4216 τῆς
995 4147 1244 4217 παγίδος
1274 4147 1391 4201 τῶν
1416 4151 1691 4217 θηρευόν-

97 4260 244 4296 των.
310 4242 374 4296 Ἠ
414 4241 592 4312 παγίς
641 4243 980 4310 συνετρίϐη,
1037 4242 1134 4296 καὶ
1182 4241 1353 4311 ἡμεῖς
1401 4242 1690 4310 ἐρῤύσθη-

94 4351 241 4404 μεν.
289 4335 354 4388 Οἱ
398 4336 669 4406 μάρτυρές
706 4337 843 4388 εἰσιν
893 4339 939 4389 οἱ
966 4335 1277 4406 ψάλλοντες.
1335 4337 1438 4388 Δύο
1480 4336 1536 4389 δὲ
1579 4336 1687 4389 τῶν

1793 3164 1967 3200 coram
2020 3145 2315 3200 hominibus
2347 3153 2602 3198 tormenta
2634 3144 2780 3212 passi
2812 3151 2954 3204 sunt,
2983 3159 3097 3211 spes
3147 3141 3360 3195 illorum

1789 3238 2194 3293 immortalitate
2215 3236 2368 3305 plena
2397 3243 2494 3289 est.
2537 3233 2601 3287 In
2645 3234 2827 3301 paucis
2880 3233 3124 3299 correpti,
3169 3248 3360 3302 magna

1791 3329 2036 3398 beneﬁcia
2079 3338 2445 3398 consequentur
2487 3328 2532 3379 ‘.
2571 3323 2840 3378 Praeterea
2905 3323 3117 3392 psalmo
3167 3337 3359 3396 cxx”),

1789 3435 1911 3475 cum
1937 3421 2038 3473 ista
2069 3419 2363 3473 dicuntur:
2395 3415 2519 3469 Nisi
2548 3416 2672 3485 quia
2707 3414 2958 3467 Dominus
2979 3423 3090 3467 erat
3111 3415 3165 3467 in
3187 3412 3358 3477 nobis,

1789 3528 1905 3565 cum
1931 3519 2263 3580 exsurgerent
2295 3509 2527 3563 homines
2565 3511 2617 3560 in
2665 3524 2782 3570 nos,
2831 3506 2966 3574 forte
3009 3507 3145 3560 vivos
3175 3505 3360 3574 deglu—

1791 3608 1974 3661 tissent
2006 3623 2118 3661 nos.
2159 3605 2460 3660 Torrentem
2514 3601 2853 3672 pertransivit
2903 3601 3081 3654 anima
3136 3612 3359 3654 nostra:

1792 3699 2013 3761 forsitan
2040 3700 2411 3768 pertransisset
2452 3697 2628 3749 anima
2675 3705 2858 3749 nostra
2887 3710 3077 3763 aquam
3106 3691 3360 3745 intolera-

1791 3792 1967 3845 bilem.
2005 3790 2318 3844 Benedictus
2365 3787 2646 3849 Dominus,
2687 3788 2776 3855 qui
2839 3803 2941 3840 non
2992 3785 3133 3838 dedit
3177 3801 3270 3838 nos
3309 3785 3361 3837 in

1790 3884 2084 3953 captionem
2111 3880 2349 3935 dentibus
2373 3895 2576 3933 eorum.
2596 3877 2791 3929 Anima
2819 3886 3001 3929 nostra
3024 3878 3158 3929 sicut
3181 3891 3364 3942 passer

1788 3980 1965 4042 erepta
1993 3981 2069 4025 est
2114 3971 2178 4024 de
2213 3969 2398 4038 laqueo
2451 3967 2772 4021 venantium.
2811 3965 3051 4036 Laqueus
3099 3969 3360 4021 contritus

1789 4075 1886 4132 est,
1915 4074 1964 4118 et
1995 4079 2086 4117 nos
2114 4061 2326 4115 liberati
2354 4076 2535 4114 smnus
2555 4058 2596 4112 ³.
2623 4055 2886 4128 Martyres
2910 4056 3070 4128 574
3093 4057 3386 4134 psalmum,
3424 4044 3432 4052 ³

1793 4157 1946 4210 illum
1998 4152 2376 4224 pronuntiant.
2427 4149 2632 4219 Duplex
2693 4163 2856 4218 porro
2913 4147 3359 4216 triumphantium

1788 4254 2088 4323 martyrum
2120 4243 2322 4297 chorus
2348 4249 2454 4295 est.
2487 4239 2636 4295 Alter
2664 4239 2810 4293 enim
2841 4237 2906 4292 ad
2934 4236 3140 4291 Novum
3168 4235 3360 4292 Testa-

1791 4347 2030 4392 mentum
2052 4377 2067 4402 ,
2105 4336 2241 4389 alter
2269 4333 2338 4387 ad
2371 4333 2540 4388 Vetus
2574 4333 2838 4402 pertinet;
2894 4331 2986 4400 qui
3029 4329 3246 4399 quidem
3305 4328 3360 4383 in

98 4428 432 4481 καλλινίκων
461 4429 507 4479 oi
556 4429 705 4498 χοροὶ
745 4427 1055 4501 μαρτύρων,
1103 4424 1184 4493 εἷς
1226 4429 1320 4497 μὲν
1371 4429 1464 4499 τῆς
1493 4429 1688 4501 Διαθή-

1797 4429 2002 4502 patroni
2027 4445 2090 4483 ac
2122 4427 2264 4498 regis
2294 4426 2536 4480 omnium
2573 4423 2664 4478 Dei
2691 4423 2953 4477 honorem
2984 4422 3190 4476 alterna
3224 4420 3361 4474 invi-

100 4537 170 4590 κη
181 4537 208 4582 ς
233 4519 335 4589 τῆς
348 4519 573 4590 Καινῆς,
599 4519 822 4592 θάτερος
845 4519 900 4572 δὲ
919 4521 1018 4590 τῆς
1048 4519 1311 4586 Παλαιᾶς,
1335 4521 1689 4589 ἀντίφθογγον

99 4610 280 4680 ὕμνον
330 4609 635 4679 συμφώνως
681 4610 760 4680 τῷ
821 4610 1126 4681 ὑπερμὰχῳ
1173 4610 1292 4681 Θεῴ
1335 4612 1428 4664 καὶ
1483 4611 1692 4682 βασιλεῖ

98 4704 215 4755 τῶν
268 4701 406 4754 ὅλων
451 4701 893 4773 ἀναπέμποντεςο
959 4703 1350 4772 Ἐδοκίμασας
1409 4702 1598 4773 ἡμᾶς,
1655 4707 1689 4758 ὀ

101 4794 290 4859 Θεός’
344 4793 657 4861 ἐπύρωσας
703 4791 882 4862 ἡμᾶς,
938 4794 1018 4860 ὠς
1067 4794 1356 4862 πυροῦται
1390 4795 1454 4848 τὸ
1512 4796 1690 4866 ἀργύ-

97 4902 255 4953 ριον.
323 4883 656 4953 Εῑσήγαγες
708 4885 863 4954 ἡμᾶς
925 4888 1012 4952 είς
1070 4885 1184 4955 τὴν
1238 4886 1490 4955 παγίδαο
1547 4887 1688 4942 ἔθου

102 4978 349 5044 θλίψεις
378 4973 474 5027 ἐπὶ
510 4975 616 5028 τὸν
644 4973 837 5030 νῶτον
873 4977 1039 5046 ἡμῶν
1059 4996 1071 5008 ·
1107 4978 1168 5030 τὸ
1203 4977 1552 5050 δικαστήριον
1577 4979 1685 5033 τῶν

101 5067 299 5128 ἐθνῶν,
347 5065 378 5136 ἢ
419 5067 546 5130 τοὺς
587 5070 955 5139 πειρασμοπ,
1019 5069 1140 5123 καθ’
1205 5069 1295 5134 οὓς
1341 5069 1685 5135 ὲκθλιϐἑντες

103 5157 350 5230 ἰσχυρῶς
386 5157 840 5228 ἐδοκιμάσθησαν.
882 5160 1217 5229 Δοκίμασόν
1241 5178 1318 5230 με
1356 5160 1484 5230 γὰρ,
1528 5163 1682 5232 φησὶ,

1796 4538 1913 4577 cem
1943 4521 2102 4588 hujus
2131 4518 2318 4589 hymni
2342 4515 2708 4570 modulatione
2724 4514 3088 4584 respondent:
3113 4511 3362 4565 Probasti

1797 4630 1912 4674 nos,
1943 4611 2116 4673 Deus;
2145 4611 2258 4680 igne
2279 4625 2370 4663 nos
2399 4606 2737 4670 examinasti,
2762 4607 2897 4658 sicut
2919 4605 3254 4657 examinatur
3279 4618 3362 4655 ar-

1793 4712 2023 4773 gentum.
2051 4699 2322 4754 Induxisti
2362 4713 2455 4750 nos
2483 4697 2534 4749 in
2563 4695 2846 4765 laqueum:
2878 4689 3100 4758 posuisti
3136 4687 3361 4741 tribula-

1795 4797 1960 4850 tiones
1986 4797 2037 4848 in
2069 4793 2225 4846 dorso
2271 4799 2471 4844 nostro.
2497 4787 2601 4843 Uhi
2645 4783 2936 4839 tribunalia
2969 4781 3245 4853 gentilium
3297 4795 3362 4834 ac

1757 4927 1764 4932 -
1795 4889 2122 4945 tentationes
2154 4883 2482 4956 signiﬁcant,
2515 4879 2716 4950 quibus
2755 4875 2931 4931 vexati
2965 4889 3028 4928 ac
3060 4873 3203 4928 velut
3237 4873 3361 4944 igne

1793 4980 2032 5050 percocti
2062 4977 2393 5032 validissime
2431 4970 2642 5043 probati
2682 4974 2826 5024 sunt.
2856 4965 3037 5019 Proba
3081 4981 3162 5019 me
3190 4966 3356 5030 enim,

1792 5067 1988 5138 inquit,
2025 5067 2186 5132 Deus,
2224 5074 2272 5120 et
2315 5073 2456 5118 tenta
2500 5077 2624 5116 me:
2665 5074 2759 5112 ure
2799 5072 2946 5111 renes
2980 5072 3120 5110 meos
3169 5063 3220 5110 et
3271 5071 3362 5109 cor

1790 5175 1982 5214 meum.

104 5257 310 5324 Κύριε,
343 5252 440 5306 καί
482 5253 773 5322 πείρασόν
797 5271 894 5322 με.
936 5256 1224 5322 Πύρωσον
1258 5255 1399 5320 τοὺς
1432 5257 1689 5324 νεφρούς
1720 5274 1840 5328 μου
1871 5253 1968 5308 καί
2015 5251 2130 5321 τὴν
2163 5248 2417 5318 καρδίαν
2445 5265 2585 5318 μου.

173 5344 401 5415 Λεγέτω
443 5345 507 5415 δὴ
556 5345 649 5397 καὶ
699 5345 948 5416 Ἀϐραὰμ
993 5346 1084 5398 ἐπὶ
1129 5345 1207 5417 τῷ
1253 5350 1531 5416 μονογενεῖ
1578 5365 1680 5400 πυ-

103 5441 306 5513 ρωθεὶς
348 5437 415 5491 τὰ
461 5437 763 5508 σπλάγχνα,
811 5440 1153 5509 προτιμήσας
1193 5455 1254 5491 τε
1302 5439 1361 5492 τὸ
1411 5438 1505 5492 τοῦ
1543 5437 1678 5493 Θεοῦ

103 5533 313 5605 μᾶλλον
364 5529 709 5602 πρόσταγμα,
764 5530 898 5599 μετὰ
961 5530 1022 5584 τὸ
1067 5528 1330 5584 ἀκοῦσαιο
1404 5529 1677 5602 Ἀϐραὰμ,

177 5720 193 5750 ⁸
228 5716 361 5786 Sap.
395 5729 478 5779 III,
510 5713 563 5778 5,
599 5713 653 5768 6.
728 5715 747 5745 '
771 5709 902 5768 ibid.
937 5711 990 5767 ι.
1066 5713 1086 5744 ⁸
1124 5711 1270 5769 Psa‘.
1295 5728 1483 5780 cum,
1520 5714 1630 5769 l-‘I.

1862 5346 2043 5400 Liceat
2093 5350 2146 5397 et
2179 5341 2291 5395 inec
2325 5339 2632 5394 Abrahamo
2685 5336 2888 5398 dicere,
2929 5347 3053 5388 cum
3111 5329 3356 5399 unigena:

1788 5439 1882 5494 ﬁlii
1925 5436 2103 5510 gratia
2134 5434 2283 5488 illius
2313 5433 2523 5488 viscera
2561 5428 2726 5486 veluti
2783 5427 3018 5499 quodam
3073 5423 3195 5491 igne
3242 5427 3354 5473 tor-

1786 5537 2057 5597 rerentur,
2101 5543 2164 5585 ac
2189 5526 2448 5599 majorem
2481 5523 2650 5581 divini
2689 5519 2926 5578 mandati
2961 5517 3222 5572 rationem
3255 5510 3354 5565 iia-
