3822 6302
418 269 551 325 “Si
1815 265 1874 321 s.
1916 265 2279 327 EPIPtlANtl.
3514 238 3662 299 ili“!-

3757 54 3763 136 l

417 385 594 452 beret;
628 382 795 447 hunc,
831 382 1080 454 inquam,
1113 382 1311 453 psalmi
1347 381 1525 436 locum
1559 388 1804 452 usurpet,
1838 389 1986 451 post-

2111 383 2290 438 ρεῖσαι
2333 381 2439 437 τοῦ
2496 381 2709 444 παιδός
2759 393 2909 439 σου,
2949 367 3292 474 ἀπρρρίῃζιές
3349 359 3414 474 tt?
3765 394 3767 414 ι

2102 476 2492 544 Ἐδοκίμασας
2522 469 2696 540 ἡμᾶς.
2732 471 2765 523 d
2812 466 2954 531 Θεός
2975 480 2987 494 ·
3026 449 3342 528 ἐπύριῒσας
3377 449 3557 544 ἡμᾶς)
3585 451 3661 544 ἀι·

2090 539 2380 634 πυροῦται
2407 565 2476 620 τὸ
2515 539 2820 634 ἀργύριον.
2851 555 3072 624 Λεγὲτω
3103 552 3197 604 καὶ
3233 546 3373 615 ’[ὼό,
3427 541 3581 634 μετὰῗ
3606 539 3662 634 τί)

2091 631 2428 731 ἀπορρεῦσαι
2468 655 2567 727 τὴν
2602 631 2885 724 σαπρίαν,
2928 646 3022 702 καὶ
3054 636 3411 731 ὀνειδισθῆναί
3456 651 3516 731 τε
3563 631 3662 683 ὑπὸ

2091 726 2214 801 τῶν⁷
2240 726 2442 817 -φίλων,
2485 726 2581 799 καὶ
2622 743 2857 812 ἀλγῆσαι
2898 739 2960 793 τὸ
3002 737 3196 806 σῶμα,
3251 731 3342 785 διὰ
3399 726 3660 785 λαῦιαπος

2093 838 2332 901 ἀκούσας
2374 837 2661 900 λαλοῦντος
2691 833 2838 904 αὑτῷ
2862 830 2955 885 τοῦ
2989 826 3124 882 Θεοῦ
3143 843 3157 856 ·
3197 824 3314 878 Οἴει
3354 838 3433 890 με
3463 820 3661 879 ἄλλως

2093 947 2194 986 σοι
2231 927 2743 1000 κεχρηματικέναι,
2771 924 2809 992 ἢ
2835 925 2936 976 ἵνα
2970 916 3167 990 φανῇς
3203 910 3661 1000 61x.uoc;:'£'0cv

2097 996 2691 1091 θλίψειςήὲιταντίον⁸
2734 1013 2937 1085 ἡμῶν,
2981 1011 3190 1078 Κύριε,
3241 1007 3343 1058 Ira
3387 998 3548 1069 ἡμᾶς
3588 996 3664 1062 ὡς

2097 1114 2333 1184 χρυσὸν
2385 1112 2457 1166 ἐν
2512 1105 2886 1179 χωνευτηριῳ
2941 1099 3292 1171 δοκιμάσῃς.
3344 1093 3664 1184 Λεγέτωσαν

2098 1183 2195 1260 οιαὶ
2246 1205 2296 1258 οἱ
2352 1205 2499 1276 τρεῖς
2540 1204 2597 1254 ὲν
2651 1203 2718 1272 τῇ
2760 1195 2978 1268 καμίνῳ
3034 1191 3223 1253 παῖδες
3270 1183 3662 1276 δροσιζόμενοι,

414 491 574 544 quam
616 488 802 528 vocem
850 473 999 527 illam
1054 473 1306 540 accepit:
1341 471 1632 534 Abraham,
1675 485 1830 538 parce
1873 469 1988 538 ﬁlio

419 575 528 629 tuo,
549 575 598 620 et
629 565 866 635 gladium
894 563 1063 634 abjice
1088 564 1126 618 ¹.
1157 563 1406 618 Probasti
1425 580 1542 627 nos,
1561 563 1731 626 Deus;
1757 563 1874 632 igne
1896 578 1989 616 nos

417 659 764 720 examinasti,
809 657 947 710 sicut
999 656 1337 710 examinatur
1376 663 1669 724 argentum.
1707 653 1903 708 Eadem
1935 661 1990 707 et

419 746 523 802 Job
575 748 741 803 verba
792 748 1054 817 proferat,
1089 756 1440 818 posteaquam
1491 755 1546 801 et
1603 747 1749 801 illius
1793 761 1994 816 corpus

423 839 712 908 purulenta
767 838 920 893 sanie
983 838 1288 902 distillavit,
1346 845 1400 894 et
1434 839 1734 893 amicorum
1795 837 1994 908 probra

426 930 674 1000 pertulit,
707 941 761 985 et
801 930 1052 1000 corporis
1084 931 1421 986 cruciatibus
1453 930 1681 987 allectus
1729 940 1844 996 est;
1871 946 1994 985 cum

428 1037 523 1090 per
550 1021 836 1090 procellam
858 1022 1164 1090 loquentem
1182 1021 1285 1076 sibi
1314 1022 1478 1075 Deum
1501 1021 1812 1077 exaudisset
1828 1017 2018 1075 :Num-

428 1119 486 1164 tu
514 1126 594 1163 me
618 1109 782 1163 aliam
807 1108 870 1162 ob
894 1125 1111 1164 causam
1136 1109 1233 1162 tibi
1254 1109 1485 1163 locutum
1508 1107 1814 1172 arbitraris,
1837 1126 1997 1179 quam

428 1210 485 1254 ut
493 1201 669 1268 justus
685 1215 938 1268 appareas
955 1202 1012 1254 ’1’
1036 1199 1210 1264 Dicat,
1232 1202 1487 1270 inquam:
1515 1200 1749 1255 Posuisti
1777 1200 1999 1254 tribula-

429 1290 596 1342 tiones
616 1304 795 1342 coram
842 1289 1015 1353 nobis,
1043 1289 1282 1354 Domine,
1317 1299 1372 1342 ut
1400 1307 1495 1371 nos
1531 1300 1780 1359 tanquam
1815 1292 1866 1343 in
1887 1291 1999 1358 [or-

427 1398 557 1438 nace
587 1398 778 1434 aurum
805 1381 1078 1450 probares.
1111 1383 1243 1438 Item
1282 1390 1338 1437 et
1367 1363 1479 1437 tres
1512 1383 1566 1436 in
1602 1381 1822 1438 fornace
1846 1380 1998 1452 pueri

2111 1363 2441 1455 πας”ἡ.ιιᾶς.
2555 1383 2730 1448 Θεός·
2762 1381 3078 1448 ἐπύρωσας
3106 1372 3285 1442 ἡμᾶς,
3326 1370 3407 1434 ὡς
3451 1363 3668 1432 πυροῦ-

429 1472 723 1528 concinant
750 1487 872 1527 rore
901 1470 1208 1543 perfusi,ne
1228 1472 1483 1528 incendio
1503 1463 1954 1528 con‘crementur'
1983 1491 1997 1527 :

2111 1496 2195 1532 rat
2225 1476 2290 1531 τὸ
2318 1476 2623 1547 ἀργύριον.
2673 1471 2997 1540 Διήλθομεν
3030 1465 3126 1519 διὰ
3169 1461 3357 1532 πιιρὸς
3396 1458 3496 1512 καὶ
3539 1455 3671 1509 ὕεα-

432 1563 686 1641 Probasti
715 1582 831 1630 nos,
876 1563 1040 1629 Deus;
1083 1565 1199 1635 igne
1230 1581 1323 1619 nos
1346 1566 1687 1632 examinasti,
1720 1568 1854 1619 sicut
1875 1580 2004 1618 exa-

2111 1587 2235 1638 τοςο
2304 1568 2402 1622 καὶ
2461 1567 2750 1637 ἐξήγαγες
2802 1561 2959 1632 ἡμᾶς
3017 1561 3112 1624 εὶς⁷
3162 1548 3513 1621 ἀναψυχήν.
3591 1547 3671 1608 Ὦς

433 1659 670 1710 minatur
690 1667 984 1728 argentum.
1014 1656 1376 1711 Transirimus
1399 1673 1489 1728 per
1510 1659 1680 1728 ignem
1711 1667 1760 1712 et
1785 1674 1999 1728 aquam,

2111 1663 2278 1716 εἰπεῖν
2313 1661 2481 1731 κάμοὶ
2505 1657 2583 1730 τῷ
2608 1654 2852 1726 Μεθοδίῳ
2873 1671 2888 1684 ⁸
2937 1654 2995 1706 '0
3028 1651 3160 1714 Θεὸς
3200 1651 3228 1702 6
3256 1643 3671 1715 παντοκράτωρ,

431 1759 479 1802 et
512 1747 742 1802 eduxisti
771 1766 864 1803 nos
894 1749 948 1803 in
977 1749 1327 1820 refrigerium.
1364 1749 1519 1816 Quod
1551 1751 1758 1804 utinam
1789 1758 1842 1806 et
1871 1749 2002 1803 milii

2111 1753 2132 1805 δ
2187 1749 2425 1814 αἰώνιος,
2481 1751 2511 1803 6
2566 1748 2757 1818 Πατὴρ
2811 1744 2906 1798 τοῦ
2958 1739 3215 1814 Χριστοῦ,
3266 1739 3324 1790 ὲν
3369 1738 3438 1806 τῇ
3496 1731 3676 1804 ἡμέρᾳ

434 1832 708 1892 Metlmdio
752 1855 1022 1909 usurpare
1077 1839 1375 1910 aliquando
1416 1840 1611 1907 liceat,
1659 1840 2005 1909 omnipotens

2111 1859 2202 1895 σου
2243 1841 2489 1896 διαϐάντι
2517 1838 2580 1893 1:6
2613 1837 2724 1910 πῦρ
2754 1836 3038 1906 ἀναλγητὶ,
3075 1833 3169 1888 καὶ
3197 1829 3305 1884 τῶν
3342 1827 3573 1889 ὑδάτων,
3601 1825 3676 1885 είς

432 1936 482 1982 et
523 1938 720 1983 mterne
745 1927 909 1994 Deus,
945 1928 1106 1986 Pater
1137 1930 1366 1997 Christi,
1398 1945 1522 1985 cum
1571 1931 1628 1986 in
1661 1931 1748 1986 die
1785 1941 1876 1985 tua
1912 1947 2005 2002 per

2111 1933 2204 2007 τὴν
2229 1932 2529 2006 καυστικὴν
2564 1928 2988 2002 μεταδληθέντες
3019 1929 3040 1959 ⁸
3071 1925 3252 1995 φύσιν,
3283 1916 3678 1983 ὑπεξαλύξαντι

436 2021 614 2090 ignem
646 2023 764 2075 sine
798 2023 907 2077 ullo
938 2021 1127 2079 dolore
1154 2023 1447 2088 transiero,
1478 2031 1533 2079 et
1568 2038 1853 2094 aquarum,
1888 2040 2005 2095 qua:

2111 2026 2206 2089 τὰς
2247 2025 2442 2097 ὁρμὰς,
2488 2021 2744 2090 Διῆλθον
2792 2019 2890 2073 διὰ
2941 2016 3126 2084 πυρὸς
3172 2011 3270 2067 καὶ
3312 2009 3554 2074 ὕδατος,
3584 2007 3675 2059 καὶ

421 2113 490 2164 1'n
523 2111 710 2166 urendi
749 2121 998 2166 naturam
1035 2122 1255 2170 mutata:
1279 2115 1409 2178 sint,
1442 2115 1703 2185 impetum
1732 2115 2005 2186 ell'ugero:

2111 2115 2399 2186 ἐξήγαγές
2442 2131 2518 2185 με
2560 2116 2647 2179 εις
2680 2110 3004 2180 ἀνάψυξιν.
3045 2108 3117 2161 Σὺ
3169 2105 3276 2176 γὰρ
3301 2104 3344 2135 ¹⁶
3385 2101 3527 2170 αὕτη
3572 2100 3676 2186 τοῖς

437 2201 681 2257 Transivi
709 2221 800 2274 per
840 2206 1010 2275 ignem
1040 2216 1089 2260 et
1121 2221 1337 2276 aquam,
1363 2216 1411 2260 et
1463 2207 1693 2261 eduxisti
1743 2224 1822 2261 me
1851 2208 1908 2262 in
1931 2224 2005 2262 re-

2111 2185 2366 2278 ἀγαπῶσί
2395 2224 2453 2260 σε
2483 2207 2517 2277 ὴ
2546 2201 2845 2272 ἐπαγγελία
2866 2218 2878 2230 ⁸
2929 2199 3068 2254 Ἐὰν
3087 2195 3408 2258 διαϐαίνεις
3432 2189 3514 2243 ’δι’
3549 2185 3679 2241 66a-

435 2292 730 2363 frigeriunt.
782 2294 905 2350 Haec
957 2306 1040 2352 est
1073 2297 1220 2353 enim
1259 2299 1337 2352 tui
1374 2299 1683 2354 amantibus
1714 2315 1742 2352 a
1775 2306 1829 2354 te
1865 2300 2005 2355 edita

2111 2317 2247 2368 τος,
2283 2301 2435 2369 μετὰ
2496 2297 2611 2352 σοῦ
2643 2297 2791 2364 εἰμι’
2841 2291 2940 2347 καὶ
2984 2287 3232 2359 ποταμοὶ
3283 2288 3355 2340 οὐ
3400 2279 3681 2349 συγκλεί-

438 2384 726 2452 prouiissio
747 2405 761 2441 :
785 2385 846 2440 Si
865 2388 1138 2442 transieris
1153 2402 1245 2455 per
1268 2397 1656 2459 aquam,tecum
1677 2405 1793 2442 sum
1815 2399 1899 2453 ;et
1915 2388 2005 2460 (iu.

2112 2393 2302 2448 rava!
2329 2407 2422 2444 σε.
2469 2389 2595 2444 Κᾶν
2631 2386 2941 2452 διαϐαίνῃς
2970 2383 3067 2436 διὰ
3097 2380 3306 2448 πυρὸς,
3345 2377 3419 2430 οὐ
3458 2373 3546 2444 μὴ
3578 2389 3680 2426 κα-

437 2471 579 2527 mina
596 2491 698 2527 non
715 2474 1025 2529 concludent
1043 2487 1110 2530 te.
1138 2475 1203 2529 Et
1226 2478 1272 2530 si
1297 2466 1572 2530 transieris
1595 2493 1684 2546 per
1703 2478 1890 2549 ignem,
1909 2495 2005 2532 non

2117 2484 2399 2539 τακαύσει
2439 2496 2533 2535 σε.
2576 2478 2736 2533 Ἀλλά
2781 2477 2892 2547 γὰρ
2917 2475 3062 2548 περὶ
3105 2473 3202 2544 τῆς
3233 2469 3372 2525 κατά
3416 2469 3512 2522 τὸν
3551 2465 3682 2536 ψαλ-

434 2564 784 2632 mznbureris;
806 2569 1026 2637 ﬂamma
1044 2585 1146 2622 non
1171 2568 1435 2623 comburet
1457 2577 1504 2620 te
1525 2569 1567 2622 ⁸.
1588 2567 1692 2623 Sed
1722 2569 1788 2623 de
1818 2569 2005 2640 psalmi

2116 2581 2220 2653 μὸν
2255 2580 2566 2650 ἐξηγήσεως
2601 2575 2719 2643 ἃλις
2752 2573 2865 2645 ἔχει
2902 2571 3094 2627 ταῦτα.

435 2654 584 2709 illius
621 2656 1066 2729 interpretatione
1103 2657 1317 2713 abunde
1362 2659 1624 2715 hactenus
1651 2667 1737 2714 est
1779 2653 2009 2713 dictum.

507 2747 694 2804 XLIX.
735 2749 894 2806 Nunc
929 2750 1064 2806 illud
1123 2751 1583 2806 considerandum
1643 2758 1749 2814 est,
1803 2751 1858 2805 in
1904 2766 2015 2822 quo

440 2838 607 2896 variis
631 2841 864 2897 somniis
887 2841 1279 2896 dormientium
1309 2859 1459 2898 more
1486 2841 1662 2898 delusi
1692 2843 2005 2913 Apostolus:

2116 2867 2231 2918 φως
2258 2844 2727 2919 ὲμφανταζὸμενοι
2762 2843 3019 2905 ἀπάταις.
3054 2837 3421 2893 καθευδόντων
3463 2834 3684 2904 τρόπον,

440 2931 556 2985 haec
582 2933 787 2988 dixisse
809 2934 1064 3003 iactitant
1091 2949 1104 2988 :
1139 2933 1248 3004 Ego
1271 2944 1448 2988 autem
1478 2933 1703 2989 vivebam
1728 2933 2005 3004 aliquando

2116 2936 2504 3007 ἀποφαίνονται
2549 2933 2640 2987 τὸν
2699 2929 3016 2984 Ἀπόστολον
3055 2925 3332 2999 εἰρηκέναι
3355 2937 3370 2952 ⁸
3431 2921 3572 2992 Ἐγὼ
3622 2919 3688 2972 δὲ

440 3022 554 3076 sine
584 3022 692 3092 lege
715 3024 770 3090 ';
802 3025 1094 3095 statimque
1127 3025 1431 3088 clamitant,
1463 3025 1610 3078 illam
1649 3025 1805 3094 primi
1838 3023 2005 3078 nostri

2115 3029 2260 3089 ἕζέυν
2320 3025 2495 3096 χωρὶς
2548 3026 2735 3094 νόμον
2789 3021 2967 3076 ποτέ’
3018 3021 3112 3073 καί⁵
3163 3017 3359 3090 βοῶσι·
3414 3014 3527 3125 Thy
3584 3014 3687 3122 πρὸ

443 3116 688 3184 parentis
714 3124 839 3168 ante
863 3130 1064 3185 corpus
1094 3114 1336 3185 legisque
1362 3115 1826 3185 prtescriptionem
1855 3113 2005 3184 575

2118 3123 2217 3192 τῆς
2264 3119 2483 3188 ἐντολῆς
2544 3117 2701 3189 ἡμῶν
2743 3117 2801 3171 ἐν
2844 3113 2921 3186 τῷ
2965 3111 3372 3184 πρωτοπλὼπῳ
3418 3105 3687 3175 διαγωγὴν

444 3205 611 3260 vitam
653 3220 776 3261 esse
823 3205 1178 3271 declaratam,
1219 3215 1277 3260 ut
1323 3223 1444 3277 quae.
1499 3215 1802 3276 sequuntur
1857 3205 2005 3262 fidem

2122 3211 2228 3283 πρὸ
2262 3210 2510 3282 σώματος
2555 3209 2681 3280 ἔφη,
2718 3207 2794 3270 ὡς
2829 3206 2899 3260 τὰ
2930 3203 3299 3275 ἐπιφερόμενα
3341 3202 3684 3269 συνίστησιν·

445 3299 649 3352 faciunt
672 3315 682 3350 :
718 3297 828 3369 Ego
852 3292 968 3353 vero
994 3298 1227 3353 carnalis
1250 3315 1388 3363 sum,
1421 3301 1749 3354 venundatus
1773 3299 1870 3354 sub
1897 3315 2005 3368 pec-

2134 3302 2280 3373 Ἑγὼ
2321 3302 2388 3356 δὲ
2438 3299 2725 3370 ὀάρκινός
2769 3299 2919 3369 ειμι,
2986 3295 3362 3364 πεπραμένος
3423 3291 3543 3346 ὑπὸ
3580 3290 3689 3356 τὴν

447 3390 696 3453 εὰιιιηι⁴;
730 3389 983 3459 quoniam
1019 3390 1120 3446 sub
1151 3392 1353 3458 peccati
1380 3399 1701 3460 potestatem
1753 3405 1816 3443 ac
1844 3388 2005 3443 domi

2121 3397 2434 3465 ἁμαρτίαν.
2499 3395 2619 3447 Ὅτι
2667 3393 2742 3464 μὴ
2789 3391 2960 3454 ἄλλως
3016 3390 3044 3442 6
3102 3387 3388 3459 ἄνθρωπος
3432 3384 3687 3459 ᾇρχεσθαι

447 3490 633 3534 natum
669 3481 836 3550 redigi
891 3481 1046 3535 aliter
1081 3481 1244 3534 homo
1291 3497 1400 3534 non
1431 3489 1664 3552 poterat,
1698 3481 1879 3551 eique,
1913 3479 2005 3533 vio

2123 3488 2375 3559 ἠδύνατο,
2419 3485 2514 3540 καὶ
2560 3483 2906 3557 κυριεύεσθαι
2950 3479 3056 3536 ὑπὸ
3099 3479 3192 3534 τοῦ
3234 3477 3429 3541 κακοῦ,
3465 3475 3687 3547 πραθεζ

2125 3577 2274 3650 αὐτῷ
2316 3577 2404 3631 διὰ
2442 3577 2542 3648 τὴν
2579 3576 2910 3649 παράϐασιν,
2942 3576 2990 3627 εἰ
3036 3572 3112 3644 μὴ
3155 3570 3409 3642 σάρκινος
3448 3563 3517 3639 ἦν
3541 3582 3689 3635 τετο-

2125 3668 2251 3732 νώς.
2306 3667 2578 3739 Ἀληπτος
2619 3665 2728 3737 γάρ
2770 3663 2888 3717 καθ’
2931 3659 3130 3732 ἑαυτὴν
3175 3655 3406 3730 ἡψυχὴ.
3443 3655 3596 3726 φησὶ.
3627 3657 3688 3723 τῇ

2125 3759 2391 3831 ἁμαρτίᾳ.
2438 3759 2530 3813 Διὸ
2571 3756 2808 3830 δριμέως
2863 3755 3113 3824 ἐπήγαγε
3149 3751 3242 3813 τὸ,
3300 3746 3442 3819 Ἐγὼ
3493 3745 3689 3812 σάρκι-

2126 3851 2233 3915 νός
2275 3851 2420 3916 ειμι,
2466 3846 2843 3917 πεπραμένος
2879 3843 2994 3898 ὑπὸ
3038 3842 3152 3910 τὴν
3189 3841 3522 3917 ἁμαρτίαν,
3571 3837 3693 3906 πρό-

2129 3941 2254 3995 σθεν
2298 3939 2467 3995 εἰπὼν
2508 3939 2628 3993 τόδε
2654 3955 2668 3968 ο
2736 3935 2882 4005 Ἐγὼ
2909 3934 3052 3996 ἔζων
3072 3932 3250 4004 χωρὶς
3296 3933 3483 4002 νόμου
3535 3928 3688 3983 ποτέ.

2186 2754 2319 2811 MG'.
2372 2753 2466 2818 Εἰς
2507 2751 2566 2806 δὲ
2598 2751 2774 2805 ὲκεῖνο
2816 2746 3190 2808 διασκεπτέον,
3223 2745 3283 2799 ὲν
3321 2734 3368 2810 ᾧ
3416 2739 3686 2808 noluisti?-

448 3571 557 3626 lato
589 3572 866 3635 mandato,
890 3570 1212 3634 venundari,
1242 3571 1349 3625 nisi
1380 3588 1546 3626 carne
1569 3573 1826 3642 praeditus
1862 3570 2024 3624 exsti-

448 3663 626 3718 tisset.
664 3661 799 3715 Nam
853 3661 1036 3716 anima
1092 3678 1188 3731 per
1226 3679 1348 3718 sese
1377 3665 1528 3718 nullo
1561 3673 1786 3734 peccato
1817 3663 2021 3734 corripi

451 3762 651 3824 potest.
686 3752 768 3809 Ob
806 3755 860 3809 id
898 3761 1056 3809 acute
1095 3754 1280 3809 statim
1319 3755 1449 3810 illud
1489 3749 1729 3827 adjecit:
1762 3755 1870 3828 Ego
1898 3774 2022 3810 car-

449 3846 586 3899 nalis
638 3861 777 3912 sum,
810 3847 1137 3902 venundatus
1180 3847 1274 3902 sub
1303 3857 1513 3918 peccato
1548 3889 1564 3914 ,
1618 3864 1741 3904 cum
1778 3850 1829 3904 id
1865 3857 2025 3903 antea

447 3940 717 3994 dixisset:
752 3937 861 4010 Ego
895 3942 1128 3994 vivebam
1185 3941 1473 4007 aliquando
1521 3942 1636 3996 sine
1684 3942 1793 4012 lege
1817 3943 1860 3998 ".
1892 3940 2026 4009 Qum

451 4045 578 4084 cum
615 4029 690 4084 illi
728 4031 999 4096 dicerent,
1031 4032 1274 4104 plerique
1305 4032 1359 4086 in
1391 4040 1668 4102 stuporem
1716 4033 2005 4086 admiratio

2129 4032 2326 4102 Θαῦμα
2375 4031 2472 4102 μὲν
2524 4032 2634 4092 τοῖς
2684 4027 2896 4090 πολλοῖς
2917 4066 2934 4091 ,
2975 4023 3143 4078 ταῦτα
3194 4022 3458 4091 λεγόντων
3501 4019 3689 4083 αὐτῶν,

448 4134 682 4190 nemque
747 4121 1228 4186 convertebantpr.
1287 4119 1406 4174 Jatn
1465 4137 1596 4177 vero
1669 4129 2005 4192 posteaquau

2130 4124 2249 4176 τότε
2293 4121 2552 4176 ὑπεδύετο
2605 4119 2700 4173 καὶ
2764 4115 3131 4186 κατάπληξις*
3183 4114 3277 4168 νῦν
3317 4113 3376 4165 δὲ
3421 4111 3692 4196 προκυᾴά-

447 4212 656 4268 veritas
702 4221 785 4268 est
839 4212 1292 4268 manifestissime
1351 4215 1642 4283 patel'acta,
1709 4230 1817 4269 non
1867 4213 2005 4268 modi

2132 4229 2231 4284 σης
2276 4211 2356 4276 εἰς
2400 4209 2460 4263 τὸ
2503 4207 2880 4279 φανερώτατον
2919 4203 3021 4278 ήδη
3062 4204 3164 4273 τῆς
3201 4201 3477 4274 ἀληθείας,
3512 4201 3572 4254 οὐ
3609 4202 3694 4272 p.6-

450 4303 609 4374 longe
642 4320 737 4360 eos
774 4304 1080 4371 aberrasse,
1115 4305 1207 4360 sed
1247 4312 1302 4360 et
1360 4315 1630 4361 summam
1684 4305 1752 4360 ad
1784 4305 2005 4376 blasplie

2133 4321 2222 4357 vov
2275 4299 2472 4373 μακρῷ
2516 4298 2853 4370 πλανώμενοι
2919 4295 3372 4365 καταφαίνονται.
3426 4293 3564 4346 ἀλλά
3611 4293 3695 4343 καὶ

450 4397 618 4450 miam
647 4398 964 4466 pervenisse
991 4407 1228 4452 constat.
1264 4396 1367 4464 Qui
1393 4413 1516 4452 cum
1545 4407 1671 4453 ante
1699 4405 2005 4468 praaceptun

2139 4393 2302 4464 μέχρι
2346 4391 2446 4463 τῆς
2479 4389 2651 4462 ἄκρας
2693 4386 3073 4449 ἀναϐαίνοντες
3105 4382 3473 4456 βλασφημίας.
3518 4382 3694 4442 Δόντες

451 4490 699 4560 corporis
743 4500 997 4561 expertes
1032 4490 1234 4546 vixisse
1270 4492 1437 4548 velint
1495 4491 1729 4556 animas,
1781 4507 1881 4546 nec
1923 4491 2005 4546 ulli

2136 4484 2245 4555 γὰρ
2275 4482 2579 4554 ἀσωμάτως
2609 4481 2707 4545 τὰς
2756 4478 2930 4550 ψυχὰς
2965 4477 3072 4550 πρὸ
3119 4477 3217 4548 τῆς
3247 4474 3467 4545 ἐντολῆς
3515 4474 3694 4545 βεϐιω-

451 4594 548 4648 per
574 4593 695 4632 sese
726 4587 950 4648 peccato
979 4596 1140 4650 posse
1189 4583 1414 4650 corripi,
1451 4583 1614 4636 aliam
1667 4579 1926 4651 deinceps
1976 4582 2005 4635 ii

2135 4576 2318 4638 κέναι,
2369 4573 2640 4644 ἀλήπτους
2692 4589 2752 4624 τε
2808 4566 2944 4623 εἶναι
2986 4567 3107 4622 καθ’
3153 4565 3350 4631 ἑαυτὰς
3395 4567 3459 4618 ἐκ
3512 4564 3696 4625 παντὸς

453 4671 766 4740 Opinionem
821 4671 1052 4743 delapsi,
1085 4689 1245 4728 suum
1283 4673 1413 4728 illud
1453 4673 1670 4745 dogma,
1708 4675 1788 4727 vel
1821 4677 2001 4745 seipso

2133 4668 2200 4736 τῇ
2247 4663 2490 4735 ἁμαρτίᾳ
2519 4659 2915 4732 διανοηθέντες,
2957 4659 3118 4711 πάλιν
3147 4655 3451 4728 ἀνέτρεψαν
3483 4655 3576 4708 τὸν
3617 4653 3694 4704 λό-

453 4763 635 4829 putius
673 4769 1008 4816 everterunt.
1036 4761 1282 4832 Corpora
1307 4763 1452 4817 enim
1483 4763 1675 4818 iisdem
1708 4763 1816 4817 illis
1843 4773 2005 4833 poste:

2134 4772 2250 4824 γον,
2298 4753 2520 4817 ἑαυτοὺς
2566 4751 2622 4804 δὲ
2671 4750 2802 4804 πολὺ
2850 4748 3067 4820 μᾶλλον.
3118 4748 3201 4801 Ta
3240 4747 3348 4819 γὰρ
3379 4746 3442 4816 δὴ
3486 4745 3698 4816 σώματα

452 4857 604 4908 velut
658 4855 712 4909 in
746 4855 1076 4924 supplicium
1131 4855 1424 4922 fabricant,
1460 4845 1603 4925 quod
1661 4864 1788 4910 ante
1831 4872 1999 4927 corpu

2135 4845 2634 4909 κατασκευάζουσιν
2671 4844 2861 4906 αὐταῖς
2913 4841 3138 4912 ὕστερον
3192 4841 3284 4894 ἐπὶ
3325 4840 3586 4910 τιμωρία,
3621 4835 3698 4888 διὰ

456 4945 819 5016 peccaverint.
841 4944 984 5012 Quin
1011 4947 1176 5002 etiam
1205 4947 1453 5002 convicia
1482 4947 1589 5001 illis
1616 4956 1937 5013 occurrunt,
1971 4964 2003 5001 ιι

2131 4941 2193 4994 τὸ
2246 4940 2352 5012 πρὸ
2405 4937 2656 5009 σώματος
2696 4936 2863 4998 αὑτάς
2907 4931 3304 5006 ἡμαρτηκέναι.
3354 4931 3466 4985 Καὶ
3512 4930 3576 5000 δὴ
3616 4928 3700 4981 καὶ

458 5037 655 5093 vinclis
693 5053 758 5091 ae.
817 5038 1024 5110 pedicis
1087 5039 1266 5094 simile
1319 5056 1444 5096 esse
1489 5055 1692 5110 corpus
1739 5039 2005 5096 allirment

2130 5031 2462 5104 λοιδορήσεις
2518 5047 2576 5082 τε
2642 5027 2872 5098 ἐπῆλθον
2934 5027 3136 5089 αὐτοῖς,
3201 5023 3420 5094 δεσμοῖς
3488 5020 3702 5075 amia-

458 5132 673 5200 aliaque
713 5131 912 5186 stolida
955 5131 1004 5187 id
1045 5148 1218 5202 genus
1253 5133 1523 5188 eli'utianl.

2141 5123 2315 5188 ζουσι,
2369 5125 2463 5176 καὶ
2491 5121 2677 5184 πέδαις
2705 5119 2767 5172 τὸ
2809 5118 2987 5189 σῶμα,
3022 5117 3156 5172 ἄλλα
3180 5133 3240 5168 τε
3287 5115 3491 5184 ἀνόητα
3519 5114 3698 5166 εἰπεῖν.

530 5220 598 5272 At
629 5235 757 5275 vero
784 5220 963 5292 longe,
999 5221 1078 5275 uti
1105 5222 1239 5284 dixi,
1273 5223 1550 5278 contrario
1583 5223 1746 5279 modo
1786 5239 1907 5280 sese
1945 5239 2003 5278 re

2211 5217 2326 5269 Νῦν
2375 5215 2432 5267 δὲ
2475 5215 2610 5284 ὅπερ
2655 5212 2892 5283 εἴρηται,
2939 5211 3045 5262 πᾶν
3091 5205 3398 5261 τούναντίον
3430 5205 3565 5276 ἔχει.
3601 5204 3704 5273 Χρὴ

457 5311 639 5368 habet.
675 5311 900 5382 Oportet
947 5316 1090 5369 enim
1133 5316 1297 5369 etiam
1333 5325 1458 5371 ante
1497 5325 1776 5386 peccatum
1813 5332 2005 5388 corpor

2140 5309 2248 5379 γὰρ
2294 5307 2400 5378 πρὸ
2448 5305 2548 5375 τῆς
2589 5304 2860 5375 ἁμαρτίας
2910 5302 3007 5372 τὴν
3051 5300 3226 5372 ψυχὴν
3266 5300 3534 5369 ὑπάρχειν
3582 5297 3704 5366 pati

457 5414 766 5464 consertam
797 5407 1034 5461 animam
1063 5406 1250 5464 fuisse.
1277 5408 1488 5479 Alioqui
1515 5424 1641 5464 cum
1678 5409 1859 5463 anima
1886 5409 2005 5464 null

2146 5405 2426 5476 σώματος·
2459 5404 2584 5456 ἐπεὶ
2616 5402 2692 5475 (ἡ)
2723 5401 2958 5471 ἄληπτος
2988 5393 3118 5452 οὖσα
3142 5398 3176 5470 ἡ
3199 5392 3346 5466 ψυχὴ
3373 5393 3497 5448 καθ’
3523 5389 3705 5445 ἑαυτὴν

526 5591 698 5642 ιιὲιιη.
763 5604 897 5645 xm.
940 5585 1138 5649 Η,12.
1215 5586 1236 5614 ’
1289 5583 1388 5640 Joh
1421 5599 1508 5643 χι..
1539 5584 1594 5638 5.
1681 5584 1702 5618 ³
1737 5584 1868 5638 Itan.
1921 5602 2003 5646 Ill,

2136 5599 2255 5652 sqq.
2330 5583 2353 5614 ⁸
2393 5580 2496 5640 lsa.
2534 5597 2688 5648 um,
2719 5579 2774 5634 2.
2851 5579 2873 5612 ⁸
2910 5579 3065 5633 ltum.
3119 5591 3212 5642 vn,
3243 5575 3300 5632 9.
3379 5571 3401 5604 ⁸
3438 5568 3560 5626 ibid.
3623 5565 3696 5624 ii.

454 5663 474 5695 ⁷
516 5660 648 5716 ibid.
677 5660 732 5715 9.
809 5659 832 5690 ⁸
885 5656 946 5713 F.
1001 5660 1058 5712 ὲν
1107 5655 1281 5727 νώτῳ.
1359 5659 1379 5688 ¹¹
1431 5653 1492 5707 F.
1526 5653 1992 5726 μεταεληρὲντων.

2111 5669 2112 5675 ‘
2138 5654 2197 5708 ι’.
2238 5653 2302 5724 σὴ
2327 5653 2457 5724 γάρ.

2098 1298 2187 1351 ἵνα
2233 1296 2307 1367 μὴ
2354 1275 2798 1364 καταφλεχθῶσιν
2831 1288 2936 1343 ὑπὸ
2977 1285 3069 1340 τοῦ
3110 1281 3312 1353 πυρός·
3365 1275 3667 1367 Ἔδοπίμα-
3773 1315 3775 1322 ,
