3728 6192
32 280 180 339 “5'3

716 280 1086 337 ADVERSUS
1124 279 1464 337 IIZERESES
1501 277 1612 334 LIB

1790 270 1941 329 ΓΟΜ.
1980 272 2019 327 ι.
2059 300 2131 311 —
2166 267 2442 325 "ERES.
2482 265 2669 323 LXIV.

3163 259 3302 319 HM

30 402 89 467 τῇ
121 394 370 469 ἁμαρτίᾳ
398 392 503 450 οὐκ
532 393 597 447 ἂν
621 392 869 465 ἥμαρτεν
912 395 1047 457 ὅλως
1074 395 1181 466 πρὸ
1218 394 1312 447 τοῦ
1346 391 1614 464 σώματος.

1791 401 1820 439 r
1858 401 1980 442 sese
2009 391 2234 453 peccato
2269 381 2406 437 afﬁci
2437 390 2622 452 queat,
2652 378 2806 435 nullo
2832 385 2991 449 pacto
3028 385 3153 432 ante
3180 393 3303 434 cor-

26 491 87 541 Εί
149 490 205 543 δὲ
247 490 514 560 ἥμαρτεν,
567 486 667 538 οὐκ
711 482 779 556 ἦν
833 485 1073 555 ἄληπτος
1117 484 1240 537 καθ’
1298 484 1495 554 ἑαυτὴν
1542 484 1609 553 τῇ

27 580 298 651 ἁμαρτίᾳ,
339 576 475 632 ἀλλὰ
499 576 590 630 καὶΙ
631 576 902 640 εὐάλωτος
951 577 1149 647 μᾶλλον
1190 576 1285 630 καῖ¹
1323 574 1609 644 εὖληπτος.

28 671 121 722 Διὸ
150 672 244 724 καὶ
274 670 452 735 πάλιν,
486 669 589 722 κᾶν
620 669 695 738 μὴ
723 668 862 738 λάϐῃ
886 668 947 721 τὸ
973 668 1130 737 σῶμα
1155 668 1333 729 τοῦτο,
1364 667 1615 738 ἁμαρτή-

28 777 211 821 σεται,
251 758 436 829 ὥσπερ
466 775 528 828 γε
562 758 655 811 καὶ
690 759 793 829 πρὸ
824 757 918 810 τοῦ
971 757 1153 810 λαϐεῖν
1186 758 1315 810 αὐτὸ
1342 759 1608 828 ἥμαρτεν.

27 851 129 903 Διὰ
159 852 213 904 τί
240 851 293 904 δὲ
321 851 456 914 ὅλως
482 849 577 903 καὶ
616 850 678 902 τὸ
713 851 872 921 σῶμα
895 849 1197 920 ἐλάμϐανεν
1221 848 1445 920 ὕστερον
1477 846 1615 917 μετὰ

28 943 85 995 τὸ
113 944 531 1014 ἡμαρτηκέναι;
566 943 638 994 Ἢ
666 942 749 1005 τίς
775 941 911 1012 αὐτῇ
947 942 1103 1012 χρεία
1135 940 1381 1011 σώματος
1414 935 1519 1011 ἦνς
1564 940 1613 992 εί

28 1035 135 1103 μὲν
168 1032 262 1088 οὖν
292 1034 373 1086 ἵνα
408 1033 762 1103 βασανίξηται
802 1034 895 1086 καὶ
928 1033 1087 1104 ἀλγῇ,
1134 1033 1251 1096 πῶς
1302 1033 1500 1102 μᾶλλον
1530 1034 1614 1085 ὲν-

28 1127 222 1195 τρυφᾷ
249 1124 343 1178 καὶ
378 1123 754 1178 ἀκολασταίνει
781 1122 919 1194 μετὰ
945 1122 1195 1194 σώματος
1223 1141 1236 1188 ;
1273 1123 1396 1186 Πῶς
1439 1124 1494 1175 δὲ
1521 1122 1615 1176 καῖ⁸

33 1218 87 1270 τὸ
112 1217 460 1282 αὐτεξούσιον
498 1213 635 1269 εἷναι
682 1218 738 1268 ὲν
778 1216 952 1285 τούτῳ
981 1216 1226 1285 φαίνεται
1262 1215 1402 1284 ἔχειν
1423 1214 1499 1285 τῷ
1525 1213 1615 1268 κό-

32 1326 199 1380 σμῳ;
239 1310 353 1376 Ἐφ’
388 1309 517 1378 ἡμῖν
550 1307 659 1377 γὰρ
700 1306 759 1372 τὸ
806 1306 1094 1359 πιστεῦσαι
1140 1308 1347 1369 κεῖται,
1403 1306 1497 1358 καὶ
1552 1306 1617 1357 τὸ

34 1402 109 1472 μὴ
154 1401 461 1455 πιστεῦσαι.
489 1401 655 1453 Ἔνθα
693 1401 748 1453 δὲ
795 1400 879 1470 ἐφ’
916 1402 1048 1471 ἡμῖν
1083 1400 1143 1452 τὸ
1176 1400 1460 1453 πιστεῦσαι
1505 1400 1617 1452 κεῖ-

28 1505 119 1538 ται
171 1489 267 1540 καὶ
300 1487 362 1540 τὸ
404 1487 481 1558 μὴ
528 1487 833 1553 πιστεῦσαι,
875 1488 958 1556 ἐφ’
992 1489 1125 1558 ἡμῖν
1173 1489 1234 1542 τὸ
1267 1486 1615 1557 κατορθώσα-

29 1576 158 1626 σάι
219 1574 311 1628 καὶ
368 1575 814 1646 άμαρτήσασθαι,
861 1576 945 1646 ἐφ’
990 1579 1123 1648 ἡμῖν
1170 1577 1230 1630 τὸ
1269 1577 1617 1646 ἀγαθοποιεῖν

29 1666 126 1717 καὶ
191 1666 253 1719 τὸ
304 1668 638 1721 κακοποιεῖν.
722 1667 878 1721 Ἀλλὰ
933 1666 1028 1723 καὶ
1062 1672 1109 1739 ’ἡ
1159 1670 1338 1740 κρίσις
1386 1670 1503 1733 πῶς
1550 1669 1617 1741 δὴ

1721 496 1825 550 pus
1851 492 2078 548 peccare
2102 477 2389 547 potuisset.
2415 473 2512 528 Sin
2537 473 2801 543 peccavit,
2828 471 3023 528 falsum
3047 479 3130 525 est
3153 472 3303 527 nullo

1724 588 1844 628 eam
1896 578 2122 641 peccato
2174 583 2273 639 per
2299 582 2420 622 sese
2468 565 2713 636 potuisse
2749 563 2951 633 corripi
2980 579 2995 615 :
3023 564 3154 633 quin
3192 563 3303 618 imo

1720 663 1882 718 facile
1913 662 1982 716 ab
2033 676 2098 716 eo
2146 658 2327 715 invadi
2361 657 2773 729 expugnarique
2809 655 3008 725 potuit:
3055 652 3211 710 Unde
3249 663 3303 710 ct

1720 755 1846 811 licet
1905 754 2084 809 denuo
2137 766 2341 822 corpus
2391 749 2525 805 illud
2579 763 2689 803 non
2741 747 3013 819 accipiat,
3060 746 3301 816 peccabit

1713 849 2089 913 nihilominus,
2137 847 2597 918 quemadmodum
2658 855 2952 915 antequam
3015 860 3139 898 cum
3209 844 3303 897 illo

1714 937 2161 1008 conjungeretur,
2220 935 2544 1007 jamdudum
2598 934 2823 991 fecerat.
2870 935 3142 1003 Quorsum
3175 948 3304 987 vero

1714 1043 1917 1099 corpus
1963 1029 2186 1083 omnino
2240 1036 2364 1098 post
2408 1026 2709 1083 admissum
2742 1027 3000 1082 delictum
3031 1026 3298 1096 capiebat,

1715 1128 1809 1174 aut
1833 1120 1963 1191 quid
1992 1120 2085 1175 illo
2101 1134 2238 1190 opus
2261 1120 2534 1176 habebat?
2559 1118 2617 1175 Si
2649 1126 2708 1174 ut
2736 1119 3005 1191 supplicio
3027 1134 3090 1174 ac
3113 1120 3303 1174 dolore

1715 1211 2044 1279 adiceretur,
2097 1227 2199 1266 cur
2247 1227 2370 1265 cum
2404 1226 2636 1282 corpore
2692 1212 2880 1266 luxum
2936 1211 3118 1281 potius
3168 1209 3303 1264 deli-

1715 1303 1944 1372 ciasque
1969 1303 2242 1359 sectatur?
2271 1303 2499 1357 Arbitrii
2540 1318 2670 1359 vero
2703 1304 2787 1359 sui
2822 1303 3125 1357 libertatem
3161 1318 3300 1373 quo-

1721 1395 1884 1449 modo
1904 1394 2140 1449 retinere
2164 1394 2218 1448 in
2251 1394 2354 1449 hoc
2389 1396 2592 1451 mundo
2618 1395 2867 1451 videtur?
2893 1395 3128 1451 Credere
3153 1398 3300 1451 enim

1717 1493 1813 1539 aut
1845 1500 1953 1539 non
1985 1487 2209 1542 credere
2275 1487 2331 1541 in
2378 1494 2564 1543 nostra
2604 1496 2688 1543 est
2728 1488 3004 1543 voluntate
3039 1488 3299 1559 positum.

1718 1576 1820 1633 Ubi
1855 1586 2035 1633 autem
2067 1585 2361 1650 utrumque
2391 1580 2532 1651 juris
2553 1594 2618 1634 ac
2644 1580 2938 1659 voluntatis
2967 1588 3051 1635 est
3076 1592 3299 1645 nostrae,

1717 1683 2060 1737 consequens
2096 1679 2181 1726 est
2211 1678 2269 1725 ut
2306 1680 2361 1726 et
2389 1678 2537 1728 recte
2566 1686 2747 1743 agere,
2776 1671 2861 1727 vel
2888 1686 3133 1742 peccare,
3166 1673 3295 1728 boni

28 1757 412 1829 ἐπιφέρεσθαι,
458 1759 534 1821 ὡς
580 1760 870 1830 μέλλουσα,
905 1762 1306 1833 προσδοκᾶσθαι
1344 1744 1424 1814 ἐτι
1458 1762 1616 1814 δύνα-

1795 1758 1922 1828 quid
1944 1760 2143 1825 facere,
2168 1761 2251 1816 vel
2274 1763 2422 1827 mali,
2447 1762 2520 1818 sit
2544 1762 2837 1833 integrum.
2863 1762 3109 1829 Quonam
3142 1773 3301 1835 pacto

30 1864 149 1899 ται⁸
191 1847 312 1901 καθ’
350 1847 416 1917 ἦν
446 1850 474 1902 ὁ
506 1847 636 1913 Θεὸς
666 1850 879 1921 ἑκάστῳ
919 1850 1061 1903 κατὰ
1085 1850 1153 1903 τὰ
1180 1850 1316 1921 ἔργα
1349 1850 1443 1903 καὶ
1471 1849 1614 1902 κατὰ

29 1939 98 1991 τά
132 1940 538 2011 ἐπιτηδεύματα
594 1940 912 1995 ἀποδίδωσν
952 1943 1046 1996 καὶ
1094 1942 1191 2013 οὐχ
1223 1942 1298 2007 ὡς
1335 1942 1435 2013 ἤδη
1468 1940 1611 2012 πάρ-

30 2027 171 2081 οὖσα
205 2029 610 2100 νομισθήσεται,
649 2032 763 2099 εῐγε
804 2031 863 2086 τὸ
890 2032 1213 2103 γεννηθῆναι
1258 2032 1357 2103 μὲν
1401 2034 1494 2086 καὶ
1533 2034 1613 2096 είς

32 2121 198 2191 σῶμα
229 2121 399 2175 ἐλθεῖν
433 2121 528 2193 τὴν
558 2122 735 2195 ψυχὴν
769 2124 1024 2196 κριθῆναι
1056 2127 1201 2177 ἐστιν
1230 2126 1327 2196 ἤδη
1359 2126 1452 2179 καὶ
1483 2125 1612 2178 άντ-

30 2212 364 2266 απολαϐεῖνο
400 2213 461 2266 τὸ
507 2214 563 2267 δὲ
624 2215 945 2283 ἀποθανεῖν,
990 2217 1085 2269 καὶ
1145 2217 1478 2288 χωρισθῆναι
1520 2215 1615 2269 τοῦ

33 2305 310 2373 σώματος,
357 2305 783 2377 ὲλευθερωθῆναί
830 2323 891 2360 τε
941 2309 1035 2362 καὶ
1082 2310 1161 2370 είς
1210 2306 1471 2376 ἁνάψυξιν
1532 2306 1619 2360 ἐλ-

33 2397 169 2459 θεῖν,
199 2397 287 2451 διὰ
328 2398 388 2451 τὸ
430 2398 536 2469 πρὸ
587 2397 838 2470 σώματος
882 2399 1050 2471 αὐτὴν
1094 2400 1511 2471 άμαρτήσασαν,
1543 2402 1620 2462 ὡς

33 2492 113 2553 εἰς
156 2490 476 2564 κατάκρισιν
514 2491 606 2545 καὶ
646 2491 938 2563 καταδίκην
969 2493 1050 2555 είς
1092 2492 1154 2545 τὸ
1196 2491 1353 2561 σῶμα
1390 2490 1616 2561 ἐμϐιϐά-

35 2583 231 2646 ζεσοαι
256 2584 374 2637 καθ’
408 2584 586 2655 ὑμᾶς
626 2583 896 2650 Ἀπέδειξε
929 2583 985 2637 δὲ
1017 2585 1253 2655 διαρκῶς
1298 2586 1359 2637 ὲκ
1404 2601 1619 2655 περιου-

40 2677 163 2736 σίας
201 2677 231 2727 ὁ
272 2676 448 2744 λόγος,
493 2677 803 2730 άνένδεκτον
834 2673 972 2730 εἶναι
1010 2675 1325 2747 νομίζεσθαι
1358 2676 1419 2730 τὸ
1456 2675 1617 2749 σῶμα

40 2767 463 2839 βασανιπήρνιον
492 2769 588 2822 καὶ
621 2767 787 2832 πέδας
812 2767 912 2839 τῆς
937 2767 1136 2840 ψυχῆς.

108 3037 195 3091 N’.
229 3037 421 3109 Ἤρκει
463 3035 561 3107 μὲν
592 3030 706 3103 οὖν,
740 3036 847 3090 ἀπὸ
878 3034 976 3108 τῆς
1018 3035 1240 3108 Γραφῆς
1281 3037 1450 3108 αὐτῆς
1480 3038 1616 3091 ἀπο-

36 3130 291 3195 δείξαντα
323 3131 429 3203 πρὸ
451 3130 550 3202 τῆς
577 3130 938 3202 παραϐάσεως
974 3131 1065 3185 τὸν
1101 3132 1519 3203 πρωτόπλαστον
1552 3133 1618 3185 ὲκ

37 3223 223 3293 ψυχῆς
256 3224 346 3276 καὶ
388 3222 636 3293 σώματος
678 3222 828 3286 ὄντα,
860 3222 1189 3276 καταπαύειν
1222 3224 1314 3276 τὸν
1344 3223 1471 3295 περὶ
1499 3222 1619 3276 τού-

38 3333 148 3368 των
198 3314 432 3369 ἐνταῦθα
476 3315 652 3385 λόγον.
692 3314 862 3386 Κάγὼ
897 3316 993 3370 νῦν
1040 3316 1137 3387 μὲν
1170 3317 1262 3369 ἐπὶ
1310 3316 1619 3385 κεφαλαίων

40 3406 185 3459 αὐτὰ
218 3406 579 3478 διεξέρχομαι,
609 3400 733 3461 ὅσον
768 3407 869 3471 τὰς
908 3407 1161 3478 ἀφορμὰς
1191 3407 1300 3460 τῶν
1342 3408 1622 3479 ἐπιχειρη-

44 3494 234 3562 μάτων
276 3494 454 3558 αὐτῶν
500 3494 719 3549 εὐθῦναι
772 3494 1215 3566 διαμιλλώμενος,
1268 3496 1354 3549 ἵνα
1403 3498 1476 3568 μὴ
1520 3495 1621 3568 τὴν

42 3585 391 3657 συμμετρίαν
435 3585 670 3639 ὲκϐαίνω
709 3586 818 3639 τῶν
860 3585 1051 3653 λόγων.
1095 3588 1333 3659 Πάρεστι
1365 3587 1475 3660 γὰρ
1520 3589 1618 3660 ἤδη

44 3678 273 3730 σκοπεῖν
300 3677 461 3748 ὑμᾶς,
487 3671 533 3731 ὧ
558 3678 825 3743 δικασταὶ,
855 3678 938 3732 Mt
968 3679 1047 3745 τὸ,
1075 3680 1222 3749 Ἐγὼ
1251 3679 1320 3733 δὲ
1348 3680 1491 3742 ἔζων
1516 3699 1622 3749 χω-

38 3769 135 3833 ρὶς
164 3768 355 3837 νόμου
380 3769 544 3835 ποτὲ,
574 3769 863 3843 λεγόμενον
905 3773 967 3825 ὲν
1006 3775 1072 3843 τῇ
1117 3772 1253 3843 πρὸς
1297 3772 1620 3843 Ῥωμαίους,

43 3861 103 3911 ού
131 3861 356 3914 δύναται
387 3862 600 3915 πίπτειν
626 3864 705 3927 είς
728 3862 824 3935 τὴν
850 3864 954 3935 πρὸ
988 3864 1237 3934 σώματος
1279 3867 1400 3918 κατ’
1426 3866 1623 3928 αὐτοὺς

44 3953 323 4023 διαγωγὴν
353 3954 452 4024 τῆς
492 3954 686 4025 ψυχῆς,
713 3955 965 4026 καθάπερ
993 3957 1062 4008 τὰ
1100 3957 1467 4027 ἐπιφερόμενα
1497 3956 1623 4010 τού-

45 4066 157 4111 τοις
204 4047 425 4118 μηνύει·
470 4047 571 4102 κᾶν
614 4050 643 4101 ὀ
681 4051 923 4117 γενναῖος
963 4039 1115 4110 οὗτος
1164 4046 1344 4117 ἰατρὸς
1372 4045 1480 4117 τῶν
1524 4049 1622 4118 ρη-

45 4142 177 4207 τῶν,
211 4140 280 4194 τὰ
318 4140 441 4211 ἑξῆς
475 4139 823 4210 ἀφελόμενος,
856 4139 993 4210 πρὸς
1033 4139 1095 4192 τὸ
1134 4137 1323 4191 δοκοῦν
1355 4136 1504 4207 αύτῷ
1532 4136 1623 4189 τὸν

47 4234 173 4289 νοῦν
205 4233 459 4286 ἐϐιάσατο
490 4232 829 4303 μεταπλάσαι
862 4230 957 4284 τοῦ
990 4228 1332 4312 Ἀποστόλουὶ,
1366 4228 1618 4283 ἀνίατόνι

1718 1856 1975 1919 praeterea
1995 1850 2235 1905 futurum
2262 1851 2393 1906 illud
2418 1852 2688 1922 judicium
2721 1855 3025 1924 exspectari
3065 1856 3299 1925 amplius

1720 1947 1898 2013 potest
1924 1956 1937 1993 :
1968 1955 2079 2011 quo
2115 1941 2166 1996 in
2192 1943 2402 2011 judicio
2439 1943 2733 2014 unicuique
2770 1943 2913 2001 Deus
2944 1961 3043 2016 pro
3072 1962 3298 2016 operum

1718 2032 1932 2087 ratione
1980 2047 2045 2087 ac
2089 2032 2398 2088 studiorum
2442 2034 2818 2103 rependet;et
2846 2050 2954 2089 non
2982 2036 3161 2105 potius
3188 2036 3299 2106 jam

1722 2122 1915 2179 adesse
1940 2124 2278 2188 censebitur,
2308 2124 2359 2180 si
2390 2125 2535 2197 gigni
2571 2140 2633 2180 ac
2664 2126 2848 2181 subire
2882 2127 2933 2181 in
2962 2143 3163 2199 corpus
3183 2128 3303 2183 ani-

1721 2228 1867 2269 mam
1926 2214 2068 2271 idem
2125 2214 2287 2286 576
2320 2224 2403 2271 est
2466 2232 2529 2272 ac
2568 2216 2827 2288 iudicari,
2878 2226 2933 2273 et
2979 2221 3300 2275 meritorum

1723 2306 1942 2376 prtemia
1994 2308 2308 2378 percipere;
2356 2308 2529 2361 emori
2570 2318 2783 2372 contra,
2816 2319 2978 2380 atque
3003 2325 3031 2364 a
3069 2327 3300 2382 corpore

1724 2396 1960 2477 sejungi,
2017 2398 2155 2454 nihil
2207 2405 2293 2454 est
2336 2398 2504 2465 aliud,
2546 2413 2710 2470 quam
2740 2400 2960 2456 liberari
2992 2417 3056 2457 ac
3084 2402 3301 2459 refocil-

1725 2489 1848 2554 lari,
1881 2500 2168 2561 propterea
2193 2492 2361 2562 quod.
2388 2503 2612 2563 peccato
2642 2501 2768 2548 ante
2806 2508 3007 2563 corpus
3037 2496 3298 2563 admisso,

1721 2582 1777 2637 in
1808 2584 1948 2638 idem
1990 2583 2119 2637 illud
2155 2585 2354 2649 anima,
2392 2586 2541 2640 velut
2569 2585 2638 2640 ad
2660 2585 2987 2657 supplicium
3019 2585 3298 2652 damnata,

1718 2673 2082 2743 compellitur,
2131 2690 2250 2743 qua:
2297 2682 2476 2730 vestra
2535 2684 2621 2731 est
2665 2676 2965 2732 sententia?
3016 2674 3135 2731 Jam
3166 2676 3297 2733 illud

1722 2767 1858 2819 satis
1888 2779 2179 2835 superque,
2212 2766 2357 2820 velut
2375 2783 2441 2821 ex
2474 2767 2793 2834 abundanti,
2824 2769 3071 2827 oratione
3110 2780 3299 2827 nostra

1722 2854 2149 2909 demonstratum
2177 2862 2280 2921 est,
2317 2855 2428 2911 ﬁeri
2465 2873 2572 2912 non
2590 2873 2771 2928 posse,
2790 2868 2849 2914 ut
2870 2876 3073 2933 corpus
3101 2864 3323 2918 animat

1645 2986 1688 3045 C
1724 2945 1886 3001 veluti
1913 2944 2226 3000 carniﬁcina
2259 2963 2322 3001 ac
2353 2948 2626 3004 vinculum
2657 2950 2941 3008 habeatur.

1790 3037 1851 3091 L.
1884 3039 2058 3109 Atque
2079 3038 2212 3094 illud
2255 3039 2474 3109 quidem
2500 3040 2749 3097 suﬂicere
2787 3043 3022 3109 videtur,
3050 3045 3196 3115 quod
3230 3062 3296 3102 ex

1720 3130 1893 3185 sacris
1920 3127 2146 3186 Litteris
2164 3132 2504 3189 ostendimus
2534 3151 2547 3187 :
2570 3134 2802 3203 primum
2821 3143 3069 3192 nostrum
3101 3153 3298 3207 parenc

1720 3229 1850 3285 tem,
1902 3222 2064 3275 etiam
2104 3230 2231 3277 ante
2283 3221 2565 3287 delictum,
2610 3238 2675 3278 ex
2721 3239 2952 3295 corpore
3009 3228 3300 3300 animaque

1721 3310 1889 3365 fuisse
1916 3309 2232 3377 conﬂatum,
2272 3319 2436 3381 atque
2464 3320 2537 3365 ita
2562 3312 2873 3384 disputandi
2913 3316 3071 3372 tinem
3099 3319 3296 3379 facere.

1720 3400 1833 3471 Ego
1855 3416 1985 3457 vero
2017 3417 2232 3457 summa
2270 3419 2417 3458 nunc
2447 3404 2665 3459 illorum
2697 3406 2874 3476 capita
2913 3411 3295 3481 perstringam,

1719 3492 1988 3547 duntaxat
2043 3502 2105 3549 ut
2136 3504 2607 3565 argumentorum,
2649 3498 2847 3568 quibus
2877 3507 3125 3567 utuntur,
3163 3519 3302 3573 prm-

1720 3586 1860 3641 sidia
1883 3600 1947 3640 ac
1968 3586 2306 3641 llrmamenta
2336 3588 2638 3642 convellam
2660 3632 2673 3655 ,
2703 3605 2770 3645 ne
2792 3591 3010 3645 modum
3034 3596 3302 3651 orationis

1720 3679 2005 3735 excedam.
2044 3668 2161 3735 Hoc
2204 3681 2315 3750 jam
2369 3682 2510 3735 enim
2552 3682 2752 3737 intueri
2793 3686 3298 3756 potestis.judices,

1720 3769 1835 3824 haec
1862 3770 2108 3841 Apostoli
2142 3770 2340 3825 verba:
2366 3769 2469 3840 Ego
2490 3771 2718 3826 vivebam
2741 3773 2852 3827 sine
2869 3774 2977 3846 lege
2992 3776 3298 3846 aliquando,

1719 3876 1787 3915 ex
1816 3860 2060 3931 Epistola
2096 3860 2161 3935 ad
2215 3860 2512 3927 Romanos,
2549 3878 2893 3933 nequaquam
2921 3867 2989 3920 ad
3022 3883 3142 3922 eam
3180 3871 3301 3925 vitae

1720 3954 1984 4008 rationem
2015 3968 2177 4023 posse
2209 3954 2521 4018 convenire,
2548 3970 2708 4023 quam
2740 3964 2867 4011 ante
2888 3972 3089 4028 corpus
3118 3962 3297 4019 anima

1721 4053 2012 4101 consecuta
2060 4045 2258 4110 fuerit,
2314 4052 2374 4100 ut
2421 4062 2485 4101 ex
2531 4049 2994 4114 consequentibus
3055 4062 3296 4122 apparet.

1724 4137 1962 4192 Tametsi
1992 4138 2241 4209 egregius
2283 4138 2371 4191 ille
2399 4138 2643 4195 medicus
2673 4156 2952 4196 sacrorum
2984 4145 3300 4214 verborum,

1723 4230 1982 4285 detractis
2028 4230 2275 4299 reliquis,
2309 4229 2553 4301 Apostoli
2589 4240 2822 4288 mentem
2872 4233 2939 4288 ad
2988 4236 3299 4306 opinionem

48 4344 99 4379 τι
125 4323 316 4378 παθὼν
352 4325 471 4378 λίαν
498 4324 591 4377 καὶ
624 4322 891 4377 παιδικόν.
939 4319 1081 4375 Ἀντὶ
1110 4321 1217 4392 γὰρ
1243 4320 1337 4372 τοῦ
1362 4319 1497 4389 πρὸς
1523 4318 1616 4383 τὰς

1792 4337 1877 4376 am
1908 4323 2172 4378 violenter
2194 4322 2491 4379 transferre
2530 4325 2841 4391 contendat.
2874 4326 2931 4380 In
2962 4344 3071 4397 quo
3103 4343 3294 4399 parum

49 4419 261 4481 οἰκείας
292 4418 590 4487 συμφύσεις
633 4416 724 4469 καὶ⁵
768 4413 1015 4486 ἁρμογὰς
1046 4414 1114 4467 τά
1145 4412 1283 4484 μέλη
1308 4414 1491 4483 τηρεῖν
1518 4411 1625 4466 τῶν

52 4509 344 4580 σωμάτων,
381 4509 469 4563 ἵνα
511 4507 573 4560 τὸ
606 4509 712 4561 πᾶν
754 4505 943 4578 ἄρτιον
979 4506 1123 4558 κατὰ
1167 4506 1326 4575 φύσιν
1440 4505 1625 4575 σχῆμα

49 4603 144 4657 τοῦ
204 4602 472 4672 σώματος,
526 4600 907 4671 ἡκρωτηρίασε
962 4597 1243 4670 παρελθὼν
1294 4597 1385 4651 τὸν
1437 4598 1625 4669 εἱρμὸν

49 4694 147 4765 τῆς
186 4692 436 4764 Γραφῆς·
468 4690 716 4762 καθάπερ
743 4690 953 4762 Σκύθης
975 4688 1170 4761 ἐχθροῦ
1210 4706 1354 4753 τινος
1394 4689 1625 4758 ἀφειδῶς

53 4788 190 4855 πρὸς
220 4785 496 4857 ἀναίρεσιν
534 4783 887 4854 κατατέμνων
925 4783 995 4837 τὰ
1028 4782 1165 4853 μέλη
1208 4775 1336 4835 εἷεν.
1378 4780 1502 4845 Πῶς
1533 4776 1627 4835 οὖν

52 4880 80 4929 ὁ
117 4874 459 4939 Ἀπόστολος,
508 4873 740 4941 λέξουσι,
772 4872 942 4926 ταῦτα
986 4872 1320 4941 ἀπεφήνατο,
1360 4871 1409 4923 εί
1455 4870 1517 4922 σὺ
1553 4869 1628 4941 μὴ

53 4967 225 5032 οὕτως
250 4967 390 5021 αὐτὰ
422 4964 701 5031 ἀπέδειξας
730 4964 906 5035 ἔχειν;
938 4963 1058 5015 Ὅτι
1092 4962 1274 5033 νόμον,
1313 4961 1515 5031 εἴποιμ’
1539 4960 1626 5026 ἂν,

55 5057 279 5129 θέμενος
320 5051 460 5110 εἷναι
503 5056 603 5128 τὴν
657 5054 891 5126 ἐντολήν.
941 5052 1182 5107 Δεδόσθω
1231 5052 1338 5125 γὰρ
1413 5053 1629 5125 πρῶτον

54 5150 197 5203 κατὰ
223 5149 325 5221 τὴν
364 5147 634 5219 ὑμετέραν
674 5146 927 5201 ὑπόθεσιν
961 5144 1060 5216 τὴν
1103 5143 1321 5214 ἐντολὴν
1359 5144 1519 5197 αὑτὸν
1545 5144 1631 5196 v6-

58 5257 153 5309 μον
189 5239 469 5311 εἰρηκέναι
511 5256 523 5268 ·
557 5239 618 5290 ού
657 5236 804 5307 παρὰ
839 5235 996 5313 τοξτο
1044 5235 1136 5288 καὶ
1178 5235 1481 5305 ἀσωμάτως
1523 5234 1631 5305 πρὸ

52 5333 149 5401 τῆς
185 5331 405 5400 ἐντολῆς
442 5330 567 5391 τοὺς
610 5325 1063 5397 πρωτοπλάστους
1102 5324 1329 5377 ὑπέθετο
1372 5324 1630 5393 βεϐιωκέ-

54 5442 161 5489 ναι,
205 5424 342 5477 ἀλλὰ
388 5422 555 5493 χωρὶς
594 5419 886 5491 ἁμαρτίας.
932 5419 1041 5472 Καὶ
1092 5417 1199 5488 γὰρ
1245 5416 1420 5484 ὀλίγος
1460 5418 1489 5469 ό
1520 5416 1629 5470 ἀπὸ

57 5516 152 5587 τῆς
195 5496 435 5576 κτίσεως
466 5513 644 5566 αὐτῶν
689 5512 816 5583 ἄχρι
858 5511 957 5582 τῆς
991 5509 1208 5580 ἐντολῆς
1254 5508 1461 5580 χρόνος,
1489 5498 1627 5575 ὲν.ᾧ

124 5674 142 5706 ι
165 5672 228 5731 F.
252 5672 528 5745 ἀνίατρον.

1721 4415 1951 4476 medice,
2001 4415 2109 4469 imo
2131 4429 2260 4469 vero
2284 4415 2564 4484 pueriliter
2604 4431 2724 4471 sese
2754 4420 2939 4487 gessit.
2974 4419 3109 4474 Cum
3148 4422 3294 4476 enim

1722 4506 1803 4561 sic
1842 4514 2097 4573 tanquam
2130 4519 2418 4575 corporum
2458 4507 2699 4561 membra
2734 4510 2798 4563 ad
2834 4512 3106 4579 propriam
3146 4525 3298 4565 com-

1721 4601 2017 4653 missuram
2081 4612 2143 4652 ac
2185 4597 2498 4668 juncturam
2554 4601 2968 4658 accommodare
3019 4602 3296 4671 debuerit,

1723 4699 1781 4747 ut
1802 4691 2011 4760 integra
2035 4704 2099 4745 ac
2129 4690 2310 4744 nativa
2332 4693 2578 4761 corporis
2607 4691 2775 4763 ﬁgura
2801 4704 3071 4761 servetur,
3106 4712 3136 4752 e
3165 4714 3301 4753 con-

1720 4783 1893 4837 trario
1931 4781 2227 4853 Scriptum
2278 4783 2521 4853 neglecta
2580 4786 2755 4851 serie,
2803 4788 3053 4843 mutilum
3098 4806 3300 4862 corpus

1725 4873 1923 4933 eﬂ'ecit.
1960 4871 2185 4942 perinde
2212 4887 2275 4927 ac
2306 4872 2507 4945 Scytha
2546 4873 2744 4933 hostile
2769 4891 2969 4947 corpus
3004 4880 3301 4937 crudeliter

1723 4963 2017 5020 conﬁciens
2102 4964 2551 5036 membratimque
2618 4968 2937 5026 concidens.
3011 4970 3117 5027 Sed
3185 4974 3301 5029 ha‘e

1726 5054 1896 5110 missa
1938 5053 2222 5110 faciamus.
2255 5055 2322 5110 At
2345 5056 2491 5111 enim
2526 5057 2706 5112 dicent
2733 5075 2746 5112 :
2782 5057 3025 5115 Curluec
3055 5062 3122 5117 ab
3155 5062 3300 5133 Apo.

1725 5145 1866 5199 stolo
1893 5144 2242 5214 pronuntiata
2271 5153 2422 5209 sunt,
2452 5146 2497 5201 si
2526 5152 2583 5200 tu
2615 5147 2681 5200 ad
2703 5163 2824 5203 eum
2845 5150 3062 5204 modum
3099 5151 3301 5208 habere

1726 5251 1785 5291 se
1814 5236 1917 5291 ista
1957 5236 2283 5305 negaveris?
2332 5235 2656 5308 Respondeo
2695 5255 2792 5309 pro
2824 5250 3096 5310 praecepto
3129 5243 3298 5312 legem

1726 5326 1876 5379 illum
1916 5340 2233 5397 usurpasse.
2278 5326 2442 5383 Detur
2467 5329 2610 5383 enim
2649 5329 2749 5385 hoc
2791 5330 3031 5401 opinioni
3064 5331 3297 5401 primum

1723 5427 1939 5483 vestrm,
1984 5427 2312 5490 praeceptum
2362 5420 2432 5476 ab
2472 5421 2733 5497 Apostolo
2794 5424 2963 5493 legem
3012 5423 3296 5491 appellari.

1722 5510 1840 5566 Non
1874 5511 2080 5567 idcirco
2135 5520 2314 5567 tamen
2359 5517 2605 5585 corporis
2632 5522 2882 5585 expertes
2928 5523 3051 5569 ante
3094 5528 3301 5584 precer
