  <div class='ocr_page' id='page_1' title='image "/cluster/home/n/w/nwhite01/storage/ocr_20150623/41/hvd.32044011753001/609.png"; bbox 0 0 3822 6300; ppageno 0'>
   <div class='ocr_carea' id='block_1_1' title="bbox 466 275 609 333">
    <p class='ocr_par' dir='ltr' id='par_1_1' title="bbox 466 275 609 333">
     <span class='ocr_line' id='line_1_1' title="bbox 466 275 609 333; baseline -0.014 0"><span class='ocrx_word' id='word_1_1' title='bbox 466 275 609 333; x_wconf 77' lang='lat' dir='ltr'><strong>H55</strong></span> 
     </span>
    </p>
   </div>
   <div class='ocr_carea' id='block_1_2' title="bbox 1909 268 2348 325">
    <p class='ocr_par' dir='ltr' id='par_1_2' title="bbox 1909 268 2348 325">
     <span class='ocr_line' id='line_1_2' title="bbox 1909 268 2348 325; baseline -0.002 0"><span class='ocrx_word' id='word_1_2' title='bbox 1909 268 1968 325; x_wconf 88' lang='lat' dir='ltr'><strong>S.</strong></span> <span class='ocrx_word' id='word_1_3' title='bbox 2009 268 2348 325; x_wconf 80' lang='lat' dir='ltr'><strong>EPIPHANII</strong></span> 
     </span>
    </p>
   </div>
   <div class='ocr_carea' id='block_1_3' title="bbox 3589 275 3721 331">
    <p class='ocr_par' dir='ltr' id='par_1_3' title="bbox 3589 275 3721 331">
     <span class='ocr_line' id='line_1_3' title="bbox 3589 275 3721 331; baseline 0.023 -3"><span class='ocrx_word' id='word_1_4' title='bbox 3589 275 3721 331; x_wconf 73' lang='lat'><strong>“56</strong></span> 
     </span>
    </p>
   </div>
   <div class='ocr_carea' id='block_1_4' title="bbox 466 385 2060 461">
    <p class='ocr_par' dir='ltr' id='par_1_4' title="bbox 466 385 2054 461">
     <span class='ocr_line' id='line_1_4' title="bbox 466 385 2054 461; baseline -0.001 -16"><span class='ocrx_word' id='word_1_5' title='bbox 466 398 617 461; x_wconf 87' lang='lat' dir='ltr'><strong>ptum</strong></span> <span class='ocrx_word' id='word_1_6' title='bbox 644 386 851 459; x_wconf 87' lang='lat' dir='ltr'><strong>primos</strong></span> <span class='ocrx_word' id='word_1_7' title='bbox 885 393 1141 458; x_wconf 83' lang='lat' dir='ltr'><strong>parentes</strong></span> <span class='ocrx_word' id='word_1_8' title='bbox 1173 385 1344 442; x_wconf 80' lang='lat' dir='ltr'><strong>fuisse</strong></span> <span class='ocrx_word' id='word_1_9' title='bbox 1375 387 1607 449; x_wconf 90' lang='lat' dir='ltr'><strong>statuit,</strong></span> <span class='ocrx_word' id='word_1_10' title='bbox 1657 385 1752 441; x_wconf 89' lang='lat' dir='ltr'><strong>sed</strong></span> <span class='ocrx_word' id='word_1_11' title='bbox 1783 386 2054 444; x_wconf 88' lang='lat' dir='ltr'><strong>immunes</strong></span> 
     </span>
    </p>
   </div>
   <div class='ocr_carea' id='block_1_5' title="bbox 2167 385 3724 461">
    <p class='ocr_par' dir='ltr' id='par_1_5' title="bbox 2167 385 3724 459">
     <span class='ocr_line' id='line_1_5' title="bbox 2167 385 3724 459; baseline 0.004 -19"><span class='ocrx_word' id='word_1_12' title='bbox 2167 387 2368 459; x_wconf 72' lang='grc' dir='ltr'>Ξιέζησε</span> <span class='ocrx_word' id='word_1_13' title='bbox 2404 385 2570 458; x_wconf 78' lang='grc' dir='ltr'>χωρὶς</span> <span class='ocrx_word' id='word_1_14' title='bbox 2604 387 2901 458; x_wconf 78' lang='grc' dir='ltr'>ἁμαρτίας,</span> <span class='ocrx_word' id='word_1_15' title='bbox 2951 388 3052 443; x_wconf 85' lang='grc' dir='ltr'><strong>οὑκ</strong></span> <span class='ocrx_word' id='word_1_16' title='bbox 3081 388 3258 454; x_wconf 77' lang='grc' dir='ltr'>ἐκτὸς.</span> <span class='ocrx_word' id='word_1_17' title='bbox 3337 428 3352 444; x_wconf 93' lang='grc'><strong>.</strong></span> <span class='ocrx_word' id='word_1_18' title='bbox 3432 430 3447 445; x_wconf 92' lang='grc'><strong>.</strong></span> <span class='ocrx_word' id='word_1_19' title='bbox 3522 433 3541 450; x_wconf 92' lang='grc'><strong>.</strong></span> <span class='ocrx_word' id='word_1_20' title='bbox 3623 432 3636 444; x_wconf 94' lang='grc'><em>.</em></span> <span class='ocrx_word' id='word_1_21' title='bbox 3710 434 3724 446; x_wconf 91' lang='grc'><strong>.</strong></span> 
     </span>
    </p>
   </div>
   <div class='ocr_carea' id='block_1_6' title="bbox 462 477 2043 550">
    <p class='ocr_par' dir='ltr' id='par_1_6' title="bbox 462 477 2043 550">
     <span class='ocr_line' id='line_1_6' title="bbox 462 477 2043 550; baseline -0.003 -15"><span class='ocrx_word' id='word_1_22' title='bbox 462 495 498 535; x_wconf 81' lang='grc' dir='ltr'><strong>ιι</strong></span> <span class='ocrx_word' id='word_1_23' title='bbox 522 487 764 550; x_wconf 88' lang='lat' dir='ltr'><strong>peccato.</strong></span> <span class='ocrx_word' id='word_1_24' title='bbox 797 478 964 534; x_wconf 83' lang='lat' dir='ltr'><strong>Breve</strong></span> <span class='ocrx_word' id='word_1_25' title='bbox 983 478 1126 534; x_wconf 90' lang='lat' dir='ltr'><strong>enim</strong></span> <span class='ocrx_word' id='word_1_26' title='bbox 1164 478 1296 533; x_wconf 90' lang='lat' dir='ltr'><strong>illud</strong></span> <span class='ocrx_word' id='word_1_27' title='bbox 1321 486 1537 548; x_wconf 84' lang='lat' dir='ltr'><strong>tempus</strong></span> <span class='ocrx_word' id='word_1_28' title='bbox 1571 477 1692 543; x_wconf 83' lang='lat' dir='ltr'><strong>fuit,</strong></span> <span class='ocrx_word' id='word_1_29' title='bbox 1727 478 1872 547; x_wconf 90' lang='lat' dir='ltr'><strong>quod</strong></span> <span class='ocrx_word' id='word_1_30' title='bbox 1898 479 2043 532; x_wconf 88' lang='lat' dir='ltr'><strong>inter</strong></span> 
     </span>
    </p>
   </div>
   <div class='ocr_carea' id='block_1_7' title="bbox 465 569 2048 640">
    <p class='ocr_par' dir='ltr' id='par_1_7' title="bbox 465 569 2048 640">
     <span class='ocr_line' id='line_1_7' title="bbox 465 569 2048 640; baseline -0.002 -13"><span class='ocrx_word' id='word_1_31' title='bbox 465 572 684 627; x_wconf 84' lang='lat' dir='ltr'><strong>illorum</strong></span> <span class='ocrx_word' id='word_1_32' title='bbox 748 572 1080 639; x_wconf 80' lang='lat' dir='ltr'><strong>creationem</strong></span> <span class='ocrx_word' id='word_1_33' title='bbox 1155 579 1319 640; x_wconf 88' lang='lat' dir='ltr'><strong>atque</strong></span> <span class='ocrx_word' id='word_1_34' title='bbox 1361 571 1489 626; x_wconf 83' lang='lat' dir='ltr'><strong>editi</strong></span> <span class='ocrx_word' id='word_1_35' title='bbox 1538 569 1795 640; x_wconf 53' lang='lat' dir='ltr'><strong>praecepti</strong></span> <span class='ocrx_word' id='word_1_36' title='bbox 1834 578 2048 639; x_wconf 80' lang='lat' dir='ltr'><strong>tempus</strong></span> 
     </span>
    </p>
   </div>
   <div class='ocr_carea' id='block_1_8' title="bbox 463 661 2172 731">
    <p class='ocr_par' dir='ltr' id='par_1_8' title="bbox 463 661 2172 731">
     <span class='ocr_line' id='line_1_8' title="bbox 463 661 2172 731; baseline -0.001 -15"><span class='ocrx_word' id='word_1_37' title='bbox 463 661 779 717; x_wconf 80' lang='lat' dir='ltr'><strong>intercessit</strong></span> <span class='ocrx_word' id='word_1_38' title='bbox 809 681 823 716; x_wconf 87' lang='lat'><strong>:</strong></span> <span class='ocrx_word' id='word_1_39' title='bbox 859 663 912 716; x_wconf 89' lang='lat' dir='ltr'><strong>in</strong></span> <span class='ocrx_word' id='word_1_40' title='bbox 935 676 1042 731; x_wconf 87' lang='lat' dir='ltr'><strong>quo</strong></span> <span class='ocrx_word' id='word_1_41' title='bbox 1062 663 1180 716; x_wconf 85' lang='lat' dir='ltr'><strong>sine</strong></span> <span class='ocrx_word' id='word_1_42' title='bbox 1209 671 1430 731; x_wconf 88' lang='lat' dir='ltr'><strong>peccato</strong></span> <span class='ocrx_word' id='word_1_43' title='bbox 1469 662 1622 726; x_wconf 83' lang='lat' dir='ltr'><strong>vixit,</strong></span> <span class='ocrx_word' id='word_1_44' title='bbox 1655 679 1766 718; x_wconf 93' lang='lat' dir='ltr'><strong>non</strong></span> <span class='ocrx_word' id='word_1_45' title='bbox 1804 671 1981 719; x_wconf 91' lang='lat' dir='ltr'><strong>extra.</strong></span> <span class='ocrx_word' id='word_1_46' title='bbox 2057 698 2074 712; x_wconf 93' lang='lat'><strong>.</strong></span> <span class='ocrx_word' id='word_1_47' title='bbox 2153 696 2172 714; x_wconf 92' lang='lat'><strong>.</strong></span> 
     </span>
    </p>
   </div>
   <div class='ocr_carea' id='block_1_9' title="bbox 467 755 1380 826">
    <p class='ocr_par' dir='ltr' id='par_1_9' title="bbox 467 755 1380 826">
     <span class='ocr_line' id='line_1_9' title="bbox 467 755 1380 826; baseline -0.003 -16"><span class='ocrx_word' id='word_1_48' title='bbox 467 770 671 826; x_wconf 91' lang='lat' dir='ltr'><strong>corpus</strong></span> <span class='ocrx_word' id='word_1_49' title='bbox 705 764 878 810; x_wconf 87' lang='lat' dir='ltr'><strong>morte</strong></span> <span class='ocrx_word' id='word_1_50' title='bbox 906 755 1042 810; x_wconf 75' lang='lat' dir='ltr'><strong>allici</strong></span> <span class='ocrx_word' id='word_1_51' title='bbox 1073 756 1380 809; x_wconf 90' lang='lat' dir='ltr'><strong>conﬁrmat.</strong></span> 
     </span>
    </p>
   </div>
   <div class='ocr_carea' id='block_1_10' title="bbox 541 846 2050 920">
    <p class='ocr_par' dir='ltr' id='par_1_10' title="bbox 541 846 2050 920">
     <span class='ocr_line' id='line_1_10' title="bbox 541 846 2050 920; baseline 0.001 -20"><span class='ocrx_word' id='word_1_52' title='bbox 541 846 626 902; x_wconf 88' lang='lat' dir='ltr'><strong>LI.</strong></span> <span class='ocrx_word' id='word_1_53' title='bbox 661 846 816 912; x_wconf 86' lang='lat' dir='ltr'><strong>Quod</strong></span> <span class='ocrx_word' id='word_1_54' title='bbox 865 849 907 901; x_wconf 91' lang='lat' dir='ltr'><strong>si</strong></span> <span class='ocrx_word' id='word_1_55' title='bbox 959 847 1011 901; x_wconf 89' lang='lat' dir='ltr'><strong>id</strong></span> <span class='ocrx_word' id='word_1_56' title='bbox 1063 861 1254 900; x_wconf 83' lang='lat' dir='ltr'><strong>rursus</strong></span> <span class='ocrx_word' id='word_1_57' title='bbox 1303 846 1586 915; x_wconf 78' lang='lat' dir='ltr'><strong>obiiciant,</strong></span> <span class='ocrx_word' id='word_1_58' title='bbox 1617 847 1730 902; x_wconf 89' lang='lat' dir='ltr'><strong>Cur</strong></span> <span class='ocrx_word' id='word_1_59' title='bbox 1769 849 1932 920; x_wconf 78' lang='lat' dir='ltr'><strong>igitur</strong></span> <span class='ocrx_word' id='word_1_60' title='bbox 1962 862 2050 903; x_wconf 84' lang='lat' dir='ltr'><strong>sa-</strong></span> 
     </span>
    </p>
   </div>
   <div class='ocr_carea' id='block_1_11' title="bbox 471 935 2050 1010">
    <p class='ocr_par' dir='ltr' id='par_1_11' title="bbox 471 935 2050 1010">
     <span class='ocr_line' id='line_1_11' title="bbox 471 935 2050 1010; baseline 0.001 -19"><span class='ocrx_word' id='word_1_61' title='bbox 471 939 676 1008; x_wconf 85' lang='lat' dir='ltr'><strong>pientia</strong></span> <span class='ocrx_word' id='word_1_62' title='bbox 699 939 883 992; x_wconf 89' lang='lat' dir='ltr'><strong>carnis</strong></span> <span class='ocrx_word' id='word_1_63' title='bbox 914 951 1036 991; x_wconf 88' lang='lat' dir='ltr'><strong>esse</strong></span> <span class='ocrx_word' id='word_1_64' title='bbox 1067 935 1176 1004; x_wconf 87' lang='lat' dir='ltr'><strong>Deo</strong></span> <span class='ocrx_word' id='word_1_65' title='bbox 1208 937 1428 991; x_wconf 89' lang='lat' dir='ltr'><strong>inimica</strong></span> <span class='ocrx_word' id='word_1_66' title='bbox 1455 938 1700 994; x_wconf 87' lang='lat' dir='ltr'><strong>dicitur?</strong></span> <span class='ocrx_word' id='word_1_67' title='bbox 1734 944 1737 945; x_wconf 65' lang='grc'><strong><em>⁷</em></strong></span> <span class='ocrx_word' id='word_1_68' title='bbox 1765 939 1886 1010; x_wconf 90' lang='lat' dir='ltr'><strong>Legi</strong></span> <span class='ocrx_word' id='word_1_69' title='bbox 1911 941 2050 993; x_wconf 88' lang='lat' dir='ltr'><strong>enim</strong></span> 
     </span>
    </p>
   </div>
   <div class='ocr_carea' id='block_1_12' title="bbox 474 1029 2051 1098">
    <p class='ocr_par' dir='ltr' id='par_1_12' title="bbox 474 1029 2051 1098">
     <span class='ocr_line' id='line_1_12' title="bbox 474 1029 2051 1098; baseline 0 -14"><span class='ocrx_word' id='word_1_70' title='bbox 474 1029 572 1084; x_wconf 87' lang='lat' dir='ltr'><strong>Dei</strong></span> <span class='ocrx_word' id='word_1_71' title='bbox 636 1047 738 1083; x_wconf 84' lang='lat' dir='ltr'><strong>non</strong></span> <span class='ocrx_word' id='word_1_72' title='bbox 778 1029 1097 1097; x_wconf 79' lang='lat' dir='ltr'><strong>subjicitur:</strong></span> <span class='ocrx_word' id='word_1_73' title='bbox 1140 1045 1300 1098; x_wconf 86' lang='lat' dir='ltr'><strong>neque</strong></span> <span class='ocrx_word' id='word_1_74' title='bbox 1348 1030 1484 1083; x_wconf 87' lang='lat' dir='ltr'><strong>enim</strong></span> <span class='ocrx_word' id='word_1_75' title='bbox 1502 1031 1719 1098; x_wconf 79' lang='lat' dir='ltr'><strong>potest‘,</strong></span> <span class='ocrx_word' id='word_1_76' title='bbox 1743 1031 1822 1086; x_wconf 84' lang='lat' dir='ltr'><strong>sic</strong></span> <span class='ocrx_word' id='word_1_77' title='bbox 1853 1047 2051 1085; x_wconf 88' lang='lat' dir='ltr'><strong>occur-</strong></span> 
     </span>
    </p>
   </div>
   <div class='ocr_carea' id='block_1_13' title="bbox 471 1121 2054 1194">
    <p class='ocr_par' dir='ltr' id='par_1_13' title="bbox 471 1121 2054 1194">
     <span class='ocr_line' id='line_1_13' title="bbox 471 1121 2054 1194; baseline -0.001 -15"><span class='ocrx_word' id='word_1_78' title='bbox 471 1123 701 1179; x_wconf 89' lang='lat' dir='ltr'><strong>rendum</strong></span> <span class='ocrx_word' id='word_1_79' title='bbox 731 1123 855 1186; x_wconf 90' lang='lat' dir='ltr'><strong>erit,</strong></span> <span class='ocrx_word' id='word_1_80' title='bbox 890 1121 1240 1176; x_wconf 81' lang='lat' dir='ltr'><strong>vehementer</strong></span> <span class='ocrx_word' id='word_1_81' title='bbox 1267 1123 1391 1178; x_wconf 88' lang='lat' dir='ltr'><strong>illos</strong></span> <span class='ocrx_word' id='word_1_82' title='bbox 1419 1123 1523 1178; x_wconf 86' lang='lat' dir='ltr'><strong>hoc</strong></span> <span class='ocrx_word' id='word_1_83' title='bbox 1545 1124 1665 1178; x_wconf 91' lang='lat' dir='ltr'><strong>loco</strong></span> <span class='ocrx_word' id='word_1_84' title='bbox 1706 1123 1905 1194; x_wconf 86' lang='lat' dir='ltr'><strong>decipi.</strong></span> <span class='ocrx_word' id='word_1_85' title='bbox 1932 1122 2054 1178; x_wconf 83' lang='lat' dir='ltr'><strong>Non</strong></span> 
     </span>
    </p>
   </div>
   <div class='ocr_carea' id='block_1_14' title="bbox 472 1213 2055 1286">
    <p class='ocr_par' dir='ltr' id='par_1_14' title="bbox 472 1213 2055 1286">
     <span class='ocr_line' id='line_1_14' title="bbox 472 1213 2055 1286; baseline -0.001 -16"><span class='ocrx_word' id='word_1_86' title='bbox 472 1215 615 1270; x_wconf 85' lang='lat' dir='ltr'><strong>enim</strong></span> <span class='ocrx_word' id='word_1_87' title='bbox 646 1229 865 1268; x_wconf 80' lang='lat' dir='ltr'><strong>carnem</strong></span> <span class='ocrx_word' id='word_1_88' title='bbox 897 1213 1091 1282; x_wconf 83' lang='lat' dir='ltr'><strong>ipsam,</strong></span> <span class='ocrx_word' id='word_1_89' title='bbox 1117 1213 1214 1268; x_wconf 90' lang='lat' dir='ltr'><strong>sed</strong></span> <span class='ocrx_word' id='word_1_90' title='bbox 1241 1214 1424 1269; x_wconf 87' lang='lat' dir='ltr'><strong>carnis</strong></span> <span class='ocrx_word' id='word_1_91' title='bbox 1456 1215 1778 1284; x_wconf 87' lang='lat' dir='ltr'><strong>sapientiam</strong></span> <span class='ocrx_word' id='word_1_92' title='bbox 1812 1217 1912 1286; x_wconf 82' lang='lat' dir='ltr'><strong>legi</strong></span> <span class='ocrx_word' id='word_1_93' title='bbox 1959 1215 2055 1270; x_wconf 87' lang='lat' dir='ltr'><strong>Dei</strong></span> 
     </span>
    </p>
   </div>
   <div class='ocr_carea' id='block_1_15' title="bbox 472 1303 2056 1375">
    <p class='ocr_par' dir='ltr' id='par_1_15' title="bbox 472 1303 2056 1375">
     <span class='ocr_line' id='line_1_15' title="bbox 472 1303 2056 1375; baseline 0.001 -15"><span class='ocrx_word' id='word_1_94' title='bbox 472 1304 668 1373; x_wconf 80' lang='lat' dir='ltr'><strong>subjici</strong></span> <span class='ocrx_word' id='word_1_95' title='bbox 731 1320 838 1357; x_wconf 94' lang='lat' dir='ltr'><strong>non</strong></span> <span class='ocrx_word' id='word_1_96' title='bbox 883 1320 1044 1373; x_wconf 87' lang='lat' dir='ltr'><strong>posse</strong></span> <span class='ocrx_word' id='word_1_97' title='bbox 1088 1303 1350 1369; x_wconf 85' lang='lat' dir='ltr'><strong>declarat,</strong></span> <span class='ocrx_word' id='word_1_98' title='bbox 1400 1321 1520 1375; x_wconf 73' lang='lat' dir='ltr'><strong>qua:</strong></span> <span class='ocrx_word' id='word_1_99' title='bbox 1559 1307 1775 1375; x_wconf 86' lang='lat' dir='ltr'><strong>quidem</strong></span> <span class='ocrx_word' id='word_1_100' title='bbox 1822 1321 1851 1359; x_wconf 92' lang='lat' dir='ltr'><strong>a</strong></span> <span class='ocrx_word' id='word_1_101' title='bbox 1891 1322 2056 1362; x_wconf 89' lang='lat' dir='ltr'><strong>carne</strong></span> 
     </span>
    </p>
   </div>
   <div class='ocr_carea' id='block_1_16' title="bbox 471 1395 2052 1467">
    <p class='ocr_par' dir='ltr' id='par_1_16' title="bbox 471 1395 2052 1467">
     <span class='ocr_line' id='line_1_16' title="bbox 471 1395 2052 1467; baseline 0.001 -17"><span class='ocrx_word' id='word_1_102' title='bbox 471 1395 1250 1465; x_wconf 87' lang='lat' dir='ltr'><strong>discrepat.Quemadmodqu</strong></span> <span class='ocrx_word' id='word_1_103' title='bbox 1274 1397 1319 1450; x_wconf 91' lang='lat' dir='ltr'><strong>si</strong></span> <span class='ocrx_word' id='word_1_104' title='bbox 1356 1395 1546 1451; x_wconf 87' lang='lat' dir='ltr'><strong>dicat:</strong></span> <span class='ocrx_word' id='word_1_105' title='bbox 1581 1398 1805 1467; x_wconf 83' lang='lat' dir='ltr'><strong>Argenti</strong></span> <span class='ocrx_word' id='word_1_106' title='bbox 1841 1397 2052 1462; x_wconf 84' lang='lat' dir='ltr'><strong>sordes,</strong></span> 
     </span>
    </p>
   </div>
   <div class='ocr_carea' id='block_1_17' title="bbox 472 1487 2055 1558">
    <p class='ocr_par' dir='ltr' id='par_1_17' title="bbox 472 1487 2055 1558">
     <span class='ocr_line' id='line_1_17' title="bbox 472 1487 2055 1558; baseline 0 -16"><span class='ocrx_word' id='word_1_107' title='bbox 472 1489 617 1558; x_wconf 87' lang='lat' dir='ltr'><strong>quod</strong></span> <span class='ocrx_word' id='word_1_108' title='bbox 676 1503 782 1542; x_wconf 89' lang='lat' dir='ltr'><strong>non</strong></span> <span class='ocrx_word' id='word_1_109' title='bbox 830 1487 964 1542; x_wconf 89' lang='lat' dir='ltr'><strong>satis</strong></span> <span class='ocrx_word' id='word_1_110' title='bbox 1012 1497 1364 1556; x_wconf 84' lang='lat' dir='ltr'><strong>repurgatum</strong></span> <span class='ocrx_word' id='word_1_111' title='bbox 1405 1488 1496 1551; x_wconf 89' lang='lat' dir='ltr'><strong>sit,</strong></span> <span class='ocrx_word' id='word_1_112' title='bbox 1531 1496 1590 1541; x_wconf 88' lang='lat' dir='ltr'><strong>ut</strong></span> <span class='ocrx_word' id='word_1_113' title='bbox 1616 1504 1684 1542; x_wconf 79' lang='lat' dir='ltr'><strong>ex</strong></span> <span class='ocrx_word' id='word_1_114' title='bbox 1714 1504 1779 1543; x_wconf 93' lang='lat' dir='ltr'><strong>eo</strong></span> <span class='ocrx_word' id='word_1_115' title='bbox 1811 1505 1906 1544; x_wconf 87' lang='lat' dir='ltr'><strong>vas</strong></span> <span class='ocrx_word' id='word_1_116' title='bbox 1939 1489 2055 1543; x_wconf 90' lang='lat' dir='ltr'><strong>ido-</strong></span> 
     </span>
    </p>
   </div>
   <div class='ocr_carea' id='block_1_18' title="bbox 472 1579 2056 1651">
    <p class='ocr_par' dir='ltr' id='par_1_18' title="bbox 472 1579 2056 1651">
     <span class='ocr_line' id='line_1_18' title="bbox 472 1579 2056 1651; baseline -0.001 -15"><span class='ocrx_word' id='word_1_117' title='bbox 472 1598 633 1636; x_wconf 88' lang='lat' dir='ltr'><strong>neum</strong></span> <span class='ocrx_word' id='word_1_118' title='bbox 672 1581 784 1636; x_wconf 87' lang='lat' dir='ltr'><strong>ﬁeri</strong></span> <span class='ocrx_word' id='word_1_119' title='bbox 815 1581 1006 1649; x_wconf 89' lang='lat' dir='ltr'><strong>possit,</strong></span> <span class='ocrx_word' id='word_1_120' title='bbox 1055 1579 1249 1634; x_wconf 89' lang='lat' dir='ltr'><strong>artiﬁci</strong></span> <span class='ocrx_word' id='word_1_121' title='bbox 1290 1595 1397 1634; x_wconf 92' lang='lat' dir='ltr'><strong>non</strong></span> <span class='ocrx_word' id='word_1_122' title='bbox 1435 1580 1846 1648; x_wconf 59' lang='lat' dir='ltr'><strong>subjiciuntur;</strong></span> <span class='ocrx_word' id='word_1_123' title='bbox 1881 1597 2056 1651; x_wconf 88' lang='lat' dir='ltr'><strong>neque</strong></span> 
     </span>
    </p>
   </div>
   <div class='ocr_carea' id='block_1_19' title="bbox 472 1671 2052 1744">
    <p class='ocr_par' dir='ltr' id='par_1_19' title="bbox 472 1671 2052 1744">
     <span class='ocr_line' id='line_1_19' title="bbox 472 1671 2052 1744; baseline -0.002 -15"><span class='ocrx_word' id='word_1_124' title='bbox 472 1674 617 1729; x_wconf 90' lang='lat' dir='ltr'><strong>enim</strong></span> <span class='ocrx_word' id='word_1_125' title='bbox 652 1681 900 1744; x_wconf 89' lang='lat' dir='ltr'><strong>possunt.</strong></span> <span class='ocrx_word' id='word_1_126' title='bbox 929 1671 1141 1726; x_wconf 87' lang='lat' dir='ltr'><strong>Etenim</strong></span> <span class='ocrx_word' id='word_1_127' title='bbox 1173 1672 1391 1725; x_wconf 85' lang='lat' dir='ltr'><strong>cxcerni</strong></span> <span class='ocrx_word' id='word_1_128' title='bbox 1420 1671 1570 1740; x_wconf 89' lang='lat' dir='ltr'><strong>prius</strong></span> <span class='ocrx_word' id='word_1_129' title='bbox 1608 1672 1730 1726; x_wconf 88' lang='lat' dir='ltr'><strong>illas</strong></span> <span class='ocrx_word' id='word_1_130' title='bbox 1759 1680 1921 1742; x_wconf 90' lang='lat' dir='ltr'><strong>atque</strong></span> <span class='ocrx_word' id='word_1_131' title='bbox 1950 1674 2052 1726; x_wconf 86' lang='lat' dir='ltr'><strong>eli-</strong></span> 
     </span>
    </p>
   </div>
   <div class='ocr_carea' id='block_1_20' title="bbox 2155 566 3450 638">
    <p class='ocr_par' dir='ltr' id='par_1_20' title="bbox 2155 566 3450 638">
     <span class='ocr_line' id='line_1_20' title="bbox 2155 566 3450 638; baseline 0.003 -17"><span class='ocrx_word' id='word_1_132' title='bbox 2155 567 2251 622; x_wconf 79' lang='grc' dir='ltr'>καὶ</span> <span class='ocrx_word' id='word_1_133' title='bbox 2277 568 2397 638; x_wconf 81' lang='grc' dir='ltr'>οὐχὶ</span> <span class='ocrx_word' id='word_1_134' title='bbox 2423 567 2484 620; x_wconf 79' lang='grc' dir='ltr'><strong>τὸ</strong></span> <span class='ocrx_word' id='word_1_135' title='bbox 2504 566 2663 638; x_wconf 84' lang='grc' dir='ltr'>σῶμα</span> <span class='ocrx_word' id='word_1_136' title='bbox 2683 566 3044 622; x_wconf 66' lang='grc' dir='ltr'><strong>θανατοῦσθαι</strong></span> <span class='ocrx_word' id='word_1_137' title='bbox 3065 569 3450 625; x_wconf 75' lang='grc' dir='ltr'>ἐϐεϐαιώσατο.</span> 
     </span>
    </p>
   </div>
   <div class='ocr_carea' id='block_1_21' title="bbox 2249 661 3728 736">
    <p class='ocr_par' dir='ltr' id='par_1_21' title="bbox 2249 661 3728 736">
     <span class='ocr_line' id='line_1_21' title="bbox 2249 661 3728 736; baseline 0.005 -23"><span class='ocrx_word' id='word_1_138' title='bbox 3342 664 3728 736; x_wconf 83' lang='lat' dir='ltr'><strong>577neque</strong></span> 
     </span>
    </p>
   </div>
   <div class='ocr_carea' id='block_1_22' title="bbox 2225 843 3722 922">
    <p class='ocr_par' dir='ltr' id='par_1_22' title="bbox 2225 843 3722 922">
     <span class='ocr_line' id='line_1_22' title="bbox 2225 843 3722 922; baseline 0.005 -26"><span class='ocrx_word' id='word_1_139' title='bbox 2225 843 2353 898; x_wconf 85' lang='lat' dir='ltr'><strong>NA&#39;.</strong></span> <span class='ocrx_word' id='word_1_140' title='bbox 2373 843 2496 897; x_wconf 80' lang='grc' dir='ltr'>Ἐάν</span> <span class='ocrx_word' id='word_1_141' title='bbox 2510 844 2566 898; x_wconf 85' lang='grc' dir='ltr'><strong>δὲ</strong></span> <span class='ocrx_word' id='word_1_142' title='bbox 2587 844 2746 898; x_wconf 88' lang='grc' dir='ltr'>πάλιν</span> <span class='ocrx_word' id='word_1_143' title='bbox 2769 845 3182 918; x_wconf 81' lang='grc' dir='ltr'>ἀνθυποφέρωσι</span> <span class='ocrx_word' id='word_1_144' title='bbox 3203 848 3453 917; x_wconf 85' lang='grc' dir='ltr'>λέγοντες</span> <span class='ocrx_word' id='word_1_145' title='bbox 3478 869 3490 879; x_wconf 91' lang='grc'><strong>·</strong></span> <span class='ocrx_word' id='word_1_146' title='bbox 3517 850 3640 914; x_wconf 78' lang='grc' dir='ltr'><strong>Πῶς</strong></span> <span class='ocrx_word' id='word_1_147' title='bbox 3665 852 3722 922; x_wconf 81' lang='grc' dir='ltr'><strong>δὴ</strong></span> 
     </span>
    </p>
   </div>
   <div class='ocr_carea' id='block_1_23' title="bbox 2156 929 3724 1013">
    <p class='ocr_par' dir='ltr' id='par_1_23' title="bbox 2156 929 3724 1013">
     <span class='ocr_line' id='line_1_23' title="bbox 2156 929 3724 1013; baseline 0.006 -27"><span class='ocrx_word' id='word_1_148' title='bbox 2156 929 2249 988; x_wconf 79' lang='grc' dir='ltr'><strong>οὖν</strong></span> <span class='ocrx_word' id='word_1_149' title='bbox 2293 935 2353 987; x_wconf 85' lang='grc' dir='ltr'><strong>τὸ</strong></span> <span class='ocrx_word' id='word_1_150' title='bbox 2387 935 2639 1006; x_wconf 81' lang='grc' dir='ltr'>φρόνημα</span> <span class='ocrx_word' id='word_1_151' title='bbox 2687 936 2785 1007; x_wconf 84' lang='grc' dir='ltr'>τῆς</span> <span class='ocrx_word' id='word_1_152' title='bbox 2827 938 3029 1008; x_wconf 78' lang='grc' dir='ltr'>σαρκὸς</span> <span class='ocrx_word' id='word_1_153' title='bbox 3054 936 3189 992; x_wconf 79' lang='grc' dir='ltr'>εἶναι</span> <span class='ocrx_word' id='word_1_154' title='bbox 3218 941 3432 1011; x_wconf 81' lang='grc' dir='ltr'>εἴρηται</span> <span class='ocrx_word' id='word_1_155' title='bbox 3458 943 3628 1013; x_wconf 73' lang='grc' dir='ltr'>ἔχθρα</span> <span class='ocrx_word' id='word_1_156' title='bbox 3652 946 3724 1004; x_wconf 80' lang='grc' dir='ltr'>εἰς</span> 
     </span>
    </p>
   </div>
   <div class='ocr_carea' id='block_1_24' title="bbox 2157 1026 3722 1100">
    <p class='ocr_par' dir='ltr' id='par_1_24' title="bbox 2157 1026 3722 1100">
     <span class='ocr_line' id='line_1_24' title="bbox 2157 1026 3722 1100; baseline 0.004 -20"><span class='ocrx_word' id='word_1_157' title='bbox 2157 1026 2323 1091; x_wconf 87' lang='grc' dir='ltr'>Θεόν;</span> <span class='ocrx_word' id='word_1_158' title='bbox 2363 1027 2446 1092; x_wconf 83' lang='grc' dir='ltr'><strong>Τῷ</strong></span> <span class='ocrx_word' id='word_1_159' title='bbox 2477 1027 2587 1096; x_wconf 81' lang='grc' dir='ltr'>γὰρ</span> <span class='ocrx_word' id='word_1_160' title='bbox 2620 1028 2780 1096; x_wconf 81' lang='grc' dir='ltr'>νόμῳ</span> <span class='ocrx_word' id='word_1_161' title='bbox 2812 1029 2916 1082; x_wconf 89' lang='grc' dir='ltr'><strong>τοῦ</strong></span> <span class='ocrx_word' id='word_1_162' title='bbox 2960 1031 3106 1084; x_wconf 87' lang='grc' dir='ltr'><strong>Θεοῦ</strong></span> <span class='ocrx_word' id='word_1_163' title='bbox 3137 1034 3250 1100; x_wconf 85' lang='grc' dir='ltr'>οὐχ</span> <span class='ocrx_word' id='word_1_164' title='bbox 3281 1034 3685 1088; x_wconf 73' lang='grc' dir='ltr'><strong>ὑποτάσσεται</strong></span> <span class='ocrx_word' id='word_1_165' title='bbox 3708 1053 3722 1064; x_wconf 89' lang='grc'><strong>·</strong></span> 
     </span>
    </p>
   </div>
   <div class='ocr_carea' id='block_1_25' title="bbox 2153 1117 3723 1195">
    <p class='ocr_par' dir='ltr' id='par_1_25' title="bbox 2153 1117 3723 1195">
     <span class='ocr_line' id='line_1_25' title="bbox 2153 1117 3723 1195; baseline 0.006 -24"><span class='ocrx_word' id='word_1_166' title='bbox 2153 1117 2295 1171; x_wconf 83' lang='grc' dir='ltr'><strong>οὐδὲ</strong></span> <span class='ocrx_word' id='word_1_167' title='bbox 2318 1118 2426 1187; x_wconf 73' lang='grc' dir='ltr'>γὰρ</span> <span class='ocrx_word' id='word_1_168' title='bbox 2459 1117 2738 1173; x_wconf 80' lang='grc' dir='ltr'>δύναται·</span> <span class='ocrx_word' id='word_1_169' title='bbox 2771 1121 3007 1187; x_wconf 82' lang='grc' dir='ltr'><strong>λεκτέον,</strong></span> <span class='ocrx_word' id='word_1_170' title='bbox 3036 1123 3111 1187; x_wconf 87' lang='grc' dir='ltr'>ὡς</span> <span class='ocrx_word' id='word_1_171' title='bbox 3136 1124 3242 1195; x_wconf 81' lang='grc' dir='ltr'><strong>ἄρα</strong></span> <span class='ocrx_word' id='word_1_172' title='bbox 3272 1126 3367 1178; x_wconf 76' lang='grc' dir='ltr'><strong>καὶ</strong></span> <span class='ocrx_word' id='word_1_173' title='bbox 3399 1126 3586 1180; x_wconf 81' lang='grc' dir='ltr'>ἐνθάδε</span> <span class='ocrx_word' id='word_1_174' title='bbox 3615 1129 3723 1180; x_wconf 80' lang='grc' dir='ltr'>δια-</span> 
     </span>
    </p>
   </div>
   <div class='ocr_carea' id='block_1_26' title="bbox 2156 1209 3725 1290">
    <p class='ocr_par' dir='ltr' id='par_1_26' title="bbox 2156 1209 3725 1290">
     <span class='ocr_line' id='line_1_26' title="bbox 2156 1209 3725 1290; baseline 0.008 -30"><span class='ocrx_word' id='word_1_175' title='bbox 2156 1209 2462 1263; x_wconf 82' lang='grc' dir='ltr'>πίπτουσιν.</span> <span class='ocrx_word' id='word_1_176' title='bbox 2511 1211 2584 1263; x_wconf 82' lang='grc' dir='ltr'>Οὑ</span> <span class='ocrx_word' id='word_1_177' title='bbox 2629 1212 2736 1283; x_wconf 82' lang='grc' dir='ltr'><strong>γὰρ</strong></span> <span class='ocrx_word' id='word_1_178' title='bbox 2774 1213 2874 1283; x_wconf 82' lang='grc' dir='ltr'><strong>τὴν</strong></span> <span class='ocrx_word' id='word_1_179' title='bbox 2907 1213 3084 1284; x_wconf 80' lang='grc' dir='ltr'>σάρκα</span> <span class='ocrx_word' id='word_1_180' title='bbox 3122 1216 3311 1287; x_wconf 74' lang='grc' dir='ltr'>αὐτὴν,</span> <span class='ocrx_word' id='word_1_181' title='bbox 3345 1217 3484 1270; x_wconf 76' lang='grc' dir='ltr'>ἀλλὰ</span> <span class='ocrx_word' id='word_1_182' title='bbox 3514 1218 3578 1270; x_wconf 76' lang='grc' dir='ltr'><strong>τὸ</strong></span> <span class='ocrx_word' id='word_1_183' title='bbox 3604 1222 3725 1290; x_wconf 68' lang='grc' dir='ltr'><strong>φρό-</strong></span> 
     </span>
    </p>
   </div>
   <div class='ocr_carea' id='block_1_27' title="bbox 2154 1301 3726 1381">
    <p class='ocr_par' dir='ltr' id='par_1_27' title="bbox 2154 1301 3726 1381">
     <span class='ocr_line' id='line_1_27' title="bbox 2154 1301 3726 1381; baseline 0.008 -29"><span class='ocrx_word' id='word_1_184' title='bbox 2154 1317 2302 1371; x_wconf 88' lang='grc' dir='ltr'>νημα</span> <span class='ocrx_word' id='word_1_185' title='bbox 2320 1301 2420 1370; x_wconf 86' lang='grc' dir='ltr'><strong>τῆς</strong></span> <span class='ocrx_word' id='word_1_186' title='bbox 2441 1303 2640 1374; x_wconf 81' lang='grc' dir='ltr'>σαρκὸς</span> <span class='ocrx_word' id='word_1_187' title='bbox 2672 1305 3070 1359; x_wconf 83' lang='grc' dir='ltr'><strong>ὑποτάσσεσθαι</strong></span> <span class='ocrx_word' id='word_1_188' title='bbox 3102 1306 3174 1378; x_wconf 81' lang='grc' dir='ltr'>μὴ</span> <span class='ocrx_word' id='word_1_189' title='bbox 3195 1307 3454 1362; x_wconf 88' lang='grc' dir='ltr'>δύνασθαι</span> <span class='ocrx_word' id='word_1_190' title='bbox 3481 1309 3562 1379; x_wconf 80' lang='grc' dir='ltr'>τῷ</span> <span class='ocrx_word' id='word_1_191' title='bbox 3587 1311 3726 1381; x_wconf 76' lang='grc' dir='ltr'><strong>νόμῳ</strong></span> 
     </span>
    </p>
   </div>
   <div class='ocr_carea' id='block_1_28' title="bbox 2137 1392 3722 1471">
    <p class='ocr_par' dir='ltr' id='par_1_28' title="bbox 2137 1392 3722 1471">
     <span class='ocr_line' id='line_1_28' title="bbox 2137 1392 3722 1471; baseline 0.007 -27"><span class='ocrx_word' id='word_1_192' title='bbox 2137 1394 2247 1463; x_wconf 73' lang='grc' dir='ltr'><strong>¹τοῦ</strong></span> <span class='ocrx_word' id='word_1_193' title='bbox 2278 1392 2410 1445; x_wconf 82' lang='grc' dir='ltr'>Θεοῦ</span> <span class='ocrx_word' id='word_1_194' title='bbox 2437 1393 2685 1459; x_wconf 84' lang='grc' dir='ltr'>ὑπέθετο,</span> <span class='ocrx_word' id='word_1_195' title='bbox 2709 1395 2894 1466; x_wconf 77' lang='grc' dir='ltr'>ἓτερον</span> <span class='ocrx_word' id='word_1_196' title='bbox 2929 1397 3080 1467; x_wconf 74' lang='grc' dir='ltr'>παρὰ</span> <span class='ocrx_word' id='word_1_197' title='bbox 3117 1398 3214 1468; x_wconf 80' lang='grc' dir='ltr'>τὴν</span> <span class='ocrx_word' id='word_1_198' title='bbox 3255 1401 3436 1469; x_wconf 81' lang='grc' dir='ltr'>σάρκα</span> <span class='ocrx_word' id='word_1_199' title='bbox 3464 1402 3722 1471; x_wconf 78' lang='grc' dir='ltr'>ὑπάρχον.</span> 
     </span>
    </p>
   </div>
   <div class='ocr_carea' id='block_1_29' title="bbox 2155 1485 3723 1564">
    <p class='ocr_par' dir='ltr' id='par_1_29' title="bbox 2155 1485 3723 1564">
     <span class='ocr_line' id='line_1_29' title="bbox 2155 1485 3723 1564; baseline 0.006 -28"><span class='ocrx_word' id='word_1_200' title='bbox 2155 1485 2421 1555; x_wconf 81' lang='grc' dir='ltr'><strong>Καθάπερ</strong></span> <span class='ocrx_word' id='word_1_201' title='bbox 2462 1486 2510 1537; x_wconf 83' lang='grc' dir='ltr'>εἱ</span> <span class='ocrx_word' id='word_1_202' title='bbox 2557 1485 2771 1555; x_wconf 78' lang='grc' dir='ltr'>ἔλεγεν·</span> <span class='ocrx_word' id='word_1_203' title='bbox 2823 1488 2883 1540; x_wconf 75' lang='grc'><strong>’0</strong></span> <span class='ocrx_word' id='word_1_204' title='bbox 2913 1487 3080 1560; x_wconf 77' lang='grc' dir='ltr'>ῥύπος</span> <span class='ocrx_word' id='word_1_205' title='bbox 3107 1489 3200 1542; x_wconf 86' lang='grc' dir='ltr'><strong>τοῦ</strong></span> <span class='ocrx_word' id='word_1_206' title='bbox 3235 1491 3309 1561; x_wconf 79' lang='grc' dir='ltr'>μὴ</span> <span class='ocrx_word' id='word_1_207' title='bbox 3349 1492 3533 1555; x_wconf 82' lang='grc' dir='ltr'>καλῶς</span> <span class='ocrx_word' id='word_1_208' title='bbox 3563 1494 3723 1564; x_wconf 83' lang='grc' dir='ltr'>ἀργύ-</span> 
     </span>
    </p>
   </div>
   <div class='ocr_carea' id='block_1_30' title="bbox 2159 1577 3724 1653">
    <p class='ocr_par' dir='ltr' id='par_1_30' title="bbox 2159 1577 3724 1653">
     <span class='ocr_line' id='line_1_30' title="bbox 2159 1577 3724 1653; baseline 0.005 -24"><span class='ocrx_word' id='word_1_209' title='bbox 2159 1593 2251 1646; x_wconf 85' lang='grc' dir='ltr'><strong>ρου</strong></span> <span class='ocrx_word' id='word_1_210' title='bbox 2274 1577 2698 1648; x_wconf 86' lang='grc' dir='ltr'>καθαρισθέντος</span> <span class='ocrx_word' id='word_1_211' title='bbox 2723 1580 2802 1642; x_wconf 82' lang='grc' dir='ltr'><strong>είς</strong></span> <span class='ocrx_word' id='word_1_212' title='bbox 2827 1579 2886 1631; x_wconf 84' lang='grc' dir='ltr'><strong>τὸ</strong></span> <span class='ocrx_word' id='word_1_213' title='bbox 2913 1580 3160 1647; x_wconf 88' lang='grc' dir='ltr'>γενέσθαι</span> <span class='ocrx_word' id='word_1_214' title='bbox 3185 1581 3376 1645; x_wconf 85' lang='grc' dir='ltr'>σκεῦος</span> <span class='ocrx_word' id='word_1_215' title='bbox 3403 1584 3724 1653; x_wconf 78' lang='grc' dir='ltr'>ἐπιτήδειον,</span> 
     </span>
    </p>
   </div>
   <div class='ocr_carea' id='block_1_31' title="bbox 2155 1670 3724 1743">
    <p class='ocr_par' dir='ltr' id='par_1_31' title="bbox 2155 1670 3724 1743">
     <span class='ocr_line' id='line_1_31' title="bbox 2155 1670 3724 1743; baseline 0.006 -23"><span class='ocrx_word' id='word_1_216' title='bbox 2155 1670 2251 1739; x_wconf 87' lang='grc' dir='ltr'><strong>οὑχ</strong></span> <span class='ocrx_word' id='word_1_217' title='bbox 2281 1671 2645 1723; x_wconf 79' lang='grc' dir='ltr'>ὑποτάσσεται</span> <span class='ocrx_word' id='word_1_218' title='bbox 2684 1671 2762 1742; x_wconf 83' lang='grc' dir='ltr'>τῷ</span> <span class='ocrx_word' id='word_1_219' title='bbox 2799 1671 3146 1742; x_wconf 82' lang='grc' dir='ltr'>δημιουργῷ⁶</span> <span class='ocrx_word' id='word_1_220' title='bbox 3182 1673 3303 1726; x_wconf 84' lang='grc' dir='ltr'>οὑδὲ</span> <span class='ocrx_word' id='word_1_221' title='bbox 3337 1673 3450 1743; x_wconf 79' lang='grc' dir='ltr'>γὰρ</span> <span class='ocrx_word' id='word_1_222' title='bbox 3490 1674 3724 1729; x_wconf 79' lang='grc' dir='ltr'>δύναται.</span> 
     </span>
    </p>
   </div>
   <div class='ocr_carea' id='block_1_32' title="bbox 474 1760 2060 1858">
    <p class='ocr_par' dir='ltr' id='par_1_32' title="bbox 474 1761 2052 1836">
     <span class='ocr_line' id='line_1_32' title="bbox 474 1761 2052 1836; baseline -0.001 -16"><span class='ocrx_word' id='word_1_223' title='bbox 474 1767 628 1836; x_wconf 85' lang='lat' dir='ltr'><strong>quari</strong></span> <span class='ocrx_word' id='word_1_224' title='bbox 653 1765 927 1820; x_wconf 87' lang='lat' dir='ltr'><strong>convenit.</strong></span> <span class='ocrx_word' id='word_1_225' title='bbox 981 1761 1093 1817; x_wconf 76' lang='lat' dir='ltr'><strong>Nec</strong></span> <span class='ocrx_word' id='word_1_226' title='bbox 1121 1771 1407 1832; x_wconf 77' lang='lat' dir='ltr'><strong>argentum</strong></span> <span class='ocrx_word' id='word_1_227' title='bbox 1458 1762 1663 1816; x_wconf 88' lang='lat' dir='ltr'><strong>idcirco</strong></span> <span class='ocrx_word' id='word_1_228' title='bbox 1687 1771 1850 1832; x_wconf 85' lang='lat' dir='ltr'><strong>negat</strong></span> <span class='ocrx_word' id='word_1_229' title='bbox 1879 1767 1931 1817; x_wconf 91' lang='lat' dir='ltr'><strong>in</strong></span> <span class='ocrx_word' id='word_1_230' title='bbox 1960 1777 2052 1818; x_wconf 79' lang='lat' dir='ltr'><strong>vas</strong></span> 
     </span>
    </p>
   </div>
   <div class='ocr_carea' id='block_1_33' title="bbox 2167 1760 3724 1858">
    <p class='ocr_par' dir='ltr' id='par_1_33' title="bbox 2169 1760 3724 1836">
     <span class='ocr_line' id='line_1_33' title="bbox 2169 1760 3724 1836; baseline 0.006 -24"><span class='ocrx_word' id='word_1_231' title='bbox 2169 1760 2527 1832; x_wconf 76' lang='grc' dir='ltr'>Ἐκὸληθῆναι</span> <span class='ocrx_word' id='word_1_232' title='bbox 2552 1762 2660 1833; x_wconf 79' lang='grc' dir='ltr'><strong>γὰρ</strong></span> <span class='ocrx_word' id='word_1_233' title='bbox 2687 1763 2848 1816; x_wconf 80' lang='grc' dir='ltr'>αὑτὸν</span> <span class='ocrx_word' id='word_1_234' title='bbox 2878 1764 3138 1835; x_wconf 88' lang='grc' dir='ltr'>πρότερον</span> <span class='ocrx_word' id='word_1_235' title='bbox 3161 1767 3255 1818; x_wconf 72' lang='grc' dir='ltr'>καὶ</span> <span class='ocrx_word' id='word_1_236' title='bbox 3298 1767 3601 1836; x_wconf 79' lang='grc' dir='ltr'>ἐκτακῆναι</span> <span class='ocrx_word' id='word_1_237' title='bbox 3632 1770 3724 1822; x_wconf 80' lang='grc' dir='ltr'><strong>δεῖ.</strong></span> 
     </span>
    </p>
   </div>
   <div class='ocr_carea' id='block_1_34' title="bbox 474 1853 2050 1928">
    <p class='ocr_par' dir='ltr' id='par_1_34' title="bbox 474 1853 2050 1928">
     <span class='ocr_line' id='line_1_34' title="bbox 474 1853 2050 1928; baseline -0.002 -16"><span class='ocrx_word' id='word_1_238' title='bbox 474 1857 693 1928; x_wconf 79' lang='lat' dir='ltr'><strong>aliquod</strong></span> <span class='ocrx_word' id='word_1_239' title='bbox 727 1858 856 1911; x_wconf 87' lang='lat' dir='ltr'><strong>utile</strong></span> <span class='ocrx_word' id='word_1_240' title='bbox 887 1853 1220 1910; x_wconf 83' lang='lat' dir='ltr'><strong>conformari</strong></span> <span class='ocrx_word' id='word_1_241' title='bbox 1245 1869 1439 1924; x_wconf 90' lang='lat' dir='ltr'><strong>posse;</strong></span> <span class='ocrx_word' id='word_1_242' title='bbox 1473 1855 1568 1909; x_wconf 87' lang='lat' dir='ltr'><strong>sed</strong></span> <span class='ocrx_word' id='word_1_243' title='bbox 1606 1854 1659 1909; x_wconf 89' lang='lat' dir='ltr'><strong>id</strong></span> <span class='ocrx_word' id='word_1_244' title='bbox 1690 1856 1866 1910; x_wconf 91' lang='lat' dir='ltr'><strong>solum</strong></span> <span class='ocrx_word' id='word_1_245' title='bbox 1903 1855 2050 1926; x_wconf 90' lang='lat' dir='ltr'><strong>quod</strong></span> 
     </span>
    </p>
   </div>
   <div class='ocr_carea' id='block_1_35' title="bbox 473 1944 2052 2020">
    <p class='ocr_par' dir='ltr' id='par_1_35' title="bbox 473 1944 2052 2020">
     <span class='ocr_line' id='line_1_35' title="bbox 473 1944 2052 2020; baseline -0.003 -16"><span class='ocrx_word' id='word_1_246' title='bbox 473 1950 532 2004; x_wconf 90' lang='lat' dir='ltr'><strong>in</strong></span> <span class='ocrx_word' id='word_1_247' title='bbox 586 1957 813 2020; x_wconf 84' lang='lat' dir='ltr'><strong>argento</strong></span> <span class='ocrx_word' id='word_1_248' title='bbox 842 1949 1172 2002; x_wconf 64' lang='lat' dir='ltr'><strong>subaeratum</strong></span> <span class='ocrx_word' id='word_1_249' title='bbox 1214 1960 1278 2000; x_wconf 88' lang='lat' dir='ltr'><strong>ac</strong></span> <span class='ocrx_word' id='word_1_250' title='bbox 1313 1955 1533 2015; x_wconf 87' lang='lat' dir='ltr'><strong>propter</strong></span> <span class='ocrx_word' id='word_1_251' title='bbox 1570 1944 1826 2000; x_wconf 90' lang='lat' dir='ltr'><strong>duritiem</strong></span> <span class='ocrx_word' id='word_1_252' title='bbox 1855 1956 2052 2000; x_wconf 87' lang='lat' dir='ltr'><strong>contu-</strong></span> 
     </span>
    </p>
   </div>
   <div class='ocr_carea' id='block_1_36' title="bbox 475 2035 2048 2107">
    <p class='ocr_par' dir='ltr' id='par_1_36' title="bbox 475 2035 2048 2107">
     <span class='ocr_line' id='line_1_36' title="bbox 475 2035 2048 2107; baseline -0.003 -11"><span class='ocrx_word' id='word_1_253' title='bbox 475 2056 601 2096; x_wconf 76' lang='lat' dir='ltr'><strong>max</strong></span> <span class='ocrx_word' id='word_1_254' title='bbox 630 2052 736 2095; x_wconf 89' lang='lat' dir='ltr'><strong>est.</strong></span> <span class='ocrx_word' id='word_1_255' title='bbox 770 2038 860 2092; x_wconf 88' lang='lat' dir='ltr'><strong>Sic</strong></span> <span class='ocrx_word' id='word_1_256' title='bbox 887 2039 1180 2107; x_wconf 83' lang='lat' dir='ltr'><strong>Apostolus</strong></span> <span class='ocrx_word' id='word_1_257' title='bbox 1207 2036 1274 2090; x_wconf 89' lang='lat' dir='ltr'><strong>de</strong></span> <span class='ocrx_word' id='word_1_258' title='bbox 1295 2035 1477 2090; x_wconf 87' lang='lat' dir='ltr'><strong>carnis</strong></span> <span class='ocrx_word' id='word_1_259' title='bbox 1507 2035 1774 2105; x_wconf 85' lang='lat' dir='ltr'><strong>sapientia</strong></span> <span class='ocrx_word' id='word_1_260' title='bbox 1801 2038 2048 2106; x_wconf 89' lang='lat' dir='ltr'><strong>loquens,</strong></span> 
     </span>
    </p>
   </div>
   <div class='ocr_carea' id='block_1_37' title="bbox 476 2126 2054 2200">
    <p class='ocr_par' dir='ltr' id='par_1_37' title="bbox 476 2126 2054 2200">
     <span class='ocr_line' id='line_1_37' title="bbox 476 2126 2054 2200; baseline -0.003 -13"><span class='ocrx_word' id='word_1_261' title='bbox 476 2148 586 2188; x_wconf 91' lang='lat' dir='ltr'><strong>non</strong></span> <span class='ocrx_word' id='word_1_262' title='bbox 620 2146 840 2186; x_wconf 89' lang='lat' dir='ltr'><strong>carnem</strong></span> <span class='ocrx_word' id='word_1_263' title='bbox 893 2131 1066 2198; x_wconf 87' lang='lat' dir='ltr'><strong>ipsam</strong></span> <span class='ocrx_word' id='word_1_264' title='bbox 1103 2128 1298 2181; x_wconf 86' lang='lat' dir='ltr'><strong>asserit</strong></span> <span class='ocrx_word' id='word_1_265' title='bbox 1327 2126 1419 2182; x_wconf 89' lang='lat' dir='ltr'><strong>Dei</strong></span> <span class='ocrx_word' id='word_1_266' title='bbox 1453 2128 1556 2200; x_wconf 89' lang='lat' dir='ltr'><strong>legi</strong></span> <span class='ocrx_word' id='word_1_267' title='bbox 1593 2143 1700 2182; x_wconf 91' lang='lat' dir='ltr'><strong>non</strong></span> <span class='ocrx_word' id='word_1_268' title='bbox 1731 2143 1892 2198; x_wconf 89' lang='lat' dir='ltr'><strong>posse</strong></span> <span class='ocrx_word' id='word_1_269' title='bbox 1923 2129 2054 2183; x_wconf 90' lang='lat' dir='ltr'><strong>sub-</strong></span> 
     </span>
    </p>
   </div>
   <div class='ocr_carea' id='block_1_38' title="bbox 471 2218 2054 2294">
    <p class='ocr_par' dir='ltr' id='par_1_38' title="bbox 471 2218 2054 2294">
     <span class='ocr_line' id='line_1_38' title="bbox 471 2218 2054 2294; baseline -0.003 -17"><span class='ocrx_word' id='word_1_270' title='bbox 471 2222 569 2294; x_wconf 88' lang='lat' dir='ltr'><strong>jici</strong></span> <span class='ocrx_word' id='word_1_271' title='bbox 599 2241 611 2277; x_wconf 93' lang='lat'>:</span> <span class='ocrx_word' id='word_1_272' title='bbox 647 2221 744 2278; x_wconf 90' lang='lat' dir='ltr'><strong>sed</strong></span> <span class='ocrx_word' id='word_1_273' title='bbox 800 2236 918 2276; x_wconf 88' lang='lat' dir='ltr'><strong>eam</strong></span> <span class='ocrx_word' id='word_1_274' title='bbox 961 2236 1080 2293; x_wconf 68' lang='lat' dir='ltr'><strong>quae</strong></span> <span class='ocrx_word' id='word_1_275' title='bbox 1131 2226 1214 2274; x_wconf 88' lang='lat' dir='ltr'><strong>est</strong></span> <span class='ocrx_word' id='word_1_276' title='bbox 1250 2218 1304 2272; x_wconf 93' lang='lat' dir='ltr'><strong>in</strong></span> <span class='ocrx_word' id='word_1_277' title='bbox 1345 2233 1509 2273; x_wconf 89' lang='lat' dir='ltr'><strong>carne</strong></span> <span class='ocrx_word' id='word_1_278' title='bbox 1566 2219 1906 2289; x_wconf 85' lang='lat' dir='ltr'><strong>sapientiam,</strong></span> <span class='ocrx_word' id='word_1_279' title='bbox 1945 2233 2054 2290; x_wconf 90' lang='lat' dir='ltr'><strong>quo</strong></span> 
     </span>
    </p>
   </div>
   <div class='ocr_carea' id='block_1_39' title="bbox 479 2310 2056 2380">
    <p class='ocr_par' dir='ltr' id='par_1_39' title="bbox 479 2310 2056 2380">
     <span class='ocr_line' id='line_1_39' title="bbox 479 2310 2056 2380; baseline -0.003 -11"><span class='ocrx_word' id='word_1_280' title='bbox 479 2315 745 2370; x_wconf 88' lang='lat' dir='ltr'><strong>vocabulo</strong></span> <span class='ocrx_word' id='word_1_281' title='bbox 779 2313 924 2367; x_wconf 89' lang='lat' dir='ltr'><strong>illius</strong></span> <span class='ocrx_word' id='word_1_282' title='bbox 957 2313 1010 2366; x_wconf 89' lang='lat' dir='ltr'><strong>in</strong></span> <span class='ocrx_word' id='word_1_283' title='bbox 1036 2313 1341 2380; x_wconf 86' lang='lat' dir='ltr'><strong>voluptates</strong></span> <span class='ocrx_word' id='word_1_284' title='bbox 1370 2325 1432 2364; x_wconf 87' lang='lat' dir='ltr'><strong>ac</strong></span> <span class='ocrx_word' id='word_1_285' title='bbox 1461 2310 1713 2368; x_wconf 79' lang='lat' dir='ltr'><strong>libidines</strong></span> <span class='ocrx_word' id='word_1_286' title='bbox 1737 2311 2056 2380; x_wconf 80' lang='lat' dir='ltr'><strong>propensio-</strong></span> 
     </span>
    </p>
   </div>
   <div class='ocr_carea' id='block_1_40' title="bbox 479 2402 2054 2476">
    <p class='ocr_par' dir='ltr' id='par_1_40' title="bbox 479 2402 2054 2476">
     <span class='ocr_line' id='line_1_40' title="bbox 479 2402 2054 2476; baseline -0.001 -16"><span class='ocrx_word' id='word_1_287' title='bbox 479 2422 605 2461; x_wconf 91' lang='lat' dir='ltr'><strong>nem</strong></span> <span class='ocrx_word' id='word_1_288' title='bbox 641 2405 929 2476; x_wconf 85' lang='lat' dir='ltr'><strong>signiﬁcat.</strong></span> <span class='ocrx_word' id='word_1_289' title='bbox 972 2404 1146 2474; x_wconf 82' lang='lat' dir='ltr'><strong>Atque</strong></span> <span class='ocrx_word' id='word_1_290' title='bbox 1179 2403 1281 2456; x_wconf 87' lang='lat' dir='ltr'><strong>hoc</strong></span> <span class='ocrx_word' id='word_1_291' title='bbox 1310 2402 1434 2456; x_wconf 86' lang='lat' dir='ltr'><strong>alibi</strong></span> <span class='ocrx_word' id='word_1_292' title='bbox 1469 2417 1861 2472; x_wconf 89' lang='lat' dir='ltr'><strong>nonnunquam</strong></span> <span class='ocrx_word' id='word_1_293' title='bbox 1901 2414 2054 2458; x_wconf 88' lang='lat' dir='ltr'><strong>vetus</strong></span> 
     </span>
    </p>
   </div>
   <div class='ocr_carea' id='block_1_41' title="bbox 479 2495 2054 2565">
    <p class='ocr_par' dir='ltr' id='par_1_41' title="bbox 479 2495 2054 2565">
     <span class='ocr_line' id='line_1_41' title="bbox 479 2495 2054 2565; baseline -0.003 -11"><span class='ocrx_word' id='word_1_294' title='bbox 479 2502 802 2554; x_wconf 75' lang='lat' dir='ltr'><strong>fermentum</strong></span> <span class='ocrx_word' id='word_1_295' title='bbox 855 2497 1074 2550; x_wconf 80' lang='lat' dir='ltr'><strong>malitia:</strong></span> <span class='ocrx_word' id='word_1_296' title='bbox 1109 2512 1171 2549; x_wconf 88' lang='lat' dir='ltr'><strong>ac</strong></span> <span class='ocrx_word' id='word_1_297' title='bbox 1211 2496 1500 2565; x_wconf 71' lang='lat' dir='ltr'><strong>nequitiae&#39;</strong></span> <span class='ocrx_word' id='word_1_298' title='bbox 1536 2503 1711 2562; x_wconf 86' lang='lat' dir='ltr'><strong>vocat,</strong></span> <span class='ocrx_word' id='word_1_299' title='bbox 1740 2511 1864 2550; x_wconf 93' lang='lat' dir='ltr'><strong>eum</strong></span> <span class='ocrx_word' id='word_1_300' title='bbox 1919 2495 2054 2550; x_wconf 86' lang='lat' dir='ltr'><strong>illud</strong></span> 
     </span>
    </p>
   </div>
   <div class='ocr_carea' id='block_1_42' title="bbox 481 2586 2054 2658">
    <p class='ocr_par' dir='ltr' id='par_1_42' title="bbox 481 2586 2054 2658">
     <span class='ocr_line' id='line_1_42' title="bbox 481 2586 2054 2658; baseline -0.003 -13"><span class='ocrx_word' id='word_1_301' title='bbox 481 2591 768 2645; x_wconf 79' lang='lat' dir='ltr'><strong>lunditusa</strong></span> <span class='ocrx_word' id='word_1_302' title='bbox 792 2589 947 2643; x_wconf 90' lang='lat' dir='ltr'><strong>nobis</strong></span> <span class='ocrx_word' id='word_1_303' title='bbox 965 2587 1236 2657; x_wconf 79' lang='lat' dir='ltr'><strong>proﬂigari</strong></span> <span class='ocrx_word' id='word_1_304' title='bbox 1258 2588 1432 2655; x_wconf 86' lang='lat' dir='ltr'><strong>jubet.</strong></span> <span class='ocrx_word' id='word_1_305' title='bbox 1455 2586 1854 2658; x_wconf 80' lang='lat' dir='ltr'><strong>Nonnunquam</strong></span> <span class='ocrx_word' id='word_1_306' title='bbox 1882 2589 2054 2658; x_wconf 81' lang='lat' dir='ltr'><strong>legem</strong></span> 
     </span>
    </p>
   </div>
   <div class='ocr_carea' id='block_1_43' title="bbox 481 2679 2056 2750">
    <p class='ocr_par' dir='ltr' id='par_1_43' title="bbox 481 2679 2056 2750">
     <span class='ocr_line' id='line_1_43' title="bbox 481 2679 2056 2750; baseline 0 -16"><span class='ocrx_word' id='word_1_307' title='bbox 481 2681 716 2750; x_wconf 79' lang='lat' dir='ltr'><strong>appellat</strong></span> <span class='ocrx_word' id='word_1_308' title='bbox 752 2688 1140 2749; x_wconf 74' lang='lat' dir='ltr'><strong>repugnantem</strong></span> <span class='ocrx_word' id='word_1_309' title='bbox 1178 2679 1277 2748; x_wconf 88' lang='lat' dir='ltr'><strong>legi</strong></span> <span class='ocrx_word' id='word_1_310' title='bbox 1309 2679 1526 2745; x_wconf 86' lang='lat' dir='ltr'><strong>mentis,</strong></span> <span class='ocrx_word' id='word_1_311' title='bbox 1562 2687 1616 2733; x_wconf 88' lang='lat' dir='ltr'><strong>et</strong></span> <span class='ocrx_word' id='word_1_312' title='bbox 1644 2681 1919 2749; x_wconf 87' lang='lat' dir='ltr'><strong>captivum</strong></span> <span class='ocrx_word' id='word_1_313' title='bbox 1961 2681 2056 2734; x_wconf 89' lang='lat' dir='ltr'><strong>ab—</strong></span> 
     </span>
    </p>
   </div>
   <div class='ocr_carea' id='block_1_44' title="bbox 481 2770 2058 2841">
    <p class='ocr_par' dir='ltr' id='par_1_44' title="bbox 481 2770 2058 2841">
     <span class='ocr_line' id='line_1_44' title="bbox 481 2770 2058 2841; baseline -0.001 -14"><span class='ocrx_word' id='word_1_314' title='bbox 481 2773 769 2827; x_wconf 85' lang='lat' dir='ltr'><strong>ducentem</strong></span> <span class='ocrx_word' id='word_1_315' title='bbox 793 2771 1070 2840; x_wconf 71' lang='lat' dir='ltr'><strong>’.Alioqui</strong></span> <span class='ocrx_word' id='word_1_316' title='bbox 1106 2770 1151 2826; x_wconf 91' lang='lat' dir='ltr'><strong>si</strong></span> <span class='ocrx_word' id='word_1_317' title='bbox 1180 2785 1398 2833; x_wconf 77' lang='lat' dir='ltr'><strong>carnem</strong></span> <span class='ocrx_word' id='word_1_318' title='bbox 1425 2771 1599 2841; x_wconf 88' lang='lat' dir='ltr'><strong>ipsam</strong></span> <span class='ocrx_word' id='word_1_319' title='bbox 1635 2770 1840 2826; x_wconf 90' lang='lat' dir='ltr'><strong>diceret</strong></span> <span class='ocrx_word' id='word_1_320' title='bbox 1863 2771 2058 2825; x_wconf 75' lang='lat' dir='ltr'><strong>divina:</strong></span> 
     </span>
    </p>
   </div>
   <div class='ocr_carea' id='block_1_45' title="bbox 482 2861 2056 2933">
    <p class='ocr_par' dir='ltr' id='par_1_45' title="bbox 482 2861 2056 2933">
     <span class='ocr_line' id='line_1_45' title="bbox 482 2861 2056 2933; baseline 0.002 -17"><span class='ocrx_word' id='word_1_321' title='bbox 482 2863 588 2933; x_wconf 76' lang='lat' dir='ltr'><strong>legi</strong></span> <span class='ocrx_word' id='word_1_322' title='bbox 623 2862 821 2933; x_wconf 89' lang='lat' dir='ltr'><strong>subjici</strong></span> <span class='ocrx_word' id='word_1_323' title='bbox 876 2878 983 2917; x_wconf 90' lang='lat' dir='ltr'><strong>non</strong></span> <span class='ocrx_word' id='word_1_324' title='bbox 1019 2877 1204 2931; x_wconf 85' lang='lat' dir='ltr'><strong>posse,</strong></span> <span class='ocrx_word' id='word_1_325' title='bbox 1239 2863 1470 2930; x_wconf 86' lang='lat' dir='ltr'><strong>primum</strong></span> <span class='ocrx_word' id='word_1_326' title='bbox 1505 2861 1720 2931; x_wconf 90' lang='lat' dir='ltr'><strong>quoties</strong></span> <span class='ocrx_word' id='word_1_327' title='bbox 1745 2863 1830 2917; x_wconf 82' lang='lat' dir='ltr'><strong>vel</strong></span> <span class='ocrx_word' id='word_1_328' title='bbox 1857 2863 2056 2919; x_wconf 85' lang='lat' dir='ltr'><strong>intem-</strong></span> 
     </span>
    </p>
   </div>
   <div class='ocr_carea' id='block_1_46' title="bbox 483 2950 2055 3025">
    <p class='ocr_par' dir='ltr' id='par_1_46' title="bbox 483 2950 2055 3025">
     <span class='ocr_line' id='line_1_46' title="bbox 483 2950 2055 3025; baseline -0.001 -17"><span class='ocrx_word' id='word_1_329' title='bbox 483 2961 738 3025; x_wconf 83' lang='lat' dir='ltr'><strong>peranter</strong></span> <span class='ocrx_word' id='word_1_330' title='bbox 773 2952 976 3023; x_wconf 89' lang='lat' dir='ltr'><strong>aliquid</strong></span> <span class='ocrx_word' id='word_1_331' title='bbox 993 2953 1422 3020; x_wconf 45' lang='lat' dir='ltr'><strong>faceremusuvel</strong></span> <span class='ocrx_word' id='word_1_332' title='bbox 1455 2950 1659 3005; x_wconf 81' lang='lat' dir='ltr'><strong>furtum</strong></span> <span class='ocrx_word' id='word_1_333' title='bbox 1688 2952 2055 3008; x_wconf 86' lang='lat' dir='ltr'><strong>committere-</strong></span> 
     </span>
    </p>
   </div>
   <div class='ocr_carea' id='block_1_47' title="bbox 485 3043 2058 3116">
    <p class='ocr_par' dir='ltr' id='par_1_47' title="bbox 485 3043 2058 3116">
     <span class='ocr_line' id='line_1_47' title="bbox 485 3043 2058 3116; baseline 0 -16"><span class='ocrx_word' id='word_1_334' title='bbox 485 3046 740 3111; x_wconf 22' lang='lat' dir='ltr'><strong>qus,uvel</strong></span> <span class='ocrx_word' id='word_1_335' title='bbox 774 3053 968 3100; x_wconf 64' lang='lat' dir='ltr'><strong>caetera</strong></span> <span class='ocrx_word' id='word_1_336' title='bbox 1016 3043 1068 3098; x_wconf 88' lang='lat' dir='ltr'><strong>id</strong></span> <span class='ocrx_word' id='word_1_337' title='bbox 1094 3061 1265 3114; x_wconf 85' lang='lat' dir='ltr'><strong>genus</strong></span> <span class='ocrx_word' id='word_1_338' title='bbox 1294 3046 1540 3113; x_wconf 86' lang='lat' dir='ltr'><strong>corporis</strong></span> <span class='ocrx_word' id='word_1_339' title='bbox 1571 3045 1904 3099; x_wconf 86' lang='lat' dir='ltr'><strong>adminiculo</strong></span> <span class='ocrx_word' id='word_1_340' title='bbox 1935 3061 2058 3116; x_wconf 91' lang='lat' dir='ltr'><strong>per-</strong></span> 
     </span>
    </p>
   </div>
   <div class='ocr_carea' id='block_1_48' title="bbox 486 3133 2056 3208">
    <p class='ocr_par' dir='ltr' id='par_1_48' title="bbox 486 3133 2056 3208">
     <span class='ocr_line' id='line_1_48' title="bbox 486 3133 2056 3208; baseline 0.001 -18"><span class='ocrx_word' id='word_1_341' title='bbox 486 3144 843 3208; x_wconf 86' lang='lat' dir='ltr'><strong>petraremus,</strong></span> <span class='ocrx_word' id='word_1_342' title='bbox 871 3136 1018 3189; x_wconf 90' lang='lat' dir='ltr'><strong>nulla</strong></span> <span class='ocrx_word' id='word_1_343' title='bbox 1037 3136 1105 3190; x_wconf 91' lang='lat' dir='ltr'><strong>ob</strong></span> <span class='ocrx_word' id='word_1_344' title='bbox 1137 3135 1191 3188; x_wconf 90' lang='lat' dir='ltr'><strong>id</strong></span> <span class='ocrx_word' id='word_1_345' title='bbox 1217 3135 1358 3204; x_wconf 87' lang='lat' dir='ltr'><strong>apud</strong></span> <span class='ocrx_word' id='word_1_346' title='bbox 1387 3135 1594 3204; x_wconf 90' lang='lat' dir='ltr'><strong>justum</strong></span> <span class='ocrx_word' id='word_1_347' title='bbox 1605 3134 1844 3205; x_wconf 89' lang='lat' dir='ltr'><strong>judicem</strong></span> <span class='ocrx_word' id='word_1_348' title='bbox 1871 3133 2056 3205; x_wconf 79' lang='lat' dir='ltr'><strong>repre-</strong></span> 
     </span>
    </p>
   </div>
   <div class='ocr_carea' id='block_1_49' title="bbox 488 3225 2062 3297">
    <p class='ocr_par' dir='ltr' id='par_1_49' title="bbox 488 3225 2062 3297">
     <span class='ocr_line' id='line_1_49' title="bbox 488 3225 2062 3297; baseline 0.001 -16"><span class='ocrx_word' id='word_1_349' title='bbox 488 3227 752 3282; x_wconf 86' lang='lat' dir='ltr'><strong>bensione</strong></span> <span class='ocrx_word' id='word_1_350' title='bbox 802 3225 952 3296; x_wconf 91' lang='lat' dir='ltr'><strong>digni</strong></span> <span class='ocrx_word' id='word_1_351' title='bbox 1008 3225 1336 3294; x_wconf 89' lang='lat' dir='ltr'><strong>videremur,</strong></span> <span class='ocrx_word' id='word_1_352' title='bbox 1375 3225 1812 3297; x_wconf 86' lang='lat' dir='ltr'><strong>quandoquidem</strong></span> <span class='ocrx_word' id='word_1_353' title='bbox 1865 3226 2062 3282; x_wconf 68' lang='lat' dir='ltr'><strong>divinae</strong></span> 
     </span>
    </p>
   </div>
   <div class='ocr_carea' id='block_1_50' title="bbox 486 3317 2064 3390">
    <p class='ocr_par' dir='ltr' id='par_1_50' title="bbox 486 3317 2064 3390">
     <span class='ocr_line' id='line_1_50' title="bbox 486 3317 2064 3390; baseline 0 -16"><span class='ocrx_word' id='word_1_354' title='bbox 486 3319 591 3390; x_wconf 90' lang='lat' dir='ltr'><strong>legi</strong></span> <span class='ocrx_word' id='word_1_355' title='bbox 623 3317 782 3374; x_wconf 90' lang='lat' dir='ltr'><strong>subdi</strong></span> <span class='ocrx_word' id='word_1_356' title='bbox 830 3332 960 3372; x_wconf 89' lang='lat' dir='ltr'><strong>caro</strong></span> <span class='ocrx_word' id='word_1_357' title='bbox 1011 3317 1236 3372; x_wconf 89' lang='lat' dir='ltr'><strong>omnino</strong></span> <span class='ocrx_word' id='word_1_358' title='bbox 1277 3333 1385 3373; x_wconf 90' lang='lat' dir='ltr'><strong>non</strong></span> <span class='ocrx_word' id='word_1_359' title='bbox 1437 3323 1636 3388; x_wconf 82' lang='lat' dir='ltr'><strong>potest.</strong></span> <span class='ocrx_word' id='word_1_360' title='bbox 1665 3317 1776 3372; x_wconf 91' lang='lat' dir='ltr'><strong>Cur</strong></span> <span class='ocrx_word' id='word_1_361' title='bbox 1804 3317 1949 3372; x_wconf 90' lang='lat' dir='ltr'><strong>enim</strong></span> <span class='ocrx_word' id='word_1_362' title='bbox 1980 3334 2064 3374; x_wconf 84' lang='lat' dir='ltr'><strong>re-</strong></span> 
     </span>
    </p>
   </div>
   <div class='ocr_carea' id='block_1_51' title="bbox 488 3406 2062 3482">
    <p class='ocr_par' dir='ltr' id='par_1_51' title="bbox 488 3406 2062 3482">
     <span class='ocr_line' id='line_1_51' title="bbox 488 3406 2062 3482; baseline 0.001 -18"><span class='ocrx_word' id='word_1_363' title='bbox 488 3407 859 3482; x_wconf 82' lang='lat' dir='ltr'><strong>prehendatur</strong></span> <span class='ocrx_word' id='word_1_364' title='bbox 912 3422 1134 3478; x_wconf 87' lang='lat' dir='ltr'><strong>corpus,</strong></span> <span class='ocrx_word' id='word_1_365' title='bbox 1163 3406 1309 3477; x_wconf 88' lang='lat' dir='ltr'><strong>quod</strong></span> <span class='ocrx_word' id='word_1_366' title='bbox 1350 3423 1416 3464; x_wconf 85' lang='lat' dir='ltr'><strong>ex</strong></span> <span class='ocrx_word' id='word_1_367' title='bbox 1445 3415 1658 3464; x_wconf 74' lang='lat' dir='ltr'><strong>natura:</strong></span> <span class='ocrx_word' id='word_1_368' title='bbox 1683 3422 1797 3464; x_wconf 67' lang='lat' dir='ltr'><strong>sure</strong></span> <span class='ocrx_word' id='word_1_369' title='bbox 1820 3409 2062 3465; x_wconf 89' lang='lat' dir='ltr'><strong>necessi-</strong></span> 
     </span>
    </p>
   </div>
   <div class='ocr_carea' id='block_1_52' title="bbox 490 3499 817 3556">
    <p class='ocr_par' dir='ltr' id='par_1_52' title="bbox 490 3499 817 3556">
     <span class='ocr_line' id='line_1_52' title="bbox 490 3499 817 3556; baseline -0.012 -1"><span class='ocrx_word' id='word_1_370' title='bbox 490 3509 602 3556; x_wconf 83' lang='lat' dir='ltr'><strong>tate</strong></span> <span class='ocrx_word' id='word_1_371' title='bbox 620 3499 817 3554; x_wconf 78' lang='lat' dir='ltr'><strong>.vival?</strong></span> 
     </span>
    </p>
   </div>
   <div class='ocr_carea' id='block_1_53' title="bbox 564 3588 2065 3660">
    <p class='ocr_par' dir='ltr' id='par_1_53' title="bbox 564 3588 2065 3660">
     <span class='ocr_line' id='line_1_53' title="bbox 564 3588 2065 3660; baseline -0.001 -14"><span class='ocrx_word' id='word_1_372' title='bbox 564 3591 668 3646; x_wconf 90' lang='lat' dir='ltr'><strong>Sed</strong></span> <span class='ocrx_word' id='word_1_373' title='bbox 694 3606 869 3660; x_wconf 88' lang='lat' dir='ltr'><strong>neque</strong></span> <span class='ocrx_word' id='word_1_374' title='bbox 913 3589 979 3644; x_wconf 90' lang='lat' dir='ltr'><strong>ad</strong></span> <span class='ocrx_word' id='word_1_375' title='bbox 1019 3589 1400 3644; x_wconf 88' lang='lat' dir='ltr'><strong>castimoniam</strong></span> <span class='ocrx_word' id='word_1_376' title='bbox 1440 3597 1533 3644; x_wconf 87' lang='lat' dir='ltr'><strong>aut</strong></span> <span class='ocrx_word' id='word_1_377' title='bbox 1569 3589 1826 3644; x_wconf 88' lang='lat' dir='ltr'><strong>virtutem</strong></span> <span class='ocrx_word' id='word_1_378' title='bbox 1851 3588 2065 3644; x_wconf 90' lang='lat' dir='ltr'><strong>traduci</strong></span> 
     </span>
    </p>
   </div>
   <div class='ocr_carea' id='block_1_54' title="bbox 489 3679 2067 3753">
    <p class='ocr_par' dir='ltr' id='par_1_54' title="bbox 489 3679 2067 3753">
     <span class='ocr_line' id='line_1_54' title="bbox 489 3679 2067 3753; baseline -0.003 -14"><span class='ocrx_word' id='word_1_379' title='bbox 489 3697 691 3753; x_wconf 81' lang='lat' dir='ltr'><strong>corpus</strong></span> <span class='ocrx_word' id='word_1_380' title='bbox 750 3681 973 3752; x_wconf 87' lang='lat' dir='ltr'><strong>poterit,</strong></span> <span class='ocrx_word' id='word_1_381' title='bbox 999 3679 1144 3749; x_wconf 91' lang='lat' dir='ltr'><strong>quod</strong></span> <span class='ocrx_word' id='word_1_382' title='bbox 1193 3679 1338 3734; x_wconf 86' lang='lat' dir='ltr'><strong>bono</strong></span> <span class='ocrx_word' id='word_1_383' title='bbox 1373 3680 1570 3749; x_wconf 88' lang='lat' dir='ltr'><strong>subjici</strong></span> <span class='ocrx_word' id='word_1_384' title='bbox 1617 3696 1683 3736; x_wconf 87' lang='lat' dir='ltr'><strong>ex</strong></span> <span class='ocrx_word' id='word_1_385' title='bbox 1717 3688 1924 3735; x_wconf 64' lang='lat' dir='ltr'><strong>natura:</strong></span> <span class='ocrx_word' id='word_1_386' title='bbox 1955 3697 2067 3736; x_wconf 70' lang='lat' dir='ltr'><strong>suae</strong></span> 
     </span>
    </p>
   </div>
   <div class='ocr_carea' id='block_1_55' title="bbox 492 3769 2066 3843">
    <p class='ocr_par' dir='ltr' id='par_1_55' title="bbox 492 3769 2066 3843">
     <span class='ocr_line' id='line_1_55' title="bbox 492 3769 2066 3843; baseline -0.003 -14"><span class='ocrx_word' id='word_1_387' title='bbox 492 3773 807 3829; x_wconf 87' lang='lat' dir='ltr'><strong>conditione</strong></span> <span class='ocrx_word' id='word_1_388' title='bbox 836 3779 1092 3843; x_wconf 87' lang='lat' dir='ltr'><strong>nequeat.</strong></span> <span class='ocrx_word' id='word_1_389' title='bbox 1127 3769 1260 3824; x_wconf 67' lang='lat' dir='ltr'><strong>Nam</strong></span> <span class='ocrx_word' id='word_1_390' title='bbox 1286 3785 1411 3824; x_wconf 91' lang='lat' dir='ltr'><strong>cum</strong></span> <span class='ocrx_word' id='word_1_391' title='bbox 1444 3770 1750 3826; x_wconf 87' lang='lat' dir='ltr'><strong>istiusmodi</strong></span> <span class='ocrx_word' id='word_1_392' title='bbox 1777 3772 1846 3824; x_wconf 89' lang='lat' dir='ltr'><strong>sit</strong></span> <span class='ocrx_word' id='word_1_393' title='bbox 1870 3780 2066 3824; x_wconf 87' lang='lat' dir='ltr'><strong>natura</strong></span> 
     </span>
    </p>
   </div>
   <div class='ocr_carea' id='block_1_56' title="bbox 493 3863 2068 3935">
    <p class='ocr_par' dir='ltr' id='par_1_56' title="bbox 493 3863 2068 3935">
     <span class='ocr_line' id='line_1_56' title="bbox 493 3863 2068 3935; baseline -0.002 -14"><span class='ocrx_word' id='word_1_394' title='bbox 493 3865 702 3932; x_wconf 86' lang='lat' dir='ltr'><strong>carnis,</strong></span> <span class='ocrx_word' id='word_1_395' title='bbox 737 3873 796 3918; x_wconf 91' lang='lat' dir='ltr'><strong>ut</strong></span> <span class='ocrx_word' id='word_1_396' title='bbox 820 3864 1017 3920; x_wconf 73' lang='lat' dir='ltr'><strong>divinae</strong></span> <span class='ocrx_word' id='word_1_397' title='bbox 1045 3863 1148 3932; x_wconf 86' lang='lat' dir='ltr'><strong>legi</strong></span> <span class='ocrx_word' id='word_1_398' title='bbox 1178 3863 1376 3932; x_wconf 90' lang='lat' dir='ltr'><strong>subjici</strong></span> <span class='ocrx_word' id='word_1_399' title='bbox 1407 3871 1662 3934; x_wconf 89' lang='lat' dir='ltr'><strong>nequeat,</strong></span> <span class='ocrx_word' id='word_1_400' title='bbox 1695 3863 1878 3918; x_wconf 89' lang='lat' dir='ltr'><strong>divina</strong></span> <span class='ocrx_word' id='word_1_401' title='bbox 1905 3879 2068 3935; x_wconf 81' lang='lat' dir='ltr'><strong>porro</strong></span> 
     </span>
    </p>
   </div>
   <div class='ocr_carea' id='block_1_57' title="bbox 494 3945 2066 4028">
    <p class='ocr_par' dir='ltr' id='par_1_57' title="bbox 494 3945 2066 4028">
     <span class='ocr_line' id='line_1_57' title="bbox 494 3945 2066 4028; baseline -0.001 -14"><span class='ocrx_word' id='word_1_402' title='bbox 494 3961 580 4014; x_wconf 88' lang='lat' dir='ltr'><strong>lex</strong></span> <span class='ocrx_word' id='word_1_403' title='bbox 611 3958 824 4028; x_wconf 85' lang='lat' dir='ltr'><strong>justitia</strong></span> <span class='ocrx_word' id='word_1_404' title='bbox 847 3958 917 4012; x_wconf 91' lang='lat' dir='ltr'><strong>sit</strong></span> <span class='ocrx_word' id='word_1_405' title='bbox 949 3972 1012 4012; x_wconf 91' lang='lat' dir='ltr'><strong>ac</strong></span> <span class='ocrx_word' id='word_1_406' title='bbox 1042 3956 1430 4026; x_wconf 86' lang='lat' dir='ltr'><strong>temperantia;</strong></span> <span class='ocrx_word' id='word_1_407' title='bbox 1487 3945 1664 4026; x_wconf 71' lang='lat' dir='ltr'><strong>neque</strong></span> <span class='ocrx_word' id='word_1_408' title='bbox 1701 3957 2066 4026; x_wconf 84' lang='lat' dir='ltr'><strong>virginitate-tn</strong></span> 
     </span>
    </p>
   </div>
   <div class='ocr_carea' id='block_1_58' title="bbox 493 4048 2070 4120">
    <p class='ocr_par' dir='ltr' id='par_1_58' title="bbox 493 4048 2070 4120">
     <span class='ocr_line' id='line_1_58' title="bbox 493 4048 2070 4120; baseline -0.004 -13"><span class='ocrx_word' id='word_1_409' title='bbox 493 4066 733 4113; x_wconf 85' lang='lat' dir='ltr'><strong>servare,</strong></span> <span class='ocrx_word' id='word_1_410' title='bbox 761 4064 935 4120; x_wconf 91' lang='lat' dir='ltr'><strong>neque</strong></span> <span class='ocrx_word' id='word_1_411' title='bbox 954 4051 1322 4103; x_wconf 86' lang='lat' dir='ltr'><strong>continentem</strong></span> <span class='ocrx_word' id='word_1_412' title='bbox 1349 4063 1470 4104; x_wconf 90' lang='lat' dir='ltr'><strong>esse</strong></span> <span class='ocrx_word' id='word_1_413' title='bbox 1493 4063 1652 4118; x_wconf 90' lang='lat' dir='ltr'><strong>posse</strong></span> <span class='ocrx_word' id='word_1_414' title='bbox 1678 4048 1895 4117; x_wconf 91' lang='lat' dir='ltr'><strong>penitus</strong></span> <span class='ocrx_word' id='word_1_415' title='bbox 1917 4063 2070 4118; x_wconf 86' lang='lat' dir='ltr'><strong>opor-</strong></span> 
     </span>
    </p>
   </div>
   <div class='ocr_carea' id='block_1_59' title="bbox 475 4129 2058 4210">
    <p class='ocr_par' dir='ltr' id='par_1_59' title="bbox 475 4129 2058 4210">
     <span class='ocr_line' id='line_1_59' title="bbox 475 4129 2058 4210; baseline -0.002 -14"><span class='ocrx_word' id='word_1_416' title='bbox 475 4129 650 4198; x_wconf 78' lang='lat' dir='ltr'><strong>teret.</strong></span> <span class='ocrx_word' id='word_1_417' title='bbox 719 4141 814 4194; x_wconf 91' lang='lat' dir='ltr'><strong>Sin</strong></span> <span class='ocrx_word' id='word_1_418' title='bbox 859 4140 1224 4210; x_wconf 84' lang='lat' dir='ltr'><strong>virginitatem</strong></span> <span class='ocrx_word' id='word_1_419' title='bbox 1272 4153 1336 4193; x_wconf 87' lang='lat' dir='ltr'><strong>ac</strong></span> <span class='ocrx_word' id='word_1_420' title='bbox 1391 4139 1786 4202; x_wconf 74' lang='lat' dir='ltr'><strong>continentiam</strong></span> <span class='ocrx_word' id='word_1_421' title='bbox 1833 4139 2058 4203; x_wconf 87' lang='lat' dir='ltr'><strong>colunt,</strong></span> 
     </span>
    </p>
   </div>
   <div class='ocr_carea' id='block_1_60' title="bbox 493 4227 2069 4301">
    <p class='ocr_par' dir='ltr' id='par_1_60' title="bbox 493 4227 2069 4301">
     <span class='ocr_line' id='line_1_60' title="bbox 493 4227 2069 4301; baseline -0.003 -13"><span class='ocrx_word' id='word_1_422' title='bbox 493 4247 836 4301; x_wconf 90' lang='lat' dir='ltr'><strong>consequens</strong></span> <span class='ocrx_word' id='word_1_423' title='bbox 867 4239 972 4293; x_wconf 91' lang='lat' dir='ltr'><strong>est,</strong></span> <span class='ocrx_word' id='word_1_424' title='bbox 1010 4239 1066 4281; x_wconf 89' lang='lat' dir='ltr'><strong>ut</strong></span> <span class='ocrx_word' id='word_1_425' title='bbox 1098 4236 1151 4283; x_wconf 91' lang='lat' dir='ltr'><strong>et</strong></span> <span class='ocrx_word' id='word_1_426' title='bbox 1180 4244 1379 4298; x_wconf 88' lang='lat' dir='ltr'><strong>corpus</strong></span> <span class='ocrx_word' id='word_1_427' title='bbox 1411 4229 1726 4299; x_wconf 74' lang='lat' dir='ltr'><strong>subjiciunt.</strong></span> <span class='ocrx_word' id='word_1_428' title='bbox 1753 4227 1897 4284; x_wconf 87' lang='lat' dir='ltr'><strong>Fieri</strong></span> <span class='ocrx_word' id='word_1_429' title='bbox 1921 4231 2069 4284; x_wconf 90' lang='lat' dir='ltr'><strong>enim</strong></span> 
     </span>
    </p>
   </div>
   <div class='ocr_carea' id='block_1_61' title="bbox 495 4321 2066 4391">
    <p class='ocr_par' dir='ltr' id='par_1_61' title="bbox 495 4321 2066 4391">
     <span class='ocr_line' id='line_1_61' title="bbox 495 4321 2066 4391; baseline -0.002 -13"><span class='ocrx_word' id='word_1_430' title='bbox 495 4327 656 4378; x_wconf 86' lang='lat' dir='ltr'><strong>aliter</strong></span> <span class='ocrx_word' id='word_1_431' title='bbox 710 4338 816 4376; x_wconf 92' lang='lat' dir='ltr'><strong>non</strong></span> <span class='ocrx_word' id='word_1_432' title='bbox 873 4328 1072 4391; x_wconf 86' lang='lat' dir='ltr'><strong>potest,</strong></span> <span class='ocrx_word' id='word_1_433' title='bbox 1111 4329 1168 4373; x_wconf 86' lang='lat' dir='ltr'><strong>ut</strong></span> <span class='ocrx_word' id='word_1_434' title='bbox 1215 4337 1243 4372; x_wconf 93' lang='lat' dir='ltr'><strong>a</strong></span> <span class='ocrx_word' id='word_1_435' title='bbox 1280 4329 1506 4390; x_wconf 89' lang='lat' dir='ltr'><strong>peccato</strong></span> <span class='ocrx_word' id='word_1_436' title='bbox 1559 4337 1682 4376; x_wconf 91' lang='lat' dir='ltr'><strong>sese</strong></span> <span class='ocrx_word' id='word_1_437' title='bbox 1730 4321 2066 4375; x_wconf 90' lang='lat' dir='ltr'><strong>contineant.</strong></span> 
     </span>
    </p>
   </div>
   <div class='ocr_carea' id='block_1_62' title="bbox 495 4413 2067 4484">
    <p class='ocr_par' dir='ltr' id='par_1_62' title="bbox 495 4413 2067 4484">
     <span class='ocr_line' id='line_1_62' title="bbox 495 4413 2067 4484; baseline -0.002 -12"><span class='ocrx_word' id='word_1_438' title='bbox 495 4417 717 4473; x_wconf 88' lang='lat' dir='ltr'><strong>Falsum</strong></span> <span class='ocrx_word' id='word_1_439' title='bbox 774 4422 859 4470; x_wconf 87' lang='lat' dir='ltr'><strong>est</strong></span> <span class='ocrx_word' id='word_1_440' title='bbox 924 4414 1106 4484; x_wconf 83' lang='lat' dir='ltr'><strong>itaque</strong></span> <span class='ocrx_word' id='word_1_441' title='bbox 1140 4413 1333 4468; x_wconf 68' lang='lat' dir='ltr'><strong>divinat</strong></span> <span class='ocrx_word' id='word_1_442' title='bbox 1385 4414 1486 4484; x_wconf 83' lang='lat' dir='ltr'><strong>legi</strong></span> <span class='ocrx_word' id='word_1_443' title='bbox 1531 4428 1732 4483; x_wconf 89' lang='lat' dir='ltr'><strong>corpus</strong></span> <span class='ocrx_word' id='word_1_444' title='bbox 1766 4428 1874 4468; x_wconf 92' lang='lat' dir='ltr'><strong>non</strong></span> <span class='ocrx_word' id='word_1_445' title='bbox 1905 4429 2067 4484; x_wconf 90' lang='lat' dir='ltr'><strong>posse</strong></span> 
     </span>
    </p>
   </div>
   <div class='ocr_carea' id='block_1_63' title="bbox 2103 3049 3723 3125">
    <p class='ocr_par' dir='ltr' id='par_1_63' title="bbox 2103 3049 3723 3125">
     <span class='ocr_line' id='line_1_63' title="bbox 2103 3049 3723 3125; baseline -0.002 -19"><span class='ocrx_word' id='word_1_446' title='bbox 2103 3112 2115 3125; x_wconf 45' lang='lat'><strong>.</strong></span> <span class='ocrx_word' id='word_1_447' title='bbox 2164 3049 2197 3120; x_wconf 84' lang='grc' dir='ltr'>ἢ</span> <span class='ocrx_word' id='word_1_448' title='bbox 2248 3051 2315 3114; x_wconf 75' lang='grc' dir='ltr'>τὰ</span> <span class='ocrx_word' id='word_1_449' title='bbox 2369 3051 2502 3104; x_wconf 84' lang='grc' dir='ltr'>ἄλλα</span> <span class='ocrx_word' id='word_1_450' title='bbox 2556 3051 2656 3104; x_wconf 87' lang='grc' dir='ltr'>ὅσα</span> <span class='ocrx_word' id='word_1_451' title='bbox 2714 3051 2848 3104; x_wconf 81' lang='grc' dir='ltr'>άττα</span> <span class='ocrx_word' id='word_1_452' title='bbox 2895 3049 2984 3103; x_wconf 77' lang='grc' dir='ltr'><strong>διὰ</strong></span> <span class='ocrx_word' id='word_1_453' title='bbox 3039 3049 3287 3121; x_wconf 83' lang='grc' dir='ltr'>σώματος</span> <span class='ocrx_word' id='word_1_454' title='bbox 3335 3052 3723 3122; x_wconf 81' lang='grc' dir='ltr'>πράττοντεςῆ</span> 
     </span>
    </p>
   </div>
   <div class='ocr_carea' id='block_1_64' title="bbox 2161 1851 3727 1926">
    <p class='ocr_par' dir='ltr' id='par_1_64' title="bbox 2161 1851 3727 1926">
     <span class='ocr_line' id='line_1_64' title="bbox 2161 1851 3727 1926; baseline 0.006 -23"><span class='ocrx_word' id='word_1_455' title='bbox 2161 1852 2269 1904; x_wconf 76' lang='grc' dir='ltr'><strong>Καὶ</strong></span> <span class='ocrx_word' id='word_1_456' title='bbox 2301 1851 2361 1903; x_wconf 88' lang='grc' dir='ltr'><strong>οὑ</strong></span> <span class='ocrx_word' id='word_1_457' title='bbox 2397 1852 2546 1923; x_wconf 80' lang='grc' dir='ltr'>παρὰ</span> <span class='ocrx_word' id='word_1_458' title='bbox 2575 1852 2733 1906; x_wconf 88' lang='grc' dir='ltr'>τοῦτο</span> <span class='ocrx_word' id='word_1_459' title='bbox 2755 1854 2844 1907; x_wconf 73' lang='grc' dir='ltr'><strong>τὸν</strong></span> <span class='ocrx_word' id='word_1_460' title='bbox 2869 1853 3106 1925; x_wconf 82' lang='grc' dir='ltr'>ἄργυρον</span> <span class='ocrx_word' id='word_1_461' title='bbox 3135 1855 3453 1925; x_wconf 72' lang='grc' dir='ltr'>ἀπεφήνατο</span> <span class='ocrx_word' id='word_1_462' title='bbox 3477 1858 3554 1926; x_wconf 81' lang='grc' dir='ltr'>μὴ</span> <span class='ocrx_word' id='word_1_463' title='bbox 3580 1857 3727 1913; x_wconf 69' lang='grc' dir='ltr'>δύνα-</span> 
     </span>
    </p>
   </div>
   <div class='ocr_carea' id='block_1_65' title="bbox 2162 1940 3726 2021">
    <p class='ocr_par' dir='ltr' id='par_1_65' title="bbox 2162 1940 3726 2021">
     <span class='ocr_line' id='line_1_65' title="bbox 2162 1940 3726 2021; baseline 0.006 -29"><span class='ocrx_word' id='word_1_464' title='bbox 2162 1940 2285 1994; x_wconf 87' lang='grc' dir='ltr'>σθαι</span> <span class='ocrx_word' id='word_1_465' title='bbox 2314 1943 2393 2004; x_wconf 87' lang='grc' dir='ltr'><strong>είς</strong></span> <span class='ocrx_word' id='word_1_466' title='bbox 2421 1942 2612 2006; x_wconf 87' lang='grc' dir='ltr'>σκεῦος</span> <span class='ocrx_word' id='word_1_467' title='bbox 2647 1944 2944 2015; x_wconf 76' lang='grc' dir='ltr'>πονηθῆναι</span> <span class='ocrx_word' id='word_1_468' title='bbox 2964 1948 3253 2017; x_wconf 84' lang='grc' dir='ltr'>χρήσιμον,</span> <span class='ocrx_word' id='word_1_469' title='bbox 3275 1948 3414 2002; x_wconf 80' lang='grc' dir='ltr'>ἀλλὰ</span> <span class='ocrx_word' id='word_1_470' title='bbox 3447 1951 3507 2002; x_wconf 78' lang='grc' dir='ltr'>τὺ</span> <span class='ocrx_word' id='word_1_471' title='bbox 3531 1951 3726 2021; x_wconf 73' lang='grc' dir='ltr'>χαλκῶ-</span> 
     </span>
    </p>
   </div>
   <div class='ocr_carea' id='block_1_66' title="bbox 2158 2030 3725 2113">
    <p class='ocr_par' dir='ltr' id='par_1_66' title="bbox 2158 2030 3725 2113">
     <span class='ocr_line' id='line_1_66' title="bbox 2158 2030 3725 2113; baseline 0.009 -31"><span class='ocrx_word' id='word_1_472' title='bbox 2158 2030 2246 2095; x_wconf 85' lang='grc' dir='ltr'>δες</span> <span class='ocrx_word' id='word_1_473' title='bbox 2266 2031 2326 2084; x_wconf 86' lang='grc' dir='ltr'>τὸ</span> <span class='ocrx_word' id='word_1_474' title='bbox 2347 2034 2403 2084; x_wconf 86' lang='grc' dir='ltr'><strong>ἐν</strong></span> <span class='ocrx_word' id='word_1_475' title='bbox 2423 2033 2501 2103; x_wconf 83' lang='grc' dir='ltr'>τῷ</span> <span class='ocrx_word' id='word_1_476' title='bbox 2521 2035 2745 2105; x_wconf 84' lang='grc' dir='ltr'>ἀργύρῳ</span> <span class='ocrx_word' id='word_1_477' title='bbox 2761 2037 2854 2088; x_wconf 71' lang='grc' dir='ltr'><strong>καὶ</strong></span> <span class='ocrx_word' id='word_1_478' title='bbox 2878 2037 2976 2108; x_wconf 82' lang='grc' dir='ltr'><strong>τὴν</strong></span> <span class='ocrx_word' id='word_1_479' title='bbox 3005 2037 3170 2109; x_wconf 76' lang='grc' dir='ltr'>ἀλλην</span> <span class='ocrx_word' id='word_1_480' title='bbox 3194 2039 3325 2111; x_wconf 82' lang='grc' dir='ltr'>σκλη</span> <span class='ocrx_word' id='word_1_481' title='bbox 3335 2041 3560 2113; x_wconf 76' lang='grc' dir='ltr'>ρότητα.</span> <span class='ocrx_word' id='word_1_482' title='bbox 3582 2043 3725 2095; x_wconf 78' lang='grc' dir='ltr'><strong>υῦτω</strong></span> 
     </span>
    </p>
   </div>
   <div class='ocr_carea' id='block_1_67' title="bbox 2159 2125 3723 2205">
    <p class='ocr_par' dir='ltr' id='par_1_67' title="bbox 2159 2125 3723 2205">
     <span class='ocr_line' id='line_1_67' title="bbox 2159 2125 3723 2205; baseline 0.013 -38"><span class='ocrx_word' id='word_1_483' title='bbox 2159 2128 2254 2178; x_wconf 60' lang='grc' dir='ltr'><strong>καὶ</strong></span> <span class='ocrx_word' id='word_1_484' title='bbox 2276 2125 2334 2177; x_wconf 83' lang='grc' dir='ltr'><strong>τὸ</strong></span> <span class='ocrx_word' id='word_1_485' title='bbox 2355 2125 2609 2196; x_wconf 83' lang='grc' dir='ltr'>φρόνημα</span> <span class='ocrx_word' id='word_1_486' title='bbox 2637 2127 2736 2194; x_wconf 82' lang='grc' dir='ltr'><strong>τῆς</strong></span> <span class='ocrx_word' id='word_1_487' title='bbox 2768 2127 2967 2198; x_wconf 77' lang='grc' dir='ltr'>σαρκὸς</span> <span class='ocrx_word' id='word_1_488' title='bbox 2988 2128 3273 2194; x_wconf 78' lang='grc' dir='ltr'>εἰπὼν,.οὐ</span> <span class='ocrx_word' id='word_1_489' title='bbox 3304 2132 3401 2202; x_wconf 78' lang='grc' dir='ltr'>τὴν</span> <span class='ocrx_word' id='word_1_490' title='bbox 3435 2134 3611 2204; x_wconf 84' lang='grc' dir='ltr'>σάρκα</span> <span class='ocrx_word' id='word_1_491' title='bbox 3628 2136 3723 2205; x_wconf 68' lang='grc' dir='ltr'><strong>ἔφη</strong></span> 
     </span>
    </p>
   </div>
   <div class='ocr_carea' id='block_1_68' title="bbox 2164 2215 3727 2290">
    <p class='ocr_par' dir='ltr' id='par_1_68' title="bbox 2164 2215 3727 2290">
     <span class='ocr_line' id='line_1_68' title="bbox 2164 2215 3727 2290; baseline 0.005 -23"><span class='ocrx_word' id='word_1_492' title='bbox 2164 2216 2238 2287; x_wconf 76' lang='grc' dir='ltr'><strong>μὴ</strong></span> <span class='ocrx_word' id='word_1_493' title='bbox 2260 2215 2516 2268; x_wconf 86' lang='grc' dir='ltr'>δύνασθαι</span> <span class='ocrx_word' id='word_1_494' title='bbox 2540 2217 2938 2270; x_wconf 84' lang='grc' dir='ltr'>ὑποτάσσεσθαι</span> <span class='ocrx_word' id='word_1_495' title='bbox 2961 2217 3036 2288; x_wconf 76' lang='grc' dir='ltr'>τῷ</span> <span class='ocrx_word' id='word_1_496' title='bbox 3050 2220 3198 2290; x_wconf 81' lang='grc' dir='ltr'>νόμῳ</span> <span class='ocrx_word' id='word_1_497' title='bbox 3222 2220 3316 2273; x_wconf 88' lang='grc' dir='ltr'><strong>τοῦ</strong></span> <span class='ocrx_word' id='word_1_498' title='bbox 3334 2218 3492 2284; x_wconf 84' lang='grc' dir='ltr'>Θεοῦ,</span> <span class='ocrx_word' id='word_1_499' title='bbox 3510 2223 3644 2275; x_wconf 71' lang='grc' dir='ltr'>ἀλλὰ</span> <span class='ocrx_word' id='word_1_500' title='bbox 3672 2224 3727 2275; x_wconf 70' lang='grc' dir='ltr'>τὸ</span> 
     </span>
    </p>
   </div>
   <div class='ocr_carea' id='block_1_69' title="bbox 2162 2304 3728 2383">
    <p class='ocr_par' dir='ltr' id='par_1_69' title="bbox 2162 2304 3728 2383">
     <span class='ocr_line' id='line_1_69' title="bbox 2162 2304 3728 2383; baseline 0.003 -23"><span class='ocrx_word' id='word_1_501' title='bbox 2162 2308 2414 2378; x_wconf 84' lang='grc' dir='ltr'>φρόνημα</span> <span class='ocrx_word' id='word_1_502' title='bbox 2441 2308 2498 2362; x_wconf 68' lang='grc' dir='ltr'>τὸ</span> <span class='ocrx_word' id='word_1_503' title='bbox 2531 2310 2588 2362; x_wconf 82' lang='grc' dir='ltr'><strong>ἐν</strong></span> <span class='ocrx_word' id='word_1_504' title='bbox 2611 2312 2675 2379; x_wconf 84' lang='grc' dir='ltr'>τῇ</span> <span class='ocrx_word' id='word_1_505' title='bbox 2706 2311 2886 2379; x_wconf 70' lang='grc' dir='ltr'>σαρκὶ,</span> <span class='ocrx_word' id='word_1_506' title='bbox 2918 2304 3027 2362; x_wconf 77' lang='grc' dir='ltr'>οἷον</span> <span class='ocrx_word' id='word_1_507' title='bbox 3071 2310 3133 2363; x_wconf 84' lang='grc' dir='ltr'>τὸ</span> <span class='ocrx_word' id='word_1_508' title='bbox 3178 2312 3312 2382; x_wconf 82' lang='grc' dir='ltr'>πρὸς</span> <span class='ocrx_word' id='word_1_509' title='bbox 3340 2313 3438 2376; x_wconf 75' lang='grc' dir='ltr'><strong>τὰς</strong></span> <span class='ocrx_word' id='word_1_510' title='bbox 3466 2313 3728 2383; x_wconf 79' lang='grc' dir='ltr'>ἀκρασίας</span> 
     </span>
    </p>
   </div>
   <div class='ocr_carea' id='block_1_70' title="bbox 2161 2401 3728 2475">
    <p class='ocr_par' dir='ltr' id='par_1_70' title="bbox 2161 2401 3728 2475">
     <span class='ocr_line' id='line_1_70' title="bbox 2161 2401 3728 2475; baseline 0.002 -21"><span class='ocrx_word' id='word_1_511' title='bbox 2161 2402 2329 2472; x_wconf 78' lang='grc' dir='ltr'>αὐτῆς</span> <span class='ocrx_word' id='word_1_512' title='bbox 2370 2401 2540 2470; x_wconf 82' lang='grc' dir='ltr'>λέγων</span> <span class='ocrx_word' id='word_1_513' title='bbox 2584 2403 2829 2474; x_wconf 86' lang='grc' dir='ltr'><strong>ὅρμημα.</strong></span> <span class='ocrx_word' id='word_1_514' title='bbox 2857 2401 3032 2472; x_wconf 84' lang='grc' dir='ltr'>Ὅπερ</span> <span class='ocrx_word' id='word_1_515' title='bbox 3073 2402 3302 2472; x_wconf 83' lang='grc' dir='ltr'>ἀλλαχοῦ</span> <span class='ocrx_word' id='word_1_516' title='bbox 3350 2405 3440 2457; x_wconf 82' lang='grc' dir='ltr'>ὁτὲ</span> <span class='ocrx_word' id='word_1_517' title='bbox 3490 2406 3588 2475; x_wconf 82' lang='grc' dir='ltr'>μὲν</span> <span class='ocrx_word' id='word_1_518' title='bbox 3632 2423 3728 2458; x_wconf 73' lang='grc' dir='ltr'>πσο</span> 
     </span>
    </p>
   </div>
   <div class='ocr_carea' id='block_1_71' title="bbox 2161 2493 3728 2566">
    <p class='ocr_par' dir='ltr' id='par_1_71' title="bbox 2161 2493 3728 2566">
     <span class='ocr_line' id='line_1_71' title="bbox 2161 2493 3728 2566; baseline 0.004 -21"><span class='ocrx_word' id='word_1_519' title='bbox 2161 2494 2317 2547; x_wconf 83' lang='grc' dir='ltr'>λαιὰν</span> <span class='ocrx_word' id='word_1_520' title='bbox 2373 2493 2549 2564; x_wconf 79' lang='grc' dir='ltr'>ζύμην</span> <span class='ocrx_word' id='word_1_521' title='bbox 2605 2493 2802 2557; x_wconf 78' lang='grc' dir='ltr'><strong>κακίας</strong></span> <span class='ocrx_word' id='word_1_522' title='bbox 2850 2495 2944 2548; x_wconf 72' lang='grc' dir='ltr'><strong>καὶ</strong></span> <span class='ocrx_word' id='word_1_523' title='bbox 2991 2495 3253 2566; x_wconf 75' lang='grc' dir='ltr'>πονηρίας</span> <span class='ocrx_word' id='word_1_524' title='bbox 3289 2496 3568 2558; x_wconf 78' lang='grc' dir='ltr'>ἐκάλεσεν,</span> <span class='ocrx_word' id='word_1_525' title='bbox 3617 2500 3728 2551; x_wconf 77' lang='grc' dir='ltr'>ἐπι-</span> 
     </span>
    </p>
   </div>
   <div class='ocr_carea' id='block_1_72' title="bbox 2164 2587 3727 2660">
    <p class='ocr_par' dir='ltr' id='par_1_72' title="bbox 2164 2587 3727 2660">
     <span class='ocr_line' id='line_1_72' title="bbox 2164 2587 3727 2660; baseline 0.003 -21"><span class='ocrx_word' id='word_1_526' title='bbox 2164 2587 2414 2659; x_wconf 87' lang='grc' dir='ltr'>σπέρχων</span> <span class='ocrx_word' id='word_1_527' title='bbox 2463 2588 2764 2652; x_wconf 85' lang='grc' dir='ltr'>αὐτοτελῶς</span> <span class='ocrx_word' id='word_1_528' title='bbox 2796 2588 2888 2658; x_wconf 76' lang='grc' dir='ltr'><strong>ἀφ’</strong></span> <span class='ocrx_word' id='word_1_529' title='bbox 2937 2589 3091 2660; x_wconf 77' lang='grc' dir='ltr'>ἡμῶν</span> <span class='ocrx_word' id='word_1_530' title='bbox 3145 2588 3495 2660; x_wconf 78' lang='grc' dir='ltr'>ἁῖστωθῆναι,</span> <span class='ocrx_word' id='word_1_531' title='bbox 3547 2591 3635 2642; x_wconf 77' lang='grc' dir='ltr'>6τέ</span> <span class='ocrx_word' id='word_1_532' title='bbox 3676 2591 3727 2644; x_wconf 71' lang='grc' dir='ltr'><strong>δὲ</strong></span> 
     </span>
    </p>
   </div>
   <div class='ocr_carea' id='block_1_73' title="bbox 2161 2679 3729 2751">
    <p class='ocr_par' dir='ltr' id='par_1_73' title="bbox 2161 2679 3729 2751">
     <span class='ocr_line' id='line_1_73' title="bbox 2161 2679 3729 2751; baseline 0.003 -20"><span class='ocrx_word' id='word_1_533' title='bbox 2161 2679 2324 2748; x_wconf 83' lang='grc' dir='ltr'>νόμον</span> <span class='ocrx_word' id='word_1_534' title='bbox 2382 2679 2926 2750; x_wconf 83' lang='grc' dir='ltr'>ἀντιστρατευόμενον</span> <span class='ocrx_word' id='word_1_535' title='bbox 2981 2680 3058 2750; x_wconf 81' lang='grc' dir='ltr'>τῷ</span> <span class='ocrx_word' id='word_1_536' title='bbox 3107 2680 3254 2751; x_wconf 79' lang='grc' dir='ltr'>νόμῳ</span> <span class='ocrx_word' id='word_1_537' title='bbox 3308 2680 3402 2734; x_wconf 83' lang='grc' dir='ltr'><strong>τοῦ</strong></span> <span class='ocrx_word' id='word_1_538' title='bbox 3445 2681 3599 2746; x_wconf 76' lang='grc' dir='ltr'>νοὸς,</span> <span class='ocrx_word' id='word_1_539' title='bbox 3642 2683 3729 2735; x_wconf 66' lang='grc' dir='ltr'><strong>καὶ</strong></span> 
     </span>
    </p>
   </div>
   <div class='ocr_carea' id='block_1_74' title="bbox 2161 2770 3726 2843">
    <p class='ocr_par' dir='ltr' id='par_1_74' title="bbox 2161 2770 3726 2843">
     <span class='ocr_line' id='line_1_74' title="bbox 2161 2770 3726 2843; baseline 0.001 -20"><span class='ocrx_word' id='word_1_540' title='bbox 2161 2770 2646 2840; x_wconf 73' lang='grc' dir='ltr'>αἰχμαλωτίζοντά.</span> <span class='ocrx_word' id='word_1_541' title='bbox 2681 2771 2854 2835; x_wconf 72' lang='grc' dir='ltr'>Ἐπεὶ,</span> <span class='ocrx_word' id='word_1_542' title='bbox 2906 2773 2953 2824; x_wconf 78' lang='grc' dir='ltr'>εἰ</span> <span class='ocrx_word' id='word_1_543' title='bbox 3003 2771 3170 2843; x_wconf 74' lang='grc' dir='ltr'>αὐτὴν</span> <span class='ocrx_word' id='word_1_544' title='bbox 3216 2773 3314 2843; x_wconf 78' lang='grc' dir='ltr'>τὴν</span> <span class='ocrx_word' id='word_1_545' title='bbox 3360 2773 3541 2842; x_wconf 85' lang='grc' dir='ltr'>σάρκα</span> <span class='ocrx_word' id='word_1_546' title='bbox 3587 2773 3726 2841; x_wconf 74' lang='grc' dir='ltr'>ἔλεγε</span> 
     </span>
    </p>
   </div>
   <div class='ocr_carea' id='block_1_75' title="bbox 2166 2863 3728 2936">
    <p class='ocr_par' dir='ltr' id='par_1_75' title="bbox 2166 2863 3728 2936">
     <span class='ocr_line' id='line_1_75' title="bbox 2166 2863 3728 2936; baseline 0 -20"><span class='ocrx_word' id='word_1_547' title='bbox 2166 2863 2240 2934; x_wconf 83' lang='grc' dir='ltr'>μὴ</span> <span class='ocrx_word' id='word_1_548' title='bbox 2269 2863 2528 2918; x_wconf 86' lang='grc' dir='ltr'>δύνασθαι</span> <span class='ocrx_word' id='word_1_549' title='bbox 2557 2863 2957 2917; x_wconf 83' lang='grc' dir='ltr'>ὑποτάσσεσθαι</span> <span class='ocrx_word' id='word_1_550' title='bbox 2990 2863 3066 2934; x_wconf 81' lang='grc' dir='ltr'>τῷ</span> <span class='ocrx_word' id='word_1_551' title='bbox 3096 2865 3244 2935; x_wconf 83' lang='grc' dir='ltr'>νόμῳ</span> <span class='ocrx_word' id='word_1_552' title='bbox 3280 2865 3373 2918; x_wconf 90' lang='grc' dir='ltr'><strong>τοῦ</strong></span> <span class='ocrx_word' id='word_1_553' title='bbox 3401 2865 3558 2929; x_wconf 86' lang='grc' dir='ltr'>Θεοῦ,</span> <span class='ocrx_word' id='word_1_554' title='bbox 3589 2867 3728 2936; x_wconf 80' lang='grc' dir='ltr'>πρῶ-</span> 
     </span>
    </p>
   </div>
   <div class='ocr_carea' id='block_1_76' title="bbox 2161 2955 3725 3030">
    <p class='ocr_par' dir='ltr' id='par_1_76' title="bbox 2161 2955 3725 3030">
     <span class='ocr_line' id='line_1_76' title="bbox 2161 2955 3725 3030; baseline 0.001 -21"><span class='ocrx_word' id='word_1_555' title='bbox 2161 2974 2254 3009; x_wconf 83' lang='grc' dir='ltr'><strong>τον</strong></span> <span class='ocrx_word' id='word_1_556' title='bbox 2290 2955 2414 3010; x_wconf 73' lang='grc' dir='ltr'>οὔτε</span> <span class='ocrx_word' id='word_1_557' title='bbox 2455 2957 2658 3028; x_wconf 73' lang='grc' dir='ltr'>μέμψιν</span> <span class='ocrx_word' id='word_1_558' title='bbox 2713 2957 2777 3010; x_wconf 88' lang='grc' dir='ltr'><strong>ἂν</strong></span> <span class='ocrx_word' id='word_1_559' title='bbox 2825 2957 3232 3024; x_wconf 78' lang='grc' dir='ltr'>ἀσελγαίνοντες</span> <span class='ocrx_word' id='word_1_560' title='bbox 3283 2959 3318 3026; x_wconf 80' lang='grc' dir='ltr'>ἢ</span> <span class='ocrx_word' id='word_1_561' title='bbox 3363 2959 3725 3030; x_wconf 74' lang='grc' dir='ltr'>λῃστεύοντες,</span> 
     </span>
    </p>
   </div>
   <div class='ocr_carea' id='block_1_77' title="bbox 2087 3142 3724 3219">
    <p class='ocr_par' dir='ltr' id='par_1_77' title="bbox 2087 3142 3724 3219">
     <span class='ocr_line' id='line_1_77' title="bbox 2087 3142 3724 3219; baseline 0.001 -25"><span class='ocrx_word' id='word_1_562' title='bbox 2087 3163 2129 3219; x_wconf 78' lang='lat' dir='ltr'><strong>C</strong></span> <span class='ocrx_word' id='word_1_563' title='bbox 2164 3142 2440 3204; x_wconf 84' lang='grc' dir='ltr'>ποιοῦντες</span> <span class='ocrx_word' id='word_1_564' title='bbox 2464 3143 2604 3213; x_wconf 74' lang='grc' dir='ltr'>ἔχειν</span> <span class='ocrx_word' id='word_1_565' title='bbox 2625 3142 2926 3213; x_wconf 78' lang='grc' dir='ltr'>ἐδυνάμεθα</span> <span class='ocrx_word' id='word_1_566' title='bbox 2948 3142 3095 3212; x_wconf 78' lang='grc' dir='ltr'>παρὰ</span> <span class='ocrx_word' id='word_1_567' title='bbox 3123 3142 3313 3213; x_wconf 84' lang='grc' dir='ltr'>δικαίῳ</span> <span class='ocrx_word' id='word_1_568' title='bbox 3339 3147 3524 3215; x_wconf 80' lang='grc' dir='ltr'>κριτῇ,</span> <span class='ocrx_word' id='word_1_569' title='bbox 3548 3145 3724 3196; x_wconf 74' lang='grc' dir='ltr'>ἀδυνά-</span> 
     </span>
    </p>
   </div>
   <div class='ocr_carea' id='block_1_78' title="bbox 2161 3233 3725 3305">
    <p class='ocr_par' dir='ltr' id='par_1_78' title="bbox 2161 3233 3725 3305">
     <span class='ocr_line' id='line_1_78' title="bbox 2161 3233 3725 3305; baseline -0.001 -18"><span class='ocrx_word' id='word_1_570' title='bbox 2161 3253 2268 3298; x_wconf 90' lang='grc' dir='ltr'><strong>τως</strong></span> <span class='ocrx_word' id='word_1_571' title='bbox 2303 3233 2531 3304; x_wconf 84' lang='grc' dir='ltr'>ἐχούσης</span> <span class='ocrx_word' id='word_1_572' title='bbox 2568 3235 2665 3305; x_wconf 82' lang='grc' dir='ltr'><strong>τῆς</strong></span> <span class='ocrx_word' id='word_1_573' title='bbox 2703 3233 2902 3304; x_wconf 80' lang='grc' dir='ltr'>σαρκὸς</span> <span class='ocrx_word' id='word_1_574' title='bbox 2941 3234 3337 3288; x_wconf 85' lang='grc' dir='ltr'>ὑποτάσσεσθαι</span> <span class='ocrx_word' id='word_1_575' title='bbox 3365 3235 3447 3305; x_wconf 80' lang='grc' dir='ltr'>τῷ</span> <span class='ocrx_word' id='word_1_576' title='bbox 3477 3237 3619 3305; x_wconf 72' lang='grc' dir='ltr'>νόμῳ</span> <span class='ocrx_word' id='word_1_577' title='bbox 3641 3234 3725 3286; x_wconf 77' lang='grc' dir='ltr'><strong>τοῦ</strong></span> 
     </span>
    </p>
   </div>
   <div class='ocr_carea' id='block_1_79' title="bbox 2163 3323 3724 3396">
    <p class='ocr_par' dir='ltr' id='par_1_79' title="bbox 2163 3323 3724 3396">
     <span class='ocr_line' id='line_1_79' title="bbox 2163 3323 3724 3396; baseline -0.001 -18"><span class='ocrx_word' id='word_1_578' title='bbox 2163 3323 2319 3378; x_wconf 86' lang='grc' dir='ltr'>Θεοῦ.</span> <span class='ocrx_word' id='word_1_579' title='bbox 2353 3323 2474 3387; x_wconf 83' lang='grc' dir='ltr'><strong>Πῶς</strong></span> <span class='ocrx_word' id='word_1_580' title='bbox 2513 3323 2622 3396; x_wconf 84' lang='grc' dir='ltr'>γὰρ</span> <span class='ocrx_word' id='word_1_581' title='bbox 2645 3323 2712 3377; x_wconf 82' lang='grc' dir='ltr'><strong>ἂν</strong></span> <span class='ocrx_word' id='word_1_582' title='bbox 2743 3325 3018 3395; x_wconf 80' lang='grc' dir='ltr'>μεμπτέον</span> <span class='ocrx_word' id='word_1_583' title='bbox 3065 3325 3289 3378; x_wconf 84' lang='grc' dir='ltr'>ἐδύνατο</span> <span class='ocrx_word' id='word_1_584' title='bbox 3325 3326 3386 3379; x_wconf 81' lang='grc' dir='ltr'><strong>τὸ</strong></span> <span class='ocrx_word' id='word_1_585' title='bbox 3417 3326 3573 3396; x_wconf 83' lang='grc' dir='ltr'>σῶμα</span> <span class='ocrx_word' id='word_1_586' title='bbox 3597 3327 3724 3379; x_wconf 67' lang='grc' dir='ltr'>κατὰ</span> 
     </span>
    </p>
   </div>
   <div class='ocr_carea' id='block_1_80' title="bbox 2162 3412 3324 3488">
    <p class='ocr_par' dir='ltr' id='par_1_80' title="bbox 2162 3412 3324 3488">
     <span class='ocr_line' id='line_1_80' title="bbox 2162 3412 3324 3488; baseline -0.001 -19"><span class='ocrx_word' id='word_1_587' title='bbox 2162 3417 2260 3488; x_wconf 84' lang='grc' dir='ltr'>τὴν</span> <span class='ocrx_word' id='word_1_588' title='bbox 2286 3415 2592 3486; x_wconf 89' lang='grc' dir='ltr'>προσοῦσαν</span> <span class='ocrx_word' id='word_1_589' title='bbox 2621 3417 2768 3487; x_wconf 84' lang='grc' dir='ltr'>αὑτῷ</span> <span class='ocrx_word' id='word_1_590' title='bbox 2797 3416 2958 3486; x_wconf 83' lang='grc' dir='ltr'>φύσιν</span> <span class='ocrx_word' id='word_1_591' title='bbox 2981 3413 3129 3487; x_wconf 83' lang='grc' dir='ltr'>βιοῦν</span> <span class='ocrx_word' id='word_1_592' title='bbox 3153 3412 3324 3485; x_wconf 79' lang='grc' dir='ltr'>εἷναις</span> 
     </span>
    </p>
   </div>
   <div class='ocr_carea' id='block_1_81' title="bbox 2249 3599 3724 3671">
    <p class='ocr_par' dir='ltr' id='par_1_81' title="bbox 2249 3599 3724 3671">
     <span class='ocr_line' id='line_1_81' title="bbox 2249 3599 3724 3671; baseline -0.002 -18"><span class='ocrx_word' id='word_1_593' title='bbox 2249 3599 2409 3654; x_wconf 78' lang='grc' dir='ltr'>Ἀλλὰ</span> <span class='ocrx_word' id='word_1_594' title='bbox 2435 3600 2556 3653; x_wconf 85' lang='grc' dir='ltr'><strong>οὑδέ</strong></span> <span class='ocrx_word' id='word_1_595' title='bbox 2589 3600 2762 3663; x_wconf 79' lang='grc' dir='ltr'>ἄλλως</span> <span class='ocrx_word' id='word_1_596' title='bbox 2788 3601 2866 3664; x_wconf 86' lang='grc' dir='ltr'><strong>είς</strong></span> <span class='ocrx_word' id='word_1_597' title='bbox 2900 3599 3121 3668; x_wconf 80' lang='grc' dir='ltr'>ἁγνείαν</span> <span class='ocrx_word' id='word_1_598' title='bbox 3151 3600 3184 3671; x_wconf 83' lang='grc' dir='ltr'>ἢ</span> <span class='ocrx_word' id='word_1_599' title='bbox 3209 3599 3409 3671; x_wconf 77' lang='grc' dir='ltr'>ἀρετὴν</span> <span class='ocrx_word' id='word_1_600' title='bbox 3441 3600 3724 3671; x_wconf 71' lang='grc' dir='ltr'>ὑπαχθῆναι</span> 
     </span>
    </p>
   </div>
   <div class='ocr_carea' id='block_1_82' title="bbox 2165 3690 3726 3763">
    <p class='ocr_par' dir='ltr' id='par_1_82' title="bbox 2165 3690 3726 3763">
     <span class='ocr_line' id='line_1_82' title="bbox 2165 3690 3726 3763; baseline -0.003 -17"><span class='ocrx_word' id='word_1_601' title='bbox 2165 3693 2226 3747; x_wconf 83' lang='grc' dir='ltr'>τὸ</span> <span class='ocrx_word' id='word_1_602' title='bbox 2280 3691 2439 3763; x_wconf 84' lang='grc' dir='ltr'>σῶμα</span> <span class='ocrx_word' id='word_1_603' title='bbox 2486 3692 2734 3758; x_wconf 82' lang='grc' dir='ltr'>ἐδύνατο,</span> <span class='ocrx_word' id='word_1_604' title='bbox 2787 3691 3026 3760; x_wconf 79' lang='grc' dir='ltr'>πεφυκὸς</span> <span class='ocrx_word' id='word_1_605' title='bbox 3085 3691 3159 3762; x_wconf 86' lang='grc' dir='ltr'>μὴ</span> <span class='ocrx_word' id='word_1_606' title='bbox 3217 3691 3612 3744; x_wconf 84' lang='grc' dir='ltr'>ὑποτάσσεσθαι</span> <span class='ocrx_word' id='word_1_607' title='bbox 3658 3690 3726 3759; x_wconf 80' lang='grc' dir='ltr'>τῷ</span> 
     </span>
    </p>
   </div>
   <div class='ocr_carea' id='block_1_83' title="bbox 2167 3768 3727 3853">
    <p class='ocr_par' dir='ltr' id='par_1_83' title="bbox 2167 3768 3727 3853">
     <span class='ocr_line' id='line_1_83' title="bbox 2167 3768 3727 3853; baseline -0.014 -1"><span class='ocrx_word' id='word_1_608' title='bbox 2167 3783 2373 3853; x_wconf 81' lang='grc' dir='ltr'>ἀγαθῷ-</span> <span class='ocrx_word' id='word_1_609' title='bbox 2403 3784 2466 3836; x_wconf 66' lang='grc' dir='ltr'><strong>Εἰ</strong></span> <span class='ocrx_word' id='word_1_610' title='bbox 2496 3782 2603 3853; x_wconf 81' lang='grc' dir='ltr'>γὰρ</span> <span class='ocrx_word' id='word_1_611' title='bbox 2629 3785 2662 3852; x_wconf 76' lang='grc' dir='ltr'>ἢ</span> <span class='ocrx_word' id='word_1_612' title='bbox 2697 3768 2856 3850; x_wconf 71' lang='grc' dir='ltr'>φῦσις</span> <span class='ocrx_word' id='word_1_613' title='bbox 2897 3781 3122 3852; x_wconf 75' lang='grc' dir='ltr'>τοιαύτη</span> <span class='ocrx_word' id='word_1_614' title='bbox 3151 3782 3248 3852; x_wconf 80' lang='grc' dir='ltr'>τῆς</span> <span class='ocrx_word' id='word_1_615' title='bbox 3288 3781 3520 3853; x_wconf 80' lang='grc' dir='ltr'>σαρκὸς,</span> <span class='ocrx_word' id='word_1_616' title='bbox 3550 3782 3620 3852; x_wconf 79' lang='grc' dir='ltr'>μὴ</span> <span class='ocrx_word' id='word_1_617' title='bbox 3651 3782 3727 3834; x_wconf 60' lang='grc' dir='ltr'><strong>δέ-</strong></span> 
     </span>
    </p>
   </div>
   <div class='ocr_carea' id='block_1_84' title="bbox 2167 3872 3725 3945">
    <p class='ocr_par' dir='ltr' id='par_1_84' title="bbox 2167 3872 3725 3945">
     <span class='ocr_line' id='line_1_84' title="bbox 2167 3872 3725 3945; baseline -0.001 -17"><span class='ocrx_word' id='word_1_618' title='bbox 2167 3875 2360 3928; x_wconf 89' lang='grc' dir='ltr'>νασθαι</span> <span class='ocrx_word' id='word_1_619' title='bbox 2412 3874 2808 3928; x_wconf 77' lang='grc' dir='ltr'>ὑποτάσσεσθαι</span> <span class='ocrx_word' id='word_1_620' title='bbox 2852 3873 2928 3945; x_wconf 82' lang='grc' dir='ltr'>τῷ</span> <span class='ocrx_word' id='word_1_621' title='bbox 2975 3873 3124 3945; x_wconf 81' lang='grc' dir='ltr'>νόμῳ</span> <span class='ocrx_word' id='word_1_622' title='bbox 3174 3874 3265 3926; x_wconf 89' lang='grc' dir='ltr'><strong>τοῦ</strong></span> <span class='ocrx_word' id='word_1_623' title='bbox 3303 3873 3460 3936; x_wconf 78' lang='grc' dir='ltr'>Θεοῦ,</span> <span class='ocrx_word' id='word_1_624' title='bbox 3499 3875 3653 3944; x_wconf 74' lang='grc' dir='ltr'>νόμος</span> <span class='ocrx_word' id='word_1_625' title='bbox 3679 3872 3725 3926; x_wconf 58' lang='grc' dir='ltr'><strong>ἃ</strong></span> 
     </span>
    </p>
   </div>
   <div class='ocr_carea' id='block_1_85' title="bbox 2168 3963 3723 4037">
    <p class='ocr_par' dir='ltr' id='par_1_85' title="bbox 2168 3963 3723 4037">
     <span class='ocr_line' id='line_1_85' title="bbox 2168 3963 3723 4037; baseline -0.004 -17"><span class='ocrx_word' id='word_1_626' title='bbox 2168 3967 2304 4020; x_wconf 84' lang='grc' dir='ltr'>Θεοῦ</span> <span class='ocrx_word' id='word_1_627' title='bbox 2336 3966 2648 4037; x_wconf 84' lang='grc' dir='ltr'>δικαιοσύνη</span> <span class='ocrx_word' id='word_1_628' title='bbox 2681 3968 2773 4020; x_wconf 59' lang='grc' dir='ltr'><strong>καλ¹</strong></span> <span class='ocrx_word' id='word_1_629' title='bbox 2801 3965 3119 4036; x_wconf 79' lang='grc' dir='ltr'>σωφροσύνη</span> <span class='ocrx_word' id='word_1_630' title='bbox 3141 3982 3155 3995; x_wconf 89' lang='grc'><strong>·</strong></span> <span class='ocrx_word' id='word_1_631' title='bbox 3185 3964 3349 4034; x_wconf 79' lang='grc' dir='ltr'>ἐχρῆν</span> <span class='ocrx_word' id='word_1_632' title='bbox 3381 3964 3512 4034; x_wconf 77' lang='grc' dir='ltr'><strong>μηδὲ</strong></span> <span class='ocrx_word' id='word_1_633' title='bbox 3538 3963 3723 4027; x_wconf 47' lang='lat' dir='ltr'><strong>m3:-</strong></span> 
     </span>
    </p>
   </div>
   <div class='ocr_carea' id='block_1_86' title="bbox 2169 4051 3724 4127">
    <p class='ocr_par' dir='ltr' id='par_1_86' title="bbox 2169 4051 3724 4127">
     <span class='ocr_line' id='line_1_86' title="bbox 2169 4051 3724 4127; baseline -0.007 -17"><span class='ocrx_word' id='word_1_634' title='bbox 2169 4059 2374 4121; x_wconf 83' lang='grc' dir='ltr'>νεύειν,</span> <span class='ocrx_word' id='word_1_635' title='bbox 2426 4058 2562 4127; x_wconf 83' lang='grc' dir='ltr'>μήτε</span> <span class='ocrx_word' id='word_1_636' title='bbox 2613 4054 3038 4126; x_wconf 85' lang='grc' dir='ltr'>ὲγκρατεὺεσθαι</span> <span class='ocrx_word' id='word_1_637' title='bbox 3097 4052 3354 4106; x_wconf 84' lang='grc' dir='ltr'>δύνασθαι</span> <span class='ocrx_word' id='word_1_638' title='bbox 3411 4051 3471 4103; x_wconf 82' lang='grc' dir='ltr'>τὸ</span> <span class='ocrx_word' id='word_1_639' title='bbox 3528 4051 3724 4102; x_wconf 77' lang='grc' dir='ltr'>σύνολον</span> 
     </span>
    </p>
   </div>
   <div class='ocr_carea' id='block_1_87' title="bbox 2168 4141 3725 4216">
    <p class='ocr_par' dir='ltr' id='par_1_87' title="bbox 2168 4141 3725 4216">
     <span class='ocr_line' id='line_1_87' title="bbox 2168 4141 3725 4216; baseline -0.006 -13"><span class='ocrx_word' id='word_1_640' title='bbox 2168 4151 2304 4213; x_wconf 85' lang='grc' dir='ltr'>ὅλως</span> <span class='ocrx_word' id='word_1_641' title='bbox 2337 4153 2400 4203; x_wconf 88' lang='grc' dir='ltr'><strong>ἐκ</strong></span> <span class='ocrx_word' id='word_1_642' title='bbox 2427 4149 2644 4211; x_wconf 72' lang='grc' dir='ltr'>παντός.</span> <span class='ocrx_word' id='word_1_643' title='bbox 2687 4148 2748 4199; x_wconf 77' lang='lat' dir='ltr'><strong>Ei</strong></span> <span class='ocrx_word' id='word_1_644' title='bbox 2781 4146 2837 4200; x_wconf 85' lang='grc' dir='ltr'><strong>δὲ</strong></span> <span class='ocrx_word' id='word_1_645' title='bbox 2887 4145 3275 4216; x_wconf 83' lang='grc' dir='ltr'>παρθενεύουσι</span> <span class='ocrx_word' id='word_1_646' title='bbox 3329 4145 3423 4197; x_wconf 75' lang='grc' dir='ltr'><strong>καὶ</strong></span> <span class='ocrx_word' id='word_1_647' title='bbox 3449 4141 3725 4213; x_wconf 80' lang='grc' dir='ltr'>ἐγκρατεὺ-</span> 
     </span>
    </p>
   </div>
   <div class='ocr_carea' id='block_1_88' title="bbox 2169 4233 3724 4310">
    <p class='ocr_par' dir='ltr' id='par_1_88' title="bbox 2169 4233 3724 4310">
     <span class='ocr_line' id='line_1_88' title="bbox 2169 4233 3724 4310; baseline -0.006 -16"><span class='ocrx_word' id='word_1_648' title='bbox 2169 4259 2342 4304; x_wconf 85' lang='grc' dir='ltr'>ονται,</span> <span class='ocrx_word' id='word_1_649' title='bbox 2371 4240 2608 4310; x_wconf 81' lang='grc' dir='ltr'>δηλονότι</span> <span class='ocrx_word' id='word_1_650' title='bbox 2655 4237 2716 4290; x_wconf 81' lang='grc' dir='ltr'><strong>τὸ</strong></span> <span class='ocrx_word' id='word_1_651' title='bbox 2756 4237 2912 4307; x_wconf 83' lang='grc' dir='ltr'>σῶμα</span> <span class='ocrx_word' id='word_1_652' title='bbox 2953 4236 3363 4290; x_wconf 82' lang='grc' dir='ltr'>ὑποτάσσουσιν.</span> <span class='ocrx_word' id='word_1_653' title='bbox 3395 4235 3600 4296; x_wconf 75' lang='grc' dir='ltr'>’Ἄλλως</span> <span class='ocrx_word' id='word_1_654' title='bbox 3635 4233 3724 4303; x_wconf 67' lang='grc' dir='ltr'><strong>γὰρ</strong></span> 
     </span>
    </p>
   </div>
   <div class='ocr_carea' id='block_1_89' title="bbox 2171 4324 3722 4404">
    <p class='ocr_par' dir='ltr' id='par_1_89' title="bbox 2171 4324 3722 4404">
     <span class='ocr_line' id='line_1_89' title="bbox 2171 4324 3722 4404; baseline -0.007 -18"><span class='ocrx_word' id='word_1_655' title='bbox 2171 4331 2595 4404; x_wconf 81' lang='grc' dir='ltr'>ἐγκρατεύεσθαι</span> <span class='ocrx_word' id='word_1_656' title='bbox 2627 4329 2899 4401; x_wconf 68' lang='grc' dir='ltr'>ἁμαρτίας</span> <span class='ocrx_word' id='word_1_657' title='bbox 2943 4328 3220 4382; x_wconf 81' lang='grc' dir='ltr'>ἀδύνατον.</span> <span class='ocrx_word' id='word_1_658' title='bbox 3259 4327 3370 4379; x_wconf 84' lang='grc' dir='ltr'>Οὑκ</span> <span class='ocrx_word' id='word_1_659' title='bbox 3410 4326 3520 4397; x_wconf 75' lang='grc' dir='ltr'>ἄρα</span> <span class='ocrx_word' id='word_1_660' title='bbox 3551 4326 3610 4378; x_wconf 84' lang='grc' dir='ltr'><strong>οὑ</strong></span> <span class='ocrx_word' id='word_1_661' title='bbox 3645 4324 3722 4376; x_wconf 72' lang='grc' dir='ltr'><strong>δύο</strong></span> 
     </span>
    </p>
   </div>
   <div class='ocr_carea' id='block_1_90' title="bbox 2170 4415 3721 4494">
    <p class='ocr_par' dir='ltr' id='par_1_90' title="bbox 2170 4415 3721 4494">
     <span class='ocr_line' id='line_1_90' title="bbox 2170 4415 3721 4494; baseline -0.008 -14"><span class='ocrx_word' id='word_1_662' title='bbox 2170 4442 2326 4481; x_wconf 89' lang='grc' dir='ltr'>ναται</span> <span class='ocrx_word' id='word_1_663' title='bbox 2367 4424 2428 4477; x_wconf 84' lang='grc' dir='ltr'><strong>τὸ</strong></span> <span class='ocrx_word' id='word_1_664' title='bbox 2476 4423 2632 4494; x_wconf 83' lang='grc' dir='ltr'>σῶμα</span> <span class='ocrx_word' id='word_1_665' title='bbox 2677 4418 3078 4475; x_wconf 82' lang='grc' dir='ltr'>ὑποτάσσεσθαι</span> <span class='ocrx_word' id='word_1_666' title='bbox 3124 4418 3201 4488; x_wconf 80' lang='grc' dir='ltr'>τῷ</span> <span class='ocrx_word' id='word_1_667' title='bbox 3249 4417 3343 4471; x_wconf 82' lang='grc' dir='ltr'><strong>τοῦ</strong></span> <span class='ocrx_word' id='word_1_668' title='bbox 3393 4415 3528 4470; x_wconf 77' lang='grc' dir='ltr'>Θεοῦ</span> <span class='ocrx_word' id='word_1_669' title='bbox 3575 4417 3721 4484; x_wconf 73' lang='grc' dir='ltr'>νόμῳ.</span> 
     </span>
    </p>
   </div>
   <div class='ocr_carea' id='block_1_91' title="bbox 496 4503 2060 4582">
    <p class='ocr_par' dir='ltr' id='par_1_91' title="bbox 496 4506 2060 4577">
     <span class='ocr_line' id='line_1_91' title="bbox 496 4506 2060 4577; baseline -0.002 -13"><span class='ocrx_word' id='word_1_670' title='bbox 496 4507 714 4577; x_wconf 87' lang='lat' dir='ltr'><strong>subjici.</strong></span> <span class='ocrx_word' id='word_1_671' title='bbox 773 4506 925 4572; x_wconf 85' lang='lat' dir='ltr'><strong>Quod</strong></span> <span class='ocrx_word' id='word_1_672' title='bbox 989 4506 1034 4559; x_wconf 89' lang='lat' dir='ltr'><strong>si</strong></span> <span class='ocrx_word' id='word_1_673' title='bbox 1092 4520 1278 4559; x_wconf 85' lang='lat' dir='ltr'><strong>verum</strong></span> <span class='ocrx_word' id='word_1_674' title='bbox 1330 4517 1496 4570; x_wconf 88' lang='lat' dir='ltr'><strong>esset,</strong></span> <span class='ocrx_word' id='word_1_675' title='bbox 1563 4521 1798 4575; x_wconf 88' lang='lat' dir='ltr'><strong>quanam</strong></span> <span class='ocrx_word' id='word_1_676' title='bbox 1858 4508 2060 4562; x_wconf 85' lang='lat' dir='ltr'><strong>ratione</strong></span> 
     </span>
    </p>
   </div>
   <div class='ocr_carea' id='block_1_92' title="bbox 2167 4503 3723 4582">
    <p class='ocr_par' dir='ltr' id='par_1_92' title="bbox 2180 4508 3723 4582">
     <span class='ocr_line' id='line_1_92' title="bbox 2180 4508 3723 4582; baseline -0.007 -12"><span class='ocrx_word' id='word_1_677' title='bbox 2180 4517 2332 4570; x_wconf 77' lang='grc' dir='ltr'>Ἐπεὶ</span> <span class='ocrx_word' id='word_1_678' title='bbox 2360 4515 2476 4578; x_wconf 86' lang='grc' dir='ltr'>πῶς</span> <span class='ocrx_word' id='word_1_679' title='bbox 2505 4514 2571 4567; x_wconf 83' lang='grc' dir='ltr'>ἂν</span> <span class='ocrx_word' id='word_1_680' title='bbox 2604 4515 2632 4565; x_wconf 85' lang='grc' dir='ltr'>ὁ</span> <span class='ocrx_word' id='word_1_681' title='bbox 2673 4514 2924 4582; x_wconf 78' lang='grc' dir='ltr'>Ἰωάννης</span> <span class='ocrx_word' id='word_1_682' title='bbox 2952 4509 3216 4573; x_wconf 78' lang='grc' dir='ltr'>ὑπέταξεν</span> <span class='ocrx_word' id='word_1_683' title='bbox 3247 4509 3440 4562; x_wconf 75' lang='grc' dir='ltr'>ἑαυτοῦ</span> <span class='ocrx_word' id='word_1_684' title='bbox 3489 4508 3551 4560; x_wconf 78' lang='grc' dir='ltr'><strong>τὸ</strong></span> <span class='ocrx_word' id='word_1_685' title='bbox 3590 4508 3723 4574; x_wconf 63' lang='grc' dir='ltr'>σῶμα</span> 
     </span>
    </p>
   </div>
   <div class='ocr_carea' id='block_1_93' title="bbox 494 4597 2068 4668">
    <p class='ocr_par' dir='ltr' id='par_1_93' title="bbox 494 4597 2068 4668">
     <span class='ocr_line' id='line_1_93' title="bbox 494 4597 2068 4668; baseline -0.003 -12"><span class='ocrx_word' id='word_1_686' title='bbox 494 4600 736 4656; x_wconf 84' lang='lat' dir='ltr'><strong>Joannes</strong></span> <span class='ocrx_word' id='word_1_687' title='bbox 795 4613 995 4668; x_wconf 91' lang='lat' dir='ltr'><strong>corpus</strong></span> <span class='ocrx_word' id='word_1_688' title='bbox 1030 4613 1190 4652; x_wconf 91' lang='lat' dir='ltr'><strong>suum</strong></span> <span class='ocrx_word' id='word_1_689' title='bbox 1238 4597 1305 4651; x_wconf 89' lang='lat' dir='ltr'><strong>ad</strong></span> <span class='ocrx_word' id='word_1_690' title='bbox 1348 4599 1656 4653; x_wconf 83' lang='lat' dir='ltr'><strong>castitatem</strong></span> <span class='ocrx_word' id='word_1_691' title='bbox 1701 4599 1826 4663; x_wconf 89' lang='lat' dir='ltr'><strong>sibi,</strong></span> <span class='ocrx_word' id='word_1_692' title='bbox 1875 4606 1969 4653; x_wconf 90' lang='lat' dir='ltr'><strong>aut</strong></span> <span class='ocrx_word' id='word_1_693' title='bbox 2001 4599 2068 4652; x_wconf 87' lang='lat' dir='ltr'><strong>ad</strong></span> 
     </span>
    </p>
   </div>
   <div class='ocr_carea' id='block_1_94' title="bbox 495 4688 2067 4759">
    <p class='ocr_par' dir='ltr' id='par_1_94' title="bbox 495 4688 2067 4759">
     <span class='ocr_line' id='line_1_94' title="bbox 495 4688 2067 4759; baseline -0.004 -10"><span class='ocrx_word' id='word_1_694' title='bbox 495 4693 912 4750; x_wconf 83' lang='lat' dir='ltr'><strong>sanctimoniam</strong></span> <span class='ocrx_word' id='word_1_695' title='bbox 970 4689 1186 4752; x_wconf 80' lang='lat' dir='ltr'><strong>Petrus,</strong></span> <span class='ocrx_word' id='word_1_696' title='bbox 1218 4689 1385 4759; x_wconf 76' lang='lat'><strong>578</strong></span> <span class='ocrx_word' id='word_1_697' title='bbox 1430 4697 1524 4742; x_wconf 89' lang='lat' dir='ltr'><strong>aut</strong></span> <span class='ocrx_word' id='word_1_698' title='bbox 1563 4688 1630 4742; x_wconf 87' lang='lat' dir='ltr'><strong>ad</strong></span> <span class='ocrx_word' id='word_1_699' title='bbox 1666 4689 1935 4758; x_wconf 86' lang='lat' dir='ltr'><strong>justitiam</strong></span> <span class='ocrx_word' id='word_1_700' title='bbox 1970 4689 2067 4743; x_wconf 90' lang='lat' dir='ltr'><strong>de-</strong></span> 
     </span>
    </p>
   </div>
   <div class='ocr_carea' id='block_1_95' title="bbox 496 4779 2066 4854">
    <p class='ocr_par' dir='ltr' id='par_1_95' title="bbox 496 4779 2066 4854">
     <span class='ocr_line' id='line_1_95' title="bbox 496 4779 2066 4854; baseline -0.004 -14"><span class='ocrx_word' id='word_1_701' title='bbox 496 4786 663 4854; x_wconf 88' lang='lat' dir='ltr'><strong>nique</strong></span> <span class='ocrx_word' id='word_1_702' title='bbox 698 4783 880 4837; x_wconf 65' lang='lat' dir='ltr'><strong>caeleri</strong></span> <span class='ocrx_word' id='word_1_703' title='bbox 937 4781 1353 4836; x_wconf 85' lang='lat' dir='ltr'><strong>subdidissent?</strong></span> <span class='ocrx_word' id='word_1_704' title='bbox 1401 4779 1512 4834; x_wconf 89' lang='lat' dir='ltr'><strong>Cur</strong></span> <span class='ocrx_word' id='word_1_705' title='bbox 1550 4782 1715 4835; x_wconf 89' lang='lat' dir='ltr'><strong>etiam</strong></span> <span class='ocrx_word' id='word_1_706' title='bbox 1746 4779 1947 4834; x_wconf 83' lang='lat' dir='ltr'><strong>Paulus</strong></span> <span class='ocrx_word' id='word_1_707' title='bbox 1993 4781 2066 4834; x_wconf 87' lang='lat' dir='ltr'><strong>ita</strong></span> 
     </span>
    </p>
   </div>
   <div class='ocr_carea' id='block_1_96' title="bbox 497 4859 2070 4943">
    <p class='ocr_par' dir='ltr' id='par_1_96' title="bbox 497 4859 2070 4943">
     <span class='ocr_line' id='line_1_96' title="bbox 497 4859 2070 4943; baseline -0.004 -12"><span class='ocrx_word' id='word_1_708' title='bbox 497 4877 842 4931; x_wconf 84' lang='lat' dir='ltr'><strong>monuisset:</strong></span> <span class='ocrx_word' id='word_1_709' title='bbox 883 4871 963 4927; x_wconf 89' lang='lat' dir='ltr'><strong>Ne</strong></span> <span class='ocrx_word' id='word_1_710' title='bbox 1014 4873 1174 4943; x_wconf 79' lang='lat' dir='ltr'><strong>igitur</strong></span> <span class='ocrx_word' id='word_1_711' title='bbox 1213 4881 1387 4943; x_wconf 79' lang='lat' dir='ltr'><strong>regnet</strong></span> <span class='ocrx_word' id='word_1_712' title='bbox 1437 4859 1707 4940; x_wconf 77' lang='lat' dir='ltr'><strong>peccatum</strong></span> <span class='ocrx_word' id='word_1_713' title='bbox 1755 4873 1806 4925; x_wconf 87' lang='lat' dir='ltr'><strong>in</strong></span> <span class='ocrx_word' id='word_1_714' title='bbox 1855 4871 2070 4924; x_wconf 84' lang='lat' dir='ltr'><strong>mortali</strong></span> 
     </span>
    </p>
   </div>
   <div class='ocr_carea' id='block_1_97' title="bbox 498 4951 2070 5033">
    <p class='ocr_par' dir='ltr' id='par_1_97' title="bbox 498 4951 2070 5033">
     <span class='ocr_line' id='line_1_97' title="bbox 498 4951 2070 5033; baseline -0.004 -14"><span class='ocrx_word' id='word_1_715' title='bbox 498 4975 666 5019; x_wconf 79' lang='lat' dir='ltr'><strong>t-estro</strong></span> <span class='ocrx_word' id='word_1_716' title='bbox 695 4980 930 5033; x_wconf 89' lang='lat' dir='ltr'><strong>corpore,</strong></span> <span class='ocrx_word' id='word_1_717' title='bbox 967 4971 1022 5016; x_wconf 90' lang='lat' dir='ltr'><strong>ut</strong></span> <span class='ocrx_word' id='word_1_718' title='bbox 1062 4951 1318 5017; x_wconf 74' lang='lat' dir='ltr'><strong>obediatis</strong></span> <span class='ocrx_word' id='word_1_719' title='bbox 1353 4960 1725 5029; x_wconf 82' lang='lat' dir='ltr'><strong>cupiditatibus</strong></span> <span class='ocrx_word' id='word_1_720' title='bbox 1759 4961 1944 5025; x_wconf 81' lang='lat' dir='ltr'><strong>illius;</strong></span> <span class='ocrx_word' id='word_1_721' title='bbox 1979 4978 2070 5014; x_wconf 85' lang='lat' dir='ltr'><strong>nec</strong></span> 
     </span>
    </p>
   </div>
   <div class='ocr_carea' id='block_1_98' title="bbox 495 5054 2070 5122">
    <p class='ocr_par' dir='ltr' id='par_1_98' title="bbox 495 5054 2070 5122">
     <span class='ocr_line' id='line_1_98' title="bbox 495 5054 2070 5122; baseline -0.003 -11"><span class='ocrx_word' id='word_1_722' title='bbox 495 5056 730 5111; x_wconf 75' lang='lat' dir='ltr'><strong>exhibete</strong></span> <span class='ocrx_word' id='word_1_723' title='bbox 767 5056 996 5109; x_wconf 86' lang='lat' dir='ltr'><strong>membra</strong></span> <span class='ocrx_word' id='word_1_724' title='bbox 1047 5064 1218 5109; x_wconf 81' lang='lat' dir='ltr'><strong>vestra</strong></span> <span class='ocrx_word' id='word_1_725' title='bbox 1261 5069 1414 5106; x_wconf 87' lang='lat' dir='ltr'><strong>arma</strong></span> <span class='ocrx_word' id='word_1_726' title='bbox 1472 5054 1750 5122; x_wconf 75' lang='lat' dir='ltr'><strong>injustitia:</strong></span> <span class='ocrx_word' id='word_1_727' title='bbox 1825 5063 2070 5122; x_wconf 84' lang='lat' dir='ltr'><strong>peccato;</strong></span> 
     </span>
    </p>
   </div>
   <div class='ocr_carea' id='block_1_99' title="bbox 499 5147 2071 5218">
    <p class='ocr_par' dir='ltr' id='par_1_99' title="bbox 499 5147 2071 5218">
     <span class='ocr_line' id='line_1_99' title="bbox 499 5147 2071 5218; baseline -0.002 -16"><span class='ocrx_word' id='word_1_728' title='bbox 499 5148 588 5202; x_wconf 80' lang='lat' dir='ltr'><strong>sed</strong></span> <span class='ocrx_word' id='word_1_729' title='bbox 644 5147 877 5202; x_wconf 74' lang='lat' dir='ltr'><strong>exhibete</strong></span> <span class='ocrx_word' id='word_1_730' title='bbox 910 5148 1040 5213; x_wconf 87' lang='lat' dir='ltr'><strong>Deo,</strong></span> <span class='ocrx_word' id='word_1_731' title='bbox 1081 5157 1332 5218; x_wconf 86' lang='lat' dir='ltr'><strong>tanquam</strong></span> <span class='ocrx_word' id='word_1_732' title='bbox 1381 5163 1447 5200; x_wconf 77' lang='lat' dir='ltr'><strong>ea:</strong></span> <span class='ocrx_word' id='word_1_733' title='bbox 1479 5148 1698 5202; x_wconf 79' lang='lat' dir='ltr'><strong>mortuis</strong></span> <span class='ocrx_word' id='word_1_734' title='bbox 1737 5148 1956 5201; x_wconf 78' lang='lat' dir='ltr'><strong>viventes</strong></span> <span class='ocrx_word' id='word_1_735' title='bbox 1978 5186 1992 5207; x_wconf 90' lang='lat'><strong>.</strong></span> <span class='ocrx_word' id='word_1_736' title='bbox 2022 5156 2071 5200; x_wconf 86' lang='lat' dir='ltr'><strong>et</strong></span> 
     </span>
    </p>
   </div>
   <div class='ocr_carea' id='block_1_100' title="bbox 503 5238 2066 5310">
    <p class='ocr_par' dir='ltr' id='par_1_100' title="bbox 503 5238 2066 5310">
     <span class='ocr_line' id='line_1_100' title="bbox 503 5238 2066 5310; baseline -0.001 -18"><span class='ocrx_word' id='word_1_737' title='bbox 503 5239 735 5293; x_wconf 86' lang='lat' dir='ltr'><strong>membra</strong></span> <span class='ocrx_word' id='word_1_738' title='bbox 789 5248 958 5292; x_wconf 80' lang='lat' dir='ltr'><strong>vestra</strong></span> <span class='ocrx_word' id='word_1_739' title='bbox 1015 5257 1165 5293; x_wconf 89' lang='lat' dir='ltr'><strong>arma</strong></span> <span class='ocrx_word' id='word_1_740' title='bbox 1220 5241 1450 5310; x_wconf 71' lang='lat' dir='ltr'><strong>justitiw</strong></span> <span class='ocrx_word' id='word_1_741' title='bbox 1493 5239 1602 5294; x_wconf 85' lang='lat' dir='ltr'><strong>Deo</strong></span> <span class='ocrx_word' id='word_1_742' title='bbox 1633 5240 1694 5293; x_wconf 70' lang='lat'><strong>‘?</strong></span> <span class='ocrx_word' id='word_1_743' title='bbox 1738 5238 1870 5293; x_wconf 84' lang='lat' dir='ltr'><strong>Item</strong></span> <span class='ocrx_word' id='word_1_744' title='bbox 1900 5238 2066 5292; x_wconf 83' lang='lat' dir='ltr'><strong>illud:</strong></span> 
     </span>
    </p>
   </div>
   <div class='ocr_carea' id='block_1_101' title="bbox 503 5329 2072 5395">
    <p class='ocr_par' dir='ltr' id='par_1_101' title="bbox 503 5329 2072 5395">
     <span class='ocr_line' id='line_1_101' title="bbox 503 5329 2072 5395; baseline 0.001 -12"><span class='ocrx_word' id='word_1_745' title='bbox 503 5330 959 5395; x_wconf 76' lang='lat' dir='ltr'><strong>Quemadmodum</strong></span> <span class='ocrx_word' id='word_1_746' title='bbox 1011 5330 1319 5383; x_wconf 69' lang='lat' dir='ltr'><strong>exhibuistie</strong></span> <span class='ocrx_word' id='word_1_747' title='bbox 1379 5329 1613 5384; x_wconf 78' lang='lat' dir='ltr'><strong>membra</strong></span> <span class='ocrx_word' id='word_1_748' title='bbox 1667 5340 1840 5384; x_wconf 80' lang='lat' dir='ltr'><strong>vestra</strong></span> <span class='ocrx_word' id='word_1_749' title='bbox 1884 5331 2072 5386; x_wconf 82' lang='lat' dir='ltr'><strong>servire</strong></span> 
     </span>
    </p>
   </div>
   <div class='ocr_carea' id='block_1_102' title="bbox 503 5419 2074 5492">
    <p class='ocr_par' dir='ltr' id='par_1_102' title="bbox 503 5419 2074 5492">
     <span class='ocr_line' id='line_1_102' title="bbox 503 5419 2074 5492; baseline 0.002 -19"><span class='ocrx_word' id='word_1_750' title='bbox 503 5419 872 5484; x_wconf 72' lang='lat' dir='ltr'><strong>immunditiaz,</strong></span> <span class='ocrx_word' id='word_1_751' title='bbox 911 5428 959 5472; x_wconf 90' lang='lat' dir='ltr'><strong>et</strong></span> <span class='ocrx_word' id='word_1_752' title='bbox 993 5421 1261 5488; x_wconf 86' lang='lat' dir='ltr'><strong>iniquitati</strong></span> <span class='ocrx_word' id='word_1_753' title='bbox 1310 5421 1378 5473; x_wconf 79' lang='lat' dir='ltr'><strong>ad</strong></span> <span class='ocrx_word' id='word_1_754' title='bbox 1422 5422 1748 5492; x_wconf 86' lang='lat' dir='ltr'><strong>iniquitatem</strong></span> <span class='ocrx_word' id='word_1_755' title='bbox 1774 5439 1792 5476; x_wconf 91' lang='lat'><strong><em>:</em></strong></span> <span class='ocrx_word' id='word_1_756' title='bbox 1827 5423 1903 5475; x_wconf 80' lang='lat' dir='ltr'><strong>sic</strong></span> <span class='ocrx_word' id='word_1_757' title='bbox 1938 5439 2074 5476; x_wconf 83' lang='lat' dir='ltr'><strong>nunc</strong></span> 
     </span>
    </p>
   </div>
   <div class='ocr_carea' id='block_1_103' title="bbox 502 5510 2077 5582">
    <p class='ocr_par' dir='ltr' id='par_1_103' title="bbox 502 5510 2077 5582">
     <span class='ocr_line' id='line_1_103' title="bbox 502 5510 2077 5582; baseline -0.001 -15"><span class='ocrx_word' id='word_1_758' title='bbox 502 5512 734 5567; x_wconf 75' lang='lat' dir='ltr'><strong>exhibete</strong></span> <span class='ocrx_word' id='word_1_759' title='bbox 774 5510 1004 5565; x_wconf 88' lang='lat' dir='ltr'><strong>membra</strong></span> <span class='ocrx_word' id='word_1_760' title='bbox 1043 5520 1214 5565; x_wconf 76' lang='lat' dir='ltr'><strong>vestra</strong></span> <span class='ocrx_word' id='word_1_761' title='bbox 1258 5512 1445 5566; x_wconf 77' lang='lat' dir='ltr'><strong>servire</strong></span> <span class='ocrx_word' id='word_1_762' title='bbox 1482 5513 1712 5582; x_wconf 79' lang='lat' dir='ltr'><strong>justitia:</strong></span> <span class='ocrx_word' id='word_1_763' title='bbox 1741 5511 1810 5566; x_wconf 84' lang='lat' dir='ltr'><strong>ad</strong></span> <span class='ocrx_word' id='word_1_764' title='bbox 1835 5513 2077 5581; x_wconf 74' lang='lat' dir='ltr'><strong>sanctiﬁ-</strong></span> 
     </span>
    </p>
   </div>
   <div class='ocr_carea' id='block_1_104' title="bbox 505 5601 828 5657">
    <p class='ocr_par' dir='ltr' id='par_1_104' title="bbox 505 5601 828 5657">
     <span class='ocr_line' id='line_1_104' title="bbox 505 5601 828 5657; baseline 0 0"><span class='ocrx_word' id='word_1_765' title='bbox 505 5603 762 5657; x_wconf 80' lang='lat' dir='ltr'><strong>cationem</strong></span> <span class='ocrx_word' id='word_1_766' title='bbox 785 5601 828 5657; x_wconf 82' lang='lat'><strong>&#39;.</strong></span> 
     </span>
    </p>
   </div>
   <div class='ocr_carea' id='block_1_105' title="bbox 580 5712 2079 5786">
    <p class='ocr_par' dir='ltr' id='par_1_105' title="bbox 580 5712 2079 5786">
     <span class='ocr_line' id='line_1_105' title="bbox 580 5712 2079 5786; baseline 0.005 -19"><span class='ocrx_word' id='word_1_767' title='bbox 580 5717 593 5748; x_wconf 86' lang='lat'>&#39;</span> <span class='ocrx_word' id='word_1_768' title='bbox 637 5715 794 5770; x_wconf 81' lang='lat' dir='ltr'><strong>Rom.</strong></span> <span class='ocrx_word' id='word_1_769' title='bbox 826 5731 944 5781; x_wconf 81' lang='lat' dir='ltr'><strong>vni,</strong></span> <span class='ocrx_word' id='word_1_770' title='bbox 973 5715 1028 5767; x_wconf 87' lang='lat'><strong>7.</strong></span> <span class='ocrx_word' id='word_1_771' title='bbox 1103 5718 1123 5748; x_wconf 80' lang='grc'><strong><em>²</em></strong></span> <span class='ocrx_word' id='word_1_772' title='bbox 1158 5713 1178 5768; x_wconf 86' lang='grc'><strong>1</strong></span> <span class='ocrx_word' id='word_1_773' title='bbox 1211 5712 1336 5769; x_wconf 91' lang='lat' dir='ltr'><strong>Cor.</strong></span> <span class='ocrx_word' id='word_1_774' title='bbox 1374 5729 1425 5780; x_wconf 89' lang='lat' dir='ltr'><strong>v,</strong></span> <span class='ocrx_word' id='word_1_775' title='bbox 1461 5713 1546 5768; x_wconf 82' lang='grc' dir='ltr'><strong>Π.</strong></span> <span class='ocrx_word' id='word_1_776' title='bbox 1623 5715 1643 5746; x_wconf 88' lang='grc'>³</span> <span class='ocrx_word' id='word_1_777' title='bbox 1673 5715 1830 5772; x_wconf 83' lang='lat' dir='ltr'><strong>Rom.</strong></span> <span class='ocrx_word' id='word_1_778' title='bbox 1865 5734 1961 5786; x_wconf 85' lang='lat' dir='ltr'><strong>vn,</strong></span> <span class='ocrx_word' id='word_1_779' title='bbox 1989 5717 2079 5774; x_wconf 77' lang='grc'><strong>25.</strong></span> 
     </span>
    </p>
   </div>
   <div class='ocr_carea' id='block_1_106' title="bbox 2166 4598 3722 4674">
    <p class='ocr_par' dir='ltr' id='par_1_106' title="bbox 2166 4598 3722 4674">
     <span class='ocr_line' id='line_1_106' title="bbox 2166 4598 3722 4674; baseline -0.009 -14"><span class='ocrx_word' id='word_1_780' title='bbox 2166 4609 2245 4670; x_wconf 81' lang='grc' dir='ltr'><strong>είς</strong></span> <span class='ocrx_word' id='word_1_781' title='bbox 2281 4607 2530 4674; x_wconf 86' lang='grc' dir='ltr'>ἁγνείαν;</span> <span class='ocrx_word' id='word_1_782' title='bbox 2572 4604 2604 4674; x_wconf 84' lang='grc' dir='ltr'>ἢ</span> <span class='ocrx_word' id='word_1_783' title='bbox 2635 4603 2751 4665; x_wconf 83' lang='grc' dir='ltr'>πῶς</span> <span class='ocrx_word' id='word_1_784' title='bbox 2784 4603 2987 4672; x_wconf 80' lang='grc' dir='ltr'>Πέτρος</span> <span class='ocrx_word' id='word_1_785' title='bbox 3031 4603 3110 4664; x_wconf 86' lang='grc' dir='ltr'><strong>είς</strong></span> <span class='ocrx_word' id='word_1_786' title='bbox 3138 4601 3430 4668; x_wconf 51' lang='lat' dir='ltr'><strong>(imbrum;</strong></span> <span class='ocrx_word' id='word_1_787' title='bbox 3461 4598 3496 4668; x_wconf 81' lang='grc' dir='ltr'><strong>ἦ</strong></span> <span class='ocrx_word' id='word_1_788' title='bbox 3534 4598 3582 4650; x_wconf 83' lang='grc' dir='ltr'>οἱ</span> <span class='ocrx_word' id='word_1_789' title='bbox 3613 4598 3722 4648; x_wconf 68' lang='lat' dir='ltr'><strong>zab-</strong></span> 
     </span>
    </p>
   </div>
   <div class='ocr_carea' id='block_1_107' title="bbox 2165 4685 3721 4768">
    <p class='ocr_par' dir='ltr' id='par_1_107' title="bbox 2165 4685 3721 4768">
     <span class='ocr_line' id='line_1_107' title="bbox 2165 4685 3721 4768; baseline -0.007 -17"><span class='ocrx_word' id='word_1_790' title='bbox 2165 4698 2293 4768; x_wconf 79' lang='grc' dir='ltr'>εξῆς</span> <span class='ocrx_word' id='word_1_791' title='bbox 2314 4699 2391 4760; x_wconf 75' lang='grc' dir='ltr'>εἰς</span> <span class='ocrx_word' id='word_1_792' title='bbox 2415 4695 2792 4766; x_wconf 80' lang='grc' dir='ltr'>δικαιοσύνηνς</span> <span class='ocrx_word' id='word_1_793' title='bbox 2831 4694 2954 4756; x_wconf 84' lang='grc' dir='ltr'><strong>Πῶς</strong></span> <span class='ocrx_word' id='word_1_794' title='bbox 2994 4692 3047 4745; x_wconf 84' lang='grc' dir='ltr'><strong>δέ</strong></span> <span class='ocrx_word' id='word_1_795' title='bbox 3099 4693 3184 4746; x_wconf 71' lang='grc' dir='ltr'><strong>καὶ</strong></span> <span class='ocrx_word' id='word_1_796' title='bbox 3230 4690 3470 4753; x_wconf 75' lang='grc' dir='ltr'>Παῦλοςο</span> <span class='ocrx_word' id='word_1_797' title='bbox 3500 4689 3596 4756; x_wconf 76' lang='grc' dir='ltr'><strong>Μὴ</strong></span> <span class='ocrx_word' id='word_1_798' title='bbox 3631 4685 3721 4742; x_wconf 78' lang='grc' dir='ltr'>οὖν</span> 
     </span>
    </p>
   </div>
   <div class='ocr_carea' id='block_1_108' title="bbox 2159 4778 3720 4856">
    <p class='ocr_par' dir='ltr' id='par_1_108' title="bbox 2159 4778 3720 4856">
     <span class='ocr_line' id='line_1_108' title="bbox 2159 4778 3720 4856; baseline -0.012 -12"><span class='ocrx_word' id='word_1_799' title='bbox 2159 4788 2534 4856; x_wconf 72' lang='grc' dir='ltr'>,βασιλευέτω</span> <span class='ocrx_word' id='word_1_800' title='bbox 2577 4788 2614 4854; x_wconf 85' lang='grc' dir='ltr'><strong><em>ή</em></strong></span> <span class='ocrx_word' id='word_1_801' title='bbox 2653 4787 2906 4856; x_wconf 82' lang='grc' dir='ltr'>ἁμαρτία</span> <span class='ocrx_word' id='word_1_802' title='bbox 2962 4784 3029 4837; x_wconf 79' lang='grc' dir='ltr'><strong>ἐν</strong></span> <span class='ocrx_word' id='word_1_803' title='bbox 3075 4782 3154 4847; x_wconf 84' lang='grc' dir='ltr'>τῷ</span> <span class='ocrx_word' id='word_1_804' title='bbox 3199 4781 3397 4849; x_wconf 78' lang='grc' dir='ltr'>θνητῷ</span> <span class='ocrx_word' id='word_1_805' title='bbox 3427 4780 3594 4850; x_wconf 72' lang='grc' dir='ltr'>ὑμῶν</span> <span class='ocrx_word' id='word_1_806' title='bbox 3624 4778 3720 4831; x_wconf 61' lang='grc' dir='ltr'><strong>σὼ.</strong></span> 
     </span>
    </p>
   </div>
   <div class='ocr_carea' id='block_1_109' title="bbox 2160 4872 3716 4952">
    <p class='ocr_par' dir='ltr' id='par_1_109' title="bbox 2160 4872 3716 4952">
     <span class='ocr_line' id='line_1_109' title="bbox 2160 4872 3716 4952; baseline -0.01 -17"><span class='ocrx_word' id='word_1_807' title='bbox 2160 4899 2320 4952; x_wconf 84' lang='grc' dir='ltr'>ματι,</span> <span class='ocrx_word' id='word_1_808' title='bbox 2349 4879 2516 4948; x_wconf 83' lang='grc' dir='ltr'>λέγει,</span> <span class='ocrx_word' id='word_1_809' title='bbox 2549 4879 2618 4931; x_wconf 84' lang='grc' dir='ltr'>ἐν</span> <span class='ocrx_word' id='word_1_810' title='bbox 2647 4877 2725 4942; x_wconf 85' lang='grc' dir='ltr'>τῷ</span> <span class='ocrx_word' id='word_1_811' title='bbox 2755 4877 3071 4930; x_wconf 75' lang='grc' dir='ltr'>ἐπακούειν</span> <span class='ocrx_word' id='word_1_812' title='bbox 3112 4874 3610 4942; x_wconf 56' lang='grc' dir='ltr'>ταῖςςέπιθυμίαις</span> <span class='ocrx_word' id='word_1_813' title='bbox 3637 4872 3716 4921; x_wconf 75' lang='grc' dir='ltr'><strong>υἱι-</strong></span> 
     </span>
    </p>
   </div>
   <div class='ocr_carea' id='block_1_110' title="bbox 2168 4963 3721 5042">
    <p class='ocr_par' dir='ltr' id='par_1_110' title="bbox 2168 4963 3721 5042">
     <span class='ocr_line' id='line_1_110' title="bbox 2168 4963 3721 5042; baseline -0.011 -14"><span class='ocrx_word' id='word_1_814' title='bbox 2168 4975 2275 5028; x_wconf 86' lang='grc' dir='ltr'><em>τοῦ</em></span> <span class='ocrx_word' id='word_1_815' title='bbox 2294 4990 2307 5003; x_wconf 79' lang='grc'><em>’</em></span> <span class='ocrx_word' id='word_1_816' title='bbox 2348 4971 2499 5042; x_wconf 83' lang='grc' dir='ltr'><strong>μηδὲ</strong></span> <span class='ocrx_word' id='word_1_817' title='bbox 2527 4967 2917 5039; x_wconf 82' lang='grc' dir='ltr'>παριστάνετε</span> <span class='ocrx_word' id='word_1_818' title='bbox 2953 4967 3024 5020; x_wconf 83' lang='grc' dir='ltr'>τὰ</span> <span class='ocrx_word' id='word_1_819' title='bbox 3042 4967 3199 5035; x_wconf 79' lang='grc' dir='ltr'>μέλη</span> <span class='ocrx_word' id='word_1_820' title='bbox 3238 4965 3406 5034; x_wconf 82' lang='grc' dir='ltr'>ὑμῶν</span> <span class='ocrx_word' id='word_1_821' title='bbox 3431 4965 3590 5018; x_wconf 69' lang='grc' dir='ltr'>ὅπλα</span> <span class='ocrx_word' id='word_1_822' title='bbox 3617 4963 3721 5016; x_wconf 75' lang='grc' dir='ltr'><strong>ἁδι-</strong></span> 
     </span>
    </p>
   </div>
   <div class='ocr_carea' id='block_1_111' title="bbox 2170 5055 3717 5132">
    <p class='ocr_par' dir='ltr' id='par_1_111' title="bbox 2170 5055 3717 5132">
     <span class='ocr_line' id='line_1_111' title="bbox 2170 5055 3717 5132; baseline -0.006 -13"><span class='ocrx_word' id='word_1_823' title='bbox 2170 5067 2306 5130; x_wconf 82' lang='grc' dir='ltr'>κίας</span> <span class='ocrx_word' id='word_1_824' title='bbox 2348 5062 2420 5131; x_wconf 78' lang='grc' dir='ltr'>τῇ</span> <span class='ocrx_word' id='word_1_825' title='bbox 2464 5061 2736 5132; x_wconf 80' lang='grc' dir='ltr'>ἁμαρτίᾳ,</span> <span class='ocrx_word' id='word_1_826' title='bbox 2789 5058 2950 5114; x_wconf 74' lang='grc' dir='ltr'><em>ἀλλὰ</em></span> <span class='ocrx_word' id='word_1_827' title='bbox 3005 5057 3436 5126; x_wconf 74' lang='grc' dir='ltr'>παραστήσατε</span> <span class='ocrx_word' id='word_1_828' title='bbox 3482 5057 3563 5123; x_wconf 84' lang='grc' dir='ltr'>τῷ</span> <span class='ocrx_word' id='word_1_829' title='bbox 3601 5055 3717 5119; x_wconf 79' lang='grc' dir='ltr'><strong>Θεῷ.</strong></span> 
     </span>
    </p>
   </div>
   <div class='ocr_carea' id='block_1_112' title="bbox 2169 5148 3720 5221">
    <p class='ocr_par' dir='ltr' id='par_1_112' title="bbox 2169 5148 3720 5221">
     <span class='ocr_line' id='line_1_112' title="bbox 2169 5148 3720 5221; baseline -0.01 -10"><span class='ocrx_word' id='word_1_830' title='bbox 2169 5158 2310 5211; x_wconf 77' lang='grc' dir='ltr'>ὡσεὶ</span> <span class='ocrx_word' id='word_1_831' title='bbox 2344 5157 2412 5208; x_wconf 83' lang='grc' dir='ltr'><strong>ἐκ</strong></span> <span class='ocrx_word' id='word_1_832' title='bbox 2443 5151 2670 5221; x_wconf 78' lang='grc' dir='ltr'>νεκρῶν</span> <span class='ocrx_word' id='word_1_833' title='bbox 2694 5150 2930 5216; x_wconf 78' lang='grc' dir='ltr'>ζῶντας,</span> <span class='ocrx_word' id='word_1_834' title='bbox 2964 5149 3062 5203; x_wconf 75' lang='grc' dir='ltr'>καὶ</span> <span class='ocrx_word' id='word_1_835' title='bbox 3102 5149 3172 5202; x_wconf 88' lang='grc' dir='ltr'>τὰ</span> <span class='ocrx_word' id='word_1_836' title='bbox 3196 5148 3353 5218; x_wconf 72' lang='grc' dir='ltr'>μέλη</span> <span class='ocrx_word' id='word_1_837' title='bbox 3399 5150 3566 5218; x_wconf 80' lang='grc' dir='ltr'>ὑμῶν</span> <span class='ocrx_word' id='word_1_838' title='bbox 3590 5149 3720 5201; x_wconf 66' lang='grc' dir='ltr'>ἔπλει</span> 
     </span>
    </p>
   </div>
   <div class='ocr_carea' id='block_1_113' title="bbox 2168 5235 3719 5306">
    <p class='ocr_par' dir='ltr' id='par_1_113' title="bbox 2168 5235 3719 5306">
     <span class='ocr_line' id='line_1_113' title="bbox 2168 5235 3719 5306; baseline -0.006 -9"><span class='ocrx_word' id='word_1_839' title='bbox 2168 5242 2560 5306; x_wconf 80' lang='grc' dir='ltr'>δικαιοσύνης</span> <span class='ocrx_word' id='word_1_840' title='bbox 2604 5237 2683 5304; x_wconf 83' lang='grc' dir='ltr'>τῷ</span> <span class='ocrx_word' id='word_1_841' title='bbox 2734 5235 2905 5303; x_wconf 82' lang='grc' dir='ltr'><strong>Θεῷ;</strong></span> <span class='ocrx_word' id='word_1_842' title='bbox 2954 5237 3049 5291; x_wconf 71' lang='grc' dir='ltr'><strong>καὶ</strong></span> <span class='ocrx_word' id='word_1_843' title='bbox 3095 5237 3287 5291; x_wconf 88' lang='grc' dir='ltr'>πάλιν·</span> <span class='ocrx_word' id='word_1_844' title='bbox 3325 5239 3556 5306; x_wconf 76' lang='grc' dir='ltr'>Ὥσπερ</span> <span class='ocrx_word' id='word_1_845' title='bbox 3601 5255 3719 5301; x_wconf 59' lang='grc' dir='ltr'>παρ-</span> 
     </span>
    </p>
   </div>
   <div class='ocr_carea' id='block_1_114' title="bbox 2169 5328 3717 5400">
    <p class='ocr_par' dir='ltr' id='par_1_114' title="bbox 2169 5328 3717 5400">
     <span class='ocr_line' id='line_1_114' title="bbox 2169 5328 3717 5400; baseline -0.006 -11"><span class='ocrx_word' id='word_1_846' title='bbox 2169 5333 2469 5400; x_wconf 70' lang='grc' dir='ltr'>εστήσατε</span> <span class='ocrx_word' id='word_1_847' title='bbox 2521 5330 2590 5384; x_wconf 86' lang='grc' dir='ltr'>τὰ</span> <span class='ocrx_word' id='word_1_848' title='bbox 2633 5328 2788 5398; x_wconf 76' lang='grc' dir='ltr'>μέλη</span> <span class='ocrx_word' id='word_1_849' title='bbox 2840 5328 3007 5398; x_wconf 79' lang='grc' dir='ltr'>ὑμῶν</span> <span class='ocrx_word' id='word_1_850' title='bbox 3059 5329 3248 5383; x_wconf 73' lang='grc' dir='ltr'>δοῦλα</span> <span class='ocrx_word' id='word_1_851' title='bbox 3296 5328 3369 5398; x_wconf 75' lang='grc' dir='ltr'>τῇ</span> <span class='ocrx_word' id='word_1_852' title='bbox 3415 5331 3717 5397; x_wconf 68' lang='grc' dir='ltr'>ἀκαθαρσίᾳ</span> 
     </span>
    </p>
   </div>
   <div class='ocr_carea' id='block_1_115' title="bbox 2168 5419 3718 5489">
    <p class='ocr_par' dir='ltr' id='par_1_115' title="bbox 2168 5419 3718 5489">
     <span class='ocr_line' id='line_1_115' title="bbox 2168 5419 3718 5489; baseline -0.003 -14"><span class='ocrx_word' id='word_1_853' title='bbox 2168 5421 2267 5476; x_wconf 80' lang='grc' dir='ltr'>καὶ</span> <span class='ocrx_word' id='word_1_854' title='bbox 2292 5420 2363 5489; x_wconf 77' lang='grc' dir='ltr'>τῇ</span> <span class='ocrx_word' id='word_1_855' title='bbox 2389 5420 2603 5488; x_wconf 70' lang='grc' dir='ltr'>ἀνομίᾳ</span> <span class='ocrx_word' id='word_1_856' title='bbox 2632 5421 2719 5484; x_wconf 87' lang='grc' dir='ltr'><strong>είς</strong></span> <span class='ocrx_word' id='word_1_857' title='bbox 2749 5419 2864 5486; x_wconf 78' lang='grc' dir='ltr'>τὴν</span> <span class='ocrx_word' id='word_1_858' title='bbox 2885 5420 3162 5488; x_wconf 76' lang='grc' dir='ltr'>ἀνομίαν,</span> <span class='ocrx_word' id='word_1_859' title='bbox 3203 5421 3393 5486; x_wconf 79' lang='grc' dir='ltr'>οὕτως</span> <span class='ocrx_word' id='word_1_860' title='bbox 3421 5420 3538 5474; x_wconf 74' lang='grc' dir='ltr'><strong>νῦν</strong></span> <span class='ocrx_word' id='word_1_861' title='bbox 3566 5434 3718 5486; x_wconf 72' lang='grc' dir='ltr'>πιφα-</span> 
     </span>
    </p>
   </div>
   <div class='ocr_carea' id='block_1_116' title="bbox 2168 5509 3718 5581">
    <p class='ocr_par' dir='ltr' id='par_1_116' title="bbox 2168 5509 3718 5581">
     <span class='ocr_line' id='line_1_116' title="bbox 2168 5509 3718 5581; baseline -0.003 -14"><span class='ocrx_word' id='word_1_862' title='bbox 2168 5513 2436 5581; x_wconf 71' lang='grc' dir='ltr'>στήσιετε</span> <span class='ocrx_word' id='word_1_863' title='bbox 2468 5514 2538 5566; x_wconf 81' lang='grc' dir='ltr'>τὰ</span> <span class='ocrx_word' id='word_1_864' title='bbox 2569 5510 2723 5580; x_wconf 74' lang='grc' dir='ltr'>μέλη</span> <span class='ocrx_word' id='word_1_865' title='bbox 2758 5509 2923 5580; x_wconf 85' lang='grc' dir='ltr'>ὑμῶν</span> <span class='ocrx_word' id='word_1_866' title='bbox 2945 5512 3136 5566; x_wconf 69' lang='grc' dir='ltr'>δοῦλα</span> <span class='ocrx_word' id='word_1_867' title='bbox 3161 5511 3234 5581; x_wconf 75' lang='grc' dir='ltr'>τῇ</span> <span class='ocrx_word' id='word_1_868' title='bbox 3266 5513 3618 5581; x_wconf 74' lang='grc' dir='ltr'>δικαιοσύνῃ</span> <span class='ocrx_word' id='word_1_869' title='bbox 3652 5511 3718 5571; x_wconf 80' lang='grc' dir='ltr'>εἰς</span> 
     </span>
    </p>
   </div>
   <div class='ocr_carea' id='block_1_117' title="bbox 2173 5607 2490 5675">
    <p class='ocr_par' dir='ltr' id='par_1_117' title="bbox 2173 5607 2490 5675">
     <span class='ocr_line' id='line_1_117' title="bbox 2173 5607 2490 5675; baseline -0.009 -15"><span class='ocrx_word' id='word_1_870' title='bbox 2173 5607 2490 5675; x_wconf 61' lang='grc' dir='ltr'>ἁγίασμόν.</span> 
     </span>
    </p>
   </div>
   <div class='ocr_carea' id='block_1_118' title="bbox 2175 5715 3120 5782">
    <p class='ocr_par' dir='ltr' id='par_1_118' title="bbox 2175 5715 3120 5782">
     <span class='ocr_line' id='line_1_118' title="bbox 2175 5715 3120 5782; baseline -0.004 -10"><span class='ocrx_word' id='word_1_871' title='bbox 2175 5720 2197 5750; x_wconf 60' lang='grc' dir='ltr'>ι</span> <span class='ocrx_word' id='word_1_872' title='bbox 2229 5719 2386 5772; x_wconf 73' lang='lat' dir='ltr'><strong>liom.</strong></span> <span class='ocrx_word' id='word_1_873' title='bbox 2422 5734 2495 5782; x_wconf 70' lang='grc' dir='ltr'>γι,</span> <span class='ocrx_word' id='word_1_874' title='bbox 2534 5718 2618 5780; x_wconf 63' lang='lat' dir='ltr'><strong>lii,</strong></span> <span class='ocrx_word' id='word_1_875' title='bbox 2657 5717 2737 5772; x_wconf 76' lang='lat' dir='ltr'><strong>l3.</strong></span> <span class='ocrx_word' id='word_1_876' title='bbox 2815 5715 2836 5747; x_wconf 88' lang='grc'><strong><em>⁶</em></strong></span> <span class='ocrx_word' id='word_1_877' title='bbox 2867 5715 2999 5770; x_wconf 87' lang='lat' dir='ltr'><strong>ibid.</strong></span> <span class='ocrx_word' id='word_1_878' title='bbox 3037 5715 3120 5768; x_wconf 79' lang='grc'><strong>19.</strong></span> 
     </span>
    </p>
   </div>
  </div>
