3822 6310
146 267 269 323 1157

775 269 1141 326 ADVERSUS
1178 270 1516 328 liAZIiESES
1552 271 1678 328 LIB.
1712 272 1773 327 li.
1814 271 1978 330 TUM.
2019 274 2055 328 Ι.
2077 305 2143 314 -
2180 272 2448 330 llAiRES.
2489 273 2670 329 LXIV.

3230 268 3372 325 1158

200 383 324 438 Mi’.
366 383 578 438 υὺκοῦν
615 385 880 454 ἐγίνωσκε
927 389 1187 444 δύνασθαι
1231 389 1599 445 διευθύνεσθαι
1646 391 1706 444 τὸ

1878 392 1985 448 Lll.
2021 391 2133 447 lloc
2186 393 2351 463 igitur
2382 392 2736 463 intelligebat,
2765 389 3174 446 tabernaculum
3224 385 3367 442 istud

142 473 398 544 σκήνωμα
437 475 632 542 τοῦτο,
692 479 786 531 καὶ
827 477 1002 532 νεύειν
1060 480 1194 554 πρὸς
1253 481 1314 534 τὸ
1349 481 1582 550 ἀγαθὸν,
1615 482 1700 536 ἵνα

139 563 476 632 πκρωθῶσιν
524 569 582 620 ἐν
631 567 778 638 αὑτῷ
835 568 903 621 τά
952 571 1340 640 ἁμαρτήματα.
1386 571 1539 624 Ἐπεὶ
1587 571 1702 636 πῶς

139 649 332 721 ἑτέρως
358 652 684 726 δουλωθῆναι
710 659 775 727 τῇ
801 658 1111 730 δικαιοσύνῃ
1140 659 1356 714 δύναται
1372 663 1398 713 6
1420 660 1703 731 ἄνθρωπος

141 740 247 808 (καὶ
280 743 369 812 ἐφ’
398 744 595 815 ἡμῶν),
624 747 717 799 ἐὰν
745 748 816 818 μὴ
848 749 1109 820 πρότερον
1137 750 1404 814 ὑποτάξας
1445 751 1604 804 αὑτοῦ
1636 751 1704 804 τὰ

142 833 267 901 μέλη
328 835 428 904 τῆς
481 837 698 906 σαρκὸς,
748 841 828 903 είς
872 840 932 892 τὸ
978 840 1051 912 μὴ
1102 842 1392 894 ὑπακούειν
1443 841 1580 896 αὑτά
1635 845 1700 912 τῇ

139 926 410 998 ἁμαρτία,
455 929 588 995 ἀλλά
635 933 700 1002 τῇ
751 932 1093 1006 δικαιοσύνῃ,
1154 935 1535 1006 πολιτεύσηται
1585 937 1702 989 κατ’

139 1015 288 1082 ἀξίαν
324 1017 421 1070 τοῦ
468 1021 703 1092 Χριστοῦ
728 1039 741 1087 ;
769 1023 986 1094 Ἐπειδὴ
1045 1025 1106 1077 τὸ
1151 1026 1485 1097 ἁμαρτῆσαιν
1516 1028 1609 1081 καὶ
1642 1027 1703 1080 τδ

141 1109 210 1180 μὴ
257 1111 574 1181 άμαρτῆσαι
607 1113 693 1167 διὰ
731 1113 823 1166 τοῦ
858 1113 1105 1185 σώματος
1139 1118 1366 1184 γίνεται,
1402 1119 1498 1188 τῆς
1526 1117 1704 1188 ψυχῆς

137 1201 345 1270 ἢπρὺς
397 1204 668 1275 ἁρετὴνῆ
724 1205 858 1276 πρὸς
910 1207 1106 1259 κακίαν
1151 1207 1364 1278 ὀργάνῳ
1420 1208 1704 1278 χρωμένης

137 1293 300 1362 αὐτῷ.
353 1295 414 1346 Εί
460 1295 568 1366 γὰρ
619 1297 768 1349 Οὔτε
811 1297 1038 1366 πόρνοι,
1081 1299 1218 1352 οὔτε
1263 1299 1702 1367 εἰδωλολάτραι,

137 1387 269 1438 οὔτε
308 1388 534 1455 μοιχοὶ,
575 1389 710 1443 οὔτε
753 1391 1192 1459 ἀρσενοκοῖται,
1246 1393 1384 1446 οὔτε
1421 1393 1702 1460 μαλακοί,

137 1477 270 1529 οὕτε
321 1478 594 1543 κλέπται,
648 1482 784 1533 οὔτε
828 1482 1210 1547 πλεονέκται,
1251 1483 1389 1536 οὔτε
1431 1483 1705 1551 μέθυσοι,

131 1569 204 1621 οὐ
232 1569 517 1638 λοίδοροι,
546 1571 684 1626 οὔτε
723 1572 1002 1643 ἅρπαγες,
1031 1574 1356 1637 ,βασιλείαν
1385 1574 1529 1628 Θεοῦ
1563 1578 1708 1643 κλη-

130 1660 469 1730 ρονομῆσαι
539 1661 822 1716 δύνανται
847 1680 861 1694 ·
915 1665 1239 1736 πληροῦνται
1287 1665 1343 1718 δὲ
1401 1665 1572 1718 ταῦτα
1615 1667 1708 1720 καὶ

135 1751 496 1822 κρατύνονται
545 1753 632 1806 διὰ
660 1754 753 1807 τοῦ
794 1753 1070 1824 σώματος’
1095 1754 1396 1809 δικαιοῦται
1432 1755 1488 1808 δὲ
1515 1756 1704 1823 οὐδεὶς,
1741 1739 1780 1794 Β

135 1841 228 1894 ἐὰν
269 1843 348 1914 μὴ
386 1844 599 1915 πρῶτον
643 1846 924 1918 κρατήσῃ·
976 1849 1166 1918 κρατεί
1218 1847 1275 1900 δὲ
1325 1847 1526 1901 τούτων
1561 1849 1590 1900 6
1619 1848 1709 1902 ὲκ-

134 1933 307 1987 νεύων
357 1936 494 2006 πρὸς
539 1938 889 2009 σωφροσύνην
939 1940 1032 1991 καὶ
1076 1939 1288 1992 πίστιν’
1349 1940 1708 1994 ὑποτάσσεται

134 2025 242 2094 ἄρα
272 2024 354 2095 τῷ
379 2026 528 2097 νόμῳ
547 2027 640 2081 τοῦ
679 2029 832 2082 Θεοῦ.
861 2030 1043 2101 Νόμος
1070 2031 1176 2104 γὰρ
1201 2031 1334 2084 Θεοῦ
1366 2033 1706 2103 σωφροσύνη.

136 2115 303 2169 Ὥστε
347 2118 375 2170 6
416 2119 731 2184 Ἀπόστολος
778 2121 838 2174 οὑ
873 2121 970 2193 τὴν
999 2122 1176 2194 σάρκα
1205 2122 1278 2192 μὴ
1311 2122 1708 2176 ὑποτάσσεσθαι

131 2206 210 2277 τῷ
231 2207 425 2278 ἀγαθῴ
467 2209 591 2278 ἔφη,
632 2210 766 2264 ἀλλά
807 2211 866 2264 τὺ
917 2213 1171 2283 φρόνημα
1198 2213 1299 2283 τῆς
1338 2214 1560 2284 σαρκὸς,
1598 2210 1708 2267 οἷον

131 2293 229 2364 τὴν
265 2295 443 2365 ὁρμὴν
468 2297 657 2368 αὐτῆς,
688 2299 856 2370 αὐτὴν
876 2299 973 2371 τὴν
1005 2301 1139 2370 πρὸς
1178 2303 1239 2354 τὸ
1280 2303 1460 2357 ἄδικον
1509 2303 1709 2357 ἔκκαυ-

133 2403 240 2440 σιν.
289 2387 742 2461 Ἐκκαθαίρεσθαι
775 2393 903 2461 γοῦν
929 2393 1054 2466 ἔφη,
1085 2395 1210 2466 ἄχρι
1251 2399 1344 2450 καὶ
1366 2398 1463 2468 τὴν
1495 2415 1712 2468 γαστρι-

134 2481 418 2553 μαργικὴν
457 2484 723 2554 ἀκρασίαν
744 2485 1165 2558 διαμιλλώμενος
1184 2507 1197 2520 ν
1228 2489 1489 2544 διδάσκων
1523 2491 1580 2544 δὲ
1611 2491 1710 2555 τὰς

130 2573 394 2636 τοιαύτας
422 2575 625 2644 ὀρέξεις
659 2577 752 2629 καὶ
783 2577 976 2648 ἡδονὰς
1017 2579 1422 2644 ἐξαπόλλυσθαι.
1455 2582 1547 2634 καὶ
1588 2599 1712 2634 κατ-

132 2661 410 2732 αισχύνων
470 2666 594 2728 τοὺς
636 2664 694 2718 τὸ
735 2669 940 2737 τρυφᾷ-ι
995 2667 1150 2722 τοῦτο
1197 2670 1288 2721 καὶ
1337 2669 1711 2723 πολιτεύεσθαι

131 2748 273 2804 εἶναι
332 2753 684 2825 νομίζονταςο
735 2756 783 2810 οἳ
839 2758 968 2812 Θεὸν
1026 2759 1281 2830 ἡγοῦνται
1329 2763 1428 2832 τὴν
1483 2763 1708 2816 κοιλίαν.

132 2843 423 2914 Φὰγωμεν
449 2846 546 2900 καί
577 2847 832 2916 π’ωμενο
853 2850 1061 2918 αὔριον
1084 2851 1192 2920 γὰρ
1223 2851 1707 2922 ἀποθνήσκομεν·

132 2939 393 3009 καθάπερ
418 2940 669 3011 ἀδηφάγα
695 2939 924 3011 σώματα
951 2943 1099 2996 κάτω
1129 2945 1255 3015 περὶ
1293 2945 1390 3014 τὴν
1424 2944 1587 3015 βοράν
1619 2946 1714 3016 μό-

133 3047 227 3084 νον
258 3031 355 3083 καὶ
385 3030 658 3100 τραπέζας
697 3032 1088 3104 ἀσχολούμενα.

208 3295 400 3351 Είπών
435 3311 523 3348 τε⁶
566 3296 641 3350 Τὰ
667 3293 950 3364 βρώματα
999 3293 1074 3364 τῇ
1112 3296 1328 3363 κοιλίᾳ,
1364 3297 1462 3350 καὶ
1507 3297 1543 3365 ἡ
1594 3315 1714 3351 κοι-

129 3393 243 3447 λία
285 3389 408 3454 τοῖς
447 3389 779 3458 βρώμασιν.
823 3389 885 3441 '0
928 3387 996 3440 δὲ
1047 3389 1190 3453 Θεὸς
1227 3389 1325 3442 καί
1364 3384 1588 3458 ταύτην
1616 3391 1712 3444 καὶ

128 3483 331 3538 ταῦτα
359 3479 750 3549 καταργιὶσειο
783 3481 1062 3550 ἐπήγαγε·
1097 3481 1165 3533 Τὸ
1208 3479 1276 3533 δὲ
1322 3473 1492 3548 σῶμα
1533 3483 1602 3535 οὐ
1641 3480 1716 3550 τῇ

129 3573 413 3643 πορνείᾳ,
437 3573 597 3627 ἀλλὰ
615 3569 694 3636 τῷ
712 3572 924 3639 Κυρίῳ,
952 3570 1049 3624 καί
1077 3573 1109 3624 ό
1131 3572 1346 3640 Κύριος
1368 3571 1446 3636 τῷ
1468 3571 1713 3641 σώματι.

145 3670 214 3722 '0
247 3666 318 3719 δὲ
353 3664 495 3731 Θεὸς
529 3663 626 3718 καί
663 3663 768 3717 τὸν
793 3665 1010 3730 Κιτιριον
1044 3663 1262 3733 ἤγειρε,
1306 3665 1403 3718 καί
1438 3664 1595 3734 ἡμᾶς
1630 3665 1718 3730 ἐξ·

129 3758 336 3830 εγερεῖ
374 3756 470 3810 διὰ
510 3754 617 3823 τῆς
652 3755 958 3834 δυνάμεως
1004 3754 1210 3809 αὐτοῦ.
1241 3758 1304 3811 Ἡ
1346 3759 1456 3810 οὐκ
1499 3758 1715 3826 οἴδατε,

1805 498 1968 552 posse
1995 485 2215 554 corrigi,
2248 493 2302 540 et
2339 485 2408 540 ad
2455 485 2658 540 bonum
2692 484 2957 547 converti,
2983 492 3040 536 ut
3068 483 3122 535 in
3151 495 3216 536 eo
3245 494 3366 550 ρεσ-

1803 585 1925 628 cata
1963 576 2179 645 penitus
2225 577 2725 648 exstinguerentur.
2761 575 2892 640 Qum
2926 575 3069 628 enim
3100 573 3201 627 alia
3229 571 3366 627 ratio

1803 676 1910 730 est,
1958 683 2064 737 qua
2107 668 2162 722 in
2217 669 2507 738 quamdam
2561 668 2786 738 justitiae
2837 667 3147 722 servitutem
3199 664 3367 734 redigi

1805 757 1967 814 homo
2000 760 2195 828 possit,
2246 761 2352 816 nisi
2382 762 2533 831 prius
2561 760 2742 814 carnis
2767 774 2880 814 sua:
2917 758 3159 812 membra
3199 757 3368 826 subji-

1803 852 1977 917 ciens,
2031 860 2092 905 ut
2146 867 2256 906 non
2287 861 2508 922 peccato
2563 853 2795 922 amplius
2831 851 3231 919 obsequantur,
3278 849 3369 903 sed

1797 941 2043 1009 justiti-.8,
2072 945 2233 998 vitam
2258 958 2410 999 suam
2437 945 2660 1014 perinde
2686 959 2750 998 ac
2777 944 2993 998 Christo
3014 943 3236 1012 dignum
3265 948 3370 1005 est,

1803 1036 2090 1090 instituat?
2135 1035 2402 1101 Quoniam
2452 1037 2673 1106 quidem
2716 1051 2963 1106 peccare,
2997 1037 3079 1090 vel
3111 1051 3218 1089 non
3248 1049 3375 1105 pec-

1804 1142 1932 1181 care
1959 1143 2056 1198 per
2081 1143 2284 1198 corpus
2339 1128 2600 1197 suppetit,
2631 1142 2740 1198 quo
2769 1126 2838 1180 ad
2869 1127 3124 1182 virtutem
3156 1134 3248 1180 aut
3281 1141 3375 1181 ne-

1803 1219 2033 1288 quitiam
2065 1221 2390 1276 administro
2418 1219 2634 1276 animus
2675 1220 2866 1274 utitur.
2903 1221 2973 1274 Et
3008 1219 3225 1289 quidem
3247 1232 3372 1271 cum

1807 1311 1988 1383 Neque
2032 1313 2402 1382 fornicatores,
2470 1328 2560 1366 nec
2601 1311 2923 1376 idololatrw,
2970 1327 3060 1364 nec
3121 1309 3369 1372 adulteri,

1804 1419 1968 1472 neque
1995 1406 2353 1458 masculorum
2381 1402 2756 1465 concubitores,
2806 1418 2964 1471 neque
2988 1400 3190 1463 molles,
3215 1415 3374 1468 neque

1805 1493 1967 1561 fures,
2025 1512 2115 1549 nec
2165 1497 2335 1558 avari,
2391 1509 2480 1548 nec
2505 1493 2717 1556 ebriosi,
2749 1509 2909 1562 neque
2961 1493 3370 1556 conviciatores,

1805 1601 1966 1654 neque
2007 1597 2240 1655 raptores
2292 1601 2506 1656 regnum
2563 1582 2659 1636 Dei
2703 1580 2972 1652 possidere
2999 1581 3278 1649 possint‘;
3309 1594 3373 1634 ea

1807 1689 1970 1744 porro
2027 1675 2208 1730 omnia
2259 1674 2505 1743 corporis
2560 1670 2892 1726 adminiculo
2933 1669 3282 1740 perficiantur
3310 1683 3373 1722 ac

1808 1768 2269 1822 corroborentur:
2299 1766 2590 1836 jnstiticari
2641 1780 2805 1835 porro
2837 1779 2998 1819 nemo
3036 1765 3228 1834 possit,
3269 1764 3373 1817 nisi

1807 1859 1962 1929 prius
2013 1859 2116 1914 ista
2169 1859 2440 1928 superarit
2471 1875 2486 1910 :
2524 1873 2645 1929 quae
2673 1857 2890 1928 quidem
2923 1857 2971 1911 is
3014 1865 3254 1924 superat,
3280 1855 3373 1923 qui

1808 1961 1868 2002 se
1901 1947 1967 2000 ad
2017 1948 2429 2017 temperantiam
2480 1947 2749 2017 ﬁdemque
2794 1946 3100 2012 convertit;
3143 1943 3375 1999 efficitur

1809 2039 1914 2107 legi
1943 2037 2040 2093 Dei
2075 2054 2276 2108 corpus
2307 2053 2469 2108 posse
2508 2038 2726 2108 subjici.
2760 2036 2852 2092 Dei
2883 2037 3084 2106 quippe
3126 2036 3209 2090 les
3241 2043 3376 2088 tem-

1808 2130 2050 2201 perantia
2099 2138 2200 2184 est.
2251 2129 2614 2195 Quamobrem
2664 2129 2957 2198 Apostolus
3001 2142 3107 2181 non
3152 2141 3374 2180 carnem

1809 2220 1986 2290 ipsam
2018 2222 2216 2276 asserit
2242 2221 2344 2290 legi
2377 2219 2469 2275 Dei
2497 2219 2695 2289 subjici
2718 2236 2827 2274 non
2856 2235 3036 2291 posse,
3073 2220 3168 2275 sed
3194 2221 3377 2276 carnis

1811 2311 2133 2380 sapientiam
2156 2313 2200 2374 ',
2218 2311 2321 2364 hoc
2349 2317 2452 2372 est,
2480 2312 2598 2379 ejus
2617 2301 2905 2380 impetum,
2927 2321 2980 2365 et
3006 2311 3287 2366 ardentem
3311 2313 3376 2365 ad

1811 2402 2136 2471 injustitiam
2158 2401 2654 2470 inﬂammatatnqne
2682 2402 3056 2470 cupiditatem.
3078 2402 3378 2472 Repnrgari

1810 2491 2040 2561 proinde
2093 2493 2280 2562 jussit,
2339 2502 2401 2548 ut
2455 2494 2540 2548 vel
2592 2493 2767 2563 ipsam
2820 2493 3028 2548 ventris
3082 2494 3375 2563 ingluviem

1810 2595 2101 2638 conaretur
2153 2586 2519 2656 exstinguere.
2557 2600 2681 2640 cum
2729 2584 2996 2654 ejusmodi
3049 2586 3378 2655 cupiditates

1813 2689 1876 2731 ac
1905 2676 2208 2745 voluptates
2239 2676 2464 2731 interire
2509 2683 2863 2740 monstraret,
2919 2675 3116 2744 iisque,
3145 2676 3238 2745 qni
3294 2675 3378 2732 liis

1812 2767 1889 2822 uti
1914 2767 2125 2822 deliciis
2153 2767 2333 2822 vivere
2376 2783 2499 2822 esse
2531 2754 2836 2832 crederent,
2865 2767 3124 2836 pudorem
3169 2769 3382 2824 incute-

1812 2870 1896 2916 ret
1924 2879 1936 2914 :
1962 2859 2056 2930 qui
2091 2859 2258 2914 Deum
2289 2874 2413 2914 esse
2434 2867 2677 2913 ventrcm
2725 2858 2746 2889 ⁸
2778 2858 3112 2912 existimant.
3149 2857 3381 2911 Mandu-

1813 2967 1984 3004 cemus
2037 2959 2086 3004 et
2124 2949 2400 3014 bibamus;
2436 2965 2554 3003 cras
2587 2950 2725 3002 enim
2788 2948 3071 3001 moriemur
3107 2947 3149 3000 ⁸.
3190 2946 3382 3013 Quem-

1814 3041 2104 3096 admodum
2155 3041 2510 3096 voracissima
2564 3040 2813 3109 quaedam
2867 3053 3121 3108 corpora,
3156 3055 3276 3109 quae
3313 3039 3380 3092 ad

1816 3133 2074 3203 pabulum
2101 3132 2313 3202 abjecta
2350 3141 2463 3186 tota
2511 3133 2565 3186 in
2605 3132 2810 3187 mensis
2836 3146 2897 3186 ac
2930 3131 3196 3187 conviviis
3224 3145 3379 3187 occu-

1820 3233 2038 3295 pautnr.

1885 3315 2022 3370 Tum
2048 3322 2333 3384 postquam
2372 3313 2461 3368 bis
2490 3313 2670 3369 verbis
2696 3330 2830 3370 usus
2860 3321 2943 3368 cst
2979 3333 2993 3369 :
3028 3315 3164 3368 Esca
3192 3316 3381 3379 ventri,

1812 3421 1860 3464 et
1888 3417 2060 3464 venter
2079 3411 2231 3462 escis.
2249 3406 2388 3461 Deus
2415 3415 2585 3460 autem
2600 3406 2733 3459 hunc
2749 3413 2798 3459 et
2817 3405 2941 3459 illas
2964 3405 3217 3469 destruet;
3232 3406 3384 3476 adje-

1816 3502 1919 3556 cit:
1942 3499 2141 3567 Corpus
2155 3515 2218 3552 an
2229 3508 2327 3552 tem
2351 3514 2453 3553 non
2479 3497 2836 3566 [ornicationi,
2852 3497 2940 3550 sed
2961 3497 3198 3562 Domino,
3215 3509 3262 3551 et
3283 3498 3383 3552 Do-

1816 3594 1988 3646 minus
2018 3595 2240 3659 corpori.
2269 3590 2432 3661 579
2459 3588 2601 3642 Deus
2633 3598 2805 3642 autem
2826 3597 2874 3642 et
2905 3587 3187 3642 Dominum
3215 3590 3385 3643 susci-

1818 3686 1964 3750 tavit,
1995 3694 2042 3738 et
2061 3701 2154 3739 nos
2181 3682 2458 3738 suscitabit
2478 3697 2570 3750 per
2585 3681 2827 3734 virtutem
2852 3681 3034 3747 ipsius.
3064 3683 3144 3734 An
3177 3681 3387 3736 nescitis

1815 3777 2061 3846 quoniam
2087 3775 2317 3829 membra
2341 3783 2510 3827 vestra
2538 3772 2769 3826 membra
2783 3770 2980 3826 Christi
3001 3775 3159 3827 sunt?
3181 3771 3262 3825 Αιι
3293 3773 3372 3841 igi-

132 3853 232 3905 ὅτι
263 3849 335 3903 τὰ
355 3848 510 3917 μέλη
532 3846 696 3918 ὑμῶν
717 3847 871 3917 μέλη
903 3847 1156 3915 Χριστοῦ
1188 3848 1398 3911 ἐστιν;
1430 3845 1574 3916 Ἆρα
1605 3845 1708 3904 οὖν

1818 3845 1904 3920 tur
1929 3870 2157 3919 membra
2173 3865 2371 3919 Christi
2401 3864 2597 3932 faciant
2619 3863 2847 3915 membra
2869 3865 3191 3918 meretricis?
3208 3863 3247 3915 A
3259 3864 3389 3916 bsit!

130 3945 215 3998 τὰ
239 3942 399 4012 μέλη
432 3941 535 3994 τοῦ
574 3938 827 4007 Χριστοῦ
868 3938 1098 4004 ποιήσω
1139 3940 1366 4007 πόρνης
1393 3943 1586 4007 psmn;
1622 3941 1708 4007 Μὴ

1820 3957 2051 4011 Nescitis
2079 3957 2327 4025 quoniam
2353 3955 2441 4023 qui
2472 3953 2702 4006 adliceret
2728 3955 2987 4006 meretrici
3009 3970 3169 4006 unum
3200 3970 3389 4022 corpus

132 4032 416 4107 γένοιτο]
461 4034 528 4086 Ἡ
573 4033 682 4085 οὐκ
725 4029 963 4095 οἴδατε,
1009 4030 1097 4082 ὅτι
1140 4033 1173 4083 ό
1229 4030 1605 4099 κολλώμενος
1645 4031 1708 4100 τῇ

1817 4053 1933 4104 est?
1964 4047 2133 4101 Erunt
2169 4048 2336 4111 enim,
2366 4046 2556 4115 inquit,
2586 4044 2690 4097 duo
2731 4046 2785 4096 in
2827 4060 3037 4096 carnem
3077 4061 3258 4098 unum.
3286 4047 3390 4110 Qui

130 4129 341 4193 πόρνῃ
395 4121 464 4176 ἓν
501 4120 670 4191 σῶμά
721 4122 888 4184 ἐστι;
917 4123 1192 4174 Ἔσονται
1242 4121 1379 4190 γὰρ,
1435 4123 1616 4192 φησιν,
1667 4143 1708 4179 Ol

1820 4151 1996 4195 autem
2059 4139 2290 4193 adliceret
2337 4137 2588 4201 Domino,
2625 4151 2762 4188 unus
2811 4135 3028 4203 spiritus
3059 4142 3155 4188 est.
3204 4134 3388 4204 Fugite

131 4208 266 4274 δύο
283 4221 368 4283 εὶς
393 4215 587 4283 σάρκα
611 4215 777 4284 μίαν.
815 4215 867 4267 '0
907 4213 974 4266 δὲ
1015 4211 1388 4282 κολλώμενος
1426 4212 1504 4278 τῷ
1531 4217 1708 4284 Κυρίᾳ

1822 4232 2244 4302 fornicationem.
2279 4227 2445 4283 Omne
2492 4235 2760 4295 peccatum
2789 4224 3128 4295 quodcunque
3151 4239 3392 4292 peccave-

130 4314 215 4366 ἐν
278 4306 514 4377 πνεῦμά
556 4308 704 4360 ἐστι.
770 4306 1018 4373 Φεύγετε
1073 4303 1186 4371 τὴν
1230 4307 1533 4373 πορνείαν.
1594 4306 1708 4360 Πᾶν

1827 4327 1897 4378 rit
1920 4324 2094 4386 homo,
2155 4331 2308 4375 extra
2364 4333 2551 4387 corpus
2582 4329 2695 4382 est;
2744 4319 2832 4387 qui
2863 4327 3037 4370 autem
3071 4316 3388 4386 fornicatur,

131 4399 459 4470 ἁμάρτημα
489 4396 520 4450 ὃ
549 4397 656 4451 ἐὰν
694 4395 1008 4465 ἁμαρτήσῃ
1058 4394 1383 4464 ἄνθρωπος,
1418 4396 1589 4462 ἐκτὸς
1619 4397 1708 4451 τοί

1827 4416 1882 4468 in
1905 4415 2174 4483 proprium
2201 4428 2386 4480 corpus
2413 4420 2610 4479 peccat.
2630 4411 2710 4462 An
2746 4409 2977 4472 nescitis,
3006 4407 3144 4477 quod
3173 4423 3391 4474 corpora

129 4491 424 4560 σώματός
445 4490 634 4542 ἐστιν.
671 4487 734 4540 '0
763 4485 830 4538 δὲ
857 4487 1182 4554 πορνεύων,
1208 4489 1294 4553 εἰς
1331 4489 1396 4540 τὸ
1427 4487 1580 4539 ἴδιον
1605 4487 1723 4539 σῶ-

127 4601 227 4653 μα
277 4577 614 4649 ἁμαρτάνει.
676 4578 745 4633 Ἦ
789 4579 899 4631 οὐκ
948 4576 1166 4656 οἴδατε,
1216 4577 1304 4630 ὅτι
1361 4578 1432 4630 τὰ
1480 4577 1724 4646 σώματα

129 4674 318 4746 ὑμῶν
343 4672 488 4738 ναὸς
530 4671 636 4725 τοῦ
676 4670 746 4725 ἐν
775 4669 916 4740 ὑμῖν
941 4671 1110 4740 ἁγίου
1158 4671 1502 4740 Πνεύματός
1533 4671 1723 4737 ἐστιν,

133 4763 220 4823 οὗ
249 4766 418 4835 ἔχετε
448 4763 567 4818 ἀπὸ
607 4762 776 4824 Θεοῦ,
806 4762 904 4816 καί
936 4764 1045 4815 οὐκ
1084 4761 1225 4816 ἐστὲ
1264 4759 1530 4825 ἐαυτῶν;
1567 4762 1726 4830 Ἡγο-

123 4859 410 4932 ράσθητε
445 4855 555 4932 γὰρ
600 4851 794 4923 τιμῆς.
845 4852 1147 4918 Δοξάσατε
1193 4847 1307 4906 οὖν
1347 4851 1454 4906 τὸν
1484 4852 1629 4906 Θεὸν
1658 4853 1729 4906 ἐν

132 4950 230 5017 τῷ
259 4948 484 5018 σώματι
510 4945 694 5015 ὑμῶν.
827 5003 832 5007 ,

218 5043 348 5096 NF’.
389 5039 653 5112 Πρόσχες,
683 5041 786 5103 ὅτι,
814 5039 1003 5109 ἐπειδὴ
1031 5038 1094 5091 τὸ
1121 5036 1280 5107 σῶμα
1313 5035 1470 5089 τοῦτο
1501 5036 1723 5090 δύναται

125 5138 240 5192 τὸν
271 5135 434 5205 νόμον
461 5132 552 5186 τοῦ
586 5131 722 5185 Θεοῦ
759 5133 851 5184 καὶ
887 5131 983 5202 τὴν
1019 5129 1317 5184 ἀθανασίαν
1345 5128 1724 5195 ὑποδέξασθαι,

134 5229 248 5281 ἐὰν
295 5223 607 5293 καθαίροιτο
653 5223 753 5293 τῆς
805 5221 1071 5291 ἀκρασίας
1116 5220 1224 5273 τῶν
1261 5218 1721 5288 ὑπεκκαυμάτων,

141 5318 228 5392 μὴ
251 5317 608 5389 χραινόμενον
635 5314 897 5384 ἀθέσμοις
921 5315 1056 5378 ὅλως
1085 5314 1312 5383 οἴστρων
1337 5312 1721 5384 παρατριόαϊς,

144 5412 230 5468 διὸ
255 5413 284 5463 6
319 5409 639 5471 Ἀπόστολος
683 5407 854 5460 ταῦτα
899 5404 1284 5475 διεφθέγξατο·
1327 5406 1478 5455 ποῖον
1520 5401 1630 5474 γάρ
1662 5404 1724 5456 τὸ

138 5497 492 5570 κολλώμενον
513 5499 697 5569 ἕτερον
720 5501 787 5568 τῇ
813 5497 986 5570 πόρνῃ
1009 5497 1101 5550 καὶ⁸
1127 5493 1444 5567 πλησιάζον,
1470 5494 1562 5548 καὶ
1586 5493 1724 5565 σάρξ

1831 4517 2004 4561 vestra
2041 4505 2286 4571 templum
2316 4514 2437 4557 sunt
2478 4503 2590 4572 ejus
2619 4502 2708 4568 qui
2742 4501 2797 4553 in
2861 4498 3001 4554 vobis
3029 4510 3105 4553 est
3135 4500 3388 4567 Spiritus,

1829 4613 1976 4668 quem
2007 4595 2206 4649 habetis
2237 4611 2270 4646 a
2299 4593 2426 4657 Deo,
2450 4603 2499 4646 et
2516 4610 2618 4647 non
2667 4593 2790 4646 estis
2822 4593 3014 4646 vestri?
3054 4591 3230 4658 Empti
3253 4591 3391 4643 enim

1825 4689 1950 4742 estis
1995 4687 2180 4755 pretio.
2241 4682 2546 4753 Gloriﬁcate
2591 4684 2754 4754 igitur
2783 4681 2952 4736 Deum
3000 4682 3055 4736 in
3088 4680 3392 4748 corporibus

1821 4778 2008 4834 vestris
2039 4777 2084 4835 ⁸.

1901 5035 2030 5091 Llil.
2065 5037 2123 5092 ln
2171 5052 2278 5108 quo
2321 5037 2480 5092 velim
2533 5035 2665 5091 illud
2719 5036 3154 5102 animadvertas,
3199 5055 3298 5110 pro
3331 5056 3396 5097 eo

1828 5128 1976 5198 quod
2021 5143 2220 5197 corpus
2265 5127 2407 5182 istud
2463 5127 2565 5196 legi
2615 5127 2706 5182 Dei
2754 5128 3255 5201 immortalitatique
3301 5146 3396 5186 ca-

1827 5220 2034 5290 pienda:
2066 5219 2320 5274 idoneum
2345 5229 2448 5288 est,
2479 5220 2524 5274 si
2557 5221 2626 5274 ab
2656 5220 2907 5276 omnibus
2939 5221 3224 5276 libidinum
3263 5222 3399 5276 inci-

1823 5311 2082 5365 lamentis
2122 5311 2194 5362 ita
2241 5318 2523 5380 purgetur,
2550 5311 2715 5366 nullis
2755 5321 2813 5366 ut
2855 5312 3184 5367 nefariarum
3212 5311 3396 5365 illece-

1821 5403 2044 5458 brarum
2111 5403 2350 5458 stimulis
2415 5405 2862 5470 commaculctur,
2911 5406 3114 5460 idcirco
3161 5405 3273 5457 haec
3329 5403 3398 5457 ab

1819 5494 2083 5565 Apostolo
2113 5510 2236 5551 esse
2267 5494 2431 5551 dicta.
2468 5497 2610 5562 Quid
2659 5500 2802 5553 enim
2833 5498 2980 5552 aliud
3028 5504 3132 5560 est,
3153 5493 3298 5567 quod
3327 5495 3416 5550 ad.

222 5680 245 5715 ⁸
276 5677 299 5735 l
326 5676 452 5735 Cor.
490 5695 564 5744 vi,
595 5677 683 5733 10.
759 5678 779 5708 ²
805 5676 960 5732 Rom.
991 5691 1110 5743 vm,
1139 5676 1195 5731 7.
1272 5675 1292 5708 ³
1321 5673 1554 5746 Pb'lipp.
1580 5689 1659 5739 ιιι,
1698 5676 1708 5727 1

1859 5677 1882 5707 δ
1915 5675 1933 5729 l
1962 5673 2087 5731 Cor.
2126 5692 2217 5742 xv,
2247 5675 2335 5731 32.
2414 5677 2434 5708 ⁸
2469 5674 2488 5729 l
2518 5676 2643 5734 Cor.
2677 5692 2750 5742 vr,
2791 5673 2977 5730 15-20.
