3822 6314
446 291 590 351 H59

1854 290 1911 348 S.
1954 290 2292 348 EPlPllANll

3563 301 3696 358 “60

443 404 786 470 meretricem
820 410 1182 479 adhaerescat,
1212 420 1265 467 et
1297 411 1363 467 ad
1390 426 1508 469 eam
1541 413 1785 477 accedat,
1812 429 2014 484 unaqut

2133 415 2251 485 μετ’
2290 414 2475 493 ,αὐτῆς
2505 414 2647 467 κατὰ
2692 414 2793 485 τὴν
2833 413 3017 483 ζεῦξιν
3062 415 3173 470 τιῖνν
3220 416 3432 487 μελῶν,
3468 417 3564 470 καὶ
3605 418 3696 488 τὴν

441 522 565 561 cum
592 507 680 561 illa
710 521 840 561 caro
861 507 1251 575 conjunctione
1285 507 1653 563 membrorum
1685 520 1749 560 ac
1779 520 2029 560 commu-

441 598 605 652 nione
641 598 875 667 quadam
913 597 1198 659 eﬂlciatur,
1242 605 1600 667 praeterquam
1644 609 1847 665 corpus
1894 596 2027 650 illud

440 697 748 751 externum,
787 685 946 755 cujus
987 688 1290 741 ministerio
1341 685 1525 739 omnia
1559 685 1650 738 illa
1692 684 2025 739 commistio-

440 781 529 836 nis
573 793 863 848 corporum
907 787 961 833 et
1006 779 1246 833 ardentis
1292 778 1534 832 libidinis
1581 775 1785 847 ﬂagitia
1836 791 2030 846 perpe—

440 872 693 925 trantur?
725 869 878 925 Unde
912 878 968 926 et
996 887 1147 924 omne
1187 879 1478 939 peccatum,
1511 869 1858 940 quodcunque
1891 870 2026 939 fece-

443 962 510 1015 rit
544 962 719 1026 homo,
744 971 897 1015 extra
922 977 1115 1029 corpus
1138 970 1255 1025 est;
1284 962 1374 1031 qui
1413 972 1587 1016 autem
1635 961 1950 1030 fornicatur,
1973 962 2029 1014 in

440 1054 711 1123 proprium
746 1068 934 1119 corpus
979 1061 1180 1121 peccat.
1215 1051 1424 1108 Etenim
1460 1052 1800 1123 arrogantia,
1835 1050 2030 1105 inlide-

443 1146 588 1206 lilas,
628 1145 704 1197 ira
732 1154 898 1215 atque
923 1145 1203 1200 simulatio
1237 1146 1431 1200 animae
1464 1154 1686 1216 peccata
1718 1153 1868 1200 sunt.
1902 1142 2029 1199 Stu-

440 1253 598 1306 prum
630 1253 761 1292 vero
792 1224 849 1292 et
888 1236 1244 1293 inﬂammatio
1302 1237 1393 1293 illa
1442 1238 1682 1294 libidinis
1733 1253 2026 1308 corporum

440 1343 594 1397 prop:
610 1328 658 1381 ia
690 1336 836 1383 sunt.
868 1327 1204 1395 Quibuscum
1235 1330 1418 1401 utique
1464 1343 1566 1385 nec
1596 1329 1815 1385 evolare
1846 1330 2027 1383 anima

439 1421 661 1491 poterit,
718 1437 894 1491 neque
944 1423 1317 1492 temperantia:
1359 1422 1596 1477 decretis
1645 1422 1881 1491 subjici;
1934 1421 2027 1476 sed

440 1515 602 1568 ambo
639 1512 843 1569 Christi
893 1530 1058 1586 regno
1096 1516 1353 1570 excidere
1399 1530 1622 1570 necesse
1661 1522 1764 1569 est.
1801 1512 2029 1568 Praeter-

436 1618 501 1658 ea
556 1605 600 1660 si
652 1620 883 1674 corpora
941 1614 1127 1660 nostra
1182 1606 1237 1660 in
1291 1604 1656 1662 sanctimonia
1708 1612 2026 1659 conservata

440 1697 699 1765 templum
739 1708 867 1752 sunt
905 1698 1202 1754 habitantis
1245 1698 1300 1753 in
1342 1699 1501 1753 nobis
1551 1696 1822 1768 Spiritus;
1866 1702 2027 1766 atque

366 1800 369 1801 '
437 1796 492 1842 et
526 1789 578 1842 in
611 1804 841 1858 corpore
876 1788 1138 1845 Dominus
1179 1789 1399 1853 residet,
1429 1798 1484 1843 et
1516 1788 1755 1842 membra
1781 1786 2026 1855 corporis

438 1878 644 1934 Christi
682 1882 923 1935 membra
980 1890 1126 1945 sunt,
1174 1882 1398 1934 omnino
1440 1880 1636 1934 divina:
1680 1879 1779 1949 legi
1829 1894 2027 1948 corpus

439 1971 712 2034 subditur,
746 1985 809 2024 ac
843 1987 1068 2042 regnum
1101 1970 1193 2026 Dei
1224 1972 1506 2041 possidere
1534 1979 1732 2041 potest.
1761 1971 1866 2037 Qui
1888 1972 2027 2025 enim

435 2063 686 2117 excitavit
719 2061 989 2117 Christum
1037 2079 1070 2115 a
1103 2063 1357 2126 mortuis,
1407 2062 1708 2130 oiviﬁcabit,
1752 2063 1947 2133 inquit,
1978 2074 2028 2119 et

442 2154 692 2207 mortalia
725 2169 945 2221 corpora
975 2163 1144 2208 vestra
1180 2168 1271 2221 per
1308 2152 1683 2206 inltabitantem
1713 2153 1825 2221 ejus
1858 2152 2029 2221 Spiri-

440 2256 552 2299 tum
584 2246 639 2298 in
670 2245 813 2299 vobis
846 2248 861 2277 ¹
890 2262 905 2311 ;
940 2255 997 2299 ut
1038 2246 1263 2299 mortale
1307 2244 1403 2298 hoc
1435 2243 1621 2298 induat
1650 2246 2029 2300 immortalita-

440 2344 565 2398 tem,
613 2346 663 2390 et
721 2334 1119 2402 incorruptibile
1170 2334 1638 2404 incorruptionem,
1695 2353 1934 2407 morsque
1971 2339 2028 2393 iu

438 2426 711 2480 victoriam
744 2424 1090 2479 absorbeatur
1124 2426 1167 2477 ¹.
1217 2423 1333 2479 Non
1375 2425 1521 2481 enim
1561 2424 1629 2481 de
1666 2426 1773 2481 alio
1800 2442 2028 2497 corpore

440 2513 542 2568 hoc
574 2516 694 2569 loco
721 2515 1036 2585 disputabat
1070 2515 1367 2585 Apostolus
1392 2556 1407 2581 ,
1443 2522 1804 2586 praeterquam
1827 2516 1897 2573 de
1924 2519 2028 2574 hoc

440 2604 596 2674 ipso,
648 2606 792 2675 quod
837 2606 1205 2677 exstinguitur
1258 2620 1323 2660 ac
1377 2617 1551 2661 morte
1586 2607 1894 2676 coniicitur,
1932 2625 2029 2681 per

437 2698 583 2769 quod
616 2699 848 2753 scortari
880 2699 1006 2754 licet
1036 2713 1100 2752 ae
1156 2696 1359 2768 ﬂagitia
1387 2699 1747 2755 committere.

512 2791 676 2863 580
705 2790 839 2846 LIV.
892 2790 1048 2857 Quod
1102 2789 1150 2846 si
1204 2791 1475 2847 interesse
1526 2792 1778 2847 nonnihil
1826 2806 2026 2864 corpus

439 2882 582 2937 inter
619 2899 683 2937 ac
714 2898 935 2937 carnem
1004 2882 1353 2953 suspicentur
1394 2883 1476 2954 (ut
1514 2882 1601 2938 vel
1634 2884 1891 2939 subtilius
1923 2884 2028 2940 hoc

440 2975 564 3028 illos
596 2975 758 3029 modo
791 2974 1099 3029 ratiocinari
1127 2974 1435 3045 sinamus);
1470 2973 1607 3029 adeo
1637 2981 1695 3028 ut
1724 2974 1871 3030 aliud
1906 2990 2027 3031 esse

2128 504 2413 559 κοινωνίαν
2452 505 2582 576 μίαν
2620 505 2944 576 γιγνόμενον
2984 506 3138 577 παρὰ
3167 506 3327 559 τοῦτο
3355 507 3415 559 τὸ
3452 506 3611 577 σῶμα
3642 510 3695 561 τὸ

2127 596 2251 662 ἔξω,
2279 596 2348 649 δι’
2384 591 2445 649 οῦ
2484 596 2659 650 πάντα
2691 596 2867 651 ταῦτα
2909 596 3213 668 πληροῦται
3256 597 3325 650 τὰ
3369 595 3510 668 πρὸς
3546 594 3697 666 ’μίξιν

2130 689 2224 741 καὶ
2268 687 2527 741 ἔκκαυσιν
2580 689 2989 759 ἀμαρτήματα;
3021 687 3181 742 Ὅθεν
3218 688 3313 741 καὶ
3358 685 3483 742 πᾶν
3518 686 3696 758 ἀμάρ-

2126 797 2283 849 τημα
2306 780 2337 833 ὃ
2368 780 2477 833 ἐὰν
2513 781 2743 849 ποιήσῃ
2789 784 2821 835 ὀ
2858 780 3192 849 ἆνθρουτος,
3238 779 3412 846 ἐκτὸς
3448 780 3555 833 τοῦ
3596 777 3694 831 σώ-

2120 872 2310 941 ματός
2327 871 2516 925 ἐστιν.
2549 870 2603 923 ’0
2626 871 2695 925 δὲ
2735 872 3066 940 πορνεύων,
3100 873 3188 938 εις
3232 871 3297 925 τὸ
3350 870 3504 924 ἴδιον
3529 872 3693 939 σῶμα

2126 958 2466 1028 ἁμαρτάνει.
2507 960 2687 1030 Τύφος
2714 960 2813 1031 μὲν
2838 960 2947 1031 γάρ
2977 961 3071 1013 καὶ
3102 962 3351 1025 ἀπιστία,
3381 962 3479 1015 καὶ
3505 959 3691 1031 θυμὸς,

2127 1051 2221 1103 καὶ
2250 1050 2560 1121 ὑπόκρισις,
2590 1051 2769 1122 ψυχῆς
2799 1052 3192 1123 ἁμαρτήματα.
3231 1052 3462 1125 Πορνεία
3498 1053 3578 1113 δὲ,
3609 1054 3697 1105 καὶ

2125 1135 2361 1212 οἶστρος,
2395 1142 2491 1195 καὶ
2534 1144 2736 1215 τρυφὴ,
2771 1142 3057 1214 σώματος·
3094 1144 3213 1215 μεθ’
3257 1139 3333 1199 ὧν
3377 1144 3503 1197 οὔτε
3556 1145 3695 1215 ψυχὴ

2127 1234 2264 1307 πρὸς
2297 1235 2553 1306 ἀλήθειαν
2580 1235 2979 1305 άναπτήσεται,
3015 1234 3140 1290 οὔτε
3183 1237 3542 1309 σωφροσύνης
3576 1238 3696 1291 ὐπο-

2126 1324 2457 1396 ταχθήσεται
2483 1324 2747 1395 δόγμασιν
2769 1341 2783 1356 ·
2812 1325 2948 1379 ἀλλὰ
2978 1326 3146 1397 ἄμφω
3173 1326 3577 1397 διολισοήσουσι
3605 1328 3695 1397 τῆς

2129 1416 2401 1487 βασιλείας
2422 1416 2515 1470 τοῦ
2529 1416 2782 1488 Χριστοῦ.
2800 1418 2909 1470 Καὶ
2927 1419 3124 1478 τοίνυν.
3141 1420 3189 1471 εἰ
3205 1419 3273 1472 τά
3295 1418 3526 1489 σώματα
3545 1421 3694 1490 ἡμῶν

2128 1510 2185 1560 ὲν
2205 1508 2458 1579 ἁγιασμῷ
2492 1508 2925 1581 διακρατούμενα
2955 1510 3079 1574 ναός
3106 1512 3222 1564 ὲστι
3248 1511 3341 1565 τοῦ
3370 1514 3430 1565 ὲν
3462 1514 3595 1582 ἡμῖν
3621 1514 3693 1565 0i-

2127 1601 2346 1665 κοῦντος
2375 1599 2712 1671 Πνεύματος,
2734 1602 2827 1654 καὶ
2851 1604 2879 1655 0
2905 1601 3108 1675 Κύριος
3139 1603 3198 1657 ὲν
3229 1603 3307 1674 τῷ
3338 1603 3577 1674 σώματι,
3611 1608 3695 1657 ni

2126 1692 2193 1745 τὰ
2250 1692 2385 1762 μέλη
2426 1691 2518 1744 τοῦ
2554 1690 2800 1762 σώματος
2838 1691 2973 1763 μέλη
3020 1691 3277 1765 Χριστοῦ,
3325 1693 3689 1747 ὑποτάσσεται

2060 1764 2100 1819 Β
2127 1782 2235 1854 ἄρα
2282 1782 2342 1834 τὸ
2379 1780 2536 1851 σῶμα
2568 1781 2647 1851 τῷ
2678 1782 2826 1852 νόμῳ
2853 1782 2931 1853 τῷ
2972 1764 3120 1852 Gaio),
3154 1783 3249 1836 καὶ
3291 1782 3699 1856 κληρονομῆσαι

2126 1872 2349 1926 δύναται
2394 1871 2493 1943 τὴν
2525 1871 2799 1942 βασιλείαν
2848 1872 2944 1926 τοῦ
2994 1872 3151 1929 Θεοῦ.
3211 1872 3275 1927 ’0
3318 1874 3697 1945 γὰρὲτείρας

2128 1966 2383 2035 Χριστὸν
2425 1965 2494 2019 ἐκ
2540 1963 2791 2034 νεκρῶν,
2839 1964 3220 2031 ζωοποιήσει,
3270 1967 3441 2037 φησὶ,
3496 1968 3697 2020 καὶτὰ

2127 2057 2315 2125 θνητὰ
2340 2056 2585 2126 σώματα
2604 2055 2772 2125 ὑμῶν
2798 2055 2897 2110 διὰ
2938 2057 3045 2111 τοῦ
3089 2056 3474 2123 ἐνοικοῦντος
3512 2058 3696 2112 αὐτοῦ

2126 2151 2471 2219 Πνεύματος
2496 2149 2567 2202 ἐν
2599 2148 2767 2217 ὑμῖν
2797 2148 2900 2202 ἵνα
2942 2148 3009 2202 τό
3051 2148 3274 2217 θνητὸν
3318 2149 3498 2203 τοῦτο
3539 2150 3697 2205 ἐνδύο

2128 2256 2307 2308 σηται
2384 2239 2498 2307 τὴν
2555 2240 2914 2305 ἀθανασίαν,
2961 2239 3059 2293 καὶ
3120 2240 3188 2294 τὸ
3251 2242 3526 2310 φθαρτὸν
3590 2243 3697 2309 τὴν

2126 2329 2487 2398 ἀφθαρσίαν,
2517 2331 2605 2396 εὶς
2633 2329 2803 2396 νῖκός
2831 2346 2893 2384 τε
2924 2330 3229 2399 καταποθῇ
3262 2335 3295 2386 ὀ
3321 2330 3599 2399 θάνατος.
3627 2336 3695 2387 03

2126 2422 2236 2492 γὰρ
2285 2422 2415 2493 περὶ
2460 2421 2620 2475 ἄλλου
2667 2422 3029 2493 διελάμϐανεν
3086 2422 3319 2478 ἐνταῦθα
3380 2426 3635 2496 σώματος
3672 2429 3698 2478 0

2140 2513 2479 2578 Ἀπόστολος,
2510 2514 2646 2569 ἀλλὰ
2678 2515 2807 2587 περὶ
2832 2516 3025 2570 τούτου
3063 2516 3158 2569 καὶ
3197 2517 3291 2572 τοῦ
3325 2517 3698 2592 ἀποθνήσκω-

2125 2621 2217 2668 τος
2270 2605 2367 2659 καὶ
2432 2607 2834 2677 νεκρουμένου,
2890 2607 2958 2661 δι’
2998 2602 3060 2662 οῦ
3107 2609 3203 2663 καὶ
3252 2610 3552 2682 πορνεῦσαι
3607 2616 3696 2666 καὶ

2126 2697 2425 2769 ἁσελγῆσαι
2453 2697 2697 2752 δυνατόν.

2194 2786 2317 2839 ΝΔθ.
2363 2787 2489 2845 Ἐὰν
2514 2787 2571 2841 δὲ
2602 2788 2867 2861 διαφοράν
2895 2784 3033 2843 εἶναι
3072 2788 3325 2862 σώματος
3347 2792 3487 2863 πρὸς
3522 2794 3699 2864 σάρκα

2126 2877 2543 2943 ὕποτοπάζωσιν
2571 2880 2679 2951 (ἵνα
2706 2881 2771 2952 δὴ
2796 2882 2892 2935 καὶ
2920 2881 3091 2937 ταῦτα
3109 2884 3293 2947 αὐτοῖς
3318 2886 3697 2957 ἐπιτρέψωμεν

2126 2967 2546 3040 λογικεύεσθαι),
2582 2973 2677 3026 καὶ
2720 2972 2879 3043 σῶμα
2925 2974 3023 3044 μὲν
3078 2973 3205 3028 ἄλλο
3250 2977 3546 3047 νομίζοιεν,
3585 2976 3696 3031 οἷον

438 3077 641 3133 corpus
697 3071 976 3130 censeant,
1032 3064 1180 3118 velut
1240 3062 1413 3133 ipsius
1477 3063 1670 3117 anima
1722 3064 2014 3133 proprium,

2126 3059 2295 3130 αὐτῆς
2326 3059 2426 3129 τῆς
2448 3060 2647 3131 ψυχῆς,
2677 3060 2706 3114 0
2731 3062 2805 3133 μὴ
2833 3060 3110 3132 βλέπεται,
3144 3064 3324 3134 σάρκα
3355 3065 3413 3118 δὲ
3452 3066 3611 3119 τοῦτο
3640 3067 3696 3118 τὸ

438 3156 584 3225 quod
611 3155 862 3224 usurpari
894 3153 1069 3208 oculis
1092 3161 1358 3222 nequeat;
1385 3166 1604 3207 carnem
1630 3160 1812 3208 autem
1845 3159 2025 3207 exter-

440 3261 571 3301 num
602 3246 733 3300 illud
772 3260 915 3310 esse,
947 3243 1091 3315 quod
1140 3244 1315 3299 oculis
1354 3244 1599 3298 cernitur
1630 3262 1644 3297 :
1685 3244 1765 3299 sic
1802 3259 1898 3299 eos
1935 3259 2023 3300 re-

448 3337 635 3394 fellere
664 3337 954 3409 oportebit,
987 3350 1095 3391 non
1132 3334 1292 3390 modo
1331 3333 1559 3388 Paulum
1613 3349 1677 3389 ac
1724 3336 2024 3407 prophetas

436 3428 689 3499 corporis
745 3428 1160 3501 appellationem
1216 3426 1345 3481 huic
1391 3426 1543 3480 carni
1600 3427 1879 3491 tribuere,
1927 3427 2023 3484 sed

438 3523 577 3578 alios
626 3536 844 3591 quoque
883 3518 1255 3591 philosOphos.
1308 3530 1341 3570 a
1393 3517 1593 3586 quibus
1653 3527 1911 3571 accurata
1968 3518 2022 3572 in

438 3614 632 3683 primis
666 3611 851 3665 haberi
888 3610 1028 3663 ratio
1067 3608 1347 3661 nominum
1389 3606 1546 3661 solet.
1593 3605 1806 3661 Etenim
1838 3608 2022 3664 carnis

438 3703 819 3775 appellatione,
849 3700 894 3755 si
930 3700 1044 3753 haec
1084 3698 1149 3751 ad
1192 3704 1440 3750 exactam
1489 3697 1733 3752 scientiae
1775 3712 2019 3753 normam

437 3796 655 3864 exigere
697 3792 890 3853 velint,
920 3803 1026 3844 nou
1077 3788 1332 3843 universa
1367 3789 1583 3857 proprie
1624 3788 1807 3857 hujus.
1843 3797 1901 3842 ut
1947 3791 2019 3844 ita

437 3885 637 3948 dicam,
664 3880 995 3938 tabernaculi
1047 3880 1218 3933 moles
1257 3878 1599 3949 intelligitur,
1635 3880 1728 3935 sed
1774 3881 2019 3951 quaedam

436 3976 607 4030 totius
634 3988 783 4044 pars,
812 3971 1267 4043 quemadmodum
1301 3985 1450 4034 ossa,
1475 3970 1625 4024 nervi
1645 3978 1808 4041 atque
1840 3987 2016 4038 venae;

435 4080 639 4134 corpus
670 4070 850 4116 autem
880 4069 1053 4115 totum
1081 4060 1303 4114 dicitur.
1323 4057 1479 4113 Unde
1505 4066 1562 4114 et
1591 4059 1810 4123 medici,
1835 4061 1927 4131 qui
1952 4060 2019 4116 de

436 4164 629 4210 natura
687 4168 982 4222 corporum
1026 4160 1283 4206 accurate
1326 4150 1633 4221 disputant,
1692 4150 1794 4206 hoc
1840 4152 2018 4221 ipsum

432 4247 577 4317 quod
616 4244 947 4314 aspectabile
986 4251 1092 4306 est,
1141 4257 1340 4313 corpus
1391 4257 1515 4297 esse
1557 4244 1824 4299 sentiunt.
1871 4243 2016 4309 Quin

434 4339 552 4407 ipse
595 4334 749 4388 Plato
795 4334 940 4389 istud
992 4335 1169 4403 ipsum
1211 4350 1413 4406 corpus
1452 4350 1575 4391 esse
1624 4350 1732 4389 non
1776 4335 2012 4405 ignorat.

2125 3149 2231 3216 ἐξω
2260 3150 2322 3203 τὸ
2353 3150 2711 3223 βλεπόμενονο
2747 3153 2991 3220 λεκτέον,
3025 3155 3101 3219 ὡς
3140 3156 3200 3209 οὐ
3230 3157 3391 3226 μόνον
3428 3160 3459 3210 0
3490 3158 3694 3221 Παῦλος

2125 3240 2221 3293 καὶ
2248 3242 2295 3293 οἱ
2328 3242 2599 3314 προφῆται
2618 3242 2778 3313 σῶμα
2804 3244 3129 3313 γινώσκουσι
3162 3246 3262 3317 τὴν
3296 3249 3481 3318 σάρκα
3502 3249 3695 3318 ὀνομά-

2126 3332 2311 3398 ζεσθαι
2337 3334 2563 3406 ταύτην,
2606 3336 2743 3390 ἀλλὰ
2770 3339 2862 3391 καὶ
2908 3337 3056 3391 ἄλλοι
3105 3339 3388 3409 φιλόσοφοι
3408 3381 3424 3406 ,
3452 3342 3581 3413 παρ’
3614 3338 3693 3404 οἷς

2122 3426 2187 3499 δὴ
2217 3427 2449 3498 μάλιστα
2479 3429 2575 3483 καὶ
2604 3430 2638 3500 ἡ
2668 3429 2776 3483 τῶν
2803 3430 3081 3502 ὀνομάτων
3110 3432 3362 3504 ἀκρίϐεια
3390 3438 3695 3505 παρατεκτή-

2125 3536 2307 3591 ρηται.
2336 3521 2481 3592 Σάρξ
2509 3521 2618 3594 γὰρ
2640 3522 2799 3587 ὅλως,
2826 3526 2873 3576 εἰ
2903 3523 3176 3594 βούλοιντο
3196 3526 3291 3578 καὶ
3321 3525 3453 3598 περὶ
3488 3528 3691 3580 τούτων

2123 3610 2503 3682 ἐπιστημόνως
2547 3612 2968 3682 ἐπισκέψασθαι,
3002 3615 3108 3677 πᾶς
3145 3616 3174 3667 0
3216 3615 3380 3683 δγκος
3406 3610 3556 3677 οὗτος
3598 3618 3689 3668 τοῦ

2123 3701 2483 3773 σκηνώματος
2502 3702 2658 3775 ἡμῶν
2684 3704 2885 3775 κυρίως
2921 3705 2981 3758 οὐ
3008 3704 3245 3774 λέγεται,
3279 3705 3419 3760 άλλά
3449 3725 3500 3759 τι
3525 3708 3687 3779 μέρος

2121 3792 2214 3845 τοῦ
2248 3793 2391 3859 ὅλου,
2417 3793 2665 3867 καθάπερ
2690 3794 2723 3864 ἢ
2751 3796 2909 3862 ὀστᾶ,
2941 3797 2973 3866 ἢ
3003 3795 3240 3868 νεῦρα,ἢ
3276 3797 3499 3865 φλὲσες·
3529 3798 3689 3868 σῶμα

2120 3884 2177 3937 δὲ
2205 3884 2266 3937 τὺ
2306 3885 2445 3940 ὅλον.
2477 3885 2640 3939 Ὅθεν
2671 3887 2762 3939 καὶ
2794 3888 2988 3957 ἰατροὶ,
3018 3888 3068 3941 οἳ
3092 3888 3158 3959 δὴ
3186 3889 3279 3941 καὶ
3307 3890 3438 3960 περὶ
3472 3889 3685 3959 φύσεως

2122 3977 2389 4047 σωμάτων
2443 3978 2689 4049 ἀκριϐῶς
2740 3977 3085 4050 διειλήφασι,
3147 3981 3303 4052 σῶμα
3358 3981 3683 4050 γινώσκουσι

2118 4067 2276 4121 τοῦτο
2305 4068 2367 4121 τὸ
2404 4067 2753 4139 βλεπόμενον.
2802 4070 2963 4123 Ἀλλὰ
2997 4071 3093 4124 καὶ
3111 4072 3139 4123 0
3166 4072 3390 4125 Πλάτων
3429 4073 3523 4126 καὶ
3550 4073 3683 4126 αὐτὸ

2116 4158 2277 4212 τοῦτο
2309 4158 2469 4229 σῶμα
2495 4160 2587 4212 καὶ
2617 4159 2777 4224 αὐτὸς
2807 4160 3109 4217 ἐπίσταται.
3148 4162 3235 4215 Ἐν
3271 4161 3401 4231 γοῦν
3436 4163 3514 4234 τῷ
3542 4164 3681 4216 Φαί-

2116 4248 2259 4303 δωνι
2295 4251 2324 4303 0
2374 4250 2691 4321 Σωκράτης,
2723 4268 2743 4301 ι
2774 4251 2916 4324 Ἂρα
2955 4251 3029 4324 μὴ
3071 4251 3198 4306 ἀλλο
3233 4269 3289 4304 τι
3330 4252 3423 4306 τὸν
3457 4253 3683 4307 θάνατον

2099 4337 2402 4410 κήγούμεθα
2443 4334 2604 4405 εἶναι,
2646 4358 2665 4391 ι
2699 4338 2824 4412 ἔφη,
2855 4359 2873 4392 ι
2904 4341 2937 4413 ἢ
2964 4341 3065 4411 τῆς
3092 4341 3274 4413 ψυχῆς
3301 4342 3408 4396 ἀπὸ
3442 4341 3534 4396 τεῦ
3580 4343 3682 4396 σὼ.

434 4426 577 4482 Sane
594 4428 647 4482 in
663 4424 926 4480 Phaedone
943 4423 1219 4492 Socrates,
1248 4445 1267 4477 ι
1290 4427 1484 4481 Annon
1499 4426 1663 4492 idem,
1690 4445 1708 4477 ι
1733 4426 1828 4493 ait,
1853 4444 1873 4479 ι
1893 4443 2014 4485 esse

2122 4448 2285 4502 ματος
2314 4430 2666 4501 ἀπαλλαγήν;
2705 4433 2799 4484 καὶ
2834 4427 2974 4486 εἶναι
3000 4432 3157 4487 τοῦτο
3185 4433 3436 4488 τεθνάναι
3455 4476 3473 4499 ,
3511 4436 3680 4507 χωρῇ

434 4527 664 4575 mortem
696 4518 1155 4584 existimabimus,
1186 4519 1330 4588 quod
1358 4518 1555 4574 animae
1583 4534 1613 4572 a
1643 4533 1873 4589 corpore
1890 4518 2014 4576 'dis-

432 4626 649 4669 cessum
684 4630 697 4667 :
727 4619 891 4681 atque
925 4612 1029 4666 hoc
1081 4611 1301 4667 demum
1350 4626 1474 4667 esse
1506 4611 1667 4675 mori,
1703 4627 1902 4681 corpus
1942 4613 2012 4669 ab

431 4704 613 4758 anima
643 4704 975 4772 disiunctum
1004 4717 1100 4773 per
1124 4717 1244 4758 sese
1271 4702 1447 4773 ipsum
1474 4703 1760 4766 exsistere,
1796 4703 2010 4758 itidem—

429 4812 538 4868 que
558 4796 794 4849 animam
824 4810 853 4848 a
877 4809 1107 4865 corpore
1129 4803 1432 4864 separatam
1449 4796 1499 4848 ii
1530 4795 1671 4862 Quid
1702 4796 1892 4851 beatus
1923 4796 2012 4851 ille

431 4887 645 4957 Moyses
680 4888 761 4957 (ut
807 4884 872 4939 ad
902 4885 1115 4940 divinas
1143 4900 1357 4957 quoque
1390 4885 1624 4943 Litteras
1665 4887 2012 4956 veniamus)?

431 4992 611 5032 nonne
653 4992 853 5047 corpus
902 4977 1040 5032 idem
1085 4977 1333 5048 intelligit
1379 4992 1520 5045 esse,
1553 4979 1697 5048 quod
1742 4994 1839 5034 uos
1870 4979 2007 5033 dici-

432 5083 575 5133 mus,
629 5083 753 5122 cum
788 5069 861 5123 ita
910 5068 1187 5138 loquitur:
1224 5067 1293 5121 Et
1342 5067 1539 5123 (arabit
1590 5071 1893 5124 vestimenta
1949 5070 2003 5124 in

430 5158 864 5229 purgationibus,
911 5160 1001 5230 qui
1047 5160 1273 5230 tetigerit
1312 5160 1678 5225 immundum;
1719 5172 1767 5216 et
1808 5163 2007 5216 (arabit

429 5264 617 5315 corpus
641 5264 793 5301 suum
819 5265 993 5318 aqua;
1018 5259 1067 5303 et
1094 5250 1393 5305 immundus
1418 5251 1518 5305 erit
1556 5250 1624 5303 ad
1652 5268 1913 5321 vesperam
1942 5253 2003 5305 ’ἲ

426 5339 568 5407 Quid
600 5339 666 5394 de
691 5336 827 5393 Jobo
858 5341 1143 5394 dicemus?
1195 5357 1375 5396 nonne
1410 5351 1464 5397 et
1507 5344 1553 5398 is
1593 5343 1824 5413 idipsum
1858 5344 2001 5413 quod

425 5431 795 5501 exstinguitur
844 5437 1017 5484 morte
1057 5446 1255 5500 corpus
1302 5448 1423 5487 esse
1470 5433 1774 5502 signiﬁcat?
1816 5435 2004 5489 Versa-

404 5532 535 5585 -tur,
583 5522 778 5593 inquit,
829 5535 1015 5588 corpus
1050 5537 1218 5574 meum
1269 5523 1322 5576 in
1370 5524 1639 5592 putredine
1676 5526 1927 5579 vermium
1957 5524 1998 5581 ⁸.

502 5679 517 5708 ⁸
553 5677 710 5730 Itoni.
749 5693 867 5742 vui,
902 5678 986 5731 il.
1063 5680 1082 5709 '
1113 5676 1132 5730 1
1163 5678 1289 5734 Cor.
1323 5695 1409 5743 xv,
1445 5680 1530 5733 55.

2121 4522 2220 4592 μὲν
2248 4522 2355 4576 ἀπὸ
2387 4522 2486 4593 τῆς
2512 4522 2689 4594 ψυχῆς
2731 4522 3043 4593 ἀπαλλαγὲν
3081 4525 3213 4578 αὐτὸ
3253 4524 3375 4577 καθ’
3418 4527 3579 4581 ἑαυτὸ
3620 4529 3678 4579 τὲ.

2117 4612 2278 4684 σῶμα
2300 4614 2605 4683 γεγονέναι,
2629 4616 2798 4686 χωρὶς
2823 4615 2882 4670 δι
2904 4617 3001 4686 τὴν
3030 4617 3205 4688 ψυχὴν
3226 4617 3319 4670 τοῦ
3344 4617 3629 4689 σώματος
3656 4639 3670 4669 ι

2124 4704 2184 4757 ὐ
2215 4704 2325 4776 γάρ
2361 4721 2443 4758 τοι
2483 4706 2725 4776 Μωῦσῆς
2755 4709 2783 4760 0
2840 4708 3117 4778 μακάριος,
3146 4708 3402 4778 (ἥκωμεν
3431 4711 3538 4781 γάρ
3584 4712 3677 4763 καὶ

2114 4794 2208 4849 ἐπὶ
2236 4795 2335 4858 τὰς
2369 4784 2638 4867 κυριακὰς
2661 4796 2760 4867 ἤδη
2792 4796 2831 4849 Γ
2835 4797 3067 4867 ραφὰς),
3092 4798 3154 4849 οὐ
3188 4797 3347 4867 σῶμα
3377 4798 3537 4852 τοῦτο
3562 4801 3676 4851 0w-

2118 4886 2384 4957 μάζεσθαι
2441 4887 2761 4952 ἐπίσταται,
2806 4888 2834 4940 ὂ
2877 4888 3142 4958 λέγομεν,
3199 4889 3307 4942 Καὶ
3351 4890 3569 4943 πλυνεῖ
3605 4891 3677 4942 τὰ

2113 4978 2332 5047 ἱμάτια,
2357 4978 2550 5047 λέγων,
2604 4982 2662 5032 ὲν
2694 4982 2806 5043 τοῖς
2849 4980 3227 5051 καθαρισμοῖς,
3267 4982 3302 5033 ὁ
3333 4980 3674 5050 ἐπιψαύσας

2110 5068 2217 5123 τοῦ
2243 5069 2579 5138 ἀκαθάρτου
2601 5088 2616 5103 ο
2660 5070 2759 5125 καὶ
2799 5073 3083 5126 loricata:
3127 5070 3207 5137 τῷ
3234 5071 3461 5142 σώματι
3490 5074 3674 5127 αὑτοῦ

2106 5156 2297 5222 ὕδατι,
2329 5160 2427 5213 καὶ
2471 5160 2804 5229 ἀκάθαρτος
2834 5161 3005 5215 ἔσται
3036 5162 3147 5228 ἕως
3189 5162 3454 5231 ἑσπέρας
3464 5179 3483 5227 ;
3514 5164 3580 5216 Τί
3619 5164 3672 5214 δὲ

2106 5249 2201 5302 καὶ
2223 5251 2252 5302 0
2284 5250 2436 5314 ’1ώ6;
2465 5252 2527 5304 οὐ
2573 5251 2734 5322 σῶμα
2766 5254 3049 5306 ἐπίσταται
3089 5254 3183 5306 καὶ
3210 5254 3369 5317 αὐτὸς
3417 5255 3575 5308 τοῦτο
3614 5257 3671 5306 τὸ

2106 5341 2466 5413 νεκρούμενον
2502 5344 2707 5408 καλεῖν,
2741 5348 2989 5414 Φύρεται
3032 5346 3099 5400 δέ
3138 5364 3257 5416 μου
3295 5350 3363 5402 τὸ
3404 5348 3573 5418 σῶμα
3604 5350 3672 5401 ἐν

2105 5435 2329 5501 σαπρίᾳ
2363 5436 2719 5505 σκωλήκων,
2752 5438 2961 5506 λέγων;
2998 5438 3158 5491 Ἀλλὰ
3204 5439 3297 5491 καὶ
3339 5440 3371 5491 0
3398 5439 3666 5508 Σολομὼν.

2104 5528 2187 5581 ὅτι
2218 5531 2322 5595 Εἰς
2355 5529 2722 5599 κακότεχνον
2745 5530 2956 5600 ψυχὴν
2986 5533 3095 5586 οὐκ
3129 5533 3531 5587 εἰσελεύσεται
3558 5548 3663 5586 σο·

1609 5680 1629 5711 ³
1662 5680 1829 5735 Levit.
1867 5699 1973 5736 xu.
2010 5682 2061 5736 8.
2138 5685 2157 5715 ⁸⁵
2188 5683 2291 5739 Job
2324 5700 2419 5754 vu,
2452 5685 2503 5739 5.
