3728 6192
67 187 240 253 ιι3ι’

737 193 1107 252 Αονιῖιιευδ
1145 191 1487 248 ιιΑειιιῐεεε
1525 173 1652 244 ιλιι).

1830 187 1962 245 'OM.
2007 186 2397 243 I.—HAZRES.
2441 186 2625 242 LXIV.

3192 171 3330 232 H62

57 329 201 398 sola.
226 329 366 385 οὐδὲ
387 326 738 397 κατοικήσει
762 293 833 382 έν
860 293 1165 398 καταχρέῳ
1198 325 1424 396 σώματι
1453 290 1636 395 ἆμαρ-

1830 329 2010 377 eterea
2043 319 2415 396 Salomoan
2447 319 2780 382 malevolam,
2806 317 2983 389 inquit
3015 317 3058 380 ',
3094 318 3329 371 animam

63 423 222 489 τίας.

144 595 252 649 Καὶ
286 599 342 651 ἐν
381 595 458 668 τῷ
489 596 688 669 Δανιὴλ
717 595 820 649 ’ἐπὶ
850 595 958 649 τῶν
991 594 1311 666 μαρτύρων·
1357 595 1479 647 Ονὺκ
1511 592 1648 646 ἐκυ-

56 687 311 752 ρίευσεν
330 688 530 743 αὐτῶν
550 689 616 742 τὸ
650 688 771 757 πῦρ
805 687 908 741 τοῦ
932 685 1206 754 σώματος
1224 729 1237 750 ,
1272 685 1509 754 λέγεται,
1545 683 1645 738 καὶ

62 779 111 848 ἠ
150 780 276 848 θρὶξ
313 778 422 848 τῆς
453 779 721 850 κεφαλῆς
764 777 963 833 αὐτῶν
1006 782 1116 834 οὐκ
1147 778 1500 848 ἐφλογίσθη.
1538 777 1648 829 Καὶ

57 872 98 924 ὁ
124 873 321 943 Κύριος
352 873 410 926 ὲν
445 873 523 943 τῷ
547 873 868 942 Εὐαγγελίῳ
890 887 904 902 ο
937 869 1044 925 Διὰ
1087 871 1262 924 τοῦτο
1287 867 1440 938 λέγω
1466 869 1608 938 ὑμῖν
1629 884 1643 898 ⁶

58 966 172 1035 Μὴ
198 964 511 1038 μεριμνᾶτε
544 969 602 1022 τί
639 968 888 1039 φάγητε,
921 967 959 1037 ἢ
1005 968 1061 1021 τι
1101 966 1467 1034 ἐνδύσησθε.
1500 964 1649 1033 Οὐχὶ

56 1058 109 1125 ἡ
143 1058 308 1127 ψυχὴ
339 1058 553 1112 πλεῖόν
598 1060 728 1113 ἐστι
774 1057 886 1130 τῆς
917 1058 1174 1128 τροφῆς,
1219 1058 1317 1112 καὶ
1366 1058 1434 1112 τὸ
1477 1056 1649 1128 σῶμα

57 1149 180 1203 τοῦ
213 1150 576 1220 ἐνδύματος;
605 1152 698 1205 καὶ
729 1153 757 1205 ὁ
798 1151 1119 1216 Ἀπόστολος
1147 1151 1223 1216 δὲ,
1260 1148 1356 1218 Μὴ
1388 1146 1503 1206 οὖν
1530 1150 1645 1214 ,ϐα-

56 1243 362 1298 σιλευέτω
386 1245 424 1313 ἠ
456 1244 710 1314 ἁμαρτία
741 1245 812 1298 ἐν
842 1244 923 1311 τῷ
956 1242 1152 1313 θνητῷ
1193 1243 1360 1313 ὑμῶν
1399 1241 1645 1313 σώματι,

57 1333 281 1404 λέγων,
326 1334 485 1404 σῶμα
521 1334 812 1405 γινώσκειν
854 1335 1013 1389 τοῦτο
1052 1335 1080 1389 ὃ
1132 1333 1490 1406 περικείμεθα
1527 1351 1650 1388 συν-

58 1424 254 1495 ίστησι
271 1441 284 1455 °
308 1426 400 1480 καὶ
429 1426 589 1480 πάλιν
605 1445 618 1458 ·
642 1429 708 1481 El
738 1426 805 1480 δὲ
831 1427 897 1482 τὸ
917 1426 1159 1497 Πνεῦμα
1181 1426 1290 1482 τοῦ
1311 1427 1650 1497 ἐγείραντος

74 1514 327 1581 Ἰησοῦν
354 1515 507 1569 οἰκεῖ
529 1516 601 1570 ἐν
630 1517 792 1586 ὑμῖν,
828 1520 860 1571 ὁ
892 1517 1126 1588 ἐγείρας
1165 1518 1422 1586 Χριστὸν
1447 1518 1517 1572 ἐκ
1555 1535 1649 1571 νε-

57 1605 239 1672 κρῶν
279 1604 626 1673 ζωοποιήσει
657 1607 756 1660 καὶ
810 1608 883 1662 τὰ
917 1610 1106 1676 θνητὰ
1155 1608 1402 1678 σώματα
1451 1608 1643 1678 ὑμῶν’

1749 431 1850 468 non
1882 413 2119 467 intrabit
2152 414 2432 482 sapientia,
2469 429 2560 466 nec
2589 411 2849 465 habitabit
2897 412 2950 465 in
2988 426 3111 478 corp
3149 427 3203 465 re
3236 410 3328 462 ob-

1748 506 1908 560 noxio
1933 516 2167 574 peccato.

1822 596 1927 653 Sed
1955 607 2006 652 et
2036 595 2178 666 apud
2208 593 2484 650 Danielem
2509 595 2583 650 ita
2611 592 2678 649 de
2705 593 3037 665 martyribus
3067 592 3331 663 scriptum

1747 700 1831 745 cst
1865 708 1878 743 :
1924 687 2045 742 Non
2071 689 2376 741 dominatus
2411 696 2486 740 est
2521 687 2574 740 in
2606 686 2821 740 illorum
2865 701 3054 754 corpus
3095 686 3252 756 ignis,
3283 696 3331 738 et

1749 782 1972 852 capillus
1998 783 2187 850 capitis
2215 780 2432 835 illorum
2459 796 2564 834 non
2595 781 2727 834 arsit
2761 779 2802 831 ⁸.
2835 777 2965 833 item
3004 779 3056 831 in
3090 775 3334 846 Evange—

1749 874 1824 929 lio
1859 872 2125 927 Dominus
2153 890 2165 926 :
2199 871 2482 940 Propterea
2522 871 2640 925 dico
2674 870 2816 925 vobis
2844 883 2862 921 :
2897 867 3078 922 Nolite
3116 866 3337 921 solliciti

1747 981 1861 1022 esse
1894 963 2018 1036 quid
2062 963 2473 1028 manducabitis,
2509 972 2600 1016 aut
2630 961 2755 1034 quid
2801 959 3114 1016 induemini.
3148 957 3338 1013 Nonne
3389 997 3429 1036 Α.

1750 1056 1933 1111 anima
1967 1054 2133 1125 pluris
2164 1066 2241 1109 est
2270 1071 2426 1124 quam
2460 1071 2600 1119 esca,
2653 1063 2702 1108 et
2755 1068 2944 1122 corpus
2982 1068 3140 1122 quam
3184 1051 3338 1104 vesti-
3385 1033 3402 1050 ’

1753 1147 2070 1204 mentum“!
2105 1145 2216 1202 Nec
2267 1147 2450 1201 minus
2505 1145 2801 1217 Apostolus
2837 1146 2921 1200 his
2974 1143 3154 1199 verbis
3195 1163 3208 1198 :
3256 1141 3338 1198 Ne

1751 1239 1914 1310 igitur
1951 1250 2124 1310 regnet
2168 1251 2437 1310 peccatum
2482 1241 2536 1296 in
2589 1238 2807 1294 mortali
2843 1247 3011 1293 vestro
3054 1252 3269 1306 corpore
3293 1237 3336 1301 ⁸,

1751 1349 1952 1403 Corpus
1997 1349 2056 1388 se
2097 1333 2165 1388 de
2214 1348 2300 1396 eo,
2331 1350 2441 1404 quo
2483 1331 2804 1388 circumdati
2840 1346 3052 1394 sumus,
3088 1331 3337 1401 accipere

1751 1424 2125 1491 demonstrat;
2167 1441 2231 1480 ac
2261 1441 2482 1480 rursum
2518 1440 2531 1477 :
2568 1423 2724 1492 Quod
2753 1424 2800 1478 si
2827 1421 3059 1494 Spiritus
3085 1423 3221 1494 ejus,
3247 1424 3339 1492 qui

1753 1518 2030 1572 suscitavit
2082 1515 2289 1581 Iesum,
2342 1517 2548 1571 habitat
2591 1517 2643 1570 in
2689 1515 2874 1582 vobis;
2922 1517 3012 1587 qui
3063 1517 3340 1570 suscitavit

1753 1607 2020 1662 Christum
2059 1627 2094 1662 ιι
2146 1611 2389 1674 mortuis,
2421 1608 2703 1678 viviﬁcabit
2747 1619 2796 1663 et
2838 1607 3088 1661 mortalia
3118 1623 3341 1676 corpora

58 1697 168 1748 καὶ
200 1697 389 1768 πάλινο
434 1697 576 1752 Ἐὰν
604 1698 748 1767 εἴπῃ
782 1701 813 1753 ὀ
841 1699 1016 1764 ποῦς,
1057 1698 1147 1752 ὅτι
1197 1701 1318 1752 Οὐκ
1358 1698 1474 1768 εἰμὶ
1503 1697 1651 1766 χεὶρ,

1830 1700 1991 1752 stra'.
2025 1698 2163 1754 Tum
2186 1701 2468 1756 alioloro:
2499 1701 2768 1756 Sidia‘erit
2789 1715 2917 1770 pes:
2949 1699 3213 1765 Quoniam
3237 1718 3342 1755 non

53 1790 185 1842 οὐκ
210 1788 323 1858 εἰμὶ
343 1790 412 1842 ἐκ
435 1789 539 1843 τοῦ
563 1789 858 1859 σώματος,
880 1791 1134 1871 obs-rapa
1153 1791 1329 1846 τοῦτο
1352 1792 1463 1844 οὐκ
1486 1790 1659 1844 ἐστιν

53 1881 142 1935 ἐκ
188 1880 292 1934 τοῦ
328 1882 636 1951 σώματος·
669 1883 764 1935 καὶ
802 1881 996 1935 πάλιν·
1035 1883 1145 1936 Καὶ
1180 1881 1266 1952 μὴ
1305 1881 1657 1952 ἀσθενήσας

74 1973 343 2044 Ἀἔραὰμ
393 1971 466 2042 τῇ
504 1974 739 2038 πίστει,
798 1975 870 2026 οὺ
920 1974 1251 2041 κατενόησε
1317 1973 1382 2027 τὸ
1437 1971 1656 2027 ἑαυτοῦ

55 2058 247 2135 σῶμα
284 2067 720 2135 νεκρούμει·ὀν’
749 2065 840 2118 καὶ
884 2064 1076 2119 πάλιν)
1112 2064 1258 2131 Τοὺς
1282 2064 1392 2136 γὰρ
1425 2065 1658 2132 πάντας

57 2155 236 2225 ’ἡμᾶς
278 2155 691 2226 φανερωθῆναι
724 2154 819 2208 δεῖ
858 2155 1201 2225 ἔμπροσθεν
1235 2155 1338 2209 τοῦ
1381 2156 1658 2225 ,βήματος

54 2249 181 2303 τοῦ
213 2235 491 2318 Χριστοῦ,
521 2250 621 2303 ἵνα
659 2249 981 2318 κομίσηται
1009 2249 1268 2315 ἕκαστος
1324 2250 1397 2302 τὰ
1428 2248 1526 2304 διὰ
1553 2249 1658 2303 τοῦ

54 2343 370 2410 σώματος,
403 2342 554 2410 πρὸς
591 2339 629 2394 ἆ
655 2340 880 2410 ἔπραξε
902 2359 915 2371 ·
946 2341 1040 2395 καὶ
1068 2340 1232 2394 πάλιν
1253 2355 1266 2371 ·
1300 2342 1370 2394 Al
1392 2339 1508 2410 μὲν
1529 2341 1657 2395 ἐπι-

53 2434 290 2488 στολαὶ
317 2433 555 2503 βαρεῖαι
592 2435 690 2488 καὶ
723 2435 988 2504 ἰσχυραὶ,
1024 2435 1063 2505 ἡ
1105 2434 1176 2488 δὲ
1216 2434 1521 2504 παρουσία
1553 2434 1660 2489 τοῦ

51 2525 350 2595 σώματος
370 2526 665 2593 ἀσθενής·
705 2527 800 2581 καὶ
833 2526 996 2582 πάλιν
1017 2544 1030 2557 ·
1069 2522 1212 2581 Οἶδα
1245 2527 1561 2596 ἄνθρωπον
1591 2527 1661 2581 ἐν

55 2618 307 2686 Χριστῷ
333 2619 446 2688 πρὸ
469 2617 622 2673 ἐτῶν
658 2618 1144 2688 δεκατεσσάρων,
1174 2619 1296 2674 εἶτε
1331 2620 1401 2674 ἐν
1435 2618 1662 2690 σώματι

53 2713 187 2765 οὐκ
219 2707 368 2775 οῖδα,
396 2711 516 2766 εἴτε
556 2711 730 2778 ἐκτὸς
768 2711 877 2767 τοῦ
925 2710 1200 2782 σώματος
1228 2713 1339 2779 οὐκ
1372 2712 1531 2766 οἴδα·
1566 2711 1662 2766 καὶ

59 2806 246 2860 πάλιν
268 2823 281 2836 ·
307 2805 506 2872 Οὕτως
549 2805 920 2875 ὀφείλουσιν
943 2808 998 2859 οι
1027 2803 1244 2873 ἄνδρες
1279 2802 1520 2875 ἀγαπᾷν
1557 2806 1663 2872 τὰς

57 2901 308 2957 ἑαυτῶν
353 2901 643 2972 γυναῖκας
666 2941 682 2966 ,
730 2901 811 2968 ὡς
849 2900 920 2955 τὰ
971 2900 1202 2955 ἑαυτῶν
1245 2900 1519 2968 σώματα·
1570 2900 1663 2954 καὶ

57 2995 276 3050 ’πάλιν⁵
326 2994 518 3061 Αὐτὸς
560 2994 630 3048 δὲ
677 2996 711 3048 ό
773 2995 918 3061 Θεὸς
977 2992 1089 3062 τῆς
1130 2992 1375 3060 εἰρήνης
1417 2991 1660 3063 ἁγιάσαι
1688 3013 1730 3070 c

57 3087 236 3156 ὑμᾶς
267 3082 568 3152 ὀλοτελῶς
589 3100 602 3114 ⁸
627 3085 728 3140 καὶ
748 3086 1091 3153 ὀλόκληρον
1115 3085 1282 3154 ὑμῶν
1306 3084 1376 3139 τὸ
1407 3083 1662 3154 πνεῦμα,

57 3181 181 3233 καὶ
219 3179 257 3247 ἡ
295 3177 488 3248 ψυχὴ,
515 3177 612 3232 καὶ
645 3178 712 3231 τὸ
752 3177 922 3247 σῶμα
960 3177 1277 3246 ἀμέμπτως
1305 3176 1375 3230 ἐν
1399 3175 1474 3246 τῇ
1515 3192 1665 3245 παρ-

55 3274 264 3341 ουσίᾳ
311 3272 417 3328 τοῦ
459 3272 681 3340 Κυρίου
729 3268 900 3340 ἡμῶν
949 3268 1146 3338 Ἰησοῦ
1183 3267 1446 3338 Χριστοῦ
1493 3286 1668 3337 τηρη-

58 3367 238 3432 θείη.
266 3366 327 3418 0i.
362 3365 421 3418 δὲ
461 3363 721 3434 ἀσφαλῶς
749 3363 810 3416 οὐ
851 3363 1146 3433 νοήσαντες
1183 3361 1389 3416 τούτων
1435 3360 1586 3414 οὐδὲν
1609 3363 1666 3415 ὲν

61 3458 234 3528 σάλῳ
262 3456 358 3511 καὶ
383 3457 596 3528 ταραχῇ
630 3455 893 3525 φέρεσθαι
944 3453 1038 3510 τὸν
1097 3452 1418 3509 Ἀπόστολον
1461 3452 1667 3507 ὑπέλα-

58 3552 194 3615 ϐον,
218 3549 295 3612 ὡς
324 3548 512 3602 στάσιν
539 3546 705 3601 αὐτοῦ
740 3545 838 3610 τὰς
869 3546 1179 3618 διανοήσεις
1217 3546 1326 3599 τῶν
1357 3544 1532 3615 λόγων
1573 3546 1668 3600 καὶ

1759 1808 1875 1844 sum
1914 1809 2122 1853 manus,
2144 1792 2302 1864 581
2331 1811 2433 1847 non
2461 1810 2576 1847 sum
2602 1809 2665 1848 ex
2686 1810 2939 1862 corpore;
2960 1811 3061 1850 non
3094 1793 3208 1848 ideo
3239 1812 3341 1848 non

1755 1892 1832 1935 est
1860 1890 2161 1951 excerpere
2190 1884 2252 1935 ὀ.
2277 1881 2405 1936 Item
2451 1903 2463 1936 :
2510 1882 2575 1936 Et
2611 1901 2712 1938 non
2748 1885 3048 1954 iit/irritatus
3074 1885 3341 1940 Abraham

1759 1972 1901 2041 ﬁde,
1955 1989 2058 2026 non
2088 1971 2459 2027 animadrertit
2513 1989 2700 2042 corpus
2763 1989 2917 2029 suum
2965 1986 3232 2028 mortuum
3276 1975 3341 2028 ".

1760 2063 2010 2120 Deinde:
2047 2062 2192 2117 Nam
2225 2081 2319 2120 nos
2365 2081 2539 2120 omnes
2593 2066 2927 2135 manifestari
2975 2076 3178 2135 oportet
3223 2076 3345 2120 ante

1762 2155 1996 2210 tribunal
2037 2155 2274 2220 Christi,
2331 2167 2386 2210 ut
2441 2157 2632 2224 referat
2685 2159 3038 2229 unusquisque
3088 2175 3204 2229 qua:
3253 2175 3346 2225 per

1758 2264 1981 2316 corpus,
2034 2247 2321 2302 secundum
2375 2265 2492 2318 qua:
2533 2250 2695 2320 gessit
2756 2250 2816 2303 “.
2852 2251 2984 2305 item
3026 2269 3040 2306 :
3092 2249 3346 2321 Epistola:

1759 2341 1968 2413 quidem
2027 2358 2208 2412 graves
2267 2351 2319 2396 et
2371 2342 2566 2412 fortes,
2617 2344 2901 2412 pra'sentia
2944 2361 3064 2398 vero
3113 2348 3346 2415 corporis

1762 2432 2027 2487 imbecilla
2058 2435 2120 2489 ".
2152 2434 2232 2488 Ad
2270 2435 2384 2490 hinc
2411 2455 2424 2491 :
2458 2435 2581 2490 Scio
2619 2435 2878 2490 hominem
2905 2437 2956 2489 in
2985 2435 3195 2491 Christo
3226 2450 3345 2494 ante

1762 2538 1928 2577 annos
1958 2525 2373 2595 quatuordecim,
2401 2528 2508 2581 sive
2551 2528 2602 2580 in
2643 2544 2857 2598 corpore
2891 2531 3084 2598 nescio,
3116 2533 3224 2587 sire
3252 2549 3346 2588 ex-

1763 2622 1846 2667 tra
1878 2630 2066 2683 corpus
2111 2618 2281 2671 nescio
2311 2617 2376 2671 “.
2417 2619 2546 2674 Item
2584 2637 2597 2672 :
2640 2619 2730 2675 Sic
2772 2620 2954 2676 debent
2987 2624 3084 2678 viri
3127 2624 3346 2695 diligerc

1763 2721 1953 2761 uxores
1979 2725 2128 2771 suas,
2163 2719 2412 2780 tanquam
2444 2726 2543 2765 sua
2568 2728 2789 2781 corpora
2811 2713 2874 2769 ⁸³.
2891 2713 3158 2771 Praeterea
3187 2736 3201 2773 :
3223 2717 3345 2788 Ipse

1764 2807 1939 2854 autem
1967 2799 2108 2856 Deus
2136 2804 2283 2871 pacis
2323 2803 2620 2874 sanctiﬁcet
2653 2822 2740 2861 vos
2769 2808 3016 2875 penitus;
3057 2820 3107 2864 et
3151 2811 3348 2884 integer

1765 2902 1929 2948 vester
1953 2894 2195 2962 spiritus,
2235 2904 2284 2949 et
2326 2896 2506 2950 anima
2555 2906 2605 2952 et
2651 2913 2841 2968 corpus
2886 2901 2998 2956 sine
3041 2905 3252 2972 querela
3291 2905 3348 2960 in

1765 2987 1989 3042 adventu
2047 2987 2260 3041 Domini
2308 2990 2479 3044 nostri
2514 2989 2644 3044 Jesu
2693 2991 2894 3048 Christi
2929 3008 3158 3053 servetur
3193 3000 3254 3055 “.
3280 3000 3349 3055 At

1765 3078 1859 3148 qui
1914 3077 2051 3132 nihil
2109 3078 2302 3133 borum
2371 3091 2625 3138 accurate
2685 3083 3033 3157 intelligunt,
3088 3087 3351 3147 ﬂuctuare

1766 3170 2086 3240 Apostolum
2125 3185 2188 3224 ac
2222 3174 2536 3243 perturbate
2562 3174 2690 3230 ferri
2715 3177 3053 3246 jndicarunt.
3086 3188 3348 3254 tanquam

1766 3263 1914 3317 illius
1951 3278 2146 3318 sensus
2185 3279 2248 3318 ac
2283 3265 2572 3322 verborum
2605 3272 2888 3327 sententia“:
2921 3273 3216 3332 stabilitate
3253 3278 3350 3332 tir-

1769 3355 2068 3426 mitateque
2114 3359 2332 3426 penitus
2400 3369 2677 3428 carerent,
2735 3379 2909 3436 eaque
2977 3371 3354 3438 pronuntiaret

1771 3468 1892 3524 qua}
1927 3453 2159 3510 subinde
2197 3463 2642 3526 retractarentur,
2678 3459 2824 3515 velut
2862 3463 3136 3520 interdum
3171 3482 3355 3523 resur-

1773 3563 1901 3618 gere
1928 3563 2172 3612 carnem,
2214 3549 2486 3606 interdum
2515 3568 2624 3608 non
2651 3570 2956 3627 resurgere.

64 3643 248 3716 ἱεραν
277 3644 376 3696 οὐκ
419 3641 672 3714 ἐχούσας,
702 3641 840 3695 ἀλλὰ
892 3639 1270 3706 ἀναπλεούσας
1321 3639 1436 3696 ἄνω
1469 3642 1564 3696 καὶ
1605 3642 1780 3732 sese»,
1820 3645 1916 3698 καὶ
1974 3643 2271 3716 ὁμιλούσας
2323 3647 2694 3722 παλίμφημα,
2749 3653 2837 3706 ὁτὲ
2884 3653 2982 3722 μὲν
3037 3655 3135 3725 τὴν
3178 3657 3357 3729 σάρκα
3425 3683 3430 3690 -

59 3735 426 3798 ἀνίστασθαι,
458 3734 548 3788 ὁτὲ
591 3733 648 3788 δὲ
692 3733 793 3788 οὐκ
833 3733 1174 3788 ἀνίστασθαι.

146 3828 282 3882 NE’.
318 3826 480 3881 Ὅθεν
509 3825 597 3880 ἴνα
649 3825 725 3896 μὴ
761 3825 1106 3896 παραλειφθῇ
1135 3825 1245 3878 τῶν
1285 3824 1669 3898 προταθέντων

64 3918 225 3991 μηδὲ
257 3917 338 3984 ἓν,
361 3918 512 3980 ὅπως
532 3915 733 3980 τελέως
762 3916 1115 3989 ὲκτέμνωμεν
1139 3917 1328 3990 ὕδραν,
1357 3919 1436 3982 εἰς
1456 3918 1516 3971 τὸ
1540 3935 1673 3990 προ-

61 4013 343 4084 κείμενον
384 4009 546 4064 πάλιν
579 4009 1040 4081 ὲπανελεύσομαι.
1079 4010 1308 4080 Ἑφεξῆς
1340 4010 1470 4082 γὰρ,
1503 4010 1676 4066 καθά-

62 4119 191 4173 περ
216 4099 553 4171 ὑπεσχόμην,
577 4098 762 4152 καὶτὰ
783 4097 920 4154 ἄλλα
942 4098 1350 4172 προσαποροῦσι
1380 4100 1669 4168 κεφάλαια.

61 4191 257 4257 Αὖθις
287 4189 380 4246 οὖν
416 4193 511 4245 καὶ
539 4191 578 4246 ἃ
605 4191 712 4264 χρὴ
747 4191 886 4262 πρὸς
917 4189 1058 4245 αὐτὰ
1085 4191 1340 4260 λέγεσθαι
1362 4191 1672 4257 ἀποδείξας,

1839 3824 1948 3878 LV.
1985 3825 2347 3892 Quamobrem
2388 3843 2458 3881 ne
2488 3828 2570 3882 vel
2605 3829 2827 3884 minima
2859 3847 2986 3901 pars
3015 3849 3202 3889 eorum
3233 3855 3358 3910 qua

1769 3919 2045 3988 proposita
2093 3925 2242 3983 sunt,
2285 3919 2769 3988 praztermittatur,
2823 3930 2988 3993 atque
3031 3933 3089 3980 ut
3126 3930 3354 4000 hydram

1767 4009 1941 4079 ipsam
1971 4014 2196 4064 omnino
2234 4010 2601 4074 succidamus,
2639 4012 2705 4066 ad
2737 4013 2789 4069 id
2819 4016 2964 4085 quod
2997 4027 3113 4074 erat
3148 4037 3354 4092 propo-

1769 4102 1934 4156 situm
1985 4109 2252 4157 revertar.
2297 4100 2565 4174 Deinceps
2615 4105 2782 4168 enim,
2808 4115 2868 4160 ut
2907 4111 3267 4174 ostendimus,
3299 4123 3354 4168 ct

1770 4194 1825 4248 in
1854 4193 1976 4248 aliis
2005 4193 2333 4266 quibusdam
2373 4196 2648 4266 capitibus
2677 4199 3070 4257 dubitationem
3113 4219 3351 4264 movent.

58 4285 356 4342 ἀκόλουθα
385 4285 723 4357 παραστήσω
749 4283 930 4338 αὐτῶν
975 4283 989 4314 ⁸
1026 4285 1118 4337 καὶ
1150 4283 1417 4355 σύμφωνα
1457 4285 1536 4347 εἰς
1569 4283 1658 4354 τὴν

1830 4302 1963 4358 aque
1994 4287 2158 4344 simul
2183 4297 2348 4359 atque
2387 4289 2852 4361 demonstravero,
2883 4311 3130 4365 quamam
3161 4300 3354 4357 adver-

60 4379 216 4448 περὶ
256 4377 354 4448 τῆς
400 4375 752 4437 ἀναστάσεως
777 4375 876 4446 τῆς
926 4374 1126 4448 σαρκὸς
1161 4375 1344 4429 πίστιν
1383 4375 1479 4430 καὶ
1530 4375 1669 4430 αὐτὰ

59 4467 364 4539 εἰρηκότα.
398 4469 597 4538 Ἴωμεν
621 4467 685 4540 δὴ
716 4461 809 4520 οὖν
850 4467 870 4498 ³
909 4467 1024 4521 ἂτὺ
1059 4468 1273 4538 πρῶτον
1293 4471 1372 4534 εὶς
1399 4470 1488 4522 τὸν
1513 4469 1672 4522 Ἀπό-

63 4563 277 4616 στολον
309 4559 664 4632 προήχθημεν
715 4560 914 4613 εἰπεῖν.
959 4561 1032 4613 Τὸ
1074 4561 1205 4632 γὰρ,
1245 4563 1392 4632 Ἐγὼ
1425 4560 1493 4616 δὲ
1529 4559 1672 4622 ἔζων

61 4654 268 4725 χωρὶς
305 4654 492 4723 νόμου
527 4652 705 4717 ποτὲ,
759 4653 951 4724 λεχθὲν
991 4653 1141 4724 αὑτῴ
1188 4655 1318 4716 ἄνω,
1370 4653 1467 4726 τὴν
1510 4655 1568 4708 ὲν
1595 4653 1673 4724 τῷ

62 4742 424 4816 παραδείσῳ,
449 4743 705 4808 καθάπαξ
737 4745 758 4775 ³
789 4743 848 4811 ἐξ
873 4745 1049 4818 ἀρχῆς
1080 4745 1414 4818 ὑπεθέμεθα.
1446 4745 1552 4818 πρὸ
1573 4744 1674 4816 τῆς

60 4835 313 4905 ἐντολῆς
334 4876 349 4897 ,
401 4835 502 4888 οὐκ
527 4835 685 4900 ἐκτὸς
731 4835 983 4908 σώματος
1005 4877 1021 4901 ,
1061 4838 1198 4893 ἀλλὰ
1232 4839 1369 4910 μετὰ
1419 4839 1668 4912 σώματος

62 4928 259 4999 ἡμῶν.
283 4929 340 4981 ἐν
387 4930 502 4992 τοῖς
555 4929 1004 4999 πρωτοπλάστοις
1034 4931 1310 5002 διαγωγὴν
1355 4935 1668 5004 παρεγγυᾷ.

75 5018 320 5089 Ἐπειδὴ
357 5018 465 5089 πρὸ
513 5018 606 5072 τοῦ
640 5019 862 5090 δοθῆναι
899 5022 999 5093 τὴν
1035 5021 1276 5092 ἐντολὴν,
1309 5021 1437 5092 χοῦν
1467 5025 1496 5075 ὁ
1539 5022 1672 5086 Θεὸς

59 5113 190 5165 ἀπο
225 5111 329 5183 τῆς
361 5112 464 5181 γῆς
491 5110 694 5176 λαϐὼν,
735 5113 937 5166 ἔπλασε
965 5113 1056 5166 τὸν
1087 5113 1374 5184 ἄνθρωπον
1393 5130 1408 5142 ·
1432 5114 1589 5177 ἐκτός
1615 5131 1671 5168 τε

60 5203 387 5275 ἐπιθυμίας
417 5204 699 5275 διήγομεν,
729 5205 788 5258 οὐ
824 5204 1182 5274 γινώσκοντες
1213 5206 1347 5268 ὅλως
1376 5207 1669 5277 ἐπιθυμίας

61 5297 287 5364 ἀλόγου
343 5296 667 5368 προσϐολαῖς
708 5297 750 5362 ’⁵,
817 5297 1143 5370 βιαζομένης
1197 5300 1344 5368 ἡμᾶς
1395 5299 1669 5362 ἑλκτικαῖς

66 5387 296 5459 ἡδονῶν
329 5393 702 5459 περιαγωγαῖς
731 5390 868 5461 πρὸς
896 5392 1188 5462 ἀκρασίαν.
1210 5390 1282 5443 Τὸ
1311 5390 1420 5462 γὰρ
1447 5391 1522 5461 μὴ
1550 5389 1670 5461 ἕχον

1767 4395 1862 4436 sus
1899 4379 1988 4433 illa
2031 4380 2262 4450 proponi
2300 4380 2554 4445 debeant,
2598 4383 2774 4451 palam
2816 4385 2961 4440 istud
3016 4387 3210 4443 faciam
3248 4393 3356 4446 :de
3397 4395 3401 4398 ’

1767 4472 2190 4528 resurrectionis
2246 4473 2430 4528 carnis
2512 4472 2616 4529 ﬁde
2675 4488 3040 4535 consentanea
3093 4481 3243 4537 illum
3291 4498 3356 4540 ac

1767 4563 2157 4641 consequentia
2185 4561 2411 4620 dixisse.
2453 4563 2694 4620 Primum
2744 4566 2911 4638 igitur
2939 4570 3005 4626 ad
3048 4571 3136 4626 illa
3168 4576 3355 4630 venia-

1734 4673 1748 4686 ο
1770 4671 1913 4719 mus,
1942 4670 2062 4726 qua:
2089 4655 2156 4709 de
2193 4655 2450 4726 Apostolo
2489 4657 2799 4728 injecimus.
2852 4659 2984 4715 Nam
3015 4664 3161 4734 quod
3187 4666 3255 4721 ab
3289 4683 3354 4723 co

1771 4756 1930 4802 antea
1963 4747 2169 4802 dictum
2217 4757 2320 4813 est,
2370 4747 2480 4819 Ego
2526 4765 2644 4804 vero
2691 4752 2921 4806 vivebam
2952 4755 3063 4808 sine
3098 4755 3204 4827 lege
3244 4759 3354 4813 ali-

1767 4838 1977 4908 quando
2013 4840 2075 4904 ",
2101 4840 2266 4894 vitam
2299 4841 2444 4895 illam
2482 4843 2743 4909 ostendit,
2768 4861 2930 4916 quam
2964 4847 3016 4902 in
3044 4850 3234 4919 primis
3264 4868 3357 4907 no-

1769 4932 1900 4986 stris
1934 4933 2249 4999 parentilms
2297 4941 2422 4987 ante
2472 4944 2799 5006 pneceptum
2846 4938 2929 5009 (ut
2977 4940 3134 4997 initio
3165 4943 3357 5000 docui~

1771 5027 1913 5087 ritus)
1947 5027 1999 5079 in
2032 5029 2285 5095 paradiso
2320 5029 2596 5092 duximus,
2642 5046 2748 5085 non
2790 5040 2945 5088 extra
2991 5051 3212 5105 corpus,
3261 5040 3356 5094 sed

1773 5118 1825 5172 in
1857 5132 2085 5187 corpore
2118 5117 2288 5174 t‘uisse
2321 5128 2674 5175 transactam.
2707 5125 2849 5178 Ante
2882 5126 3025 5179 enim
3059 5144 3220 5197 quam
3248 5132 3359 5186 edi-

1776 5215 1923 5262 ctum
1957 5207 2198 5274 daretur,
2242 5210 2369 5264 limo
2403 5211 2472 5267 de
2516 5221 2659 5276 terra
2702 5225 2918 5286 sumpto
2957 5221 3228 5277 hominem
3271 5222 3354 5276 ef-

1781 5302 1967 5368 tmxit;
2025 5317 2089 5356 ac
2133 5308 2244 5355 tum
2299 5303 2368 5358 ab
2399 5305 2546 5359 mnui
2592 5307 2890 5376 cupiditate
2941 5312 3095 5368 liberi
3141 5314 3356 5368 viveba-

1779 5407 1900 5446 mus
1928 5435 1942 5459 ,
1975 5409 2098 5447 cum
2133 5394 2343 5448 ratione
2379 5395 2655 5452 destitutae
2703 5400 3042 5470 cupiditatis,
3083 5419 3202 5473 quae
3251 5387 3367 5461 nos.

162 5521 186 5601 ξ
231 5518 300 5601 F._
328 5522 565 5601 αὒτόνᾎᾼ
609 5524 630 5554 ³
660 5521 822 5601 peest
879 5526 964 5594 ἐφ’
997 5526 1222 5601 γεινεὶςε
1283 5525 1319 5601 1
1348 5525 1470 5581 Cor.
1516 5525 1658 5578 καθά

2059 5526 2379 5601 προσϐολᾲς.
2480 5530 2662 5601 {Sui}.
2699 5551 2736 5595 ι,
2768 5533 2819 5586 4.
2925 5535 2946 5566 ⁸
2978 5533 3110 5588 Dan.
3151 5551 3230 5601 ιιι,
3263 5538 3353 5591 9i.

64 5593 454 5673 ‘f‘MattliLvL.
494 5593 586 5648 23.
659 5593 1127 5673 inmutatur).
1205 5598 1224 5627 ⁸
1283 5594 1658 5673 ἰξοιιιηνιιιηί

1830 5593 2218 5673 ιζμῖοιᾏςιιῃ,
2267 5599 2352 5655 15.
2432 5601 2470 5630 ¹¹
2506 5593 2665 5656 Rom.
2700 5593 2752 5661 ν.
2791 5606 2873 5659 19.
2927 5607 2997 5656 .”
3032 5606 3072 5660 ιι
3117 5593 3248 5661 Cor.
3299 5624 3348 5673 ν,

67 5663 173 5719 10.
265 5665 306 5695 ⁸³
334 5665 370 5718 ll
409 5663 535 5717 Cor.
569 5680 621 5728 ιι,
659 5663 745 5718 10.
865 5667 906 5696 ¹⁵
934 5667 974 5719 ll
1007 5666 1133 5722 Cor.
1167 5682 1262 5732 xu,
1298 5667 1352 5719 2.

419 5786 682 5846 Parnm.
735 5787 854 5846 Gn.
890 5785 1050 5846 XLI.

1468 5667 1508 5697 ’δ
1542 5665 1740 5737 Ep'ms.
1786 5680 1838 5731 ν,
1865 5665 1955 5722 28.

2054 5667 2096 5698 ⁸⁸
2123 5667 2356 5726 lThess.
2387 5688 2438 5737 ν,
2489 5673 2580 5728 9.3.
2663 5675 2702 5705 ¹⁷
2737 5675 2894 5728 lteri).
2928 5690 3024 5732 vri.
3054 5679 3106 5730 9.

2959 5789 3036 5848 37
