3822 6340
393 227 534 287 H63
1783 228 1843 286 8.
1873 226 1955 285 BP

2059 228 2212 287 IAN"
3515 239 3645 298 ﬂ“

387 347 604 404 blandis
629 349 964 420 voluptatum
997 347 1267 405 illecebris
1304 346 1371 404 ad
1397 347 1681 434 libidinem
1713 347 1955 420 impellit,

2066 347 2368 434 διορισμὸν,
2407 349 2530 404 καθ’
2559 350 2620 405 ὃν
2659 348 2744 407 δεῖ
2781 345 3186 423 πολιτεόεσθαι,
3228 357 3368 430 μηδὲ
3401 357 3646 426 ἐξουσίαν

386 457 456 497 ne
482 440 729 498 notitiam
755 440 970 512 quidem
1002 441 1342 495 haberemus.
1376 429 1510 494 Nam
1543 429 1688 510 quod
1717 441 1868 496 certa
1902 455 1955 495 at

2066 431 2467 497 αὐτοδέσποτον
2500 443 2797 516 λογισμοῦ,
2832 447 2975 518 ποίῳ
3004 429 3241 518 χρῆσθαι
3283 429 3521 522 αἱρεῖται
3552 469 3645 506 πο-

387 533 609 590 definita
655 533 770 605 lege
816 539 986 596 caret,
1019 532 1084 586 ad
1134 545 1296 602 quam
1345 530 1759 586 accommodare
1794 523 1965 586 vitam

386 631 659 695 oporteat,
697 637 872 694 neque
923 622 1092 677 libera
1135 620 1344 676 arbitrii
1394 620 1650 676 facultate
1678 615 1963 691 praeditum

383 722 489 778 est,
519 722 578 770 ut
604 714 671 769 ad
701 712 847 786 quod
877 712 1006 768 velit
1039 727 1098 768 se
1124 710 1339 766 vivendi
1382 725 1556 781 genus
1590 710 1856 781 applicet;
1897 725 1964 765 ex

384 819 495 875 quo
517 805 736 877 proprie
761 805 1022 861 honorem
1060 802 1142 859 vel
1170 802 1623 872 vituperationem
1666 809 1960 866 mereatur,

382 904 537 952 extra
565 912 781 952 omnem
818 912 941 953 esse
969 894 1444 966 reprehensionem
1479 892 1708 949 concedi
1740 907 1964 950 necesse

382 997 466 1045 est
498 1008 510 1043 :
541 988 981 1060 quandoquidem
1033 1002 1096 1042 ea
1146 986 1535 1057 concupiscere
1592 1000 1700 1040 non
1757 992 1962 1054 potest,

337 1063 583 1152 nquibus
607 1080 770 1151 582
804 1079 907 1150 ipsi
947 1093 1056 1133 non
1106 1077 1272 1132 fuerit
1321 1077 1692 1132 interdictum.
1731 1075 1887 1142 Quod
1914 1077 1963 1132 si

382 1171 771 1242 concupiverit,
797 1182 979 1226 tamen
1007 1183 1113 1224 non
1142 1168 1195 1223 id
1210 1169 1261 1225 ei
1290 1168 1506 1224 crimini
1535 1175 1797 1223 vertetur.
1822 1166 1962 1221 Con-

381 1263 663 1334 cupiscere
711 1262 911 1334 quippe
959 1276 1069 1316 non
1104 1260 1168 1315 ad
1207 1275 1272 1316 ea
1300 1259 1555 1327 refertur,
1588 1273 1710 1330 qua
1738 1259 1958 1325 adsunt,

379 1372 608 1429 «piaeque
645 1355 900 1427 potestati
931 1363 1129 1409 nostrae
1157 1353 1463 1424 subjacent,
1497 1351 1591 1409 sed
1621 1353 1686 1407 ad
1721 1367 1784 1407 ea
1813 1352 1957 1407 dun-

377 1456 528 1502 taxat
567 1463 688 1518 quae
722 1447 795 1502 ita
831 1445 1154 1518 adsunt,_ut
1201 1445 1258 1501 in
1313 1442 1569 1499 facultate
1617 1451 1802 1500 nostra
1850 1442 1957 1496 mi—

380 1542 527 1595 nime
557 1539 666 1596 sint
694 1537 893 1610 posita.
925 1536 1079 1604 Quod
1117 1535 1261 1592 enim
1306 1535 1465 1590 alicui
1505 1550 1679 1606 neque
1710 1543 1791 1590 est
1819 1533 1956 1590 veti-

380 1645 517 1702 tum,
549 1651 725 1707 neque
768 1635 860 1690 illo
897 1635 945 1690 is
986 1633 1210 1704 indiget,
1239 1628 1512 1701 quomodo
1540 1633 1793 1698 appetere
1821 1625 1952 1678 illud

2066 526 2371 600 λιτεὺματι,
2395 531 2482 586 ἵνα
2512 533 2661 598 ἰδίως
2685 534 2720 605 ἢ
2746 536 2975 608 τιμηθῇ,
2997 538 3031 608 ἢ
3058 537 3255 610 ψεχθῇ,
3281 539 3650 597 ἀνυπεύθυνον

2065 619 2268 684 παντὸς
2325 621 2564 676 δεικτέον
2592 623 2617 656 ⁸
2651 625 2922 697 ὑπάρχειν
2958 627 3118 682 τοῦτο
3161 629 3510 701 ἐγκλήματος
3524 649 3539 662 ο
3570 633 3648 686 ὃτι

2066 709 2145 782 μὴ
2179 703 2402 766 δύναται
2435 703 2640 768 τοῦτων
2683 708 3058 789 ἐπιθυμῆσαι,
3101 709 3176 774 ὧν
3212 720 3289 794 μὴ
3319 721 3647 778 κεκώλυται.

2063 802 2182 856 Κᾶν
2221 803 2554 877 ἐπιθυμήσει
2597 796 2677 870 δέ.
2709 797 2810 862 οὖκ
2851 807 3247 882 αἰτιαθήσεται.
3277 802 3353 867 trs
3380 814 3494 887 γὰρ
3531 817 3646 869 ἐπι-

2062 892 2307 965 θυμῆσαι
2337 896 2458 967 οὐχι
2504 897 2599 950 ἐπὶ
2635 896 2746 952 τῶν
2775 899 3060 971 παρόντων
3135 899 3230 956 καὶ
3270 903 3646 978 ὑποκειμένων

2062 985 2122 1039 ἐν
2147 985 2366 1060 ἐξουσίᾳ
2403 988 2616 1055 πίπτει,
2657 991 2774 1046 ἀλλ’
2804 992 2898 1046 ἐπὶ
2943 993 3054 1048 τῶν
3093 995 3382 1067 παρόντων
3423 993 3545 1070 μὲν,
3573 999 3646 1070 μὴ

2061 1078 2233 1134 ὅντων
2257 1079 2314 1134 δὲ
2349 1082 2410 1136 ἐν
2438 1081 2678 1153 ἐξουσίᾳ.
2712 1083 2839 1148 Πῶς
2871 1083 2981 1156 γὰρ
3010 1077 3073 1138 οὗ
3101 1086 3176 1157 μὴ
3204 1085 3515 1142 κεκώλυταί
3542 1106 3644 1154 τις,

2064 1170 2202 1240 μηδὲ
2252 1171 2439 1244 ἐνδεής
2480 1174 2628 1240 ἐστι,
2679 1174 2872 1228 τούτου
2918 1176 3178 1248 ἐπιθυμεῖ
3215 1180 3314 1233 καὶ
3356 1182 3495 1251 ἐρᾷς
3548 1182 3648 1235 Διὰ

2059 1260 2238 1327 τοῦτο,
2279 1263 2400 1332 Τὴν
2429 1264 2748 1335 ἐπιθυμίαν
2801 1270 2913 1322 οὐκ
2947 1268 3147 1338 ᾔδειν,
3174 1273 3224 1324 εί
3267 1271 3356 1340 μὴ
3386 1275 3422 1326 ό
3464 1275 3647 1342 νόμος

2058 1355 2295 1426 ἔλεγεν·
2329 1359 2450 1411 οὐκ
2485 1358 2895 1428 ἐπιθυμήσεις.
2935 1360 3197 1425 Ἀκούσας
3229 1363 3359 1434 γὰρ,
3401 1364 3547 1417 Ἀπὸ
3579 1365 3648 1418 δὲ

2058 1447 2166 1501 τοῦ
2201 1447 2392 1512 ξύλου
2421 1449 2529 1503 τοῦ
2570 1450 2892 1520 γινώσκειν
2919 1453 3110 1507 καλὸν
3141 1453 3242 1506 καὶ
3271 1453 3544 1523 πονηρὸν
3573 1457 3646 1510 οὑ

2057 1537 2321 1609 φάγεσθε
2363 1539 2465 1593 ἀπ’
2491 1540 2696 1597 αὐτοῦ.
2728 1536 2815 1614 ᾟ
2857 1541 2912 1595 δ’
2938 1541 3015 1597 ἂν
3048 1542 3237 1612 ἡμέρᾳ
3271 1543 3505 1614 φάγητε
3543 1545 3644 1599 ἀπ’

2059 1630 2269 1696 αὑτοῦ,
2299 1629 2532 1699 θανάτῳ
2578 1633 2980 1688 ἀποθανεῖσθε
3001 1652 3014 1667 ·
3047 1635 3170 1687 τότε
3198 1635 3260 1688 τὸ
3299 1635 3642 1707 ἐπιθυμῆσαι

379 1742 443 1780 ac
474 1698 698 1797 diligere
727 1727 942 1798 potest?
973 1698 1243 1790 Quocirca
1257 1698 1539 1789 scriptum
1583 1725 1668 1773 est
1701 1734 1715 1771 :
1755 1715 1955 1772 Concu-

2063 1722 2374 1793 ουνέλαϐον,
2399 1724 2851 1796 καὶένεκίσσησα
2876 1727 2920 1780 ⁸.
2948 1725 3024 1780 Οὐ
3051 1725 3161 1796 γὰρ
3184 1719 3259 1779 ὧν
3284 1726 3421 1796 ἔχει,
3446 1698 3549 1781 καὶ,
3567 1723 3643 1782 ὧν

373 1819 685 1884 piscantium
737 1835 839 1872 non
898 1833 1171 1881 noveram,
1220 1814 1324 1870 nisi
1380 1812 1464 1866 lea:
1519 1811 1737 1865 dixisset
1782 1825 1801 1864 :
1833 1806 1955 1863 Non

2059 1816 2382 1884 ἐξουσιάζει,
2410 1819 2504 1872 καὶ
2537 1817 2807 1888 κέχρηται
2835 1817 3021 1880 αὐτοῖς
3050 1818 3078 1872 ό
3107 1817 3414 1889 ἐπιθυμῶν,
3449 1819 3640 1872 ἐπιθυ-

369 1911 709 1980 concupisces
747 1910 786 1964 ’.
823 1909 958 1965 Cum
1005 1909 1150 1963 enim
1188 1905 1499 1961 mandatum
1535 1903 1667 1958 illud
1717 1903 1955 1972 accepis-

2062 1910 2183 1979 μεῖ,
2221 1907 2356 1962 ἀλλὰ
2394 1901 2469 1962 ὧν
2521 1905 2848 1972 κεκώλυται,
2881 1905 2974 1960 καὶ
3029 1905 3338 1978 ἀφῄρηται,
3387 1909 3485 1962 καὶ
3540 1909 3644 1964 οὐκ

377 2009 544 2057 sent:
587 1999 670 2054 Ea:
721 2000 906 2056 arbore
935 2008 1109 2053 autem
1144 1998 1375 2051 scicntia:
1419 1995 1538 2049 boni
1587 2004 1635 2048 et
1676 1993 1807 2048 mali
1853 2009 1955 2048 non

2059 1998 2192 2070 ἔχει.
2223 1998 2315 2052 Διὸ
2334 1998 2398 2071 δὴ
2419 1996 2617 2062 καλῶς,
2654 1996 2774 2064 Τὴν
2822 1995 3144 2066 ἐπιθυμίαν
3175 1999 3289 2052 οὐκ
3317 1998 3511 2068 ᾔδειν,
3536 2000 3644 2054 ἐλέ-

379 2092 680 2146 comedetis.
717 2093 1038 2161 Quacunque
1068 2098 1242 2144 autem
1271 2088 1356 2142 die
1376 2085 1706 2141 comederitis
1733 2101 1800 2140 ea:
1833 2086 1952 2150 illa,

2059 2090 2183 2163 χθη,
2217 2092 2270 2144 ει
2291 2089 2376 2160 μὴ
2409 2092 2442 2144 δ
2479 2089 2662 2159 νόμος
2692 2089 2936 2159 ἔλεγεν
2979 2089 3101 2142 Οὐκ
3126 2089 3542 2158 ἐπιθυμήσεις.
3577 2095 3647 2146 '0

377 2193 546 2238 morte
567 2179 864 2238 moriemini
893 2183 914 2214 ¹
948 2201 960 2237 :
993 2189 1106 2236 tum
1143 2181 1358 2236 domum
1393 2177 1742 2250 cupiditatem
1771 2177 1955 2233 animo

2061 2181 2125 2252 δή
2151 2183 2330 2236 ἐστιν’
2375 2182 2456 2234 οὐ
2508 2179 2774 2250 φάγεσθε
2817 2178 2922 2234 ἀπ’
2953 2180 3159 2236 αὐτοῦ.
3203 2180 3487 2235 Ἐντεῦθεν
3533 2183 3647 2255 γὰρ

365 2271 650 2347 concepit.
705 2273 825 2330 Non
869 2275 1012 2330 enim
1056 2287 1177 2344 qua:
1219 2271 1451 2343 cupidus
1485 2271 1720 2342 quisque
1764 2271 1819 2326 in
1859 2286 1955 2342 po-

2063 2273 2329 2344 ἐκτήσατο
2365 2271 2529 2325 τόπον
2575 2272 2670 2325 καὶ⁵
2699 2271 2953 2344 ἀφορμὴν
2983 2271 3247 2326 εἰσελθεῖν
3273 2274 3410 2346 πρὸς
3434 2274 3497 2328 τὸ
3530 2275 3648 2331 δια-

379 2371 577 2423 ιρειοιε
617 2366 779 2422 habet
825 2375 878 2421 et
921 2365 1150 2431 obtinet,
1189 2363 1362 2432 iisque
1392 2363 1471 2418 uti
1499 2371 1697 2435 potest,
1728 2379 1791 2419 ea
1822 2379 1955 2420 con-

2063 2363 2253 2431 παῖξαί
2284 2380 2350 2435 με
2379 2363 2474 2417 καὶ
2506 2362 3018 2434 παρατρέψασθαιή
3046 2363 3311 2436 ἁμαρτία.

365 2457 607 2528 τιψίεείι
636 2473 650 2521 ;
691 2452 786 2512 sed
831 2471 862 2510 a
910 2454 1110 2526 quibus
1152 2454 1489 2524 prohibetur,
1523 2454 1832 2527 quibusque
1861 2459 2127 2530 privatur,
2166 2459 2312 2509 utea
2347 2469 2458 2509 non
2489 2454 2784 2525 possideat.
2819 2453 3085 2509 Praeclare
3110 2469 3238 2525 ergo
3270 2455 3478 2510 dictum
3508 2465 3592 2511 est
3622 2477 3641 2513 :

366 2549 861 2620 Concupiscentiam
904 2565 1006 2602 non
1059 2564 1273 2614 noram,
1306 2547 1408 2601 nisi
1441 2547 1525 2602 lea:
1553 2549 1772 2604 dixisset
1818 2565 1837 2604 :
1877 2549 2002 2606 Non
2031 2551 2386 2619 concupisces.
2421 2546 2536 2603 Hoc
2573 2555 2659 2602 est.
2693 2566 2707 2601 :
2747 2544 2869 2601 Non
2916 2546 3195 2602 comedetis
3235 2564 3301 2602 ea:
3345 2549 3463 2603 illo.
3501 2547 3643 2604 Hinc

375 2643 518 2701 enim
555 2644 739 2701 locum
765 2644 1240 2713 occasionen'ique,
1266 2650 1326 2696 ut
1369 2643 1436 2697 ad
1475 2658 1560 2699 me
1613 2644 1945 2701 illudeudum
1977 2656 2138 2718 atque
2185 2642 2534 2699 avertendum
2571 2641 2870 2709 accederet,
2906 2652 3188 2711 peccatum
3221 2642 3458 2712 accepit.

351 2817 357 2824 ‘
445 2741 580 2796 LVI.
634 2736 850 2796 Etenim
899 2739 1156 2794 mandato
1202 2738 1368 2793 semel
1407 2737 1576 2803 edito,
1610 2741 1955 2808 occasionem

2131 2741 2275 2807 NG".
2315 2736 2572 2808 Δοθείσης
2608 2736 2720 2808 γὰρ
2747 2735 2849 2806 τῆς
2895 2737 3135 2808 ἐντολῆς,
3168 2737 3294 2807 ἐσχε
3333 2735 3511 2807 λαϐὴν
3540 2729 3645 2790 ’διὰ

377 2837 505 2891 inde
549 2833 893 2906 perficienda:
949 2835 1004 2888 in
1064 2848 1149 2887 me
1201 2831 1656 2902 concupiscentia:
1706 2833 1955 2888 diabolus

2059 2837 2158 2907 τῆς
2189 2833 2470 2905 ἐντολῆᾳιό
2502 2831 2747 2895 διάϐολος
2786 2831 3229 2903 κατεργάσασθαι
3267 2833 3325 2883 ἐν
3373 2831 3503 2900 ἐμοὶ⁵
3543 2831 3644 2902 τὴν

375 2935 458 2984 est
489 2936 705 2993 nactus,
727 2941 852 2981 cum
895 2941 979 2982 me
1008 2925 1270 2996 singulari
1307 2921 1538 2994 quadam
1579 2925 1871 2980 calliditate
1903 2926 1955 2979 in

2059 2923 2359 2998 ἐπιθυμίαν
2383 2967 2397 2990 ,
2431 2925 2800 2996 παρορμήσας
2845 2939 2948 2998 με,
2997 2923 3087 2976 καὶ
3125 2921 3642 2994 προσκαλεσάμενος

374 3036 562 3076 eorum
588 3035 708 3090 qum
724 3019 888 3076 vetita
911 3026 1060 3080 sunt,
1084 3015 1586 3086 concupiscentiam
1607 3016 1826 3070 hortatu
1856 3031 1955 3071 suo

2060 3017 2320 3086 ἐντέχνως
2365 3016 2444 3078 εἰς
2489 3013 2668 3086 ὄρεξιν
2708 3014 3035 3066 καταπεσεῖν
3073 3012 3181 3066 τῶν
3213 3011 3637 3082 κεκωλυμένων.

375 3109 747 3180 compulisset.
788 3105 922 3161 Nam
966 3107 1171 3175 absque
1216 3106 1330 3174 lege
1357 3113 1638 3174 peccatum
1678 3113 1952 3158 mortuum

2060 3106 2243 3180 Χῳρὶς
2275 3103 2383 3176 γὰρ
2409 3103 2578 3174 νόμου
2605 3107 2640 3176 ὴ
2671 3103 2916 3176 ἁμαρτία
2939 3102 3128 3174 νεκρά.
3156 3099 3282 3156 Οἶον
3309 3103 3369 3155 οὐ
3394 3101 3643 3172 δοθείσης

375 3211 477 3256 est.
505 3200 635 3267 Qua:
659 3201 742 3255 lex
766 3200 871 3254 nisi
895 3197 1018 3252 data
1045 3197 1202 3263 foret,
1233 3211 1295 3250 ac
1315 3196 1359 3250 si
1386 3195 1625 3249 nondum
1644 3195 1954 3259 exsisteret,

2060 3198 2170 3269 γὰρ
2204 3197 2324 3251 οὐδὲ
2364 3197 2531 3270 οὔσης
2557 3194 2768 3250 οὐδέπω
2797 3196 2894 3266 τῆς
2925 3195 3165 3268 ἐντολῆς,
3199 3195 3480 3264 ἄπρακτος
3509 3188 3572 3262 ἦν
3602 3195 3641 3262 ἡ

371 3292 589 3347 irritum
629 3300 772 3346 esset
807 3291 1152 3358 otiosumque
1183 3293 1485 3357 peccatum.
1521 3285 1633 3357 Ego
1666 3301 1792 3341 vero
1828 3293 1955 3340 ante

2059 3291 2321 3363 ἁμαρτία.
2365 3289 2507 3360 Ἐγὼ
2535 3290 2593 3343 δέ
2623 3290 2761 3354 ἔζων
2795 3289 3100 3360 ἀμέμπτως
3125 3288 3229 3360 πρὸ
3259 3290 3360 3356 τῆς
3393 3285 3636 3355 ἐντολῆς,

369 3384 546 3454 legem
573 3381 690 3437 sine
717 3379 1138 3451 reprehensione
1171 3378 1414 3432 vivebam
1435 3418 1448 3440 ,
1486 3392 1608 3432 cum
1634 3376 1782 3431 nulla
1822 3378 1954 3432 mihi

2059 3382 2156 3434 οὐκ
2190 3380 2328 3450 ἔχων
2362 3379 2644 3450 διορισμὸν
2683 3380 2778 3432 καὶ
2799 3378 3081 3448 διαταγὴν,
3118 3377 3239 3430 καθ’
3270 3377 3334 3448 ἢν
3365 3378 3472 3430 ἐδει
3496 3377 3639 3430 πολι-

375 3481 519 3528 csset
543 3472 754 3527 sanctio
773 3485 836 3524 ac
865 3469 1053 3539 regula
1083 3467 1419 3538 prwscripta,
1451 3466 1516 3520 ad
1535 3481 1696 3537 quam
1728 3482 1952 3537 compa-

2059 3472 2370 3534 τεύσασθαι,
2399 3465 2467 3545 ἧς
2502 3474 2598 3526 καὶ
2645 3470 2934 3542 όλισθήσας
2965 3471 3381 3542 ἁμαρτήσομαι.
3429 3469 3641 3522 Ἐλθοῦ-

379 3564 487 3617 rari
511 3565 678 3616 vitam
714 3559 1008 3631 Oporteret,
1039 3575 1069 3613 a
1105 3574 1210 3629 qua
1246 3559 1293 3613 si
1327 3558 1649 3623 exciderent,
1673 3569 1952 3629 peccatum

2059 3581 2154 3634 σης
2185 3564 2240 3617 δὲ
2277 3564 2379 3634 τῆς
2420 3563 2670 3633 ἐντολῆς,
2709 3565 2743 3635 ἡ
2786 3563 3029 3634 ἁμαρτία
3073 3561 3370 3632 ἀνέζησεν·
3435 3561 3545 3630 ἐγὼ
3575 3561 3636 3612 δὲ

375 3656 793 3709 committerem.
819 3651 992 3706 Simul
1021 3660 1182 3721 atque
1199 3665 1327 3705 vero
1353 3636 1666 3704 mandatum
1700 3651 1953 3715 accessit,

377 3754 658 3814 peccatum
683 3742 878 3796 revixit
903 3759 916 3794 :
949 3756 1049 3811 ego
1070 3746 1316 3794 mortuus
1338 3755 1478 3794 sum.
1500 3737 1574 3793 Ita
1597 3739 1681 3795 lex
1703 3739 1815 3804 illa,
1833 3757 1954 3810 qua:

375 3835 443 3889 ad
473 3834 634 3887 vitam
671 3831 795 3886 data
829 3831 1022 3894 fuerat,
1068 3831 1284 3885 inventa
1325 3829 1456 3883 mihi
1487 3840 1570 3885 est
1602 3829 1658 3885 in
1696 3839 1949 3886 mortem.

375 3926 641 3992 Quoniam
684 3924 773 3979 ubi
811 3922 955 3979 Deus
983 3923 1152 3993 legem
1198 3922 1475 3992 imposuit,
1520 3937 1582 3976 ac
1618 3923 1746 3993 quid
1787 3939 1951 3995 agen-

374 4020 501 4072 dmn
529 4023 693 4078 esset,
722 4013 950 4078 deliuiit,
982 4011 1481 4082 concupiscentiam
1527 4013 1581 4065 in
1627 4027 1714 4066 me
1762 4010 1954 4066 diabo-

374 4113 459 4165 lus
500 4108 742 4181 perfecit.
780 4107 989 4178 Quippe
1037 4105 1342 4160 cohortatio
1377 4103 1467 4157 illa
1511 4119 1574 4158 ac
1622 4115 1950 4174 praaccptum

373 4203 505 4256 mihi
538 4216 568 4254 a
601 4199 710 4256 Deo
741 4199 1096 4254 constitutum
1132 4197 1200 4251 ad
1237 4197 1398 4251 vitam
1455 4195 1948 4250 immortalitatem-

339 4275 345 4284 ’
373 4311 476 4364 que
505 4293 831 4364 pertinebat,
865 4299 923 4344 ut
969 4290 1012 4344 si
1052 4302 1294 4358 parerem
1325 4287 1424 4352 illi,
1458 4297 1511 4341 et
1561 4303 1627 4341 ex
1660 4286 1780 4356 ejus
1812 4300 1948 4356 pra)»

2054 3655 2340 3709 ἀπέθανον.
2388 3656 2498 3709 Καὶ
2545 3653 2745 3727 εὑρέθη
2774 3673 2862 3726 μοι
2909 3656 2948 3726 η
2986 3653 3174 3725 ἐντολὴ
3207 3657 3286 3716 είς
3319 3653 3466 3723 ζωὴν
3494 3652 3637 3721 αὕτη

2052 3745 2131 3805 εἰς
2161 3741 2393 3799 θάνατον
2412 3761 2427 3776 ο
2460 3746 2542 3798 ὅτι
2573 3743 2712 3814 μετὰ
2745 3742 2807 3796 τὸ
2829 3741 3186 3814 νομοθετῆσαι
3215 3741 3313 3794 τὸν
3337 3740 3492 3806 Θεὺν,
3535 3744 3636 3793 καὶ

2049 3830 2460 3887 διαστείλασθαι
2487 3833 2516 3886 ὃ
2553 3832 2826 3902 ποιητέον,
2867 3832 2963 3885 καὶ
2993 3830 3072 3902 μὴ
3115 3829 3387 3900 ποιητέον,
3421 3845 3635 3897 mastg-

2050 3925 2261 3993 γάσατο
2290 3928 2348 3980 ἐν
2395 3927 2519 3997 ἐμοὶ
2565 3925 2665 3997 τὴν
2704 3923 2998 3994 ἐπιθυμίαν
3043 3923 3071 3976 ό
3113 3920 3378 3984 διάϐολος.
3415 3921 3481 3974 Ἡ
3521 3919 3637 3990 γάρ

2050 4020 2372 4086 παραίνεσις
2391 4017 2485 4071 τοῦ
2519 4017 2653 4070 Θεοῦ
2679 4016 2772 4070 καὶ
2820 4013 3166 4085 παραγγελία
3189 4016 3224 4084 ,ή
3278 4012 3493 4066 δοθεῖσά
3540 4029 3633 4082 μοι

2051 4105 2197 4180 αὕτη
2229 4111 2310 4173 είς
2341 4096 2486 4179 ζωὴν
2513 4110 2606 4163 καὶ
2631 4107 2961 4180 ἀφθαρσίαν,
2995 4107 3082 4160 ἵνα
3121 4103 3440 4176 πειθόμενος
3471 4106 3632 4176 αὐτῇ,

2050 4199 2144 4251 καὶ
2177 4203 2298 4255 κατ’
2322 4201 2490 4272 αὐτὴν
2522 4201 2688 4272 βιοὺς,
2718 4201 2978 4272 ἀπήμονα
3021 4199 3118 4253 καὶ
3155 4197 3636 4270 μακαριστότατον

2048 4290 2116 4344 δι’
2150 4294 2370 4362 αἰῶνος,
2407 4297 2500 4349 καὶ
2533 4295 2619 4348 ἀεὶ
2670 4293 2928 4348 θάλλοντα
2976 4292 3115 4362 πρὸς
3168 4291 3469 4345 ἀθανασίαν
3517 4289 3635 4358 βίον

372 4385 578 4455 scripto
601 4383 873 4453 degerem,
915 4382 1032 4433 sine
1069 4379 1175 4430 ulla
1217 4375 1518 4432 oﬂensione
1570 4375 1943 4430 felicissimam

2059 4381 2184 4451 Ξχιε),
2209 4386 2305 4439 καὶ
2355 4386 2548 4458 χαράν.
2595 4386 2946 4457 Ἀθετήσαντι
2970 4384 3025 4436 δὲ
3065 4384 3158 4436 καὶ
3205 4382 3397 4451 αὐτὴν,
3429 4383 3510 4443 εἰς
3540 4379 3634 4432 Ozi-

370 4485 424 4530 et
459 4472 528 4527 ad
557 4471 910 4526 aeternitatem
942 4469 1219 4522 ﬂorentem
1266 4467 1430 4520 vitam
1479 4481 1541 4519 ac
1581 4466 1840 4536 gaudium
1891 4464 1945 4518 in

2059 4492 2214 4530 νατον
2243 4478 2420 4548 ἀπέϐη
2465 4479 2562 4532 καὶ
2599 4477 2921 4549 καταδίκην.
2957 4475 3174 4546 Ἐπειδὴ
3213 4478 3240 4528 ὁ
3269 4473 3532 4536 διάϐολος,
3570 4473 3638 4524 ὃν

370 4567 759 4637 sempiternum
819 4573 1201 4630 consequerer.
1263 4558 1368 4613 Sed
1424 4558 1554 4612 illud
1619 4564 1946 4628 praeceptum

2059 4565 2332 4638 ἁμαρτίαν
2355 4567 2451 4623 νῦν
2498 4563 2652 4632 οὗτος
2683 4567 2930 4631 ἐκάλεσε,
2961 4566 3050 4620 διὰ
3078 4567 3139 4619 τὸ
3174 4564 3508 4636 δημιουργὸν
3530 4563 3637 4614 αὑ-

371 4657 590 4711 violanti
640 4655 775 4709 mihi
811 4654 865 4708 in
915 4660 1143 4706 mortem
1188 4665 1252 4704 ac
1289 4650 1690 4704 damnationem
1713 4663 1946 4704 conver-

2059 4651 2143 4703 τὸν
2170 4655 2445 4725 ἁμαρτίας
2474 4655 2740 4726 ὑπάρχειν
2774 4657 2870 4710 καὶ
2907 4656 3155 4727 εὑρετὴν,
3177 4654 3265 4707 διὰ
3283 4654 3382 4722 τῆς
3411 4650 3636 4719 ὶντολῆς

369 4766 491 4804 sum
540 4756 643 4804 est.
695 4744 1143 4814 Quandoquidem
1193 4741 1476 4806 diabolus,
1523 4755 1682 4811 quem
1736 4739 1945 4810 peccati

2059 4739 2306 4815 ὶφορμὴν
2335 4743 2535 4811 λαϐὼν,
2566 4747 2702 4818 πρὸς
2732 4747 3019 4817 παρακοὴν
3054 4745 3368 4816 ἐῇπάτησέ
3403 4760 3493 4814 με,
3530 4743 3636 4794 καὶ

371 4842 533 4896 modo
557 4839 778 4895 nomine
804 4837 1101 4908 insignivit,
1130 4849 1194 4890 eo
1219 4831 1364 4904 quod
1389 4833 1596 4903 peccati
1631 4831 1704 4887 sit
1745 4830 1941 4886 artifex

2059 4829 2336 4902 ἱπαπήσας
2355 4833 2695 4898 ἀπέκτεινεν,
2723 4834 3022 4888 ὑπεύθυνον
3046 4834 3143 4905 τῷ,
3159 4830 3241 4906 *ῌ
3262 4832 3316 4885 δ’
3340 4832 3418 4886 ἂν
3442 4831 3636 4900 ἡμέρᾳ

371 4948 436 4986 ac
477 4939 744 5001 repertor,
786 4945 881 5002 per
927 4934 1208 5000 peccatum
1258 4925 1418 4996 583
1457 4924 1798 4979 occasionem
1851 4937 1948 4977 na-

371 5035 515 5088 ctus,
548 5022 718 5077 illusit
745 5021 900 5086 mihi,
925 5030 976 5075 ct
1022 5019 1239 5074 illusum
1283 5015 1590 5079 interiecit;
1631 5031 1755 5070 cum
1790 5013 1945 5071 vide~

371 5115 498 5167 licet
528 5112 578 5166 ei
610 5126 696 5166 me
719 5110 1053 5166 damnationi
1088 5108 1214 5163 fecit
1257 5105 1590 5161 obnoxium:
1626 5105 1948 5174 Quacunqne

372 5204 457 5258 die
484 5201 811 5256 comederitis
831 5216 895 5255 ea:
918 5200 1033 5265 illo,
1057 5212 1226 5255 morte
1243 5197 1630 5252 moriemini.——
1649 5193 1836 5265 Itaque
1867 5194 1949 5249 lex

372 5305 448 5352 est
471 5301 676 5357 sancta,
701 5301 748 5346 et
782 5291 1088 5345 mandatum
1125 5291 1220 5344 Dei
1259 5289 1489 5358 justum,
1517 5294 1567 5340 et
1609 5295 1870 5349 sanctum,
1900 5293 1951 5338 et

2046 4924 2280 4992 φάγητε
2321 4925 2422 4979 ἀπ’
2461 4927 2667 4991 αὐτοῦ,
2717 4926 2950 4991 θανάτῳ
3003 4923 3427 4986 ἀποθανεῖσθε,
3461 4939 3638 4974 κατα.

2050 5014 2286 5085 κρίματι
2310 5019 2559 5088 γενέσθαι
2590 5020 3085 5092 κατεργασάμενος.
3114 5019 3293 5072 Ὥστε
3329 5021 3364 5071 ό
3385 5017 3500 5084 μὲν
3523 5017 3637 5068 νό-

2047 5122 2163 5174 μσς
2189 5115 2379 5179 ἅγιος,
2412 5113 2508 5164 καὶ
2554 5113 2593 5180 ἠ
2630 5112 2848 5180 ἐντολὴ
2901 5109 3009 5165 τοῦ
3063 5109 3208 5164 Θεοῦ
3256 5107 3488 5171 δικαία,
3527 5105 3638 5159 καὶ

2048 5198 2207 5266 ἁγία,
2238 5203 2344 5257 διαὶ
2372 5201 2584 5272 ἀγαθή.
2620 5203 2744 5257 Ὅτι
2775 5204 2850 5274 μὴ
2881 5204 2938 5257 ἐν
2963 5203 2985 5233 ⁸
3013 5201 3092 5272 τῷ
3122 5199 3340 5271 βλάψαι,
3367 5197 3501 5252 ἀλλὰ
3535 5198 3638 5249 ἐπὶ

2050 5288 2130 5358 τῷ
2160 5288 2338 5347 σῶσαι
2367 5294 2543 5365 ἐδόθη.
2564 5296 2658 5366 Μὴ
2696 5295 2805 5367 γὰρ
2831 5293 3071 5366 οἰώμεθα
3094 5293 3231 5356 ὅλως
3274 5289 3553 5359 ἀνωφελές
3584 5305 3638 5341 τι

373 5391 565 5443 bonum
590 5386 633 5440 ³.
663 5381 781 5438 Non
810 5382 954 5437 enim
994 5391 1054 5436 ut
1089 5382 1328 5444 obesset,
1353 5377 1449 5434 sed
1475 5389 1531 5432 ut
1561 5376 1791 5432 salutem
1816 5391 1955 5431 con-

2059 5381 2227 5434 ποιεῖν
2255 5381 2293 5451 ἦ
2331 5385 2592 5460 βλαϐερὸν
2619 5387 2710 5440 τὸν
2736 5387 2895 5442 Θεόν.

372 5488 608 5554 ciliaret,
640 5492 726 5543 est
761 5481 1160 5555 praescriptum.
1195 5477 1476 5550 Siquidem
1519 5491 1682 5532 nemo
1719 5475 2050 5545 persuadere
2112 5480 2217 5536 sibi
2287 5483 2473 5551 debet,
2523 5485 2713 5542 inutile
2747 5499 2777 5538 a
2825 5483 2934 5538 Deo
2987 5482 3307 5554 quidquam,
3356 5478 3442 5535 vel
3497 5489 3638 5535 cum

374 5585 572 5640 damno
600 5582 952 5653 coniunctum
987 5577 1124 5633 fieri.

444 5678 462 5711 ⁸
486 5676 644 5733 Rom.
667 5691 764 5746 vlt,
792 5675 847 5731 7.
922 5677 943 5709 ²
965 5673 1103 5731 Gen.
1138 5685 1202 5738 ιι,
1232 5668 1321 5726 l7.
1397 5669 1432 5739 ³,
1447 5667 1608 5723 Rom.
1636 5679 1736 5730 vu,
1763 5664 1848 5722 l2.
1921 5664 1946 5697 ⁸

2076 5663 2341 5722 δεκτέον.ι
2394 5672 2415 5706 ³
2445 5689 2534 5741 γρ.
2572 5668 2952 5739 ἐνεκίσσησαν.
3025 5665 3049 5698 ⁸
3078 5663 3140 5722 F.
3169 5659 3281 5716 ἐπί.
