3728 6192
166 150 312 236 ms

798 170 1165 239 ADVERSUS
1202 174 1542 234 HALRESES
1583 178 1704 233 LIB.

1903 178 2022 236 ΟΜ.
2060 181 2103 235 l.
2136 210 2203 221 —
2241 178 2515 239 IIERES.
2560 181 2740 236 LXIV.

3269 185 3404 241 1166

240 295 306 349 Τί
333 290 424 349 οὖν
450 295 513 347 τὸ
541 293 742 362 ἀγαθὸν
780 294 902 364 ἐμοὶ
928 294 1142 362 ἐγένετο
1170 295 1416 360 θάνατος,
1444 295 1473 350 ὃ
1502 296 1593 350 τοῦ
1634 314 1724 368 με·

1904 296 2018 351 Cur
2047 296 2215 367 igitur
2261 298 2407 369 quod
2455 298 2658 352 bonum
2696 304 2801 360 est,
2833 296 2994 351 morti
3054 296 3186 351 mihi
3240 307 3405 371 atque

160 387 354 453 γίστου
392 384 592 455 ὁμοίως
635 383 805 436 αἴτιον
848 383 1102 453 ἐσόμενον
1145 385 1350 452 ἀγαθοῦ
1387 386 1729 458 νομοθέτημα

158 475 355 545 ἐδόθης
385 473 477 545 Μὴ
503 474 741 541 γένοιτοί
772 475 892 528 ’Ότι
920 475 997 547 μὴ
1024 477 1057 547 ἡ
1085 473 1270 545 ἐντολὴ
1294 474 1386 527 τοῦ
1407 474 1542 527 Θεοῦ
1565 477 1644 539 είς
1670 475 1729 528 τὸ

157 565 636 635 καταδουλωθῖψαί
673 582 741 636 με
766 565 979 633 ἐγένετο
1004 570 1071 639 τῇ
1109 566 1306 638 φθορᾷ,
1334 566 1428 621 καὶ
1456 566 1728 638 ἐναπομά-

159 656 359 721 ξασθαι
392 657 568 729 κῆρας
611 657 831 729 ὀλέθρου
870 659 1076 723 αἰτίαςο
1119 658 1256 713 ἀλλά
1298 660 1327 712 ὀ
1365 658 1611 723 διάϐολος
1646 660 1731 712 ῑνα

158 750 454 823 φανερωθῇ
481 750 568 804 διά
606 749 699 804 τοῦ
728 752 931 820 ἀγαθοῦ
962 749 1024 805 τὸ
1051 753 1217 805 κακὸν
1240 752 1364 822 ἐμοὶ
1394 753 1731 807 κατασκευά-

160 857 284 907 σας,
322 841 409 895 ἵνα
435 836 688 911 γένηται,
719 843 813 896 καὶ
842 842 1070 913 ἐλεγχθῇ
1103 841 1223 896 καθ’
1253 843 1555 915 ὑπερσολὴν
1582 847 1611 898 ὁ
1640 844 1731 896 εὑ-

160 932 327 1001 ρετὴς
386 931 482 984 καὶ
522 933 732 988 τέκτων
776 932 875 1003 τῆς
930 932 1203 1004 ἁμαρτίας
1250 934 1591 1005 ἀμαρτωλὰς,
1638 936 1732 989 καὶ

155 1022 405 1096 διορισθῇ
436 1022 545 1077 ἀπὸ
587 1023 680 1077 τοῦ
721 1024 893 1079 κακοῦ
939 1024 1195 1078 τάναντία
1237 1025 1337 1096 τῆς
1377 1024 1594 1097 ἐντολῆς
1637 1026 1729 1080 τοῦ

154 1114 300 1168 Θεοῦ
342 1115 758 1188 ἐπιτροπεύσας.
802 1115 1037 1185 Οἴδαμεν
1077 1115 1205 1187 γὰρ,
1238 1115 1320 1169 ὅτι
1358 1118 1387 1169 ὁ
1429 1116 1588 1189 νόμος
1616 1118 1731 1172 ἐστὶ

154 1208 563 1277 πνευματικόςν
600 1209 680 1262 διὸ
720 1209 816 1262 καὶ
846 1210 964 1262 κατ’
1004 1210 1154 1263 οὐδὲν
1195 1210 1363 1264 αἴτιον
1394 1209 1599 1284 βλάϐης
1636 1213 1730 1266 ού-

153 1294 293 1349 δενί.
341 1297 536 1369 Πόρῤω
583 1298 691 1372 γὰρ
745 1300 1038 1371 ἐπιθυμίας
1083 1299 1278 1367 ἀλόγου
1325 1301 1418 1354 καὶ
1457 1302 1731 1375 ἁμαρτίας

154 1388 468 1462 ἐσκήνωται
494 1391 562 1446 τὰ
587 1392 946 1462 πνευματικά.
988 1390 1128 1462 Ἐγὼ
1162 1392 1233 1447 δὲ
1274 1395 1562 1463 σάρκινός
1593 1398 1730 1466 εἰμι,

152 1481 540 1550 πεπραμένος
586 1481 707 1537 ὐπὸ
765 1483 879 1550 τὴν
924 1484 1231 1553 ἁμαρτίαν.
1283 1481 1441 1551 Οἷονη,
1471 1486 1613 1557 Ἐγὼ
1664 1488 1733 1542 δὲ

1831 386 2000 441 exitio
2061 386 2183 449 fuit,
2243 388 2440 458 lexque
2493 388 2584 442 illa
2630 390 2931 443 constituta
2978 388 3109 442 mihi
3142 398 3247 455 est,
3283 407 3405 460 quze

1830 468 2058 547 perinde
2111 479 2302 549 ingens
2364 478 2495 533 mihi
2549 478 2892 534 commodum
2939 488 3125 549 posset
3180 480 3404 537 alien-e1

1829 568 2020 624 Absit!
2045 568 2180 623 Nam
2213 569 2461 625 divinum
2491 569 2624 623 illud
2654 570 2969 625 mandatum
2998 585 3107 625 non
3133 587 3197 626 eo
3218 571 3401 626 datum

1834 667 1939 723 est,
1973 668 2034 714 ut
2066 661 2118 715 in
2151 661 2563 731 corruptionem
2612 662 2759 716 velut
2811 662 3127 717 servitutem
3163 662 3404 719 incurre-

1829 766 1968 813 rent,
1995 766 2183 821 eatque
2226 752 2357 806 mihi
2404 751 2555 806 labes
2574 740 2958 814 'inurerentur,
2989 766 3109 820 qua:
3138 752 3190 805 in
3219 760 3403 808 extre-

1830 858 1975 897 mam
2008 842 2306 912 perniciem
2359 842 2717 912 conjicerent,
2754 838 2849 897 sed
2897 850 2957 897 ut
2977 842 3273 910 diabolum,
3308 860 3403 915 per

1830 930 1884 984 id
1914 930 2059 1001 quod
2082 931 2285 987 bonum
2310 942 2413 997 est,
2448 932 2651 986 malum
2683 932 2811 985 mihi
2840 933 3125 1002 perspicue
3156 933 3400 987 molitum

1830 1036 1954 1077 esse
1985 1029 2285 1085 constaret,
2341 1030 2504 1092 atque
2555 1030 2616 1076 ut
2673 1021 2919 1077 inventor
2959 1024 3047 1078 ille
3100 1024 3306 1094 peccati
3347 1032 3411 1105 ct_

1830 1113 2162 1170 architectus
2230 1112 2517 1168 excellenti
2576 1113 2809 1183 quadam
2870 1115 3084 1170 ratione
3145 1125 3401 1186 peccator

1829 1213 1999 1269 esset,
2055 1213 2218 1275 atque
2265 1220 2390 1260 esse
2439 1203 2967 1274 deprehenderetur,
3002 1215 3056 1261 et
3086 1221 3117 1260 a
3148 1208 3291 1263 bono
3320 1223 3401 1263 se-

1825 1299 2155 1370 jungeretur
2183 1299 2230 1353 is
2261 1297 2355 1369 qui
2386 1296 2585 1354 divinae
2606 1296 2708 1369 legi
2725 1298 2998 1353 contraria
3028 1311 3395 1369 procurasset.

1832 1386 2140 1459 Spiritalem
2174 1386 2321 1442 enim
2349 1386 2520 1458 legem
2569 1400 2693 1441 esse
2741 1388 3019 1455 novimus,
3052 1389 3281 1461 ideoque
3307 1406 3398 1445 ne-

1830 1481 1966 1536 mini
1993 1495 2120 1537 esse
2148 1480 2326 1535 fraudi
2352 1480 2461 1535 ulla
2488 1478 2544 1533 in
2573 1496 2633 1534 re
2684 1494 2865 1549 posse,
2923 1495 3046 1535 cum
3079 1480 3148 1534 ab
3179 1492 3398 1551 experte

153 1570 455 1640 σάρκινος
486 1572 591 1638 ὢν,
642 1575 734 1627 καὶ
759 1575 815 1627 ἐν
843 1574 991 1645 μέσῳ
1023 1574 1117 1627 τοῦ
1148 1576 1380 1649 πονηροῦ
1413 1577 1506 1631 καὶ
1527 1579 1724 1645 ἀγαθοῦ

1903 1573 2060 1630 tionis
2089 1572 2386 1642 cupiditate
2414 1572 2571 1642 longe
2602 1571 2865 1641 spiritalia
2906 1571 3098 1627 dissita
3122 1575 3252 1629 sint.
3285 1572 3394 1643 Ego

153 1664 546 1728 κατασταθεὶς,
584 1666 661 1728 ὡς
701 1640 1062 1732 αὐτεξούσιος,
1095 1666 1159 1720 ἵν’
1183 1640 1428 1738 ἐπ’-’ἐμοὶ
1457 1640 1671 1721 ἑλέσθαι
1697 1669 1724 1721 ὃ

1903 1682 1946 1720 ὀ
1967 1664 2199 1719 carnalis
2231 1680 2370 1727 sum,
2401 1663 2725 1718 venundatus
2743 1664 2836 1716 sub
2865 1668 3190 1731 peccatum'.
3226 1667 3395 1732 Quasi

150 1752 420 1827 βούλομαι
541 1756 803 1827 (Τέθεικα
850 1758 989 1827 γὰρ,
1045 1758 1207 1829 φησὶ,
1244 1760 1356 1828 πρὸ
1403 1759 1724 1828 προσώπου

150 1865 279 1904 σου
323 1847 438 1915 τὴν
469 1847 622 1917 ζωὴν
661 1848 759 1904 καὶ
792 1848 899 1903 τὸν
926 1848 1226 1921 θάνατον)·
1267 1852 1460 1914 νεύσας
1502 1849 1637 1921 πρὸς
1666 1850 1727 1903 τὸ

152 1940 505 2013 παρακοῦσαι
555 1941 653 2012 μὲν
697 1942 791 1996 τοῦ
837 1942 1203 2015 πνευματικοῦ
1247 1942 1433 2013 νόμου,
1478 1936 1589 1996 οἷον
1627 1941 1725 2012 τῆς

152 2032 401 2102 ἐντολῆς,
448 2032 753 2088 ὑπακοῦσαι
793 2033 849 2087 δὲ
889 2034 983 2088 τοῦ
1030 2033 1247 2098 ὑλικοῦ,
1286 2029 1398 2114 οἷον
1424 2033 1518 2088 τοῦ
1550 2033 1725 2102 ὄφεως

151 2127 259 2194 τὴν
287 2126 632 2197 συμϐουλίαν,
658 2126 948 2198 πέπραμαι
975 2126 1063 2181 διὰ
1097 2127 1193 2198 τὴν
1216 2126 1468 2198 τοιαύτην
1492 2126 1722 2197 αἵρεσιν,

151 2216 342 2270 πεσὼν
374 2216 476 2270 ὑπὸ
523 2217 830 2289 ἁμαρτίαν,
869 2216 945 2286 τῷ
991 2217 1235 2288 διαϐόλῳ.
1267 2217 1429 2271 Ὅθεν
1473 2215 1724 2270 ἐντεῦθεν

150 2308 526 2379 πολιορκῆσάν
558 2326 627 2378 με
669 2308 731 2361 τὸ
758 2308 925 2362 κακὸν
968 2308 1220 2374 ἐνιζάνει,
1255 2309 1351 2362 καὶ
1378 2307 1727 2379 ἐμπολιτεύε-

151 2416 253 2452 ται
285 2399 631 2452 είσοικείσθαι
663 2399 721 2453 ἐν
746 2402 812 2470 τῇ
845 2399 1005 2471 σαρκί
1033 2417 1154 2471 μου,
1182 2399 1431 2471 καθάπερ
1459 2399 1639 2470 κηφὴν
1666 2401 1725 2453 ἐν

151 2491 337 2562 κηρίῳ
370 2491 630 2563 μελίσσης
653 2492 1077 2565 περιιπτάμενος
1100 2492 1357 2556 πολλάκις
1384 2492 1511 2566 περὶ
1542 2492 1724 2555 αὐτὸν,

150 2583 256 2633 καὶ
289 2580 536 2651 βομϐῶν⁸
563 2581 720 2653 δίκης
745 2581 1089 2654 ἐπιτεθείσης
1120 2600 1209 2653 μοι
1238 2582 1335 2653 τὴν
1361 2582 1577 2652 ἐντολὴν
1607 2581 1727 2636 ἀθε-

149 2672 386 2742 τήσαντι
430 2672 703 2744 πραθῆναι
735 2672 814 2745 τῷ
859 2673 1034 2744 κακῷ.
1085 2674 1174 2725 Διὸ
1206 2673 1298 2727 καὶ
1328 2673 1388 2726 οὐ
1418 2671 1669 2742 γινώσκω
1695 2673 1724 2726 ὃ

147 2748 565 2837 κατεργάζομαι
588 2807 603 2831 ,
644 2766 990 2836 λογιζόμενος
1026 2766 1056 2819 ὃ
1088 2766 1162 2839 μὴ
1191 2766 1363 2873 θέλωῦ
1379 2767 1451 2820 Τὸ
1478 2768 1609 2838 γὰρ,
1653 2766 1723 2822 '0

149 2856 577 2925 κατεργάζομαι
599 2859 672 2911 οὐ
696 2856 996 2926 γινώσκω,
1027 2858 1123 2910 καὶ
1153 2857 1300 2911 ποιῶ
1320 2855 1360 2909 ὅ
1378 2855 1557 2925 μισῶ,
1580 2856 1727 2925 λεγό-

1827 1757 2036 1814 diceret
2063 1775 2076 1811 :
2103 1755 2216 1827 Ego
2243 1773 2360 1811 vero
2387 1758 2622 1811 carnalis
2646 1773 2783 1820 sum,
2806 1764 2969 1826 atque
3003 1757 3059 1811 in
3094 1758 3217 1811 mali
3249 1760 3395 1813 boni-

1826 1864 1933 1919 que
1972 1848 2152 1905 medio
2183 1849 2416 1918 positus,
2446 1854 2634 1918 utpote
2663 1848 2821 1911 liber,
2858 1856 2916 1902 ut
2942 1849 3086 1918 quod
3129 1850 3283 1904 velim
3318 1849 3396 1904 in-

1827 1945 2038 2008 tegrum
2088 1937 2218 1991 mihi
2252 1938 2323 1992 sit
2376 1938 2572 2007 eligere
2616 1938 2803 2007 (Ροδαὶ
2850 1941 3009 2004 enim,
3047 1940 3243 2009 inquit,
3275 1952 3396 1996 ante

1825 2026 2016 2095 faciem
2042 2036 2187 2080 tuam
2213 2027 2372 2080 vitam
2394 2036 2443 2081 et
2477 2038 2696 2081 mortem
2721 2028 2786 2096 a);
2816 2043 2937 2082 cum
2968 2028 3025 2082 in
3054 2029 3106 2083 id
3131 2031 3392 2087 inclinas-

1827 2133 1961 2183 sem,
1995 2125 2053 2171 ut
2085 2126 2140 2173 et
2166 2118 2404 2188 'spiritali
2435 2118 2562 2190 legi,
2611 2110 2716 2174 hoc
2746 2126 2831 2175 est
2859 2120 3134 2186 mandato,
3171 2122 3395 2178 minime

1826 2224 2095 2277 parerem,
2112 2220 2159 2264 et
2192 2220 2420 2265 terrena:
2442 2225 2505 2264 ac
2525 2226 2649 2265 cum
2678 2212 2919 2267 materia:
2941 2212 3072 2267 faece
3099 2221 3388 2275 concretae.

1829 2296 1931 2353 hoc
1958 2306 2042 2353 est
2087 2299 2359 2369 serpentis
2386 2300 2637 2365 monitis,
2670 2301 3138 2370 obtemperat-cm;
3174 2314 3393 2371 propter

1825 2392 1973 2447 hunc
2005 2392 2274 2448 delectum
2307 2394 2362 2448 in
2396 2401 2676 2464 peccatum
2709 2394 2996 2465 prolapsus
3030 2396 3246 2451 diabolo
3272 2412 3392 2451 sum

1826 2485 2100 2540 venditus.
2153 2483 2291 2539 llinc
2338 2485 2538 2539 malum
2590 2486 2737 2540 velut
2765 2485 3023 2541 obsidens
3054 2487 3185 2540 mihi
3213 2486 3396 2540 adhae-

1826 2577 2012 2641 rescit,
2046 2586 2209 2647 atque
2252 2578 2306 2632 in
2341 2592 2504 2634 carne
2538 2594 2677 2643 mea,
2704 2588 2963 2649 tanquam
2994 2578 3050 2633 in
3077 2578 3239 2633 domo
3268 2594 3395 2648 qna-

1826 2669 1972 2737 dam,
2008 2671 2237 2736 habitat,
2273 2668 2725 2741 quemadmodum
2758 2670 2916 2726 fucus
2971 2671 3177 2724 circum
3240 2669 3394 2723 favos

1828 2779 1988 2834 apum
2027 2765 2264 2821 volitans
2314 2778 2379 2818 ac
2421 2763 2635 2819 bombis
2673 2763 3012 2832 obstrepens.
3050 2760 3177 2815 Mihi
3213 2761 3394 2830 itaque

1827 2855 2016 2911 violati
2048 2855 2289 2913 mandati
2322 2869 2483 2925 poena
2522 2854 2636 2909 haec
2679 2853 2933 2924 imposita
2980 2860 3084 2917 est,
3120 2853 3199 2907 uti
3250 2852 3395 2907 malo

151 2968 354 3020 μενον,
385 2950 485 3003 οὐκ
516 2950 608 3003 ἐπὶ
651 2951 744 3003 τοῦ
775 2949 1218 3019 τελεσιουργῆσαι
1253 2948 1312 3001 τὸ
1361 2947 1583 3017 φαῦλον,
1632 2949 1724 3001 καὶ

1905 2945 2228 3001 odammodo
2264 2944 2548 3001 venderer.
2576 2943 2888 3015 Propterea,
2922 2943 3068 3015 quod
3101 2943 3240 2998 facio
3282 2959 3392 2999 non

147 3041 353 3113 δρᾶσαι
388 3040 772 3111 παραληπτέον
792 3080 807 3105 ,
840 3039 953 3092 ἀλλ’
1001 3040 1095 3092 ἐπὶ
1143 3038 1238 3093 τοῦ
1282 3040 1444 3109 μόνον
1488 3039 1613 3092 ἐνθυ
1623 3055 1724 3109 μη-

146 3132 348 3203 θῆναι,
415 3131 689 3203 λογισμῶν
739 3132 1019 3186 ἀνοικείων
1077 3132 1206 3203 ἡμῖν
1270 3129 1725 3202 προσιπταμένων

148 3223 469 3289 πλεονάκις,
502 3222 596 3276 καὶ
624 3221 1073 3293 ἐμφανταζόντων
1094 3222 1239 3291 ἡμᾶς
1254 3220 1390 3292 πρὸς
1429 3218 1465 3273 ἃ
1490 3218 1564 3290 μὴ
1580 3218 1727 3271 θέλο-

153 3333 283 3385 μεν,
316 3315 416 3386 τῆς
457 3315 635 3385 ψυχῆς
663 3316 775 3377 τοῖς
818 3313 1094 3384 λογισμοῖς
1122 3312 1251 3383 περὶ
1278 3309 1448 3365 πολλὰ
1473 3325 1728 3382 περιαγο-

151 3405 353 3476 μένης·

1826 3039 2093 3110 intelligo,
2132 3038 2261 3093 dum
2289 3037 2434 3109 quod
2462 3038 2610 3104 nolo,
2649 3037 2848 3108 cogito.
2877 3036 3001 3092 Haec
3029 3036 3172 3091 enim
3202 3036 3392 3103 verba,

1827 3130 1979 3198 Quod
2001 3130 2143 3199 facio
2174 3145 2277 3183 non
2302 3145 2576 3197 cognosco,
2601 3138 2649 3181 et
2681 3129 2818 3197 quod
2843 3127 2929 3181 odi
2959 3128 3098 3196 facio
3118 3128 3158 3191 ⁵,
3179 3142 3284 3181 non
3311 3128 3394 3184 sic

1826 3219 2145 3291 accipienda
2193 3227 2344 3282 sunt,
2373 3218 2532 3288 quasi
2562 3218 2764 3271 malum
2800 3216 3059 3288 perlicere
3088 3216 3305 3286 penitus
3328 3230 3392 3270 ac

1825 3310 2163 3365 committere
2190 3308 2435 3374 dicatur;
2468 3307 2565 3363 sed
2596 3307 2663 3361 ad
2689 3308 2861 3363 solam
2903 3307 3287 3377 cogitationem
3317 3320 3394 3358 re-

1825 3400 1953 3457 ferri
1985 3416 2083 3471 par
2116 3408 2222 3466 est,
2251 3414 2373 3454 cum
2432 3399 2750 3469 plerumque
2800 3399 2987 3453 aliena:
3042 3398 3198 3453 nobis
3226 3404 3280 3451 et
3305 3396 3397 3451 ab-

150 3497 343 3552 surdae
365 3496 725 3567 cogitationes
747 3494 1019 3560 advolent,
1045 3501 1099 3550 et
1136 3493 1202 3549 ad
1229 3507 1294 3549 ea
1324 3507 1446 3563 quae
1479 3491 1737 3547 nolumus
1767 3491 2049 3549 illudendo
2077 3507 2177 3549 nos
2203 3497 2499 3561 provocent
2520 3509 2532 3544 :
2551 3489 2703 3555 quod,
2740 3490 2922 3544 anima
2973 3490 3397 3560 cogitationibus

150 3591 279 3646 suis
312 3605 406 3659 per
433 3588 641 3643 inﬁnita
673 3605 854 3644 rerum
882 3603 1077 3658 genera
1108 3588 1465 3643 distrahatur.

234 3687 357 3740 NZ'.
397 3685 469 3737 Οὐ
499 3682 605 3754 γὰρ
632 3680 717 3752 ἐφ’
746 3684 876 3753 ἡμῖν
906 3682 1043 3745 ὅλως
1074 3682 1183 3752 (45)
1207 3683 1268 3735 τὸ
1294 3683 1657 3754 ἐνθυμεῖσθαι,
1690 3684 1724 3755 ἢ

156 3780 243 3850 μὴ
276 3776 618 3848 ἐνθυμεῖσθαι
650 3777 824 3827 κεῖται
871 3774 939 3828 τὰ
990 3775 1184 3839 ἄτοπα,
1234 3774 1369 3829 ἀλλά
1388 3776 1448 3828 τὸ
1472 3776 1723 3848 χρῆσθαι,

153 3871 192 3938 ἢ
230 3870 306 3939 μὴ
324 3866 558 3938 χρῆσθαι
587 3869 697 3930 τοῖς
723 3865 1083 3937 ἐνθυμήμασι.
1104 3866 1359 3921 Κωλῦσαι
1392 3868 1490 3938 μὲν
1518 3869 1626 3940 γάρ
1655 3869 1730 3939 μὴ

153 3962 455 4031 ἐμπίπτειν
508 3962 588 4024 εἰς
637 3961 783 4031 ἡμᾶς
830 3959 956 4022 τοὺς
1011 3959 1302 4031 λογισμοὺς
1342 3962 1403 4013 οὺ
1431 3961 1729 4032 δυνάμεθα,

154 4057 301 4125 πρὸς
350 4052 575 4124 δοκιμὴν
617 4051 772 4123 ἡμῶν
815 4051 1010 4119 ἔξωθεν
1040 4054 1469 4123 εἰσπνεομένους·
1509 4054 1582 4126 μὴ
1617 4072 1732 4108 πει-

156 4146 357 4216 σθῆναι
393 4146 591 4216 μέντοι,
614 4145 648 4215 ἦ
687 4143 760 4216 μὴ
781 4143 1011 4214 χρῆσθαι
1037 4144 1217 4207 αὐτοῖς
1243 4145 1535 4217 δυνάμεθα.
1581 4146 1733 4200 Ἐπεὶ

1903 3677 2067 3750 585
2100 3677 2253 3731 LVII.
2277 3675 2461 3748 Neque
2481 3676 2626 3732 enim
2657 3676 2710 3728 in
2744 3674 2903 3730 nobis
2926 3674 3035 3729 ullo
3055 3674 3212 3730 modo
3231 3676 3395 3730 situm

1831 3777 1934 3834 est,
1964 3769 2310 3825 abhorrentia
2335 3768 2597 3837 cogitare,
2626 3766 2711 3821 vel
2741 3780 2847 3819 non
2870 3766 3144 3835 cogitare;
3172 3766 3266 3821 sed
3294 3768 3393 3831 uti,

1826 3862 1909 3915 vel
1943 3876 2051 3914 non
2070 3860 2147 3913 uti
2171 3858 2439 3929 cogitatis.
2464 3856 2599 3910 Nam
2628 3872 2695 3911 ne
2727 3856 2886 3913 nobis
2921 3855 3226 3913 istiusmodi
3246 3860 3397 3929 cogi-

1828 3954 2059 4008 tationes
2074 3953 2360 4021 obrepant,
2378 3965 2498 4021 qua:
2516 3947 2780 4019 probandi
2809 3947 2982 4001 nostri
3001 3962 3165 4003 causa
3190 3951 3398 4005 extrin-

1788 4038 1789 4041 “
1828 4058 1988 4099 secus
2018 4042 2407 4106 immittuntur,
2454 4038 2745 4111 prohibere
2782 4053 2891 4093 non
2923 4054 3253 4109 possumus;
3285 4058 3396 4097 non

1830 4133 2108 4197 assentiri,
2150 4140 2205 4188 et
2253 4131 2452 4187 oblatis
2508 4146 2615 4185 non
2677 4131 2776 4192 uti,
2830 4144 3145 4198 possumus.
3177 4130 3395 4201 Alioqui

155 4236 284 4299 πῶς
329 4238 358 4289 ὁ
426 4235 744 4297 Ἁπόστολος
773 4235 834 4287 τὸ
890 4236 986 4305 μὲν
1042 4233 1209 4287 κακὸν
1272 4234 1368 4304 οὐχ
1418 4236 1638 4305 ἥκιστα,
1684 4230 1724 4302 ᾧ

1908 4226 2107 4283 omodo
2156 4223 2376 4279 tandem
2433 4223 2726 4293 Apostolus
2784 4221 3007 4285 malum,
3074 4221 3219 4291 quod
3291 4224 3396 4278 sibi

154 4326 544 4396 ἀπηρέσκετο,
604 4325 814 4387 ἐποίει,
874 4323 934 4376 τὺ
984 4322 1042 4375 δὲ
1113 4322 1274 4376 καλὸν
1336 4315 1382 4389 ᾧ
1440 4323 1723 4394 ἠρέσκετο,

152 4417 387 4483 ἥκιστα,
410 4417 458 4466 εἰ
485 4415 558 4484 μὴ
588 4413 843 4484 περὶτῶν
868 4412 1088 4467 ὀθνείων
1105 4412 1500 4483 ἐνθυμημάτων
1523 4412 1727 4482 ἔλεγεν,

155 4508 199 4559 ἂ
226 4505 603 4577 ἐνθυμούμεθα
633 4503 743 4557 ἔσθ’
776 4505 865 4557 ὅτε
892 4505 985 4557 καὶ
1016 4503 1091 4574 μὴ
1121 4503 1454 4575 βουλόμενοι,
1504 4504 1565 4570 ἐξ
1612 4506 1729 4569 οἵας

152 4599 225 4650 οὐ
272 4596 626 4665 γινώσκοντες
669 4594 879 4659 uittae;
911 4596 978 4647 *Α
1020 4594 1415 4665 ἀνατρέπεσθαι
1466 4595 1570 4667 χρὴ
1637 4595 1730 4648 καὶ

153 4687 626 4758 ἐπιστομίζεσθαι,
670 4686 755 4741 ἵνα
791 4683 865 4755 μὴ
909 4683 1242 4754 εύρυνόμεθα
1277 4685 1291 4715 ¹
1324 4684 1431 4736 τῶν
1478 4683 1727 4755 περάτων

153 4780 479 4851 κρατήσωσι
509 4778 607 4847 τῆς
632 4776 829 4846 ψυχῆς.
873 4775 1175 4846 Ἀμήχανον
1203 4774 1310 4847 γὰρ
1345 4774 1547 4827 τούτων
1578 4776 1728 4828 ἐνευο

154 4870 500 4942 διαιρούντων
539 4871 596 4921 ἐν
629 4870 758 4938 ἡμῖν
790 4867 1141 4921 ἐπανατεῖλαι
1165 4867 1225 4920 τὸ
1261 4866 1481 4935 ἀγαθόν.
1523 4864 1728 4936 Ὀρθῶς

151 4965 292 5034 ἄρα.
340 4948 407 5014 Ὃ
452 4962 558 5031 γὰρ
612 4957 1028 5028 κατεργάζομαι
1066 4960 1139 5013 οὐ
1172 4957 1467 5029 γινώσκω,
1517 4956 1722 5023 ἔλεγεν.

146 5059 237 5108 Οὐ
273 5055 382 5124 γὰρ
409 5053 439 5105 ὃ
467 5053 617 5107 θέλω
636 5050 905 5120 πράσσω,
928 5053 1063 5106 ἀλλ’
1092 5051 1124 5106 ὃ
1151 5049 1330 5121 μισῶ,
1360 5048 1533 5104 τοῦτο
1554 5046 1722 5103 ποιῶ.

239 5213 253 5241 ¹
288 5209 418 5263 Cor.
454 5208 805 5278 εὑρυνὸμενα.
882 5208 903 5237 ³
936 5204 1093 5259 Rom.
1125 5220 1223 5268 vn,
1264 5203 1352 5258 l4.
1427 5203 1448 5235 ³
1485 5201 1642 5256 Deut.
1677 5217 1807 5266 xxx,

235 5363 349 5436 (45)
393 5361 740 5436 Durae
771 5359 916 5436 ἡμῖν
947 5359 1119 5424 ὅλως.
1149 5356 1724 5436 _Pr:eclara.et_cat_lio-

155 5425 271 5491 lica
296 5425 590 5502 apostolici
606 5425 750 5502 illius
775 5425 904 5502 dicti
930 5430 1219 5502 sententia.
1246 5443 1406 5502 quam
1424 5425 1727 5502 Methodius

152 5496 427 5573 exponit;
463 5500 832 5573 aeradversus
879 5496 1412 5573 llOdieI'lliBhlltBI‘CSlS
1456 5496 1724 5573 inscitiam

153 5567 331 5645 auiue
358 5572 756 5643 improbitatem
776 5568 1118 5627 observanda
1144 5567 1454 5639 diligenter:
1491 5568 1581 5636 qui
1606 5579 1737 5618 cono

1833 4318 2175 4387 displicebat,
2206 4315 2440 4369 maxime
2466 4314 2854 4369 committeret:
2875 4312 3077 4366 bonum
3100 4328 3227 4367 vero
3252 4314 3396 4381 quod

1838 4410 2106 4481 placebat,
2126 4422 2465 4478 nequaquam
2491 4405 2713 4470 faceret,
2740 4404 2847 4459 nisi
2877 4404 2943 4458 de
2973 4403 3273 4473 peregrinis
3305 4420 3399 4459 co-

1835 4498 2190 4570 gitationibus
2220 4496 2555 4565 loqueretur,
2586 4509 2724 4564 quas
2755 4492 2937 4547 animo
2961 4492 3287 4561 quandoque
3312 4492 3397 4546 vel

1836 4589 1989 4645 inviti
2025 4589 2341 4659 incertaque
2372 4587 2531 4643 nobis
2553 4602 2619 4641 ex
2661 4601 2823 4640 causa
2851 4593 3089 4640 tractare
3120 4585 3400 4639 solemus?

1836 4680 1983 4746 Quas
2012 4679 2231 4751 quidem
2267 4684 2511 4734 evertere
2564 4685 2725 4747 atque
2753 4675 3000 4730 inhibere
3028 4675 3299 4736 convenit,
3332 4689 3399 4728 ne

1836 4771 2064 4835 diil‘usae,
2087 4786 2152 4827 ac
2175 4770 2441 4826 collatatre
2457 4773 2730 4823 extremos
2755 4780 3000 4837 quosque
3036 4766 3181 4821 velut
3208 4764 3400 4818 anima:

1838 4862 1971 4918 lines
1995 4863 2048 4917 in
2076 4868 2398 4932 potestatem
2450 4857 2696 4927 redigant
2726 4874 2741 4910 :
2776 4870 2952 4925 neque
2981 4855 3124 4910 enim
3157 4852 3269 4908 fieri
3303 4868 3401 4924 po—

1834 4962 1963 5017 test,
2005 4965 2063 5007 ut
2099 4954 2144 5009 si
2198 4952 2304 5007 illa:
2351 4949 2632 5006 commode
2682 4947 3073 5011 succreverint,
3106 4946 3308 5001 bonum
3346 4946 3399 4999 in

1832 5046 1990 5101 nobis
2026 5044 2348 5099 eﬂlorescat.
2378 5041 2542 5098 Recte
2574 5043 2758 5111 itaque
2810 5039 3025 5114 dicebat
3053 5040 3349 5110 Apostolus
3383 5058 3398 5095 ;

1846 5198 1934 5255 15.
2013 5198 2035 5231 ⁸
2072 5196 2230 5253 Rom.
2266 5213 2362 5263 vii,
2396 5195 2485 5253 15.

1831 5352 2246 5431 cupiscentiam,
2290 5357 2344 5404 et
2380 5365 2503 5420 qua:
2551 5363 2616 5403 ex
2655 5349 2801 5403 illius
2839 5348 3187 5431 contagione.
3211 5344 3398 5399 invitis

1832 5418 1993 5477 nobis
2039 5422 2324 5490 obrepunt,
2366 5418 2491 5474 vere
2523 5434 2645 5490 esse
2675 5427 2895 5490 peccata
2927 5418 3193 5490 deliniunt
3221 5433 3234 5467 :
3286 5429 3398 5490 quo

1834 5495 2053 5546 nomine
2082 5484 2189 5543 non
2231 5491 2342 5558 jam
2382 5484 2803 5559 καθαρούςζεοιι
2845 5487 3182 5555 ἀκαθάρτους
3206 5490 3261 5539 et
3294 5484 3399 5539 im-

1843 5560 2165 5633 purissimos
2194 5557 2252 5617 se
2279 5576 2400 5617 esse
2432 5557 2624 5616 merito
2647 5557 2985 5629 proﬁtentur.
