3822 6288
322 198 454 255 H67

1708 192 1767 245 S.
1809 192 2153 250 EPlPHANll

3434 190 3573 256 1168

318 315 468 379 Quod
492 314 631 368 enim
658 314 893 383 perﬁcio,
917 330 1019 368 non
1058 329 1336 384 cognosco.
1392 306 1510 365 Non
1572 314 1713 365 enim
1752 312 1889 382 quod

1992 314 2229 385 θέλομεν
2253 313 2362 385 γάρ
2383 312 2451 367 τὰ
2479 314 2555 384 μὴ
2581 314 2950 384 προσήκοντα,
2978 313 3073 367 καὶ
3098 313 3135 369 ἀ
3164 311 3241 386 μὴ
3263 314 3285 347 ⁸
3313 314 3477 387 θέμις
3500 317 3578 388 μὴ

314 408 427 461 toto
460 407 624 475 facio,
660 406 751 460 sed
783 406 923 475 quod
949 406 1038 459 odi
1075 406 1172 458 hac
1193 405 1355 472 facio.
1397 402 1664 457 Volumus
1695 404 1899 474 quippe

310 515 373 553 ca
410 514 529 568 qua:
558 498 785 553 minime
830 497 1187 561 conveniunt,
1222 510 1450 565 quaeque
1505 494 1691 548 illicita
1749 501 1897 558 sunt,

314 604 380 642 ue
409 588 657 657 cogitare
684 587 926 657 quidem.
962 585 1099 641 Illud
1155 585 1301 639 enim
1350 583 1649 653 perfectum
1680 583 1898 639 demum

313 680 512 733 bonum
545 689 647 744 est,
677 678 824 749 quod
862 692 971 732 non
1008 676 1171 731 modo
1192 733 1198 739 ,
1220 689 1251 728 a
1301 672 1688 745 perpetrando,
1714 672 1809 727 sed
1844 679 1899 727 et

312 772 605 842 cogitando
637 772 780 826 malo
817 776 1103 838 temperat.
1140 766 1204 819 Et
1251 765 1386 835 quod
1416 765 1608 820 bonum
1634 766 1894 827 volumus,

316 877 662 933 nequaquam
701 861 963 927 ellicitur,
1006 858 1095 914 sed
1121 856 1259 929 quod
1288 858 1530 910 nolumus
1553 856 1777 909 malum.
1813 855 1899 909 Si-

312 954 532 1025 quidem
590 955 771 1009 animo
805 960 994 1009 nostro
1037 950 1350 1021 frequentes
1396 947 1666 1011 incidunt,
1718 962 1782 1001 ac
1811 947 1896 1000 vel

312 1044 518 1099 invitos
553 1042 782 1096 inﬁnitis
810 1042 878 1096 de
903 1040 1065 1095 rebus
1098 1038 1324 1093 inﬁnita:
1355 1035 1715 1106 cogitationes
1740 1036 1895 1090 inva-

316 1136 477 1197 dunt,
508 1149 629 1205 quae
662 1148 766 1188 nos
814 1132 1135 1187 curiositate
1176 1137 1340 1200 atque
1375 1144 1406 1183 a
1432 1128 1644 1185 ratione
1696 1128 1897 1183 abhor-

311 1226 548 1282 rentium
577 1225 917 1295 negotiorum
936 1222 1286 1277 multitudine
1304 1220 1605 1291 implicant.
1622 1220 1895 1288 Quocirca

316 1316 588 1388 ejusmodi
640 1331 707 1371 ne
742 1316 982 1386 cogitare
1015 1315 1233 1384 quidem
1278 1315 1440 1379 velle,
1474 1314 1761 1385 potestatis
1811 1322 1895 1369 est

314 1418 517 1465 nostra:
539 1426 553 1475 ;
579 1408 632 1463 id
662 1416 842 1464 autem
867 1408 1108 1479 assequi,
1128 1416 1186 1462 ut
1210 1407 1427 1479 penitus
1453 1407 1890 1477 exstinguantur,

311 1514 488 1570 neque
537 1499 696 1554 nobis
742 1499 979 1570 amplius
1008 1506 1319 1565 occurrant,
1358 1512 1464 1553 non
1506 1505 1589 1553 est
1618 1496 1892 1552 facultatis

311 1591 413 1658 (uti
468 1590 728 1659 diximus.)
759 1600 983 1651 nostrae,
1004 1590 1099 1645 sed
1129 1597 1281 1644 certo
1309 1590 1471 1644 modo
1492 1588 1757 1643 duntaxat
1789 1588 1887 1651 uti,

2001 405 2368 476 ἐνθυμεῖσθαι.
2418 405 2634 476 Ἐπειδὴ
2670 404 2829 458 τοῦτο
2864 404 3071 473 ἀγαθὸν
3100 406 3326 471 τέλειον,
3364 409 3440 480 μὴ
3478 410 3575 479 μό-

2000 513 2090 551 νον
2136 495 2230 549 τοῦ
2261 495 2485 565 ποιῆσαι
2526 495 2659 549 αὐτὸ
2690 495 3140 565 ἐγκρατεύεσθαι,
3174 496 3313 551 ἀλλά
3350 498 3443 550 καὶ
3481 497 3576 551 τοῦ

2001 587 2394 659 ἐνθυμηθῆναι.
2420 586 2537 641 Kal
2577 586 2609 640 ὅ
2644 588 2920 655 θέλομεν,
2954 587 3128 641 τοῦτο
3157 588 3386 657 ἀγαθὸν
3411 589 3473 641 οὐ
3493 588 3579 655 γίο

1999 695 2168 740 νεται.
2225 680 2362 732 ἀλλ’
2396 678 2428 732 ὃ
2464 680 2537 733 οὐ
2588 678 2841 747 θέλομεν
2882 680 3173 747 πονηρόν.
3224 680 3579 749 Ἐπιφοιτῶσι

1999 768 2107 840 γάρ
2154 768 2282 840 περὶ
2326 768 2427 838 τὴν
2494 768 2719 840 καρδίαν
2748 768 2905 839 ἡμῶν
2945 768 3038 822 καὶ
3086 769 3449 836 ἐπιϐαίνουσι,
3482 770 3578 822 καὶ

2002 861 2075 933 μὴ
2113 860 2447 931 βουλομένων
2476 861 2654 931 ἡμῶν.
2697 860 2955 925 πολλάκις
2987 861 3155 931 μυρία
3198 878 3256 914 τε
3304 862 3435 932 περὶ
3470 880 3574 932 μυ-

2000 952 2149 1023 ρίων,
2182 950 2503 1022 περιεργίας
2532 952 2679 1022 ἡμᾶς
2709 951 2804 1003 καὶ
2850 951 3023 1021 (περὶ)
3057 950 3575 1021 φιλοπραγμοσύνης

1996 1042 2192 1110 ἀλόγου
2221 1041 2585 1112 ἐμπιπλάντα.
2618 1041 2708 1094 Διὸ
2732 1040 2793 1094 τὸ
2827 1041 2926 1112 μὲν
2957 1039 3129 1093 θέλειν
3153 1040 3291 1094 αύτά
3323 1039 3459 1109 μηδέ
3488 1042 3573 1091 ἐν·

1997 1132 2284 1205 θυμεῖσθαι
2328 1132 2679 1204 παράκειται,
2722 1133 2784 1185 τὺ
2814 1132 2873 1186 δέ
2916 1132 3353 1203 κατεργάζεσθαι
3394 1133 3479 1194 είς
3516 1132 3576 1183 τὸ

1996 1224 2277 1295 ἀφανίσαι,
2315 1224 2401 1277 ῐνα
2434 1224 2508 1294 μὴ
2544 1224 2640 1276 καὶ
2663 1218 2820 1287 αὖθις
2854 1224 2981 1293 περὶ
3012 1224 3102 1275 τὸν
3139 1222 3397 1292 λογισμὸν
3420 1222 3575 1275 ἀνέλ-

1996 1316 2181 1380 θωσιν,
2205 1317 2285 1370 δτι
2323 1316 2397 1387 μὴ
2427 1318 2603 1369 κεῖται
2644 1315 2805 1368 τούτο
2838 1316 2923 1384 ἐφ’
2949 1317 3103 1385 ἡμῖν,
3132 1315 3206 1378 ὡς
3236 1306 3394 1384 ἐῴην,
3438 1313 3574 1366 ἀλλά

1993 1405 2054 1458 τὸ
2085 1405 2392 1477 χρήσασθαι
2452 1404 2612 1475 μόνον
2654 1405 2837 1468 αὐτοῖς
2886 1405 3084 1475 πως,ῆ
3123 1404 3198 1474 μὴ
3239 1402 3570 1473 χρήσασθαι.

2006 1494 2093 1558 Ὠς
2126 1492 2263 1548 εἶναι
2312 1494 2403 1549 τὸν
2439 1478 2580 1549 νοῦν⁴
2604 1498 2845 1548 τοιοῦτον
2887 1493 2982 1547 τοῦ
3038 1493 3202 1564 ρητοῦ
3226 1509 3238 1521 ·
3273 1495 3359 1547 Οὐ
3397 1494 3513 1561 γὰρ
3542 1491 3575 1545 δ

1994 1586 2165 1651 θέλω,
2214 1586 2363 1641 ποιῶ
2399 1588 2644 1655 ἀγαθόν.
2683 1587 2834 1641 Θέλω
2876 1587 2984 1658 γὰρ
3035 1587 3109 1658 μὴ
3160 1585 3513 1657 ἐνθυμεῖσθαι
3539 1585 3575 1639 a

312 1652 390 1734 ~vel
424 1697 535 1735 non
572 1682 670 1746 uti,
708 1652 777 1735 ἰιι
822 1681 937 1736 bare
986 1683 1057 1737 sit
1096 1681 1201 1736 loci
1234 1680 1380 1736 illius
1415 1680 1684 1736 sententia
1717 1698 1729 1735 :
1763 1678 1887 1733 Non

1994 1678 2217 1748 βλάπτει
2244 1696 2331 1749 με’
2359 1652 2546 1750 ἐπειδὴ
2565 1678 2722 1732 τοῦτο
2735 1652 2935 1747 ἀγαθδν
2953 1652 3055 1737 *καλ
3084 1652 3333 1748 ἀμωμον,
3353 1676 3497 1730 κατά
3516 1677 3576 1729 τὸ

310 1772 447 1823 enim
474 1770 610 1841 quod
638 1771 751 1825 volo
780 1770 921 1839 [acia
950 1771 1163 1825 bonum.
1195 1769 1333 1826 Volo
1370 1771 1515 1826 enim
1545 1770 1771 1826 minime
1803 1785 1893 1825 co-

314 1863 506 1929 gitare,
544 1878 664 1932 qum
699 1863 829 1915 mihi
887 1868 1137 1927 noceant,
1171 1861 1433 1931 quoniam
1493 1862 1695 1917 bonum
1745 1860 1889 1916 istud

318 1963 423 2015 est,
458 1968 520 2007 ac
545 1954 966 2023 reprehensione
986 1964 1156 2017 caret,
1178 1960 1238 2007 ut
1260 1952 1391 2007 illud
1416 1952 1620 2007 dictum
1639 1960 1887 2008 testatur:

316 2043 447 2098 Sine
500 2044 899 2114 vituperatione
953 2043 1154 2110 factum
1204 2042 1567 2112 manibusque
1619 2056 1681 2096 ac
1710 2048 1892 2096 mente

312 2136 660 2203 quadratum.
688 2134 827 2204 Ergo
860 2134 992 2188 illud
1018 2135 1161 2205 quod
1189 2135 1304 2189 volo
1343 2133 1538 2187 bonum
1590 2148 1692 2186 non
1725 2131 1890 2201 facio,

313 2226 401 2279 sed
426 2224 565 2295 quod
590 2226 710 2280 nolo
741 2226 879 2295 {acia
907 2227 1127 2280 malum.
1159 2226 1413 2296 Cogitare
1470 2224 1615 2279 enim
1657 2224 1805 2287 nulo,
1836 2233 1890 2278 et

312 2334 435 2388 quae
463 2319 590 2374 nolo
624 2325 802 2373 tamen
845 2319 1043 2388 cogito.
1078 2319 1250 2388 Atque
1291 2315 1419 2370 illud
1456 2316 1653 2380 videte,
1685 2331 1891 2386 quaeso,

314 2426 498 2465 annon
523 2410 764 2464 eamdem
819 2410 889 2463 ob
923 2424 1146 2464 causam
1182 2407 1347 2462 David
1392 2407 1497 2462 Deo
1536 2407 1889 2477 supplicaret,

312 2504 532 2573 indigne
548 2500 910 2571 ferens,quod
930 2516 991 2557 ea
1023 2518 1142 2572 qua:
1170 2501 1349 2556 minus
1376 2500 1535 2554 vellet
1564 2500 1748 2553 animo
1772 2515 1895 2569 per-

312 2604 603 2650 tractaret:
626 2594 704 2648 Ab
737 2593 975 2657 occulis,
1016 2594 1214 2663 inquit,
1238 2594 1365 2647 meis
1390 2591 1587 2645 munda
1617 2608 1719 2656 me,
1744 2600 1793 2646 et
1825 2592 1890 2645 ab

320 2690 507 2741 alienis
539 2702 695 2755 parce
711 2702 855 2740 servo
885 2696 994 2740 tuo.
1037 2686 1097 2741 Si
1134 2687 1231 2739 mei
1265 2701 1368 2739 non
1392 2685 1585 2754 fuerint
1609 2684 1890 2749 dominati,

314 2792 435 2834 tunc
454 2779 825 2834 immaculata:
842 2796 955 2843 ero,
975 2790 1023 2834 et
1041 2778 1367 2833 emundabor
1384 2796 1413 2830 a
1435 2777 1624 2831 delicto
1644 2793 1832 2847 magno
1850 2778 1891 2825 '.

314 2874 421 2927 Sed
470 2879 524 2926 et
577 2871 874 2940 Apostolus
935 2871 1042 2924 alio
1100 2871 1155 2924 in
1211 2870 1329 2925 loco
1358 2888 1370 2923 :
1399 2868 1756 2938 Cogitationes
1795 2867 1891 2922 de-

1992 1770 2303 1840 λεγόμενον·
2331 1772 2493 1823 Ἀνευ
2524 1771 2692 1840 ψόγου
2719 1770 3046 1839 τετυγμένον
3066 1768 3223 1841 χερσί
3253 1785 3312 1822 τε
3342 1769 3438 1821 καὶ
3469 1768 3575 1838 νόῳ

1990 1863 2349 1931 τετράγωνον.
2379 1864 2491 1917 Kal
2508 1862 2666 1915 τοῦτο
2699 1862 2799 1933 μὲν
2827 1862 2858 1915 δ
2880 1861 3033 1917 θέλω
3054 1860 3279 1929 ἀγαθὸν·
3299 1863 3373 1914 οὑ
3402 1859 3552 1913 ποιῶ
3602 1882 3605 1883 ν

1992 1956 2024 2008 ὃ
2056 1954 2124 2007 δέ
2142 1955 2227 2024 μὴ
2255 1954 2406 2009 θέλω
2445 1954 2701 2023 πράσσω
2735 1955 2946 2008 κακόν.
2974 1954 3050 2007 Ού
3077 1952 3217 2007 θέλω
3244 1953 3569 2015 ἐννοεῖσθαι,

1992 2045 2085 2098 καὶ
2112 2045 2418 2117 ἐννοοῦμαι,
2441 2046 2543 2099 ὅσα
2573 2045 2648 2116 μὴ
2676 2045 2836 2100 θέλω.
2866 2044 2973 2098 Kal
3002 2042 3403 2112 ἐπισκέψασθαι
3440 2044 3486 2109 ⁵,
3522 2045 3571 2095 εξ

1984 2138 2070 2208 ¹μὴ
2098 2137 2186 2190 διὰ
2212 2137 2384 2190 ταῦτα
2410 2137 2549 2191 αὑτά
2575 2136 2668 2190 καὶ
2696 2139 2726 2190 ό
2758 2135 2919 2189 Δαϐὶδ
2950 2136 3275 2206 ἐνετύγχανε
3313 2136 3395 2205 τῷ
3426 2136 3569 2207 Θεῷ,

1990 2228 2358 2299 δυσχεραίνων
2389 2229 2480 2281 ἐπὶ
2506 2229 2584 2299 τῷ
2610 2226 2918 2297 λογίζεσθαι
2951 2228 3047 2282 καὶ
3074 2227 3239 2282 αὑτὸν
3266 2228 3305 2282 ἀ
3336 2228 3412 2298 μὴ
3443 2228 3574 2299 ῆθε-

1991 2319 2113 2373 λεν”
2161 2319 2304 2374 Ἀπὸ
2350 2320 2469 2373 τῶν
2504 2322 2772 2390 κρυφίων
2814 2338 2929 2390 μου
2974 2319 3303 2389 καθάρισόν
3339 2338 3439 2390 με,
3471 2322 3572 2375 καὶ

1990 2410 2109 2465 ἀπὸ
2145 2410 2480 2479 ἀλλοτρίων
2508 2412 2709 2481 φεῖσαι
2740 2412 2847 2466 τοῦ
2875 2411 3101 2466 δούλου
3137 2428 3274 2467 σου.
3310 2413 3454 2466 Ἐὰν
3480 2414 3571 2482 μή

1986 2520 2105 2572 μου
2150 2504 2683 2572 κατακυριεύσωσι,
2726 2504 2859 2557 τότε
2903 2503 3138 2573 ἀμωμος
3187 2504 3422 2572 ἔσομαι,
3470 2504 3572 2555 και

1990 2592 2505 2661 καθαρισθήσομαι
2537 2593 2657 2646 ἀπὸ
2693 2593 2983 2662 ἁμαρτίας
3004 2590 3293 2662 μεγάλης.
3323 2592 3436 2645 Καὶ
3472 2593 3571 2645 αύ-

1990 2684 2080 2747 τὸς
2123 2683 2180 2736 δέ
2212 2685 2242 2737 ό
2284 2684 2601 2747 Ἀπόστολος
2633 2686 2690 2738 ἐν
2739 2686 2908 2757 ἐτέρῳ
2930 2701 2942 2714 ·
2985 2684 3325 2753 Αοτισμοὺς
3366 2688 3571 2738 καθαι-

1982 2774 2257 2846 ροῦντες,
2288 2776 2386 2829 καὶ
2432 2774 2555 2831 πᾶν
2588 2776 2807 2845 ὕψωμα
2847 2777 3242 2846 ἐπαιρόμενον
3272 2777 3426 2829 κατὰ
3459 2775 3570 2842 τῆς

1990 2866 2267 2937 γνώσεως
2309 2867 2417 2923 τοῦ
2476 2868 2656 2931 Θεοῦ,
2710 2868 2808 2921 καὶ
2870 2867 3400 2936 αἰχμαλωτίζοντες
3445 2866 3570 2922 πᾶν·

316 2974 574 3017 struentes
624 2972 673 3015 et
705 2978 909 3016 omnem
952 2960 1309 3023 altitudinem,
1344 2976 1461 3029 qua:
1498 2958 1770 3013 extollitur
1793 2958 1889 3011 ad-

1991 2960 2185 3028 νόημα
2208 2960 2296 3026 εις
2324 2958 2439 3028 τὴν
2462 2958 2740 3014 ὑπακοὴν
2766 2958 2873 3014 τοῦ
2900 2959 3175 3029 Χριστοῦ.

316 3065 493 3104 tersus
512 3050 868 3118 cognitionem
902 3046 1019 3111 Dei,
1047 3044 1209 3115 585
1245 3054 1293 3099 et
1329 3045 1647 3113 captivantcs
1686 3059 1889 3098 omnem

321 3138 641 3195 intellectum
670 3139 723 3192 in
754 3138 1054 3208 obsequium
1077 3135 1277 3192 Christi
1300 3138 1341 3189 ².

383 3226 559 3282 LVIII.
599 3224 719 3282 Jam
742 3228 929 3283 verosi
949 3226 1079 3296 quis
1103 3225 1369 3297 relragari
1396 3224 1483 3280 his
1512 3224 1676 3279 dictis
1720 3239 1890 3281 ausus

312 3319 557 3389 obiiciat,
592 3318 778 3375 doceri
810 3318 913 3373 hoc
947 3318 1015 3373 ab
1050 3318 1337 3388 Apostolo,
1360 3332 1479 3371 non
1510 3317 1578 3372 ad
1601 3318 1888 3387 cogitatio-

316 3426 437 3467 nem
458 3412 620 3466 modo
642 3411 791 3476 mali,
807 3410 952 3480 quod
993 3424 1314 3464 aversamur
1338 3408 1594 3478 quodque
1628 3406 1886 3477 fugimus,

315 3504 410 3558 sed
446 3511 499 3559 et
530 3503 596 3557 ad
622 3518 761 3573 opus
790 3504 968 3573 ipsum
1015 3512 1069 3558 et
1106 3502 1373 3556 actionem
1406 3502 1496 3555 illa
1529 3502 1741 3565 referti,
1761 3518 1885 3557 cum

314 3597 394 3649 sic
424 3595 666 3665 loquitur
695 3612 709 3648 :
742 3592 865 3648 Non
897 3594 1037 3647 cnim
1071 3593 1208 3662 quod
1242 3594 1354 3646 volo
1386 3593 1526 3660 facio
1560 3592 1772 3656 bonum,
1797 3593 1887 3646 sed

314 3686 450 3755 quod
479 3687 600 3741 nolo
622 3687 822 3740 malum
851 3685 950 3739 hoc
982 3685 1163 3753 facio;
1224 3684 1371 3738 hunc
1424 3685 1608 3753 igitur,
1666 3686 1757 3754 qui
1807 3684 1889 3739 sic

314 3778 692 3841 ratiocinetur,
748 3777 792 3832 si
835 3776 996 3830 modo
1050 3790 1175 3830 vera
1216 3774 1371 3839 dicit,
1406 3776 1889 3845 explicarejubea-

316 3888 459 3932 mus.
491 3868 763 3941 quodnam
781 3880 925 3925 esset
949 3870 1151 3923 malum
1179 3867 1334 3932 illud,
1356 3868 1501 3937 quod
1531 3881 1652 3922 cum
1683 3869 1888 3923 odisset

321 3958 639 4035 Apostolus,
695 3976 873 4031 neque
910 3959 1089 4015 facere
1118 3959 1301 4022 vellet,
1335 3959 1691 4015 nihilominus
1743 3958 1886 4013 face-

315 4066 537 4120 ret;aut
569 4054 701 4109 illud
750 4054 1063 4109 econtrario
1086 4052 1308 4116 bonum,
1334 4052 1478 4121 quod
1504 4066 1627 4105 cum
1652 4052 1887 4106 maxime

313 4148 474 4202 vellet
532 4153 812 4218 praestare,
881 4159 1230 4215 nequaquam
1284 4152 1519 4213 poterat.
1586 4142 1698 4197 Iino
1757 4158 1886 4198 Vero

312 4240 526 4308 quoties
586 4247 802 4308 patrare
855 4236 1056 4291 bonum
1114 4236 1295 4297 vellet,
1356 4235 1641 4305 non‘quod
1672 4236 1884 4289 volebat

2063 3212 2194 3283 ΝΗ.
2213 3229 2275 3282 Ei
2292 3227 2349 3281 δέ
2373 3244 2457 3291 τις
2492 3226 2657 3298 ὁμόσε
2673 3227 2751 3299 τῷ
2780 3227 2921 3299 λόγῳ
2959 3228 3325 3301 ίέναιτολμῶν
3338 3233 3572 3305 ἀποκρί-

1990 3336 2154 3383 νοιτο,
2186 3319 2261 3383 ὡς
2289 3318 2398 3390 ἄρα
2421 3318 2661 3372 διδάσκει
2690 3318 2719 3369 ὁ
2756 3319 3093 3383 ’Δπόστολος,
3127 3321 3202 3383 ὼς
3224 3322 3288 3373 ού
3320 3324 3479 3392 μόνον
3512 3328 3571 3379 ἐν

1989 3409 2066 3480 τῷ
2094 3408 2403 3478 λογίζεσθαι
2434 3408 2495 3461 τὸ
2538 3407 2726 3470 κακὸν,
2764 3408 2793 3460 ὃ
2824 3408 3110 3478 μισοῦμεν,
3143 3410 3235 3463 καὶ
3265 3408 3295 3462 δ
3326 3413 3389 3465 οὐ
3421 3412 3568 3466 θέλο·

1993 3518 2114 3573 μεν,
2146 3499 2284 3555 ἀλλά
2308 3500 2403 3553 καὶ
2430 3500 2490 3553 ἐν
2517 3499 2596 3569 τῷ
2632 3502 2809 3553 ποιεῖν
2858 3499 2989 3553 αὐτὸ
3023 3502 3113 3554 καὶ
3143 3504 3565 3574 κατεργάζεθαι,

1987 3592 2203 3656 διάτοῦ,
2237 3595 2321 3647 Οὐ
2353 3592 2463 3662 γὰρ
2525 3592 2558 3646 ὃ
2611 3590 2761 3646 θέλω
2810 3592 2979 3660 ποιῶ,
3024 3594 3289 3664 λελέχθαι,
3315 3598 3565 3665 ἀγαθὸν,

1989 3685 2150 3741 ἀλλὰ
2179 3684 2210 3738 ὃ
2236 3687 2308 3739 οὑ
2338 3684 2492 3739 θέλω
2516 3684 2705 3738 κακὸν
2727 3683 2901 3737 τοῦτο
2921 3683 3207 3752 πρόσσω·
3242 3686 3567 3759 ἀξιώσωμέν

1988 3795 2113 3842 που,
2146 3778 2197 3830 εἰ
2238 3775 2414 3847 ἀληθῆ
2454 3774 2601 3843 λέγει
2630 3774 2659 3826 δ
2690 3772 2864 3827 ταῦτα
2908 3773 3101 3843 λέγων,
3135 3775 3465 3846 διασαφῆσαι
3509 3778 3568 3831 τί

1987 3867 2054 3941 ἦν
2078 3869 2141 3923 τὸ
2169 3871 2335 3923 κακὸν
2363 3869 2393 3921 ὃ
2415 3867 2594 3939 ἐμίσει
2618 3868 2648 3920 ό
2688 3865 3028 3930 Ἀπόστολος,
3059 3867 3152 3920 καὶ
3176 3868 3277 3919 οὐκ
3305 3868 3565 3938 ἠϐούλετο

1990 3962 2089 4032 μὲν
2142 3963 2333 4026 ποιεῖν,
2386 3958 2559 4012 ἐποίει
2596 3958 2676 4021 δέ,
2718 3958 2815 4012 καὶ
2858 3957 3061 4025 ἀγαθὸν
3090 3957 3118 4011 δ
3162 3956 3413 4012 ἐϐούλετο
3462 3960 3565 4029 μὲν

1988 4054 2184 4115 ποιεῖν,
2228 4051 2329 4105 οὐκ
2386 4050 2560 4103 ἐποίει
2609 4049 2702 4102 δέ’
2754 4050 2891 4103 ἀλλά
2946 4049 3311 4120 ἀντιστρόφως
3375 4051 3563 4115 ὁσάκις

1991 4145 2089 4214 μὲν
2137 4142 2296 4214 ἤθελε
2359 4145 2581 4212 ποιῆσαι
2612 4141 2673 4194 τὸ
2729 4140 2953 4211 ἀγαθὸν,
3014 4142 3337 4206 τοσαυτάκις
3393 4144 3453 4197 ὠ
3504 4146 3565 4196 τὸ

1985 4234 2189 4303 ἀγαθὸν
2244 4234 2273 4287 δ
2326 4232 2548 4305 ἢθελεν,
2613 4231 2747 4286 ἀλλὰ
2802 4232 2865 4285 τὸ
2913 4232 3147 4303 πονηρὸν
3174 4232 3204 4285 ὃ
3242 4234 3315 4303 μὴ
3374 4234 3564 4303 ἤθελεν

314 4332 538 4393 bonum,
567 4329 663 4384 sed
684 4329 827 4399 quod
859 4327 1077 4382 nolebat
1098 4327 1299 4380 malum
1332 4328 1508 4398 reipsa
1549 4326 1877 4396 perficiebat.

1991 4322 2180 4376 ἐποίει.
2226 4317 2372 4393 Ἀρά
2427 4321 2535 4391 γάρ
2586 4322 2646 4373 ού
2707 4320 2874 4374 θέλων
2931 4323 3355 4393 εἰδωλολατρεῖν,
3425 4324 3562 4376 ἀλλὰ

316 4422 634 4477 Utrumnam
666 4422 891 4481 deorum
942 4420 1173 4489 exempli
1209 4420 1384 4487 gratia
1428 4421 1676 4474 venerari
1708 4420 1882 4473 simu~

313 4517 459 4569 Iaera
487 4515 701 4577 nolens,
735 4514 829 4568 sed
859 4498 993 4567 vero,
1036 4512 1144 4567 Deo
1198 4512 1407 4565 cultum
1465 4512 1747 4574 adhibere,
1783 4513 1887 4565 hoc

311 4608 456 4676 quod
494 4606 749 4676 cupiebat
791 4603 1009 4672 assequi
1060 4618 1171 4657 non
1214 4611 1458 4672 poterat;
1490 4602 1634 4673 quod
1669 4603 1890 4658 nolebat

313 4711 512 4759 autem,
552 4710 608 4753 ut
640 4698 935 4752 simulacra
973 4694 1198 4754 coleret,
1230 4694 1334 4748 hoc
1372 4710 1499 4748 vero
1524 4694 1777 4764 poterat?
1805 4696 1886 4748 An

311 4808 432 4843 cum
485 4795 847 4858 temperanter
900 4786 1059 4839 vellet
1102 4786 1306 4849 vivere,
1339 4800 1686 4855 nequaquam
1717 4785 1768 4839 id
1802 4786 1887 4839 fa-

311 4884 509 4942 ciebat,
542 4879 793 4933 libidines
819 4891 945 4930 vero
980 4891 1043 4929 ac
1074 4873 1301 4946 ﬂagitia,
1347 4876 1547 4945 quibus
1576 4875 1887 4931 oll'eudebaa

312 4983 420 5033 tur,
455 4971 564 5023 vita
600 4986 661 5022 ac
688 4969 846 5023 tactis
871 4970 1251 5039 exprimebat?
1282 4970 1457 5040 Atque
1492 4977 1549 5022 ut
1570 4969 1886 5023 summatim

311 5062 585 5130 colligam,
636 5060 915 5128 crapulam
992 5074 1056 5114 ac
1090 5061 1300 5127 luxum,
1342 5062 1500 5124 iram,
1535 5060 1883 5130 iniustitiam,

310 5161 615 5220 czeteruque
664 5151 1027 5218 improbitatis
1048 5152 1244 5214 ollieia,
1280 5169 1405 5206 cum
1433 5153 1618 5216 nollet,
1654 5169 1885 5224 usurpa-

312 5248 435 5309 bat;
470 5256 591 5313 qua!
622 5242 782 5296 vellet
808 5250 1007 5306 autem,
1032 5243 1301 5311 justitiam
1360 5259 1423 5297 ac
1456 5244 1876 5299 sanctimoniam

311 5335 617 5392 consectari
666 5349 773 5387 non
804 5334 1058 5402 poterat?
1096 5335 1258 5403 Atqui
1301 5336 1440 5388 idem
1485 5336 1573 5389 ille
1601 5337 1792 5389 mediis
1822 5337 1875 5390 iu

315 5428 577 5484 Ecclesiis
608 5441 822 5480 summa
848 5441 1035 5479 ontucs
1065 5426 1230 5479 animi
1272 5429 1619 5481 contentione
1659 5428 1724 5479 ad
1759 5429 1875 5482 cvi-

386 5584 403 5617 ⁸
440 5580 579 5635 Psal.
612 5595 763 5647 mu,
793 5578 877 5641 15,
916 5577 998 5634 Η.
1074 5579 1095 5609 ³
1125 5576 1167 5630 ll
1195 5577 1317 5632 Cor.
1346 5594 1399 5642 ιι,
1424 5580 1475 5632 5.
1554 5581 1576 5611 ³
1608 5580 1732 5634 Cor.
1768 5582 1908 5646 μηδ’.

1980 4411 2311 4484 θεολατρεῖν,
2342 4412 2371 4465 ὃ
2430 4413 2529 4482 μὲν
2568 4411 2726 4482 ἤθελε
2770 4412 3099 4484 θεολατρεῖν,
3165 4415 3266 4467 οὐκ
3307 4414 3559 4484 ἠδύνατο.

1980 4506 2009 4558 ὃ
2053 4506 2108 4559 δὲ
2165 4505 2240 4577 μὴ
2294 4505 2484 4575 ἢθελεν
2543 4504 2966 4576 εἰδωλολατρεῖν,
3031 4505 3294 4574 ὴδύνατος
3343 4508 3409 4558 Ἦ
3460 4524 3561 4559 σω-

1984 4600 2198 4671 φρονεῖν
2239 4597 2338 4667 μέν
2361 4597 2389 4649 ὃ
2430 4596 2619 4666 ἢθελεν
2654 4596 2756 4649 οὐκ
2785 4597 2981 4660 ἐποίει,
3018 4597 3426 4652 ἀκολασταίνειν
3454 4598 3512 4651 δέ
3532 4599 3562 4652 ὃ

1984 4694 2180 4763 ἠχθετο
2203 4693 2409 4757 ἐποίει;
2436 4695 2545 4746 Kal
2570 4691 2868 4765 συλλήϐδην
2893 4693 3225 4764 κραιπαλᾷν,
3256 4692 3397 4747 ἀλλά
3427 4696 3557 4748 ἀσω-

1984 4783 2235 4838 τεύεσθαι
2270 4783 2362 4837 καὶ
2407 4782 2729 4853 θυμοῦσθαι,
2773 4783 2995 4845 ἀδικεῖν,
3039 4786 3131 4837 καὶ
3170 4784 3240 4838 τά
3280 4786 3418 4839 ἄλλα
3461 4786 3559 4855 τῆς

1983 4877 2248 4948 πονηρίας
2282 4876 2438 4948 ἔργα,
2470 4875 2506 4929 ἀ
2541 4878 2617 4947 μὴ
2644 4876 2833 4947 ἢθελεν
2864 4876 3036 4931 ἐποίει
3082 4879 3201 4949 μὲν,
3228 4878 3265 4932 ἃ.
3287 4878 3344 4932 δέ
3378 4877 3556 4949 ἤθελε,

1981 4969 2327 5039 δικαιοσύνην
2363 4970 2456 5022 xal
2489 4968 2767 5039 ὁσιότητα,
2795 4969 2894 5021 οὐκ
2932 4970 3142 5033 ἐποίεις
3175 4970 3285 5023 Kal
3324 4970 3431 5041 μὴν
3460 4970 3555 5023 αύ-

1980 5060 2105 5127 τὸς,
2157 5060 2217 5112 ἐν
2262 5061 2382 5122 ταῖς
2446 5058 2791 5129 Ἐκκλησίαις
2843 5059 3221 5131 προτροπάδην
3268 5062 3557 5131 ἐξεγείρων

1983 5152 2188 5215 πάντας
2221 5153 2300 5216 είς
2335 5151 2395 5204 τὸ
2434 5151 2508 5222 μὴ
2549 5153 2786 5221 ἀνομεῖν,
2822 5153 2881 5205 οὐ
2925 5155 3083 5223 μόνον
3119 5156 3243 5217 τοὺς
3276 5154 3555 5217 ποιοῦντας

1982 5245 2077 5299 καὶ
2117 5244 2532 5315 ἐπιτηδεύοντας
2578 5244 2648 5297 τά
2672 5244 2850 5299 ἄτοπα
2893 5246 3100 5316 ὀλέθρῳ
3147 5245 3431 5316 τηρεῖσθαι
3467 5248 3555 5300 καὶ

1982 5335 2119 5407 ὀργῇ
2148 5338 2459 5407 παρεγγυᾷ,
2496 5336 2632 5390 ἀλλὰ
2666 5338 2759 5390 καὶ
2790 5338 2915 5400 τοὺς
2970 5336 3420 5400 συνευδοκοῦντος
3472 5335 3553 5389 αύ-

1981 5430 2094 5491 τοῖς
2124 5428 2202 5491 εἰς
2252 5427 2420 5491 αὑτὰς
2466 5430 2667 5499 ἀμιγὲς
2703 5430 2976 5500 ἁμαρτίας
3011 5409 3069 5483 ἐῖρ
3094 5431 3229 5501 ἡμῖν
3257 5429 3319 5481 τὸ
3356 5428 3557 5482 δίκαιον

1988 5584 2007 5612 ’⁸
2035 5580 2095 5634 F.
2127 5581 2514 5643 ἐπισκέψασθε.
