3728 6192
190 292 331 352 “69
428 338 431 341 -

185 413 472 470 ἀσκεῖσθαι
524 417 971 495 διαμιλλώμενος.
1006 431 1123 485 Πᾶν
1164 434 1273 506 γὰρ
1323 439 1625 517 ἁμάρτημα
1671 449 1760 502 καὶ

183 505 526 579 ἐπιτήδευμα
551 512 614 565 τὸ
653 516 1024 591 συμπέρασμα
1060 505 1254 581 κτᾶται
1282 505 1375 585 διὲι
1406 505 1506 605 rip;
1529 505 1760 605 σαρκός.

183 598 452 665 Πολλάκις
485 604 613 671 γοῦν
646 607 704 659 ἐν
747 612 867 672 ταῖς
906 611 1245 684 Ἐπιστολαῖς
1287 598 1591 695 ἀναφανδὸν
1614 598 1763 686 ἀὐτ-ἀ

180 688 247 759 δὴ
276 691 449 745 ταῦτα
482 694 749 752 διδάσκων
782 702 932 772 ἡμᾶς
961 688 1525 781 ὑπεκτρέπεσθαι-καὶ
1560 726 1759 792 μισεῖν,

180 784 347 853 φησί’
378 785 435 838 Μ
444 786 477 854 ὴ
518 791 836 847 πλανᾶσθε
856 812 870 826 ’
911 798 1052 852 οὔτε
1085 805 1318 873 πόρνοι,
1348 811 1486 865 οὔτε
1526 784 1761 870 είδωλοζ

180 874 413 944 λάτραι,
430 880 567 935 οὔτε
580 900 679 951 μοι
685 885 803 954 χοὶ,
822 888 960 943 οὔτε
969 897 1254 964 μαλακοὶ,
1271 901 1408 955 οὔτε
1419 904 1765 972 ἀρσενοκοῖ-

180 982 296 1032 ται,
326 970 398 1023 οὗ
407 988 467 1024 τε
485 975 757 1041 κλέπται,
780 979 919 1033 οὔτε
930 985 1307 1053 πλεονέκται,
1329 992 1466 1047 οὔτε
1485 995 1761 1066 μέθυσοι,

178 1060 257 1112 οὐ
285 1062 580 1132 λοίδοροι,
617 1068 729 1139 οὐχ
766 1069 1026 1145 ἅρπαγες
1054 1077 1383 1143 ,βασιλείαν
1415 1060 1563 1142 Θερῦ
1614 1060 1760 1160 κληλ

174 1152 611 1221 ρονομήσουσι.

250 1546 363 1600 Καὶ
404 1549 464 1603 τὸ
501 1556 947 1623 κορυφαιότατον.
1000 1564 1080 1628 εἰς
1113 1566 1175 1620 τὸ
1220 1570 1564 1629 παντάπασιν
1609 1578 1757 1648 ἡμᾶς

172 1636 243 1688 ἐκ
287 1640 485 1704 παντὸς
527 1642 828 1716 ἀποδράναι
866 1650 961 1703 καὶ
1003 1653 1436 1725 ἀποτινάξασθαι
1476 1663 1538 1719 τὸ
1574 1636 1757 1741 array;

172 1727 356 1783 τάνειν
391 1734 745 1804 προτρέπων,
778 1743 1040 1811 Munna!
1063 1765 1208 1815 μου,
1239 1727 1630 1824 ἀποφαίνεται,
1669 1727 1756 1831 7:!-

170 1823 378 1885 νεσθε,
429 1825 693 1897 καθάπερ
735 1832 897 1903 κάγὼ
934 1838 1218 1906 Χριστοῦ.
1252 1844 1327 1898 Οὐ
1367 1823 1436 1900 τὸ
1472 1848 1485 1879 ¹
1515 1823 1688 1905 ποιεῖν
1720 1851 1756 1906 ἃ

175 1910 255 1982 μὴ
278 1912 435 1983 ἤθελε
462 1917 557 1971 καὶ
582 1921 842 1992 πράττειν
862 1926 1093 1983 ὑπέθετο
1112 1931 1183 1985 τὰ
1202 1939 1595 2009 προειρημένα,
1623 1942 1757 1998 ἀλλά

169 2001 253 2072 τῷ
282 2005 441 2075 μόνον
476 2008 807 2079 λογίζεσθαι.
844 2015 998 2072 Ἐπεὶ
1033 2020 1151 2085 πῶς
1174 2001 1301 2097 ἂνῇ
1336 2001 1759 2105 μιμτλτὴςνάκρι·

170 2093 277 2164 σὴς
305 2096 398 2149 τοῦ
444 2100 716 2171 Χριστοῦ;
762 2107 901 2161 Νυνὶ
941 2108 1018 2175 δὲ,
1076 2093 1374 2190 ἐπειδήπερ
1404 2093 1755 2191 ,ἐμπίπτουσι

168 2185 462 2258 θηριώδεις
488 2194 747 2261 πολλάκις
774 2197 1043 2272 λογισμοὶ,
1068 2185 1367 2279 ἐπιθυμίας
1396 2185 1543 2283 ἡμᾶς
1566 2213 1754 2271 ἄλλοτε

116 2274 125 2281 ’
166 2278 347 2345 ἄλλως
376 2284 761 2355 ὲμπιπλῶντες
794 2288 888 2345 καὶ
915 2274 1330 2369 περιεργασίας,

361 2413 532 2471 Ἠῢτε
548 2422 783 2487 μυιάων
806 2423 1067 2482 ἁδινάων
1094 2429 1271 2487 ἔθνεα
1294 2436 1500 2491 πολλὰ
1519 2455 1534 2469 θ

164 2548 275 2619 ἔφη
303 2551 384 2618 τὸ,
432 2555 496 2608 ⁸0
547 2556 656 2630 γάρ
702 2561 765 2614 οὐ
809 2562 969 2627 θέλω.
1016 2567 1173 2624 τοῦτο
1219 2573 1381 2641 ποιῶ,
1424 2574 1553 2647 ἄχρι
1580 2579 1601 2610 ³
1652 2579 1753 2651 τῆς

160 2642 345 2715 ψυχῆς
404 2647 689 2722 εὐθαρσῶς
746 2656 1055 2726 ἀποσοϐεῖν,
1112 2664 1317 2735 μηδένα
1370 2642 1510 2734 δλαὶξ
1554 2672 1635 2735 είς

164 2733 478 2805 ποιῆσαιτά
505 2738 597 2793 ὑπ’
621 2743 801 2799 αὐτῶν
824 2733 1473 2822 ὑπηχούμεναήνεύοντας.
1490 2733 1626 2815 Ἵνα
1642 2762 1750 2834 γὰρ

160 2825 512 2900 ὲ’λ’κιοιοόὂμεν
552 2834 629 2897 εἰς
658 2835 757 2904 τὴν
800 2837 1077 2907 βασιλείαν
1113 2844 1222 2902 τῶν
1247 2847 1512 2918 οὐρανῶν,
1554 2854 1614 2909 ὲν

162 2932 291 2979 σαις
316 2918 529 2988 ἡδοναῖς
564 2926 655 2978 καὶ
680 2925 879 2993 λύπαις
898 2931 1340 3005 δοκιμασθέντες,
1377 2942 1427 2995 εί
1456 2943 1532 3016 μὴ
1582 2961 1747 3015 μετα-

158 3006 514 3080 ϐαλλοίμεθα,
545 3015 679 3071 ἀλλά
711 3022 1009 3093 πανταχοῦ,
1036 3027 1289 3102 καθάπερ
1312 3006 1596 3106 ἀκήρατος.
1618 3055 1747 3109 χρυ-

859 311 1229 373 ADVERSUS
1269 320 1610 383 ΙῌΞΒΕΞΕΞ
1648 328 1775 386 LIB.
1837 332 1902 390 ll.
1961 335 2127 397 TOM.
2173 342 2284 395 l.-
2324 345 2598 406 llAZRES.
2640 351 2824 411 LXIV.

3294 342 3435 422 mo

1791 456 1835 510 A
1868 456 2028 510 tanda
2044 460 2255 515 scelera
2285 464 2602 531 cohortans,
2628 483 2735 523 non
2764 489 2859 529 cos
2877 474 3049 530 solum
3072 478 3162 546 qui
3184 456 3430 540 facinora

1861 558 2263 617 perpelrarent,
2292 554 2467 625 iisque
2519 558 2828 627 studerent,
2857 564 2921 618 ad
2950 569 3175 623 exitium
3207 578 3260 626 et
3292 573 3426 630 iram

1862 634 1955 691 Dei
1991 644 2353 698 reservandos
2400 644 2718 713 admonuit,
2771 652 2865 706 sed
2913 661 2968 709 ct
3006 656 3130 714 illos
3183 660 3426 733 insuper,

1859 730 1952 799 qui
1983 746 2106 785 cum
2138 733 2206 790 iis
2247 734 2302 789 in
2325 734 2593 805 ejusmodi
2645 742 2946 802 sceleribus
2975 754 3348 809 consentirent
3380 757 3425 811 ⁸.

1858 822 2007 878 Adeo
2086 840 2222 895 pura
2276 843 2339 883 ac
2393 830 2608 887 sincera
2646 834 2716 889 ab
2744 838 2892 892 omni
2946 840 3067 897 labe
3114 843 3340 913 justitiaa
3396 865 3426 903 a
3519 914 3526 921 _

1871 916 2029 970 nobis
2104 919 2279 981 ollicia
2348 929 2597 994 praestari
2653 945 2981 1003 magnopere
3047 941 3425 999 contendebat.

1868 1005 2079 1079 Quippe
2135 1025 2418 1080 peccatum
2482 1033 2645 1075 omne
2697 1036 2762 1077 ac
2810 1033 3042 1084 conatus
3095 1029 3429 1093 adminiculo

1864 1099 2049 1154 carnis
2099 1102 2169 1156 ad
2210 1103 2459 1161 eli'ectum
2495 1110 2829 1179 perducitur.
2868 1115 3227 1183 Quamobrem
3260 1140 3426 1195 saepe-

1862 1205 2090 1246 numero
2135 1194 2194 1248 in
2246 1194 2500 1266 Epistolis
2555 1204 2743 1260 eadem
2792 1207 2883 1262 illa
2937 1212 3225 1270 manifeste
3269 1218 3427 1273 nobis

1932 1582 2160 1656 Deinde,
2216 1592 2360 1661 quod
2396 1604 2558 1666 caput
2607 1607 2712 1664 est,
2765 1610 2976 1660 ut‘nos
3026 1607 3091 1662 ad
3146 1617 3423 1678 peccatum

1860 1678 2009 1733 omni
2051 1694 2155 1751 ope
2202 1682 2481 1741 vitandum
2526 1695 2580 1744 et
2626 1694 3012 1751 excutiendum
3072 1696 3421 1769 impelleret:

1788 1797 1828 1851 Β
1860 1768 2166 1829 lmitatores
2191 1778 2313 1842 mei,
2343 1780 2541 1851 inquit,
2571 1794 2755 1851 estote,
2788 1790 2924 1843 sicut
2947 1800 2995 1845 et
3022 1808 3117 1863 ego
3145 1768 3346 1850 Christi
3379 1797 3421 1850 '.

1861 1863 1939 1918 Ita
1981 1880 2093 1921 non
2127 1870 2336 1941 agendo
2381 1876 2899 1951 committendoque,
2947 1899 3068 1954 qua:
3098 1886 3287 1951 nollet,
3331 1889 3421 1943 sed

1858 1956 2150 2025 cogitando
2199 1963 2375 2017 solum
2412 1968 2695 2037 superiora
2739 1971 2831 2026 illa
2863 1978 3164 2044 proposuit.
3206 1979 3420 2051 Alioqui

1858 2048 1950 2116 qui
1998 2059 2182 2118 posset
2222 2053 2465 2113 imitator
2500 2057 2704 2117 Christi
2745 2077 2869 2120 esse
2902 2065 3068 2139 586
3102 2048 3419 2138 perfectus!

1854 2136 2011 2194 Nunc
2053 2150 2256 2209 autem,
2306 2159 2429 2200 cum
2478 2163 2621 2220 sape
2648 2136 2946 2208 bestiarum
2980 2136 3214 2228 propriae
3262 2161 3417 2216 nobis

1856 2228 2215 2298 cogitationes
2249 2233 2514 2302 incidant,
2545 2254 2668 2307 quae
2699 2256 2802 2298 nos
2829 2242 2935 2298 alia
2970 2246 3106 2302 alias
3132 2248 3417 2320 cupiditate

1854 2331 1917 2371 ac
1943 2320 2260 2377 curiositate
2293 2326 2622 2396 compleant,

1924 2453 2229 2512 Muscarum
2261 2459 2422 2515 veluti
2461 2460 2743 2519 densarum
2767 2469 3016 2523 examina
3045 2473 3215 2528 multa
3236 2491 3257 2529 :

1851 2591 2078 2659 idcirco,
2114 2594 2231 2651 Non
2266 2597 2412 2667 quod
2437 2598 2581 2666 volo,
2609 2600 2766 2667 dixit,
2799 2602 2903 2660 hoc
2925 2604 3084 2662 facio.
3124 2608 3255 2674 Qua:
3300 2612 3411 2681 qui.

1848 2685 1969 2741 dem
2010 2695 2330 2745 constanter
2374 2706 2440 2746 ex
2498 2694 2681 2748 animo
2729 2695 2997 2766 ejicienda
3045 2708 3193 2765 sunt,
3245 2710 3305 2757 ut
3350 2706 3414 2759 ad

1846 2776 2056 2831 nullum
2090 2779 2335 2846 omnino,
2384 2780 2614 2839 faciendi
2646 2799 2769 2855 quae
2808 2790 3048 2844 suaserit
3094 2792 3289 2861 gralia‘,
3320 2794 3408 2849 de-

1848 2868 2136 2925 clinemus.
2170 2870 2240 2926 Ut
2264 2873 2408 2929 enim
2441 2872 2510 2929 ad
2531 2875 2755 2932 cmleste
2780 2893 3007 2949 regnum
3052 2884 3411 2950 ascribamur,

1846 2967 2133 3030 postquam
2173 2978 2270 3033 per
2301 2979 2493 3023 omnes
2538 2968 2847 3039 voluptates
2906 2988 2970 3028 ac
3010 2974 3227 3032 dolores
3271 2980 3409 3048 peri-

1846 3052 2029 3107 culum
2091 3057 2264 3111 nostri
2327 3057 2649 3125 fecerimus,
2730 3071 3041 3121 utrumnam
3104 3079 3409 3127 constantes

160 3098 282 3163 σδς,
321 3099 410 3156 διὰ
454 3107 623 3177 πυρὸς
668 3108 1084 3186 βασανιζόμενοι
1125 3118 1226 3173 οὐκ
1258 3098 1745 3201 ’ἐξιστάμεθαητῆς

160 3192 594 3229 Γιῖνςίηα-Ᾱιηρρειρ
640 3204 919 3229 -....ε-ρ,.-,
948 3208 1093 3229 --φρ
1161 3212 1185 3229 ι.
1274 3214 1291 3229 .
1334 3218 1357 3229 ..
1396 3216 1418 3229 η
1539 3220 1551 3229 .
1680 3221 1706 3229 -

1932 3098 2029 3107 .....-
2091 3098 2264 3111 ..νυ-η
2327 3098 2462 3114 -ινυι
2476 3098 2616 3117 "uua
2635 3101 2649 3125 ,
2734 3098 3041 3121 uuuuuraul
3104 3098 3407 3127 tuumtuum

1932 3156 2011 3209 [ue
2042 3141 2407 3201 inmutabiles
2440 3146 2634 3216 simus,
2662 3159 2717 3206 et
2761 3152 2964 3223 ubique
2993 3156 3296 3229 incorrupti
3327 3162 3407 3216 in-

156 3192 372 3257 οἰκείας
393 3196 614 3269 ἀρετῆς,
639 3204 924 3273 συμϐαίνει
944 3208 1122 3279 τοῦτο,
1156 3212 1483 3283 διοχλεῖσθαι
1503 3220 1595 3274 τὸν
1617 3221 1741 3276 νοῦν

157 3283 271 3337 ὑπὸ
304 3287 531 3343 πολλῶν.
565 3293 721 3347 Ὅθεν
764 3296 828 3368 δὴ
859 3302 1143 3367 γενναίως,
1175 3303 1364 3380 ὥσπερ
1406 3312 1742 3382 στρατιώτας

153 3375 436 3445 ἀρίστους,
458 3382 1025 3457 ἀντιπαρατάσσεσθαι
1046 3393 1146 3461 δεῖ,
1167 3396 1237 3463 οἳ,
1263 3375 1488 3454 ἐπειδὰν
1500 3402 1609 3456 ἀπὸ
1631 3375 1740 3459 τῶν

154 3468 371 3540 ἐχθρῶν
426 3474 719 3533 αἴσθωνται
779 3482 1255 3558 πολιορκούμενοι,
1322 3492 1536 3559 τοξείας
1587 3498 1738 3554 οὐδὲν

155 3559 549 3629 φροντίσαντες
590 3568 819 3625 καὶτῶν
862 3573 1035 3631 ἄλλων
1073 3580 1251 3634 αὐτῶν
1296 3583 1736 3659 ἀκοντισμάτων,

154 3648 306 3721 ὑπὲρ
327 3652 419 3705 τοῦ
456 3656 625 3711 σῶσαι
653 3660 751 3733 τὴν
781 3665 934 3721 πόλιν
960 3670 1255 3742 προθύμως
1281 3674 1372 3729 ἐπ’
1397 3648 1594 3744 αὐτοὺς
1628 3648 1738 3735 ἴενζ

150 3758 273 3805 ται,
315 3746 478 3816 μηδὲν
522 3749 857 3821 ἐλλείποντες
902 3762 1160 3834 σπουδῆς,
1196 3764 1308 3818 ἔστ’
1348 3768 1413 3821 ἂν
1454 3770 1518 3824 τὸ
1551 3776 1738 3843 στῖφος

148 3835 341 3891 αὐτῶν
370 3841 450 3903 είς
477 3843 653 3915 φυγὴν
683 3847 1081 3922 ἀνατρέψαντες
1110 3856 1435 3916 ἀπώσωνται
1461 3865 1569 3918 τῶν

148 3924 286 3991 ἔξω.
335 3928 496 4001 Ὁρᾷς
539 3934 667 4006 γὰρ,
696 3937 773 4001 ὡς
820 3941 871 3993 οἱ
917 3943 1165 4015 λογισμοὶ
1207 3947 1295 4002 διὰ
1340 3952 1437 4023 τὴν
1480 3924 1735 4012 οίκοῦισαν

146 4017 434 4088 ἁμαρτίαν
458 4025 517 4076 ὲν
546 4027 677 4095 ἡμῖν
720 4029 917 4094 ἔξωθεν
946 4017 1406 4108 ὲπισυνίστανται,
1439 4044 1736 4118 καθαπερεὶ

148 4107 321 4172 κύνες
353 4109 674 4183 λυσσῶντες,
710 4119 743 4189 ἦ
785 4120 966 4193 ἄγριοι
1004 4127 1096 4179 καὶ
1123 4127 1345 4199 θρασεῖς
1388 4107 1583 4202 λῃσταὶ
1611 4107 1733 4191 κᾶθ’

147 4201 314 4273 ἡμῶν
337 4204 424 4256 ἀεὶ
446 4209 865 4282 παρορμώμενοι
892 4216 996 4269 ὑπὸ
1020 4216 1114 4271 τοῦ
1138 4221 1401 4292 τυράννου
1427 4201 1523 4279 καὶ
1546 4226 1735 4298 ἄρχον-

144 4310 247 4357 τος
276 4294 373 4365 τῆς
405 4296 639 4367 ἀδικίας,
684 4303 1065 4376 δοκιμάζοντες
1092 4312 1261 4383 ἡμᾶς,
1293 4315 1340 4366 εί
1381 4294 1732 4375 ἀνθίστασθαι

143 4388 339 4451 αὐτοῖς
367 4390 645 4464 ἀρκοῦμεν
677 4398 771 4450 καὶ
799 4399 1393 4473 ἀντιπαρατάσσεσθαι.

138 4490 208 4536 et
238 4482 293 4536 in
293 4484 518 4552 justitiae

141 4583 319 4645 atque
348 4592 414 4631 ex
440 4579 672 4638 adverso
697 4586 844 4640 velut
873 4586 929 4641 in
944 4589 1060 4644 acie
1090 4592 1393 4652 consistere
1420 4600 1715 4666 possimus.

1850 3238 1963 3283 star
1988 3231 2109 3285 auri
2140 3231 2263 3303 igne
2291 3242 2454 3304 atque
2496 3237 2747 3296 incendio
2783 3242 3014 3311 probati,
3050 3246 3187 3301 nihil
3221 3263 3251 3303 a
3286 3265 3404 3319 pro-

1848 3321 1965 3389 pria
2014 3323 2216 3378 virtute
2280 3324 2707 3391 desciverimus.
2765 3339 2880 3387 tum
2942 3351 3074 3392 vero
3139 3340 3407 3411 plerisque

1847 3416 2009 3468 rebus
2055 3416 2270 3473 animus
2317 3427 2506 3475 noster
2547 3422 2900 3490 perturbatur
2949 3434 3113 3497 atque
3168 3432 3405 3501 angitur.

1845 3503 2207 3568 Quamobrem
2244 3509 2456 3565 fortiter
2479 3526 2580 3568 nos
2610 3528 2799 3569 eorum
2823 3518 3111 3575 conatibus
3134 3535 3406 3593 opponere

1843 3595 2125 3654 debemus.
2160 3597 2622 3665 Quemadmodum
2663 3619 2851 3672 gerere
2888 3623 2949 3662 se
2974 3610 3173 3668 milites
3198 3614 3404 3681 solent;

1843 3686 1936 3755 qui
1966 3702 2089 3742 cum
2114 3703 2174 3744 se
2202 3689 2271 3745 ab
2299 3689 2549 3749 hostibus
2579 3694 2818 3751 obsideri
2856 3698 3062 3763 vident,
3092 3703 3283 3757 horum
3319 3707 3405 3759 sa-

1841 3777 1991 3847 gittis
2020 3792 2085 3833 ac
2128 3778 2328 3848 iaculis
2360 3787 2705 3855 contemptis,
2752 3789 2996 3846 tutandae
3038 3793 3190 3850 urbis
3231 3795 3403 3866 gratia

1842 3884 2039 3939 magno
2061 3871 2242 3925 animo
2271 3874 2683 3942 impressionem
2733 3878 2789 3931 in
2813 3893 2910 3934 eos
2944 3881 3153 3937 faciunt
3185 3904 3197 3939 :
3232 3902 3405 3956 neque

1839 3959 2137 4029 quidquam
2179 3960 2342 4016 studii
2393 3965 2829 4032 pratermittunt,
2870 3968 3046 4025 donec
3098 3973 3402 4031 confertum

1842 4051 2059 4106 illorum
2094 4052 2315 4121 globum
2359 4055 2680 4124 propulsent
2731 4065 2894 4127 atque
2920 4068 3073 4116 extra
3110 4063 3243 4121 nites
3272 4084 3402 4122 suos

1838 4142 2082 4211 ejiciant.
2113 4140 2279 4199 Vides
2305 4144 2450 4199 enim
2480 4145 2557 4199 uti
2588 4148 2944 4217 cogitationes
2966 4160 3190 4222 propter
3215 4172 3393 4224 pecca-

1839 4242 1953 4290 tum
1984 4233 2141 4298 illud,
2172 4234 2317 4304 quod
2366 4236 2421 4289 in
2468 4236 2625 4293 nobis
2676 4237 2904 4305 habitat,
2935 4244 3277 4302 extrinsecus
3316 4249 3399 4302 in-

1838 4335 2085 4396 surgunt,
2118 4327 2265 4381 velut
2294 4326 2466 4382 rabidi
2488 4328 2707 4397 quidam
2734 4344 2917 4395 canes,
2949 4334 3033 4387 vel
3070 4336 3307 4393 audaces
3335 4354 3399 4394 ac

1839 4416 2131 4473 truculenti
2180 4417 2495 4486 praedones,
2540 4432 2680 4488 quos
2711 4420 2963 4476 immanis
3002 4423 3092 4477 ille
3134 4434 3399 4496 tyrannus

568 4492 823 4563 princeps
884 4498 1103 4555 assidue
1146 4500 1201 4555 in
1246 4518 1348 4559 nos
1399 4505 1663 4567 immittit.
1703 4514 1880 4588 Atque
1909 4516 1977 4571 ab
2017 4515 2087 4571 iis
2115 4512 2335 4583 quidem
2378 4513 2691 4583 probaui".
2726 4522 2908 4570 υιτυιη
2960 4517 3213 4575 “timere
3264 4521 3397 4592 iPSiS

220 4692 351 4747 NO’.
389 4695 522 4764 Ἄγε
564 4696 658 4751 οὖν
704 4702 776 4771 μή
817 4719 947 4756 ποτε
990 4705 1290 4760 ὑπενδοῦσα
1336 4709 1641 4784 ἀρπασθῇς,
1674 4709 1757 4787 ὦ]

1932 4715 2028 4772 IX.
2047 4716 2158 4786 Age
2180 4714 2382 4783 itaque,
2409 4713 2632 4777 videsis,
2660 4716 2861 4781 anima,
2886 4733 2954 4771 ne
2978 4717 3206 4774 infracta
3222 4737 3397 4792 quan-

134 4782 316 4854 ψυχὴ,
353 4785 491 4855 πρὸς
521 4788 703 4852 αὑτὸν,
739 4791 832 4843 καὶ
867 4793 965 4863 οὐχ
994 4793 1188 4865 ἕξομεν
1234 4798 1375 4870 ὑπὲρ
1408 4801 1501 4854 σοῦ
1542 4782 1721 4860 δοῦναι

133 4871 342 4943 λύτρα.
376 4874 438 4926 Τί
460 4874 571 4945 γὰρ
605 4878 1135 4953 ἀντικατάλλαγμα
1169 4885 1366 4953 δώσει,
1398 4891 1582 4958 φησιν,
1620 4893 1725 4947 ἆν-

133 4968 382 5034 θρωπος
418 4966 529 5036 τῆς
566 4969 773 5039 ψυχῆς
817 4974 1041 5039 αὐτοῦ;
1086 4977 1265 5031 Καλὸν
1300 4980 1398 5049 μὲν
1432 4978 1524 5037 οὖν
1565 4986 1614 5038 εἰ
1647 4984 1722 5057 μὴ

131 5058 389 5126 εἴχομεν,
418 5054 486 5129 ἦν
513 5059 644 5131 ἀρα,
677 5062 772 5116 καὶ
796 5065 1159 5134 χαρμότατον,
1187 5069 1313 5131 τοὺς
1337 5054 1722 5145 ἀντιπράσσονέ

129 5166 243 5212 τας
274 5150 406 5219 ἡμῖν
436 5152 528 5204 καλ
571 5153 929 5224 μαχομένους.
974 5157 1125 5211 Ἐπεὶ
1160 5159 1217 5213 δὲ
1250 5161 1408 5216 τοῦτο
1435 5164 1716 5231 ἀδύνατον,

131 5241 239 5293 καὶ
265 5240 295 5293 ὃ
334 5240 557 5311 θέλομεν
590 5244 652 5296 οὗ
698 5244 992 5317 δυνάμεθα.
1034 5249 1270 5321 Θέλομεν
1308 5252 1415 5323 γὰρ
1466 5255 1539 5325 μὴ
1576 5255 1719 5325 ἔχειν

128 5332 269 5395 τοὺς
293 5330 610 5398 ὲξέλκοντας
636 5337 783 5407 ἡμᾶς
806 5339 886 5402 εἰς
905 5338 1050 5410 πάθη
1069 5358 1082 5371 ·
1112 5336 1179 5412 ἦν
1204 5341 1313 5413 γὰρ
1341 5344 1595 5414 ἀνιδρωτὶ
1616 5364 1720 5401 σω·-

131 5423 328 5491 θῆναι,
373 5424 467 5477 κα)⁸
513 5424 541 5477 ὃ
574 5425 799 5498 θέλομεν
841 5429 999 5483 τοῦτο
1028 5432 1089 5484 οὐ
1135 5432 1401 5501 γίγνεται,
1450 5436 1564 5489 ἀλλ’
1596 5436 1624 5490 ὃ
1654 5438 1715 5490 οὐ

130 5514 392 5585 θέλομεν.
432 5518 524 5570 Δεῖ
552 5518 660 5592 γὰρ
696 5522 843 5592 ἡμᾶς
876 5523 1288 5595 δοκιμάζεσθαι,
1321 5525 1396 5593 ὡς
1440 5529 1595 5601 ἔφην.
1623 5533 1714 5602 Μὴ

1828 4808 2006 4878 doque
2028 4808 2081 4861 in
2104 4806 2233 4860 illud
2257 4813 2571 4860 transversa
2590 4806 2850 4875 rapiaris;
2877 4823 2975 4861 nec
2995 4809 3103 4863 ullo
3124 4818 3177 4864 te
3196 4814 3395 4867 redem-

1828 4900 2032 4971 ptionis
2058 4898 2233 4968 pretio
2261 4897 2493 4953 liberare
2532 4912 2826 4967 possumus
2851 4916 2863 4952 :
2890 4899 3063 4965 Quam
3088 4901 3222 4956 enim
3252 4921 3393 4957 com-

1830 4991 2170 5044 mutationem
2195 4987 2343 5041 dabit
2366 4988 2519 5042 homo
2538 5004 2633 5057 pro
2658 4989 2839 5043 anima
2860 5007 2958 5045 sua
2993 4991 3053 5045 ‘?
3082 4992 3147 5047 Et
3175 4994 3390 5063 quidem

1828 5082 2121 5151 optandum
2149 5078 2281 5134 illud
2313 5085 2431 5134 erat
2463 5092 2527 5133 ac
2569 5078 2764 5133 laetitia
2792 5079 3188 5149 plenissimum,
3210 5085 3395 5139 nullos

1826 5181 1886 5226 ut
1914 5169 2254 5226 adversarios
2296 5176 2459 5239 atque
2504 5169 2692 5226 hostes
2738 5172 3080 5230 haberemus.
3115 5176 3218 5231 Sed
3262 5194 3393 5248 quo-

1824 5263 1970 5317 niam
2004 5260 2119 5315 iieri
2163 5259 2319 5314 istud
2350 5275 2459 5314 non
2514 5269 2712 5329 potest,
2743 5271 2798 5317 et
2831 5264 2976 5333 quod
3005 5267 3252 5320 volumus
3296 5280 3390 5322 ne-

1823 5366 2096 5423 quaquam
2113 5350 2475 5419 assequimur.
2497 5348 2763 5405 Volumus
2777 5353 2920 5407 enim
2944 5354 3139 5409 habere
3157 5355 3385 5439 nullum,

1824 5444 1913 5513 qui
1943 5458 2042 5498 nos
2070 5441 2138 5496 ad
2169 5442 2331 5495 animi
2361 5442 2799 5510 perturbationes
2829 5445 3096 5508 attrahat;
3129 5460 3252 5497 nam
3287 5445 3387 5500 hoc

1823 5530 1991 5585 modo
2027 5530 2163 5584 citra
2193 5530 2445 5586 sudorem
2487 5546 2550 5585 ac
2594 5531 2830 5585 laborem
2866 5532 3091 5586 salutem
3141 5534 3388 5591 obtinere

200 5724 220 5757 ¹
242 5721 353 5780 ι.)οῐ
398 5723 493 5795 τῷ.
560 5726 579 5756 ²
611 5723 669 5781 F.
690 5723 864 5799 ἃχρή,
886 5730 1033 5793 etei;
1052 5728 1274 5801 μηδένα.
1344 5731 1536 5788 ³Βοω.
1567 5734 1709 5799 ι,ὖε)..

1936 5750 2018 5789 or.
2050 5750 2122 5799 γι,
2164 5734 2215 5803 9,
2254 5736 2337 5791 ιο.
2413 5738 2434 5768 ⁸
2464 5736 2484 5791 l
2520 5736 2645 5792 Cor.
2681 5754 2753 5800 λι,
2797 5738 2844 5791 1.
2906 5732 3126 5787 ‘Mattli.
3168 5734 3383 5805 “1,26.
