3822 6296
198 311 339 368 H73

862 313 1231 375 ADVERSUS
1268 316 1607 375 IIIERESES
1639 320 1767 380 LIB.
1807 323 1811 369 ἶ

1914 320 2075 379 ΤΟΜ.
2118 320 2160 375 1.
2191 348 2262 364 --
2298 321 2567 379 ll.~ERES.
2608 321 2793 378 LXIV.

3318 320 3453 375 ηῑι

196 427 528 503 ορθοῦμενον
572 427 664 485 τὸν
710 432 988 501 λογισμόν,
1059 432 1222 486 Ὅθεν
1262 437 1329 504 τῇ
1366 435 1655 509 νομοθεσίᾳ
1684 439 1811 501 τοῦ¹

1899 439 2223 510 irtilicioque
2257 438 2644 510 proﬁciscitur.
2688 437 2848 493 Aliud
2878 444 2982 500 est,
3018 433 3163 507 quod
3196 451 3262 491 ex
3302 450 3433 490 man:

196 521 337 576 Θεοῦ
368 524 510 579 κατὰ
544 526 636 579 τὸν
682 526 808 580 νοῦν
848 524 1222 595 συνηδόμεθα·
1254 524 1414 579 τοῦτο
1460 526 1569 598 γὰρ
1596 527 1624 577 ό
1671 528 1779 581 ἔσω

198 613 489 687 ἄνθρωπος
510 635 525 650 ·
558 620 625 689 τῇ
658 618 714 670 δὲ
749 612 1041 689 νομοθεσίᾳ
1080 615 1173 669 τοῦ
1223 616 1472 671 διαϐόλου
1511 618 1652 673 κατὰ
1682 618 1780 690 τὴν

201 706 521 762 ἐνοικοῦσαν
574 709 850 779 ἁμαρτίαν
902 710 961 760 ὲν
1001 709 1069 778 τῇ
1114 707 1295 778 σαρκί.
1350 705 1413 761 '0
1462 709 1571 778 γὰρ
1621 709 1782 778 νόμος

200 801 757 873 άντιστρατευόμενος
807 801 902 854 καὶ
943 801 1329 870 ἀντιπράσσων
1377 800 1457 870 τῷ
1497 800 1645 872 νόμῳ
1686 800 1780 854 τοῦ

197 890 377 954 θεοῦ,
427 895 454 946 ὁ
505 893 565 946 ὲν
598 895 665 963 τῇ
706 892 973 963 ἐπιθυμίᾳ
1019 890 1114 945 τοῦ
1157 891 1275 954 νοὸς
1302 933 1317 956 ,
1366 884 1521 955 οὗτός
1570 892 1716 944 ἐστιν
1752 893 1782 945 ό

201 984 331 1047 τοὺς
364 983 629 1054 ἐμπαθεῖς
679 985 934 1052 άναφύων
960 983 1047 1037 ἀεὶ
1079 984 1173 1037 καὶ
1223 981 1444 1045 ὓλικοὺς
1472 981 1606 1053 πρὸς
1657 978 1782 1037 ἂνο-

204 1074 340 1144 μίαν
392 1076 815 1147 περισπασμοὺς
842 1114 857 1140 ,
912 1074 1226 1130 παντάπασι
1290 1072 1426 1143 πρὸς
1474 1072 1671 1143 ἡδονὰς
1706 1072 1782 1126 ὢν

204 1165 480 1230 ἑλκτικάς.

1877 531 1986 586 dati
2017 532 2133 601 lege
2170 531 2476 597 derivatur;
2509 532 2644 600 lege,
2693 529 2937 599 inquam,
2990 527 3082 582 illa
3106 542 3270 597 quam
3318 524 3453 581 insi-

1877 630 1988 676 tam
2018 630 2072 677 et
2100 636 2130 675 a
2162 630 2355 677 natura
2384 620 2679 692 ingenitam
2723 619 3026 682 hausimus,
3065 632 3293 688 quaeque
3329 618 3451 671 ani-

1879 728 2025 768 mum
2060 721 2310 768 nostrum
2356 714 2422 768 ad
2454 713 2797 768 honestatem
2843 709 3087 766 stimulat
3134 716 3294 779 atque
3346 707 3454 763 ετξ-

1879 804 1977 875 git.
2009 803 2089 858 Ex
2115 820 2225 875 quo
2263 805 2322 859 lit
2357 812 2415 859 ut
2465 803 2648 859 divina
2680 803 2788 867 lex,
2818 801 2966 872 quod
3001 798 3068 854 ad
3097 808 3331 853 mentem
3372 805 3455 849 at-

1877 896 2036 958 tinet,
2093 894 2426 965 voluptatem
2467 894 2626 949 nobis
2648 892 2878 948 all‘erat:
2912 891 3017 945 hoc
3049 888 3197 944 enim
3229 886 3457 941 interior

1881 984 1974 1040 ille
1999 985 2162 1040 homo
2182 993 2300 1042 est:
2323 986 2396 1040 ob
2424 985 2557 1039 illud
2586 998 2714 1039 vero
2740 990 3020 1053 peccatum
3045 979 3187 1050 quod
3212 977 3267 1031 in
3293 990 3457 1030 carne

1884 1084 2072 1131 nostra
2107 1078 2339 1145 habitat,
2367 1076 2568 1131 diaboli
2593 1076 2712 1146 lege
2742 1074 3096 1130 delectemur.
3129 1068 3340 1125 Etenim
3372 1068 3459 1120 1ιιι

1882 1165 1995 1228 illa,
2047 1182 2169 1237 qua:
2223 1182 2347 1221 cum
2398 1166 2581 1221 divina
2642 1171 2846 1235 pugnat
2907 1162 3067 1232 eique
3125 1158 3354 1223 resistit,
3402 1157 3458 1210 in

202 1258 378 1311 animi
412 1259 588 1314 nostri
634 1257 934 1330 cupiditate
976 1256 1176 1326 posita,
1217 1254 1311 1309 illa
1356 1254 1470 1323 ipsa
1506 1260 1611 1317 est,
1655 1268 1777 1324 quae
1810 1256 2157 1314 turbulentas
2185 1266 2241 1314 et
2279 1260 2521 1313 materize
2564 1257 2694 1313 faece
2733 1255 3063 1326 implicatas,
3109 1258 3165 1307 et
3231 1251 3297 1305 ad
3355 1248 3461 1303 im-

204 1350 532 1420 probitatem
554 1348 847 1419 dissipatas
862 1347 1221 1420 cogitationes
1238 1345 1522 1417 producit,
1547 1359 1776 1415 quaeque
1803 1345 2075 1418 ingentem
2121 1351 2346 1406 omnino
2383 1348 2451 1405 ad
2480 1349 2785 1419 voluptates
2825 1346 2987 1402 habet
3021 1343 3357 1400 illecebram.

280 1442 403 1496 EA’.
444 1443 606 1513 Τρεῖς
646 1440 754 1513 γὰρ
800 1441 999 1511 νόμους
1050 1438 1436 1508 ὑποτιθέμενος
1471 1437 1777 1505 ἀναφανδὸν

202 1535 236 1586 ὁ
272 1534 484 1596 Παῦλος
516 1531 751 1585 ἐνταῦθά
803 1548 893 1602 μοι
944 1530 1372 1599 καταφαίνεται·
1403 1526 1501 1579 ἕνα
1544 1526 1643 1597 μὲν
1694 1525 1786 1579 τὸν

207 1624 356 1677 κατὰ
386 1623 446 1676 τὸ
476 1623 713 1693 ἔμφυτον
746 1626 803 1676 ὲν
840 1625 972 1694 ἡμῖν
1009 1620 1213 1689 ἀγαθὸν
1238 1657 1253 1681 ,
1301 1616 1331 1669 ὃ
1360 1616 1455 1670 καὶ
1486 1615 1650 1686 νόμον
1692 1631 1788 1667 σα-

205 1717 329 1783 φῶς
357 1716 475 1777 νοὸς
503 1715 789 1768 ἐκάλεσεν·
824 1714 919 1768 ἕνα
944 1713 999 1767 δὲ
1024 1712 1116 1765 τὸν
1150 1712 1215 1765 ἐκ
1244 1708 1550 1782 προσϐολῆς
1575 1706 1790 1759 ἐνιστά-

210 1824 378 1877 μενον
410 1807 503 1861 τοῦ
544 1805 806 1878 πονηροῦ,
842 1807 934 1859 καὶ
972 1806 1051 1867 εἰς
1079 1804 1178 1868 τὰς
1209 1801 1473 1873 ἐμπαθεῖς
1504 1798 1788 1865 ὲξέλκοντα

208 1899 477 1962 πολλάκις
512 1897 811 1968 φαντασίας
842 1897 937 1967 τὴν
960 1896 1159 1965 ψυχὴν,
1186 1894 1245 1947 ὃν
1274 1887 1789 1962 ἁντιστρατεύεσθαι

206 1990 295 2060 τῷ
344 1990 495 2061 νόμῳ
544 1990 639 2043 τοῦ
687 1988 805 2052 νοὸς
853 1986 955 2057 ἔφη
978 2003 990 2014 ·
1024 1987 1121 2039 καὶ
1150 1985 1336 2056 ἕτερον
1381 1981 1470 2035 τὸν
1518 1978 1661 2033 κατὰ
1692 1981 1790 2048 τὴν

208 2082 491 2154 ἁμαρτίαν
552 2081 617 2133 ὲκ
666 2078 769 2148 τῆς
815 2075 1108 2146 ἐπιθυμίας
1159 2071 1566 2143 ἐνσκιρώσαντα
1616 2068 1675 2119 ὲν
1723 2068 1790 2135 τῇ

207 2173 420 2245 σαρκὶ,
459 2172 520 2225 ὃν
556 2170 831 2242 ἁμαρτίας
862 2168 1025 2239 νόμον
1051 2164 1303 2219 οἰκοῦντα
1338 2164 1400 2214 ἐν
1428 2163 1542 2223 τοῖς
1578 2158 1791 2229 μέλεσιν

207 2264 476 2317 ἐκάλεσεν
502 2279 517 2294 ·
550 2255 595 2329 ᾧ
636 2260 929 2314 ἐπιϐαίνων
958 2260 987 2311 ό
1012 2254 1247 2325 πονηρὸς
1299 2253 1393 2306 καὶ
1429 2247 1793 2320 ἐποχούμενος

210 2355 482 2416 πολλάκις
537 2351 658 2406 καθ’
716 2350 875 2422 ἡμῶν
929 2346 1275 2416 ὲγκελεύεται
1302 2384 1316 2408 ,
1381 2342 1518 2412 πρὸς
1580 2337 1793 2392 ἀδικίαν

217 2448 368 2517 ἡμᾶς
402 2446 495 2499 καὶ
525 2444 747 2515 πράξεις
776 2439 1115 2494 συνελαύνων
1143 2435 1339 2499 κακὰς.
1378 2435 1436 2486 ὐ
1466 2432 1574 2501 γὰρ
1594 2427 1794 2495 ἔξωθεν

213 2537 602 2607 εἰσπνεόμενος
649 2533 756 2588 ἀπὸ
794 2532 884 2585 τοῦ
918 2529 1156 2602 πονηροῦ
1211 2529 1408 2599 νόμος,
1437 2526 1532 2580 καὶ
1571 2524 1658 2577 διὰ
1686 2522 1795 2575 τῶν

216 2630 529 2700 αἰσθήσεων
553 2668 568 2690 ,
602 2625 852 2695 καθάπερ
897 2620 1251 2692 ἀσφαλτῶδες
1293 2618 1469 2690 ῥεῦμα
1489 2658 1505 2681 ,
1539 2616 1687 2669 ἔνδον
1714 2615 1797 2676 είς

217 2720 398 2791 αὐτὴν
426 2719 746 2789 ὲκχεόμενος
769 2717 868 2788 τὴν
899 2716 1097 2787 ψυχὴν,
1123 2713 1229 2767 ὑπὸ
1254 2711 1352 2764 τοῦ
1375 2713 1433 2764 ὲν
1463 2710 1625 2781 σαρκὶ.
1656 2705 1798 2761 κατὰ

214 2813 323 2883 τὴν
374 2810 665 2880 ἐπιθυμίαν
709 2809 1158 2879 ἐπιτυγχάνοντος
1212 2800 1559 2875 κραταιοῦται
1607 2798 1793 2867 νόμου.

214 2904 481 2957 Φαίνεται
505 2903 613 2973 γὰρ
638 2902 715 2965 ὡς
759 2902 820 2953 ὲν
859 2902 992 2971 ἡμῖν
1020 2898 1206 2959 αὐτοῖς
1242 2895 1303 2948 τὸ
1336 2893 1433 2965 μὲν
1465 2891 1669 2962 βέλτιον
1692 2928 1707 2954 ,
1736 2888 1798 2942 τὸ

216 2995 284 3047 δὲ
306 2997 488 3065 χεῖρον
509 2994 587 3047 ὃν.
628 2994 737 3047 Καὶ
752 2994 883 3046 ὅταν
914 2992 1010 3061 μὲν
1037 2989 1097 3043 τὺ
1131 2987 1337 3059 βέλτιον
1372 2984 1532 3054 φύσει
1560 2981 1654 3035 τοῦ
1686 2981 1799 3050 χεί-

1962 1440 2099 1497 LXI.
2144 1442 2421 1514 Siquidem
2445 1442 2739 1513 Apostolus
2769 1438 2876 1494 tria
2905 1437 3125 1494 omnino
3151 1436 3328 1507 legum
3362 1448 3459 1505 ge-

1890 1547 2024 1588 nera
2070 1533 2173 1589 hoc
2232 1534 2286 1588 in
2339 1535 2460 1590 loco
2511 1534 2830 1590 distinxisse
2882 1528 3171 1586 manifeste
3223 1527 3455 1581 videtur.

1894 1625 2136 1692 Quorum
2161 1642 2327 1683 unum
2355 1637 2440 1683 est
2461 1627 2630 1683 insito
2652 1624 2809 1680 nobis
2827 1624 2974 1679 bono
3006 1629 3457 1682 consentaneum,

1894 1732 2055 1786 quam
2103 1725 2287 1787 aperte
2333 1718 2501 1789 legem
2543 1721 2740 1772 mentis
2777 1714 3032 1785 appellat.
3065 1711 3306 1766 Alterum
3352 1720 3459 1773 csr,

1893 1808 2037 1878 quod
2060 1823 2125 1864 ex
2153 1809 2472 1879 nequissimi
2500 1807 2863 1877 impressione
2895 1803 3185 1860 conﬂatum
3215 1809 3458 1857 nostram

1892 1897 2126 1952 animam
2172 1900 2224 1952 in
2274 1898 2695 1968 perturbationis
2742 1896 3087 1967 plenissimas
3140 1893 3461 1964 plerumque

1890 1991 2246 2062 cogitationes
2281 2006 2345 2046 ac
2384 1990 2701 2061 phantasias
2752 1987 2996 2057 conjicit,
3025 2000 3185 2056 quam
3216 1982 3461 2039 eamdem

1890 2083 1994 2154 legi
2025 2083 2222 2139 mentis
2251 2083 2527 2139 adversari
2577 2081 2737 2138 dixit.
2776 2079 3118 2135 Postremum
3149 2092 3322 2147 genus
3356 2081 3460 2135 est,

1892 2173 2036 2243 quod
2069 2189 2164 2242 per
2201 2166 2483 2243 peccatum
2514 2188 2577 2228 ex
2613 2172 2732 2242 ipsa
2761 2169 3056 2241 cupiditate
3082 2167 3136 2221 in
3167 2180 3332 2221 carne
3366 2179 3463 2217 ne-

1892 2273 2007 2319 stra
2031 2264 2308 2328 uccalluit,
2339 2278 2501 2333 quam
2546 2264 2635 2317 illc
2667 2262 2877 2332 peccati
2910 2262 3080 2331 legem
3128 2258 3462 2313 habitantem

1894 2349 1951 2403 in
1975 2350 2233 2406 membris
2256 2352 2462 2406 nostris
2490 2351 2757 2405 nominat.
2785 2350 2957 2415 Quam
2988 2349 3154 2405 etiam
3182 2347 3463 2417 improbus

1895 2439 1984 2494 ille
2014 2439 2184 2497 hostis
2210 2440 2494 2505 invadens,
2525 2441 2685 2511 eique
2711 2439 2977 2507 insidens,
3015 2455 3158 2510 saepe
3193 2439 3461 2495 adversus

1898 2546 1999 2587 nos
2027 2533 2250 2597 excitat,
2288 2542 2451 2604 atque
2480 2534 2546 2587 ad
2575 2532 2897 2604 iniustitiam
2931 2547 2995 2587 ac
3025 2532 3285 2587 scelerata
3332 2528 3465 2584 faci-

1897 2637 2031 2677 nora
2057 2624 2353 2693 compellit.
2378 2622 2512 2679 Nam
2542 2624 2627 2680 lex
2662 2624 2774 2686 illa,
2800 2637 2963 2692 quam
2990 2621 3260 2693 malignus
3293 2620 3468 2675 hostis

1896 2716 2239 2772 extrinsecus
2265 2715 2529 2783 insinuat,
2561 2731 2788 2788 qumque
2818 2731 2915 2786 per
2936 2728 3156 2777 sensus,
3178 2713 3324 2768 velut
3352 2711 3467 2765 len-

1900 2812 1987 2860 tus
2018 2805 2240 2874 quidam
2284 2821 2349 2862 ac
2398 2821 2604 2878 sequax
2638 2807 2923 2863 bituminis
2973 2813 3200 2869 tractus,
3255 2802 3312 2856 in
3351 2802 3469 2855 ani-

1900 2908 2040 2946 mam
2072 2893 2245 2963 ipsam
2277 2894 2424 2951 intus
2452 2895 2778 2962 infunditur,
2811 2896 2881 2950 ab
2912 2895 3018 2950 alia
3049 2895 3167 2965 lege
3205 2891 3465 2947 corrobo—

1898 2992 2071 3050 ratur,
2102 3000 2265 3055 quam
2304 2988 2359 3041 in
2390 3003 2615 3044 carnem
2652 2995 2893 3044 nostram
2926 2985 3200 3058 cupiditas
3228 2985 3342 3052 ipsa
3370 2983 3468 3038 de-

227 3103 385 3157 ρονος
418 3085 845 3156 ἐγκρατέστερον
900 3081 1101 3152 γενηθῇ
1120 3119 1135 3141 .
1166 3079 1388 3150 φέρεται
1416 3075 1537 3136 ϐλος
1572 3072 1708 3144 πρὸς
1736 3070 1801 3122 τὸ

1900 3076 2058 3129 rivat.
2088 3075 2223 3131 Nam
2253 3078 2308 3132 in
2338 3080 2496 3135 nobis
2525 3081 2708 3137 inesse
2732 3079 2947 3136 videtur
2977 3078 3146 3143 aliud,
3178 3076 3322 3149 quod
3355 3090 3470 3129 me-

228 3177 435 3243 ἀγαθὸν
484 3178 512 3231 ό
550 3176 706 3240 νοῦς·
734 3176 862 3229 ὅταν
890 3174 946 3226 δὲ
972 3170 1033 3223 τὸ
1058 3171 1235 3240 χεῖρον
1267 3165 1527 3238 ἐπιϐρίσῃ
1570 3161 1796 3217 πλεονά-

223 3286 329 3321 σαν
350 3307 367 3331 ,
390 3267 453 3321 τὸ
482 3263 988 3338 ἀντιστρατεύεσθαι
1025 3263 1040 3291 ¹
1067 3260 1145 3329 τῷ
1168 3259 1225 3311 ὲν
1251 3260 1384 3328 ἡμῖν
1422 3256 1638 3325 λέγεται
1662 3253 1799 3320 ἀγα-

222 3357 311 3428 θῷ
343 3396 360 3421 ,
421 3356 584 3410 πάλιν
639 3356 830 3423 ἄγεται
885 3352 1254 3423 ἀντιστρόφως
1316 3347 1451 3419 πρὸς
1501 3343 1801 3415 φαντασίας

228 3448 575 3512 παντοδαπὰς
594 3447 623 3499 ὁ
649 3444 930 3516 ἄνθρωπος
953 3443 1047 3497 καὶ
1073 3441 1363 3511 λογισμοὺς
1389 3439 1658 3509 χείρονας.

1900 3166 2008 3223 lius
2042 3176 2157 3232 est,
2194 3169 2360 3236 aliud,
2404 3171 2550 3242 quod
2579 3171 3104 3240 deterius.Cumque
3149 3166 3283 3223 illud
3322 3166 3473 3221 dete-

1902 3254 2046 3310 riore
2076 3258 2353 3327 potentius
2401 3259 2587 3325 fuerit,
2616 3268 2729 3314 tota
2780 3274 2934 3315 mens
2967 3259 3035 3314 ad
3080 3257 3283 3315 bonum
3325 3255 3474 3310 velut

1904 3344 2109 3415 impetu
2138 3347 2372 3416 quodam
2418 3351 2617 3420 agitur.
2652 3349 2789 3405 Cum
2824 3357 3004 3405 autem
3041 3348 3097 3404 id
3138 3346 3284 3419 quod
3315 3345 3474 3417 pejus

1900 3442 2010 3501 est,
2030 3436 2341 3495 exuberans
2375 3441 2617 3513 pondere
2657 3455 2759 3497 suo
2799 3440 3152 3511 depresserit,
3203 3438 3349 3509 quod
3391 3438 3476 3491 in-

227 3554 364 3601 nato
384 3544 541 3599 nobis
568 3545 713 3599 bono
742 3557 1041 3614 repugnare
1072 3541 1292 3607 dicitur,
1322 3548 1441 3594 tum
1479 3536 1698 3594 demum
1723 3551 1793 3591 ex
1830 3534 2061 3592 adverso
2090 3537 2272 3592 varias
2309 3536 2379 3590 ad
2430 3535 2724 3607 imaginum
2761 3534 2995 3607 species,
3058 3548 3123 3588 ac
3174 3532 3475 3588 deteriores

222 3636 595 3707 cogitationes
627 3636 790 3690 homo
814 3635 1143 3691 traducitur.

302 3729 421 3786 EB'.
463 3723 538 3782 Ob
564 3728 632 3793 δὴ
663 3727 756 3782 καὶ⁸
796 3726 959 3797 χάριν
984 3729 1014 3780 ό
1069 3727 1390 3791 ’Λπόστολος
1439 3727 1658 3798 εῦχεται
1704 3726 1798 3797 ῥυ-

230 3822 427 3891 σθῆναι
446 3862 461 3884 ,
491 3820 715 3874 θάνατον
747 3820 879 3874 αὐτὸ
909 3820 1006 3874 καὶ
1039 3820 1259 3892 ὄλεθρον
1291 3816 1429 3873 εἶναι
1462 3817 1758 3889 ἡγούμενος
1780 3830 1795 3845 ⁸

226 3913 424 3984 ὥσπερ
444 3911 510 3982 δὴ
540 3911 635 3965 καὶ
666 3913 693 3964 ό
727 3913 1039 3983 Προφήτης,
1056 3912 1190 3964 Ἀπὸ
1217 3909 1336 3962 τῶν
1365 3908 1636 3976 κρυφίων
1656 3922 1800 3975 μου,

1964 3716 2125 3775 LXII.
2162 3719 2341 3790 Atque
2368 3735 2430 3776 ea
2457 3734 2629 3776 causa
2648 3677 2764 3781 est.
2793 3733 2894 3775 cur
2919 3718 3215 3789 Apostolus
3244 3718 3475 3776 liberari

1897 3822 2021 3864 sese
2054 3815 2225 3878 optet,
2273 3826 2399 3865 cum
2436 3818 2669 3866 mortem
2698 3810 2847 3864 illam
2881 3818 3047 3880 atque
3082 3811 3309 3866 exitium
3353 3824 3476 3865 esse

1896 3898 2177 3968 iudicarit.
2207 3900 2667 3966 Quemadmodum
2698 3900 2873 3969 inquit
2908 3901 3182 3972 Propheta
3211 3925 3226 3958 :
3271 3902 3350 3956 Ab
3388 3917 3477 3955 oe-

230 4004 408 4071 λέγων
429 4043 443 4066 ,
495 4001 820 4070 καθάρισόν
854 4020 950 4071 με.
997 4000 1146 4054 saxa
1179 3998 1289 4071 γὰρ
1320 3998 1389 4051 τὰ
1438 3996 1579 4069 ρητὰ
1642 3994 1801 4048 τοῦτο

1899 3990 2061 4045 cultis
2106 3993 2235 4045 meis
2267 3989 2659 4061 minantia
2709 4007 2790 4044 me
2809 3994 2852 4045 ’.
2908 3990 3057 4046 Istud
3112 3993 3257 4047 enim
3310 3994 3475 4047 verba

233 4095 596 4165 παρίστησιν·
647 4093 984 4162 Συνήδομαι
1018 4091 1127 4163 γὰρ
1180 4089 1261 4155 τῷ
1308 4090 1469 4158 νόμῳ
1515 4084 1621 4140 τοῦ
1654 4083 1803 4139 Θεοῦ

1904 4080 2020 4150 ipsa
2050 4096 2162 4151 pra:
2186 4096 2246 4137 se
2277 4081 2494 4136 lerunt:
2525 4081 2885 4147 Condelector,
2922 4082 3117 4153 inquit,
3146 4083 3245 4154 legi
3277 4082 3372 4137 Dei
3396 4100 3475 4138 σεο

231 4184 388 4239 κατά
442 4184 548 4238 τὸν
599 4184 721 4243 ἔσω
762 4183 1075 4251 ἄνθρωπον
1095 4220 1112 4246 ,
1164 4181 1432 4249 λέγοντος.
1474 4175 1683 4231 Βλέπω
1736 4172 1806 4226 δὲ

1903 4174 2133 4227 cundum
2157 4174 2458 4228 interiorem
2487 4174 2770 4228 hominem.
2814 4172 2971 4229 Video
2999 4182 3173 4230 autem
3207 4176 3370 4229 aliam
3405 4177 3475 4231 le-

229 4278 440 4346 ἓτερον
492 4278 680 4346 νόμον
714 4274 1321 4343 ἀντιστρατευόμενον
1360 4268 1441 4334 τῷ
1489 4270 1652 4336 νόμῳ
1699 4264 1806 4319 τοῦ

1905 4279 2021 4333 gem
2058 4274 2427 4333 repugnantem
2471 4264 2572 4335 legi
2615 4266 2806 4320 mentis
2842 4282 2992 4332 mete,
3038 4276 3088 4320 et
3130 4267 3476 4335 captivantem

234 4370 379 4433 νοός
409 4383 560 4436 μου,
613 4367 708 4419 καὶ
751 4359 1254 4435 αἰχμαλωτίζοντὰ
1280 4377 1352 4429 με
1398 4357 1479 4424 τῷ
1501 4360 1662 4427 νὸμφ
1696 4354 1808 4424 τῆς

1910 4372 1992 4410 me
2024 4357 2122 4427 legi
2148 4357 2369 4427 peccati,
2394 4372 2512 4427 qua:
2533 4366 2611 4412 est
2631 4359 2687 4412 in
2714 4358 2961 4413 membris
2988 4359 3135 4415 meis.
3162 4357 3363 4429 Infelix
3382 4375 3476 4429 ego

230 4416 560 4530 ἐπλιᾖᾷαέὶᾷᾇᾷ
590 4416 971 4522 sint???
991 4416 1112 4521 τοῖρ
1156 4416 1378 4524 μέλεσι
1418 4416 1587 4521 ιὶουῖ
1602 4416 1810 4504 m2;

1909 4416 2098 4501 homo?
2128 4416 2245 4519 quis
2291 4416 2378 4501 me
2399 4416 2639 4502 liberabit
2682 4448 2985 4519 decorpore
3032 4416 3476 4519 mortis'hujus"!

232 4565 433 4616 πωρος
471 4547 587 4616 ἐγὼ
627 4546 975 4618 ᾄνθρωπος.’
1017 4544 1107 4611 τις
1143 4561 1221 4613 με
1263 4543 1517 4611 ῥύσεται
1578 4540 1649 4593 ἐκ
1704 4538 1811 4592 τοῦ

1914 4537 2014 4593 Ubi
2044 4553 2152 4593 non
2190 4553 2391 4610 corpus
2420 4546 2654 4594 mortem
2682 4552 2807 4595 esse
2844 4539 3188 4609 pronuntiat,
3223 4540 3319 4594 sed
3352 4554 3476 4610 pec-

230 4638 512 4708 σώματος
555 4638 662 4691 τοῦ
712 4635 971 4692 θανάτου
1010 4635 1267 4697 eodem);
1314 4634 1376 4687 οὐ
1412 4632 1474 4685 τὺ
1525 4630 1687 4701 σῶμα
1718 4628 1814 4683 θά-

232 4747 397 4785 νατον
428 4728 844 4800 ἀποφηνάμενος
863 4770 878 4794 ,
911 4727 1050 4781 ἀλλὰ
1081 4727 1172 4781 τὸν
1198 4726 1362 4797 νόμον
1391 4724 1493 4794 τῆς
1518 4719 1809 4793 ἁμαρτίας,

233 4816 331 4870 τὸν
387 4818 445 4869 ὲν
496 4819 609 4879 τοῖς
657 4816 880 4887 μέλεσι,
914 4815 1002 4871 διὰ
1033 4815 1134 4885 τῆς
1180 4814 1548 4887 παραϐάσεως
1591 4812 1649 4863 ὲν
1680 4813 1814 4881 ἡμῖν

229 4905 654 4978 ἐμφωλεύοντα,
704 4906 799 4959 καὶ
848 4903 984 4975 πρὸς
1034 4904 1264 4959 θάνατον
1297 4904 1385 4958 ἀεὶ
1429 4902 1520 4956 τὸν
1565 4902 1664 4973 τῆς
1699 4898 1815 4953 ἀδι-

234 4998 366 5061 κίας
395 4998 493 5069 τὴν
529 4996 709 5068 ψυχὴν
741 4995 1173 5068 ὲμφαντάζοντα.
1236 4995 1515 5067 Ἐπιφέρει
1560 4992 1690 5063 γοῦν
1727 4991 1817 5045 εὐ-

234 5091 381 5150 θέως
412 5090 602 5161 ἀμέλει
646 5089 1025 5161 διαλεγόμενος
1060 5088 1244 5143 ὁποίου
1296 5086 1524 5141 θανάτου
1570 5086 1815 5154 ἐγλίχετο

236 5183 510 5255 ρυσθῆναι
537 5222 553 5247 ,
580 5182 674 5237 καὶ
706 5183 789 5246 τίς
835 5183 997 5235 αὑτὸν
1039 5184 1069 5235 ό
1099 5181 1359 5254 ῥυόμενος
1391 5176 1492 5251 ἦν·
1524 5178 1703 5247 Χάρις
1731 5177 1811 5243 τῷ

239 5273 370 5338 Θεῷ
394 5273 493 5326 διὰ
534 5272 735 5339 Ἰησοῦ
763 5272 1039 5342 Χριστοῦ.
1072 5269 1404 5341 Προσεκτέον
1442 5269 1549 5341 γάρ
1572 5308 1589 5333 ,
1620 5269 1702 5321 ὅτι
1724 5308 1737 5329 ,
1767 5268 1815 5319 εί

237 5360 307 5413 τὸ
343 5359 500 5429 σῶμα
530 5358 757 5411 θάνατον
793 5357 950 5412 τοῦτο
971 5395 987 5421 ,
1019 5350 1066 5410 ὦ
1108 5356 1418 5425 ’Δγλαοφῶν
1441 5395 1456 5420 ,
1488 5356 1565 5419 ὡς
1597 5354 1816 5425 ὑπειλή-

243 5467 415 5520 φατε,
448 5449 635 5518 ἔλεγεν
654 5491 669 5515 ,
700 5450 800 5503 οὐκ
825 5448 890 5503 ἂν
918 5448 1009 5502 τὸν
1038 5449 1269 5520 Χριστὸν
1314 5447 1391 5511 ὡς
1431 5448 1690 5519 ῥυόμενον
1722 5449 1816 5503 die

247 5545 339 5601 τὸν
364 5541 588 5613 ὕστερον
634 5542 699 5595 ὲκ
727 5540 821 5595 τοῦ
865 5540 1106 5595 τοιούτου
1154 5538 1323 5593 κακοῦ
1376 5540 1813 5611 παρελάμϐανεν.

321 5704 338 5741 ⁸
373 5702 503 5763 Cor.
532 5701 561 5755 ὃ
581 5702 821 5771 ἀντιστρ.

1907 4629 2015 4684 cati
2045 4628 2295 4685 videlicet
2323 4630 2517 4700 legem,
2549 4643 2673 4700 qua:
2703 4630 2760 4684 in
2800 4628 3066 4686 membris
3091 4629 3299 4686 nostris
3344 4630 3475 4686 insi-

1908 4720 2020 4784 det,
2069 4734 2134 4775 ac
2185 4736 2282 4791 per
2324 4720 2569 4776 mandati
2603 4720 3101 4792 transgressionem
3135 4720 3372 4776 latebras
3422 4721 3477 4776 in

1910 4810 2069 4866 nobis
2101 4811 2421 4877 constituit,
2456 4825 2521 4867 ac
2565 4810 2803 4882 denique
2849 4812 2916 4867 ad
2965 4811 3250 4882 injustitite
3289 4828 3477 4868 necem

1912 4902 2150 4957 animam
2189 4911 2435 4959 nostram
2464 4902 2632 4958 variis
2674 4902 3004 4975 imaginibus
3051 4903 3478 4975 illudendoaper-

1912 4994 2100 5050 trahit.
2134 4993 2497 5059 Quamobrem
2537 4994 2771 5051 subinde
2798 4996 2853 5050 in
2881 4996 3072 5053 eadem
3110 4995 3476 5066 disputatione

1914 5084 2157 5155 subjicit,
2185 5085 2493 5154 cuiusmodi
2526 5100 2591 5142 se
2615 5100 2644 5140 ο
2676 5094 2853 5141 morte
2884 5086 3104 5143 liberari
3148 5096 3393 5158 cuperet,
3424 5094 3475 5142 et

1912 5193 1942 5232 a
1973 5193 2081 5248 quo
2109 5176 2429 5234 liberandus
2458 5185 2604 5235 esset
2626 5191 2641 5232 :
2660 5176 2868 5243 Gratia,
2904 5178 3100 5250 inquit,
3125 5179 3236 5234 Deo
3273 5196 3366 5249 per
3385 5177 3477 5234 le-

1912 5284 2032 5324 tum
2072 5268 2340 5324 Eltrislum
2362 5270 2404 5323 ⁸η.
2456 5269 2591 5324 Illud
2623 5269 3093 5340 enim-diligenter
3138 5270 3347 5326 attendi
3380 5285 3475 5325 cu-

1914 5363 2022 5430 pio,
2054 5361 2099 5418 si
2126 5376 2327 5432 corpus
2362 5352 2511 5416 istud
2552 5369 2805 5429 mortem,
2847 5370 2906 5418 ut
2955 5364 3179 5433 putatis,
3209 5378 3244 5416 ο
3284 5362 3474 5432 Aglao-

1914 5448 2081 5517 phon,
2142 5448 2491 5519 appellasset,
2541 5467 2821 5523 nunquam
2875 5453 3026 5507 illum
3084 5451 3312 5518 Christi,
3365 5461 3460 5506 tan

1913 5553 2078 5607 (11⁵³11³
2124 5539 2327 5605 οὲυειε
2373 5556 2485 5612 quo
2514 5551 2702 5613 postea
2736 5543 2831 5599 tali
2874 5559 2943 5600 ex
2986 5540 3333 5599 incommodo
3366 5541 3470 5598 eri-

901 5704 919 5734 ³
954 5700 1096 5758 Psal.
1128 5715 1281 5765 xvut,
1326 5699 1408 5755 15.
1486 5700 1507 5730 ⁸
1533 5697 1688 5756 Rern.
1727 5714 1824 5764 ιω,
1852 5697 1915 5755 2i
1940 5697 2042 5751 οι.
2136 5698 2155 5729 ³
2182 5697 2313 5755 ibid.
2338 5700 2427 5759 25.
