3822 6312
102 282 241 340 HT!

805 266 1180 344 ADVERSUS
1218 285 1563 343 [LERESES
1602 288 1730 344 LIB.
1769 288 1833 345 ΙΙ.
1875 289 2039 345 TUM.
2080 290 2511 349 I.—H}ERES.
2550 294 2731 349 LXIV.

3250 298 3389 354 H78

100 398 271 460 ἑσεως
299 396 457 466 ἄφνω
491 397 550 465 ἐξ
580 396 813 472 ούρανοῦ
841 399 1289 467 καταπνεύσασα,
1352 403 1606 475 καθάπερ
1642 405 1684 456 ἐκ

1811 402 1926 457 dam
1971 418 2103 457 aura
2137 413 2359 475 repente
2401 406 2621 462 coalitus
2670 407 2947 477 aspirans,
2983 410 3085 474 sic,
3126 420 3389 481 tanquam

101 490 255 560 μέσῳ
288 490 626 560 νηχομένους
655 491 883 560 πελάγει
912 534 926 559 ,
987 495 1067 557 είς
1099 495 1271 565 ὅρμον
1312 496 1562 567 ἀκύμονα
1606 497 1698 550 καὶ

96 582 379 650 ἀπόδειξιν
411 584 845 657 ἀποκαταστήσῃ
872 586 1310 660 ἀσφαλεστέραν.

356 675 512 742 Ἕως
542 669 660 729 ὧδε
695 677 763 730 τὸ
786 676 971 747 μέρος
1001 677 1120 732 τῶῖν
1140 679 1453 735 Μεθοὸίου.

81 747 89 773 ⁸
163 763 284 819 ΞΡ.
329 767 515 823 Ταῦτα
553 770 656 839 μὲν
701 766 795 824 οὖν
833 772 980 824 ἐστιν
1014 772 1122 825 ἀπὸ
1163 773 1362 844 μέρους
1413 772 1535 828 καθ’
1590 774 1697 844 είρ-

97 856 197 923 μὸν
228 856 342 912 τῶν
377 859 483 913 ὑπὸ
509 860 605 914 τοῦ
642 863 951 936 μακαρίτου
987 863 1251 918 Μεθοδίου
1283 866 1428 935 (46),
1472 865 1565 919 τοῦ
1601 864 1695 918 καὶ

94 947 433 1016 Εὐὸουλίου,
477 954 606 1025 περὶ
652 954 748 1008 τοῦ
795 956 1199 1027 προειρημένου
1249 958 1557 1029 Ὠριγένους
1600 957 1695 1011 καὶ

92 1038 193 1108 τῆς
229 1041 403 1095 αὑτοῦ
429 1042 518 1097 διὰ
544 1047 865 1117 σοφιστικῆς
898 1046 1114 1117 πλάνης
1142 1049 1507 1111 κακοπιστίας
1532 1051 1589 1102 ὲν
1614 1049 1693 1120 τῷ

92 1130 247 1201 αύτῷ
280 1133 413 1205 περὶ
446 1134 800 1199 ἀναστάσεως
829 1136 994 1207 λόγῳ.
1028 1139 1096 1190 "A
1122 1136 1356 1191 ἐνταῦθα
1384 1138 1695 1211 παραθέμε-

91 1237 173 1272 νοι
254 1222 461 1288 ἱκανῶς
529 1223 674 1295 ἔχειν
738 1225 1073 1297 ἐνομίσαμεν
1130 1226 1267 1298 πρὸς
1324 1226 1423 1289 τὰς
1484 1227 1692 1281 ἐκείνου

90 1312 372 1386 φλυαρίας
396 1354 412 1379 ,
446 1316 543 1369 καὶ
571 1317 671 1387 τῆς
712 1316 878 1371 αὑτοῦ
918 1317 1234 1389 ἀνατροπῆς
1265 1319 1280 1348 ¹
1319 1318 1419 1389 τῆς
1457 1318 1565 1372 τῶν
1595 1319 1691 1373 ἀν-

90 1406 336 1477 θρώπων
370 1407 515 1480 ζωῆς
555 1410 624 1464 δι’
673 1410 1013 1465 ὲπιπλάστου
1063 1409 1163 1481 (ἐξ)
1214 1410 1535 1481 Ἑλληνικῆς
1585 1411 1692 1465 δει-

89 1499 441 1570 σιδαιμονίας
481 1503 577 1555 καὶ
629 1502 976 1574 κακοηθείας.
1026 1502 1206 1557 Πολλὰ
1254 1503 1364 1574 γὰρ
1397 1504 1490 1557 κα)⁸
1531 1504 1692 1575 ἕτερα

87 1592 144 1643 ἐν
177 1595 253 1662 τῇ
286 1594 417 1663 περὶ
452 1594 550 1664 τῆς
585 1593 897 1658 ὑποθέσεως
925 1593 1217 1665 ἀκολουθίᾳ
1254 1594 1333 1664 τῷ
1364 1595 1693 1666 προειρημέο

86 1699 164 1751 νῳ
202 1681 457 1753 Μεθοδίῳ
481 1682 636 1754 ἀνδρὶ
678 1682 844 1755 λογίῳ
882 1684 1017 1747 ὄντι,
1053 1684 1148 1737 καὶ
1181 1683 1385 1755 σφόδρα
1425 1686 1556 1755 περὶ
1586 1684 1689 1755 τῆς

1801 496 1855 551 in
1899 496 2013 551 alto
2042 497 2387 567 navigantes,
2423 501 2785 570 tranquillum
2827 502 2893 556 ad
2940 511 3159 573 portum
3199 517 3263 558 ac
3296 503 3387 555 tir-

1798 588 2027 643 miorcm
2053 589 2575 645 demonstrationem
2600 592 2856 661 appellat.

2238 679 2509 735 Hactenus
2536 697 2601 735 ea:
2624 681 2915 761 Hethodio.

1868 766 2053 823 LXIII.
2095 769 2275 841 Atque
2302 773 2417 827 haec
2458 781 2589 828 sunt
2627 790 2659 831 e
2688 776 2832 831 beati
2878 774 3159 843 Methodii,
3191 777 3284 845 qui
3323 784 3378 830 et

1797 860 2067 919 Eubulius
2095 863 2276 919 dictus
2304 872 2410 930 est,
2443 866 2666 935 scriptis
2702 867 2897 923 ordine
2924 868 3203 936 decerpta.
3248 884 3369 937 quae

1796 948 1865 1004 de
1895 949 2151 1019 Origene,
2184 950 2590 1021 depravataque
2627 951 2881 1022 Origenis
2924 952 3028 1008 [ide
3062 953 3382 1022 sophisticis

1795 1043 2241 1098 cavillationibus
2272 1044 2547 1113 implicata
2580 1044 2635 1099 in
2663 1046 2853 1100 eodem
2882 1046 2951 1101 de
2979 1046 3385 1102 resurrectione

1796 1134 1939 1189 libro
1975 1135 2264 1198 disseruit.
2301 1135 2459 1207 591
2496 1136 2629 1202 Quae
2660 1137 2765 1192 hoc
2800 1138 2921 1193 loco
2953 1138 3236 1208 proposita
3268 1137 3385 1191 suf-

1796 1222 1958 1279 ﬁcere
1991 1232 2185 1279 contra
2239 1224 2389 1279 illius
2446 1240 2620 1296 nugas
2672 1225 2988 1296 putavimus
3050 1226 3384 1296 impiamqna

1794 1315 2128 1380 doctrinam,
2178 1330 2289 1386 qua
2362 1316 2585 1371 humani
2644 1317 2859 1388 generis
2930 1317 3094 1372 vitam
3143 1316 3382 1372 ascititia

1794 1409 1885 1463 illa
1927 1408 2213 1479 gentilium
2243 1409 2639 1478 superstitione
2671 1417 2836 1480 atque
2870 1408 3222 1479 improbitate
3257 1422 3382 1462 cor-

1794 1501 1962 1571 rupit.
1998 1500 2065 1554 Et
2095 1515 2410 1572 quanquam
2450 1502 2558 1556 alia
2592 1503 2854 1573 pleraque
2891 1502 3034 1557 idem
3090 1516 3365 1573 argumen-

1793 1598 1909 1645 tum
1944 1590 2254 1647 Methodius
2285 1593 2377 1648 ille
2409 1592 2493 1646 vir
2524 1598 2773 1665 apprime
2815 1594 3013 1649 doctus
3050 1594 3382 1652 acerrimus-

1792 1698 1899 1752 que
1946 1683 2196 1739 veritatis
2244 1690 2513 1754 patronos
2561 1686 2613 1739 in
2647 1686 2838 1741 eodem
2866 1686 3010 1741 libro
3059 1685 3377 1756 disputarit,

84 1772 359 1845 ἀληθείας
391 1775 788 1845 ἀγωνισαμένῳ
842 1774 1111 1847 εἰρημένα
1159 1774 1374 1845 εἴρηται
1400 1815 1415 1841 ,
1469 1777 1684 1840 πάντως

1814 1776 2019 1831 οιίιιθω
2044 1775 2179 1843 fere,
2208 1784 2346 1847 quot
2380 1792 2409 1830 a
2446 1776 2610 1832 nobis
2637 1778 2881 1847 excerpti
2911 1785 3062 1842 sunt,
3102 1776 3376 1838 versibus,

84 1884 197 1920 που
229 1867 328 1920 καὶ
353 1866 460 1938 ἔπη
495 1867 731 1921 τοσαῦτα
765 1868 877 1939 (47)
910 1867 1076 1939 ἕτερα
1096 1883 1109 1897 α
1154 1868 1271 1921 ἀλλ’
1301 1867 1492 1939 ἐπειδὴ
1527 1870 1693 1938 ὲπηγ.

84 1959 400 2031 γειλάμεθα
428 1960 550 2014 καθ’
577 1961 817 2032 ἑκάστην
844 1961 1055 2031 αἵρεσιν
1094 1960 1251 2030 ὀλίγα
1281 1961 1421 2032 πρὸς
1448 1960 1548 2033 τὴν
1587 1961 1689 2015 αύ-

83 2051 188 2121 τῆς
242 2052 560 2124 ἀνατροπὴν
598 2052 780 2122 λέγειν
815 2055 910 2123 (οὐ
950 2054 1058 2124 γάρ
1095 2055 1236 2110 εἰσιν
1279 2054 1531 2123 ὀλίγαι),
1583 2053 1689 2118 ἓως

82 2135 193 2193 ὦδε
246 2144 314 2195 ὲκ
341 2144 440 2213 τῆς
494 2144 660 2198 αὑτοῦ
710 2146 1092 2216 πραγματείας
1126 2145 1497 2217 παραθέμενοι
1529 2144 1689 2216 ἠρκέ-

84 2233 327 2304 σθημεν.
372 2234 560 2304 Ὀλίγα
609 2235 667 2289 δὲ
723 2237 820 2289 καὶ
870 2237 1025 2290 αὐτοὶ
1062 2237 1163 2308 τῆς
1215 2237 1373 2309 ἡμῶν
1412 2237 1687 2307 πτωχείας

81 2325 167 2389 είς
199 2325 298 2397 τὴν
327 2324 499 2397 αὐτὴν
528 2326 624 2380 τοῦ
658 2328 855 2401 ἀνδρὸς
884 2330 1152 2402 φλυαρίαν
1181 2328 1262 2382 ἔτι
1305 2329 1684 2400 προσθέμενοι,

81 2418 526 2490 καταπαύσομεν
550 2420 640 2474 τὸν
684 2424 806 2475 κατ’
837 2423 1005 2490 αὐτού
1036 2421 1252 2492 ἀγῶνα,
1283 2421 1362 2487 τῷ
1403 2420 1522 2492 Θεῷ
1550 2422 1687 2475 ἀπο-

79 2509 387 2573 δεδωκότες
424 2509 488 2564 τὸ
525 2509 778 2581 βραϐεῖον
806 2511 886 2583 τῷ
927 2511 1192 2582 νικοποιῷ
1214 2553 1229 2576 ,
1270 2513 1365 2564 καὶ
1392 2511 1491 2582 τὴν
1519 2509 1685 2565 αὐτοῦ

91 2603 434 2673 Ἐκκλησίαν
494 2606 561 2674 τῇ
628 2602 734 2675 ἰδίᾳ
784 2604 950 2658 αὐτοῦ
1011 2603 1390 2675 φιλανθρωπία
1451 2603 1685 2657 πάντοτε

80 2694 403 2765 στέμμασιν
460 2696 854 2766 ἀμαραντίνοις
915 2694 1389 2766 κατακοσμοῦντι,
1432 2696 1547 2757 τοῖς
1584 2694 1685 2765 τῆς

79 2787 357 2857 ἀληθείας
406 2787 781 2859 κηρύγμασιν.
851 2786 1112 2859 Λέξωμεν
1153 2787 1337 2841 τοίνυν
1380 2786 1476 2841 καὶ
1530 2787 1684 2841 αὐτοὶ

78 2879 232 2951 πρὸς
269 2879 433 2934 αὐτὸν
470 2880 614 2932 κατά
649 2878 901 2951 δύναμιν.

149 2972 417 3037 eam“.
452 2966 498 3026 ὦ
522 2965 697 3039 οὗτος,
730 2973 806 3036 ὡς
839 2973 934 3027 καὶ
976 2971 1089 3027 ἄνω
1125 2988 1216 3043 μοι
1254 2969 1677 3042 προδεδήλωται,

76 3064 617 3135 ἐπισκωμματίζων,
653 3065 737 3119 ὅτι
762 3065 853 3136 Μὴ
883 3064 992 3137 ἄρα
1023 3064 1358 3136 βυρσοδέψης
1381 3061 1450 3136 ἦν
1473 3068 1502 3119 ό
1525 3066 1676 3129 Θεὸς,

1794 1866 2153 1922 nihilominus
2185 1883 2308 1922 cum
2342 1868 2394 1922 id
2436 1868 2597 1923 initio
2625 1869 3017 1940 receperimus,
3044 1868 3099 1921 in
3132 1882 3378 1937 unaqua-

1792 1976 1900 2030 que
1928 1959 2213 2014 tractanda
2264 1961 2458 2015 haeresi
2491 1976 2667 2030 pauca
2711 1975 2815 2014 nos
2850 1959 2917 2013 ad
2948 1959 3070 2028 ejus
3124 1958 3379 2014 confuta-

1791 2055 1993 2109 tionem
2036 2068 2162 2110 esse
2192 2054 2442 2109 dicturos
2480 2056 2635 2124 (sunt
2679 2054 2825 2109 enim
2862 2068 3093 2108 numero
3127 2053 3378 2123 complu-

1790 2148 1923 2210 res),
1961 2146 2097 2200 satis
2137 2161 2262 2200 esse
2299 2144 2559 2201 duximus
2605 2148 2887 2216 hucusque
2917 2160 2983 2199 ex
3020 2146 3168 2200 illius
3215 2159 3381 2214 opere

1790 2237 2167 2292 transtulisse.
2205 2237 2388 2303 Quare
2416 2239 2504 2292 ubi
2541 2237 2807 2294 adversus
2845 2238 3089 2311 hominis
3125 2239 3380 2293 incondi-

1789 2336 1900 2384 tam
1930 2330 2317 2401 loquacitatem
2361 2331 2627 2383 nounulla
2675 2331 2855 2384 adhuc
2883 2347 2949 2385 ex
2978 2330 3161 2399 inopia
3194 2342 3379 2385 nostra

1787 2420 2315 2491 deprompserimus,
2356 2420 2636 2493 pugnandi
2666 2420 2931 2476 adversus
2967 2421 3120 2474 illum
3158 2421 3380 2476 modum

1787 2510 2085 2577 faciemus;
2123 2520 2416 2582 postquam
2456 2512 2670 2566 auctori
2708 2514 2954 2567 victoriae
2992 2512 3104 2567 Deo
3135 2514 3379 2566 victoriae

1786 2603 2071 2672 praemium
2106 2618 2173 2658 ac
2199 2605 2370 2661 decus
2411 2605 2799 2674 obtulerimus,
2836 2606 2930 2676 qui
2978 2622 3077 2675 pro
3109 2605 3381 2676 singulari

1787 2693 2130 2750 humanitate
2156 2709 2259 2751 sua
2287 2695 2653 2751 amarantinis
2694 2705 2960 2768 perpetuo
2986 2697 3231 2761 coronis,
3275 2697 3379 2751 hoc

1784 2798 1870 2842 est
1906 2788 2158 2843 veritatis
2197 2788 2567 2859 dogmatibus,
2596 2789 2902 2844 Ecclesiam
2943 2799 3189 2865 exornat.
3226 2788 3382 2845 Nune

1782 2894 1912 2950 ergo
1947 2878 2214 2941 adversus
2244 2880 2499 2936 eumdem
2532 2896 2632 2950 pro
2658 2881 2865 2937 viribus
2895 2881 3259 2952 disputemus.

1854 2972 1934 3026 Tu
1959 2971 2147 3043 igitur,
2189 2975 2265 3029 mi
2314 2974 2500 3038 homo,
2540 2988 2636 3044 per
2667 2974 2856 3043 jocum
2898 2974 3015 3030 haec
3048 2975 3209 3031 nobis
3249 2975 3382 3045 obji-

1782 3066 1886 3129 cis,
1920 3073 1977 3119 ut
2006 3065 2165 3120 initio
2194 3067 2568 3131 meminimus,
2601 3073 2920 3121 utrumnam
2958 3068 3122 3137 pellio
3156 3067 3380 3138 quidam

78 3157 173 3209 ἴνα
206 3131 445 3227 χιτῶνας
477 3131 852 3228 δερματίνους
881 3131 993 3221 τοῖς
1023 3131 1157 3228 περὶ
1183 3131 1276 3212 τὸν
1316 3131 1495 3228 -Ἄδάμ
1525 3159 1680 3229 ποιή-

1811 3159 1928 3213 lcus
1946 3168 2115 3225 esset,
2151 3169 2210 3214 ut
2237 3172 2482 3217 scorteas
2515 3159 2731 3216 tunicas
2756 3159 2966 3215 Adamo
2994 3160 3224 3231 ejusque
3248 3176 3381 3215 eon-

77 3267 175 3322 σῃ,
218 3249 451 3320 μηδέπω
479 3248 635 3313 ζώων
660 3249 1007 3321 τεθυμένωνς
1034 3251 1095 3304 Εἰ
1131 3251 1188 3304 δὲ
1229 3252 1323 3304 καὶ
1349 3248 1515 3321 ἐτύθη
1542 3250 1678 3316 ζῶα,

75 3346 183 3397 οὐκ
217 3340 386 3414 ἦσαν,
420 3345 573 3414 φησὶ,
606 3344 835 3413 χιτῶνες
866 3344 1200 3415 δερμάτινοι,
1233 3344 1372 3399 ἀλλά
1397 3345 1459 3398 τὸ
1490 3346 1681 3416 γήϊνον

75 3438 104 3491 ὃ
143 3436 517 3508 περικείμεθα
559 3435 738 3507 σῶμα,
781 3437 892 3490 Καὶ
923 3437 1258 3508 πανταχόθεν
1294 3438 1577 3509 ἐλέγχεται
1614 3439 1680 3509 τῇ

74 3532 176 3589 τοῦ
199 3529 454 3584 διαϐόλου
482 3529 696 3599 ἐπινοίᾳ
722 3528 816 3582 καὶ
834 3531 900 3600 τῇ
932 3529 1024 3602 τοῦ
1042 3530 1217 3599 ὄφεως
1247 3530 1512 3602 ὼλιότητι
1543 3547 1686 3601 παρ-

75 3620 427 3687 ἀκολουθῶν,
458 3620 666 3693 φθορὰν
694 3619 955 3684 ἀπιστίας
996 3601 1073 3693 ’τῇ
1112 3601 1487 3693 άνθρωπότητι
1512 3623 1682 3695 ἐργα-

76 3717 341 3787 ζόμενος,
386 3714 482 3767 καὶ
522 3716 621 3785 τὴν
656 3714 803 3768 Εὕαν
841 3713 1306 3787 ὲξαπατήσαντος,
1347 3716 1442 3769 καὶ
1474 3717 1561 3769 ἀεὶ
1584 3715 1684 3779 τὰς

75 3808 331 3871 διανοίας
353 3806 463 3860 τῶν
492 3808 766 3881 ἀκεραίων
798 3807 987 3879 ψυχῶν
1016 3810 1084 3879 τῇ
1122 3809 1430 3880 πανουργία
1472 3810 1530 3863 ἐν
1564 3811 1684 3871 ταῖς

74 3900 271 3956 αὐτῶν
308 3900 571 3964 διανοίαις
605 3900 1106 3971 παραφθείραντος.
1142 3900 1371 3971 Ἴδωμεν
1404 3900 1606 3962 τοίνυν,
1634 3902 1683 3953 εί

73 3994 314 4048 δύναται
342 3991 411 4044 τὰ
445 3992 549 4046 ὑπὸ
579 3993 673 4046 σού
704 3992 974 4065 εἰρημένα
1004 3992 1149 4063 ἔχειν
1177 3992 1390 4057 στάσιν,
1416 3990 1529 4054 ὡς¹
1559 4008 1686 4044 τοσο

75 4085 233 4141 αὔτα
268 4085 570 4156 μοχθήσας,
606 4085 703 4139 καὶ
726 4088 806 4150 είς
835 4088 1013 4157 μάτην
1043 4085 1245 4148 ἐλάσας
1275 4084 1369 4137 τὸν
1403 4085 1533 4156 περὶ
1558 4100 1685 4136 τοσ-

74 4179 265 4235 ούτων
294 4178 490 4249 βίϐλων
514 4179 838 4249 συγγραφῆς
861 4178 1068 4246 ἀγῶνα.
1101 4179 1164 4231 Εἰ
1188 4179 1296 4248 γάρ
1316 4178 1463 4231 ἐστιν
1484 4176 1685 4247 ἀληθὲς

74 4275 107 4328 ὃ
155 4272 298 4345 περὶ
345 4272 439 4325 σοῦ
486 4271 673 4343 ᾅδεται
714 4270 850 4342 (48),
901 4272 983 4324 ὅτι
1024 4270 1422 4341 ἑξακισχιλίους
1470 4270 1684 4341 βίϐλους

78 4364 442 4435 συνεγράψω,
482 4357 528 4416 ὦ
570 4362 921 4434 ματαιοπόνε,
956 4363 1051 4416 καὶ
1094 4363 1184 4417 τὸν
1222 4363 1399 4416 πάντα
1437 4363 1685 4433 κάματον

1780 3253 1896 3323 jugi
1947 3252 2173 3318 faceret,
2212 3268 2339 3307 cum
2394 3253 2607 3307 nullum
2648 3251 2829 3309 adhuc
2875 3252 3184 3322 iugulatum
3235 3259 3382 3306 essm

1784 3341 2030 3396 animal?
2076 3344 2155 3396 Ac
2206 3344 2428 3398 tametsi
2480 3349 2716 3397 mactata
2768 3360 2891 3400 esse
2933 3342 3127 3401 demus
3175 3343 3378 3416 aliqua,

1784 3448 1893 3486 non
1923 3439 2143 3496 tameu,-
2161 3432 2359 3502 inquit,
2394 3432 2461 3487 de
2495 3432 2739 3502 pelliceis
2765 3434 2991 3499 tunicis,
3037 3434 3132 3490 sed
3166 3436 3231 3490 de
3266 3446 3381 3490 ter-

1786 3541 1940 3590 reno,
1983 3524 2130 3595 quod
2169 3539 2272 3579 nos
2302 3525 2495 3591 ambit,
2528 3541 2760 3595 corpore
2788 3520 3111 3598 accipienda
3147 3528 3261 3582 haec
3298 3529 3379 3582 vi-

1784 3620 2004 3676 dentur.
2044 3620 2103 3674 ln
2134 3634 2246 3690 quo
2275 3620 2425 3674 omni
2469 3634 2538 3673 ex
2582 3626 2737 3689 parte
2783 3619 2986 3674 diaboli
3028 3619 3273 3673 fraudem
3318 3635 3383 3675 ac

1786 3714 2060 3784 serpentis
2086 3713 2443 3768 calliditatem
2470 3712 2673 3767 imitari
2702 3713 3074 3777 convincitur,
3111 3722 3276 3782 atque
3308 3714 3381 3767 ita
3471 3723 3481 3731 ‘

1786 3807 2030 3860 humano
2054 3805 2243 3875 generi
2261 3804 2602 3859 inﬁdelitatis
2618 3806 2987 3875 corruptelam
3008 3807 3380 3863 consciscere.

1786 3894 2259 3963 Quemadmodum
2289 3902 2343 3949 et
2378 3896 2545 3948 Evam
2572 3902 2735 3948 antea
2767 3911 2996 3965 serpens
3029 3896 3119 3950 ille
3141 3897 3379 3967 decepit,

1786 4005 1850 4044 ac
1881 3988 2281 4059 simpliciorum
2318 3988 2602 4042 hominum
2633 3987 2847 4043 animos
2886 3989 3130 4043 versutia
3174 4005 3273 4044 sua
3317 4005 3383 4045 ac

1787 4081 2096 4138 calliditate
2144 4081 2429 4152 pervertit.
2459 4078 2760 4135 Videamus
2802 4080 2973 4151 igitur
3008 4089 3193 4135 utrum
3236 4091 3384 4137 stare

1787 4189 1910 4245 quae
1938 4182 2069 4229 sunt
2099 4188 2130 4227 a
2162 4181 2215 4228 te
2242 4173 2390 4227 dicta
2426 4172 2659 4243 possint,
2690 4188 2817 4227 cum
2848 4180 3134 4243 tantopere
3165 4174 3385 4227 labora-

1787 4268 1885 4329 ris,
1931 4280 1997 4321 ac
2039 4265 2246 4321 frustra
2289 4273 2402 4319 tam
2452 4264 2684 4335 inﬁnitis
2719 4264 3092 4321 voluminibus
3141 4267 3385 4321 conscri-

1790 4360 1985 4416 bendis
2027 4359 2305 4431 quoddam
2356 4360 2455 4415 tibi
2496 4368 2774 4414 certamen
2813 4359 3096 4416 indixeris.
3133 4359 3191 4415 Si
3235 4362 3381 4416 enim

76 4462 169 4522 είς
209 4457 416 4527 ψόγους
462 4458 557 4511 καὶ
599 4457 784 4521 δόλους
830 4456 1192 4528 ματαιότητος
1230 4454 1517 4519 ἀναλώσας
1550 4470 1683 4524 σφο-

1811 4469 1981 4508 rerum
2021 4461 2127 4519 est,
2176 4453 2324 4523 quod
2377 4452 2445 4509 de
2491 4462 2543 4507 te
2586 4453 2921 4523 percrebuit,
2968 4467 3064 4508 sex
3115 4452 3381 4507 librorum

74 4550 237 4622 ὁρῶς
273 4549 367 4601 καὶ
408 4548 585 4611 κενῶς
614 4547 714 4619 τὴν
754 4546 854 4620 σὴν
888 4547 1153 4618 ἐργασίαν
1200 4548 1567 4617 καταστήσας,
1599 4544 1687 4599 διὰ

75 4640 202 4693 τῶν
245 4638 562 4707 ἀναγκαίων
613 4631 689 4691 ὧν
734 4636 1149 4709 παρεχάραξας,
1206 4636 1529 4690 ἀνέλπιστον
1586 4635 1687 4707 τῆς

78 4732 370 4805 ἐμπορίας
401 4749 495 4786 σου
525 4728 619 4785 τὸν
650 4732 897 4803 κάματον
927 4731 1320 4803 περιεποιήσω.
1356 4732 1420 4784 El
1450 4730 1557 4803 γάρ
1585 4730 1687 4784 οὐκ

76 4826 381 4881 ἀνίσταται
432 4817 495 4876 τὸ
535 4823 715 4895 σῶμα,
758 4824 880 4877 οὐδὲ
926 4825 958 4895 ἡ
996 4824 1142 4895 ψυχή
1176 4840 1230 4876 τι
1260 4823 1681 4895 κληρονομήσει.

76 4920 209 4976 Μία
241 4916 351 4989 γὰρ
381 4918 475 4970 καὶ
508 4918 542 4989 ἠ
576 4917 716 4987 αὑτὴ
758 4917 1013 4971 κοινωνία
1058 4915 1153 4969 τοῦ
1194 4932 1253 4969 τε
1287 4914 1540 4987 σώματος
1588 4913 1685 4969 καὶ

76 5014 193 5084 τῆς
225 5010 427 5081 ψυχῆς,
475 5011 570 5063 καὶ
614 5008 713 5081 μία
748 5009 1000 5081 ἐργασία.
1045 5008 1368 5064 Ἀνάστασιν
1397 5007 1455 5061 δὲ
1482 5007 1684 5079 παλιμ-

164 5168 184 5197 ¹
219 5162 286 5220 F.
315 5165 416 5238 τὴν
442 5164 607 5219 αὑτοῦ
629 5164 967 5238 ἀνατροπὴν.
1043 5167 1064 5198 ⁸
1094 5161 1159 5220 F.
1202 5157 1267 5219 ὦ.

167 5320 286 5392 (Mi)
327 5321 461 5376 Ὑπὸ
493 5322 600 5377 τοῦ
616 5322 951 5392 μακαρίτου
978 5322 1291 5378 Μεθοδίου.
1320 5322 1545 5381 Notabis
1573 5323 1687 5380 Me-

80 5394 346 5447 thodium
380 5393 487 5446 alio
515 5394 737 5449 nomine
775 5395 851 5447 όίι
868 5404 979 5447 tum
1017 5393 1330 5448 Eubulium.

167 5462 285 5533 (47)
321 5462 568 5528 Πάντως
598 5480 718 5518 που
764 5469 859 5518 καὶ
896 5466 1010 5533 ἔπη
1051 5465 1338 5521 τοσαῦτα.
1379 5465 1527 5536 Ἔπη
1558 5472 1688 5520 sunt

85 5536 286 5593 verba,
320 5549 428 5587 non
459 5549 673 5590 versus.

165 5604 285 5673 (48)
319 5606 387 5657 El
410 5604 519 5673 γάρ
540 5606 711 5660 ἐστιν
732 5604 955 5670 ἀληθὲς
976 5602 1006 5657 ὃ
1025 5604 1153 5673 περὶ
1180 5607 1294 5660 σοῦ
1318 5606 1538 5673 ᾄδεται.
1585 5606 1685 5661 llic

84 5677 186 5730 ille
212 5674 398 5747 ~locus
432 5683 537 5739 est,
573 5692 639 5731 ex
672 5693 783 5746 quo
828 5676 1057 5731 Ruﬁnus
1087 5677 1338 5747 Origenis
1379 5678 1682 5741 adamator,

86 5756 151 5801 ct
174 5745 249 5801 ab
283 5741 615 5817 Hieronymo
655 5741 819 5823 atque
843 5747 1146 5819 Epiphanio
1166 5741 1235 5803 ob
1265 5748 1318 5803 id
1346 5748 1577 5814 alienus,
1600 5764 1683 5804 as-

1797 4546 1969 4600 millia
2004 4560 2033 4599 a
2088 4557 2138 4603 te
2172 4560 2294 4602 esse
2335 4546 2673 4618 conscripta,
2716 4562 2749 4601 o
2786 4545 3003 4612 infelix,
3044 4547 3135 4618 qui
3179 4548 3384 4627 inanis-

1794 4640 1935 4695 sime
1962 4639 2277 4705 desudaris,
2312 4654 2377 4695 ac
2400 4649 2634 4696 conatus
2658 4648 2784 4696 tuos
2815 4656 3009 4697 omnes
3034 4649 3185 4696 tanta
3211 4642 3380 4698 animi

1792 4733 2149 4789 contentione
2204 4733 2261 4788 in
2290 4733 2725 4803 vituperationes
2780 4749 2845 4787 ac
2872 4735 3201 4791 vanissimas
3234 4735 3383 4790 frau-

1791 4825 1888 4881 des
1916 4826 2297 4896 insumpseris,
2336 4842 2562 4896 operam
2594 4816 2830 4898 denique
2864 4835 3013 4882 tuam
3043 4828 3248 4883 frustra
3285 4844 3381 4899 po-

1792 4919 1995 4984 sueris,
2033 4918 2294 4973 nimirum
2314 4920 2623 4990 praecipuis
2653 4920 2763 4975 illis
2798 4936 2862 4975 ac
2898 4921 3229 4976 necessariis
3260 4920 3379 4977 fidei

1792 5011 2065 5081 capitibus
2113 5010 2502 5082 depravandis,
2554 5012 2905 5083 deSperatum
2968 5026 3032 5067 ac
3067 5012 3249 5070 fructu
3286 5032 3380 5071 ca-

1788 5325 2007 5379 serebat
2039 5320 2661 5394 Epiphaniumjactasse
2689 5336 2787 5394 se}
2818 5321 3082 5394 librorum
3108 5324 3273 5377 millia
3305 5323 3375 5378 ab

1786 5394 2021 5463 Origene
2054 5392 2366 5463 conscripta
2395 5408 2453 5448 se
2485 5392 2704 5462 legisse.
2734 5392 2893 5458 Quod
2925 5393 3274 5463 nugacissimi
3309 5409 3373 5447 ac

1785 5462 2070 5520 vanissimi
2138 5462 2377 5519 hominis
2429 5469 2803 5517 commentum
2858 5462 3057 5518 refellit
3104 5462 3375 5531 Hierony-

1785 5553 1909 5591 mus
1944 5537 2100 5602 Apol.
2138 5553 2174 5591 ιι
2210 5535 2263 5588 in
2293 5534 2569 5589 eumdem.
2604 5533 2887 5603 Nusquam
2919 5536 3065 5588 enim
3100 5542 3195 5588 aut
3225 5537 3294 5588 dc
3318 5535 3375 5586 li-

1783 5607 2007 5661 brorum
2048 5621 2278 5660 uumero
2316 5605 2601 5659 ailirmavit
2634 5605 2994 5675 Epiphanius,
3028 5615 3117 5675 aut
3149 5606 3373 5659 totidem

1784 5692 1813 5730 a
1845 5694 1905 5731 se
1944 5678 2117 5749 lectos
2146 5676 2517 5749 conﬁrmavit.
2550 5674 2987 5749 AAddit’llict'ou.
3024 5674 3092 5732 de
3118 5676 3371 5749 Origcnis

1783 5748 2002 5819 scriptis
2036 5746 2250 5803 Eusebii
2287 5747 2682 5805 testimonium.
