3822 6330
442 293 579 359 ms

1817 317 1875 372 S.
1920 316 2254 374 EPII’B.\NII

3560 318 3699 376 “80

441 427 653 474 tentem
689 420 837 475 omni
868 424 1254 492 negotiationis
1280 436 1384 481 tua:
1423 428 1665 485 laborem
1700 430 2004 485 reddidisti.

2133 433 2283 495 ἥλως
2314 434 2407 485 καὶ
2439 433 2598 496 αὐτὸς
2625 432 2922 503 ὁμολογῶν,
2952 432 3506 501 πεφαντασιασμὲνην
3528 430 3690 501 δόκη-

440 510 576 565 Nam
606 512 653 565 si
688 527 892 582 corpus
921 530 1030 569 non
1054 520 1314 587 resurgit,
1346 522 1495 574 nulla
1524 520 1635 589 jam
1674 523 1867 577 animae
1890 539 2016 591 spes

446 600 778 656 hereditatis
818 603 1168 674 relinquitur.
1197 607 1360 678 592
1397 607 1566 663 Unica
1608 612 1752 665 enim
1801 620 1886 666 est
1926 627 2018 666 ea-

442 689 673 759 demque
708 694 956 762 corporis
997 698 1300 767 animmque
1338 702 1685 766 communio;
1727 718 1825 770 par
1856 710 2017 772 atque

447 782 586 836 idem
629 799 786 853 opus.
822 779 903 835 Tu
939 802 1065 843 vero
1100 791 1551 846 resurrectionem
1583 792 1747 846 etiam
1792 794 2019 848 subdole

447 874 753 944 callideque
791 878 1078 944 confitens,
1118 894 1225 933 non
1270 880 1347 934 rei
1391 883 1695 947 veritatem,
1740 883 1832 937 sed
1881 883 2018 937 falsa

449 964 631 1032 specie
662 965 1039 1021 adumbratam
1072 967 1361 1040 imaginem
1409 972 1672 1035 retinens,
1712 973 1888 1027 solum
1920 988 2019 1027 no-

448 1069 571 1108 men
616 1071 882 1125 usurpare
927 1059 1160 1129 cogeris.
1190 1058 1322 1125 Quae
1354 1062 1500 1116 enim
1550 1063 1744 1117 animae
1785 1062 1894 1117 dici
1934 1078 2021 1118 re—

449 1146 714 1200 surrectio
741 1156 936 1217 potest,
961 1164 1083 1219 qua:
1113 1166 1288 1221 neque
1319 1152 1467 1207 cadit
1503 1168 1766 1223 unquam,
1799 1168 1899 1209 nec
1932 1169 2022 1209 se-

451 1237 679 1304 pultura:
716 1240 1027 1305 mandatur,
1062 1243 1158 1297 sed
1187 1243 1271 1296 vel
1298 1244 1659 1313 appellatione
1688 1247 1807 1314 ipsa
1843 1245 2025 1298 decla-

450 1336 556 1389 rat,
594 1330 863 1399 corporis,
892 1333 1051 1401 quod
1095 1334 1355 1390 ceciderit
1403 1336 1786 1406 sepultumque
1839 1334 2022 1400 fuerit,

449 1421 905 1476 resurrectionem
956 1438 1079 1479 esse
1122 1425 1436 1495 propriam;
1476 1442 1637 1495 quam
1674 1427 1895 1495 ubique.
1940 1436 2027 1480 ato

448 1524 557 1577 que
598 1510 654 1564 in
694 1512 841 1566 omni
886 1513 1169 1585 Scriptura
1197 1517 1447 1574 veritatis
1483 1518 1575 1572 lilii
1618 1518 1933 1587 praedicant.
1968 1516 2023 1572 Si

451 1598 617 1666 igitur
655 1600 880 1655 minime
926 1605 1184 1673 resurgit,
1230 1621 1502 1676 nusquam
1536 1607 1627 1660 illa
1659 1615 1744 1663 est
1777 1606 2027 1675 Scriptu-

451 1706 636 1744 rarum
685 1696 930 1748 omnium
979 1698 1327 1754 monimentis
1360 1699 1633 1755 celebrata
1675 1700 2025 1755 resurrectio.

2119 539 2226 584 σιν,
2255 522 2349 573 καὶ
2378 524 2477 574 οὐκ
2499 522 2768 593 ἀληθινῶς
2796 523 2954 592 ἔχων,
2990 520 3277 593 ἀναγκάζῃ
3495 522 3560 573 τὸ
3580 522 3683 573 ovo

2121 631 2195 682 μα
2221 612 2421 681 λέγειν.
2441 614 2759 676 Ἀνάστασις
2787 611 2879 667 οὖν
2918 616 3046 667 ποῖα
3078 614 3257 683 ψυχῆς
3284 613 3509 665 δύναται
3542 614 3670 677 λέγε

2121 703 2264 767 σθαι,
2314 706 2412 774 τῆς
2462 706 2535 775 μὴ
2586 705 2891 775 πιπτούσης
2934 705 3069 775 μηδὲ
3113 705 3456 774 θαπτομένης
3483 724 3500 770 ;

2118 794 2251 865 δήλη
2276 796 2421 847 ἐστὶν
2450 798 2513 849 ὲκ
2541 796 2636 848 τοῦ
2666 797 2947 865 ὀνόματος,
2981 800 3063 850 ὅτι
3094 797 3187 849 τοῦ
3220 796 3475 859 πεσόντος
3510 794 3671 864 σῶμα

2120 902 2209 948 τος
2242 886 2337 938 καὶ
2366 886 2627 954 ταφέντος
2658 891 2690 957 ἠ
2726 888 3021 949 ἀνάστασις
3052 888 3223 956 πάντη
3252 904 3311 939 τε
3336 888 3433 939 καὶ
3454 886 3516 937 ὲν
3546 887 3696 954 πασῃ

2124 974 2307 1045 Γραφῇ
2332 976 2476 1027 ἐστιν
2498 993 2567 1045 κη
2577 977 2878 1047 ρυττομὲνη
2896 976 3001 1029 ὑπὸ
3024 976 3130 1029 τῶν
3143 976 3275 1027 υἱῶν
3293 975 3392 1044 τῆς
3410 974 3693 1043 think-13;.

2122 1062 2185 1114 Ei
2222 1063 2277 1115 δὲ
2319 1064 2419 1116 οὐκ
2457 1065 2762 1129 ἀνίσταται,
2792 1067 2893 1119 οὐκ
2928 1065 3007 1118 ἔνι
3038 1068 3071 1135 ἠ
3104 1064 3193 1117 διὰ
3234 1064 3424 1117 πασῶν
3460 1062 3697 1134 Γραφῶν

2121 1155 2500 1225 κηρυττομένη
2532 1156 2847 1220 ἀνάστασις.
2883 1157 2945 1209 Εἰ
2973 1157 3032 1209 δὲ
3062 1157 3354 1217 ἀνάστασις
3389 1155 3489 1223 οὐχ
3522 1154 3695 1223 ὑπάρ-

2121 1260 2227 1312 χει,
2258 1245 2462 1314 ματαία
2502 1248 2536 1317 ἡ
2576 1246 2676 1316 τῆς
2702 1245 2810 1299 τῶν
2848 1247 3057 1319 νεκρῶν
3087 1247 3431 1308 ἀναστάσεως
3465 1246 3695 1315 προσδο-

2123 1336 2238 1392 κία.
2267 1338 2342 1389 Οὐ
2363 1336 2471 1409 γὰρ
2490 1336 2678 1407 ψυχῶν
2698 1337 2992 1401 ἀνάστασίς
3019 1339 3136 1390 ἐστι
3156 1337 3263 1389 τῶν
3293 1337 3367 1407 μὴ
3390 1334 3698 1395 πεσουσῶν,

2124 1427 2257 1481 ἀλλὰ
2280 1428 2544 1498 σωμάτων
2564 1428 2673 1481 τῶν
2698 1428 3074 1499 τεθαμμένων.
3106 1429 3169 1481 Ei
3195 1428 3251 1481 δὲ
3284 1427 3378 1480 καὶ
3409 1426 3581 1497 μέρος
3603 1424 3697 1492 τῆς

2124 1521 2472 1583 ἀναστάσεως
2532 1520 2823 1591 ἐγείρεται,
2889 1520 3053 1592 μέρος
3103 1520 3161 1573 δὲ
3208 1518 3553 1579 ἀποτίθεται,
3593 1516 3698 1586 ἄρα

2125 1612 2281 1665 τοῦτο
2308 1612 2369 1664 τὸ
2404 1614 2568 1683 μέρος
2612 1612 2728 1675 πῶς
2770 1613 2953 1677 Eant;
2995 1614 3070 1667 Οὐ
3111 1612 3220 1683 γὰρ
3250 1610 3472 1664 δύναται
3507 1610 3569 1661 ὲν
3601 1608 3698 1660 cib-

2132 1719 2263 1771 ματι
2296 1698 2437 1755 εἶναι
2469 1702 2609 1773 μέρη
2648 1702 2991 1772 ἐγειρόμενα,
3037 1702 3131 1754 καὶ
3158 1700 3298 1771 μέρη
3326 1698 3699 1766 ἀπατιθέμενα

452 1779 678 1837 Sublata
716 1800 879 1854 porro
927 1790 1350 1853 resurrectione,
1396 1806 1532 1845 vana
1562 1799 1649 1847 est
1685 1799 2024 1846 mortuorum

2133 1791 2223 1843 καὶ
2260 1790 2744 1861 καταλιμπανόμεν
2756 1810 2809 1845 α.

451 1882 871 1936 resurrectionis
894 1885 1251 1953 exspectatio.
1280 1883 1396 1939 Non
1422 1886 1566 1940 enim
1596 1885 1664 1940 ad
1712 1887 1926 1941 animas
1958 1886 2048 1940 illa
2113 1885 2395 1940 transferri
2440 1894 2636 1955 potest,
2679 1900 2801 1955 qua:
2847 1901 3185 1957 nequaquam
3237 1884 3565 1945 ceciderint,
3609 1880 3703 1938 sed

450 1972 789 2039 couisepultis
818 1981 903 2028 est
931 1976 1222 2029 tribuenda
1251 1979 1595 2046 corporibus.
1628 1977 1783 2043 Quod
1818 1980 1864 2033 si
1895 1992 2021 2048 pars
2081 1978 2261 2047 aliqua
2324 1978 2729 2032 resurrectione
2776 1978 3100 2043 suscitatur,
3140 1977 3246 2031 alia
3296 1993 3427 2048 pars
3476 1975 3703 2043 deponi-

453 2066 563 2118 tur.
616 2060 741 2129 quis
795 2063 900 2116 erit
956 2065 1175 2120 tandem
1227 2067 1399 2135 partis
1454 2067 1601 2124 illius
1658 2068 1873 2122 status?
1939 2068 2058 2123 Non
2091 2068 2236 2123 enim
2288 2077 2522 2138 possunt
2554 2068 2674 2122 alia:
2712 2068 2767 2122 in
2800 2083 3032 2138 corpore
3086 2067 3311 2122 excitari
3354 2075 3569 2137 partes,
3608 2062 3703 2117 de-

457 2154 655 2223 positis
684 2156 807 2211 aliis
834 2173 896 2213 ac
934 2160 1161 2215 relictis.

524 2244 681 2312 Quod
720 2256 901 2303 autem
929 2258 983 2304 et
1017 2251 1253 2307 animale
1284 2265 1482 2322 corpus
1521 2259 1575 2307 et
1610 2252 1857 2323 spiritale
1893 2253 2032 2309 diei-

454 2346 564 2399 tur,
625 2354 734 2393 non
776 2341 856 2394 sic
888 2326 1280 2411 accipiendum
1321 2352 1429 2409 est,
1466 2351 1529 2399 ut
1569 2346 1717 2401 aliud
1758 2347 2027 2417 spiritale,

453 2432 603 2486 aliud
640 2434 874 2488 animale
925 2436 1016 2498 sit,
1049 2436 1142 2490 sed
1184 2445 1243 2490 ut
1273 2437 1415 2492 idem
1464 2446 1629 2507 atque
1669 2454 1836 2493 unum
1871 2438 2031 2493 ambo

454 2524 544 2577 illa
594 2532 941 2579 censeantur.
992 2524 1206 2582 Etenim
1257 2528 1498 2597 quandiu
1552 2530 1607 2583 in
1663 2529 1766 2584 hoc
1827 2531 2031 2585 mundo

457 2627 765 2676 versamur,
799 2628 864 2670 ac
895 2615 1279 2685 eorruptibiles
1318 2617 1504 2673 carnis
1537 2616 1846 2674 functiones
1873 2635 2032 2674 exer-

454 2719 664 2766 cemus,
703 2705 959 2760 animalia
1001 2722 1230 2777 corpora
1277 2716 1424 2762 sunt.
1468 2707 1603 2763 Tum
1655 2710 1800 2764 enim
1850 2712 2030 2764 anima

457 2795 712 2849 absurdis
750 2802 913 2865 atque
950 2797 1370 2853 abhorrentibus
1407 2799 1462 2854 in
1502 2800 2028 2856 rebus.servitutem

2199 2248 2323 2301 Ὅτι
2353 2247 2410 2300 δέ
2445 2248 2560 2299 ὲστι
2595 2245 2752 2315 σῶμα
2784 2242 3035 2315 ψυχικὸν,
3072 2244 3167 2296 καὶ
3203 2243 3317 2295 ἔστι
3353 2242 3519 2312 σῶμα
3549 2260 3706 2295 πνευα

2132 2339 2381 2410 ματικὺν,
2413 2337 2515 2391 οὐκ
2550 2335 2677 2390 ἄλλο
2719 2336 2879 2405 σῶμα
2908 2332 3297 2403 πνευματικὸν,
3330 2334 3427 2385 καὶ
3459 2333 3593 2386 ἄλλο
3619 2334 3689 2401 ευ

2127 2430 2302 2500 χικὸν,
2326 2429 2438 2483 ἀλλ’
2462 2429 2592 2481 αὐτὸ
2610 2426 2863 2498 ψυχικὸν,
2885 2424 3015 2478 αὐτὸ
3038 2424 3424 2493 πνευματικόν.
3447 2424 3580 2476 Ὅτε
3604 2425 3708 2494 γάρ

2130 2526 2298 2594 ἐσμεν
2317 2524 2374 2575 ὲν
2390 2521 2468 2592 τῷ
2486 2521 2694 2591 κόσμῳ,
2721 2520 2816 2572 καὶ
2840 2518 2910 2571 τὰ.
2936 2517 3137 2588 σαρκὸς
3160 2517 3473 2585 πράττομεν
3495 2516 3708 2586 φθαρτὰ

2129 2614 2285 2686 εργα,
2312 2611 2539 2682 σώματά
2565 2613 2681 2664 ἐστι
2709 2609 2937 2681 ψυχικάμ
2968 2608 3302 2679 Δουλεύομεν
3327 2608 3534 2678 γὰρτῇ
3563 2608 3706 2677 ψυχῇ

2129 2707 2185 2759 ἐν
2215 2704 2295 2775 τῷ
2326 2704 2517 2774 κόσμῳ
2558 2703 2617 2755 ὲν
2659 2702 2931 2765 ἀτοπίαις,
2964 2701 3038 2763 ὡς
3070 2701 3163 2753 καὶ
3207 2700 3270 2752 σὺ
3312 2699 3451 2769 ἔφης
3482 2699 3594 2752 ἀπὸ
3624 2700 3710 2768 pi-

2129 2813 2276 2868 ρους.
2309 2796 2439 2848 Ὅτε
2472 2793 2820 2865 ὲγειρόμεθα,
2854 2791 3036 2846 οὐκέτι
3064 2792 3162 2862 τῆς
3189 2790 3439 2865 ψυχῆςνή
3468 2790 3704 2850 δωλεία,

462 2886 722 2956 patimur,
742 2886 803 2953 «id
830 2888 974 2957 quod
1010 2896 1064 2943 ct
1097 2897 1151 2943 tu
1184 2889 1362 2960 aliqua
1389 2906 1452 2944 ex
1482 2899 1635 2960 parte
1655 2891 1859 2945 dixisti.
1892 2892 2029 2947 Cum

2133 2887 2267 2941 ἀλλὰ
2296 2884 2657 2956 πνεύματοςὴ
2686 2883 2997 2948 ἀκολουθία,
3029 2882 3359 2937 ἁπεντεῦθεν
3386 2881 3485 2952 ἤδη
3513 2882 3717 2951 ἔχωσι

458 2986 639 3033 autem
672 2978 739 3031 ad
775 2979 937 3032 vitam
979 2981 1304 3045 excitamur,
1338 2983 1518 3036 anima
1547 2984 1812 3038 servitute
1842 2983 1936 3037 illa
1966 2984 2029 3037 Ii-

2133 2979 2220 3032 τδν
2264 2976 2561 3050 ἀρραϐῶνα
2603 2977 2692 3030 διὰ
2722 2976 2817 3030 τοῦ
2862 2975 3169 3047 εἰρημένου·
3214 2977 3285 3028 Ei
3317 2973 3504 3043 ζῶμεν
3533 2974 3710 3026 πνειὲ-

462 3066 705 3131 beratur,
746 3081 809 3120 ac
838 3068 1068 3137 spiritus
1105 3071 1363 3124 continua
1396 3071 1655 3140 deinceps
1685 3070 2029 3125 administra-

2133 3088 2291 3141 ματι,
2332 3070 2622 3139 πνεύματι
2669 3068 2767 3121 καὶ
2816 3065 3169 3137 στοιχῶμεν,
3200 3066 3300 3129 τὰς
3346 3064 3576 3137 πράξεις
3616 3064 3710 3116 τοῦ

463 3155 539 3209 tio
582 3156 829 3210 succedit
874 3176 887 3211 :
925 3173 1046 3226 qua:
1106 3159 1233 3213 hinc
1284 3160 1428 3215 velut
1472 3162 1691 3215 arrham
1736 3176 1801 3217 ac
1828 3150 2031 3233 'pignus

2136 3160 2388 3232 σώματος
2423 3157 2776 3221 θανατοῦντες
2819 3157 3092 3228 ζήσωμεν.
3137 3156 3335 3209 Οὐκέτι
3374 3154 3486 3225 γὰρ
3523 3157 3709 3224 γάμοι,

464 3247 697 3309 obtinet,
747 3249 970 3317 perinde
1014 3264 1079 3304 ac
1106 3250 1373 3321 scriptum
1413 3260 1538 3307 est:
1570 3252 1629 3307 Si
1674 3253 1867 3322 spiritu
1915 3254 2031 3308 vivi-

2133 3254 2314 3308 οὐκέτι
2359 3252 2667 3322 ἐπιθυμίαι,
2717 3250 2901 3303 οὐκέτι
2952 3248 3162 3317 ἀγῶνες
3220 3250 3333 3311 τοῖς
3385 3246 3723 3316 ἐγκράτειαν.

464 3356 601 3404 mus,
648 3341 839 3408 spiritu
875 3352 923 3396 et
956 3342 1284 3398 ambulemus
1308 3345 1347 3398 ι.
1382 3342 1440 3398 Si
1472 3354 1654 3401 autem
1688 3346 1884 3417 spiritu
1932 3362 2031 3401 am-

2133 3345 2651 3415 ἐπαγγελλομένοις,
2683 3341 2867 3395 οὐκέτι
2896 3341 3317 3411 παραπτώματα
3353 3340 3577 3407 ἁγνείας
3624 3340 3711 3392 ἀν·

464 3430 745 3497 bulemus,
788 3433 1035 3489 actiones
1068 3436 1319 3505 corporis
1364 3435 1516 3491 velut
1560 3448 1857 3493 enecantes
1896 3438 2031 3492 viva-

2133 3437 2356 3502 τίπαλα,
2395 3435 2577 3489 οὐκέτι
2615 3433 2885 3506 ἐνέργειαι
2930 3435 2986 3485 αἱ
3034 3430 3267 3488 ἐνταῦθα
3313 3430 3709 3501 πραττόμεναι·

462 3536 608 3579 tuus.
663 3520 835 3577 Nullae
897 3523 1080 3594 itaque
1121 3525 1360 3595 amplius
1419 3528 1662 3597 nuptiae,
1707 3528 2031 3598 cupiditates

2138 3527 2295 3593 ἀλλὰ,
2322 3527 2398 3589 ὡς
2431 3526 2595 3595 φησὶν
2636 3526 2664 3578 ὀ
2702 3524 2926 3596 Κύριος,
2962 3524 3012 3576 οἱ
3044 3522 3471 3586 καταξιωθέντες
3500 3521 3712 3587 ἐκείνης

465 3612 649 3678 nullae,
674 3616 823 3668 nulla
849 3616 1243 3671 continentiam
1267 3616 1530 3685 professis
1557 3619 1875 3684 certamina,
1897 3620 2030 3673 nulli

2140 3618 2237 3687 τῆς
2278 3616 2629 3678 ἀναστάσεως
2659 3613 2783 3667 οὔτε
2819 3607 3111 3683 γαμοῦσιν,
3155 3610 3279 3665 οὒτε
3326 3609 3711 3681 γαμίσκονται,

463 3704 697 3759 castitati
747 3705 934 3774 lapsus
975 3707 1261 3771 contrarii,
1315 3708 1477 3763 nulla:
1528 3708 1762 3778 denique
1793 3710 2031 3763 actiones

2143 3710 2257 3764 ἀλλ’
2291 3712 2430 3764 εἰσὶν
2459 3710 2536 3773 ὡς
2560 3708 2805 3778 ἄγγελοι.

465 3796 734 3863 ejusmodi
768 3807 1084 3866 supersunt,
1117 3814 1237 3869 qum
1268 3799 1321 3853 in
1348 3799 1449 3854 hac
1481 3804 1586 3854 vita
1609 3809 1896 3871 geruntur.
1925 3801 2034 3857 Sed
2066 3803 2210 3872 quod
2240 3801 2495 3857 Salvator
2524 3802 2750 3867 asserit,
2774 3799 2865 3871 qui
2889 3798 3295 3856 resurrectione
3353 3797 3447 3853 illa
3511 3794 3711 3869 dignati

468 3882 689 3956 literint,
729 3906 905 3962 neque
936 3892 1145 3948 ducunt
1176 3909 1399 3959 uxores,
1452 3912 1633 3966 neque
1662 3897 1898 3964 nubunt,
1948 3898 2044 3953 sed
2071 3906 2201 3953 sunt
2225 3898 2369 3953 sicut
2392 3895 2569 3967 angeli
2592 3898 2633 3950 '.

538 3987 719 4043 LXIV.
759 3992 1226 4057 Quemadmodum
1278 3995 1580 4051 translatus
1617 4011 1701 4052 est
1738 3994 1946 4061 Enoch,
1984 4004 2031 4049 ut

2208 3994 2324 4050 ΞΔ’.
2359 3994 2449 4057 Ὦς
2473 3994 2566 4047 καὶ⁵
2595 3991 2857 4063 μετετέθη
2892 3987 3061 4059 Ἑνὼχ
3078 3987 3173 4041 τοῦ
3198 3987 3273 4060 μὴ
3314 3987 3441 4041 ἰδεῖν
3463 3986 3709 4045 θάνατον.

470 4098 579 4140 lnm
627 4084 836 4140 videret
872 4094 1123 4151 mortem,
1157 4094 1212 4142 et
1239 4102 1349 4143 non
1385 4087 1638 4143 inventus
1680 4097 1767 4143 est
1785 4089 1829 4142 ³.
1857 4087 2031 4158 Neque

2141 4089 2236 4143 καὶ
2266 4089 2364 4157 οὐχ
2394 4086 2698 4159 εὑρίσκετο.
2735 4085 2811 4138 Οὐ
2845 4082 3105 4154 μετετέθη
3132 4082 3210 4145 δὲ,
3246 4080 3341 4135 καὶ¹
3367 4079 3625 4134 κατέλιπε
3648 4079 3702 4130 τὺ

470 4191 598 4230 vero
636 4175 708 4229 ita
738 4178 1035 4234 translatus
1064 4187 1168 4243 est,
1199 4186 1259 4233 ut
1298 4193 1500 4249 corpus
1542 4178 1862 4249 corporisve
1912 4193 2031 4247 par-

2141 4181 2300 4251 σῶμα
2350 4179 2384 4250 ἢ
2432 4179 2599 4250 μέρος
2659 4176 2753 4229 τοῦ
2800 4174 3071 4247 σώματος.
3113 4174 3177 4227 Et
3220 4172 3329 4242 γὰρ
3366 4171 3626 4225 κατέλιπε
3658 4169 3712 4222 τὸ

472 4277 578 4323 tem
618 4268 974 4338 relinqueret.
1005 4268 1141 4326 Nam
1182 4270 1229 4327 si
1267 4285 1469 4341 corpus
1497 4270 1849 4341 relinqueret,
1892 4285 2031 4324 mor-

2140 4274 2318 4343 σῶμα,
2352 4266 2489 4324 εἶδεν
2513 4270 2620 4340 ἄρα
2652 4267 2901 4322 θάνατον.
2945 4267 3003 4318 ’0
3043 4265 3100 4319 δὲ
3134 4265 3231 4318 σὺν
3257 4264 3467 4333 σώματι
3494 4278 3710 4333 μετατε-

470 4361 582 4412 tem
620 4354 806 4425 utique
834 4358 1064 4413 videret.
1090 4357 1271 4425 Quare
1300 4375 1409 4414 una
1444 4376 1569 4415 cum
1597 4375 1830 4430 corpore
1856 4368 2031 4415 trans-

2144 4364 2256 4429 θεὶς
2280 4363 2380 4416 οὐκ
2413 4358 2521 4415 εἶδε
2546 4360 2795 4415 θάνατον.
2844 4359 2933 4411 Ἐν
2962 4356 3175 4427 σώματι
3206 4355 3313 4426 γὰρ
3345 4354 3511 4465 {dum

474 4445 616 4502 latus
680 4455 908 4507 mortem
961 4450 1185 4509 omnino
1240 4467 1350 4508 non
1392 4452 1548 4507 vidit.
1596 4451 1874 4523 Siquidem
1919 4454 2031 4508 vive

2145 4474 2229 4530 χει
2268 4452 2647 4525 πνευματικῶς
2688 4452 3011 4523 φερόμενος,
3056 4448 3150 4502 καὶ
3191 4448 3312 4517 οὐχὶ
3352 4446 3599 4517 ψυχικῶς
3634 4446 3710 4497 διὰ

474 4537 653 4593 adhuc
678 4553 742 4592 ac
772 4541 1014 4608 spirante
1043 4556 1274 4611 corpore
1309 4543 1594 4612 praeditus,
1625 4544 1857 4613 spiritali
1892 4558 2031 4599 more

2144 4548 2243 4617 τὴν
2274 4544 2583 4617 μετάθεσιν,
2615 4542 2859 4610 καίτοιγε
2884 4544 2942 4596 ὲν
2983 4542 3195 4611 σώματι
3216 4539 3291 4591 ὢν
3314 4540 3707 4608 πνευματικῶς.

475 4646 584 4689 non
604 4631 848 4695 animali,
874 4640 1094 4702 prepter
1112 4634 1522 4689 translationem
1537 4635 1683 4689 illam
1700 4635 1865 4703 degit,
1885 4634 2045 4707 593

474 4739 599 4779 cum
635 4724 690 4779 in
729 4740 958 4796 corpore
1006 4742 1256 4798 peraeque
1304 4728 1535 4799 spiritali
1578 4728 1741 4787 modo
1778 4738 2044 4785 versetur.

477 4815 624 4873 Idem
661 4832 790 4872 vero
815 4825 868 4871 et
897 4816 964 4873 de
1008 4818 1123 4872 Elia
1171 4818 1330 4874 fateri
1364 4834 1585 4876 necesse
1619 4826 1733 4888 est,
1765 4821 1857 4891 qui
1891 4820 2049 4891 igneo

476 4922 644 4962 curru
681 4907 736 4961 in
795 4908 1028 4963 sublime
1080 4916 1165 4965 est
1214 4909 1484 4967 evectus‘
1525 4929 1537 4966 :
1575 4926 1699 4967 esse
1750 4911 1932 4966 adhuc
1991 4910 2047 4966 in

478 5013 645 5054 carne
682 5000 963 5064 nimirum,
1011 5002 1109 5058 sed
1159 5001 1391 5076 spiritali
1431 5017 1619 5067 carne,
1654 5018 1776 5077 quae
1815 5018 1927 5065 non
1958 5002 2044 5058 bis

481 5090 647 5146 rebus
671 5093 903 5161 amplius
931 5108 1068 5163 opus
1101 5094 1320 5162 habeat,
1349 5094 1571 5165 quibus,
1610 5110 1735 5150 cum
1760 5094 1816 5150 in
1841 5094 2046 5150 mundo

480 5182 661 5238 adhuc
704 5192 869 5250 esset,
901 5185 1195 5256 indigebat.
1227 5186 1547 5255 Cuiusmodi
1586 5194 1691 5252 est,
1740 5187 1812 5242 ali
1852 5200 2049 5242 corvo-

482 5290 604 5331 rum
634 5275 967 5340 ministerio,
1008 5292 1073 5332 ex
1097 5277 1321 5333 Cliorati
1348 5286 1593 5335 torrente
1626 5280 1811 5335 bibere
1834 5318 1849 5343 ,
1883 5289 2048 5353 atque

482 5368 645 5421 ovilla
676 5368 813 5437 pelle
847 5369 1084 5440 contegi,
1126 5370 1219 5425 sed
1250 5370 1358 5425 alio
1383 5372 1619 5442 quodam
1648 5371 1911 5442 spiritalis
1938 5370 2049 5427 cibi

2157 4637 2317 4692 Ἀλλά
2345 4636 2439 4695 καὶ
2468 4636 2596 4707 περὶ
2617 4633 2712 4695 τοῦ
2754 4632 2908 4686 Ἠλία
2939 4632 3223 4694 ὡσαύτως.
3254 4632 3335 4683 ὃτι
3364 4630 3638 4700 ἀνελήφθη
3658 4632 3709 4681 ὲν

2145 4729 2352 4799 ἆρματι
2397 4727 2627 4798 πυρίνῳ,
2662 4727 2759 4781 καὶ
2787 4725 2935 4779 ἐστιν
2980 4724 3059 4777 ἔτι
3110 4725 3169 4776 ὲν
3221 4722 3408 4794 σαρκὶ,
3459 4724 3623 4793 σαρκὶ
3658 4724 3706 4774 δὲ

2146 4822 2509 4891 πνευματικῇ,
2537 4819 2629 4872 καὶ
2650 4818 2751 4871 οὐκ
2784 4815 3102 4887 animum;
3127 4815 3235 4869 τῶν
3261 4815 3350 4869 ἀεὶ
3371 4816 3417 4879 ⁸,
3450 4816 3535 4869 ὅτι
3555 4815 3613 4867 ἓν
3640 4814 3708 4880 τῷ

2146 4912 2336 4982 κόσμῳ
2364 4911 2540 4982 τούτῳ
2572 4910 2805 4981 ὑπῆρχε,
2852 4907 2940 4961 διὰ
2980 4906 3231 4979 κοράκων
3270 4905 3587 4977 τρέφεσθαι,
3625 4904 3709 4957 καὶ

2149 5005 2256 5065 ἀπὸ
2300 5003 2393 5065 τοῦ
2437 5001 2619 5075 Χορὰτ
2660 5002 2958 5073 χειμάρρου
2999 5001 3193 5064 πίνειν,
3246 4998 3503 5069 μηλωτὴν
3548 4998 3605 5051 δὲ
3636 5000 3709 5049 ὲν-

2150 5095 2390 5161 δύεσθαι,
2422 5094 2558 5148 ἁλλὰ
2597 5092 2892 5165 τρέφεσθαι
2938 5092 3101 5163 ἑτέρα
3137 5092 3244 5144 τινὶ
3277 5094 3451 5162 τροφῇ
3476 5104 3707 5159 πνευμα-

2149 5189 2297 5259 τικῇ,
2336 5181 2405 5255 ἧς
2443 5188 2562 5239 ἐστι
2606 5186 2841 5257 χορηγὸς
2884 5187 2913 5238 ὁ
2951 5184 3022 5237 τὰ
3058 5184 3267 5255 κρύφια
3293 5182 3599 5251 γινώσκων,
3627 5179 3709 5232 καὶ

2152 5279 2358 5353 ἀόρατα
2388 5278 2576 5341 κτίσας
2614 5278 2768 5345 Θεὸς,
2812 5275 3111 5348 ἀμϐροσίαν
3150 5275 3270 5329 τινὰ
3311 5276 3407 5329 καὶ
3450 5274 3707 5344 ἀκήρατον

2154 5369 2292 5441 ἔχων
2319 5370 2420 5440 τὴν
2450 5369 2670 5440 ἐδωδήν.

482 5479 682 5534 genere
719 5463 940 5529 nutriri,
1006 5480 1167 5534 quem
1213 5467 1262 5520 ei
1304 5466 1644 5521 occultorum
1699 5466 1979 5537 cognitor,
2015 5478 2319 5533 eorumque
2392 5477 2513 5532 qua:
2554 5462 2730 5520 videri
2792 5447 3067 5533 nequeunt
3106 5461 3360 5517 conditor
3399 5458 3542 5516 Deus
3590 5470 3705 5525 sup-

486 5555 693 5628 peditat
758 5572 924 5613 nones
962 5572 1123 5628 quem
1169 5557 1477 5625 ambrosiae,
1515 5566 1569 5614 et
1610 5556 1913 5628 incorrupti
1955 5556 2242 5627 cujusdam
2269 5552 2454 5621 pabuli
2487 5554 2642 5624 copia
2678 5561 2783 5608 est.

559 5729 577 5764 ⁸
611 5728 731 5789 Gal.
759 5746 811 5796 v,
843 5733 932 5788 ‘25.
1010 5734 1030 5765 '
1066 5732 1232 5791 Marc.
1263 5749 1361 5799 xu,
1384 5732 1474 5790 23.
1549 5734 1569 5765 ³
1601 5733 1737 5791 Gen.
1768 5748 1818 5799 v,
1852 5731 1940 5789 2|.
2022 5733 2031 5761 ³

2133 5726 2305 5802 ilics.
2341 5746 2405 5797 tt,
2441 5730 2524 5789 ιι.
2596 5729 2615 5758 ³
2642 5728 2767 5784 Cor.
2799 5721 2873 5783 ὧν
2908 5724 3015 5781 ἀει.
