3822 6300
111 325 217 382 ll8l

788 322 1157 380 mensus
1195 302 1533 382 "messes
1570 325 1655 381 Li:

1766 327 1801 381 l.
1844 326 2006 384 TOM.
2040 328 2448 386 1.-11ᾸΞΒΕ8,
2492 330 2667 386 LXIV.

3198 330 3331 388 1189

160 440 256 493 Καὶ
276 439 431 511 ὁρᾷς,
459 439 542 493 ὅτι
569 437 701 492 αὐτὸ
730 439 794 493 τὸ
818 440 979 512 σῶμα
1010 441 1071 494 τὸ
1092 442 1321 511 ψυχικὸν
1350 444 1482 496 αὐτὸ
1506 461 1655 496 πνευ-

1816 444 2236 501 Animadvertis
2270 447 2457 516 itaque
2488 446 2628 501 idem
2653 461 2774 499 esse
2806 445 3039 500 animale
3078 459 3142 499 ac
3172 430 3341 515 spiri-

108 529 325 602 ματικόν,
362 528 439 591 ὡς
465 529 561 581 καὶ
600 531 629 582 6
659 528 865 601 Κύριος
895 532 1054 602 ἡμῶν
1083 532 1283 604 ἀνέστη
1325 536 1390 587 ὲκ
1424 533 1534 587 τῶν
1571 552 1656 588 νε-

105 622 242 691 κρῶν,
288 620 390 673 οὐκ
423 620 552 674 ἀλλο
586 620 745 691 σῶμα
780 622 1019 692 ὲγείρας,
1050 623 1164 676 ἀλλ’
1188 624 1319 677 αὐτὸ
1351 626 1411 677 τὸ
1440 624 1521 690 ὃν,
1563 628 1658 679 καὶ

101 716 176 781 οὐχ
219 712 404 783 ἕτερον
440 711 591 783 παρά
618 716 680 765 τὸ
712 712 792 777 ὂν,
826 714 957 766 αὐτὸ
982 714 1039 767 δὲ
1066 714 1127 767 τὸ
1157 714 1215 767 ὃν
1245 717 1324 778 εἰς
1354 716 1658 788 λεπτότητα

101 802 394 871 parum}.th
430 803 826 875 πνευματικὴν,
859 806 953 858 καὶ
986 806 1356 876 πνευματικὸν
1389 808 1508 860 ὅλον
1534 825 1659 860 συν·-

98 893 298 957 ινώσας·
331 895 714 966 εἰσερχόμενος
744 896 925 969 θυρῶν
960 897 1379 969 κεκλεισμένων·
1403 900 1539 970 ὅπερ
1558 901 1658 952 οὐκ

97 988 351 1057 ἐνδέχεται
386 990 528 1041 κατά
561 990 633 1042 τὰ
668 989 913 1062 ἡμέτερα
945 991 1172 1062 σώματα
1215 992 1447 1046 ἐνταῦθα
1484 994 1657 1065 ὑπάρ-

96 1097 193 1150 χειν
212 1078 369 1133 τοῦτο
398 1080 486 1134 διά
507 1080 569 1133 τὸ
590 1082 908 1154 παχυμερὲς
931 1084 1023 1136 καὶ
1049 1082 1202 1138 οὖπω
1230 1084 1310 1148 είς
1357 1085 1659 1156 λεπτότητα.

97 1172 376 1225 συνενωθὲν
400 1172 798 1243 πνευματικήν.
829 1174 895 1227 Τί
920 1170 1012 1228 οὖν
1038 1170 1105 1246 ἦν
1136 1175 1196 1228 τὸ
1216 1176 1454 1230 εἰσελθὸν
1478 1176 1658 1248 θυρῶν

96 1263 515 1333 κεκλεισμένων;
550 1264 713 1318 Ἀλλο
746 1265 898 1337 παρά
918 1266 978 1319 τὸ
1001 1266 1433 1338 ἐσταυρωμένον,
1465 1268 1497 1337 ἦ
1528 1268 1658 1321 αὐτὸ

93 1352 143 1404 τὸ
166 1356 329 1404 ὲσταυ
340 1352 615 1424 ρωμένον;
649 1356 874 1420 Πάντως
891 1373 992 1409 που
1015 1357 1076 1410 οὐ
1097 1357 1324 1429 δυνήσῃ.
1364 1358 1655 1428 Ὤρίγενες,

95 1442 157 1511 μὴ
186 1441 516 1512 ὁμολογῆσαι
566 1444 699 1496 αὐτὸ
743 1444 804 1496 τὸ
846 1446 1278 1517 ἐσταυρωμένον.
1326 1445 1566 1516 Ἐλέγχει
1599 1464 1656 1499 σε

91 1534 185 1603 γὰρ
204 1532 294 1585 διὰ
325 1533 428 1603 τῆς
452 1532 546 1586 τοῦ
576 1534 749 1604 Θωμᾶ
778 1536 1182 1607 ἀκριϐολογίας,
1216 1535 1456 1589 ἐπειπὼν
1485 1537 1654 1607 αὐτῷ·

90 1625 172 1693 Μὴ
200 1626 371 1694 γίνου
396 1623 672 1691 ἄπιστος,
701 1627 862 1680 ἀλλὰ
898 1630 1131 1695 πιστός.
1174 1628 1379 1693 Ἔδειξε
1418 1629 1526 1700 γὰρ
1564 1629 1657 1682 τύ-

88 1732 176 1767 πον
208 1714 378 1784 ἥλων,
415 1715 509 1768 καὶ
551 1714 719 1769 τύπον
754 1715 975 1786 λόγχης,
1013 1717 1107 1771 καὶ
1144 1717 1315 1781 αὐτὰς
1356 1718 1455 1779 τὰς
1495 1718 1659 1782 οὐλὰς

1759 534 1869 588 tale
1911 549 2135 604 corpus,
2169 535 2627 605 quemadmodum
2675 544 2729 589 et
2775 534 3034 591 Dominus
3076 546 3262 591 noster
3304 552 3331 589 a

1759 634 1937 680 morte
1986 628 2248 691 surrexit,
2290 643 2399 682 non
2447 636 2507 682 ut
2557 627 2704 681 aliud
2749 636 3032 682 revocaret
3072 627 3135 681 ad
3167 628 3330 681 vitam

1758 731 1982 785 corpus,
2034 717 2128 771 sed
2179 717 2314 773 illud
2367 720 2567 789 ipsum.
2617 716 2761 789 quod
2808 718 2857 773 ei
2913 716 3108 781 fuerat,
3158 733 3331 787 neque

1758 817 1956 875 praeter
1981 809 2156 878 ipsum
2196 810 2365 863 aliud.
2406 810 2510 865 Sed
2558 810 2633 864 ita
2663 816 2867 873 tamen,
2912 818 2970 862 ut
3001 808 3131 861 illud
3155 808 3331 877 ipsum

1759 898 1987 967 spiritus
2048 902 2101 954 in
2156 902 2433 971 prepriam
2493 900 2815 956 tenuitatem
2860 914 2924 953 ac
2982 898 3332 954 subtilitatem

1758 1001 2121 1056 converteret,
2160 1007 2223 1046 ae
2273 992 2519 1062 spiritale
2562 992 2788 1045 omnino
2832 989 3110 1045 conﬂaret.
3156 989 3334 1055 Quare

1757 1086 1812 1134 et
1857 1082 2097 1136 occlusis
2137 1082 2322 1152 januis
2373 1083 2655 1153 ingressus
2705 1089 2790 1137 est
2820 1082 2834 1113 ¹
2866 1098 2881 1147 ;
2913 1080 3059 1150 quod
3121 1080 3176 1133 in
3234 1080 3334 1133 hac

1759 1171 1979 1241 quidem
2009 1174 2119 1228 vita
2150 1175 2476 1246 corporibus
2516 1174 2719 1228 nostris
2752 1174 3066 1242 contingere
3096 1188 3201 1225 non
3234 1188 3333 1242 po-

1760 1271 1887 1329 test,
1918 1280 1983 1320 eo
2011 1267 2151 1334 quod
2187 1276 2445 1321 concreta
2484 1274 2611 1321 sunt
2639 1281 2702 1321 ac
2734 1280 2943 1328 crassa,
2977 1280 3078 1318 nec
3105 1264 3232 1317 dum
3276 1264 3331 1316 in

1760 1354 2061 1424 spiritalem
2113 1354 2259 1409 illam
2310 1357 2626 1409 tenuitatem
2671 1354 2995 1409 coaluerint.
3048 1352 3331 1418 Quodnam

1760 1444 1928 1515 igitur
1964 1460 2165 1517 corpus
2212 1453 2320 1512 est,
2361 1446 2506 1516 quod
2538 1444 2744 1502 clausis
2767 1444 2952 1515 januis
2997 1452 3080 1499 est
3120 1444 3331 1514 ingres-

1760 1538 1925 1593 sum?
1967 1537 2199 1592 Aliudne
2229 1552 2391 1607 quam
2432 1536 2577 1607 quod
2622 1537 2676 1592 in
2724 1552 2888 1592 cruce
2939 1535 3187 1591 suliixum
3225 1544 3330 1599 est,

1760 1644 1828 1682 an
1871 1624 2003 1683 illud
2054 1628 2231 1699 ipsum
2275 1630 2329 1684 in
2376 1644 2596 1684 crucem
2650 1628 2969 1684 sublatum?
2996 1627 3334 1696 Quocunque

1760 1727 1814 1773 te
1852 1728 2053 1785 vertas,
2124 1718 2410 1790 Origenes,
2456 1735 2565 1775 non
2616 1729 2769 1790 potes
2821 1735 2929 1775 non
2966 1719 3096 1773 illud
3153 1719 3332 1788 ipsum

88 1807 287 1877 ἀφῆκεν
316 1806 408 1858 ἐπὶ
430 1805 524 1859 τοῦ
553 1805 823 1876 σώματος,
849 1807 1048 1877 καίπερ
1075 1806 1382 1870 συνενώσας
1408 1807 1469 1860 τὺ
1497 1807 1654 1879 σῶμα

1759 1826 1883 1865 esse
1916 1810 2188 1875 confiteri,
2220 1811 2366 1881 quod
2396 1811 2546 1866 cruci
2586 1820 2669 1866 est
2698 1810 2935 1865 afﬁxum.
2972 1810 3104 1864 Nam
3135 1811 3248 1880 ipse
3282 1820 3333 1863 te

86 1898 155 1958 εἰς
185 1896 318 1966 μίαν
348 1894 573 1965 ἑνότητα
608 1897 1006 1967 πνευματικήν.
1043 1896 1300 1950 Ἦδύνατο
1322 1894 1413 1950 οὖν
1440 1899 1654 1962 καὶτὰς

85 1986 236 2049 οὗλάς
267 1986 589 2056 ἀπαλεῖψαι·
620 1986 736 2041 ἀλλ’
760 1987 860 2040 οὐκ
886 1987 1198 2057 ἀπαλείφει,
1235 1989 1321 2042 ἵνα
1347 1988 1537 2061 ἐλέγξῃ
1571 1991 1651 2053 σὲ,

83 2072 121 2131 ὦ
137 2078 385 2149 θεήλατε.
416 2080 558 2149 Ἀρα
575 2074 667 2132 οὖν
686 2074 754 2149 ἦν
772 2078 832 2131 τὸ
860 2078 1016 2150 σῶμα
1040 2080 1100 2132 τὸ
1116 2082 1175 2134 ὲν
1190 2078 1269 2149 ετῷ
1292 2080 1541 2150 μνημείῳ
1561 2097 1655 2133 τα-

83 2171 171 2237 ᾳὲν
204 2170 266 2223 τὸ
294 2172 613 2244 τριήμερον,
648 2175 743 2229 καὶ
774 2176 869 2228 σὺν
896 2176 1043 2247 αὑτῷ
1072 2176 1309 2230 ἀναστὰν
1340 2179 1397 2231 έν
1432 2180 1498 2249 τῇ
1526 2178 1655 2230 ἀνα-

84 2263 288 2316 στάσει.
338 2263 547 2328 Ἕδειξε
588 2265 696 2334 γὰρ
725 2266 818 2319 καὶ
851 2267 1008 2331 ὀστᾶ,
1041 2268 1135 2320 καὶ
1160 2268 1353 2339 δέρμα,
1395 2268 1491 2321 καὶ
1526 2269 1655 2339 σάρ-

81 2370 195 2415 κας,
217 2353 297 2416 ὡς
322 2353 565 2425 εἴρηκεν,
597 2356 678 2408 ὅτι
708 2356 913 2421 Ἴδετε,
945 2357 1033 2410 ὅτι
1068 2357 1300 2426 πνεῦμα
1331 2357 1527 2426 σάρκα
1555 2357 1651 2411 καὶ

80 2442 225 2497 ὀστᾶ
248 2445 363 2497 οὐκ
396 2444 543 2514 ἔχει,
578 2444 657 2509 ὡς
683 2444 857 2512 ὁρᾶτέ
891 2462 969 2515 με
1000 2446 1236 2514 ἔχοντα.
1275 2446 1398 2509 Πῶς
1427 2442 1518 2500 οὖν
1545 2449 1654 2499 εἰσ-

77 2533 200 2601 ῆλθε
231 2533 416 2606 θυρῶν
447 2534 868 2605 κεκλεισμένων,
902 2535 1017 2589 ἀλλ’
1050 2536 1134 2589 ἵνα
1168 2535 1336 2607 δείξῃ,
1375 2537 1457 2589 ὄτι
1497 2536 1655 2606 σῶμα

80 2627 176 2696 μὲν
214 2629 356 2691 ἐστι,
397 2627 491 2681 καὶ
532 2627 593 2680 οὐ
626 2628 843 2699 πνεῦμα
885 2627 945 2681 τὸ
986 2628 1282 2700 ὁρώμενον,
1332 2628 1466 2682 ἀλλά
1498 2630 1655 2700 σῶμα

78 2718 476 2788 πνευματικόν;
521 2716 765 2786 καίτοιγε
812 2717 909 2770 σὺν
940 2717 1108 2789 ψυχῇ,
1142 2718 1236 2771 καὶ
1295 2716 1528 2789 θεότητι,
1562 2719 1656 2771 καὶ

77 2808 167 2879 ὅλη
207 2812 278 2880 τῇ
322 2809 735 2880 ὲνανθρωπήσει
777 2809 909 2861 αὐτὸ
949 2808 1029 2862 δν.
1088 2808 1249 2862 Ἀλλὰ
1294 2809 1656 2879 πνευματικὸν

76 2902 205 2953 αὐτὸ
234 2901 294 2953 τὸ
326 2900 455 2954 ποτὲ
489 2901 804 2971 παχυμερὲς
838 2900 1188 2972 λεπτομερὲς,
1223 2900 1356 2953 αὐτὸ
1376 2900 1436 2953 τὸ
1461 2902 1655 2953 ὲσταυ-
1682 2969 1688 2977 ἱ

1762 1915 1858 1971 per
1880 1910 2187 1955 accuratam
2213 1900 2435 1957 Thomas
2455 1902 2862 1973 inquisitionem
2894 1902 3190 1971 redarguit,
3209 1916 3332 1954 cum

1757 1991 1809 2046 ci
1856 1990 2034 2046 dixit:
2084 1990 2216 2045 Noli
2273 2009 2385 2047 esse
2426 1993 2748 2060 incredulus,
2792 1994 2883 2047 sed
2928 1993 3163 2062 fidelis’.
3192 1995 3330 2046 Tum

1760 2081 1905 2136 enim
1963 2082 2244 2137 clavorum
2296 2084 2523 2155 vestigia
2580 2085 2907 2139 monstravit
2977 2099 3041 2137 ac
3096 2086 3330 2151 lanceae;

1761 2174 2005 2243 adeoque
2033 2175 2321 2230 cicatrices
2354 2177 2503 2247 ipsas
2532 2176 2750 2247 reliquit
2784 2177 2835 2230 in
2862 2192 3109 2247 corpore,
3140 2192 3334 2245 quam-

1762 2263 1843 2317 vis
1877 2262 2009 2316 illud
2041 2263 2343 2333 spiritalem
2385 2266 2439 2318 in
2483 2266 2741 2319 unitatem
2775 2264 3088 2320 conflasset.
3120 2264 3336 2317 Poterat

1761 2354 1979 2423 quidem
2008 2355 2297 2409 cicatrices
2326 2355 2475 2425 ipsas
2518 2355 2771 2421 abolere;
2805 2356 2898 2409 sed
2950 2355 3001 2409 id
3034 2365 3213 2410 tamen
3242 2368 3332 2408 no-

1762 2444 1881 2506 luit,
1922 2458 2032 2513 quo
2069 2453 2139 2510 te,
2188 2444 2412 2507 furiose,
2456 2445 2831 2499 convinceret.
2866 2444 3132 2509 Quocirca
3189 2444 3332 2497 idem

1764 2546 1878 2590 tum
1926 2550 2128 2605 corpus
2171 2545 2452 2590 ostensum
2482 2544 2588 2599 est,
2626 2534 2769 2605 quod
2813 2535 2866 2589 in
2913 2535 3122 2588 tumulo
3152 2535 3335 2587 triduo

1762 2628 2139 2697 consepultum
2174 2630 2370 2689 fuerat,
2415 2641 2479 2681 ac
2512 2644 2636 2681 cum
2678 2628 2799 2698 ipso
2844 2627 2897 2681 in
2932 2626 3335 2681 resurrectione

1763 2720 2106 2775 suscitatum.
2170 2718 2379 2789 Quippe
2438 2734 2587 2779 ossa.
2644 2719 2838 2788 pellem
2890 2733 3192 2787 carnesque
3235 2715 3334 2771 de-

1762 2810 2106 2874 monstravit,
2156 2816 2216 2864 ut
2246 2809 2383 2863 dixit
2413 2820 2429 2863 ‘.
2462 2809 2639 2865 Videte
2669 2811 2917 2881 quoniam
2952 2811 3169 2879 spiritus
3212 2825 3334 2861 car-

1763 2914 1878 2951 nem
1916 2909 1966 2952 et
2009 2916 2131 2953 ossa
2168 2915 2272 2953 non
2313 2898 2493 2962 habet,
2547 2899 2683 2953 sicut
2732 2915 2813 2953 me
2857 2898 3044 2953 videtis
3078 2896 3264 2951 habere
3288 2896 3331 2951 ³.

78 2992 359 3063 ρωμένον,
407 2992 502 3046 καὶ
556 2992 687 3045 αὐτὸ
740 2992 801 3044 τὸ
858 2992 1266 3062 κεκρατημένον
1310 2992 1651 3063 ἀκράτητον,

1762 2991 2047 3057 Quomodo
2093 2992 2258 3062 igitur
2305 2992 2715 3061 clausisjanuis
2749 2992 2935 3056 subiit,
2972 2990 3077 3045 nisi
3125 2999 3184 3043 ut
3212 3005 3335 3044 cor-

75 3067 522 3137 συνενωθὲνκαὶ
575 3084 882 3155 συγκραθὲν
928 3086 993 3155 τῇ
1045 3084 1278 3154 θεότητι,
1327 3086 1423 3137 καὶ
1473 3084 1654 3137 οὐκέτι

1763 3097 1865 3151 pus
1914 3097 2038 3137 esse
2068 3082 2211 3151 quod
2247 3082 2573 3151 aspicerent,
2601 3097 2709 3136 non
2758 3082 3008 3151 spiritum
3056 3080 3333 3150 probarit,

72 3170 357 3241 λυόμενον,
386 3171 502 3225 ἀλλ’
531 3172 612 3235 είς
649 3173 737 3225 ἀεὶ
769 3171 1043 3242 διαμένον,
1065 3173 1259 3242 μηκέτι
1288 3172 1648 3244 ἀποθνῆσκον.

1761 3175 1854 3228 sed
1902 3175 2151 3244 spiritale
2183 3182 2362 3229 tamen
2402 3176 2647 3244 corpus?
2682 3170 3001 3244 Quanquam
3045 3185 3160 3228 erat
3201 3173 3332 3227 illud

82 3262 335 3331 Ἀνέστη
360 3264 468 3333 γὰρ
496 3264 751 3333 Χριστὸς
780 3264 849 3318 ἐκ
872 3264 1120 3334 νεκρῶν,
1146 3266 1387 3335 ἀπαρχὴ
1416 3266 1535 3321 τῶν
1557 3285 1653 3322 κε·

1759 3281 1883 3321 cum
1914 3266 2097 3319 anima
2124 3274 2178 3320 et
2207 3265 2511 3331 divinitate,
2544 3275 2767 3336 totaque
2796 3266 2933 3321 adeo
2963 3265 3200 3320 hominis
3234 3280 3334 3318 na-

70 3353 467 3422 κοιμωμένων·
500 3354 702 3408 οὐκέτι
737 3352 1128 3421 ἀποθνήσκει,
1168 3354 1424 3421 θάνατος
1467 3355 1652 3412 αὑτοῦ

1760 3363 1882 3409 tura
1934 3355 2313 3425 conjunctum.
2362 3354 2469 3409 Sed
2523 3354 2770 3425 Spiritale
2804 3360 2941 3417 erat,
2993 3361 3049 3405 ut
3087 3350 3236 3415 dixi;
3279 3356 3336 3405 et

69 3444 280 3498 οὐκέτι
314 3445 593 3514 κυριεύει.

1760 3446 1905 3518 quod
1941 3462 2189 3502 crassum
2223 3448 2353 3502 olim
2400 3455 2539 3511 erat,
2567 3446 2767 3501 subtile
2810 3444 3085 3500 redditum
3119 3462 3133 3498 :
3161 3443 3335 3513 quod-

68 3551 178 3605 que
231 3535 284 3588 in
318 3550 534 3591 crucem
574 3543 755 3591 actum
814 3544 978 3607 atque
1033 3536 1197 3611 594
1224 3537 1523 3594 obnoxium
1567 3536 1769 3605 fuerat,
1830 3538 2039 3595 nullius
2094 3539 2330 3609 amplius
2372 3539 2628 3608 potestati
2689 3537 3023 3607 subjectum;
3055 3542 3216 3605 atque
3261 3535 3334 3586 ita

67 3644 201 3684 cum
238 3628 524 3685 divinitate
555 3630 931 3701 coniunctum,
969 3646 1033 3686 ac
1062 3633 1229 3686 veluti
1260 3639 1645 3702 temperatum,
1684 3641 1745 3687 ut
1798 3648 1908 3687 non
1956 3632 2191 3704 amplius
2254 3630 2481 3687 dissolvi
2510 3639 2715 3701 posset,
2754 3630 2848 3684 sed
2899 3628 3091 3683 mortis
3133 3640 3334 3696 expers

70 3726 123 3779 in
142 3725 543 3794 sempiternum
564 3732 827 3781 maneret.
866 3724 1107 3780 Surrexit
1139 3726 1277 3780 enim
1308 3724 1553 3783 Christus
1615 3741 1682 3781 ea:
1738 3727 1984 3793 mortuis,
2020 3726 2273 3798 primitiae
2316 3723 2762 3791 dormientium‘;
2802 3738 2905 3777 non
2953 3720 3182 3790 amplius
3217 3734 3335 3773 mo.

67 3824 236 3879 ritur,
264 3836 406 3873 mors
430 3821 512 3874 illi
531 3819 675 3873 ultra
712 3836 813 3873 non
834 3818 1196 3875 dominabitur
1212 3821 1256 3873 ⁸.

141 3914 268 3967 ΞΕ).
306 3914 420 3967 Ἵνα
447 3913 504 3966 δὲ
532 3912 676 3984 γνῷς
709 3914 801 3966 καὶ
826 3912 1005 3981 τοῦτο,
1027 3914 1093 3966 δι’
1119 3915 1183 3985 ἣν
1225 3912 1402 3966 αἰτίαν
1434 3912 1655 3983 ἀπαρχὴ

1835 3907 1997 3963 LXV.
2036 3908 2213 3977 Atque
2237 3912 2295 3960 ut
2325 3906 2459 3961 illud
2503 3905 2795 3975 intelligas,
2822 3920 2984 3975 quam
3011 3906 3083 3961 ob
3108 3922 3334 3964 causam

65 4006 184 4059 τῶν
220 4002 635 4074 κεκοιμημένων
664 4003 880 4072 λέγεται
909 4004 937 4056 6
970 3984 1226 4074 Χριστὸς,
1262 4002 1506 4071 καίτοιγε
1555 4003 1655 4054 οὐκ

1761 3999 2016 4071 primitiae
2044 3996 2435 4054 dormientium
2464 3994 2721 4051 Christus
2758 3996 3082 4065 appelletur,
3117 4000 3336 4055 tametsi

66 4094 244 4151 αὐτοῦ
269 4096 578 4168 ἀρξαμένου
603 4095 945 4151 ἀνίστασθαι.
976 4095 1091 4168 Πρὸ
1119 4094 1284 4149 αὐτοῦ
1305 4095 1414 4167 γὰρ
1436 4094 1655 4163 ἀνέστη-

1761 4105 1871 4144 non
1899 4089 1946 4145 is
1975 4089 2186 4160 primus
2214 4087 2458 4142 omnium
2486 4088 2819 4150 surrexerit;
2844 4101 2968 4140 nam
3003 4095 3127 4141 ante
3158 4090 3335 4158 ipsmn

67 4205 176 4241 σαν
211 4187 279 4240 δι’
315 4186 480 4241 αὐτοῦ
524 4185 793 4259 Λάζαρος,
838 4187 929 4241 καὶ
970 4189 999 4241 6
1038 4187 1153 4251 υἱὸς
1183 4187 1285 4261 τῆς
1310 4189 1518 4258 χήρας,
1559 4186 1655 4239 καὶ

1762 4181 2007 4236 Lazarus
2043 4195 2140 4250 per
2178 4194 2302 4234 eum
2353 4180 2625 4233 excitatus
2660 4176 2869 4243 fuerat,
2918 4193 3131 4233 necnon
3177 4190 3232 4235 et
3264 4183 3339 4235 vi-

62 4280 244 4334 ἆλλοι·
269 4280 363 4332 καὶ
384 4278 472 4335 διὰ
505 4279 679 4345 Ἠλία,
708 4280 803 4333 καὶ
826 4278 914 4333 διὰ
948 4278 1268 4333 Ἐλισσαίου.
1308 4276 1447 4331 Ἀλλ’
1465 4276 1653 4347 ἐπειδὴ

1766 4273 1888 4327 duae
1934 4271 2099 4335 illius,
2142 4279 2197 4327 et
2242 4270 2331 4325 alii
2372 4270 2629 4340 quidam;
2658 4268 2798 4324 adde
2842 4278 2895 4324 et
2936 4271 3227 4326 nonnullos
3266 4272 3337 4327 ab

67 4374 280 4425 ἐκεῖνοι
324 4371 525 4436 πάντες
557 4371 887 4436 ἀναστάντες
934 4372 1098 4425 πάλιν
1130 4371 1474 4442 τεθνήκασιν,
1513 4368 1655 4422 οὕτω

1767 4365 1885 4420 Elia
1948 4372 2111 4434 atque
2156 4362 2349 4417 Elisaao
2379 4362 2503 4417 vitae
2529 4362 2855 4428 restitutos;
2898 4371 2959 4416 ut
2998 4362 3338 4433 illud'igitur

64 4463 315 4535 Χριστὸς
358 4463 581 4535 ἀπαρχὴ
627 4463 735 4519 τῶν
782 4465 1219 4536 κεκοιμημένων
1265 4462 1503 4526 ἀναστὰς
1548 4461 1655 4531 γάρ

1764 4458 2065 4528 intelligas,
2120 4456 2201 4511 sic
2241 4454 2437 4509 habeto
2468 4473 2481 4509 :
2519 4454 2655 4509 Cum
2680 4468 2871 4509 omnes
2912 4454 2990 4508 illi
3021 4456 3115 4524 qui
3150 4472 3335 4511 resur-

62 4555 264 4611 οὺκὲτι
295 4557 647 4629 ἀποθνήσκει,
689 4558 827 4629 ὼςή
874 4557 1141 4627 μέλλουσα
1184 4556 1480 4619 ἀνάστασις
1519 4549 1655 4608 εἶναι

1765 4550 1974 4605 rexisse
2010 4548 2273 4603 dicuntur
2307 4549 2505 4602 iterum
2548 4548 2745 4601 mortui
2778 4546 2910 4613 sint,
2950 4549 3145 4603 merito
3178 4548 3339 4603 Chri-

62 4649 166 4704 διὰ
199 4649 299 4719 τῆς
342 4640 509 4703 αὑτοῦ
538 4648 685 4720 ζωῆς
729 4649 823 4702 καὶ
865 4648 1292 4723 φιλανθρωπίας.
1326 4648 1389 4703 El
1418 4648 1475 4701 δέ
1514 4649 1655 4700 ἐστιν

1759 4649 1905 4697 stum
1938 4640 2208 4710 primitias
2250 4639 2511 4709 appellari
2545 4639 2968 4706 dormientium;
2993 4643 3087 4710 qui
3126 4648 3338 4710 postea-

63 4741 304 4813 ἀπαρχὴ
330 4740 440 4795 τῶν
464 4742 900 4813 κεκοιμημένων,
933 4740 1026 4794 καὶ
1051 4740 1254 4811 ἀνέστη
1277 4741 1397 4794 ὅλον
1416 4741 1476 4794 τὸ
1495 4738 1660 4793 αὐτοῦ

65 4836 243 4907 σῶμα
279 4835 375 4888 σὺν
412 4837 481 4906 τῇ
516 4834 757 4905 θεότητι,
796 4835 831 4906 ἡ
876 4832 1040 4888 αὑτοῦ
1089 4833 1501 4906 ὲνανθρώπησις
1539 4834 1662 4887 ἀνα-

64 4919 278 4992 στᾶσα,
325 4926 417 4980 καὶ
453 4926 679 4997 μηδενὸς
716 4926 775 4992 ἐξ
811 4925 983 4997 αὐτῆς
1022 4926 1495 4995 καταλειφθέντος,
1536 4925 1659 4980 οὔτε

67 5020 263 5090 σῶμα,
294 5016 417 5071 οὔτε
446 5016 635 5088 ἕτερόν
668 5034 743 5071 τι.
788 5017 871 5070 Οὐ
899 5016 1012 5087 γὰρ
1051 5016 1503 5086 ἐγκαταλείψεις
1548 5016 1663 5085 τὴν

66 5108 296 5179 ψυχήν
320 5125 441 5177 μου
467 5109 554 5173 εις
583 5105 758 5174 ᾅδην,
792 5104 935 5159 οὐδὲ
958 5104 1170 5172 δώσεις
1207 5105 1313 5159 τὸν
1341 5106 1515 5159 ὅσιόν
1542 5122 1660 5159 σου

66 5203 232 5257 ἰδεῖν
256 5197 604 5270 διαφθοράν.
643 5199 754 5252 Καὶ
785 5198 846 5252 τὸ
872 5198 969 5269 μὲν
1004 5199 1131 5269 περὶ
1157 5198 1339 5268 ψυχῆς
1368 5199 1425 5252 ὲν
1456 5196 1534 5268 τῷ
1557 5197 1659 5270 ᾄδῃ

67 5290 339 5364 σημαίνει
361 5291 424 5344 τὸ
455 5291 529 5362 μὴ
556 5290 993 5359 καταλελεῖφθαι·
1016 5289 1108 5342 τὸν
1127 5289 1183 5343 δὲ
1203 5290 1369 5356 ὅσιον,
1401 5290 1489 5343 ἵνα
1513 5289 1660 5361 δείξῃ

65 5386 137 5441 τὸ
165 5387 315 5439 ὅσιον
348 5384 531 5455 σῶμα,
562 5384 622 5437 τὸ
655 5383 729 5455 μὴ
758 5382 1002 5453 ὲωρακὸς
1027 5381 1343 5452 διαφθορὰν,
1378 5381 1514 5435 ἀλλά
1542 5382 1666 5434 ἀνα-

70 5478 218 5533 στάν
268 5476 617 5547 ἀδιάφθορον,
662 5476 723 5529 τὸ
772 5476 1090 5546 τριήμερον,
1130 5474 1222 5526 καὶ
1273 5475 1339 5544 τῇ
1385 5474 1663 5545 ἀφθαρσίᾳ

74 5570 467 5641 συνηνωμένον
495 5571 574 5633 εἰς
605 5569 694 5623 τὸν
724 5567 913 5622 αἰῶνα.

1757 4746 1922 4803 quam
1946 4729 2250 4785 resurrexit
2286 4743 2395 4784 non
2424 4728 2660 4798 amplius
2691 4728 2947 4795 moritur,
2984 4743 3105 4799 quae
3133 4736 3218 4783 est
3248 4728 3335 4782 fu-

1757 4832 1882 4878 tura
1917 4821 2341 4879 resurrectionis
2389 4822 2553 4885 ratio,
2584 4837 2746 4891 quam
2793 4823 2944 4878 illius
2976 4822 3101 4876 vitae
3138 4830 3193 4876 et
3235 4823 3337 4877 hu-

1759 4917 2036 4972 manitatis
2078 4914 2346 4971 beneflcio
2388 4929 2809 4985 consequemur.
2855 4915 2990 4969 Cum
3039 4922 3219 4969 autem
3263 4917 3337 4971 sit

1758 5012 1851 5067 ille
1899 5011 2151 5082 primitiae
2194 5008 2608 5074 dormientium,
2643 5008 2917 5080 integrum
2964 5007 3088 5077 ejus
3130 5022 3332 5084 corpus

1756 5121 1881 5161 cum
1931 5103 2238 5167 divinitate,
2300 5101 2403 5156 hoc
2446 5107 2532 5155 est
2572 5098 2840 5170 quidquid
2889 5097 2957 5153 ad
2998 5109 3334 5169 assumptaln

1759 5196 2156 5252 humanitatem
2205 5192 2423 5258 attinet,
2469 5190 2791 5254 resurrexit,
2836 5189 2971 5245 nihil
3016 5197 3074 5245 ut
3112 5191 3335 5245 omnino

1758 5302 1825 5343 ex
1858 5302 1923 5343 ea
1958 5286 2207 5342 relictum
2248 5284 2342 5347 sit,
2373 5296 2481 5337 non
2511 5296 2713 5353 corpus
2748 5292 2840 5337 aut
2873 5281 3142 5352 ejusmodi
3173 5280 3333 5352 quid-

1760 5380 1909 5435 dam.
1953 5378 2075 5433 Non
2112 5378 2251 5432 enim
2292 5375 2618 5444 derelinques
2662 5376 2896 5429 animam
2932 5391 3101 5428 meam
3155 5375 3211 5426 in
3249 5374 3334 5426 in-

1762 5472 1932 5539 ferno,
1959 5486 2050 5524 nec
2078 5468 2231 5524 dabis
2254 5478 2498 5523 sanctum
2521 5478 2667 5521 tuum
2690 5468 2861 5522 videre
2879 5466 3263 5535 corruptionem
3286 5467 3328 5523 ⁸.

1764 5563 1867 5619 Ubi
1904 5562 2051 5634 quod
2097 5562 2165 5619 de
2210 5564 2394 5618 anima
2436 5563 2488 5616 in
2537 5561 2757 5617 inferno
2797 5560 3017 5623 dicitur,
3062 5575 3170 5613 non
3209 5573 3333 5616 esse

156 5723 584 5801 quatiquati
684 5726 984 5790 quam.
1063 5705 1550 5793 amouit-.59.
1632 5724 2111 5791 ‘lCor.xv,20.
2189 5726 2504 5791 Iam“,
2534 5722 2588 5778 9.
2666 5719 3091 5787 'Psal.xv.10.
