3728 6192
11 202 48 262 5

38 418 245 490 χρόνου
274 413 416 490 ἦσαν
448 416 679 489 σώματα
703 419 818 481 τοῖς
843 435 911 470 πε
922 417 974 476 οἱ
994 416 1086 470 τὸν
1122 416 1315 488 Ἀδάμ.

12 694 115 761 ις’.
157 694 224 748 Ei
276 693 333 747 δὲ
366 692 519 748 τοῦτό
559 710 619 747 σε
666 692 982 764 ἀνακρίνει,
1024 692 1119 746 καὶ
1164 691 1225 744 οὐ
1279 689 1509 744 δύνασαι

18 785 163 849 ικῶς
218 785 597 857 διανοούμενος
631 782 727 838 τοῦ
755 782 1074 855 Πνεύματος
1111 782 1367 851 δέξασθαι
1410 783 1509 853 τὴν

20 893 69 927 ιν
97 916 114 936 ,
149 875 354 931 ἄπιστε
384 916 399 940 ,
436 877 533 930 καὶ
568 874 827 929 ἐπέκεινα
860 875 969 928 τῶν
1013 874 1259 929 ἀπίστων
1301 874 1507 946 τυγχά-

36 984 49 996 ·
78 965 217 1037 λέγε
249 984 339 1039 μοι
371 966 609 1033 ἑκάστην
653 965 911 1019 ὑπόθεσιν
938 967 1002 1019 ἐκ
1029 964 1164 1017 Θεοῦ
1197 967 1505 1033 γεγονυῖαν,

12 1076 87 1128 ἠν
134 1059 256 1129 ἕχει
293 1058 389 1130 τὴν
426 1057 870 1130 θαυματουργίαν
914 1057 1006 1111 καὶ
1046 1056 1351 1128 ἕκπληξιν;
1402 1056 1507 1110 Πό-

28 1150 89 1215 ὲξ
127 1152 237 1205 οὐκ
262 1150 431 1205 ὅντων
464 1149 694 1223 οὐρανὸς
721 1149 946 1203 τέταται
989 1150 1047 1203 ὲν
1077 1148 1339 1220 μετεώρῳ
1373 1149 1507 1203 ἀνα-

11 1244 366 1314 ετασμένος;
402 1241 576 1296 Πόθεν
616 1241 920 1313 ὲστιλϐώθη
949 1243 977 1295 6
1009 1242 1188 1313 ἥλιος,
1235 1242 1330 1296 καὶ
1362 1242 1510 1295 ἐκτί-

25 1378 39 1395 ,
85 1336 188 1389 καὶ
218 1335 443 1407 σελήνη,
478 1334 574 1389 καὶ
603 1334 672 1388 τὰ
698 1334 874 1407 ἄστρα
894 1354 908 1401 ;
930 1336 1029 1389 Ἐκ
1053 1335 1207 1388 ποίου
1234 1333 1508 1406 πρωτοτό-

75 1430 219 1501 ὓλης
272 1426 482 1500 ἐλήφθη
538 1429 572 1499 ἡ
620 1428 729 1500 γῆ,
766 1427 824 1496 ἐξ
863 1429 964 1482 οὐκ
1000 1428 1171 1481 ὄντων
1208 1426 1504 1498 γινομένης

11 1524 50 1577 9)
95 1524 273 1577 ποίων
317 1522 532 1593 φύσεων
573 1522 785 1594 ἐτμήθη
839 1522 910 1576 τά
957 1521 1094 1593 ὅρη;
1132 1520 1370 1592 Πόθενὴ
1410 1519 1507 1573 σύ-

12 1631 97 1678 σις
134 1614 263 1666 ὅλου
311 1613 406 1666 τοῦ
464 1613 710 1686 κόσμου,
759 1613 792 1684 ἡ
834 1612 893 1680 ἐξ
936 1612 1036 1665 οὐκ
1069 1612 1238 1665 ὄντων
1270 1612 1349 1684 τῷ
1386 1610 1505 1682 Θεῷ

560 192 929 260 ADVERSUS
965 202 1313 260 [muses
1349 202 1479 257 ue.
1542 202 1607 277 n.
1651 199 1816 260 TOM.
1860 204 1898 258 I.
1942 240 2011 252 -
2049 206 2323 265 names.
2366 208 2551 266 LXIV.

11 326 56 379 ρὰ
98 328 203 381 σοῦ
242 324 715 398 καινοτομουμένη
772 325 1093 395 κενοφωνία,
1148 323 1265 396 Πρὸ
1300 324 1507 378 πόσου¹

1680 341 1754 391 us,
1791 337 1843 381 et
1874 327 2027 397 ejecit
2074 329 2196 383 illos
2225 347 2252 384 e
2284 329 2563 398 paradiso.
2606 330 2772 387 Vides
2806 346 2968 402 quam
3017 331 3198 404 inepta
3284 322 3293 333 ’

3069 212 3201 271 1186

1613 418 1685 473 sit
1717 432 1855 471 nova
1896 419 1985 473 illa
2015 435 2045 474 a
2079 427 2133 476 te
2182 422 2487 492 excogitata
2522 430 2576 477 et
2619 422 2801 477 inanis
2827 423 3029 493 opinio.
3061 421 3198 477 Nam

1612 508 1894 579 aliquanto
1920 518 2047 566 ante
2074 518 2324 583 tempore
2346 527 2580 584 corpora
2604 515 2765 584 primi
2799 515 2972 569 nostri
3009 530 3200 585 paren-

1613 607 1694 654 tes
1728 600 2059 656 habuerunt.

1681 686 1867 742 LXVI.
1909 687 2065 755 Quod
2113 690 2160 747 si
2211 698 2266 748 te
2306 691 2442 747 illud
2475 690 2774 755 examinat,
2816 708 2994 763 neque
3037 702 3197 763 potes

1612 779 1907 835 animalem
1939 782 1993 835 in
2020 782 2245 837 modum
2284 784 2387 837 ista
2418 784 2671 853 cogitans
2708 784 2934 853 spiritus
2967 787 3198 853 gratiam

1610 871 1914 942 percipere,
1973 888 2006 927 ο
2036 872 2274 929 inﬁdelis
2306 872 2472 928 homo
2502 883 2556 929 et
2586 873 2903 930 inﬁdelibus
2936 875 3196 940 deterior,

1611 962 1705 1017 dic
1736 961 1901 1034 596
1930 963 2064 1017 mihi
2113 963 2277 1019 sodes
2322 971 2589 1035 quantum
2644 967 3073 1037 unumquodque
3103 966 3199 1022 Dei

1611 1069 1749 1124 opus
1804 1056 1968 1110 habet
2020 1054 2313 1110 miraculi?
2372 1056 2662 1123 Quomodo
2694 1059 2897 1113 coelum
2929 1075 2996 1114 ex
3026 1059 3199 1114 nihilo

1612 1146 1664 1199 in
1722 1145 1948 1200 sublimi
1982 1154 2294 1216 porrectum
2328 1158 2413 1203 est
2445 1157 2500 1203 et
2531 1152 2875 1221 expansum?
2911 1150 3199 1208 Undenam

1611 1236 1747 1293 solis
1786 1237 1878 1293 ille
1912 1236 2097 1309 fulgor
2141 1254 2409 1295 accensus
2467 1250 2570 1304 est,
2628 1252 2721 1298 aut
2770 1243 2860 1300 ille
2907 1246 3024 1316 ipse
3069 1262 3195 1301 cum

1611 1327 1741 1382 luna
1806 1327 2195 1400 sideribusque
2256 1332 2563 1387 conditus?
2632 1333 2883 1400 Quanam
2947 1353 3075 1393 vero
3130 1354 3198 1394 ex

1609 1419 1793 1490 priore
1820 1421 2049 1476 materia
2076 1424 2342 1479 translata
2373 1432 2517 1480 terra
2542 1434 2646 1493 est,
2672 1443 2793 1498 qum
2821 1440 2904 1486 est
2930 1446 2997 1486 ex
3024 1431 3197 1487 nihilo

1611 1512 1915 1581 producta?
1942 1513 2192 1580 Quonam
2218 1533 2283 1571 ex
2314 1527 2529 1573 naturae
2552 1535 2751 1591 genere
2780 1534 2991 1580 montes
3023 1526 3197 1581 excisi

1610 1605 1777 1659 sunt?
1833 1604 1985 1661 Unde
2039 1608 2209 1664 totius
2263 1610 2508 1666 universi
2549 1616 2891 1681 constitutio,
2934 1634 3097 1688 quam
3130 1636 3195 1675 ex

12 1706 285 1772 ιισθεῖσα;
322 1705 496 1760 Πόθεν
533 1706 643 1759 τῶν
688 1703 865 1774 νεφῶν
917 1707 949 1776 ή
1004 1703 1295 1769 σύστασις,
1331 1706 1365 1776 ἦ
1400 1705 1505 1760 ὑπὸ

1680 1699 1777 1752 ηιὶιο
1807 1698 1949 1754 Deus
1978 1702 2232 1771 peperit?
2265 1703 2378 1757 Aut
2406 1705 2553 1762 unde
2580 1710 2753 1764 nubes
2779 1711 3021 1766 conﬂata:
3046 1723 3195 1776 sunt,

12 1816 44 1854 ν
96 1797 299 1854 σκέπει
331 1800 422 1854 τὸν
454 1800 724 1873 ούρανόν;
771 1797 943 1852 Πόθεν
988 1797 1083 1851 τοῦ
1122 1798 1382 1863 κώνωπος
1412 1799 1506 1851 καὶ

64 1892 297 1961 σκνιφὺς
330 1890 418 1945 διὰ
463 1892 885 1962 προστάγματος
913 1889 1051 1943 Θεοῦ
1104 1889 1182 1960 τῷ
1216 1890 1506 1962 θεράποντι

12 1982 75 2036 οὖ
105 1984 322 2053 Μωῡσῇ
364 1983 392 2034 6
418 1980 719 2052 πορισμός;
768 1979 893 2044 Πῶς
926 1981 1025 2051 τὴν
1060 1979 1274 2051 ξυλίνην
1313 1980 1506 2052 ῥάϐδον

24 2074 156 2142 ὅφιν
192 2072 491 2143 μετέϐαλεν
521 2070 946 2143 ὲπεψυχωμένον
977 2073 1070 2125 καὶ
1092 2071 1364 2144 ἓρποντα;
1398 2072 1505 2125 H6-

22 2168 89 2237 τῇ
127 2165 277 2237 χειρὶ
302 2163 396 2217 τοῦ
437 2163 717 2227 Μωῦσέως
761 2162 839 2235 τῷ
865 2165 945 2227 εἰς
985 2164 1139 2234 χιόνα
1171 2164 1504 2235 μεταϐάλλε-

12 2275 73 2321 3.;
106 2256 271 2310 Οὕτω
311 2256 408 2309 καὶ
456 2256 578 2309 τότε
610 2256 879 2329 ἠθέλησεν
917 2256 946 2308 6
994 2256 1128 2320 Θεὸς
1150 2296 1165 2319 ,
1206 2250 1251 2309 ὦ
1285 2255 1504 2321 ἄπιστε,

49 2347 417 2420 δερματίνους
474 2347 633 2417 φύσει
669 2346 904 2418 χιτῶνας
945 2348 1071 2403 ἄνευ
1129 2346 1324 2414 ζώων,
1379 2348 1505 2403 ἄνευ

12 2459 103 2511 νης
153 2440 303 2504 τινὸς
368 2438 720 2511 ἀνθρωπίνης
781 2441 877 2494 καὶ
933 2439 1284 2512 πολυμόρφου
1335 2442 1506 2511 ἐργα-

12 2551 61 2595 ;,
97 2533 222 2602 ἅμα
255 2530 425 2584 θέλων
458 2532 685 2601 ἐποίησε
735 2533 849 2594 τοῖς
880 2530 1009 2601 περὶ
1046 2530 1137 2583 τὸν
1185 2530 1392 2601 Ἀδάμ·
1430 2530 1507 2594 ὡς

11 2625 166 2696 ιρχῆς
200 2624 316 2695 ἅμα
347 2622 579 2694 ἠθέλησε
605 2662 620 2685 ,
671 2622 765 2677 καὶ
825 2622 1054 2695 οὐρανὸς
1100 2623 1189 2679 καὶ
1228 2622 1295 2676 τὰ
1326 2622 1505 2676 πάντα

12 2718 226 2785 ένηται.
266 2714 378 2767 Καὶ
430 2714 559 2785 περὶ
598 2712 802 2767 τούτων
844 2713 1107 2777 πολλάκις
1153 2713 1365 2784 ἔφημεν
1412 2712 1506 2767 καὶ

15 2808 199 2872 ἄλλοις
242 2807 431 2871 τόποις
452 2846 466 2869 ,
509 2806 604 2859 καὶ
634 2805 912 2877 ἀνωτέρω.
953 2807 1065 2859 Καὶ
1097 2808 1211 2870 τοῖς
1249 2805 1349 2877 μὲν
1383 2804 1507 2876 βου-

16 2898 167 2961 ένοις
201 2897 265 2951 τὸ
294 2897 393 2970 ζῇν
427 2896 692 2969 σύντομος
721 2899 755 2969 ὴ
789 2897 1055 2969 σωτηρία,
1092 2898 1187 2952 καὶ
1224 2898 1508 2968 εὐθυέλεγ-

12 3010 33 3054 ς
58 2994 94 3062 ἡ
123 2991 461 3045 κακοπιστία
488 3008 501 3020 ·
532 2993 645 3055 τοῖς
680 2990 736 3044 δὲ
770 2991 846 3062 μὴ
876 2990 1090 3044 θέλουσι
1123 2991 1183 3045 τὸ
1204 2990 1307 3062 τῆς
1331 3008 1505 3063 σωτη-
1532 3031 1576 3091 c

11 3101 30 3147 ;
73 3083 476 3148 καταδέξασθαι
526 3082 897 3138 διδασκαλεῖον
948 3083 1069 3137 οὐδὲ
1129 3086 1157 3138 6
1212 3085 1320 3147 πᾶς
1369 3083 1505 3138 αἰὼν

11 3196 45 3242 ις
94 3178 355 3250 διαλογὴν
404 3177 765 3251 ἐξαρκέσειε,
825 3178 1219 3247 κωφευούσης
1273 3178 1359 3231 ἀεὶ
1407 3177 1509 3248 τῆς

14 3273 76 3344 ἦς
105 3271 292 3341 δίκην
327 3272 590 3339 ἀσπίδος
614 3312 630 3336 ,
670 3270 770 3324 καὶ
804 3272 879 3326 τὰ
910 3265 1031 3326 ὦτα
1054 3271 1337 3339 βυούσης
1357 3313 1371 3337 ,
1400 3262 1505 3325 τοῦ

63 3365 516 3430 καταδέξασθαι
568 3361 780 3434 φωνὴν
845 3362 1230 3432 ἐπᾳδόντων.
1271 3380 1504 3433 φαρμα-

12 3459 119 3513 ἱται
164 3461 185 3491 ²
220 3456 720 3528 φαρμακευομένη
755 3456 916 3527 παρὰ
966 3456 1164 3526 σοφοῦ
1190 3496 1205 3520 ,
1249 3455 1388 3509 κατὰ
1414 3455 1505 3510 τὸν

11 3569 50 3603 ιν
74 3550 257 3619 λόγον.
287 3550 414 3612 Τοῖς
448 3548 506 3602 δὲ
540 3548 675 3611 υἱοῖς
714 3547 813 3619 τῆς
837 3547 1112 3618 ἀληθείας,
1150 3542 1323 3617 οἶμαι,
1359 3544 1505 3615 ὡφέ-

11 3659 64 3705 ος
98 3642 203 3695 οὐκ
239 3639 437 3708 ὀλίγως
461 3678 475 3703 ,
500 3638 604 3692 κάν
637 3654 698 3691 τε
726 3638 813 3693 διὰ
839 3637 1073 3703 πλάτους
1105 3638 1133 3691 6
1163 3637 1320 3706 λόγος
1348 3638 1500 3709 εἰρη-

12 3752 71 3799 ος
112 3732 353 3789 ἐνταῦθά
388 3750 480 3803 μοι
506 3732 703 3785 κεῖται.

11 3987 98 4044 LZ'.
137 3987 467 4059 Ἐλεύσομαι
494 3994 551 4049 δὲ
580 3991 661 4051 εἰς
682 3987 773 4041 τὸν
800 3986 930 4059 περὶ
952 3986 1304 4050 ἀναστάσεως
1323 3988 1504 4057 λόγον.

11 4098 85 4135 ταν
141 4082 253 4154 γὰρ
303 4080 654 4153 ἐξαπατήσῃς
702 4079 831 4143 τοὺς
897 4080 1261 4149 ἀγνοοῦντας,
1318 4081 1379 4134 τὸ
1414 4081 1506 4137 σὺν

11 4174 172 4246 ἱνημα
206 4173 650 4244 ἀποϐαλλόμενος
674 4168 697 4237 ,“
724 4165 770 4226 ὧ
802 4171 1155 4243 ματαιοπόνε,
1196 4172 1291 4226 καὶ⁸
1322 4173 1504 4246 εἴπῃςο

16 4265 70 4328 ὲς
112 4265 224 4319 τῶν
268 4263 660 4336 ἁπλουστέρων
691 4263 977 4336 νομιζουσι
1022 4264 1148 4328 τοὺς
1178 4265 1396 4330 ἀσεϐεῖς
1432 4266 1506 4339 μὴ

1608 1794 1809 1863 quibus
1843 1802 2065 1865 repente
2098 1796 2298 1851 cmlum
2349 1799 2689 1855 obducitur?
2740 1801 2896 1860 Unde
2957 1807 3196 1861 culicum

1607 1886 2001 1957 ciniphumque
2038 1889 2146 1942 vim
2202 1888 2297 1943 Dei
2341 1890 2572 1962 imperio
2603 1910 2799 1951 servus
2831 1898 2952 1967 ejus
2985 1900 3199 1971 MoySrs

1607 1989 1931 2047 comparare
1963 1978 2190 2047 potuit?
2228 1979 2516 2045 Quomodo
2547 1984 2783 2054 ligneam
2821 1989 3031 2060 virgam
3076 1993 3201 2045 ani~

1607 2076 1816 2122 malum
1874 2084 1938 2123 ac
1992 2079 2375 2140 prorepentem
2429 2073 2483 2128 in
2550 2076 2830 2132 colubrem
2889 2083 3200 2137 convertit?

1608 2157 1709 2224 Qui
1742 2158 1855 2214 ﬁeri
1895 2162 2073 2229 potuit
2102 2170 2161 2216 ut
2194 2162 2397 2235 Moysis
2431 2181 2624 2222 manus
2656 2167 2708 2220 in
2740 2169 2919 2224 nivem
2953 2186 3200 2227 commu-

1608 2252 1853 2305 taretur?
1895 2252 1985 2306 Sic
2019 2253 2183 2323 igitur
2213 2264 2266 2311 et
2299 2264 2411 2309 tum
2449 2255 2581 2322 Deo,
2624 2261 2942 2316 mortalium
2992 2263 3193 2321 inﬁde-

1607 2343 1839 2410 lissime,
1897 2344 2126 2414 placuit,
2194 2362 2256 2402 ac
2316 2349 2598 2419 pelliceas,
2660 2360 2713 2406 et
2761 2353 2983 2422 quidem
3038 2373 3199 2413 veras

1608 2434 1846 2498 tunicas,
1882 2435 2001 2489 sine
2041 2434 2167 2491 ullis
2196 2437 2550 2500 animalibus,
2589 2438 2708 2494 sine
2743 2441 2998 2497 humana:
3058 2444 3198 2499 artis

1609 2541 1671 2580 ac
1720 2526 2044 2597 multiplicis
2091 2529 2274 2598 operis
2330 2529 2691 2597 adminiculo,
2745 2534 2939 2603 primis
2988 2538 3199 2592 nostris

1606 2618 1925 2687 parentibus
1956 2619 2125 2674 simul
2172 2627 2338 2692 atque
2369 2621 2540 2676 voluit
2574 2622 2811 2678 confecit
2845 2643 2857 2678 :
2894 2641 3003 2679 non
3036 2642 3199 2683 secus

1607 2718 1773 2780 atque
1806 2708 1965 2764 initio
2005 2711 2167 2765 simul
2189 2727 2252 2766 ac
2295 2714 2489 2777 voluit,
2521 2714 2721 2770 emlum
2749 2724 2912 2787 atque
2943 2717 3198 2773 universa

1608 2801 1881 2872 producta
1912 2810 2061 2859 sunt.
2090 2803 2359 2860 Caeterum
2385 2806 2451 2862 de
2480 2807 2566 2862 his
2596 2823 2697 2864 nos
2730 2810 2953 2880 saapius,
2992 2821 3047 2866 et
3073 2811 3199 2868 aliis

1608 2895 1664 2951 in
1697 2897 1861 2961 locis,
1894 2907 1947 2954 et
1977 2913 2143 2968 supra
2173 2899 2596 2969 disputavimus.
2630 2903 2804 2973 Atque
2840 2903 2924 2958 his
2950 2903 3174 2975 quidem.
3273 2916 3280 2923 '

1608 2989 1702 3059 qui
1761 2989 1887 3045 vita
1938 2989 2216 3046 desiderio
2245 2998 2523 3058 tenentur,
2581 2994 2777 3050 salutis
2820 2997 3199 3067 estexpedita

1610 3084 1773 3147 ratio,
1802 3089 1855 3137 et
1890 3083 2255 3139 inﬁdelissimi
2284 3086 2492 3141 erroris
2525 3084 2834 3142 confutatio
2887 3085 3092 3145 facilis.
3125 3085 3198 3143 lis

1611 3192 1761 3243 vero,
1812 3176 1907 3248 qui
1955 3176 2150 3232 salutis
2198 3177 2547 3249 disciplinam
2584 3193 2649 3231 ac
2689 3180 3061 3251 magisterium
3110 3197 3200 3234 re-

1612 3268 1864 3339 pudiant,
1919 3284 1987 3323 ne
2032 3269 2307 3340 integrum
2359 3271 2579 3341 quidem
2621 3272 2883 3328 saeculum
2921 3279 3100 3344 potest
3130 3272 3198 3327 ad

1611 3359 2009 3432 disputandum
2062 3362 2341 3429 sufﬁcere,
2398 3378 2522 3418 cum
2558 3364 2775 3418 illorum
2811 3378 2975 3420 aures
3005 3381 3198 3436 perpe-

1606 3460 1723 3519 tuo,
1762 3456 1963 3521 aspidis
2020 3455 2215 3519 instar,
2252 3457 2674 3524 obsurdescant,
2722 3477 2839 3531 qua:
2876 3477 3032 3515 aures
3072 3476 3198 3515 sua:

1607 3545 1860 3613 obdurat,
1903 3556 1961 3601 ut
1996 3565 2101 3604 non
2141 3550 2396 3605 exaudiat
2448 3569 2618 3607 vocem
2672 3554 3083 3619 incantantium,
3123 3571 3199 3609 ve-

1618 3638 1777 3706 neﬁci
1812 3637 2138 3694 incantantis
2191 3641 2474 3709 sapienter,
2530 3650 2590 3697 ut
2648 3643 2703 3697 in
2758 3643 2930 3697 sacris
2980 3639 3199 3698 Litteris

1607 3728 1712 3783 seri
1722 3736 1872 3798 ptum
1892 3737 1977 3786 est
1997 3729 2039 3786 ³.
2060 3728 2321 3787 Veritatis
2348 3748 2513 3802 porro
2538 3733 2662 3790 ﬁliis
2686 3733 3195 3794 ft'utEtuosissimum

1607 3817 1758 3872 hunc
1812 3834 2124 3875 sermonem
2173 3823 2392 3877 conﬁdo
2421 3823 2559 3893 fore,
2595 3824 2817 3881 tametsi
2851 3825 3011 3881 latius
3044 3824 3199 3881 illum

1609 3912 1712 3967 hoc
1740 3912 1862 3967 loco
1886 3928 2308 3983 persequamur.

1679 4002 1885 4057 LXVII.
1928 4005 2099 4060 Venio
2150 4006 2337 4077 itaque
2384 4007 2453 4063 ad
2510 4008 2816 4064 institutam
2876 4009 2945 4065 de
3004 4026 3194 4065 resur-

1611 4097 1856 4152 rectione
1907 4096 2364 4167 disputationem.
2428 4099 2562 4154 Cum
2596 4101 2741 4156 enim
2771 4102 2992 4173 ignaros
3030 4101 3194 4157 dece-

1610 4188 1780 4259 peris,
1811 4202 1875 4242 ac
1899 4197 2047 4243 tuam
2080 4191 2396 4261 opinionem
2426 4206 2525 4262 pro
2557 4208 2686 4248 vero
2712 4192 2969 4264 dogmate
3002 4193 3196 4277 subje-

1612 4280 1776 4342 ceris,
1816 4278 2001 4351 itaque
2047 4280 2300 4338 dixeris:
2338 4281 2597 4339 Nonnulli
2626 4300 2657 4340 e
2714 4285 3037 4340 rudioribus
3092 4285 3195 4338 im-

15 4358 200 4425 ξεσθαι
240 4359 611 4421 ἀναστάσεως.
711 4396 725 4411 .
807 4395 822 4411 .
919 4395 933 4410 .
1018 4398 1033 4411 .
1113 4396 1128 4410 .
1208 4398 1222 4411 .
1302 4399 1315 4413 .
1397 4399 1411 4415 .
1489 4398 1503 4413 .

1680 4388 1733 4428 os
1786 4387 1896 4427 non
1951 4381 2145 4446 putant
2184 4376 2607 4433 resurrectionis
2647 4387 2926 4448 compotes
2957 4377 3189 4433 futuros.

24 4545 185 4617 μόνον
212 4544 322 4616 γὰρ
350 4543 509 4597 τοῦτό
546 4543 694 4597 ἐστιν
721 4544 780 4595 ὲν
809 4543 1045 4615 σώματι,
1080 4544 1217 4599 ἀλλά
1246 4545 1341 4600 καὶ
1370 4545 1509 4599 κνώ-

12 4653 47 4689 α
78 4636 138 4703 ἐξ
174 4635 333 4708 ἡμῶν
360 4634 577 4705 φύεται,
601 4635 677 4701 ὡς
714 4638 909 4701 εἰπεῖν,
942 4636 1161 4709 φθεῖρες
1186 4639 1280 4691 καὶ
1310 4636 1508 4702 κόνεις,

14 4746 36 4781 ε
72 4728 231 4793 ἐκτὸς
252 4726 347 4782 τοῦ
384 4727 638 4799 σώματος
670 4728 821 4793 ὄντα,
849 4727 976 4783 οὔτε
1007 4729 1116 4783 ἀπὸ
1138 4730 1229 4783 τοῦ
1258 4729 1512 4802 σώματος

17 4819 263 4892 ιζόμενα.
292 4820 403 4874 Καὶ
431 4819 608 4886 οὐδείς
638 4837 769 4873 ποτε
805 4820 1113 4893 ἐπεζήτησε
1148 4821 1294 4876 κόνιν
1320 4822 1419 4895 τὴν
1448 4823 1513 4875 ἐκ

34 4913 286 4983 σώματος
304 4915 651 4987 ὲκκριθείσαν
664 4916 744 4979 εἰς
764 4916 1134 4989 περιποίησιν,
1156 4916 1292 4970 ἀλλά
1314 4916 1511 4988 μᾶλλον

24 5004 338 5076 ἀναίρεσινο
379 5006 500 5060 οὐδὲ
535 5005 833 5078 διαφθορὰν
866 5007 967 5079 τὴν
995 5006 1053 5075 ἐξ
1089 5007 1257 5075 αὐτῆς
1285 5026 1512 5080 γεγενη-

11 5117 110 5169 ιην,
141 5101 266 5155 οὐδὲ
299 5101 505 5173 ζημίαν
550 5101 663 5174 τὴν
692 5100 899 5173 ταύτης
935 5102 1213 5156 ἀπώλειαν
1253 5103 1513 5175 ἡγήσοιτό

12 5228 22 5241 .
53 5189 130 5243 Τὰ
157 5190 254 5261 ἀφ’
280 5192 438 5264 ἡμῶν
470 5190 689 5264 ῥυέντα,
715 5192 763 5245 εἰ
793 5192 888 5245 καί
907 5190 1083 5257 οὕτως
1114 5193 1346 5265 ὑπάρχει
1370 5194 1513 5247 κατά

40 5281 128 5335 σού
164 5284 348 5352 λόγον,
394 5285 456 5337 οὐ
505 5283 705 5356 μωρῶς
742 5283 874 5355 παρ’
916 5283 1073 5355 ἡμῶν
1113 5283 1502 5357 ζητηθήσεται.

12 5372 53 5425 5‘s
88 5376 221 5441 Θεὸς
260 5377 433 5431 ταῦτα
478 5380 559 5443 εἰς
597 5376 757 5449 ἡμῶν
799 5375 1060 5431 σύστασιν
1101 5378 1321 5447 ἀγάγοι,
1372 5379 1509 5432 ἀλλὰ

12 5484 73 5536 ην
111 5472 286 5540 ῥύπου
326 5472 385 5540 ἐξ
426 5472 593 5527 αὑτοῦ
632 5472 727 5526 τοῦ
775 5471 991 5542 ἱματίου
1029 5471 1385 5544 ὑπάρχοντος,
1414 5474 1508 5526 ἀπ’

11 5628 101 5685 ‘F.
136 5629 327 5685 ποσοῦ.
406 5632 427 5662 ³
457 5627 671 5684 Vitiosa
708 5629 897 5685 lectio.
981 5626 1167 5685 ’Psal.
1204 5645 1336 5697 Lm,
1379 5631 1431 5698 5,
1467 5633 1519 5688 6.

1680 4554 1841 4627 597
1865 4555 1984 4611 Non
2044 4558 2189 4613 enim
2232 4576 2398 4615 unum
2454 4561 2590 4616 illud
2660 4561 2804 4619 inest
2851 4562 2907 4617 in
2940 4576 3194 4633 corpore,

1610 4647 1702 4703 sed
1734 4663 1797 4701 ex
1834 4646 1992 4704 nobis
2033 4647 2197 4703 etiam
2244 4649 2431 4706 bestia:
2470 4659 2796 4718 nascuntur,
2836 4652 3073 4723 pediculi
3109 4653 3195 4706 vi-

1611 4738 1813 4795 delicet
1845 4755 1910 4794 ac
1966 4740 2153 4797 lendes
2189 4761 2201 4797 :
2255 4760 2377 4815 qua:
2407 4760 2586 4816 neque
2614 4752 2771 4801 extra
2824 4760 3027 4817 corpus
3066 4755 3197 4802 sunt

1614 4848 1792 4905 neque
1824 4833 1881 4888 in
1908 4835 2158 4906 corporis
2184 4837 2293 4891 ulla
2325 4850 2481 4910 parte
2520 4848 2900 4895 numerantur.
2926 4839 3005 4895 Ac
3035 4853 3197 4892 nemo

1612 4934 1889 4982 excretam
1942 4943 2009 4983 ex
2059 4944 2289 5001 corpore
2335 4946 2436 4986 suo
2470 4931 2703 5000 lendem,
2734 4940 2794 4989 ut
2826 4944 3196 5000 conservaret,

1614 5018 1850 5088 quaesiit,
1899 5020 1994 5074 sed
2045 5028 2103 5075 ut
2146 5031 2371 5079 necaret
2420 5026 2642 5096 potius;
2678 5042 2859 5098 neque
2885 5028 3090 5083 illatam
3129 5031 3199 5086 ab

1612 5126 1673 5165 ea
1726 5111 2022 5180 perniciem
2068 5115 2310 5171 asciscit.
2369 5114 2475 5173 Sed
2526 5133 2703 5188 neque
2740 5119 2787 5174 si
2821 5118 3035 5189 perdita
3105 5120 3197 5175 illa

1612 5201 1994 5274 exstinctaque
2023 5204 2210 5272 fuerit,
2240 5207 2291 5262 id
2319 5208 2372 5262 in
2400 5207 2603 5265 damno
2632 5211 2927 5281 reputabit.
2959 5210 3051 5267 Sic
3074 5229 3197 5285 qua:

1615 5310 1645 5348 a
1683 5296 1845 5352 nobis
1876 5295 2174 5364 ﬁnxerunt,
2215 5302 2432 5358 tametsi
2488 5303 2562 5357 ita
2618 5309 2710 5358 tua
2762 5304 2869 5361 fert
2915 5306 3122 5376 opinio,
3163 5320 3195 5358 a

1618 5389 1777 5444 nobis
1810 5390 1947 5460 ipsis
1983 5406 2331 5463 nequaquam
2367 5396 2568 5453 stolide
2603 5399 2975 5468 requirentur.
3012 5396 3196 5465 Neque

1619 5477 1711 5532 illa
1772 5478 1914 5537 Deus
1967 5481 2022 5536 in
2085 5483 2393 5543 conﬁandis
2460 5489 2624 5545 nobis
2689 5487 3198 5561 componendisque
