3822 6292
555 182 688 238 118Ἱ

1949 176 2007 232 S.
2052 176 2393 235 EPIPIIANII

3670 185 3773 241 MSS

556 301 820 363 restituet.
856 298 949 355 scd
984 306 1243 369 tanquam
1273 297 1543 351 maculam
1583 296 1875 367 relinquet,
1908 312 2030 366 qum
2054 312 2113 350 ex

2225 300 2391 351 αὐτοῦ
2414 298 2471 352 δὲ
2499 298 2567 351 δι’
2596 300 2895 370 εὺκωμέαν
2922 294 3339 372 ἁποόληθέντος,
3364 302 3426 355 ὲν
3446 298 3683 372 δευτέρῳ
3702 321 3774 356 κα-

556 393 791 448 σοειίὴιιε
828 399 1046 453 exorta,
1083 389 1282 445 nitoris
1313 390 1706 467 elegantiarque
1737 388 1921 442 studio
1952 389 2118 442 dilui-

555 500 655 537 tur.
711 482 860 537 Illam
918 498 1050 536 vero
1098 481 1393 551 perfectam
1442 482 1861 550 absolutamque
1887 489 2120 543 vestem,

553 589 729 643 neque
780 587 1049 636 maneam,
1101 587 1276 641 neque
1332 571 1758 635 redundantem,
1799 585 1900 640 pro
1932 571 2121 641 singu-

553 664 652 718 lari
682 664 827 719 artis
853 679 965 719 suae
996 663 1191 732 peritia
1221 660 1415 715 artifex
1452 662 1657 716 retlciet
1678 680 1690 715 :
1714 662 1899 717 omnia
1920 662 2123 732 quippe

552 773 605 810 Ill
637 756 759 825 ejus
789 763 919 810 sunt
958 762 1225 824 potestate
1255 752 1450 822 posita.
1488 751 1645 818 Quod
1685 753 1794 807 nisi
1826 753 1900 807 ita
1941 768 2000 810 se
2033 768 2121 808 res

552 850 800 911 haberet,
830 862 862 900 ο
898 846 1175 900 hominum
1213 844 1641 908 insanctissime,
1699 852 1865 913 atque
1897 859 1963 899 ex
1997 860 2121 899 ver-

552 948 680 993 bosa
713 938 800 993 illa
832 937 1126 991 calliditate
1178 936 1231 991 in
1260 935 1551 991 amentiam
1578 949 1842 989 converse
1866 976 1881 1002 ,
1909 942 2125 1004 poterat

552 1024 737 1093 utique
814 1022 1145 1091 Redemptor
1193 1030 1379 1077 noster
1433 1037 1497 1076 ac
1550 1022 1853 1087 Dominus,
1919 1022 2124 1095 Deique

552 1115 739 1175 Filius.
797 1116 889 1185 qui
928 1114 1132 1169 idcirco
1181 1121 1422 1177 venerat,
1481 1121 1541 1167 ut
1578 1114 1702 1167 vitae
1753 1113 1913 1169 nobis
1970 1128 2119 1184 spem

549 1207 908 1262 certissimam
944 1205 1169 1268 faceret,
1230 1205 1450 1274 quique,
1482 1210 1539 1256 ut
1572 1203 1844 1258 dictorum
1896 1218 2119 1277 suorum

549 1298 704 1352 tidem
753 1296 910 1349 nobis
964 1302 1252 1356 astrueret,
1296 1284 1559 1365 pleraque
1615 1294 1671 1347 in
1728 1293 1912 1364 seipso
1951 1293 2122 1347 voluit

550 1386 898 1456 exprimere:
935 1393 1165 1453 poterat.
1215 1385 1460 1454 inquam,
1517 1382 1769 1453 corporis
1822 1382 1906 1438 sui
1966 1390 2121 1452 parte

548 1477 793 1547 deposita
859 1475 1018 1528 aliam
1071 1475 1314 1529 excitare
1362 1480 1571 1544 partem
1612 1471 2120 1542 :quemadmodum

549 1571 776 1625 verbosa
806 1570 895 1623 illa
921 1576 1015 1623 tua
1043 1575 1204 1623 rectae
1230 1566 1352 1621 fidei
1379 1565 1684 1621 confutatio
1711 1573 1875 1635 atque
1900 1565 2122 1636 ineptis-

2225 388 2555 457 ταλείψειεν.
2586 390 2790 442 Ἐκεῖνο
2817 390 2874 442 δὲ
2899 392 3084 458 σαφῶς
3104 391 3164 443 τὸ
3188 392 3400 454 ἐντελὲς
3424 384 3645 459 ἱμάτιον
3670 396 3776 463 μήτε

2222 477 2426 541 λεῖπον,
2453 479 2590 548 μήτε
2612 479 2861 549 περιττὸν
2878 482 2945 549 τῇ
2976 480 3139 533 αὐτοῦ
3160 481 3454 550 ἀγαθότητι
3480 481 3585 549 τῆς
3616 478 3780 551 τέχνης

2226 570 2254 620 6
2267 569 2329 639 δη
2338 586 2459 638 μιου
2466 569 2593 640 ργὸς
2609 570 2824 638 ἀγάγοι·
2839 570 3015 624 πάντα
3028 570 3134 641 γὰρ
3148 570 3297 640 αὐτῷ
3308 571 3546 624 δυνατεῖ.
3562 572 3625 624 Εί
3643 572 3693 624 δὲ
3703 573 3783 643 σξιχ

2220 661 2393 722 οὕτως
2410 654 2499 729 ἦν,
2521 659 2596 722 ὡς
2622 660 2721 723 τὰς
2736 661 2756 690 ⁸
2787 660 2989 731 φρένας
3012 660 3285 731 ἀδικηθεὶς
3310 663 3373 713 ἐκ
3388 662 3491 731 τῆς
3508 661 3778 729 πολυλόγου

2227 766 2322 801 σου
2346 750 2607 813 ἐπινοίας,
2622 744 2767 819 εἶχεν
2782 751 2889 821 ἀρα
2910 753 2937 804 6
2966 752 3153 823 Σωτὴρ
3171 744 3324 821 ἡμῶν
3343 753 3437 805 καὶ
3454 750 3658 823 Κύριος
3675 754 3781 814 Υἱὸς

2223 840 2317 894 τοῦ
2342 840 2498 901 Θεοῦ,
2517 842 2545 894 ό
2565 840 2733 894 ἐλθὼν
2765 840 2831 894 δι’
2858 837 3154 911 ἀσφάλειαν
3186 844 3367 895 πᾶσαν
3406 844 3508 912 τῆς
3532 842 3779 912 ἡμετέρας

2224 929 2369 1001 ζωῆς
2403 932 2727 1001 ποιήσασθαι
2769 932 2867 1003 τὴν
2899 933 3055 1004 ἡμῶν
3094 933 3307 999 ἐλπίδα,
3334 935 3392 987 ὲν
3432 932 3615 1003 ἐαυτῷ
3641 951 3693 986 τε
3722 934 3777 985 τὰ

2223 1022 2450 1075 πλέῖστα
2478 1023 2995 1095 ἀνατυπωσάμενος,
3023 1027 3103 1090 είς
3131 1026 3229 1096 τὴν
3251 1026 3351 1097 τῆς
3371 1027 3636 1097 ἀληθείας
3666 1030 3781 1099 πρὸς

2223 1114 2368 1184 ἡμᾶς
2402 1111 2684 1178 σύστασιν,
2725 1114 2889 1186 μέρος
2914 1108 3079 1169 αὺτοῦ
3113 1113 3256 1188 εἶχεν
3277 1116 3603 1182 ἀποθέσθαι,
3640 1120 3785 1189 μέρος

2222 1203 2279 1257 δὲ
2309 1202 2579 1276 ἐξεγεῖραι
2627 1202 2769 1260 κατά
2802 1204 2899 1278 τὴν
2939 1203 3157 1279 μυθώδη
3201 1226 3293 1262 σου
3342 1204 3671 1281 ἀνασκευὴν,
3703 1213 3783 1264 καὶ

2222 1296 2461 1365 πλήθους
2500 1292 2778 1368 λογισμῶν
2819 1294 3059 1369 ματαίων
3100 1298 3378 1371 συλλογὴν,
3418 1293 3464 1353 ὦ
3513 1300 3781 1370 φιλόνεικε.

2222 1384 2393 1451 Αὐτὸς
2431 1386 2540 1459 γὰρ
2585 1386 2747 1453 εὐθὺς
2778 1386 3062 1460 διελέγχων
3105 1408 3197 1444 σου
3237 1390 3329 1447 τὸν
3357 1388 3563 1463 τρόπον
3608 1393 3780 1461 eam:

2222 1474 2416 1543 λέγων,
2467 1478 2549 1530 ὅτι
2596 1478 2739 1531 Ἐὰν
2773 1478 2860 1547 μὴ
2915 1482 2948 1532 ὀ
2978 1481 3197 1546 κόκκος
3234 1482 3339 1536 τοῦ
3376 1483 3562 1536 σίτου
3602 1482 3779 1535 πεσὼν

2223 1570 2310 1633 εὶς
2339 1566 2452 1635 τὴν
2475 1563 2591 1637 γῆν
2614 1570 2911 1638 ἀποθάνῃ,
2937 1574 3123 1639 μόνος
3140 1572 3304 1641 μένει
3325 1591 3339 1607 ·
3364 1574 3475 1627 ἐὰν
3504 1570 3578 1628 δὲ
3603 1575 3779 1629 πεσὼν

548 1663 813 1715 sintarum
864 1661 1165 1723 rationum,
1216 1673 1250 1713 ο
1290 1656 1663 1712 contentionis
1689 1655 1909 1726 cupide,
1935 1658 2113 1711 multi-

2225 1654 2525 1728 ἀποθάνῃ,
2552 1660 2821 1728 ,πολλοὺς
2844 1637 3103 1729 κόκκους
3134 1637 3319 1735 esp“.

548 1754 678 1809 tudo
707 1754 969 1809 declarat.
1006 1746 1205 1807 Verum
1232 1751 1347 1821 ipse
1377 1759 1531 1805 tuum
1582 1747 1845 1819 evestigio
1904 1747 2126 1804 modum
2157 1765 2221 1805 ac
2255 1754 2522 1809 rationem
2569 1750 2903 1826 redarguens
2965 1757 3038 1812 ita
3087 1760 3415 1827 pronuntiat
3451 1778 3465 1814 :
3503 1756 3635 1822 Nisi
3682 1776 3791 1830 grs-

548 1862 674 1899 num
727 1842 978 1911 [rmueuti
1030 1838 1219 1897 eadem
1273 1844 1324 1895 in
1384 1852 1580 1897 terram
1614 1850 1881 1895 mortuum
1935 1842 2121 1911 fuerit,
2156 1844 2333 1898 solum
2382 1857 2579 1901 manet.
2616 1843 2679 1901 Si
2739 1858 2917 1902 autem
2995 1846 3236 1907 reciderit
3290 1863 3660 1923 mortuumque
3690 1858 3774 1920 lue-

548 1941 617 1993 rit
672 1957 839 2008 grana
864 1934 1029 1993 multa
1065 1939 1211 2006 Parit
1238 1939 1250 1965 '
1275 1980 1288 1994 .

618 2030 901 2098 Quodnam
930 2030 1060 2084 illud
1092 2038 1207 2084 erat
1238 2044 1492 2100 granum,
1527 2028 1595 2083 de
1624 2044 1734 2099 quo
1768 2029 2127 2099 loquebatur?

548 2122 718 2178 Nemo
745 2132 827 2179 est
857 2124 950 2193 qui
981 2122 1213 2185 dubitet,
1247 2122 1411 2192 idque
1452 2122 1639 2177 mundi
1696 2106 1861 2179 totius
1910 2124 2128 2179 confes-

549 2217 703 2272 sione
731 2222 969 2277 constat,
1018 2213 1085 2268 de
1130 2228 1189 2268 se
1234 2214 1353 2283 ipso
1402 2212 1690 2267 Dominum
1716 2216 1977 2278 locutum,
2022 2215 2124 2269 hoc

551 2316 646 2363 est
691 2308 757 2362 de
810 2320 1036 2374 corpore
1085 2319 1221 2368 suo,
1275 2304 1733 2376 sanetissimaque
1787 2307 1876 2360 illa
1931 2322 2119 2372 carne,

547 2417 710 2472 quam
760 2416 823 2455 ex
874 2398 1041 2453 Maria
1070 2406 1308 2469 ceperat,
1361 2414 1424 2452 ac
1458 2398 1525 2453 de
1566 2400 1803 2454 humana
1846 2402 1992 2454 omni
2026 2418 2122 2454 na-

545 2504 688 2548 tura.
726 2492 882 2559 Quod
916 2500 1097 2545 autem
1137 2492 1370 2545 cadendi
1410 2507 1473 2545 ac
1509 2492 1775 2546 moriendi
1838 2493 2118 2549 vocabulis

548 2587 740 2650 utitur,
790 2591 849 2638 ut
874 2591 928 2639 et
962 2582 1068 2637 alio
1117 2584 1170 2636 in
1217 2582 1335 2637 loco
1372 2582 1543 2637 dicit:
1578 2580 1678 2636 Ubi
1716 2583 1813 2636 erit
1856 2581 2117 2647 cadaver,

544 2679 655 2731 illic
687 2673 1143 2747 rongregabuntur
1167 2680 1218 2727 et
1241 2673 1433 2743 aquila:
1460 2674 1481 2704 ¹
1505 2711 1519 2735 ,
1561 2672 1626 2726 ad
1663 2672 1974 2727 triduanum
2004 2688 2123 2728 cor-

544 2770 698 2841 poris
732 2781 983 2836 soporem
1029 2764 1252 2831 retulit;
1295 2764 1440 2834 quod
1485 2780 1552 2819 ne
1584 2765 1699 2834 ipse
1732 2764 1949 2834 quidem
1979 2764 2119 2818 difti-

544 2858 644 2911 teri
694 2862 867 2926 potes.
910 2852 1041 2906 Nam
1081 2851 1336 2906 divinitas
1392 2852 1508 2921 ipsa
1550 2867 1672 2905 eum
1715 2850 1891 2905 somni
1922 2858 2006 2906 est
2031 2868 2124 2906 ex-

2294 2026 2403 2082 Καὶ
2425 2027 2544 2081 τίνα
2571 2029 2679 2101 ἄρα
2716 2027 2869 2101 ἔλεγε
2896 2029 3125 2099 κόκκον;
3157 2036 3322 2089 Παντί
3359 2056 3438 2108 τῳ
3470 2041 3776 2108 σαςέςέςτε.

2223 2117 2317 2174 καὶ
2347 2121 2696 2193 ὡμολόγηται
2730 2124 2892 2177 παντὶ
2942 2124 3020 2195 τῷ
3057 2126 3266 2198 κόσμῳ,
3309 2126 3391 2181 ὅτι
3442 2132 3573 2204 περὶ
3610 2133 3776 2187 ἑαυτοὶ

2221 2211 2396 2281 ἔλεγε,
2440 2213 2687 2266 τουτέστι
2732 2214 2859 2285 περὶ
2902 2214 2995 2268 τοῦ
3037 2214 3282 2286 σώματος
3326 2214 3429 2288 τῆς
3474 2222 3676 2291 σαρκὸς
3704 2224 3775 2291 τῆ,

2220 2304 2401 2372 ἁγίας,
2445 2297 2513 2376 ἧς
2549 2302 2657 2358 ἀπὸ
2697 2298 2917 2375 Μαρίας
2950 2305 3157 2376 εἴληφε,
3188 2308 3281 2359 καὶ
3323 2307 3451 2378 ὅλης
3500 2312 3668 2364 αὑτοῦ
3700 2314 3774 2379 si;

2219 2395 2698 2467 ὲνανθρωπήσεως.
2727 2396 2800 2449 Τὸ
2838 2396 2895 2449 δὲ
2921 2400 3102 2449 πεσεῖν
3131 2397 3222 2451 καὶ
3256 2399 3570 2465 ἀποθανεῖν,
3609 2403 3681 2465 ὡς
3707 2404 3773 2453 λέ·

2217 2502 2330 2552 γει·
2380 2482 2572 2540 Ὅπου
2622 2486 2688 2540 τὸ
2738 2486 2964 2557 πτῶμα,
3018 2488 3145 2542 ἐκεῖ
3194 2489 3688 2559 συναχθήσονται
3733 2508 3773 2543 u

2218 2574 2382 2630 ἀετοί
2404 2592 2415 2605 ·
2453 2579 2579 2649 περὶ
2612 2574 2713 2647 τῆς
2742 2578 2905 2632 αὑτοῦ
2942 2580 3237 2652 τριημέρου
3270 2576 3363 2634 τοῦ
3402 2581 3657 2653 σώματος
3684 2602 3778 2637 xm-

2223 2670 2437 2739 μήσεως
2476 2666 2680 2738 ἔλεγεν,
2719 2667 2793 2735 ὡς
2833 2668 2926 2724 καὶ
2965 2673 3121 2735 αὐτὸς
3168 2673 3542 2745 ὁμολογήσεις.
3588 2678 3656 2730 Ἦ
3688 2677 3775 2747 γὰρ

2222 2759 2413 2831 θεότης
2429 2760 2591 2816 αὐτοῦ
2614 2764 2932 2835 ἀκοίμητος,
2963 2766 3228 2830 ἄπτωτος,
3270 2765 3605 2839 ἀκράτητος,
3648 2772 3779 2841 asp:-

2228 2868 2379 2916 πτος.
2400 2853 2661 2906 Ἀπέθανε
2684 2851 2860 2908 τοίνυν
2882 2856 2911 2908 6
2940 2853 3135 2919 κόκκος
3157 2856 3249 2909 τοῦ
3278 2858 3446 2921 σίτου,
3464 2860 3775 2929 καὶὰνέπη.

545 2963 692 3018 pers,
753 2954 864 2999 tum
914 2942 1111 2997 cadere
1134 2941 1490 3012 superarique
1526 2956 1633 2995 non
1666 2948 1865 3011 potest,
1901 2957 2000 2995 nec
2031 2945 2113 2995 est

2221 2946 2381 3009 Ὃλος
2410 2943 2502 3000 οὖν
2536 2948 2564 3000 6
2592 2947 2789 3010 κόκκος
2816 2946 3091 3018 ἀνέστη,ῆ
3122 2947 3325 3017 λεῖμμα
3356 2950 3521 3002 αὑτοῦ
3558 2928 3775 3021 ἀνέστηξ

540 3040 765 3093 omnino
817 3037 1116 3091 mutabilis.
1177 3030 1447 3088 Mortnum
1493 3042 1576 3088 est
1621 3034 1804 3102 itaque
1852 3031 2111 3088 frumenti

540 3146 790 3201 granum,
836 3137 996 3199 atque
1023 3110 1216 3181 iteruin
1250 3125 1565 3179 excitatum.
1598 3121 1918 3179 Utrumnam
1954 3125 2116 3196 igitur

542 3226 811 3293 integrum
856 3235 1083 3293 granum
1137 3220 1433 3273 excitatum
1468 3227 1571 3280 est,
1606 3232 1673 3270 an
1708 3216 1853 3270 illius
1884 3230 2010 3286 pars
2034 3230 2118 3272 est

542 3317 724 3386 aliqua
751 3312 1051 3369 derelicta?
1088 3309 1321 3366 Aliudue
1360 3324 1545 3380 porro,
1591 3324 1754 3379 quam
1784 3308 1929 3376 quod
1955 3316 2114 3363 antea

539 3418 680 3470 erat,
736 3424 802 3461 an
861 3407 1003 3461 idem
1031 3402 1195 3474 598
1221 3404 1439 3475 penitus
1492 3414 1613 3456 esse
1668 3414 1733 3453 ac
1779 3399 2112 3455 reviviscere

540 3501 729 3570 t'a‘pi‘t,
765 3496 909 3569 quod
939 3506 992 3552 et
1024 3496 1092 3549 ab
1114 3493 1351 3562 Josepbo
1401 3491 1632 3548 sindone
1682 3491 1997 3546 obvolutum
2050 3506 2113 3543 ac

540 3594 833 3663 sepultum,
863 3601 915 3645 et
940 3592 991 3644 in
1020 3605 1159 3643 novo
1188 3589 1518 3641 monimento
1547 3586 1783 3657 positum
1809 3584 2114 3639 surrexit’?

539 3680 621 3735 Tu
650 3690 702 3736 te
732 3683 846 3752 ipse
878 3698 986 3735 non
1016 3679 1323 3749 negaveris.
1361 3677 1661 3743 Quemnam
1692 3686 1872 3731 autem
1912 3678 2107 3730 mulie-

542 3774 697 3826 ribus
752 3770 925 3841 angeli
969 3770 1340 3825 resurrexisse
1393 3769 1735 3833 nuntiabant,
1766 3784 1889 3822 eum
1921 3769 1992 3823 ita
2024 3769 2107 3823 di-

476 3856 479 3859 ’
539 3871 723 3917 cerent
756 3880 770 3917 :
799 3863 963 3927 Quem
1002 3862 1283 3932 quatritt's?
1317 3857 1499 3915 Jesum
1545 3859 1937 3916 Nazareuum?
1979 3857 2110 3914 Sur-

538 3954 695 4017 rexit,
744 3969 847 4007 non
893 3963 967 4007 est
1013 3952 1338 4015 hic:vem'te,
1379 3951 1542 4005 videte
1594 3949 1838 4005 locum‘.
1873 3951 2109 4006 Perinde

535 4060 602 4098 ac
629 4044 673 4099 si
727 4045 974 4100 diceret:
1015 4042 1212 4106 Venite,
1265 4043 1428 4096 videte
1474 4043 1669 4107 locum,
1718 4053 1771 4097 et
1818 4040 2105 4114 Origenem

536 4138 767 4201 dnrete;
804 4135 983 4189 nullas
1014 4134 1139 4189 istic
1173 4132 1318 4188 illius
1350 4133 1535 4203 jacere
1578 4133 1862 4203 reliquias,
1896 4133 1994 4189 sed
2024 4134 2080 4188 in

535 4236 750 4296 tegrum
785 4228 1111 4281 surrexisse.
1146 4225 1323 4293 Atque
1355 4236 1411 4277 ut
1445 4224 1714 4294 intelligas
1737 4225 2104 4281 resurrexisse

2226 3035 2418 3099 Ἀλλος
2460 3035 2657 3099 κόκκος
2694 3034 2845 3107 παρά
2885 3035 2975 3089 τὸν
3001 3036 3145 3102 ὄντα,
3190 3035 3221 3106 ἢ
3267 3037 3398 3089 αὐτὸ
3428 3040 3456 3090 6
3501 3038 3577 3092 ὢν
3627 3042 3701 3103 εἰς
3730 3042 3776 3091 τὸ

2218 3120 2377 3193 εἶναι,
2410 3127 2469 3181 τὸ
2519 3127 2607 3181 διά
2650 3126 2743 3180 τοῦ
2786 3126 2979 3198 Ἰωσὴφ
3026 3125 3421 3200 κεκηδευμένον
3472 3131 3530 3182 ἐν
3573 3132 3773 3193 σινδόνι,

2218 3222 2311 3275 καὶ
2345 3222 2402 3273 ὲν
2432 3221 2673 3291 μνήματι
2703 3218 2873 3289 καινῷ
2896 3219 3046 3272 τεθὲν
3076 3221 3307 3292 ἀνέστη;
3338 3222 3565 3287 Πάντως
3588 3224 3667 3276 δτι
3693 3226 3771 3275 six

2216 3312 2450 3383 ἀρνήσῃ.
2508 3309 2643 3364 Τίνα
2690 3308 2869 3363 τοίνυν
2920 3309 3331 3380 εὐηγγελίζοντο
3387 3313 3685 3384 ὲγηγέρθαι
3732 3314 3769 3364 εξ

2216 3404 2435 3472 ἄγγελοι
2464 3404 2581 3465 ταῖς
2610 3400 2882 3470 γυναιξίν;
2912 3400 2987 3464 ὡς
3008 3402 3166 3469 φασί’
3208 3403 3345 3457 Τίνα
3383 3402 3639 3471 ζητεῖτε-ε
3676 3407 3771 3470 ἰη-

2215 3490 2372 3547 σοῦν
2406 3492 2515 3545 τὸν
2558 3489 2926 3559 Ναζωραῖον;
2970 3492 3229 3561 Ἀνέστη,
3265 3498 3375 3549 οὐκ
3420 3498 3598 3552 ἔστιν
3642 3497 3767 3554 ὧδε·

2214 3582 2406 3647 δεῦτε,
2443 3583 2597 3638 ἴδετε
2626 3584 2734 3639 τὸν
2759 3585 2965 3639 τόπον.
3010 3586 3150 3639 Ὀσεὶ
3180 3587 3329 3656 ἔλεγε
3351 3607 3363 3619 ·
3402 3592 3603 3655 Δεῦτε,
3636 3593 3769 3645 ἴδετε

2213 3674 2320 3727 τὸν
2349 3675 2555 3738 τόπον,
2591 3674 2685 3728 καὶ
2738 3675 3045 3728 συνετίσατε
3082 3677 3172 3729 τὸν
3217 3679 3515 3752 Ὠριγὲνην,
3557 3686 3639 3738 ὅτι
3684 3688 3767 3738 οἰκ

2214 3766 2293 3818 ἕνι
2319 3765 2526 3836 λεῖμμα
2559 3766 2808 3836 κείμενον
2834 3768 3086 3835 ἐνταῦθα,
3126 3769 3259 3823 ἀλλά
3286 3772 3404 3825 ὅλον
3423 3775 3643 3846 ἀνέστη.
3673 3779 3765 3829 Καὶ

2211 3858 2357 3921 ὅπως
2404 3856 2567 3927 γνῷς,
2599 3857 2679 3910 ὅτι
2718 3856 2836 3911 ὅλον
2884 3858 3111 3931 ἀνέστη·
3145 3860 3408 3931 Ἀνέστη,
3451 3858 3562 3919 οὐκ
3609 3868 3766 3921 ἔστιν

2208 3942 2357 4001 ὦδε·
2390 3948 2475 4001 ἵνα
2506 3948 2822 4021 ἀποκρούσῃ
2866 3967 2959 4004 σου
2997 3951 3095 4022 τὴν
3124 3952 3410 4024 φλυαρίαν,
3449 3957 3529 4009 ὅτι
3574 3958 3761 4028 λεῖμμα

2209 4038 2373 4095 αὐτοῦ
2402 4041 2501 4094 οὐκ
2540 4037 2953 4113 ἐγκατελείφθη,
2986 4042 3099 4096 ἀλλ’
3128 4045 3256 4098 αὐτὸ
3292 4046 3352 4099 τὸ
3381 4048 3607 4118 ήλωθὲν,
3644 4053 3759 4103 αὐτὸ

2208 4132 2267 4186 τὸ
2294 4131 2486 4202 νυχθὲν
2512 4134 2579 4201 τῇ
2612 4131 2797 4203 λόγχῃ,
2836 4132 2968 4187 αὐτὸ
2998 4134 3057 4187 τὸ
3094 4136 3363 4207 κρατηθὲν
3401 4138 3505 4192 ὑπὸ
3528 4141 3635 4193 τῶν
3664 4143 3761 4195 0a-

2211 4220 2456 4295 ρισαίων,
2485 4220 2616 4277 αὐτὸ
2640 4224 2700 4276 τὸ
2726 4223 3056 4295 ὲμπτυσθέν.

537 4328 733 4382 totum,
780 4316 1044 4383 Surrexit,
1098 4317 1291 4386 inquit,
1335 4333 1436 4370 non
1476 4324 1555 4369 est
1590 4317 1695 4382 hic,
1744 4326 1803 4371 ut
1845 4318 2101 4371 nimirum
2163 4332 2335 4387 nugas
2404 4324 2525 4372 tuas
2575 4317 2895 4384 discuteret,
2943 4317 3450 4392 demonstraretque
3490 4324 3753 4379 residuum

536 4409 684 4463 illius
740 4408 949 4463 nullum
1010 4407 1277 4478 abiectum
1343 4422 1403 4463 ac
1454 4407 1701 4461 relictum
1757 4406 1967 4473 fuisse;
2010 4407 2102 4462 sed
2159 4408 2300 4462 idem
2355 4421 2477 4462 esse
2527 4407 2686 4477 plane
2737 4422 2960 4477 corpus,
3000 4411 3142 4479 quod
3167 4416 3221 4465 et
3270 4412 3444 4469 clavis
3471 4415 3753 4477 conﬁxum.

530 4512 583 4557 et
635 4503 824 4556 lancea
866 4502 1216 4571 perforatum,
1249 4511 1304 4557 et
1328 4516 1359 4555 a
1386 4500 1672 4557 Pharisaeis
1712 4503 2165 4572 comprehensum
2191 4510 2297 4563 est.
2332 4517 2397 4557 ac
2424 4502 2599 4570 sputis
2631 4516 2933 4572 aspersum.

600 4591 829 4647 LXVIII.
872 4592 1011 4658 Quid
1060 4600 1239 4647 autem
1272 4593 1465 4647 attinet
1505 4594 1661 4664 plura
1712 4594 1778 4648 ad
1825 4592 2093 4649 infelicetu

2269 4592 2393 4647 EH'.
2437 4591 2548 4646 Καὶ
2593 4592 2646 4645 τί
2697 4610 2787 4663 μοι
2824 4594 2893 4646 τά
2933 4591 3109 4665 πλήθη
3153 4594 3329 4663 λέγειν
3376 4597 3512 4668 πρὸς
3552 4599 3750 4669 ἔλεγχον
3788 4664 3789 4671 κ

532 4687 681 4741 illius
711 4693 765 4741 et
800 4686 1122 4740 insolentem
1159 4685 1546 4753 loquacitatem
1582 4686 1919 4756 congerere?
1953 4685 2102 4751 Quo-

528 4777 679 4828 circa
738 4789 845 4828 non
902 4789 1061 4829 secus
1118 4783 1283 4843 atque
1338 4773 1458 4843 ipse
1506 4774 1808 4829 resurrexit
1834 4788 2100 4843 suumque

529 4880 732 4933 corpus
765 4865 1045 4926 excitavit,
1093 4866 1169 4918 ita
1216 4870 1270 4917 et
1308 4879 1408 4919 nos
1451 4864 1735 4919 excitabit.
1767 4865 1902 4917 Nam
1937 4880 2001 4919 ex
2032 4878 2125 4933 eo,

531 4956 914 5010 sanctissimus
941 4955 1233 5024 Apostolus
1282 4970 1433 5024 spem
1478 4964 1722 5010 nostram
1754 4954 2096 5009 conﬁrmavit

531 5041 617 5096 his
642 5043 825 5099 verbis
852 5044 873 5075 '
902 5063 913 5097 :
948 5045 1223 5110 Quomodo
1248 5046 1431 5097 diruut
1454 5044 1672 5113 quidam
1706 5046 1759 5097 in
1787 5044 1935 5098 vobis
1957 5061 2096 5097 mor-

530 5147 741 5187 tuorum
797 5138 1233 5191 resurrectionem
1263 5153 1365 5190 non
1400 5138 1553 5192 esse?
1596 5136 1751 5202 Quod
1786 5138 1832 5189 si
1860 5146 2094 5191 mortuo-

529 5243 645 5279 rum
682 5231 995 5281 resurrectio
1026 5246 1129 5283 non
1156 5238 1255 5292 est,
1287 5245 1449 5298 neque
1492 5228 1732 5282 Christus
1777 5230 2088 5283 resurrexit.

525 5315 587 5371 Si
634 5327 807 5371 autem
842 5318 1082 5375 Christus
1128 5337 1230 5374 non
1265 5320 1573 5381 resurrexit,
1638 5320 1812 5372 inanis
1859 5336 1981 5389 ergo
2004 5330 2084 5375 est

2197 4682 2386 4736 τούτου
2413 4683 2508 4735 τοῦ
2540 4679 2771 4736 ἐλεεινοῦ
2806 4684 2900 4736 καὶ
2926 4684 3271 4755 πολυκόμπου
3297 4686 3395 4757 τῆς
3417 4689 3476 4739 ἐν
3502 4690 3647 4760 αὐτῷ
3675 4710 3749 4757 γε·

2197 4774 2449 4847 νηθείσης
2486 4774 2788 4844 φλυαρίας;
2832 4775 2974 4845 Ἆρα
3003 4772 3113 4840 οὖν,
3155 4777 3229 4839 ὡς
3262 4778 3484 4850 ἀνέστη,
3517 4783 3609 4833 καὶ
3636 4785 3747 4833 ὲαυ-
3786 4846 3787 4851 η

2194 4863 2286 4920 τοῦ
2318 4865 2377 4919 τὸ
2412 4866 2569 4937 σῶμα
2610 4868 2849 4937 ἤγειρεν,
2883 4866 3053 4932 οὕτως
3082 4870 3174 4921 καὶ
3391 4872 3591 4943 ἐγερεῖ.
3631 4876 3751 4926 Ἀπὸ
3786 4872 3787 4923 l

2191 4958 2380 5010 τούτου
2407 4957 2513 5029 γὰρ
2546 4957 2743 5023 ἔδειξεν
2768 4962 2795 5012 6
2819 4959 2971 5038 ἅγιος
3015 4962 3333 5026 Ἀπόσ-τολος
3360 4965 3459 5037 τὴν
3487 4968 3641 5038 ἡμῶν
3674 4969 3749 5019 ὲλο
3784 5020 3785 5033 χ

2192 5049 2343 5111 πίδα,
2379 5051 2581 5120 φήσας,
2623 5052 2704 5103 ὅτι
2741 5049 2869 5117 Πῶς
2903 5036 3156 5123 λέγουσι
3184 5072 3345 5121 τινες
3478 5036 3632 5127 ι’ίμῑν,
3666 5061 3741 5112 ἔτι

2191 5140 2525 5207 ἀνάστασις
2562 5141 2789 5209 νεκρῶν
2832 5145 2942 5197 οὐκ
2987 5146 3188 5210 ἐστιν;
3234 5150 3300 5202 El
3327 5150 3397 5204 δὲ
3423 5154 3742 5215 ἀνάστασίς

2188 5230 2417 5298 νεκρῶν
2440 5233 2551 5284 οὐκ
2582 5234 2736 5295 ἐστι,
2767 5234 2909 5287 οὐδὲ
2938 5238 3191 5305 Χριστὸς
3229 5242 3558 5312 ἐγήγερται.
3592 5249 3659 5299 Εἰ
3680 5245 3739 5296 δὲ
3782 5278 3783 5312 ξ

2188 5323 2441 5389 Χριστὸς
2485 5324 2594 5374 οὐκ
2637 5322 2967 5393 ἐγήγερται,
3001 5329 3179 5383 κενὸν
3214 5332 3327 5400 ἄρα
3366 5336 3433 5387 τὸ
3482 5337 3735 5404 χάριντίέο
3782 5334 3783 5404 ᾖ

608 5476 1095 5559 'Joan.__xu,}4.'
1158 5481 1391 5538 ‘Matth.
1438 5498 1588 5547 xstv,
1640 5483 1727 5537 28.
1810 5485 1829 5516 ³
1861 5482 2049 5538 Matth.
2108 5497 2277 5545 xxvu,
2336 5483 2424 5545 59,
2488 5485 2576 5538 60.
2658 5484 2677 5515 ‘
2716 5484 2908 5543 Matth.
2972 5503 3161 5555 xxvtu,
3196 5492 3252 5558 5,
3284 5493 3339 5547 6.
3402 5494 3613 5550 ‘lCor.
3652 5512 3731 5559 xv,

522 5546 595 5606 12
629 5564 752 5621 sqq.
803 5548 934 5604 ἰσ.
974 5541 1155 5615 ὦτάς.

2194 5639 2238 5685 ,ὲ
