3822 6302
114 218 234 278 1189

783 210 1149 277 ADVERSUS
1186 215 1526 275 lMERESES
1563 212 1691 277 LIB.
1723 217 1787 275 ll.
1827 214 1992 276 TOM.
2034 218 2157 273 l.—
2191 220 2460 279 llAiRES.
2503 218 2684 282 LXIV.
2752 232 2757 237 '

3213 230 3353 289 “90

111 313 282 383 ἡμῶν·
305 313 528 386 ματαία
549 314 645 369 καί
670 313 710 381 ἠ
727 315 931 381 πίστις
949 314 1138 384 ἡμῶν.
1166 316 1573 384 Εὐρισκόμεθα
1600 315 1658 368 δὲ

1769 315 2078 386 ρνωιίίςαιὶο
2114 326 2318 385 nostra,
2373 335 2508 373 vana
2546 330 2625 374 est
2647 329 2697 374 et
2731 318 2860 389 fides
2902 332 3094 377 vestra.
3144 322 3351 381 Iuvenis

112 409 197 461 καί
212 407 695 477 ψευδομάρτυρες
730 408 837 462 τοῦ
856 408 1027 470 Θεοῦ,
1057 407 1145 461 ὅτι
1160 408 1427 478 είπομεν’
1451 411 1658 478 Ἦγειρι

1774 422 1896 459 mur
1944 417 2116 460 autem
2156 418 2205 460 et
2231 408 2361 476 falsi
2398 418 2551 463 testes
2597 410 2728 474 Dei,
2773 415 3025 481 quoniam
3070 415 3349 471 diximus:

110 499 203 551 τόν
212 498 587 567 Χριστὸν,καῖ⁵
603 503 669 554 τὰ
684 499 833 569 ἑξῆς.
847 499 957 551 Καὶ
969 497 1093 551 ὕστε
1101 515 1192 569 ρον
1203 499 1365 567 ἑπιφὲ
1371 500 1670 571 ρει,λὲγων·

1772 497 2060 552 Suscituvit
2097 498 2389 562 Christum,
2431 509 2539 553 etc.
2572 500 2775 555 Deinde
2804 505 3043 572 subjecit
3076 525 3089 559 :
3128 508 3347 577 Oportet

108 592 262 646 Δεῖτύ
276 593 544 663 φθαρτὸν
558 592 734 647 τοῦτο
747 593 1116 647 ἐνδύσασθαι
1126 591 1590 661 agrammatus-mal
1604 593 1658 646 τί

1772 590 2115 659 corruptibile
2146 590 2243 644 hoc
2271 590 2485 645 induere
2513 592 2982 659 incorruptionem,
3029 608 3078 652 et
3121 603 3347 655 mortale

106 684 313 750 θνητὸν
344 684 520 739 τοῦτο
539 684 913 739 ἐνδύσασθαι
927 684 1285 739 ἀθανασίαν.
1305 684 1416 738 Καὶ
1433 684 1534 737 οὐκ
1548 676 1670 737 εἷπε

1770 678 1870 733 hoc
1916 679 2134 735 induere
2172 681 2649 735 immortalitatem.
2681 681 2801 737 Non
2826 684 2964 737 dixit.
2992 689 3218 743 mortale
3255 706 3346 745 so.

102 773 155 824 τὸ
175 773 367 845 θνητὸν
387 774 568 846 μόνον,
586 775 707 829 οὐδὲ
726 775 788 828 τὸ
804 774 1043 845 φθαρτὸν
1075 774 1255 845 μόνον,
1272 774 1394 828 οὐδὲ
1420 775 1518 845 τὴν
1538 774 1658 829 ἀθά-

1774 766 1909 834 lum,
1958 784 2136 839 neque
2181 771 2537 840 corruptibile
2574 773 2774 837 solum,
2832 790 2933 829 nec
2981 776 3342 834 immortalem

102 880 245 917 νατον
256 863 455 936 ψυχήν·
475 864 615 919 άλλὰ
631 864 697 918 τό
711 864 977 935 φθαρτὸν
984 864 1183 929 τοῦτο,
1202 865 1339 935 μετὰ
1353 865 1670 938 προσθήκης

99 956 186 1026 τῆς
197 955 394 1021 τοῦτο,
412 956 506 1011 καὶ
522 956 587 1011 τὸ
602 956 826 1024 θνητόν
839 956 1038 1021 τοῦτο,
1056 957 1195 1027 μετὰ
1229 956 1546 1029 προσθήκης
1569 957 1669 1027 τῆς

96 1044 279 1097 τοῦτο.
296 1045 467 1110 Αὐτὸς
498 1042 592 1100 οὖν
619 1046 738 1109 ὅλος
757 1048 772 1077 ¹
794 1048 824 1098 ό
841 1047 1037 1110 κόκκος
1050 1046 1227 1119 {aiich
1248 1047 1465 1118 ἀνέστη·
1490 1047 1585 1102 καὶ
1603 1048 1665 1101 οὐ

96 1134 251 1205 μέρος
283 1135 654 1207 άνέστη,ἀλλὰ
666 1136 786 1199 ὅλος
800 1135 1019 1206 άνέστηυ
1039 1137 1133 1190 καὶ
1151 1137 1251 1191 οὐκ
1280 1135 1437 1200 ἄλλος
1469 1137 1666 1200 κόκκος

97 1226 236 1295 παρὰ
254 1226 347 1279 τὸν
361 1227 492 1281 όντα
503 1227 725 1298 ἀνέστη,
738 1227 853 1281 ἀλλ’
869 1227 1030 1291 αὐτὸς
1043 1230 1072 1281 ό
1087 1227 1267 1283 πεσὼν
1284 1228 1341 1281 ὲν
1356 1227 1433 1298 τῷ
1446 1227 1550 1299 μνη
1558 1246 1663 1299 μα-

96 1328 139 1367 τι
154 1316 269 1380 ὅλος
286 1317 506 1389 ἀνέστη.
526 1319 635 1372 Καὶ
668 1317 771 1371 ποῦ
810 1318 983 1389 ἰσχύει
1017 1336 1112 1372 σου
1144 1320 1178 1389 ἡ
1211 1319 1663 1389 κενοφωνίαςΔύο

94 1409 193 1478 γὰρ
207 1409 440 1474 κόκκους
462 1405 603 1464 οἶδεν
628 1412 661 1481 η
683 1410 802 1463 θεία
822 1411 1012 1482 Γραφὴ
1033 1411 1376 1483 εἰρημένους,
1399 1412 1494 1465 ἕνα
1510 1413 1567 1465 ὲν
1585 1411 1662 1482 τῷ

95 1499 422 1571 Εὑαγγελίῳ,
454 1501 549 1554 καὶ
580 1501 676 1555 ἕνα
698 1501 846 1573 παρὰ
872 1501 951 1573 τῷ
990 1503 1313 1573 ’Δποστόλιμ
1361 1504 1470 1559 Kal.
1494 1505 1522 1557 ό
1562 1504 1660 1574 μὲν

93 1594 165 1655 είς
194 1593 299 1664 τὴν
340 1594 522 1647 πᾶσαν
549 1594 844 1666 σαφήνειαν
880 1593 1030 1664 δηλοῖ
1068 1595 1208 1648 κατὰ
1244 1594 1311 1649 τά
1355 1595 1572 1661 τελείως
1600 1598 1658 1649 ὲν

91 1684 232 1754 αὑτῷ
265 1684 646 1758 ἑνεργηθέντα,
683 1686 821 1756 ὅπερ
852 1686 970 1739 ἐστὶ
1002 1685 1357 1757 πρωτότυπον
1398 1686 1497 1756 τῆς
1522 1689 1654 1742 ἀνα·
1688 1669 1731 1723 Β

91 1775 348 1839 στάσεως.
379 1775 550 1830 Τοῦτο
579 1775 688 1847 γὰρ
721 1777 815 1830 καὶ
846 1776 1109 1831 διδάσκων
1147 1778 1241 1830 καὶ
1273 1776 1441 1830 ποιῶν
1486 1778 1516 1829 ό
1543 1778 1656 1830 Σω-

86 1868 185 1939 τὴρ
229 1868 302 1921 τὰ
343 1869 521 1923 πάντα
557 1870 688 1939 ἡμῖν
724 1868 805 1931 είς
835 1869 1173 1940 παράστασιν
1211 1868 1443 1939 βεΰαίως
1472 1870 1662 1942 εἰργά-

87 1976 212 2013 σατο
263 1959 442 2025 εὐθύς.
474 1960 664 2030 Ἔλεγε
711 1960 822 2032 γάρ
852 1960 981 2032 περὶ
1016 1959 1111 2013 τοῦ
1154 1961 1375 2027 κόκκου,
1414 1962 1510 2015 καὶ
1566 1961 1662 2015 τοῦ

86 2052 271 2123 ἤγειρε
294 2053 315 2083 ⁸
342 2052 433 2105 τὸν
463 2051 681 2119 κόκκον,
714 2052 802 2107 ἴνα
822 2052 952 2123 ἡμῖν
981 2050 1081 2123 τὴν
1106 2053 1285 2105 πίστιν
1311 2053 1412 2123 τῆς
1454 2052 1665 2116 ἐλπίδος

84 2138 358 2215 βεϐαιώσῃ
377 2142 477 2212 τῆς
498 2142 656 2213 ἡμῶν
685 2140 1035 2205 ἀναστάσεως
1060 2142 1120 2195 ὲν
1143 2141 1390 2213 ἀληθείᾳ.

1768 858 2003 929 denique
2044 859 2317 913 animam:
2367 859 2463 914 sed
2501 861 2838 929 corruptibile
2885 863 2980 918 hoc
3022 874 3069 918 et
3098 870 3341 931 mortale,

1767 950 1951 1004 addito
1972 951 2258 1021 utrobique
2286 953 2631 1022 pronomine,
2660 953 2775 1007 hoc.
2802 954 3165 1020 Quamobrem
3216 974 3343 1029 gra-

1767 1057 1899 1095 num
1939 1041 2132 1111 ipsius,
2156 1048 2211 1095 et
2234 1043 2455 1111 quidem
2489 1044 2783 1114 integrum,
2813 1060 2922 1100 non
2957 1046 3080 1115 ejus
3108 1055 3342 1102 tantum-

1765 1133 1927 1188 modo
1975 1148 2123 1203 pars,
2178 1133 2271 1187 sed
2317 1134 2607 1205 integrum,
2639 1136 2719 1189 uti
2753 1136 3017 1201 diximus,
3054 1140 3336 1205 surrexit;
3398 1194 3405 1203 ,

1764 1238 1865 1279 nec
1895 1224 2083 1286 aliud,
2131 1239 2295 1294 quam
2353 1225 2500 1295 quod
2546 1237 2665 1281 erat
2711 1234 2869 1282 antea
2927 1244 3197 1299 granum,
3241 1232 3338 1285 sed

1763 1314 1897 1370 illud
1922 1315 2124 1385 ipsum,
2167 1316 2311 1385 quod
2340 1317 2393 1371 in
2420 1317 2813 1372 monimentum
2842 1320 3136 1384 ceciderat,
3164 1328 3335 1375 totum

1761 1408 2145 1478 integrumque
2198 1408 2457 1464 surrexit.
2510 1408 2651 1475 Quid
2706 1410 2873 1479 igitur
2930 1412 3127 1465 virium
3173 1413 3337 1467 habet

1759 1497 1996 1554 absurda
2041 1498 2131 1552 illa
2173 1506 2268 1553 tua
2319 1500 2639 1554 sententia?
2675 1499 2793 1553 Duo
2835 1500 3109 1570 siquidem
3144 1516 3333 1573 grana,

1757 1604 1881 1659 quae
1901 1590 2062 1660 paulo
2092 1599 2221 1645 ante
2248 1592 2557 1655 retulimus,
2590 1590 2872 1660 Scriptura
2900 1602 3330 1649 commemorat:

1758 1696 1992 1750 quorum
2025 1681 2251 1738 alterius
2291 1684 2348 1737 in
2385 1682 2698 1753 Evangelio,
2752 1684 2979 1740 alterius
3015 1684 3158 1754 apud
3187 1685 3331 1753 Apo-

1759 1774 1959 1828 stolum
1993 1772 2051 1827 ﬁt
2090 1773 2316 1829 mentio.
2352 1772 2593 1829 Primum
2620 1774 2753 1829 illud
2794 1774 2861 1829 ad
2894 1790 3006 1829 rem
3037 1776 3332 1831 declaran-

1757 1861 1881 1917 dam
1901 1862 2348 1921 efﬁcacissimum
2377 1872 2482 1929 est,
2519 1865 2824 1920 secundum
2852 1882 2915 1923 ea
2940 1884 3061 1937 qua:
3091 1868 3333 1938 perfecte

1759 1954 1814 2009 in
1866 1970 1932 2010 eo
1976 1964 2129 2026 gesta
2158 1966 2319 2021 sunt,
2388 1956 2536 2027 quod
2580 1966 2665 2012 est
2714 1961 2863 2013 velut
2905 1946 3334 2016 resurrectionis

1758 2050 2053 2118 exemplar.
2082 2050 2295 2106 Etenim
2321 2051 2528 2107 docens
2552 2053 2701 2108 istud
2728 2054 2999 2121 Salvator,
3014 2065 3069 2111 et
3100 2056 3329 2116 faciens,

1761 2140 1993 2196 subinde
2067 2142 2465 2198 conﬁrmandis
2530 2144 2690 2200 nobis
2754 2146 2940 2199 omnia
3015 2152 3332 2201 constanter

85 2233 356 2301 pnestitit.
400 2230 536 2287 Nam
567 2234 635 2288 de
692 2247 890 2304 grano,
940 2233 1118 2303 deque
1162 2233 1354 2291 eodem
1402 2233 1691 2289 excitando
1742 2231 1951 2288 idcirco
2008 2232 2292 2299 disseruit,
2347 2243 2408 2289 ut
2444 2237 2561 2307 spei
2612 2246 2833 2306 nostrae,
2888 2252 3050 2310 quam
3095 2239 3161 2293 de
3203 2253 3332 2293 vera

84 2324 483 2381 resurrectione
529 2322 693 2394 599
732 2325 1083 2395 concepimus
1128 2324 1288 2382 ﬁdem
1348 2335 1642 2385 assereret.

158 2416 295 2470 Ἀπὸ
316 2417 506 2470 τούτου
527 2416 905 2489 διαδεξάμενος
929 2420 958 2472 ό
997 2418 1338 2487 ’Δπόστολος,
1372 2421 1649 2493 Πνεύματι

1822 2411 1961 2466 Huic
2017 2412 2288 2468 successit
2343 2413 2662 2484 Apostolus,
2727 2418 2820 2487 qui
2872 2418 3042 2474 divini
3089 2422 3331 2493 Spiritus

81 2508 221 2581 ἁγίῳ
256 2511 573 2582 φερόμενος,
597 2511 697 2583 τὴν
727 2511 866 2582 μετά
911 2511 1011 2582 τὴν
1055 2512 1351 2567 ἀνάστασιν
1390 2515 1653 2586 ἐσομένην

1760 2502 1953 2568 alﬂatu,
2008 2512 2333 2559 sanctorum
2373 2508 2625 2577 gloriam,
2676 2525 2797 2579 quae
2822 2521 2947 2580 post
2979 2522 3337 2573 resurrectio-

79 2602 238 2665 δόξαν
269 2601 379 2656 τῶν
405 2602 577 2672 ἁγίων
600 2602 955 2674 διηγούμενος
985 2606 1136 2675 ἡμῖν,
1167 2607 1261 2659 καὶ
1275 2606 1374 2677 τὴν
1392 2606 1489 2677 τῆς
1519 2607 1654 2661 ἀπο-

1760 2612 1872 2651 ncm
1903 2597 2094 2651 futura
2128 2608 2235 2663 est,
2282 2614 2346 2653 ac
2391 2600 2658 2654 bonorum
2701 2602 2938 2659 fructum
2967 2602 3330 2676 voluptatem-

78 2692 324 2758 λαύσεως
354 2694 463 2748 τῶν
483 2694 723 2764 ἀγαθῶν,
760 2694 998 2749 δείκνυσι
1032 2696 1193 2751 πάλιν
1219 2697 1307 2753 διὰ
1326 2698 1421 2751 τοῦ
1448 2698 1651 2752 κόκκου

1760 2704 1855 2759 que
1889 2690 2200 2752 declarans,
2237 2690 2427 2744 eadem
2466 2695 2619 2762 grani
2656 2695 2823 2749 tritici
2850 2698 3207 2757 similitudine
3237 2705 3331 2759 de.

76 2786 169 2838 τοῦ
211 2787 383 2852 σίτου,
436 2787 575 2841 κατὰ
610 2786 718 2841 τῶν
767 2788 1011 2842 ἀπίστων
1054 2790 1647 2861 ἐπικηρυκευσάμενος.

1760 2788 2053 2844 monstrat,
2102 2781 2208 2835 tale
2242 2782 2508 2838 adversus
2540 2784 2786 2841 inﬁdeles
2815 2791 3143 2857 praeconium
3173 2794 3332 2851 insti-

87 2878 268 2932 Ἀλλὰ
290 2878 443 2946 ἐρεῖς
462 2895 600 2948 μοι·
634 2878 767 2945 Πῶς
792 2879 1120 2949 ἐγείρονται
1146 2883 1201 2934 οἱ
1238 2882 1441 2950 νεκροί
1458 2897 1476 2945 ;
1500 2882 1654 2944 ποίη)

1762 2879 1947 2925 tuens.
2001 2873 2070 2925 At
2097 2871 2237 2926 dices
2268 2873 2395 2927 mihi
2425 2890 2444 2927 .'
2473 2874 2747 2943 Quomodo
2779 2894 3054 2950 resurgunt
3091 2888 3331 2943 mortui?

71 2970 140 3023 δὲ
174 2936 696 3041 σώματιίίρχονται
716 2936 861 3035 {Kal
882 2936 1013 3044 tt;th
1050 2973 1185 3045 πρὸς
1212 2973 1305 3029 τὸν
1332 2936 1401 3027 τὰ
1430 2936 1656 3028 τοιαῦτα

1762 2979 1989 3033 quonam
2014 2980 2131 3017 vero
2150 2980 2364 3033 corpore
2386 2967 2591 3020 veniunt
2610 2968 2663 3020 ³⁸2
2683 2969 2761 3021 Ad
2785 2970 2896 3025 ιιωο
2915 2975 2986 3025 ita
3012 2978 3324 3044 respondit:

74 3061 337 3133 λέγοντα*
392 3064 638 3132 Ἀφρον.
687 3063 744 3117 '0
791 3064 900 3135 γὰρ
947 3065 1086 3128 ὅλως
1131 3066 1260 3136 περὶ
1303 3064 1653 3129 ἀναστάσεως

71 3154 433 3225 ἀμφιϐάλλων
465 3156 655 3227 ἄφρων
691 3156 806 3209 ἐστὶ
841 3157 935 3210 καλ⁵
964 3157 1241 3220 ἀσύνετος.
1292 3153 1430 3211 Εἷτά
1456 3175 1652 3229 φησιν’

74 3247 319 3315 Ἀφρον,
370 3246 451 3301 σὺ
497 3246 527 3300 ὃ
569 3248 833 3316 σπείρεις
864 3249 933 3301 οῠ
984 3244 1374 3318 ζωογονεῖται,
1427 3249 1535 3302 ἐὰν
1566 3248 1652 3318 μὴ

67 3337 367 3407 ἀποθάνῃ.
395 3338 503 3393 Καὶ
530 3337 561 3391 ὃ
584 3340 869 3408 σπείρεις,
889 3342 961 3396 οὐ
976 3340 1041 3396 τὸ
1055 3341 1463 3411 γενησόμενον
1479 3341 1656 3409 σῶμα

68 3431 363 3499 σπείρεις,
389 3430 550 3485 ἀλλὰ
571 3431 799 3501 γυμνὸν
826 3434 1070 3496 κόκκον,
1098 3435 1149 3486 εί
1174 3434 1364 3502 τύχοι,
1392 3434 1588 3492 σίτου.
1612 3433 1651 3503 ἢ

66 3522 190 3577 τῶν
226 3523 432 3577 ἄλλων
451 3522 841 3592 σπερμάτων·
894 3525 992 3577 καὶ
1016 3526 1089 3578 οὐ
1129 3524 1511 3593 ζωογονεῖται,
1544 3525 1654 3580 ἐὰν

63 3616 147 3683 μὴ
180 3612 479 3682 ἀποθάνῃ.
530 3616 583 3667 '0
634 3614 703 3667 δὲ
752 3616 896 3681 Θεὸς
929 3604 1177 3670 δίδωσιν
1200 3614 1360 3681 αὐτῷ
1381 3616 1551 3686 σῶμα
1572 3618 1651 3684 ὠς

64 3706 359 3773 ἠθέλησε,
387 3706 483 3759 καὶ
514 3706 747 3769 ἑκάστῳ
772 3706 889 3759 τῶν
900 3706 1259 3776 σπερμάτων
1281 3708 1435 3762 ἴδιον
1458 3709 1647 3780 σῶμα.

68 3800 183 3852 Καὶ
211 3798 365 3869 ὁρᾷς,
412 3797 493 3851 ὅτι
536 3798 635 3850 οὐκ
668 3798 960 3852 ἀλάσσεται
1007 3799 1069 3851 τὸ
1106 3798 1285 3869 σῶμα.
1329 3800 1515 3864 Οὐδεὶς
1539 3786 1649 3873 γὰρ

62 3889 307 3960 σπείρας
332 3887 521 3959 κριθὰς
554 3889 705 3961 ζητεῖ
728 3892 903 3943 show
936 3888 1056 3943 οὐδὲ
1086 3890 1368 3960 μελάνθιον
1406 3890 1647 3962 ἔσπειρε,

59 3981 162 4033 καὶ
198 3973 324 4049 εὗρε
345 3978 538 4050 κριθὴν
563 3996 577 4009 ·
606 3979 742 4032 ἀλλὰ
770 3980 829 4032 τὸ
866 3981 1222 4049 σπειρόμενον
1260 3980 1389 4033 αὑτό
1431 3982 1545 4033 ἐστι
1588 3982 1651 4034 τὸ

58 4072 441 4145 ἐγειρόμενον.
519 4073 642 4125 Ἐὰν
699 4072 755 4125 δὲ
812 4071 907 4126 καὶ
965 4071 1297 4142 καταλειφθῇ
1351 4072 1410 4137 ἐξ
1484 4071 1646 4125 αὐτοῦ

58 4166 227 4217 κάτω
259 4163 315 4215 ὲν
348 4165 413 4233 τῇ
452 4164 545 4233 γῇ,
570 4162 663 4216 καὶ
709 4163 912 4232 ἀναστῇ
959 4160 1018 4225 ἐξ
1044 4158 1207 4214 αὐτοῦ
1244 4161 1305 4213 τὸ
1340 4160 1645 4232 βλάστημα,

1756 3056 1949 3111 Stulte.
1982 3054 2195 3111 Stultus
2218 3058 2361 3111 enim
2390 3066 2474 3113 est
2503 3068 2555 3112 et
2590 3060 2928 3130 imprudens,
2972 3068 3065 3135 qui
3104 3072 3331 3123 omnino

1756 3147 1823 3203 de
1852 3149 2256 3204 resurrectione
2289 3149 2523 3205 dubitat.
2556 3149 2696 3221 Ergo
2728 3152 2801 3206 ita
2833 3156 3053 3225 subjicit
3085 3177 3097 3214 :
3132 3160 3326 3228 Stulte,

1757 3248 1812 3291 tu
1836 3237 1975 3307 quod
2000 3239 2229 3292 seminus
2255 3256 2357 3293 tton
2384 3240 2704 3309 piviﬁcatur,
2732 3243 2834 3295 nisi
2859 3255 3119 3300 mortuum
3144 3251 3323 3318 fuerit.

1756 3329 1827 3382 Et
1855 3329 1993 3400 quod
2029 3331 2281 3395 seminus,
2317 3348 2417 3384 non
2448 3331 2689 3400 futurum
2731 3350 2916 3403 corpus
2947 3340 3197 3404 seminus,
3237 3343 3327 3395 sed

1754 3423 1954 3476 nudum
1985 3439 2230 3493 granum,
2270 3424 2492 3491 exempli
2520 3441 2709 3490 causa,
2746 3427 2929 3492 tritici,
2965 3439 3056 3482 aut
3099 3433 3327 3486 aliorum

1753 3514 2045 3576 seminum;
2074 3522 2124 3567 et
2177 3530 2281 3567 non
2327 3514 2642 3582 viviﬁcutur,
2690 3516 2793 3568 nisi
2838 3530 3099 3572 mortuum
3143 3521 3323 3589 fuerit.

1752 3603 1893 3658 Deus
1935 3613 2111 3658 autem
2140 3603 2232 3658 dat
2259 3605 2340 3658 illi
2361 3623 2548 3675 corpus
2574 3609 2712 3661 sicut
2748 3609 2930 3675 voluit,
2964 3621 3012 3665 et
3044 3616 3328 3685 unicuique

1752 3696 1941 3749 semini
1966 3697 2236 3766 proprium
2264 3714 2474 3767 corpus.
2508 3702 2928 3768 Animadvertis,
2958 3706 3171 3775 opinor,
3215 3723 3326 3761 non

1752 3788 2079 3842 commutari
2135 3804 2357 3857 corpus.
2398 3790 2568 3845 Nemo
2596 3796 2739 3847 enim
2767 3794 2859 3863 qui
2890 3794 3150 3850 hordeum
3182 3812 3328 3852 seve-

1754 3877 1843 3942 rit,
1877 3878 2119 3932 triticum
2143 3880 2413 3949 requirit;
2461 3898 2637 3951 neque
2684 3885 2879 3953 nigella
2911 3884 3156 3941 Romana
3186 3903 3322 3942 con-

1754 3969 1858 4023 sita
1893 3969 2157 4025 hordeum
2190 3973 2397 4041 reperit
2423 3991 2438 4040 ;
2468 3974 2563 4027 sed
2592 3974 2644 4027 id
2684 3976 2860 4043 ipsum
2885 3978 3155 4031 excitatur
3177 3980 3324 4048 quod

1753 4065 1931 4112 satum
1965 4066 2069 4114 est.
2114 4060 2193 4114 Ac
2235 4062 2529 4117 dummodo
2580 4063 2785 4133 aliquid
2814 4081 2879 4119 ex
2914 4066 3034 4136 ipso
3076 4069 3321 4123 relictum

1754 4146 1809 4202 in
1841 4158 1984 4203 terra
2014 4149 2199 4216 fuerit,
2250 4162 2414 4222 atque
2446 4169 2511 4209 ex
2542 4169 2608 4209 eo
2638 4169 2857 4221 germen
2887 4158 3201 4223 eﬁloruerit,
3242 4162 3323 4216 sic

71 4250 186 4308 ὧδε
246 4252 343 4323 μὲν
405 4254 462 4305 ἐν
502 4252 676 4323 τούτῳ
706 4252 782 4323 τῷ
833 4253 1059 4323 φθαρτῷ
1082 4252 1232 4323 σίτῳ,
1286 4253 1380 4305 καὶ
1434 4251 1509 4323 μὴ
1569 4254 1650 4316 είς

1760 4240 1809 4294 in
1856 4242 2196 4312 corruptibili
2230 4244 2336 4299 hoc
2370 4246 2567 4313 tritico,
2616 4248 2760 4318 quod
2805 4250 2937 4305 nulli
2985 4252 3192 4321 judicio
3224 4254 3322 4307 ob-

57 4345 254 4415 κρίσιν
309 4342 624 4413 ἐρχομένῳ,
677 4341 739 4394 τὸ
786 4342 883 4412 μὲν
945 4342 1300 4411 καταλειφθὲν
1356 4342 1646 4413 ἄχρηστον,

55 4438 121 4490 τὸ
170 4435 234 4488 δὲ
275 4434 335 4501 ἐξ
381 4434 547 4487 αὐτοῦ
599 4433 941 4505 ἐγειρόμενον
993 4434 1228 4488 κάλλιον.
1284 4433 1543 4505 Ἧθέλησε
1592 4433 1648 4487 δὲ

48 4526 236 4591 δεῖξαι
268 4524 367 4594 τὴν
403 4522 731 4595 φαιδρότητα
767 4522 854 4576 διὰ
882 4522 981 4594 τὴν
1020 4522 1281 4577 ἀπιστίαν
1303 4523 1410 4576 τῶν
1441 4525 1515 4594 μὴ
1548 4523 1646 4595 τὴν

1754 4334 1976 4388 noxium
2012 4345 2117 4400 est,
2152 4335 2343 4391 inutile
2366 4346 2450 4393 est
2479 4340 2623 4408 quod
2658 4341 3014 4412 relinquitur,
3045 4345 3188 4415 quod
3227 4362 3321 4400 ex-

1755 4425 1959 4479 citatur
1999 4441 2149 4493 vero,
2181 4432 2550 4497 praestantius.
2585 4432 2745 4487 lllnm
2779 4449 2942 4502 porro
2977 4436 3320 4504 splendorem

1747 4529 1810 4569 ac
1862 4517 2169 4573 claritatem
2220 4528 2441 4590 propter
2485 4537 2677 4576 eorum
2723 4523 3097 4580 inﬁdelitatem
3139 4526 3319 4582 decla-

57 4616 265 4670 ὲλτειδα
309 4614 402 4669 τοῦ
442 4614 578 4668 Θεοῦ
629 4613 1097 4685 καραδοκούντων.
1128 4614 1352 4685 Τάληθῆ
1390 4615 1488 4686 μὲν
1535 4614 1643 4686 γὰρ

1760 4623 1866 4662 'are
1908 4609 2099 4669 voluit.
2148 4612 2243 4681 qui
2291 4612 2425 4666 nihil
2454 4628 2485 4667 a
2515 4613 2625 4670 Deo
2672 4616 2815 4686 quod
2847 4624 3096 4686 speretur
3129 4634 3321 4689 exspe—

50 4710 83 4763 ό
106 4708 317 4770 κόκκος
349 4706 442 4759 τοῦ
474 4706 619 4758 σίτου
658 4706 1004 4770 λεπτότατος.
1040 4704 1150 4758 Ποῦ
1191 4705 1247 4757 δὲ
1284 4706 1342 4758 ὲν
1377 4705 1455 4775 τῷ
1480 4704 1654 4757 τοιού-

51 4819 140 4871 τῳ
192 4800 379 4868 κόκκῳ
434 4796 512 4867 τῷ
549 4797 895 4867 σμικροτάτῳ
940 4797 1034 4848 καὶ
1084 4796 1252 4865 ῥίζαι,
1302 4796 1395 4849 καὶ
1440 4796 1647 4867 βάσεις,

51 4898 160 4949 καὶ
189 4891 436 4961 καλάμη,
453 4889 549 4943 καὶ
567 4891 625 4942 αἱ
645 4890 943 4957 γονατίδες,
968 4888 1063 4941 καὶ
1091 4889 1145 4940 al
1172 4888 1430 4943 τοσαῦται
1465 4888 1652 4959 σύριγ-

1750 4706 1921 4753 ctant.
1952 4698 2085 4755 Nam
2116 4718 2303 4757 revera
2336 4705 2717 4761 tenuissimum
2758 4716 2841 4761 est
2870 4709 3035 4761 tritici
3065 4724 3315 4778 granum.

1746 4792 1806 4847 In
1842 4809 1948 4863 qua
1980 4796 2199 4865 quidem
2240 4805 2349 4851 tam
2402 4802 2596 4869 exigua
2645 4802 2787 4857 mole
2832 4802 3054 4856 ubinam
3108 4803 3320 4860 radices

1743 4892 1798 4941 et
1853 4890 2008 4955 quasi
2058 4888 2411 4946 fundamenta
2479 4893 2645 4949 sunt?
2689 4903 2802 4949 tum
2845 4895 3038 4950 deinde
3078 4898 3317 4965 culmus,

48 5003 182 5055 γες,
228 4984 325 5037 καὶ
384 4980 690 5049 κεφαλίδες,
738 4981 833 5032 καὶ
874 4978 1059 5049 θῆκαι,
1092 4979 1187 5032 καὶ
1220 4977 1525 5051 ἀνθέρικες,
1555 4980 1647 5033 καὶ

1760 4978 2031 5051 ςοηὶουιε,
2102 4988 2184 5035 tot
2246 4981 2479 5051 ﬁstulae,
2538 4986 2826 5057 capitella,
2874 4985 3147 5053 ‘folliculi,
3207 4988 3317 5041 ari-

50 5078 260 5131 κόκκοι
287 5072 845 5135 πολυπλασιάζοντες;

126 5164 256 5219 ΞΘθ.
287 5165 404 5217 Ἵνα
429 5162 485 5215 δὲ
531 5163 625 5217 καὶ
652 5161 981 5232 σαφέστερον
1006 5159 1245 5231 εἴπωμεν
1261 5160 1326 5214 τὰ
1345 5161 1508 5233 ὅμοια
1528 5161 1649 5215 τού-

41 5276 175 5323 τοις
196 5256 568 5327 διητούμενοι,
596 5254 759 5307 πόθεν
774 5252 852 5323 τῷ
874 5252 1096 5306 Μωΰσεῖ
1115 5252 1214 5323 υἱῷ
1243 5252 1344 5323 τῆς
1369 5254 1646 5319 ’1ωκα6ὲθ,

1747 5080 1866 5135 Stas,
1900 5086 2179 5141 granaque
2212 5074 2612 5145 multiplicata?

1819 5159 2003 5215 LXIX.
2059 5162 2275 5219 Clarius
2321 5168 2449 5235 quid
2508 5168 2666 5223 velim
2718 5168 2964 5239 eloquar,
3013 5176 3175 5240 atque
3228 5169 3317 5226 his

1750 5252 1949 5307 similia
1981 5269 2318 5323 percurram.
2353 5257 2632 5314 Undenam
2671 5258 2837 5331 Moysi
2884 5258 3231 5316 Jocbabetlue
3261 5269 3317 5315 et

43 5351 167 5423 υἱῷ
217 5347 314 5402 τοῦ
360 5348 583 5418 ’Δμράμ
636 5346 698 5398 τὸ
748 5345 903 5409 νύξαι
946 5344 1151 5414 πέτραν
1195 5345 1254 5396 ἐν
1297 5345 1498 5415 ῥάϐδῳ,
1554 5348 1650 5399 καὶ

1760 5346 1993 5401 Atnrami
2026 5348 2138 5403 ﬁlio
2191 5350 2282 5405 illa
2324 5352 2520 5418 virtus,
2555 5361 2614 5408 ut
2643 5355 2794 5425 virga
2825 5354 3034 5409 silicem
3070 5353 3317 5424 perfora-

42 5442 450 5519 προσενεγκείν
510 5437 655 5509 ὕδωρ
703 5437 760 5491 ἐξ
803 5436 1007 5507 ἀπόρου
1052 5435 1204 5502 ὖλης,
1250 5435 1312 5487 τὸ
1365 5436 1526 5511 ξηρὸν
1570 5438 1649 5499 εἰς

136 5599 159 5630 ι
192 5616 284 5665 γρ,
314 5594 345 5649 ό
372 5592 549 5663 λόγος.
624 5589 645 5621 ¹
669 5587 730 5644 F.
752 5588 982 5658 ἐγεῖραι.
1060 5587 1081 5619 ³
1108 5586 1123 5642 l
1152 5588 1276 5644 Cor.
1310 5603 1396 5658 xv,
1427 5590 1495 5643 55
1534 5605 1656 5661 sqq.

1754 5446 1858 5503 ret,
1919 5441 2249 5515 minimeque
2297 5444 2490 5503 idonea
2530 5462 2595 5509 ex
2626 5446 2852 5501 materia
2898 5447 3111 5503 laticem
3160 5458 3316 5516 aqua:
