  <div class='ocr_page' id='page_1' title='image "/cluster/home/n/w/nwhite01/storage/ocr_20150623/41/hvd.32044011753001/627.png"; bbox 0 0 3822 6294; ppageno 0'>
   <div class='ocr_carea' id='block_1_1' title="bbox 465 200 597 256">
    <p class='ocr_par' dir='ltr' id='par_1_1' title="bbox 465 200 597 256">
     <span class='ocr_line' id='line_1_1' title="bbox 465 200 597 256; baseline -0.023 0"><span class='ocrx_word' id='word_1_1' title='bbox 465 200 597 256; x_wconf 73' lang='grc' dir='ltr'><strong>ΗθΙ</strong></span> 
     </span>
    </p>
   </div>
   <div class='ocr_carea' id='block_1_2' title="bbox 1852 190 2302 251">
    <p class='ocr_par' dir='ltr' id='par_1_2' title="bbox 1852 190 2302 251">
     <span class='ocr_line' id='line_1_2' title="bbox 1852 190 2302 251; baseline -0.011 -2"><span class='ocrx_word' id='word_1_2' title='bbox 1852 193 1913 250; x_wconf 84' lang='lat' dir='ltr'><strong>S.</strong></span> <span class='ocrx_word' id='word_1_3' title='bbox 1957 190 2302 251; x_wconf 76' lang='lat' dir='ltr'><strong>EPIPIIANII</strong></span> 
     </span>
    </p>
   </div>
   <div class='ocr_carea' id='block_1_3' title="bbox 3586 193 3715 246">
    <p class='ocr_par' dir='ltr' id='par_1_3' title="bbox 3586 193 3715 246">
     <span class='ocr_line' id='line_1_3' title="bbox 3586 193 3715 246; baseline 0 -1"><span class='ocrx_word' id='word_1_4' title='bbox 3586 193 3715 246; x_wconf 60' lang='grc' dir='ltr'>ΗΕΒ</span> 
     </span>
    </p>
   </div>
   <div class='ocr_carea' id='block_1_4' title="bbox 459 302 2061 386">
    <p class='ocr_par' dir='ltr' id='par_1_4' title="bbox 459 308 2038 386">
     <span class='ocr_line' id='line_1_4' title="bbox 459 308 2038 386; baseline -0.003 -18"><span class='ocrx_word' id='word_1_5' title='bbox 459 313 771 386; x_wconf 75' lang='lat' dir='ltr'><strong>proferret?</strong></span> <span class='ocrx_word' id='word_1_6' title='bbox 802 311 949 383; x_wconf 83' lang='lat' dir='ltr'><strong>quod</strong></span> <span class='ocrx_word' id='word_1_7' title='bbox 977 310 1185 365; x_wconf 86' lang='lat' dir='ltr'><strong>siccum</strong></span> <span class='ocrx_word' id='word_1_8' title='bbox 1215 317 1335 364; x_wconf 87' lang='lat' dir='ltr'><strong>erat</strong></span> <span class='ocrx_word' id='word_1_9' title='bbox 1377 308 1431 363; x_wconf 87' lang='lat' dir='ltr'><strong>in</strong></span> <span class='ocrx_word' id='word_1_10' title='bbox 1474 308 1760 363; x_wconf 85' lang='lat' dir='ltr'><strong>humorem</strong></span> <span class='ocrx_word' id='word_1_11' title='bbox 1808 322 2038 363; x_wconf 83' lang='lat' dir='ltr'><strong>conver—</strong></span> 
     </span>
    </p>
   </div>
   <div class='ocr_carea' id='block_1_5' title="bbox 2165 302 3713 386">
    <p class='ocr_par' dir='ltr' id='par_1_5' title="bbox 2165 302 3713 377">
     <span class='ocr_line' id='line_1_5' title="bbox 2165 302 3713 377; baseline 0.001 -21"><span class='ocrx_word' id='word_1_12' title='bbox 2165 306 2307 377; x_wconf 71' lang='grc' dir='ltr'>ιγρὺν</span> <span class='ocrx_word' id='word_1_13' title='bbox 2334 306 2677 375; x_wconf 78' lang='grc' dir='ltr'>μεταϐαλεῖν,</span> <span class='ocrx_word' id='word_1_14' title='bbox 2695 304 2758 358; x_wconf 80' lang='grc' dir='ltr'>τὸ</span> <span class='ocrx_word' id='word_1_15' title='bbox 2783 304 3024 372; x_wconf 71' lang='grc' dir='ltr'>πατάξαι</span> <span class='ocrx_word' id='word_1_16' title='bbox 3044 305 3348 366; x_wconf 80' lang='grc' dir='ltr'>θάλασσαν,</span> <span class='ocrx_word' id='word_1_17' title='bbox 3380 305 3478 356; x_wconf 73' lang='grc' dir='ltr'>καὶ</span> <span class='ocrx_word' id='word_1_18' title='bbox 3500 302 3713 375; x_wconf 73' lang='grc' dir='ltr'>διαιρεῖν</span> 
     </span>
    </p>
   </div>
   <div class='ocr_carea' id='block_1_6' title="bbox 456 399 2039 475">
    <p class='ocr_par' dir='ltr' id='par_1_6' title="bbox 456 399 2039 475">
     <span class='ocr_line' id='line_1_6' title="bbox 456 399 2039 475; baseline -0.006 -13"><span class='ocrx_word' id='word_1_19' title='bbox 456 414 613 469; x_wconf 87' lang='lat' dir='ltr'><strong>teret,</strong></span> <span class='ocrx_word' id='word_1_20' title='bbox 652 418 973 475; x_wconf 88' lang='lat' dir='ltr'><strong>percussum</strong></span> <span class='ocrx_word' id='word_1_21' title='bbox 1001 416 1152 457; x_wconf 89' lang='lat' dir='ltr'><strong>mare</strong></span> <span class='ocrx_word' id='word_1_22' title='bbox 1180 399 1467 455; x_wconf 86' lang='lat' dir='ltr'><strong>duodecim</strong></span> <span class='ocrx_word' id='word_1_23' title='bbox 1502 401 1557 454; x_wconf 91' lang='lat' dir='ltr'><strong>in</strong></span> <span class='ocrx_word' id='word_1_24' title='bbox 1585 401 1703 455; x_wconf 90' lang='lat' dir='ltr'><strong>vias</strong></span> <span class='ocrx_word' id='word_1_25' title='bbox 1732 408 1899 470; x_wconf 87' lang='lat' dir='ltr'><strong>atque</strong></span> <span class='ocrx_word' id='word_1_26' title='bbox 1947 400 2039 454; x_wconf 89' lang='lat' dir='ltr'><strong>iti-</strong></span> 
     </span>
    </p>
   </div>
   <div class='ocr_carea' id='block_1_7' title="bbox 456 492 2037 564">
    <p class='ocr_par' dir='ltr' id='par_1_7' title="bbox 456 492 2037 564">
     <span class='ocr_line' id='line_1_7' title="bbox 456 492 2037 564; baseline -0.003 -12"><span class='ocrx_word' id='word_1_27' title='bbox 456 512 587 552; x_wconf 85' lang='lat' dir='ltr'><strong>nera</strong></span> <span class='ocrx_word' id='word_1_28' title='bbox 631 498 906 551; x_wconf 88' lang='lat' dir='ltr'><strong>maritima</strong></span> <span class='ocrx_word' id='word_1_29' title='bbox 958 495 1078 550; x_wconf 88' lang='lat' dir='ltr'><strong>solo</strong></span> <span class='ocrx_word' id='word_1_30' title='bbox 1121 494 1353 564; x_wconf 87' lang='lat' dir='ltr'><strong>imperio</strong></span> <span class='ocrx_word' id='word_1_31' title='bbox 1402 493 1687 559; x_wconf 86' lang='lat' dir='ltr'><strong>divideret,</strong></span> <span class='ocrx_word' id='word_1_32' title='bbox 1723 492 1948 547; x_wconf 85' lang='lat' dir='ltr'><strong>ﬁuvium</strong></span> <span class='ocrx_word' id='word_1_33' title='bbox 1983 493 2037 547; x_wconf 88' lang='lat' dir='ltr'><strong>in</strong></span> 
     </span>
    </p>
   </div>
   <div class='ocr_carea' id='block_1_8' title="bbox 457 588 2043 657">
    <p class='ocr_par' dir='ltr' id='par_1_8' title="bbox 457 588 2043 657">
     <span class='ocr_line' id='line_1_8' title="bbox 457 588 2043 657; baseline -0.003 -16"><span class='ocrx_word' id='word_1_34' title='bbox 457 588 778 657; x_wconf 77' lang='lat' dir='ltr'><strong>sanguinem</strong></span> <span class='ocrx_word' id='word_1_35' title='bbox 824 592 1080 648; x_wconf 88' lang='lat' dir='ltr'><strong>mutaret,</strong></span> <span class='ocrx_word' id='word_1_36' title='bbox 1130 598 1390 638; x_wconf 90' lang='lat' dir='ltr'><strong>ranarum</strong></span> <span class='ocrx_word' id='word_1_37' title='bbox 1444 588 1651 637; x_wconf 88' lang='lat' dir='ltr'><strong>tantam</strong></span> <span class='ocrx_word' id='word_1_38' title='bbox 1698 591 1923 653; x_wconf 91' lang='lat' dir='ltr'><strong>repente</strong></span> <span class='ocrx_word' id='word_1_39' title='bbox 1955 597 2043 636; x_wconf 89' lang='lat' dir='ltr'><strong>co-</strong></span> 
     </span>
    </p>
   </div>
   <div class='ocr_carea' id='block_1_9' title="bbox 459 673 2045 751">
    <p class='ocr_par' dir='ltr' id='par_1_9' title="bbox 459 673 2045 751">
     <span class='ocr_line' id='line_1_9' title="bbox 459 673 2045 751; baseline -0.001 -20"><span class='ocrx_word' id='word_1_40' title='bbox 459 681 605 751; x_wconf 85' lang='lat' dir='ltr'><strong>piam</strong></span> <span class='ocrx_word' id='word_1_41' title='bbox 632 680 688 733; x_wconf 89' lang='lat' dir='ltr'><strong>in</strong></span> <span class='ocrx_word' id='word_1_42' title='bbox 717 694 887 732; x_wconf 90' lang='lat' dir='ltr'><strong>unum</strong></span> <span class='ocrx_word' id='word_1_43' title='bbox 931 686 1171 748; x_wconf 81' lang='lat' dir='ltr'><strong>cogeret,</strong></span> <span class='ocrx_word' id='word_1_44' title='bbox 1230 676 1434 731; x_wconf 89' lang='lat' dir='ltr'><strong>culices</strong></span> <span class='ocrx_word' id='word_1_45' title='bbox 1476 673 1750 745; x_wconf 64' lang='lat' dir='ltr'><strong>lEgyptiis</strong></span> <span class='ocrx_word' id='word_1_46' title='bbox 1791 675 2045 729; x_wconf 80' lang='lat' dir='ltr'><strong>immitto-</strong></span> 
     </span>
    </p>
   </div>
   <div class='ocr_carea' id='block_1_10' title="bbox 461 767 2040 841">
    <p class='ocr_par' dir='ltr' id='par_1_10' title="bbox 461 767 2040 841">
     <span class='ocr_line' id='line_1_10' title="bbox 461 767 2040 841; baseline -0.006 -14"><span class='ocrx_word' id='word_1_47' title='bbox 461 782 561 830; x_wconf 84' lang='lat' dir='ltr'><strong>ret.</strong></span> <span class='ocrx_word' id='word_1_48' title='bbox 596 772 849 827; x_wconf 81' lang='lat' dir='ltr'><strong>misceret</strong></span> <span class='ocrx_word' id='word_1_49' title='bbox 887 770 997 841; x_wconf 92' lang='lat' dir='ltr'><strong>igni</strong></span> <span class='ocrx_word' id='word_1_50' title='bbox 1040 767 1384 840; x_wconf 76' lang='lat' dir='ltr'><strong>grandinem,</strong></span> <span class='ocrx_word' id='word_1_51' title='bbox 1423 767 1779 838; x_wconf 89' lang='lat' dir='ltr'><strong>nigerrimam</strong></span> <span class='ocrx_word' id='word_1_52' title='bbox 1824 774 2040 820; x_wconf 89' lang='lat' dir='ltr'><strong>noctem</strong></span> 
     </span>
    </p>
   </div>
   <div class='ocr_carea' id='block_1_11' title="bbox 461 857 2041 920">
    <p class='ocr_par' dir='ltr' id='par_1_11' title="bbox 461 857 2041 920">
     <span class='ocr_line' id='line_1_11' title="bbox 461 857 2041 920; baseline -0.004 -1"><span class='ocrx_word' id='word_1_53' title='bbox 461 880 527 920; x_wconf 92' lang='lat' dir='ltr'><strong>ac</strong></span> <span class='ocrx_word' id='word_1_54' title='bbox 581 864 925 920; x_wconf 89' lang='lat' dir='ltr'><strong>densissimis</strong></span> <span class='ocrx_word' id='word_1_55' title='bbox 995 861 1239 917; x_wconf 88' lang='lat' dir='ltr'><strong>tenebris</strong></span> <span class='ocrx_word' id='word_1_56' title='bbox 1300 858 1599 914; x_wconf 89' lang='lat' dir='ltr'><strong>obductam</strong></span> <span class='ocrx_word' id='word_1_57' title='bbox 1679 857 1876 914; x_wconf 87' lang='lat' dir='ltr'><strong>iisdem</strong></span> <span class='ocrx_word' id='word_1_58' title='bbox 1934 859 2041 913; x_wconf 89' lang='lat' dir='ltr'><strong>illis</strong></span> 
     </span>
    </p>
   </div>
   <div class='ocr_carea' id='block_1_12' title="bbox 462 950 2042 1028">
    <p class='ocr_par' dir='ltr' id='par_1_12' title="bbox 462 950 2042 1028">
     <span class='ocr_line' id='line_1_12' title="bbox 462 950 2042 1028; baseline -0.004 -16"><span class='ocrx_word' id='word_1_59' title='bbox 462 956 737 1028; x_wconf 64' lang='lat' dir='ltr'><strong>Egyptiis</strong></span> <span class='ocrx_word' id='word_1_60' title='bbox 786 953 1114 1016; x_wconf 83' lang='lat' dir='ltr'><strong>oﬁ‘underet,</strong></span> <span class='ocrx_word' id='word_1_61' title='bbox 1165 952 1373 1022; x_wconf 91' lang='lat' dir='ltr'><strong>primos</strong></span> <span class='ocrx_word' id='word_1_62' title='bbox 1423 950 1806 1022; x_wconf 65' lang='lat' dir='ltr'><strong>Egyptiorum</strong></span> <span class='ocrx_word' id='word_1_63' title='bbox 1849 957 2042 1020; x_wconf 87' lang='lat' dir='ltr'><strong>partus</strong></span> 
     </span>
    </p>
   </div>
   <div class='ocr_carea' id='block_1_13' title="bbox 464 1042 2043 1115">
    <p class='ocr_par' dir='ltr' id='par_1_13' title="bbox 464 1042 2043 1115">
     <span class='ocr_line' id='line_1_13' title="bbox 464 1042 2043 1115; baseline -0.005 -12"><span class='ocrx_word' id='word_1_64' title='bbox 464 1048 825 1113; x_wconf 85' lang='lat' dir='ltr'><strong>interﬁceret,</strong></span> <span class='ocrx_word' id='word_1_65' title='bbox 858 1045 1029 1115; x_wconf 76' lang='lat' dir='ltr'><strong>ignea:</strong></span> <span class='ocrx_word' id='word_1_66' title='bbox 1055 1044 1324 1098; x_wconf 62' lang='lat' dir='ltr'><strong>columna:</strong></span> <span class='ocrx_word' id='word_1_67' title='bbox 1350 1042 1613 1097; x_wconf 90' lang='lat' dir='ltr'><strong>beneﬁcio</strong></span> <span class='ocrx_word' id='word_1_68' title='bbox 1632 1042 1855 1113; x_wconf 89' lang='lat' dir='ltr'><strong>populo,</strong></span> <span class='ocrx_word' id='word_1_69' title='bbox 1879 1056 2043 1112; x_wconf 83' lang='lat' dir='ltr'><strong>quem</strong></span> 
     </span>
    </p>
   </div>
   <div class='ocr_carea' id='block_1_14' title="bbox 462 1133 2045 1209">
    <p class='ocr_par' dir='ltr' id='par_1_14' title="bbox 462 1133 2045 1209">
     <span class='ocr_line' id='line_1_14' title="bbox 462 1133 2045 1209; baseline -0.004 -17"><span class='ocrx_word' id='word_1_70' title='bbox 462 1138 695 1209; x_wconf 82' lang='lat' dir='ltr'><strong>pastoris</strong></span> <span class='ocrx_word' id='word_1_71' title='bbox 718 1138 893 1193; x_wconf 85' lang='lat' dir='ltr'><strong>instar</strong></span> <span class='ocrx_word' id='word_1_72' title='bbox 916 1135 1157 1207; x_wconf 87' lang='lat' dir='ltr'><strong>regebat,</strong></span> <span class='ocrx_word' id='word_1_73' title='bbox 1194 1134 1298 1188; x_wconf 85' lang='lat' dir='ltr'><strong>iter</strong></span> <span class='ocrx_word' id='word_1_74' title='bbox 1323 1134 1559 1205; x_wconf 62' lang='lat' dir='ltr'><strong>praeiret,</strong></span> <span class='ocrx_word' id='word_1_75' title='bbox 1595 1133 1912 1204; x_wconf 78' lang='lat' dir='ltr'><strong>angelorum</strong></span> <span class='ocrx_word' id='word_1_76' title='bbox 1944 1148 2045 1203; x_wconf 84' lang='lat' dir='ltr'><strong>pa-</strong></span> 
     </span>
    </p>
   </div>
   <div class='ocr_carea' id='block_1_15' title="bbox 463 1227 2045 1299">
    <p class='ocr_par' dir='ltr' id='par_1_15' title="bbox 463 1227 2045 1299">
     <span class='ocr_line' id='line_1_15' title="bbox 463 1227 2045 1299; baseline -0.003 -14"><span class='ocrx_word' id='word_1_77' title='bbox 463 1248 585 1287; x_wconf 89' lang='lat' dir='ltr'><strong>nem</strong></span> <span class='ocrx_word' id='word_1_78' title='bbox 655 1231 909 1285; x_wconf 90' lang='lat' dir='ltr'><strong>oratione</strong></span> <span class='ocrx_word' id='word_1_79' title='bbox 963 1243 1028 1283; x_wconf 86' lang='lat' dir='ltr'><strong>ac</strong></span> <span class='ocrx_word' id='word_1_80' title='bbox 1083 1228 1342 1299; x_wconf 85' lang='lat' dir='ltr'><strong>precibus</strong></span> <span class='ocrx_word' id='word_1_81' title='bbox 1405 1227 1670 1293; x_wconf 90' lang='lat' dir='ltr'><strong>eliceret,</strong></span> <span class='ocrx_word' id='word_1_82' title='bbox 1732 1227 2045 1281; x_wconf 82' lang='lat' dir='ltr'><strong>coturnices</strong></span> 
     </span>
    </p>
   </div>
   <div class='ocr_carea' id='block_1_16' title="bbox 461 1318 2043 1396">
    <p class='ocr_par' dir='ltr' id='par_1_16' title="bbox 461 1318 2043 1396">
     <span class='ocr_line' id='line_1_16' title="bbox 461 1318 2043 1396; baseline -0.004 -19"><span class='ocrx_word' id='word_1_83' title='bbox 461 1324 626 1396; x_wconf 76' lang='lat'><strong>600</strong></span> <span class='ocrx_word' id='word_1_84' title='bbox 683 1322 995 1393; x_wconf 79' lang='lat' dir='ltr'><strong>largissime</strong></span> <span class='ocrx_word' id='word_1_85' title='bbox 1050 1318 1465 1390; x_wconf 85' lang='lat' dir='ltr'><strong>suppeditaret,</strong></span> <span class='ocrx_word' id='word_1_86' title='bbox 1518 1333 1583 1373; x_wconf 91' lang='lat' dir='ltr'><strong>ac</strong></span> <span class='ocrx_word' id='word_1_87' title='bbox 1630 1324 1713 1374; x_wconf 87' lang='lat' dir='ltr'><strong>tot</strong></span> <span class='ocrx_word' id='word_1_88' title='bbox 1760 1318 2043 1373; x_wconf 86' lang='lat' dir='ltr'><strong>hominum</strong></span> 
     </span>
    </p>
   </div>
   <div class='ocr_carea' id='block_1_17' title="bbox 2140 395 3736 469">
    <p class='ocr_par' dir='ltr' id='par_1_17' title="bbox 2140 395 3736 469">
     <span class='ocr_line' id='line_1_17' title="bbox 2140 395 3736 469; baseline -0.001 -17"><span class='ocrx_word' id='word_1_89' title='bbox 2140 402 2221 462; x_wconf 76' lang='grc' dir='ltr'><strong>εἰς</strong></span> <span class='ocrx_word' id='word_1_90' title='bbox 2248 398 2458 452; x_wconf 83' lang='grc' dir='ltr'>δώδεκα</span> <span class='ocrx_word' id='word_1_91' title='bbox 2486 397 2640 461; x_wconf 79' lang='grc' dir='ltr'>ὁδοὺς</span> <span class='ocrx_word' id='word_1_92' title='bbox 2662 397 2777 468; x_wconf 74' lang='grc'><strong>(49)</strong></span> <span class='ocrx_word' id='word_1_93' title='bbox 2811 399 3119 469; x_wconf 79' lang='grc' dir='ltr'><strong>ὁδοιπορίας</strong></span> <span class='ocrx_word' id='word_1_94' title='bbox 3151 400 3210 451; x_wconf 75' lang='grc' dir='ltr'>ὲν</span> <span class='ocrx_word' id='word_1_95' title='bbox 3243 396 3494 469; x_wconf 77' lang='grc' dir='ltr'><strong>θαλάσσῃ</strong></span> <span class='ocrx_word' id='word_1_96' title='bbox 3511 397 3589 468; x_wconf 80' lang='grc' dir='ltr'><strong>τῷ</strong></span> <span class='ocrx_word' id='word_1_97' title='bbox 3630 395 3736 451; x_wconf 78' lang='grc' dir='ltr'>κεο’</span> 
     </span>
    </p>
   </div>
   <div class='ocr_carea' id='block_1_18' title="bbox 2140 484 3701 560">
    <p class='ocr_par' dir='ltr' id='par_1_18' title="bbox 2140 484 3701 560">
     <span class='ocr_line' id='line_1_18' title="bbox 2140 484 3701 560; baseline -0.001 -17"><span class='ocrx_word' id='word_1_98' title='bbox 2140 489 2430 558; x_wconf 87' lang='grc' dir='ltr'>λεύσματι,</span> <span class='ocrx_word' id='word_1_99' title='bbox 2456 488 2519 541; x_wconf 81' lang='grc' dir='ltr'>τὸ</span> <span class='ocrx_word' id='word_1_100' title='bbox 2537 488 2783 559; x_wconf 72' lang='grc' dir='ltr'>ποταμὸν</span> <span class='ocrx_word' id='word_1_101' title='bbox 2799 490 2881 554; x_wconf 84' lang='grc' dir='ltr'><strong>είς</strong></span> <span class='ocrx_word' id='word_1_102' title='bbox 2906 484 3047 560; x_wconf 81' lang='grc' dir='ltr'>αἷμα</span> <span class='ocrx_word' id='word_1_103' title='bbox 3069 488 3419 560; x_wconf 76' lang='grc' dir='ltr'>μεταϐαλεῖν,</span> <span class='ocrx_word' id='word_1_104' title='bbox 3440 490 3506 542; x_wconf 74' lang='grc' dir='ltr'>τὸ</span> <span class='ocrx_word' id='word_1_105' title='bbox 3531 488 3701 559; x_wconf 79' lang='grc' dir='ltr'>βάτρα-</span> 
     </span>
    </p>
   </div>
   <div class='ocr_carea' id='block_1_19' title="bbox 2142 580 3713 653">
    <p class='ocr_par' dir='ltr' id='par_1_19' title="bbox 2142 580 3713 653">
     <span class='ocr_line' id='line_1_19' title="bbox 2142 580 3713 653; baseline -0.003 -18"><span class='ocrx_word' id='word_1_106' title='bbox 2142 598 2234 653; x_wconf 85' lang='grc' dir='ltr'><strong>χον</strong></span> <span class='ocrx_word' id='word_1_107' title='bbox 2263 582 2367 635; x_wconf 60' lang='lat' dir='ltr'><strong>om</strong></span> <span class='ocrx_word' id='word_1_108' title='bbox 2400 580 2539 644; x_wconf 79' lang='grc' dir='ltr'>θίξιν</span> <span class='ocrx_word' id='word_1_109' title='bbox 2599 583 2927 649; x_wconf 80' lang='grc' dir='ltr'><strong>συναγαγεῖν</strong></span> <span class='ocrx_word' id='word_1_110' title='bbox 2967 580 3242 645; x_wconf 85' lang='grc' dir='ltr'>τοσοῦτον,</span> <span class='ocrx_word' id='word_1_111' title='bbox 3286 581 3348 633; x_wconf 82' lang='grc' dir='ltr'>τὸ</span> <span class='ocrx_word' id='word_1_112' title='bbox 3388 580 3493 651; x_wconf 77' lang='grc' dir='ltr'>τὴν</span> <span class='ocrx_word' id='word_1_113' title='bbox 3529 580 3713 647; x_wconf 60' lang='lat' dir='ltr'><strong>mles</strong></span> 
     </span>
    </p>
   </div>
   <div class='ocr_carea' id='block_1_20' title="bbox 2142 670 3711 743">
    <p class='ocr_par' dir='ltr' id='par_1_20' title="bbox 2142 670 3711 743">
     <span class='ocr_line' id='line_1_20' title="bbox 2142 670 3711 743; baseline -0.003 -17"><span class='ocrx_word' id='word_1_114' title='bbox 2142 671 2447 743; x_wconf 78' lang='grc' dir='ltr'>ἐπιπέμψαι</span> <span class='ocrx_word' id='word_1_115' title='bbox 2502 672 2845 740; x_wconf 77' lang='grc' dir='ltr'>Αἰγυπτίοις,</span> <span class='ocrx_word' id='word_1_116' title='bbox 2882 672 2946 725; x_wconf 79' lang='grc' dir='ltr'>τὸ</span> <span class='ocrx_word' id='word_1_117' title='bbox 2982 672 3226 743; x_wconf 78' lang='grc' dir='ltr'>χάλαζαν</span> <span class='ocrx_word' id='word_1_118' title='bbox 3279 673 3433 743; x_wconf 81' lang='grc' dir='ltr'>μῖξαι</span> <span class='ocrx_word' id='word_1_119' title='bbox 3470 671 3605 743; x_wconf 74' lang='grc' dir='ltr'>μετὰ</span> <span class='ocrx_word' id='word_1_120' title='bbox 3628 670 3711 723; x_wconf 83' lang='grc' dir='ltr'><strong>τοῦ</strong></span> 
     </span>
    </p>
   </div>
   <div class='ocr_carea' id='block_1_21' title="bbox 2143 762 3710 835">
    <p class='ocr_par' dir='ltr' id='par_1_21' title="bbox 2143 762 3710 835">
     <span class='ocr_line' id='line_1_21' title="bbox 2143 762 3710 835; baseline -0.001 -18"><span class='ocrx_word' id='word_1_121' title='bbox 2143 763 2335 835; x_wconf 80' lang='grc' dir='ltr'>πυρὸς,</span> <span class='ocrx_word' id='word_1_122' title='bbox 2388 763 2451 816; x_wconf 82' lang='grc' dir='ltr'>τὸ</span> <span class='ocrx_word' id='word_1_123' title='bbox 2510 762 2681 817; x_wconf 80' lang='grc' dir='ltr'>νύκτα</span> <span class='ocrx_word' id='word_1_124' title='bbox 2722 764 2981 835; x_wconf 82' lang='grc' dir='ltr'>μέλαιναν</span> <span class='ocrx_word' id='word_1_125' title='bbox 3013 765 3109 819; x_wconf 72' lang='grc' dir='ltr'>καὶ</span> <span class='ocrx_word' id='word_1_126' title='bbox 3133 765 3529 835; x_wconf 80' lang='grc' dir='ltr'>ὲσκοτισμένην</span> <span class='ocrx_word' id='word_1_127' title='bbox 3561 765 3710 831; x_wconf 74' lang='grc' dir='ltr'>Δίγυ-</span> 
     </span>
    </p>
   </div>
   <div class='ocr_carea' id='block_1_22' title="bbox 2143 854 3714 929">
    <p class='ocr_par' dir='ltr' id='par_1_22' title="bbox 2143 854 3714 929">
     <span class='ocr_line' id='line_1_22' title="bbox 2143 854 3714 929; baseline 0.001 -21"><span class='ocrx_word' id='word_1_128' title='bbox 2143 854 2322 918; x_wconf 86' lang='grc' dir='ltr'>πτίοις</span> <span class='ocrx_word' id='word_1_129' title='bbox 2340 856 2665 927; x_wconf 80' lang='grc' dir='ltr'>ὲπικεράσαι</span> <span class='ocrx_word' id='word_1_130' title='bbox 2690 855 2927 929; x_wconf 72' lang='grc' dir='ltr'>ζοφώδη,</span> <span class='ocrx_word' id='word_1_131' title='bbox 2955 857 3019 912; x_wconf 77' lang='grc' dir='ltr'>τὸ</span> <span class='ocrx_word' id='word_1_132' title='bbox 3044 858 3364 929; x_wconf 73' lang='grc' dir='ltr'><strong>πρωτότοκα</strong></span> <span class='ocrx_word' id='word_1_133' title='bbox 3393 860 3596 912; x_wconf 83' lang='grc' dir='ltr'>κτεῖναι</span> <span class='ocrx_word' id='word_1_134' title='bbox 3616 859 3714 909; x_wconf 78' lang='grc' dir='ltr'><strong>τῶν</strong></span> 
     </span>
    </p>
   </div>
   <div class='ocr_carea' id='block_1_23' title="bbox 2149 945 3715 1020">
    <p class='ocr_par' dir='ltr' id='par_1_23' title="bbox 2149 945 3715 1020">
     <span class='ocr_line' id='line_1_23' title="bbox 2149 945 3715 1020; baseline 0 -19"><span class='ocrx_word' id='word_1_135' title='bbox 2149 945 2463 1014; x_wconf 74' lang='grc' dir='ltr'><strong>Αἰγυπτίων</strong></span> <span class='ocrx_word' id='word_1_136' title='bbox 2518 947 2579 1000; x_wconf 81' lang='grc' dir='ltr'>ὲν</span> <span class='ocrx_word' id='word_1_137' title='bbox 2628 946 2865 1018; x_wconf 79' lang='grc' dir='ltr'>θανάτῳ,</span> <span class='ocrx_word' id='word_1_138' title='bbox 2919 947 2983 1001; x_wconf 83' lang='grc' dir='ltr'>τὸ</span> <span class='ocrx_word' id='word_1_139' title='bbox 3014 948 3189 1019; x_wconf 85' lang='grc' dir='ltr'>στύλῳ</span> <span class='ocrx_word' id='word_1_140' title='bbox 3214 949 3385 1019; x_wconf 81' lang='grc' dir='ltr'>πυρὸς</span> <span class='ocrx_word' id='word_1_141' title='bbox 3412 949 3715 1020; x_wconf 75' lang='grc' dir='ltr'>καθοδηγείν</span> 
     </span>
    </p>
   </div>
   <div class='ocr_carea' id='block_1_24' title="bbox 2143 1034 3716 1109">
    <p class='ocr_par' dir='ltr' id='par_1_24' title="bbox 2143 1034 3716 1109">
     <span class='ocr_line' id='line_1_24' title="bbox 2143 1034 3716 1109; baseline 0.003 -22"><span class='ocrx_word' id='word_1_142' title='bbox 2143 1034 2271 1090; x_wconf 79' lang='grc' dir='ltr'>λαὸν</span> <span class='ocrx_word' id='word_1_143' title='bbox 2311 1035 2380 1089; x_wconf 82' lang='grc' dir='ltr'><strong>δι’</strong></span> <span class='ocrx_word' id='word_1_144' title='bbox 2403 1036 2570 1090; x_wconf 79' lang='grc' dir='ltr'>αὐτοῦ</span> <span class='ocrx_word' id='word_1_145' title='bbox 2597 1039 3042 1109; x_wconf 81' lang='grc' dir='ltr'>ποιμαινόμενον,</span> <span class='ocrx_word' id='word_1_146' title='bbox 3085 1038 3143 1091; x_wconf 79' lang='grc' dir='ltr'>τὸ</span> <span class='ocrx_word' id='word_1_147' title='bbox 3170 1040 3333 1109; x_wconf 80' lang='grc' dir='ltr'>ἄρτον</span> <span class='ocrx_word' id='word_1_148' title='bbox 3359 1039 3608 1107; x_wconf 82' lang='grc' dir='ltr'>ἀγγέλων</span> <span class='ocrx_word' id='word_1_149' title='bbox 3629 1042 3716 1092; x_wconf 76' lang='grc' dir='ltr'><strong>ἑπ-</strong></span> 
     </span>
    </p>
   </div>
   <div class='ocr_carea' id='block_1_25' title="bbox 2146 1126 3714 1203">
    <p class='ocr_par' dir='ltr' id='par_1_25' title="bbox 2146 1126 3714 1203">
     <span class='ocr_line' id='line_1_25' title="bbox 2146 1126 3714 1203; baseline 0.005 -24"><span class='ocrx_word' id='word_1_150' title='bbox 2146 1126 2367 1195; x_wconf 76' lang='grc' dir='ltr'>ενέγκαι</span> <span class='ocrx_word' id='word_1_151' title='bbox 2402 1128 2535 1200; x_wconf 52' lang='grc' dir='ltr'>εὐχῇ</span> <span class='ocrx_word' id='word_1_152' title='bbox 2586 1129 2681 1183; x_wconf 77' lang='grc' dir='ltr'>καὶ</span> <span class='ocrx_word' id='word_1_153' title='bbox 2715 1130 2912 1200; x_wconf 73' lang='grc' dir='ltr'>ἱκεσίᾳ,</span> <span class='ocrx_word' id='word_1_154' title='bbox 2942 1130 3005 1183; x_wconf 81' lang='grc' dir='ltr'>τὸ</span> <span class='ocrx_word' id='word_1_155' title='bbox 3039 1130 3460 1203; x_wconf 80' lang='grc' dir='ltr'>ὀρτυγομήτραν</span> <span class='ocrx_word' id='word_1_156' title='bbox 3504 1132 3714 1187; x_wconf 74' lang='grc' dir='ltr'>ἀνιέναι.</span> 
     </span>
    </p>
   </div>
   <div class='ocr_carea' id='block_1_26' title="bbox 2146 1220 3719 1296">
    <p class='ocr_par' dir='ltr' id='par_1_26' title="bbox 2146 1220 3719 1296">
     <span class='ocr_line' id='line_1_26' title="bbox 2146 1220 3719 1296; baseline 0.003 -23"><span class='ocrx_word' id='word_1_157' title='bbox 2146 1220 2242 1273; x_wconf 79' lang='grc' dir='ltr'>καὶ</span> <span class='ocrx_word' id='word_1_158' title='bbox 2266 1220 2576 1292; x_wconf 85' lang='grc' dir='ltr'>κορεννύειν</span> <span class='ocrx_word' id='word_1_159' title='bbox 2600 1221 2867 1286; x_wconf 81' lang='grc' dir='ltr'>τοσαύτας</span> <span class='ocrx_word' id='word_1_160' title='bbox 2901 1222 3169 1294; x_wconf 82' lang='grc' dir='ltr'>μυριάδας</span> <span class='ocrx_word' id='word_1_161' title='bbox 3198 1224 3411 1295; x_wconf 84' lang='grc' dir='ltr'>ἀνδρῶν</span> <span class='ocrx_word' id='word_1_162' title='bbox 3453 1224 3541 1277; x_wconf 74' lang='grc' dir='ltr'><strong>διὰ</strong></span> <span class='ocrx_word' id='word_1_163' title='bbox 3566 1242 3719 1296; x_wconf 72' lang='grc' dir='ltr'>προσ-</span> 
     </span>
    </p>
   </div>
   <div class='ocr_carea' id='block_1_27' title="bbox 2145 1311 3718 1386">
    <p class='ocr_par' dir='ltr' id='par_1_27' title="bbox 2145 1311 3718 1386">
     <span class='ocr_line' id='line_1_27' title="bbox 2145 1311 3718 1386; baseline 0.003 -21"><span class='ocrx_word' id='word_1_164' title='bbox 2145 1311 2422 1381; x_wconf 83' lang='grc' dir='ltr'>τάγματος</span> <span class='ocrx_word' id='word_1_165' title='bbox 2457 1312 2593 1367; x_wconf 87' lang='grc' dir='ltr'>Θεοῦ</span> <span class='ocrx_word' id='word_1_166' title='bbox 2615 1353 2630 1375; x_wconf 95' lang='grc'><strong>,</strong></span> <span class='ocrx_word' id='word_1_167' title='bbox 2679 1314 2743 1367; x_wconf 84' lang='grc' dir='ltr'>τὸ</span> <span class='ocrx_word' id='word_1_168' title='bbox 2783 1314 3013 1367; x_wconf 82' lang='grc' dir='ltr'>ἀκοῦσαι</span> <span class='ocrx_word' id='word_1_169' title='bbox 3051 1315 3234 1386; x_wconf 81' lang='grc' dir='ltr'>φωνὴν</span> <span class='ocrx_word' id='word_1_170' title='bbox 3274 1314 3435 1379; x_wconf 82' lang='grc' dir='ltr'>Θεοῦ,</span> <span class='ocrx_word' id='word_1_171' title='bbox 3502 1315 3561 1369; x_wconf 77' lang='grc' dir='ltr'><strong>τὸ</strong></span> <span class='ocrx_word' id='word_1_172' title='bbox 3601 1335 3718 1369; x_wconf 70' lang='grc' dir='ltr'>κατ-</span> 
     </span>
    </p>
   </div>
   <div class='ocr_carea' id='block_1_28' title="bbox 462 1404 2061 1483">
    <p class='ocr_par' dir='ltr' id='par_1_28' title="bbox 462 1408 2044 1483">
     <span class='ocr_line' id='line_1_28' title="bbox 462 1408 2044 1483; baseline -0.004 -14"><span class='ocrx_word' id='word_1_173' title='bbox 462 1416 631 1469; x_wconf 76' lang='lat' dir='ltr'><strong>niillia</strong></span> <span class='ocrx_word' id='word_1_174' title='bbox 674 1413 785 1468; x_wconf 88' lang='lat' dir='ltr'><strong>Deo</strong></span> <span class='ocrx_word' id='word_1_175' title='bbox 825 1412 1053 1483; x_wconf 83' lang='lat' dir='ltr'><strong>jubentc</strong></span> <span class='ocrx_word' id='word_1_176' title='bbox 1127 1412 1373 1476; x_wconf 82' lang='lat' dir='ltr'><strong>satiaret,</strong></span> <span class='ocrx_word' id='word_1_177' title='bbox 1419 1408 1666 1483; x_wconf 77' lang='lat' dir='ltr'><strong>ejusdem</strong></span> <span class='ocrx_word' id='word_1_178' title='bbox 1718 1409 2044 1471; x_wconf 85' lang='lat' dir='ltr'><strong>Deivocem</strong></span> 
     </span>
    </p>
   </div>
   <div class='ocr_carea' id='block_1_29' title="bbox 2165 1404 3717 1483">
    <p class='ocr_par' dir='ltr' id='par_1_29' title="bbox 2165 1404 3717 1479">
     <span class='ocr_line' id='line_1_29' title="bbox 2165 1404 3717 1479; baseline 0.003 -21"><span class='ocrx_word' id='word_1_179' title='bbox 2165 1404 2445 1476; x_wconf 70' lang='grc' dir='ltr'>ιξιωθῆναι</span> <span class='ocrx_word' id='word_1_180' title='bbox 2500 1406 2604 1460; x_wconf 82' lang='grc' dir='ltr'><strong>ἀνὰ</strong></span> <span class='ocrx_word' id='word_1_181' title='bbox 2661 1406 2823 1478; x_wconf 86' lang='grc' dir='ltr'>μέσον</span> <span class='ocrx_word' id='word_1_182' title='bbox 2851 1406 3122 1460; x_wconf 77' lang='grc' dir='ltr'>τοσούτων</span> <span class='ocrx_word' id='word_1_183' title='bbox 3155 1408 3263 1461; x_wconf 90' lang='grc' dir='ltr'><strong>τῶν</strong></span> <span class='ocrx_word' id='word_1_184' title='bbox 3294 1408 3573 1479; x_wconf 83' lang='grc' dir='ltr'>μυριάδων</span> <span class='ocrx_word' id='word_1_185' title='bbox 3598 1409 3717 1463; x_wconf 75' lang='grc' dir='ltr'>Θεοῦ</span> 
     </span>
    </p>
   </div>
   <div class='ocr_carea' id='block_1_30' title="bbox 461 1496 2061 1574">
    <p class='ocr_par' dir='ltr' id='par_1_30' title="bbox 461 1499 2048 1574">
     <span class='ocr_line' id='line_1_30' title="bbox 461 1499 2048 1574; baseline -0.004 -13"><span class='ocrx_word' id='word_1_186' title='bbox 461 1504 766 1567; x_wconf 82' lang='lat' dir='ltr'><strong>exaudiret,</strong></span> <span class='ocrx_word' id='word_1_187' title='bbox 798 1504 1022 1574; x_wconf 82' lang='lat' dir='ltr'><strong>dignus,</strong></span> <span class='ocrx_word' id='word_1_188' title='bbox 1061 1502 1312 1571; x_wconf 88' lang='lat' dir='ltr'><strong>inquam,</strong></span> <span class='ocrx_word' id='word_1_189' title='bbox 1341 1500 1637 1555; x_wconf 88' lang='lat' dir='ltr'><strong>haberetur</strong></span> <span class='ocrx_word' id='word_1_190' title='bbox 1665 1514 1733 1555; x_wconf 78' lang='lat' dir='ltr'><strong>ex</strong></span> <span class='ocrx_word' id='word_1_191' title='bbox 1768 1507 1879 1554; x_wconf 91' lang='lat' dir='ltr'><strong>tam</strong></span> <span class='ocrx_word' id='word_1_192' title='bbox 1922 1499 2048 1554; x_wconf 86' lang='lat' dir='ltr'><strong>inﬁ-</strong></span> 
     </span>
    </p>
   </div>
   <div class='ocr_carea' id='block_1_31' title="bbox 2165 1496 3717 1574">
    <p class='ocr_par' dir='ltr' id='par_1_31' title="bbox 2165 1496 3717 1573">
     <span class='ocr_line' id='line_1_31' title="bbox 2165 1496 3717 1573; baseline 0.003 -24"><span class='ocrx_word' id='word_1_193' title='bbox 2165 1497 2334 1567; x_wconf 81' lang='grc' dir='ltr'>ρωνῆς</span> <span class='ocrx_word' id='word_1_194' title='bbox 2353 1496 2593 1561; x_wconf 82' lang='grc' dir='ltr'>ἀκούειν,</span> <span class='ocrx_word' id='word_1_195' title='bbox 2636 1500 2730 1553; x_wconf 72' lang='grc' dir='ltr'>καὶ</span> <span class='ocrx_word' id='word_1_196' title='bbox 2760 1500 3070 1571; x_wconf 76' lang='grc' dir='ltr'>συνομιλεῖν</span> <span class='ocrx_word' id='word_1_197' title='bbox 3095 1500 3235 1570; x_wconf 86' lang='grc' dir='ltr'>Θεῷ,</span> <span class='ocrx_word' id='word_1_198' title='bbox 3267 1500 3327 1553; x_wconf 65' lang='lat' dir='ltr'><strong>rb</strong></span> <span class='ocrx_word' id='word_1_199' title='bbox 3350 1501 3440 1555; x_wconf 70' lang='grc' dir='ltr'><strong>διὰ</strong></span> <span class='ocrx_word' id='word_1_200' title='bbox 3470 1502 3717 1573; x_wconf 76' lang='grc' dir='ltr'>τεσσαρά-</span> 
     </span>
    </p>
   </div>
   <div class='ocr_carea' id='block_1_32' title="bbox 463 1588 2061 1665">
    <p class='ocr_par' dir='ltr' id='par_1_32' title="bbox 463 1588 2051 1661">
     <span class='ocr_line' id='line_1_32' title="bbox 463 1588 2051 1661; baseline -0.003 -12"><span class='ocrx_word' id='word_1_201' title='bbox 463 1596 577 1649; x_wconf 90' lang='lat' dir='ltr'><strong>nita</strong></span> <span class='ocrx_word' id='word_1_202' title='bbox 613 1594 899 1649; x_wconf 91' lang='lat' dir='ltr'><strong>hominum</strong></span> <span class='ocrx_word' id='word_1_203' title='bbox 938 1590 1312 1655; x_wconf 83' lang='lat' dir='ltr'><strong>multitudine,</strong></span> <span class='ocrx_word' id='word_1_204' title='bbox 1338 1591 1433 1661; x_wconf 89' lang='lat' dir='ltr'><strong>qui</strong></span> <span class='ocrx_word' id='word_1_205' title='bbox 1456 1598 1511 1645; x_wconf 90' lang='lat' dir='ltr'><strong>et</strong></span> <span class='ocrx_word' id='word_1_206' title='bbox 1541 1588 1633 1644; x_wconf 88' lang='lat' dir='ltr'><strong>Dei</strong></span> <span class='ocrx_word' id='word_1_207' title='bbox 1662 1605 1851 1645; x_wconf 88' lang='lat' dir='ltr'><strong>vocem</strong></span> <span class='ocrx_word' id='word_1_208' title='bbox 1893 1590 2051 1645; x_wconf 89' lang='lat' dir='ltr'><strong>audi-</strong></span> 
     </span>
    </p>
   </div>
   <div class='ocr_carea' id='block_1_33' title="bbox 2165 1588 3720 1665">
    <p class='ocr_par' dir='ltr' id='par_1_33' title="bbox 2165 1589 3720 1665">
     <span class='ocr_line' id='line_1_33' title="bbox 2165 1589 3720 1665; baseline 0.003 -23"><span class='ocrx_word' id='word_1_209' title='bbox 2165 1606 2315 1643; x_wconf 69' lang='grc' dir='ltr'>(οντα</span> <span class='ocrx_word' id='word_1_210' title='bbox 2344 1589 2587 1661; x_wconf 77' lang='grc' dir='ltr'>ἡμερῶν,</span> <span class='ocrx_word' id='word_1_211' title='bbox 2606 1591 2701 1644; x_wconf 71' lang='grc' dir='ltr'>καὶ</span> <span class='ocrx_word' id='word_1_212' title='bbox 2725 1591 2811 1644; x_wconf 86' lang='grc' dir='ltr'><strong>διὰ</strong></span> <span class='ocrx_word' id='word_1_213' title='bbox 2836 1594 3249 1664; x_wconf 77' lang='grc' dir='ltr'>τεσσαράκοντα</span> <span class='ocrx_word' id='word_1_214' title='bbox 3278 1594 3493 1647; x_wconf 85' lang='grc' dir='ltr'>νυκτῶν</span> <span class='ocrx_word' id='word_1_215' title='bbox 3521 1595 3594 1665; x_wconf 75' lang='grc' dir='ltr'>μὴ</span> <span class='ocrx_word' id='word_1_216' title='bbox 3618 1597 3720 1647; x_wconf 80' lang='grc' dir='ltr'>ἐπι-</span> 
     </span>
    </p>
   </div>
   <div class='ocr_carea' id='block_1_34' title="bbox 464 1675 2061 1756">
    <p class='ocr_par' dir='ltr' id='par_1_34' title="bbox 464 1682 2047 1755">
     <span class='ocr_line' id='line_1_34' title="bbox 464 1682 2047 1755; baseline -0.002 -13"><span class='ocrx_word' id='word_1_217' title='bbox 464 1697 573 1752; x_wconf 85' lang='lat' dir='ltr'><strong>ret,</strong></span> <span class='ocrx_word' id='word_1_218' title='bbox 605 1695 659 1742; x_wconf 92' lang='lat' dir='ltr'><strong>et</strong></span> <span class='ocrx_word' id='word_1_219' title='bbox 691 1687 839 1741; x_wconf 91' lang='lat' dir='ltr'><strong>illius</strong></span> <span class='ocrx_word' id='word_1_220' title='bbox 868 1684 1145 1755; x_wconf 90' lang='lat' dir='ltr'><strong>colloquio</strong></span> <span class='ocrx_word' id='word_1_221' title='bbox 1186 1682 1478 1749; x_wconf 83' lang='lat' dir='ltr'><strong>frueretur,</strong></span> <span class='ocrx_word' id='word_1_222' title='bbox 1506 1683 1869 1755; x_wconf 74' lang='lat' dir='ltr'><strong>quadraginta</strong></span> <span class='ocrx_word' id='word_1_223' title='bbox 1907 1682 2047 1747; x_wconf 88' lang='lat' dir='ltr'><strong>dies,</strong></span> 
     </span>
    </p>
   </div>
   <div class='ocr_carea' id='block_1_35' title="bbox 2165 1675 3723 1756">
    <p class='ocr_par' dir='ltr' id='par_1_35' title="bbox 2165 1681 3723 1756">
     <span class='ocr_line' id='line_1_35' title="bbox 2165 1681 3723 1756; baseline 0.002 -21"><span class='ocrx_word' id='word_1_224' title='bbox 2165 1682 2383 1753; x_wconf 69' lang='grc' dir='ltr'>ζητῆσαι</span> <span class='ocrx_word' id='word_1_225' title='bbox 2409 1681 2479 1734; x_wconf 86' lang='grc' dir='ltr'><strong>τὰ</strong></span> <span class='ocrx_word' id='word_1_226' title='bbox 2494 1681 2725 1753; x_wconf 80' lang='grc' dir='ltr'>χρειώδη</span> <span class='ocrx_word' id='word_1_227' title='bbox 2744 1683 2855 1736; x_wconf 87' lang='grc' dir='ltr'><strong>τῶν</strong></span> <span class='ocrx_word' id='word_1_228' title='bbox 2870 1685 3013 1739; x_wconf 81' lang='grc' dir='ltr'>κατὰ</span> <span class='ocrx_word' id='word_1_229' title='bbox 3037 1684 3137 1756; x_wconf 83' lang='grc' dir='ltr'>τὴν</span> <span class='ocrx_word' id='word_1_230' title='bbox 3157 1685 3318 1753; x_wconf 75' lang='grc' dir='ltr'>φύσιν</span> <span class='ocrx_word' id='word_1_231' title='bbox 3339 1686 3442 1755; x_wconf 80' lang='grc' dir='ltr'>τῆς</span> <span class='ocrx_word' id='word_1_232' title='bbox 3463 1688 3723 1756; x_wconf 72' lang='grc' dir='ltr'>ἡμετέρας</span> 
     </span>
    </p>
   </div>
   <div class='ocr_carea' id='block_1_36' title="bbox 465 1772 2061 1850">
    <p class='ocr_par' dir='ltr' id='par_1_36' title="bbox 465 1774 2052 1849">
     <span class='ocr_line' id='line_1_36' title="bbox 465 1774 2052 1849; baseline -0.004 -15"><span class='ocrx_word' id='word_1_233' title='bbox 465 1780 797 1849; x_wconf 83' lang='lat' dir='ltr'><strong>totidemque</strong></span> <span class='ocrx_word' id='word_1_234' title='bbox 819 1784 1009 1831; x_wconf 85' lang='lat' dir='ltr'><strong>noctes</strong></span> <span class='ocrx_word' id='word_1_235' title='bbox 1040 1775 1246 1831; x_wconf 88' lang='lat' dir='ltr'><strong>nullam</strong></span> <span class='ocrx_word' id='word_1_236' title='bbox 1292 1788 1481 1829; x_wconf 92' lang='lat' dir='ltr'><strong>earum</strong></span> <span class='ocrx_word' id='word_1_237' title='bbox 1533 1789 1716 1829; x_wconf 90' lang='lat' dir='ltr'><strong>rerum</strong></span> <span class='ocrx_word' id='word_1_238' title='bbox 1767 1774 2052 1830; x_wconf 86' lang='lat' dir='ltr'><strong>desidera-</strong></span> 
     </span>
    </p>
   </div>
   <div class='ocr_carea' id='block_1_37' title="bbox 2165 1772 3723 1850">
    <p class='ocr_par' dir='ltr' id='par_1_37' title="bbox 2165 1772 3723 1850">
     <span class='ocr_line' id='line_1_37' title="bbox 2165 1772 3723 1850; baseline 0.002 -23"><span class='ocrx_word' id='word_1_239' title='bbox 2165 1774 2422 1837; x_wconf 67' lang='grc' dir='ltr'>πλάσεως,</span> <span class='ocrx_word' id='word_1_240' title='bbox 2461 1772 2520 1827; x_wconf 83' lang='grc' dir='ltr'>τὸ</span> <span class='ocrx_word' id='word_1_241' title='bbox 2549 1774 2949 1846; x_wconf 72' lang='grc' dir='ltr'>μεταϐληθῆναι</span> <span class='ocrx_word' id='word_1_242' title='bbox 2972 1776 3073 1847; x_wconf 76' lang='grc' dir='ltr'>τὴν</span> <span class='ocrx_word' id='word_1_243' title='bbox 3101 1777 3276 1847; x_wconf 73' lang='grc' dir='ltr'>σάρκα</span> <span class='ocrx_word' id='word_1_244' title='bbox 3302 1779 3382 1839; x_wconf 83' lang='grc' dir='ltr'><strong>είς</strong></span> <span class='ocrx_word' id='word_1_245' title='bbox 3410 1778 3723 1850; x_wconf 74' lang='grc' dir='ltr'>φαιδρότητα</span> 
     </span>
    </p>
   </div>
   <div class='ocr_carea' id='block_1_38' title="bbox 466 1863 2061 1944">
    <p class='ocr_par' dir='ltr' id='par_1_38' title="bbox 466 1864 2053 1944">
     <span class='ocr_line' id='line_1_38' title="bbox 466 1864 2053 1944; baseline -0.005 -20"><span class='ocrx_word' id='word_1_246' title='bbox 466 1878 573 1933; x_wconf 91' lang='lat' dir='ltr'><strong>ret,</strong></span> <span class='ocrx_word' id='word_1_247' title='bbox 635 1868 840 1939; x_wconf 84' lang='lat' dir='ltr'><strong>quibus</strong></span> <span class='ocrx_word' id='word_1_248' title='bbox 883 1875 1095 1922; x_wconf 71' lang='lat' dir='ltr'><strong>natura:</strong></span> <span class='ocrx_word' id='word_1_249' title='bbox 1134 1865 1467 1921; x_wconf 86' lang='lat' dir='ltr'><strong>necessitate</strong></span> <span class='ocrx_word' id='word_1_250' title='bbox 1513 1864 1579 1917; x_wconf 88' lang='lat' dir='ltr'><strong>ad</strong></span> <span class='ocrx_word' id='word_1_251' title='bbox 1624 1864 1792 1918; x_wconf 88' lang='lat' dir='ltr'><strong>vitam</strong></span> <span class='ocrx_word' id='word_1_252' title='bbox 1836 1872 2053 1944; x_wconf 82' lang='lat' dir='ltr'><strong>susten-</strong></span> 
     </span>
    </p>
   </div>
   <div class='ocr_carea' id='block_1_39' title="bbox 2165 1863 3723 1944">
    <p class='ocr_par' dir='ltr' id='par_1_39' title="bbox 2165 1863 3723 1941">
     <span class='ocr_line' id='line_1_39' title="bbox 2165 1863 3723 1941; baseline 0.004 -25"><span class='ocrx_word' id='word_1_253' title='bbox 2165 1863 2320 1935; x_wconf 58' lang='lat' dir='ltr'><strong>‘juou.</strong></span> <span class='ocrx_word' id='word_1_254' title='bbox 2342 1865 2437 1918; x_wconf 80' lang='grc' dir='ltr'>καὶ</span> <span class='ocrx_word' id='word_1_255' title='bbox 2460 1865 2653 1918; x_wconf 80' lang='grc' dir='ltr'>ἀκτῖνα</span> <span class='ocrx_word' id='word_1_256' title='bbox 2682 1866 2967 1937; x_wconf 72' lang='grc' dir='ltr'>φωτεινὴν,</span> <span class='ocrx_word' id='word_1_257' title='bbox 2990 1867 3322 1937; x_wconf 80' lang='grc' dir='ltr'>στροϐοῦσαν</span> <span class='ocrx_word' id='word_1_258' title='bbox 3350 1869 3484 1921; x_wconf 78' lang='grc' dir='ltr'>λαὸν</span> <span class='ocrx_word' id='word_1_259' title='bbox 3518 1870 3649 1941; x_wconf 76' lang='grc' dir='ltr'>πρὸς</span> <span class='ocrx_word' id='word_1_260' title='bbox 3671 1870 3723 1922; x_wconf 79' lang='grc' dir='ltr'>τὸ</span> 
     </span>
    </p>
   </div>
   <div class='ocr_carea' id='block_1_40' title="bbox 465 1955 2061 2035">
    <p class='ocr_par' dir='ltr' id='par_1_40' title="bbox 465 1955 2052 2035">
     <span class='ocr_line' id='line_1_40' title="bbox 465 1955 2052 2035; baseline -0.003 -19"><span class='ocrx_word' id='word_1_261' title='bbox 465 1962 683 2017; x_wconf 89' lang='lat' dir='ltr'><strong>taudam</strong></span> <span class='ocrx_word' id='word_1_262' title='bbox 717 1961 943 2021; x_wconf 89' lang='lat' dir='ltr'><strong>utimur,</strong></span> <span class='ocrx_word' id='word_1_263' title='bbox 996 1958 1144 2013; x_wconf 91' lang='lat' dir='ltr'><strong>illius</strong></span> <span class='ocrx_word' id='word_1_264' title='bbox 1192 1955 1388 2011; x_wconf 89' lang='lat' dir='ltr'><strong>deinde</strong></span> <span class='ocrx_word' id='word_1_265' title='bbox 1434 1969 1566 2035; x_wconf 76' lang='lat' dir='ltr'><strong>caro</strong></span> <span class='ocrx_word' id='word_1_266' title='bbox 1603 1955 1736 2010; x_wconf 89' lang='lat' dir='ltr'><strong>solis</strong></span> <span class='ocrx_word' id='word_1_267' title='bbox 1767 1955 1822 2009; x_wconf 89' lang='lat' dir='ltr'><strong>in</strong></span> <span class='ocrx_word' id='word_1_268' title='bbox 1859 1956 2052 2035; x_wconf 53' lang='lat' dir='ltr'><strong>splen:</strong></span> 
     </span>
    </p>
   </div>
   <div class='ocr_carea' id='block_1_41' title="bbox 2165 1955 3723 2035">
    <p class='ocr_par' dir='ltr' id='par_1_41' title="bbox 2165 1956 3723 2033">
     <span class='ocr_line' id='line_1_41' title="bbox 2165 1956 3723 2033; baseline 0.004 -23"><span class='ocrx_word' id='word_1_269' title='bbox 2165 1957 2227 2029; x_wconf 48' lang='grc' dir='ltr'><strong>τιὴ</strong></span> <span class='ocrx_word' id='word_1_270' title='bbox 2250 1956 2783 2013; x_wconf 18' lang='grc' dir='ltr'>δύνασθαιῦάτενίσαι</span> <span class='ocrx_word' id='word_1_271' title='bbox 2812 1961 2941 2021; x_wconf 75' lang='grc' dir='ltr'>τοὺς</span> <span class='ocrx_word' id='word_1_272' title='bbox 2956 1960 3106 2023; x_wconf 76' lang='grc' dir='ltr'>υἱοὺς</span> <span class='ocrx_word' id='word_1_273' title='bbox 3139 1960 3351 2032; x_wconf 79' lang='grc' dir='ltr'>Ἰσραὴλ</span> <span class='ocrx_word' id='word_1_274' title='bbox 3381 1962 3463 2025; x_wconf 83' lang='grc' dir='ltr'><strong>είς</strong></span> <span class='ocrx_word' id='word_1_275' title='bbox 3492 1963 3553 2015; x_wconf 80' lang='grc' dir='ltr'>τὸ</span> <span class='ocrx_word' id='word_1_276' title='bbox 3575 1963 3723 2033; x_wconf 75' lang='grc' dir='ltr'>πρός-</span> 
     </span>
    </p>
   </div>
   <div class='ocr_carea' id='block_1_42' title="bbox 470 2029 2061 2124">
    <p class='ocr_par' dir='ltr' id='par_1_42' title="bbox 470 2029 2053 2117">
     <span class='ocr_line' id='line_1_42' title="bbox 470 2029 2053 2117; baseline -0.004 -10"><span class='ocrx_word' id='word_1_277' title='bbox 470 2054 663 2109; x_wconf 89' lang='lat' dir='ltr'><strong>dorem</strong></span> <span class='ocrx_word' id='word_1_278' title='bbox 702 2068 766 2107; x_wconf 86' lang='lat' dir='ltr'><strong>ac</strong></span> <span class='ocrx_word' id='word_1_279' title='bbox 800 2052 1110 2108; x_wconf 88' lang='lat' dir='ltr'><strong>radiantem</strong></span> <span class='ocrx_word' id='word_1_280' title='bbox 1153 2047 1418 2117; x_wconf 77' lang='lat' dir='ltr'><strong>fulgorem</strong></span> <span class='ocrx_word' id='word_1_281' title='bbox 1470 2029 1799 2111; x_wconf 80' lang='lat' dir='ltr'><strong>verteretur,</strong></span> <span class='ocrx_word' id='word_1_282' title='bbox 1844 2048 1937 2117; x_wconf 90' lang='lat' dir='ltr'><strong>qui</strong></span> <span class='ocrx_word' id='word_1_283' title='bbox 1980 2029 2053 2102; x_wconf 69' lang='lat' dir='ltr'><strong>n5</strong></span> 
     </span>
    </p>
   </div>
   <div class='ocr_carea' id='block_1_43' title="bbox 2165 2029 3722 2124">
    <p class='ocr_par' dir='ltr' id='par_1_43' title="bbox 2165 2029 3722 2124">
     <span class='ocr_line' id='line_1_43' title="bbox 2165 2029 3722 2124; baseline 0.003 -23"><span class='ocrx_word' id='word_1_284' title='bbox 2165 2066 2300 2104; x_wconf 64' lang='grc' dir='ltr'>»πον</span> <span class='ocrx_word' id='word_1_285' title='bbox 2319 2050 2506 2116; x_wconf 81' lang='grc' dir='ltr'>αὑτοῦ,</span> <span class='ocrx_word' id='word_1_286' title='bbox 2540 2049 2601 2103; x_wconf 71' lang='grc' dir='ltr'>τὸ</span> <span class='ocrx_word' id='word_1_287' title='bbox 2615 2050 2713 2121; x_wconf 78' lang='grc' dir='ltr'>τὴν</span> <span class='ocrx_word' id='word_1_288' title='bbox 2742 2053 2900 2121; x_wconf 75' lang='grc' dir='ltr'>χεῖρα</span> <span class='ocrx_word' id='word_1_289' title='bbox 2928 2051 3191 2123; x_wconf 82' lang='grc' dir='ltr'>σαρκίνην</span> <span class='ocrx_word' id='word_1_290' title='bbox 3212 2029 3376 2105; x_wconf 72' lang='grc' dir='ltr'>οὖσαν</span> <span class='ocrx_word' id='word_1_291' title='bbox 3402 2029 3722 2124; x_wconf 40' lang='lat' dir='ltr'><strong>pssumi-16?,-</strong></span> 
     </span>
    </p>
   </div>
   <div class='ocr_carea' id='block_1_44' title="bbox 469 2138 2061 2217">
    <p class='ocr_par' dir='ltr' id='par_1_44' title="bbox 469 2138 2054 2217">
     <span class='ocr_line' id='line_1_44' title="bbox 469 2138 2054 2217; baseline -0.004 -16"><span class='ocrx_word' id='word_1_292' title='bbox 469 2146 655 2217; x_wconf 85' lang='lat' dir='ltr'><strong>popull</strong></span> <span class='ocrx_word' id='word_1_293' title='bbox 716 2145 906 2198; x_wconf 86' lang='lat' dir='ltr'><strong>oculos</strong></span> <span class='ocrx_word' id='word_1_294' title='bbox 964 2140 1380 2212; x_wconf 83' lang='lat' dir='ltr'><strong>perstringeret,</strong></span> <span class='ocrx_word' id='word_1_295' title='bbox 1421 2150 1480 2193; x_wconf 90' lang='lat' dir='ltr'><strong>ut</strong></span> <span class='ocrx_word' id='word_1_296' title='bbox 1518 2138 1667 2194; x_wconf 89' lang='lat' dir='ltr'><strong>illius</strong></span> <span class='ocrx_word' id='word_1_297' title='bbox 1696 2138 1891 2194; x_wconf 78' lang='lat' dir='ltr'><strong>faciem</strong></span> <span class='ocrx_word' id='word_1_298' title='bbox 1932 2139 2054 2195; x_wconf 82' lang='lat' dir='ltr'><strong>ﬁxis</strong></span> 
     </span>
    </p>
   </div>
   <div class='ocr_carea' id='block_1_45' title="bbox 2165 2138 3725 2217">
    <p class='ocr_par' dir='ltr' id='par_1_45' title="bbox 2165 2141 3725 2215">
     <span class='ocr_line' id='line_1_45' title="bbox 2165 2141 3725 2215; baseline 0.004 -22"><span class='ocrx_word' id='word_1_299' title='bbox 2165 2158 2239 2194; x_wconf 72' lang='grc' dir='ltr'><strong>ιαι</strong></span> <span class='ocrx_word' id='word_1_300' title='bbox 2268 2143 2347 2205; x_wconf 84' lang='grc' dir='ltr'><strong>είς</strong></span> <span class='ocrx_word' id='word_1_301' title='bbox 2376 2141 2552 2211; x_wconf 87' lang='grc' dir='ltr'>χιόνα,</span> <span class='ocrx_word' id='word_1_302' title='bbox 2584 2142 2643 2195; x_wconf 86' lang='grc' dir='ltr'>τὸ</span> <span class='ocrx_word' id='word_1_303' title='bbox 2670 2144 2924 2197; x_wconf 87' lang='grc' dir='ltr'>κελεῦσαι</span> <span class='ocrx_word' id='word_1_304' title='bbox 2954 2147 3020 2215; x_wconf 79' lang='grc' dir='ltr'>τῇ</span> <span class='ocrx_word' id='word_1_305' title='bbox 3038 2146 3107 2214; x_wconf 78' lang='grc' dir='ltr'>γῇ</span> <span class='ocrx_word' id='word_1_306' title='bbox 3137 2147 3295 2214; x_wconf 75' lang='grc' dir='ltr'>χᾶναι</span> <span class='ocrx_word' id='word_1_307' title='bbox 3324 2146 3385 2198; x_wconf 76' lang='grc' dir='ltr'>τὸ</span> <span class='ocrx_word' id='word_1_308' title='bbox 3414 2146 3588 2215; x_wconf 80' lang='grc' dir='ltr'>στόμα</span> <span class='ocrx_word' id='word_1_309' title='bbox 3606 2149 3725 2214; x_wconf 65' lang='grc' dir='ltr'>πρὸς</span> 
     </span>
    </p>
   </div>
   <div class='ocr_carea' id='block_1_46' title="bbox 468 2227 2061 2308">
    <p class='ocr_par' dir='ltr' id='par_1_46' title="bbox 468 2227 2058 2301">
     <span class='ocr_line' id='line_1_46' title="bbox 468 2227 2058 2301; baseline -0.006 -10"><span class='ocrx_word' id='word_1_310' title='bbox 468 2236 649 2291; x_wconf 74' lang='lat' dir='ltr'><strong>oculis</strong></span> <span class='ocrx_word' id='word_1_311' title='bbox 699 2232 1057 2301; x_wconf 87' lang='lat' dir='ltr'><strong>contemplari</strong></span> <span class='ocrx_word' id='word_1_312' title='bbox 1106 2229 1327 2285; x_wconf 84' lang='lat' dir='ltr'><strong>lsraelis</strong></span> <span class='ocrx_word' id='word_1_313' title='bbox 1366 2227 1572 2299; x_wconf 85' lang='lat' dir='ltr'><strong>posteri</strong></span> <span class='ocrx_word' id='word_1_314' title='bbox 1624 2228 1938 2297; x_wconf 85' lang='lat' dir='ltr'><strong>nequirent,</strong></span> <span class='ocrx_word' id='word_1_315' title='bbox 1996 2235 2058 2281; x_wconf 90' lang='lat' dir='ltr'><strong>ut</strong></span> 
     </span>
    </p>
   </div>
   <div class='ocr_carea' id='block_1_47' title="bbox 2165 2227 3725 2308">
    <p class='ocr_par' dir='ltr' id='par_1_47' title="bbox 2165 2232 3725 2308">
     <span class='ocr_line' id='line_1_47' title="bbox 2165 2232 3725 2308; baseline 0.003 -24"><span class='ocrx_word' id='word_1_316' title='bbox 2165 2232 2421 2303; x_wconf 70' lang='lat' dir='ltr'><strong>51:050th</strong></span> <span class='ocrx_word' id='word_1_317' title='bbox 2435 2233 2561 2297; x_wconf 75' lang='grc' dir='ltr'>τοὺς</span> <span class='ocrx_word' id='word_1_318' title='bbox 2582 2235 2711 2305; x_wconf 59' lang='grc' dir='ltr'><strong>’περὶ⁵</strong></span> <span class='ocrx_word' id='word_1_319' title='bbox 2742 2234 2765 2265; x_wconf 86' lang='grc'><strong>⁸</strong></span> <span class='ocrx_word' id='word_1_320' title='bbox 2794 2236 2956 2305; x_wconf 81' lang='grc' dir='ltr'>Κορὲ,</span> <span class='ocrx_word' id='word_1_321' title='bbox 2985 2235 3080 2291; x_wconf 71' lang='grc' dir='ltr'>καὶ</span> <span class='ocrx_word' id='word_1_322' title='bbox 3100 2235 3298 2298; x_wconf 81' lang='grc' dir='ltr'>Δαθᾶν,</span> <span class='ocrx_word' id='word_1_323' title='bbox 3326 2237 3423 2290; x_wconf 76' lang='grc' dir='ltr'>καὶ</span> <span class='ocrx_word' id='word_1_324' title='bbox 3458 2236 3725 2308; x_wconf 60' lang='grc' dir='ltr'>’Δδειρὼη</span> 
     </span>
    </p>
   </div>
   <div class='ocr_carea' id='block_1_48' title="bbox 470 2320 2061 2398">
    <p class='ocr_par' dir='ltr' id='par_1_48' title="bbox 470 2320 2059 2383">
     <span class='ocr_line' id='line_1_48' title="bbox 470 2320 2059 2383; baseline -0.005 0"><span class='ocrx_word' id='word_1_325' title='bbox 470 2330 618 2383; x_wconf 89' lang='lat' dir='ltr'><strong>illius</strong></span> <span class='ocrx_word' id='word_1_326' title='bbox 670 2342 866 2382; x_wconf 90' lang='lat' dir='ltr'><strong>manus</strong></span> <span class='ocrx_word' id='word_1_327' title='bbox 911 2326 966 2379; x_wconf 91' lang='lat' dir='ltr'><strong>in</strong></span> <span class='ocrx_word' id='word_1_328' title='bbox 1012 2324 1191 2379; x_wconf 84' lang='lat' dir='ltr'><strong>nivem</strong></span> <span class='ocrx_word' id='word_1_329' title='bbox 1229 2328 1538 2378; x_wconf 89' lang='lat' dir='ltr'><strong>mutaretur</strong></span> <span class='ocrx_word' id='word_1_330' title='bbox 1560 2336 1627 2376; x_wconf 83' lang='lat' dir='ltr'><strong>ex</strong></span> <span class='ocrx_word' id='word_1_331' title='bbox 1655 2335 1846 2383; x_wconf 88' lang='lat' dir='ltr'><strong>carne.</strong></span> <span class='ocrx_word' id='word_1_332' title='bbox 1888 2330 1950 2374; x_wconf 92' lang='lat' dir='ltr'><strong>ut</strong></span> <span class='ocrx_word' id='word_1_333' title='bbox 1991 2320 2059 2375; x_wconf 89' lang='lat' dir='ltr'><strong>ad</strong></span> 
     </span>
    </p>
   </div>
   <div class='ocr_carea' id='block_1_49' title="bbox 2165 2320 3725 2398">
    <p class='ocr_par' dir='ltr' id='par_1_49' title="bbox 2165 2324 3725 2398">
     <span class='ocr_line' id='line_1_49' title="bbox 2165 2324 3725 2398; baseline 0.003 -21"><span class='ocrx_word' id='word_1_334' title='bbox 2165 2324 2249 2377; x_wconf 76' lang='grc' dir='ltr'>καὶ</span> <span class='ocrx_word' id='word_1_335' title='bbox 2279 2325 2495 2390; x_wconf 80' lang='grc' dir='ltr'>Ἀννᾶν,</span> <span class='ocrx_word' id='word_1_336' title='bbox 2521 2326 2581 2378; x_wconf 82' lang='grc' dir='ltr'>τὸ</span> <span class='ocrx_word' id='word_1_337' title='bbox 2596 2325 2748 2390; x_wconf 84' lang='grc' dir='ltr'>τέλος</span> <span class='ocrx_word' id='word_1_338' title='bbox 2771 2327 3001 2381; x_wconf 80' lang='grc' dir='ltr'>ἀκοῦσαι</span> <span class='ocrx_word' id='word_1_339' title='bbox 3020 2344 3035 2359; x_wconf 73' lang='grc' dir='ltr'><strong>ο</strong></span> <span class='ocrx_word' id='word_1_340' title='bbox 3080 2328 3355 2396; x_wconf 78' lang='grc' dir='ltr'><strong>Ἀνάόηθι</strong></span> <span class='ocrx_word' id='word_1_341' title='bbox 3375 2330 3463 2395; x_wconf 86' lang='grc' dir='ltr'><strong>είς</strong></span> <span class='ocrx_word' id='word_1_342' title='bbox 3486 2329 3552 2381; x_wconf 77' lang='grc' dir='ltr'>τὸ</span> <span class='ocrx_word' id='word_1_343' title='bbox 3585 2329 3725 2398; x_wconf 69' lang='grc' dir='ltr'>ἔρος,</span> 
     </span>
    </p>
   </div>
   <div class='ocr_carea' id='block_1_50' title="bbox 470 2410 2061 2483">
    <p class='ocr_par' dir='ltr' id='par_1_50' title="bbox 470 2410 2061 2483">
     <span class='ocr_line' id='line_1_50' title="bbox 470 2410 2061 2483; baseline -0.004 -10"><span class='ocrx_word' id='word_1_344' title='bbox 470 2420 650 2483; x_wconf 85' lang='lat' dir='ltr'><strong>Core,</strong></span> <span class='ocrx_word' id='word_1_345' title='bbox 708 2417 941 2483; x_wconf 89' lang='lat' dir='ltr'><strong>Datban,</strong></span> <span class='ocrx_word' id='word_1_346' title='bbox 993 2414 1199 2469; x_wconf 84' lang='lat' dir='ltr'><strong>Abiron</strong></span> <span class='ocrx_word' id='word_1_347' title='bbox 1248 2420 1302 2468; x_wconf 92' lang='lat' dir='ltr'><strong>et</strong></span> <span class='ocrx_word' id='word_1_348' title='bbox 1346 2413 1542 2466; x_wconf 83' lang='lat' dir='ltr'><strong>Annan</strong></span> <span class='ocrx_word' id='word_1_349' title='bbox 1589 2410 1924 2466; x_wconf 88' lang='lat' dir='ltr'><strong>hauriendos</strong></span> <span class='ocrx_word' id='word_1_350' title='bbox 1967 2412 2061 2467; x_wconf 91' lang='lat' dir='ltr'><strong>de-</strong></span> 
     </span>
    </p>
   </div>
   <div class='ocr_carea' id='block_1_51' title="bbox 472 2502 2053 2577">
    <p class='ocr_par' dir='ltr' id='par_1_51' title="bbox 472 2502 2053 2577">
     <span class='ocr_line' id='line_1_51' title="bbox 472 2502 2053 2577; baseline -0.004 -11"><span class='ocrx_word' id='word_1_351' title='bbox 472 2513 683 2566; x_wconf 85' lang='lat' dir='ltr'><strong>hiscere</strong></span> <span class='ocrx_word' id='word_1_352' title='bbox 706 2519 903 2564; x_wconf 84' lang='lat' dir='ltr'><strong>terram</strong></span> <span class='ocrx_word' id='word_1_353' title='bbox 946 2507 1185 2577; x_wconf 83' lang='lat' dir='ltr'><strong>juberct,</strong></span> <span class='ocrx_word' id='word_1_354' title='bbox 1221 2512 1280 2559; x_wconf 92' lang='lat' dir='ltr'><strong>ut</strong></span> <span class='ocrx_word' id='word_1_355' title='bbox 1314 2503 1449 2558; x_wconf 90' lang='lat' dir='ltr'><strong>illud</strong></span> <span class='ocrx_word' id='word_1_356' title='bbox 1501 2502 1722 2557; x_wconf 86' lang='lat' dir='ltr'><strong>audiret</strong></span> <span class='ocrx_word' id='word_1_357' title='bbox 1752 2502 2010 2573; x_wconf 87' lang='lat' dir='ltr'><strong>denique</strong></span> <span class='ocrx_word' id='word_1_358' title='bbox 2042 2524 2053 2559; x_wconf 90' lang='lat'><strong>:</strong></span> 
     </span>
    </p>
   </div>
   <div class='ocr_carea' id='block_1_52' title="bbox 471 2594 2052 2663">
    <p class='ocr_par' dir='ltr' id='par_1_52' title="bbox 471 2594 2052 2663">
     <span class='ocr_line' id='line_1_52' title="bbox 471 2594 2052 2663; baseline -0.006 -3"><span class='ocrx_word' id='word_1_359' title='bbox 471 2604 708 2660; x_wconf 82' lang='lat' dir='ltr'><strong>Ascende</strong></span> <span class='ocrx_word' id='word_1_360' title='bbox 737 2602 792 2655; x_wconf 89' lang='lat' dir='ltr'><strong>in</strong></span> <span class='ocrx_word' id='word_1_361' title='bbox 823 2610 1073 2663; x_wconf 77' lang='lat' dir='ltr'><strong>montem,</strong></span> <span class='ocrx_word' id='word_1_362' title='bbox 1114 2609 1163 2653; x_wconf 90' lang='lat' dir='ltr'><strong>et</strong></span> <span class='ocrx_word' id='word_1_363' title='bbox 1212 2598 1324 2651; x_wconf 79' lang='lat' dir='ltr'><strong>illic</strong></span> <span class='ocrx_word' id='word_1_364' title='bbox 1379 2611 1581 2650; x_wconf 83' lang='lat' dir='ltr'><strong>morere</strong></span> <span class='ocrx_word' id='word_1_365' title='bbox 1611 2595 1653 2657; x_wconf 72' lang='grc' dir='ltr'><strong>ί,</strong></span> <span class='ocrx_word' id='word_1_366' title='bbox 1696 2604 1756 2649; x_wconf 89' lang='lat' dir='ltr'><strong>ut</strong></span> <span class='ocrx_word' id='word_1_367' title='bbox 1785 2594 1932 2651; x_wconf 90' lang='lat' dir='ltr'><strong>illius</strong></span> <span class='ocrx_word' id='word_1_368' title='bbox 1963 2611 2052 2651; x_wconf 83' lang='lat' dir='ltr'><strong>se-</strong></span> 
     </span>
    </p>
   </div>
   <div class='ocr_carea' id='block_1_53' title="bbox 471 2687 2053 2770">
    <p class='ocr_par' dir='ltr' id='par_1_53' title="bbox 471 2687 2053 2770">
     <span class='ocr_line' id='line_1_53' title="bbox 471 2687 2053 2770; baseline -0.007 -17"><span class='ocrx_word' id='word_1_369' title='bbox 471 2700 747 2770; x_wconf 86' lang='lat' dir='ltr'><strong>pulturam</strong></span> <span class='ocrx_word' id='word_1_370' title='bbox 800 2694 1082 2749; x_wconf 88' lang='lat' dir='ltr'><strong>hominum</strong></span> <span class='ocrx_word' id='word_1_371' title='bbox 1140 2706 1302 2746; x_wconf 88' lang='lat' dir='ltr'><strong>nemo</strong></span> <span class='ocrx_word' id='word_1_372' title='bbox 1345 2687 1747 2759; x_wconf 87' lang='lat' dir='ltr'><strong>cognosceret?</strong></span> <span class='ocrx_word' id='word_1_373' title='bbox 1804 2688 2053 2758; x_wconf 50' lang='lat' dir='ltr'><strong>quando.</strong></span> 
     </span>
    </p>
   </div>
   <div class='ocr_carea' id='block_1_54' title="bbox 2157 2418 3727 2492">
    <p class='ocr_par' dir='ltr' id='par_1_54' title="bbox 2157 2418 3727 2492">
     <span class='ocr_line' id='line_1_54' title="bbox 2157 2418 3727 2492; baseline 0.001 -21"><span class='ocrx_word' id='word_1_374' title='bbox 2157 2418 2334 2476; x_wconf 75' lang='lat' dir='ltr'><strong>acder</strong></span> <span class='ocrx_word' id='word_1_375' title='bbox 2352 2419 2622 2481; x_wconf 75' lang='grc' dir='ltr'>τελεύτα,</span> <span class='ocrx_word' id='word_1_376' title='bbox 2640 2418 2701 2471; x_wconf 68' lang='lat' dir='ltr'><strong>rb</strong></span> <span class='ocrx_word' id='word_1_377' title='bbox 2727 2420 2800 2490; x_wconf 85' lang='grc' dir='ltr'>μὴ</span> <span class='ocrx_word' id='word_1_378' title='bbox 2837 2418 3124 2491; x_wconf 82' lang='grc' dir='ltr'>γινώσκειν</span> <span class='ocrx_word' id='word_1_379' title='bbox 3145 2420 3433 2491; x_wconf 78' lang='grc' dir='ltr'>ἄνθρωπον</span> <span class='ocrx_word' id='word_1_380' title='bbox 3462 2420 3563 2492; x_wconf 69' lang='grc' dir='ltr'>τὴν</span> <span class='ocrx_word' id='word_1_381' title='bbox 3580 2422 3727 2475; x_wconf 70' lang='grc' dir='ltr'>αὑτοῦ</span> 
     </span>
    </p>
   </div>
   <div class='ocr_carea' id='block_1_55' title="bbox 2159 2509 3730 2585">
    <p class='ocr_par' dir='ltr' id='par_1_55' title="bbox 2159 2509 3730 2585">
     <span class='ocr_line' id='line_1_55' title="bbox 2159 2509 3730 2585; baseline 0.003 -24"><span class='ocrx_word' id='word_1_382' title='bbox 2159 2510 2372 2580; x_wconf 49' lang='lat' dir='ltr'><strong>recipi;</strong></span> <span class='ocrx_word' id='word_1_383' title='bbox 2424 2509 2783 2581; x_wconf 79' lang='grc' dir='ltr'>σημαίνοντος</span> <span class='ocrx_word' id='word_1_384' title='bbox 2814 2511 2906 2565; x_wconf 84' lang='grc' dir='ltr'><strong>τοῦ</strong></span> <span class='ocrx_word' id='word_1_385' title='bbox 2948 2511 3092 2565; x_wconf 87' lang='grc' dir='ltr'>θείου</span> <span class='ocrx_word' id='word_1_386' title='bbox 3122 2513 3475 2585; x_wconf 75' lang='grc' dir='ltr'>Γράμματος,</span> <span class='ocrx_word' id='word_1_387' title='bbox 3523 2514 3599 2577; x_wconf 84' lang='grc' dir='ltr'>ὡς</span> <span class='ocrx_word' id='word_1_388' title='bbox 3639 2513 3730 2567; x_wconf 67' lang='grc' dir='ltr'>ὑπὸ</span> 
     </span>
    </p>
   </div>
   <div class='ocr_carea' id='block_1_56' title="bbox 2161 2600 3731 2677">
    <p class='ocr_par' dir='ltr' id='par_1_56' title="bbox 2161 2600 3731 2677">
     <span class='ocr_line' id='line_1_56' title="bbox 2161 2600 3731 2677; baseline 0.004 -25"><span class='ocrx_word' id='word_1_389' title='bbox 2161 2600 2463 2675; x_wconf 85' lang='grc' dir='ltr'>ἀνθρώπων</span> <span class='ocrx_word' id='word_1_390' title='bbox 2488 2601 2552 2655; x_wconf 81' lang='grc' dir='ltr'>τὸ</span> <span class='ocrx_word' id='word_1_391' title='bbox 2582 2603 2741 2673; x_wconf 90' lang='grc' dir='ltr'>σῶμα</span> <span class='ocrx_word' id='word_1_392' title='bbox 2773 2605 3052 2669; x_wconf 81' lang='grc' dir='ltr'>Μωῦσέως</span> <span class='ocrx_word' id='word_1_393' title='bbox 3084 2605 3158 2677; x_wconf 80' lang='grc' dir='ltr'>μὴ</span> <span class='ocrx_word' id='word_1_394' title='bbox 3179 2606 3547 2677; x_wconf 80' lang='grc' dir='ltr'>κεκηδεῦσθαι</span> <span class='ocrx_word' id='word_1_395' title='bbox 3568 2648 3582 2670; x_wconf 94' lang='grc'><strong>,</strong></span> <span class='ocrx_word' id='word_1_396' title='bbox 3612 2606 3731 2659; x_wconf 68' lang='grc' dir='ltr'>ἀλλὰ</span> 
     </span>
    </p>
   </div>
   <div class='ocr_carea' id='block_1_57' title="bbox 2161 2690 3638 2766">
    <p class='ocr_par' dir='ltr' id='par_1_57' title="bbox 2161 2690 3638 2766">
     <span class='ocr_line' id='line_1_57' title="bbox 2161 2690 3638 2766; baseline 0.005 -23"><span class='ocrx_word' id='word_1_397' title='bbox 2161 2690 2344 2755; x_wconf 87' lang='grc' dir='ltr'>καθὼς</span> <span class='ocrx_word' id='word_1_398' title='bbox 2374 2692 2689 2748; x_wconf 74' lang='grc' dir='ltr'>ὑποτίθεται</span> <span class='ocrx_word' id='word_1_399' title='bbox 2716 2696 2749 2765; x_wconf 86' lang='grc' dir='ltr'><strong>ἡ</strong></span> <span class='ocrx_word' id='word_1_400' title='bbox 2780 2694 3008 2760; x_wconf 78' lang='grc' dir='ltr'>διάνοια,</span> <span class='ocrx_word' id='word_1_401' title='bbox 3044 2696 3150 2749; x_wconf 76' lang='grc' dir='ltr'><strong>ὑπὸ</strong></span> <span class='ocrx_word' id='word_1_402' title='bbox 3175 2698 3346 2765; x_wconf 84' lang='grc' dir='ltr'>ἁγίων</span> <span class='ocrx_word' id='word_1_403' title='bbox 3370 2697 3638 2766; x_wconf 85' lang='grc' dir='ltr'>ἀγγέλων.</span> 
     </span>
    </p>
   </div>
   <div class='ocr_carea' id='block_1_58' title="bbox 473 2784 3733 2866">
    <p class='ocr_par' dir='ltr' id='par_1_58' title="bbox 473 2784 3733 2866">
     <span class='ocr_line' id='line_1_58' title="bbox 473 2784 3733 2866; baseline -0.001 -17"><span class='ocrx_word' id='word_1_404' title='bbox 473 2795 692 2866; x_wconf 82' lang='lat' dir='ltr'><strong>quidem</strong></span> <span class='ocrx_word' id='word_1_405' title='bbox 743 2806 916 2849; x_wconf 62' lang='lat' dir='ltr'><strong>sacrae</strong></span> <span class='ocrx_word' id='word_1_406' title='bbox 964 2788 1107 2846; x_wconf 89' lang='lat' dir='ltr'><strong>istud</strong></span> <span class='ocrx_word' id='word_1_407' title='bbox 1139 2787 1359 2843; x_wconf 64' lang='lat' dir='ltr'><strong>Litterae</strong></span> <span class='ocrx_word' id='word_1_408' title='bbox 1407 2784 1776 2857; x_wconf 84' lang='lat' dir='ltr'><strong>signiﬁcant:</strong></span> <span class='ocrx_word' id='word_1_409' title='bbox 1819 2799 1929 2839; x_wconf 88' lang='lat' dir='ltr'><strong>non</strong></span> <span class='ocrx_word' id='word_1_410' title='bbox 1985 2800 2108 2841; x_wconf 91' lang='lat' dir='ltr'><strong>esse</strong></span> <span class='ocrx_word' id='word_1_411' title='bbox 2166 2788 2237 2843; x_wconf 88' lang='lat' dir='ltr'><strong>ab</strong></span> <span class='ocrx_word' id='word_1_412' title='bbox 2284 2788 2600 2844; x_wconf 89' lang='lat' dir='ltr'><strong>hominibus</strong></span> <span class='ocrx_word' id='word_1_413' title='bbox 2655 2789 2857 2861; x_wconf 80' lang='lat' dir='ltr'><strong>Moysis</strong></span> <span class='ocrx_word' id='word_1_414' title='bbox 2916 2807 3116 2864; x_wconf 89' lang='lat' dir='ltr'><strong>corpus</strong></span> <span class='ocrx_word' id='word_1_415' title='bbox 3184 2794 3481 2864; x_wconf 75' lang='lat' dir='ltr'><strong>sepultum,</strong></span> <span class='ocrx_word' id='word_1_416' title='bbox 3542 2792 3635 2847; x_wconf 88' lang='lat' dir='ltr'><strong>sed</strong></span> <span class='ocrx_word' id='word_1_417' title='bbox 3676 2793 3733 2845; x_wconf 80' lang='lat' dir='ltr'><strong>ab</strong></span> 
     </span>
    </p>
   </div>
   <div class='ocr_carea' id='block_1_59' title="bbox 475 2880 2813 2964">
    <p class='ocr_par' dir='ltr' id='par_1_59' title="bbox 475 2880 2813 2964">
     <span class='ocr_line' id='line_1_59' title="bbox 475 2880 2813 2964; baseline -0 -20"><span class='ocrx_word' id='word_1_418' title='bbox 475 2892 681 2964; x_wconf 79' lang='lat' dir='ltr'><strong>angelis</strong></span> <span class='ocrx_word' id='word_1_419' title='bbox 734 2888 1024 2944; x_wconf 76' lang='lat' dir='ltr'><strong>videlicet:</strong></span> <span class='ocrx_word' id='word_1_420' title='bbox 1059 2885 1207 2957; x_wconf 90' lang='lat' dir='ltr'><strong>quod</strong></span> <span class='ocrx_word' id='word_1_421' title='bbox 1261 2884 1425 2939; x_wconf 86' lang='lat' dir='ltr'><strong>verba</strong></span> <span class='ocrx_word' id='word_1_422' title='bbox 1479 2882 1597 2953; x_wconf 87' lang='lat' dir='ltr'><strong>ipsa</strong></span> <span class='ocrx_word' id='word_1_423' title='bbox 1642 2880 1807 2936; x_wconf 89' lang='lat' dir='ltr'><strong>tacite</strong></span> <span class='ocrx_word' id='word_1_424' title='bbox 1847 2882 2219 2953; x_wconf 72' lang='lat' dir='ltr'><strong>intelligentize</strong></span> <span class='ocrx_word' id='word_1_425' title='bbox 2252 2894 2457 2941; x_wconf 70' lang='lat' dir='ltr'><strong>nostra:</strong></span> <span class='ocrx_word' id='word_1_426' title='bbox 2487 2885 2813 2959; x_wconf 84' lang='lat' dir='ltr'><strong>subjiciunt.</strong></span> 
     </span>
    </p>
   </div>
   <div class='ocr_carea' id='block_1_60' title="bbox 546 2977 2061 3058">
    <p class='ocr_par' dir='ltr' id='par_1_60' title="bbox 546 2977 2049 3057">
     <span class='ocr_line' id='line_1_60' title="bbox 546 2977 2049 3057; baseline -0.007 -16"><span class='ocrx_word' id='word_1_427' title='bbox 546 2988 722 3057; x_wconf 84' lang='lat' dir='ltr'><strong>Atque</strong></span> <span class='ocrx_word' id='word_1_428' title='bbox 750 2985 862 3039; x_wconf 81' lang='lat' dir='ltr'><strong>haec</strong></span> <span class='ocrx_word' id='word_1_429' title='bbox 901 2982 1086 3038; x_wconf 89' lang='lat' dir='ltr'><strong>omnia</strong></span> <span class='ocrx_word' id='word_1_430' title='bbox 1120 2991 1233 3035; x_wconf 92' lang='lat' dir='ltr'><strong>tum</strong></span> <span class='ocrx_word' id='word_1_431' title='bbox 1262 2987 1417 3050; x_wconf 82' lang='lat' dir='ltr'><strong>gesta</strong></span> <span class='ocrx_word' id='word_1_432' title='bbox 1442 2986 1593 3041; x_wconf 90' lang='lat' dir='ltr'><strong>sunt,</strong></span> <span class='ocrx_word' id='word_1_433' title='bbox 1623 2992 1747 3032; x_wconf 91' lang='lat' dir='ltr'><strong>cum</strong></span> <span class='ocrx_word' id='word_1_434' title='bbox 1782 2977 1961 3031; x_wconf 91' lang='lat' dir='ltr'><strong>adhuc</strong></span> <span class='ocrx_word' id='word_1_435' title='bbox 1994 2978 2049 3031; x_wconf 92' lang='lat' dir='ltr'><strong>in</strong></span> 
     </span>
    </p>
   </div>
   <div class='ocr_carea' id='block_1_61' title="bbox 2165 2977 3735 3058">
    <p class='ocr_par' dir='ltr' id='par_1_61' title="bbox 2227 2981 3735 3058">
     <span class='ocr_line' id='line_1_61' title="bbox 2227 2981 3735 3058; baseline 0.001 -24"><span class='ocrx_word' id='word_1_436' title='bbox 2227 2982 2340 3035; x_wconf 77' lang='grc' dir='ltr'><strong>Καὶ</strong></span> <span class='ocrx_word' id='word_1_437' title='bbox 2388 2981 2563 3038; x_wconf 86' lang='grc' dir='ltr'>ταῦτα</span> <span class='ocrx_word' id='word_1_438' title='bbox 2610 2981 2787 3038; x_wconf 84' lang='grc' dir='ltr'>πάντα</span> <span class='ocrx_word' id='word_1_439' title='bbox 2840 2984 2921 3038; x_wconf 80' lang='grc' dir='ltr'>ἔτι</span> <span class='ocrx_word' id='word_1_440' title='bbox 2955 2986 3109 3050; x_wconf 78' lang='grc' dir='ltr'>ὄντος</span> <span class='ocrx_word' id='word_1_441' title='bbox 3136 2985 3302 3040; x_wconf 81' lang='grc' dir='ltr'>αὑτοῦ</span> <span class='ocrx_word' id='word_1_442' title='bbox 3334 2987 3394 3040; x_wconf 83' lang='grc' dir='ltr'>ἐν</span> <span class='ocrx_word' id='word_1_443' title='bbox 3440 2986 3520 3056; x_wconf 82' lang='grc' dir='ltr'>τῷ</span> <span class='ocrx_word' id='word_1_444' title='bbox 3562 2988 3735 3058; x_wconf 71' lang='grc' dir='ltr'>κόσμῳ</span> 
     </span>
    </p>
   </div>
   <div class='ocr_carea' id='block_1_62' title="bbox 476 3070 2061 3151">
    <p class='ocr_par' dir='ltr' id='par_1_62' title="bbox 476 3070 2061 3143">
     <span class='ocr_line' id='line_1_62' title="bbox 476 3070 2061 3143; baseline -0.005 -10"><span class='ocrx_word' id='word_1_445' title='bbox 476 3078 807 3134; x_wconf 86' lang='lat' dir='ltr'><strong>hocmundo</strong></span> <span class='ocrx_word' id='word_1_446' title='bbox 840 3082 1193 3140; x_wconf 81' lang='lat' dir='ltr'><strong>versaretur;</strong></span> <span class='ocrx_word' id='word_1_447' title='bbox 1227 3079 1380 3143; x_wconf 86' lang='lat' dir='ltr'><strong>gesta</strong></span> <span class='ocrx_word' id='word_1_448' title='bbox 1428 3080 1607 3126; x_wconf 87' lang='lat' dir='ltr'><strong>autem</strong></span> <span class='ocrx_word' id='word_1_449' title='bbox 1662 3070 1716 3124; x_wconf 92' lang='lat' dir='ltr'><strong>in</strong></span> <span class='ocrx_word' id='word_1_450' title='bbox 1767 3085 1855 3132; x_wconf 91' lang='lat' dir='ltr'><strong>eo,</strong></span> <span class='ocrx_word' id='word_1_451' title='bbox 1917 3071 2061 3139; x_wconf 90' lang='lat' dir='ltr'><strong>quod</strong></span> 
     </span>
    </p>
   </div>
   <div class='ocr_carea' id='block_1_63' title="bbox 2165 3070 3736 3151">
    <p class='ocr_par' dir='ltr' id='par_1_63' title="bbox 2166 3072 3736 3151">
     <span class='ocr_line' id='line_1_63' title="bbox 2166 3072 3736 3151; baseline 0.005 -25"><span class='ocrx_word' id='word_1_452' title='bbox 2166 3072 2361 3144; x_wconf 80' lang='grc' dir='ltr'>τούτῳ,</span> <span class='ocrx_word' id='word_1_453' title='bbox 2389 3074 2468 3128; x_wconf 76' lang='grc' dir='ltr'>ἔτι</span> <span class='ocrx_word' id='word_1_454' title='bbox 2495 3076 2553 3128; x_wconf 86' lang='grc' dir='ltr'>ὲν</span> <span class='ocrx_word' id='word_1_455' title='bbox 2583 3074 2661 3148; x_wconf 82' lang='grc' dir='ltr'><strong>τῷ</strong></span> <span class='ocrx_word' id='word_1_456' title='bbox 2692 3076 2905 3149; x_wconf 74' lang='grc' dir='ltr'>ψυχικῷ</span> <span class='ocrx_word' id='word_1_457' title='bbox 2926 3078 3098 3149; x_wconf 83' lang='grc' dir='ltr'>τούτῳ</span> <span class='ocrx_word' id='word_1_458' title='bbox 3121 3080 3219 3134; x_wconf 71' lang='grc' dir='ltr'><strong>καὶ</strong></span> <span class='ocrx_word' id='word_1_459' title='bbox 3250 3080 3609 3151; x_wconf 86' lang='grc' dir='ltr'>πνευματικῷ</span> <span class='ocrx_word' id='word_1_460' title='bbox 3636 3082 3736 3151; x_wconf 53' lang='lat' dir='ltr'><strong>agt:</strong></span> 
     </span>
    </p>
   </div>
   <div class='ocr_carea' id='block_1_64' title="bbox 478 3162 2061 3244">
    <p class='ocr_par' dir='ltr' id='par_1_64' title="bbox 478 3162 2061 3238">
     <span class='ocr_line' id='line_1_64' title="bbox 478 3162 2061 3238; baseline -0.005 -14"><span class='ocrx_word' id='word_1_461' title='bbox 478 3170 713 3225; x_wconf 88' lang='lat' dir='ltr'><strong>animale</strong></span> <span class='ocrx_word' id='word_1_462' title='bbox 738 3178 854 3224; x_wconf 90' lang='lat' dir='ltr'><strong>erat</strong></span> <span class='ocrx_word' id='word_1_463' title='bbox 890 3183 953 3223; x_wconf 89' lang='lat' dir='ltr'><strong>ac</strong></span> <span class='ocrx_word' id='word_1_464' title='bbox 986 3166 1233 3238; x_wconf 87' lang='lat' dir='ltr'><strong>spiritale</strong></span> <span class='ocrx_word' id='word_1_465' title='bbox 1264 3164 1502 3235; x_wconf 78' lang='lat' dir='ltr'><strong>perfecte</strong></span> <span class='ocrx_word' id='word_1_466' title='bbox 1533 3163 1698 3219; x_wconf 90' lang='lat' dir='ltr'><strong>simul</strong></span> <span class='ocrx_word' id='word_1_467' title='bbox 1727 3174 1811 3218; x_wconf 93' lang='lat' dir='ltr'><strong>est</strong></span> <span class='ocrx_word' id='word_1_468' title='bbox 1838 3162 2061 3218; x_wconf 82' lang='lat' dir='ltr'><strong>factum.</strong></span> 
     </span>
    </p>
   </div>
   <div class='ocr_carea' id='block_1_65' title="bbox 2165 3162 3735 3244">
    <p class='ocr_par' dir='ltr' id='par_1_65' title="bbox 2165 3165 3735 3244">
     <span class='ocr_line' id='line_1_65' title="bbox 2165 3165 3735 3244; baseline 0.005 -25"><span class='ocrx_word' id='word_1_469' title='bbox 2165 3165 2385 3231; x_wconf 85' lang='grc' dir='ltr'>τελείως</span> <span class='ocrx_word' id='word_1_470' title='bbox 2407 3169 2703 3241; x_wconf 75' lang='grc' dir='ltr'>γενομένῳ.</span> <span class='ocrx_word' id='word_1_471' title='bbox 2738 3170 3005 3234; x_wconf 77' lang='grc' dir='ltr'>Λαϐόντες</span> <span class='ocrx_word' id='word_1_472' title='bbox 3031 3170 3087 3224; x_wconf 88' lang='grc' dir='ltr'>δὲ</span> <span class='ocrx_word' id='word_1_473' title='bbox 3112 3172 3441 3228; x_wconf 81' lang='grc' dir='ltr'>ἁπεντεῦθεν</span> <span class='ocrx_word' id='word_1_474' title='bbox 3473 3174 3567 3226; x_wconf 76' lang='grc' dir='ltr'>τὸν</span> <span class='ocrx_word' id='word_1_475' title='bbox 3590 3176 3735 3244; x_wconf 47' lang='lat' dir='ltr'><strong>apta.</strong></span> 
     </span>
    </p>
   </div>
   <div class='ocr_carea' id='block_1_66' title="bbox 480 3253 2061 3338">
    <p class='ocr_par' dir='ltr' id='par_1_66' title="bbox 480 3253 2061 3327">
     <span class='ocr_line' id='line_1_66' title="bbox 480 3253 2061 3327; baseline -0.004 -13"><span class='ocrx_word' id='word_1_476' title='bbox 480 3258 588 3314; x_wconf 84' lang='lat' dir='ltr'><strong>Sed</strong></span> <span class='ocrx_word' id='word_1_477' title='bbox 624 3273 726 3313; x_wconf 89' lang='lat' dir='ltr'><strong>nos</strong></span> <span class='ocrx_word' id='word_1_478' title='bbox 751 3258 899 3313; x_wconf 80' lang='lat' dir='ltr'><strong>velut</strong></span> <span class='ocrx_word' id='word_1_479' title='bbox 929 3254 1204 3327; x_wconf 88' lang='lat' dir='ltr'><strong>quoddam</strong></span> <span class='ocrx_word' id='word_1_480' title='bbox 1232 3254 1385 3308; x_wconf 90' lang='lat' dir='ltr'><strong>illinc</strong></span> <span class='ocrx_word' id='word_1_481' title='bbox 1410 3253 1607 3324; x_wconf 89' lang='lat' dir='ltr'><strong>pignus</strong></span> <span class='ocrx_word' id='word_1_482' title='bbox 1640 3254 1968 3325; x_wconf 86' lang='lat' dir='ltr'><strong>accipimus,</strong></span> <span class='ocrx_word' id='word_1_483' title='bbox 1995 3253 2061 3307; x_wconf 88' lang='lat' dir='ltr'><strong>ad</strong></span> 
     </span>
    </p>
   </div>
   <div class='ocr_carea' id='block_1_67' title="bbox 2165 3253 3733 3338">
    <p class='ocr_par' dir='ltr' id='par_1_67' title="bbox 2168 3259 3733 3338">
     <span class='ocr_line' id='line_1_67' title="bbox 2168 3259 3733 3338; baseline 0.005 -27"><span class='ocrx_word' id='word_1_484' title='bbox 2168 3259 2316 3313; x_wconf 77' lang='grc' dir='ltr'>ϐῶνα</span> <span class='ocrx_word' id='word_1_485' title='bbox 2351 3262 2431 3323; x_wconf 82' lang='grc' dir='ltr'><strong>είς</strong></span> <span class='ocrx_word' id='word_1_486' title='bbox 2478 3262 2785 3333; x_wconf 82' lang='grc' dir='ltr'>ὑπόδειγμα</span> <span class='ocrx_word' id='word_1_487' title='bbox 2817 3263 2915 3333; x_wconf 83' lang='grc' dir='ltr'>τῆς</span> <span class='ocrx_word' id='word_1_488' title='bbox 2961 3262 3173 3327; x_wconf 81' lang='grc' dir='ltr'>τελείας</span> <span class='ocrx_word' id='word_1_489' title='bbox 3210 3265 3331 3318; x_wconf 88' lang='grc' dir='ltr'>τότε</span> <span class='ocrx_word' id='word_1_490' title='bbox 3374 3265 3733 3338; x_wconf 74' lang='grc' dir='ltr'>βλαστήσεως,</span> 
     </span>
    </p>
   </div>
   <div class='ocr_carea' id='block_1_68' title="bbox 479 3346 2061 3430">
    <p class='ocr_par' dir='ltr' id='par_1_68' title="bbox 479 3346 2061 3422">
     <span class='ocr_line' id='line_1_68' title="bbox 479 3346 2061 3422; baseline -0.006 -15"><span class='ocrx_word' id='word_1_491' title='bbox 479 3352 627 3407; x_wconf 90' lang='lat' dir='ltr'><strong>illius</strong></span> <span class='ocrx_word' id='word_1_492' title='bbox 667 3349 923 3422; x_wconf 65' lang='lat' dir='ltr'><strong>perfectae</strong></span> <span class='ocrx_word' id='word_1_493' title='bbox 965 3346 1348 3419; x_wconf 86' lang='lat' dir='ltr'><strong>pullulationis</strong></span> <span class='ocrx_word' id='word_1_494' title='bbox 1391 3346 1732 3417; x_wconf 81' lang='lat' dir='ltr'><strong>exemplum,</strong></span> <span class='ocrx_word' id='word_1_495' title='bbox 1790 3361 1912 3415; x_wconf 64' lang='lat' dir='ltr'><strong>qua:</strong></span> <span class='ocrx_word' id='word_1_496' title='bbox 1950 3351 2061 3398; x_wconf 89' lang='lat' dir='ltr'><strong>tum</strong></span> 
     </span>
    </p>
   </div>
   <div class='ocr_carea' id='block_1_69' title="bbox 2165 3346 3735 3430">
    <p class='ocr_par' dir='ltr' id='par_1_69' title="bbox 2166 3351 3735 3430">
     <span class='ocr_line' id='line_1_69' title="bbox 2166 3351 3735 3430; baseline 0.005 -26"><span class='ocrx_word' id='word_1_497' title='bbox 2166 3352 2255 3405; x_wconf 82' lang='grc' dir='ltr'>ὅτε</span> <span class='ocrx_word' id='word_1_498' title='bbox 2297 3351 2596 3423; x_wconf 81' lang='grc' dir='ltr'>πληροῦται</span> <span class='ocrx_word' id='word_1_499' title='bbox 2624 3353 2686 3407; x_wconf 79' lang='grc' dir='ltr'>τὸ</span> <span class='ocrx_word' id='word_1_500' title='bbox 2712 3355 3001 3426; x_wconf 73' lang='grc' dir='ltr'>εἰρημένον</span> <span class='ocrx_word' id='word_1_501' title='bbox 3024 3370 3036 3383; x_wconf 89' lang='grc'><strong>·</strong></span> <span class='ocrx_word' id='word_1_502' title='bbox 3082 3356 3389 3424; x_wconf 78' lang='grc' dir='ltr'>Σπείρεται</span> <span class='ocrx_word' id='word_1_503' title='bbox 3425 3359 3498 3412; x_wconf 80' lang='grc' dir='ltr'><strong>ἐν</strong></span> <span class='ocrx_word' id='word_1_504' title='bbox 3531 3361 3735 3430; x_wconf 79' lang='grc' dir='ltr'>ἀτιμίᾳ,</span> 
     </span>
    </p>
   </div>
   <div class='ocr_carea' id='block_1_70' title="bbox 478 3434 2061 3522">
    <p class='ocr_par' dir='ltr' id='par_1_70' title="bbox 478 3434 2061 3507">
     <span class='ocr_line' id='line_1_70' title="bbox 478 3434 2061 3507; baseline -0.004 -12"><span class='ocrx_word' id='word_1_505' title='bbox 478 3440 716 3504; x_wconf 82' lang='lat' dir='ltr'><strong>occidet,</strong></span> <span class='ocrx_word' id='word_1_506' title='bbox 742 3456 867 3495; x_wconf 90' lang='lat' dir='ltr'><strong>cum</strong></span> <span class='ocrx_word' id='word_1_507' title='bbox 893 3439 1101 3493; x_wconf 90' lang='lat' dir='ltr'><strong>dictum</strong></span> <span class='ocrx_word' id='word_1_508' title='bbox 1134 3437 1266 3492; x_wconf 85' lang='lat' dir='ltr'><strong>illud</strong></span> <span class='ocrx_word' id='word_1_509' title='bbox 1297 3436 1613 3507; x_wconf 89' lang='lat' dir='ltr'><strong>implebitur</strong></span> <span class='ocrx_word' id='word_1_510' title='bbox 1639 3454 1652 3491; x_wconf 89' lang='lat'><strong>:</strong></span> <span class='ocrx_word' id='word_1_511' title='bbox 1683 3434 1989 3491; x_wconf 85' lang='lat' dir='ltr'><strong>Seminatur</strong></span> <span class='ocrx_word' id='word_1_512' title='bbox 2012 3436 2061 3489; x_wconf 86' lang='lat' dir='ltr'><strong>in</strong></span> 
     </span>
    </p>
   </div>
   <div class='ocr_carea' id='block_1_71' title="bbox 2165 3434 3734 3522">
    <p class='ocr_par' dir='ltr' id='par_1_71' title="bbox 2166 3442 3734 3522">
     <span class='ocr_line' id='line_1_71' title="bbox 2166 3442 3734 3522; baseline 0.006 -27"><span class='ocrx_word' id='word_1_513' title='bbox 2166 3442 2450 3511; x_wconf 81' lang='grc' dir='ltr'>ἐγείρεται</span> <span class='ocrx_word' id='word_1_514' title='bbox 2482 3444 2551 3497; x_wconf 84' lang='grc' dir='ltr'>ἐν</span> <span class='ocrx_word' id='word_1_515' title='bbox 2574 3443 2723 3515; x_wconf 78' lang='grc' dir='ltr'>δόξῃ</span> <span class='ocrx_word' id='word_1_516' title='bbox 2746 3462 2759 3475; x_wconf 78' lang='grc'><strong>’</strong></span> <span class='ocrx_word' id='word_1_517' title='bbox 2806 3447 3114 3515; x_wconf 80' lang='grc' dir='ltr'>σπείρεται</span> <span class='ocrx_word' id='word_1_518' title='bbox 3162 3447 3233 3501; x_wconf 77' lang='grc' dir='ltr'><strong>ἐν</strong></span> <span class='ocrx_word' id='word_1_519' title='bbox 3267 3448 3577 3518; x_wconf 80' lang='grc' dir='ltr'>ἀσθενείᾳ,</span> <span class='ocrx_word' id='word_1_520' title='bbox 3606 3451 3734 3522; x_wconf 64' lang='lat' dir='ltr'><strong>e721-</strong></span> 
     </span>
    </p>
   </div>
   <div class='ocr_carea' id='block_1_72' title="bbox 489 3528 2069 3606">
    <p class='ocr_par' dir='ltr' id='par_1_72' title="bbox 489 3528 2069 3606">
     <span class='ocr_line' id='line_1_72' title="bbox 489 3528 2069 3606; baseline -0.006 -17"><span class='ocrx_word' id='word_1_521' title='bbox 489 3534 841 3606; x_wconf 85' lang='lat' dir='ltr'><strong>ignobilitate,</strong></span> <span class='ocrx_word' id='word_1_522' title='bbox 910 3540 1144 3602; x_wconf 84' lang='lat' dir='ltr'><strong>resurget</strong></span> <span class='ocrx_word' id='word_1_523' title='bbox 1174 3530 1225 3583; x_wconf 89' lang='lat' dir='ltr'><strong>in</strong></span> <span class='ocrx_word' id='word_1_524' title='bbox 1258 3530 1451 3599; x_wconf 83' lang='lat' dir='ltr'><strong>gloria.</strong></span> <span class='ocrx_word' id='word_1_525' title='bbox 1488 3528 1793 3584; x_wconf 82' lang='lat' dir='ltr'><strong>Seminamr</strong></span> <span class='ocrx_word' id='word_1_526' title='bbox 1825 3529 1879 3581; x_wconf 92' lang='lat' dir='ltr'><strong>in</strong></span> <span class='ocrx_word' id='word_1_527' title='bbox 1900 3528 2069 3597; x_wconf 86' lang='lat' dir='ltr'><strong>inﬁr-</strong></span> 
     </span>
    </p>
   </div>
   <div class='ocr_carea' id='block_1_73' title="bbox 484 3618 2069 3693">
    <p class='ocr_par' dir='ltr' id='par_1_73' title="bbox 484 3618 2069 3693">
     <span class='ocr_line' id='line_1_73' title="bbox 484 3618 2069 3693; baseline -0.004 -14"><span class='ocrx_word' id='word_1_528' title='bbox 484 3627 687 3690; x_wconf 85' lang='lat' dir='ltr'><strong>mitate,</strong></span> <span class='ocrx_word' id='word_1_529' title='bbox 741 3634 973 3693; x_wconf 78' lang='lat' dir='ltr'><strong>resurget</strong></span> <span class='ocrx_word' id='word_1_530' title='bbox 1009 3625 1063 3676; x_wconf 87' lang='lat' dir='ltr'><strong>in</strong></span> <span class='ocrx_word' id='word_1_531' title='bbox 1111 3624 1305 3676; x_wconf 84' lang='lat' dir='ltr'><strong>virtute</strong></span> <span class='ocrx_word' id='word_1_532' title='bbox 1350 3622 1395 3674; x_wconf 81' lang='grc'>¹.</span> <span class='ocrx_word' id='word_1_533' title='bbox 1457 3620 1669 3676; x_wconf 89' lang='lat' dir='ltr'><strong>Etenim</strong></span> <span class='ocrx_word' id='word_1_534' title='bbox 1703 3635 1885 3674; x_wconf 89' lang='lat' dir='ltr'><strong>nonne</strong></span> <span class='ocrx_word' id='word_1_535' title='bbox 1917 3618 2069 3674; x_wconf 89' lang='lat' dir='ltr'><strong>inﬁr-</strong></span> 
     </span>
    </p>
   </div>
   <div class='ocr_carea' id='block_1_74' title="bbox 486 3710 2070 3785">
    <p class='ocr_par' dir='ltr' id='par_1_74' title="bbox 486 3710 2070 3785">
     <span class='ocr_line' id='line_1_74' title="bbox 486 3710 2070 3785; baseline -0.003 -15"><span class='ocrx_word' id='word_1_536' title='bbox 486 3732 633 3770; x_wconf 87' lang='lat' dir='ltr'><strong>mum</strong></span> <span class='ocrx_word' id='word_1_537' title='bbox 675 3724 780 3781; x_wconf 89' lang='lat' dir='ltr'><strong>est,</strong></span> <span class='ocrx_word' id='word_1_538' title='bbox 814 3713 961 3785; x_wconf 87' lang='lat' dir='ltr'><strong>quod</strong></span> <span class='ocrx_word' id='word_1_539' title='bbox 1016 3714 1087 3767; x_wconf 86' lang='lat' dir='ltr'><strong>ita</strong></span> <span class='ocrx_word' id='word_1_540' title='bbox 1136 3712 1464 3777; x_wconf 88' lang='lat' dir='ltr'><strong>seminatur,</strong></span> <span class='ocrx_word' id='word_1_541' title='bbox 1519 3718 1578 3765; x_wconf 91' lang='lat' dir='ltr'><strong>ut</strong></span> <span class='ocrx_word' id='word_1_542' title='bbox 1623 3710 1713 3765; x_wconf 90' lang='lat' dir='ltr'><strong>ubi</strong></span> <span class='ocrx_word' id='word_1_543' title='bbox 1768 3711 2070 3765; x_wconf 88' lang='lat' dir='ltr'><strong>seminetur</strong></span> 
     </span>
    </p>
   </div>
   <div class='ocr_carea' id='block_1_75' title="bbox 486 3802 2066 3878">
    <p class='ocr_par' dir='ltr' id='par_1_75' title="bbox 486 3802 2066 3878">
     <span class='ocr_line' id='line_1_75' title="bbox 486 3802 2066 3878; baseline -0.005 -15"><span class='ocrx_word' id='word_1_544' title='bbox 486 3807 741 3878; x_wconf 83' lang='lat' dir='ltr'><strong>ignoret?</strong></span> <span class='ocrx_word' id='word_1_545' title='bbox 774 3805 1119 3877; x_wconf 89' lang='lat' dir='ltr'><strong>lgnobilitate</strong></span> <span class='ocrx_word' id='word_1_546' title='bbox 1149 3818 1279 3859; x_wconf 90' lang='lat' dir='ltr'><strong>vero</strong></span> <span class='ocrx_word' id='word_1_547' title='bbox 1305 3818 1487 3858; x_wconf 90' lang='lat' dir='ltr'><strong>nonne</strong></span> <span class='ocrx_word' id='word_1_548' title='bbox 1522 3802 1746 3873; x_wconf 89' lang='lat' dir='ltr'><strong>plenqu</strong></span> <span class='ocrx_word' id='word_1_549' title='bbox 1790 3802 1922 3857; x_wconf 93' lang='lat' dir='ltr'><strong>illud</strong></span> <span class='ocrx_word' id='word_1_550' title='bbox 1963 3811 2066 3868; x_wconf 90' lang='lat' dir='ltr'><strong>est,</strong></span> 
     </span>
    </p>
   </div>
   <div class='ocr_carea' id='block_1_76' title="bbox 487 3895 2069 3967">
    <p class='ocr_par' dir='ltr' id='par_1_76' title="bbox 487 3895 2069 3967">
     <span class='ocr_line' id='line_1_76' title="bbox 487 3895 2069 3967; baseline -0.003 -15"><span class='ocrx_word' id='word_1_551' title='bbox 487 3898 633 3967; x_wconf 65' lang='lat' dir='ltr'><strong>quod</strong></span> <span class='ocrx_word' id='word_1_552' title='bbox 688 3897 742 3952; x_wconf 93' lang='lat' dir='ltr'><strong>in</strong></span> <span class='ocrx_word' id='word_1_553' title='bbox 798 3897 1113 3966; x_wconf 89' lang='lat' dir='ltr'><strong>sepulcrum</strong></span> <span class='ocrx_word' id='word_1_554' title='bbox 1176 3896 1450 3966; x_wconf 89' lang='lat' dir='ltr'><strong>abjectum</strong></span> <span class='ocrx_word' id='word_1_555' title='bbox 1508 3895 1767 3949; x_wconf 88' lang='lat' dir='ltr'><strong>obruitur</strong></span> <span class='ocrx_word' id='word_1_556' title='bbox 1841 3902 2069 3965; x_wconf 86' lang='lat' dir='ltr'><strong>aggestu</strong></span> 
     </span>
    </p>
   </div>
   <div class='ocr_carea' id='block_1_77' title="bbox 490 3986 2069 4060">
    <p class='ocr_par' dir='ltr' id='par_1_77' title="bbox 490 3986 2069 4060">
     <span class='ocr_line' id='line_1_77' title="bbox 490 3986 2069 4060; baseline -0.002 -19"><span class='ocrx_word' id='word_1_557' title='bbox 490 3991 751 4060; x_wconf 82' lang='lat' dir='ltr'><strong>pulveris,</strong></span> <span class='ocrx_word' id='word_1_558' title='bbox 803 4003 868 4041; x_wconf 90' lang='lat' dir='ltr'><strong>ac</strong></span> <span class='ocrx_word' id='word_1_559' title='bbox 916 3988 1216 4050; x_wconf 86' lang='lat' dir='ltr'><strong>laceratur,</strong></span> <span class='ocrx_word' id='word_1_560' title='bbox 1276 3987 1584 4058; x_wconf 88' lang='lat' dir='ltr'><strong>projicitur,</strong></span> <span class='ocrx_word' id='word_1_561' title='bbox 1617 3986 1877 4057; x_wconf 90' lang='lat' dir='ltr'><strong>omnique</strong></span> <span class='ocrx_word' id='word_1_562' title='bbox 1905 4001 2069 4041; x_wconf 87' lang='lat' dir='ltr'><strong>sensu</strong></span> 
     </span>
    </p>
   </div>
   <div class='ocr_carea' id='block_1_78' title="bbox 488 4076 2070 4149">
    <p class='ocr_par' dir='ltr' id='par_1_78' title="bbox 488 4076 2070 4149">
     <span class='ocr_line' id='line_1_78' title="bbox 488 4076 2070 4149; baseline -0.002 -16"><span class='ocrx_word' id='word_1_563' title='bbox 488 4079 855 4136; x_wconf 83' lang='lat' dir='ltr'><strong>destituitur?</strong></span> <span class='ocrx_word' id='word_1_564' title='bbox 888 4077 1096 4134; x_wconf 89' lang='lat' dir='ltr'><strong>Contra</strong></span> <span class='ocrx_word' id='word_1_565' title='bbox 1137 4094 1267 4133; x_wconf 88' lang='lat' dir='ltr'><strong>vero</strong></span> <span class='ocrx_word' id='word_1_566' title='bbox 1301 4094 1484 4132; x_wconf 87' lang='lat' dir='ltr'><strong>nonne</strong></span> <span class='ocrx_word' id='word_1_567' title='bbox 1517 4078 1819 4149; x_wconf 86' lang='lat' dir='ltr'><strong>gloriosum</strong></span> <span class='ocrx_word' id='word_1_568' title='bbox 1868 4076 1923 4131; x_wconf 90' lang='lat' dir='ltr'><strong>id</strong></span> <span class='ocrx_word' id='word_1_569' title='bbox 1965 4086 2070 4139; x_wconf 88' lang='lat' dir='ltr'><strong>est,</strong></span> 
     </span>
    </p>
   </div>
   <div class='ocr_carea' id='block_1_79' title="bbox 489 4169 2074 4243">
    <p class='ocr_par' dir='ltr' id='par_1_79' title="bbox 489 4169 2074 4243">
     <span class='ocr_line' id='line_1_79' title="bbox 489 4169 2074 4243; baseline 0 -22"><span class='ocrx_word' id='word_1_570' title='bbox 489 4172 633 4243; x_wconf 80' lang='lat' dir='ltr'><strong>quod</strong></span> <span class='ocrx_word' id='word_1_571' title='bbox 678 4172 744 4226; x_wconf 91' lang='lat' dir='ltr'><strong>ad</strong></span> <span class='ocrx_word' id='word_1_572' title='bbox 784 4172 954 4226; x_wconf 83' lang='lat' dir='ltr'><strong>vitam</strong></span> <span class='ocrx_word' id='word_1_573' title='bbox 1007 4170 1307 4233; x_wconf 75' lang='lat' dir='ltr'><strong>excitatur,</strong></span> <span class='ocrx_word' id='word_1_574' title='bbox 1349 4178 1402 4224; x_wconf 91' lang='lat' dir='ltr'><strong>et</strong></span> <span class='ocrx_word' id='word_1_575' title='bbox 1439 4170 1493 4223; x_wconf 89' lang='lat' dir='ltr'><strong>in</strong></span> <span class='ocrx_word' id='word_1_576' title='bbox 1525 4169 1915 4239; x_wconf 89' lang='lat' dir='ltr'><strong>sempiternum</strong></span> <span class='ocrx_word' id='word_1_577' title='bbox 1952 4184 2074 4238; x_wconf 87' lang='lat' dir='ltr'><strong>per-</strong></span> 
     </span>
    </p>
   </div>
   <div class='ocr_carea' id='block_1_80' title="bbox 490 4254 2072 4329">
    <p class='ocr_par' dir='ltr' id='par_1_80' title="bbox 490 4254 2072 4329">
     <span class='ocr_line' id='line_1_80' title="bbox 490 4254 2072 4329; baseline -0.004 -12"><span class='ocrx_word' id='word_1_578' title='bbox 490 4270 695 4325; x_wconf 82' lang='lat' dir='ltr'><strong>manet,</strong></span> <span class='ocrx_word' id='word_1_579' title='bbox 741 4277 806 4315; x_wconf 91' lang='lat' dir='ltr'><strong>ac</strong></span> <span class='ocrx_word' id='word_1_580' title='bbox 844 4275 969 4316; x_wconf 91' lang='lat' dir='ltr'><strong>cum</strong></span> <span class='ocrx_word' id='word_1_581' title='bbox 1020 4260 1220 4314; x_wconf 83' lang='lat' dir='ltr'><strong>divinae</strong></span> <span class='ocrx_word' id='word_1_582' title='bbox 1275 4259 1630 4329; x_wconf 84' lang='lat' dir='ltr'><strong>benignitatis</strong></span> <span class='ocrx_word' id='word_1_583' title='bbox 1662 4274 1758 4328; x_wconf 90' lang='lat' dir='ltr'><strong>spe</strong></span> <span class='ocrx_word' id='word_1_584' title='bbox 1780 4273 1844 4312; x_wconf 89' lang='lat' dir='ltr'><strong>ac</strong></span> <span class='ocrx_word' id='word_1_585' title='bbox 1877 4254 2072 4311; x_wconf 88' lang='lat' dir='ltr'><strong>ﬁducia</strong></span> 
     </span>
    </p>
   </div>
   <div class='ocr_carea' id='block_1_81' title="bbox 491 4342 2149 4424">
    <p class='ocr_par' dir='ltr' id='par_1_81' title="bbox 491 4342 2149 4424">
     <span class='ocr_line' id='line_1_81' title="bbox 491 4342 2149 4424; baseline -0.004 -14"><span class='ocrx_word' id='word_1_586' title='bbox 491 4356 717 4410; x_wconf 78' lang='lat' dir='ltr'><strong>Cteleste</strong></span> <span class='ocrx_word' id='word_1_587' title='bbox 754 4368 981 4424; x_wconf 85' lang='lat' dir='ltr'><strong>regnum</strong></span> <span class='ocrx_word' id='word_1_588' title='bbox 1024 4351 1313 4423; x_wconf 85' lang='lat' dir='ltr'><strong>possidet?</strong></span> <span class='ocrx_word' id='word_1_589' title='bbox 1361 4351 1452 4406; x_wconf 87' lang='lat' dir='ltr'><strong>ubi</strong></span> <span class='ocrx_word' id='word_1_590' title='bbox 1486 4350 1911 4421; x_wconf 78' lang='lat' dir='ltr'><strong>[ulgebuntjttsti</strong></span> <span class='ocrx_word' id='word_1_591' title='bbox 1936 4351 2072 4404; x_wconf 80' lang='lat' dir='ltr'><strong>sicut</strong></span> <span class='ocrx_word' id='word_1_592' title='bbox 2108 4342 2149 4395; x_wconf 82' lang='grc' dir='ltr'><strong>Ι)</strong></span> 
     </span>
    </p>
   </div>
   <div class='ocr_carea' id='block_1_82' title="bbox 489 4443 2071 4515">
    <p class='ocr_par' dir='ltr' id='par_1_82' title="bbox 489 4443 2071 4515">
     <span class='ocr_line' id='line_1_82' title="bbox 489 4443 2071 4515; baseline -0.006 -12"><span class='ocrx_word' id='word_1_593' title='bbox 489 4448 656 4503; x_wconf 73' lang='lat' dir='ltr'><strong>sol&#39;?</strong></span> <span class='ocrx_word' id='word_1_594' title='bbox 715 4446 809 4500; x_wconf 86' lang='lat' dir='ltr'><strong>ubi</strong></span> <span class='ocrx_word' id='word_1_595' title='bbox 888 4445 1085 4515; x_wconf 79' lang='lat' dir='ltr'><strong>angelis</strong></span> <span class='ocrx_word' id='word_1_596' title='bbox 1158 4452 1312 4497; x_wconf 88' lang='lat' dir='ltr'><strong>erunt</strong></span> <span class='ocrx_word' id='word_1_597' title='bbox 1389 4444 1615 4514; x_wconf 77' lang='lat' dir='ltr'><strong>wqualcs</strong></span> <span class='ocrx_word' id='word_1_598' title='bbox 1666 4443 1725 4512; x_wconf 50' lang='lat' dir='ltr'><strong>ﬂ?</strong></span> <span class='ocrx_word' id='word_1_599' title='bbox 1789 4443 1881 4497; x_wconf 90' lang='lat' dir='ltr'><strong>ubi</strong></span> <span class='ocrx_word' id='word_1_600' title='bbox 1947 4458 2071 4497; x_wconf 84' lang='lat' dir='ltr'><strong>cum</strong></span> 
     </span>
    </p>
   </div>
   <div class='ocr_carea' id='block_1_83' title="bbox 493 4533 2076 4608">
    <p class='ocr_par' dir='ltr' id='par_1_83' title="bbox 493 4533 2076 4608">
     <span class='ocr_line' id='line_1_83' title="bbox 493 4533 2076 4608; baseline -0.003 -16"><span class='ocrx_word' id='word_1_601' title='bbox 493 4553 697 4608; x_wconf 76' lang='lat' dir='ltr'><strong>sponso</strong></span> <span class='ocrx_word' id='word_1_602' title='bbox 747 4538 979 4591; x_wconf 87' lang='lat' dir='ltr'><strong>choreas</strong></span> <span class='ocrx_word' id='word_1_603' title='bbox 1032 4536 1239 4607; x_wconf 85' lang='lat' dir='ltr'><strong>agent?</strong></span> <span class='ocrx_word' id='word_1_604' title='bbox 1301 4536 1390 4590; x_wconf 91' lang='lat' dir='ltr'><strong>ubi</strong></span> <span class='ocrx_word' id='word_1_605' title='bbox 1442 4551 1564 4589; x_wconf 91' lang='lat' dir='ltr'><strong>cum</strong></span> <span class='ocrx_word' id='word_1_606' title='bbox 1624 4533 1783 4588; x_wconf 83' lang='lat' dir='ltr'><strong>Petro</strong></span> <span class='ocrx_word' id='word_1_607' title='bbox 1842 4534 2076 4605; x_wconf 79' lang='lat' dir='ltr'><strong>apostoli</strong></span> 
     </span>
    </p>
   </div>
   <div class='ocr_carea' id='block_1_84' title="bbox 492 4626 2079 4697">
    <p class='ocr_par' dir='ltr' id='par_1_84' title="bbox 492 4626 2079 4697">
     <span class='ocr_line' id='line_1_84' title="bbox 492 4626 2079 4697; baseline -0.003 -11"><span class='ocrx_word' id='word_1_608' title='bbox 492 4632 784 4686; x_wconf 82' lang='lat' dir='ltr'><strong>duodecim</strong></span> <span class='ocrx_word' id='word_1_609' title='bbox 802 4629 855 4684; x_wconf 93' lang='lat' dir='ltr'><strong>in</strong></span> <span class='ocrx_word' id='word_1_610' title='bbox 876 4628 1416 4691; x_wconf 88' lang='lat' dir='ltr'><strong>throniseonsident,</strong></span> <span class='ocrx_word' id='word_1_611' title='bbox 1443 4627 1775 4697; x_wconf 87' lang='lat' dir='ltr'><strong>totidemque</strong></span> <span class='ocrx_word' id='word_1_612' title='bbox 1806 4626 2079 4682; x_wconf 87' lang='lat' dir='ltr'><strong>Israelita-</strong></span> 
     </span>
    </p>
   </div>
   <div class='ocr_carea' id='block_1_85' title="bbox 497 4718 2076 4791">
    <p class='ocr_par' dir='ltr' id='par_1_85' title="bbox 497 4718 2076 4791">
     <span class='ocr_line' id='line_1_85' title="bbox 497 4718 2076 4791; baseline -0.001 -15"><span class='ocrx_word' id='word_1_613' title='bbox 497 4739 617 4776; x_wconf 87' lang='lat' dir='ltr'><strong>rum</strong></span> <span class='ocrx_word' id='word_1_614' title='bbox 650 4723 827 4775; x_wconf 87' lang='lat' dir='ltr'><strong>tribus</strong></span> <span class='ocrx_word' id='word_1_615' title='bbox 848 4720 1103 4790; x_wconf 87' lang='lat' dir='ltr'><strong>judicant</strong></span> <span class='ocrx_word' id='word_1_616' title='bbox 1127 4721 1190 4774; x_wconf 85' lang='lat'><strong>&#39;?</strong></span> <span class='ocrx_word' id='word_1_617' title='bbox 1219 4718 1323 4774; x_wconf 89' lang='lat' dir='ltr'><strong>Ubi</strong></span> <span class='ocrx_word' id='word_1_618' title='bbox 1348 4734 1410 4773; x_wconf 89' lang='lat' dir='ltr'><strong>ea</strong></span> <span class='ocrx_word' id='word_1_619' title='bbox 1437 4719 1571 4788; x_wconf 82' lang='lat' dir='ltr'><strong>justi</strong></span> <span class='ocrx_word' id='word_1_620' title='bbox 1598 4719 1925 4789; x_wconf 87' lang='lat' dir='ltr'><strong>percipient,</strong></span> <span class='ocrx_word' id='word_1_621' title='bbox 1956 4737 2076 4791; x_wconf 69' lang='lat' dir='ltr'><strong>quae</strong></span> 
     </span>
    </p>
   </div>
   <div class='ocr_carea' id='block_1_86' title="bbox 497 4811 2079 4876">
    <p class='ocr_par' dir='ltr' id='par_1_86' title="bbox 497 4811 2079 4876">
     <span class='ocr_line' id='line_1_86' title="bbox 497 4811 2079 4876; baseline -0.001 -9"><span class='ocrx_word' id='word_1_622' title='bbox 497 4830 588 4869; x_wconf 84' lang='lat' dir='ltr'><strong>nec</strong></span> <span class='ocrx_word' id='word_1_623' title='bbox 634 4814 818 4866; x_wconf 81' lang='lat' dir='ltr'><strong>oculus</strong></span> <span class='ocrx_word' id='word_1_624' title='bbox 853 4811 1006 4876; x_wconf 78' lang='lat' dir='ltr'><strong>vidit,</strong></span> <span class='ocrx_word' id='word_1_625' title='bbox 1044 4828 1134 4865; x_wconf 87' lang='lat' dir='ltr'><strong>nec</strong></span> <span class='ocrx_word' id='word_1_626' title='bbox 1165 4812 1311 4865; x_wconf 86' lang='lat' dir='ltr'><strong>auris</strong></span> <span class='ocrx_word' id='word_1_627' title='bbox 1344 4811 1568 4873; x_wconf 80' lang='lat' dir='ltr'><strong>audivit,</strong></span> <span class='ocrx_word' id='word_1_628' title='bbox 1604 4812 1769 4863; x_wconf 79' lang='lat' dir='ltr'><strong>neC&#39;in</strong></span> <span class='ocrx_word' id='word_1_629' title='bbox 1792 4828 1885 4865; x_wconf 89' lang='lat' dir='ltr'><strong>cor</strong></span> <span class='ocrx_word' id='word_1_630' title='bbox 1911 4812 2079 4865; x_wconf 82' lang='lat' dir='ltr'><strong>homi—</strong></span> 
     </span>
    </p>
   </div>
   <div class='ocr_carea' id='block_1_87' title="bbox 499 4902 2076 4976">
    <p class='ocr_par' dir='ltr' id='par_1_87' title="bbox 499 4902 2076 4976">
     <span class='ocr_line' id='line_1_87' title="bbox 499 4902 2076 4976; baseline 0 -17"><span class='ocrx_word' id='word_1_631' title='bbox 499 4908 581 4959; x_wconf 86' lang='lat' dir='ltr'><strong>nis</strong></span> <span class='ocrx_word' id='word_1_632' title='bbox 634 4906 1004 4969; x_wconf 85' lang='lat' dir='ltr'><strong>ascenderunt,</strong></span> <span class='ocrx_word' id='word_1_633' title='bbox 1049 4921 1165 4976; x_wconf 78' lang='lat' dir='ltr'><strong>qua:</strong></span> <span class='ocrx_word' id='word_1_634' title='bbox 1216 4906 1531 4973; x_wconf 74' lang='lat' dir='ltr'><strong>pra&#39;paravit</strong></span> <span class='ocrx_word' id='word_1_635' title='bbox 1571 4902 1705 4957; x_wconf 86' lang='lat' dir='ltr'><strong>Deus</strong></span> <span class='ocrx_word' id='word_1_636' title='bbox 1736 4903 2076 4974; x_wconf 76' lang='lat' dir='ltr'><strong>diligentibus</strong></span> 
     </span>
    </p>
   </div>
   <div class='ocr_carea' id='block_1_88' title="bbox 502 4986 2076 5069">
    <p class='ocr_par' dir='ltr' id='par_1_88' title="bbox 502 4986 2076 5069">
     <span class='ocr_line' id='line_1_88' title="bbox 502 4986 2076 5069; baseline 0.001 -20"><span class='ocrx_word' id='word_1_637' title='bbox 502 5013 556 5049; x_wconf 82' lang='lat' dir='ltr'><strong>se</strong></span> <span class='ocrx_word' id='word_1_638' title='bbox 580 4996 642 5048; x_wconf 72' lang='lat'><strong>‘?</strong></span> <span class='ocrx_word' id='word_1_639' title='bbox 689 4996 883 5052; x_wconf 89' lang='lat' dir='ltr'><strong>Nostra</strong></span> <span class='ocrx_word' id='word_1_640' title='bbox 924 4986 1093 5069; x_wconf 74' lang='lat' dir='ltr'><strong>igitur</strong></span> <span class='ocrx_word' id='word_1_641' title='bbox 1128 4996 1464 5051; x_wconf 87' lang='lat' dir='ltr'><strong>resurrectio</strong></span> <span class='ocrx_word' id='word_1_642' title='bbox 1499 4995 1590 5051; x_wconf 83' lang='lat' dir='ltr'><strong>Dei</strong></span> <span class='ocrx_word' id='word_1_643' title='bbox 1625 5002 1709 5051; x_wconf 90' lang='lat' dir='ltr'><strong>est</strong></span> <span class='ocrx_word' id='word_1_644' title='bbox 1739 5011 1840 5066; x_wconf 88' lang='lat' dir='ltr'><strong>ope</strong></span> <span class='ocrx_word' id='word_1_645' title='bbox 1864 5012 1928 5051; x_wconf 89' lang='lat' dir='ltr'><strong>ac</strong></span> <span class='ocrx_word' id='word_1_646' title='bbox 1966 4998 2076 5051; x_wconf 80' lang='lat' dir='ltr'><strong>rir-</strong></span> 
     </span>
    </p>
   </div>
   <div class='ocr_carea' id='block_1_89' title="bbox 2161 3533 3737 3612">
    <p class='ocr_par' dir='ltr' id='par_1_89' title="bbox 2161 3533 3737 3612">
     <span class='ocr_line' id='line_1_89' title="bbox 2161 3533 3737 3612; baseline 0.007 -28"><span class='ocrx_word' id='word_1_647' title='bbox 2161 3549 2329 3602; x_wconf 75' lang='lat' dir='ltr'><strong>petat</strong></span> <span class='ocrx_word' id='word_1_648' title='bbox 2360 3534 2433 3587; x_wconf 77' lang='grc' dir='ltr'><strong>ἐν</strong></span> <span class='ocrx_word' id='word_1_649' title='bbox 2462 3533 2733 3605; x_wconf 79' lang='grc' dir='ltr'>δυνάμει.</span> <span class='ocrx_word' id='word_1_650' title='bbox 2766 3537 2893 3601; x_wconf 86' lang='grc' dir='ltr'><strong>Πῶς</strong></span> <span class='ocrx_word' id='word_1_651' title='bbox 2921 3538 3029 3609; x_wconf 81' lang='grc' dir='ltr'><strong>γὰρ</strong></span> <span class='ocrx_word' id='word_1_652' title='bbox 3063 3539 3161 3592; x_wconf 74' lang='grc' dir='ltr'>οὐκ</span> <span class='ocrx_word' id='word_1_653' title='bbox 3192 3540 3415 3605; x_wconf 84' lang='grc' dir='ltr'>ἀσθενὲς</span> <span class='ocrx_word' id='word_1_654' title='bbox 3447 3542 3511 3596; x_wconf 78' lang='grc' dir='ltr'>τὸ</span> <span class='ocrx_word' id='word_1_655' title='bbox 3542 3545 3737 3612; x_wconf 62' lang='grc' dir='ltr'>σπειρὸ-</span> 
     </span>
    </p>
   </div>
   <div class='ocr_carea' id='block_1_90' title="bbox 2174 3627 3736 3703">
    <p class='ocr_par' dir='ltr' id='par_1_90' title="bbox 2174 3627 3736 3703">
     <span class='ocr_line' id='line_1_90' title="bbox 2174 3627 3736 3703; baseline 0.008 -27"><span class='ocrx_word' id='word_1_656' title='bbox 2174 3640 2352 3694; x_wconf 86' lang='grc' dir='ltr'>μενον,</span> <span class='ocrx_word' id='word_1_657' title='bbox 2383 3627 2474 3679; x_wconf 66' lang='grc' dir='ltr'><strong>καὶ</strong></span> <span class='ocrx_word' id='word_1_658' title='bbox 2536 3629 2609 3699; x_wconf 81' lang='grc' dir='ltr'>μὴ</span> <span class='ocrx_word' id='word_1_659' title='bbox 2656 3628 3065 3697; x_wconf 75' lang='grc' dir='ltr'>γινῶσκονποῦ</span> <span class='ocrx_word' id='word_1_660' title='bbox 3110 3633 3423 3703; x_wconf 84' lang='grc' dir='ltr'>σπείρεται;</span> <span class='ocrx_word' id='word_1_661' title='bbox 3476 3635 3605 3700; x_wconf 80' lang='grc' dir='ltr'>Πῶς</span> <span class='ocrx_word' id='word_1_662' title='bbox 3651 3637 3736 3688; x_wconf 66' lang='grc' dir='ltr'>οὐκ</span> 
     </span>
    </p>
   </div>
   <div class='ocr_carea' id='block_1_91' title="bbox 2170 3716 3736 3798">
    <p class='ocr_par' dir='ltr' id='par_1_91' title="bbox 2170 3716 3736 3798">
     <span class='ocr_line' id='line_1_91' title="bbox 2170 3716 3736 3798; baseline 0.01 -30"><span class='ocrx_word' id='word_1_663' title='bbox 2170 3716 2364 3788; x_wconf 78' lang='grc' dir='ltr'>ἄτιμον</span> <span class='ocrx_word' id='word_1_664' title='bbox 2392 3718 2450 3771; x_wconf 78' lang='grc' dir='ltr'>τὸ</span> <span class='ocrx_word' id='word_1_665' title='bbox 2484 3721 2540 3772; x_wconf 83' lang='grc' dir='ltr'>ἐν</span> <span class='ocrx_word' id='word_1_666' title='bbox 2562 3721 2807 3791; x_wconf 81' lang='grc' dir='ltr'>μνήματι</span> <span class='ocrx_word' id='word_1_667' title='bbox 2837 3721 3184 3792; x_wconf 83' lang='grc' dir='ltr'>βαλλόμενον,</span> <span class='ocrx_word' id='word_1_668' title='bbox 3216 3724 3309 3778; x_wconf 71' lang='grc' dir='ltr'>καὶ</span> <span class='ocrx_word' id='word_1_669' title='bbox 3345 3724 3496 3780; x_wconf 89' lang='grc' dir='ltr'>κόνιν</span> <span class='ocrx_word' id='word_1_670' title='bbox 3528 3729 3736 3798; x_wconf 64' lang='grc' dir='ltr'>ἐπαξιώ-</span> 
     </span>
    </p>
   </div>
   <div class='ocr_carea' id='block_1_92' title="bbox 2175 3809 3735 3888">
    <p class='ocr_par' dir='ltr' id='par_1_92' title="bbox 2175 3809 3735 3888">
     <span class='ocr_line' id='line_1_92' title="bbox 2175 3809 3735 3888; baseline 0.008 -27"><span class='ocrx_word' id='word_1_671' title='bbox 2175 3825 2355 3880; x_wconf 89' lang='grc' dir='ltr'>μενον,</span> <span class='ocrx_word' id='word_1_672' title='bbox 2402 3809 2763 3883; x_wconf 78' lang='grc' dir='ltr'>λακιζόμενόν</span> <span class='ocrx_word' id='word_1_673' title='bbox 2824 3830 2884 3867; x_wconf 88' lang='grc' dir='ltr'><strong>τε</strong></span> <span class='ocrx_word' id='word_1_674' title='bbox 2918 3814 3013 3868; x_wconf 74' lang='grc' dir='ltr'>καὶ</span> <span class='ocrx_word' id='word_1_675' title='bbox 3050 3816 3427 3888; x_wconf 76' lang='grc' dir='ltr'>ῥιπτούμενον,</span> <span class='ocrx_word' id='word_1_676' title='bbox 3475 3822 3569 3873; x_wconf 72' lang='grc' dir='ltr'><strong>καὶ</strong></span> <span class='ocrx_word' id='word_1_677' title='bbox 3598 3822 3735 3875; x_wconf 78' lang='grc' dir='ltr'>ἀναι-</span> 
     </span>
    </p>
   </div>
   <div class='ocr_carea' id='block_1_93' title="bbox 2176 3901 3737 3982">
    <p class='ocr_par' dir='ltr' id='par_1_93' title="bbox 2176 3901 3737 3982">
     <span class='ocr_line' id='line_1_93' title="bbox 2176 3901 3737 3982; baseline 0.008 -27"><span class='ocrx_word' id='word_1_678' title='bbox 2176 3901 2435 3974; x_wconf 78' lang='grc' dir='ltr'>σθητοῦν;</span> <span class='ocrx_word' id='word_1_679' title='bbox 2461 3904 2587 3969; x_wconf 87' lang='grc' dir='ltr'><strong>Πῶς</strong></span> <span class='ocrx_word' id='word_1_680' title='bbox 2620 3906 2722 3960; x_wconf 82' lang='grc' dir='ltr'>οὐκ</span> <span class='ocrx_word' id='word_1_681' title='bbox 2765 3906 2986 3979; x_wconf 82' lang='grc' dir='ltr'>ἔντιμον</span> <span class='ocrx_word' id='word_1_682' title='bbox 3036 3908 3096 3963; x_wconf 80' lang='grc' dir='ltr'>τὸ</span> <span class='ocrx_word' id='word_1_683' title='bbox 3135 3911 3507 3982; x_wconf 75' lang='grc' dir='ltr'>ἐγειρόμενον,</span> <span class='ocrx_word' id='word_1_684' title='bbox 3545 3916 3635 3967; x_wconf 81' lang='grc' dir='ltr'><strong>καὶ</strong></span> <span class='ocrx_word' id='word_1_685' title='bbox 3673 3917 3737 3976; x_wconf 76' lang='grc' dir='ltr'><strong>εἰς</strong></span> 
     </span>
    </p>
   </div>
   <div class='ocr_carea' id='block_1_94' title="bbox 2175 3997 3733 4085">
    <p class='ocr_par' dir='ltr' id='par_1_94' title="bbox 2175 3997 3733 4085">
     <span class='ocr_line' id='line_1_94' title="bbox 2175 3997 3733 4085; baseline 0.008 -36"><span class='ocrx_word' id='word_1_686' title='bbox 2175 3997 2344 4051; x_wconf 82' lang='grc' dir='ltr'>αἰῶνα</span> <span class='ocrx_word' id='word_1_687' title='bbox 2363 3998 2635 4069; x_wconf 81' lang='grc' dir='ltr'>διαμένον,</span> <span class='ocrx_word' id='word_1_688' title='bbox 2660 4000 2755 4053; x_wconf 65' lang='grc' dir='ltr'>καὶ</span> <span class='ocrx_word' id='word_1_689' title='bbox 2775 4001 2833 4053; x_wconf 83' lang='grc' dir='ltr'>ὲν</span> <span class='ocrx_word' id='word_1_690' title='bbox 2860 4002 3033 4056; x_wconf 77' lang='grc' dir='ltr'>ἑλπίδι</span> <span class='ocrx_word' id='word_1_691' title='bbox 3051 4003 3147 4074; x_wconf 85' lang='grc' dir='ltr'>τῆς</span> <span class='ocrx_word' id='word_1_692' title='bbox 3177 4004 3269 4058; x_wconf 85' lang='grc' dir='ltr'><strong>τοῦ</strong></span> <span class='ocrx_word' id='word_1_693' title='bbox 3284 4006 3419 4059; x_wconf 81' lang='grc' dir='ltr'>Θεοῦ</span> <span class='ocrx_word' id='word_1_694' title='bbox 3450 4007 3733 4085; x_wconf 64' lang='grc' dir='ltr'>φιλανθρωα</span> 
     </span>
    </p>
   </div>
   <div class='ocr_carea' id='block_1_95' title="bbox 2177 4090 3735 4169">
    <p class='ocr_par' dir='ltr' id='par_1_95' title="bbox 2177 4090 3735 4169">
     <span class='ocr_line' id='line_1_95' title="bbox 2177 4090 3735 4169; baseline 0.006 -28"><span class='ocrx_word' id='word_1_695' title='bbox 2177 4090 2307 4152; x_wconf 83' lang='grc' dir='ltr'>πίας</span> <span class='ocrx_word' id='word_1_696' title='bbox 2340 4090 2581 4161; x_wconf 71' lang='grc' dir='ltr'>οὐρανῶν</span> <span class='ocrx_word' id='word_1_697' title='bbox 2607 4091 2883 4162; x_wconf 88' lang='grc' dir='ltr'>βασιλείαν</span> <span class='ocrx_word' id='word_1_698' title='bbox 2913 4092 3190 4166; x_wconf 83' lang='grc' dir='ltr'>κτώμενον</span> <span class='ocrx_word' id='word_1_699' title='bbox 3212 4113 3225 4161; x_wconf 90' lang='grc'>;</span> <span class='ocrx_word' id='word_1_700' title='bbox 3246 4096 3421 4150; x_wconf 84' lang='grc' dir='ltr'>Ὅπου</span> <span class='ocrx_word' id='word_1_701' title='bbox 3442 4100 3735 4169; x_wconf 63' lang='grc' dir='ltr'>λάμψει-σι</span> 
     </span>
    </p>
   </div>
   <div class='ocr_carea' id='block_1_96' title="bbox 2176 4177 3737 4258">
    <p class='ocr_par' dir='ltr' id='par_1_96' title="bbox 2176 4177 3737 4258">
     <span class='ocr_line' id='line_1_96' title="bbox 2176 4177 3737 4258; baseline 0.006 -28"><span class='ocrx_word' id='word_1_702' title='bbox 2176 4177 2391 4232; x_wconf 79' lang='grc' dir='ltr'>δίκαιοι</span> <span class='ocrx_word' id='word_1_703' title='bbox 2414 4180 2495 4245; x_wconf 85' lang='grc' dir='ltr'>ὡς</span> <span class='ocrx_word' id='word_1_704' title='bbox 2524 4183 2557 4234; x_wconf 86' lang='grc' dir='ltr'><strong>ό</strong></span> <span class='ocrx_word' id='word_1_705' title='bbox 2599 4182 2794 4248; x_wconf 74' lang='grc' dir='ltr'>ἥλιος·</span> <span class='ocrx_word' id='word_1_706' title='bbox 2832 4184 2966 4237; x_wconf 85' lang='grc' dir='ltr'>ὅπου</span> <span class='ocrx_word' id='word_1_707' title='bbox 2989 4185 3233 4239; x_wconf 74' lang='grc' dir='ltr'>ἔσονται</span> <span class='ocrx_word' id='word_1_708' title='bbox 3268 4187 3595 4258; x_wconf 68' lang='grc' dir='ltr'>ἰσάγγελοι,</span> <span class='ocrx_word' id='word_1_709' title='bbox 3623 4192 3737 4242; x_wconf 75' lang='grc' dir='ltr'>ὅπου</span> 
     </span>
    </p>
   </div>
   <div class='ocr_carea' id='block_1_97' title="bbox 2181 4269 3739 4351">
    <p class='ocr_par' dir='ltr' id='par_1_97' title="bbox 2181 4269 3739 4351">
     <span class='ocr_line' id='line_1_97' title="bbox 2181 4269 3739 4351; baseline 0.006 -31"><span class='ocrx_word' id='word_1_710' title='bbox 2181 4270 2319 4338; x_wconf 86' lang='grc' dir='ltr'>μετὰ</span> <span class='ocrx_word' id='word_1_711' title='bbox 2348 4269 2443 4322; x_wconf 87' lang='grc' dir='ltr'><strong>τοῦ</strong></span> <span class='ocrx_word' id='word_1_712' title='bbox 2467 4272 2704 4341; x_wconf 77' lang='grc' dir='ltr'>νυμφίου</span> <span class='ocrx_word' id='word_1_713' title='bbox 2727 4274 3098 4344; x_wconf 86' lang='grc' dir='ltr'>χορεύσουσιν,</span> <span class='ocrx_word' id='word_1_714' title='bbox 3137 4278 3270 4331; x_wconf 78' lang='grc' dir='ltr'>ὅπου</span> <span class='ocrx_word' id='word_1_715' title='bbox 3303 4279 3353 4331; x_wconf 76' lang='lat' dir='ltr'><strong>oi</strong></span> <span class='ocrx_word' id='word_1_716' title='bbox 3391 4281 3519 4351; x_wconf 70' lang='grc' dir='ltr'>περὶ</span> <span class='ocrx_word' id='word_1_717' title='bbox 3553 4282 3739 4351; x_wconf 70' lang='grc' dir='ltr'>Πέτρον</span> 
     </span>
    </p>
   </div>
   <div class='ocr_carea' id='block_1_98' title="bbox 2181 4360 3743 4442">
    <p class='ocr_par' dir='ltr' id='par_1_98' title="bbox 2181 4360 3743 4442">
     <span class='ocr_line' id='line_1_98' title="bbox 2181 4360 3743 4442; baseline 0.009 -30"><span class='ocrx_word' id='word_1_718' title='bbox 2181 4360 2500 4426; x_wconf 76' lang='grc' dir='ltr'>καθέζονται</span> <span class='ocrx_word' id='word_1_719' title='bbox 2554 4363 2646 4415; x_wconf 77' lang='grc' dir='ltr'><strong>ἐπὶ</strong></span> <span class='ocrx_word' id='word_1_720' title='bbox 2683 4364 2891 4419; x_wconf 82' lang='grc' dir='ltr'>δώδεκα</span> <span class='ocrx_word' id='word_1_721' title='bbox 2936 4366 3178 4440; x_wconf 78' lang='grc' dir='ltr'>θρόνους,</span> <span class='ocrx_word' id='word_1_722' title='bbox 3216 4370 3315 4435; x_wconf 74' lang='grc' dir='ltr'><strong>τὰς</strong></span> <span class='ocrx_word' id='word_1_723' title='bbox 3352 4372 3562 4428; x_wconf 84' lang='grc' dir='ltr'>δώδεκα</span> <span class='ocrx_word' id='word_1_724' title='bbox 3589 4376 3743 4442; x_wconf 69' lang='grc' dir='ltr'>φυλὰς</span> 
     </span>
    </p>
   </div>
   <div class='ocr_carea' id='block_1_99' title="bbox 2182 4454 3747 4533">
    <p class='ocr_par' dir='ltr' id='par_1_99' title="bbox 2182 4454 3747 4533">
     <span class='ocr_line' id='line_1_99' title="bbox 2182 4454 3747 4533; baseline 0.009 -29"><span class='ocrx_word' id='word_1_725' title='bbox 2182 4454 2458 4523; x_wconf 83' lang='grc' dir='ltr'>κρίνοντες</span> <span class='ocrx_word' id='word_1_726' title='bbox 2504 4454 2599 4508; x_wconf 80' lang='grc' dir='ltr'><strong>τοῦ</strong></span> <span class='ocrx_word' id='word_1_727' title='bbox 2643 4456 2888 4529; x_wconf 79' lang='grc' dir='ltr'>Ἰσραὴλ,</span> <span class='ocrx_word' id='word_1_728' title='bbox 2922 4460 3055 4513; x_wconf 84' lang='grc' dir='ltr'>ὅπου</span> <span class='ocrx_word' id='word_1_729' title='bbox 3098 4460 3359 4533; x_wconf 64' lang='grc' dir='ltr'>λήψονται</span> <span class='ocrx_word' id='word_1_730' title='bbox 3399 4466 3448 4517; x_wconf 87' lang='grc' dir='ltr'>οἱ</span> <span class='ocrx_word' id='word_1_731' title='bbox 3494 4465 3747 4519; x_wconf 83' lang='grc' dir='ltr'>δίκαιοιὰ</span> 
     </span>
    </p>
   </div>
   <div class='ocr_carea' id='block_1_100' title="bbox 2184 4536 3741 4622">
    <p class='ocr_par' dir='ltr' id='par_1_100' title="bbox 2184 4536 3741 4622">
     <span class='ocr_line' id='line_1_100' title="bbox 2184 4536 3741 4622; baseline 0.008 -27"><span class='ocrx_word' id='word_1_732' title='bbox 2184 4536 2491 4614; x_wconf 53' lang='grc' dir='ltr'>ὀφθαλμὸς</span> <span class='ocrx_word' id='word_1_733' title='bbox 2516 4548 2625 4600; x_wconf 74' lang='grc' dir='ltr'>οὐκ</span> <span class='ocrx_word' id='word_1_734' title='bbox 2654 4544 2795 4613; x_wconf 80' lang='grc' dir='ltr'>εἶδε,</span> <span class='ocrx_word' id='word_1_735' title='bbox 2839 4551 2934 4604; x_wconf 77' lang='grc' dir='ltr'>καὶ</span> <span class='ocrx_word' id='word_1_736' title='bbox 2960 4546 3065 4619; x_wconf 82' lang='grc' dir='ltr'>οὖς</span> <span class='ocrx_word' id='word_1_737' title='bbox 3100 4556 3210 4607; x_wconf 84' lang='grc' dir='ltr'>οὐκ</span> <span class='ocrx_word' id='word_1_738' title='bbox 3245 4554 3500 4622; x_wconf 76' lang='grc' dir='ltr'>ἤκουσε,</span> <span class='ocrx_word' id='word_1_739' title='bbox 3538 4559 3633 4611; x_wconf 69' lang='grc' dir='ltr'>καὶ</span> <span class='ocrx_word' id='word_1_740' title='bbox 3663 4558 3741 4609; x_wconf 60' lang='lat' dir='ltr'><strong>isi</strong></span> 
     </span>
    </p>
   </div>
   <div class='ocr_carea' id='block_1_101' title="bbox 2184 4633 3738 4716">
    <p class='ocr_par' dir='ltr' id='par_1_101' title="bbox 2184 4633 3738 4716">
     <span class='ocr_line' id='line_1_101' title="bbox 2184 4633 3738 4716; baseline 0.014 -31"><span class='ocrx_word' id='word_1_741' title='bbox 2184 4633 2436 4701; x_wconf 77' lang='grc' dir='ltr'>καρδίαν</span> <span class='ocrx_word' id='word_1_742' title='bbox 2454 4636 2769 4703; x_wconf 75' lang='grc' dir='ltr'>ἀνθρώπου</span> <span class='ocrx_word' id='word_1_743' title='bbox 2785 4642 2895 4694; x_wconf 82' lang='grc' dir='ltr'>οὐκ</span> <span class='ocrx_word' id='word_1_744' title='bbox 2913 4642 3119 4711; x_wconf 77' lang='grc' dir='ltr'><strong>ἀνέϐη,</strong></span> <span class='ocrx_word' id='word_1_745' title='bbox 3149 4645 3187 4698; x_wconf 79' lang='grc' dir='ltr'><strong>(ἲ</strong></span> <span class='ocrx_word' id='word_1_746' title='bbox 3209 4645 3540 4716; x_wconf 76' lang='grc' dir='ltr'>ἡτοίμασεν</span> <span class='ocrx_word' id='word_1_747' title='bbox 3566 4652 3599 4703; x_wconf 88' lang='grc' dir='ltr'><strong>ό</strong></span> <span class='ocrx_word' id='word_1_748' title='bbox 3623 4651 3738 4714; x_wconf 51' lang='lat' dir='ltr'><strong>Oak</strong></span> 
     </span>
    </p>
   </div>
   <div class='ocr_carea' id='block_1_102' title="bbox 2183 4725 3741 4809">
    <p class='ocr_par' dir='ltr' id='par_1_102' title="bbox 2183 4725 3741 4809">
     <span class='ocr_line' id='line_1_102' title="bbox 2183 4725 3741 4809; baseline 0.011 -31"><span class='ocrx_word' id='word_1_749' title='bbox 2183 4725 2309 4792; x_wconf 79' lang='grc' dir='ltr'>τοῖς</span> <span class='ocrx_word' id='word_1_750' title='bbox 2341 4727 2660 4797; x_wconf 74' lang='grc' dir='ltr'>ἀγαπῶσιν</span> <span class='ocrx_word' id='word_1_751' title='bbox 2702 4733 2925 4796; x_wconf 83' lang='grc' dir='ltr'><strong>αὐτόν;</strong></span> <span class='ocrx_word' id='word_1_752' title='bbox 2976 4733 3161 4805; x_wconf 83' lang='grc' dir='ltr'>Ἠμῶν</span> <span class='ocrx_word' id='word_1_753' title='bbox 3201 4737 3382 4791; x_wconf 84' lang='grc' dir='ltr'>τοίνυν</span> <span class='ocrx_word' id='word_1_754' title='bbox 3410 4741 3442 4809; x_wconf 72' lang='grc' dir='ltr'>ἡ</span> <span class='ocrx_word' id='word_1_755' title='bbox 3475 4742 3741 4803; x_wconf 62' lang='grc' dir='ltr'>ἀνάστασις</span> 
     </span>
    </p>
   </div>
   <div class='ocr_carea' id='block_1_103' title="bbox 2185 4816 3743 4895">
    <p class='ocr_par' dir='ltr' id='par_1_103' title="bbox 2185 4816 3743 4895">
     <span class='ocr_line' id='line_1_103' title="bbox 2185 4816 3743 4895; baseline 0.013 -26"><span class='ocrx_word' id='word_1_756' title='bbox 2185 4818 2242 4870; x_wconf 80' lang='grc' dir='ltr'>ὲν</span> <span class='ocrx_word' id='word_1_757' title='bbox 2272 4816 2411 4889; x_wconf 81' lang='grc' dir='ltr'>Θεῷ,</span> <span class='ocrx_word' id='word_1_758' title='bbox 2442 4821 2535 4873; x_wconf 76' lang='grc' dir='ltr'>καὶ</span> <span class='ocrx_word' id='word_1_759' title='bbox 2558 4821 2761 4886; x_wconf 80' lang='grc' dir='ltr'>παντὸς</span> <span class='ocrx_word' id='word_1_760' title='bbox 2790 4823 3077 4895; x_wconf 83' lang='grc' dir='ltr'>ἀνθρώπου</span> <span class='ocrx_word' id='word_1_761' title='bbox 3108 4828 3319 4883; x_wconf 89' lang='grc' dir='ltr'>δικαίου</span> <span class='ocrx_word' id='word_1_762' title='bbox 3349 4849 3408 4883; x_wconf 89' lang='grc' dir='ltr'><strong>τε</strong></span> <span class='ocrx_word' id='word_1_763' title='bbox 3444 4833 3539 4886; x_wconf 64' lang='grc' dir='ltr'><strong>καὶ</strong></span> <span class='ocrx_word' id='word_1_764' title='bbox 3560 4835 3743 4889; x_wconf 67' lang='grc' dir='ltr'>ἀδίκου.</span> 
     </span>
    </p>
   </div>
   <div class='ocr_carea' id='block_1_104' title="bbox 2185 4910 3743 4996">
    <p class='ocr_par' dir='ltr' id='par_1_104' title="bbox 2185 4910 3743 4996">
     <span class='ocr_line' id='line_1_104' title="bbox 2185 4910 3743 4996; baseline 0.009 -34"><span class='ocrx_word' id='word_1_765' title='bbox 2185 4910 2415 4963; x_wconf 87' lang='grc' dir='ltr'>ἀπίστου</span> <span class='ocrx_word' id='word_1_766' title='bbox 2486 4931 2545 4965; x_wconf 87' lang='grc' dir='ltr'><strong>τε</strong></span> <span class='ocrx_word' id='word_1_767' title='bbox 2601 4916 2695 4967; x_wconf 74' lang='grc' dir='ltr'>καὶ</span> <span class='ocrx_word' id='word_1_768' title='bbox 2756 4917 2972 4981; x_wconf 84' lang='grc' dir='ltr'>πιστοῦ,</span> <span class='ocrx_word' id='word_1_769' title='bbox 3020 4920 3127 4973; x_wconf 90' lang='grc' dir='ltr'><strong>τῶν</strong></span> <span class='ocrx_word' id='word_1_770' title='bbox 3159 4921 3257 4992; x_wconf 84' lang='grc' dir='ltr'>μὲν</span> <span class='ocrx_word' id='word_1_771' title='bbox 3290 4923 3649 4996; x_wconf 77' lang='grc' dir='ltr'>ἐγειρομένων</span> <span class='ocrx_word' id='word_1_772' title='bbox 3684 4926 3743 4984; x_wconf 64' lang='grc' dir='ltr'>εἰς</span> 
     </span>
    </p>
   </div>
   <div class='ocr_carea' id='block_1_105' title="bbox 2186 4999 3417 5082">
    <p class='ocr_par' dir='ltr' id='par_1_105' title="bbox 2186 4999 3417 5082">
     <span class='ocr_line' id='line_1_105' title="bbox 2186 4999 3417 5082; baseline 0.013 -30"><span class='ocrx_word' id='word_1_773' title='bbox 2186 4999 2331 5073; x_wconf 77' lang='grc' dir='ltr'><strong>ζωὴν</strong></span> <span class='ocrx_word' id='word_1_774' title='bbox 2365 5002 2603 5067; x_wconf 79' lang='grc' dir='ltr'>αἰώνιον,</span> <span class='ocrx_word' id='word_1_775' title='bbox 2644 5005 2753 5059; x_wconf 81' lang='grc' dir='ltr'><strong>τῶν</strong></span> <span class='ocrx_word' id='word_1_776' title='bbox 2786 5008 2845 5061; x_wconf 79' lang='grc' dir='ltr'>δὲ</span> <span class='ocrx_word' id='word_1_777' title='bbox 2869 5011 2948 5073; x_wconf 86' lang='grc' dir='ltr'><strong>εἰς</strong></span> <span class='ocrx_word' id='word_1_778' title='bbox 2971 5011 3151 5082; x_wconf 86' lang='grc' dir='ltr'>κρίσιν</span> <span class='ocrx_word' id='word_1_779' title='bbox 3181 5013 3417 5070; x_wconf 84' lang='grc' dir='ltr'>αἰώνιον.</span> 
     </span>
    </p>
   </div>
   <div class='ocr_carea' id='block_1_106' title="bbox 505 5090 3741 5181">
    <p class='ocr_par' dir='ltr' id='par_1_106' title="bbox 505 5090 3741 5181">
     <span class='ocr_line' id='line_1_106' title="bbox 505 5090 3741 5181; baseline 0.008 -37"><span class='ocrx_word' id='word_1_780' title='bbox 505 5098 619 5145; x_wconf 86' lang='lat' dir='ltr'><strong>tute</strong></span> <span class='ocrx_word' id='word_1_781' title='bbox 660 5090 858 5154; x_wconf 86' lang='lat' dir='ltr'><strong>l‘utura,</strong></span> <span class='ocrx_word' id='word_1_782' title='bbox 896 5094 1220 5164; x_wconf 86' lang='lat' dir='ltr'><strong>generisque</strong></span> <span class='ocrx_word' id='word_1_783' title='bbox 1272 5092 1553 5146; x_wconf 90' lang='lat' dir='ltr'><strong>hominum</strong></span> <span class='ocrx_word' id='word_1_784' title='bbox 1616 5092 1817 5152; x_wconf 87' lang='lat' dir='ltr'><strong>omnis,</strong></span> <span class='ocrx_word' id='word_1_785' title='bbox 1858 5100 1965 5144; x_wconf 89' lang='lat' dir='ltr'><strong>tam</strong></span> <span class='ocrx_word' id='word_1_786' title='bbox 2012 5092 2291 5160; x_wconf 80' lang='lat' dir='ltr'><strong>justorum</strong></span> <span class='ocrx_word' id='word_1_787' title='bbox 2340 5092 2617 5163; x_wconf 86' lang='lat' dir='ltr'><strong>videlicet,</strong></span> <span class='ocrx_word' id='word_1_788' title='bbox 2656 5116 2821 5170; x_wconf 87' lang='lat' dir='ltr'><strong>quam</strong></span> <span class='ocrx_word' id='word_1_789' title='bbox 2871 5104 3236 5174; x_wconf 86' lang='lat' dir='ltr'><strong>injustorum,</strong></span> <span class='ocrx_word' id='word_1_790' title='bbox 3290 5109 3589 5166; x_wconf 87' lang='lat' dir='ltr'><strong>inﬁdelium</strong></span> <span class='ocrx_word' id='word_1_791' title='bbox 3648 5127 3741 5181; x_wconf 79' lang='lat' dir='ltr'><strong>per-</strong></span> 
     </span>
    </p>
   </div>
   <div class='ocr_carea' id='block_1_107' title="bbox 507 5184 2990 5269">
    <p class='ocr_par' dir='ltr' id='par_1_107' title="bbox 507 5184 2990 5269">
     <span class='ocr_line' id='line_1_107' title="bbox 507 5184 2990 5269; baseline 0.008 -35"><span class='ocrx_word' id='word_1_792' title='bbox 507 5184 631 5238; x_wconf 86' lang='lat' dir='ltr'><strong>inde</strong></span> <span class='ocrx_word' id='word_1_793' title='bbox 660 5201 723 5239; x_wconf 90' lang='lat' dir='ltr'><strong>ac</strong></span> <span class='ocrx_word' id='word_1_794' title='bbox 753 5186 1013 5253; x_wconf 87' lang='lat' dir='ltr'><strong>ﬁdelium,</strong></span> <span class='ocrx_word' id='word_1_795' title='bbox 1056 5202 1289 5258; x_wconf 86' lang='lat' dir='ltr'><strong>quorum</strong></span> <span class='ocrx_word' id='word_1_796' title='bbox 1356 5186 1424 5240; x_wconf 88' lang='lat' dir='ltr'><strong>ad</strong></span> <span class='ocrx_word' id='word_1_797' title='bbox 1469 5186 1630 5239; x_wconf 87' lang='lat' dir='ltr'><strong>vitam</strong></span> <span class='ocrx_word' id='word_1_798' title='bbox 1664 5184 1776 5251; x_wconf 89' lang='lat' dir='ltr'><strong>alii,</strong></span> <span class='ocrx_word' id='word_1_799' title='bbox 1808 5185 1874 5239; x_wconf 89' lang='lat' dir='ltr'><strong>ad</strong></span> <span class='ocrx_word' id='word_1_800' title='bbox 1905 5193 2169 5240; x_wconf 64' lang='lat' dir='ltr'><strong>atternum</strong></span> <span class='ocrx_word' id='word_1_801' title='bbox 2202 5190 2290 5244; x_wconf 90' lang='lat' dir='ltr'><strong>alii</strong></span> <span class='ocrx_word' id='word_1_802' title='bbox 2313 5190 2583 5261; x_wconf 86' lang='lat' dir='ltr'><strong>judicium</strong></span> <span class='ocrx_word' id='word_1_803' title='bbox 2618 5208 2917 5269; x_wconf 86' lang='lat' dir='ltr'><strong>resurgunt</strong></span> <span class='ocrx_word' id='word_1_804' title='bbox 2944 5201 2990 5253; x_wconf 84' lang='grc'>⁷.</span> 
     </span>
    </p>
   </div>
   <div class='ocr_carea' id='block_1_108' title="bbox 581 5319 2061 5396">
    <p class='ocr_par' dir='ltr' id='par_1_108' title="bbox 581 5319 2061 5396">
     <span class='ocr_line' id='line_1_108' title="bbox 581 5319 2061 5396; baseline -0.001 -20"><span class='ocrx_word' id='word_1_805' title='bbox 581 5326 595 5355; x_wconf 75' lang='grc' dir='ltr'><strong>ί</strong></span> <span class='ocrx_word' id='word_1_806' title='bbox 635 5322 990 5396; x_wconf 71' lang='lat' dir='ltr'><strong>Deut._3_txxn,</strong></span> <span class='ocrx_word' id='word_1_807' title='bbox 1023 5324 1111 5378; x_wconf 71' lang='grc'><strong>49.</strong></span> <span class='ocrx_word' id='word_1_808' title='bbox 1190 5322 1399 5396; x_wconf 58' lang='grc' dir='ltr'>ξίῦοιζ.</span> <span class='ocrx_word' id='word_1_809' title='bbox 1426 5339 1526 5396; x_wconf 55' lang='grc' dir='ltr'>ριν,</span> <span class='ocrx_word' id='word_1_810' title='bbox 1552 5322 1643 5396; x_wconf 55' lang='lat'><strong>45.</strong></span> <span class='ocrx_word' id='word_1_811' title='bbox 1719 5320 1737 5353; x_wconf 80' lang='grc'><strong>³</strong></span> <span class='ocrx_word' id='word_1_812' title='bbox 1774 5319 1965 5396; x_wconf 82' lang='lat' dir='ltr'><strong>Matth.</strong></span> <span class='ocrx_word' id='word_1_813' title='bbox 2000 5337 2061 5375; x_wconf 71' lang='grc' dir='ltr'>ιι</span> 
     </span>
    </p>
   </div>
   <div class='ocr_carea' id='block_1_109' title="bbox 2165 5319 3743 5396">
    <p class='ocr_par' dir='ltr' id='par_1_109' title="bbox 2165 5324 3743 5396">
     <span class='ocr_line' id='line_1_109' title="bbox 2165 5324 3743 5396; baseline 0.006 -18"><span class='ocrx_word' id='word_1_814' title='bbox 2165 5324 2241 5380; x_wconf 72' lang='grc' dir='ltr'>ιδ.</span> <span class='ocrx_word' id='word_1_815' title='bbox 2320 5326 2340 5356; x_wconf 74' lang='grc'>⁸</span> <span class='ocrx_word' id='word_1_816' title='bbox 2382 5326 2574 5383; x_wconf 85' lang='lat' dir='ltr'><strong>Matth.</strong></span> <span class='ocrx_word' id='word_1_817' title='bbox 2618 5344 2756 5396; x_wconf 79' lang='lat' dir='ltr'><strong>ml,</strong></span> <span class='ocrx_word' id='word_1_818' title='bbox 2787 5330 2875 5388; x_wconf 77' lang='lat'><strong>30.</strong></span> <span class='ocrx_word' id='word_1_819' title='bbox 2950 5335 2971 5365; x_wconf 86' lang='lat'><strong>&#39;</strong></span> <span class='ocrx_word' id='word_1_820' title='bbox 3010 5332 3200 5389; x_wconf 78' lang='lat' dir='ltr'><strong>Matth.</strong></span> <span class='ocrx_word' id='word_1_821' title='bbox 3234 5352 3323 5390; x_wconf 70' lang='lat' dir='ltr'><strong>XII</strong></span> <span class='ocrx_word' id='word_1_822' title='bbox 3383 5338 3475 5391; x_wconf 70' lang='lat'><strong>38.</strong></span> <span class='ocrx_word' id='word_1_823' title='bbox 3550 5339 3570 5367; x_wconf 83' lang='grc'><strong>⁸</strong></span> <span class='ocrx_word' id='word_1_824' title='bbox 3598 5334 3743 5390; x_wconf 84' lang='lat' dir='ltr'><strong>lCor.</strong></span> 
     </span>
    </p>
   </div>
   <div class='ocr_carea' id='block_1_110' title="bbox 509 5390 1865 5463">
    <p class='ocr_par' dir='ltr' id='par_1_110' title="bbox 509 5390 1865 5463">
     <span class='ocr_line' id='line_1_110' title="bbox 509 5390 1865 5463; baseline -0.003 -13"><span class='ocrx_word' id='word_1_825' title='bbox 509 5409 571 5459; x_wconf 88' lang='lat' dir='ltr'><strong>It,</strong></span> <span class='ocrx_word' id='word_1_826' title='bbox 616 5395 667 5449; x_wconf 78' lang='grc' dir='ltr'>υ.</span> <span class='ocrx_word' id='word_1_827' title='bbox 746 5394 765 5422; x_wconf 86' lang='grc'><strong>⁷</strong></span> <span class='ocrx_word' id='word_1_828' title='bbox 804 5390 993 5446; x_wconf 80' lang='lat' dir='ltr'><strong>Matth.</strong></span> <span class='ocrx_word' id='word_1_829' title='bbox 1032 5410 1155 5457; x_wconf 80' lang='lat' dir='ltr'><strong>xxv,</strong></span> <span class='ocrx_word' id='word_1_830' title='bbox 1185 5392 1277 5447; x_wconf 71' lang='grc'>46.</span> <span class='ocrx_word' id='word_1_831' title='bbox 1372 5392 1541 5447; x_wconf 74' lang='lat' dir='ltr'><strong>|‘Cor.</strong></span> <span class='ocrx_word' id='word_1_832' title='bbox 1578 5392 1684 5445; x_wconf 87' lang='grc' dir='ltr'><strong>τῶν</strong></span> <span class='ocrx_word' id='word_1_833' title='bbox 1716 5392 1865 5463; x_wconf 79' lang='grc' dir='ltr'>περί.</span> 
     </span>
    </p>
   </div>
   <div class='ocr_carea' id='block_1_111' title="bbox 579 5486 2078 5582">
    <p class='ocr_par' dir='ltr' id='par_1_111' title="bbox 579 5486 2078 5582">
     <span class='ocr_line' id='line_1_111' title="bbox 579 5486 2078 5582; baseline -0.001 -17"><span class='ocrx_word' id='word_1_834' title='bbox 579 5513 691 5582; x_wconf 49' lang='grc'>,49)</span> <span class='ocrx_word' id='word_1_835' title='bbox 708 5512 814 5565; x_wconf 79' lang='grc' dir='ltr'><strong>Καὶ</strong></span> <span class='ocrx_word' id='word_1_836' title='bbox 838 5511 1188 5582; x_wconf 42' lang='grc' dir='ltr'>διαιρεῖν-είς</span> <span class='ocrx_word' id='word_1_837' title='bbox 1206 5486 1431 5564; x_wconf 73' lang='grc' dir='ltr'>δώδεκα</span> <span class='ocrx_word' id='word_1_838' title='bbox 1453 5510 1651 5576; x_wconf 73' lang='grc' dir='ltr'>ὁδούς.</span> <span class='ocrx_word' id='word_1_839' title='bbox 1680 5511 1814 5564; x_wconf 83' lang='lat' dir='ltr'><strong>Cum</strong></span> <span class='ocrx_word' id='word_1_840' title='bbox 1837 5509 2078 5565; x_wconf 76' lang='lat' dir='ltr'><strong>Rubrum</strong></span> 
     </span>
    </p>
   </div>
   <div class='ocr_carea' id='block_1_112' title="bbox 513 5578 2080 5652">
    <p class='ocr_par' dir='ltr' id='par_1_112' title="bbox 513 5578 2080 5652">
     <span class='ocr_line' id='line_1_112' title="bbox 513 5578 2080 5652; baseline 0 -17"><span class='ocrx_word' id='word_1_841' title='bbox 513 5578 1033 5652; x_wconf 26' lang='lat' dir='ltr'><strong>mare‘trnjeeerunt</strong></span> <span class='ocrx_word' id='word_1_842' title='bbox 1074 5578 1267 5652; x_wconf 59' lang='lat' dir='ltr'><strong>Judaei,</strong></span> <span class='ocrx_word' id='word_1_843' title='bbox 1323 5582 1547 5635; x_wconf 85' lang='lat' dir='ltr'><strong>totidem</strong></span> <span class='ocrx_word' id='word_1_844' title='bbox 1597 5583 1896 5652; x_wconf 82' lang='lat' dir='ltr'><strong>impressas</strong></span> <span class='ocrx_word' id='word_1_845' title='bbox 1946 5582 2080 5639; x_wconf 80' lang='lat' dir='ltr'><strong>vias.</strong></span> 
     </span>
    </p>
   </div>
   <div class='ocr_carea' id='block_1_113' title="bbox 514 5651 2079 5722">
    <p class='ocr_par' dir='ltr' id='par_1_113' title="bbox 514 5651 2079 5722">
     <span class='ocr_line' id='line_1_113' title="bbox 514 5651 2079 5722; baseline 0.001 -19"><span class='ocrx_word' id='word_1_846' title='bbox 514 5660 643 5721; x_wconf 90' lang='lat' dir='ltr'><strong>quot</strong></span> <span class='ocrx_word' id='word_1_847' title='bbox 688 5651 841 5707; x_wconf 80' lang='lat' dir='ltr'><strong>erant</strong></span> <span class='ocrx_word' id='word_1_848' title='bbox 877 5654 1073 5716; x_wconf 83' lang='lat' dir='ltr'><strong>tribus,</strong></span> <span class='ocrx_word' id='word_1_849' title='bbox 1106 5651 1449 5709; x_wconf 69' lang='lat' dir='ltr'><strong>Hebraeorum</strong></span> <span class='ocrx_word' id='word_1_850' title='bbox 1504 5651 1723 5705; x_wconf 85' lang='lat' dir='ltr'><strong>traditio</strong></span> <span class='ocrx_word' id='word_1_851' title='bbox 1773 5659 1876 5718; x_wconf 86' lang='lat' dir='ltr'><strong>est,</strong></span> <span class='ocrx_word' id='word_1_852' title='bbox 1915 5665 2079 5722; x_wconf 82' lang='lat' dir='ltr'><strong>quam</strong></span> 
     </span>
    </p>
   </div>
   <div class='ocr_carea' id='block_1_114' title="bbox 2189 5512 3743 5641">
    <p class='ocr_par' dir='ltr' id='par_1_114' title="bbox 2189 5512 3743 5641">
     <span class='ocr_line' id='line_1_114' title="bbox 2189 5512 3743 5641; baseline 0.004 -74"><span class='ocrx_word' id='word_1_853' title='bbox 2189 5512 2441 5641; x_wconf 47' lang='lat' dir='ltr'><strong>Qrigetrs</strong></span> <span class='ocrx_word' id='word_1_854' title='bbox 2472 5528 2760 5588; x_wconf 85' lang='lat' dir='ltr'><strong>memorat,</strong></span> <span class='ocrx_word' id='word_1_855' title='bbox 2788 5519 2974 5575; x_wconf 90' lang='lat' dir='ltr'><strong>homil.</strong></span> <span class='ocrx_word' id='word_1_856' title='bbox 2997 5520 3097 5577; x_wconf 76' lang='lat' dir='ltr'><strong>Sin</strong></span> <span class='ocrx_word' id='word_1_857' title='bbox 3124 5519 3395 5590; x_wconf 74' lang='lat' dir='ltr'><strong>Exodum,</strong></span> <span class='ocrx_word' id='word_1_858' title='bbox 3414 5531 3467 5579; x_wconf 86' lang='lat' dir='ltr'><strong>ct</strong></span> <span class='ocrx_word' id='word_1_859' title='bbox 3492 5522 3743 5578; x_wconf 76' lang='lat' dir='ltr'><strong>liimcbius</strong></span> 
     </span>
     <span class='ocr_line' id='line_1_115' title="bbox 2192 5603 2661 5641; baseline 0.004 -2"><span class='ocrx_word' id='word_1_860' title='bbox 2192 5603 2242 5641; x_wconf 79' lang='lat' dir='ltr'><strong>in</strong></span> <span class='ocrx_word' id='word_1_861' title='bbox 2274 5604 2366 5641; x_wconf 77' lang='lat' dir='ltr'><strong>vsa</strong></span> <span class='ocrx_word' id='word_1_862' title='bbox 2398 5629 2409 5641; x_wconf 92' lang='lat'><strong>.</strong></span> <span class='ocrx_word' id='word_1_863' title='bbox 2439 5604 2661 5641; x_wconf 74' lang='lat' dir='ltr'><strong>cxxxvt.</strong></span> 
     </span>
    </p>
   </div>
   <div class='ocr_carea' id='block_1_115' title="bbox 2192 5603 2661 5645">
    <p class='ocr_par' dir='ltr' id='par_1_115' title="bbox 2192 5603 2661 5645">
     <span class='ocr_line' id='line_1_116' title="bbox 2192 5603 2661 5645; baseline 0.013 -6"><span class='ocrx_word' id='word_1_864' title='bbox 2192 5603 2242 5641; x_wconf 86' lang='lat' dir='ltr'><strong>tn</strong></span> <span class='ocrx_word' id='word_1_865' title='bbox 2274 5603 2409 5645; x_wconf 70' lang='lat' dir='ltr'><strong>mut.</strong></span> <span class='ocrx_word' id='word_1_866' title='bbox 2439 5604 2661 5645; x_wconf 68' lang='lat' dir='ltr'><strong>CXXXVI.</strong></span> 
     </span>
    </p>
   </div>
  </div>
