3822 6298
425 317 561 374 H95

1786 309 1851 364 Β.
1900 306 2236 363 ΕΡΙΡΗᾹΝῙΙ

3546 295 3671 350 “96

424 446 637 485 omnem
670 436 910 484 nostram
936 442 1273 498 praeparans,
1305 426 1449 481 hunc
1477 426 1530 480 in
1558 425 1776 479 modum
1806 424 1991 476 horta-

2130 425 2177 479 ’ὰ
2193 424 2333 492 ἔργα
2347 438 2460 476 σου
2483 438 2494 451 ·
2510 402 2686 486 ἔξοδον
2696 418 2867 487 λέγων
2878 417 2976 488 τὴν
2990 411 3316 467 άπεντεῦθεν
3339 408 3667 477 ἀπαλλαγήν·

425 520 831 588 turzPra'pEtra
877 521 929 573 in
982 520 1181 573 exitum
1218 534 1375 586 opera
1425 527 1516 571 tua
1549 518 1587 569 ¹.
1633 515 1765 569 Nam
1818 515 1999 569 exitus

426 615 647 668 nomine
689 611 1063 667 decessionem
1118 626 1183 664 ex
1220 610 1322 663 hac
1360 608 1469 679 vita
1515 609 1832 677 complexus
1893 614 1997 660 est.

430 703 513 767 Et,
550 702 809 772 Ρνωρατα
830 711 898 769 te,
936 701 1129 771 inquit,
1163 700 1231 753 ad
1267 716 1453 769 agrum
1488 702 1529 752 ².
1555 698 1727 765 Quam
1761 712 2002 751 commo-

428 796 691 851 nitionem
734 796 1006 864 pertinere
1048 793 1114 847 ad
1152 807 1343 847 omnes
1386 793 1586 855 voluit,
1622 792 1714 864 qui
1746 792 1800 844 in
1837 805 1989 859 agro,

431 892 524 938 aut
546 885 600 938 in
626 884 760 937 urbe
777 884 1052 953 degerent,
1080 896 1142 934 ac
1167 889 1273 932 tam
1297 879 1545 935 eruditos
1570 895 1732 950 quam
1780 879 2002 948 opiﬁces

433 990 497 1030 ac
531 975 879 1029 mechanicos
905 1013 919 1037 ,
971 973 1065 1042 qui
1104 973 1315 1027 nullum
1366 973 1418 1025 in
1464 986 1595 1042 agro
1627 986 1766 1040 opus
1800 971 2003 1024 habent

434 1066 578 1139 quod
602 1072 909 1121 exerceant.
936 1062 1075 1129 Quid
1094 1065 1237 1117 enim
1264 1062 1569 1117 linisicibus
1611 1068 1663 1116 et
1687 1059 1999 1122 aurifabris,

434 1168 527 1212 aut
551 1157 724 1227 poetis
751 1155 1067 1224 caeterisque
1095 1152 1458 1222 scriptoribus
1480 1158 1563 1205 est
1594 1165 1717 1204 cum
1749 1163 2001 1218 agrorum

434 1253 644 1306 cultura
677 1248 996 1303 commune?
1025 1247 1205 1313 Quare
1235 1261 1336 1300 vox
1380 1245 1471 1298 illa
1501 1244 1620 1299 sine
1651 1243 1763 1296 ullo
1795 1241 2001 1295 discri-

434 1342 578 1394 mine
636 1340 926 1392 universos
982 1336 1147 1390 simul
1200 1335 1483 1405 appellat:
1524 1334 1783 1402 Prwpara
1841 1340 1889 1385 te
1935 1330 2002 1384 ad

434 1444 661 1495 agrum;
702 1436 863 1497 atque
904 1425 1037 1481 illud
1078 1425 1349 1496 signiﬁcat
1382 1444 1394 1478 :
1446 1422 1687 1477 omnium
1723 1421 2005 1475 hominum

434 1515 639 1584 generi,
673 1522 780 1567 tam
809 1514 1050 1575 urbano,
1081 1526 1244 1582 quam
1279 1511 1490 1565 rustico
1510 1550 1528 1572 .
1563 1509 1810 1580 corporis
1832 1509 2006 1577 depo-

436 1605 689 1659 sitioncm
732 1605 847 1671 agri
884 1604 1057 1657 instar
1086 1617 1231 1660 esse.
1290 1608 1512 1671 propter
1548 1601 1885 1669 sepulturam
1935 1613 1999 1652 ac

436 1697 557 1750 vita:
588 1694 814 1749 exitum.
871 1693 1075 1748 Deinde
1111 1692 1356 1748 eamdem
1390 1708 1540 1762 spem
1579 1690 2006 1747 resurrectionis

2102 517 2231 578 Καὶ,
2249 512 2606 582 Ἐτοιμὰζου,
2624 511 2903 582 φησὶνβὶς-
2920 509 3026 560 τὸν
3056 507 3257 573 (ig-por
3274 499 3410 571 ὁμοῦ
3432 500 3563 551 πᾶσι
3581 499 3669 566 τὴν

2102 604 2380 659 νουθεσίαν
2401 602 2841 671 ἐπεκτεινόμενος
2869 601 2980 660 τοῖς
3002 597 3139 649 κατὰ
3155 593 3323 664 ἀγρόν
3346 608 3403 643 τε
3431 590 3522 643 καὶ
3543 590 3667 641 κατὰ

2104 697 2261 757 ἄστυ,
2278 692 2481 761 λογίοις
2497 710 2554 745 τε
2581 692 2674 744 καὶ
2695 693 2807 752 τοῖς
2830 689 2928 751 τὰς
2946 684 3242 756 βαναύσους
3268 683 3461 751 τέχνας
3478 681 3647 747 ἐπιχει

2106 787 2311 858 ροῦσιν,
2327 782 2408 847 οἷς
2428 784 2545 837 οὐδε
2555 783 2652 853 μία
2680 779 2909 852 ἐργασία
2922 776 3063 832 κατὰ
3078 776 3244 846 ἀγρὸν
3257 772 3514 841 ὲπιζητου
3523 769 3667 838 μένη.

2106 877 2273 931 Πόθεν
2294 875 2402 946 γὰρ
2422 873 2723 943 λινουργοῖς
2748 870 2840 922 καὶ
2860 864 3233 939 ἁργυροχόοις,
3258 862 3505 931 ποιηταῖς
3516 875 3572 910 τε
3586 858 3667 908 και

2104 966 2462 1038 λογογράφοις
2507 965 2539 1034 ἠ
2596 962 2736 1015 κατὰ
2782 960 2879 1030 τὴν
2922 959 3158 1028 ἄρουραν
3199 951 3523 1022 έτοιμασία;
3560 950 3648 1002 col

2104 1056 2303 1128 λήὸδην
2345 1054 2453 1126 γὰρ
2484 1053 2620 1123 ὁμοῦ
2656 1055 2689 1122 ἡ
2723 1051 2874 1120 φωνὴ
2922 1047 3247 1111 ἀδιακρίτως
3300 1044 3430 1104 τοὺς
3478 1044 3669 1103 πάντας

2107 1147 2405 1201 ὲπειποῦσα
2438 1144 2735 1213 κέκληκεν·
2776 1137 3114 1208 Ἐτοιμάζου
3174 1138 3262 1200 εἰς
3311 1135 3417 1187 τὸν
3467 1133 3668 1203 ἀγρόν·

2106 1240 2220 1295 ἀλλ’
2247 1240 2280 1310 ἢ
2306 1238 2464 1291 τοῦτο
2509 1235 2822 1299 αἰνίττεται,
2863 1234 2945 1284 ὅτι
2978 1229 3140 1282 παν-ιλ⁸
3186 1224 3456 1296 ἀνθρώπῳ
3492 1222 3671 1293 πολξτῃ

2105 1348 2165 1385 τε
2191 1332 2284 1383 καὶ
2312 1329 2552 1400 ἀγροίκῳ
2575 1324 2831 1386 ἀπόθεσις
2862 1320 2955 1374 τοῦ
2997 1318 3246 1389 σώματος
3273 1314 3442 1385 ἀγρὸς
3476 1313 3560 1365 διὰ
3582 1313 3671 1382 τὴν

2107 1420 2282 1492 ταφὴν
2317 1420 2412 1471 καὶ
2436 1417 2497 1469 τὸ
2525 1415 2698 1477 τέλος.
2752 1408 2883 1465 Εἶτα
2915 1409 3206 1480 μετέπειτα
3232 1406 3331 1475 τὴν
3364 1403 3533 1473 αὐτὴν
3574 1401 3664 1470 τῆς

2109 1512 2454 1572 ἀναστάσεως
2506 1507 2782 1577 σημαίνων
2812 1496 3020 1564 ἐλπίδα,
3077 1499 3311 1567 φάσκει·
3360 1495 3469 1549 Kal
3521 1493 3671 1545 ἀνοι-

2110 1601 2470 1672 κοδομήσεις
2519 1597 2628 1650 τὸν
2679 1591 2848 1648 οἶκόν
2897 1608 3035 1646 σου.
3084 1588 3268 1651 Ἀπαξ
3326 1586 3434 1655 γάρ
3488 1583 3670 1653 ᾠκοδο-

2123 1695 2267 1766 μήθη
2296 1696 2352 1745 ὲν
2367 1693 2433 1761 τῇ
2468 1688 2661 1742 πλάσει
2688 1688 2753 1756 τῇ
2790 1684 2932 1737 κατὰ
2953 1682 3053 1753 τὴν
3084 1680 3347 1749 γαστέρα,
3375 1680 3465 1730 ὅτε
3497 1677 3552 1728 αἱ
3577 1695 3671 1746 μη-

437 1795 718 1841 ostentans
735 1784 883 1839 addit
906 1801 917 1836 :
934 1783 1004 1838 Et
1019 1783 1341 1838 inslaurabis
1354 1752 1565 1836 domum
1587 1792 1733 1836 tuam
1749 1782 1788 1836 ³.
1804 1782 2013 1852 Quippe

2130 1752 2274 1857 ὲέρεἑ
2307 1752 2557 1836 ὲκύίίσκον
2588 1752 2816 1831 ἕκαστον
2848 1773 3000 1845 ἡμῶν
3029 1774 3087 1825 ὲν
3108 1774 3173 1841 τῇ
3210 1769 3424 1823 πλάσει.
3464 1768 3589 1820 Ἀπὸ
3622 1768 3671 1820 δὲ

438 1892 621 1932 semen
648 1892 773 1931 cum
801 1878 856 1931 in
883 1886 1036 1932 utero
1061 1876 1410 1941 formaretur,
1437 1883 1524 1931 est
1560 1886 1856 1941 exstructa,
1886 1890 2010 1930 cum

440 1967 646 2022 scilicet
705 1983 1147 2037 unumquemque
1200 1978 1452 2023 nostrum
1517 1975 1721 2021 matres
1773 1966 2010 2036 ﬁngendi

437 2071 605 2111 causa
651 2058 1001 2126 parturirent.
1038 2056 1175 2111 Tum
1216 2074 1245 2111 a
1291 2066 1437 2112 terra
1490 2056 1550 2111 ﬁt
1593 2071 1790 2126 agrove
1831 2070 2016 2110 resur-

440 2150 645 2209 rectio,
690 2163 812 2201 cum
858 2163 1050 2203 eversa
1089 2154 1209 2217 post
1253 2148 1399 2201 illam
1428 2148 1483 2200 in
1521 2146 1830 2215 sepulcrum
1868 2144 2016 2212 deje-

434 2237 677 2292 ctionem
709 2237 903 2291 domus
934 2238 1182 2307 erigitur.
1202 2237 1356 2303 Quod
1391 2246 1442 2291 et
1468 2235 1798 2305 Redemptor
1829 2241 2021 2289 noster

442 2330 525 2384 sic
550 2329 775 2383 .locutus
804 2330 1014 2398 aperuit
1039 2346 1051 2382 :
1076 2328 1269 2383 Solvite
1287 2328 1536 2397 templum
1556 2329 1674 2390 hoc,
1696 2336 1745 2381 et
1769 2327 1823 2380 in
1849 2325 2017 2380 tribus

443 2419 626 2473 diebus
660 2421 927 2474 suscitabo
959 2420 1094 2473 illud
1115 2423 1158 2488 ⁸,
1188 2423 1303 2476 sive
1337 2420 1634 2491 aediﬁcabo,
1668 2426 1855 2490 utpote
1891 2432 2019 2472 cum

447 2511 721 2581 Sapientia
752 2513 856 2577 sit;
884 2519 939 2566 et
965 2512 1184 2582 quidem
1215 2527 1313 2582 pro
1342 2526 1555 2567 summa
1580 2526 1679 2566 sua
1710 2510 2018 2581 prudentia,

445 2618 608 2672 quam
643 2602 791 2656 nulla
832 2603 1113 2656 hominum
1138 2602 1482 2673 investigatio
1506 2610 1686 2672 potest
1725 2600 1944 2669 assequi
1974 2601 2018 2653 ⁵.

446 2694 563 2761 Qua
597 2694 757 2750 etiam
790 2694 1069 2765 praeditus,
1101 2694 1435 2749 diﬁicillimis
1481 2711 1546 2748 ex
1589 2694 1747 2757 locis,
1784 2692 2025 2762 delapsis

2120 1876 2219 1946 τῆς
2242 1874 2344 1945 γῆς
2365 1875 2398 1943 ἡ
2425 1871 2737 1931 ἀνάστασις,
2762 1866 2794 1937 ἥ
2816 1865 2926 1919 ἀπὸ
2957 1863 3147 1936 ἀγροῦ,
3175 1861 3355 1915 οὐκέτι
3387 1858 3675 1946 οἰκοδομουξ

2119 1944 2253 2038 μένη
2287 1965 2331 2025 ³,
2361 1961 2449 2014 διὰ.
2484 1960 2583 2030 τὴν
2604 1956 2982 2027 ἐπενεχθεῖσαν
3019 1954 3155 2022 αὐτῇ
3185 1951 3495 2019 καθαίρεσιν
3520 1948 3574 1999 ἐν
3603 1944 3676 2013 τῷ

2116 2058 2215 2127 τῆς
2251 2054 2428 2124 ταφῆς
2461 2051 2744 2121 πτώματι·
2779 2048 2853 2112 ὡς
2879 2047 2973 2101 καὶ
3005 2047 3033 2098 ὁ
3066 2044 3259 2114 Σωτὴρ
3284 2042 3421 2111 ἔφη·
3454 2040 3677 2094 Λύσατε

2120 2149 2227 2201 τὸν
2268 2146 2422 2199 ναὸν
2476 2143 2711 2206 τοῦτον,
2752 2140 2850 2193 καὶ
2895 2138 2965 2191 ἐν
3014 2134 3208 2205 τρισὶν
3243 2133 3488 2203 ἡμέραις
3510 2128 3676 2198 ἐγερῶ

2120 2236 2341 2300 αὑτὸν,
2404 2234 2439 2306 ἢ
2488 2228 2777 2301 οἰκοδομῶ
2828 2228 3046 2283 αὐτόν·
3075 2225 3245 2294 Σοφία
3281 2222 3380 2283 ὢν,
3407 2221 3499 2274 καὶ⁵
3526 2221 3579 2271 ὲν
3615 2221 3675 2285 τῇ

2123 2327 2383 2400 φρονήσει
2411 2324 2600 2387 αὑτοῦ,
2698 2323 2800 2376 οὐκ
2840 2321 2984 2374 ἐστιν
3008 2317 3114 2372 ὑπὸ
3148 2313 3449 2387 ἀνθρώπων
3480 2311 3679 2380 ἐξεύρε-

2124 2435 2229 2482 σις.
2274 2418 2363 2471 Ἑν
2445 2416 2504 2480 ἐξ
2533 2414 2752 2483 ἀπόρων
2781 2412 2961 2465 τόπων
3008 2406 3363 2477 διαχυθέντων
3402 2402 3552 2473 ἡμῶν
3578 2400 3680 2453 τῶν

2126 2509 2414 2581 σωμάτων,
2448 2506 2555 2560 τῶν
2591 2506 2689 2577 μὲν
2735 2505 2815 2567 εις
2854 2502 3079 2571 τέφραν,
3111 2500 3219 2551 τῶν
3254 2497 3309 2550 δὲ
3338 2498 3396 2549 ὲν
3428 2492 3679 2563 θαλάσσῃ,

2122 2601 2223 2671 τῆς
2242 2602 2286 2633 ⁸ο
2316 2600 2372 2653 δὲ
2402 2598 2506 2653 ὑπὸ
2533 2595 2881 2667 σαρκοϐόρων
2903 2592 3129 2655 οἰωνῶν,
3155 2590 3261 2643 τῶν
3290 2589 3344 2643 δὲ
3363 2586 3468 2641 ὑπὸ
3489 2584 3680 2657 θηρῶν.

2124 2692 2234 2745 τῶν
2270 2691 2325 2744 δὲ
2351 2689 2455 2743 ὑπὸ
2484 2688 2779 2759 σκωλήκιον
2806 2682 3120 2755 φθαρέντων
3146 2680 3321 2750 φέρει.

448 2786 839 2856 dissolutisque
892 2787 1218 2856 corporibus
1277 2786 1525 2850 nostris,
1576 2801 1641 2840 ac
1693 2785 1890 2855 partim
1936 2785 1990 2839 in
2026 2784 2242 2839 cineres
2270 2782 2573 2843 conversis,
2617 2779 2814 2850 partim
2850 2777 2905 2830 in
2955 2774 3126 2837 mari,
3177 2771 3374 2843 partim
3424 2783 3456 2822 a
3511 2765 3681 2821 carni-

450 2878 597 2932 voris
641 2880 868 2951 avibus,
934 2880 1132 2950 partim
1197 2894 1228 2933 a
1274 2879 1486 2945 bestiis,
1514 2879 1714 2948 partim
1747 2893 1778 2932 a
1802 2878 2086 2933 vermibus
2119 2876 2483 2945 consumptis,
2516 2872 2705 2929 eadem
2736 2868 3093 2925 nihilominus
3121 2863 3381 2919 restituit.

520 2946 729 3026 LXXII.
764 2970 898 3025 Nam
924 2946 968 3027 si
995 2987 1115 3042 qua:
1136 2972 1273 3026 nihil
1296 2981 1473 3035 erant,
1498 2946 1705 3042 aliquid
1734 2981 1793 3026 ut
1815 2979 2021 3034 essent,

2197 2971 2316 3025 OB'.
2344 2970 2407 3022 Εἰ
2436 2967 2545 3038 γὰρ
2576 2966 2643 3019 τὰ
2673 2963 2733 3029 ἐξ
2768 2964 2871 3039 οὐκ
2889 2962 3054 3015 ὄντων
3072 2958 3322 3027 ἐποίησεν
3345 2956 3422 3018 εἰς
3448 2952 3509 3006 τὸ
3538 2946 3682 3007 εἶναι,

453 3064 760 3135 perfecerit,
791 3072 997 3135 quanto
1028 3064 1078 3118 id
1100 3063 1246 3134 quod
1276 3064 1383 3133 iam
1411 3064 1630 3119 exsistit
1660 3064 1934 3135 propriam
1971 3064 2027 3116 in

454 3165 705 3210 naturam
738 3156 1218 3226 conditionemque
1252 3154 1468 3211 facilius
1502 3155 1860 3219 instaurabit,
1890 3162 1949 3209 ut
1976 3163 2029 3207 ct

454 3256 664 3302 rectum
715 3248 982 3317 judicium
1031 3249 1300 3310 instituat,
1345 3257 1399 3303 et
1432 3249 1664 3303 alterum
1714 3261 1812 3317 pro
1857 3245 2030 3301 altero

456 3355 564 3394 non
592 3342 947 3402 condemnet,
990 3348 1043 3395 et
1068 3340 1213 3409 quod
1251 3340 1435 3395 labore
1476 3339 1761 3409 fatigatum
1806 3347 1892 3394 est
1930 3352 2030 3392 sua

458 3431 705 3486 mercede
744 3446 851 3485 non
880 3432 1099 3500 privet?
1128 3432 1338 3487 Etenim
1388 3432 1433 3486 si
1468 3432 1535 3486 ad
1568 3432 1742 3489 solam
1794 3431 2029 3485 animam

458 3522 692 3585 fructus,
728 3531 785 3578 et
824 3521 1063 3576 cmlestis
1098 3522 1246 3592 regni
1294 3522 1571 3591 possessio
1613 3522 1869 3591 pertinet,
1899 3534 2033 3574 sane

458 3628 658 3682 corpus
682 3614 747 3667 iis
764 3613 1038 3674 omnibus,
1061 3628 1182 3682 quae
1209 3613 1587 3682 concupiverit
1615 3611 1828 3666 fruatur
1852 3630 1867 3677 ;
1906 3626 2031 3665 ver-

460 3714 613 3760 setur
650 3706 709 3758 in
754 3703 962 3758 deliciis
1006 3704 1264 3771 Gedeon;
1320 3718 1497 3773 neque
1546 3702 1747 3758 [rustra
1793 3701 2033 3757 Joannes

460 3797 646 3850 labore
664 3810 722 3851 sc
737 3795 964 3860 cruciet,
989 3803 1244 3851 contexto
1264 3812 1329 3850 ex
1350 3796 1682 3850 camelorum
1706 3794 1832 3867 pilis
1854 3794 2035 3849 cilicio

460 3890 693 3943 vestitus
715 3888 736 3918 ⁸
771 3903 784 3938 :
821 3902 993 3958 neque
1032 3888 1088 3941 in
1135 3886 1455 3943 solitudines
1488 3886 1657 3941 abditi
1689 3901 1909 3941 carnem
1945 3901 2037 3939 no-

463 3988 631 4036 stram
670 3978 1023 4048 suggillemus
1045 3980 1063 4010 "
1083 4020 1097 4045 ,
1133 3994 1307 4047 neque
1334 3992 1562 4047 corpora
1583 3977 1745 4049 603
1766 3978 2037 4032 castitatis

461 4072 852 4127 exercitatione
891 4072 1198 4126 domemus.
1237 4069 1333 4124 Sin
1381 4080 1566 4124 autem
1612 4071 1858 4125 omnium
1910 4069 2037 4124 vita:

463 4164 859 4229 institutorum,
888 4164 934 4218 si
954 4164 1309 4227 castimoniae,
1338 4162 1381 4216 si
1402 4162 1617 4231 jejunii,
1643 4161 1687 4216 si
1714 4170 2035 4215 ceterarum

462 4258 727 4312 virtutum
746 4271 945 4325 corpus
962 4263 1043 4310 est
1063 4257 1353 4324 particeps,
1377 4270 1477 4306 non
1491 4253 1719 4319 iniustus
1731 4262 1809 4307 est
1834 4252 1975 4307 Deus
1992 4253 2036 4317 ⁸,

2137 3064 2288 3133 πόσῳ
2320 3078 2383 3130 γε
2408 3059 2606 3131 μᾶλλον
2633 3058 2692 3111 τὸ
2719 3056 2780 3111 ὃν
2805 3057 2884 3119 εἰς
2912 3054 3011 3123 τὴν
3041 3052 3175 3105 ἰδίαν
3200 3048 3527 3103 κατάστασιν
3545 3043 3689 3111 εὐχε-

2138 3155 2249 3226 ρῶς
2299 3148 2825 3220 ἀποκαταστήσειεν,
2887 3148 2973 3200 ἵνα
3026 3141 3237 3197 δικαίαν
3286 3140 3440 3213 ὁρίσῃ
3490 3136 3683 3204 κρξσιν·

2137 3248 2222 3301 ἵνα
2250 3245 2323 3317 μὴ
2360 3245 2545 3315 ἕτερον
2573 3240 2688 3295 ἀνθ’
2706 3239 2893 3311 ἐτέρου
2926 3236 3084 3309 κρίνῃ
3103 3252 3116 3266 ·
3147 3234 3231 3295 ἵνα
3257 3232 3331 3303 μὴ
3360 3227 3688 3317 ἀποστερήσῃ

2136 3337 2197 3390 τὸ
2217 3314 2427 3405 καμόν;
2457 3314 2519 3386 Εἰ
2543 3332 2652 3405 γὰρ
2676 3330 2853 3400 ψυχῆς
2894 3328 2928 3396 ἡ
2973 3325 3290 3385 ἀπόλαυσις,
3318 3319 3412 3373 καὶ
3438 3314 3689 3387 βασιλείας

2138 3426 2383 3499 οὐρανῶν
2411 3424 2759 3495 κληρονομία,
2794 3417 3106 3493 μετασχέτω
3125 3415 3186 3468 τδ
3206 3412 3362 3483 σῶμα
3382 3410 3411 3463 ὃ
3440 3408 3687 3499 βούλεται·

2139 3520 2497 3595 τρυφάτωσαν
2528 3518 2577 3571 οἱ
2614 3516 2742 3587 περὶ
2768 3514 2859 3566 τὸν
2876 3508 3079 3564 Γεδεών
3099 3526 3113 3540 ·
3146 3506 3219 3578 μὴ
3250 3504 3425 3576 μάτην
3447 3498 3692 3595 -καμνέτω

2151 3591 2404 3683 ’ίωάννης
2452 3610 2517 3663 ἐκ
2550 3607 2813 3679 καμήλων
2864 3604 3000 3673 ἔχων
3038 3601 3098 3652 τὸ
3139 3598 3373 3667 ἔνδυμα·
3403 3593 3475 3664 μὴ
3494 3593 3549 3683 ὲν
3580 3591 3692 3642 ἁνα-

2141 3681 2382 3780 χωρήσει
2415 3702 2515 3774 τὴν
2572 3700 2749 3771 σάρκα
2796 3694 3234 3780 ὑπωπιάσωμεν·
3281 3687 3355 3757 μὴ
3384 3684 3451 3736 τὰ
3486 3681 3691 3780 adipata

2323 3792 2657 3863 δαμάσωμεν
2679 3791 2747 3859 τῇ
2768 3786 2979 3854 ἁγνείᾳ.
3009 3783 3070 3835 Εἰ
3096 3780 3138 3833 δ’
3169 3778 3277 3849 ἄρα
3296 3775 3537 3828 κοινωνεῖ
3552 3775 3690 3834 σῶμα

2142 3890 2202 3942 ὲν
2227 3884 2539 3947 πολιτείαις,
2577 3884 2633 3935 ὲν
2660 3879 2872 3949 ἁγνείᾳ,
2904 3878 2958 3929 ὲν
2988 3872 3208 3943 νηστείᾳ
3257 3868 3351 3921 καὶ
3383 3868 3498 3926 ταῖς
3526 3860 3691 3919 ἄλλοις

2143 3980 2383 4050 ἀρεταῖς,
2411 3979 2522 4031 οὐκ
2543 3973 2749 4039 ἄδικος
2772 3973 2803 4025 ὁ
2835 3968 2978 4033 Θεὸς
2999 3964 3319 4033 ἀποστερεῖν
3353 3958 3441 4011 τὸν
3474 3956 3691 4050 κάματον

2143 4044 2238 4125 τοῦ
2261 4067 2620 4139 κεκμηκότος,
2654 4064 2747 4117 καὶ
2774 4062 2847 4133 μὴ
2872 4060 3126 4113 ἀποτῖσαι
3164 4054 3264 4125 τὴν
3282 4044 3692 4139 ,μισθαποδοσίαν

2144 4162 2223 4234 τῷ
2252 4136 2462 4234 ἃμα-τῇ
2502 4159 2646 4228 ψυχῇ
2682 4152 2986 4225 κεκμηκότι
3021 4149 3253 4218 σώματι.
3286 4142 3462 4203 Εὐθὺς
3486 4140 3591 4208 γὰρ

2150 4232 2440 4329 ρεθήσεται
2472 4250 2615 4321 ἀργὴ
2667 4251 2701 4319 ὴ
2748 4246 2953 4317 κρίσις·
2984 4242 3031 4295 εἰ
3063 4239 3219 4310 γὰρὴ
3250 4235 3397 4305 ψυχὴ

470 4358 527 4404 ιιι
554 4351 625 4415 ei,
651 4350 742 4419 qui
775 4321 1120 4414 laboraverit,
1153 4321 1357 4402 laboris
1390 4347 1695 4399 mercedem
1726 4345 2023 4411 subtrahat,

2146 4321 2520 4419 εὑρεθήσεται,
2577 4339 2869 4403 ἁντιλέξειε
2941 4331 3255 4407 κρινομένη,
3317 4329 3412 4419 ὃτι.
3459 4324 3567 4419 Otia:
3616 4321 3694 4414 dt:

468 4441 814 4510 corporique,
839 4437 983 4508 quod
1005 4455 1126 4492 cum
1147 4438 1324 4491 anima
1347 4436 1707 4491 communiter
1726 4436 1779 4489 in
1800 4435 2039 4489 laborem

480 4534 813 4597 incubuerit,
844 4532 1052 4589 nullum
1092 4529 1374 4600 praamium
1410 4531 1704 4600 persolvat.
1741 4528 1855 4584 lloc
1896 4530 2039 4582 enim

472 4629 672 4700 posito,
706 4627 865 4682 inane
887 4640 949 4679 ac
966 4638 1429 4695 supervacaneum
1459 4623 1564 4677 erit
1585 4621 1875 4690 judicium.
1909 4619 2043 4673 Nam

476 4721 519 4773 si
545 4720 659 4773 sola
686 4717 947 4772 duntaxat
970 4717 1151 4770 anima
1173 4715 1485 4776 sisteretur,
1504 4712 1745 4780 obiicere
1767 4713 1819 4765 in
1840 4710 2048 4781 judicio

477 4820 706 4880 posset:
740 4809 857 4864 Non
900 4826 928 4863 a
964 4825 1051 4865 me
1104 4817 1388 4878 peccatum
1431 4814 1683 4861 exortum
1726 4812 1840 4868 est,
1882 4803 1976 4859 sed
2020 4816 2050 4855 a

477 4904 820 4974 corruptibili
858 4904 948 4958 illo
974 4912 1302 4972 terrenoque
1329 4916 1559 4972 corpore
1598 4908 1868 4969 stuprum,
1898 4897 2053 4952 adul-

479 4994 677 5049 terium
731 5011 794 5048 ac
854 4994 1109 5050 libidines
1162 4993 1418 5065 profectas
1464 5000 1612 5049 sunt.
1665 4990 1800 5045 Nam
1832 5004 1901 5044 ex
1941 5003 2053 5059 quo

482 5091 726 5152 tempore
750 5098 778 5136 a
812 5100 895 5139 me
925 5085 1230 5154 scjunctum
1257 5094 1362 5148 est,
1398 5083 1535 5140 nihil
1565 5090 1649 5139 est
1678 5082 1874 5137 horum
1904 5096 2055 5137 com~

2148 4406 2279 4509 ἐμοῦ
2329 4406 2391 4488 τὸ
2435 4432 2606 4487 αἴτιον
2636 4430 2735 4499 τῆς
2768 4423 3061 4498 ἁμαρτίας,
3096 4420 3229 4474 ἀλλὰ
3269 4419 3363 4470 ἀπ’
3399 4413 3598 4509 ἐκείνου
3619 4406 3693 4459 τοῦ

2151 4527 2415 4599 φθαρτοῦ,
2447 4526 2541 4578 καὶ
2570 4524 2755 4591 γηῖνου
2786 4518 3055 4588 σώματος,
3091 4513 3151 4565 τὸ
3177 4508 3479 4582 πορνεύειν,
3513 4503 3572 4555 τὸ
3600 4518 3695 4570 μοι·

2152 4593 2353 4694 γεύειν,
2387 4618 2446 4671 τὸ
2479 4614 2836 4682 ἀσελγαίνειν.
2870 4609 3045 4673 Ἐξότε
3062 4605 3170 4675 γὰρ
3192 4604 3288 4659 ἀπ’
3318 4598 3454 4671 ἐμοῦ
3490 4593 3693 4694 άπέστη,

2155 4714 2306 4768 οὐδέν
2366 4727 2457 4782 μοι
2512 4706 2715 4760 τούτων
2746 4703 3078 4773 πέπρακται.
3137 4696 3247 4748 Καὶ
3282 4694 3434 4744 ἔσται

2159 4819 2344 4873 γητος,
2366 4772 2470 4854 ’καὶ
2494 4772 2981 4865 παραλύουσαπὴν
3016 4780 3109 4841 τοῦ
3156 4783 3290 4838 Θεοῦ
3324 4781 3528 4852 κρίσιν.
3565 4772 3696 4873 [iiii

2161 4867 2255 4951 καὶ
2278 4896 2339 4949 τὸ
2367 4894 2525 4963 σῶμα
2551 4890 2673 4945 καθ’
2701 4886 2862 4942 ὲαυτδ
2887 4883 3084 4951 ἀγάγοι
3111 4882 3139 4933 ὁ
3167 4876 3329 4939 Θεὸς·
3355 4874 3573 4928 δύναται
3591 4867 3696 4963 γὰρ,

2158 4988 2234 5053 ὡς
2264 4988 2357 5041 καὶ
2384 4957 2495 5041 ἄνω
2532 5001 2619 5054 μοι
2654 4981 2741 5034 διὰ
2769 4977 2862 5033 τοῦ
2900 4974 3163 5043 Ίεζεκιὴλ
3202 4969 3516 5039 δεδήλωται,
3549 4964 3593 5013 εἰ
3625 4957 3698 5011 καὶ

2158 5079 2246 5133 διὰ
2270 5076 2580 5149 παραϐολὴν
2604 5073 2664 5127 τὸ
2697 5072 2854 5144 ἔργον
2884 5068 3192 5138 γεγένηται.

484 5175 736 5232 missum.
773 5174 1011 5231 Honesta
1048 5193 1179 5231 sane
1213 5174 1511 5231 excusandi
1560 5174 1643 5232 sui
1681 5175 1822 5229 ratio
1845 5213 1859 5236 ,
1903 5181 1957 5227 et
1987 5171 2052 5227 ad
2086 5170 2460 5241 Deijudicium
2481 5164 2832 5224 evertendum
2857 5162 3073 5214 idonea.
3098 5158 3167 5209 At
3187 5154 3230 5208 si
3288 5164 3491 5220 corpus
3548 5148 3695 5241 ipsunt

487 5283 702 5340 quoque
741 5266 883 5323 Deus
913 5266 1262 5337 produxerit,
1315 5268 1416 5320 hoc
1448 5266 1593 5323 enim
1657 5266 1835 5321 facere
1870 5272 2074 5333 potest,

2152 5236 2211 5316 ut
2254 5278 2321 5317 ex
2368 5259 2654 5316 Ezechiele
2703 5270 2871 5326 supra
2923 5247 3459 5307 demonstravimus,
3509 5236 3700 5295 tametsi

488 5365 657 5437 ﬁgura
680 5361 913 5439 quadam
936 5377 1001 5417 ac
1020 5361 1378 5417 similitudine
1400 5369 1511 5415 tum
1534 5361 1587 5417 id
1604 5376 1742 5432 opus
1768 5359 2067 5431 perfectum
2108 5356 2291 5412 fuerit.

563 5481 581 5510 ¹
615 5481 777 5533 Prov.
826 5494 974 5542 xxrv,
1002 5474 1092 5528 97.
1170 5478 1190 5506 ί
1222 5474 1353 5528 ibid.
1430 5474 1450 5506 ³
1482 5474 1613 5529 ibid.
1687 5474 1707 5506 ⁸
1736 5473 1891 5529 Joan.
1928 5490 1989 5537 ιι,

2196 5473 2216 5504 ⁵
2250 5470 2352 5526 lsa.
2384 5486 2475 5532 xc,
2504 5469 2594 5523 9.8.
2674 5467 2693 5498 ⁸
2724 5464 2911 5519 Matth.
2976 5475 3059 5522 ιιι,
3088 5459 3142 5511 ὅ.
3216 5459 3238 5489 ⁷
3275 5455 3290 5507 l
3340 5454 3466 5508 Cor.
3506 5467 3576 5511 ιι,
3626 5448 3694 5501 27.

491 5550 515 5582 ⁸
544 5548 705 5604 Hebr.
735 5564 812 5611 vr,
848 5548 933 5601 10.
1006 5548 1027 5578 θ
1060 5545 1119 5600 F.
1153 5545 1232 5598 ἔτι
1264 5544 1732 5614 οἰκοδομουμένου,
1760 5557 1814 5599 et
1838 5543 2003 5614 αὐτῷ.

497 5638 693 5689 tionem
731 5635 1314 5696 accommodata;nam
1351 5632 1572 5685 ιιιιιπωη
1610 5634 1814 5687 nullam
1849 5642 2069 5687 senten-

496 5708 587 5764 tia:
634 5706 779 5761 illius
822 5708 1275 5768 signiﬁcationem
1319 5704 1628 5762 nimii-runt.
1697 5703 1955 5758 Hortatur
1983 5720 2071 5760 sa-

2083 5544 2127 5576 ”
2153 5542 2213 5596 F.
2256 5542 2383 5594 τῶν.

2180 5633 2356 5711 piens,
2377 5637 2435 5685 ut
2458 5626 2676 5684 rustica:
2695 5626 2771 5682 rei
2785 5636 2836 5681 et
2857 5622 3202 5695 agriculturae
3223 5616 3456 5688 diligens
3472 5612 3697 5666 habeatur

2180 5710 2339 5756 ratio.
