3822 6300
134 280 258 333 119Ἱ

796 278 1165 338 ADVERSUS
1198 279 1539 337 HERESES
1570 281 1699 337 LIB.

1848 282 2013 337 ΤΟΜ.
2054 280 2094 335 Ι.
2132 311 2195 321 -
2223 280 2495 339 ΠΑΞΒΕὸ.
2523 280 2716 341 LXIV.

3245 278 3383 333 H98

210 399 372 454 Ἀλλά
400 400 462 453 τὸ
497 395 638 464 εἳδος
671 402 751 465 είς
780 402 1113 473 ἀλληγορίαν
1141 402 1237 470 τῆς
1274 402 1392 455 τότε
1424 402 1703 474 παραϐουο

1878 400 2079 456 Verum
2114 401 2179 455 ad
2220 404 2535 466 veritatem,
2564 416 2684 471 qua:
2726 408 2859 453 tunc
2906 398 3265 454 similitudine
3291 398 3382 451 illa

130 492 418 563 λευθείσης
446 495 459 523 ¹
487 493 745 563 ἀληθείας
781 494 1091 564 ἐτελειώθη,
1126 494 1202 556 ὡς
1240 494 1479 563 συνήχθη
1520 493 1706 545 ὀστέον

128 585 266 656 πρὸς
295 585 506 648 ὀστέον,
532 587 627 638 καὶ
658 587 893 657 ἁρμονία
924 586 1058 657 πρὸς
1082 586 1369 657 ἁρμονίαν,
1401 586 1495 639 καὶ
1525 585 1707 656 ξηρῶν

128 675 299 727 ὄντων
335 674 444 727 τῶν
488 674 712 740 ὀστέων,
763 675 857 727 καὶ
905 674 1112 726 οὐδέπω
1140 674 1338 743 ψυχῆς,
1380 674 1501 727 οὐδὲ
1544 671 1708 725 πνεύι

134 783 308 836 ματος
333 767 427 819 τοῦ
459 765 734 828 κινοίντος
768 767 827 817 ὲν
870 765 1051 827 αὐτοῖς
1080 764 1251 828 ὄντος.
1287 766 1398 818 Καὶ
1439 763 1601 827 εὐθὺς
1636 763 1710 817 τὰ

132 857 377 927 admixta
416 856 679 927 συνήχθη,
712 857 805 909 καὶ
831 855 971 910 κατὰ
996 855 1086 909 τὸν
1117 855 1210 908 τοῦ
1238 856 1518 927 προφήτου
1552 854 1709 922 λόγον

130 947 485 1015 ἐστερεώθη.
521 948 631 1000 Καὶ
676 948 725 999 εί
769 946 911 999 θέλει
945 946 1095 1009 Θεὸς,
1143 946 1368 1008 δυνατός
1394 947 1511 998 ἐστι
1550 943 1710 997 τοῦτο

128 1040 354 1109 ποιῆσαι
380 1039 508 1091 ἀνευ
534 1036 734 1106 ψυχῆς,
752 1036 1007 1108 παρεῖναί
1028 1053 1085 1088 τε
1108 1034 1198 1088 καὶ
1218 1032 1503 1094 κινεῖσθαι,
1519 1032 1595 1095 ὡς
1612 1033 1709 1084 καὶ

126 1130 189 1182 τὸ
216 1129 316 1183 τοῦ
343 1128 506 1181 Ἅϐελ
533 1124 671 1199 αἷμα
697 1129 857 1197 σῶμα
880 1128 939 1181 ὃν
969 1127 1103 1199 μετά
1132 1127 1360 1181 θάνατον
1390 1125 1705 1193 ἐφθέγγετο,

130 1223 221 1274 καὶ
248 1222 311 1273 οὐ
342 1221 511 1291 ψυχή.
547 1219 622 1272 Οὐ
649 1219 757 1290 γὰρ
779 1219 922 1289 ψυχή
954 1220 1068 1271 ἐστι
1099 1218 1160 1271 τὸ
1188 1212 1347 1289 αἷμα,
1375 1216 1510 1270 ἀλλά
1550 1215 1709 1285 σῶμά

130 1313 248 1363 ὲστι
278 1312 340 1363 τὸ
380 1310 726 1379 φαινόμενον.
771 1307 910 1360 Ἀλλ’
945 1308 1006 1359 οὐ
1054 1306 1342 1377 δυνήσεται
1386 1306 1544 1376 σῶμα
1578 1306 1707 1359 ἀνευ

125 1400 306 1469 ψυχῆς
351 1398 628 1470 κριθῆναι.
678 1395 998 1462 Ἀντιλέξειε
1040 1396 1150 1466 γάρ
1194 1395 1286 1447 καὶ
1313 1395 1481 1459 αὐτὸ,
1527 1394 1705 1462 λέγον,

126 1489 210 1539 ὅτι
245 1488 361 1541 Οὐκ
413 1485 525 1555 ἐγὼ
582 1486 865 1556 ἥμαρτον,
918 1484 1057 1538 ἀλλὰ
1104 1487 1137 1556 ή
1188 1484 1355 1555 ψυχή.
1418 1485 1508 1556 Μὴ
1559 1484 1707 1551 ἐξότε

126 1577 435 1648 ἁπεκινήθη
480 1578 576 1630 ἀπ’
627 1576 796 1646 ἐμοῦ,
836 1576 984 1649 (μὴ)
1031 1577 1354 1647 ὲμοίχευσα;
1416 1578 1491 1647 μὴ
1544 1578 1708 1649 ἐπόρ-

126 1684 332 1733 νευσα;
371 1666 447 1738 μὴ
483 1667 954 1738 είδωλολάτρησα;
998 1669 1110 1722 Καὶ
1150 1668 1304 1722 ἔσται
1340 1667 1615 1737 ἀντιλέγον
1649 1668 1708 1722 τὸ

1810 492 2171 555 referebatur,
2220 492 2650 547 aduinbrandam
2701 490 3007 545 istiusmodi
3053 491 3262 559 species
3302 494 3388 543 est

1810 597 2093 652 expressa.
2122 582 2259 637 Cum
2286 583 2500 639 scilicet
2524 597 2586 637 os
2608 596 2772 635 unum
2799 580 2865 634 ad
2888 582 3139 643 alterum,
3161 588 3213 635 et
3238 595 3358 633 com

1808 688 1973 744 pages
1991 673 2056 726 ad
2074 689 2390 745 compagem
2409 671 2817 729 accommodata
2841 678 2923 726 est
2941 674 2984 724 ⁸.
3004 672 3079 723 Ac
3097 687 3218 724 cum
3232 669 3387 723 arida

1809 773 1995 820 essent
2028 779 2189 828 ossa,
2239 779 2339 819 nec
2377 766 2486 819 ulla
2522 762 2700 817 adhuc
2748 762 2963 823 anima,
3000 761 3082 813 vel
3128 761 3387 829 spiritus,

1810 871 1921 925 quo
1951 855 2323 926 agitarentur,
2375 857 2428 911 in
2464 856 2598 925 ipsis
2634 855 2870 916 inesset,
2922 853 3153 907 subinde
3208 860 3390 905 tamen

1811 954 2188 1017 coagmentata
2230 954 2396 1010 sunt,
2428 954 2482 1001 et
2505 986 2519 1009 ,
2558 954 2615 1000 ut
2648 945 2909 1016 propheta
2940 943 3217 1013 loquitur,
3264 939 3391 993 soli-

1810 1035 1939 1088 data
1974 1052 2216 1103 corpora.
2253 1038 2330 1091 Ac
2362 1038 2407 1092 si
2444 1038 2514 1090 ita
2544 1036 2655 1091 Deo
2688 1036 2928 1097 libuerit,
2952 1033 3213 1104 perﬁcere
3247 1031 3390 1085 istud

1812 1135 2011 1196 potest,
2045 1128 2196 1181 nullo
2228 1137 2287 1181 ut
2316 1129 2512 1183 animae
2537 1129 2847 1182 interventu
2872 1125 3158 1196 prodeant,
3183 1139 3246 1177 ac
3271 1137 3394 1177 sese

1811 1224 2221 1271 commoveant.
2265 1216 2383 1271 Non
2416 1232 2576 1273 secus
2608 1226 2770 1286 atque
2798 1215 2980 1269 Abelis
3011 1213 3235 1283 sanguis
3270 1218 3393 1281 post

1812 1305 2019 1360 obitum
2056 1305 2390 1375 loquebatur
2417 1304 2460 1373 ³,
2499 1320 2605 1361 non
2636 1306 2840 1359 anima.
2870 1303 2988 1357 Non
3031 1305 3173 1358 enim
3209 1302 3393 1356 anima

1812 1409 1896 1456 est
1931 1400 2180 1471 sanguis,
2218 1399 2313 1455 sed
2346 1414 2547 1471 corpus
2580 1398 2714 1454 illud
2745 1398 2892 1470 quod
2918 1406 3161 1469 apparet.
3189 1394 3393 1451 Verum

1812 1506 2013 1561 corpus
2058 1492 2177 1546 sine
2221 1491 2404 1545 anima
2449 1490 2685 1559 judicari
2741 1504 2850 1545 non
2899 1496 3100 1560 potest.
3156 1485 3290 1541 Nam
3338 1494 3395 1540 et

1814 1580 1990 1650 ipsum
2024 1582 2320 1645 resisteret,
2348 1588 2402 1636 et
2431 1580 2577 1637 hunc
2604 1582 2656 1635 in
2691 1581 2911 1635 modum
2940 1580 3217 1649 exciperet
3239 1595 3253 1635 :
3274 1576 3392 1630 Non

1814 1688 1916 1744 ego
1950 1672 2191 1743 peccavi,
2230 1672 2327 1729 sed
2371 1674 2573 1727 anima.
2629 1671 2707 1727 Ex
2755 1688 2865 1744 quo
2909 1671 3052 1727 enim
3088 1678 3333 1740 tempore
3362 1683 3395 1721 a

128 1759 291 1830 σῶμα
324 1761 389 1830 τῇ
418 1757 510 1812 τοῦ
551 1758 687 1812 Θεοῦ
728 1760 1119 1831 δικαιοκρισίᾳ,
1150 1760 1246 1813 καὶ
1287 1759 1526 1827 εὐλόγως
1563 1759 1711 1812 ἀντι-

1819 1781 1903 1821 me
1936 1765 2216 1825 discessit,
2244 1781 2374 1819 num
2401 1765 2755 1829 adulterium,
2783 1780 2913 1819 num
2940 1772 3193 1834 stuprum
3220 1761 3394 1816 ullum

127 1850 315 1917 λέγον.
354 1848 556 1903 Τούτου
589 1849 750 1903 ἕνεκα
775 1849 976 1915 τοίνυν,
1009 1850 1105 1903 καὶ⁸
1138 1848 1225 1903 διά
1254 1849 1425 1902 πολλὰ
1455 1848 1592 1904 ἀλλα
1619 1848 1714 1902 καὶ

125 1943 411 2009 ἀναγκαῖα
439 1942 468 1993 ό
513 1939 643 2003 Θεὸς
684 1942 742 1994 ὲν
784 1942 851 2012 τῇ
900 1940 1069 1994 αὑτοῦ
1120 1939 1283 2011 σοφίᾳ
1329 1938 1402 1993 τά
1446 1939 1714 1994 τεθνεῶτα

126 2032 289 2103 ἡμῶν
324 2030 553 2102 σώματα
587 2031 681 2084 καὶ⁵
711 2031 809 2095 τὰς
839 2031 1018 2103 ψυχὰς
1053 2032 1133 2094 εἰς
1159 2029 1582 2099 παλιγγενεσίαν
1614 2029 1713 2097 φέ-

129 2141 211 2194 ρει
244 2126 304 2177 ὲν
331 2126 399 2195 τῇ
428 2122 597 2176 αὑτοῦ
634 2122 925 2194 ὑποσχέσει
949 2123 1048 2193 τῆς
1083 2120 1512 2191 φιλανθρωπίας,
1546 2121 1626 2182 είς
1651 2119 1713 2172 τὸ

124 2217 218 2268 τὸν
274 2213 602 2286 κεκμηκότα
640 2214 698 2269 ὲν
752 2213 992 2284 ὁσιότητι
1040 2212 1336 2266 ἀπολαϐεῖν
1388 2211 1488 2282 τὴν
1530 2212 1713 2264 πᾶσαν

126 2306 235 2360 ὑπὸ
265 2304 403 2359 Θεοῦ
451 2305 622 2377 καλὴν
667 2305 1025 2359 ἀνταπόδοσιν
1046 2344 1061 2368 ,
1093 2305 1188 2359 καὶ
1226 2304 1355 2368 τοὺς
1404 2303 1475 2356 τά
1507 2304 1715 2375 μάταια

125 2397 503 2468 πεποιηκότας
559 2396 822 2461 ὡσαύτως
871 2396 1123 2470 κριθῆναι
1174 2396 1333 2467 σῶμα
1378 2396 1493 2465 ἅμα
1544 2395 1712 2468 luxi-

125 2492 226 2543 καὶ
264 2488 446 2561 ψυχὴν
478 2490 596 2560 ἅμα
628 2487 865 2560 σώματι.

1811 1857 2048 1917 admisi?
2073 1873 2203 1911 num
2231 1858 2527 1913 simulacra
2551 1858 2735 1913 colui?
2760 1854 2838 1911 lta
2859 1871 3059 1925 corpus
3084 1854 3394 1924 iustissimo

1812 1947 1907 2003 Dei
1932 1948 2167 2017 judicio,
2193 1958 2247 2005 et
2274 1950 2491 2021 quidem
2516 1950 2660 2021 jure,
2692 1950 3052 2006 contradicet.
3089 1948 3299 2015 Quibus
3326 1946 3395 2001 de

1812 2041 2018 2105 causis,
2065 2040 2300 2111 aliisque
2348 2044 2730 2114 compluribus
2773 2059 2837 2099 ac
2880 2042 3209 2099 necessariis
3238 2081 3253 2103 ,
3292 2054 3393 2110 pro

1811 2130 2024 2185 inﬁnita
2049 2148 2148 2187 sua
2175 2132 2446 2203 sapientia
2473 2135 2618 2192 Deus
2651 2146 2899 2192 emortua
2924 2144 3113 2190 nostra
3138 2146 3392 2200 corpora,

1809 2232 1863 2276 et
1886 2223 2099 2278 animas
2119 2239 2312 2278 novam
2332 2225 2398 2279 ad
2417 2230 2821 2294 generationem
2844 2226 3116 2299 perducit,
3133 2223 3395 2297 quemad-

1812 2314 2033 2369 modum
2062 2332 2127 2371 οι
2158 2316 2362 2387 ingenti
2394 2332 2494 2372 sua
2523 2318 2864 2376 humanitate
2899 2319 3171 2390 promisit.
3204 2316 3275 2371 Ut
3299 2317 3393 2386 qui

1796 2405 1868 2460 "In
1902 2406 2221 2463 sanctitatis
2253 2406 2448 2463 ofﬁciis
2478 2408 2877 2477 elaboraverit,
2918 2412 3179 2466 eximium
3216 2425 3247 2464 a
3286 2407 3396 2463 Deo

1812 2498 2098 2568 praemium
2129 2514 2290 2554 omne
2313 2498 2611 2569 percipiat;
2642 2507 2696 2554 et
2719 2514 2951 2569 quorum
2980 2502 3164 2555 inania
3194 2499 3396 2555 fuerint

121 2596 321 2652 opera,
346 2579 576 2650 perinde
599 2579 941 2649 judicentur.
972 2578 1040 2635 Ut
1065 2587 1120 2635 et
1161 2594 1363 2651 corpus
1398 2595 1519 2633 cum
1559 2579 1765 2651 anima,
1798 2592 1855 2640 ct
1897 2588 2081 2642 anima
2125 2603 2250 2643 cum
2284 2603 2513 2660 corpore
2543 2589 2593 2645 ei
2626 2604 2686 2644 se
2712 2587 2922 2659 judicio
2944 2591 3255 2661 subjiciant.

198 2676 324 2729 Ol".
386 2674 547 2728 Ἀλλὰ
586 2676 812 2746 ἀρκέσει
861 2690 952 2745 μοι
998 2672 1169 2727 ταῦτα
1215 2674 1354 2744 πρὸς
1393 2673 1484 2726 τὸν
1528 2672 1709 2727 ἐθελό-

128 2783 301 2835 σοφον
359 2766 641 2838 Ὠριγένην
664 2808 681 2832 ,
733 2766 823 2819 τὸν
870 2767 1114 2837 ματαίως
1160 2765 1338 2837 ἑαυτῷ
1392 2764 1713 2837 ἐπιθέμενον

126 2859 307 2928 δνομα
374 2857 765 2928 Ἀδαμάντιον,
816 2857 911 2911 καὶ
942 2857 1079 2929 πρὸς
1115 2858 1215 2928 τὴν
1251 2856 1417 2911 αὑτοῦ
1461 2857 1717 2925 ἀτοπίαν,

1896 2680 2131 2737 LXXIII.
2173 2683 2512 2753 Atque-hmo
2558 2683 2822 2738 adversus
2858 2692 3204 2751 arrogantem
3246 2682 3398 2737 illum

1824 2768 2112 2842 Origenem
2160 2771 2307 2827 dicta
2357 2772 2662 2837 sufﬁciant,
2716 2772 2810 2841 qui
2867 2771 3071 2827 fruSlra
3094 2771 3404 2826 Adamantii

1821 2863 1925 2919 sibi
1961 2879 2158 2919 nomen
2189 2866 2481 2935 imposuit;
2512 2872 2674 2935 atque
2702 2864 2966 2920 adversus
2992 2863 3139 2919 illius
3170 2862 3406 2917 absurda

128 2950 231 3003 κα)⁸
282 2948 425 3003 κατά
455 2950 553 3019 τῆς
584 2948 863 3021 ἀληθείας,
902 2950 960 3002 ὲν
1002 2949 1216 3013 πολλοῖς
1250 2948 1443 3022 μέρεσι
1489 2950 1589 3021 τῆς
1626 2952 1711 3004 πί-

1825 2957 2076 3028 dogmata
2121 2957 2597 3028 perniciosamque
2639 2955 2976 3023 doctrinam,
3026 2954 3192 3027 604
3242 2969 3404 3025 quam

130 3060 312 3105 στεως
354 3041 541 3105 κακῶς
583 3041 1008 3112 ὲπινενοημένην
1050 3042 1293 3114 ὀλέθριον
1352 3043 1719 3097 διδασκαλίαν.

130 3132 437 3205 Παρελθὼν
469 3131 526 3185 δὲ
583 3132 678 3187 καὶ¹
715 3131 903 3185 τούτου
932 3132 1031 3203 τὴν
1071 3132 1315 3205 αἵρεσιν,
1362 3133 1597 3206 καθεξῆς
1628 3134 1726 3198 τὰς

129 3227 329 3291 ἄλλας,
355 3224 704 3296 ἐπιπόθητοι,
744 3224 1130 3295 διασκέψομαι,
1161 3226 1292 3279 Θεὸν
1332 3227 1579 3297 συνήθως
1604 3230 1727 3280 ὲπι-

132 3318 479 3388 καλούμενος
525 3317 742 3388 ἀρωγὸν
786 3318 886 3387 τῆς
931 3316 1091 3388 ἡμῶν
1142 3317 1414 3382 ίδιωτίας,
1471 3320 1607 3389 πρὸς
1665 3320 1727 3373 τὸ

131 3409 437 3480 δυνηθῆναι
462 3409 733 3479 ἀντισχεῖν
768 3410 906 3481 πρὸς
942 3410 1123 3463 πᾶσαν
1154 3411 1296 3464 κατά
1336 3413 1433 3483 τῆς
1470 3413 1728 3485 ἀληθείας

134 3498 569 3571 ὲπεγειρομένην
592 3500 777 3568 φωνὴν
804 3500 1058 3571 ματαίαν,
1090 3502 1182 3555 καὶ
1204 3503 1457 3573 ήττῆσαι,
1494 3505 1635 3559 κατά
1662 3507 1728 3561 τὰ

134 3596 251 3653 ὑπὸ
287 3596 380 3649 τοῦ
414 3595 569 3664 ἁγίου
611 3594 833 3649 Ἡσαΐου
866 3594 1129 3667 ῥηθέντα,
1163 3597 1247 3649 ὅτι
1278 3594 1456 3651 Πᾶσα
1487 3596 1656 3666 φωνὴ
1688 3596 1727 3665 ἢ

132 3689 630 3759 ἐπαναστήσεται
654 3690 752 3744 ἐπὶ
777 3690 872 3756 σὲ,
900 3690 1132 3756 πάντας
1159 3690 1381 3757 αὐτοὺς
1410 3690 1695 3759 ἡττήσεις
1713 3708 1727 3722 ’

137 3787 201 3839 οι
231 3783 301 3836 δὲ
334 3784 534 3854 ἔνοχοι
573 3784 819 3839 ἔσονται
860 3784 930 3837 ἐν
962 3783 1117 3852 αὑτῇ
1144 3800 1157 3813 ’
1199 3784 1264 3837 ἵν’
1294 3783 1466 3849 οὕτως
1510 3787 1568 3839 ὲν
1613 3786 1731 3856 Θεῷ

140 3874 213 3928 τὸ
246 3874 570 3945 ἐπάγγελμα
610 3873 1053 3946 περαιωσάμενοι
1086 3875 1197 3936 τοῖς
1228 3872 1574 3942 βουλομένοις
1612 3891 1733 3925 νου-

141 3967 323 4036 νεχῶς
379 3966 759 4035 ἐντυγχάνειν,
815 3968 896 4027 είς
961 3964 1269 4034 γυμνασίαν
1320 3963 1581 4033 ἀληθείας
1640 3964 1733 4016 καὶ

140 4060 447 4130 φάρμακον
479 4057 702 4123 ἰάσεως,
745 4058 874 4128 περὶ
908 4055 1141 4110 ἑκάστου
1172 4055 1337 4127 θηρὸς
1386 4056 1482 4108 καὶ
1528 4052 1732 4108 ίοϐόλου

1825 3061 2015 3105 contra
2049 3051 2335 3105 veritatem
2381 3050 2568 3105 multis
2621 3050 2677 3104 in
2729 3049 2855 3104 ﬁdei
2907 3056 3109 3104 nostrae
3158 3048 3409 3119 partibus

1826 3140 2176 3210 excogitavit.
2220 3138 2381 3194 Nunc
2420 3140 2571 3195 illius
2604 3138 2801 3195 haeresi
2833 3138 3224 3210 praetermissa,
3258 3136 3414 3192 dein-

1827 3245 1958 3300 ceps
1984 3247 2093 3294 me.
2126 3231 2463 3297 charissimi,
2496 3230 2563 3286 ad
2599 3232 2737 3287 alias
2767 3229 3197 3287 considerandas
3229 3237 3413 3285 trans-

1830 3318 1942 3376 fera
1952 3336 2031 3389 m;
2056 3336 2087 3375 a
2106 3321 2217 3378 Deo
2230 3337 2329 3393 pro
2344 3338 2495 3379 more
2516 3322 2821 3394 postulans,
2842 3321 3127 3377 tenuitatis
3146 3328 3204 3375 ut
3218 3332 3335 3377 nosl
3348 3336 3421 3375 ra:

1829 3413 2051 3483 adjutor
2067 3428 2189 3470 esse
2206 3415 2354 3481 velit,
2378 3424 2435 3468 ut
2457 3415 2722 3470 adversus
2740 3414 2957 3470 inanem
2974 3428 3160 3469 vocem
3178 3427 3418 3477 omnem,

1830 3521 1953 3577 qua:
1991 3514 2189 3561 contra
2217 3508 2500 3562 veritatem
2534 3506 2792 3577 insurgit,
2826 3504 3105 3569 resistere,
3151 3520 3215 3560 ac
3244 3506 3419 3560 victo-

1832 3599 1971 3653 riam
2015 3597 2267 3654 obtinere
2309 3597 2609 3668 possimus,
2646 3605 2706 3651 ut
2740 3597 2908 3655 Isaias
2936 3598 3203 3667 prOpheta
3236 3598 3368 3653 dicit
3404 3617 3418 3653 :

1836 3689 2023 3746 Omnis
2054 3704 2173 3754 vox,
2202 3704 2319 3759 qua:
2348 3688 2585 3759 insurget
2615 3697 2804 3741 contra
2828 3695 2900 3749 te,
2926 3702 3102 3741 omnes
3128 3686 3249 3741 illos
3270 3702 3424 3756 supe-

1834 3782 2011 3846 rabis;
2035 3781 2089 3833 hi
2109 3791 2284 3834 autem
2302 3781 2379 3834 rei
2400 3789 2557 3834 erunt
2582 3780 2635 3834 in
2659 3780 2756 3834 illa
2780 3766 2821 3835 ⁸.
2853 3777 2924 3834 Ut
2952 3794 3075 3835 cum
3107 3779 3197 3833 Dei
3221 3779 3424 3833 auxilio

1835 3872 1981 3941 quod
2007 3873 2397 3941 proposuimus
2427 3870 2694 3934 exsecuti,
2732 3870 2785 3923 in
2820 3885 3010 3924 eorum
3046 3872 3299 3940 gratiam,
3330 3870 3425 3940 qui

1836 3964 2115 4034 sapienter
2145 3963 2261 4019 haec
2296 3971 2487 4017 nostra
2529 3963 2713 4030 legere
2742 3960 3045 4023 voluerint,
3078 3961 3146 4014 ad
3186 3963 3429 4017 illustra-

1837 4057 2042 4109 tioncm
2100 4053 2386 4115 veritatis,
2445 4061 2494 4107 et
2550 4051 2793 4107 salutare
2855 4050 3127 4121 quoddam
3187 4050 3429 4104 medica-

140 4149 406 4224 ἑρπετοῦ,
435 4150 545 4205 τῶν
586 4149 895 4222 προσώπων
927 4147 1036 4201 τῶν
1062 4146 1344 4220 αἱρέσεων,
1380 4146 1543 4218 φημὶ,
1578 4147 1711 4219 δίκηε

1840 4153 2109 4210 mentum,
2144 4144 2290 4215 quod
2320 4143 2545 4199 antidoti
2577 4142 2649 4199 sit
2682 4142 2889 4204 instar,
2929 4130 3195 4197 adversus
3232 4143 3427 4199 unius-

144 4243 451 4308 ἀντιδότου,
485 4243 577 4297 καὶ
612 4241 844 4310 ταυτησὶ
876 4241 976 4311 τῆς
1010 4238 1117 4293 τῶν
1160 4239 1574 4311 Ὠριγενιαστῶν
1600 4240 1711 4313 φρύη

1840 4239 2109 4310 cujusque
2130 4238 2427 4308 serpentis,
2454 4252 2517 4292 ac
2538 4235 2791 4292 venenati
2816 4235 3028 4306 reptilis
3051 4234 3302 4301 insidias,
3326 4237 3429 4291 hoc

144 4353 245 4391 Ινου
272 4335 427 4405 δίκην
464 4332 905 4405 μεμορφωμένης
947 4334 1012 4384 ὲκ
1041 4330 1241 4394 νοτίδος
1285 4332 1488 4402 πολλῆς
1526 4333 1711 4386 κυκῶνς

1836 4340 1920 4386 est
1948 4331 2126 4386 varias
2162 4331 2439 4385 haereseon
2494 4328 2728 4392 formas,
2773 4335 2827 4383 et
2871 4327 3037 4397 hujus
3088 4327 3430 4399 Origeniante

148 4444 267 4490 τος,
302 4424 397 4481 καὶ
433 4426 585 4493 φωνῇ
632 4420 841 4493 μείζονι
888 4419 1419 4493 ὲπικραυγάζοντος,
1448 4414 1711 4494 λαϐόμενα

1836 4424 2205 4495 potissimum.
2249 4437 2372 4493 qua:
2409 4423 2583 4477 instar
2628 4422 2832 4478 rubetze
2868 4423 3041 4477 multo
3085 4437 3153 4476 ex
3202 4422 3431 4477 humore

148 4514 253 4586 τὴν
302 4514 396 4570 τοῦ
441 4513 649 4586 Κυρίου
699 4512 994 4568 ἀνάστασιν
1048 4513 1376 4584 προπότιον,
1422 4512 1498 4578 ὡς
1530 4516 1735 4579 εἰπεῖν,

149 4606 551 4677 ἁποὸλύσωμεν
598 4606 659 4659 τὸ
707 4603 1039 4677 γλιηρῶδες
1089 4604 1183 4658 τοῦ
1224 4606 1303 4659 lo?)
1346 4605 1441 4659 τοῦ
1491 4606 1735 4681 φρύνου,

1810 4516 2083 4571 ’ΐοηηοιω
2136 4516 2330 4571 miscet
2385 4514 2589 4579 omnia,
2653 4528 2719 4568 ac
2750 4514 2946 4583 majori
2997 4514 3243 4569 clamore
3299 4529 3434 4568 con-

1839 4605 2034 4670 tendit,
2065 4604 2268 4661 Christi
2323 4604 2539 4659 Domini
2574 4606 2981 4660 resurrectione
3019 4612 3257 4676 sumpta,
3290 4606 3433 4660 velut

152 4698 254 4753 καὶ
298 4696 638 4769 ἐρπετώδους
684 4695 958 4767 μοχθηροῦ
998 4695 1096 4765 τὴν
1134 4696 1366 4751 ἀδικίαν.
1415 4698 1708 4769 Συμϐέϐηκ

1842 4697 2068 4768 potione
2105 4695 2341 4765 quadam
2388 4695 2455 4749 ad
2497 4696 2916 4767 praecavendum
2963 4702 3175 4764 parata,
3224 4694 3431 4749 lentum

153 4789 265 4860 γὰρ
294 4788 445 4859 αὺτῷ
478 4787 574 4841 καὶ
616 4786 776 4840 τοῦτο
816 4786 954 4857 μετά
993 4786 1211 4841 πάντων
1246 4787 1355 4841 τῶν
1394 4789 1602 4845 παθῶν.
1648 4791 1733 4856 Ὠς

1854 4805 1920 4844 ac
1978 4789 2249 4844 viscosum
2278 4788 2432 4843 virus
2487 4802 2851 4858 exspuamus,
2911 4787 3172 4842 nimirum
3227 4787 3435 4842 rubetze

152 4881 300 4949 ὑπὲρ
332 4879 496 4933 αὐτοῦ
553 4880 747 4949 πάσχω
789 4877 884 4930 καὶ
935 4876 1194 4942 στενάζω.
1242 4880 1365 4933 Ὅτι
1392 4880 1537 4952 οἴμοι
1570 4883 1583 4935 l
1621 4882 1709 4936 πῶ

1851 4880 1999 4935 illius
2042 4894 2105 4933 ac
2138 4880 2411 4949 serpentis
2439 4878 2763 4949 nequissimi
2791 4878 3107 4948 perniciem.
3138 4876 3253 4933 Hoc
3286 4877 3435 4933 enim

154 4971 432 5042 ἐϐλάϐης
468 4970 668 5033 πόσους
698 4988 757 5023 τε
801 4969 991 5032 ἄλλους
1018 4968 1279 5040 ἔϐλαψας,
1311 4971 1387 5035 ὼς
1423 4972 1529 5026 ὑπὸ
1559 4974 1705 5047 δεινῆ

1848 4971 1967 5043 ipse
1993 4970 2061 5027 ad
2091 4971 2226 5027 alias
2246 4971 2591 5026 calamitates
2615 4973 2872 5027 accessit.
2906 4969 3058 5026 Unde
3090 4971 3236 5027 illius
3264 4986 3433 5026 causa

153 5062 370 5133 ἐχίδνης
389 5061 609 5133 δηχθεὶς
630 5062 738 5115 ἀπὸ
760 5061 860 5130 τῆς
881 5062 1151 5133 κοσμικῆς
1170 5064 1549 5134 προπαιδείας,
1574 5067 1738 5138 φημὶ,

155 5157 255 5210 καὶ
280 5154 459 5219 ἀλλοις
479 5153 805 5226 δηλητήριον
836 5154 1094 5223 γέγονας;

1847 5066 2005 5122 doleo
2028 5082 2093 5121 ac
2115 5066 2465 5121 vehementer
2494 5065 2811 5136 ingemisco.
2840 5064 2935 5121 Hei
2964 5066 3092 5120 mihi
3117 5066 3129 5119 !
3153 5066 3430 5137 quomodo

1846 5160 2012 5216 laesus
2050 5159 2166 5230 ipse
2194 5159 2317 5214 illos
2346 5159 2636 5229 plerosque
2661 5159 2872 5224 laesisti,
2902 5168 3064 5229 atque
3091 5159 3159 5214 ab
3185 5159 3429 5215 externis

156 5248 351 5304 mundi
379 5248 544 5317 hujus
572 5246 900 5316 disciplinis,
939 5248 1097 5317 quasi
1124 5248 1191 5301 ab
1219 5247 1467 5303 horribili
1505 5248 1740 5319 quadam
1777 5251 1963 5323 vipera
2031 5266 2269 5317 morsus,
2302 5250 2520 5306 caeteris
2553 5250 2745 5306 veneni
2783 5251 2957 5307 instar
3010 5268 3069 5308 es
3102 5252 3320 5308 factus?

231 5340 368 5396 Φασὶ
398 5339 507 5411 γάρ
537 5340 586 5394 οἱ
645 5340 956 5409 φυσιολόγοι
1003 5340 1116 5407 (55)
1164 5340 1255 5393 τὸν
1307 5342 1518 5411 μυωξὸν
1552 5344 1711 5413 ὲμφω

1940 5344 2209 5398 Caeterum
2244 5342 2579 5396 naturalium
2630 5358 2814 5397 rerum
2861 5345 3157 5415 scriptorcs
3179 5352 3435 5401 asserunt

159 5434 366 5499 λεύειν,
405 5435 503 5489 καὶ
534 5434 602 5487 τά
659 5433 976 5504 γεννήματα
1021 5433 1188 5486 αὑτοῦ
1232 5436 1519 5489 ὲπιτοαυτὸ
1574 5436 1711 5490 πολλ

1852 5450 2107 5505 myoxum
2140 5435 2195 5489 in
2238 5432 2477 5488 latibulis
2508 5432 2624 5488 suis
2658 5432 2799 5503 fetus
2828 5434 3018 5489 eodem
3052 5443 3207 5505 partu
3246 5442 3433 5506 plures

158 5526 390 5589 τίκτειν,
415 5522 523 5585 ἓως
551 5520 713 5575 πέντε
742 5526 839 5576 καὶ
867 5520 974 5584 ἔτι,
996 5521 1095 5585 τάς
1116 5521 1175 5575 δὲ
1200 5522 1412 5592 ἐχίδνας
1439 5524 1496 5578 δὲ
1522 5524 1711 5579 τούτου

1850 5524 2034 5591 edere,
2062 5522 2304 5595 quinque
2326 5521 2611 5589 videlicet,
2639 5532 2695 5580 et
2719 5540 2785 5581 eo
2810 5524 3066 5595 amplius,
3098 5525 3275 5599 iisque
3300 5529 3434 5587 insi.

233 5621 349 5693 (53)
388 5622 543 5676 Φασὶ
578 5624 689 5692 γὰρ
716 5630 770 5681 οι
797 5614 1174 5698 φυσιολόγοι.
1205 5631 1437 5697 Μυωξοῦ
1466 5634 1711 5689 meminit

1826 5634 2115 5689 Ancoruto.

237 5714 255 5747 ⁸
280 5712 410 5771 Cor.
444 5717 813 5781 παραδολευθ.
892 5721 1128 5783 'Ezcch.
1163 5740 1373 5789 xxxv",
1411 5726 1463 5780 7.
1540 5726 1708 5782 ’Gen.

1849 5728 1935 5784 10.
2017 5730 2038 5761 ⁸
2061 5726 2165 5785 lsa.
2198 5744 2310 5796 ων,
2343 5727 2429 5782 Η.
