3972 6070
1314 241 2024 335 TRADITIO
2127 241 2997 336 CATHOLICA.

1645 521 2072 586 SECULUM
2115 521 2182 598 γ,
2225 519 2501 588 ANNUS
2541 521 2680 582 1503.

1689 792 2629 920 ELENCHUS

727 1117 1234 1181 Αυοτοιιωί
1273 1115 1392 1178 ET
1433 1115 1824 1178 OPERUM
1863 1116 2022 1192 ρυι
2061 1113 2164 1174 ιη
2195 1113 2295 1173 Η(

2061 1113 2164 1174 ιη
2195 1113 2380 1173 HOC
2420 1113 2682 1175 ’1⁸0Πο
2719 1113 2887 1176 ιιι
2925 1114 3601 1182 οοκτιιτειιστυει.

1037 1603 1099 1665 S.
1147 1601 1621 1664 EPIPHANIUS
1668 1598 2356 1663 CONSTANTIENSIS
2401 1602 2481 1662 IN
2524 1602 2784 1665 CYPRO
2829 1601 3272 1670 EPISCOPUS.

529 1774 774 1838 Notitia
814 1788 892 1831 ex
921 1767 1309 1831 Bibliotheca
1339 1765 1645 1828 Fabricii.
3770 1802 3784 1844 1

529 1879 822 1955 Dionysii
853 1877 1096 1938 Petavii
1133 1871 1426 1952 Epistola
1456 1872 1923 1950 nuncupatoria
1951 1871 2034 1934 ad
2066 1871 2475 1934 Franciscum
2505 1891 2544 1932 a
2574 1873 2750 1952 Rupe
2785 1872 3154 1939 Fucaldina.
3764 1887 3784 1948 1

528 1984 831 2063 Ejusdem
861 1981 1166 2060 Prw/atio
1203 1980 1285 2040 ad
1313 1980 1649 2039 Lectorem.
3719 1988 3784 2051 15

531 2090 618 2149 De
652 2087 1016 2166 Epiphanio
1048 2095 1324 2146 veterum
1363 2083 1764 2146 Testimonia.
3717 2095 3784 2156 1g

539 2193 680 2254 Vita
710 2194 774 2253 S.
812 2190 1190 2271 Epiphanii,
1232 2199 1485 2250 auctore
1520 2191 1789 2263 Joanne,
1823 2189 1954 2268 ejus
1994 2188 2331 2268 discipulo.
3709 2200 3784 2260 23

526 2299 803 2374 Polybii,
843 2298 1118 2377 episcopi
1148 2295 1750 2368 Rhinocorurorum,
1783 2294 2123 2372 Appendix
2150 2295 2233 2355 ad
2259 2295 2708 2374 praecedentem
2737 2297 2808 2360 S.
2846 2298 3205 2378 Epiphanii
3243 2303 3468 2363 Vitam.
3709 2304 3784 2363 73

530 2406 596 2466 S.
633 2403 990 2482 Epiphanii
1019 2401 1196 2469 Acta,
1234 2408 1486 2460 auctore
1522 2400 1594 2458 R.
1627 2399 1702 2459 Ρ.
1736 2399 1990 2459 Daniele
2022 2399 2478 2478 Papebrocltio.
3673 2407 3783 2468 115

529 2509 822 2585 Dionysii
848 2507 1098 2569 Petavii
1128 2506 1441 2567 Monitum
1471 2505 1536 2565 in
1572 2504 1944 2566 Panarium.
1977 2505 2066 2564 De
2095 2505 2510 2583 inscriptione
2542 2509 2753 2586 operis
2783 2527 2856 2570 ac
2886 2526 2981 2570 xx
3016 2511 3315 2588 priorum
3353 2511 3470 2572 ha:-

608 2633 828 2674 reseon
850 2614 1226 2690 partitione.
3677 2617 3780 2678 151

528 2719 746 2782 Acacii
775 2729 830 2781 et
848 2720 1036 2781 Pauli
1054 2717 1564 2798 presbyterorum
1596 2714 1887 2795 Epistola
1917 2715 1999 2778 ad
2017 2716 2471 2795 Epiphaniam.
2505 2715 2582 2779 Ut
2611 2726 2835 2780 contra
2862 2717 3179 2783 hwreticos
3207 2719 3466 2783 scribat.
3674 2721 3783 2782 155

529 2824 885 2902 Epiphanii
919 2823 1314 2901 Rescriptum
1351 2820 1646 2901 prwludii
1673 2820 1804 2880 vice
1833 2821 1916 2881 ad
1951 2838 2108 2899 opus
2143 2828 2364 2881 contra
2392 2819 2669 2884 hwrcses.
3674 2821 3777 2884 157

529 2928 886 3005 Panarium,
921 2927 1051 2990 sive
1083 2927 1301 2991 Arcula
1335 2927 1636 2991 adversus
1675 2925 1996 3006 octoginta
2028 2924 2326 2990 haereses.
3485 2928 3782 2993 173-1199

2497 5579 2738 5638 Parisiis.
2768 5610 2839 5623 —
2867 5579 2946 5636 Ex
2976 5577 3142 5651 Typis
3168 5575 3311 5631 J.-P.
3343 5573 3571 5631 MIGNE.
