3866 6066
335 257 426 296 νηι
1135 203 1144 209 ’
1466 240 1750 298 norma
1789 239 1858 297 IN
1899 241 1958 298 s.
1995 240 2444 299 EptpnANtuu.

333 374 630 446 ἀκροατής.
661 374 990 447 Quanquam
1045 391 1175 430 vero
1205 375 1545 447 Epiphanius
1577 393 1754 448 neque
1791 379 1844 433 in
1877 365 2262 436 describendis.
2286 377 2591 433 haeresibus
2633 374 2711 444 (a)
2747 389 2964 446 semper
2995 375 3131 430 satis
3175 382 3468 430 accuratus
3504 386 3586 433 est

290 497 297 504 -
335 475 395 519 ιιι
421 465 512 535 qui
542 466 753 550 levibus
777 468 1172 523 auditiunculis
1200 468 1531 538 quandoque
1559 469 1718 536 fidem
1755 470 1830 541 (ὁ)
1869 471 2078 539 habuit,
2116 481 2279 542 atque
2313 469 2659 525 adversarios
2689 477 2880 538 gravat
2906 482 3015 522 non
3044 483 3170 520 raro
3203 468 3494 523 sententiis
3517 467 3603 522 vel

335 562 844 630 Consecutionibus,
877 563 943 618 de
969 564 1170 633 quibus
1206 565 1457 621 fortassis
1490 583 1770 638 nunquam
1808 570 2135 640 cogitarunt,
2170 583 2347 638 neque
2383 567 2439 623 in
2499 565 2850 622 confutandis
2895 564 3179 620 erroribus
3204 580 3422 634 semper
3459 581 3608 633 teque

333 656 462 711 f'elix
493 666 598 722 est,
635 672 734 713 nec
778 657 969 714 solidis
997 659 1196 729 ubique
1225 662 1565 730 argumentis
1596 663 1794 716 militat
1817 663 1888 733 (c)
1922 679 1936 717 :
1976 674 2156 718 tamen
2194 670 2416 733 propter
2446 659 2854 730 quamplurima
2886 668 3071 714 notata
3099 662 3335 732 egregie,
3361 671 3415 716 et
3442 662 3609 716 multa

332 765 397 804 ex
431 751 536 805 lide
565 750 746 822 dignis
777 753 975 808 hausta
1004 755 1378 810 monumentis
1407 766 1460 810 et
1483 757 1884 827 antiquioribus
1909 757 2271 827 scriptoribus
2316 753 2631 811 testimonia
2660 762 2824 823 atque
2851 752 3288 817 observationes,
3338 754 3535 808 merito
3573 769 3604 807 a

331 842 465 897 viris
491 843 828 900 doctissimis
859 846 940 914 (ά)
967 845 1184 901 habitus
1207 855 1290 901 est
1313 847 1538 918 quidam
1573 848 1918 919 antiquitatis
1963 847 2353 904 ecclesiastica:
2383 847 2703 909 thesaurus,
2733 845 2933 916 dignus
2962 847 3172 918 utique,
3195 849 3248 903 in
3277 864 3390 920 quo
3420 865 3594 920 expo-

303 933 512 987 'nendo
543 933 790 990 eruditus
819 936 1019 1006 aliquis
1053 950 1106 996 et
1129 941 1339 1012 judicio
1371 945 1578 1014 pollens
1603 945 1687 998 vir
1712 947 1876 1000 etiam
1902 953 2026 1015 post
2055 944 2333 1000 Petavium
2361 942 2674 1013 diligentem
2703 955 2928 1011 operam
2958 944 3314 1014 studiumque
3343 943 3598 1000 collocet.

333 1021 410 1076 De
441 1023 718 1094 incompta
752 1035 806 1081 et
836 1028 1116 1086 salebrosa
1141 1037 1389 1090 oratione
1423 1037 1653 1091 multum
1684 1035 1945 1092 Petavius
1973 1046 2028 1092 et
2071 1035 2306 1090 Dallaeus
2333 1034 2406 1105 (ε)
2436 1042 2875 1104 conquerantur,
2903 1043 2957 1089 et
2984 1034 3098 1104 jam
3135 1033 3372 1091 Photius
3397 1036 3615 1091 notavit

327 1115 439 1168 τῶν
467 1118 732 1188 ῥημάτων
763 1122 859 1174 καὶ
883 1123 983 1194 τῆς
1015 1127 1322 1192 συντάξεως
1349 1129 1410 1183 τὸ
1447 1130 1646 1200 ἰδίωμα
1691 1130 1745 1184 in
1783 1130 1854 1184 illt

2120 1129 2361 1200 probari.
2398 1127 2464 1185 Et
2515 1139 2695 1185 tamen
2731 1127 3098 1201 Hieronymus
3131 1145 3182 1185 c.
3215 1131 3317 1185 114
3363 1131 3611 1202 Catalogi

331 1223 384 1268 et
409 1230 475 1268 ex
506 1231 572 1270 eo
605 1215 807 1273 Suidas
851 1222 1214 1292 scripserunt,
1259 1225 1548 1296 Epiphanii
1577 1227 1856 1282 volumina
1907 1229 1971 1282 ab
1999 1229 2224 1282 eruditis
2275 1237 2494 1298 propter
2526 1245 2629 1292 res,
2676 1245 2708 1281 a
2751 1225 3164 1297 simplicioribus
3194 1235 3407 1296 propter
3460 1225 3617 1280 verba

329 1301 583 1360 lectitari.
611 1306 670 1361 lu
697 1309 1051 1384 ehronologia
1083 1315 1195 1372 fere
1225 1334 1441 1388 semper
1471 1319 1730 1375 insistere
1759 1336 1883 1375 eum
1911 1321 2163 1392 vestigiis
2194 1320 2417 1377 Eusebii
2465 1331 2653 1376 monet
2684 1319 2940 1376 Petavius
2987 1319 3041 1373 in
3087 1319 3253 1384 notis,
3290 1333 3344 1387 p.
3385 1316 3470 1382 16,
3506 1331 3614 1370 non

327 1415 458 1456 raro
481 1411 664 1460 tamen
695 1407 920 1465 turbare
959 1419 1016 1466 et
1053 1412 1407 1481 hallucinari,
1433 1416 1578 1471 idem
1610 1432 1719 1471 non
1749 1433 1860 1472 uno
1895 1417 1950 1472 in
1975 1417 2097 1472 loco
2126 1417 2402 1472 observat.
2431 1417 2508 1472 Ad
2544 1417 2777 1472 haeresin
2813 1431 2864 1470 LI
2896 1412 3228 1469 conferenda
3261 1410 3466 1481 Egitlii
3509 1409 3616 1464 Bu-

329 1493 502 1548 cherii
525 1494 660 1551 diss.
689 1496 768 1552 De
798 1500 1045 1568 paschali
1073 1501 1388 1558 Judworum
1418 1505 1583 1574 cyclo.
1626 1505 1832 1561 Locum
1865 1506 2056 1561 haeres.
2095 1522 2324 1572 Lxxvttt,
2354 1521 2409 1576 p.
2435 1506 2597 1573 1059,
2627 1506 2786 1560 aliter
2818 1503 2922 1574 legi
2957 1502 3010 1556 in
3036 1516 3140 1556 ms.
3177 1498 3610 1560 Vindobonensi,

328 1590 541 1644 notavit
575 1591 928 1659 Lambecius,
960 1595 1046 1662 lll,
1080 1613 1134 1667 p.
1173 1599 1277 1654 196
1319 1599 1394 1671 [p.
1423 1599 1529 1654 486
1564 1616 1648 1670 sq.
1683 1601 1772 1656 ed.
1809 1599 2042 1671 Kollar].

396 1703 451 1755 5.
500 1704 1020 1773 Ἀνακεφαλαὶωσις,
1053 1706 1280 1762 Panarii
1322 1708 1567 1778 Epitomc
1610 1710 1677 1765 ad
1731 1711 1923 1766 eosdem

2079 1711 2360 1782 esbyteros,
2389 1712 2648 1767 Acacium
2688 1721 2742 1766 et
2775 1710 3025 1774 Paulum,
3058 1719 3191 1765 tom.
3226 1708 3292 1774 ll,
3331 1724 3453 1780 pag.
3489 1707 3606 1764 126.

328 1793 630 1848 Videndum
670 1796 991 1852 diversusnc
1024 1799 1094 1852 sit
1123 1799 1280 1868 λόγος
1318 1799 1579 1872 σύντομος
1605 1801 1716 1855 τῶν
1748 1803 1855 1873 αῐρε

2079 1803 2163 1872 qui
2215 1818 2318 1858 ms.
2365 1803 2467 1857 fuit
2507 1804 2648 1872 apud
2683 1803 2896 1859 clariss.
2942 1804 3190 1862 Galeutn.
3227 1811 3363 1857 teste
3411 1802 3606 1856 Caveo.

326 1885 494 1940 FABR.
527 1918 598 1927 —
623 1887 881 1958 Augustae
909 1888 1120 1943 Vindel.
1161 1888 1215 1941 in
1245 1889 1366 1942 cod.
1395 1889 1525 1942 bibl.
1561 1890 1710 1958 publ.
1749 1890 1833 1944 his
1864 1899 2042 1944 exstat
2076 1889 2360 1960 Epiphanii
2401 1893 2643 1962 synopsis
2688 1893 2986 1957 Iueresewr,
3031 1909 3263 1962 quarunt
3313 1902 3515 1946 matres
3561 1901 3613 1946 et

326 1982 596 2053 prototypi
633 1993 870 2054 quatuor
900 1993 1076 2048 erant,
1110 2001 1165 2038 ιι.
1202 1984 1606 2056 Βαρὸαρισμὸς,
1639 1984 1853 2056 metu,

2084 1986 2380 2058 ιληνισμὺς,
2409 1987 2844 2059 ’1ουδαῖσμό;.ν.
2875 1985 3084 2042 Reiser.
3115 1988 3257 2053 ϐαι,
3283 2004 3336 2058 p.
3360 1989 3425 2042 15
3445 1997 3498 2042 et
3522 1988 3611 2050 25,

327 2074 380 2128 9.
412 2105 482 2114 —
512 2075 726 2130 Dublini
759 2078 812 2132 in
843 2076 904 2132 Β.
939 2078 1130 2149 colleg.
1164 2078 1222 2132 S.
1261 2077 1485 2144 'l‘rinit.,
1515 2081 1636 2136 cod.
1677 2080 1797 2147 157,
1825 2098 1850 2136 s

2083 2082 2173 2136 tal.
2205 2083 2321 2136 cod.
2355 2083 2581 2154 Anglite,
2616 2095 2747 2139 tom.
2779 2085 2859 2152 11,
2888 2102 2940 2156 p.
2975 2085 3067 2147 24,
3097 2102 3157 2139 ιι.
3193 2085 3320 2149 278,
3349 2087 3439 2151 56,
3470 2089 3610 2140 Ana-

326 2168 685 2238 cephalteosis.
712 2169 864 2226 Alios
890 2170 1005 2240 jam
1041 2171 1108 2226 ad
1142 2187 1196 2224 ιι.
1229 2171 1250 2226 1
1286 2179 1340 2226 et
1363 2171 1398 2224 2
1426 2182 1589 2242 atque
1619 2171 1913 2228 editionem
1940 2171 2055 2228 Jos.
2085 2173 2222 2229 Mar.
2254 2173 2533 2232 Thomasii
2563 2177 2631 2231 ad
2659 2192 2713 2230 ιι.
2750 2176 2773 2229 1
2810 2177 3130 2232 memoravi.
3163 2176 3336 2236 Hau.

398 2283 447 2338 4.
490 2287 625 2359 Περὶ
657 2286 870 2358 μέτρων
907 2288 1003 2342 καὶ
1030 2287 1307 2359 σταθμῶν,
1341 2288 1500 2344 Liber
1528 2289 1591 2346 de
1615 2291 1925 2362 ponderibus

2087 2294 2324 2360 Lemuria,
2362 2302 2498 2348 tom.
2534 2292 2596 2358 ll,
2645 2309 2770 2364 pag.
2802 2293 2928 2360 158,
2958 2310 3118 2364 quem
3161 2293 3448 2364 Epiphanii
3493 2309 3614 2349 esse

325 2381 621 2453 genuinum
658 2383 827 2439 letum
858 2384 1005 2440 haud
1026 2385 1234 2452 dubito,
1266 2386 1394 2442 licet
1423 2387 1562 2442 levia
1591 2397 1645 2443 et
1671 2389 1854 2458 inepta
1886 2390 2054 2444 multa
2083 2391 2137 2444 in
2167 2406 2233 2445 eo
2253 2391 2659 2461 deprehendere
2686 2391 2788 2445 sibi
2818 2392 2968 2447 visus
2991 2392 3061 2447 sit
3089 2391 3316 2448 Latinus
3347 2391 3610 2459 Latinius,

325 2490 461 2534 tum.
495 2481 536 2534 ll
568 2479 765 2550 Epist.,
801 2496 926 2552 pag.
960 2481 1085 2537 144.
1115 2481 1328 2537 Partem
1357 2484 1713 2553 posteriorem
1747 2499 1778 2539 a
1808 2499 1928 2554 cap.
1967 2484 2031 2539 21
2081 2484 2267 2540 Graece
2293 2496 2348 2540 et
2376 2486 2568 2542 Latine
2606 2486 2847 2556 vulgavit
2892 2485 3202 2556 Stephanus
3246 2487 3295 2542 le
3335 2486 3529 2558 Moyne
3559 2489 3614 2542 in

336 2569 514 2627 Variis
546 2571 736 2636 sacris,
771 2579 904 2626 tom.
933 2570 975 2639 l,
1006 2587 1060 2642 p.
1095 2571 1219 2638 470,
1250 2573 1567 2644 subjuncta,
1599 2589 1653 2644 p.
1689 2573 1816 2641 490,
1847 2573 2074 2644 antiqua
2108 2574 2356 2631 versione
2390 2576 2608 2640 Latina,
2635 2589 2762 2631 ante
2810 2579 3036 2633 inedita.
3068 2580 3150 2634 Ad
3190 2580 3368 2634 locum
3422 2595 3544 2649 cap.
3587 2581 3611 2634 1

326 2663 495 2734 hujus
529 2663 674 2731 libri,
703 2679 814 2734 quo
845 2674 1005 2721 notas
1038 2658 1275 2723 Biblicas
1311 2666 1536 2738 exponit
1563 2665 1925 2738 Epiphanius,
1950 2667 2297 2736 conjecturas
2335 2683 2487 2723 meas
2521 2668 2818 2738 aliquando
2850 2670 3110 2738 proposui
3148 2670 3210 2724 D.
3247 2670 3476 2740 ltlayero,
3514 2673 3611 2739 qui

328 2775 418 2815 eas
437 2760 654 2832 probari
679 2761 783 2816 sibi
805 2769 1035 2818 testatus
1057 2772 1142 2818 est
1168 2762 1223 2817 itt
1241 2763 1488 2818 Historia
1508 2763 1762 2818 versionis
1779 2759 2416 2817 Cermanichibliorum
2437 2761 2502 2816 ο.
2522 2761 2761 2832 Lat/teri,
2789 2779 2844 2834 p.
2859 2763 2985 2818 210.
3008 2762 3186 2818 Locus
3198 2779 3249 2818 c.
3268 2762 3322 2828 4,
3348 2761 3436 2817 ubi
3462 2760 3614 2834 ἀρών

327 2854 618 2924 exponitur
637 2857 670 2926 ἡ
689 2855 787 2928 τῆς
804 2853 1070 2927 διαθήκης
1102 2853 1352 2920 κιϐωτός,
1373 2853 1610 2909 illustrat
1635 2853 1800 2908 verba
1827 2851 1854 2906 Α

2090 2853 2103 2906 i
2135 2852 2358 2907 Sinaitaz
2391 2852 2485 2907 lib.
2505 2869 2578 2907 xtt
2597 2855 3018 2924 Anagogicarum
3035 2853 3532 2924 contemplationum
3561 2855 3617 2908 in

328 2950 713 3012 Hexaemeron,
746 2963 867 3018 pag.
894 2946 985 3014 26,
1017 2960 1181 3015 quem
1216 2945 1517 3016 intelligere
1542 2961 1601 3001 se
1631 2953 1789 3016 negat
1813 2945 2064 3001 eruditus
2095 2945 2384 3014 interpres.
2424 2943 2499 3000 De
2541 2945 2801 3016 operibus
2838 2945 2944 3000 illis
2988 2945 3178 3014 viginti
3229 2945 3465 3010 duobus,
3497 2959 3619 3014 qua:

328 3057 447 3109 cap.
482 3040 543 3093 2|
578 3055 695 3110 seq.
721 3055 750 3094 a
789 3039 901 3094 Deo
931 3039 1151 3096 condita
1177 3039 1370 3096 scribit
1399 3039 1759 3111 Epiphanius,
1792 3055 2024 3111 quaeque
2064 3040 2392 3110 respondere
2425 3040 2541 3094 vult
2575 3039 2799 3093 totidem
2837 3038 2992 3093 libris
3026 3034 3239 3092 Veteris
3278 3036 3616 3091 Testamenti

329 3133 632 3203 litterisque
674 3133 974 3204 alphabeti,
1003 3132 1195 3190 confer
1240 3133 1595 3190 Lambecium
1625 3135 1722 3190 lib.
1751 3150 1836 3202 ιιι,
1881 3150 2003 3206 pag.
2042 3135 2132 3200 10,
2171 3135 2275 3204 101,
2303 3145 2357 3190 et
2396 3135 2510 3192 I96.
2546 3134 2713 3190 Fusa.
2742 3165 2812 3174 -—
2843 3135 2898 3188 In
2929 3133 3052 3189 eod.
3083 3132 3320 3190 Vindob.
3354 3135 3494 3189 Cass.
3527 3135 3618 3195 89,

328 3244 383 3281 ιι.
421 3226 520 3291 19;
555 3224 745 3280 Lamb.
781 3235 912 3282 tom.
942 3225 1029 3292 lll,
1056 3242 1180 3297 pag.
1216 3225 1342 3291 485,
1379 3242 1438 3282 ιι.
1471 3227 1560 3292 19,
1593 3243 1719 3284 cum
1755 3237 1884 3284 nota
1920 3228 2242 3284 Kollarii.—
2270 3227 2659 3298 Fragmentum
2693 3228 2746 3281 in
2780 3226 2976 3282 Lamb.
3011 3226 3332 3292 Comment.,
3362 3237 3494 3281 tom.
3530 3225 3616 3293 lll,

329 3335 376 3388 p.
407 3318 516 3372 472
539 3330 593 3374 et
619 3319 746 3383 477,
781 3327 899 3375 tum
927 3319 980 3373 in
1009 3317 1132 3374 cod.
1164 3316 1293 3383 282,
1325 3333 1379 3372 ιι.
1409 3317 1475 3382 5;
1501 3318 1628 3386 285,
1661 3335 1716 3374 n.
1750 3319 1840 3385 10,

2089 3319 2202 3382 Vll,
2236 3336 2290 3390 p.
2319 3321 2444 3382 555,
2478 3320 2534 3374 in
2562 3319 2686 3375 cod.
2727 3320 2849 3383 155,
2881 3336 2936 3374 n.
2965 3320 3057 3388 22,
3089 3321 3182 3376 sed
3211 3322 3282 3376 ab
3311 3321 3399 3376 ed.
3429 3319 3616 3376 Petav.

328 3423 460 3466 tum.
496 3411 560 3477 ll,
587 3428 641 3484 p.
674 3413 798 3477 158,
830 3411 968 3467 mire
1011 3412 1286 3481 dissentit,
1311 3414 1610 3471 adnotante
1657 3415 1860 3472 Kollar.
1895 3416 1962 3472 ad
1994 3415 2059 3482 V,
2095 3431 2148 3486 p.
2182 3416 2280 3471 471
2315 3415 2377 3483 Β,
2413 3425 2466 3471 et
2499 3417 2565 3471 ad
2597 3415 2710 3481 Vll,
2741 3433 2795 3486 p.
2829 3416 2936 3473 535
2965 3417 3031 3472 A.
3084 3417 3144 3473 In
3186 3419 3308 3474 cod.
3343 3418 3466 3486 127,
3500 3436 3556 3473 ιι.
3588 3417 3622 3474 5

327 3518 380 3561 et
414 3507 468 3571 8,
495 3521 654 3577 opus,
686 3515 744 3561 at
775 3506 1049 3574 mutilum,
1080 3507 1300 3579 legitur,
1330 3517 1466 3566 teste
1489 3509 1730 3567 Kollario
1775 3512 1830 3567 in
1881 3511 2148 3582 Supplem.
2190 3513 2259 3567 ad
2290 3511 2476 3567 Lamb.
2512 3513 2830 3580 Comment.,
2862 3531 2916 3585 p.
2951 3515 3056 3568 759
3089 3530 3203 3586 seq.
3239 3545 3311 3558 --
3345 3515 3617 3571 Montfan-

328 3603 518 3658 con.in
547 3601 806 3672 Palazogr.
847 3601 965 3666 Gn,
995 3619 1049 3672 p.
1081 3601 1186 3658 365
1221 3619 1399 3675 seqq.,
1431 3607 1654 3675 copiose
1686 3607 1799 3677 agit
1825 3608 1892 3663 de
1932 3607 2074 3664 notis
2108 3623 2487 3664 mensurarum
2520 3622 2585 3662 ac
2615 3606 2943 3677 ponderum,
2979 3617 3034 3663 et
3058 3608 3124 3663 de
3160 3608 3308 3664 notis
3339 3607 3616 3678 margina-

331 3699 473 3752 lihus
502 3698 762 3753 librorum
787 3719 803 3766 ;
838 3713 960 3769 pag.
993 3697 1100 3752 570
1126 3714 1280 3770 seqq.
1309 3716 1375 3756 ex
1405 3701 1708 3772 Epiphanio
1738 3703 1922 3774 pasuit
1948 3711 2111 3774 atque
2133 3704 2392 3774 explicuit
2415 3704 2652 3758 tabulam
2685 3713 2938 3759 notarum
2967 3718 3066 3774 pro
3098 3705 3372 3758 mensuris
3399 3714 3452 3757 et
3479 3719 3639 3773 pon-_

328 3792 572 3845 deribus.
608 3823 678 3832 —-
712 3791 872 3845 Breve
900 3804 1201 3861 excerptum
1243 3794 1307 3849 de
1351 3797 1636 3859 mensuris,
1662 3806 1791 3864 etc.,
1828 3796 1882 3850 in
1917 3796 2039 3851 eod.
2069 3795 2327 3850 Laurent.
2357 3795 2448 3860 58,
2484 3811 2634 3850 num.
2667 3795 2721 3859 8,
2752 3796 2885 3865 plttt.
2920 3796 3012 3862 59,
3045 3805 3181 3851 teste
3228 3793 3460 3850 Bandin.
3494 3795 3614 3852 Cat.

329 3881 482 3934 codd.
524 3878 641 3944 Gr.,
675 3892 806 3936 tom.
841 3881 904 3946 ll,
943 3897 1066 3954 pag.
1097 3885 1223 3952 570,
1272 3885 1447 3942 Paris.
1478 3887 1538 3941 In
1570 3887 1632 3941 Β.
1663 3887 1810 3957 publ.
1841 3902 2083 3958 qumque
2111 3885 2269 3942 codd.
2305 3897 2389 3941 est
2415 3884 2609 3956 Epiph.
2639 3885 2734 3941 lib.
2767 3885 2843 3940 De
2877 3886 3121 3956 pondera,
3155 3893 3260 3940 etc.
3299 3883 3363 3939 V.
3402 3885 3513 3939 ind.
3549 3885 3619 3938 ad

326 3975 434 4030 vol.
475 3973 518 4028 ll
574 3974 688 4031 Cat.
716 3976 896 4042 ccdd.,
928 3993 982 4030 ν.
1014 3977 1280 4046 Epiphan.
1314 3978 1374 4032 In
1400 3977 1524 4033 cod.
1565 3978 1666 4032 146
1699 3979 2006 4033 membran.
2037 3986 2120 4034 est
2147 3987 2338 4032 catena
2369 3978 2425 4031 in
2459 3976 2703 4032 Psalmos
2733 3992 2800 4030 ex
2830 3976 3134 4046 Epiphanio
3163 3977 3395 4044 aliisque
3431 3975 3618 4030 inultis

329 4068 690 4136 scriptoribus
722 4067 1112 4124 ecclesiasticis
1138 4078 1414 4125 contexta.
1444 4068 1855 4124 Przemittuntur
1901 4071 2076 4125 instar
2107 4069 2414 4139 Prolegom.
2451 4070 2469 4121 1
2499 4111 2513 4133 ,
2562 4068 2828 4137 Excerpta
2851 4085 2918 4122 ex
2946 4067 3224 4139 Epiph.{de
3251 4065 3402 4119 LXX
3435 4064 3618 4119 Inter-

327 4155 582 4225 pretibus,
609 4159 832 4227 aliisque
860 4159 1133 4212 variarum
1152 4159 1447 4212 versionum
1472 4158 1802 4224 auctoribus,
1839 4167 1916 4226 et,
1943 4160 1980 4212 2
2006 4175 2172 4214 anon.
2199 4160 2266 4214 de
2294 4159 2482 4214 eodem
2511 4168 2834 4230 argumento
2857 4173 3131 4229 excerpta.
3166 4158 3372 4215 Pariter
3407 4157 3458 4212 in
3485 4159 3613 4213 cod.

327 4245 527 4302 Medic.
564 4244 618 4311 5,
661 4249 798 4316 plut.
848 4247 903 4312 6,
931 4249 1026 4319 qui
1059 4249 1304 4304 continet
1335 4248 1524 4304 Caten.
1555 4248 1784 4304 Patrum
1835 4251 1890 4304 in
1940 4248 2210 4314 Psalmos,
2254 4248 2605 4320 pra-mittitur
2639 4247 2831 4318 Epiph.
2859 4247 2923 4302 de
2962 4248 3110 4303 LXX
3145 4247 3454 4316 Interpret.,
3483 4257 3617 4313 etc.,

329 4343 445 4396 sive
473 4343 653 4411 potius
697 4343 937 4413 epitome
963 4358 1154 4397 eorum
1185 4361 1305 4413 quae
1336 4343 1529 4414 Epiph.
1563 4346 1619 4399 in
1667 4345 1808 4400 libro
1842 4343 1916 4399 De
1945 4345 2286 4414 ponderibus,
2321 4352 2451 4410 etc.,
2480 4343 2760 4398 memoria!
2792 4343 3054 4412 prodidit,
3088 4343 3264 4396 indice
3296 4340 3527 4394 Bandin.
3563 4340 3618 4394 in

330 4435 452 4492 Cat.
477 4435 633 4488 codd.
661 4433 754 4488 Gr.
781 4433 972 4498 Laur.,
1001 4434 1040 4501 l,
1069 4453 1122 4506 p.
1151 4435 1242 4491 87.
1268 4438 1430 4506 Atqui
1458 4436 1806 4492 Montl‘aucon
1835 4447 1874 4492 t.
1905 4437 1925 4491 l
1963 4437 2188 4505 Hexapl.
2225 4434 2468 4505 Origenis
2498 4433 2890 4507 (Paris.17l5,
2916 4434 3061 4505 lol.),
3088 4451 3140 4504 p.
3165 4434 3234 4490 86
3256 4449 3406 4503 seqq.
3437 4431 3621 4502 prole-

329 4543 544 4598 gunten.
575 4528 664 4591 (iu
700 4526 944 4582 Babrdtii
978 4528 1064 4582 ed.
1095 4537 1133 4584 ι.
1169 4527 1210 4588 1,
1244 4544 1366 4597 pag.
1404 4528 1686 4599 177-182),
1724 4543 1790 4584 ex
1823 4529 1947 4584 cod.
1983 4545 2096 4599 reg.
2125 4527 2297 4582 Paris.
2331 4526 2456 4588 116,
2485 4541 2550 4581 ac
2577 4525 2837 4582 Vaticano
2861 4525 3048 4589 edidit,
3074 4523 3133 4579 S.
3157 4523 3445 4594 Epiphanii
3475 4524 3620 4590 Περὶ

328 4618 447 4670 τῶν
472 4623 528 4670 0'
566 4616 979 4687 Ἑρμηνευτῶν
1002 4617 1100 4671 καὶ
1131 4616 1248 4669 τῶν
1266 4617 1855 4686 παρερμηνευσάντωλ

2092 4617 2213 4670 ,ΧΧ
2249 4616 2624 4686 lnterpretibus
2659 4628 2704 4671 et
2733 4617 2798 4670 de
2819 4617 2943 4670 aliis
2965 4617 3056 4687 qui
3095 4633 3242 4669 secus
3278 4617 3619 4684 interpretati

329 4720 472 4776 sunt,
501 4711 776 4779 epitonten
813 4723 1028 4772 eorum,
1055 4710 1148 4766 sed
1185 4708 1521 4762 tlillerentetn
1555 4709 1609 4762 in
1643 4710 1994 4779 quibusdam,
2032 4725 2154 4780 qua:
2187 4710 2237 4763 in
2269 4707 2558 4779 Epiphanii
2587 4709 2725 4762 libro
2760 4707 2831 4760 De
2863 4707 3180 4778 ponderibus
3223 4723 3286 4759 ac
3331 4707 3616 4772 mensuris,

329 4804 396 4867 de
428 4806 616 4858 eodem
649 4814 974 4875 argumento
1012 4805 1284 4873 leguntur.
1319 4800 1395 4855 De
1433 4802 1656 4873 Syriaca
1684 4803 1919 4872 epitome
1953 4801 2290 4856 narrationis
2320 4800 2592 4870 Epiphan.
2627 4815 2680 4853 ν.
2716 4799 2889 4853 Bruns
2928 4799 2979 4853 in
3012 4799 3328 4855 Eiehhornii
3360 4797 3618 4866 Reperto-

334 4893 410 4945 rio
435 4894 524 4962 [ur
552 4892 681 4947 bibl.
719 4911 772 4950 tt.
803 4891 1294 4965 morgenla‘ndische
1327 4890 1642 4957 Litteratur,
1675 4901 1816 4964 part.
1851 4909 1961 4956 ιιι,
1991 4909 2043 4963 p.
2075 4892 2181 4947 591·
2211 4908 2364 4962 seqq.
2402 4891 2560 4946 Conf.
2593 4907 2781 4961 supra,
2811 4892 2918 4947 vol.
2950 4890 3040 4955 lll,
3067 4909 3190 4962 pag.
3220 4891 3324 4947 690
3355 4907 3508 4960 seqq.
3549 4919 3624 4930 —-

403 5161 480 5228 (a)
524 5160 908 5234 illelanchthon
929 5203 944 5227 ,
982 5179 1056 5228 tv,
1107 5163 1267 5234 epist.
1302 5163 1395 5228 89,
1433 5165 1500 5219 ad
1531 5163 1836 5225 Camerar.,
1871 5179 1924 5218 a.
2028 5172 2186 5216 serta:
2213 5173 2359 5234 sunt,
2383 5171 2444 5234 et
2461 5161 2657 5234 alicubi
2688 5161 3009 5234 negligenter
3038 5161 3364 5234 perscriptte:

334 5234 473 5287 1529
505 5252 514 5286 :
567 5233 738 5286 Attuli
765 5250 797 5285 a
830 5231 1012 5300 Lmth
1044 5229 1146 5287 huc
1187 5233 1479 5303 Epiphanit'
1515 5234 1726 5289 Grrecos
1761 5234 1930 5288 libros
2103 5236 2180 5297 (ὁ)
2219 5233 2283 5286 D.
2319 5232 2668 5303 Christianus
2701 5229 3016 5286 Kurtltoltus
3040 5229 3190 5303 notis
3228 5233 3292 5284 ad
3334 5229 3618 5303 Justinum

332 5305 469 5374 Περὶ
497 5303 786 5373 αἱρὲςεων.
815 5299 1072 5374 (ιιιξᾼιιιὶιιὶ
1103 5299 1252 5360 valde
1280 5299 1509 5373 placent.
1540 5305 1859 5373 Propemodt

2088 5309 2357 5374 artyretn',
2398 5320 2450 5372 p.
2480 5304 2579 5367 41;
2612 5301 2846 5357 Dallaeus
2879 5303 2954 5355 De
2983 5318 3080 5374 usu
3104 5299 3369 5374 Patrum,
3401 5301 3615 5374 15272.

331 5371 616 5428 historiam
665 5376 852 5428 veteris
889 5371 1145 5429 Ecclesia:
1172 5371 1459 5430 continent.
1501 5375 1582 5430 Ex
1613 5371 1695 5429 his
1723 5376 1858 5429 deert

2103 5371 2189 5443 (εγ
2219 5371 2481 5434 Pltotitis.
2530 5375 2676 5443 cod.
2717 5374 2853 5429 122.
2901 5372 3161 5443 ἈσΘενὴς
3191 5371 3247 5424 δὲ
3284 5373 3346 5423 ὲκ
3382 5371 3476 5424 τοῦ
3523 5373 3619 5425 ἐπὶ

331 5461 605 5528 ςᾳξςονρειε
651 5446 941 5528 ἐπιῖομήν.
968 5445 1247 5528 βιρρίει.
1283 5448 1352 5502 90
1382 5467 1395 5502 :
1433 5446 1711 5528 Ἱστορικά
1741 5447 1796 5499 in
1836 5447 1858 5498 i

2092 5441 2284 5497 tsietov
2312 5447 2370 5496 ὲν
2395 5447 2516 5507 ταῖς
2551 5442 2697 5498 κατὰ
2722 5443 2831 5495 τῶν
2861 5441 3138 5496 δυσσεόὠν
3173 5443 3439 5514 αἱρέσεων
3474 5459 3619 5512 συμ-

331 5516 470 5569 libro
503 5529 623 5570 sunt
663 5519 851 5579 multa,
881 5526 929 5570 et
961 5518 1272 5588 indicuntur
1304 5521 1471 5588 magis
1497 5516 1730 5586 quidem,
1762 5533 1923 5585 quam
2031 5518 2280 5588 πλοκαῖς.

332 5598 668 5653 exponuntur
693 5605 768 5641 etc
799 5603 902 5652 res,
929 5605 1045 5655 quw
1080 5587 1211 5641 alibi
1259 5605 1360 5641 non
1387 5581 1620 5643 exstant.
1665 5581 1922 5655 Hispala-
2101 5587 2179 5654 (tl)
2222 5585 2484 5653 Scaliger.
2531 5586 2598 5639 ad
2646 5583 2845 5655 Euseb.
2890 5590 2959 5655 el_
3001 5583 3054 5636 in
3107 5581 3534 5655 AScaligert'anis,
3563 5593 3619 5637 et

338 5652 410 5730 tio
447 5667 619 5709 autem
666 5658 821 5725 ltnjns
871 5652 1105 5711 auctoris
1141 5660 1266 5728 περὶ
1309 5659 1597 5729 δογμάτων
1627 5669 1674 5711 et
1709 5652 1920 5739 langtt‘i-
2037 5652 2252 5739 tamen:
2287 5652 2570 5739 trilitcresn
2603 5671 2651 5708 c.
2778 5670 2790 5714 ;
2823 5652 2889 5704 Is.
2924 5653 3302 5739 Casattnli’ogtcs,
3330 5663 3436 5706 etc.

339 5728 455 5782 dtur
486 5739 598 5794 est,
631 5740 678 5784 et
724 5723 832 5786 illa:
873 5731 1033 5784 etiam
1074 5723 1422 5785 narrationes
1459 5746 1560 5784 non
1610 5723 1813 5799 ubique
1840 5729 1866 5779 tl

1691 5723 1813 5799 me
1840 5728 1921 5780 di-
2101 5731 2171 5798 (ρ)
2214 5728 2443 5784 υεξηιρυε
2477 5729 2552 5782 De
2583 5743 2681 5780 usu
2712 5724 2958 5790 Patrum,
2994 5739 3047 5786 p.
3097 5723 3218 5777 158.
