3866 6066
1304 287 1589 347 norma
1625 290 1698 346 ιιι
1728 291 1788 348 s.
1826 286 2272 353 EPIP‘IIANIUM.
3372 286 3450 363 ix‘

182 392 241 453 De
267 395 570 469 Epiphanii
620 404 933 460 narratione
961 420 1081 477 cap.
1113 405 1167 473 5,
1199 407 1254 474 6,
1287 407 1341 475 9,
1370 410 1437 465 10
1460 420 1514 467 et
1544 411 1631 477 11,
1659 410 1728 468 de
1757 414 2010 472 versione
2056 414 2200 475 LXX
2230 415 2324 473 Gr.
2351 416 2708 490 epistolisque
2752 416 2900 489 regis
2925 414 3065 473 Ptol.
3092 418 3161 475 ad
3189 418 3432 490 Iudaeos,

184 502 224 547 et
248 492 305 546 de
339 507 673 565 comparata
698 496 925 555 Aristea:
955 502 1271 558 narratione
1300 503 1406 559 late
1429 504 1653 561 disserit
1683 508 1752 562 cl.
1785 505 1917 563 Ern.
1947 507 2097 565 Frid.
2127 509 2256 566 Car.
2288 509 2669 568 Rosenmitller
2698 512 2753 568 in
2785 532 2801 569 :
2828 513 3123 569 Handbuctt
3153 516 3242 585 [ῆν
3269 514 3439 571 Litte-

183 586 597 736 ilraturderﬂbibl.
637 588 814 646 Kritilt
844 596 953 650 und
979 594 1231 670 Exegese,
1264 608 1397 689 tom.
1425 598 1490 668 Il,
1525 616 1579 672 p.
1611 601 1717 657 570
1744 617 1922 674 seqq.,
1952 602 2196 675 Gotting.
2226 603 2387 670 1798,
2416 604 2492 670 8°,
2535 613 2590 662 et
2636 623 2690 679 p.
2726 607 2834 663 412
2856 622 2972 679 seq.
3003 637 3074 650 -—
3099 610 3238 665 Add.
3274 609 3439 681 Bayle

202 697 274 736 oc.
294 693 387 736 cit.
478 699 607 736 Λιιι..
957 692 963 699 '
2333 708 2352 718 ν

202 697 274 736 oc.
294 692 387 738 cit.
424 692 607 742 ﬂsnL.
957 692 963 699 ’

957 692 963 699 ι

2333 708 2351 718 ρ

245 779 292 884 ξ’).
333 778 640 847 Epistulam
668 784 740 838 ad
763 785 1023 842 Joannem
1044 789 1584 861 Hierosolymitanum
1629 790 1650 862 (
1673 792 1813 848 male
1843 790 2491 861 Constantinopolitanum
2529 795 2694 850 habet
2722 795 3005 855 Possevin.
3030 799 3050 872 )
3095 801 3435 871 episcopum,

190 877 262 927 cui
289 877 655 946 arrogantiam
687 889 741 934 et
769 881 1019 952 Origenis
1057 883 1427 941 defensionem
1474 886 1789 956 exprobrat,
1825 884 2016 942 Latine
2060 898 2269 962 tantum
2312 905 2379 944 ex
2425 891 2675 946 versione
2717 891 3051 964 Hieronymi.
3080 895 3172 964 qui
3202 894 3349 951 illius
3383 896 3438 951 in

185 969 324 1037 epist.
356 971 573 1038 101,ad
612 972 958 1045 Pammach.,
985 982 1252 1048 meminit,
1284 990 1418 1039 tom.
1450 980 1495 1037 II
1522 981 1819 1053 Epiphau.,
1850 1000 1906 1054 p.
1934 985 2058 1040 512.
2090 986 2199 1041 Pro
2230 996 2471 1055 eglrema
2496 997 2652 1059 parte
2680 990 2846 1060 hujus
2870 991 3112 1062 epistolae
3142 992 3356 1047 laudata
3384 994 3437 1047 in

184 1064 342 1122 Libris
371 1068 664 1139 Carolinis,
698 1090 772 1141 Iv,
808 1076 899 1143 25,
931 1085 987 1133 et
1025 1080 1235 1150 synodo
1263 1078 1465 1144 Paris.,
1498 1095 1554 1151 p.
1581 1081 1707 1147 555,
1743 1080 1819 1135 De
1847 1082 2191 1152 imaginibus,
2226 1098 2349 1153 cap.
2382 1084 2435 1151 7,
2477 1096 2532 1140 et
2577 1101 2608 1139 a
2639 1085 3081 1158 Tuhingensibus
3109 1087 3176 1141 ad
3208 1087 3441 1157 patriar-

181 1163 324 1217 chain
355 1163 669 1234 Jeremiam,
698 1185 806 1239 qua
835 1187 968 1229 usus
1009 1173 1320 1253 imaginum.
1349 1178 1404 1234 in
1438 1178 1680 1234 Ecclesia
1716 1178 2077 1248 improbatur,
2107 1178 2297 1234 confer
2319 1196 2442 1250 qua:
2470 1180 2749 1237 disserunt
2773 1182 2983 1238 Natalis
3007 1181 3163 1236 Alex.
3199 1198 3325 1240 szec.
3366 1199 3440 1249 tv,

179 1270 287 1401 ἣν.
319 1258 372 1323 6,
402 1266 509 1314 art.
532 1260 651 1406 f8;
688 1259 835 1318 Elias
865 1265 937 1320 du
969 1263 1069 1320 Pin
1105 1276 1238 1322 tom.
1269 1267 1315 1322 II
1354 1267 1613 1323 Biblioth.
1640 1267 1850 1334 eccles.,
1879 1282 2004 1340 pag.
2045 1269 2172 1337 297,
2208 1286 2272 1326 ac
2303 1271 2575 1342 praecipue
2606 1270 2657 1341 J.
2694 1271 2927 1329 Dallaius
2966 1272 3046 1326 De
3094 1272 3440 1344 imaginibus,

198 1366 210 1402 ι
249 1386 263 1402 .
296 1366 354 1406 ιι.
382 1368 504 1406 can.
570 1394 584 1406 .

198 1366 263 1402 iu.
296 1366 354 1413 ιι,
382 1368 504 1422 cap.
532 1366 584 1408 4.

241 1445 290 1499 6.
334 1446 581 1518 Epistula
611 1452 791 1511 brevis
821 1456 892 1511 ad
922 1459 1328 1530 Hieronymum,
1359 1474 1466 1530 qua
1514 1460 1631 1529 ejus
1659 1469 1714 1517 et
1739 1460 2027 1532 Theophili
2062 1462 2218 1517 Alex.
2257 1462 2433 1517 zelum
2464 1459 2728 1516 adversus
2753 1456 3042 1532 Origenem
3070 1461 3285 1530 probat.
3315 1460 3444 1516 Haec

177 1539 354 1596 Latine
382 1543 583 1613 legitur
610 1547 752 1603 inter
778 1550 1037 1620 epistolas
1072 1555 1389 1628 Hieronymi
1421 1556 1511 1621 75,
1533 1569 1587 1612 et
1612 1556 1899 1628 Theophili
1927 1558 2083 1613 libris
2108 1565 2124 1625 (
2152 1558 2265 1613 sive
2289 1557 2535 1628 epistolis
2569 1556 2794 1627 potius)
2824 1555 3177 1626 paschalibus
3206 1557 3444 1627 praeﬁgi-
3520 1616 3523 1621 η

177 1637 259 1682 tur
292 1630 342 1682 in
389 1634 776 1705 Ilwresiologia
809 1637 1047 1707 Heroldi,
1088 1659 1212 1714 pag.
1243 1643 1368 1708 615,
1395 1652 1449 1723 et
1486 1644 1540 1698 in
1572 1643 1916 1699 Bibliotltecis
1953 1644 2211 1710 Patrum;
2241 1652 2295 1699 at
2326 1661 2357 1700 a
2386 1644 2609 1700 Petavio
2636 1647 2838 1701 omissa
2863 1655 2964 1702 est.
2997 1648 3155 1718 Apud
3185 1647 3442 1703 eumdem

181 1724 555 1800 Hieronymum
584 1743 765 1789 exstat
791 1745 843 1791 et
874 1737 1105 1808 epistola
1135 1737 1251 1810 [66]
1276 1738 1560 1809 Theophili
1583 1740 1738 1795 Alex.
1767 1740 1835 1795 ad
1858 1739 2244 1811 Epiphanium.
2272 1738 2517 1796 ann.—
2539 1741 2615 1797 De
2637 1750 2868 1811 utraque
2893 1742 3122 1811 epistola
3149 1759 3204 1802 v.
3234 1754 3349 1798 not.
3375 1740 3442 1807 B,

176 1818 226 1874 in
257 1820 414 1893 Bayle
446 1823 619 1888 Dict.,
653 1836 710 1879 v°
733 1824 953 1899 Epiplt.,
984 1846 1039 1901 ι).
1066 1831 1158 1888 44.
1199 1861 1273 1875 --
1320 1832 1608 1903 Epiphanii
1636 1850 1703 1904 ep:

1925 1836 2234 1906 Hierongm.
2267 1847 2351 1890 est
2373 1833 2552 1892 Oxon.
2583 1834 2637 1890 in
2669 1835 2790 1890 cod.
2824 1834 2895 1889 20
2926 1835 3060 1890 bibl.
3088 1837 3300 1906 collegii
3333 1836 3438 1893 Ba-

172 1914 375 2007 liolens.
413 1933 461 1973 s.
494 1935 551 1974 ιι.
585 1920 693 1976 426
721 1921 842 1978 Cat.
872 1925 1027 1979 codd.
1072 1926 1255 1999 Angl.,
1290 1935 1424 1984 tom.
1453 1926 1494 1995 l,
1525 1937 1668 1999 part.
1704 1945 1763 1995 ιι,
1793 1945 1846 2000 p.
1884 1929 1969 1995 10,
2001 1939 2055 1985 et
2084 1929 2301 1985 Dublini
2329 1930 2383 1984 in
2421 1930 2544 1986 cod.
2594 1930 2647 1994 7,
2677 1933 2744 1986 12
2790 1932 2876 2005 (s.
2907 1951 2964 1992 n.
2995 1933 3097 1989 147
3137 1933 3258 1990 Cat.
3295 1935 3442 2007 cit.),

168 2006 285 2062 coll.
321 2006 378 2061 S.
409 2007 717 2078 Trinitatis,
753 2011 929 2069 Paris.
958 2014 1012 2069 in
1042 2013 1103 2072 B.
1136 2016 1283 2087 publ.
1317 2018 1461 2073 inter
1504 2018 1666 2074 codd.
1698 2017 1878 2075 Latin.
1909 2020 1961 2074 in
2009 2021 2132 2074 cod.
2161 2019 2323 2084 1890,
2352 2035 2406 2074 n.
2438 2019 2463 2073 1
2489 2037 2505 2081 ;
2538 2018 2733 2090 Epiph.
2763 2022 2923 2092 epist.
2952 2022 3019 2078 ad
3048 2020 3207 2078 Joau.
3246 2006 3444 2079 Ilierov

169 2097 552 2168 solymitanum
582 2109 643 2153 et
663 2102 717 2155 in
741 2102 900 2158 codd.
926 2103 1070 2158 2172
1095 2114 1152 2160 et
1177 2122 1294 2177 seq.
1322 2123 1408 2179 ep.
1426 2110 1494 2163 ad
1531 2108 2265 2182 Hieronymum—Venetiis
2288 2111 2341 2164 in
2373 2106 2700 2168 B.Michbel.
2731 2122 2865 2168 teste
2893 2113 3284 2186 Mittarellio‘in
3316 2112 3441 2172 Cat.

168 2193 339 2260 codd.,
366 2210 423 2264 p.
453 2195 582 2262 551,
613 2206 667 2252 et
701 2197 755 2251 in
785 2197 910 2254 aliis
940 2201 1296 2270 epistularum
1334 2202 1557 2260 Hieron.
1582 2205 1742 2261 codd.
1773 2215 1938 2275 atque
1970 2205 2094 2261 edd.
2125 2235 2197 2246 —
2227 2200 2283 2261 In
2317 2205 2438 2262 cod.
2471 2205 2699 2262 Coislin.
2733 2205 2857 2272 505,
2915 2206 3008 2262 fol.
3037 2206 3163 2272 207,
3211 2218 3341 2263 sunt
3384 2208 3443 2262 in

168 2304 268 2344 una
297 2302 351 2346 et
380 2292 609 2348 dimidia
655 2293 852 2364 pagina
895 2297 1144 2364 quaedam
1172 2313 1239 2354 ea:
1269 2297 1557 2369 Epiphanii
1586 2298 1650 2355 de
1681 2298 1924 2372 Origene,
1952 2306 2091 2357 teste
2114 2299 2485 2356 Montfaucon.
2503 2301 2558 2354 in
2584 2299 2842 2354 Bibliotli.
2880 2296 3128 2364 Coislin.,
3155 2314 3279 2370 pag.
3314 2299 3441 2353 421.

170 2379 328 2438 IIsaL.

236 2478 291 2534 7.
326 2480 465 2552 Περὶ
487 2480 597 2534 τῶν
621 2480 832 2535 δώδεκα.
859 2479 1046 2547 λίθων,
1078 2482 1157 2536 De
1181 2485 1398 2554 gemmis
1429 2483 1485 2539 in
1511 2493 1663 2541 veste
1689 2486 1763 2540 Aa

1919 2505 1945 2543 ι.
1980 2485 2184 2543 Praeter
2215 2503 2328 2544 rem
2369 2487 2610 2558 optimus
2637 2483 2851 2542 Caveus
2895 2486 3096 2542 librum
3147 2484 3223 2540 De
3251 2485 3446 2554 lapidi-

171 2576 268 2633 bus
296 2574 436 2631 inter
467 2577 667 2633 inedita
697 2576 988 2649 Epiphanii
1017 2576 1207 2633 refert.
1240 2575 1353 2634 Nec
1386 2578 1572 2637 minus
1598 2578 1887 2650 falluntur,
1930 2583 2023 2653 qui
2060 2583 2260 2639 librum
2310 2584 2458 2639 hunc
2499 2581 2806 2653 Epiphanio
2854 2581 3192 2652 abjudicant.
3234 2580 3449 2639 Prodiit

170 2687 291 2727 cum
324 2674 572 2728 versione
610 2672 739 2728 Iolae
765 2671 1041 2735 Hieronis,
1075 2669 1384 2737 Tarentini,
1410 2671 1600 2745 Tiguri
1634 2674 1795 2740 1582,
1824 2685 1989 2748 atque
2024 2676 2081 2732 in
2109 2676 2315 2733 Petavii
2344 2677 2502 2739 edit.,
2533 2686 2666 2731 tom.
2696 2675 2761 2743 Il,
2803 2691 2860 2746 p.
2886 2676 3014 2747 225,
3065 2686 3180 2732 tum
3217 2678 3272 2732 in
3307 2677 3449 2733 Mat-

168 2764 289 2818 thi:e
317 2762 503 2820 Hilleri
538 2764 682 2820 libro
709 2763 786 2818 De
815 2763 1091 2820 duodecim
1115 2765 1352 2836 lgemmis
1380 2765 1437 2821 in
1461 2768 1720 2836 pectorali
1759 2770 1954 2825 summi
1976 2770 2265 2839 pontiﬁcis,
2299 2769 2532 2840 Tubing.
2572 2768 2727 2834 1698,
2767 2766 2847 2832 4°,
2874 2777 2928 2823 et
2978 2768 3033 2823 in
3077 2767 3446 2840 Syntagmatis

168 2855 278 2927 ejus
299 2855 722 2918 hermeneutieis,
750 2855 910 2921 1711,
934 2854 1012 2919 4°,
1044 2857 1139 2925 qui
1168 2854 1578 2913 observationes
1606 2872 1738 2914 suas
1766 2866 1823 2914 et
1851 2858 2109 2915 Salmasii
2141 2860 2237 2931 (ex
2268 2856 2539 2914 Pliniants
2570 2857 2691 2928 ejus
2728 2859 3043 2915 Exercitatt.
3073 2861 3144 2915 ad
3176 2859 3446 2931 Saluium)

168 2949 383 3004 addidit.
407 2947 551 3003 Idem
586 2962 644 3018 p.
676 2947 779 3003 110
809 2956 982 3014 nutat,
1013 2950 1080 3007 de
1100 2951 1340 3023 gemmis
1368 2956 1502 3009 'ante
1534 2950 1900 3023 Epiphanium
1943 2950 2234 3021 scripsisse
2260 2948 2704 3020 Theophrastum
2739 2947 3013 3017 Eresium,
3049 2950 3314 3012 Dioclem,
3343 2948 3448 3002 Ju-

170 3043 310 3107 bam,
346 3042 687 3098 Mauritania:
711 3057 918 3113 regem,
948 3043 1312 3102 Xenocratem
1339 3043 1663 3117 Ephesium,
1708 3044 1994 3103 Sudinem,
2028 3040 2400 3097 Metrodorum
2430 3039 2737 3111 Scepsium,
2777 3040 3056 3113 Satyrum,
3086 3042 3305 3111 Ajacem
3339 3039 3451 3093 Pli-

172 3137 451 3200 stonicem,
496 3134 927 3201 Demostratum,
970 3133 1352 3200 Zenothemin,
1400 3134 1682 3201 Sotacum,
1705 3134 2101 3201 Callistratum,
2130 3130 2425 3188 Ismeniam
2469 3128 2837 3204 Olympicum,
2873 3132 3227 3194 Archelaum,
3263 3133 3358 3201 qui
3392 3131 3449 3185 in

173 3222 502 3294 Cappadocia
551 3222 820 3294 regnavit,
857 3220 1088 3291 Horum,
1123 3221 1511 3293 Democritum,
1548 3224 1919 3289 Zoroastrem,
1950 3222 2270 3279 Zachariam
2301 3221 2656 3307 Babylonium
2703 3230 2759 3279 et
2793 3222 3025 3278 alterum
3058 3221 3445 3279 Xenocratem.

175 3313 538 3371 Conlerendus
575 3314 739 3369 etiam
793 3312 894 3369 Ed.
925 3313 1275 3370 Bernhardus
1316 3314 1467 3371 notis
1513 3314 1581 3369 ad
1629 3312 1951 3384 .losephum,
1984 3329 2107 3384 pag.
2145 3311 2248 3368 180
2277 3326 2420 3383 seq.,
2451 3322 2507 3366 et
2552 3308 2603 3367 J.
2636 3310 2909 3367 Braunius
2942 3311 3039 3366 lib.
3073 3326 3113 3365 ιι
3158 3310 3233 3365 De
3260 3307 3450 3365 vestitu

175 3410 498 3465 sacerdotum
529 3407 717 3471 Helm,
751 3422 874 3478 cap.
895 3404 929 3461 8
960 3421 1078 3477 seq.
1117 3403 1176 3461 In
1205 3404 1462 3462 omnibus
1497 3405 1585 3461 his
1612 3405 1946 3461 editionibus
1975 3404 2178 3459 omissa
2209 3412 2294 3459 est
2320 3402 2609 3475 Epiphanii
2633 3405 2857 3476 epistola
2883 3408 2954 3462 ad
2983 3406 3278 3462 Diodorum
3311 3403 3452 3460 Tar-

180 3520 388 3569 sensem,
418 3504 507 3560 cui
532 3503 736 3559 librum
773 3502 1140 3569 consecravit,
1167 3518 1287 3574 qua:
1316 3500 1510 3558 Latine
1534 3510 1714 3559 exstat
1743 3503 1886 3574 apud
1920 3500 2264 3567 Facundum,
2298 3501 2390 3556 lib.
2423 3517 2496 3569 ιν,
2542 3517 2591 3561 c.
2626 3503 2684 3571 5,
2717 3512 2848 3561 ιοιη.
2882 3502 2927 3559 11
2959 3501 3099 3576 Opp.
3144 3503 3449 3571 Sirmondi,

180 3606 230 3662 p.
267 3592 387 3648 517.
430 3591 793 3664 llierouymus
821 3594 983 3661 epist.
1015 3590 1119 3647 128
1150 3590 1226 3647 De
1243 3591 1427 3646 vestitu
1455 3591 1810 3660 sacerdotum,
1835 3592 1906 3647 ad
1932 3590 2254 3648 Fabiolam:
2282 3591 2542 3663 Suﬂ‘iciat,
2566 3596 2704 3665 quod
2729 3604 2778 3650 et
2799 3606 3016 3652 sanctus
3044 3613 3183 3667 papa
3214 3595 3452 3666 Epipha-

182 3687 296 3739 nius
327 3688 589 3759 egregium
622 3702 783 3756 super
816 3684 914 3740 hoc
940 3685 1045 3755 (de
1072 3685 1303 3757 gemmis
1333 3683 1648 3752 duodecim,
1679 3683 1812 3755 quid
1846 3684 2195 3753 unaquaeque
2219 3683 2416 3750 valeat,
2448 3689 2504 3737 et
2554 3685 2828 3755 quomodo
2872 3685 3170 3741 virtutibus
3219 3684 3452 3756 singula:

179 3776 587 3847 comparentur)
624 3776 868 3830 volumen
899 3773 1108 3838 edidit;
1136 3773 1277 3845 quod
1310 3775 1359 3829 si
1391 3774 1557 3845 legere
1583 3774 1833 3840 volueris,
1866 3773 2233 3844 plenissimam
2264 3774 2545 3828 scientiam
2568 3778 2925 3849 consequeris.
2954 3777 3186 3833 Arethas
3210 3777 3276 3832 ad
3310 3777 3454 3847 Apo-

184 3866 363 3935 calyps.
396 3883 467 3935 1v,
491 3867 549 3932 5,
577 3868 642 3923 de
672 3865 852 3937 lapide
892 3865 1075 3922 sardio
1103 3884 1117 3921 :
1146 3865 1311 3934 Λέγει
1344 3864 1453 3936 γὰρ
1483 3867 1512 3919 ὁ
1539 3864 1711 3935 μέγας

1927 3864 2059 3923 Evr-0;
2094 3863 2367 3936 ἰατρεύειν
2406 3863 2695 3935 οἰδήματα,
2728 3874 2837 3920 etc.
2886 3863 3174 3935 Epitomen
3205 3865 3454 3919 ediderat

184 3959 448 4020 Conradus
472 3964 747 4019 Gesnerus
776 3976 903 4018 cum
932 3959 1247 4027 corollario,
1276 3959 1332 4013 in
1369 3958 1693 4014 collectione
1727 3959 2060 4030 scriptorum
2089 3957 2183 4029 qui
2214 3958 2282 4014 de
2304 3956 2469 4012 rebus
2501 3955 2786 4012 fossilibus
2815 3963 3064 4026 egerunt,
3097 3953 3285 4026 Τὶειιτί
3311 3953 3453 4009 1560

186 4053 375 4129 [1565],
400 4058 476 4123 8°,
504 4065 669 4126 atque
693 4070 761 4110 ex
789 4054 898 4109 alio
923 4052 1111 4109 codice
1142 4068 1247 4108 ms.
1275 4067 1401 4107 cum
1438 4049 1716 4107 Francisci
1750 4050 2009 4107 Turriani
2039 4051 2294 4107 versione
2322 4049 2580 4105 Petavius
2604 4058 2737 4105 tom.
2770 4048 2837 4113 II,
2889 4063 3011 4121 pag.
3039 4048 3166 4103 255.
3205 4045 3299 4101 Illa
3332 4046 3454 4116 ipsa

184 4146 415 4221 Epitome
445 4151 549 4209 sub
579 4149 869 4222 Epiphanii
900 4148 1124 4203 nomine
1157 4157 1271 4204 tota
1298 4148 1497 4221 legitur
1526 4149 1582 4204 in
1611 4147 1895 4204 Anastasii
1942 4147 2168 4203 Sinaita:
2214 4146 2635 4219 quaestionibus,
2667 4145 2976 4218 quazstioue
3004 4159 3093 4198 ιι.
3127 4141 3347 4198 Γλιιιιιε.
3381 4172 3453 4183 -

184 4240 474 4301 Genuiuum
499 4252 555 4299 et
580 4244 852 4313 integrum
882 4241 1176 4312 Epiphanii
1211 4258 1334 4300 esse
1358 4244 1560 4301 dicitur
1590 4244 1919 4315 opusculum
1956 4244 2126 4313 quod,
2173 4244 2229 4297 in
2282 4244 2510 4314 antiqua
2549 4241 2746 4296 Latina
2776 4240 3030 4296 versione
3055 4248 3353 4310 repertum,
3383 4254 3451 4293 ex

182 4332 295 4386 cod.
326 4331 604 4400 Vaticano,
637 4330 694 4385 in
720 4331 872 4387 calce
895 4340 1074 4388 tamen
1101 4334 1245 4389 haud
1281 4334 1516 4406 integro,
1547 4334 1753 4405 prodiit
1787 4333 1952 4405 hujus
1979 4334 2268 4389 sententiae
2293 4351 2307 4387 :
2339 4332 2606 4403 Epiphan.
2630 4333 2696 4388 de
2724 4332 3006 4386 duodecim
3035 4330 3254 4401 gemmis
3279 4330 3452 4384 ratio-

183 4425 310 4480 nalis
347 4428 535 4481 summi
574 4424 863 4480 sacerdotis
891 4422 1239 4479 Hebrazorum
1279 4422 1408 4478 liber
1453 4423 1521 4477 ad
1563 4422 1878 4477 Diodorum.
1913 4422 2108 4477 Prodit
2140 4438 2278 4476 nunc
2314 4423 2549 4493 primum
2592 4439 2658 4478 ea:
2708 4424 2926 4493 antiqua
2967 4422 3202 4475 versione
3230 4419 3447 4478 Latina.

186 4515 348 4585 Opera
370 4528 417 4573 et
445 4518 623 4574 studio
648 4516 717 4571 P.
752 4514 1034 4571 Francisci
1079 4513 1348 4586 Fogginii,
1383 4516 1476 4587 qui
1502 4523 1552 4569 et
1586 4524 1740 4588 notas
1768 4514 1984 4585 adjecit,
2018 4512 2225 4578 Romae,
2264 4528 2353 4585 ap.
2388 4512 2630 4586 Zempel.
2663 4514 2824 4580 H45,
2856 4515 2932 4569 4°.
2963 4512 3020 4568 In
3047 4511 3257 4584 praifat.
3290 4526 3453 4567 enar-

184 4623 325 4669 ratur
348 4615 577 4671 historia
600 4612 766 4683 hujus
796 4611 1049 4683 opusculi
1082 4619 1136 4666 et
1166 4621 1473 4678 auctorum,
1499 4611 1595 4683 qui
1628 4626 1874 4683 gemmas
1903 4611 2024 4667 illas
2058 4602 2485 4681 descripserunt.
2520 4610 2667 4667 Idem
2698 4620 2890 4667 contra
2920 4609 3236 4665 Fabricium
3265 4617 3451 4680 negat,

184 4707 457 4774 epitomen,
489 4709 559 4763 ah
587 4706 883 4763 Anastasio
914 4703 1126 4760 Sinaita
1150 4703 1374 4769 editam,
1401 4711 1457 4759 et
1484 4703 1660 4775 ipsius
1683 4701 1975 4775 Epiphanii
2009 4698 2388 4770 commentat.,
2424 4719 2590 4760 unam
2642 4718 2766 4760 esse
2791 4703 3172 4773 eamdemque,
3206 4700 3451 4757 libellum

184 4808 303 4851 vero
340 4813 371 4853 a
397 4798 640 4854 Gesnero
686 4796 893 4853 editum
925 4798 1103 4867 ipsum
1138 4811 1360 4867 quoque
1393 4811 1503 4851 non
1533 4796 1641 4852 nisi
1681 4796 2034 4865 prolixiorem
2066 4795 2341 4866 epitomen
2386 4795 2571 4865 operis
2601 4805 2947 4853 esse-censet
2978 4810 3033 4864 ι).
3062 4811 3152 4850 xvi
3196 4810 3243 4849 s.
3282 4791 3448 4848 Conf.

188 4889 389 4962 Ephem.
421 4895 526 4951 litt.
558 4894 705 4964 Lips.
731 4896 798 4950 A.
833 4893 994 4962 1745,
1026 4910 1080 4966 p.
1111 4895 1238 4963 547,
1267 4903 1322 4950 et
1347 4893 1582 4964 Gotting.
1614 4892 1833 4963 Epltem.
1869 4891 2073 4968 litt..A.
2109 4891 2273 4959 1745,
2302 4909 2354 4963 p.
2382 4891 2488 4948 409
2517 4907 2629 4960 seq.
2662 4893 2719 4946 In
2747 4891 3003 4946 manibus
3038 4889 3214 4945 habeo
3253 4889 3453 4946 editio-

186 4995 297 5039 nem
326 4987 435 5042 sive
463 4987 841 5044 collectionem
866 4987 1012 5043 illam
1043 4988 1282 5059 plurium
1322 4988 1675 5056 scriptorum,
1711 4987 2031 5056 inscriptam
2070 5008 2081 5040 :
2115 4984 2191 5040 De
2234 4985 2378 5038 omni
2434 4999 2612 5041 rerum
2663 4982 2931 5055 fossilium
2973 4997 3177 5053 genere,
3207 4981 3452 5053 gemmis,

188 5071 450 5142 lapidibus,
481 5077 711 5132 metallis
750 5086 801 5131 et
834 5077 1140 5148 hujusmodi
1165 5077 1287 5134 libri
1318 5077 1543 5148 aliquot,
1572 5078 1806 5151 plerique
1838 5093 1977 5132 nunc
2004 5077 2239 5148 primum
2269 5076 2417 5131 editi.
2464 5075 2640 5146 Opera
2671 5074 2905 5131 Conradi
2942 5072 3182 5129 Gesneri.
3213 5073 3455 5142 Quorum

191 5173 468 5245 catalogum
500 5192 719 5248 sequens
764 5174 953 5245 folium
997 5174 1245 5229 continet.
1272 5173 1481 5244 Tiguri,
1511 5173 1803 5229 excudebat
1828 5173 1952 5231 Jac.
1978 5171 2236 5230 Gesnerus
2260 5189 2399 5229 anno
2428 5172 2640 5229 MDLX
2654 5172 2716 5241 γ,
2749 5174 2825 5229 8⁸.
2854 5172 3046 5230 Insunt
3096 5182 3279 5232 autem
3314 5189 3457 5243 opu-

192 5261 327 5315 scula
354 5266 651 5333 sequentia,
686 5280 922 5335 quorum
956 5263 1236 5335 quodlibet
1264 5265 1594 5335 peculiarem
1627 5265 1791 5320 habet
1814 5266 2225 5337 inscriptionem
2260 5285 2272 5321 :
2303 5267 2357 5322 1°
2386 5266 2442 5322 Ι.
2477 5264 2824 5333 Kentmanni,
2880 5264 3194 5320 Dresdensis
3240 5265 3452 5327 medici,

193 5361 577 5419 uomenclatura:
610 5379 791 5419 rerum
818 5361 1104 5433 {ossilium,
1135 5379 1254 5434 quae
1284 5363 1340 5417 in
1373 5361 1575 5417 Misnia
1602 5363 1865 5433 prwcipue
1890 5393 1963 5404 —
1985 5363 2353 5429 inveniuntur;
2375 5363 2434 5418 2ο
2460 5361 2716 5434 Ejusdem
2756 5360 3104 5428 calculorum,
3133 5359 3225 5429 qui
3257 5357 3311 5410 in
3335 5374 3458 5412 cor-

194 5457 301 5507 pore
337 5466 395 5503 ac
436 5451 680 5507 membris
712 5451 984 5505 hominum
1010 5452 1378 5520 innascuntur,
1405 5468 1594 5523 genera
1633 5452 1934 5519 duodecim,
1963 5463 2070 5509 etc.
2098 5472 2113 5520 ;
2146 5454 2203 5509 5ο
2237 5454 2316 5510 De
2348 5455 2635 5509 metallicis
2666 5453 2818 5509 rebus
2853 5470 2915 5508 ac
2960 5450 3280 5515 nominibus,
3308 5448 3452 5503 obss.

198 5542 338 5596 varia:
365 5561 426 5599 ea:
454 5547 657 5601 schedis
682 5544 749 5600 G.
780 5544 1055 5609 Fabricii;
1085 5544 1141 5598 4°
1171 5542 1403 5599 Severini
1436 5544 1674 5611 Gu'belii,
1708 5545 1920 5614 medici,
1949 5547 2014 5600 de
2045 5548 2260 5602 succino
2290 5547 2414 5602 libri
2440 5563 2477 5602 ιι
2517 5577 2588 5588 —
2611 5563 2728 5601 cum
2753 5544 3039 5600 corollario
3066 5543 3226 5598 Conr.
3262 5537 3454 5595 Gesne-

197 5633 267 5696 τίς
292 5635 344 5689 5°
379 5638 571 5696 Valerii
596 5641 764 5695 Cordi
793 5639 858 5693 de
879 5639 1210 5707 Italosantlto,
1244 5658 1335 5695 seu
1355 5654 1620 5713 spermate
1640 5645 1764 5708 ceti,
1792 5660 1912 5697 cum
1943 5644 2232 5699 corollario
2254 5644 2416 5701 Conr.
2445 5643 2692 5710 Gesneri;
2719 5645 2773 5700 οο
2792 5645 2854 5700 S.
2886 5641 3194 5714 Epipltanii,
3224 5643 3457 5712 episcopi

196 5722 359 5795 οσρνί,
387 5730 449 5784 de
470 5731 753 5786 duodecim
785 5731 1020 5800 gemmis,
1062 5748 1175 5801 ante
1192 5743 1343 5788 erant
1376 5736 1427 5787 in
1460 5743 1593 5788 veste
1620 5720 1871 5817 Aaronis,
1895 5734 2029 5791 liber
2054 5734 2272 5792 Grtvcus
2308 5744 2355 5793 et
2380 5733 2629 5803 Latinus,
2655 5732 2779 5792 lola
2807 5732 3250 5791 Hierotarantino
3285 5734 3453 5788 inter.
