3866 6066
414 321 448 362 x
1553 299 1833 360 NOTlTlA
1873 302 1941 359 IN
1983 300 2045 360 S.
2088 301 2530 359 EPIPHANIUM.

412 452 576 514 prete,
601 457 722 496 cum
751 441 1043 497 corollario
1089 440 1153 496 C.
1185 438 1402 496 Gesneri
1418 457 1439 507 ;
1472 441 1527 494 7°
1559 441 1655 499 Fr.
1691 442 1844 509 Ruei,
1895 444 2085 498 medici
2114 441 2387 510 Insulani,
2415 442 2478 497 de
2509 440 2725 513 gemmis
2755 438 2982 509 aliquot,
3013 437 3079 491 iis
3113 435 3432 507 prasertim,
3462 450 3691 505 quarum

414 537 485 592 D.
515 535 750 592 Joannes
766 536 819 589 in
841 535 1161 606 Apocalypsi
1182 538 1420 593 meminit
1444 547 1494 594 et
1519 538 1646 594 aliis
1668 567 1739 583 --
1770 539 1895 594 libri
1921 555 1989 609 ii;
2034 539 2090 595 8°
2114 539 2176 595 ϐ.
2198 538 2413 594 Gesneri
2441 538 2506 592 de
2531 552 2703 592 rerum
2724 533 3009 606 fossilium,
3027 530 3267 602 lapidum
3295 538 3345 585 et
3368 546 3693 601 gemmarum

416 628 666 692 maxime,
693 627 820 698 ﬁgg.
853 636 901 680 et
926 626 1391 695 similitudinibus,
1428 631 1560 685 liber
1587 647 1707 685 cum
1736 631 1974 686 iconibus
2009 631 2365 702 plurimis.—
2394 628 2681 701 Epiphanii
2722 627 2862 683 liber
2892 624 2948 680 in
2974 623 3134 679 titulo
3162 620 3426 693 peculiari
3457 634 3695 674 excusns

425 717 625 772 dicitur
652 716 838 787 Tiguri
870 716 1157 773 MDLXVI.
1190 717 1247 773 In
1269 719 1501 789 epistola
1532 721 1929 791 nuncupatoria
1965 721 2189 792 scripsit
2224 719 2450 786 Gesner,
2485 734 2545 775 se
2573 716 2852 786 exemplar
2892 728 2997 769 nis.
3026 709 3300 779 accepisse
3325 723 3354 762 a
3385 705 3629 775 Caspare
3662 721 3693 759 a

421 808 736 880 Nydbruck,
770 811 1099 867 Ferdinandi
1127 812 1501 869 Romanorum
1544 823 1600 869 et
1627 814 1983 870 Maximiliani
2030 813 2306 871 Bohemiaa
2344 827 2533 883 regum
2567 827 2600 866 a
2627 807 2892 875 consiliis,
2921 813 2976 861 et
3020 800 3357 873 marginibus
3399 813 3549 862 suas,
3572 812 3695 866 qua:

416 902 732 975 frequentes
766 914 915 968 sunt,
952 905 1218 976 adiecisse
1242 907 1670 976 emendationes,
1698 924 1769 979 ex
1799 909 2119 980 conjectura
2149 916 2362 965 enatas.
2397 906 2571 963 Codd.
2603 905 2855 962 notitiam
2896 899 3094 955 addere
3117 894 3291 964 juvat.
3322 891 3442 947 Duo
3469 890 3692 946 Vatica-

418 1012 519 1052 nos
553 997 757 1052 indicat
790 997 1086 1055 Montfauc.
1121 998 1179 1053 in
1209 998 1276 1054 B.
1312 998 1732 1067 biblioth..mss.,
1763 1007 1895 1055 tom.
1926 998 1970 1067 Ι,
1996 1015 2122 1071 pag.
2157 999 2225 1053 15
2252 997 2316 1063 Ι),
2347 1005 2400 1053 et
2430 1012 2554 1068 pag.
2582 996 2652 1052 55
2676 994 2739 1060 D,
2764 1010 2820 1049 ιι.
2850 991 2977 1055 921,
3008 987 3143 1044 etin
3173 984 3341 1040 alium
3364 981 3614 1045 Vaticau.
3642 983 3695 1038 in

416 1088 553 1143 bibl.
585 1089 784 1158 reginae
809 1089 1120 1156 Christinaz,
1156 1105 1211 1160 p.
1238 1089 1307 1146 64
1335 1090 1402 1155 Ι),
1432 1099 1487 1146 et
1529 1106 1583 1160 p.
1615 1091 1685 1147 88
1715 1091 1778 1147 C.
1805 1123 1875 1134 —
1898 1090 2036 1147 Tum
2066 1108 2120 1163 p.
2155 1091 2257 1148 169
2295 1090 2344 1145 Α
2372 1090 2606 1147 Roman.
2635 1090 2691 1145 in
2734 1088 2804 1144 B.
2832 1086 3056 1142 Patrum
3087 1082 3146 1139 S.
3181 1082 3378 1151 Basil.,
3411 1078 3696 1149 Epiphanii

419 1193 501 1245 ερ-
530 1178 601 1231 ad
621 1177 943 1246 Diodorum,
969 1179 1065 1235 Gr.
1101 1179 1288 1251 (conf.
1323 1198 1540 1253 quoque
1562 1181 1860 1240 Montfauc.
1889 1184 1945 1238 in
1971 1183 2156 1238 Diario
2181 1181 2339 1248 Ital.,
2365 1197 2419 1253 p.
2451 1181 2557 1235 215
2582 1184 2620 1250 ).
2654 1210 2724 1220 —
2750 1179 2897 1233 ldem
2928 1185 3060 1232 tom.
3089 1172 3158 1238 ll,
3189 1188 3243 1243 p.
3275 1169 3413 1225 1199
3443 1168 3505 1235 B,
3538 1167 3695 1221 codi-

419 1284 539 1323 cem
576 1269 629 1323 in
660 1264 948 1335 Pelliserii,
989 1270 1042 1325 in
1088 1272 1219 1327 bibl.
1262 1272 1490 1331 abbatiai
1517 1271 1575 1328 S.
1605 1271 1751 1328 Petri
1788 1274 1856 1330 de
1891 1272 2196 1328 Selincurte
2224 1272 2385 1327 diuae.
2432 1268 2820 1325 Ambianensis
2862 1265 3124 1321 nominat.
3163 1254 3232 1307 —1
3265 1261 3509 1316 Venetiis
3556 1260 3698 1314 inter

423 1363 582 1417 codd.
611 1361 889 1419 Nanianos
916 1366 969 1418 in
999 1364 1120 1419 cod.
1159 1359 1282 1428 152,
1316 1362 1370 1415 in
1397 1360 1615 1417 Collect.
1645 1363 2026 1417 sententiarum
2049 1377 2076 1415 e
2099 1359 2203 1416 SS.
2233 1369 2283 1416 et
2311 1358 2583 1425 Patribus,
2609 1372 2734 1428 pag.
2764 1356 2852 1422 77,
2881 1353 3105 1410 affertur
3126 1350 3416 1421 explicatio
3444 1347 3692 1401 omnium

419 1467 500 1507 xit
532 1453 837 1522 lapillorum
867 1470 932 1509 ex
961 1455 1079 1523 ipso
1102 1450 1407 1526 Epiphanio
1436 1469 1450 1505 :
1475 1480 1545 1491 —
1573 1450 1630 1504 in
1659 1451 1778 1506 cod.
1810 1450 1939 1516 297,
1963 1466 2020 1505 ιι.
2051 1449 2107 1515 5,
2142 1464 2197 1518 p.
2229 1447 2318 1513 75,
2357 1446 2547 1517 Epipli.
2576 1444 2642 1500 de
2679 1459 2756 1498 xu
2788 1441 3007 1512 lapillis.
3042 1437 3109 1494 ν.
3146 1436 3325 1493 Catal.
3357 1434 3515 1489 codd.
3550 1431 3694 1486 Nan.

422 1543 545 1609 Gr.,
576 1560 698 1615 pag.
734 1545 837 1600 507
863 1555 917 1600 et
940 1544 1063 1600 499.
1092 1575 1162 1586 —
1185 1544 1322 1599 lbid.
1356 1545 1409 1599 in
1438 1543 1569 1599 bibl.
1602 1543 1666 1599 Ι).
1698 1543 1889 1610 Marci,
1927 1543 2050 1598 cod.
2079 1541 2208 1609 498,
2254 1541 2333 1596 De
2364 1540 2642 1595 duodecim
2670 1536 2934 1608 lapidibus
2967 1543 3017 1589 et
3046 1532 3231 1603 signis,
3283 1531 3338 1589 in
3383 1528 3504 1585 Cat.
3541 1529 3693 1580 codd.

421 1633 515 1687 Gr.
548 1634 745 1701 Mam,
776 1651 898 1706 pag.
929 1635 1057 1703 261,
1088 1633 1361 1690 indicatur
1391 1651 1407 1701 ;
1456 1635 1550 1691 sed
1584 1634 1655 1690 cl.
1692 1633 1960 1690 Villoison
1988 1633 2044 1688 in
2069 1633 2324 1687 Anecdot.
2358 1629 2475 1697 Gr.,
2508 1639 2643 1685 tom.
2675 1627 2743 1693 ll,
2779 1642 2905 1697 pag.
2933 1625 3062 1692 246,
3093 1621 3495 1682 animadvertit,
3524 1619 3579 1673 in
3606 1619 3695 1671 illo

419 1730 547 1785 cod.
579 1730 713 1785 nihil
746 1731 892 1786 aliud
923 1730 1173 1801 reperiri,
1200 1730 1306 1786 nisi
1331 1730 1581 1800 quaedam
1608 1738 1863 1800 excerpta
1895 1745 1963 1785 ex
1996 1728 2091 1784 illo
2114 1728 2277 1785 libro.
2311 1754 2383 1769 -ο
2408 1724 2586 1782 Oxon.
2618 1725 2675 1779 in
2700 1722 2763 1776 B.
2793 1719 2981 1777 Bodlei
3032 1732 3144 1775 sec.
3174 1713 3357 1771 Catal.
3400 1712 3569 1768 codd.
3589 1713 3696 1767 An—

422 1810 566 1892 glice,
594 1833 725 1892 etc.,
758 1822 800 1891 l,
833 1824 887 1878 in
922 1824 1081 1879 codd.
1114 1822 1342 1879 Barocc.
1374 1823 1503 1890 129,
1532 1825 1655 1891 151,
1685 1825 1780 1880 sed
1824 1825 1949 1880 mut?

2193 1830 2281 1879 est
2308 1821 2467 1886 liber,
2493 1818 2621 1883 206,
2646 1827 2702 1873 et
2727 1818 2870 1872 inter
2892 1814 3049 1870 cadd.
3083 1811 3187 1866 Th.
3216 1808 3350 1874 Roe,
3384 1823 3441 1861 ιι.
3470 1807 3597 1860 265.
3628 1832 3696 1843 -—

422 1911 763 1969 Vindobonae
789 1914 844 1969 in
874 1914 1004 1969 bibl.
1042 1913 1247 1974 Caesar.
1275 1917 1437 1973 codd.
1462 1915 1588 1982 215,
1620 1933 1676 1971 ιι.
1709 1917 1871 1977 15.-
1902 1914 1961 1971 ln
1991 1915 2115 1971 cod.
2143 1913 2237 1980 25,
2263 1929 2320 1968 ιι.
2351 1912 2407 1981 8,
2438 1918 2575 1968 teste
2601 1909 2857 1964 Lambec.
2888 1905 3206 1965 Comment.,
3239 1909 3373 1956 tom.
3411 1893 3503 1960 ιγ,
3531 1911 3582 1963 p.
3607 1892 3695 1959 89,

425 2012 481 2065 et
512 2012 645 2059 tom.
670 2004 737 2072 V,
767 2020 820 2077 p.
845 2005 951 2061 269
982 2022 1100 2077 seq.
1135 2039 1204 2049 —
1228 2006 1403 2064 Paris.
1430 2008 1485 2064 in
1521 2008 1653 2064 bibl.
1690 2008 1841 2079 publ.
1875 2013 2096 2063 exstant
2124 2006 2181 2061 in
2215 2014 2340 2060 octo
2365 2003 2522 2059 codd.
2553 1999 2619 2056 Υ.
2653 2000 2767 2056 ind.
2790 1997 2913 2054 Cat.
2952 1995 3111 2059 Pan,
3142 1991 3207 2055 ιι.
3247 2007 3301 2045 ν.
3337 1987 3601 2059 Ερίρνιαηο
3629 2014 3703 2029 —

425 2095 675 2169 Epitome
702 2100 758 2156 in
787 2101 910 2156 cod.
941 2103 1093 2174 regio
1124 2102 1326 2159 Matrit.
1366 2102 1489 2172 110,
1522 2103 1698 2171 indice
1740 2102 1934 2158 Iriarto
1963 2102 2021 2157 in
2060 2100 2183 2156 Cat.
2217 2099 2374 2154 codd.
2403 2097 2521 2163 Gr.,
2555 2112 2611 2168 p.
2643 2093 2769 2149 456.
2801 2122 2870 2139 -η
2899 2090 3041 2146 Inter
3071 2087 3230 2143 codd.
3264 2083 3520 2155 Ερειιτιιίο
3552 2098 3610 2174 ης

428 2193 697 2265 Epiphan.
732 2197 802 2250 ad
830 2171 1145 2266 Diodorum,
1178 2198 1306 2271 Tyri
1338 2201 1660 2271 episcopum,
1693 2198 1758 2253 de
1777 2213 1856 2252 xu
1884 2196 2186 2267 lapidibus;
2210 2194 2278 2250 de
2306 2193 2500 2250 iisdem
2522 2186 2960 2260 compendiosior
2994 2181 3244 2241 tractatio
3266 2196 3282 2247 ;
3303 2179 3551 2249 ejusdem
3573 2171 3701 2245 Epi-

427 2287 615 2360 phanii
640 2287 760 2345 alia:
791 2289 1137 2359 quaestiones.
1165 2287 1233 2345 ν.
1266 2285 1431 2343 Fabr.
1474 2286 1543 2342 Β.
1576 2285 1695 2356 Gr.,
1726 2293 1862 2343 tom.
1889 2284 1954 2352 Χ,

1130 2329 1137 2345 .
1165 2287 1233 2345 ν.
1266 2285 1431 2343 Fabr.
1474 2286 1543 2342 Β.
1576 2285 1695 2356 Gr.,
1726 2293 1862 2343 tom.
1889 2284 1961 2352 Χ,
1987 2300 2045 2357 p.
2076 2284 2204 2353 479,
2228 2290 2340 2339 vet.
2369 2281 2457 2339 ed.
2485 2278 2657 2335 Ηλιιι..

1768 2443 1838 2500 ν.
1877 2459 2101 2521 εοιιιινιιλ
2129 2458 2380 2502 renutu.

501 2606 556 2663 8.
597 2605 854 2678 Epistolis
879 2605 958 2678 (a)
987 2603 1428 2677 quamplurima,
1462 2613 1524 2661 ut
1548 2618 1690 2676 quas
1712 2600 2083 2675 Hieronymus
2108 2599 2331 2671 Apolog.
2361 2614 2400 2653 ιι
2435 2597 2492 2652 in
2521 2595 2802 2658 Ruﬁnum,
2828 2606 2883 2662 p.
2920 2587 3046 2651 165,
3071 2584 3177 2678 ait,
3206 2597 3265 2678 se
3285 2578 3592 2678 AEpiplianio
3626 2576 3694 2631 ad

431 2668 1088 2768 suggillationem‘R'utini
1116 2668 1370 2762 dictasse,
1401 2668 1457 2751 et
1488 2668 1598 2750 una
1625 2693 1808 2750 brevis
1835 2693 1890 2748 in
1923 2668 2231 2747 laudem'S.
2270 2668 2567 2742 Hilarionis
2589 2682 2854 2745 eremitae,
2885 2678 2949 2733 A.
2976 2679 3037 2733 C.
3068 2675 3166 2731 571
3211 2670 3471 2733 defuncti,
3500 2668 3569 2768 de
3590 2682 3701 2737 qua

431 2765 574 2850 idem
609 2793 924 2867 Hieronym.
958 2794 1016 2849 in
1042 2793 1276 2865 Prologo
1303 2793 1427 2848 vita
1449 2791 1785 2847 (morionis:
1811 2789 2133 2860 Quanquam
2162 2785 2223 2843 S.
2255 2784 2605 2857 Epiphanius,
2638 2778 2931 2835 Salaminia
2959 2773 3120 2844 Cypri
3149 2772 3438 2867 episcopus.
3467 2765 3557 2867 qui
3586 2780 3710 2867 cum

432 2893 712 2949 Hilarione
739 2859 1036 2963 plurimum
1063 2859 1300 2947 versatus
1323 2899 1421 2959 est,
1453 2890 1666 2945 laudem
1692 2890 1806 2961 ejus
1833 2886 2219 2957 breviepistola
2242 2882 2533 2954 scripserit,
2561 2893 2679 2952 qua;
2712 2875 2864 2946 vulgo
2889 2871 3105 2942 legitur,
3139 2876 3313 2963 tamen
3343 2861 3492 2963 aliud
3518 2859 3713 2963 est-lo—

432 2990 508 3043 cis
536 2956 899 3042 communibus
921 2987 1145 3043 laudare
1164 2956 1495 3058 defunctum,
1521 2976 1671 3042 aliud
1693 2956 1931 3056 defuncti
1960 2983 2202 3055 proprias
2227 2995 2449 3035 narrare
2466 2979 2698 3032 virtutes.
2720 2965 3035 3049 linum—Ex
3060 2961 3288 3058 epistola
3314 2959 3382 3015 ad
3411 2956 3712 3058 monachos

434 3084 538 3156 (De
568 3085 886 3140 abstinentia
912 3101 946 3139 a
969 3084 1105 3156 cibo)
1131 3051 1438 3148 Florentiae,
1469 3051 1524 3139 in
1558 3082 1683 3139 cod.
1720 3051 1884 3137 Laur.
1921 3051 2116 3134 Medic.
2150 3076 2206 3143 6,
2253 3091 2308 3131 ιι.
2342 3075 2398 3140 7,
2431 3072 2568 3144 plut.
2598 3067 2686 3134 86,
2715 3081 2840 3124 cum
2877 3055 3305 3156 Damasceno_de
3328 3051 3519 3156 eodem
3552 3065 3715 3156 arguo

435 3144 643 3238 mento.
675 3180 935 3251 (Bandin.
967 3144 1271 3237 Cat.lcodd.
1304 3177 1400 3234 Gr.
1426 3144 1606 3245 'Med.,
1644 3175 1738 3246 Ill,
1768 3192 1825 3248 p.
1853 3175 2006 3233 295.)
2032 3172 2092 3229 ln
2121 3172 2247 3230 cod.
2283 3169 2462 3226 Paris.
2493 3164 2623 3223 bibl.
2655 3162 2805 3236 publ.
2838 3157 3003 3224 2751,
3037 3171 3092 3211 n.
3118 3152 3173 3221 6,
3200 3148 3467 3222 Epiphan.
3496 3144 3716 3219 (nescio

436 3277 587 3353 quis)
624 3277 699 3333 De
726 3278 1007 3349 epistolico
1039 3278 1369 3333 charactere.
1399 3275 1578 3333 HARL.

505 3392 561 3448 9.
604 3389 689 3467 In,
706 3395 1093 3448 Hexaemeron.
1124 3390 1455 3448 Anastasius
1485 3388 1694 3446 Sinaita
1712 3388 1811 3444 lib.
1837 3402 1915 3442 vn
1950 3387 2007 3442 in
2031 3389 2396 3441 Hexaemeron
2422 3380 2565 3437 inter
2614 3390 2710 3432 eos
2748 3372 2846 3444 qui
2870 3366 3157 3467 historian—1
3181 3356 3720 3467 creationisnllosai-

435 3502 556 3544 cam
578 3456 921 3558 expositione
944 3485 1162 3541 litterali
1193 3484 1531 3556 interpretati
1556 3493 1707 3550 sunt,
1735 3483 1922 3539 laudat
1945 3499 1962 3535 ι

2191 3498 2238 3545 ις
2266 3479 2362 3534 καὶ
2390 3477 2571 3550 ἔργοις
2595 3469 3066 3548 τρισμακάριστον
3098 3457 3443 3558 Ἐπιφάγιον.
3473 3452 3718 3558 Fama.—

453 3580 582 3637 t’ide
611 3549 797 3652 supra,
815 3580 883 3636 ad
911 3596 967 3636 ιι.
994 3580 1031 3634 2
1058 3580 1125 3635 de
1147 3579 1272 3636 aliis
1305 3549 1644 3650 Rpiph‘aniis.
1672 3578 1783 3634 Aut
1803 3588 1956 3634 estne
1977 3592 2104 3648 pars
2132 3549 2300 3631 libelli
2330 3572 2617 3645 Epiphanii
2654 3570 2937 3626 Constant.
2974 3560 3051 3614 De
3096 3553 3357 3652 mensuris
3389 3549 3551 3652 et‘de
3594 3564 3721 3652 pon—

435 3676 649 3732 deribus
680 3645 857 3747 ipart.
891 3693 951 3742 ιι,
979 3692 1101 3748 pag.
1131 3676 1234 3732 178
1267 3645 1367 3734 ed:
1391 3645 1569 3732 Raris.
1603 3674 1846 3733 Petav.l?
1874 3645 2052 3743 Atque
2076 3672 2370 3743 separatim
2395 3669 2601 3739 scripta
2627 3664 2807 3723 exstat
2834 3662 2889 3717 in
2919 3650 3377 3748 codZYindobon.
3412 3646 3501 3748 89,
3537 3662 3595 3701 ιι.
3625 3645 3714 3748 19,

438 3765 731 3837 Epiphanii
774 3765 938 3837 Cypri
981 3734 1245 3824 recensio
1282 3765 1471 3839 viginti
1506 3768 1742 3823 duorum
1794 3734 2022 3838 operum
2076 3734 2395 3818 Hexaemeri
2448 3755 2743 3815 creationis
2796 3746 3009 3807 mundi.
3034 3743 3113 3839 ν.
3134 3740 3389 3839 Lambec.
3425 3734 3699 3839 Corn-atem

440 3826 575 3912 tom.
608 3852 697 3920 ιιι,
732 3871 785 3925 ρ.
812 3826 935 3919 iss,
968 3855 1154 3925 ibique
1186 3826 1410 3918 Κοιιαῖιι
1437 3865 1621 3912 notam
1653 3856 1722 3911 Α.
1745 3826 1977 3910 -ἰιθιη
2010 3854 2065 3910 in
2090 3852 2213 3909 cod.
2245 3851 2369 3917 185,
2396 3850 2622 3904 Barocc.
2652 3844 2785 3901 bibl.
2812 3840 2966 3898 Bodl.
2995 3846 3049 3896 et
3071 3831 3406 3908 Epiphanius
3447 3829 3515 3883 in'
3542 3826 3695 3881 um

437 3961 670 4013 emeron,
703 3946 954 4010 Arabice,
985 3946 1207 4013 ibidem,
1236 3965 1293 4002 ιι.
1325 3946 1487 4012 8511,
1523 3946 1666 4002 inter
1687 3945 1847 4002 codd.
1878 3943 2016 4001 Rob.
2047 3941 2409 4013 Huntington.
2447 3938 2622 3994 Ηιιιιι..

511 4038 601 4094 10.
641 4007 815 4108 λόγος
839 4039 921 4102 εἰς
941 4007 1013 4092 -τὸ
1039 4007 1267 4109 Πνεῦμα
1285 4039 1348 4092 τὸ
1380 4007 1840 4107 ἆγιιιν.Ἀιι(1ι’θιιε
1866 4036 2038 4091 Casa:

2195 4007 2507 4103 Ap—ocalyps.
2542 4045 2581 4095 ι,
2612 4043 2671 4099 p.
2697 4027 2753 4081 7.
2794 4022 3017 4079 Videtur
3040 4016 3188 4074 enim
3226 4013 3500 4070 diversum
3532 4007 3722 4077 utique

441 4140 635 4188 notare
667 4147 976 4188 sermonem
1011 4133 1080 4189 ab
1106 4134 1174 4190 iis
1199 4147 1317 4205 quae
1355 4148 1421 4188 ex
1455 4132 1722 4188 Ancoran
1748 4130 2037 4201 Epiphanii
2081 4128 2277 4184 haeresi
2318 4139 2479 4180 Lxmv
2525 4132 2718 4178 contra
2763 4109 3299 4174 Pneumatomaclios
3354 4105 3721 4163 disseruntur,

444 4221 728 4289 quoniam,
758 4237 881 4291 quae
912 4220 1158 4279 Andreas
1185 4237 1252 4277 ex
1279 4222 1373 4278 illo
1398 4221 1542 4293 λόγῳ
1571 4222 1639 4277 de
1664 4222 1867 4291 hymno
1893 4217 2192 4293 Serapliico
2222 4215 2400 4280 aﬂ'ert,
2431 4213 2503 4270 ibi
2534 4227 2644 4266 non
2674 4208 2913 4265 invenio.

521 4313 610 4366 11.
653 4285 812 4367 Κᾲτᾶ
836 4314 946 4368 τῶν
974 4315 1197 4369 εἰκόνων
1228 4285 1590 4387 σύγγραρᾠ
1615 4285 1884 4382 Scriptum
1907 4285 2048 4365 advei

2192 4308 2461 4378 imagines,
2491 4304 2636 4375 quod
2665 4306 2953 4364 memorat,
2989 4294 3084 4352 sed
3116 4301 3376 4362 tanquam
3405 4285 3719 4387 Epiphanio

443 4406 790 4476 suppositum
832 4406 1008 4476 rejicit
1031 4378 1643 4464 Theodorus-Studites
1678 4378 2127 4460 in—Antirrhetico
2159 4400 2419 4464 secundo,
2459 4407 2590 4453 tom.
2618 4393 2665 4450 ν
2693 4393 2834 4464 Opp.
2866 4384 3167 4449 Sirmondi,
3200 4399 3254 4454 p.
3289 4381 3426 4476 150;
3462 4378 3592 4476 licet
3621 4378 3724 4476 du-

446 4468 627 4552 bilare
653 4497 828 4566 possis
863 4468 994 4550 n'um
1042 4495 1319 4567 singulare
1344 4495 1609 4565 scriptum
1638 4491 1928 4562 Epiphanii
1978 4490 2055 4545 ibi
2098 4489 2289 4543 innuat
2312 4485 2655 4549 Theodorus,
2683 4490 2739 4540 et
2783 4495 2894 4536 non
2939 4479 3143 4539 locum,
3167 4488 3278 4544 quo
3325 4470 3593 4567 imagines
3620 4468 3726 4567 im-

445 4560 723 4663 probat-in
755 4586 1013 4654 Panario,
1044 4560 1240 4643 haeresi
1275 4560 1767 4654 nixu—disputans
1797 4582 2061 4637 adversus
2086 4578 2502 4650 Collyridianos,
2536 4589 2700 4646 quem
2744 4568 3049 4643 Epiphanio
3091 4568 3355 4663 insertum
3384 4572 3438 4619 et
3462 4560 3722 4663 adulteri-

446 4656 578 4740 num
617 4699 742 4740 esse
768 4682 1047 4739 contendit
1063 4680 1115 4737 Ι.
1154 4681 1525 4737 Damascenus
1556 4689 1696 4735 orat.
1727 4679 1764 4732 2
1791 4679 1873 4733 de.
1903 4675 2243 4748 imaginibus,
2278 4684 2335 4731 et
2363 4673 2630 4731 Jeremias
2656 4669 2966 4742 patriarcha
2989 4665 3059 4721 ad
3088 4662 3491 4732 Tubingenses.
3512 4674 3567 4728 p.
3588 4656 3720 4721 246,

447 4775 766 4839 confutatus
795 4789 827 4829 a
856 4773 1318 4844 Tubingensibus,
1346 4787 1402 4844 p.
1430 4771 1559 4837 555,
1582 4771 1667 4826 vel
1690 4769 1872 4826 locum
1902 4768 2155 4832 alterum,
2187 4784 2218 4823 a
2247 4765 2500 4822 Patribus
2525 4761 2707 4835 quarti
2731 4757 2948 4817 concilii
2972 4751 3565 4824 Constantinopolitani
3591 4750 3727 4805 alla-

449 4881 565 4931 tum
589 4886 654 4926 ex
680 4868 904 4941 epistola
933 4868 1003 4923 ad
1034 4867 1383 4922 Theodosium
1408 4869 1560 4938 imp.,
1588 4866 1684 4938 qui
1712 4866 1961 4922 exstatin
1988 4866 2217 4935 septima
2254 4862 2464 4935 synodo
2497 4862 2611 4918 sive
2640 4860 2857 4917 Nicazna
2889 4856 3151 4921 secunda,
3182 4860 3290 4909 act.
3325 4849 3380 4913 6,
3398 4848 3664 4941 sectione
3672 4847 3729 4941 5,

447 4971 504 5018 et
531 4939 919 5033 quemritidem
955 4958 1298 5028 suppositum
1323 4972 1443 5014 esse
1470 4957 1781 5014 clamarunt
1809 4953 2016 5011 Nicieni
2047 4961 2180 5009 tom.
2217 4951 2282 5006 lll
2311 4949 2473 5016 Binii,
2507 4965 2633 5021 pag.
2661 4949 2789 5017 655,
2824 4947 2951 5012 654,
2986 4963 3126 5019 quos
3166 4943 3365 5033 refellit
3388 4940 3626 5033 [iniimus
3660 4939 3733 5033 De

450 5030 791 5122 imaginibus,
833 5066 952 5121 pag.
978 5048 1087 5102 212
1116 5062 1266 5118 seqq.
1297 5045 1501 5102 Eodem
1535 5046 1729 5118 synodi
1769 5045 1977 5115 septim:

2219 5042 2365 5110 λόγοι
2412 5042 2462 5095 οἱ
2497 5039 2638 5094 κατὰ
2672 5038 2781 5093 τῶν
2826 5039 3049 5094 εἰκόνων
3102 5044 3158 5093 et
3200 5032 3374 5105 βίὸλοι
3417 5030 3728 5102 Epiphanio

454 5144 751 5214 supposita:
790 5147 1187 5205 memorantur,
1227 5155 1349 5211 qua:
1387 5153 1512 5192 mox
1549 5137 1757 5207 λογίδια
1796 5146 1853 5192 et
1886 5135 1981 5205 ψευ

2238 5134 2380 5187 κατὰ
2415 5132 2523 5187 τῶν
2562 5129 2775 5184 σεπτῶν
2812 5128 3035 5184 εἰκόνων
3073 5126 3485 5198 συγγράμματα
3541 5123 3730 5193 appel-

461 5236 601 5302 lant,
629 5246 683 5292 et
716 5233 1051 5307 paucissima
1089 5244 1281 5287 eorum
1324 5227 1654 5298 exemplaria
1683 5236 1901 5283 exstare
1948 5232 2239 5292 testantur,
2273 5239 2398 5279 cum
2441 5231 2634 5279 caetera
2684 5219 2976 5293 Epiphanii
3024 5221 3228 5290 scripta
3275 5230 3374 5286 per
3408 5215 3733 5271 universum

530 5413 610 5484 (a)
648 5412 850 5484 Praeter
907 5409 1193 5484 epistolam
1257 5406 1532 5484 Panarioﬁ
1550 5404 1911 5484 praimissam,
1968 5403 2037 5484 ad
2142 5402 2402 5484 Apostolo
2433 5402 2767 5484 oppositum,
2794 5414 2957 5484 quem
3003 5396 3742 5484 _Sixtu_s_Sene‘nsisipe‘rpe-

460 5466 695 5540 Paulum
717 5466 827 5537 etii
839 5466 1063 5545 caci'um,
1088 5486 1267 5534 exstat
1294 5478 1458 5531 etiam
1486 5466 1769 5545 Epiphanii
1794 5474 2036 5545 epistola,
2145 5466 2261 5527 iam
2292 5466 2630 5545 existimavit
2652 5466 2977 5545 aib‘au'ctore
3004 5470 3326 5545 inscriptum
3357 5466 3740 5545 _fi_ii‘sse'Pavi-

462 5535 990 5624 [aliain'Aiabiam
1027 5535 1176 5624 misit
1208 5548 1470 5624 adversus
1501 5535 2039 5624 A'n'tidico-MarianiQ
2081 5544 2084 5548 λ
2146 5553 2397 5624 mentum,
2432 5559 2554 5624 cum
2579 5541 3087 5624 Epiphaniustom.
3116 5540 3157 5605 1,
3176 5535 3338 5624 ξραε..
3356 5535 3733 5624 510,tantum

463 5606 796 5691 t'aﬁsjﬁlia'resi
845 5637 1072 5685 Lxxuti,
1100 5620 1136 5674 2
1168 5635 1307 5691 ειη..
1340 5618 1531 5691 ethice
1559 5625 1640 5670 est
1670 5631 1833 5691 quam
1864 5612 2040 5691 respi-
2146 5614 2291 5691 dicat
2338 5606 2402 5691 ex
2451 5606 2710 5691 pluribus
2728 5612 2842 5666 suis
2875 5609 3141 5691 adversus
3176 5606 3510 5691 Marcionem
3547 5606 3743 5664 obser-

463 5676 857 5756 ἓίἶίᾸιιιςξλξ
886 5692 976 5747 Sic
1008 5676 1199 5746 Iumresi
1229 5676 1358 5749 ιὶι.ιι,
1392 5687 1447 5740 11
1501 5676 2040 5756 διτη‹ι.,’ἱιιεςι·ιιὶιἸί-
2150 5676 2465 5741 rationibus
2490 5683 2703 5752 ilii'guiv
2743 5700 2795 5735 τι
2827 5678 3129 5746 συντάξεως
3169 5696 3228 5735 se
3250 5676 3554 5746 collegisse.

464 5766 623 5822 brum
668 5753 852 5833 suum,
881 5762 1323 5831 corruptionibus
1361 5753 1653 5813 Marcionis
1697 5755 1752 5813 in
1800 5753 1950 5809 Luca
1988 5760 2043 5807 et
