3866 6066
1265 150 1543 208 NOTITIA
1585 154 1652 210 IN
1694 155 1732 211 S

1846 158 2247 217 PIPHANIUM.
3345 167 3400 210 κε

117 253 119 255 ’
166 260 325 318 orbem
358 269 628 318 terrarum
661 262 1077 319 celebratissima
1103 264 1231 334 sint,
1269 271 1349 333 si;
1399 273 1578 325 πᾶσαν
1627 273 1726 344 τὴν

1846 275 2081 346 ουμένην
2110 275 2507 347 διαϐεϐόηνται.
2553 274 2720 332 Multa
2763 284 2912 332 certe
2944 273 3229 344 scripsisse
3275 269 3406 342 Epi-

170 352 397 422 phaniam
425 364 480 409 et
507 353 565 408 in
590 364 826 410 extrema
857 364 1133 412 senectute
1163 358 1327 414 etiam
1362 364 1511 417 varia
1546 365 1762 421 cudisse
1791 381 1976 437 opera,
2007 367 2159 423 testis
2184 368 2236 421 in
2269 367 2526 438 Catalogo
2561 383 2682 436 cap.
2713 367 2814 421 114
2846 367 3234 438 Hieronymus.

755 528 842 584 Vl.
883 548 1063 597 θυεμ,
1091 551 1190 589 γει.
1218 551 1333 599 ous:
1361 553 1567 593 IUNIORI
1600 555 1800 596 cuman
1830 558 2118 598 EPIPHANIO
2151 559 2453 600 TRIBUENDA
2479 562 2772 602 VIDENTUR.

221 669 300 723 12.
336 668 468 739 Περὶ
491 668 602 722 τῶν
634 672 945 742 προφητῶν,
977 675 1094 739 πῶς
1138 677 1510 749 ἐκοιμήθησαν
1559 682 1652 735 καὶ
1692 700 1738 736 πι

1846 686 2051 736 εεῖνται.
2093 683 2250 738 Tom.
2279 684 2346 743 ll.
2372 700 2496 754 pag.
2529 684 2657 737 255.
2691 683 2767 736 De
2813 679 3078 750 prophetis
3121 694 3402 748 eorumque

168 766 288 819 obitu
317 773 359 816 et
389 762 687 832 sepultura,
716 765 854 818 liber
883 767 1077 835 plenus
1111 769 1334 825 incertis
1369 783 1423 825 et
1451 789 1644 843 parum
1678 775 2034 832 credibilibus
2076 777 2502 831 narrationibus.
2537 775 2727 844 Incipit
2752 791 2782 828 a
2814 773 3082 836 Nathane,
3113 780 3168 826 et
3198 771 3401 825 desinit

169 859 210 911 in
234 854 429 910 Joanne
463 853 726 924 Baptista.
758 856 1010 911 Ediderat
1041 859 1297 930 adjuncta
1329 863 1580 918 versione
1612 864 1856 918 Albanus
1886 862 2123 919 Torinus
2171 864 2334 919 Basil.
2373 864 2528 928 1529,
2566 866 2642 926 4°,
2681 868 2823 936 apud
2854 864 3241 928 Cratandrum,
3273 878 3401 917 cum

165 944 460 1000 Nazianzeni
489 945 733 1000 carmine
757 945 833 1000 De
866 949 1138 1005 miraculis
1187 969 1278 1021 per
1305 953 1651 1024 evangelistas
1680 956 1944 1020 narratis,
1984 965 2148 1024 atque
2175 955 2509 1026 Hieronymo
2534 997 2550 1020 ,
2590 955 2897 1024 Sophronio
2924 965 2977 1009 et
3005 954 3288 1009 Gennadio
3326 953 3404 1007 De

163 1035 473 1105 scriptoribus
493 1035 677 1090 eccles.
706 1035 795 1108 [V.
831 1037 1099 1094 Maittaire
1129 1042 1197 1096 Α.
1228 1041 1313 1106 Τ.,
1341 1052 1473 1097 tom.
1508 1043 1572 1108 ll,
1601 1059 1724 1114 pag.
1757 1045 1859 1098 716
1888 1054 1942 1100 et
1966 1045 2088 1099 Cat.
2122 1045 2188 1098 B.
2220 1043 2395 1110 Leid,
2427 1062 2547 1115 pag.
2578 1046 2644 1101 40
2667 1047 2771 1110 bis,
2807 1061 2929 1100 cum
2961 1043 3118 1099 Voss.
3147 1042 3209 1097 ν.
3233 1043 3296 1096 L.
3335 1059 3402 1098 ex

165 1127 320 1198 codd.)
349 1125 486 1182 Hinc
520 1141 646 1182 cum
674 1135 1067 1188 commentario
1087 1133 1276 1190 Jacob.
1303 1136 1605 1198 Zehnerus.
1635 1138 1978 1210 Scbleusing.
2008 1139 2164 1202 1612,
2194 1139 2271 1202 4°,
2299 1140 2382 1193 vir
2415 1139 2670 1210 indignus
2707 1139 2800 1209 qui
2847 1139 2916 1193 oh
2962 1153 3126 1193 unam
3160 1146 3401 1192 notatam

165 1217 468 1284 alteramque
516 1215 1094 1275 ballucinatiunculam
1148 1231 1258 1277 tam
1310 1227 1506 1280 acerbe
1527 1242 1557 1279 a
1591 1225 1812 1280 Petavio
1841 1225 1998 1280 Praef.
2030 1227 2099 1280 ad
2144 1234 2276 1280 tom.
2309 1225 2349 1278 ll
2379 1225 2664 1296 Epiphanii
2705 1229 3065 1299 exciperetur.
3100 1228 3348 1282 Petavius
3372 1241 3404 1281 e

165 1323 275 1363 mss.
307 1308 466 1376 regiis
492 1308 801 1363 emendavit
827 1319 880 1365 et
909 1312 1084 1381 capita
1110 1314 1382 1383 quaedam,
1416 1315 1704 1386 insngniter
1731 1316 2118 1386 discrepantia,
2149 1315 2333 1371 Grtece
2359 1318 2556 1386 adjecit
2583 1334 2648 1372 ex
2682 1321 2867 1375 codice
2890 1321 3210 1388 Augustano
3238 1337 3251 1372 :
3279 1319 3403 1388 pln-

167 1400 334 1453 rimum
359 1398 504 1453 enim
536 1399 588 1452 in
612 1401 714 1455 hoc
743 1401 946 1472 scripto
972 1404 1207 1460 invicem
1238 1407 1439 1461 abeunt
1483 1407 1606 1461 libri
1645 1423 1811 1462 manu
1840 1409 2068 1470 exarati,
2099 1417 2159 1463 ut
2182 1409 2247 1462 de
2279 1407 2788 1464 Vindobonensibus
2816 1411 3025 1464 notavit
3051 1409 3397 1473 Lambecius,

169 1499 281 1544 tom.
312 1489 391 1553 lll,
424 1506 480 1558 p.
517 1489 616 1543 197
644 1506 794 1561 seqq.
843 1494 942 1562 (a);
983 1502 1112 1548 tom.
1148 1494 1211 1560 V,
1256 1513 1308 1566 p.
1339 1498 1464 1552 280.
1500 1496 1618 1552 Non
1650 1499 1906 1553 dubitant
1933 1499 2034 1552 viri
2070 1499 2214 1554 docti
2240 1514 2361 1554 esse
2401 1498 2706 1569 Epiphanio
2737 1503 3101 1570 suppositum,
3137 1516 3200 1556 ac
3228 1501 3406 1570 plera-

167 1599 252 1652 que
284 1582 475 1637 similia
511 1583 767 1653 leguntur
793 1584 845 1636 in
877 1586 1394 1652 pseudo-DorOtlieo
1422 1590 1604 1658 (quem
1638 1589 1822 1644 Grmce
1851 1598 1905 1644 et
1939 1589 2131 1642 Latine
2162 1590 2347 1642 recudi
2377 1589 2477 1643 feci
2514 1588 2708 1644 l-lamb.
2744 1591 2902 1657 1714,
2931 1591 3017 1660 8°)
3058 1601 3112 1644 et
3144 1592 3198 1644 in
3233 1590 3404 1644 Chro-

168 1674 262 1728 nico
290 1670 558 1737 Paschali,
596 1673 740 1742 quod
767 1673 1186 1728 Alexandrinum
1222 1678 1380 1747 vulgo
1409 1685 1621 1732 vocant.
1658 1679 1856 1734 Confer
1884 1679 2321 1748 Papebrochium
2375 1687 2506 1733 tom.
2546 1679 2609 1732 lll
2648 1681 2794 1745 Maii,
2853 1698 2976 1752 pag.
3006 1683 3074 1736 49
3102 1701 3116 1745 ;
3149 1681 3407 1735 lluetium

172 1767 431 1822 Demonstr.
460 1767 718 1836 evangcl.,
753 1770 1016 1836 proposit.
1049 1785 1122 1838 ιν,
1158 1772 1248 1826 ubi
1281 1772 1346 1827 de
1379 1773 1657 1843 prophetis
1686 1774 1947 1843 disputat,
1978 1783 2032 1828 et
2062 1773 2330 1843 Cangium
2365 1773 2430 1827 ad
2477 1773 2770 1852 Chronicon
2807 1775 3088 1836 Paschale.
3123 1792 3245 1845 pag.
3280 1776 3408 1856 501ο

168 1860 277 1926 505;
309 1860 640 1915 Cotelcrium
669 1859 734 1913 ad
766 1859 1075 1917 Coustitutt.
1107 1863 1333 1933 apostol.
1354 1880 1426 1928 tv,
1459 1864 1511 1930 6,
1552 1864 1643 1918 ubi
1677 1879 1743 1918 ex
1778 1880 1884 1921 ms.
1916 1869 2066 1935 regio
2093 1865 2262 1920 edidit
2294 1864 2456 1920 breve
2484 1865 2730 1920 Scholion
2760 1864 3050 1936 Epiphanii
3081 1867 3157 1920 De
3184 1865 3334 1919 LXX
3344 1865 3408 1920 II

167 1955 392 2025 prophetis
419 1965 474 2008 et
498 1955 674 2008 decem
700 1955 1063 2024 propltetissis.

228 2051 302 2104 15.
338 2050 684 2118 Φυσιόλογος,
718 2049 1002 2115 διεξελθὼν
1037 2052 1164 2124 περὶ
1194 2053 1292 2124 τῆς
1322 2053 1551 2108 ἑκάστου
1580 2055 1794 2125 φύσεως
1816 2055 1924 2110 τῶν
1953 2055 2155 2127 θηρίων
2188 2073 2248 2109 τε
2276 2055 2371 2109 καὶ
2401 2056 2507 2111 τῶν
2527 2056 2808 2111 πετεινῶν.
2849 2056 3198 2128 Physiologus
3219 2057 3283 2111 de
3308 2073 3409 2110 na-

169 2147 267 2192 tura
297 2140 526 2208 ferarum
552 2150 600 2192 et
629 2138 918 2194 volucrum.
958 2139 1114 2196 Tom.
1149 2143 1215 2207 Il,
1245 2160 1297 2214 p.
1328 2145 1453 2209 189,
1481 2159 1604 2200 cum
1644 2147 1786 2200 notis
1817 2155 1870 2200 et
1897 2146 2148 2200 versione
2177 2145 2239 2197 Ι).
2275 2145 2495 2201 Consali
2540 2147 2718 2203 Ponce
2747 2149 2813 2201 de
2843 2147 3010 2211 Leon,
3047 2146 3410 2217 Hispalensis,

167 2233 242 2300 qui
262 2233 490 2287 ediderat
515 2231 679 2285 Rom.
713 2231 870 2298 1587,
905 2233 980 2296 4°,
1015 2246 1268 2286 recusum
1293 2233 1570 2304 Autwerp.
1604 2233 1762 2299 1588,
1795 2232 1871 2298 8°,
1904 2232 2090 2286 addito
2117 2248 2368 2288 sermone
2403 2235 2460 2287 in
2487 2235 2682 2303 festum
2714 2235 3033 2289 Palmarum
3061 2255 3078 2288 :
3116 2244 3168 2290 et
3200 2235 3413 2290 minore

168 2323 318 2380 forma
366 2325 524 2380 Rom.
559 2325 718 2379 1601.
749 2324 948 2379 llahuit
975 2326 1224 2379 eumdem
1255 2325 1498 2380 libellum
1527 2341 1660 2381 mss.
1693 2324 1986 2386 Gesnerus,
2019 2325 2113 2379 sed
2152 2326 2494 2394 ampliorem,
2520 2327 2793 2395 capitibus
2823 2327 2890 2380 59
2914 2326 3254 2389 distinctum,
3282 2341 3412 2378 cum

168 2417 211 2471 in
235 2418 446 2487 vulgatis
479 2427 695 2472 tantum
729 2418 840 2472 sint
871 2417 1049 2486 capita
1077 2417 1168 2470 25.
1200 2415 1332 2472 Vide
1358 2418 1478 2487 ejus
1512 2416 1670 2472 Praef.
1699 2417 1768 2471 ad
1799 2417 1998 2470 librum
2045 2414 2335 2486 Epiphanii
2367 2415 2442 2470 De
2471 2419 2709 2487 gemmis.
2745 2417 2888 2473 Citat
2935 2419 3100 2472 etiam
3148 2419 3200 2471 in
3247 2431 3415 2488 opere

167 2512 222 2565 de
253 2512 562 2569 animalibus
593 2513 798 2584 passim
833 2525 892 2568 ut
919 2514 986 2567 de
1013 2513 1374 2582 quadruped.,
1406 2527 1440 2581 p
1489 2512 1594 2567 955
1629 2530 1644 2566 :
1676 2510 2094 2582 Rhinocephalus
2119 2513 2370 2566 cervicem
2393 2513 2547 2566 habet
2581 2514 2843 2583 equinam,
2874 2526 2992 2564 cum
3021 2511 3259 2563 universo
3290 2525 3413 2562 cor-

165 2622 296 2674 pore,
324 2609 563 2676 ]lammas
596 2625 685 2663 ore
711 2618 935 2670 eructat,
962 2607 1150 2675 quibus
1177 2607 1411 2661 homines
1440 2615 1677 2675 pereunt.
1705 2605 2054 2676 Physiologus
2078 2615 2264 2660 auctor
2293 2606 2568 2660 obscurus.
2596 2605 2865 2660 Consalus
2902 2604 3038 2674 ipse,
3071 2603 3247 2658 tribus
3276 2617 3414 2657 mss.

168 2711 302 2761 usus,
337 2713 439 2752 uno
474 2697 688 2762 Sirleti,
719 2699 890 2754 altero
912 2697 1189 2754 Francisei
1220 2698 1475 2753 Turriani
1524 2707 1579 2753 et
1631 2698 1791 2753 tertio
1824 2696 2236 2764 Panormitano,
2273 2706 2524 2763 testatur,
2559 2714 2618 2754 se
2665 2696 2916 2752 undecim
2953 2696 3130 2766 capita
3161 2693 3415 2750 omisisse

166 2784 218 2838 ob
240 2788 546 2842 insanabiles
589 2779 1010 2858 depravationes.
1041 2787 1269 2844 Videtur
1295 2796 1486 2844 auctor
1511 2788 1676 2859 hujus
1698 2788 1821 2842 libri
1849 2789 2128 2859 antiquior
2156 2804 2277 2844 esse
2311 2789 2634 2859 Epiphanio,
2672 2803 2796 2842 nam
2833 2787 3130 2842 citatur.ab
3165 2784 3409 2855 Origene

171 2883 331 2937 homil.
359 2885 420 2938 17
448 2886 500 2939 in
540 2882 726 2938 Genes.
761 2900 912 2949 xux,
946 2895 999 2939 et
1017 2882 1216 2938 Ruﬁno
1250 2883 1326 2937 De
1355 2883 1611 2940 benedict.
1640 2883 1934 2953 patriarch.
1965 2882 2024 2937 In
2048 2881 2268 2938 decreto
2290 2881 2580 2938 Gelasiano
2610 2881 2688 2936 De
2716 2879 2866 2934 libris
2895 2879 3227 2948 apocryphis,
3265 2877 3293 2947 §
3318 2877 3411 2941 b5,

167 2984 474 3029 memoratur
503 2975 642 3029 liber
667 2974 1038 3046 Physiologus,
1072 2976 1162 3046 qui
1193 2976 1255 3029 ab
1283 2976 1544 3030 haereticis
1587 2977 1914 3046 conscriptus
1944 2983 2022 3029 est
2049 2983 2099 3029 et
2128 2974 2196 3028 B.
2219 2975 2487 3029 Ambrosii
2529 2973 2738 3029 nomine
2771 2973 3141 3043 prwsignatus.
3176 2970 3415 3039 Apocry-

166 3063 296 3128 phus.
335 3063 490 3120 Forte
540 3073 732 3120 aucto‘r
770 3067 970 3122 decreti
1019 3067 1153 3120 vidit
1200 3074 1436 3122 veterem
1469 3067 1592 3122 libri
1625 3068 1772 3124 illius
1805 3068 2110 3124 versionem
2139 3067 2414 3134 Latinam,
2447 3067 2717 3122 Ambrosii
2765 3065 2986 3120 nomine
3029 3071 3412 3135 pra’notatam-

166 3149 306 3206 FABB.
338 3183 402 3192 —
434 3155 647 3208 Addam
681 3155 836 3211 codd.
872 3155 1141 3209 notitiam.
1171 3154 1266 3212 Est
1295 3171 1424 3210 vero
1467 3154 1822 3225 Physiologus
1852 3153 2190 3210 Vindobonaa
2221 3155 2274 3209 in
2299 3155 2358 3208 Β.
2396 3155 2534 3210 Cass.
2566 3155 2722 3210 codd.
2753 3155 2878 3220 520,
2914 3170 3067 3208 num.
3099 3153 3132 3207 6
3163 3152 3257 3222 (in
3303 3167 3417 3221 quo

166 3243 328 3300 Grteca
357 3257 436 3303 est
468 3249 760 3318 inscriptio
788 3266 802 3301 :
835 3249 941 3301 Τοῦ
970 3249 1288 3320 Ἐπιφανίου
1326 3251 1391 3302 ὲκ
1428 3249 1522 3303 τοῦ
1551 3251 1738 3321 Ἀριστ

1846 3257 1976 3316 ξονς,
2005 3249 2326 3319 φυσιολόγοι)
2352 3249 2461 3302 τῶν
2491 3247 2664 3313 ζώων,
2713 3257 2768 3302 et
2799 3247 3054 3302 Lambec.
3087 3245 3412 3310 Comment.,

168 3345 279 3391 tom.
314 3338 374 3404 V,
407 3355 457 3409 p.
482 3339 585 3395 591
617 3355 793 3410 seqq.,
819 3357 881 3394 ex
910 3342 1098 3396 eodem
1126 3342 1281 3396 titulo
1308 3341 1595 3396 manifeste
1615 3355 1876 3411 apparere
1899 3340 2130 3411 judicat,
2165 3355 2261 3409 per
2293 3339 2675 3410 Physiologum
2707 3356 2813 3397 non
2846 3356 2968 3397 esse
2996 3339 3412 3408 intelligendum

168 3431 308 3484 alium
333 3447 394 3486 ac
419 3432 793 3496 Aristotelem,
815 3434 970 3503 cujus
993 3435 1294 3489 etiamnum
1325 3442 1540 3490 exstant
1568 3435 1635 3489 de
1658 3433 1906 3498 historia,
1933 3434 2000 3489 de
2023 3433 2270 3503 partibus
2295 3441 2348 3488 et
2372 3434 2438 3488 de
2461 3434 2812 3504 generatione
2838 3433 3178 3496 animalium,
3209 3431 3416 3500 etc.)—

168 3517 213 3572 In
237 3521 342 3576 cod.
376 3522 464 3589 24,
503 3539 563 3576 η.
599 3521 632 3576 6
661 3521 948 3591 (Lambec.
985 3535 1116 3579 tom.
1146 3524 1234 3592 VI,
1269 3537 1407 3595 part.
1444 3541 1502 3590 η,
1534 3541 1658 3595 pag.
1683 3523 1790 3580 275
1818 3530 1855 3591 ),
1884 3533 2058 3595 atque
2087 3525 2142 3579 in
2173 3525 2297 3580 cod.
2332 3525 2422 3589 55,
2469 3541 2592 3580 cum
2624 3525 2853 3582 vetustis
2888 3524 3220 3595 imaginibus
3254 3521 3415 3592 pictis

169 3611 433 3678 (Lambec.
466 3623 610 3669 tom.
644 3613 758 3677 νη,
803 3629 925 3685 pag.
957 3615 1082 3680 215,
1119 3615 1211 3684 qui
1250 3623 1305 3670 et
1341 3613 1545 3669 Kollar.
1583 3616 1648 3669 ad
1694 3615 1933 3685 primum
1985 3615 2106 3670 cod.
2143 3615 2456 3679 observant;
2502 3616 2661 3671 codd.
2698 3617 2912 3672 illorum
2966 3614 3170 3669 auxilio
3215 3627 3412 3666 novam
3451 3613 3461 3622 ‘

168 3703 444 3781 Physiologi
475 3710 614 3765 edit.
651 3724 812 3779 posse
843 3711 1015 3764 multo
1049 3711 1475 3766 emendatiorem
1504 3708 1824 3781 adornari).
1853 3711 2113 3781 Augusta:
2139 3709 2426 3775 Vindelie.,
2462 3720 2598 3768 teste
2625 3713 2850 3769 Reisero
2883 3714 2938 3768 in
2964 3711 3111 3776 Cat.,
3144 3726 3198 3780 p.
3225 3709 3312 3764 40.
3343 3739 3415 3750 --

170 3799 381 3860 Veneliis
414 3808 469 3860 in
499 3806 632 3862 cod.
665 3803 898 3860 Nanian.
933 3805 1058 3869 257,
1095 3819 1255 3874 quem
1287 3805 1443 3858 valde
1475 3805 1694 3859 dilferre
1721 3804 1790 3859 ab
1822 3805 1953 3858 edit.
1983 3804 2205 3859 Consali
2239 3803 2450 3868 Poncii,
2485 3807 2592 3862 late
2616 3809 2774 3863 docet
2797 3809 3166 3878 Mingarellius
3199 3807 3253 3860 in
3286 3803 3410 3860 Cat.

169 3893 299 3946 codd.
323 3893 495 3958 Nam,
535 3912 660 3966 pag.
694 3895 818 3961 449,
847 3905 900 3951 et
927 3895 1170 3964 subjicit,
1206 3909 1265 3950 se
1293 3909 1430 3963 opus
1456 3894 1703 3964 ejusdem
1735 3894 2044 3964 argumenti
2086 3901 2285 3948 mstum
2314 3894 2514 3949 vidisse
2563 3895 2617 3949 in
2663 3895 2796 3950 bibl.
2831 3897 3144 3951 canonicor.
3171 3893 3418 3948 ecclesias

169 3987 379 4044 cathedr.
410 3989 666 4045 Viterbii.
699 4022 770 4032 —
797 3989 854 4046 ln
889 3991 1007 4046 cod.
1039 3991 1230 4046 Baroc.
1266 3991 1356 4045 95.
1392 4022 1462 4031 -
1484 3989 1542 4045 1η
1573 3991 1730 4046 codd.
1765 3989 1943 4046 Paris.
1973 3990 2102 4045 bibl.
2140 3990 2288 4060 publ.
2311 3990 2436 4055 854,
2468 3991 2626 4056 2027,
2653 3991 2815 4056 2509,
2849 3989 3196 4062 Physiologus
3220 3987 3413 4057 Syrus,

170 4093 246 4134 seu
274 4083 495 4141 historia
529 4087 850 4142 animalium
881 4087 950 4141 52
975 4088 1028 4141 in
1053 4097 1238 4142 saneta
1264 4086 1542 4157 Scriptura
1574 4098 2022 4150 memoratorum,
2058 4084 2284 4157 Syriace
2313 4102 2343 4141 e
2372 4087 2495 4142 cod.
2533 4088 2664 4143 bibl.
2698 4085 2974 4142 Vaticanze
3003 4100 3150 4140 nunc
3175 4083 3414 4154 primum

167 4175 328 4246 edidit,
358 4181 522 4237 vertit
560 4192 615 4237 et
645 4183 936 4237 illustravit
964 4181 1048 4236 Ol.
1086 4182 1252 4238 Gerh.
1288 4181 1560 4255 Tychsen.
1595 4183 1857 4238 Rostoch.
1895 4181 2054 4247 1795,
2084 4180 2160 4235 8°.
2187 4181 2586 4250 Descriptiones
2616 4183 2833 4236 illorum
2865 4179 3179 4234 animalium
3215 4175 3411 4230 miram

169 4266 344 4328 habent
374 4274 796 4330 similitudinem
829 4290 954 4331 cum
989 4275 1059 4331 iis
1091 4290 1213 4345 qua:
1244 4275 1301 4330 in
1332 4274 1651 4346 Physiologo
1683 4275 1993 4347 Epiphanii,
2028 4277 2084 4330 in
2136 4277 2322 4346 spuria
2357 4274 2668 4344 Hieronymi
2707 4272 2937 4344 epistola
2983 4271 3051 4326 ad
3091 4269 3414 4329 Prtesidium

224 4492 294 4561 (α)
335 4495 440 4551 Seu
476 4512 608 4565 pag.
641 4495 744 4549 487
788 4495 877 4550 ed.
909 4495 1114 4560 Kollar.
1145 4495 1205 4550 In
1238 4496 1331 4550 illo
1369 4497 1492 4552 cod.
1532 4496 1732 4553 inscri-

167 4539 273 4635 ριξῖ
282 4539 735 4633 evagata;
773 4539 854 4630 ἔξ
863 4539 877 4549 ’
893 4539 1741 4635 ρὲἷιΐὲἐέιὲἒτὲὸξοῆἔῶἶξ’ἦῖ’ἑιι

167 4629 622 4705 Οδςεᾴυεηιιέθό
673 4629 943 4690 Danielem
971 4633 1012 4704 ),
1046 4637 1145 4688 καὶ
1191 4629 1601 4705 πὸθέἦῆσαὶρ,
1641 4638 1741 4690 καὶ

165 4703 755 4774 ποῦ-ἐτελειώθησαν.
805 4705 864 4759 1η
894 4703 1186 4773 appendice
1231 4703 1476 4774 quaedam
1513 4721 1743 4760 narran-

167 4771 331 4856 alr-(‘18.
346 4771 632 4856 prophetis
652 4775 765 4829 Elia
789 4771 1080 4856 aerugo,
1106 4771 1310 4856 Praeter
1327 4785 1502 4856 caveat
1524 4776 1580 4830 in
1607 4777 1739 4856 bibl.

170 4837 358 4916 Bodlei.
387 4837 515 4898 cod.
543 4845 774 4916 Barocc.
811 4844 937 4906 206,
967 4844 1160 4916 Epig/3.
1186 4845 1248 4899 de
1269 4843 1422 4898 LXX
1428 4844 1490 4899 ΙΙ
1521 4847 1742 4916 propheo

169 4912 296 4997 tiset
326 4916 681 4997 prophetissis
697 4932 716 4980 ;
741 4915 871 4997 item
899 4915 962 4968 de
1154 4916 1416 4997 prophetis
1454 4912 1740 4997 horumque

170 4990 337 5068 morte.
385 4985 441 5068 In
476 4986 672 5068 0918.111
883 4984 1420 5068 eastatPQrotheus,
1457 4985 1584 5068 T-yri
1627 4984 1740 5055 epi-

170 5061 370 5113 scentis.
403 5053 470 5106 de
493 5053 654 5107 LXX
679 5055 952 5122 discipulis
973 5063 1022 5108 et
1057 5053 1119 5108 de
1147 5053 1268 5108 ΧΙΙ
1297 5053 1589 5125 apostolis:
1619 5053 1736 5110 tum

173 5117 278 5172 XII
305 5124 676 5191 apostolorum
715 5126 893 5193 patria
930 5132 979 5177 et
1021 5134 1285 5189 parentes.
1314 5152 1384 5163 -
1407 5125 1550 5180 Inter
1576 5125 1736 5180 codd.

175 5183 407 5238 Vossian-
439 5193 497 5238 in
533 5193 716 5238 Catal-
754 5193 904 5238 cadd-
943 5194 1161 5238 Annlim-
1194 5203 1320 5238 pta“
1351 5204 1482 5238 tnm-
1516 5193 1576 5238 ll-
1610 5210 1732 5238 nan-

178 5193 408 5246 Vossian.
439 5193 497 5245 in
533 5193 716 5248 Catal.
754 5193 904 5247 codd.
936 5194 1164 5264 Anglice,
1194 5203 1322 5258 etc.,
1351 5204 1483 5248 tom.
1514 5193 1577 5256 ll,
1610 5210 1733 5266 pag.

173 5254 535 5345 58,.n_._21.55..
563 5271 652 5345 est
684 5263 990 5345 Dorotlietts
1003 5264 1130 5343 _sive
1152 5264 1437 5345 aliusquis
1460 5265 1523 5345 de
1543 5266 1659 5345 .vinta
1688 5273 1737 5345 et

174 5332 368 5414 scriptis
393 5333 787 5414 discipulorum
817 5332 1058 5413 Christi:
1089 5349 1153 5414 ac
1177 5351 1231 5414 n.
1262 5333 1422 5414 27οπ7ἶ
1453 5333 1644 5414 Epiph.
1675 5335 1739 5414 de

173 5401 544 5466 prophetarum
571 5401 714 5467 vitis,
745 5417 867 5456 cum
898 5402 1063 5458 variis
1090 5403 1237 5457 lectt.
1261 5433 1330 5443 —
1367 5401 1654 5484 Florentia:
1683 5406 1738 5457 in

179 5465 226 5518 Β.
256 5467 514 5525 Laurent.
548 5471 674 5525 cod.
709 5470 764 5528 6.
797 5487 849 5524 n.
881 5470 1033 5528 8-10.
1062 5473 1197 5528 plut.
1227 5472 1292 5528 4.
1341 5481 1425 5528 est
1461 5472 1650 5528 Emuh.
1685 5473 1737 5528 1°

179 5488 226 5518 ι).
256 5488 514 5525 Laurent.
548 5488 674 5525 con.
709 5488 764 5534 υ,
797 5488 849 5524 n.
881 5488 1033 5534 δ-ιυ,
1062 5488 1197 5541 putt.
1227 5488 1292 5537 4,
1341 5488 1425 5528 eSt
1461 5488 1650 5542 epipn.
1685 5488 1733 5532 ἰα

177 5536 230 5588 de
260 5538 476 5595 LXXII
506 5541 777 5611 praphetis
823 5552 870 5594 et
909 5543 1243 5609 prophetissis
1273 5542 1472 5615 (edidit
1500 5543 1733 5597 Coteler.

1839 4497 1892 4551 in
1925 4495 2067 4549 notis
2103 4495 2168 4548 ad
2194 4495 2287 4549 lib.
2313 4510 2365 4548 vt
2389 4493 2636 4550 Constitt.
2660 4501 2854 4563 apost.,
2882 4508 3008 4564 pag.
3031 4491 3222 4564 220);
3258 4491 3323 4545 2°
3351 4491 3418 4548 de

1839 4508 1892 4551 In
1925 4508 2067 4549 notis
2103 4508 2168 4548 ad
2195 4508 2287 4576 nn.
2313 4510 2365 4548 vt
2389 4508 2636 4550 bonum.
2660 4508 2854 4576 apos.t.,
2881 4508 3008 4617 pag.
3041 4508 3222 4573 2‘20);
3258 4508 3323 4545 2"
3351 4508 3413 4576 ας

1839 4565 1980 4620 XVI
2019 4565 2318 4635 prophetis;
2348 4579 2400 4634 p.
2431 4564 2556 4628 252,
2595 4576 2895 4635 narrationi
2975 4561 3413 4635 ederetma,_qnt

1843 4637 1894 4690 in
1926 4631 2124 4689 ordine.
2148 4651 2236 4688 xw
2264 4631 2378 4699 est,
2413 4635 2808 4688 subnectuntur
2838 4631 3251 4696 Paralipomena
3285 4631 3416 4685 Hie-

1843 4707 2020 4759 remiae
2062 4706 2361 4774 prophette;
2390 4705 2445 4757 5ο
2477 4703 2551 4758 De
2583 4703 2706 4786 Elia
2737 4706 2810 4774 (v.
2844 4701 3073 4756 Bandin.
3102 4699 3223 4782 Cat.
3259 4703 3415 4782 codd.

1848 4775 1941 4830 Gr.
1968 4774 2158 4835 Laur.,
2179 4787 2311 4828 tom.
2340 4772 2378 4833 Ι,
2412 4787 2530 4835 pag.
2570 4773 2719 4835 525).
2747 4804 2816 4813 —
2849 4773 2906 4826 In
2932 4772 3052 4826 cod.
3084 4771 3250 4824 Corsl.
3289 4771 3414 4833 120,

1895 4792 1941 4828 ν.
1968 4789 2158 4838 Laur.,
2179 4789 2311 4828 tom.
2340 4789 2378 4833 ι,
2412 4789 2530 4838 pag.
2570 4789 2719 4835 me).
2747 4804 2816 4813 —
2852 4789 2906 4826 In
2932 4789 3052 4826 cou.
3084 4789 3250 4824 ιιοιει.
3289 4789 3414 4833 ην,

1849 4787 1941 4830 ω.
1968 4787 2158 4838 Laur.,
2179 4787 2311 4828 tom.
2340 4787 2378 4833 ι,
2412 4787 2530 4843 pag.
2570 4787 2719 4835 525).
2747 4804 2816 4813 —
2852 4787 2906 4826 In
2932 4787 3052 4826 coa.
3084 4787 3250 4824 anlSl.
3289 4787 3414 4833 ην,

1849 4845 2049 4914 Epiph.
2070 4845 2132 4899 de
2164 4844 2426 4913 prophetis
2469 4853 2518 4896 et
2558 4843 2917 4914 prophetissis,
2943 4851 2998 4914 et
3045 4840 3097 4893 in
3116 4841 3252 4914 cod.
3272 4841 3414 4914 258,

1846 4907 1910 4967 de
1934 4907 2104 4972 ELXX
2164 4907 2426 4983 prophetis
2455 4907 2984 4983 rac'propltetissis__(
3007 4925 3059 4962 v.
3097 4907 3414 4983 ΔΜομιιίξιλψξ.

1843 4986 1986 5039 Bibl.
2018 4979 2210 5048 Boisil,
2253 4979 2374 5052 pag.
2409 4979 2736 5052 19861804
2757 4985 2795 5051 ).
2829 4979 3164 5052 —7Vene_t_iis
3198 4979 3412 5052 inhihl.

1845 5055 2009 5109 Marc.
2047 5054 2168 5108 cod.
2198 5045 2421 5112 ’498fde
2443 5051 2539 5106 LX
2547 5051 2595 5104 X
2603 5050 2663 5104 11
2685 5045 2945 5120 prophetis
2973 5059 3021 5120 et
3052 5045 3103 5099 Χ
3126 5050 3418 5120 prophetis-

1843 5127 1937 5184 sis.
1980 5140 2042 5176 ac
2083 5124 2145 5176 de
2188 5121 2329 5175 XVI
2370 5123 2655 5192 prophetis,
2686 5119 2820 5192 unde
2852 5119 3283 5192 fuerint,_et_ubi_
3313 5120 3416 5171 sint

1843 5196 2058 5248 mortui.
2097 5222 2165 5232 —
2196 5186 2379 5248 Paris;
2414 5186 2475 5246 in'
2499 5191 2556 5245 Β.
2591 5191 2737 5260 publ.
2770 5186 2907 5244 inter
2961 5187 3121 5242 codd.
3163 5186 3414 5260 Latinos,

1842 5265 1963 5318 cod.
1997 5263 2157 5325 1986,
2191 5279 2247 5316 n.
2282 5263 2338 5323 2,
2374 5261 2564 5330 Epiph.
2593 5257 2731 5314 liber
2769 5261 2833 5314 de
2870 5257 3414 5375 vitisvprophetarum,

1843 5334 2134 5375 interm-nte
2157 5334 2173 5375 Ι
2194 5339 2252 5375 nt
2283 5333 2356 5375 ait
2385 5344 2574 5375 mmor
2604 5329 2782 5375 (fatal-
2816 5331 2923 5375 vnl-
2957 5329 2974 5375 1
3032 5367 3046 5375 .
3078 5343 3196 5375 nail.
3233 5327 3319 5375 15)
3358 5338 3414 5375 ιιι

1843 5334 2134 5400 interprete
2157 5334 2173 5396 (
2194 5339 2252 5384 ut
2283 5333 2357 5386 ait
2384 5327 2574 5385 auctor
2604 5329 2782 5383 Catal.
2816 5331 2923 5383 vol.
2957 5327 3046 5390 1V,
3077 5343 3196 5395 pag.
3233 5327 3319 5394 15)
3358 5338 3418 5380 ut

1842 5404 2076 5464 videtur,
2100 5400 2407 5464 Theodoro,
2444 5410 2497 5454 et
2520 5417 2574 5453 n.
2602 5401 2654 5462 4,
2687 5414 2877 5467 opusc.
2910 5397 2986 5451 De
3012 5397 3417 5467 vit._proph_eta-

1840 5489 1979 5595 ﬁunt.
2020 5470 2156 5525 Add.
2191 5486 2354 5541 supra
2385 5470 2490 5526 vol.
2525 5467 2636 5537 VII,
2667 5465 2852 5538 p.452
2879 5482 2993 5536 seq.
3025 5467 3092 5522 de
3113 5465 3417 5520 Dorotheo.

1891 5557 2019 5595 sua.

1891 5557 2019 5596 ARL.
