3866 6066
1282 180 1562 238 ΝΟἸΊΊΊΑ
1607 183 1673 237 ΙΝ
1711 183 1768 237 S.
1813 183 2258 240 EPIPIIANIUM.

1880 184 2258 240 ‘lPllANlUM.
3311 213 3407 254 xttl

137 338 204 353 -ι
225 304 291 360 V.
312 304 482 360 etiam
515 302 584 361 ad
611 309 752 360 orat.
786 299 836 373 β’
860 299 1150 356 indicatam
1180 302 1403 372 scripta.
1437 301 1640 356 Praeter
1665 317 1728 357 ea
1757 311 1886 357 sunt
1914 304 1968 358 in
1999 297 2326 359 cod.'Paris.
2363 303 2468 359 816
2504 303 2696 376 Epiph.
2734 306 2970 361 homllire
3002 309 3067 362 de
3103 308 3317 367 anima:
3347 311 3412 366 de

138 404 365 453 venimle
412 397 578 462 vitta;
628 397 683 449 in
714 395 817 464 [ine
844 395 1063 457 saculi;
1114 394 1165 446 in
1209 409 1388 448 omnes
1447 404 1744 466 martyres;
1780 395 1837 448 in
1884 399 2118 450 natalem
2157 396 2512 453 Prtecursoris
2544 409 2592 452 et
2624 401 2680 453 in
2714 399 2976 455 Joannem
3005 404 3404 474 evangelistam.

141 492 302 544 Iliae.
342 485 537 540 Latine
568 485 767 556 legitur
797 484 853 540 in
917 484 1260 538 Bibliotltecis
1310 483 1536 540 Patrum
1578 485 1758 542 Paris.
1809 486 1978 552 1575,
2015 487 2197 561 1589,,
2241 504 2308 544 ex
2344 491 2568 562 interpr.
2616 489 2664 545 J.
2701 491 2815 548 Pici
2841 535 2856 560 ,
2887 504 2942 548 et
2988 493 3132 564 apud
3181 494 3410 551 Surium

141 585 168 636 8
193 583 295 635 lb-c
354 581 550 650 Incipit
579 599 592 635 :
623 581 733 644 Τὰς
759 579 1150 652 ἐκλαμπούσας
1183 580 1574 654 μαρμαρυγὰς.

208 681 280 738 ς’.
327 675 464 742 Περὶ
499 672 667 741 βαῖων
692 711 708 738 ,
749 671 824 728 De
864 672 999 742 festo
1033 671 1349 728 Palmarum
1372 715 1388 742 ,
1413 673 1735 747 fragmentul

1879 675 2074 746 icipit:
2117 674 2178 730 Ὀ
2219 676 2312 729 ὑπ’
2358 676 2606 746 ἀγγέλων
2651 679 2929 751 ἀσιγήτως
2975 681 3406 753 ἀνυμνούμενος.

144 767 290 819 Tum.
325 765 387 827 li,
425 781 477 833 ρ.
514 763 642 819 501.

205 862 268 927 ζ’.
312 863 447 933 Περὶ
482 861 741 926 πίστεως,
775 860 870 915 καὶ
911 859 1013 932 τῆς
1045 859 1206 930 ἁγίας
1233 854 1484 934 Τριάδος,
1529 861 1604 917 De
1638 863 1732 932 [ide

1913 863 2192 931 Trinitate,
2242 873 2292 919 et
2332 866 2594 936 mysteriis
2637 881 2995 931 numerorum,
3030 867 3285 932 ternarii,
3328 885 3406 922 se-

147 957 274 1008 narii
299 962 343 1006 et
367 955 683 1023 septenarii.
714 953 874 1008 Tom.
906 951 972 1018 il,
1011 969 1064 1024 p.
1097 954 1222 1010 504.
1252 953 1446 1025 Incipit
1472 971 1486 1008 :
1515 956 1674 1009 Πίστι

1637 974 1707 1020 τις
1735 956 1872 1018 ἐστι,
1897 957 2054 1021 τάσις
2080 957 2136 1011 δὲ
2166 961 2198 1029 ἡ
2229 959 2308 1021 εἰς
2332 957 2486 1022 Θεὸν,
2524 961 2759 1031 πρᾶγμα
2788 959 3164 1029 ἀψηλάφητον.

201 1060 272 1122 η’.
320 1049 384 1103 1η
410 1059 652 1104 sanctam
710 1049 916 1105 Christi
950 1035 1408 1106 resurrectibnem.
1455 1050 1612 1106 Tum.
1647 1050 1690 1104 ll
1715 1093 1729 1116 ,
1781 1068 1836 1119 p.
1871 1052 1994 1108 510.
2034 1052 2223 1107 Latine
2260 1062 2503 1117 tantum,
2555 1068 2619 1108 ex
2675 1056 2926 1109 versione
2959 1051 3186 1107 Gerardi
3222 1050 3404 1106 Vossii

145 1142 492 1213 Tungrensis,
532 1142 625 1210 qui
662 1139 834 1196 edidit
873 1141 1035 1195 Rom.
1072 1141 1232 1205 1585,
1267 1143 1354 1198 12.
1388 1141 1584 1212 incipit
1619 1159 1633 1195 :
1673 1142 2010 1196 Mortuorum
2041 1143 2215 1197 luctus
2247 1146 2536 1199 exsulavit.

209 1238 308 1293 llas
351 1238 612 1292 homilias
655 1237 750 1291 viri
783 1236 929 1292 docti
971 1239 1037 1293 ad
1065 1240 1340 1308 iuniorem
1375 1239 1665 1309 quemdam
1699 1239 2064 1309 Epiphanium
2096 1240 2355 1311 Cyprium
2392 1240 2707 1295 referendas
2739 1253 2860 1293 esse
2891 1237 3237 1302 existimant,
3281 1235 3407 1290 licet

147 1332 488 1388 Combetisius
515 1333 571 1388 in
607 1331 938 1387 Bibliotheca
969 1335 1366 1389 concionatoria
1418 1335 1732 1402 contendat,
1771 1336 2037 1405 quasdam
2075 1336 2314 1404 illarum,
2347 1344 2408 1392 ut
2435 1329 2652 1390 tertia‘m
2684 1335 2740 1388 in
2768 1344 3009 1388 sanctam
3057 1332 3406 1387 resurrectio-

149 1447 266 1495 nem,
305 1430 520 1502 antiqui
559 1431 711 1488 illius
744 1431 1185 1488 Coustantiensis
1215 1433 1362 1488 aetati
1394 1449 1505 1488 non
1539 1433 1680 1489 male
1707 1447 2028 1503 congruere.

1195 1614 1262 1669 In
1305 1614 1512 1671 Petavii
1548 1616 1777 1670 editione
1815 1616 2189 1671 desiderantur
2226 1632 2246 1670 :

213 1729 291 1784 l5.
333 1729 727 1800 Fragmentum
779 1731 944 1788 breve
970 1733 1261 1804 Epiphanii
1300 1736 1389 1800 εις
1420 1734 1488 1788 τὸ
1521 1734 1674 1788 κατὰ
1715 1735 1740 1790 ’l

1871 1753 1986 1789 -νου
2009 1775 2024 1801 ,
2054 1751 2120 1790 ex
2149 1735 2353 1791 Catena
2396 1733 2769 1790 Mazariniana
2824 1735 2890 1789 ad
2936 1735 3107 1790 Exod.
3144 1751 3230 1790 xvi
3259 1777 3274 1802 ,
3307 1736 3398 1797 20.

151 1820 310 1876 Graece
337 1821 581 1891 vulgavit
609 1823 748 1876 idem
780 1822 1145 1878 Combelisius
1178 1822 1400 1876 Auctar.
1436 1824 1627 1878 noviss.
1654 1832 1788 1879 tom.
1824 1823 1888 1888 ll,
1920 1841 1975 1894 p.
2004 1825 2125 1882 500.

209 1913 286 1966 16.
329 1913 785 1983 Apophthegmata
836 1911 1219 1983 septemdecim
1270 1911 1456 1968 Greece
1507 1922 1561 1968 et
1618 1913 1811 1969 Latine
1847 1916 1994 1971 edita
2038 1930 2070 1970 a
2114 1915 2384 1973 Cotelerio
2436 1916 2578 1970 inter
2627 1915 3091 1986 Apophthegmata
3149 1917 3402 1986 Patrum,

153 2020 195 2074 p.
225 2003 458 2057 κεί-450
495 2013 632 2058 tom.
668 2002 686 2056 l
726 2002 971 2058 Monum.

211 2101 287 2154 17.
329 2100 656 2154 Miraculum
682 2111 885 2156 sancta:
912 2089 1266 2156 Encharistite
1292 2117 1323 2156 e
1359 2102 1548 2158 codice
1579 2101 1713 2157 bibl.
1753 2101 2034 2166 Palatinas,
2070 2116 2287 2156 versum
2344 2116 2375 2155 a
2417 2100 2580 2156 Petro
2613 2102 2681 2157 de
2706 2099 2910 2164 Monte,
2945 2101 3203 2172 episcopo
3232 2101 3402 2157 Bres-

153 2192 276 2247 sensi
303 2194 413 2248 sive
437 2193 736 2260 Brixiensi,
768 2202 823 2250 et
845 2195 948 2250 sub
977 2195 1269 2265 Epiphanii
1295 2197 1470 2252 nostri
1519 2197 1741 2252 nomine
1764 2196 1956 2251 Latine
1979 2197 2183 2252 editum
2216 2197 2378 2251 Rom.
2404 2196 2564 2252 1525.
2594 2195 2865 2252 Caeterum
2891 2195 3228 2267 Theophilus
3253 2197 3403 2269 Ray-

155 2285 364 2348 naudus,
401 2283 457 2338 S.
498 2283 578 2349 J.,
615 2286 711 2354 qui
744 2286 930 2341 recudi
960 2285 1173 2340 curavit
1196 2301 1247 2340 a.
1284 2283 1446 2349 1640,
1477 2300 1600 2338 cum
1628 2285 1867 2354 copiosis
1912 2284 2028 2340 suis
2058 2284 2626 2340 animadversionihus
2657 2288 2713 2344 in
2755 2289 2907 2344 diss.‘
2929 2289 3002 2343 De
3030 2291 3387 2359 apparitioni.

153 2375 230 2428 bus
255 2375 305 2427 in
339 2373 699 2430 Eucharistiw
729 2384 1082 2441 sacramento,
1125 2391 1320 2432 recusa
1353 2391 1404 2430 a.
1435 2373 1596 2440 1665,
1632 2383 1764 2429 tom.
1806 2374 1871 2428 Vl
1914 2373 2075 2446 0pp.,
2115 2392 2169 2446 p.
2205 2375 2332 2440 582,
2377 2388 2432 2431 et
2473 2377 2634 2446 longe
2673 2378 2912 2446 iunioris
2945 2393 3068 2434 esse
3108 2377 3402 2449 Epiphauii

154 2465 363 2518 ostendit
390 2481 442 2535 p.
469 2465 581 2520 589
607 2481 748 2536 seq.,
796 2465 941 2521 inter
979 2465 1085 2520 alia
1133 2466 1297 2520 etiam
1327 2481 1392 2520 ex
1427 2481 1492 2521 eo
1517 2505 1532 2532 ,
1568 2465 1713 2535 quod
1743 2464 1946 2521 Paulus
1977 2465 2252 2522 secundus
2281 2465 2512 2522 refertur
2543 2467 2840 2524 mulctasse
2869 2483 3068 2539 corpus
3102 2484 3261 2524 suum
3303 2469 3404 2524 lla-

155 2557 292 2627 gellis
324 2576 334 2610 ε
368 2558 495 2622 Quia
537 2557 848 2625 imbonitas,
889 2561 1089 2632 inquit,
1141 2573 1260 2617 ante
1301 2578 1469 2616 rerum
1512 2563 1659 2616 Petri
1693 2561 1962 2630 Damiani,
1991 2563 2082 2634 qui
2110 2563 2306 2618 sarculo
2339 2564 2618 2618 undecimo
2647 2563 2862 2623 claruit.
2890 2565 2944 2619 in
2971 2565 3136 2620 nullis
3163 2567 3400 2620 anacho-

155 2662 364 2704 retarum
390 2653 465 2706 vel
487 2655 872 2708 monachorum
906 2657 1202 2725 asperrima
1227 2672 1446 2728 qua'que
1469 2657 1886 2711 consectantium
1909 2658 2066 2727 gestis
2096 2665 2284 2711 notata
2313 2673 2346 2712 a
2375 2673 2456 2711 me
2485 2666 2583 2712 est.

213 2743 290 2800 18.
316 2745 380 2798 In
410 2745 696 2800 Canticum
731 2748 1081 2803 canticorum.
1138 2746 1506 2804 Cassiodorus
1533 2748 1628 2803 lib.
1671 2764 1689 2802 ι
1723 2748 1966 2804 Divinar.
2000 2749 2151 2814 inst.,
2175 2764 2295 2820 cap.
2335 2747 2410 2804 5:
2447 2747 2577 2804 Post
2607 2765 2736 2818 quos
2769 2747 3098 2820 (Origenem,
3129 2747 3396 2818 Hierony-

157 2856 302 2900 mum.
331 2841 616 2912 Rulinum)
657 2841 1010 2911 Epiphanius,
1041 2845 1264 2899 antistes
1294 2844 1542 2916 Cyprius,
1575 2852 1744 2898 totum
1772 2843 1967 2898 librum
1999 2843 2248 2913 (Cantici
2279 2844 2653 2914 canticorum)
2693 2840 2876 2897 Crteco
2907 2856 3144 2895 sermone
3175 2856 3279 2894 uno
3309 2857 3402 2894 νο-

155 2931 323 2988 lumine
350 2934 441 2989 sub
471 2936 731 2989 breritate
755 2935 1058 3006 complexus
1092 2945 1191 2992 est.
1221 2936 1374 2992 Hunc
1404 2947 1519 3002 nos,
1543 2941 1604 2991 tit
1624 2935 1786 3003 alios,
1813 2937 1870 2991 tn
1895 2935 2144 2991 Latinam
2168 2936 2408 3008 linguam
2432 2952 2524 3007 per
2555 2935 2785 2989 amicum
2811 2944 3072 3000 nostrum,
3111 2932 3281 2986 uirum
3308 2932 3396 2984 di-

155 3032 496 3097 sertissimum,
554 3030 917 3101 Epiphanium
947 3073 962 3098 ,
1000 3035 1264 3103 fecimus,
1313 3033 1543 3090 Domino
1579 3034 1843 3104 juvanle,
1896 3035 2199 3104 transferri.
2245 3034 2485 3089 Adnotat
2523 3031 2578 3088 εἰ.
2620 3029 2896 3093 Garetius,
2942 3026 3389 3083 commentarium

154 3118 282 3176 illum
305 3138 422 3179 esse
457 3139 573 3179 non
600 3123 916 3193 Epiphanii,
957 3124 1051 3178 sed
1096 3123 1363 3190 Philonis,
1399 3139 1560 3196 quem
1612 3121 1838 3195 Carpasi
1864 3123 1920 3180 in
1953 3125 2132 3198 Cypro
2161 3125 2340 3180 insula
2371 3123 2709 3196 Epiphanius
2743 3121 3058 3192 episcopum
3096 3120 3396 3185 ordinavit,

155 3215 384 3273 «Graece
415 3235 547 3274 eum
581 3220 853 3285 versione,
889 3235 921 3274 a
960 3219 1294 3276 Cassiodoro
1322 3229 1648 3289 memorata,
1687 3221 1966 3278 exstitisse
1990 3223 2134 3293 apud
2164 3222 2474 3277 Emericum
2501 3221 2798 3293 Bigotium.
2827 3220 2993 3275 Fusa.
3021 3252 3092 3261 —
3115 3219 3225 3290 Ego
3266 3235 3398 3276 vero

157 3307 262 3361 uolo
285 3320 553 3380 repetere,
585 3327 708 3381 qua:
735 3312 846 3381 jam
885 3325 1050 3380 supra
1077 3309 1133 3363 in
1169 3309 1277 3364 vol.
1311 3308 1404 3375 lV,
1435 3309 1531 3365 751
1564 3325 1713 3380 sqq.,
1750 3310 1807 3364 in
1853 3310 1997 3366 hanc
2027 3325 2143 3365 rem
2173 3309 2447 3380 disputata
2483 3318 2612 3366 sunt
2659 3307 2735 3381 (α)
2772 3325 2786 3362 :
2817 3315 2870 3363 et
2897 3307 2964 3361 de
2991 3308 3231 3362 editione
3269 3306 3397 3361 Gia-

155 3401 358 3464 comelli,
389 3404 482 3473 qui
521 3405 628 3459 sub
663 3402 910 3459 Philonis
939 3404 1184 3468 nomine,
1214 3403 1310 3460 Gr.
1357 3418 1424 3458 ac
1461 3402 1583 3458 Lat.
1635 3404 1790 3458 illum
1837 3413 2196 3459 commentar.
2227 3420 2258 3460 e
2290 3405 2444 3475 prelo
2480 3404 2630 3460 exire
2677 3402 2844 3472 jussit
2881 3400 3068 3456 Romae
3114 3400 3274 3462 1772,
3314 3401 3393 3466 4ο,

157 3491 272 3545 scitu
301 3495 614 3550 necessaria
650 3495 850 3549 adlata.
884 3496 1023 3551 Add.
1053 3494 1284 3550 Krohnii
1314 3494 1460 3561 Cat.,
1490 3510 1545 3566 p.
1570 3494 1661 3560 91,
1688 3511 1744 3550 n.
1775 3494 1847 3549 55
1876 3503 1930 3550 et
1961 3495 2050 3550 56.
2075 3495 2278 3551 Contra
2300 3497 2402 3552 sub
2431 3497 2650 3552 nomine
2674 3497 2960 3567 Epiphanii
2983 3495 3394 3550 commentarius

155 3579 199 3633 in
223 3581 485 3638 Canticum
519 3587 852 3640 canticorum
885 3584 1061 3654 prodit
1097 3601 1234 3639 nunc
1255 3586 1489 3655 primum
1527 3598 1593 3638 ex
1622 3585 1843 3655 antiqua
1876 3586 2110 3640 versione
2140 3585 2334 3639 Latina
2363 3602 2523 3656 opera
2543 3597 2591 3642 et
2619 3590 2795 3642 studio
2829 3588 2980 3642 Petri
3013 3586 3214 3642 Franc.
3248 3584 3394 3657 Fag-

158 3673 280 3739 ginii.
315 3673 495 3731 ROHIIB
535 3685 652 3746 typ.
686 3674 954 3730 Palearini
1001 3673 1159 3740 1750,
1196 3676 1272 3730 4°.
1305 3675 1359 3730 In
1393 3674 1547 3746 praei.
1582 3676 1812 3731 historia
1845 3677 1970 3731 libri
2000 3679 2314 3748 exponitur.
2337 3678 2601 3735 —Antea
2637 3682 2740 3748 sub
2767 3680 3012 3737 Philonis
3037 3695 3256 3752 quoque
3293 3694 3392 3733 n0-

157 3763 274 3818 mine
299 3768 489 3835 prodiit
518 3765 899 3836 Interpretatio
926 3767 980 3820 in
1006 3765 1286 3820 Canticum
1315 3767 1642 3820 canticorum
1669 3764 1788 3821 Lat.
1830 3781 1898 3820 ex
1941 3767 2393 3838 interpretatione
2424 3771 2614 3839 Steph.
2660 3768 2910 3824 Salutati.
2939 3769 3140 3836 Paris,
3183 3769 3400 3826 Christ.~

157 3852 363 3912 Wechel.
398 3860 567 3923 1557,
600 3857 932 3914 8'.—Paris.
965 3858 1019 3913 in
1061 3858 1193 3914 bibi.
1231 3858 1381 3928 pubi.
1415 3858 1538 3912 cod.
1563 3856 1726 3923 5092,
1753 3874 1806 3912 n.
1840 3857 1897 3924 2,
1926 3856 2218 3928 Epiphanii
2252 3858 2532 3927 Expositio
2563 3862 2619 3914 in
2647 3859 2929 3915 Canticum
2958 3864 3292 3916 canticorum
3321 3877 3389 3916 ex

157 3947 253 4002 cod.
281 3950 458 4021 aliquo
488 3951 766 4021 descripta
802 3951 857 4004 in
897 3949 1020 4004 cod.
1050 3948 1222 4003 Vatic.
1273 3945 1340 4002 ν.
1374 3962 1562 4015 supra,
1606 3948 1673 4002 ad
1709 3946 1800 4013 ιν,
1844 3963 1898 4003 n.
1951 3951 1998 4002 l.
2043 3949 2339 4005 Anthimus
2369 3949 2521 4015 Gazi,
2570 3952 3001 4007 archimandrita
3039 3963 3093 4008 et
3123 3952 3390 4010 sacerdos

158 4037 453 4111 Gnecorum,
484 4054 624 4108 etc.,
659 4042 879 4098 Viennae
906 4042 1118 4107 Austr.,
1146 4039 1284 4095 vidit
1316 4037 1456 4094 1796
1484 4039 1961 4108 Constantinopoli
1993 4055 2082 4111 ap.
2113 4039 2372 4112 Joasaph.
2407 4041 2917 4112 hieromonachum,
2946 4056 3133 4116 postea
3173 4055 3383 4099 metro-

157 4137 342 4201 politam
381 4139 656 4202 Anchiali,
687 4138 938 4194 Graecum
970 4137 1094 4192 cod.
1130 4143 1257 4192 mst.
1293 4134 1579 4208 Epiphanii
1618 4137 1684 4200 εἰς

1852 4136 2014 4208 ᾼσμα
2055 4135 2168 4191 τῶν
2211 4138 2470 4208 ᾀσμάτων
2513 4138 2679 4194 in-4".
2721 4139 2778 4194 In
2812 4139 3017 4195 Catena
3066 4137 3378 4208 Nicepliori,

155 4244 197 4297 ι).
219 4233 290 4297 l5,
314 4243 636 4291 numeratur
666 4237 808 4292 inter
839 4236 909 4290 τὰ
941 4235 1312 4300 ἐκλελοιπότα,
1347 4244 1483 4290 teste
1510 4234 1682 4290 Altero

1809 4235 1956 4305 Lips.
1987 4235 2140 4314 Αηι..
2169 4241 2327 4301 Αηιη
2349 4239 2414 4290 Α.
2445 4236 2602 4302 1800,
2635 4253 2690 4291 n.
2727 4236 2848 4303 165,
2871 4253 2925 4307 p.
2959 4236 3114 4298 1624,
3141 4235 3309 4292 ΙΙΑιιι..

1558 4347 1672 4406 VII.
1715 4363 1952 4404 INEDITA.

209 4466 280 4520 19.
323 4467 599 4538 Expositio
639 4468 695 4521 in
730 4464 946 4520 Nahum
989 4466 1297 4537 prophetam
1342 4465 1527 4522 Grmce
1565 4481 1667 4520 ms.
1703 4465 1756 4520 in
1787 4466 1920 4521 bibl.
1955 4467 2100 4534 regis
2140 4465 2546 4529 Christianiss.,
2588 4472 2724 4518 teste
2769 4459 3010 4525 Labbeo,
3044 4475 3101 4530 p.
3133 4458 3200 4513 79
3235 4456 3374 4511 Bibl.

150 4571 268 4609 noete
288 4575 409 4611 mss.
442 4558 514 4631 [ς.
550 4559 675 4613 cod.
709 4557 848 4611 1458
872 4557 990 4610 init.
1027 4555 1078 4608 in
1111 4557 1234 4609 Cat.
1266 4555 1421 4611 codd.
1457 4553 1664 4623 Paris.,
1690 4555 1756 4622 ll,
1781 4571 1833 4626 p.
1865 4555 2018 4629 325].

203 4645 280 4700 20.
322 4647 384 4701 In
424 4646 672 4703 Psalmos
719 4648 966 4715 quaedam
992 4686 1006 4709 ,
1037 4655 1092 4700 et
1118 4645 1257 4714 Περὶ
1293 4645 1639 4712 διαιρέσεως
1684 4649 1730 4714 ψ

1846 4643 1945 4699 τῶν
1989 4661 2093 4701 ms.
2133 4644 2323 4700 habuit
2367 4643 2701 4714 TheOpbilus
2736 4643 2956 4708 Galeus,
2994 4652 3130 4698 teste
3173 4639 3373 4696 Caveo.

151 4733 507 4795 Fiam—Adde
535 4738 698 4801 infra,
727 4740 819 4793 lib.
849 4755 902 4801 γ,
932 4753 964 4792 c
1014 4739 1102 4802 17,
1132 4739 1200 4792 de
1221 4738 1439 4792 Catenis
1473 4737 1717 4804 Patrum,
1746 4740 1854 4793 vol.
1893 4737 2006 4802 νη,
2045 4754 2099 4808 p.
2135 4738 2259 4801 749,
2292 4748 2347 4794 et
2386 4739 2440 4792 in
2486 4737 2624 4791 alios
2664 4737 2836 4792 libros
2863 4750 3051 4792 sacros
3097 4751 3218 4806 pag.
3247 4733 3370 4798 756,

150 4821 248 4888 775,
272 4827 388 4889 781,
428 4830 553 4892 788,
583 4830 709 4894 790,
739 4829 826 4883 ed.
854 4841 963 4883 vet.
994 4825 1305 4883 Universim
1348 4829 1402 4882 in
1437 4827 1664 4883 Patrum
1695 4828 1915 4884 Catenis
1941 4830 1996 4883 in
2023 4830 2209 4885 varios
2245 4829 2306 4884 V.
2340 4844 2405 4885 ac
2437 4829 2500 4881 Ν.
2539 4827 2604 4883 Τ.
2636 4827 2806 4882 libros
2835 4827 3067 4897 aliisque
3097 4825 3376 4880 collectio-

150 4921 282 4977 nibus
314 4924 596 4995 Epiphanii
628 4926 749 4980 loca
789 4939 931 4993 saepe
957 4925 1221 4980 citantur.
1254 4922 1346 4979 Vel
1371 4939 1439 4978 ex
1471 4923 1775 4980 Montfauc.
1827 4923 2085 4981 Biblioth;
2120 4925 2345 4981 Coislin.
2382 4925 2553 4979 multa
2584 4930 2818 4994 possunt
2849 4923 3048 4994 colligi.
3082 4921 3276 4976 Venet.
3315 4922 3370 4975 in

149 5010 254 5068 bibl.
276 5016 519 5072 Michael.
558 5017 751 5086 Epiph.
787 5026 1034 5086 excerpta
1072 5021 1126 5073 in
1155 5015 1360 5087 Evang.
1395 5014 1455 5069 S.
1504 5015 1774 5080 Matthtei,
1819 5017 1873 5071 in
1921 5017 2046 5073 cod.
2085 5018 2210 5081 1Ξο,
2241 5017 2621 5088 qui'Catenam
2659 5020 2907 5074 Crzecam
2931 5019 3193 5084 continet,
3237 5028 3373 5074 teste

151 5103 420 5165 llittarellio
452 5114 507 5165 in
536 5111 680 5164 Bibl.
709 5111 862 5164 codd.
894 5111 954 5166 S.
990 5109 1290 5172 Michaelis,
1322 5125 1376 5180 p.
1412 5109 1688 5165 55L—Et
1715 5111 1797 5166 sic
1835 5112 1891 5165 in
1917 5111 2040 5168 aliis
2067 5113 2347 5166 variarum
2378 5112 2695 5168 bibliothec.
2727 5111 2886 5166 codd.
2915 5110 3144 5165 --Add.
3171 5109 3222 5164 J.
3263 5109 3371 5165 Fa-

150 5198 259 5255 bric.
294 5203 345 5257 in
373 5204 619 5259 Historia
647 5204 774 5258 bibl.
805 5221 950 5269 sum,
982 5217 1113 5260 tom.
1141 5204 1230 5268 Vl,
1282 5221 1336 5276 p.
1385 5205 1488 5259 150
1533 5220 1655 5275 sqq.
1676 5235 1748 5245 -—-
1771 5204 1876 5261 Sed
1912 5208 2175 5278 temporis
2226 5209 2367 5263 ratio
2395 5216 2450 5262 et
2482 5206 2763 5262 brevitatis
2789 5203 3028 5259 studium
3061 5201 3369 5256 uberiorem

150 5308 233 5346 non
259 5300 517 5365 permittit
537 5297 954 5369 expositionem.
989 5300 1114 5357 Vid.
1142 5317 1362 5373 quoque
1390 5301 1626 5357 Mattbzei
1656 5300 1834 5357 Notit.
1870 5305 2026 5358 codd.
2060 5302 2391 5374 Mosquens.,
2424 5321 2477 5373 p.
2511 5303 2600 5358 29.
2621 5333 2691 5343 -—
2715 5301 2772 5356 In
2801 5301 2922 5357 cod.
2957 5298 3182 5370 Syriaco
3206 5297 3239 5350 5
3263 5295 3373 5350 Pa-

150 5388 224 5443 ris.
246 5392 416 5450 inesse
447 5396 710 5451 dicuntur
735 5399 1007 5454 nonnulla:
1048 5401 1103 5454 in
1135 5399 1374 5454 version.
1409 5399 1597 5454 libror.
1630 5397 1700 5454 IV
1725 5398 1935 5471 Regum
1995 5416 2060 5456 ac
2090 5401 2276 5455 Daniel
2332 5400 2610 5472 Syriacam
2663 5396 3098 5460 observationes,
3132 5407 3368 5462 quarum

148 5490 364 5539 auctores
387 5502 510 5544 esse
537 5487 790 5544 feruntur
817 5490 1082 5546 Eusebius
1114 5489 1382 5560 Pamphili
1411 5501 1466 5546 et
1493 5489 1851 5560 Epiphanius.
1887 5491 1952 5546 V.
1985 5489 2160 5547 (ἕαται.
2221 5493 2375 5545 codd.
2416 5491 2618 5558 Paris.,
2656 5499 2787 5546 tom.
2822 5487 2864 5552 l,
2899 5503 2946 5556 p.
2994 5486 3079 5540 5|.
3115 5485 3292 5538 “Alit...

212 5609 278 5680 (a)
317 5608 448 5668 Vide
494 5613 550 5666 in
604 5618 827 5673 Philone
858 5621 1145 5690 Carpathio
1179 5661 1194 5686 ,
1241 5620 1469 5687 hujusce
1525 5626 1852 5692 t’atroloqta:
1885 5635 2015 5682 tom.
2044 5624 2156 5678 XL.
2201 5622 2359 5682 Eutr.
