3866 6066
507 88 603 130 xw
1728 76 1856 125 ΜΠ
1873 75 2011 125 l't'tA

1728 76 1856 125 ΝΟἹ
1873 75 2011 125 l'l'lA
2048 75 2113 123 ΙΝ
2150 75 2209 125 δ.
2250 74 2695 126 ΕΡΙΡΗΑΝΙυΜ.

572 191 663 245 21.
705 190 842 262 Περὶ
872 190 980 243 τῶν
1008 190 1183 259 ἁγίων
1208 190 1522 246 ἀποστόλων
1553 189 1654 244 ποῦ
1686 190 1918 253 ἕκαστος
1963 191 2098 261 ὲκήρ

2186 208 2216 255 ι,
2245 189 2322 243 De
2349 188 2448 245 SS.
2495 191 2768 261 apostolis,
2810 189 2904 245 ubi
2937 190 3171 260 quisque
3196 206 3385 247 eorum
3419 195 3713 267 pradicant,

503 297 754 343 mortuus
775 296 829 341 et
858 287 1102 356 sepultus
1128 295 1230 350 est,
1254 291 1333 341 uti
1366 286 1514 340 varia
1551 294 1768 340 exstant
1812 285 1916 339 sub
1946 284 2261 339 nominibus
2291 284 2548 339 Dorothei
2575 324 2591 348 ,
2620 283 2929 355 Hippolyti,
2965 284 3258 355 Sophronii
3277 327 3293 351 ,
3321 287 3619 355 Athanasii,
3653 295 3715 350 ita

502 379 666 433 etiam
700 377 802 433 sub
828 375 1115 445 Epiphanii
1149 376 1369 431 nomine
1411 376 1583 431 fertur
1616 376 1669 429 in
1695 375 1883 431 codice
1923 376 2066 444 regis
2096 374 2416 430 Galliarum!
2443 375 2609 441 2951,
2645 393 2696 443 p.
2727 376 2851 429 255.
2881 374 3035 430 Unde
3057 374 3265 443 profert
3293 378 3541 433 nonnulla
3579 378 3715 437 Cote-

505 470 674 524 lerius
709 467 776 523 ad
815 468 1103 524 Constitut.
1139 471 1397 538 apostol.,
1432 487 1525 538 vn,
1558 470 1651 536 46,
1681 484 1884 526 vocans
1928 469 2228 524 indiculum
2266 468 2554 523 ἀνέκδοτον
2585 467 3109 540 pseudo-Epiphanii
3138 467 3207 524 de
3237 470 3514 539 apostolis.
3542 470 3622 543 [γ.
3658 475 3712 528 ad

507 580 561 618 n.
610 563 692 616 12.

610 563 692 616 12.

573 656 661 709 22.
702 562 858 708 I].iber
891 657 953 709 de
984 665 1103 710 ortu
1135 656 1332 721 divino,
1368 654 1671 710 Hebediesu
1705 653 1965 724 Catalogo
1988 652 2254 708 librorum
2291 651 2667 708 Chaldaeorum
2696 668 2752 707 ιι.
2782 651 2876 707 42.

576 744 860 814 Epiphanii
892 745 1094 801 librum
1139 749 1202 802 de
1231 749 1507 802 Hebraicis
1543 746 1841 800 nominibus
1876 747 2009 801 citat
2046 745 2243 799 Scotus
2289 742 2520 814 Erigena
2560 743 2702 799 libro
2730 760 2763 799 v
2796 743 2871 798 De
2902 742 3160 798 divisione
3192 750 3421 808 naturae.
3458 759 3575 815 pag.
3606 744 3710 800 225.

503 839 668 895 FABR.
710 871 779 881 —
818 841 875 896 ln
900 843 1021 897 cod.
1057 843 1187 897 bibl.
1221 843 1368 912 publ.
1405 843 1574 897 Paris.
1609 841 1766 907 1656,
1798 842 1885 905 12,
1940 841 2228 912 Epiphanii
2268 841 2515 903 Lericon,
2549 857 2658 911 quo
2686 856 2837 896 voce.
2871 839 3137 896 Hebraica
3171 841 3439 897 librorum
3469 858 3711 899 sacrorum
3816 838 3817 841 “

504 940 875 1007 explicantur;
903 945 1150 1008 superest
1178 948 1386 993 tantum
1419 939 1600 993 littera
1639 938 1704 1003 Α,
1733 952 1835 992 nec
1867 938 1959 992 illa
1989 939 2219 1009 integra.
2260 936 2488 1003 Insuper
2519 936 2831 1006 Epiphanii,
2860 936 3000 1007 quod
3034 947 3227 1007 septem
3262 954 3420 1007 opera
3451 939 3563 1007 fecit
3600 939 3715 994 Dm

504 1031 589 1085 die
613 1030 1066 1099 Annuntiationis,
1089 1042 1425 1104 excerptum,
1454 1032 1509 1089 in
1538 1032 1665 1091 cod.
1693 1031 1888 1093 Medic.
1913 1033 2004 1102 50,
2033 1033 2120 1101 11,
2164 1032 2307 1104 plut.
2336 1032 2426 1101 57,
2453 1039 2592 1089 teste
2621 1031 2849 1088 Bandin.
2887 1032 3028 1097 Cat.,
3058 1048 3112 1104 p.
3148 1033 3276 1087 455.
3320 1032 3486 1090 ΗΑιιι..
