3972 6070
840 536 1534 657 EPISTOLA
1637 474 2803 672 NUNCUPATORIA.

1790 889 1863 901 .-

1244 1116 1706 1163 ILLUSTRISSIMO
1747 1119 1823 1164 AC
1864 1120 2405 1167 REVERENDISSIMO

774 1355 853 1419 D.
893 1354 1344 1419 FRANCISCO
1386 1359 1449 1420 S.
1495 1358 1570 1417 R.
1628 1359 1698 1419 Ε.
1763 1355 2205 1419 CARDINALI
2249 1357 2882 1434 RUPIFUCALDIO,

1482 1629 1706 1668 EPISCOPO
1745 1627 2103 1668 SILYANEC‘IBKSI
2124 1652 2139 1676 ,

677 1869 856 1910 IAGNO
885 1862 1125 1909 τηλικοίδε
1159 1868 1619 1921 ELEEIOSYNARIO,
1649 1869 1713 1909 AC
1745 1869 1962 1910 SANC'I'E
1994 1868 2284 1910 GENOVEFE
2320 1870 2455 1909 APUD
2496 1871 2732 1913 PABISIOS
2759 1871 2971 1915 ABBA'I'I.

262 2125 575 2186 Meliusne
627 2123 738 2196 sit,
793 2132 850 2183 et
882 2123 1257 2197 consultius,
1312 2123 1658 2187 cardinalis
1689 2122 2145 2199 illustrissime,
2180 2127 2634 2207 pestiferorum
2658 2128 2975 2189 hxreseon
3019 2126 3271 2208 nefaria
3321 2125 3439 2189 do-

182 2233 389 2303 gmata
420 2223 801 2303 consignare
836 2222 1090 2297 litteris,
1126 2242 1209 2284 an
1239 2243 1309 2285 ea
1351 2234 1556 2284 tacere
1581 2223 1866 2302 penitus,
1885 2223 2038 2301 jure
2071 2223 2241 2284 inter
2268 2218 2585 2304 sapientes
2613 2227 2944 2305 quxritur.
2977 2223 3066 2285 Ac
3095 2220 3439 2286 nonnullos

184 2324 392 2383 minus
421 2331 737 2383 sectarum
774 2322 916 2407 ipsa
962 2320 1333 2402 descriptio,
1394 2321 1666 2401 diligens
1705 2323 2065 2400 prcesertim
2112 2331 2171 2383 et
2222 2325 2570 2399 enucleata,
2624 2323 2911 2386 delectat.
2965 2322 3101 2386 Alii
3147 2325 3441 2387 cautione

186 2423 456 2503 quadam
488 2443 556 2484 ac
585 2422 832 2484 delectu
870 2442 1030 2503 opus
1066 2443 1195 2484 esse
1217 2422 1543 2504 judicant,
1592 2431 1668 2483 ut
1701 2442 1785 2485 ex
1811 2420 2015 2482 solum
2038 2423 2638 2500 prcetermittantur,
2671 2443 2806 2505 quae
2833 2434 2945 2486 aut
2976 2412 3285 2487 vetustate
3299 2426 3440 2506 jam

192 2523 627 2599 obsoleverint,
659 2532 771 2585 aut
796 2524 1036 2603 insigni
1060 2523 1340 2605 foeditate
1367 2542 1439 2585 ac
1468 2524 1796 2603 spurcitia
1823 2525 2264 2589 contaminatis
2281 2527 2548 2607 fuerint.
2586 2522 3123 2605 Utrosque'movet
3150 2545 3233 2599 ea,
3246 2546 3439 2590 causa

182 2623 583 2703 potissimum
613 2644 634 2684 :
665 2622 832 2703 quod
860 2643 1000 2685 cum
1028 2624 1319 2685 universe
1352 2621 1747 2684 decretorum
1776 2620 2085 2702 ejusmodi
2111 2623 2470 2686 recordatio
2506 2625 2873 2704 perniciosa
2899 2626 3009 2700 sit,
3045 2634 3176 2686 tum
3223 2645 3439 2690 eorum

185 2726 518 2806 mortifera
560 2726 876 2803 contagio,
927 2742 1057 2804 qua
1097 2732 1373 2787 obscena
1420 2724 1770 2804 voluptatis
1823 2725 2157 2788 lenociniis
2202 2728 2444 2805 partim
2491 2723 2783 2789 incautos
2829 2725 3148 2798 alliciunt,
3193 2729 3440 2808 partim

183 2824 419 2885 invitos
443 2842 516 2883 ac
551 2832 973 2901 repugnantes
1002 2816 1230 2903 afflatu
1256 2822 1670 2885 nihilominus
1700 2822 1968 2901 quodam
1998 2823 2424 2902 turpitudinis
2457 2833 2517 2886 et
2545 2822 2735 2885 odore
2761 2824 3181 2905 perfundunt.
3208 2828 3438 2904 Quam-

170 2925 397 3000 _obrem
436 2922 606 3003 quod
638 2923 1040 3002 Epiphanius
1078 2923 1552 2997 Gnosticorum,
1600 2925 2159 2999 Basilidionorum,
2197 2926 2872 3006 Carpocratianorum,
2905 2924 3439 3006 Origenianorum

180 3044 455 3087 arcanas
497 3045 573 3087 ac
601 3025 998 3087 detestandas
1030 3024 1323 3087 libidines
1361 3037 1486 3086 tam
1514 3025 1854 3106 diligenter
1900 3028 2310 3107 expresserit,
2355 3044 2485 3087 non
2517 3024 2684 3087 illud
2713 3024 2962 3105 quidem
2989 3027 3119 3090 viri
3158 3028 3434 3090 sanctis-

181 3128 332 3189 simi
377 3130 617 3207 factum
654 3125 1104 3204 consiliumque
1154 3123 1647 3204 reprehendunt,
1698 3126 1808 3187 sed
1855 3145 2071 3188 eorum
2123 3126 2399 3187 omnium
2443 3126 2806 3185 memoriam
2854 3123 3166 3186 oblivione
3194 3127 3439 3188 conteri

180 3229 382 3307 fuisse
404 3227 611 3287 satius
632 3234 899 3305 putant,-
931 3234 988 3285 et
1004 3225 1241 3299 Greece,
1268 3226 1369 3287 uti
1386 3228 1631 3305 scripta
1650 3236 1824 3301 sunt,
1860 3225 2140 3307 relinqui
2161 3223 2366 3298 modo,
2400 3232 2582 3303 atque
2606 3242 2646 3283 a
2673 3222 3089 3302 peritioribus
3120 3224 3439 3287 duntaxat

182 3327 304 3406 legi
356 3339 653 3407 oportere
698 3333 1012 3389 statuunt.
1061 3326 1282 3406 Itaque
1324 3328 1548 3390 Latine
1577 3338 1648 3390 ut
1682 3348 1756 3389 ea
1786 3348 1902 3390 nos
1934 3332 2450 3407 interpretemur,
2489 3345 2562 3388 ac
2582 3326 3012 3405 promiscuam
3039 3326 3465 3407 flagitiorum‘

181 3429 657 3529 conscientiam,
693 3445 1189 3507 communemque
1218 3430 1525 3510 faciamus
1554 3430 1861 3504 omnibus,
1899 3428 2300 3510 probandum
2330 3428 2593 3489 minimo
2612 3446 2740 3489 esse
2770 3426 3177 3491 contendunt.

258 3528 505 3595 Contra
538 3551 694 3611 quos
730 3551 935 3593 omnes
970 3540 1095 3592 tam
1120 3532 1476 3612 Epiphanii
1510 3536 1717 3596 nostri
1745 3553 1928 3615 quam
1957 3543 2181 3595 nostra
2218 3534 2405 3595 etiam
2442 3550 2636 3593 causa
2667 3530 3122 3610 disputandum
3162 3528 3441 3603 breviter:

181 3634 503 3695 existimo.
544 3633 634 3693 Ac
663 3634 912 3712 priores
940 3631 1188 3711 quidem
1224 3633 1347 3707 illi,
1382 3634 1609 3713 quibus
1646 3645 1845 3697 totum
1866 3633 2044 3698 istud
2079 3635 2401 3714 negotium
2430 3631 2748 3712 displicet,
2796 3633 3113 3694 hxreseon
3140 3630 3437 3694 abstrusa

182 3753 253 3795 ac
284 3732 619 3795 recondita
656 3734 957 3811 mysteria
985 3731 1284 3794 mandare
1315 3735 1600 3814 scriptis,
1646 3754 1951 3797 summum
1989 3753 2063 3795 ac
2093 3734 2418 3812 singulare
2448 3732 2709 3793 veritati
2737 3730 3108 3810 praesidium
3138 3733 3435 3812 opinione

181 3850 294 3892 sua
346 3829 709 3893 detrahunt.
769 3831 901 3891 Hoc
946 3832 1110 3892 enim
1155 3839 1573 3911 extorquent;
1611 3850 1731 3911 quo
1762 3840 2091 3893 nascentes
2121 3831 2463 3894 identidem
2490 3849 2563 3890 ac
2612 3828 2911 3892 redivivos
2959 3829 3434 3891 mendaciorum

184 3942 365 3993 secta
390 3929 776 3993 validissime
807 3929 1186 4008 propulsari
1223 3950 1262 3989 a
1312 3930 1493 3992 nobis
1527 3933 1837 4010 evertique
1858 3931 2138 4011 possint.
2186 3931 2306 3992 Est
2335 3929 2583 4011 quidem
2614 3931 2771 4011 ejus,
2804 3930 2913 4008 qui
2945 3930 3014 3990 in
3043 3929 3308 3990 heresin
3339 3931 3437 3991 vel

182 4030 557 4092 moliendam
589 4030 687 4090 vel
723 4027 1015 4090 tuendam
1044 4031 1423 4101 incubuerit,
1454 4033 1702 4094 animus
1734 4034 1803 4093 in
1841 4051 2079 4094 omnem
2108 4032 2438 4097 audaciam
2469 4035 2606 4094 sine
2636 4031 2768 4093 ullo
2803 4029 3048 4110 pudore
3079 4032 3428 4109 projectus.

181 4130 302 4192 Sed
328 4150 506 4194 nemo
549 4142 641 4193 est
682 4140 882 4192 tamen
914 4150 994 4192 ex
1026 4130 1159 4192 illis
1208 4132 1627 4194 absurdarum
1669 4135 2040 4212 opinionum
2074 4135 2394 4213 patronis,
2429 4152 2607 4213 quem
2635 4149 2763 4192 non
2796 4141 3112 4212 utcunque
3159 4134 3434 4194 convicti

183 4232 331 4295 olim
363 4236 605 4296 erroris
634 4254 708 4295 ac
738 4233 1019 4295 damnati
1032 4234 1295 4312 pudeat.
1327 4235 1471 4297 Sint
1500 4254 1672 4309 sane,
1704 4239 1804 4299 uti
1832 4246 2002 4309 sunt,
2028 4237 2228 4315 ferrei
2259 4253 2471 4295 omnes
2501 4234 2782 4296 hxretici
2816 4253 2836 4293 :
2868 4234 2998 4294 sint
3018 4234 3383 4312 pervicaces
3410 4259 3431 4298 :

182 4329 373 4390 iidem
407 4344 474 4391 se
515 4333 588 4393 in
629 4334 771 4410 ipso
816 4328 1047 4394 ardore
1081 4332 1545 4411 agitationeque
1595 4331 1970 4411 disputandi
2021 4332 2105 4393 ad
2138 4331 2561 4393 resistendum
2608 4334 2824 4393 acrius
2868 4332 3111 4412 ﬁngant
3158 4354 3179 4393 :
3226 4341 3435 4393 tamen

181 4433 294 4510 qui
326 4432 393 4493 id
424 4431 752 4506 didicerit,
787 4434 1018 4513 quique
1050 4435 1242 4495 certis
1276 4439 1555 4492 veterum
1586 4432 1963 4493 testimoniis
1996 4431 2398 4511 compererit,
2451 4439 2594 4491 ante
2625 4429 2701 4491 ab
2732 4431 3012 4509 antiquis
3043 4430 3348 4492 Patribus
3372 4440 3433 4491 et

182 4533 475 4594 conciliis
511 4532 894 4612 publicoque
932 4532 1443 4595 Christianorum
1488 4548 1796 4592 consensu
1842 4530 2059 4609 agnita
2103 4549 2177 4591 ac
2220 4527 2562 4609 repudiata
2609 4528 2898 4608 dogmata
2948 4529 3084 4603 illa,
3118 4546 3299 4609 quam
3330 4531 3433 4595 illi

182 4633 336 4710 ipsi.
368 4640 520 4710 quos
542 4632 855 4710 sequitur,
889 4648 1103 4691 eorum
1132 4629 1622 4709 interpolatores
1647 4629 2047 4703 exsisterent,
2075 4629 2188 4690 vix
2216 4630 2360 4701 erit,
2392 4630 2644 4708 opinor,
2671 4629 2863 4701 ullus,
2891 4631 3072 4709 cujus
3095 4631 3224 4691 nisi
3250 4633 3432 4710 fron-

178 4733 251 4809 gi
301 4731 701 4811 edomarique
743 4732 1137 4793 contumacia
1160 4734 1471 4811 potuerit,
1507 4751 1638 4793 non
1673 4731 2105 4811 languidiores
2135 4731 2358 4793 saltem
2385 4732 2607 4795 habeat
2638 4733 3003 4811 eruptiones
3046 4742 3104 4793 et
3132 4735 3427 4813 impetus,

180 4850 257 4891 ac
297 4833 605 4910 paulatim
638 4849 762 4910 per
809 4834 1078 4911 scipsam
1119 4836 1501 4914 refrigerata
1546 4842 1729 4912 atque
1761 4841 2055 4892 enervata
2085 4831 2397 4894 concidat.
2452 4832 2701 4894 Habent
2729 4834 2932 4910 igitur
2959 4833 3122 4894 hunc
3150 4834 3433 4913 fructum

184 4933 618 4993 commentarii
645 4932 747 4993 illi
770 4932 880 5009 qui
916 4931 990 4991 de
1022 4932 1366 4994 hxrcsibus
1410 4932 1805 5003 scribuntur,
1852 4938 1928 4991 ut
1970 4931 2040 4992 in
2072 4948 2445 5011 unaquaque
2489 4938 2666 4992 xtate
2712 4916 2997 5009 fautores
3044 4929 3331 5009 perﬁdia
3356 4951 3430 4995 ac

182 5033 490 5094 satellites
516 5051 666 5095 suos
696 5033 765 5093 in
793 5029 950 5105 illis,
980 5051 1132 5112 quos
1165 5031 1412 5113 quidem
1441 5033 1835 5107 erubescant,
1871 5032 2199 5112 principes
2233 5039 2644 5110 auctoresque
2684 5040 3157 5110 recognoscant.

262 5136 407 5196 Jam
450 5136 560 5214 qui
610 5145 812 5197 certas
859 5154 940 5198 ex
971 5136 1336 5208 hxresibus,
1388 5134 1743 5214 easdemque
1788 5132 1885 5194 vel
1917 5132 2336 5207 oblitteratus,
2371 5133 2469 5194 vel
2498 5129 2896 5211 turpitudine
2932 5132 3193 5209 infames
3226 5134 3432 5194 omitti

172 5236 425 5314 iubent,
473 5236 796 5319 difficilem
820 5237 1147 5318 quamdam
1176 5238 1665 5299 moderationem
1688 5235 2021 5316 postulant
2052 5257 2073 5295 :
2106 5235 2287 5315 cujus
2323 5254 2399 5295 ne
2430 5234 2558 5311 ipsi
2598 5230 2846 5312 quidem
2893 5251 3101 5323 usum,
3149 5234 3360 5310 rogati
3391 5226 3439 5291 al

176 5337 390 5413 nobis,
426 5337 790 5418 expediant.
821 5339 1073 5400 Etenim
1101 5340 1159 5401 si
1188 5339 1303 5401 hoc
1336 5347 1508 5400 certo
1538 5336 1841 5416 polliceri
1864 5344 2149 5416 possent,
2190 5335 2560 5415 opinionum
2590 5332 2704 5393 illa
2732 5341 3053 5411 portento,
3101 5344 3433 5411 postquam

176 5457 494 5519 oppressa
518 5459 591 5500 ac
619 5441 868 5521 sepulta
896 5441 1081 5502 semel
1109 5450 1334 5514 essent,
1364 5457 1707 5519 nunquam,
1743 5439 1873 5501 nisi
1905 5442 1975 5503 in
2011 5437 2193 5500 libris
2235 5442 2581 5509 exstarent,
2623 5451 2947 5495 emersura
2976 5434 3205 5506 denuo,
3238 5446 3434 5508 neque

174 5542 320 5603 suis
350 5560 431 5603 ex
460 5541 592 5605 illis
622 5542 822 5606 bustis
845 5564 918 5607 ac
950 5544 1271 5608 cineribus
1302 5542 1672 5609 excitanda:
1704 5544 1871 5606 nihil
1918 5543 2183 5608 consilio
2212 5543 2359 5607 huic
2400 5542 2669 5604 istorum
2706 5536 3216 5619 pmvertendum
3237 5538 3437 5616 ριιία-

513 5642 783 5712 Paeon.
815 5647 935 5710 Gn.
968 5645 1137 5710 xu.
1970 5639 1979 5645 ’
