3866 6066
382 154 441 207 11
1681 155 1971 210 DIONYSII
2012 153 2287 209 PETAVII
3538 154 3603 207 1‘3

384 284 531 330 rem.
560 268 681 329 Sed
709 290 847 331 cum
876 276 1280 335 nihilominus
1330 278 1509 334 statis
1561 283 1906 351 temporum
1948 270 2303 333 intervalli:
2336 271 2541 330 eadem
2575 270 2686 330 illa
2717 278 3022 341 monstra,
3053 277 3381 346 amputata
3415 268 3599 328 toties

380 390 453 435 ac
466 372 789 452 jugulum,
820 376 1195 438 reviviscunt
1227 398 1247 435 :
1279 395 1419 437 cum
1446 376 1605 436 idem
1633 376 1932 436 lueresum
1962 374 2217 435 illarum
2238 374 2619 433 architectus
2648 374 3053 449 inventorque
3075 370 3392 441 diabolus,
3422 371 3603 431 etiam

385 474 553 532 omni
600 472 906 533 librorum
938 477 1252 535 exstincta
1296 475 1611 544 memoria,
1654 482 2010 550 perseveret
2043 493 2062 529 :
2098 490 2236 529 cum
2284 469 2501 530 iisdem
2547 471 2794 531 artibus
2824 478 2884 527 et
2912 470 3242 540 machinis,
3277 468 3600 549 eademque

382 570 465 632 ad
508 574 653 634 illas
690 574 1135 635 instaurandas
1178 574 1526 635 calliditate
1557 592 1630 633 ac
1678 575 1958 651 nequitia
2005 576 2089 633 sit
2136 572 2443 650 prteditus
2477 592 2497 630 :
2526 589 2719 650 neque
2746 590 2859 631 nos
2888 573 3156 631 istorum
3185 570 3295 631 ille
3326 570 3598 632 delectus

383 670 674 752 adjuvat;
706 682 763 732 et
789 674 1088 734 adversus
1117 675 1537 752 redintegrati
1570 672 1771 733 morbi
1796 673 2155 750 periculum
2181 672 2459 751 pristina
2488 670 2601 731 illa
2621 670 3090 748 certissimaque
3119 668 3410 730 subsidia
3444 689 3628 730 com-v

383 776 667 852 paranda
705 786 871 838 sunt.
913 778 1203 839 Potuerit
1241 797 1390 838 sane
1435 786 1578 837 ante
1625 795 1821 836 annos
1858 776 2119 853 aliquot,
2155 778 2279 837 imo
2309 775 2559 844 secula,
2608 773 2962 851 designatio
2988 774 3104 834 illa
3131 783 3445 834 certorum
3474 775 3597 835 hrc-

385 890 602 933 reseon
624 875 707 934 ad
732 875 1125 937 scribendum
1150 886 1208 936 et
1235 876 1681 954 opportunitas
1695 875 1939 954 jactari
1956 894 1976 940 ;
2011 891 2149 933 cum
2165 876 2501 952 pauciores
2528 871 2729 933 adhuc
2773 880 2997 944 essent,
3028 890 3140 931 nec
3175 882 3299 931 tam
3330 872 3599 934 diversis

383 990 456 1031 ac
490 971 897 1035 dissimilibus
928 994 1007 1035 ex
1038 976 1259 1054 formis
1285 973 1715 1053 prodigiisque
1745 974 2048 1052 conflatm.
2082 972 2219 1032 Hoc
2257 970 2501 1050 quidem
2534 980 2828 1049 tempore,
2861 988 2980 1049 quo
3013 979 3328 1029 emortuos
3357 970 3600 1049 pridem

386 1076 784 1151 superiorum
820 1085 1066 1136 aetatum
1096 1076 1352 1135 hcereses
1380 1083 1699 1133 revocatas
1734 1075 1800 1133 in
1839 1074 2036 1133 lucem
2061 1090 2134 1132 ac
2161 1082 2493 1132 renovatus
2533 1072 2866 1144 cernimus,
2914 1090 2992 1129 ne
3026 1070 3412 1132 dubitationi
3456 1073 3599 1150 qui-

386 1172 517 1230 dem
549 1172 671 1242 illi,
705 1191 778 1233 ac
799 1176 1128 1251 quiestjoni
1159 1176 1331 1235 locus
1359 1172 1631 1251 amplius
1662 1182 1750 1233 est
1795 1172 2074 1232 relictus.
2122 1170 2305 1245 Quod
2354 1174 2513 1231 enim
2540 1172 2665 1251 fuit
2706 1155 2975 1232 in°omni
3001 1171 3379 1248 antiquitate
3408 1188 3601 1248 genus

387 1270 702 1346 opinionis
732 1289 804 1331 ac
832 1280 1009 1332 sectte
1039 1282 1159 1331 tam
1187 1271 1591 1343 horrendum,
1626 1278 1751 1329 tam
1776 1270 2151 1330 inusitatum
2182 1278 2240 1328 et
2272 1268 2658 1329 obsoletum?
2693 1268 2850 1343 Quis
2881 1278 3004 1329 tam
3038 1268 3337 1329 obscenus
3375 1279 3433 1328 et
3463 1268 3603 1328 abo-

384 1367 712 1427 minandae
740 1373 962 1429 error?
990 1369 1173 1445 Quod
1190 1368 1472 1448 perﬁdia
1494 1386 1691 1447 genus
1716 1377 1837 1428 tam
1862 1367 2073 1447 palam
2103 1368 2376 1427 omnium
2410 1386 2555 1428 voce
2584 1367 3083 1439 condemnatum,
3120 1366 3287 1444 quod
3328 1385 3455 1426 non
3482 1384 3597 1445 pa-

382 1475 628 1525 rentum
659 1477 1015 1529 nostrorum
1046 1470 1337 1529 memoria
1379 1469 1663 1547 fautores
1705 1467 1949 1545 aliquos
1994 1484 2066 1525 ac
2114 1474 2452 1525 sectatores
2481 1465 2817 1527 habuerit?
2846 1467 3081 1526 Parum
3113 1475 3203 1526 est
3234 1464 3309 1525 de
3344 1465 3601 1527 Arionis

384 1567 513 1627 illis
557 1570 874 1648 conqueri,
925 1579 1035 1629 aut
1070 1566 1564 1638 Macedonianis,
1604 1567 2046 1639 Eunomianis,
2091 1565 2513 1640 Nestorianis,
2545 1576 2604 1627 et
2632 1568 2714 1627 iis
2742 1549 2927 1626 etiam
2957 1564 3425 1641 antiquioribus
3459 1567 3597 1626 Ma-

382 1668 657 1739 nichteis,
688 1668 1087 1740 Sabellianis,
1119 1666 1538 1727 Samosatenis
1567 1686 1587 1723 :
1618 1672 1991 1742 cteterasque
2039 1665 2267 1724 veteris
2316 1664 2615 1726 Ecclesix
2659 1668 2825 1743 faces
2855 1683 2928 1724 ac
2961 1671 3356 1740 tempestates
3382 1680 3601 1741 perse-

381 1769 492 1847 qui
522 1787 543 1827 :
574 1768 642 1828 in
669 1767 892 1845 quibus
915 1776 1151 1843 praeter
1177 1765 1481 1843 dogmatis
1509 1762 1849 1842 falsitatem
1878 1762 2056 1822 nulla
2082 1772 2192 1821 aut
2242 1764 2507 1822 obscura
2538 1762 2841 1843 foeditatis
2873 1761 3215 1838 disciplina
3242 1763 3369 1839 fuit
3410 1782 3431 1820 :
3465 1779 3603 1839 qute

384 1883 591 1927 omnes
622 1867 689 1928 in
718 1865 1078 1937 Germania,
1104 1863 1397 1933 Polonia,
1421 1862 1776 1930 Pannonia,
1804 1862 2061 1934 Russia,
2097 1863 2254 1923 alibi
2278 1860 2542 1939 denique
2570 1872 2804 1922 renatte
2828 1860 2911 1921 ad
2937 1862 3096 1921 hanc
3126 1860 3289 1920 diem
3316 1860 3606 1938 grassari

386 1976 443 2026 et
476 1967 928 2027 increbrescere
957 1966 1280 2025 dicuntur.
1318 1961 1448 2022 Illa:
1468 1963 1619 2039 ipsx
1637 1959 2215 2021 sordidissimorum
2238 1959 2567 2021 libidinum
2598 1961 2974 2020 inventrices
3012 1961 3267 2020 htereses
3308 1977 3379 2018 ac
3404 1959 3598 2034 magi-

384 2077 549 2137 strte,
584 2085 717 2146 qute
740 2070 1136 2145 promiscuos
1169 2064 1558 2131 concubitus,
1592 2080 1664 2121 ac
1700 2062 2007 2139 reliquam
2046 2065 2337 2138 corporis
2386 2059 2845 2136 turpitudinem
2889 2058 3308 2128 ostentabant,
3353 2076 3601 2136 quaeque

383 2182 507 2226 uno
553 2164 997 2226 Gnostieorum
1034 2162 1335 2223 vocabulo
1383 2161 1695 2221 contineri
1734 2177 2178 2237 nonnunquam
2225 2159 2450 2229 solent,
2489 2158 2707 2218 iisdem
2746 2160 2817 2218 in
2864 2159 3020 2218 locis
3068 2159 3135 2218 in
3183 2156 3644 2230 Adamianos,.

382 2262 713 2335 Pikardos,
752 2264 1098 2335 Valdenses,
1140 2259 1582 2338 Lugdunenses
1626 2261 1967 2339 Pauperes,
2008 2270 2349 2338 ceteraque
2392 2267 2687 2335 portenta
2746 2259 2958 2318 verius
3009 2275 3189 2335 quam
3218 2258 3475 2317 nomina
3505 2277 3601 2319 re-

384 2363 771 2424 dundarunt.
804 2361 1049 2423 Veniam
1074 2357 1156 2418 ad
1181 2357 1776 2432 Galliamnostram,
1808 2374 1880 2416 ac
1906 2357 2306 2416 novissimam
2337 2354 2695 2417 Calviniani
2718 2355 2909 2428 labem
2930 2354 3261 2434 dogmatis,
3290 2367 3476 2435 atque
3494 2376 3602 2436 pe-

386 2471 561 2534 stem,
593 2480 727 2542 qute
756 2464 825 2524 in
852 2461 1030 2524 illius
1056 2460 1290 2538 gremio
1323 2457 1625 2519 consedit.
1663 2456 1748 2515 De
1790 2474 1913 2535 qua
1938 2456 2256 2516 verissime
2299 2458 2414 2518 hoc
2441 2457 2596 2517 mihi
2635 2455 2855 2516 videor
2895 2474 3026 2517 esse
3060 2456 3356 2518 dicturus
3387 2479 3409 2518 :
3439 2459 3606 2519 velut

385 2564 692 2624 sentinam
723 2562 903 2624 illam
943 2559 1113 2622 orbis
1155 2576 1287 2619 esse
1332 2566 1671 2627 terrarum,
1725 2556 1795 2616 in
1839 2572 2020 2633 quam
2046 2566 2325 2614 veterum
2353 2564 2414 2615 et
2461 2557 2803 2616 recentium
2834 2566 3166 2628 sectarum,
3203 2574 3612 2636 errorumque

387 2662 684 2723 colluvies
714 2660 1026 2739 conﬂuxit
1053 2679 1074 2717 :
1103 2675 1176 2719 ac
1198 2652 1507 2737 quidquid
1530 2657 1845 2717 hwreseon
1874 2657 2172 2715 hactenus
2205 2656 2476 2729 exstitit,
2510 2656 2583 2716 de
2602 2674 2724 2735 quo
2754 2656 2953 2734 legere
2985 2658 3230 2736 aliquid
3254 2660 3348 2719 vel
3374 2658 3606 2721 audire

383 2762 728 2840 potuimus,
757 2776 837 2819 ex
867 2776 934 2817 eo
969 2757 1231 2818 libatum
1257 2775 1384 2816 esse
1414 2775 1487 2817 ac
1518 2754 1868 2815 derivatum
1894 2753 2171 2832 aliquid;
2198 2766 2379 2832 atque
2412 2774 2492 2816 ex
2517 2755 2998 2840 abhorrentibus
3030 2768 3454 2821 monstrorum
3483 2779 3613 2821 om-

388 2837 563 2923 nium
593 2858 889 2939 partibus
919 2878 992 2931 ac
1021 2859 1268 2939 ﬁguris,
1301 2859 1593 2920 ultimum
1620 2855 1805 2930 illud,
1837 2874 1910 2916 ac
1947 2857 2210 2934 reliquis
2231 2857 2607 2917 horribilius
2638 2837 2766 2917 esse
2785 2866 3165 2921 concretum.

467 2959 878 3035 Quamobrem
893 2976 1033 3019 cum
1063 2968 1123 3019 et
1148 2958 1375 3035 ubique
1405 2966 1741 3029 terrarum,
1766 2964 1827 3017 et
1854 2956 1955 3017 hic
1986 2954 2158 3033 apud
2180 2973 2293 3014 nos
2318 2957 2680 3034 priscarum
2705 2975 2834 3016 sese
2862 2957 3176 3017 haereseon
3197 2978 3270 3019 ac
3299 2970 3611 3021 sectarum
3635 3016 3652 3030 ,

388 3075 627 3122 venena
655 3056 1040 3137 diﬂ‘undant,
1074 3054 1161 3116 ad
1194 3056 1330 3127 illa,
1376 3073 1512 3134 qua»
1549 3072 1749 3134 supra
1777 3054 1943 3125 dixi,
1976 3053 2274 3132 praesidia
2299 3056 2754 3133 confugiamus,
2790 3066 2851 3116 et
2881 3056 3263 3118 medicorum
3293 3061 3613 3123 imitemur

387 3159 787 3223 industriam.
814 3156 1095 3232 Quorum
1121 3156 1388 3235 majores
1413 3172 1553 3215 cum
1571 3153 1810 3213 eosdem
1853 3155 2142 3215 humanis
2173 3155 2469 3230 ingruere
2499 3153 2872 3231 corporibus
2898 3173 2970 3215 ac
3000 3173 3332 3217 recurrere
3362 3159 3609 3220 morbos

387 3259 830 3337 intelligerent,
865 3275 1079 3317 eorum
1121 3258 1418 3335 origines,
1459 3257 1957 3334 progressiones,
1990 3257 2442 3335 proprietates,
2478 3275 2731 3317 casuum
2785 3266 2968 3336 atque
3013 3269 3370 3322 eventorum
3399 3281 3607 3323 exem-

384 3362 518 3441 pla,
555 3370 685 3422 tum
725 3357 997 3421 remedia
1037 3356 1373 3435 diligenter
1408 3358 1474 3417 in
1505 3357 1688 3418 libris
1730 3367 2037 3418 notarunt
2066 3378 2086 3417 :
2117 3376 2249 3435 qux
2290 3356 2437 3416 dum
2463 3359 2708 3435 posteri
2738 3359 2973 3435 legunt,
3007 3371 3231 3421 contra
3260 3362 3405 3422 illos
3436 3365 3609 3441 ipsos

293 3470 302 3478 ‘
386 3461 591 3521 alieno
626 3478 689 3520 se
717 3478 841 3521 usu
869 3458 1381 3536 experientiaque
1420 3456 1812 3534 confirmant.
1865 3458 1969 3517 Ita
2004 3457 2208 3530 nobis,
2242 3456 2467 3536 quibus
2496 3456 2819 3516 assiduum
2844 3468 2934 3518 est
2964 3459 3180 3520 iisdem
3203 3479 3342 3521 cum
3373 3465 3610 3523 errori-

388 3558 526 3630 bus,
557 3556 727 3619 velut
752 3557 985 3618 morbis
1017 3573 1096 3617 ex
1130 3554 1465 3615 intervallo
1504 3554 2113 3627 recrudescentibus,
2146 3574 2218 3615 ac
2233 3556 2371 3634 jam
2392 3563 2535 3614 ante
2565 3556 2861 3632 cognitis,
2902 3568 3212 3617 certamen
3239 3558 3607 3633 ineundum,

386 3654 574 3717 utiles
596 3661 745 3713 sunt
779 3652 1209 3714 commentarii
1238 3653 1639 3730 antiquarum
1667 3653 1967 3713 haeresum
1996 3674 2016 3710 :
2081 3672 2161 3713 ex
2191 3652 2414 3731 quibus
2461 3670 2591 3712 non
2618 3672 2831 3714 earum
2856 3657 3037 3717 modo
3066 3661 3360 3720 notitiam
3390 3661 3605 3739 adipi-

387 3752 659 3821 scimur;
695 3749 803 3812 sed
856 3749 939 3811 ad
988 3750 1131 3812 illas
1189 3750 1396 3823 etiam,
1432 3749 1542 3813 ubi
1570 3759 1804 3811 renatx
1828 3752 2093 3828 fuerint,
2118 3749 2576 3830 proﬂigandas,
2606 3751 2811 3814 eadem
2841 3772 3137 3833 paramus
3164 3759 3437 3831 auxilia,
3470 3761 3610 3839 qui-

388 3853 527 3926 bus,
553 3869 692 3914 cum
715 3852 991 3931 primum
1020 3858 1457 3923 nascerentur,
1498 3852 1825 3913 exstincta
1855 3860 2026 3912 sunt.

465 3951 602 4026 Quo
632 3951 702 4011 in
739 3967 959 4028 genere
988 3967 1127 4010 cum
1163 3947 1505 4008 multorum
1554 3949 1817 4009 Patrum
1849 3951 2088 4028 egregie
2122 3953 2208 4012 sit
2237 3951 2439 4024 labor,
2486 3971 2558 4013 ac
2590 3971 2728 4013 cum
2749 3953 2933 4016 laude
2964 3967 3253 4019 versatus
3265 3980 3286 4027 ;
3327 3978 3505 4039 quem
3537 3975 3608 4026 tu

389 4062 613 4122 tamen,
653 4053 784 4113 sive
809 4050 1165 4129 diligentia,
1197 4055 1325 4112 sive
1353 4050 1635 4123 ubertate
1666 4049 2044 4111 eruditionis
2093 4071 2167 4111 ae
2197 4053 2401 4129 copia,
2435 4070 2574 4112 cum
2594 4054 2956 4131 Epiphanio
2985 4061 3296 4138 conferas,
3330 4067 3611 4142 reperies

389 4169 469 4211 ex
495 4150 662 4211 omni
702 4149 1078 4227 antiquitate
1116 4149 1440 4209 neminem.
1474 4146 1618 4208 Non
1645 4147 1807 4207 enim
1834 4148 1940 4208 ille
1976 4148 2216 4209 brevem
2242 4147 2556 4210 duntaxat
2583 4150 2897 4213 htcreseon
2946 4155 3212 4218 indicem
3243 4170 3612 4224 exterarum

386 4270 555 4313 more
581 4251 961 4327 conscripsit
991 4271 1010 4315 :
1037 4249 1543 4330 quemadmodum
1573 4249 1988 4327 Augustinus,
2014 4252 2421 4327 Philastrius,
2447 4253 2891 4331 Hieronymus,
2922 4257 3360 4331 Damascenus,
3396 4266 3611 4342 copio-

389 4353 523 4413 sius
551 4352 735 4411 etiam
766 4349 1210 4422 Theodoretus,
1241 4360 1424 4428 atque
1455 4348 1572 4411 alii
1601 4349 1951 4428 complures
1986 4352 2401 4413 instituerunt
2434 4372 2455 4412 :
2484 4371 2596 4414 nec
2624 4353 2879 4415 illorum
2905 4359 3326 4420 tantummodo
3359 4365 3612 4441 opinio-

388 4470 495 4512 nes
536 4469 608 4511 ac
634 4448 945 4527 dogmata,
976 4465 1076 4508 res
1101 4449 1284 4509 etiam
1311 4448 1385 4509 ab
1418 4467 1629 4509 earum
1657 4450 2023 4511 auctoribus
2054 4470 2126 4511 ac
2167 4450 2573 4529 principibus
2619 4463 2823 4530 gestas
2867 4459 3336 4520 accuratissime
3359 4479 3607 4542 propo-

388 4554 540 4615 suit.
580 4549 702 4611 Sed
744 4550 969 4628 quibus
1013 4549 1208 4609 armis
1238 4551 1500 4626 insuper
1526 4552 1921 4612 aut‘illarum
1944 4552 2283 4629 petitiones
2312 4551 2565 4631 depelli,
2598 4562 2711 4613 aut
2751 4557 3032 4616 vicissim
3068 4558 3194 4619 illa:
3220 4561 3371 4637 peti,
3409 4580 3608 4639 expu-

388 4652 690 4732 gnqrique
711 4658 986 4728 possent,
1019 4649 1329 4711 uberrime
1378 4649 1854 4731 doctissimeque
1880 4656 2275 4715 monstravit.
2309 4654 2550 4728 Quibus
2586 4657 2770 4717 etiam
2798 4658 2871 4717 de
2902 4659 3110 4720 causis
3140 4667 3412 4740 Πανὰριον,
3451 4665 3610 4742 sive,

388 4756 460 4811 ut
489 4748 858 4809 Anastasius
894 4747 1142 4809 Sinaita
1169 4747 1239 4808 in
1277 4747 1786 4823 Qumstionibus,
1832 4769 1904 4811 ac
1941 4750 2203 4813 Photius
2236 4770 2372 4812 cum
2408 4752 2644 4814 Graecis
2675 4755 2819 4815 aliis
2847 4755 3049 4830 habet,
3094 4765 3350 4836 Πινάριοι,
3391 4760 3460 4819 id
3490 4775 3607 4834 est,

391 4845 696 4908 medicam
726 4860 953 4920 arcam,
986 4846 1112 4907 sive
1154 4845 1505 4924 capsulam,
1531 4865 1604 4907 ac
1635 4846 1903 4923 thecam,
1955 4869 2111 4930 opus
2148 4850 2311 4911 illud
2337 4852 2667 4930 inscripsit
2699 4863 2820 4913 :ut
2849 4855 2917 4914 in
2949 4874 3015 4914 eo
3051 4858 3352 4917 sciremus
3382 4871 3611 4921 contra

391 4945 747 5024 mortiferas
791 4962 863 5006 ac
905 4952 1236 5005 venenatos
1266 4947 1650 5022 serpentium
1704 4965 1970 5018 morsus,
2002 4948 2272 5025 adeoque
2301 4948 2548 5008 morbos
2588 4969 2795 5011 omnes
2823 4954 3144 5025 hxresum,
3191 4955 3610 5021 saluberrima

386 5044 657 5106 remedia
686 5046 1019 5107 contineri.

384 5244 395 5256 .
461 5167 773 5243 Quocirca
796 5183 1068 5248 persaepe
1096 5183 1231 5227 sum
1262 5164 1539 5243 equidem
1567 5166 1987 5244 Augustinum
2013 5170 2515 5248 vehementerque
2544 5172 2808 5234 miratus
2842 5198 2865 5235 .-
2893 5180 3005 5255 qui
3034 5179 3102 5239 in
3144 5181 3305 5240 libro
3341 5184 3428 5243 De
3471 5185 3604 5248 hic.

386 5264 637 5327 resibus
697 5265 771 5326 od
807 5266 1353 5340 Quodvultdeum,
1404 5285 1542 5327 cum
1594 5268 1945 5346 Epiphanii
1997 5269 2298 5342 meminit,
2334 5269 2458 5329 haec
2509 5270 2583 5330 de
2623 5272 2733 5332 illo
2778 5275 2846 5334 in
2896 5276 3275 5358 Prtefalione
3318 5287 3542 5358 posuit
3587 5308 3607 5347 :

308 5378 313 5383 ‘
386 5368 608 5429 Noster
644 5383 793 5430 vero
827 5367 1247 5446 Epiphanius,
1262 5367 1536 5445 Cyprius
1567 5368 2180 5446 episcopus,abhiuc
2211 5387 2337 5432 non
2373 5373 2557 5452 longe
2588 5375 2882 5436 humanis
2914 5378 3105 5439 rebus
3138 5396 3501 5461 exemptus,
3527 5389 3608 5451 de

384 5466 699 5545 octoginta
729 5466 1082 5530 hmresibus
1116 5466 1408 5545 loquens,
1442 5483 1553 5528 sex
1590 5466 1782 5529 libros
1821 5468 2010 5528 etiam
2042 5468 2443 5544 conscripsit,
2492 5471 2793 5532 historica
2824 5476 3186 5539 narratione
3217 5497 3610 5548 commemo-
