3972 6070
223 148 295 204 15
1394 163 1732 224 EPISTULA
1773 169 2338 234 NUNCUPATORIA.
3406 204 3473 260 16

219 284 372 330 rans
393 268 634 344 omnia,
668 272 843 334 nulla
874 273 1310 354 disputatione
1340 283 1647 347 adversus
1676 286 2015 352 falsitatem
2048 310 2160 370 pro
2193 296 2458 361 veritate
2490 301 2847 365 decertans.
2880 304 3116 370 Breves
3146 326 3299 374 sane
3316 326 3468 378 sunt

217 367 284 429 hi
321 368 569 431 libelli:
602 377 664 433 et
690 372 744 433 si
776 372 842 434 in
879 392 1079 437 unum
1110 378 1396 442 libellum
1432 386 1983 465 redigantur,.nec
2013 393 2150 471 ipse
2183 397 2303 456 erit
2336 402 2598 474 nostris,
2639 402 2736 465 vel
2771 403 3045 467 aliorum
3077 408 3466 487 quibusdam

218 468 402 531 libris
436 470 835 551 longitudine
865 474 1350 557 comparandus.
1391 486 1594 564 Hujus
1638 487 2017 553 brevitatem
2061 495 2115 555 si
2158 493 2342 559 fuero
2374 494 2442 560 in
2488 505 3063 568 commemorandis
3107 509 3464 574 bmresibus

216 569 530 645 imitatus,
583 574 741 653 quid
781 591 814 637 a
866 593 966 639 me
1020 579 1280 644 brevius
1342 586 1689 663 postulare,
1744 591 1843 655 vel
1885 604 2253 673 exspectare
2300 600 2559 675 debeas,
2612 604 3082 669 non'h‘abebis.
3141 612 3460 689 Haecine,

216 687 447 748 quxso.
478 668 550 730 de
580 672 934 754 Epiphanii
962 680 1229 743 Panario
1258 682 1681 765 Augustinum
1710 692 1984 755 scribere
2004 698 2033 756 γ
2064 698 2403 777 Afﬁrmare
2435 721 2592 783 opus
2636 694 2762 766 esse
2798 707 3131 785 perbreve;
3188 722 3269 786 et,
3302 715 3362 777 si
3393 717 3464 778 in

213 784 411 827 unum
448 768 727 832 libellum
752 774 1104 854 redigatur,
1137 791 1264 842 tam
1296 783 1597 878 mediocri
1625 793 1781 852 mole
1809 802 1866 854 et
1894 768 2311 875 amplitudine
2338 768 2675 880 futdrum?
2708 768 2950 887 Negare
2988 768 3463 891 deniqudaliud

1520 868 1539 878 -
1988 868 2012 875 -
2338 868 2350 880 .
2745 868 2753 871 τ
2800 868 2829 887 ,,
2930 868 2935 869 κ
3282 868 3457 877 ψη

210 868 295 930 iis
328 870 396 931 in
425 870 633 948 libris,
662 887 894 954 praeter
921 881 1267 960 simplicem
1297 887 1612 952 hwreseon
1645 894 1996 971 historiam,
2048 901 2182 961 sine
2213 901 2346 963 ulla
2369 905 2679 969 mendacii
2711 914 3185 990 oppugnatione
3216 923 3457 978 tracta-

204 970 318 1029 ri?
350 970 546 1052 Αιιιιιί
571 983 629 1034 εί
658 976 962 1041 ubertim
990 995 1139 1043 sunt
1169 984 1241 1045 de
1271 988 1607 1053 haresibus
1642 993 1996 1075 Epiphanii
2031 1000 2183 1063 libri
2219 1024 2240 1063 :
2275 1014 2332 1064 et
2360 1005 2664 1069 adversus
2696 1011 2980 1088 singulas
3016 1014 3157 1095 fuse
3187 1034 3451 1078 accura-

205 1078 387 1147 teque
427 1071 714 1153 disputat
744 1101 764 1138 :
793 1098 905 1139 nec
938 1082 1102 1144 illud
1132 1087 1337 1164 ipsum
1350 1071 1717 1169 postremo,
1736 1071 1902 1176 quod
1931 1102 2229 1163 omissum
2252 1104 2327 1166 ab
2350 1106 2741 1186 Epiphanio,
2766 1071 2885 1171 disc
2913 1071 3063 1173 ver'o
3094 1117 3333 1194 factum
3366 1116 3456 1179 iri

208 1166 465 1194 413--..-.
541 1181 606 1194 με
643 1193 652 1194 ,
682 1173 712 1194 ,1
794 1193 799 1194 ,
1005 1181 1016 1193 ι
1161 1184 1175 1194 .
1280 1186 1299 1194 -
1587 1189 1606 1194 _

1350 1166 1380 1169 _
1687 1166 1695 1169 .
1742 1166 1765 1176 -
2403 1166 2437 1186 ι
3030 1166 3052 1172 -
3094 1166 3331 1194 ,πη-η

201 1166 501 1238 dixerat,
534 1181 606 1232 ut
630 1173 929 1237 adversus
959 1181 1243 1265 singulas
1274 1186 1533 1249 haereses
1566 1189 1923 1271 dissereret,
1952 1208 2063 1259 aut
2093 1201 2161 1262 in
2185 1203 2297 1289 illo
2332 1207 2420 1267 De
2450 1204 2805 1272 haeresibus
2838 1210 3069 1286 libello,
3102 1224 3215 1276 aut
3241 1216 3450 1280 inalio

201 1270 601 1346 Augustinus
630 1275 764 1353 ipse
798 1281 1128 1356 praestitit.
1160 1284 1340 1348 Nihil
1370 1291 1531 1351 enim
1556 1305 1794 1370 praeter
1822 1307 2134 1359 sectarum
2163 1306 2435 1365 omnium
2458 1312 2758 1369 summam
2794 1329 3203 1395 errorumque
3230 1321 3453 1399 capita

204 1371 570 1399 --.....I-..---
613 1387 694 1399 -A.
756 1379 806 1399 Λ
910 1381 937 1399 γ’
1087 1394 1098 1399 -
1533 1392 1554 1399 -
1629 1396 1639 1399 -

2870 1371 2954 1373 νη
3231 1371 3450 1399 .-κτη-

201 1371 570 1451 complexus
604 1387 717 1439 est.
751 1379 937 1454 Quod
950 1394 1343 1461 postremum
1370 1401 1444 1451 ut
1471 1392 1950 1484 admirationem
1973 1411 2180 1480 auget,
2222 1405 2314 1465 ita
2347 1409 2534 1484 prius
2566 1409 2730 1471 illud
2768 1429 2896 1472 non
2927 1414 3116 1475 levem
3142 1421 3451 1497 suspicio-

201 1486 334 1497 μ-..-
390 1473 540 1497 Ι.-.⁸Α
623 1475 817 1497 πμξικι
924 1480 964 1492 ο·
1006 1483 1050 1497 τι
1211 1484 1223 1495 ο
1405 1490 1416 1497 .

199 1486 338 1530 ηεπι
379 1473 564 1551 fac“,
612 1475 964 1555 Epiphanii
1004 1483 1342 1545 Panarium
1392 1490 1622 1567 ipsum,
1662 1478 1952 1572 opusque
1986 1500 2315 1563 Adversus
2362 1503 2637 1568 haereses
2677 1509 2991 1588 integrum
3024 1514 3448 1595 Augustinum

201 1568 470 1595 ..-_J-...
548 1572 654 1595 .‘llm
704 1593 715 1595 ,
792 1594 797 1595 γ
992 1579 1004 1591 ο
1060 1580 1102 1595 ,ο
1321 1583 1338 1595 ς
1582 1588 1661 1595 ---
1938 1594 1953 1595 κ

198 1568 496 1642 nondum,
542 1572 657 1633 illa
688 1593 827 1635 cum
872 1579 1133 1656 scriptis
1167 1583 1491 1661 proderet,
1529 1568 1760 1651 vidisse
1794 1613 1812 1652 :
1844 1568 1954 1655 sed
1996 1596 2174 1657 illius
2218 1599 2530 1665 duntaxat
2576 1568 2909 1683 epitomen,
2947 1568 3156 1689 atque,
3174 1583 3448 1693 eg'usdem

2602 1670 2627 1683 ι
2893 1670 2907 1681 '
3022 1670 3042 1689 1
3192 1670 3220 1693 el
3238 1670 3268 1673 "
3282 1670 3297 1673 '
3314 1670 3344 1675 "
3358 1670 3442 1675 "ﬂ

195 1670 491 1748 fortassis
521 1672 1099 1754 Anacephalwosin,
1129 1683 1258 1744 sive
1288 1685 1690 1750 Breviarium
1741 1711 1821 1753 ex
1849 1696 2245 1774 singulorum
2278 1709 2584 1762 tomorum
2623 1713 2680 1764 et
2707 1707 3019 1768 heereseon
3056 1718 3442 1788 argumentis

198 1780 254 1831 et
290 1774 995 1852 capitibuscollectum.
1042 1782 1407 1864 Quanquam
1451 1789 1615 1850 illud
1659 1793 1842 1853 etiam
1884 1806 2104 1873 movet,
2148 1801 2317 1878 quod
2359 1802 2429 1863 in
2459 1822 2573 1865 sex
2605 1806 2802 1867 libros
2834 1811 3065 1870 asserit
3091 1774 3444 1891 ipiphanii

194 1887 352 1948 opus
383 1889 513 1931 esse
537 1876 872 1952 partitum.
907 1877 987 1940 At
1018 1880 1086 1942 id
1104 1901 1280 1945 secus
1312 1905 1374 1946 se
1403 1887 1606 1950 habet.
1636 1890 1793 1952 Nam
1828 1893 1896 1953 in
1927 1904 2055 1955 tres
2084 1876 2398 1962 duntaxat
2429 1902 2623 1964 libros
2655 1905 2985 1970 tribuitur.
3022 1876 3201 1971 Libri
3216 1876 3439 1973 ‘omnes

192 1970 256 2029 in
310 1980 510 2032 tomos
540 1983 795 2054 septem.
828 1978 1040 2052 Quare
1081 1981 1245 2043 illud
1280 1983 1626 2063 Augustini
1663 1991 1986 2068 singulare
2026 2005 2157 2068 est,
2183 1999 2348 2077 quod
2408 2020 2535 2063 Lvn
2566 2006 2823 2081 haeresi,
2866 2025 3048 2086 quam
3077 2010 3435 2073 Psalliano-

188 2082 561 2146 rumvocat,
613 2076 1146 2143 Massalianorum
1190 2084 1617 2165 Epiphanius,
1667 2091 1997 2156 subtexuit
2041 2118 2062 2156 :
2112 2076 2388 2163 Proinde
2436 2102 2546 2165 ille
2589 2105 2669 2166 de
2720 2076 3039 2185 octoginta
3083 2109 3437 2175 hmresibus

189 2171 505 2247 separatis
542 2173 797 2252 viginti,
829 2194 988 2256 quas
1018 2190 1163 2243 ante
1199 2184 1454 2247 Domini
1485 2188 1830 2251 adventum
1876 2195 2226 2271 exstitisse,
2259 2198 2426 2261 sicut
2473 2202 2530 2263 ei
2585 2204 2794 2266 visum
2845 2217 2963 2281 est,
3013 2213 3430 2289 computavit,

850 2254 866 2256 _
1892 2254 1929 2255 η
1976 2254 2068 2257 η--
2106 2254 2226 2271 **ν1
2261 2254 2425 2261 τ-ννη
2476 2254 2530 2263 ν·
2596 2254 2794 2266 ὀυν-ιι-
2846 2254 2963 2281 νυυι
3014 2254 3427 2289 “Vultu-"‘1'"!

50 2254 53 2267 “
109 2347 119 2357 ’
189 2270 475 2350 reliquas
504 2283 650 2353 post
681 2277 941 2339 Domini
971 2295 1312 2349 ascensum
1345 2293 1520 2357 natas
1551 2291 1903 2370 sexaginta,
1940 2293 2342 2359 brevissimis
2376 2301 2559 2363 libris
2591 2303 2882 2383 quinque
2920 2308 3427 2385 comprehendit,

334 2347 352 2350 _
504 2347 524 2353 _
1352 2347 1357 2348 ,
1446 2347 1471 2357 _-
1499 2347 1512 2349 -
1558 2347 1903 2370 νη-νο---ψη
1940 2347 2342 2359 ...νυ-..νιι-...ν
2376 2347 2485 2363 uu-
2503 2347 2559 2363 ,υ
2591 2347 2881 2383 Ὶυιιιιιίυυ
2920 2347 3427 2385 υυωμιῠιιῠιιυιιο

109 2347 119 2357 ’
186 2374 381 2445 atque
408 2386 630 2433 omnes
666 2374 730 2435 in
766 2391 880 2437 sex
910 2375 1110 2441 libros
1142 2382 1339 2445 totius
1363 2384 1651 2463 ejusdem
1677 2389 1779 2450 sui
1810 2392 2025 2467 Operis
2055 2392 2205 2457 fecit
2235 2398 2558 2462 concludi.
2597 2404 2751 2463 Tres
2773 2405 2841 2464 in
2873 2404 3068 2466 libros
3096 2410 3431 2472 Panarium
3495 2480 3499 2484 ,

187 2485 372 2528 omne
406 2468 731 2534 dividitur.
775 2474 1030 2538 Primus
1065 2491 1261 2542 tomos
1308 2485 1588 2546 continet
1632 2496 1758 2547 tres
1793 2532 1809 2561 ,
1867 2508 2133 2570 quorum
2180 2495 2250 2555 in
2279 2498 2505 2575 priore
2546 2501 2783 2579 viginti
2822 2503 2949 2565 illa
2991 2516 3140 2568 sunt
3175 2508 3430 2572 Christo

184 2570 571 2648 antiquiores
600 2575 884 2639 hxreses.
918 2577 1099 2640 Alter
1138 2599 1372 2652 earum,
1417 2602 1558 2664 quce
1585 2597 1733 2666 post
1766 2589 2088 2653 Christum
2131 2570 2368 2657 amor—tce
2400 2608 2571 2673 sunt,
2610 2570 2910 2663 tredecim
2940 2605 3206 2686 colligit.
3245 2611 3427 2673 Toti-

182 2669 317 2731 dem
346 2683 723 2751 postremus.
758 2679 847 2740 Ac
883 2682 941 2743 si
968 2682 1277 2747 librorum
1306 2690 1555 2751 nomine
1605 2701 1800 2755 tamos
1835 2694 2229 2777 Augustinus
2272 2669 2598 2782 intelligit,
2644 2702 2890 2784 dempto
2923 2669 3253 2789 superiore
3286 2713 3425 2790 illo,

177 2775 285 2851 qui
322 2775 557 2853 viginti
585 2796 666 2838 ex
692 2779 1031 2847 hxresibtts
1063 2797 1332 2864 constat,
1365 2790 1600 2872 reliqui
1627 2812 1742 2856 sex
1787 2775 1994 2871 erunt,
2031 2817 2159 2861 non
2187 2810 2440 2880 septem.
2485 2802 2693 2878 Quare
2721 2807 2923 2884 fuerit
2967 2806 3145 2870 illius
3191 2814 3422 2891 operis,

177 2872 304 2933 sive
339 2874 637 2952 epitomes
669 2878 797 2939 alia
833 2883 998 2942 ratio
1028 2887 1423 2967 partitioque
1453 2908 1696 2951 necesse
1735 2902 1848 2962 est,
1887 2895 2052 2973 quod
2103 2914 2167 2956 se
2200 2896 2595 2977 Augustinus
2634 2899 2876 2981 legisse,
2922 2912 2982 2964 et
3020 2905 3265 2969 imitari
3311 2928 3425 2969 vo-

175 2971 369 3032 luisse
404 2972 815 3038 demonstrat.

245 3080 378 3142 Sed
403 3102 444 3142 a
467 3084 715 3145 minuta
741 3086 857 3146 illa
888 3094 944 3147 et
972 3097 1240 3165 angusta
1270 3087 1711 3169 disquisitione
1744 3091 1826 3153 ad
1862 3092 1931 3155 id
1972 3094 2182 3168 redeo,
2215 3095 2382 3175 quod
2410 3093 2494 3158 de
2517 3100 2762 3161 Panarii
2797 3104 3325 3168 commendatione
3348 3127 3423 3170 ae

170 3185 393 3253 fructu
416 3185 750 3266 disputare
781 3207 1104 3268 vesperam.
1137 3190 1297 3253 Nam
1323 3191 1406 3252 ad
1431 3193 1615 3266 illud,
1652 3195 1725 3279 de
1753 3214 1872 3275 quo
1894 3198 2220 3276 agebatur,
2254 3200 2577 3264 catholica-
2604 3204 2935 3284 religionis
2964 3212 3417 3286 patrocinium,

172 3292 228 3343 et
266 3286 727 3350 hodiernarum
771 3290 1149 3351 eversionem
1189 3293 1490 3355 haresum
1530 3298 2046 3375 opportunitates
2090 3300 2477 3375 innumeras,
2532 3312 2590 3363 et
2636 3302 2999 3385 adjumenta
3025 3310 3413 3389 suppeditat.

175 3382 453 3447 Primum
484 3385 652 3465 quod
677 3386 751 3448 de
784 3390 917 3469 ejus
946 3392 1347 3468 auctoritate,
1374 3405 1644 3474 propter
1672 3405 1732 3457 et
1761 3398 2097 3477 scriptoris
2126 3409 2516 3477 vetustatem,
2553 3413 2611 3465 et
2646 3382 2956 3466 illustrem
2989 3382 3166 3469 inter
3186 3410 3415 3475 Patres

171 3483 511 3564 dignitatis
557 3488 781 3562 locum,
819 3507 895 3549 ne
936 3490 1065 3569 ipsi
1108 3491 1353 3570 quidem
1382 3494 1829 3590 obtrectatores
1857 3500 2283 3578 antiquitatis,
2313 3519 2387 3562 ac
2423 3502 2729 3563 bonorum
2762 3505 2969 3567 hostes
2998 3509 3273 3571 omnium
3297 3510 3416 3573 du-

172 3585 394 3648 bitant.
428 3587 668 3649 Deinde
694 3588 865 3669 quod
892 3592 1224 3670 praecipua
1252 3610 1501 3673 quisque
1539 3585 1789 3658 decreta
1816 3597 1984 3676 ﬁdei,
2017 3617 2151 3678 quce
2195 3603 2627 3681 opinosissimi
2660 3605 2938 3668 homines
2976 3608 3074 3669 his
3116 3617 3416 3693 temporis

172 3689 279 3749 bus
323 3690 607 3769 inficiari
639 3693 894 3769 audent,
932 3702 1055 3754 tam
1099 3697 1419 3775 expressis
1461 3699 1536 3761 ab
1568 3699 1680 3762 illo
1720 3702 2094 3763 testimoniis
2122 3705 2598 3783 approbantur;
2627 3724 2760 3785 qua!
2785 3718 2991 3774 autem
3019 3711 3102 3772 iis
3132 3689 3409 3779 illi—con-

171 3793 377 3853 traria
402 3790 770 3871 defendunt,
801 3811 948 3854 suos
978 3792 1060 3854 ad
1098 3804 1411 3869 auctores,
1444 3798 1558 3859 hoc
1595 3806 1686 3859 est
1714 3799 2041 3860 haereticos
2069 3808 2361 3860 revocata
2388 3809 2648 3875 veteres,
2685 3809 2811 3861 tam
2848 3807 3132 3882 graviter
3157 3829 3231 3870 ac
3267 3829 3406 3872 cre-

172 3886 275 3948 bro
319 3889 727 3967 refutantur;
773 3898 848 3951 ut
887 3908 1064 3969 quem
1113 3890 1316 3955 adhuc
1346 3894 1652 3973 falsitatis
1692 3897 1880 3959 istius
1916 3915 2045 3957 non
2080 3895 2336 3976 pudeat,
2371 3918 2751 3961 communem
2784 3912 2927 3965 ante
2951 3923 3199 3967 sensum
3226 3925 3410 3987 quam

169 3988 530 4051 modestiam
557 3988 1112 4069 verecundiamque
1132 3992 1517 4071 perdiderit.

240 4112 391 4173 Herc
424 4112 499 4173 de
524 4112 891 4192 Epiphanio
924 4122 1145 4174 nostro
1174 4114 1326 4175 adeo
1356 4116 1680 4197 magniﬁce
1719 4118 2165 4200 splendideque
2186 4123 2433 4201 jactata
2460 4141 2642 4201 quam
2675 4143 2823 4187 vera
2851 4128 3004 4200 sint,
3034 4128 3300 4205 planum
3337 4134 3408 4195 in

164 4210 436 4288 singulis
470 4209 973 4272 Lutheranorum
1000 4220 1060 4271 et
1095 4212 1585 4274 Calvinistarum
1615 4215 1940 4276 erroribus
1967 4218 2258 4294 facerem,
2298 4220 2356 4279 si
2391 4216 2457 4278 id
2486 4227 2596 4280 aut
2628 4220 2908 4299 epistola:
2936 4223 3211 4289 brevitas
3235 4231 3408 4292 sine-

165 4320 277 4384 ret,
308 4320 423 4371 aut
456 4309 674 4381 alium,
714 4327 896 4389 quam
937 4320 1016 4384 te,
1064 4311 1410 4376 cardinalis
1450 4314 1717 4390 illustr.,
1759 4319 1964 4380 oratio
1995 4319 2121 4379 hac
2161 4335 2202 4376 a
2244 4317 2426 4379 nobis
2456 4318 2757 4381 instituta
2784 4324 3148 4401 respiceret.
3185 4328 3309 4391 Sed
3339 4332 3408 4396 id

161 4423 267 4471 aut
291 4410 423 4471 alio
444 4412 715 4491 fortasse
746 4411 881 4471 loco
903 4414 1380 4492 preestobimus,
1416 4424 1526 4477 aut
1552 4417 1634 4478 ad
1663 4427 1865 4481 certos
1898 4412 2221 4482 hodiernis
2244 4437 2274 4480 e
2304 4418 2728 4499 scriptoribus
2755 4424 3165 4502 remittemus,
3195 4432 3306 4508 qui
3334 4434 3403 4495 in

164 4533 287 4574 eam
314 4522 564 4592 partem
595 4513 875 4574 studiose
900 4534 972 4577 ac
1004 4535 1150 4578 sane
1169 4519 1417 4580 utiliter
1450 4520 1892 4584 incubuerunt.
1931 4521 2072 4584 Tibi
2104 4538 2251 4582 vero
2280 4530 2431 4583 nota
2455 4523 2653 4601 magis
2682 4522 2798 4584 illa
2833 4542 3016 4605 quam
3043 4529 3197 4591 mihi
3222 4542 3397 4605 sunt,

163 4613 266 4690 qvi
318 4619 591 4690 quantus
632 4611 736 4672 vir
774 4611 1179 4692 Epiphanius
1221 4615 1442 4695 fuerit,
1487 4624 1906 4695 quantumque
1951 4617 2199 4679 Panarii
2242 4618 2430 4679 istius
2475 4630 2849 4683 momentum
2891 4626 2999 4699 sit,
3036 4646 3167 4688 non
3192 4630 3404 4692 aliena
3475 4676 3480 4681 ρ

162 4707 710 4783 commendatione,
746 4708 854 4770 sed
889 4709 1098 4772 studio
1137 4711 1271 4790 ipse
1318 4720 1426 4771 tuo
1465 4712 1980 4791 experientiaque
2026 4711 2333 4775 didicisti.
2385 4713 2474 4775 Ac
2517 4714 2825 4796 quidquid
2867 4722 3167 4787 hactenus
3195 4728 3294 4789 vel
3324 4728 3415 4790 de-

158 4817 442 4877 ouctoris
470 4817 662 4896 hujus
694 4818 1090 4895 prxstantia,
1126 4815 1222 4878 vel
1260 4815 1334 4877 de
1372 4819 1688 4879 hwreseon
1718 4816 2295 4895 labefactandarum
2335 4818 2584 4878 ratione
2611 4819 2808 4899 paulo
2838 4821 3161 4886 verbosius
3200 4830 3401 4906 expli-

157 4918 316 4989 cavi,
348 4934 479 4977 non
504 4914 572 4978 id
595 4925 706 4977 tua
734 4934 947 4988 causa,
979 4931 1173 4994 neque
1207 4922 1280 4975 ut
1314 4914 1481 4995 quod
1521 4914 1630 4976 abs
1660 4924 1717 4977 te
1745 4914 1984 4977 discere
2013 4914 2227 4991 debeo,
2253 4917 2369 4999 hqc
2400 4925 2458 4977 te
2490 4918 2622 4997 ipse
2658 4918 2963 4993 docerem,
2997 4931 3395 4999 pertractare

157 5020 327 5081 votui
356 5040 378 5080 :
420 5018 531 5080 sed
573 5028 646 5081 ut
695 5020 1035 5082 consilium
1075 5017 1149 5079 de
1192 5020 1308 5082 hac
1340 5017 1615 5082 editione
1643 5038 1842 5080 meum
1871 5020 2231 5099 expositum
2263 5018 2401 5092 tibi,
2437 5040 2476 5081 a
2507 5030 2683 5100 teque
2706 5016 3074 5099 probatum,
3112 5036 3395 5086 manaret

154 5117 236 5180 ad
273 5132 553 5192 ceteros,
594 5129 822 5200 tuoque
860 5139 925 5181 se
946 5118 1197 5201 judicio
1228 5129 1288 5182 et
1317 5121 1698 5183 auctoritate
1730 5119 2109 5201 defenderet.
2144 5120 2343 5195 Quam
2384 5139 2492 5199 ego
2526 5119 3013 5237 praerogativam
3046 5121 3392 5237 voluntatis

154 5220 682 5301 humanitatisque
713 5229 833 5282 tua:
860 5219 1169 5300 dignitate
1198 5222 1341 5299 ipsa
1372 5222 1652 5282 muneris
1699 5239 1771 5282 ac
1814 5220 2393 5337 pretio-impetrare
2442 5220 2661 5337 malui,
2709 5238 2913 5300 quam,
2966 5237 3100 5300 qua:
3140 5224 3394 5337 .tritanet

148 5330 497 5399 pervagata
518 5320 975 5401 Prtefationum
994 5338 1166 5400 seges
1197 5329 1311 5391 est,
1336 5320 1643 5382 ornandis
1671 5320 1799 5382 tuis
1838 5318 2134 5383 laudibus
2160 5338 2233 5410 ac
2263 5320 2574 5383 virtutum
2597 5328 2849 5381 tuarum
2864 5324 3190 5400 praeconio
3221 5322 3403 5384 colli-

150 5435 315 5493 gere.
348 5417 508 5480 Nam
540 5418 714 5499 apud
736 5425 793 5481 te
827 5420 903 5481 de
933 5427 991 5481 te
1017 5427 1089 5480 ut
1119 5417 1307 5480 verba
1332 5420 1583 5497 faciam,
1617 5420 1989 5498 singularis,
2020 5421 2263 5535 qux‘in
2292 5430 2351 5535 te
2380 5429 2491 5494 est,
2524 5423 2808 5535 gravitas
2835 5442 2909 5484 ac
2937 5424 3413 5535 modestiamon

149 5518 421 5592 patitur.
465 5504 674 5598 Neque
708 5530 764 5584 te
799 5518 1257 5582 ambitiuncula
1300 5520 1444 5593 ista,
1479 5528 1560 5595 et,
1605 5519 1770 5599 quod
1800 5520 2480 5603 esscjucundissimum
2513 5525 2786 5588 omnium
2809 5543 3100 5588 acroama
3128 5523 3427 5593 dicitur.
