3972 6070
526 254 551 307 1
566 254 598 306 5
1821 242 2093 302 DlONYSl

2180 243 2428 301 ’ETAVII
3324 275 3328 279 ⁴
3685 255 3748 311 16

525 362 1032 427 ornamentorum
1067 371 1323 424 tuorum
1388 373 1570 442 atque
1614 366 1956 443 insignium
1993 365 2364 445 prwdicatio
2425 365 2710 426 delectat.
2756 358 2972 445 Itaque
3015 386 3145 427 non
3181 371 3308 433 alio
3345 381 3652 453 sequestre
3684 392 3753 434 ac

527 465 934 528 conciliatore
961 461 1183 540 gratiis
1211 468 1330 522 tua:
1364 479 1538 533 usus,
1571 480 1752 541 quam
1787 463 2151 542 Epiphanio
2182 466 2343 542 ipso,
2386 461 2468 523 ad
2496 462 2752 525 tutelam
2784 466 3055 526 nominis
3086 467 3184 527 tui
3210 471 3749 548 patrociniumque

527 563 807 645 confugi.
843 559 1024 636 Quod
1049 567 1122 620 ut
1160 559 1310 621 mihi
1338 559 1703 639 defuturum
1727 580 1854 622 non
1878 580 2003 623 esse
2037 560 2340 640 conﬁdam
2357 583 2377 630 ;
2406 562 2564 640 facit
2591 579 2768 622 amor
2795 562 2868 622 in
2882 563 3114 642 primis
3145 582 3293 644 erga
3322 565 3569 629 litteras
3592 576 3751 636 tuus,

530 678 671 731 tum
686 671 945 749 pietatis
973 667 1423 747 religionisque
1456 663 1741 743 cognitus
1776 660 2060 722 omnibus
2089 679 2162 721 ac
2182 667 2555 739 perspectus
2584 658 2812 729 ardor,
2846 661 3072 741 quibus
3096 681 3175 724 ea:
3202 663 3498 725 ambobus
3526 667 3745 728 studiis

530 779 760 832 nostra:
788 769 913 831 illa:
941 770 1007 830 in
1035 766 1463 846 Epiphaniam
1490 762 1730 823 collata:
1764 777 1966 839 opera:
1995 756 2344 837 vigiliazque
2372 758 2892 838 proficiscuntur.
2936 759 3207 821 Faciunt
3254 762 3625 824 excellentes
3671 766 3756 825 in-

530 869 699 947 genii
727 878 893 929 artes
923 868 1305 945 virtutesque
1341 872 1574 924 cceterte
1610 882 1629 920 :
1675 860 1902 939 quibus
1941 859 2239 920 Ecclesia:
2277 859 2711 936 principatum
2751 858 3125 939 jamdudum
3165 862 3429 939 publica
3496 867 3755 927 omnium

532 979 674 1030 vota
700 987 772 1032 ac
801 967 1111 1048 suffragia
1139 962 1544 1043 despondent.
1578 961 1761 1025 Facit
1782 969 2105 1039 postremo
2133 958 2437 1037 prolixus
2480 966 2629 1017 tuus
2661 960 2729 1019 in
2755 959 3126 1019 Soeietatem
3153 969 3461 1037 nostram,
3494 982 3564 1023 ac
3594 967 3755 1024 mul-

531 1070 612 1130 tis
643 1065 900 1129 indiciis
924 1074 1294 1146 perspectus
1322 1071 1504 1142 atque
1535 1059 1905 1139 exploratus
1938 1061 2222 1143 animus:
2257 1067 2387 1118 tum
2416 1057 2758 1117 nonnullus
2786 1075 3027 1138 quoque
3058 1060 3356 1122 tenuitati
3383 1072 3616 1124 nostra:
3636 1082 3758 1144 pa-

535 1177 799 1257 tefactus
823 1160 1071 1254 jamdiu
1100 1170 1182 1232 ad
1210 1171 1652 1250 benignitatem
1687 1177 1855 1227 tuam
1886 1167 2098 1227 aditus
2153 1184 2227 1225 ac
2256 1171 2568 1243 receptus.
2602 1163 2883 1240 Quorum
2913 1165 3187 1225 omnium
3215 1181 3513 1225 summam
3541 1165 3764 1228 brevis-

531 1276 687 1335 sima
714 1275 828 1336 hac
859 1272 1320 1349 certissimaque
1350 1286 1494 1329 voce
1526 1265 1903 1345 complectar
1944 1285 1963 1322 :
2000 1263 2207 1342 Neque
2248 1271 2304 1322 te
2344 1262 2597 1341 dignius
2634 1280 2815 1341 quam
2866 1261 3031 1341 quod
3060 1281 3098 1322 a
3127 1280 3219 1321 me
3248 1263 3426 1323 modo
3459 1262 3761 1343 defertur,

532 1370 752 1449 offerri
802 1370 919 1432 tibi
962 1385 1183 1429 munus
1225 1385 1427 1446 posse,
1475 1382 1667 1442 neque
1718 1360 2091 1439 digniorem,
2149 1362 2253 1421 cui
2296 1359 2457 1421 illud
2498 1360 2812 1440 offerrem,
2858 1373 2915 1420 te
2964 1379 3087 1420 uno
3136 1361 3414 1440 reperiri
3458 1364 3761 1443 potuisse.

538 1473 700 1536 l'ale.

611 1578 871 1666 Lutetiae
901 1576 1316 1650 Parisiorum,
1349 1592 1513 1636 anno
1545 1576 1793 1636 ineunte
1820 1544 2207 1643 MDC'XXII,
2249 1585 2405 1633 xvm
2447 1566 2592 1630 Kal.
2627 1567 2815 1631 Febr.

1404 1872 1484 1929 ιιι.
1510 1872 1575 1928 Α.
1609 1871 1673 1928 Τ.
1705 1870 2080 1930 deditissimus

2490 1941 2782 2014 Dionysius
2806 1939 3079 1998 PETM‘IUS

2423 2010 2713 2068 Societa'tis
2742 2010 2870 2066 Jesu
2894 2014 3201 2084 presbyter.

557 2230 3745 2265 —-————-———-———-————-————-——————-—-—————————-——g———F————-————

1222 2408 1329 2468 AD
1375 2407 1901 2469 CATHOLICUM
1967 2409 2068 2468 ET
2120 2408 2547 2471 CANDIDUM
2609 2409 3068 2472 LECTOREM.

599 2746 734 2803 Cum
758 2747 992 2804 assiduis
1021 2744 1357 2801 eruditorum
1400 2758 1464 2799 ac
1491 2743 1701 2814 piorum
1747 2744 2026 2798 hominum
2059 2744 2296 2813 querelis
2324 2743 2555 2815 ﬂagitari
2577 2744 2902 2814 jamdudum
2946 2747 3308 2819 Epiphaniam
3343 2763 3585 2809 nostrum
3623 2756 3809 2813 intel-

530 2842 725 2914 ligam;
764 2857 795 2896 a
826 2839 1154 2911 quibusdam
1189 2838 1364 2901 etiam
1396 2839 1706 2893 tarditatem
1736 2840 1982 2893 accusari
2021 2853 2196 2893 meam
2218 2880 2232 2905 ,
2263 2839 2407 2909 quod
2441 2839 2600 2908 cujus
2641 2839 2894 2896 editionis
2925 2857 3074 2912 spem
3109 2852 3236 2898 ante
3269 2847 3580 2916 complures
3606 2865 3797 2906 annos

527 2931 880 2998 ostenderim,
916 2946 978 2987 ea
1012 2930 1253 2984 nondum
1283 2930 1336 2984 in
1369 2929 1545 2984 lucem
1583 2938 1692 2984 tam
1719 2929 1884 3000 longo
1912 2928 2199 2984 intervallo
2228 2929 2524 2999 prodierit,
2562 2929 2826 2984 nonnulla
2864 2940 3050 2986 nostra
3084 2934 3440 2992 excusatione
3456 2938 3799 2997 muniendus

529 3030 596 3085 ad
629 3027 939 3099 aequitatem
977 3034 1124 3080 tuam
1165 3025 1344 3080 aditus
1384 3023 1619 3079 videtur.
1657 3025 1772 3079 Erit
1807 3024 1897 3079 illa
1936 3040 2063 3079 vero
2103 3024 2410 3094 perfacilis,
2456 3023 2502 3079 si
2537 3024 2642 3078 hoc
2672 3039 2796 3078 cum
2841 3025 3025 3079 animo
3064 3035 3155 3080 tuo
3196 3028 3469 3084 aestimare
3506 3030 3791 3102 volueris,

528 3130 792 3192 quantum
821 3119 887 3175 ad
911 3119 987 3186 id,
1021 3119 1167 3189 quod
1206 3119 1359 3173 initio
1395 3119 1771 3188 prtevideram,
1803 3127 1858 3175 et
1890 3120 1957 3174 ad
2001 3119 2146 3188 quod
2192 3127 2418 3189 paratus
2450 3132 2706 3172 veneram
2730 3158 2744 3179 ,
2778 3119 2933 3188 pensi
2966 3135 3031 3174 ac
3055 3121 3261 3177 laboris
3293 3125 3608 3179 accesserit.
3646 3124 3797 3181 Nam

524 3233 650 3274 cum
684 3217 919 3287 primum
948 3200 1109 3271 'illud
1156 3230 1293 3285 opus
1337 3216 1639 3270 amicorum
1683 3225 1898 3285 rogatu,
1938 3223 1992 3268 et
2034 3229 2224 3269 eorum
2251 3214 2345 3283 qui
2379 3214 2704 3268 auctoritate
2736 3222 2987 3283 poterant
3014 3214 3156 3286 apud
3184 3232 3270 3271 me
3301 3217 3619 3285 plurimum.
3650 3219 3798 3272 hor-

527 3320 641 3368 tatu
671 3308 879 3381 recepi;
916 3326 1086 3366 unum
1118 3309 1251 3364 illud
1287 3309 1637 3379 designabam
1663 3311 1868 3370 animo,
1895 3317 1955 3362 ut
1983 3318 2038 3363 et
2062 3308 2267 3364 Gracia
2283 3307 2573 3377 diligenter
2599 3309 2924 3375 emendatis,
2948 3321 3001 3365 et
3019 3311 3208 3366 Latina
3239 3310 3490 3366 Cornarii
3513 3313 3799 3385 interpre-

529 3401 730 3469 tatione
759 3401 1042 3469 castigata,
1069 3399 1385 3454 adnotarem
1414 3413 1477 3452 ea
1508 3398 1763 3462 breviter,
1795 3398 1994 3466 quibus
2031 3396 2098 3452 ad
2132 3398 2374 3452 auctoris
2402 3408 2639 3451 mentem
2683 3401 3084 3468 assequendam
3130 3402 3370 3470 adjuvari
3412 3416 3521 3457 non
3548 3404 3807 3474 imperiti

528 3488 768 3547 hominis
794 3489 1061 3544 industria
1086 3498 1290 3559 posset.
1326 3486 1395 3542 Ut
1439 3496 1619 3543 autem
1653 3486 1842 3541 Latine
1876 3488 2263 3557 interpretarer
2294 3486 2446 3556 ipse,
2477 3501 2654 3557 neque
2694 3488 3086 3543 constitueram
3130 3488 3383 3560 equidem
3405 3530 3420 3555 ,
3453 3506 3632 3561 neque
3667 3491 3814 3548 fore

528 3579 898 3635 necessarium
922 3579 1249 3633 arbitrabar.
1284 3580 1399 3634 Hac
1430 3593 1530 3649 ego
1566 3593 1661 3648 spe
1685 3619 1700 3645 ,
1732 3578 2159 3648 conditioneque
2196 3592 2322 3633 cum
2353 3578 2496 3633 ultro
2531 3578 2681 3633 oneri
2715 3578 2792 3632 illi
2826 3582 3215 3636 successissem
3240 3622 3257 3648 ,
3284 3596 3521 3652 eumque
3554 3582 3702 3637 istud
3742 3599 3808 3640 cl

470 3727 476 3733 .
527 3676 829 3731 amicorum
858 3674 1241 3744 praedicatione
1262 3716 1277 3741 ,
1313 3684 1367 3728 et
1402 3689 1522 3729 mea
1551 3688 1772 3745 quoque
1808 3673 2231 3729 denuntiatione
2268 3682 2546 3728 manasset
2597 3674 2837 3744 longius,
2865 3692 3030 3746 quam
3063 3689 3124 3732 ut
3156 3679 3527 3733 vadimonium
3559 3678 3816 3736 honeste

528 3778 744 3834 possem
779 3763 1053 3829 deserere,
1105 3779 1231 3818 mox
1270 3764 1362 3818 ubi
1415 3764 1635 3818 tractari
1677 3772 1852 3835 coepta
1886 3779 1975 3819 res
2021 3774 2137 3830 est,
2176 3764 2298 3834 plus
2324 3765 2378 3819 iu
2414 3780 2478 3819 ea
2513 3763 2715 3835 negotii
2744 3781 2906 3836 quam
2937 3767 3071 3823 mihi
3099 3769 3420 3838 pollicebar,
3462 3784 3584 3825 esse
3614 3770 3813 3825 situm

526 3855 907 3911 animadverti.
935 3854 1229 3926 Postquam
1255 3855 1401 3911 enim
1430 3848 1682 3911 Cdrnarii
1713 3852 1909 3909 Latina
1935 3853 2228 3927 emendare
2250 3870 2371 3910 sum
2400 3855 2713 3925 ingressus;
2742 3855 3158 3928 periculumque
3190 3857 3542 3914 recensendis
3570 3858 3813 3928 aliquoi

524 3947 740 4019 paginis
775 3946 899 4015 feci,
939 3946 1137 4019 ecquid
1181 3947 1443 4003 mediocri
1504 3947 1687 4017 aliqua
1720 3945 2045 4002 tractatione
2084 3930 2351 4001 nitescere
2396 3961 2461 4001 ac
2499 3946 2756 4018 perpoliri
2789 3956 3004 4018 posset,
3031 3948 3329 4018 plena-non
3369 3950 3547 4005 solum
3576 3951 3816 4010 fastidii

524 4032 642 4099 Visa
676 4057 767 4099 res
798 4050 901 4109 est,
932 4042 1025 4097 sed
1057 4042 1219 4097 etiam
1247 4041 1530 4108 molestiae,
1556 4050 1608 4095 et
1649 4040 1928 4095 illiberalis
1957 4039 2244 4110 cujusdam
2271 4056 2448 4111 operae
2479 4057 2543 4097 ac
2572 4042 2799 4098 laboris.
2835 4040 2910 4097 Ita
2949 4042 3119 4098 multa
3162 4044 3605 4114 tumdemenda,
3629 4061 3816 4102 com-

526 4134 808 4202 mutanda,
840 4134 1217 4206 interpolanda
1248 4132 1497 4199 luerunt;
1534 4142 1592 4187 ut
1622 4146 1723 4202 ego
1754 4131 2095 4188 tolerabilius
2127 4148 2251 4189 esse
2284 4141 2602 4196 statuerem,
2633 4133 2796 4195 aliam
2828 4133 2895 4190 de
2924 4135 3158 4207 integro,
3207 4150 3271 4192 ac
3312 4151 3506 4192 novam
3546 4143 3816 4207 struere,

524 4234 690 4300 quam
723 4231 934 4299 alienae,
966 4230 1266 4303 prasertim
1310 4227 1577 4293 barbarae,
1618 4226 1949 4297 insulamque
1993 4228 2281 4283 tectorium
2334 4227 2615 4283 inducere.
2656 4226 2812 4284 Cessi
2852 4230 3017 4301 igitur
3068 4230 3306 4300 imitus,
3332 4239 3496 4302 atque
3524 4232 3816 4295 haesitans

525 4326 673 4391 licet,
699 4337 754 4382 et
785 4328 838 4381 in
867 4329 972 4382 hoc
1002 4343 1089 4381 me
1119 4326 1409 4397 pistrinum
1443 4322 1681 4388 detrudi,
1712 4323 2096 4395 compingiqne
2121 4338 2245 4379 sum
2272 4338 2505 4394 passus:
2537 4331 2598 4378 ut
2637 4339 2762 4379 eum
2801 4325 3122 4396 scriptorem
3143 4365 3161 4391 ,
3189 4342 3352 4396 quem
3378 4326 3816 4402 castigandum1

526 4428 586 4473 ut
615 4419 749 4482 dixi,
783 4428 946 4489 atque
976 4418 1283 4473 ornandum
1310 4416 1695 4473 tantummodo
1721 4429 2091 4486 suseeperam,
2122 4413 2316 4470 Latino
2353 4414 2576 4484 insuper
2609 4430 2863 4472 sermone
2894 4425 3294 4473 converterem.

607 4511 704 4566 Est
738 4511 869 4566 illud
899 4510 1143 4581 profecto
1171 4524 1344 4578 genus
1367 4496 1898 4577 interpretandorum
1928 4505 2194 4560 librorum
2227 4506 2357 4560 utile
2394 4506 2552 4563 bonis
2577 4507 2900 4575 artibus;et
2926 4508 3073 4578 quod
3106 4508 3281 4579 major
3309 4525 3435 4580 pars
3467 4510 3657 4565 Graece
3692 4526 3816 4570 aut

521 4609 749 4663 omnino
784 4605 977 4670 nescit,
1003 4615 1097 4659 aut
1125 4619 1229 4657 non
1265 4605 1337 4656 ita
1375 4601 1501 4667 scit,
1529 4609 1589 4655 ut
1617 4601 1684 4656 iis
1725 4601 2055 4670 adjumentis
2079 4615 2266 4656 carere
2292 4601 2484 4670 possit,
2518 4600 2621 4656 hac
2664 4610 2823 4656 aetate
2866 4605 3257 4659 necessarium.
3296 4604 3401 4658 Sed
3430 4604 3570 4659 idem
3596 4612 3816 4661 taincr

523 4718 632 4757 non
669 4700 847 4756 solum
888 4699 1117 4753 insuave
1147 4712 1242 4766 per
1281 4710 1437 4759 sese;
1466 4709 1652 4749 verum
1680 4694 1870 4758 etiam,
1904 4703 2123 4763 prepter
2148 4709 2418 4750 summam
2450 4694 2557 4749 hoe
2590 4704 2836 4765 tempore
2884 4696 3225 4752 obtrectandi
3267 4698 3670 4767 impunitatem,
3726 4716 3816 4758 ac

523 4795 815 4857 licentiam,
847 4791 1144 4848 sollicitum
1174 4803 1237 4843 ac
1271 4786 1565 4841 lubricum.
1606 4786 1878 4852 Quoniam
1911 4786 2131 4855 quidem
2166 4796 2310 4840 recte
2342 4784 2485 4840 facto
2506 4826 2521 4850 ,
2564 4786 2855 4841 mediocris
2898 4787 3255 4857 approbatio;
3286 4798 3485 4851 errato,
3512 4788 3638 4843 sine
3666 4788 3816 4847 ulla

523 4887 696 4952 venia,
730 4886 1044 4946 vehemens,
1079 4891 1131 4937 et
1165 4890 1325 4935 atrox
1350 4879 1705 4949 reprehensio
1733 4879 2075 4948 proponitur.
2113 4878 2168 4932 ld
2196 4878 2335 4933 adeo
2367 4887 2641 4934 certorum
2683 4879 2965 4933 hominum
2996 4881 3406 4951 importunitate
3426 4891 3480 4936 et
3513 4881 3816 4940 inhuma.

521 4978 690 5033 nitate
715 4976 773 5032 lit
803 4994 815 5029 :
841 4975 929 5045 qui
958 4989 1081 5029 cum
1113 4974 1214 5043 ipsi
1248 4973 1367 5027 sine
1399 4986 1585 5026 errore
1617 4970 1752 5026 nihil
1784 4970 2061 5038 scribant,
2104 4986 2281 5041 neque
2319 4986 2377 5027 se
2399 4986 2427 5026 a
2458 4988 2734 5042 quoquam
2766 4972 3015 5043 redargui
3052 4976 3351 5044 patiuntur,
3377 4983 3432 5030 et
3467 4978 3568 5029 hoe
3601 4976 3812 5044 ipsus-

520 5076 699 5122 tamen
737 5065 1021 5137 tyrannico
1062 5063 1165 5117 sibi
1200 5061 1325 5133 jure
1375 5063 1427 5114 in
1480 5070 1703 5115 cancros
1745 5070 2033 5131 usurpant.
2069 5060 2162 5116 Est
2194 5071 2373 5115 autem
2417 5060 2471 5113 in
2504 5059 2707 5116 Graecis
2730 5060 2982 5117 Latinam
3022 5065 3075 5117 in
3111 5064 3351 5134 linguam
3385 5064 3816 5127 transferendis

520 5159 731 5226 lapsum
773 5170 836 5209 ac
854 5152 1330 5226 reprehensionem
1364 5153 1569 5204 evitare
1599 5152 1835 5213 (Iillieile,
1869 5160 2154 5221 propterea
2197 5151 2344 5219 quod
2376 5166 2538 5205 nemo
2564 5161 2647 5207 est
2676 5153 2748 5206 ita
2791 5155 3116 5207 necessariis
3165 5155 3231 5207 ad
3263 5154 3315 5207 id
3346 5171 3546 5208 munus
3581 5166 3815 5225 praes},

492 5249 623 5315 aliis
659 5247 997 5308 instructus;
1029 5243 1120 5311 qui
1176 5252 1269 5294 aut
1321 5241 1540 5294 Graecos
1586 5256 1777 5294 ontnes
1809 5249 2064 5294 auctores
2100 5239 2311 5308 legerit.
2342 5250 2437 5294 aut
2476 5241 2800 5295 immensam
2831 5242 2936 5296 vim
2972 5245 3173 5297 artium
3209 5246 3452 5300 omnium
3474 5284 3490 5307 ,
3516 5256 3569 5299 et
3604 5263 3816 5308 mare.

522 5339 688 5400 riam;
720 5328 950 5405 quarum
985 5348 1048 5387 ex
1081 5332 1306 5386 scientia
1336 5331 1693 5393 ollim-escere,
1725 5347 1790 5386 ac
1819 5329 2124 5385 redundare
2152 5331 2310 5385 debet
2338 5329 2745 5399 interpretatio,
2787 5348 2889 5386 usu
2936 5342 2990 5386 et
3025 5318 3287 5388 memoria
3324 5336 3816 5406 comprehendar,

517 5427 651 5493 Quis
674 5435 752 5481 est
784 5426 928 5479 enim
957 5424 1052 5495 qui
1095 5423 1305 5477 divinas
1342 5425 1718 5491 humanasque
1760 5423 2113 5492 disciplinas,
2154 5423 2247 5491 qui
2293 5421 2577 5491 "neclegis:
2600 5463 2615 5488 ,
2649 5425 3010 5495 philosophiae
3049 5441 3114 5481 ac
3152 5427 3549 5482 mathematum
3593 5445 3809 5498 parte

516 5534 741 5583 omnes;
778 5518 868 5587 qui
894 5517 1033 5586 juris
1060 5532 1123 5571 ac
1158 5517 1463 5581 medicina},
1495 5519 1587 5586 qui
1614 5516 1857 5571 minutas
1885 5517 2122 5586 denique
2143 5526 2289 5570 artes
2312 5517 2393 5571 vel
2427 5532 2568 5571 unus
2598 5519 2888 5574 exhaurire
2909 5520 3165 5588 potuerit,
3200 5522 3284 5576 vel
3317 5522 3585 5577 inlinitam
3615 5539 3816 5591 voca

514 5608 790 5673 buloruut,
819 5623 939 5678 quae
960 5608 1157 5677 cuique
1182 5609 1397 5677 propria
1431 5620 1589 5676 sunt,
1619 5608 1809 5663 silvam
1841 5608 2275 5680 varietatemque
2309 5610 2538 5666 scrutari
2560 5612 2582 5662 ?
2612 5610 2775 5681 Atqui
2799 5626 2923 5665 cum
2955 5611 3043 5667 illa
3076 5613 3277 5681 passim
3303 5611 3623 5668 Griecorum
3657 5632 3816 5680 mo
