3972 6070
190 346 250 403 ιτ
1617 340 2009 415 ιδιιΑενΑτιοζ
3367 352 3434 411 ta

188 468 447 526 uimentis
482 483 703 541 aspersa
742 479 911 529 sunt:
947 480 1059 529 tum
1080 476 1397 532 eorumdem
1428 478 1643 533 inscitia
1677 495 2070 550 nonnunquam
2106 478 2431 534 hallucinari
2461 477 2810 549 interpretem
2850 493 2948 548 par
2986 483 3099 540 est,
3126 483 3179 529 et
3205 472 3273 530 ab
3292 475 3436 530 illius

181 565 316 619 artis
340 566 553 635 peritis,
590 577 778 622 contra
805 585 967 639 quam
994 573 1352 628 commissum
1399 573 1601 643 aliquid
1634 572 1818 638 fuerit,
1852 574 1982 629 vitia
2016 574 2132 644 ipsa
2172 572 2522 643 deprehendi.
2551 571 2656 626 Sed
2696 579 2882 624 mutua
2917 569 3019 622 ista
3048 565 3333 636 castigatio
3353 580 3437 616 er-

178 657 344 723 “Iris.
366 667 421 712 et
446 658 852 716 animadversio
883 664 1177 719 maximam
1210 664 1359 719 ali'ert
1398 667 1779 722 communibus
1812 667 2005 721 litteris
2031 665 2319 719 utilitatem
2351 684 2361 717 :
2395 679 2457 717 ac
2488 677 2553 715 ne
2579 662 2625 715 ei
2658 660 2876 730 quidem
2903 698 2918 720 ,
2950 658 3041 727 qui
3072 655 3351 713 erraverit,
3392 650 3437 705 si

180 764 246 805 se
279 750 552 806 hominem
600 761 788 807 natum
827 767 950 810 esse
979 758 1316 824 recordetur,
1353 758 1543 813 odiosa
1577 757 1746 814 videri
1776 759 1857 813 vel
1886 760 2073 828 iniqua
2097 757 2275 811 debet.
2318 754 2495 810 Movet
2527 768 2654 808 vero
2684 754 3002 821 plerosque,
3036 757 3199 816 atque
3233 745 3302 799 ab
3339 745 3436 797 hac

181 840 394 909 publice
415 844 1036 902 commodandiratione
1082 847 1341 912 deterret,
1393 861 1503 903 non
1534 849 1883 919 reprehensio
1916 849 2125 904 erroris
2153 848 2268 917 ipsa
2295 887 2308 909 ,
2339 846 2431 901 sed
2462 842 2759 899 insultandi
2796 843 2849 894 in
2882 839 3054 894 aliena
3082 838 3239 905 culpa
3270 835 3437 888 libido

178 933 423 1002 quaedam
457 933 713 1003 petulans
746 950 810 991 ac
833 952 1058 1007 procax,
1090 955 1210 1009 qme
1235 947 1512 1010 utcunque
1542 941 1626 995 vel
1654 940 1927 995 levissima
1980 940 2034 994 in
2062 954 2122 994 re
2152 938 2442 993 titubatum
2478 935 2618 999 erit;
2649 939 2694 989 si
2722 932 2883 987 unius
2913 929 3117 984 vocula:
3146 928 3227 980 vis
3253 940 3315 979 ac
3343 939 3435 992 po-

175 1032 347 1083 testas
376 1030 727 1102 interpretem
763 1031 982 1104 fugerit,
1014 1035 1093 1090 sic
1139 1036 1297 1106 quasi
1322 1036 1465 1106 reip.
1497 1036 1646 1093 salus
1682 1047 1895 1108 agatur,
1935 1052 2049 1091 rem
2118 1036 2187 1090 ab
2218 1035 2446 1089 honesta
2491 1030 2835 1087 contentione
2865 1026 2933 1082 ad
2964 1023 3255 1079 illiberaies
3289 1021 3436 1073 rixas

173 1128 225 1173 et
263 1119 541 1185 sordidas,
571 1121 639 1176 ad
690 1121 1021 1179 ftedissimas
1077 1126 1403 1193 simultates,
1435 1135 1597 1196 atque
1646 1127 1711 1180 ad
1758 1141 2115 1195 personarum
2157 1125 2388 1195 injurias
2428 1120 2895 1189 contumeliasque
2923 1114 3277 1170 transferunt.
3310 1108 3434 1162 llzec

172 1210 341 1280 igitur
373 1211 492 1280 ipsa
548 1212 708 1267 fama:
758 1213 1093 1285 honorisque
1123 1219 1400 1288 pr0posita
1433 1219 1718 1274 dimicatio
1757 1220 1971 1289 quietos
2007 1228 2061 1274 et
2104 1218 2417 1273 moderatos
2449 1215 2735 1277 homines,
2771 1210 2863 1281 qui
2904 1207 3223 1264 nonnullum
3253 1213 3430 1258 tamen

172 1304 224 1357 in
282 1305 505 1374 publica
548 1307 653 1363 sibi
688 1310 1160 1366 commendatione
1204 1312 1454 1368 laborum
1488 1312 1727 1369 fructum
1759 1314 2139 1376 constituunt,
2186 1311 2443 1382 defugere
2476 1322 2695 1380 operam
2743 1305 2889 1359 illam
2931 1301 3187 1357 admonet
3219 1295 3430 1366 potius,

170 1409 339 1463 quam
367 1411 495 1452 cum
540 1401 759 1458 acribus
803 1414 858 1458 et
888 1404 1229 1474 pugnacibus
1260 1406 1623 1470 adversariis,
1655 1415 1709 1461 et
1740 1407 1805 1461 ad
1838 1406 2046 1477 quaevis
2075 1403 2303 1460 dicenda
2335 1401 2715 1470 audiendaque
2747 1392 3111 1469 paratissimis
3145 1391 3200 1444 in
3229 1386 3434 1459 puerile

170 1495 449 1544 certamen
483 1490 833 1552 descendere.
860 1496 991 1551 Mihi
1023 1513 1170 1563 vero,
1200 1515 1363 1570 quem
1412 1500 1480 1556 ad
1512 1501 1806 1557 sublimius
1832 1500 2091 1573 quiddam
2122 1509 2179 1555 et
2217 1498 2456 1555 divinius
2486 1496 2719 1567 cogitata
2755 1491 2938 1548 omnia
2983 1486 3314 1555 consiliaque
3348 1496 3432 1536 re-

172 1575 335 1644 (επεν
389 1596 656 1655 susceptae
702 1590 825 1644 vitae
854 1591 1095 1648 rationes
1129 1592 1438 1659 hortantur,
1488 1605 1654 1666 atque
1696 1596 1812 1652 haec
1842 1596 2268 1651 vanissimorum
2310 1605 2364 1649 et
2402 1591 2869 1664 ineptissimorum
2902 1584 3185 1641 hominum
3229 1577 3431 1649 judicia

171 1677 543 1739 contemnere,
578 1691 680 1730 cur
699 1675 993 1749 Epiphauii
1028 1682 1526 1754 interpretationem
1560 1700 1781 1742 vererer
1810 1686 2082 1758 attingere
2105 1727 2118 1750 ,
2155 1699 2325 1741 causa
2362 1685 2418 1739 in
2440 1681 2633 1754 primis
2677 1681 2781 1735 ista
2809 1677 2909 1733 fuit
2935 1693 2949 1730 :
2974 1672 3121 1745 quod
3153 1686 3278 1727 cum
3312 1669 3431 1723 len-

173 1767 284 1812 tum
313 1775 379 1816 ac
406 1761 729 1822 diuturnum
763 1767 884 1824 fore
909 1772 1186 1841 negotium
1215 1774 1349 1829 illud
1377 1776 1866 1832 animadverterem
1889 1816 1903 1840 ,
1941 1776 2278 1831 tantumdem
2313 1771 2787 1845 praestantioribus
2816 1767 3014 1825 studiis
3036 1765 3340 1820 detractum
3367 1759 3433 1813 iri

173 1851 431 1919 temporis
459 1869 765 1925 cernerem,
794 1871 1059 1931 quantum
1094 1864 1150 1920 in
1180 1881 1301 1921 eam
1335 1869 1751 1937 occupationem
1772 1877 1918 1925 esset
1960 1870 2317 1939 insumptum.
2352 1866 2657 1923 Accedebat
2686 1865 2753 1919 ad
2785 1874 3131 1919 communem
3171 1858 3434 1923 interpre-

172 1942 319 1996 tondi
353 1946 661 2004 molestiam
690 1954 964 2025 praecipua
992 1958 1240 2028 quaedam
1270 1961 1325 2015 in
1346 1960 1440 2015 illo
1469 1961 1732 2031 scriptore
1757 1961 2044 2017 difﬁcultas
2071 1980 2084 2015 :
2110 1962 2255 2032 quod
2282 1961 2554 2030 incompta
2582 1969 2634 2013 et
2658 1957 2932 2013 salebrosa
2964 1965 3045 2009 est
3066 1951 3213 2006 illius
3234 1947 3430 2006 oratio.

169 2045 217 2087 et
262 2037 319 2091 in
371 2056 481 2110 qua
533 2041 979 2118 frequentissime
1033 2064 1330 2110 occurrunt
1359 2056 1447 2110 illa
1471 2097 1486 2120 ,
1519 2072 1643 2126 quae
1673 2055 1737 2111 GI

1881 2056 2218 2120 ἀναπόδοτα,
2264 2065 2317 2110 et
2364 2053 2698 2109 ἀνακόλουθα
2728 2050 3015 2106 nominant
3050 2064 3063 2100 :
3097 2045 3345 2117 pedestre
3369 2057 3430 2094 ac

170 2130 430 2195 populare
482 2134 701 2193 dicendi
741 2154 932 2211 gentis.
993 2143 1149 2209 Quod
1181 2147 1295 2203 sive
1344 2150 1462 2218 pari
1505 2128 1778 2204 sermonis
1822 2148 2172 2217 simplicitate
2215 2148 2480 2216 consequi
2526 2143 2790 2208 volueris,
2824 2142 3147 2208 subagreste
3168 2134 3427 2205 quiddam

169 2221 393 2276 exsistet
426 2239 492 2279 ac
522 2229 771 2296 putidum
803 2250 816 2285 :
850 2235 1158 2303 cujusmodi
1188 2246 1316 2292 sunt
1338 2236 1528 2292 Latina
1559 2237 1670 2293 fere
1692 2240 1941 2293 Coruarii
1964 2279 1979 2300 ,
2007 2237 2165 2307 cujus
2196 2252 2295 2291 nos
2321 2237 2509 2303 utique
2531 2232 2743 2289 similes
2770 2245 2893 2286 esse
2922 2228 3184 2283 nolimus.
3217 2225 3313 2278 Sin
3337 2238 3428 2275 or-

171 2325 356 2369 natum
404 2328 569 2388 atque
616 2322 824 2378 cultum
881 2328 1163 2394 adhibeas,
1201 2330 1254 2384 id
1302 2333 1420 2386 sine
1454 2348 1649 2401 magna
1694 2332 2088 2389 sententiarum
2129 2333 2556 2387 commutatione
2599 2330 2848 2384 obtinere
2887 2327 2972 2380 vix
3020 2322 3428 2394 possis.Altcra

171 2417 339 2457 causa
370 2415 455 2460 est
488 2410 633 2478 quod
662 2411 828 2467 iidem
859 2415 935 2468 illi
968 2415 1253 2487 Epiphanii
1282 2420 1406 2476 libri
1432 2422 1645 2477 mendis
1673 2437 1738 2478 ac
1770 2423 2000 2478 maculis
2032 2432 2243 2477 scatent
2270 2421 2572 2477 innumeris
2605 2439 2615 2473 :
2644 2435 2765 2489 qua:
2794 2436 2900 2473 nun
2940 2418 3099 2472 modo
3130 2416 3440 2485 infringunt,

169 2490 486 2560 interpretis
516 2508 796 2569 conatum,
835 2505 927 2559 sed
956 2507 1021 2560 ad
1062 2508 1429 2573 divinationes
1460 2527 1525 2566 ac
1557 2512 1877 2567 temerarias
1922 2512 2194 2577 interdum
2222 2512 2572 2582 conjecturas
2603 2511 2832 2580 adigunt
2861 2526 2875 2561 :
2900 2509 3029 2562 dum
3064 2521 3133 2561 ne
3161 2520 3427 2576 suspensa

166 2598 235 2633 ac
277 2585 466 2638 mutila
498 2594 759 2648 sententia
794 2596 1152 2666 relinquatur,
1200 2603 1466 2672 supplere
1500 2603 1666 2658 multa
1700 2603 1767 2659 de
1792 2618 1913 2667 suo,
1950 2612 2046 2658 aut
2068 2603 2226 2659 aliter
2263 2613 2427 2674 atque
2462 2604 2605 2658 edita
2632 2610 2793 2667 sunt,
2822 2600 3170 2656 couformare
3188 2598 3424 2668 cogitur.

154 2674 228 2725 Ὶιι
264 2691 375 2744 ί]υο
404 2688 459 2733 ut
488 2692 784 2744 acute,non
810 2703 983 2755 pauca
1014 2700 1068 2744 et
1096 2692 1325 2747 solerter
1350 2692 1609 2755 inveniat,
1649 2693 1863 2747 aberret
1897 2701 2076 2748 tamen
2107 2693 2407 2758 interdum,
2433 2708 2599 2762 seque
2635 2688 3112 2746 criminationibus
3147 2689 3378 2743 istorum
3404 2726 3420 2752 ,

162 2780 305 2831 quos
338 2767 447 2823 dixi
467 2808 486 2835 ,
520 2784 576 2827 et
600 2775 898 2833 calumniis
946 2782 1188 2850 objiciat.
1222 2782 1361 2839 Vicit
1386 2784 1744 2839 nihilominus
1770 2786 2011 2854 privatas
2043 2788 2282 2841 rationes
2305 2785 2442 2840 bene
2468 2785 2534 2839 de
2565 2791 2619 2838 te
2641 2824 2657 2849 ,
2690 2781 2956 2838 catholico
2998 2779 3222 2843 Lector,
3253 2779 3427 2847 deque

166 2856 422 2917 Ecclesiae
457 2877 628 2920 causa
681 2874 926 2928 merendi
958 2876 1220 2932 studium.
1278 2876 1420 2934 Vicit
1435 2893 1610 2941 novae,
1639 2878 1966 2949 jampridem
1997 2896 2026 2934 a
2063 2859 2163 2936 me.
2185 2880 2315 2935 data
2354 2879 2488 2935 fides
2521 2877 2802 2943 editionis,
2836 2891 2900 2931 ac
2923 2874 3183 2946 promissi
3212 2873 3423 2943 religio.

161 2952 299 3009 Nam
335 2964 390 3010 et
422 2967 512 3013 tua
544 2970 706 3031 atque
735 2962 987 3020 Ecclesia:
1030 2969 1340 3023 communis
1380 2970 1676 3034 intererat,
1725 2985 1863 3040 opus
1906 2970 2072 3034 illud,
2098 2970 2243 3040 quod
2273 2971 2340 3025 ad
2374 2969 2659 3025 diluendas
2686 2968 2921 3023 haereses
2961 2981 2993 3020 a
3022 2964 3343 3037 gravissimo
3372 2975 3425 3019 et

162 3047 515 3103 sanctissimo
547 3050 709 3107 Patre
728 3053 932 3113 Graecis
976 3067 1062 3114 est
1085 3059 1290 3114 editum
1316 3099 1331 3124 ,
1369 3060 1669 3131 quemlibet
1701 3062 1882 3133 potius
1916 3063 2272 3132 interpretem
2301 3061 2503 3117 habere
2542 3074 2712 3131 quam
2745 3058 3062 3115 hmrcticum
3094 3075 3107 3111 :
3140 3066 3191 3112 et
3228 3059 3296 3112 ad
3326 3073 3412 3111 re-

160 3138 337 3193 centis
367 3139 625 3197 editionis
653 3144 1005 3213 splendorem
1040 3146 1324 3213 attinebat,
1355 3152 1698 3206 commodius
1724 3150 2004 3220 aliquanto
2029 3188 2045 3214 ,
2087 3149 2271 3204 minus
2298 3157 2444 3205 certe
2464 3147 2696 3201 barbare
2724 3155 2778 3201 et
2802 3145 3089 3217 iniquitate
3113 3146 3421 3215 loquentem

158 3226 552 3300 Epiphanium,
592 3233 804 3294 Latinis
832 3241 1058 3298 auribus
1085 3257 1194 3297 non
1225 3253 1482 3314 suspecto
1507 3243 1578 3299 ab
1618 3251 1842 3300 auctore
1866 3242 2157 3299 committi.

230 3321 416 3381 Habes
437 3342 561 3395 qua:
590 3328 724 3382 mihi
762 3345 943 3386 causa:
968 3331 1243 3387 tarditatis
1271 3330 1477 3387 fuerint
1506 3350 1521 3386 :
1557 3346 1832 3403 cognosce
1866 3349 2012 3389 nunc
2043 3343 2262 3389 caetera.
2298 3331 2663 3402 Epiphanium
2696 3332 2791 3386 tibi
2835 3330 3031 3385 damus
3075 3329 3283 3400 integra
3315 3329 3422 3397 pri-

158 3428 309 3468 mum
337 3416 447 3471 ﬁde
469 3432 535 3471 ex
565 3420 792 3475 vetustis
823 3422 1123 3485 codicibus,
1164 3423 1342 3493 quoad
1371 3423 1546 3487 licuit,
1572 3425 1895 3494 castigatum
1935 3440 1999 3480 ac
2026 3423 2380 3480 recensitum.
2409 3422 2615 3479 Horum
2657 3424 2911 3494 princeps
2951 3419 3248 3477 Vaticanus
3278 3417 3380 3473 fuit
3406 3438 3418 3473 :

154 3507 318 3576 cujus
368 3507 619 3567 diversas
654 3511 918 3570 lectiones
950 3514 1138 3570 Romae
1168 3515 1297 3571 olim
1342 3531 1373 3570 a
1419 3531 1477 3570 se
1507 3515 1764 3573 collectas
1799 3516 1867 3574 R.
1905 3516 1968 3571 P.
2005 3518 2253 3572 Andreas
2282 3516 2576 3581 Scbottus,
2615 3517 2731 3588 pari
2767 3517 2852 3571 vir
2883 3513 3222 3570 humanitate
3260 3520 3422 3581 atque

158 3599 473 3655 auditione
503 3602 764 3671 praeditus
813 3605 880 3659 ad
928 3621 1015 3661 me
1051 3615 1245 3677 sponte
1274 3608 1443 3663 misit.
1490 3608 1565 3662 Ex
1591 3623 1715 3678 quo.
1739 3610 2009 3679 permulta
2040 3620 2170 3665 sunt
2205 3625 2234 3669 a
2264 3610 2423 3666 nobis
2444 3620 2749 3681 opportune
2772 3609 3045 3664 restituta.
3085 3604 3331 3662 Accessit
3358 3620 3421 3660 ex

161 3689 497 3747 bibliotheca
522 3694 670 3763 regis
708 3692 1167 3753 Christianissimi
1197 3698 1555 3770 depromptus
1600 3700 1736 3755 alter
1758 3739 1773 3765 ,
1803 3714 1916 3769 quo
1946 3715 2069 3755 cum
2106 3700 2475 3756 Basileensem
2509 3700 2611 3770 ipsi
2634 3700 2991 3755 contulimus.
3024 3695 3099 3751 Ex
3137 3697 3421 3751 amborum

161 3781 505 3849 auctoritate,
551 3785 600 3839 si
657 3785 785 3856 quid
819 3788 875 3841 in
934 3796 1193 3843 contextu
1236 3789 1356 3858 ipso
1385 3800 1656 3845 mutatum
1700 3792 1961 3862 reperies,
1987 3793 2125 3847 scito
2154 3809 2275 3848 esse
2300 3793 2622 3863 profectum.
2663 3789 2891 3860 Reliqua
2914 3830 2929 3855 ,
2958 3805 3080 3860 quae
3116 3804 3183 3843 ex
3215 3786 3418 3857 judicio

159 3875 453 3929 nnendare
498 3874 658 3931 facile
681 3878 976 3946 potuimus,
1006 3889 1127 3935 utut
1151 3891 1306 3937 erant
1335 3882 1389 3936 in
1417 3881 1735 3947 Basileeusi,
1770 3883 2094 3954 reliquimus
2124 3902 2139 3938 :
2172 3892 2335 3953 atque
2373 3884 2439 3937 ad
2466 3897 2619 3936 oram
2650 3882 2762 3937 fere
2787 3882 3109 3951 paginarum
3144 3880 3413 3948 conjectu-

159 3976 276 4016 ram
316 3974 562 4020 nostram
593 3966 973 4045 ascripsimus,
1009 3970 1258 4041 quaedam
1291 3972 1345 4027 in
1393 3972 1895 4029 animadversiones
1940 3974 2295 4045 coniecimus.
2335 3975 2467 4028 Nam
2493 3983 2548 4028 et
2582 3968 3372 4029 animadversionibusnostris
3396 3996 3423 4031 ,ι

163 4054 269 4111 hoc
303 4065 390 4113 est
412 4043 758 4127 plenioribus
813 4061 961 4117 notis
993 4077 1058 4118 ac
1088 4078 1257 4134 prope
1285 4066 1720 4131 commentariis,
1755 4043 2121 4137 Epiphaniam
2153 4067 2506 4122 illustriorem
2540 4065 2898 4121 reddidimus.
2934 4062 2993 4118 In
3014 4062 3216 4133 quibus
3240 4077 3417 4131 (lllall-

156 4158 278 4202 tum
319 4165 351 4205 a
377 4168 465 4208 me
502 4154 576 4208 sit
603 4153 966 4220 elaboratum,
1006 4166 1270 4226 quatttum
1298 4173 1365 4212 ex
1406 4158 1727 4216 melioribus
1757 4160 2063 4216 derivatum
2087 4160 2307 4226 studiis,
2347 4176 2414 4214 ex
2450 4174 2507 4214 re
2536 4158 2652 4228 ipsa
2688 4156 2905 4211 facilius
2932 4168 3097 4226 quam
3135 4168 3255 4208 mea
3289 4168 3417 4206 ora-

158 4242 311 4296 tioue
358 4244 683 4315 perspicies.
732 4246 870 4301 Illud
912 4248 1133 4316 quidem
1187 4249 1580 4318 providendum
1609 4251 1888 4319 duximus,
1936 4265 1995 4306 ut
2040 4252 2299 4307 nearidae
2325 4267 2387 4306 ac
2417 4252 2619 4321 jejuna:
2640 4250 2804 4303 nimis
2829 4258 3035 4311 essent,
3064 4255 3119 4301 et
3141 4245 3409 4307 variarum

157 4330 456 4387 L-ctionunt
487 4336 659 4392 exiles
686 4338 933 4407 quaedam
964 4347 1141 4392 noue:
1172 4339 1266 4395 scd
1301 4340 1346 4394 si
1367 4341 1511 4410 quod
1554 4342 1778 4396 uberius
1804 4342 1947 4413 apud
1973 4341 2334 4411 Epiphaniam
2362 4348 2507 4395 esset
2544 4346 2966 4410 argumentum;
2994 4335 3042 4391 si
3074 4350 3182 4404 qua
3217 4333 3405 4403 paulu‘

158 4420 274 4474 lum
304 4422 541 4493 insignis
571 4428 827 4496 quaestio,
861 4428 1021 4497 cujus
1049 4428 1337 4485 difficultas
1366 4445 1491 4485 cum
1527 4429 1759 4486 utilitate
1788 4438 2068 4494 certaret,-
2089 4443 2154 4483 ea
2188 4444 2290 4484 nos
2332 4443 2429 4497 pro
2462 4442 2562 4481 usu
2593 4436 2861 4496 captuque
2884 4434 3071 4479 nostro
3099 4424 3323 4478 liberius
3351 4437 3413 4476 ac

153 4513 416 4573 diﬂusius
447 4522 820 4576 tractavimus.
842 4521 963 4588 Quo
997 4524 1049 4577 in
1082 4539 1277 4593 genere
1311 4527 1478 4579 multa
1508 4524 1618 4578 illic
1644 4525 1809 4580 habes
1838 4525 1906 4581 de
1926 4523 2133 4580 Natalis
2158 4524 2360 4580 Christi
2392 4533 2445 4578 et
2484 4521 2760 4578 Passionis
2791 4535 2935 4575 anno
2962 4534 3027 4575 ac
3061 4520 3147 4574 die
3178 4534 3192 4569 :
3217 4519 3282 4572 de
3308 4515 3412 4570 Pa-

156 4609 331 4664 schali
358 4626 570 4675 mense,
595 4614 662 4668 de
679 4610 991 4669 Judazorum
1015 4616 1189 4686 cyclo,
1223 4616 1293 4671 de
1315 4617 1539 4685 antiquo
1569 4617 1900 4688 poenitentia:
1939 4618 2069 4681 ritu,
2093 4616 2160 4671 de
2182 4614 2469 4670 Sirmiensi
2494 4624 2548 4669 et
2575 4614 2865 4684 Ancyrano
2893 4609 3163 4672 conciliis,
3185 4610 3254 4664 de
3276 4625 3412 4663 non-

155 4702 328 4757 nullis
368 4705 570 4760 veteris
604 4704 858 4760 Ecclesiae
886 4708 1151 4773 moribus,
1183 4707 1251 4762 de
1288 4707 1657 4764 Romanorum
1685 4709 1933 4779 imperat.
1957 4707 2310 4777 cbronologia
2330 4748 2343 4772 ,
2370 4715 2423 4760 et
2456 4706 2504 4760 id
2536 4720 2707 4776 genus
2729 4703 2852 4757 aliis
2879 4702 3163 4773 explicata.
3192 4700 3325 4767 Quae
3366 4708 3409 4759 si

155 4794 410 4862 longiora
441 4794 793 4859 videbuntur,
837 4796 961 4851 licet
987 4798 1447 4867 disputationibus
1467 4801 1597 4856 iisce
1629 4800 1934 4870 praeteritis,
1964 4815 2197 4868 quarum
2226 4800 2430 4854 ideirco
2461 4799 2673 4854 titulum
2701 4796 3020 4868 paginarum
3048 4794 3219 4851 initiis
3241 4797 3408 4849 ascri-

153 4885 395 4951 psimus,
442 4903 511 4941 ea
552 4889 806 4961 deligere,
841 4906 963 4961 quae
1021 4892 1085 4945 ad
1144 4891 1500 4962 Epiphanium
1561 4894 1678 4948 sine
1728 4891 2025 4947 offensione
2068 4884 2490 4961 percurrendum
2527 4889 2837 4947 necessario
2870 4888 3227 4959 precipienda
3260 4899 3405 4949 sunt,

153 4976 487 5049 Quanquam
516 4983 786 5052 ejusmodi
813 4983 926 5040 fere
951 4980 1040 5039 illa
1075 5000 1199 5041 esse
1229 5000 1544 5057 cegnosccs,
1583 4997 1641 5040 ut
1666 5002 2061 5057 sapervacanea
2091 4997 2185 5041 aut
2222 4986 2399 5040 alieno
2435 4984 2611 5054 posita
2647 4983 2766 5039 loco
2804 4980 2977 5036 videri
3013 4990 3301 5049 nequeant.
3331 4979 3405 5032 Ita

152 5070 491 5143 ﬂetumque
512 5076 827 5144 perplexum
855 5085 1020 5147 atque
1047 5092 1246 5147 anceps
1268 5086 1370 5143 est,
1398 5078 1542 5148 quod
1562 5078 1632 5133 ab
1681 5078 1983 5149 Epiphanio
2011 5078 2354 5149 preponitur,
2382 5086 2786 5146 argumentum,
2821 5080 2878 5126 ut
2906 5071 2973 5126 ad
2999 5071 3407 5143 intelligentimn

150 5163 245 5215 sui
280 5164 561 5235 aliquanto
592 5168 756 5223 etiam
790 5168 946 5238 plura
979 5184 1145 5240 quam
1175 5185 1203 5223 a
1240 5170 1397 5225 nobis
1419 5179 1549 5226 sunt
1574 5172 1735 5228 allata
1774 5172 2067 5229 desideret.
2104 5200 2111 5208 -

224 5252 371 5310 Illud
401 5272 529 5312 vero
558 5267 838 5328 postremo
870 5262 936 5315 ad
961 5257 1246 5330 Epiphanii
1275 5261 1653 5317 tractationem
1681 5263 2033 5319 commodum
2063 5260 2327 5323 accessit,
2356 5268 2434 5323 ut,
2466 5257 2726 5329 quoniam
2770 5257 3043 5329 longiores
3068 5256 3419 5328 singularum

151 5348 434 5402 har-esum
466 5349 867 5419 disputationes
895 5361 1045 5418 sunt,
1062 5366 1128 5408 ac
1158 5362 1418 5422 perpetuo
1449 5368 1612 5409 cursu
1649 5353 1933 5416 orationis,
1997 5353 2114 5407 sine
2164 5351 2272 5405 ulla
2323 5348 2760 5419 interspiratione
2788 5364 2853 5404 ac
2893 5348 3242 5405 distinctione
3276 5357 3433 5398 con-

147 5449 350 5504 texta,
373 5449 554 5499 certas
585 5441 641 5496 in
663 5451 865 5513 partes,
891 5459 956 5500 ac
980 5443 1144 5499 veluti
1178 5444 1353 5514 capita
1390 5444 1636 5499 haeresim
1666 5459 2108 5515 unamquamque
2138 5443 2499 5498 tribueremus
2530 5460 2544 5497 :
2576 5443 2776 5512 quibus
2806 5442 3111 5498 numerales
3151 5442 3217 5497 ad
3252 5445 3452 5492 oram

148 5540 326 5585 notas
373 5533 746 5603 apposuimus.
798 5534 933 5602 Qua:
972 5550 1061 5591 res
1096 5550 1202 5590 non
1250 5536 1539 5605 legentium
1570 5538 1743 5590 solum
1779 5537 2054 5594 fastidium
2087 5536 2410 5603 sublcvabit,
2440 5535 2532 5591 sed
2561 5534 2629 5588 ad
2661 5536 2878 5590 citanda
2904 5536 3211 5592 testimonia
3242 5535 3406 5587 cuIn
3428 5544 3461 5555 ⁴

146 5623 359 5691 primis
389 5624 494 5679 erit
541 5624 809 5694 expedita.
843 5624 981 5680 Nam
1017 5625 1231 5695 quoties
1258 5641 1324 5680 ex
1363 5625 1543 5693 aliqua
1571 5623 1852 5696 Epiphanii
1882 5626 2088 5683 llatrcsi
2125 5634 2422 5683 auctoritas
2446 5625 2795 5698 producitur,
2823 5627 2869 5681 si
2907 5626 3080 5692 illam,
3113 5627 3188 5680 uti
3212 5623 3303 5682 lit,
3338 5620 3487 5662 *θ’

144 5736 195 5769 ιι
222 5733 504 5787 urescere
528 5719 785 5782 volueris,
818 5730 929 5777 tota
963 5720 1082 5780 tibi,
1116 5734 1236 5788 qmt‘.
1263 5732 1650 5785 nonnunquam
1683 5728 1763 5774 cst
1800 5720 2086 5789 intumusa,
2120 5720 2477 5791 prrvulvrnda
2514 5717 2808 5787 disputatio
2842 5727 2942 5771 cst.
2973 5717 3125 5773 Nunc
3153 5706 3501 5774 nolal’u‘“
