3972 6070
562 318 630 374 t9
1834 315 2257 374 TESTIM‘ONIA
2302 316 2653 374 veranum.
3629 371 3632 373 Α
3732 316 3793 369 ιο

561 434 777 489 illarum
806 430 1153 501 capitumque
1175 430 1498 501 compendio
1526 429 1672 496 licet,
1699 444 1807 484 non
1835 437 2042 484 tantum
2071 444 2177 499 qua
2208 445 2273 484 ex
2299 430 2494 485 haeresi
2522 430 2703 485 locum
2733 429 2887 485 illum
2911 428 3223 494 adduxeris,
3246 427 3342 485 sed
3364 427 3530 483 etiam
3557 433 3718 495 quoto
3734 442 3794 480 ex

563 523 786 579 haeresis
808 536 1059 586 numero,
1092 520 1172 575 vel
1206 520 1478 575 ascribere
1506 520 1686 589 ipsum
1720 520 1805 574 vel
1829 519 2125 589 ascriptum
2175 519 2244 574 ab
2275 520 2398 575 aliis
2444 521 2597 576 nullo
2644 521 2861 590 negotio
2896 520 3156 590 reperire.
3198 518 3355 585 Quod
3384 518 3430 574 si
3461 516 3595 571 mihi
3626 517 3678 572 id
3705 532 3794 572 oc-

562 615 828 670 currisset
864 613 1037 680 initio,
1064 612 1132 668 de
1158 627 1288 682 quo,
1320 611 1512 669 allecto
1537 613 1649 684 jam
1680 627 1861 683 opere,
1891 612 2111 667 venitiu
2146 619 2404 679 mentem,
2428 614 2590 668 etiam
2622 612 2947 669 Basileensis
2973 612 3228 669 editionis
3257 611 3485 682 paginas
3509 610 3577 665 ad
3607 612 3797 678 margi-

561 722 686 762 nem
712 714 912 763 nostra:
939 706 1104 776 hujus
1129 706 1482 770 addidissem,
1507 715 1726 777 propter
1753 720 1849 762 eos
1889 705 2142 762 videlicet
2183 716 2437 763 auctores
2459 748 2475 773 ,
2511 708 2606 778 qui
2644 723 2769 763 cum
2805 705 3094 775 Epiphanii
3138 706 3318 760 locum
3358 703 3598 773 aliquem
3627 701 3795 770 prole-

560 810 709 865 runt,
740 800 1061 872 paginarum
1091 799 1280 854 eadem
1309 816 1378 855 ex
1404 798 1645 855 editione
1666 814 1956 855 numerum
1974 799 2181 854 utiliter
2200 788 2485 855 adnatant.
2507 798 2689 866 Quare
2715 798 2863 854 istud
2888 797 2942 852 iu
2971 797 3077 852 alia
3094 836 3109 863 ,
3139 796 3187 852 si
3211 811 3298 852 res
3320 795 3507 853 tulerit
3524 832 3540 860 ,
3564 794 3799 851 editione

561 892 872 948 faciendum
893 891 1182 960 suaserim.

633 984 717 1047 Tu
749 983 933 1050 velim,
962 983 1229 1041 catholice
1261 1000 1328 1041 ac
1360 983 1592 1040 candide
1616 981 1814 1039 Lector
1856 983 2055 1054 (neque
2071 982 2217 1037 enim
2236 982 2487 1053 pluribus
2514 991 2565 1039 te
2580 980 2844 1054 detineo),
2862 981 2930 1038 ad
2951 981 3093 1037 hanc
3112 980 3543 1036 lucubrationem
3562 987 3799 1035 nostram

560 1080 642 1136 sic
674 1078 925 1145 accedas,
954 1086 1015 1134 ut
1042 1077 1331 1150 intelligas,
1360 1093 1537 1149 neque
1574 1078 1710 1133 nihil
1748 1093 1780 1133 a
1814 1079 1975 1135 nobis
2003 1094 2125 1136 esse
2151 1087 2437 1150 peccatum
2469 1095 2484 1132 :
2511 1086 2565 1132 et
2592 1066 2640 1132 si
2666 1091 2790 1147 quae
2823 1076 2879 1130 in
2902 1075 2993 1130 illa
3031 1076 3328 1131 commissa
3361 1073 3794 1145 deprehenderis,

558 1189 624 1228 ea
653 1170 903 1243 pluribus
929 1184 1054 1226 cum
1088 1169 1250 1225 bonis
1279 1188 1294 1225 :
1331 1169 1376 1226 si
1395 1169 1557 1225 modo
1585 1169 1743 1239 plura
1774 1170 1905 1224 mihi
1933 1171 2075 1226 bona
2101 1179 2232 1225 sunt
2265 1188 2278 1225 :
2312 1177 2407 1225 aut
2430 1169 2735 1240 aequalibus
2753 1207 2769 1229 .
2805 1166 3224 1237 paucioribusve
3253 1180 3574 1235 compenses
3599 1181 3613 1216 :
3641 1172 3803 1233 atque

561 1264 647 1319 bis
698 1263 899 1327 fruare,
949 1261 1057 1317 illis
1094 1262 1311 1317 veniam
1354 1262 1565 1318 tribuas
1615 1278 1628 1315 :
1674 1278 1773 1333 pro
1827 1263 2085 1333 aequitate
2138 1271 2230 1316 tua
2291 1262 2528 1331 denique
2573 1261 2781 1329 majora
2823 1268 2878 1314 et
2924 1258 3140 1313 utiliora
3172 1258 3429 1325 deinceps
3466 1272 3499 1312 a
3526 1255 3679 1311 nobis
3709 1270 3803 1312 es-

558 1364 791 1427 spectes.

815 1684 962 1774 DE
1036 1680 1710 1774 EPIPHANIO
1785 1661 2367 1778 VETE’BUM
2442 1678 2896 1774 ELOGIA
2972 1673 3549 1784 QUIEDAM.

2149 1900 2221 1913 —

1464 2023 1818 2098 Hieronymus
1840 2026 1977 2081 libro
2008 2024 2086 2082 De
2105 2025 2465 2114 scriptoribus
2491 2025 2897 2082 ecclesiasticis.

632 2136 991 2207 Epiphanius,
1013 2133 1173 2208 Cypri
1205 2133 1494 2190 Salamina‘.
1524 2137 1835 2209 episcopus,
1864 2136 2087 2208 scripsit
2115 2138 2408 2194 adversum
2430 2153 2622 2195 omnes
2664 2140 2897 2195 haereses
2929 2138 3097 2193 libros
3116 2179 3130 2200 ,
3156 2146 3209 2193 et
3240 2138 3411 2192 multa
3436 2137 3562 2205 alia,
3591 2154 3713 2208 qua:
3745 2138 3804 2199 ai

566 2229 796 2284 eruditis
824 2221 1045 2299 propter
1076 2240 1185 2288 res.
1220 2241 1252 2280 a
1281 2226 1708 2297 simplicioribus
1733 2237 1955 2298 propter
1979 2229 2143 2284 verba
2176 2229 2510 2284 lectitantur.
2544 2229 2802 2299 Superest
2855 2244 3028 2298 usque
3056 2229 3215 2285 hodie
3234 2269 3250 2295 ,
3280 2240 3334 2285 et
3377 2229 3430 2284 in
3454 2237 3696 2284 extrema
3729 2244 3804 2285 sei

561 2331 779 2379 nectute
810 2325 961 2380 varia
991 2328 1143 2384 cudit
1172 2344 1362 2399 opera.

1563 2421 1715 2476 Idem
1746 2422 1993 2493 apologia
2031 2424 2262 2478 secunda
2297 2423 2502 2478 Contra
2533 2421 2814 2478 Ruﬁnum.

631 2506 752 2563 Non
784 2509 882 2565 tibi
908 2510 1105 2568 suﬂlcit
1131 2513 1337 2583 passim
1385 2522 1575 2569 contra
1611 2529 1804 2569 omnes
1842 2515 2141 2580 detractio,
2168 2514 2277 2570 nisi
2320 2514 2627 2584 specialiter
2658 2525 2846 2571 contra
2897 2515 3111 2571 beatum
3149 2522 3203 2569 et
3264 2512 3533 2583 insignem
3556 2509 3804 2565 Ecclesia

556 2598 901 2654 sacerdotem
927 2600 1049 2672 styli
1091 2603 1169 2657 tui
1196 2603 1441 2659 lanceam
1471 2604 1714 2674 dirigas?
1740 2602 1876 2670 Quis
1899 2604 2010 2669 ille,
2037 2605 2130 2675 qui
2153 2605 2304 2661 velut
2332 2605 2715 2660 necessitatem
2743 2604 3147 2675 evangelizandi
3171 2619 3265 2673 per
3297 2618 3486 2657 omnes
3512 2611 3699 2673 gentes
3719 2645 3733 2667 ,
3761 2614 3804 2658 ei

560 2705 654 2760 per
687 2706 880 2749 omnes
918 2693 1133 2765 linguas
1166 2695 1364 2752 habere
1413 2712 1473 2754 se
1513 2707 1668 2770 putat
1693 2699 1761 2754 de
1798 2696 2032 2769 Origene
2068 2701 2210 2755 male
2241 2698 2537 2769 loquendi:
2573 2701 2665 2769 qui
2702 2715 2794 2755 sex
2822 2699 2990 2753 millia
3032 2699 3295 2753 librorum
3333 2696 3449 2767 ejus
3495 2711 3553 2750 se
3576 2690 3784 2766 legisSe

558 2782 967 2851 quamplurima
1000 2784 1228 2841 fratrum
1258 2787 1604 2844 multitudine
1642 2788 1911 2853 audiente,
1947 2791 2230 2844 confessus
2255 2788 2378 2845 est?
3120 2775 3129 2781 ”

635 2875 787 2931 Mox.
813 2874 1046 2930 Crimini
1076 2879 1124 2933 ei
1155 2879 1397 2936 dandum
1430 2890 1533 2949 est,
1577 2878 1749 2954 qu'are
1778 2880 2049 2951 Graecam,
2075 2880 2294 2952 Syram,
2326 2889 2383 2936 et
2433 2877 2712 2935 Hebraeam
2737 2921 2752 2946 ,
2778 2888 2833 2934 et
2854 2877 3236 2949 Egyptiacam
3258 2877 3524 2949 linguam,
3559 2892 3625 2931 ex
3660 2886 3804 2946 parti

557 2977 616 3022 et
650 2965 901 3021 Latinam
930 2969 1166 3035 noverit,
1194 2980 1280 3026 etc
2260 2958 2279 2965 Α

634 3056 875 3112 Meminit
902 3066 951 3112 et
980 3062 1216 3129 passim,
1252 3072 1311 3117 ut
1337 3064 1391 3118 in
1420 3062 1669 3134 Epistola
1706 3053 1771 3119 61
1810 3071 1994 3117 contra
2023 3061 2285 3118 Joannem
2300 3061 2590 3129 Hierosol.,
2622 3063 2675 3116 in
2704 3060 2993 3134 Epitaphio
3016 3063 3215 3129 Paulae,
3247 3063 3304 3116 in
3337 3059 3456 3116 Vita
3490 3059 3804 3126 Hilarionis.

557 3158 609 3203 ct
638 3150 764 3204 aliis
786 3151 846 3205 in
878 3150 1032 3209 locis.
2324 3152 2329 3155 ’

1432 3253 1764 3323 Augustinus
1798 3254 1930 3307 libro
1956 3254 2031 3308 De
2060 3252 2374 3318 hzeresibus,
2411 3252 2477 3307 ad
2505 3250 2955 3317 Quodvultdeum.

633 3355 821 3431 Usque
848 3361 916 3415 ad
946 3361 1076 3418 istos
1103 3377 1232 3433 ergo
1265 3360 1340 3417 De
1366 3362 1651 3419 hwresibus
1687 3381 1824 3436 opus
1842 3382 2000 3420 suum
2030 3365 2280 3435 perduxit
2307 3365 2652 3434 supradictus
2682 3362 3044 3434 Epiphanius,
3073 3366 3361 3435 episcopus
3389 3366 3641 3437 Cyprius,
3672 3381 3804 3436 aput

561 3447 785 3505 Graecos
815 3451 957 3507 inter
987 3468 1216 3525 magnos
1246 3455 1483 3525 habitus,
1515 3472 1568 3514 et
1601 3476 1631 3514 a
1661 3462 1847 3516 multis
1873 3460 1925 3514 in
1957 3460 2237 3514 catholica:
2262 3460 2383 3515 ﬁdei
2408 3462 2641 3515 sanitate
2668 3459 2940 3514 laudatus.

635 3537 842 3595 Cretera
869 3559 986 3612 qua:
1009 3543 1073 3599 de
1100 3545 1390 3618 Epiphanii
1415 3567 1564 3620 opere
1592 3553 1770 3607 eodem
1796 3555 1851 3607 in
1890 3552 2025 3606 libro
2054 3550 2423 3607 commemorat
2451 3552 2799 3623 Augustinus,
2832 3552 2884 3605 in
2921 3550 3159 3621 Epistola
3182 3568 3342 3620 supra
3365 3569 3395 3605 a
3429 3556 3575 3608 nobis
3616 3554 3804 3609 allata

564 3642 616 3686 σε
637 3647 861 3688 excussa
899 3645 1041 3690 sunt.

1808 3713 2130 3769 Sozomenus
2164 3714 2254 3769 lib.
2289 3730 2384 3777 vn,
2409 3730 2453 3768 c.
2482 3713 2571 3766 26.

576 3824 580 3827 Α
634 3795 738 3851 Per
771 3794 912 3851 idem
948 3801 1527 3874 wmpungpiphanius
1556 3806 1985 3876 metrOpolitanaa
2025 3806 2139 3878 Cy-

2315 3806 2453 3877 Περὶ
2479 3805 2537 3860 δὲ
2573 3804 2763 3858 τοῦτον
2791 3805 2881 3858 τὸν
2909 3804 3097 3876 χρόνον
3114 3805 3209 3856 καὶ
3248 3805 3561 3872 Ἑπιφάνιος
3588 3803 3692 3873 τῆς
3719 3805 3803 3858 [in

562 3880 810 3948 priorum
860 3880 1116 3940 Ecclesia:
1166 3888 1414 3956 praeerat.
1444 3887 1617 3954 Quem
1673 3906 1782 3945 non
1828 3893 1991 3947 modo
2022 3893 2130 3948 vita

2247 3896 2421 3970 πρίων
2451 3896 2748 3950 ἐπεσκόπει
2776 3894 3161 3967 μητροπόλεως
3181 3915 3195 3928 ⁸
3228 3896 3286 3951 ὃν
3312 3897 3373 3949 οὐ
3410 3898 3568 3966 μόνον
3590 3898 3660 3951 τὰ
3695 3918 3803 3970 περ

562 3971 899 4039 institutum,
923 3988 988 4029 ac
1016 3978 1288 4043 praeclarae
1317 3980 1544 4035 virtutes
1571 3981 1839 4053 insignem
1899 3985 2130 4039 reddide-

2242 3990 2340 4060 τὴν
2373 3988 2648 4043 πολιτείαν
2673 3989 2941 4059 ἐπίσημον
2974 3989 3067 4042 ἐπὶ
3086 3990 3307 4060 ἀρεταῖς
3337 3990 3638 4054 ἀπέδειξεν,
3686 3991 3802 4044 ἀλλ

562 4070 719 4127 runt;
761 4063 857 4118 sed
882 4070 939 4119 et
964 4065 1228 4121 miracula
1260 4067 1399 4137 ipsa,
1423 4084 1547 4138 qua:
1580 4073 1779 4140 partim
1813 4073 1936 4127 vivo
1966 4075 2130 4131 adbut

2244 4081 2338 4133 καὶ
2369 4082 2469 4133 ὅσα
2501 4079 2779 4151 παράδοξα
2807 4080 3007 4144 ζῶντος
3030 4082 3215 4145 αὑτοῦ,
3248 4083 3343 4135 καὶ
3376 4080 3513 4154 μετὰ
3540 4082 3803 4154 τελευτὴπ

563 4149 705 4218 ipso,
741 4152 938 4221 partim
972 4164 1097 4223 post
1119 4154 1240 4225 ejus
1267 4158 1475 4212 obitum
1509 4157 1652 4215 Deus
1694 4160 1748 4213 in
1775 4160 1947 4230 ipsius
1973 4162 2131 4216 bono-

2242 4170 2415 4241 τιμῶν
2464 4172 2554 4224 τὸν
2584 4149 2770 4243 ⁷ἄνδρα
2819 4173 2848 4223 ὁ
2902 4159 3034 4235 Θεὸς
3066 4149 3400 4226 ἐπετέλεσεν.
3469 4149 3803 4226 Ἀποθανόνε

563 4257 680 4334 rem
714 4244 901 4299 edidit.
934 4245 1149 4303 Mortuo
1177 4250 1321 4304 enim
1350 4249 1466 4314 illo,
1521 4250 1666 4321 quod
1723 4252 1903 4307 adhuc
1950 4268 2131 4322 super-

2247 4261 2376 4333 γὰρ,
2407 4260 2435 4313 ὂ
2464 4264 2540 4333 μὴ
2579 4261 2818 4333 περιόντι
2842 4261 3070 4334 ὑπῆρξε,
3109 4262 3264 4331 λόγος
3307 4265 3398 4317 ἐπὶ
3421 4263 3498 4334 τῷ
3526 4264 3687 4333 τάφῳ
3728 4264 3803 4316 αἱ

561 4332 690 4385 stite
728 4348 836 4388 non
865 4339 1187 4409 contigerat,
1222 4339 1365 4396 fama
1419 4353 1498 4398 est
1558 4343 1828 4414 hodieque
1870 4344 2129 4399 dmmonet

2248 4355 2340 4410 τοῦ
2389 4358 2553 4410 εἰσέτι
2605 4357 2700 4411 νῦν
2751 4356 3010 4426 δαίμονας
3055 4352 3469 4418 ἀπελαύνεσθαι,
3521 4354 3615 4407 καὶ
3652 4353 3803 4405 ἰάσει

564 4423 634 4479 ad
663 4425 784 4497 ejus
819 4428 1131 4498 sepulcrum
1161 4430 1360 4502 fugari,
1408 4448 1473 4488 ac
1514 4434 2132 4499 nonnullasgcurationes

2245 4448 2397 4511 τινὰς
2417 4449 2693 4518 γίνεσθαι.”
2716 4449 2804 4502 Ἐν
2829 4423 2872 4514 ᾧ
2902 4448 2997 4500 καὶ
3030 4446 3136 4510 ζῶν
3170 4444 3451 4514 ἐτύγχανε,
3482 4442 3653 4496 πολλὰ
3690 4442 3803 4496 θαι.

566 4515 709 4572 ﬁeri.
743 4516 847 4574 Sed
868 4530 924 4575 et
961 4522 1164 4577 viventi
1190 4524 1491 4578 etiamnum
1545 4526 1713 4580 multa
1756 4527 2001 4597 prodigia
2048 4527 2134 4582 tri-

1381 4540 1491 4578 tum
1545 4526 1713 4580 multa
1756 4527 2001 4597 prodigia
2048 4527 2142 4582 tri-
2251 4540 2420 4611 μάσια
2447 4541 2597 4612 αὐτῷ
2619 4539 2949 4605 ἀνᾳτιοέασι.

534 4669 539 4674 ,
568 4606 834 4665 buuntur.
872 4609 1003 4666 Vide
1030 4612 1221 4667 ibidem
1248 4614 1471 4684 reliqua.

639 4817 963 4875 Hentionem
989 4822 1221 4892 ejusdem
1252 4824 1381 4894 facit
1414 4834 1461 4879 et
1487 4824 1757 4891 Socrates,
1787 4825 1880 4880 lib.
1916 4842 1988 4888 νι,
2014 4842 2130 4893 cap.
2159 4825 2247 4893 10,
2275 4825 2361 4892 Η,
2393 4825 2448 4877 in
2476 4825 2701 4877 historia
2727 4823 3107 4893 Chrysostomi.
3151 4822 3471 4877 Sozomenus
3501 4833 3709 4888 quoque
3732 4818 3804 4871 ιη

569 4925 689 4977 νιιι,
720 4924 838 4980 cap.
869 4911 959 4977 ιι,
992 4920 1042 4968 et
1062 4929 1127 4968 ex
1150 4912 1261 4968 illis
1286 4912 1616 4986 Nicephorus
1652 4916 1744 4970 lib.
1771 4932 1893 4982 xm,
1922 4932 2040 4985 cap.
2096 4914 2185 4968 η.
2216 4915 2322 4969 Sed
2359 4914 2574 4967 cavendi
2607 4915 2770 4991 iidem
2813 4913 2896 4966 illi
2924 4914 3202 4983 scriptores
3230 4954 3243 4979 ,
3289 4913 3414 4964 dum
3460 4908 3795 4978 Epiphania

570 5003 804 5072 referunt
841 5002 1503 5075 Anthropomorphitarum
1549 5009 1701 5062 initio
1754 5009 1987 5079 dogntati
2032 5009 2370 5063 inhaerentem
2392 5048 2407 5072 ,
2452 5018 2501 5061 et
2526 5026 2572 5060 ,α
2598 5006 2878 5076 Theophila
2909 5024 3138 5061 errorem
3173 5005 3472 5065 detloctum,
3499 5003 3671 5056 cidem
3701 5019 3804 5070 pri

568 5105 749 5164 pterea
780 5095 1000 5165 favisse,
1029 5110 1186 5169 atque
1213 5099 1492 5171 Origenem
1543 5101 1844 5159 damnasse.
1904 5101 2123 5158 Fallunt
2161 5105 2299 5157 enint
2323 5142 2338 5168 ,
2391 5111 2483 5154 aut
2530 5101 2797 5172 falluntur
2837 5102 3077 5156 historici
3126 5102 3209 5156 illi
3257 5100 3471 5171 Origeni
3510 5099 3631 5168 plus
3670 5116 3804 5170 ωσι

569 5185 760 5251 dediti,
800 5196 852 5242 et
878 5205 996 5243 eam
1019 5191 1131 5243 viro
1164 5193 1498 5245 sanctissimo
1548 5209 1611 5247 ac
1638 5179 1943 5248 doctissimo
1991 5195 2315 5248 calumniam
2356 5204 2660 5265 aspergunt,
2686 5212 2845 5264 quam
2871 5192 3161 5248 Catholicis
3204 5195 3465 5261 imponere
3500 5192 3654 5261 vulgo
3695 5191 3800 5247 Or

571 5281 790 5351 genista:
816 5294 1227 5348 consueverant;
1259 5286 1337 5338 uti
1355 5286 1616 5353 nimirum
1658 5286 1825 5343 Deum
1846 5290 1910 5343 ab
1942 5288 2052 5343 illis
2090 5305 2429 5358 corporeum,
2465 5307 2527 5343 ac
2576 5292 2824 5345 membris
2859 5292 2969 5344 suis
3022 5292 3251 5344 humano
3315 5304 3453 5343 more
3492 5296 3803 5345 constante

573 5370 740 5442 fingi,
768 5371 1092 5440 impudenter
1132 5390 1441 5430 assererent.
1495 5377 1638 5432 Nam
1684 5380 1749 5433 ab
1782 5382 1921 5435 omni
1965 5381 2064 5434 hac
2121 5382 2322 5436 invidia
2348 5380 2706 5451 Epiphaniam
2742 5383 2976 5439 sublevat
3027 5382 3376 5451 Hieronymus
3401 5380 3625 5449 epistola
3653 5377 3728 5433 61
3783 5399 3804 5438 ε

572 5461 982 5521 Pammachium
1029 5478 1213 5522 contra
1261 5467 1524 5525 Joannem
1564 5469 1832 5528 Hierosol.
1892 5474 2013 5528 Vide
2044 5474 2284 5530 Annales
2328 5474 2530 5529 Baron.
2566 5492 2704 5530 anno
2739 5478 3035 5544 prtesertim
3081 5474 3186 5530 592
3226 5487 3275 5530 et
3308 5476 3430 5533 593.
3458 5472 3562 5530 Sed
3587 5483 3636 5527 et
3687 5478 3797 5532 ali

572 5556 836 5630 deinceps,
861 5560 916 5614 in
942 5562 1129 5632 quibus
1159 5563 1445 5635 Epiphanii
1469 5575 1613 5636 gesta
1642 5568 1993 5636 prosequitur.

1279 5662 1648 5734 [Meminerant
1676 5663 1787 5733 ejus
1812 5675 2063 5733 privterea
2100 5674 2147 5717 et
2178 5662 2410 5721 Nicwnw
2441 5664 2625 5735 synodi
2662 5664 2903 5718 secundm
2933 5660 3113 5733 Acha]
