3866 6066
252 277 327 334 as
510 250 513 253 ’
1397 284 1408 293 ο
1537 269 1599 325 s.
1641 264 1983 322 EPIPHANII
2024 264 2202 323 VITA.
3359 249 3413 287 ἰ
3446 261 3518 315 ac

255 391 425 448 αὑτοῦ
466 390 534 445 τὸ
578 390 699 454 πῶς
724 382 1008 461 διαθρέψαι
1039 387 1375 458 Ἐπιφάνιον,
1411 388 1505 462 καὶ
1531 385 1629 457 τὴν
1657 384 1842 440 τούτου

1950 384 2181 440 sollicita
2213 392 2378 450 esset,
2403 384 2677 455 quomodo
2709 383 3070 454 Epiphanium
3101 384 3293 449 aleret,
3328 393 3382 438 ct
3409 387 3527 456 ejus

259 487 533 560 ἀδελνρὴν,
583 486 771 556 ἐπειδὴ
818 486 1146 558 συμμέτρως
1189 484 1374 555 διῆγον
1423 482 1494 536 τά
1540 480 1846 552 σωματικά.

259 580 379 633 Τῶν
404 578 464 631 δὲ
489 578 732 649 ἐχόντων
757 575 1047 645 ὑποζύγιον
1074 577 1309 631 ἄτακτον
1353 573 1490 645 πρὸς
1523 572 1849 644 ὑπηρεσίαν,

262 663 415 721 εῐπεν
468 666 504 735 ή
563 666 752 735 μήτηρ
797 663 960 717 αὐτοῦ
1032 664 1168 735 πρὸς
1220 661 1565 732 Ἐπιφάνιον·
1611 659 1847 723 Τέκνον,

265 756 446 825 ἐπειδὴ
488 754 759 808 στένωσιν
790 755 918 825 ἡμῖν
947 753 1175 825 παρέχει
1216 755 1245 807 6
1284 749 1430 816 οἶκος
1457 751 1585 823 περὶ
1611 751 1710 814 τὰς
1742 767 1849 803 σω-

266 845 502 919 ματικάς
551 846 779 918 χρείας,
817 845 910 898 καὶ
958 844 1232 918 χρῄζομεν
1279 843 1573 916 ἐδωδίμων,
1616 842 1749 897 λάϐε
1789 843 1851 896 τὸ

262 936 560 1006 ὑποζύγιον
589 936 655 990 τὸ
679 935 739 990 ὃν
764 936 822 989 έν
856 934 936 1006 τῷ
959 936 1094 1006 οἴκῳ
1116 934 1274 1006 ἡμῶν
1293 951 1308 966 -
1353 934 1446 986 καὶ
1468 932 1670 986 ἄπελθε
1693 933 1752 985 ἐν
1778 934 1845 1002 τῇ

262 1028 575 1101 πανηγύρει
599 1067 616 1091 ,
650 1027 744 1082 καὶ
786 1026 1036 1097 πώλησον
1067 1026 1227 1081 αὑτό’
1257 1025 1353 1079 καὶ
1393 1025 1710 1095 ποιήσωμεν
1748 1025 1847 1094 τὴν

260 1119 417 1192 ήμῶν
446 1119 592 1190 πρὸς
619 1116 914 1190 διατροφὴν
939 1116 1144 1189 χρείαν.
1174 1117 1235 1168 '0
1254 1116 1311 1169 δὲ
1352 1115 1666 1184 Ἐπιφάνιος
1694 1110 1848 1167 εἶπεν

261 1209 396 1282 πρὸς
427 1210 531 1282 τὴν
569 1208 769 1263 ἑαυτοῦ
804 1208 1048 1280 μητέρα’
1079 1207 1302 1278 Μῆτερ,
1339 1206 1404 1260 σὺ
1424 1204 1729 1275 γινώσκεις,
1764 1204 1846 1257 ὅτι

261 1300 497 1355 ἄτακτον
536 1301 691 1353 ἐστιν
722 1299 785 1352 τὸ
830 1298 1123 1368 ὑποζύγιον
1149 1297 1342 1369 ἡμῶν·
1381 1298 1475 1351 καὶ
1519 1296 1701 1362 ἔσται,
1749 1295 1846 1349 ἐὰν

262 1392 477 1447 ἀπέλθω
497 1392 600 1445 ἐπὶ
629 1391 694 1445 τὸ
716 1391 1058 1462 διαωλῆσαι
1087 1390 1237 1457 αὐτὸ,
1262 1388 1460 1452 εἰδότες
1484 1387 1533 1441 oi
1557 1385 1848 1457 συναχθέν-

262 1500 349 1548 τες
375 1482 569 1553 ἂνδρες
612 1484 675 1535 ἐν
706 1482 783 1553 τῷ
822 1482 972 1553 τόπῳ
1008 1484 1200 1553 ἐκείνῳ
1247 1480 1343 1552 τὴν
1389 1479 1615 1547 ἀταξίαν
1656 1478 1842 1541 αὑτοῦ,

259 1573 675 1644 τιμωρήσονται
725 1589 791 1644 με
817 1572 1085 1641 λέγοντες,
1133 1574 1215 1626 ὅτι
1245 1571 1428 1626 Κακὸν
1456 1571 1616 1641 ἔχων,
1660 1568 1844 1631 κακῶς

263 1662 536 1733 ὑπομένῃς
568 1662 718 1716 κατὰ
748 1663 840 1716 τὸν
867 1663 1053 1734 νόμον.
1089 1657 1257 1717 Εἶπεν
1284 1662 1341 1715 δὲ
1361 1663 1394 1731 ή
1423 1661 1606 1731 μήτηρ
1642 1657 1807 1712 αὑτοῦ
1825 1674 1838 1687 ο

264 1753 494 1808 Ἀπελθε
517 1796 533 1820 ,
582 1755 780 1808 τέκνον
800 1771 813 1785 ·
861 1754 955 1808 καὶ
997 1756 1026 1808 6
1063 1752 1197 1818 Θεὸς
1234 1751 1346 1807 τῶν
1392 1752 1643 1823 πατέρων
1685 1749 1843 1821 ήμῶν

272 1842 520 1916 Ἀϐραὰμ
567 1843 672 1897 καὶ
725 1841 909 1897 Ἰσαὰκ
955 1844 1047 1897 καὶ
1099 1841 1292 1897 Ἰακὼὸ
1321 1841 1483 1898 δώσει
1520 1840 1733 1894 σύνεσιν
1766 1838 1844 1910 τῷ

260 1927 572 2005 ὑποζυγίῳ,
626 1934 778 1997 ὅπως
823 1933 911 1987 διὰ
955 1932 1051 1988 τοῦ
1105 1934 1414 2006 τιμήματος
1466 1930 1631 1986 αὐτοῦ
1682 1932 1844 2001 ¹ἡμεῖς

144 2014 151 2017 ⁷
258 2025 693 2098 διακονηθῶμεν.
728 2026 788 2079 ὐ
816 2025 873 2081 δὲ
911 2026 1223 2095 Ἐπιφάνιος
1260 2016 1726 2095 ἐπικαλεσάμενος
1751 2021 1843 2076 τὸν

258 2116 402 2185 Θεον,
448 2117 545 2171 τὸν
602 2116 767 2171 δόντα
797 2117 958 2188 χάριν
1005 2116 1087 2187 τῷ
1127 2118 1352 2171 Montius!
1393 2115 1660 2169 ἐπιτελεῖν
1704 2113 1843 2167 κατὰ

262 2208 552 2276 πρόσωπον
581 2208 790 2279 Φαραὼ
820 2207 888 2260 τὰ
925 2209 1128 2278 σημεῖα
1157 2208 1225 2261 τὰ
1255 2206 1507 2279 μέγιστα,
1549 2203 1840 2277 ἐπορεύθη,

258 2295 587 2366 βουλόμενος
616 2295 715 2366 τὴν
744 2294 990 2364 ὑπακοὴν
1011 2294 1112 2365 τῆς
1134 2293 1271 2357 ίδίας
1297 2293 1504 2365 μητρὸς
1533 2290 1841 2364 πληρῶσαι.

319 2385 392 2441 Β.
414 2386 544 2439 Καὶ
567 2386 633 2458 δὴ
666 2384 923 2439 εἰσελθὼν
950 2386 1030 2449 είς
1053 2384 1155 2458 τὴν
1187 2387 1516 2457 πανήγυριν,
1541 2385 1760 2454 ἐγένετο
1783 2385 1845 2438 τὸ

261 2474 556 2545 ὑποζύγιον
592 2476 655 2529 τὸ
684 2476 948 2540 ἄτακτον,
983 2474 1274 2539 εὔτακτον,
1322 2468 1421 2529 καὶ
1450 2474 1617 2546 πολλῇ
1667 2474 1846 2545 πραΰ-

262 2582 377 2636 τητι
404 2566 849 2638 κεκοσμημένον.
884 2564 1223 2638 Παρεγένετο
1244 2564 1302 2618 δέ
1331 2582 1414 2629 τις
1430 2565 1681 2629 Ἰουδαῖος
1705 2565 1843 2637 ἀνὴρ

262 2656 736 2727 πραγματευτὴς,
780 2656 1003 2726 ὀνόματι
1058 2653 1286 2709 Ἰακώϐ·
1352 2655 1446 2707 καὶ
1497 2650 1651 2708 εἶπεν
1707 2655 1845 2727 πρὸς

273 2745 610 2815 Ἑπιφάνιον·
642 2745 850 2810 Βούλει,
874 2745 1109 2809 παιδίον,
1142 2745 1203 2799 τὸ
1226 2743 1519 2815 ὑποζύγιον
1541 2745 1700 2800 τοῦτο
1728 2764 1844 2801 πω·

261 2833 446 2905 λῆσαις
489 2836 561 2889 '0
599 2835 658 2889 δὲ
699 2836 1012 2905 Ἐπιφάνιος
1057 2834 1250 2889 εἶπεν⁸
1302 2836 1449 2900 Ναὶ,
1494 2836 1703 2907 πάτερ·
1754 2834 1844 2889 διὰ

262 2925 412 2981 τοῦτο
461 2929 703 2999 ἐνήνοχα
744 2927 876 2981 αὑτὸ
919 2926 1172 2982 ἐνταῦθα.
1230 2927 1290 2980 '0
1333 2926 1393 2980 δὲ
1451 2925 1644 2981 Ἰακὼϐ
1689 2920 1842 2980 εἶπεν

264 3020 391 3091 πρὸς
423 3020 751 3110 Ἐπιφάνιον
768 3034 783 3048 ’
809 3019 977 3083 Ποίας
1003 3019 1301 3110 θρησκείας
1350 3018 1651 3092 ὑπάρχεις;
1700 3020 1757 3073 ’0
1785 3019 1842 3073 δὲ
1867 3052 1911 3110 C

276 3112 592 3183 Ἐπιφάνιος
632 3109 814 3165 εἶπενο
857 3111 1131 3175 Ἰουδαῖος.
1163 3108 1336 3166 Εἶπεν
1359 3112 1416 3166 δὲ
1453 3110 1644 3165 Ἰακώϐ
1663 3128 1676 3142 ·
1707 3110 1839 3165 Σύν-

264 3200 399 3256 εθνοι
446 3202 638 3266 ὄντες,
691 3202 766 3272 μὴ
810 3202 1085 3273 ἁμαρτίαν
1134 3203 1362 3275 μεσίτην
1411 3201 1663 3273 λάϐωμεν
1717 3201 1839 3256 καθ’

264 3294 487 3359 ἑαυτῶν,
526 3294 748 3348 τέκνον⁸
775 3293 911 3348 ἀλλὰ
942 3294 1150 3348 δικαίου
1181 3293 1316 3347 Θεοῦ
1351 3294 1506 3358 ὄντες
1541 3293 1841 3348 δικαιώσωο

269 3401 362 3454 μεν
390 3385 493 3456 τὴν
524 3383 619 3438 τοῦ
642 3383 941 3454 ὑποζυγίου
964 3385 1150 3457 τιμήν.
1184 3384 1275 3448 Ὦς
1303 3386 1439 3455 μήτε
1471 3385 1536 3439 σὺ
1557 3382 1836 3455 ἀδικηθῇς.

269 3476 397 3545 μήτε
436 3476 555 3545 ἐγὼ
596 3475 894 3547 ζημιωθῶο
942 3475 1017 3547 μὴ
1065 3475 1161 3529 καὶ
1200 3475 1446 3547 κατάρας
1489 3476 1702 3538 ἑαυτοῖς
1745 3476 1842 3527 ἑπ-

267 3568 578 3640 ενέγκωμιεν
626 3568 765 3641 μετά
807 3567 979 3623 ταῦτα
1001 3607 1017 3632 ,
1078 3567 1172 3621 καὶ
1222 3568 1589 3639 ἀγανακτήσει
1633 3570 1663 3621 6
1706 3567 1842 3632 θεὸς

268 3660 380 3713 καθ’
412 3660 603 3732 ήμῶνο
658 3659 797 3731 ἀλλὰ
847 3660 1047 3733 μᾶλλον
1098 3659 1350 3729 εὐλογίας
1374 3676 1389 3691 ·
1439 3661 1521 3714 ὅτι
1574 3655 1839 3717 sitat-'0

269 3745 532 3822 εὐλογῶν
555 3750 889 3822 εὐλογεῖται
920 3793 935 3817 ,
969 3751 1069 3806 καί
1099 3755 1133 3806 ὁ
1156 3751 1568 3822 καταρώμενος
1590 3750 1841 3820 καταρᾶ-

269 3860 374 3898 ται.
424 3844 696 3908 ’Δκούσας
734 3843 793 3898 δὲ
835 3842 1056 3897 ταῦταὸ
1099 3843 1433 3913 Ἐπιςράνιος,
1470 3843 1675 3916 σφᾲἶρα
1716 3845 1842 3913 ἐφο-

269 3935 398 4009 ϐήθη
428 3937 531 4009 τὴν
572 3936 898 4008 κατάκρισιν
944 3933 1040 3989 τοῦ
1100 3930 1316 4000 Ἰακὼϐ,
1370 3935 1464 3988 καὶ
1503 3931 1656 3989 εἶπεν
1706 3936 1841 4005 πρὸς

270 4029 456 4083 αὐτόν’
508 4028 707 4085 Οὑκέτι
740 4027 997 4099 βούλομαί
1041 4045 1124 4082 σοι
1171 4026 1506 4100 πιπράσκειν
1548 4028 1609 4081 τὸ
1642 4027 1842 4094 ὑποζύ-

271 4137 380 4188 γιον
420 4108 603 4176 τοῦτο.
660 4120 720 4175 Ὀ
759 4120 829 4174 δὲ’
864 4118 1058 4172 Ἰακὼϐ
1105 4116 1258 4174 εἶπεν
1308 4119 1445 4192 πρὸς
1488 4119 1837 4190 Ἐπιφάνιον’

271 4213 364 4266 Διὰ
405 4212 567 4268 ποίαν
611 4211 811 4272 αἰτίαν,
855 4205 901 4264 ὢ
925 4206 1174 4277 ’τέκνον;
1234 4209 1293 4263 ’0
1354 4210 1670 4278 Ἐπιφάνιος
1718 4206 1839 4265 εἶπε

274 4301 401 4372 πρὸς
440 4301 634 4355 αὐτόν’
672 4301 746 4354 Τὸ
785 4298 1080 4368 ὑποζύγιον
1119 4299 1312 4365 τοῦτο,
1353 4301 1564 4373 πάτερ,
1607 4301 1840 4357 ἄτακτύν

1953 493 2222 545 sororem,
2269 479 2713 549 quandoquidem
2743 486 2902 533 erant
2952 478 3180 533 modicae
3211 493 3404 532 eorum
3444 480 3525 534 fa-

1953 570 2203 625 cultates.
2234 567 2369 623 Cum
2391 584 2560 623 unum
2586 584 2717 624 vero
2739 570 3054 639 jumentum
3080 569 3345 625 baberent
3371 572 3525 625 indo-

1951 660 2168 727 mitum,
2217 660 2355 716 dixit
2415 672 2592 715 mater
2647 660 2994 731 Epiphanio:
3053 660 3203 727 Fili,
3268 661 3525 731 quoniam

1952 750 2155 805 familia
2200 759 2407 816 nostra,
2446 751 2498 806 in
2529 750 2597 807 iis
2632 767 2755 822 quae
2786 752 2853 806 ad
2872 752 3118 823 corporis
3158 768 3318 808 usum
3372 754 3535 822 perti-

1952 850 2103 908 nent,
2147 842 2305 897 nobis
2347 842 2548 913 praebet
2587 844 2889 912 angustias,
2924 853 2980 898 et
3008 844 3133 899 cibo
3178 844 3526 915 indigemus.

1949 934 2135 1004 accipe
2158 934 2487 1004 jumentum,
2521 934 2670 1004 quod
2709 943 2794 990 est
2833 935 2973 989 intra
3004 935 3223 990 domum
3257 944 3525 998 nostram.

1948 1034 2003 1079 et
2032 1025 2168 1079 vade
2211 1026 2279 1080 ad
2305 1026 2599 1091 nundinas,
2631 1039 2685 1081 et
2713 1027 2922 1082 vende:
2969 1034 3024 1080 ct
3058 1028 3130 1081 ita
3159 1027 3212 1081 id
3243 1027 3389 1096 quod
3420 1027 3525 1083 erit

1946 1116 2015 1169 ad
2048 1130 2149 1170 nos
2191 1116 2412 1172 alendos
2449 1118 2594 1181 usui,
2641 1118 3133 1187 suppeditabimus.
3187 1117 3525 1189 Epiphanius

1912 1254 1915 1259 .
1947 1213 2127 1260 autem
2163 1206 2300 1261 dixit
2336 1208 2494 1262 matri
2536 1222 2650 1263 suae
2683 1226 2696 1262 :
2751 1207 2876 1265 Seis
2920 1209 3228 1279 jumentum
3277 1219 3524 1266 nostrum

1947 1294 2127 1349 adhuc
2169 1297 2293 1351 ease
2343 1296 2690 1362 indomitum,
2752 1298 2952 1368 lietque
3006 1309 3064 1353 ut
3099 1300 3143 1353 si
3195 1315 3314 1353 eam
3357 1300 3423 1353 ad
3470 1300 3525 1355 id

1945 1387 2310 1452 vendendum,
2358 1389 2451 1458 qui
2486 1388 2542 1443 in
2585 1389 2678 1445 illo
2710 1390 2833 1444 loco
2865 1391 3181 1462 congregati
3225 1400 3410 1455 erunt,
3446 1394 3526 1445 vi-

1945 1480 2133 1537 dentes
2162 1481 2283 1550 ejus
2317 1481 2686 1548 insolentiam,
2732 1500 2819 1539 me
2848 1499 3008 1554 paena
3051 1485 3307 1551 alliciant,
3342 1485 3523 1540 dicen-

1948 1581 2071 1628 tes:
2104 1572 2240 1628 Cum
2285 1574 2488 1628 malum
2545 1574 2767 1641 habeas,
2815 1576 2957 1630 male
3012 1576 3236 1644 patieris
3279 1589 3347 1630 ex
3387 1576 3522 1646 lege.

1946 1663 2091 1718 Dixit
2114 1665 2165 1718 ei
2197 1674 2406 1719 mater:
2445 1664 2580 1727 Abi,
2624 1665 2734 1729 lili;
2780 1664 2919 1721 Deus
2953 1675 3171 1736 patrum
3208 1675 3525 1721 nostrorum

1948 1754 2197 1818 Abrahae,
2245 1753 2397 1809 Isaac
2424 1763 2480 1809 et
2514 1754 2706 1819 Jacob,
2754 1755 3004 1825 jumento
3035 1756 3187 1811 dabit
3216 1756 3527 1829 intelligen-

1948 1847 2073 1899 tiam
2097 1885 2113 1909 ,
2149 1853 2211 1900 ιιι
2236 1859 2330 1912 per
2356 1846 2476 1915 ejus
2509 1846 2741 1914 pretium
2790 1860 2890 1901 nos
2924 1854 3115 1901 nostro
3150 1847 3273 1901 usui
3314 1848 3527 1903 servia-

1945 1951 2089 1992 mus.
2141 1935 2480 2007 Epiphanius
2516 1944 2722 2002 autem,
2780 1935 2894 1992 Dco
2926 1937 3202 2002 invocato,
3250 1939 3342 2009 qui
3377 1938 3528 1993 dedit

1944 2025 2081 2081 Mosi
2145 2027 2401 2097 gratiam,
2458 2035 2519 2081 ut
2580 2027 2820 2082 maxima
2872 2029 3029 2099 signa
3085 2027 3291 2085 faceret
3337 2044 3526 2086 coram

1944 2115 2248 2180 Pharaone,
2284 2116 2560 2187 protectus
2588 2106 2692 2182 osi,
2720 2117 2908 2173 volens
2936 2116 3157 2173 obedire
3191 2119 3522 2176 matri'sua:.

2025 2380 2091 2435 ll.
2134 2382 2270 2437 Cum
2297 2381 2364 2436 ad
2395 2381 2672 2437 nundinas
2717 2392 2900 2437 autem
2925 2392 3070 2438 essu
3109 2383 3244 2455 ingrt
3264 2398 3408 2447 ssus,
3436 2397 3529 2438 ac-

1943 2473 2074 2529 cidit
2114 2481 2172 2528 ut
2205 2473 2516 2543 jumentum
2562 2474 2886 2531 indomitum
2938 2476 3092 2531 ﬂeret
3130 2475 3430 2545 placidum,
3473 2486 3529 2529 ιιι

1942 2563 2101 2618 valde
2149 2571 2517 2617 mansuetum.
2565 2561 2756 2617 Adfuit
2803 2571 2983 2618 autem
3039 2563 3261 2633 quidam
3306 2561 3527 2617 Judaus

1943 2655 2271 2727 negotiator,
2317 2655 2540 2710 nomine
2579 2653 2771 2719 Iacob,
2829 2656 2925 2726 qui
2976 2656 3117 2711 dixit
3170 2656 3526 2726 Epiphanio:

1949 2746 2063 2813 Vis,
2092 2762 2126 2802 ο
2154 2746 2228 2801 tili
2253 2785 2268 2812 ,
2305 2746 2540 2803 vendere
2572 2748 2675 2803 hoc
2713 2747 3064 2818 jumentum?
3103 2746 3253 2802 Dixit
3291 2747 3529 2816 Epipha-

1945 2839 2069 2894 nius
2101 2856 2115 2891 :
2148 2837 2401 2902 Maxime,
2439 2845 2614 2908 pater,
2643 2853 2707 2894 ea
2738 2839 2885 2894 cnim
2916 2841 2985 2894 de
3010 2853 3178 2913 causa
3207 2839 3259 2893 id
3301 2837 3524 2893 adduxi.

1946 2929 2303 2998 liespondcns
2336 2939 2541 2993 autent,
2573 2929 2711 2984 dixit
2750 2929 3092 3000 Epiphanio:
3134 2930 3432 3001 (Sujusnam
3466 2945 3527 2985 es

1945 3019 2266 3089 religionis?
2304 3018 2450 3074 Dixit
2498 3020 2840 3091 Epiphanius
2885 3039 2899 3076 :
2967 3007 3211 3077 Iudaeus.
3270 3020 3416 3075 Dixit
3475 3022 3526 3074 ei

1944 3110 2114 3167 Jacob
2144 3127 2159 3165 :
2189 3109 2328 3166 Cum
2353 3111 2530 3166 simus
2564 3112 2810 3187 ejusdem
2845 3113 3044 3183 gentis,
3086 3128 3195 3168 non
3234 3113 3395 3169 debet
3440 3114 3527 3166 in-

1947 3213 2028 3257 ter
2056 3218 2158 3258 nos
2192 3212 2474 3274 peccatum
2519 3203 2900 3261 intercedere:
2954 3206 3046 3261 sed
3089 3221 3215 3261 cum
3266 3206 3338 3262 sit
3385 3204 3527 3260 Deus

1950 3303 2135 3350 noster
2176 3293 2382 3365 justus,
2435 3293 2843 3350 constituamus
2876 3295 3087 3366 justum
3126 3296 3359 3365 jumenti
3402 3311 3525 3365 pre~

1947 3388 2105 3454 tium,
2133 3396 2195 3443 ut
2228 3402 2406 3458 neque
2448 3395 2504 3442 ttt
2539 3387 2740 3457 injuria
2776 3385 3051 3453 aﬂiciaris,
3096 3401 3196 3441 nec
3237 3400 3338 3455 ego
3379 3386 3530 3441 dam-

1946 3493 2075 3534 num
2107 3478 2288 3549 patiar
2319 3492 2429 3534 :ne
2462 3478 2755 3533 maledicta
2785 3485 2974 3548 postea
3011 3476 3169 3532 nobis
3204 3475 3525 3536 inferamus.

1946 3582 1999 3628 et
2024 3572 2168 3629 Deus
2200 3573 2360 3629 nobis
2412 3573 2716 3639 irascatur;
2749 3572 2841 3628 sed
2878 3572 3061 3642 potius
3098 3571 3527 3636 benedictioncs,

1945 3666 2208 3738 quoniam
2228 3666 2366 3723 dixit
2392 3667 2409 3699 ¹
2440 3685 2453 3721 :
2487 3666 2593 3732 Qui
2624 3648 2901 3729 benedicit,
2945 3656 3315 3726 benediceiur;
3346 3672 3395 3717 et
3435 3663 3527 3731 qui

1948 3759 2242 3823 maledicit,
2274 3767 2351 3814 est
2399 3758 2741 3834 maledicus.
2778 3756 2875 3813 His
2914 3765 3097 3811 autem
3144 3754 3366 3818 auditis,
3403 3751 3521 3822 Epi-

1945 3851 2185 3922 phanius
2221 3850 2378 3903 valde
2428 3849 2611 3903 timuit
2658 3847 3171 3902 condemnationem
3214 3846 3406 3909 Iacob,
3476 3853 3529 3898 et

1946 3941 2082 3997 dixit
2110 3939 2161 3995 ei
2192 3957 2207 3995 :
2249 3938 2386 3995 Nolo
2417 3939 2514 3993 tibi
2546 3937 2783 4008 amplius
2804 3935 3040 3991 vendere
3067 3936 3173 3991 hoc
3194 3936 3524 4006 jumentum.

1945 4032 2118 4089 Jacob
2149 4047 2278 4087 vero
2321 4030 2459 4086 dixit
2492 4029 2834 4101 Epiphanio:
2889 4026 3138 4095 Quanam
3174 4026 3241 4080 de
3271 4040 3455 4083 causa,
3493 4043 3527 4079 ο

1947 4124 2023 4179 llli
2047 4124 2071 4178 ?
2095 4121 2439 4195 Epiphanius
2478 4122 2617 4177 dixit
2650 4121 2700 4177 ei
2728 4139 2741 4175 :
2782 4118 2895 4176 Hoc
2922 4118 3257 4189 iumentum,
3290 4132 3324 4172 ο
3348 4124 3523 4186 pater.

1946 4220 2026 4271 est
2058 4216 2300 4271 insolens
2331 4220 2387 4269 et
2411 4212 2774 4277 indomitum;
2802 4209 3175 4265 acerbissimae
3209 4223 3338 4264 vero
3365 4206 3526 4262 famis

1949 4307 2213 4377 angustia:
2239 4304 2459 4361 subiere
2477 4304 2701 4358 domum
2732 4316 2932 4356 meam.
2957 4302 3242 4355 Estaulem
3265 4299 3397 4355 mihi
3419 4314 3528 4351 ma-

272 4393 432 4454 ἰστιν,
462 4393 556 4465 καὶ
592 4392 850 4454 στένωσις
883 4391 1213 4463 πικροτάτου
1242 4390 1403 4462 λιμοῦ
1434 4392 1752 4462 ἐπεισῆλθεν
1785 4394 1842 4446 ὲν

1950 4408 2030 4453 ter
2049 4407 2102 4452 et
2128 4411 2321 4462 soror;
2354 4404 2510 4465 pater
2556 4394 2701 4449 enim
2750 4408 2906 4449 meus
2951 4393 3187 4448 excessit
3218 4408 3249 4448 e
3281 4393 3389 4447 vita
3424 4394 3519 4445 bu-

273 4483 346 4554 τῷ
374 4485 504 4556 οἴκῳ
537 4501 638 4555 μου
660 4499 674 4513 ·
709 4483 944 4554 ὑπάρχει
977 4482 1085 4554 γάρ
1118 4500 1207 4554 μοι
1241 4483 1456 4554 μήτηρ,
1490 4482 1582 4536 καὶ
1615 4484 1838 4554 ἀδελφή.

283 4575 339 4627 Ὀ
367 4576 469 4647 γὰρ
499 4576 685 4647 πατήρ
714 4592 814 4647 μου
847 4574 1072 4644 ἐξῆλθεν
1098 4574 1192 4627 τὸν
1221 4572 1333 4644 βίον
1354 4573 1447 4627 τὸν
1479 4573 1835 4645 ἀνθρώπινον.

274 4669 378 4739 Τῆς
418 4664 512 4724 οὖν
559 4668 767 4741 μητρός
815 4685 917 4739 μου
946 4666 1161 4737 ἐγένετο
1189 4666 1437 4730 κέλευσις
1462 4666 1557 4719 τοῦ
1592 4668 1840 4739 πωλῆσαι

273 4760 328 4812 τὸ
361 4760 653 4831 ὑποζύγιον
683 4760 770 4814 διὰ
804 4761 905 4831 τὴν
937 4760 1127 4839 χρείαν
1175 4758 1284 4813 τῶν
1317 4757 1610 4830 ἐδωδίμων.
1644 4758 1760 4812 Νῦν
1784 4758 1842 4812 δὲ

273 4852 469 4923 ἥκουσα
518 4851 676 4927 παρὰ
724 4850 842 4917 σοῦ,
890 4852 1089 4925 πάτερ,
1136 4853 1218 4905 ὅτι
1250 4850 1420 4904 κακὸν
1455 4850 1518 4904 τὸ
1566 4849 1840 4904 καταϐλά-

275 4963 435 5010 πτειν,
462 4948 557 5001 καὶ
587 4943 865 5018 ἐφοϐήθην
889 4943 982 4998 τὸν
1009 4943 1163 5007 Θεὸν,
1195 4945 1405 5014 μήποτε
1427 4942 1713 5016 καταράσῃ
1749 4960 1836 5015 με,

1950 4503 2131 4543 mana.
2150 4486 2321 4543 Mater
2335 4501 2456 4541 mea
2480 4485 2669 4557 jussit,
2690 4484 3051 4540 utvenderem
3072 4483 3176 4539 hoc
3192 4484 3522 4553 jumentum,

1950 4591 2238 4651 propterea
2295 4579 2442 4651 quod
2503 4578 2628 4634 cibo
2678 4577 3077 4650 indigeremus.
3133 4572 3287 4630 Nunc
3342 4583 3522 4628 autem

1949 4672 2131 4727 audivi
2160 4688 2222 4727 ex
2254 4680 2325 4751 te,
2361 4680 2534 4741 pater,
2564 4670 2712 4741 quod
2758 4669 2962 4724 malum
3014 4668 3087 4722 sit
3134 4668 3393 4722 damnum
3446 4665 3527 4719 ali-

1949 4761 2132 4828 ferre;
2164 4774 2218 4818 et
2246 4763 2415 4818 Deum
2453 4762 2633 4828 timui,
2674 4778 2740 4816 ne
2766 4760 2908 4816 forte
2939 4768 2997 4816 tu
3039 4758 3175 4814 mihi
3208 4757 3523 4824 maledicas,

1949 4860 1998 4905 et
2034 4843 2238 4907 ille'me
2279 4852 2471 4922 puniat
2501 4859 2722 4920 propter
2770 4858 2918 4905 tuam
2966 4850 3021 4904 in
3058 4852 3153 4905 me
3188 4847 3526 4904 maledictio-

1949 4958 2097 4998 nem.

275 5041 362 5092 καὶ
404 5038 783 5112 τιμωρήσεταί
829 5055 895 5109 με
945 5040 974 5092 6
1011 5037 1144 5103 Θεὸς
1186 5037 1276 5092 διὰ
1314 5039 1416 5110 τῆς
1461 5037 1706 5109 κατάρας
1747 5038 1845 5110 τῆς
1881 5038 2178 5109 γενομένης
2205 5037 2283 5102 εἰς
2312 5037 2432 5108 ἐμέ.

340 5130 405 5187 Γ.
451 5132 718 5197 Ἀκούσας
764 5132 821 5187 δὲ
858 5132 1033 5187 ταῦτα
1080 5131 1105 5184 6
1141 5130 1367 5196 Ἰακὼϐ,
1412 5131 1718 5203 ἐθαύμασεν
1749 5133 1841 5187 ἐπὶ

280 5222 339 5291 τῇ
367 5223 656 5295 ἀποκρίσει
686 5223 781 5277 τοῦ
813 5223 1000 5286 παιδός
1018 5224 1139 5275 ’καὶ
1156 5221 1333 5275 λαδὼν
1356 5222 1483 5294 τρία
1506 5222 1839 5295 νομίσματα,

282 5310 465 5369 ἔδωκεν
502 5316 807 5386 Ἐπιφανίῳ
831 5355 847 5379 ,
883 5315 1000 5386 ἃμα
1046 5313 1142 5368 καὶ
1174 5313 1436 5379 τοιούτοις
1474 5312 1654 5383 λόγοις
1698 5313 1841 5368 διδά-

284 5415 411 5456 σκων
453 5404 617 5457 αὐτόν
637 5421 652 5433 ο
683 5403 907 5467 Τέκνον,
934 5403 1064 5456 λάὸε
1093 5401 1294 5474 ταύτην
1318 5403 1416 5474 τὴν
1450 5403 1719 5472 εὐλογίαν,
1747 5404 1841 5456 καὶ

288 5493 495 5563 πορεύου
526 5493 666 5564 πρὸς
699 5494 798 5565 τὴν
832 5493 929 5566 σήν
956 5494 1196 5566 μητέρα·
1235 5498 1326 5551 καὶ
1372 5494 1626 5558 εἰσοίσεις
1669 5496 1728 5549 ἐν
1764 5494 1842 5565 τῷ

353 5643 520 5702 ‘Gen.
550 5663 727 5714 xxvu,
753 5645 844 5701 29.

2017 5131 2104 5187 111.
2143 5132 2280 5189 Cum
2312 5133 2428 5189 haec
2463 5142 2645 5189 autem
2678 5132 2945 5188 audiisset
2971 5130 3160 5200 Jacob,
3187 5131 3418 5187 miratus
3442 5142 3524 5188 est

1948 5240 2271 5296 responsum
2318 5225 2509 5296 pueri;
2568 5226 2888 5296 accepitque
2980 5233 3090 5279 tres
3142 5240 3420 5290 nummos,
3473 5232 3527 5278 et

1948 5315 2098 5371 dedit
2127 5314 2456 5388 Epiphanio,
2494 5316 2661 5372 simul
2702 5314 2867 5371 etiam
2925 5330 3045 5371 eum
3098 5314 3302 5369 docens
3342 5312 3524 5368 verbis

1950 5408 2312 5479 hujusmodi:
2354 5407 2477 5473 Fili,
2547 5408 2691 5465 banc
2733 5409 2918 5478 accipe
2971 5407 3425 5470 benedictionem,
3473 5412 3527 5457 ct

1954 5502 2096 5558 vade
2121 5501 2189 5557 ad
2217 5510 2444 5558 matrem
2489 5509 2660 5571 tuam,
2695 5508 2750 5556 et
2781 5499 2983 5558 infercs
3012 5513 3177 5570 panes
3210 5499 3262 5553 in
3301 5498 3525 5553 domum
