3972 6070
540 274 616 329 27

1802 276 1860 330 S.
1906 272 2246 330 EPIPHANII
2282 275 2462 332 VITA.

3739 290 3812 342 es

544 396 717 440 tuam.
744 383 945 442 Tecum
988 402 1205 458 quoque
1237 391 1420 460 accipe
1448 390 1552 445 hoc
1574 391 1882 460 iumentum
1909 408 1924 456 ;
1974 402 2028 444 et
2060 390 2102 445 si

2206 387 2338 459 οἴκῳ
2368 407 2461 443 σου
2502 391 2717 460 ἀρτους.
2749 392 2894 446 Λάϐε
2944 393 3002 445 δὲ
3045 393 3140 446 καὶ
3181 392 3244 446 τὺ
3289 391 3591 461 ὑποζύγιον
3639 396 3811 450 τοῦτο

544 491 704 529 suum
737 477 953 546 quidem
989 488 1159 534 mutet
1182 481 1396 544 vitium,
1420 492 1475 536 et
1507 496 1688 536 mores
1721 481 2016 542 insolentes
2041 498 2106 536 ac

543 575 849 633 protervos,
871 576 1089 623 maneat
1114 570 1260 625 domi
1283 580 1423 637 tum;
1449 571 1535 626 sin
1559 578 1742 626 autem
1771 571 1823 625 in
1846 572 1950 627 hac
1981 586 2106 641 per-

544 667 758 711 severet
802 660 1114 725 insolentia,
1145 661 1283 729 eiice
1312 677 1345 717 e
1393 662 1502 717 tuis
1545 662 1778 725 :edibus,
1826 678 1896 718 ne
1941 663 2103 717 alicui

546 762 612 800 ex
640 748 749 802 tuis
780 758 1008 804 mortem
1040 750 1250 807 aﬂ'erat.
1271 752 1411 808 Cum
1437 754 1552 810 lucc
1573 754 1835 808 audiisset
1866 753 2107 822 Epipha-

548 835 696 900 nius,
723 846 776 890 et
808 853 839 891 a
881 836 1085 893 Jacobo
1119 849 1229 895 tres
1256 856 1513 897 nummos
1536 843 1855 911 accepisset,
1883 852 2106 912 accepto

539 926 809 995 iumento,
844 928 1119 998 profectus
1149 932 1311 987 est‘in
1360 933 1541 988 vicum
1569 932 1640 988 ad
1662 942 1890 988 matrem
1923 948 2101 988 suam.

543 1016 869 1089 Priusquam
901 1030 1082 1076 autem
1113 1022 1231 1092 ipse
1270 1023 1646 1094 ingrederetur
1674 1024 1729 1078 in
1762 1025 1964 1089 vicum,
1999 1025 2108 1080 cir-

544 1107 683 1163 citer
725 1109 873 1162 mille
907 1106 1123 1179 passus,
1162 1114 1405 1167 occurrit
1430 1113 1480 1167 ei
1524 1114 1688 1168 homo
1719 1113 2064 1170 Christianus
2087 1156 2103 1181 ,

536 1197 766 1251 nomine
794 1197 1075 1262 Cleobius,
1100 1200 1194 1269 qui
1224 1200 1275 1255 ei
1302 1200 1441 1256 dixit
1466 1219 1480 1253 :
1513 1199 1604 1257 Vis
1635 1200 1868 1256 vendere
1892 1201 2109 1271 iumen-

545 1302 683 1354 tum,
709 1307 744 1346 o
772 1292 885 1346 liii?
930 1292 1286 1362 Respondens
1327 1294 1468 1348 dixit
1516 1293 1894 1364 Epiphanius:
1947 1291 2104 1360 Nolo,

542 1394 719 1463 pater.
766 1384 912 1440 Dixit
939 1395 1119 1440 autem
1167 1385 1464 1441 Cleobius:
1496 1384 1556 1439 Si
1587 1385 1668 1441 vis
1693 1400 1819 1440 eum
1848 1383 2104 1449 vendere,

540 1491 676 1546 cape
707 1475 827 1545 eius
852 1477 1109 1546 pretium,
1161 1487 1216 1530 et
1256 1477 1437 1547 ipsum
1485 1477 1620 1531 mihi
1669 1477 1934 1547 relinque.
1964 1475 2104 1531 Cum

542 1567 658 1621 haec
687 1576 868 1622 autem
904 1566 1209 1637 Epiphanio
1240 1568 1443 1623 diceret
1478 1568 1756 1632 Clenbius,
1788 1567 1993 1622 animal
2019 1567 2105 1621 in-

539 1655 778 1710 soleuter
811 1656 1028 1712 irruens
1087 1665 1143 1712 et
1182 1658 1443 1727 impetum
1477 1656 1703 1723 faciens,
1740 1657 2101 1728 Epiphaniqu

2211 478 2351 549 μετά
2378 478 2604 532 σεαυτοῦ
2626 496 2640 510 θ
2671 481 2764 533 καὶ
2806 483 2857 533 εί
2896 482 2994 551 μὲν
3022 481 3318 553 διαλλάσσῃ
3352 484 3455 553 τὴν
3482 484 3666 553 κακὴν
3702 488 3799 540 αὑ-

2207 565 2300 619 τοῦ
2346 566 2439 619 καὶ
2457 566 2687 620 ἄτακτον
2710 567 3050 639 προαίρεσιν,
3079 570 3292 637 μενέτω
3320 571 3378 622 ἐν
3404 570 3483 640 τῷ
3520 570 3600 640 σῷ
3625 572 3767 642 οἴκῳ
3791 594 3801 603 ·

2207 657 2257 708 εί
2286 655 2345 709 δὲ
2373 656 2621 726 ἐπιμένοι
2651 659 2716 727 τῇ
2747 657 2978 729 ἀταξίᾳ,
3010 658 3207 713 ἔκϐαλε
3236 660 3369 714 αὐτὸ
3403 663 3471 714 ἐκ
3508 662 3610 717 τοῦ
3643 664 3801 717 οἴκου

2210 762 2302 798 σου
2324 785 2341 809 ,
2374 748 2584 816 μήποτε
2616 747 2710 800 καὶ
2747 746 3034 819 θανατώσῃ
3061 750 3185 803 τινὰ
3212 749 3323 802 τῶν
3349 750 3483 806 σῶν.
3522 751 3799 816 Ἀκούσας

2207 837 2267 890 δὲ
2288 836 2460 891 ταῦτα
2494 838 2806 907 Ἐπιφάνιος
2825 879 2840 903 ,
2870 841 2965 894 καὶ
2996 840 3179 894 λαϐὼν
3209 842 3280 896 τά
3310 841 3442 913 τρία
3472 845 3800 914 νομίσματα

2207 927 2358 997 παρά
2385 927 2481 980 τοῦ
2517 928 2711 982 Ἰακὼὸ
2734 967 2751 994 ,
2782 929 2960 983 λαϐὼν
2984 931 3045 983 τὸ
3074 930 3370 999 ὑποζύγιον
3396 933 3677 1005 ἐπορεύθη
3714 937 3799 999 είς

2205 1015 2302 1086 τὴν
2327 1017 2491 1070 αὑτοῦ
2522 1018 2732 1089 κώμην.
2781 1020 2871 1083 Ὠς
2900 1020 3010 1074 ἀπὺ
3032 1022 3258 1093 σημείου
3290 1023 3411 1086 ἐνὸς
3429 1065 3445 1088 ,
3474 1025 3802 1096 ἀπήντησεν

2205 1107 2354 1177 αὑτῷ
2384 1107 2669 1180 ἄνθρωπος
2698 1110 3051 1181 Χριστιανὸς,
3101 1112 3326 1182 ὀνόματι
3358 1112 3660 1178 Κλεόὸιος,
3698 1119 3801 1170 καὶ

2204 1193 2358 1251 εἶπεν
2403 1199 2539 1269 πρὸς
2602 1200 2797 1254 αὑτόνο
2848 1202 3192 1271 Πιπράσκεις
3250 1203 3313 1258 τὸ
3359 1204 3696 1274 ὑποζύγιον,
3752 1204 3801 1260 ὦ

2203 1286 2425 1352 τέκνον;
2465 1288 2524 1341 '0
2562 1289 2622 1343 δὲ
2662 1290 2976 1360 Ἑπιφάνιος
3019 1292 3341 1363 ἀποκριθεὶς
3397 1291 3557 1348 εἶπεν
3577 1311 3594 1325 σ
3630 1297 3796 1366 Οὐχὶ,

2204 1378 2396 1450 πάτερ.
2439 1379 2497 1434 '0
2515 1380 2573 1433 δὲ
2604 1380 2862 1445 Κλεόϐιος
2886 1397 2900 1410 ·
2940 1381 3065 1436 Ἐἀν
3098 1383 3439 1453 πιπράσκεις
3464 1383 3628 1451 αὐτὸ,
3654 1385 3797 1441 λάὅε

2201 1469 2264 1523 τὸ
2295 1469 2512 1540 τίμημα
2535 1470 2723 1535 αὑτοῦ,
2765 1472 2861 1524 καὶ
2903 1471 3059 1525 ἔασόν
3097 1490 3189 1543 μοι
3211 1473 3364 1527 αὑτό.
3404 1475 3494 1538 Ὠς
3516 1474 3576 1528 δὲ
3613 1473 3799 1528 ταῦτα

2202 1560 2380 1616 ἐλάλει
2399 1563 2429 1615 ὁ
2449 1561 2706 1625 Κλεόὸιος
2733 1562 2870 1633 πρὸς
2902 1561 3243 1633 Ἐπιφάνιον,
3268 1564 3330 1618 τὸ
3356 1562 3497 1628 ζῶον
3531 1566 3797 1629 ἀτάκτως

2203 1649 2438 1721 ἐνεχθὲν,
2470 1651 2566 1705 καὶ
2588 1651 2848 1705 ἐπιπεσὺν
2881 1646 3182 1724 Ἐπιτρανίῳ
3212 1654 3582 1725 διεσπάραξεν
3615 1656 3796 1710 αὑτὸν

539 1745 801 1809 excussit,
848 1745 1109 1816 humique
1147 1747 1335 1811 allisit,
1368 1756 1425 1802 et
1453 1747 1586 1802 abiit
1629 1759 1784 1803 extra
1831 1748 2102 1804 semitam.

2206 1743 2298 1796 ἐπὶ
2322 1743 2423 1813 τῆς
2449 1742 2581 1814 γῆς·
2614 1742 2710 1797 καὶ
2736 1745 2873 1797 αὑτὸ
2923 1740 3147 1813 ἐξῆλθεν
3193 1744 3298 1809 ἔξω
3341 1744 3443 1815 τῆς
3474 1746 3692 1817 τρίϐου.
3735 1748 3797 1802 '0

543 1834 878 1906 Epiphanius
917 1846 1095 1892 autem
1138 1852 1204 1893 ex
1253 1838 1486 1908 iumenti
1542 1839 1847 1894 insolentia.
1881 1856 2102 1910 gravem

539 1926 749 1996 accepit
769 1926 1033 1993 dolorem,
1074 1927 1334 1994 humique
1374 1928 1606 1997 iacebat,
1637 1928 1770 1984 deus
1825 1944 2012 1985 amare
2051 1939 2106 1985 et

540 2030 651 2070 non
706 2015 893 2074 valens
944 2030 1189 2087 surgere.
1243 2016 1498 2073 Cleobius
1546 2034 1675 2072 vero
1716 2018 1982 2073 accedens
2036 2019 2104 2074 ad

544 2102 904 2174 Epiphanium
951 2114 1007 2159 et
1039 2104 1216 2159 femur
1263 2105 1386 2174 eius
1421 2115 1611 2160 tenens
1654 2106 1709 2160 in
1757 2122 1824 2162 eo
1872 2106 2011 2170 loco,
2048 2107 2101 2162 in

541 2210 651 2263 quo
690 2194 911 2250 allectus
958 2193 1132 2250 fuerat
1160 2196 1230 2250 ab
1279 2196 1534 2250 insolenti
1578 2198 1768 2261 chtia,
1819 2213 1944 2253 cum
1975 2214 2100 2253 eum

541 2292 623 2338 ter
656 2283 944 2354 signasset,
977 2284 1160 2340 statim
1191 2286 1362 2340 erexit
1391 2287 1525 2340 nihil
1556 2288 1682 2341 mali
1715 2288 1774 2341 in
1810 2304 1870 2343 se
1898 2289 2103 2343 haben-

539 2384 668 2429 tem.
704 2374 962 2430 Cleobius
1013 2385 1195 2431 autem
1238 2375 1377 2429 dixit
1424 2376 1673 2444 iumento
1738 2378 1897 2445 pleno
1951 2379 2100 2433 omni

540 2465 827 2521 insolentia
890 2483 903 2518 :
956 2463 1075 2519 Tibi
1125 2466 1270 2531 dico,
1347 2467 1606 2535 quoniam
1676 2466 1896 2521 voluisti
1949 2478 2100 2523 tuum

538 2554 819 2609 dominum
872 2556 1142 2620 occidere,
1192 2556 1247 2610 in
1290 2557 1512 2611 nomine
1555 2555 1681 2612 Jesu
1725 2557 1931 2614 Christi
1980 2576 2104 2614 cru-

537 2644 704 2709 citixi,
767 2658 876 2698 non
929 2645 1162 2715 amplius
1217 2646 1452 2702 excedas
1504 2661 1572 2702 ex
1625 2647 1728 2702 hoc
1770 2648 1908 2703 loco.
1945 2648 2099 2715 Quod

539 2745 825 2805 postquam
884 2736 1114 2792 dixisset
1171 2735 1466 2805 Cloobius,
1535 2737 1842 2807 iumentum
1918 2742 2099 2795 statim

538 2823 734 2881 cecidit
800 2825 854 2879 in
918 2834 1116 2880 terram
1190 2834 1489 2882 mortuum.
1556 2827 1836 2883 Cleobium
1919 2837 2099 2884 autem

543 2915 892 2986 interrogavit
935 2914 1295 2985 Epiphanius,
1332 2917 1523 2971 dicens
1564 2936 1580 2972 :
1617 2917 1753 2984 Quis
1794 2928 1900 2985 est,
1932 2935 1967 2974 ο
2009 2937 2102 2989 pa-

541 3014 644 3070 ter,
666 3004 827 3061 Jcsus
856 3007 1173 3071 cruciﬁxus.
1211 3007 1359 3077 quod
1400 3008 1526 3063 talia
1556 3009 1696 3063 ﬁunt
1724 3025 1819 3079 per
1844 3011 1966 3080 ejus
2000 3028 2097 3067 no-

539 3097 705 3151 men?
746 3094 1046 3166 Respondit
1065 3098 1340 3163 Cleobius,
1373 3108 1427 3154 et
1458 3098 1596 3154 dixit
1624 3098 1962 3170 Epiphanio:
2006 3101 2103 3156 llic

538 3185 699 3244 Jesus
740 3197 825 3244 est
866 3188 1037 3244 Filius
1072 3189 1203 3256 Dei,
1242 3206 1406 3261 quem
1468 3191 1855 3247 cruciﬁxerunt
1905 3191 2098 3247 Judaei.

542 3277 875 3347 Epiphanius
918 3296 1046 3335 vero
1086 3281 1268 3336 timuit
1298 3281 1611 3351 signiﬁcare
1641 3281 1867 3337 Cleobio
1891 3297 1952 3337 se
1979 3298 2103 3338 esse

538 3369 810 3427 Judaeum.
863 3356 1119 3428 Cieobius
1167 3382 1350 3427 autem
1403 3373 1642 3441 perrexit
1673 3388 1835 3429 suum
1870 3374 1974 3429 iter
2018 3374 2104 3427 in-

538 3460 714 3530 gredi,
738 3471 795 3515 et
826 3460 1167 3532 Epiphanius
1218 3463 1273 3518 in
1335 3464 1518 3519 vicum
1574 3464 1724 3520 venit
1768 3465 1837 3520 ad
1873 3472 2100 3520 matrem

536 3566 720 3608 snam.
751 3552 921 3619 Quem
951 3554 1138 3609 videns
1176 3564 1370 3619 mater,
1398 3556 1609 3624 excepit
1648 3572 1774 3610 eum
1806 3572 1932 3611 cum
1970 3571 2104 3626 gau-

536 3644 654 3699 dio.
693 3645 854 3698 Matri
883 3660 1011 3699 vero
1057 3660 1171 3699 sua:
1213 3648 1467 3715 exposuit
1511 3646 1846 3716 Epiphanius
1898 3648 2101 3711 omnia,

538 3749 663 3804 qua:
702 3734 808 3788 sibi
840 3745 1137 3792 evenerant
1185 3746 1406 3806 propter
1459 3738 1780 3792 insolentem
1827 3747 1882 3793 et
1933 3740 2104 3807 pessi-

542 3841 687 3879 mam
717 3827 965 3881 bestiam.
988 3822 1281 3897 Aliquanto
1306 3838 1487 3883 autem
1524 3838 1645 3898 post
1687 3839 1933 3899 tempore
1967 3832 2105 3884 dixit

541 3928 715 3973 mater
740 3918 1044 3989 Epiphanio
1102 3938 1115 3974 :
1162 3919 1320 3985 Ecce,
1373 3921 1479 3986 lili,
1537 3930 1679 3976 terra
1728 3922 1931 3976 inculta
1971 3923 2103 3977 nihil

541 4011 812 4078 producit,
862 4027 1039 4081 neque
1069 4013 1229 4067 nobis
1276 4027 1343 4067 ex
1394 4028 1457 4066 ea
1511 4023 1595 4067 est
1640 4013 1845 4082 aliquid
1901 4014 2100 4068 solatii.

542 4101 674 4157 Erat
712 4116 891 4159 autem
929 4104 1011 4160 eis
1050 4103 1331 4174 quoddam
1380 4105 1717 4173 praediolum,
1765 4105 1910 4173 quod
1954 4112 2104 4173 pater

538 4195 663 4263 eius
690 4196 977 4265 diligenter
1007 4197 1215 4260 colens,
1261 4213 1327 4252 ex
1354 4211 1424 4251 eo
1454 4196 1688 4251 habebat
1716 4196 1921 4265 aliquid
1961 4197 2105 4250 sola-

542 4286 624 4339 tii.
678 4285 827 4339 Dixit
883 4302 1014 4356 ergo
1046 4289 1093 4340 ei
1146 4298 1362 4343 mater:
1423 4286 1734 4342 Vendamus
1785 4287 2100 4356 praediolum

2128 3060 2172 3119 C

2204 1829 2298 1888 οῦν
2335 1834 2645 1905 Ἐπιφάνιος
2685 1835 2793 1889 ἀπὸ
2819 1836 2917 1906 τῆς
2951 1835 3071 1905 βίας
3101 1837 3204 1905 τῆς
3246 1837 3478 1903 ἀταξίας
3517 1840 3618 1894 τοῦ
3651 1841 3799 1894 ὑπο-

2205 1922 2391 1993 ζυγίου
2422 1923 2623 1979 ῑπαθεν
2652 1925 2745 1979 τὸν
2775 1925 2972 1979 ἐαυτοῦ
3008 1927 3202 1999 μηρὸν,
3234 1928 3330 1982 καὶ
3359 1928 3544 1984 ἔκειτο
3565 1932 3663 1984 ἐπὶ
3687 1932 3799 2003 τῆς

2203 2013 2343 2083 γῆς,
2400 2013 2598 2068 κλαίων
2642 2015 2737 2070 καὶ
2770 2015 2844 2085 μή
2875 2016 3175 2086 δυνάμενος
3204 2018 3533 2088 ἀναστῆναι.
3580 2022 3644 2075 '0
3696 2019 3799 2076 οὖν

2203 2103 2462 2169 Κλεόσιος
2491 2104 2800 2177 προσελθὼν
2832 2106 3156 2177 ἐπιφανίῳ,
3186 2110 3473 2178 κρατήσας
3496 2110 3672 2165 αὑτοῦ
3698 2112 3799 2166 τὸν

2208 2193 2379 2264 μηρὸν
2422 2194 2480 2246 ἐν
2521 2193 2600 2265 τῷ
2634 2195 2785 2266 τόπῳ
2803 2235 2819 2259 ,
2864 2189 2909 2263 ᾧ
2953 2196 3217 2252 πέπονθεν
3264 2198 3371 2252 ὑπὸ
3408 2199 3506 2254 τοῦ
3546 2202 3796 2256 ἀτάκτου

2202 2282 2341 2347 ζῶου
2360 2323 2376 2346 ,
2404 2284 2509 2337 καῖ
2529 2286 2833 2354 σφραγίσας
2861 2287 3026 2340 αὑτὸν
3057 2287 3241 2358 τρίτον
3262 2328 3278 2351 ,
3309 2288 3516 2354 εὐθέως
3540 2293 3756 2363 ἀνέστη
3779 2335 3796 2355 ,

2207 2372 2370 2443 μηδὲν
2398 2374 2568 2428 κακὸν
2595 2374 2735 2443 ἔχων
2781 2378 2840 2428 ἐν
2880 2375 3079 2446 ἐαυτῷ.
3126 2378 3186 2431 ’0
3225 2378 3284 2432 δέ
3328 2379 3591 2446 Κλεόὸιος
3635 2378 3799 2437 εἶπεν

2203 2465 2343 2534 πρὸς
2381 2466 2443 2519 τὸ
2490 2465 2786 2535 ὑποζύγιον
2816 2468 2998 2537 πάσης
3035 2469 3260 2535 ἀταξίας
3311 2472 3755 2543 πεπληρωμένον
3780 2493 3795 2506 ·

2215 2553 2431 2624 Ἐπειδὴ
2464 2554 2769 2627 ἠϐουλήθης
2789 2556 3098 2612 θανατῶσαι
3124 2559 3216 2613 τὸν
3246 2560 3379 2613 ἴδιον
3406 2561 3705 2632 δεσπότην,
3734 2567 3797 2616 ἐν

2200 2640 2280 2712 τῷ
2309 2643 2531 2713 ὀνόματι
2560 2644 2734 2714 Ἰησοῦ
2770 2642 3002 2715 Χριστοῦ
3016 2648 3109 2700 τοῦ
3140 2650 3560 2721 ἐσταυρωμένον
3579 2691 3595 2715 ,
3634 2672 3800 2724 μηκ-

2203 2732 2285 2785 έτι
2343 2733 2603 2805 μετέλθῃς
2631 2737 2695 2788 ὲκ
2723 2735 2819 2789 τοῦ
2843 2735 3009 2789 τόπου
3032 2738 3242 2792 τούτου.
3271 2741 3381 2794 Καὶ
3412 2742 3508 2796 ἐπὶ
3531 2742 3614 2813 τῷ
3635 2743 3805 2815 λόγῳ

2201 2824 2463 2878 Κλεοῆίου
2488 2826 2690 2889 εὐθέως
2719 2826 2914 2880 ἔπεσεν
2944 2829 3008 2883 τὸ
3030 2829 3331 2907 ,ὑποζύγιον
3383 2834 3479 2887 ἐπὶ
3520 2837 3623 2905 τὴν
3658 2839 3801 2907 γῆν,

2202 2914 2295 2968 καὶ
2320 2915 2609 2969 ἀπέθανεν.
2645 2917 2756 2969 Καὶ
2786 2916 3122 2989 ἐπεζήτησεν
3143 2922 3467 2989 Ἐπιφάνιος
3486 2924 3580 2977 τὸν
3611 2927 3795 2982 Κλεό-

2202 3004 2340 3068 6ιον,
2369 3006 2541 3074 λέγων
2560 3025 2571 3038 ·
2605 3007 2701 3070 Τίς
2731 3009 2899 3073 ἐστιν,
2925 3008 3397 3081 πάτερ,⁹1ηαοῦς-ό
3430 3016 3798 3088 ἐσταυρωμέ-

2203 3112 2311 3158 νος.
2334 3097 2417 3149 ὅτι
2437 3096 2660 3149 τοιαῦτα
2684 3100 2887 3167 σημεῖα
2907 3098 3114 3166 γίνεται
3139 3101 3207 3153 δι’
3243 3103 3446 3169 αὐτοῦς
3477 3106 3795 3179 ’ἀπεκρίθη

2202 3187 2479 3250 Κλεόόιος,
2504 3188 2598 3241 καὶ
2617 3183 2769 3240 εἶπεν
2792 3188 2928 3259 πρὸς
2948 3188 3267 3258 Ἐπιφάνιον
3291 3207 3303 3219 ·
3336 3189 3507 3258 Οὗτος
3530 3198 3560 3248 ὁ
3576 3197 3798 3268 Ἰησοῦς

2201 3277 2348 3329 ἐστιν
2376 3278 2406 3329 ό
2445 3276 2568 3340 Υἱὸς
2596 3276 2689 3329 τοῦ
2725 3276 2862 3330 Θεοῦ
2892 3316 2907 3332 .
2953 3278 3013 3331 δν
3042 3279 3398 3351 ἐσταύρωσαν
3435 3286 3486 3337 οἱ
3520 3286 3795 3343 Ἰουδαῖοι.

2214 3365 2273 3419 Ὅ
2317 3366 2373 3419 δὲ
2417 3367 2732 3435 Ἐπιφάνιος
2775 3368 3013 3438 ἐφοϐήθη
3059 3369 3380 3439 ἀναγγεῖλαι
3409 3374 3489 3445 τῷ
3518 3375 3796 3449 Κλεοείῳ,

2201 3457 2283 3533 ότι
2327 3457 2575 3521 Ἰουδαῖός
2615 3459 2782 3512 ἐστιν.
2828 3459 2883 3510 'U
2929 3455 3022 3513 οὖν
3064 3461 3321 3528 Κλεόϐιος
3368 3466 3647 3538 ἐπορεύθη
3692 3471 3802 3541 τὴν

2204 3546 2396 3600 ἑαυτοῦ
2423 3546 2561 3612 ὁδὸν,
2595 3549 2687 3602 καὶ
2723 3547 3032 3616 Ἐπιφάνιος
3058 3551 3309 3620 είσῆλθεν
3343 3557 3425 3617 εἰς
3457 3557 3558 3626 τὴν
3585 3560 3796 3614 ἑαυτοῦ

2203 3637 2396 3709 κώμην
2427 3640 2561 3710 πρὸς
2588 3640 2688 3711 τήν
2719 3640 2910 3694 ἑαυτοῦ
2941 3643 3174 3714 μητέρα.
3229 3646 3437 3700 ’ἰδοῦσα
3464 3642 3521 3702 δέ
3555 3652 3729 3706 αὑτὸν
3760 3660 3793 3722 ἡ

2206 3732 2388 3800 μήτηρ
2421 3729 2608 3797 αὑτοῦ,
2640 3730 2938 3796 ἀπεδέξατο
2964 3733 3126 3787 αὐτὸν
3158 3736 3297 3805 μετὰ
3326 3740 3527 3807 χαρᾶς,
3574 3743 3673 3794 καὶ
3705 3746 3799 3807 ἐξ-

2204 3821 2448 3890 ηγήσατο
2494 3822 2593 3874 ὅσα
2641 3821 2839 3891 συνέϐη
2870 3822 3018 3892 αὑτῷ
3064 3823 3151 3878 διὰ
3194 3825 3289 3879 τοῦ
3339 3827 3577 3882 ἀτάκτου
3621 3831 3796 3896 ζώου,

2203 3911 2410 3981 Χρόνου
2439 3910 2497 3964 δὲ
2526 3912 2884 3984 παρελθόντος
2939 3909 3092 3967 εἶπεν
3138 3916 3171 3985 ἡ
3223 3918 3408 3989 μήτηρ
3463 3920 3799 3990 Ἐπιφανίου

2204 4002 2341 4075 πρὸς
2388 4004 2582 4058 αὐτόν’
2621 4005 2750 4058 Ἰδοὺ
2780 4007 2878 4076 δὴ,
2912 4006 3123 4069 τέκνον,
3157 4010 3191 4077 ή
3224 4009 3295 4078 γῆ
3329 4010 3620 4080 ἀμελεῖται
3642 4056 3660 4080 ,
3696 4021 3801 4072 καί

2204 4093 2547 4163 παραμύθιόν
2588 4096 2719 4165 ἡμῖν
2744 4096 2896 4149 οὐδέν
2927 4098 3077 4149 ἐστιν
3105 4096 3166 4162 ἐξ
3192 4100 3382 4170 αὑτῆς.
3405 4097 3516 4155 Ἦν
3541 4104 3656 4177 γὰρ
3690 4110 3765 4159 αὑ
3791 4142 3799 4147 .

2205 4186 2313 4246 τοῖς
2356 4183 2428 4253 γῆ
2469 4184 2574 4237 ίδία
2624 4187 2794 4256 μικρά
2817 4203 2830 4215 ο
2862 4186 2928 4256 ἢν
2964 4187 3059 4240 καὶ
3096 4189 3126 4241 ὁ
3174 4190 3358 4262 πατὴρ
3410 4192 3579 4248 αὑτοῦ
3611 4198 3803 4267 ἐμπό-

2203 4291 2309 4338 νως
2339 4275 2543 4347 ταύτην
2572 4278 2855 4349 γεωργῶν,
2881 4273 3026 4348 εἶχεν
3054 4297 3177 4335 τινα
3210 4284 3563 4353 παραμυθίαν
3603 4288 3668 4353 ἐξ
3695 4292 3801 4342 αὑ-

543 4385 793 4429 nostrum
826 4375 1032 4430 homini
1073 4379 1325 4447 agricolae
1356 4397 1370 4432 :
1406 4390 1455 4433 et
1482 4390 1537 4434 tn
1586 4379 1720 4433 vade
1756 4378 1823 4432 ad
1864 4378 2099 4448 aliquem

2206 4364 2322 4435 τῆς.
2376 4360 2545 4421 Εἶπεν
2597 4363 2693 4422 οῦν
2746 4369 2781 4439 ἡ
2828 4366 2998 4422 αὑτοῦ
3049 4372 3263 4443 μήτηρ’
3327 4374 3687 4447 ’Δποδώμεθα
3738 4384 3803 4433 τὸ

542 4464 819 4520 hominem
870 4464 1040 4521 Deum
1085 4467 1390 4529 timentem,
1439 4479 1493 4523 et
1543 4470 1692 4523 disce
1748 4478 1944 4530 artem,
1994 4484 2099 4537 qua

541 4558 721 4625 possis
753 4569 806 4613 te
826 4559 994 4624 alere,
1021 4559 1264 4629 mihique
1302 4569 1357 4614 et
1385 4568 1492 4615 tua:
1533 4560 1707 4614 sorori
1739 4575 1929 4628 panem
1973 4576 2101 4628 sup.

542 4647 798 4715 perlitare.

612 4828 700 4884 IV.
760 4827 891 4881 Erat
930 4836 1110 4882 autem
1158 4826 1377 4895 quidam
1422 4824 1642 4880 Iudaeus
1677 4824 2020 4894 legispcritus
2048 4826 2100 4877 in

539 4918 758 4972 civitate
788 4917 1213 4985 Eleutheropoli,
1245 4917 1329 4970 vir
1358 4916 1711 4971 admirandus
1734 4925 1789 4969 et
1815 4932 1853 4967 re
1874 4915 2103 4984 ligjosns

539 5015 905 5076 congruenter
935 5005 1036 5075 legi
1066 5004 1285 5075 Moysis.
1337 5003 1386 5057 Is
1434 5004 1667 5060 habebat
1698 5003 2102 5074 possessionem

541 5099 594 5151 in
624 5098 767 5161 vico,
793 5097 846 5151 in
877 5113 985 5165 quo
1014 5106 1173 5152 natus
1205 5104 1321 5152 erat
1353 5094 1708 5165 Epiphanius,
1741 5096 1835 5164 qui
1865 5095 1977 5164 iam
2013 5110 2104 5148 co-

538 5187 834 5257 gnoscebat
854 5187 973 5256 eius
1014 5197 1221 5257 patrem
1247 5198 1300 5242 et
1342 5195 1592 5250 matrem,
1629 5185 1876 5239 similiter
1920 5195 2102 5239 antem

436 5314 439 5323 ι
542 5277 901 5348 Epiphanium
957 5287 1010 5333 et
1042 5277 1162 5345 eius
1202 5292 1470 5333 sororem.
1501 5274 1552 5331 Is
1595 5291 1721 5330 cum
1752 5276 1993 5331 venisset
2033 5274 2100 5329 ad

542 5367 788 5421 visendas
839 5382 966 5420 suas
1024 5368 1429 5436 possessiones,
1472 5364 1609 5419 dixit
1636 5365 1823 5421 ,mlltri
1866 5363 2104 5434 Epipha-

541 5455 614 5509 nii
644 5448 917 5514 :‘Mulier,
952 5454 1034 5508 vis
1071 5454 1200 5508 dare
1244 5455 1372 5507 mihi
1408 5452 1576 5507 lilium
1610 5463 1760 5508 tuum
1796 5454 1849 5508 iu
1885 5454 2104 5507 lilium?

540 5554 708 5613 tuque
753 5554 807 5599 ct
861 5554 953 5599 tua
1000 5542 1107 5597 lilia
1141 5543 1403 5612 parabitis
1446 5559 1477 5597 e
1524 5543 1687 5598 domo
1719 5555 1928 5609 nostra,
1974 5559 2096 5613 qum

539 5644 699 5690 erunt
732 5635 883 5691 vobis
909 5635 1051 5691 usui.
1078 5633 1244 5691 Malcr
1270 5645 1449 5690 autem
1488 5634 1792 5704 Epiphanii,
1827 5651 1950 5689 cum
1984 5635 2095 5688 hsce

2204 4457 2408 4527 γηίδιον
2428 4458 2586 4528 ήμῶν
2611 4459 2881 4532 ἀνθρώπῳ
2903 4461 3134 4533 γεωργῷ
3153 4479 3169 4493 ’
3198 4463 3293 4517 καὶ
3316 4466 3382 4519 σὺ
3408 4464 3624 4522 εἴσελθε
3652 4474 3801 4541 πρὸς

2204 4549 2460 4617 θεόφοῦον
2495 4550 2799 4622 ἄνθρωπον,
2860 4553 2956 4605 καὶ
3000 4553 3094 4607 ἔσο
3133 4555 3518 4627 διδασκόμενος
3568 4560 3798 4631 τέχνην,

2203 4638 2270 4691 δι’
2299 4633 2622 4710 ἦςιδύνασαι
2663 4640 2756 4695 καὶ
2786 4641 2978 4695 ἑαυτὸν
3004 4646 3267 4716 τρέφειν,
3295 4647 3390 4700 καὶ
3419 4649 3567 4718 ἐμοὶ,
3596 4653 3695 4704 καὶ
3728 4631 3810 4723 τῇ⁵

2205 4728 2405 4801 ἀδελφῇ
2438 4747 2532 4783 σου
2556 4731 2716 4803 ἄρτον
2745 4735 3016 4803 χορηγεῖν.

2275 4822 2347 4872 Δ’.
2389 4817 2498 4872 Ἦν
2527 4821 2584 4874 δέ
2607 4839 2690 4885 τις
2728 4822 2980 4886 Ἰουδαῖος
3013 4827 3462 4896 νομοδιδάσκαλος
3496 4833 3556 4885 ὲν
3602 4836 3801 4890 Ἐλευ-

2207 4911 2506 4982 θεροπόλει,
2541 4914 2680 4984 ἀνὴρ
2709 4913 3021 4983 θαυμαστὸς
3051 4919 3147 4971 καὶ
3193 4918 3477 4990 θεοσεϐὴς,
3518 4926 3668 4979 κατά
3702 4930 3803 4982 τὸν

2203 4999 2365 5088 νόμον
2396 5001 2697 5067 Μωῦσέως.
2738 4998 2908 5068 Uine;
2951 5002 3096 5078 εἶχεν
3133 5012 3358 5081 κτήσεις
3400 5015 3459 5068 ἐν
3499 5017 3568 5085 τῇ
3602 5015 3801 5088 κώμῃ,

2204 5092 2261 5143 ἐν
2362 5092 2619 5165 ἐγεννήθη
2672 5095 3020 5165 Έπιφάνιος⁶
3066 5101 3127 5165 ὃς
3173 5104 3267 5156 καὶ
3306 5104 3400 5159 τὸν
3438 5084 3658 5178 πατέρα
3691 5084 3799 5162 αὑ.-

2204 5179 2297 5232 τοῦ
2333 5181 2449 5250 ᾔδει
2473 5224 2487 5244 ,
2540 5183 2634 5235 καὶ
2674 5183 2774 5255 τήν
2825 5187 3037 5257 μητέρα
3084 5190 3402 5258 ἐγίνωσκεν,
3444 5195 3652 5263 ὁμοίως
3700 5203 3797 5252 καὶ

2218 5269 2532 5339 Ἐπιςξάνιον
2563 5273 2655 5324 καὶ
2679 5271 2777 5343 τὴν
2803 5274 2968 5329 αὑτοῦ
3003 5277 3260 5349 ἀδελφήν.
3310 5278 3480 5345 Οὗτος
3526 5287 3802 5341 εἰσελθὼν

2205 5360 2286 5423 εἰς
2318 5361 2602 5431 ἐπίσκεψιν
2627 5364 2735 5418 τῶν
2764 5365 2959 5419 ἑαυτοῦ
2989 5372 3314 5440 κτημάτων.
3343 5370 3494 5427 εἶπεν
3523 5376 3662 5445 πρὸς
3689 5381 3799 5451 τὴν

2207 5452 2416 5522 μητέρα
2472 5455 2824 5523 Ἑπιφανίουο
2872 5459 3056 5519 Γύναι,
3106 5460 3268 5534 βούλῃ
3318 5482 3409 5533 μοι
3461 5466 3650 5521 δοῦναι
3700 5474 3801 5525 τὶν

2203 5542 2317 5594 υἱόν
2346 5560 2438 5595 σου
2462 5545 2542 5608 εἰς
2573 5545 2685 5598 υἱόν
2711 5561 2725 5609 ;
2751 5548 2842 5599 καὶ
2875 5549 2973 5619 ἔσῃ
2996 5552 3090 5602 καὶ
3125 5552 3187 5604 σὺ
3225 5555 3319 5606 καὶ
3348 5557 3380 5624 ή
3407 5554 3660 5628 θυγάτηρ
3694 5579 3800 5617 σου

2203 5633 2301 5696 τὰς
2325 5634 2512 5703 χρείας
2542 5635 2692 5695 ὑμῶν
2728 5637 3075 5707 ποριζόμεναι
3109 5645 3171 5694 ἐκ
3193 5644 3286 5695 τοῦ
3309 5645 3577 5715 ἡμετέρου
3603 5651 3793 5713 οἴκου,
