3866 6066
234 280 331 335 τὶεὶ

1593 278 1656 332 S.
1693 275 1864 332 EPIPI

1969 277 2033 331 ut
2073 276 2250 333 vn‘s.
3472 276 3543 333 50

272 375 354 427 -Ὶὶ
377 373 441 427 δὲ
473 373 677 445 μήτηρ
712 372 1024 442 Ἐπιφανίου
1052 372 1334 427 ἀκούσασα
1358 373 1510 445 παρὰ
1531 373 1621 429 τοῦ
1647 374 1864 444 νομικοῐ

1985 375 2251 429 audiisset
2297 389 2326 429 a
2363 373 2694 443 lcgisperito,
2722 371 2877 428 valde
2933 371 3109 428 laetata
3165 378 3250 428 est
3289 390 3304 426 :
3339 379 3392 427 et
3414 387 3539 428 eum

278 462 499 528 ταῦτα,
549 463 720 534 ἐχάρη
763 462 929 527 πολὺς
962 464 1055 515 καὶ
1089 462 1327 516 λαϐοῦσα
1366 465 1701 533 Ἐπιφάνιον,
1734 481 1874 536 παρ·

279 551 496 604 έδωκεν
531 549 694 604 αὐτὸν
725 550 1070 623 παραχρῆμα
1101 554 1180 616 είς
1212 551 1346 605 υἱόν.
1390 553 1464 605 Τὸ
1496 554 1553 607 δὲ
1580 553 1749 622 ὄνομα
1779 554 1872 607 τοῦ

276 639 521 711 νομικοῦ
546 640 797 694 ἐκαλεῖτο
825 641 1080 712 Τρύφων.
1112 634 1281 706 Οὗτος
1309 637 1454 714 εἶχεν
1483 642 1752 714 θυγατέρα
1780 661 1875 714 μο-

282 730 483 802 νογενῆ
506 747 521 761 ·
550 729 806 785 ἐϐούλετο
832 732 892 785 δὲ
923 730 1125 804 ταύτην
1159 733 1414 799 συζεῦξαι
1456 735 1778 806 Ἐπιφανίῳ.

356 820 441 875 Ε’.
496 821 561 875 ’0
602 818 697 876 οὖν
732 821 964 894 Τρύφων
1015 823 1195 878 λαϐὼν
1252 825 1565 895 Ἐπιφάνιον
1610 829 1688 891 είς
1738 828 1871 889 υἱὸν,

281 908 613 965 ἐπαίδευσεν
667 913 830 967 αύτδν
878 914 1129 986 ἐμπόνως
1169 916 1237 970 τὰ
1287 916 1383 970 τοῦ
1434 917 1633 988 νόμου,
1673 908 1766 972 καὶ
1807 918 1874 972 τὰ

281 1006 538 1075 στοιχεῖα
573 1005 645 1060 τὰ
689 1005 953 1077 Ἑϐραϊκὰ
983 1006 1120 1077 μετὰ
1152 1006 1453 1078 ἀκριϐείας.
1494 1008 1874 1080 Ἐτελεύτησεν

276 1100 335 1153 δέ
363 1102 399 1171 ή
430 1101 689 1172 Θυγάτηρ
726 1100 820 1154 τοῦ
852 1099 1180 1172 Τρύφωνος,
1220 1101 1314 1154 καὶ
1363 1101 1524 1172 μόνος
1564 1103 1875 1171 Ἐπιφάνιος

274 1187 344 1263 ἦν
364 1192 430 1244 ἐν
453 1192 542 1263 τῷ
569 1191 704 1262 οἴκῳ
725 1192 890 1246 αὐτοῦ
920 1192 1242 1263 προκόπτων
1262 1194 1356 1248 καὶ
1373 1196 1441 1266 τῇ
1460 1194 1669 1267 ήλικία,
1691 1195 1783 1249 καί¹
1805 1197 1872 1267 τῇ

276 1282 447 1354 σοφίᾳ
474 1285 550 1354 τῇ
592 1281 876 1354 Ἐϐραῖκῇ.
909 1281 1112 1353 Συνέϐη
1147 1282 1203 1337 δὲ
1242 1284 1336 1338 καὶ
1358 1285 1445 1339 τὸν
1487 1284 1756 1357 Τρύφωνα
1788 1304 1876 1340 τε-

275 1376 577 1447 λευτῆσαν
618 1377 714 1431 καὶ
748 1379 926 1430 πᾶσαν
951 1375 1051 1447 τὴν
1072 1375 1341 1448 ὑπόληψιν
1364 1377 1530 1432 αὑτοῦ
1559 1378 1875 1449 κατέλειψεν

289 1466 631 1539 ἐπιφανίῳ.
669 1468 1050 1540 Ἐτελεύτησεν
1089 1468 1147 1522 δὲ
1191 1470 1286 1525 καὶ
1328 1472 1364 1543 ἡ
1409 1472 1591 1544 μήτηρ
1645 1468 1876 1544 Ἐπιφαα

275 1557 416 1613 νίου.
462 1558 709 1612 Ἔλαϐεν
751 1557 808 1612 δὲ
846 1558 1163 1627 Ἐπιφάνιος
1193 1558 1291 1630 τὴν
1320 1559 1517 1614 ἐαυτοῦ
1549 1560 1785 1633 ἀδελφὴν
1812 1565 1874 1616 ἐν

275 1646 355 1717 τῷ
381 1646 532 1719 οἴκῳ
557 1646 636 1719 τῷ
666 1647 772 1701 ὑπὸ
801 1646 895 1701 τοῦ
925 1647 1219 1721 Τρύφωνος
1249 1649 1664 1720 καταλειφθέντι
1694 1652 1868 1724 αὐτῷ’

274 1738 372 1791 καὶ
396 1732 556 1810 ἦσαν
579 1738 630 1792 oi
650 1738 750 1792 δύο
772 1738 889 1809 ἅμα.
910 1739 971 1794 ἐν
989 1738 1068 1810 τῷ
1097 1740 1232 1811 οῐκῳ
1261 1742 1320 1795 ἐν
1350 1740 1515 1812 πολλῇ
1542 1743 1872 1798 καταστάσει

276 1828 396 1900 βίου
447 1830 603 1885 κατὰ
656 1830 757 1901 τὴν
828 1829 1051 1903 διδαχὴν
1113 1830 1432 1903 Τρύφωνος.
1489 1830 1752 1897 Ἐξελθὼν
1813 1834 1872 1888 δὲ

285 1918 620 1988 Ἐπιφάνιος
661 1920 723 1973 ἐν
752 1922 818 1991 τῇ
859 1918 1021 1991 κώμῃ
1041 1958 1058 1985 ,
1111 1920 1170 1973 ἐν
1212 1913 1247 1992 ᾖ
1278 1920 1545 1993 ἐγεννήθη
1571 1960 1589 1986 ,
1624 1923 1686 1976 ἐν
1715 1917 1752 1996 ᾖ
1778 1925 1897 1979 καὶ

267 2008 370 2081 τὴν
398 2010 611 2081 κτῆσιν
630 2004 779 2081 εἶχεν
806 2010 904 2083 τὴν
933 2009 1389 2081 καταλειφθεῖσαν
1420 2012 1569 2084 αὐτῷ
1599 2013 1707 2068 ὑπὸ
1738 2015 1874 2087 Τρύ-

272 2114 490 2167 φωνος,
509 2099 825 2171 ὑπήντησεν
859 2100 929 2152 αὖ
939 2097 1010 2170 τῷ
1029 2100 1171 2171 ἀνήρ
1197 2118 1283 2166 τις
1306 2102 1872 2175 Χριστιανὸςόνόματι

272 2190 420 2245 Δουκ
434 2188 623 2253 ιανὸς,
653 2187 960 2261 θαυμαστὸς
982 2186 1095 2244 ’καὶ
1134 2190 1312 2260 λόγιος
1333 2231 1348 2256 ,
1391 2194 1485 2246 τὸν
1518 2194 1730 2264 μονήρη
1758 2193 1872 2264 βίον

272 2277 655 2350 διερχόμενος,
683 2278 881 2350 τέχνην
906 2278 1045 2350 ἔχων
1074 2280 1172 2353 τὴν
1203 2280 1298 2335 τοῦ
1326 2282 1721 2355 καλλιγράφου,
1742 2284 1873 2339 ταύ-

276 2385 347 2443 τῃ
376 2387 449 2424 τε
477 2370 934 2442 προσκαρτερῶν,
962 2370 1031 2439 ἐξ
1048 2372 1221 2445 αὐτῆς
1244 2372 1337 2427 τὸν
1362 2373 1525 2445 ἄρτον
1566 2376 1868 2447 ἐπορίζετο,

277 2460 375 2515 καὶ
420 2460 488 2515 τὸ
534 2459 861 2531 περισσεῦον
900 2462 1146 2517 ἐπεδίδου
1190 2466 1304 2529 τοῖς
1344 2465 1637 2538 δεομένοις.
1678 2468 1736 2522 '0
1776 2463 1870 2522 οὖν

296 2551 616 2621 Ἐπιφάνιος
635 2548 706 2623 ἦν
735 2552 1081 2623 ἐπιϐεϐηκὼς
1109 2555 1201 2608 ἐπὶ
1234 2556 1547 2625 ὑποζύγιον.
1588 2559 1645 2612 '0
1674 2559 1732 2613 δὲ
1765 2577 1870 2631 μα-

280 2641 518 2713 καρετης
557 2641 853 2706 Λουκιανὸς
902 2637 971 2714 ἦν
1013 2645 1334 2715 περιπατῶν
1383 2647 1442 2700 ἐν
1486 2649 1552 2718 τῇ
1598 2647 1725 2719 ὁδῷ,
1773 2650 1869 2703 καὶ

277 2735 628 2803 συνήντησαν
653 2734 957 2806 ἀμφότεροι
984 2734 1255 2807 ἀλλήλοις.
1297 2737 1501 2810 Συνέϐη
1536 2739 1626 2801 δὲ,
1663 2741 1870 2812 πένητά

275 2839 401 2879 τινα
445 2823 802 2877 ἐπιλαϐέσθαι
844 2824 954 2879 τῶν
1012 2825 1190 2881 ποδῶν
1234 2828 1534 2883 Λουκιανοῦ
1557 2846 1571 2862 ·
1595 2831 1692 2884 καὶ
1722 2830 1867 2901 λέγει

276 2914 420 2986 πρὸς
448 2914 645 2968 αὐτόν·
680 2912 968 2987 ¹Ἄνθρωπε
1013 2913 1107 2968 τοῦ
1150 2915 1288 2971 Θεοῦ
1309 2957 1325 2984 ,
1356 2917 1583 2989 ἐλέησόν
1634 2937 1737 2991 με,
1784 2921 1866 2974 ὅτι

274 3008 433 3108 sps-EF
700 3003 811 3075 ἔχω
828 3005 1022 3108 ,ἄσιτος
1047 3006 1330 3108 διατελῶν,
1368 3009 1444 3081 μὴ
1479 3008 1618 3081 ἔχων
1638 3010 1866 3083 ἐμαυτῷ
1893 3048 1936 3108 c

275 3097 471 3170 μηδέν.
513 3097 572 3151 Ὀ
609 3096 668 3150 δέ
697 3097 968 3169 μακάριος
996 3098 1329 3164 Λουκιανὸς,
1379 3100 1455 3172 μὴ
1481 3100 1621 3171 ἔχων
1646 3103 1699 3156 τί
1728 3103 1866 3157 ἀπο-

272 3186 465 3244 δοῦναι
493 3185 574 3258 τῷ
610 3187 827 3258 πένητι,
869 3188 933 3241 τὸ
978 3188 1326 3259 περιϐόλαιον
1354 3190 1520 3244 αὑτοῦ
1555 3192 1869 3249 ἁποσκεπά-

278 3299 379 3347 σας
414 3281 660 3335 ἐπεδίδου
681 3322 697 3348 ,
749 3279 923 3351 λέγων
945 3298 959 3312 ·
987 3281 1212 3337 Εἶσελθε
1244 3284 1303 3336 ἐν
1333 3284 1400 3354 τῇ
1430 3283 1579 3338 πόλει
1602 3323 1620 3348 ρ
1653 3286 1746 3340 καὶ
1775 3286 1864 3341 πί-

277 3389 490 3444 πρασον
521 3371 700 3436 τοῦτο,
731 3372 825 3428 καὶ
847 3370 1056 3443 ὤνησαι
1084 3371 1304 3444 ἄρτους.

347 3463 443 3528 ς’.
480 3460 542 3515 ὐ
573 3461 631 3514 δὲ
675 3460 995 3529 Ἐπιφάνιος
1023 3461 1355 3533 προσέσχεν,
1386 3463 1470 3516 ὅτι
1500 3462 1579 3527 ὡς
1627 3464 1865 3518 ἀπεσκέ-

275 3570 451 3607 πασεν
480 3552 677 3606 ἑαυτὸν
700 3552 1017 3617 Λουκιανὸς.
1050 3553 1146 3608 καὶ
1167 3552 1368 3608 ἔδωκεν
1390 3553 1469 3625 τῷ
1499 3555 1710 3625 πένητι,
1741 3555 1868 3610 θεω-

278 3646 367 3717 ρέἰ
396 3643 598 3716 λευκὴν
625 3642 817 3715 στολήν
843 3642 940 3699 ἀπ’
969 3644 1202 3716 ούρανοῦ
1231 3645 1596 3701 κατελθοῦσαν
1622 3648 1716 3700 καὶ
1740 3665 1866 3702 σκεο

278 3728 531 3792 ⁴ιτᾶσασαν
558 3735 742 3789 αὐτόν.
780 3735 891 3789 Καὶ
932 3734 1178 3807 ἐφοϐήθη
1223 3736 1538 3805 Ἐπιφὰνιος
1577 3738 1741 3807 φόϐον
1773 3739 1867 3809 μέ-

279 3845 412 3897 γανο
460 3828 558 3881 καὶ
592 3824 774 3879 πεσὼν
821 3827 915 3880 ἐπὶ
957 3826 1269 3899 πρόσωπον,
1315 3828 1479 3899 ῥίψας
1520 3829 1712 3883 ἐαυτὸν
1757 3830 1867 3884 ἀπὸ

283 3917 602 3987 ὑποζυγίου,
626 3911 781 3970 εἶπεν
824 3917 959 3987 πρὸς
987 3918 1321 3971 Λουκιανόνο
1371 3919 1571 3987 Δέομαί
1614 3937 1729 3985 σου,
1774 3923 1866 3976 ἄν.

285 4010 493 4084 θρωπε,
534 4011 686 4065 εἰπόν
719 4027 839 4081 μοι’
868 4010 952 4073 τίς
972 4005 1063 4075 ei;
1099 4010 1159 4063 ὐ
1190 4010 1246 4063 δέ
1274 4011 1543 4083 μακάριος
1573 4014 1865 4077 Λουκιανὸς

286 4102 435 4160 εἶπεν
471 4105 613 4176 πρὸς
649 4103 999 4173 Ἑπιφάνιον·
1047 4101 1218 4157 Είπόν
1274 4120 1365 4174 μοι
1413 4102 1501 4169 σὺ,
1537 4103 1697 4167 ποίας
1735 4104 1866 4176 θρη-

288 4197 471 4261 σκείας
498 4196 788 4268 ὑπάρχεις,
810 4193 984 4267 ,κάγὼ
1014 4194 1299 4264 ἀναγγελῶ
1349 4212 1434 4249 σοι
1466 4196 1537 4250 τὰ
1576 4199 1696 4250 κατ’
1740 4199 1860 4267 ἐμέ.

295 4285 587 4357 Ἀπεκρίθη
640 4285 954 4355 Ἐπιφάνιος
975 4320 991 4349 ,
1044 4284 1138 4337 καὶ
1188 4279 1377 4338 εἶπεν
1418 4284 1668 4347 Ἰουδαῖός
1720 4286 1858 4355 ειμι.

1982 468 2275 536 accepisset
2308 465 2692 535 Epiphaniam,
2720 480 2846 518 eum
2880 463 3192 534 legisperito
3230 463 3410 516 statim
3444 464 3533 516 tle-

1977 558 2058 613 dit
2097 558 2150 610 in
2186 556 2378 610 lilium.
2428 553 2557 608 Erat
2590 554 2903 625 lt-gisperito
2926 554 3003 608 illi
3030 568 3231 607 nomen
3264 550 3541 622 Tryphon,

1977 649 2072 718 qui
2100 647 2293 702 babuit
2327 644 2493 709 filiam
2537 644 2894 715 unigenitum.
2923 644 3245 712 volebatque
3268 657 3390 696 eam
3409 642 3545 711 jun-

1973 756 2098 811 gere
2134 738 2453 809 Epiphanio.
2497 723 2511 735 ’

2052 830 2116 885 ν.
2158 831 2296 884 Cum
2328 830 2510 899 itaque
2533 826 2790 898 Tryphon
2833 824 3197 895 Epiphanium
3243 825 3547 894 accepisset

1975 924 2030 979 in
2072 922 2266 989 filium,
2317 935 2657 991 quaecunque
2714 930 2843 974 sunt
2888 919 3022 988 tegis
3081 933 3205 972 eum
3258 918 3547 988 diligenter

1973 998 2188 1077 docuit,
2218 1024 2271 1067 et
2300 1013 2567 1067 eiementa
2604 1008 2867 1065 llcbraica
2900 1016 3174 1064 accurate.
3214 1007 3424 1077 Mortua
3463 1018 3548 1064 est

1978 1115 2160 1161 autem
2192 1103 2297 1158 filia
2340 1102 2667 1174 Tryphonis,
2698 1101 2959 1171 solusque
2986 1100 3323 1180 Epiphanius
3347 1111 3464 1154 erat
3493 1100 3548 1154 in

1975 1195 2140 1251 domo
2177 1193 2321 1263 ejus,
2348 1192 2637 1263 proficiens
2669 1199 2828 1246 atate
2851 1197 2906 1244 et
2946 1190 3212 1259 sapientia
3258 1187 3544 1244 Hebraica.
3592 1200 3601 1209 '

1974 1288 2185 1344 Accidit
2220 1301 2373 1352 vero,
2408 1293 2466 1338 ut
2505 1282 2760 1355 Tryphon
2807 1295 3026 1351 quoque
3058 1277 3381 1334 decederet:
3428 1293 3581 1332 om-.

1977 1394 2182 1450 aesque
2224 1376 2507 1434 facultates
2541 1388 2669 1430 suas
2699 1371 2923 1442 reliquit
2947 1370 3292 1442 {Epiphania
3336 1368 3547 1423 Mortua

1975 1479 2060 1526 est
2099 1478 2280 1525 autem
2336 1478 2510 1523 mater
2564 1479 2785 1537 quoque
2839 1461 3149 1534 Epiphanii.
3195 1459 3301 1527 Qui
3340 1461 3551 1529 accepit

1977 1577 2217 1620 sororem
2247 1575 2402 1617 suam
2442 1560 2497 1614 in
2523 1559 2707 1624 domo,
2736 1571 2858 1626 quae
2891 1570 2922 1609 a
2958 1552 3249 1625 Tryphone
3289 1552 3393 1607 sibi
3426 1549 3551 1606 reli-

1975 1665 2058 1711 cta
2108 1653 2306 1708 fuerat.
2364 1648 2641 1718 Erantque
2686 1647 2849 1701 ambo
2900 1644 3048 1701 domi
3089 1644 3148 1697 in
3194 1656 3391 1712 magna
3430 1640 3550 1696 vita:

1907 1716 1947 1771 Β
1974 1739 2386 1810 tranquillitate,
2423 1716 2815 1791 convenienter
2846 1733 3130 1799 doctrina),
3187 1745 3355 1800 quam
3394 1744 3549 1787 accev

1977 1840 2225 1902 peranta
2265 1828 2582 1900 Tryphone.
2618 1826 2852 1898 Egresso
2902 1832 3084 1879 autem
3136 1820 3443 1892 Epiphanio
3493 1820 3549 1875 in

1973 1925 2157 1981 vicum
2184 1922 2240 1977 in
2269 1935 2381 1993 quo
2410 1929 2577 1976 natus
2630 1917 2829 1981 fuerat,
2876 1916 2934 1971 in
2977 1928 3092 1985 quo
3119 1914 3286 1969 etiam
3316 1913 3550 1969 habebat

1972 2011 2351 2083 possessiones
2403 2008 2625 2064 relictas
2664 2021 2695 2062 a
2741 2003 3054 2076 Tryphone.
3104 2002 3350 2059 occurrit
3383 2000 3438 2058 ei
3465 1999 3551 2056 vir

1970 2102 2199 2174 quidam
2226 2101 2593 2165 Christianus,
2619 2098 2839 2154 nomine
2867 2097 3163 2160 Lucianus,
3198 2094 3551 2151 admirandus

1969 2204 2025 2251 et
2067 2194 2337 2256 eruditus.
2383 2191 2479 2261 qni
2516 2192 2684 2246 vitam
2736 2188 3029 2245 exercebat
3072 2186 3458 2250 monasticam,
3495 2195 3550 2240 et

1970 2287 2237 2359 elegantis
2284 2285 2493 2341 librarii
2537 2291 2720 2339 artem
2779 2280 3027 2350 apprime
3061 2279 3341 2344 tenebat,
3389 2277 3551 2346 eique

1972 2388 2191 2436 strenue
2234 2389 2445 2431 navans
2500 2387 2743 2443 operam.
2799 2385 2865 2427 ex
2904 2384 2970 2425 ea
3025 2384 3221 2441 panem
3272 2368 3550 2438 ςυωτεὺαι

1969 2468 2414 2539 quotidianum;
2485 2472 2539 2520 et
2590 2462 2741 2533 quod
2801 2468 3084 2530 supererat
3114 2499 3135 2523 ,
3204 2457 3550 2528 impertiebat

1967 2559 2296 2632 egentibus.‘
2337 2557 2517 2626 Atque
2578 2553 2917 2625 Epiphanius
2969 2550 3187 2623 quidem
3240 2549 3550 2618 iumentum

1969 2651 2402 2710 conscenderat:
2453 2648 2646 2705 beatus
2681 2650 2865 2701 autem
2896 2643 3175 2701 Lucianus
3216 2641 3271 2694 in
3303 2641 3387 2695 via
3420 2655 3548 2694 am-

1970 2743 2211 2807 bulabat,
2239 2750 2294 2797 ct
2320 2740 2483 2796 ambo
2507 2739 2612 2795 sibi
2653 2737 2887 2792 invicem
2923 2746 3303 2793 occurrerunt.
3336 2732 3547 2792 Accidit

1969 2848 2118 2900 vero,
2143 2841 2202 2887 ut
2230 2846 2437 2902 pauper
2463 2829 2687 2899 quidam
2724 2827 2889 2898 pedes
2913 2824 3139 2882 Luciani
3170 2828 3549 2898 prebenderet,

1967 2931 2024 2980 et
2058 2922 2109 2979 ei
2140 2922 2347 2977 diceret
2366 2936 2395 2974 -:
2427 2917 2604 2974 Homo
2647 2916 2762 2984 Dei,
2796 2915 3059 2971 miserere
3092 2915 3197 2970 tnei
3219 2933 3233 2981 ;
3256 2916 3370 2985 jam
3402 2914 3548 2968 enim

1970 3023 2081 3071 tres
2110 3014 2230 3070 dies
2266 3027 2565 3082 permaneo
2593 3009 2838 3080 jejunus,
2877 3014 2935 3062 ut
2980 3009 3074 3078 qtti
3109 3004 3261 3063 nihil
3295 3006 3546 3062 habeam.

1968 3104 2167 3162 Beatus
2217 3113 2397 3160 autem
2456 3102 2754 3166 Lucianus,
2802 3116 2931 3157 cum
2978 3100 3118 3155 nihil
3172 3098 3337 3155 aliud.
3365 3108 3545 3167 posset

1967 3197 2098 3253 dare
2124 3195 2371 3267 pauperi,
2401 3209 2462 3250 se
2492 3194 2695 3248 amictu
2720 3206 2948 3257 exuens,
2976 3207 3101 3245 eum
3140 3190 3219 3244 illi
3251 3191 3439 3253 donat,
3465 3189 3547 3243 di-

1967 3302 2142 3343 cens:
2195 3283 2485 3357 Ingredere
2534 3283 2842 3347 civitatem,
2875 3292 2928 3336 et
2959 3283 3152 3346 vende,
3201 3292 3256 3336 et
3288 3298 3407 3335 etne
3451 3278 3550 3334 tibi

1967 3395 2155 3450 panes.
2772 3393 2777 3398 ’

2038 3468 2128 3525 γι.
2162 3468 2409 3526 Advertit
2454 3476 2639 3523 autem
2681 3464 3046 3536 Epiphanius.
3098 3463 3244 3534 quod
3296 3479 3422 3518 cum
3488 3478 3546 3518 se

1964 3562 2209 3619 exuisset
2249 3559 2548 3625 Lueianus,
2580 3566 2636 3614 et
2659 3556 2899 3613 dedisset
2938 3555 3187 3626 pauperi,
3219 3555 3385 3610 vestis
3408 3570 3542 3609 can-

1966 3653 2092 3710 dida
2121 3654 2193 3710 de
2234 3654 2374 3710 caelo
2401 3650 2737 3708 descendens
2768 3664 2895 3704 eum
2936 3656 3165 3703 texerat.
3206 3647 3406 3718 Magno
3438 3648 3545 3701 ita-

1965 3763 2074 3817 que
2114 3747 2306 3817 timore
2346 3744 2447 3798 fuit
2481 3742 2711 3797 aﬂectus
2746 3740 3108 3810 Epiphanius,
3142 3754 3460 3810 pronusque
3487 3740 3543 3793 in

1964 3836 2158 3891 faciem
2185 3834 2385 3890 cadens
2423 3850 2453 3887 e
2480 3832 2751 3899 iumento,
2794 3832 2932 3885 dixit
2968 3829 3249 3884 Luciano:
3280 3829 3432 3900 R030
3470 3838 3541 3894 te,

1964 3946 1999 3985 ο
2032 3930 2213 3994 homo,
2248 3926 2337 3982 die
2374 3923 2507 3979 mihi
2542 3942 2555 3977 ;
2592 3923 2846 3993 quisnam
2873 3922 2972 3976 es?
3000 3921 3199 3975 Beatus
3228 3931 3408 3976 autem
3439 3919 3544 3974 Lu-

1962 4024 2157 4078 cianus
2185 4020 2323 4076 dixit
2356 4015 2661 4088 Epiphanio
2693 4031 2713 4069 2
2746 4013 2841 4068 Dic
2872 4012 3001 4067 mihi
3036 4022 3114 4077 tu,
3144 4012 3434 4080 cujusuam
3466 4013 3545 4066 sis

1962 4104 2263 4182 religionis,
2311 4119 2366 4164 et
2410 4123 2515 4178 ego
2564 4120 2744 4160 meam
2799 4103 2899 4157 tibi
2936 4100 3192 4155 referam.
3242 4099 3543 4168 Respondit

1963 4198 2320 4270 Epiphanius,
2375 4206 2429 4252 et
2454 4195 2595 4250 dixit
2631 4212 2643 4247 :
2684 4192 2818 4245 Sum
2871 4188 3111 4245 Iudaeus.
3159 4186 3321 4243 Novit
3356 4189 3544 4255 itaque

1963 4292 2238 4347 Lucianus
2272 4288 2502 4360 gratiam
2532 4285 2626 4340 Dei
2657 4283 2919 4339 cecidisse
2951 4295 3113 4350 super
3143 4278 3536 4350 Epiphanium.

277 4372 465 4447 Ἔγνω
490 4374 586 4431 οὖν
602 4376 917 4440 Λουκιανὸς,
953 4377 1036 4429 ὅτι
1072 4376 1233 4447 χάρις
1259 4374 1395 4429 Θεοῦ
1426 4375 1694 4430 ἐπέπεσεν
1723 4377 1860 4448 πρὸς

1969 4380 2098 4436 Nam
2136 4378 2535 4450 praascientiam
2571 4389 2790 4445 quoque
2821 4374 3054 4430 habebat
3096 4371 3393 4427 Lucianus.
3440 4369 3541 4427 Ree

300 4470 607 4540 Ἑπιφὰνιον
627 4486 640 4500 ·
669 4465 738 4539 ἧν
766 4468 873 4540 γὰρ
901 4470 999 4521 καὶ
1037 4468 1345 4539 πρόγνωσιν
1373 4467 1512 4540 ἔχων
1542 4470 1856 4534 Λουκιανός.

295 4560 586 4634 Ἀπεκρίθη
633 4561 933 4624 Λουκιανὸς
981 4559 1120 4631 πρὸς
1182 4560 1532 4633 Ἐπιφάνιον’
1595 4561 1720 4625 Πῶς
1772 4563 1857 4628 σὺ,

294 4652 540 4731 Ἰουδαῖος
562 4650 663 4718 ῶν,
696 4653 985 4723 ἐπερωτᾷς
1014 4652 1337 4724 Χριστιανὸν
1372 4652 1568 4723 μαθεῖν
1595 4653 1677 4717 τίς
1707 4654 1856 4724 εἰμι;

284 4743 359 4795 ὅτι
410 4744 689 4814 βδέλυγμα
717 4745 772 4797 ot
811 4744 1053 4804 Ἰουδαῖοι
1107 4746 1218 4807 τοῖς
1266 4745 1612 4814 Χριστιανοῖς
1635 4786 1650 4810 ,
1686 4744 1780 4799 καὶ
1809 4746 1859 4798 οἱ

285 4829 595 4900 Χριστιανοὶ
622 4834 738 4895 τοῖς
770 4831 1063 4896 Ἰουδαίοις.
1091 4832 1222 4887 Ἰδοὺ
1245 4832 1312 4903 δὴ
1328 4833 1590 4903 ήκουσας,
1618 4835 1701 4888 ὅτι
1727 4836 1861 4907 Χρι-

285 4923 489 4987 στιανός
533 4924 650 4994 εἰμι
670 4940 685 4953 ·
714 4922 815 4977 οὐκ
850 4923 1061 4991 ἔξεστίν
1101 4941 1185 4977 σοι
1211 4923 1337 4980 ἄλλο
1376 4942 1430 4978 τι
1461 4924 1694 4980 ἀκοῦσαι
1726 4931 1858 4998 παρ’

285 5011 431 5080 ἐμοῦ.
464 5014 525 5066 ὐ
551 5013 611 5066 δέ
656 5014 977 5083 Ἑπιφάνιος
1015 5010 1171 5069 εἶπεν
1202 5015 1339 5086 πρὸς
1383 5017 1680 5071 Δουκιανόν
1700 5034 1713 5046 ·
1750 5018 1861 5071 Καὶ

284 5103 332 5155 τί
356 5102 551 5158 κωλύει
575 5104 673 5158 τοῦ
697 5105 791 5158 καὶ
813 5106 915 5174 ἐμὲ
939 5106 1192 5174 γενέσθαι
1218 5108 1579 5180 Χριστιανόνς
1602 5109 1859 5179 Ἀπεκρί-

286 5193 345 5264 θη
387 5196 686 5256 Λουκιανὸς
740 5197 835 5250 καὶ
875 5193 1031 5251 εἶπεν
1054 5216 1067 5230 -
1123 5199 1197 5252 Τὸ
1270 5199 1345 5270 μὴ
1392 5198 1567 5253 θέλειν
1624 5199 1821 5254 κωλύει
1844 5219 1857 5230 ·

285 5282 339 5337 τὸ
393 5285 505 5359 γὰρ
565 5286 742 5341 θέλειν
822 5289 902 5358 (a)
963 5290 1247 5360 πάρεστιν.
1302 5290 1743 5360 Κατανυχθέντος
1802 5292 1859 5346 δὲ

296 5370 608 5448 Ἐπιφανίου
662 5379 758 5432 ἐπὶ
826 5382 940 5443 τοῖς
1012 5380 1190 5449 λόγοις
1251 5381 1554 5436 Λουκιανοῦ
1579 5424 1594 5448 ,
1674 5383 1857 5436 οὐκέτι

287 5463 544 5538 ἐπορεύθη
567 5468 709 5540 πρὸς
735 5469 1024 5539 ἐπίσκεψιν
1047 5472 1147 5543 τῆς
1180 5471 1375 5527 ἐαυτοῦ
1407 5476 1654 5545 κτήσεως
1675 5491 1687 5503 ·
1720 5474 1855 5529 ἀλλὰ

291 5555 455 5611 λαϐὼν
482 5561 807 5627 Λουκιανὸν,
839 5563 1153 5633 εἰσήνεγκεν
1176 5565 1338 5620 αὑτὸν
1369 5569 1447 5631 εἰς
1466 5567 1558 5620 τὸν
1583 5562 1729 5623 οἷκον
1757 5569 1853 5621 αύ-

357 5672 428 5738 (αὶ
449 5673 710 5733 Fortasse
734 5676 1015 5734 δύνασθαι.

1961 4470 2182 4544 Spondit
2230 4484 2361 4539 ergo
2434 4466 2733 4529 Lucianus,
2786 4474 2844 4519 et
2890 4464 3028 4520 dixit
3074 4461 3421 4533 Epiphanio:
3473 4460 3540 4516 Et

1958 4562 2236 4632 quoattodo
2280 4569 2336 4615 tu
2368 4573 2495 4614 eum
2545 4557 2622 4612 sis
2656 4554 2899 4620 Judaeus,
2946 4569 3107 4624 rogas
3134 4553 3535 4619 Christianum,

1959 4655 2215 4725 quisnam
2266 4652 2379 4708 sit?
2414 4650 2727 4705 Abhorrent
2769 4648 2915 4703 enim
2964 4647 3263 4702 Christiani
3293 4644 3536 4709 Iudaeos,

1954 4756 2012 4801 et
2036 4745 2206 4801 Judaei
2231 4743 2601 4800 Christianos.
2635 4742 2774 4797 Ecce
2804 4739 3065 4795 audivisti
3110 4755 3197 4794 me
3226 4754 3353 4795 esse
3377 4738 3537 4793 Chri-

1958 4838 2195 4894 stianum
2226 4854 2241 4891 :
2276 4849 2386 4890 non
2414 4835 2544 4889 licet
2572 4835 2666 4889 tibi
2701 4834 2891 4889 audire
2916 4848 2986 4888 ex
3006 4848 3095 4888 me
3126 4832 3337 4902 aliquid
3362 4831 3533 4887 aliud.

1957 4928 2298 4999 Epiphanius
2331 4935 2518 4980 autem
2547 4925 2690 4980 dixit
2738 4923 2981 4979 aniano
3010 4941 3027 4979 :
3054 4922 3124 4979 Et
3170 4924 3301 4993 quid
3330 4924 3531 4988 obstat,

1953 5036 2068 5091 quo
2096 5021 2279 5075 minus
2306 5032 2410 5089 ego
2435 5032 2656 5088 quoque
2681 5017 2784 5070 sim
2812 5015 3199 5071 Christianus?
3239 5013 3536 5085 Respondit

1958 5112 2255 5175 Lucianus,
2288 5119 2346 5166 et
2377 5111 2517 5165 dixit
2548 5128 2561 5163 :
2599 5108 2655 5163 Id
2692 5124 2860 5161 unum
2912 5106 3112 5170 obstat,
3143 5106 3287 5177 quod
3340 5107 3484 5163 nolis
3514 5123 3531 5161 :

1952 5205 2083 5260 licet
2110 5204 2277 5269 enim,
2306 5205 2353 5257 si
2389 5203 2546 5256 vctis.
2586 5200 2814 5255 Luciaui
2842 5208 3021 5255 autem
3050 5199 3230 5255 verbis
3262 5214 3533 5270 compun-

1955 5307 2078 5351 Ctus
2117 5293 2476 5365 Epiphanius,
2514 5306 2621 5347 non
2679 5292 2915 5361 perrexit
2957 5291 3192 5361 amplius
3243 5290 3309 5346 ad
3338 5290 3533 5345 viden-

1952 5389 2078 5445 dam
2114 5403 2272 5443 suam
2319 5386 2719 5458 possessionem
2755 5402 2769 5440 :
2822 5384 2916 5440 sed
2947 5385 3155 5454 accepit
3199 5381 3528 5447 Lucianum,

1952 5490 2008 5537 et
2033 5480 2335 5536 introduxit
2375 5479 2429 5532 in
2459 5480 2683 5533 domum
2719 5492 2896 5544 suam,
2929 5492 3050 5547 qua:
3090 5478 3138 5531 ei
3185 5477 3371 5531 relicta
3421 5474 3533 5531 fue-

1958 5583 2061 5632 rat.
2100 5582 2153 5627 et
2184 5572 2420 5627 ostendit
2454 5570 2501 5626 ei
2529 5570 2733 5636 omnia,
2765 5586 2887 5640 qua:
2911 5569 3056 5624 domi
3088 5574 3268 5633 erant,
3295 5565 3485 5623 dicens
3512 5585 3527 5623 :
