3866 6066
248 188 326 242 35

1572 201 1629 255 S.
1674 200 2018 256 EPIPHANII
2066 204 2242 258 VITA.
3462 214 3549 280 54,

254 302 536 376 ἀδελφὴν,
572 309 675 361 καὶ
713 308 1006 362 Λουκιανὸν
1055 309 1170 378 μετ’
1217 311 1414 376 αὐτῶν,
1455 312 1510 376 ὃς
1546 315 1638 367 καὶ
1687 315 1870 385 πατὴρ

1979 327 2096 371 sent
2144 317 2432 391 participes
2481 318 2788 374 divinorum
2831 329 2883 375 et
2927 321 3313 378 inmortalium
3342 341 3533 382 sacra-

260 394 452 448 αὒτῶν
481 397 733 470 ἐγενήθη
761 401 852 452 ἐπὶ
877 400 968 453 τοῦ
1003 401 1156 468 ἁγίου
1192 401 1556 473 φωτίσματος.
1575 405 1631 456 '0
1662 403 1718 456 δέ
1744 404 1865 456 ἐπί-

269 501 481 549 σκοπος
516 487 747 552 διδάξας
778 491 972 553 αὐτοὺς
1005 491 1102 561 τὴν
1130 492 1342 544 ἃπασαν
1367 493 1708 557 ἀκολουθίαν,
1738 493 1867 547 ἐϐά-

275 595 471 630 πτισεν
507 579 738 643 αὐτούς.
771 580 889 634 Τῶν
915 581 970 633 δὲ
1007 581 1416 652 μεταλαϐόντων
1442 584 1548 637 τῶν
1589 584 1746 637 θείων
1777 585 1869 637 καὶ

280 668 572 722 ἀθανάτων
617 670 955 741 μυστηρίων,
987 671 1268 726 ἐκέλευσεν
1297 675 1325 724 ὁ
1355 674 1648 737 ἐπίσκοπος
1673 675 1870 737 αὐτοὺς

293 762 406 831 μετ’
433 760 600 814 αὐτοῦ
639 761 700 814 τὸ
731 761 947 832 ἄριστον
980 763 1221 831 ποιῆσαι,
1255 763 1454 833 ὁμοίως
1488 764 1667 833 μένειν
1693 764 1789 826 τὰς
1825 765 1868 826 ζ’

292 852 499 922 ἡμέρας
519 853 579 905 ἐν
601 852 681 923 τῷ
708 852 1028 923 ἐπισκοπίῳ.
1056 853 1208 906 Μετὰ
1231 853 1288 905 δὲ
1318 852 1415 916 τὰς
1449 856 1491 918 ζ’
1522 855 1734 926 ⁴ἡμέρας
1756 854 1870 907 ἕλα-

290 943 385 995 ϐεν
423 943 742 1012 Ἑπιφᾲνιος
776 943 1091 1006 Λουκιανδν,
1124 944 1218 997 καὶ
1259 944 1522 1014 Βερνίκην
1566 946 1664 1018 τὴν
1707 947 1869 1015 ἁγίαν

290 1034 583 1105 παρθένον,
643 1035 768 1104 ἥτις
805 1034 1019 1101 ἐγένετο
1047 1037 1228 1107 μήτηρ
1252 1037 1351 1107 τῆς
1371 1037 1603 1108 ἀδελφῆς
1639 1039 1869 1107 Ἐπιφα-

223 1142 226 1145 ·
287 1126 426 1184 νίου,
459 1125 555 1176 καὶ
601 1126 920 1194 εἰσήνεγκεν
959 1124 1154 1188 αὐτοὺς
1191 1128 1247 1179 ἐν
1275 1127 1352 1196 τῷ
1375 1127 1506 1198 οἴκῳ
1540 1127 1738 1180 αὐτοῦ’
1777 1130 1870 1182 καὶ

287 1213 471 1266 λαϐὼν
499 1214 646 1284 χίλια
670 1215 997 1285 νομίσματα,
1024 1213 1220 1268 ἔδωκεν
1239 1219 1304 1287 τῇ
1328 1218 1579 1288 Βερνίκῃ,
1612 1220 1703 1272 καὶ
1726 1236 1868 1290 παρ-

289 1307 494 1358 έδωκεν
543 1306 678 1376 αὐτῇ
733 1307 826 1358 καὶ
854 1306 952 1377 τὴν
980 1307 1144 1361 αὑτοῦ
1191 1308 1421 1379 ἀδελφὴν
1453 1305 1562 1378 (ἦν
1589 1309 1698 1380 γὰρ
1731 1309 1867 1381 αὕτη

288 1389 538 1466 ἄρχουσα
570 1395 661 1450 καὶ
685 1395 858 1449 ἄλλων
887 1397 1217 1466 παρθένων),
1254 1400 1346 1451 καὶ
1373 1398 1677 1469 ἐξέπεμψεν
1703 1401 1868 1470 αὐτὴν

293 1489 412 1557 μετ’
443 1487 633 1557 αὐτῆς,
654 1487 712 1540 '0
738 1487 792 1540 δὲ
837 1486 1152 1556 Ἐπιφάνιος
1177 1490 1530 1555 διαπωλήσας
1559 1491 1758 1554 πάντα,
1801 1492 1870 1544 δι-

249 1585 253 1588 ’
290 1576 496 1629 έδωκεν
517 1577 631 1638 τοῖς
664 1577 854 1646 χρείαν
882 1577 1111 1646 ἔχουσιν,
1139 1579 1467 1647 καταλείψας
1497 1581 1672 1651 ἐαυτῷ
1702 1589 1753 1651 μ’
1789 1600 1865 1636 νο·

1971 417 2298 472 mentorum,
2323 407 2488 477 jussit
2513 411 2801 479 episcopus
2828 426 2924 466 eos
2955 413 3242 480 prandere,
3281 415 3534 472 similiter

1970 507 2023 552 et
2072 512 2291 553 manere
2339 509 2543 567 septem
2573 499 2689 555 dies
2717 501 2773 555 in
2799 501 3138 570 cpiscOpatu.
3171 501 3300 558 Post
3331 515 3535 573 septem

1969 597 2148 642 autem
2181 589 2296 643 dies
2325 591 2536 658 accepit
2563 591 2894 662 Epiphanius
2927 593 3252 658 Lucianum,
3285 607 3338 651 et
3372 596 3538 652 Vero-

1970 681 2145 736 nicam
2190 694 2431 740 sanctam
2475 689 2760 758 virginem,
2799 707 2921 759 quae
2973 692 3188 760 quidem
3236 692 3337 747 fuit
3380 708 3542 748 soror

1970 775 2159 828 matris
2180 776 2349 845 ipsius
2373 777 2680 848 Epiphanii,
2705 790 2759 834 et
2785 782 3086 838 introduxit
3110 799 3204 838 eos
3233 784 3287 838 in
3313 785 3536 838 doruum

1969 880 2123 919 suam
2169 884 2182 919 :
2231 869 2542 937 accepitque
2595 871 2740 925 mille
2790 887 3070 938 nummos,
3129 885 3182 927 et
3219 875 3364 930 dedit
3388 876 3458 941 ei,
3486 885 3540 932 et

1972 970 2218 1012 sororem
2255 974 2407 1013 suam
2434 959 2454 1028 (
2477 976 2602 1016 nam
2633 977 2694 1016 ea
2724 977 2940 1031 quoque
2972 964 3093 1019 aliis
3116 976 3345 1033 praeerat
3370 968 3540 1036 virgi-

1972 1046 2173 1117 nibus)
2225 1049 2371 1103 misit
2401 1065 2521 1104 cum
2549 1067 2631 1105 ea.
2667 1053 3232 1122 Epiphaniusautem,
3267 1071 3389 1109 cum
3421 1072 3540 1112 0m-

1973 1135 2060 1190 nia
2118 1138 2466 1206 vendidisset,
2517 1141 2665 1196 dedit
2729 1143 3122 1214 indigentibus,
3179 1147 3384 1201 relictis
3436 1147 3539 1202 sibi

1971 1228 2328 1298 quadraginta
2381 1232 2620 1287 nummis
2667 1233 2732 1288 ad
2785 1233 3002 1289 divinos
3039 1235 3339 1306 vitalesque
3371 1236 3540 1292 libros

1972 1319 2405 1386 comparandos;
2456 1333 2509 1375 et
2552 1337 2582 1376 e
2632 1323 2852 1380 civitate
2881 1341 3134 1396 egressus
3159 1337 3242 1382 est
3272 1343 3393 1382 eum
3427 1327 3534 1380 Lu-

1971 1407 2150 1472 ciano,
2183 1413 2437 1479 quoniam
2467 1415 2512 1469 is
2549 1426 2928 1473 construxerat
2975 1419 3076 1473 sibi
3120 1420 3537 1474 monasterium.

1974 1496 2217 1554 Habebat
2251 1513 2431 1559 autem
2484 1520 2668 1560 secum
2716 1509 2902 1564 decem
2936 1511 3257 1572 monachos,
3288 1512 3379 1577 qui
3419 1512 3543 1580 qui-

1978 1587 2094 1640 dem
2130 1589 2299 1645 libros
2329 1593 2617 1663 diligenter
2649 1597 2968 1663 scribentes,
3000 1614 3066 1654 ex
3097 1601 3164 1654 iis
3199 1601 3301 1655 sibi
3334 1601 3540 1654 vietum

295 1669 544 1737 μίσματα
574 1669 666 1720 ἐπὶ
692 1668 752 1719 τό
781 1669 1080 1740 κτήσασθαι
1111 1670 1206 1733 τὰς
1229 1669 1480 1734 θεοειδεῖς
1509 1672 1605 1724 καὶ
1625 1671 1862 1735 ζωτικάς

1981 1679 2259 1745 parabant.
2297 1655 2789 1753 EratvEpiphanius
2818 1655 3035 1755 quando
3081 1687 3183 1744 fuit
3213 1691 3539 1752 monachus,

293 1758 511 1828 βίϐλους
529 1775 541 1787 ·
591 1759 684 1811 καὶ
711 1758 929 1828 ἐξῆλθεν
960 1760 1067 1812 ἀπὸ
1093 1761 1188 1830 τῆς
1216 1761 1420 1824 πόλεως
1467 1759 1601 1829 μετά
1631 1763 1860 1816 Λουκια-

1981 1767 2248 1823 sexdecim
2278 1787 2451 1826 annos
2481 1783 2657 1829 natus.

291 1850 415 1902 νοῦ·
447 1851 530 1902 ὅτι
559 1851 854 1914 Λουκιανὸς
907 1847 975 1921 ἦν
1011 1855 1367 1923 μοναστήριον
1431 1854 1604 1925 ἐαυτῷ
1658 1858 2092 1928 συστησάμενος,
2148 1862 2282 1933 έχων
2343 1866 2460 1936 μεθ’
2523 1868 2710 1922 ἐαυτοῦ
2757 1869 2887 1923 δέκα
2938 1871 3149 1941 μονοὺς,
3195 1871 3386 1936 οἵτινες
3443 1874 3544 1935 τὰς

291 1943 508 2007 δέλτους
549 1944 799 2015 ἐμπόνως
839 1946 1160 2016 γράφοντες,
1221 1948 1320 2019 τὴν
1365 1949 1569 2002 ἑαυτῶν
1602 1951 1807 2021 τροφὴν
1859 1953 1916 2018 ἐξ
1978 1954 2153 2008 αὐτῶν
2195 1958 2638 2030 ἐπορίζοντο.⁷Ην
2683 1964 2741 2017 δὲ
2789 1966 3100 2034 Ἐπιφάνιος
3146 1967 3341 2031 δεκαὲξ
3381 1967 3541 2031 ὲτῶν,

291 2042 380 2093 ὅτε
416 2043 440 2094 ἐ
451 2041 703 2110 μόνασεν.

361 2133 441 2184 8'.
482 2127 591 2185 Ἦν
630 2132 686 2185 δέ
731 2135 789 2186 ἐν
821 2133 898 2204 τῷ
928 2137 1276 2208 μοναστηρίῳ
1303 2138 1600 2191 Λουκιανοῦ
1639 2139 1868 2210 μοναχός

292 2239 377 2284 τις
407 2221 634 2291 ὀνόματι
673 2221 938 2293 Ὶλαρίων,
967 2223 1218 2296 δεύτερος
1240 2227 1562 2294 Λουκιανοῦ,
1597 2229 1714 2292 νέος
1741 2246 1869 2297 τυγ-

295 2315 494 2384 χάνων,
524 2313 774 2383 σημείοις
805 2314 1020 2378 πολλοῖς
1052 2318 1482 2388 κεκοσμημένος.
1518 2318 1674 2373 Κατὰ
1702 2319 1871 2390 μίμη-

297 2423 380 2457 σιν
406 2405 462 2456 δὲ
504 2404 693 2456 τούτου
717 2405 882 2475 ἤγετο
914 2405 1007 2459 καὶ
1031 2405 1188 2470 ἄλλος
1217 2425 1299 2470 τις
1323 2408 1606 2473 Κλαύδιος.
1639 2409 1870 2473 Τούτους

301 2494 423 2546 ἰδὼν
462 2495 775 2563 Ἐπιφάνιος
812 2495 1078 2566 ἐζήλωσεν
1126 2500 1182 2550 ἐν
1217 2498 1384 2568 καλῷ.
1420 2500 1529 2552 Kal.
1573 2500 1678 2571 γὰρ
1708 2502 1736 2552 ὁ
1771 2499 1870 2570 μέ-

302 2603 402 2652 γας
437 2586 740 2648 Λουκιανὸς
785 2587 1097 2656 παρέδωκεν
1135 2588 1449 2656 Ἐπιφάνιον
1502 2589 1577 2660 τῷ
1631 2591 1869 2662 μεγίστῳ

308 2677 590 2746 ἰλαρίωνι,
629 2679 779 2740 ὅπως
822 2678 1018 2743 διδάξει
1075 2680 1235 2732 αὐτὸν
1282 2680 1377 2744 τὰς
1433 2681 1583 2744 Θείας
1628 2684 1868 2754 Γραεράς.

294 2766 402 2818 Τοῦ
430 2767 485 2818 δέ
512 2768 828 2835 Ἐπιφανίου
857 2771 1106 2839 ἐμπόνως
1139 2771 1472 2842 ἐπιτήδευμα
1505 2773 1744 2842 ἔχοντος,
1778 2773 1872 2826 καί⁸

293 2859 424 2926 περὶ
476 2856 546 2909 τὰ
596 2857 700 2927 ἧθη
752 2861 821 2911 τά
882 2860 1092 2930 χρηστὰ
1140 2860 1234 2913 τοῦ
1276 2861 1576 2932 ἰλαρίωνος
1615 2864 1874 2934 παραδεί-

2046 2140 2131 2193 IX.
2179 2139 2305 2194 Erat
2353 2152 2529 2197 autem
2579 2145 2635 2197 in
2672 2145 3004 2198 monasterio
3048 2145 3270 2200 Luciani
3319 2147 3542 2216 quidam

1976 2229 2296 2293 monachus,
2330 2231 2549 2285 nomine
2597 2230 2861 2297 Hilarion,
2892 2233 3165 2288 secundus
3212 2250 3242 2288 a
3272 2233 3541 2296 Luciano,

1973 2328 2130 2374 aetate
2152 2320 2388 2390 juvmis,
2424 2331 2477 2375 et
2508 2311 2694 2376 multis
2737 2324 3015 2378 miraculis
3056 2335 3299 2380 ornatus.
3333 2327 3546 2380 Adeu-

1966 2412 2058 2481 jus
2109 2411 2463 2467 imitationem
2508 2414 2892 2469 instituebatur
2928 2416 3089 2469 ctiam
3139 2416 3298 2480 alius,
3327 2417 3549 2470 nomine

1974 2499 2251 2553 Claudius.
2284 2500 2388 2554 Eos
2418 2516 2541 2555 cum
2571 2501 2798 2556 vidisset
2828 2501 3183 2571 Epiphanius,
3213 2501 3433 2570 pulchre
3463 2512 3547 2557 est

1976 2590 2284 2642 aemulatus.
2327 2587 2554 2657 Magnus
2602 2589 2747 2643 cnim
2798 2587 3071 2643 Lueianus
3121 2591 3270 2644 dedit
3315 2589 3548 2660 Epipha-

1979 2681 2126 2735 nium
2159 2681 2397 2734 maximo
2428 2679 2713 2746 Hilarioni,
2745 2690 2803 2734 ut
2836 2680 3053 2735 doceret
3091 2696 3214 2735 eum
3254 2679 3542 2752 [scriberc}

1978 2772 2188 2826 divinas
2210 2770 2538 2840 Scripturas.
2563 2771 2896 2841 Epiphanius
2919 2779 3099 2826 autem
3131 2771 3407 2826 laborioso
3427 2783 3550 2826 stu-

1979 2863 2070 2915 dio
2128 2861 2360 2925 deditus,
2391 2871 2444 2916 et
2503 2861 2674 2916 bonos
2732 2877 2910 2916 mores
2942 2860 3237 2916 llilariOnis
3290 2861 3548 2931 efﬁngens
3631 2867 3640 2871 ’

293 2961 392 2996 σου
417 2944 493 3012 (τι)
514 2944 910 3014 κυκλουμένου,
944 2947 1278 3019 προέκοπτεν
1310 2952 1376 3018 τῇ
1403 2950 1497 3003 τοῦ
1523 2952 1761 3020 Χριστοῦ
1785 2953 1873 3022 χά-

1984 2951 2292 3013 traditione,
2327 2951 2642 3018 proficiebat
2664 2951 2720 3006 in
2755 2951 2850 3006 Dei
2873 2952 3046 3022 gratia
3068 2960 3122 3006 et
3149 2960 3268 3006 arte
3295 2951 3548 3020 pulcher-

293 3053 426 3105 ριτι,
463 3037 554 3087 καὶ
585 3039 653 3106 τῇ
694 3035 857 3107 τέχνῃ
900 3041 963 3108 τῇ
1013 3039 1294 3111 καλλίστῃ.
1330 3041 1535 3112 Συνέϐη
1566 3043 1621 3095 δὲ
1653 3043 1741 3095 τὸν
1786 3043 1872 3112 μέ-

288 3142 396 3192 γαν
438 3115 736 3182 Λουκιανὸν
766 3127 1001 3193 ἐξελθεῖν
1023 3130 1114 3182 τὸν
1146 3130 1595 3202 βίον.Ὲκράτῃσε
1644 3133 1699 3185 δὲ
1743 3133 1874 3186 Ἱλα-

293 3217 349 3287 ρι’
354 3236 430 3268 ων
461 3217 555 3270 τοῦ
573 3217 737 3288 χοροῦ
766 3220 872 3272 τῶν
903 3220 1166 3288 ἀδελφῶν,
1192 3221 1282 3274 καὶ
1305 3217 1372 3290 ἦν
1394 3221 1607 3292 άληθῶς
1636 3223 1762 3275 ἰδεῖν
1784 3223 1874 3276 τὸν

287 3308 458 3360 τόπον
489 3310 718 3374 ἐκεῖνον,
749 3309 846 3379 οὐχ
875 3311 950 3374 ὡς
980 3309 1278 3381 ἀνθρώπων
1299 3310 1585 3364 οἰκούντων
1615 3315 1673 3364 ἐν
1705 3313 1870 3383 αὐτῷ,

287 3400 368 3462 ὡς
417 3400 590 3467 ἁγίων
635 3401 882 3469 ἀγγέλων
925 3402 1380 3472 λειτουργούντων
1404 3403 1483 3473 τῷ
1512 3403 1874 3475 φιλανθρώπῳ

289 3493 390 3543 καὶ
418 3491 673 3561 παναγίῳ
703 3488 950 3561 ΘεῷῘΗν
972 3493 1026 3544 δὲ
1053 3495 1084 3564 ἡ
1109 3494 1279 3564 τροφὴ
1309 3492 1402 3545 τοῦ
1443 3494 1714 3566 μακαρίου
1743 3495 1874 3547 Ἱλα-

290 3581 486 3654 ρίωνος
533 3584 716 3654 ἄρτος,
771 3585 864 3637 καὶ
913 3584 1064 3648 ἅλας,
1093 3588 1189 3638 καὶ
1238 3585 1380 3656 ὕδωρ
1406 3585 1875 3658 μέτριον.Ἥσθιεν

287 3675 348 3726 δὲ
375 3673 464 3726 διὰ
489 3674 584 3726 δύο
610 3673 863 3745 ἡμερῶν·
899 3675 1156 3738 πολλάκις
1182 3675 1237 3729 δὲ
1262 3677 1355 3729 καὶ
1383 3677 1470 3730 διὰ
1501 3677 1669 3747 τριῶν
1689 3693 1702 3708 ·
1733 3676 1877 3729 πλει-

289 3765 488 3828 στάκις
531 3764 592 3818 δὲ
637 3766 732 3818 καὶ
769 3764 856 3818 διὰ
882 3766 1161 3837 τεσσάρων
1199 3767 1294 3819 καὶ
1321 3766 1630 3838 ἑϐδομάδος.
1661 3766 1875 3837 Ταύτην

290 3859 396 3929 τὴν
432 3856 712 3910 πολιτείαν
745 3857 1059 3923 ἐπελέξατο,
1094 3858 1186 3910 καὶ
1229 3859 1526 3928 ἐκράτησεν
1565 3858 1876 3926 Ἐπιφάνιος

291 3949 514 4002 ἅπαντα
556 3948 649 4000 τὸν
699 3949 886 4019 χρόνον
929 3949 1026 4018 τῆς
1060 3948 1204 4018 ζωῆς
1248 3945 1551 4002 αύτοῦ.⁷Ην
1575 3948 1632 4000 δέ
1663 3949 1757 4000 καὶ
1780 3949 1874 4002 ἅν-

291 4037 453 4106 υδρος
485 4038 514 4087 ὀ
547 4036 732 4098 τόπος.

365 4127 420 4178 l'.
461 4125 599 4178 Ποτέ
625 4123 778 4192 γοῦν,
812 4125 1104 4197 ὁδοιπόρων
1132 4124 1487 4178 εἰσελθόντων
1520 4127 1577 4177 ὲν
1603 4123 1876 4196 τῷ’μονα-

293 4217 526 4286 στηρίῳ,
554 4218 649 4269 καὶ
697 4211 839 4269 οἶνον
881 4217 1270 4286 ἐπιφερόντων,
1304 4215 1397 4268 καὶ
1422 4215 1702 4286 καύματος
1733 4232 1877 4285 σφο-

1978 3042 2134 3096 rima.
2187 3040 2424 3111 Contigit
2468 3057 2613 3105 vero,
2657 3051 2718 3094 ut
2759 3057 2990 3112 magnus
3030 3041 3303 3096 Lucianus
3356 3057 3387 3096 e
3437 3042 3547 3094 vita

1978 3131 2215 3185 humana
2265 3131 2567 3186 excederet.
2593 3129 2816 3184 Praefuit
2865 3141 3044 3186 autem
3093 3130 3332 3186 Hilarion
3383 3131 3551 3185 choro

1981 3221 2248 3274 fratrum:
2282 3237 2512 3290 vereque
2568 3221 2761 3275 licebat
2813 3221 2994 3275 videre
3041 3238 3164 3276 eum
3211 3222 3410 3284 locum,
3440 3238 3546 3274 nan

1979 3320 2236 3380 tanquam
2282 3310 2334 3364 in
2377 3325 2442 3365 eo
2485 3311 2732 3366 homines
2780 3312 3107 3374 habitarent,
3148 3311 3240 3366 sed
3291 3320 3548 3376 tanquam

1979 3395 2150 3456 sancti
2201 3401 2374 3470 angeli
2428 3401 2803 3456 ministrarent
2843 3385 3196 3456 sanctissimo
3241 3411 3294 3456 et
3337 3401 3552 3455 raise-i-

1979 3492 2130 3548 cordi
2163 3491 2294 3548 Deo.
2332 3492 2460 3546 Erat
2509 3494 2653 3548 enim
2692 3495 2833 3549 beati
2861 3492 3151 3547 Hilarionis
3182 3491 3357 3556 cibus,
3394 3493 3550 3559 panis

1979 3597 2031 3641 et
2080 3587 2178 3650 sal,
2209 3597 2262 3640 et
2315 3587 2585 3641 modicum
2633 3600 2805 3655 aquae.
2838 3586 3166 3641 Comedebat
3215 3593 3394 3637 autem
3427 3591 3551 3652 post

1979 3678 2119 3733 duos
2167 3677 2304 3743 dies,
2334 3693 2477 3747 saepe
2527 3679 2692 3732 etiam
2747 3687 2867 3748 post
2913 3687 3045 3743 tres,
3074 3676 3369 3745 saepissime
3422 3687 3552 3728 vero

1981 3781 2098 3838 posr
2127 3782 2385 3838 quatuor,
2415 3769 2498 3823 vel
2540 3780 2658 3838 post
2712 3769 3129 3823 hebdomadam.
3161 3767 3274 3822 lloc
3298 3767 3420 3819 vitae
3467 3765 3552 3817 in-

1982 3861 2225 3914 stitutum
2271 3860 2430 3929 elegit
2473 3861 2809 3928 Epiphanius
2843 3869 2957 3912 toto
2990 3870 3228 3927 tempore
3265 3861 3384 3911 vita:
3413 3872 3546 3910 sure.

1983 3951 2108 4005 Erat
2136 3960 2316 4005 autem
2357 3951 2443 4003 ille
2470 3951 2624 4005 locus
2647 3951 2767 4004 sine
2797 3963 2958 4019 aqua.

2051 4126 2117 4181 X.
2159 4126 2295 4183 Cum
2327 4137 2506 4180 autem
2540 4125 2832 4196 aliquando
2859 4124 3092 4178 viatores
3117 4119 3344 4190 ingrcssi
3368 4128 3550 4173 essent

1982 4221 2396 4285 monasterium,
2428 4219 2614 4272 vinum
2661 4218 2965 4280 afferentes,
3006 4227 3117 4284 quo
3164 4223 3404 4280 tempore
3435 4221 3550 4264 erat

289 4308 554 4378 δροτάτου
582 4307 736 4369 ὄντος
768 4307 854 4360 διὰ
886 4307 984 4377 τὴν
1031 4305 1228 4377 πολλὴν
1259 4305 1440 4375 δίψαν,
1481 4305 1788 4374 κατέψυξαν
1819 4309 1873 4359 ἐν

1979 4317 2144 4363 aestus
2187 4307 2710 4371 vehementissimus,
2761 4306 2848 4360 siti
2899 4304 3012 4358 fere
3060 4301 3548 4366 enecabantur,"et

289 4399 372 4467 τῷ
411 4397 792 4468 μοναστηρίῳο
829 4400 922 4450 καὶ
953 4397 1161 4468 ᾔτησαν
1205 4396 1368 4467 ὕδωρ,
1401 4395 1539 4448 ὥστε
1591 4399 1754 4458 πιεῖν,
1787 4396 1879 4449 καὶ

291 4492 394 4557 οὐχ
424 4488 620 4558 εὑρέθη
656 4486 800 4557 ὕδωρ
845 4483 917 4538 ἐν’
944 4487 1022 4556 τῷ
1061 4487 1232 4556 τόπῳ.
1251 4486 1384 4538 Ἀπὸ
1426 4485 1532 4555 γὰρ
1569 4484 1811 4555 σημείων
1841 4493 1880 4536 ε’

296 4581 544 4649 ὖπῆρχεν
589 4580 652 4631 τὸ
697 4578 869 4649 ὓδωρο
901 4583 966 4648 τῇ
1003 4575 1096 4632 οὖν
1130 4579 1282 4631 νυκτὶ
1314 4578 1636 4648 ἐπορεύοντο
1667 4578 1879 4638 ἑαυτοῖς

292 4678 344 4728 οἱ
372 4672 612 4741 ἀδελφοὶ,
649 4671 746 4723 καὶ
780 4671 1056 4741 ἐγέμιςον.
1095 4668 1215 4720 Τῶν
1267 4667 1323 4719 δὲ
1366 4667 1662 4738 ὁδοιπόρων
1707 4665 1883 4718 ἐκλει-

298 4763 510 4816 πόντων
549 4763 637 4814 διὰ
675 4763 774 4831 τὴν
806 4761 985 4830 δίψαν,
1020 4761 1260 4822 ἅπαντες
1290 4759 1339 4810 οἱ
1369 4757 1587 4827 ἀδελφοὶ
1622 4757 1882 4810 ἐπένθουν

296 4859 387 4909 ἐπ’
441 4859 645 4920 αὐτοῖς.
679 4858 736 4909 Ὀ
787 4857 842 4908 δὲ
887 4857 1204 4924 Ἐπιφάνιος
1255 4853 1498 4916 ἐκτείνας
1553 4853 1649 4921 τὴν
1701 4854 1878 4920 χεῖρα,

299 4949 394 5003 ιισὶ
423 4949 758 5020 δραξάμενος
793 4947 885 5004 τοῦ
917 4941 1108 5009 ἀσκοῦ,
1141 4944 1268 4999 ἔνθα
1290 4946 1318 4996 ὁ
1342 4941 1484 5005 οἶνος
1516 4945 1779 5012 ὑπῆρχεν,
1806 4938 1883 4993 εἷ-

298 5057 429 5094 πενο
457 5039 817 5102 Πιστεύσατε,
848 5037 1088 5106 ἀδελφοὶ,
1119 5038 1202 5088 ὅτι
1232 5038 1260 5088 ὁ
1293 5037 1524 5104 ποιήσας
1551 5033 1609 5086 τὸ
1643 5033 1786 5102 ὕδωρ
1811 5029 1882 5085 οἷ-

293 5147 408 5190 νον,
449 5131 668 5200 ποιήσει
716 5130 813 5181 καὶ
843 5128 932 5179 τὸν
960 5123 1101 5180 οἶνον
1131 5126 1308 5196 ὔδωρ·
1354 5127 1449 5178 καὶ
1496 5125 1589 5176 ἐπὶ
1628 5122 1706 5192 τῷ
1738 5123 1881 5190 λόγῳ

307 5221 654 5288 Ἐπιφανίου,
689 5221 738 5271 οἰ
786 5218 1114 5288 πλησθέντες
1165 5218 1322 5270 ἀσκοὶ
1371 5217 1537 5277 οίνου,
1572 5214 1881 5285 ηὑρέθησαν

291 5311 632 5382 πλησθέντες
681 5309 903 5370 ὓδατοςσ
935 5310 1027 5361 καὶ
1058 5307 1312 5368 λαϐόντες
1342 5307 1390 5357 oi
1423 5306 1690 5375 ὁδοιπόροι
1732 5303 1882 5354 ἔπιον

289 5403 396 5459 καὶ
425 5403 597 5463 αὐτοὶ,
631 5400 727 5452 καὶ
754 5397 824 5450 τὰ
852 5401 1019 5468 κτήνη
1050 5397 1250 5461 αὐτῶν,
1284 5395 1376 5448 καὶ
1401 5395 1529 5464 ἔστη
1557 5396 1590 5464 ἡ
1623 5393 1767 5463 ψυχὴ
1793 5393 1885 5443 αύ-

378 5577 451 5643 (a)
492 5573 664 5628 Aliter
691 5569 821 5640 legit
855 5570 1134 5641 interpres,
1171 5584 1358 5639 ncmpe
1391 5567 1713 5638 παραδόσει.

1979 4399 2250 4467 petierunt
2276 4414 2474 4468 aquam
2497 4399 2563 4452 ad
2595 4397 2909 4462 bibendum,
2940 4409 3038 4449 nec
3059 4393 3274 4448 inventa
3306 4401 3388 4446 est
3411 4405 3552 4460 aqua

1980 4490 2032 4542 in
2070 4489 2160 4543 illo
2196 4489 2335 4545 loco.
2372 4489 2574 4544 Aberat
2623 4489 2768 4542 enim
2805 4503 2945 4557 aqua
2994 4486 3059 4540 ad
3088 4486 3328 4555 quinque
3357 4484 3550 4536 millia-

1982 4582 2084 4635 ria.
2119 4579 2272 4634 lbant
2307 4596 2437 4636 vero
2469 4591 2654 4643 noctu,
2695 4589 2748 4633 et
2794 4577 3137 4648 aquabantur
3169 4574 3382 4629 fratres.
3413 4573 3550 4627 Cu'm

1981 4683 2170 4746 autem.
2221 4672 2452 4726 viatores
2502 4679 2721 4740 propter
2775 4671 2918 4725 sitim
2977 4667 3292 4731 deficerent,
3353 4665 3550 4718 fratres

1983 4777 2197 4832 propter
2240 4779 2335 4818 eos
2389 4764 2662 4832 lugebant.
2702 4760 3040 4830 Epiphanius
3068 4766 3246 4812 autem
3281 4771 3404 4810 cum
3436 4755 3549 4808 lna-

1981 4871 2112 4907 num
2163 4857 2512 4921 extendisset,
2557 4866 2610 4909 et
2653 4865 2828 4908 utrem
2883 4852 3278 4921 prehendisset,
3317 4850 3405 4902 ubi
3435 4857 3548 4902 erat

1981 4947 2169 4999 vinum
2203 4967 2214 5000 :
2249 4947 2482 5011 Credite,
2523 4948 2716 5014 inquit,
2759 4940 2973 5005 fratres,
3026 4944 3161 5011 quod
3209 4942 3300 5009 qui
3355 4955 3549 5007 aquam

1981 5035 2109 5089 fecit
2138 5037 2344 5098 vinum,
2372 5038 2555 5089 vinum
2584 5051 2800 5104 quoque
2823 5050 3019 5102 aquam
3051 5032 3225 5085 faciet.
3249 5030 3311 5082 Et
3336 5040 3550 5098 propter

1981 5140 2285 5179 scrmuucm
2335 5125 2638 5194 Epiphanii,
2668 5135 2834 5189 utres,
2869 5123 2962 5192 qui
3018 5123 3142 5173 vino
3189 5120 3331 5188 pleni
3374 5129 3549 5180 erant,

1983 5215 2184 5270 inventi
2210 5226 2337 5270 sunt
2363 5233 2504 5285 aqua
2536 5219 2697 5286 pleni.
2722 5215 2895 5282 Quam
2919 5229 3042 5268 cum
3072 5211 3414 5280 accepissent
3441 5209 3551 5261 via-

1983 5317 2144 5371 tores,
2176 5307 2448 5369 lriberunt,
2473 5316 2526 5360 et
2548 5308 2710 5361 etiam
2743 5309 2988 5377 jumenta
3020 5319 3213 5358 eorum
3240 5319 3260 5357 ε
3300 5301 3550 5368 stetitque

1982 5399 2162 5452 anima
2197 5414 2382 5453 eorum
2422 5399 2472 5452 in
2507 5398 2660 5466 ipsis.
2690 5396 2890 5452 Omnes
2917 5404 3095 5450 autent
3132 5394 3549 5462 obstupuerunt,
