3866 6066
346 214 418 268 55
1610 206 1666 261 S.
1717 203 2056 259 EPII‘IIANII
2103 206 2282 261 VITA.
3507 203 3577 260 36

346 337 403 381 et
431 325 681 385 viatores,
713 332 766 378 et
794 322 1006 377 fratres.
1039 321 1122 376 Ab
1149 321 1242 376 illo
1277 335 1406 374 vero
1448 319 1536 374 die
1582 322 1756 377 noluit
1781 320 1908 389 Epi-

2027 324 2118 375 τῶν
2151 325 2236 376 ἐπ’
2267 323 2463 384 αὐτοῖς.
2485 321 2806 392 Ἐξέστησαν
2839 316 2931 376 οὖν
2980 323 3215 384 ἅπαντες
3264 321 3357 373 ἐπὶ
3400 323 3574 390 τοῦτο,

349 417 581 486 phanius
614 415 854 468 habitare
903 412 1135 482 amplius
1178 412 1232 465 in
1279 411 1369 466 illo
1397 410 1536 476 loco,
1570 425 1637 466 eo
1671 411 1814 480 quod
1846 410 1914 465 de

349 508 468 574 ipso
493 505 792 559 andiissent
821 504 1076 557 viatores.
1114 499 1446 569 Subripiens
1466 508 1646 554 autem
1677 499 1913 567 seipsum

357 614 389 653 a
418 595 694 659 fratribus,
719 584 991 664 profectus
1013 601 1096 646 est
1121 593 1172 644 in
1205 591 1384 646 locum
1418 590 1591 660 magis
1623 600 1912 660 agrestem.

277 693 280 697 ’
354 687 457 754 Qui
503 702 626 740 cum
678 685 947 739 nescirent
993 683 1047 736 in
1092 697 1201 751 quo
1250 681 1372 735 loco
1403 681 1692 745 habitaret,
1726 693 1916 734 omnes

354 777 548 832 fratres
591 775 842 845 lugebant
881 772 1264 843 Epiphanium.
1304 771 1607 826 Permansit
1645 777 1824 824 autem
1860 770 1915 823 in

355 871 446 925 illo
476 871 595 922 loco
616 867 836 936 jejunus
865 865 1040 918 tribus
1068 863 1277 917 diebus.
1312 863 1380 917 Et
1417 863 1508 916 ille
1533 874 1744 930 quoque
1767 860 1917 915 locus

354 961 540 1016 aridus
567 969 704 1023 erat,
735 966 790 1012 et
820 957 943 1012 sine
979 970 1120 1024 aqua

423 1220 518 1274 XI.
559 1218 765 1274 Accidit
800 1225 1004 1278 autem,
1028 1223 1089 1268 ut
1112 1229 1207 1282 per
1242 1213 1391 1266 illum
1424 1212 1604 1266 locum
1629 1212 1922 1266 transirent

356 1310 711 1382 quadraginta
765 1307 1042 1362 Saraceni.
1077 1305 1180 1369 Qui
1229 1319 1350 1358 cum
1398 1304 1449 1356 in
1497 1303 1641 1369 loco,
1672 1313 1725 1358 ct
1765 1304 1817 1357 in
1857 1319 1922 1359 eo

358 1412 502 1458 statu
549 1402 810 1455 vidissent
853 1398 1233 1468 Epiphanium,
1269 1411 1459 1449 omnes
1488 1410 1614 1450 eum
1656 1397 1917 1451 ducentes

358 1505 483 1545 esse
520 1489 828 1549 ridiculum,
878 1486 1190 1540 irridebant.
1241 1482 1394 1538 Unus
1441 1493 1618 1539 autem
1659 1501 1726 1540 ex
1770 1485 1919 1554 ipsis,

358 1581 450 1648 qui
482 1593 644 1632 unum
677 1577 906 1630 habebat
932 1575 1149 1633 oculum
1178 1580 1314 1644 (erat
1334 1575 1477 1628 enim
1512 1575 1646 1629 alter
1675 1575 1916 1643 clausus)

358 1683 481 1722 cum
531 1666 717 1720 ferinis
761 1674 906 1720 esset
956 1665 1217 1726 muribus,
1249 1679 1378 1719 ense
1421 1665 1610 1718 stricto
1635 1679 1664 1716 e
1699 1663 1914 1732 vagina,
1956 1659 1995 1711 Β

357 1757 503 1811 venit
531 1755 598 1809 ad
632 1754 994 1823 Epiphanium
1025 1770 1039 1807 :
1073 1768 1303 1820 cumque
1337 1768 1459 1807 eum
1495 1752 1824 1818 sustulisset,
1860 1762 1921 1806 ut

358 1855 665 1916 percuteret
692 1844 1074 1914 Epiphanium,
1111 1853 1326 1912 apertus
1364 1854 1447 1898 est
1475 1843 1614 1912 ejus,
1644 1843 1736 1912 qui
1769 1844 1918 1897 clau-

362 1952 456 1990 sus
484 1943 620 1998 erat,
654 1935 866 1988 oculus.
900 1933 991 1986 llle
1021 1921 1147 1987 vero
1180 1935 1523 2003 perterritus,
1556 1948 1686 1988 ense
1728 1933 1780 1986 in
1811 1943 1920 1989 ter-

364 2040 476 2081 ram
515 2026 779 2095 projecto,
813 2023 1054 2078 constitit
1100 2024 1410 2077 immobilis.
1447 2023 1551 2075 Alii
1587 2031 1766 2076 autem
1794 2038 1920 2076 cum

362 2115 619 2170 vidissent
651 2130 772 2170 esse
796 2124 1038 2183 apertum
1079 2116 1316 2178 oculum,
1345 2114 1434 2183 qui
1463 2114 1682 2170 clausus
1727 2113 1920 2178 fuerat,

361 2216 643 2276 creperum
675 2216 898 2275 stupore
946 2205 1103 2260 allici.
1141 2205 1388 2274 Cumque
1432 2205 1655 2261 vidisset
1688 2203 1924 2272 Epipha-

363 2299 487 2352 nius
534 2313 628 2352 eos
677 2312 800 2352 esse
847 2296 1062 2358 anxios,
1095 2312 1377 2351 sermones
1407 2311 1526 2349 cum
1559 2297 1638 2350 eis
1669 2293 1918 2349 contulit.

358 2389 436 2443 lili
466 2403 596 2443 vero
633 2403 756 2442 cum
785 2386 962 2440 verbis
999 2386 1280 2454 Epiphanii
1315 2385 1617 2440 evasissent
1659 2384 1845 2438 sedato
1870 2392 1926 2437 et

362 2478 650 2548 tranquillo
675 2478 882 2541 animo,
920 2476 1108 2530 mutati
1141 2490 1262 2529 eum
1289 2474 1540 2528 dicebant
1567 2488 1686 2527 esse
1713 2469 1880 2526 Deum
1906 2489 1920 2524 :

359 2573 579 2644 vimque
608 2571 990 2637 ci‘all‘ercntcs,
1025 2570 1309 2624 trahebant
1332 2585 1456 2624 cum
1491 2583 1696 2630 secum,
1729 2569 1920 2622 dicen-

363 2672 444 2717 tes
470 2679 485 2715 :
513 2661 594 2716 Tu
623 2678 683 2715 es
719 2660 860 2715 Deus
886 2669 1088 2725 noster,
1123 2673 1347 2729 sequere
1380 2673 1498 2723 nos,
1535 2667 1588 2712 et
1637 2673 1792 2712 serva
1825 2671 1926 2711 nos

362 2754 430 2808 ab
459 2754 606 2806 omni
637 2752 687 2805 vi
714 2767 905 2806 eorum
931 2750 1018 2818 qui
1069 2749 1122 2804 in
1171 2765 1270 2802 nos
1319 2749 1546 2802 irruent.
1591 2746 1925 2816 Epiphanius

363 2854 544 2898 autem
576 2859 669 2899 eos
701 2858 930 2913 sequens
962 2852 1202 2906 tempore
1229 2841 1388 2892 trium
1417 2839 1706 2899 mensium,
1741 2838 1927 2906 prohi-

364 2935 522 2989 hebat
561 2935 640 2988 eis
686 2948 902 2987 omnem
954 2932 1296 2986 insolentiam
1321 2939 1371 2981 et
1397 2928 1922 2981 immoderationem.

2012 417 2068 468 oi’
2091 433 2150 467 τε
2188 415 2451 483 ὁδοιπόροι
2501 414 2594 466 καὶ
2628 415 2677 466 oi
2709 414 2947 482 ἀδελφοί.
2965 415 3083 466 Ἀπ’
3117 413 3330 482 ἐκείνης
3363 407 3452 466 οῦν
3477 415 3579 484 τῆς

2013 506 2225 576 ἡμέρας
2247 505 2426 557 οὐκέτι
2456 504 2725 575 ἠϐουλήθη
2766 503 3080 573 Ἓπιφάνιος
3108 504 3322 573 οἰκῆσαι
3367 504 3456 556 τὸν
3491 506 3579 557 τό-
3649 520 3664 530 '

2017 614 2115 649 πον
2146 599 2368 659 ἐκεῖνον,
2399 596 2490 648 διὰ
2521 595 2582 647 τὸ
2611 594 2935 659 ἐξάκουστον
2979 593 3140 646 αὐτὸν
3173 592 3423 662 γενέσθαι
3472 587 3580 646 ῦτπδ

2014 685 2123 737 τῶν
2149 685 2436 756 ὁδοιπόρων
2455 700 2468 712 ·
2491 685 2713 754 ἔκλεψεν
2745 684 2800 737 δὲ
2828 685 3022 738 ἑαυτὸν
3044 684 3160 737 ἀπὸ
3186 683 3292 736 τῶν
3318 683 3579 752 ἀδελφῶν,

2017 777 2111 829 καὶ
2145 775 2411 845 ἐπορεύθη
2447 777 2524 837 εἰς
2552 774 2881 846 ἀγριώτερον
2930 774 3093 828 τόπον
3113 791 3126 803 ο
3162 773 3271 825 τῶν
3300 773 3357 825 δὲ
3391 772 3465 842 μὴ
3493 776 3578 826 ὲπ-

2021 867 2318 936 ισταμένων
2362 866 2422 918 τὸ
2468 865 2524 917 ἐν
2575 865 2710 935 ποίῳ
2755 865 2904 934 τόπῳ
2951 864 3214 925 κατοικεῖ,
3248 862 3482 925 ἅπαντες
3533 863 3581 914 οί

2018 956 2232 1023 ἀδελφοὶ
2271 955 2524 1008 ἐπένθουν
2576 956 2702 1024 περὶ
2743 953 3341 1022 Ἐπιφανίου.Ἕμεινεν
3383 948 3474 1004 οὖν
3524 955 3583 1004 ἐν

2018 1043 2094 1113 τῷ
2122 1044 2271 1112 τόπῳ
2317 1042 2508 1113 ἐκείνῳ
2550 1045 2696 1111 τρεῖς
2731 1041 2942 1113 ἡμέρας
2975 1041 3159 1103 ἄσιτος
3193 1037 3582 1094 διατελῶνῙΗν

2018 1132 2074 1184 δὲ
2103 1133 2196 1184 καὶ
2225 1131 2384 1193 αὐτὸς
2414 1133 2442 1182 ὁ
2471 1131 2633 1192 τόπος
2667 1129 2911 1199 ἄνυδρος.

2090 1221 2191 1275 1Α⁹.
2234 1221 2435 1291 Συνέϐη
2470 1221 2526 1272 δὲ
2573 1221 2692 1272 κατ’
2729 1221 2931 1272 ἐκεῖνον
2961 1218 3052 1272 τὸν
3092 1217 3283 1288 καιρὸν
3323 1224 3375 1286 μ’
3410 1223 3586 1288 Σαρα-

2021 1313 2218 1382 κηνοὺς
2238 1311 2558 1381 διέρχεσθαι.
2575 1311 2664 1373 Ὡς
2689 1305 2780 1362 οὖν
2805 1309 2924 1378 ίδον⁸
2942 1307 3254 1377 Ἐπιφάνιον
3284 1309 3340 1359 ὲν
3364 1306 3586 1377 τοιούτῳ

2021 1402 2168 1470 τόπῳ
2200 1401 2293 1453 καὶ
2337 1398 2559 1469 τοιαύτῃ
2589 1399 2938 1460 καταστάσει,
2973 1397 3180 1464 γέλοιον
3203 1395 3586 1464 ἀναδεξάμενοι

2023 1492 2321 1561 ἀμφότεροι
2343 1489 2532 1542 τούτου
2556 1489 2878 1557 κατεγέλων.
2909 1482 3002 1550 Εἷς
3026 1486 3081 1539 δέ
3106 1504 3189 1548 τις
3210 1485 3266 1550 es,
3288 1482 3467 1537 αὐτῶν
3493 1485 3588 1536 ἕνα

2024 1581 2300 1650 ὀφθαλμὸν
2339 1579 2476 1648 ἔχων
2510 1575 2610 1649 (ἦν
2637 1580 2745 1647 γὰρ
2791 1579 2818 1629 6
2865 1577 3024 1639 ἄλλος
3067 1575 3231 1628 αὐτοῦ
3297 1573 3588 1640 κλεισθεὶς)

2024 1673 2118 1725 καὶ
2151 1669 2388 1741 θηριώδη
2419 1670 2530 1735 ἕξιν
2561 1668 2717 1738 ἔχων,
2751 1665 2929 1719 λαϐὼν
2976 1666 3070 1735 τὴν
3123 1666 3394 1736 μάχαιραν
3422 1664 3586 1718 αὑτοῦ

2026 1763 2090 1813 ὲκ
2115 1759 2212 1829 τῆς
2242 1759 2434 1827 θήκης,
2460 1754 2620 1827 ἦλθεν
2645 1756 2778 1826 πρὸς
2819 1755 3149 1822 Ἐπιφάνιον⁸
3186 1755 3280 1807 καὶ
3306 1754 3368 1822 δὴ
3395 1753 3590 1821 κουφί-

2026 1869 2122 1914 σας
2150 1852 2319 1920 αὐτὴν
2350 1849 2577 1920 κροῦσαι
2607 1848 2694 1901 τὸν
2731 1847 3062 1916 Ἐπιφάνιον,
3100 1845 3343 1915 ἡνεῴχθη
3376 1844 3543 1897 αὐτοῦ
3564 1847 3591 1897 6

2026 1942 2288 2004 κλεισθεὶς
2316 1941 2609 2010 ὀφθαλμός.
2651 1937 2758 1992 Τοῦ
2796 1939 2854 1991 δὲ
2883 1937 3122 2007 ὲμφόϐου
3158 1935 3470 2006 γενομένου,
3500 1935 3592 1989 καὶ

2024 2037 2122 2105 τὴν
2158 2035 2428 2105 μάχαιραν
2456 2034 2546 2086 ἐπὶ
2575 2032 2670 2103 τὴν
2701 2035 2804 2102 γῆν
2835 2032 3108 2100 ῥίψαντος,
3142 2031 3370 2099 ἕστηκεν
3399 2028 3591 2098 ἀκίνη-

2025 2143 2132 2188 τος.
2163 2127 2223 2176 υἱ
2267 2125 2322 2175 δὲ
2369 2124 2518 2175 ἄλλοι
2572 2123 2770 2185 ἰδόντες
2802 2123 2899 2190 τὴν
2942 2119 3226 2191 ἀκινησίαν
3260 2118 3354 2171 τοῦ
3383 2118 3591 2170 ἑαυτῶν

2025 2215 2260 2284 ἑταίρου,
2310 2213 2556 2284 ἔρχονται
2602 2212 2698 2264 καὶ
2743 2211 2895 2264 αὐτοὶ
2942 2210 3077 2280 πρὸς
3110 2208 3448 2276 Ἐπιφάνιον,
3501 2208 3593 2259 καὶ

2025 2303 2158 2374 πρὸς
2190 2303 2280 2355 τὸν
2307 2301 2483 2355 αὐτῶν
2511 2300 2678 2370 φίλον.
2717 2301 2825 2353 Καὶ
2854 2300 2980 2360 ίδον,
3007 2299 3099 2351 καὶ
3123 2298 3230 2351 ἰδοὺ
3263 2299 3292 2350 6
3317 2295 3593 2365 ὀφθαλμὸς

2024 2395 2187 2449 αὑτοῦ
2233 2397 2261 2447 ό
2310 2393 2576 2455 κλεισθεὶς
2627 2391 2986 2461 ἡνεῳγμένος,
3021 2389 3113 2442 καὶ
3155 2388 3358 2458 θάμϐος
3398 2387 3594 2439 ἔπεσεν

2027 2486 2112 2538 ἐπ’
2135 2484 2570 2555 ἀμφοτέρους.’0
2601 2481 2694 2538 οὖν
2731 2482 3039 2550 Ἐπιφάνιος
3085 2479 3207 2532 ἰδὼν
3243 2479 3437 2541 αὐτοὺς
3472 2479 3595 2547 ἀδη-

2001 2575 2338 2645 ιμονοῦντας,
2359 2575 2585 2644 συνῆρεν
2614 2574 2690 2643 (a)
2721 2573 2908 2639 λόγους
2931 2570 3064 2641 πρὸς
3096 2567 3310 2630 αὐτούς.
3343 2568 3407 2620 υἱ
3431 2567 3492 2619 δὲ
3510 2565 3595 2620 διὰ

2025 2666 2134 2718 τῶν
2165 2665 2336 2733 λόγων
2369 2663 2684 2732 Ἐπιφανίου
2715 2666 2770 2715 ἐν
2794 2661 3121 2714 καταστάσει
3151 2658 3410 2719 ἐλθόντες,
3440 2673 3595 2726 μετα-

2028 2756 2344 2826 ϐαλλόμενοι
2377 2753 2558 2822 ἔλεγον
2604 2751 2767 2804 αὐτὸν
2810 2751 2942 2804 Θεὸν
2984 2746 3150 2802 εἶναι·
3196 2749 3289 2801 καὶ
3336 2747 3458 2817 βίαν
3507 2747 3597 2798 ὲπ-

2028 2843 2348 2912 ενέγκαντες
2376 2841 2568 2912 τούτῳ,
2595 2836 2772 2894 εἷλκον
2815 2840 2978 2894 αὐτὸν
3019 2838 3136 2909 μεθ’
3169 2837 3377 2891 ἑαυτῶν
3418 2835 3597 2904 λέγον-

2030 2951 2148 2998 τες·
2183 2935 2254 2986 Σὺ
2281 2931 2332 2987 εῐ
2361 2935 2390 2986 6
2418 2933 2548 2996 Θεὸς
2575 2934 2608 3002 ἡ
2618 2931 2732 3003 μῶν
2753 2949 2765 2961 ·
2793 2929 3073 2984 ἀκολούθει
3104 2930 3256 3000 ἡμῖν,
3284 2928 3378 2980 καὶ
3405 2927 3599 2980 διάσω-

362 3023 497 3078 Cutn
528 3022 786 3076 vidissent
817 3035 946 3074 vero
991 3034 1049 3073 se
1088 3018 1206 3087 ejus
1231 3015 1696 3070 admonitionibus
1729 3012 1922 3068 adduci

2030 2993 2271 3096 ζε-ὴμᾶς
2318 3025 2424 3078 ἀπὸ
2690 3022 2809 3092 βίας
2851 3022 2959 3075 τῶν
2994 2993 3426 3090 ἐπεγειρομὲνων
3473 3017 3595 3071 καθ’

366 3114 418 3167 in
444 3113 744 3180 angustias,
771 3123 960 3165 omnes
1007 3121 1114 3161 uno
1141 3107 1322 3160 animo
1355 3105 1474 3174 ejus
1503 3105 1726 3174 pedibus
1758 3103 1922 3158 devo-

361 3205 456 3259 luti
507 3204 790 3275 peticrnnt,
823 3210 879 3255 ut
913 3200 968 3254 in
1005 3214 1162 3254 suum
1192 3198 1366 3253 locum
1405 3205 1786 3251 reverteretur.
1820 3193 1926 3260 Qui

358 3308 485 3348 cum
512 3305 699 3345 eorum
727 3290 953 3344 auribus
987 3287 1251 3342 maximas
1298 3288 1568 3355 ingereret
1600 3284 1928 3339 admonitio-

363 3399 482 3446 nes,
513 3383 696 3436 diccns
727 3399 741 3435 :
772 3379 888 3436 Nisi
917 3381 986 3434 ab
1030 3380 1096 3433 iis
1126 3377 1514 3439 abstinueritis,
1541 3390 1648 3429 non
1684 3376 1839 3430 eritis
1870 3375 1924 3429 in

366 3473 468 3527 hac
493 3473 603 3525 vita
635 3472 817 3526 felices
854 3489 867 3524 :
900 3477 1222 3538 acceperunt
1249 3483 1392 3532 eum,
1425 3477 1478 3520 et
1508 3467 1848 3520 deduxerunt
1871 3466 1925 3519 in

365 3563 562 3628 lucum,
591 3564 644 3616 in
697 3577 809 3631 quo
857 3551 1158 3615 habitabat.
1194 3558 1435 3625 Cumque
1465 3559 1512 3612 ei
1545 3572 1642 3611 sua
1682 3572 1846 3625 opera
1875 3565 1927 3610 et

366 3654 666 3708 ministerio
688 3653 908 3706 domum
943 3650 1321 3710 mditicassent,
1353 3657 1406 3701 et
1435 3663 1558 3702 eum
1597 3647 1776 3701 valere
1804 3647 1925 3717 jus-

366 3744 591 3806 sissent,
632 3756 823 3796 omnes
871 3740 1122 3794 abierunt
1167 3739 1219 3792 in
1266 3752 1414 3807 pace.
1447 3735 1563 3806 Ego
1603 3745 1807 3800 autem,
1834 3735 1928 3806 qui

364 3847 509 3887 eram
544 3847 684 3885 unus
735 3844 797 3884 ex
847 3830 1000 3898 ipsis,
1030 3827 1203 3883 mansi
1236 3842 1359 3882 cum
1406 3825 1726 3896 Epiphanio,
1759 3826 1829 3880 ab
1861 3841 1927 3881 eo

366 3922 645 3976 institutus
675 3919 730 3974 in
757 3920 921 3974 verbo
947 3918 1205 3975 veritatis.
1238 3917 1375 3972 Cum
1421 3927 1600 3971 autem
1635 3919 1928 3986 praeteriis-

365 4023 444 4067 set
477 4022 687 4080 tempus
716 4025 810 4064 sex
842 4009 1134 4069 mensium,
1170 4021 1257 4060 me
1285 4007 1493 4074 accepit
1519 4006 1626 4072 ille,
1659 4007 1927 4063 etivimus

364 4103 416 4154 in
444 4100 831 4155 monasterium
862 4099 1042 4168 magni
1088 4095 1398 4151 Hilarionis.
1427 4095 1565 4150 Cum
1591 4111 1722 4151 vero
1762 4097 1928 4152 vidis-

362 4201 482 4246 sent
510 4189 870 4259 Epiphanium
902 4203 1089 4243 omnes
1123 4186 1339 4250 fratres,
1369 4201 1566 4254 magno
1590 4195 1719 4240 sunt
1743 4185 1922 4241 affecti

362 4283 578 4353 gaudio.
614 4280 680 4334 Et
712 4282 1010 4336 mansimus
1041 4280 1254 4349 quidem
1283 4289 1390 4334 tres
1421 4277 1539 4333 dies
1568 4278 1624 4332 in
1649 4286 1925 4334 m0naste-

363 4375 447 4426 rio
475 4390 488 4424 :
521 4372 836 4440 rogavitque
883 4369 1217 4438 Epiphanius
1259 4384 1514 4440 magnum
1567 4367 1920 4436 Hilarionem,

365 4473 424 4518 ut
468 4461 595 4515 inihi
632 4461 785 4516 daret
827 4460 882 4514 in
926 4458 1144 4514 Christo
1196 4459 1555 4526 signaculum,
1585 4459 1929 4529 quandoqui-

363 4554 484 4608 dem
513 4560 791 4621 acceperat
824 4549 1065 4605 Hilarion
1093 4550 1318 4620 gradum
1350 4549 1773 4619 presbyteratus.
1792 4552 1924 4604 Cum

366 4661 452 4698 me
494 4652 671 4698 autem
715 4656 944 4711 magnus
997 4640 1297 4709 accepisset
1325 4638 1590 4703 Hilarion,
1619 4649 1672 4695 et
1711 4655 1924 4694 omnem

266 4745 272 4768 ι
365 4735 640 4790 docuisset
681 4733 1138 4801 consequentiam,
1168 4731 1462 4800 baptizavit
1495 4746 1581 4784 me
1619 4732 1672 4784 in
1705 4720 1925 4786 nomine

366 4826 561 4888 Patris,
591 4834 645 4879 et
677 4823 821 4886 Filii,
855 4833 908 4878 et
944 4821 1179 4893 Spiritus
1222 4821 1402 4877 sancti
1439 4840 1452 4875 :
1486 4830 1540 4875 et
1566 4823 1928 4892 transegimus

363 4916 558 4972 deinde
581 4915 722 4986 apud
745 4915 892 4986 ipsos
917 4914 1102 4969 decent
1133 4913 1277 4976 dies;
1327 4912 1628 4982 fratresque
1662 4913 1929 4981 rogabant

365 5009 746 5078 Epiphanium,
775 5015 835 5062 ut
878 5022 979 5062 nos
1021 5006 1076 5060 in
1119 5019 1185 5060 eo
1210 5005 1328 5058 loco
1369 5004 1774 5070 habitaremus;
1814 5004 1929 5073 ipse

364 5109 545 5155 autem
573 5102 765 5167 noluit,
791 5100 886 5156 sed
913 5099 1084 5155 voluit
1109 5097 1372 5158 habitare,
1410 5096 1500 5149 ubi
1529 5096 1811 5150 habitabat
1834 5091 1929 5148 an-

365 5201 447 5246 tea
456 5231 471 5245 .

2026 3117 2201 3187 ἡμῶν.
2233 3115 2336 3168 Τοῦ
2364 3115 2422 3168 δὲ
2446 3112 2762 3182 Ἐπιφανίου
2789 3111 2882 3166 ἐπὶ
2911 3112 3229 3182 τριμηναῖον
3258 3108 3450 3178 χρόνον
3483 3106 3598 3159 τούς

2025 3227 2135 3272 τοις
2177 3205 2691 3271 ἐπακολουθοῦντος,
2741 3203 2975 3258 ἐκώλυεν
3023 3202 3216 3264 αὐτοὺς
3261 3198 3369 3252 ἀπὸ
3413 3197 3597 3268 πάσης

2026 3299 2266 3366 ἀταξίας.
2297 3297 2418 3350 Τῶν
2461 3296 2518 3350 δὲ
2545 3295 2784 3359 εἰδότων,
2813 3295 2895 3348 ὅτι
2925 3293 3179 3346 στένωσιν
3218 3289 3468 3359 ἐπιφέρει
3504 3290 3600 3342 αὑ-

2024 3392 2136 3452 τοῖς
2181 3388 2268 3440 διὰ
2315 3388 2412 3456 τῆς
2462 3385 2758 3448 νουθεσίας,
2797 3382 3134 3454 ὁμοθυμαδὸν
3186 3381 3423 3442 ἅπαντες
3475 3380 3600 3432 συν-

2026 3475 2276 3545 αχθέντες
2308 3473 2817 3545 προσεκυλινδοῦντο
2860 3471 2968 3524 τῶν
3026 3469 3200 3523 ποδῶν
3228 3467 3414 3531 αὐτοῦ,
3441 3468 3598 3530 ὅπως

2025 3567 2319 3638 ἀποδράσει
2347 3566 2508 3621 πάλιν
2553 3567 2634 3629 εἰς
2677 3565 2770 3618 τὸν
2821 3564 2952 3617 ἴδιον
2981 3562 3144 3615 τόπον
3178 3561 3360 3614 αὐτοῦ.
3398 3559 3507 3613 Τοῦ
3539 3559 3596 3613 δὲ

2027 3657 2302 3720 νουθεσίας
2323 3657 2584 3728 μεγίστας
2608 3653 2886 3717 ἐπιθέντος
2915 3653 3006 3706 ἐπὶ
3028 3655 3148 3715 ταῖς
3173 3652 3363 3713 ἀκοαῖς
3393 3651 3595 3716 αὐτῶν,

2025 3749 2102 3803 ὅτι
2151 3747 2274 3801 Ἐὰν
2322 3748 2395 3819 μὴ
2441 3747 2644 3800 τούτων
2692 3745 2980 3816 ἀπέχεσθε,
3040 3744 3101 3796 οὐ
3133 3741 3361 3795 δύνασθε
3398 3741 3596 3811 εὐημε-

2035 3842 2147 3911 ρεῖν
2175 3842 2231 3894 ἐν
2255 3839 2387 3910 τῷδε
2418 3839 2493 3910 τῷ
2523 3839 2651 3909 βίῳ·
2687 3837 2939 3899 λαϐόντες
2978 3835 3034 3888 δὲ
3084 3833 3245 3887 αὑτὸν
3279 3834 3328 3885 οἰ
3361 3832 3596 3901 ἀμφότε-

2029 3946 2110 3999 ροι
2143 3929 2347 3999 ἤγαγον
2379 3928 2471 3981 ἐπὶ
2499 3926 2683 3990 τόπον,
2714 3925 2840 3979 ἔνθα
2870 3924 2930 3976 τὸ
2959 3923 3086 3994 πρὶν
3118 3919 3384 3991 κατῴκεν
3416 3920 3513 3972 καὶ
3531 3919 3593 3989 δὴ

2026 4017 2114 4071 διά
2155 4020 2255 4086 τῆς
2288 4017 2466 4070 αὐτῶν
2509 4014 2812 4086 ὑπηρεσίας
2843 4012 3294 4082 οἰκοδομήσαντες
3335 4008 3486 4078 αὐτῷ
3523 4005 3594 4061 οἷ-

2027 4121 2141 4170 κον,
2170 4107 2546 4176 ἀσπασάμενοι
2569 4123 2628 4158 τε
2655 4105 2817 4158 αὑτὸν
2845 4106 2892 4157 οἰ
2916 4104 3115 4165 πάντες
3138 4099 3445 4172 ἀνεχώρουν
3471 4101 3591 4170 μετ’

2028 4196 2263 4267 εἰρήνης.
2282 4195 2420 4264 Ἐγὼ
2439 4195 2586 4263 γοῦν,
2619 4190 2700 4258 εἷς
2745 4194 2804 4258 ἐξ
2848 4193 3026 4247 αὐτῶν
3078 4192 3358 4262 ὑπάρχων,
3405 4189 3597 4259 ἔμεινα

1957 4315 1999 4369 D
2032 4284 2169 4354 μετά
2207 4284 2520 4353 Ἐπιφανίου
2545 4300 2559 4314 ·
2594 4285 2686 4338 καὶ
2725 4283 3050 4354 κατηχηθεὶς
3083 4283 3173 4335 ὑπ’
3198 4279 3362 4334 αὑτοῦ
3396 4279 3485 4331 τὸν
3515 4277 3597 4331 λό-

2029 4390 2124 4441 γον
2145 4374 2241 4444 τῆς
2273 4373 2548 4445 ἀληθείας,
2582 4373 2772 4445 ἔμεινα
2798 4375 2913 4443 μετ’
2942 4371 3127 4426 αὐτοῦ.
3156 4371 3361 4442 Χρόνου
3391 4369 3446 4422 δὲ
3472 4367 3593 4430 ἐξα-

2035 4465 2259 4537 μηναίου
2302 4464 2655 4537 παρελθόντος
2681 4503 2696 4528 ,
2736 4463 2911 4517 λαϐὼν
2957 4464 3057 4534 ἐμὲ
3094 4461 3426 4530 Ἐπιφάνιος,
3474 4463 3594 4512 ἐπο-

2036 4555 2303 4626 ρεύθημεν
2337 4556 2394 4608 ὲν
2432 4556 2509 4627 τῷ
2549 4555 2890 4626 μοναστηρίῳ
2932 4555 3068 4626 πρὸς
3114 4553 3204 4607 τὸν
3253 4552 3423 4622 μέγαν
3461 4550 3595 4602 Ἱλα-

2034 4646 2220 4716 ρίωνα.
2251 4646 2470 4709 ’ἰδόντες
2517 4646 2575 4699 δὲ
2620 4645 2856 4708 ἅπαντες
2905 4647 2954 4698 οἰ
3010 4643 3227 4712 ἀδελφοὶ
3260 4639 3592 4708 Ἐπιφάνιον,

2033 4737 2304 4810 ἐχάρησαν
2354 4739 2527 4806 χαράν
2586 4736 2845 4806 μεγάλην.
2881 4735 3246 4805 Ἐποιήσαμεν
3301 4731 3357 4785 δὲ
3417 4733 3474 4782 ὲν
3509 4727 3596 4797 τῷ

2035 4826 2377 4896 μοναστηρίῳ
2431 4828 2578 4895 τρεῖς
2636 4825 2881 4896 ἡμέρας,
2943 4825 3036 4877 καὶ
3093 4821 3460 4894 παρεκάλεσεν
3503 4817 3594 4870 τὸν

2036 4914 2207 4983 μέγαν
2245 4913 2519 4985 Ἱλαρίωνα
2557 4914 2868 4982 Ἐπιφάνιος
2903 4912 3085 4966 δοῦναί
3113 4929 3202 4982 μοι
3232 4910 3329 4981 τὴν
3373 4911 3428 4961 ὲν
3459 4909 3596 4976 Χρι-

2035 5005 2146 5074 στῷ
2179 5007 2478 5076 σφραγῖδαο
2525 5007 2710 5076 ἐπειδὴ
2749 5005 2990 5075 Ἰλαρίων
3020 5002 3372 5068 καταξιωθεὶς
3397 4997 3463 5072 ἦν
3499 4998 3594 5051 τοῦ

2036 5093 2243 5165 βαθμοῦ
2271 5096 2364 5148 τοῦ
2389 5096 2798 5168 πρεσϐυτερίου.
2826 5094 3019 5150 Λαϐὼν
3047 5089 3139 5148 οῦν
3180 5095 3208 5146 ὁ
3244 5093 3413 5163 μέγας
3461 5088 3597 5141 Ἱλα-

2036 5185 2166 5254 ρίων
2196 5188 2289 5240 καὶ
2315 5187 2526 5251 διδάξας
2551 5205 2617 5258 με
2645 5189 2746 5260 τὴν
2801 5189 2980 5241 πᾶσαν
3007 5183 3345 5246 ἀκολουθίαν,
3373 5179 3597 5234 ἐϐάπτι-

2036 5274 2096 5328 σέ
2129 5293 2194 5345 με
2239 5280 2296 5330 ἐν
2337 5279 2556 5349 ὀνόματι
2587 5280 2817 5350 Πατρὸς,
2836 5279 2928 5332 καὶ
2949 5276 3099 5339 Υἰοῦ,
3131 5275 3222 5328 καλ⁸
3246 5273 3400 5341 ἁγίου
3426 5268 3595 5324 Πνεῦ-

364 5386 551 5440 ματος,
600 5366 857 5428 κελεύσας
907 5383 973 5435 με
1017 5362 1264 5430 Ἰωάννης
1321 5359 1617 5412 καλεῖσθαι·
1681 5362 2041 5435 Ἐποιήσαμεν
2087 5367 2142 5420 δὲ
2198 5371 2329 5440 παρ’
2385 5371 2565 5434 αὐτοῖς
2635 5370 2844 5441 ἡμέρας
2900 5368 3059 5420 δέκα·
3106 5366 3200 5419 καὶ
3255 5360 3594 5432 παρεκάλουν

371 5458 685 5529 ,Επιφάνιον
715 5457 764 5508 οἰ
789 5456 1004 5523 ἀδελφοὶ
1058 5454 1194 5505 ὥστε
1265 5451 1530 5505 κατοικεῖν
1584 5448 1696 5516 ἅμα
1746 5450 1801 5501 ἐν
1837 5451 1914 5520 τῷ
1952 5455 2099 5522 τόπῳ
2145 5456 2355 5527 ἐκείνῳ.
2404 5459 2572 5520 Αὐτὸς
2619 5459 2675 5510 δὲ
2727 5459 2824 5510 οὐκ
2868 5454 3161 5525 ἠϐουλήθη,
3213 5447 3596 5505 ἀλλ’ὲϐούλετο

360 5549 518 5602 πάλιν
546 5549 679 5604 ὅπου
705 5546 767 5599 τὸ
795 5546 924 5616 πρὶν
946 5545 1285 5614 κατοικῆσαι.

433 5658 510 5731 (α)
548 5657 730 5728 Forte,
759 5659 1017 5726 συνείρεν.
