3866 6066
204 186 276 244 37
1164 188 1177 192 ’
1527 192 1583 247 S.
1630 192 1970 250 EPIPHANH
2010 197 2186 253 VITA.
3423 220 3497 277 εδ

275 300 384 355 IB‘.
444 300 819 366 Ἐξελθόντων
855 303 908 355 δὲ
939 303 1093 373 ἡμῶν
1133 305 1240 356 ἀπὸ
1283 304 1376 357 τοῦ
1428 309 1810 379 μοναστηρίου,

1993 311 2102 366 XII.
2135 314 2270 369 Cum
2299 326 2478 372 autem
2503 334 2603 375 nos
2636 323 2838 392 egressi
2867 341 3112 382 essemus
3156 340 3187 386 e
3220 347 3499 392 monaste-

213 392 607 464 ἐπορευόμεθα
632 393 735 465 τὴν
765 394 879 448 ὁδὸν
900 392 1071 464 ἡμῶν.
1121 394 1208 458 Ὠς
1237 395 1294 448 δέ
1322 396 1431 450 ἀπὸ
1461 397 1702 469 σημείων
1727 398 1820 453 δύο

218 485 315 540 τοῦ
353 501 606 556 μαναστη
617 485 736 556 ρίου
763 485 1072 556 ἀπήντησεν
1090 488 1223 557 ἡμῖν
1252 488 1533 553 νεανίσκος
1558 507 1661 553 τις,
1680 489 1820 561 ἔχων

219 576 555 647 ἀρχοντικὸν
613 576 868 647 δαίμονα,
904 577 1379 648 κατατεμνόμενος
1419 581 1476 632 ἐν
1528 583 1593 652 τῇ
1628 581 1820 653 ἐρήμῳ

222 666 319 720 ὑπ’
350 665 538 719 αὐτοῦ.
568 664 776 719 Τοῦτον
807 664 928 718 ἰδὼν
973 666 1284 736 Ἐπιφάνιος
1306 668 1535 740 γυμνὸν,
1569 670 1662 724 καὶ
1684 671 1819 724 ἀτά-

224 776 343 829 κτῳ
367 757 552 829 δρόμῳ
578 755 930 827 ἁλισκόμενον
963 758 1067 811 ὑπὸ
1094 757 1187 811 τοῦ
1229 758 1539 830 ἀκαθάρτου
1571 760 1817 831 πνεύμα-

222 868 338 915 τος,
371 847 606 920 ἔκραξεν
644 847 856 920 μεγάλῃ
890 850 1040 920 φωνῇ
1068 863 1084 878 ⁸
1117 848 1489 922 Παραγγέλλω
1518 868 1600 903 σοι
1625 852 1683 904 ἐν
1703 852 1819 905 6V6-

227 960 364 1013 ματι
424 939 522 993 τοῦ
559 939 977 1011 ἐσταυρωμένου
1040 938 1213 1009 Ἰησοῦ
1265 940 1522 1011 Χριστοῦ,
1585 940 1818 1008 ἐξελθεῖν

223 1032 335 1085 ἀπ’)
369 1030 466 1084 τοῦ
508 1030 826 1100 πλάσματος
856 1028 950 1082 τοῦ
978 1029 1133 1084 Θεοῦ.
1164 1029 1380 1094 Εὐθέως
1402 1031 1460 1085 δὲ
1484 1031 1545 1085 τὸ
1575 1032 1819 1106 ἀκάθαρ-

221 1141 317 1176 τον
347 1121 577 1191 πνεῦμα
608 1112 915 1189 ἐσπάραξεν
952 1119 1044 1172 τὸν
1099 1120 1381 1174 νεανίσκον
1404 1161 1418 1183 ,
1460 1123 1555 1175 καὶ
1598 1123 1816 1195 ἔρριψεν

222 1214 388 1267 αὐτὸν
427 1213 526 1265 ἐπὶ¹
576 1211 674 1282 τὴν
703 1212 829 1282 γῆν,
862 1212 954 1264 καὶ
988 1210 1209 1281 ἐξῆλθεν
1261 1214 1354 1268 ἀπ’
1410 1214 1595 1269 αὐτοῦ.
1667 1216 1725 1268 ’0
1758 1215 1815 1269 δέ

220 1304 543 1376 ἀκάθαρτος
572 1302 782 1373 δαίμων
812 1299 1039 1370 ἔκραξεν
1068 1301 1281 1374 μεγάλῃ
1309 1306 1375 1375 τῇ
1426 1307 1578 1377 φωνῇ
1600 1323 1613 1336 ·
1663 1306 1815 1361 Ἐπι..

222 1396 404 1464 φάνιε,
442 1391 660 1455 διώκεις
698 1408 768 1462 με
800 1390 907 1443 ἀπὸ
932 1389 1028 1444 τοῦ
1073 1391 1236 1444 τόπου
1287 1410 1389 1462 μου
1413 1393 1500 1447 διὰ
1536 1394 1616 1465 κβ¹
1653 1393 1810 1449 ἐτῶν.

233 1484 382 1553 Ἐγὼ
416 1482 758 1554 πορεύσομαι
788 1480 923 1552 πρὸς
943 1481 1033 1534 τὸν
1060 1481 1282 1551 βασιλέα
1313 1481 1420 1535 τῶν
1451 1480 1694 1555 Περσῶν,
1724 1484 1815 1541 καὶ

219 1575 433 1643 κινήσω
486 1571 645 1625 αὐτὸν
680 1572 823 1625 κατά
855 1575 972 1635 σού,
1029 1573 1123 1625 καὶ
1186 1573 1398 1643 ποιήσω
1434 1591 1491 1626 σε
1526 1575 1664 1645 μετά
1697 1574 1806 1627 θλί-

218 1664 368 1730 ψεως
403 1661 606 1732 πολλῆς
638 1660 984 1731 παραστῆναι
1018 1662 1159 1715 κατά
1197 1662 1489 1732 πρόσωπον
1523 1664 1709 1718 αὑτοῦ.
1756 1666 1813 1719 '0
1846 1644 1886 1698 Β

217 1753 278 1805 δὲ
312 1753 535 1815 νεανίας
572 1747 736 1823 ἦλθεν
772 1752 1086 1822 σωφρόνως,
1118 1752 1213 1805 καὶ
1247 1752 1440 1807 ἔπεσεν
1464 1755 1543 1818 είς
1570 1756 1695 1819 τοὺς
1721 1756 1816 1809 πό‹

218 1844 316 1906 δας
362 1842 702 1912 Ἑπιςρανίου.
735 1843 793 1894 Ὀ
830 1842 886 1895 δὲ
929 1843 1242 1912 Ἐπιφάνιος
1268 1843 1486 1916 ἤγειρεν
1513 1846 1695 1913 αὑτὸν,
1729 1846 1817 1899 λέ-

218 1949 368 2001 γων’
420 1932 676 1996 Ἀνάστα,
714 1931 921 1994 τέκνον,
957 1934 1051 1985 καὶ
1084 1932 1284 1986 ἄπελθε
1331 1936 1389 1987 ἐν
1419 1934 1495 2005 τῷ
1525 1937 1659 2006 οἴκῳ
1719 1955 1811 1991 σου

217 2027 279 2077 ἐν
310 2028 529 2097 εἰρήνῃ.
563 2024 672 2077 Καὶ
699 2025 899 2088 εὐθέως
931 2024 1153 2096 ἀνέστη.
1416 2084 1420 2088 Α

291 2116 390 2169 ll".
446 2117 505 2167 Ὀ
529 2111 622 2168 οὖν
654 2114 865 2185 δαίμων
905 2117 933 2169 6
965 2115 1272 2187 ἀκάθαρτος
1311 2116 1579 2190 ἐπορεύθη
1634 2121 1690 2174 ἐν
1745 2123 1812 2192 τῇ

217 2206 467 2278 Περσίδι,
502 2207 598 2260 καὶ
632 2206 900 2278 ἐκολλήθη
924 2209 990 2278 τῇ
1021 2207 1252 2280 θυγατρὶ
1276 2208 1369 2261 τοῦ
1394 2209 1678 2280 βασιλέως,
1717 2212 1813 2264 καὶ

214 2304 283 2372 τῇ
313 2300 580 2372 τιμωρίᾳ,
672 2299 897 2371 ἦλισκεν
926 2300 1016 2353 τὸν
1044 2301 1347 2364 νεανίσκον,
1371 2302 1572 2373 ὁμοίως
1603 2304 1694 2357 καὶ
1716 2304 1814 2357 αύ-

214 2394 317 2465 τὴν
361 2392 624 2466 ἐτιμώρει
648 2409 663 2424 ’
725 2393 822 2447 καὶ
858 2392 1088 2465 ἔκραξεν
1117 2393 1291 2463 λέγων
1314 2410 1346 2445 ’.
1379 2393 1505 2449 Ἐἀν
1541 2395 1615 2467 μὴ
1662 2394 1811 2449 Ἐπι-

210 2484 414 2553 φάνιος
435 2481 563 2555 ἔλθῃ
603 2481 842 2537 ἐνταῦθα
892 2484 921 2536 6
952 2480 1276 2547 ἀποστείλας
1316 2502 1382 2555 με
1418 2484 1554 2556 πρὸς
1580 2484 1678 2557 τὴν
1712 2488 1811 2558 σὴν

210 2575 520 2645 θυγατέρα,
549 2575 650 2628 οὐκ
687 2573 975 2646 ἐξέρχομαι
1014 2574 1109 2629 ἀπ’
1133 2574 1325 2645 αὐτῆς.
1368 2576 1479 2628 Καὶ
1503 2575 1667 2647 πάλιν
1692 2576 1810 2631 ἐλε-

211 2683 315 2734 γεν
357 2665 388 2716 6
414 2664 623 2736 δαίμων
653 2681 667 2695 ο
712 2664 1019 2733 Ἐπιφάνιε,
1077 2666 1137 2718 τὸ
1184 2667 1342 2735 γένος
1384 2665 1492 2720 τῶν
1525 2668 1808 2733 Φοινίκων,

213 2755 340 2810 ἐλθέ
374 2756 589 2821 ἐνθάδε,
627 2757 775 2819 ὅπως
803 2755 1004 2823 ἐξέλθω
1026 2756 1133 2810 ἀπὸ
1164 2759 1262 2829 τῆς
1292 2756 1560 2830 θυγατρὸς
1592 2757 1687 2812 τοῦ
1715 2756 1810 2830 βα-

212 2848 432 2913 σιλέως.
482 2849 543 2903 Ὅ
568 2845 662 2903 οὖν
692 2847 944 2920 βασιλεὺς
990 2848 1229 2914 ἀκούσας
1278 2851 1385 2904 ἀπὸ
1432 2849 1522 2904 τοῦ
1554 2850 1808 2921 δαίμονος

213 2943 353 3013 περὶ
386 2943 491 3013 τῆς
523 2941 799 3013 Φοινίκης,
825 2940 1142 2996 ἀπέστειλεν
1169 2941 1373 3014 πλῆθος
1402 2942 1705 3015 ἀνθρώπων
1728 2944 1809 2996 εὐ·
1835 2976 1877 3034 c

207 3034 511 3088 διαλέκτων
538 3034 679 3106 πρὸς
709 3032 1049 3106 ἀναζήτησιν
1089 3035 1432 3113 Ἐπιφανίου.
1457 3035 1566 3089 Καὶ
1587 3036 1650 3107 δὴ
1679 3035 1810 3090 ἀνα-

210 3125 560 3197 ζητήσαντες
593 3125 811 3179 ἀπασαν
840 3125 939 3197 τὴν
972 3124 1156 3197 χώραν
1214 3124 1323 3179 τῶν
1381 3127 1665 3192 Φοινίκων,
1711 3128 1810 3199 οὐχ

208 3212 376 3288 εὖρον
402 3235 417 3249 ο
443 3217 563 3271 ἀλλ’
597 3215 906 3289 ἀνεχώρουν
936 3215 1207 3288 ἄπρακτοι
1243 3218 1377 3290 πρὸς
1415 3219 1505 3272 τὸν
1559 3217 1805 3289 βασιλέα.

208 3312 373 3375 Τινὲς
426 3311 484 3364 δὲ
524 3310 584 3377 ἐξ
614 3310 791 3363 αὐτῶν
823 3311 916 3363 καὶ
944 3310 1129 3374 κακῶς
1173 3312 1476 3383 ὑπέμειναν
1546 3316 1651 3369 ὑπὸ
1702 3316 1810 3371 τῶν

221 3404 524 3475 Ῥωμαίων
555 3402 632 3466 ὡς
683 3401 1042 3465 κατάσκοποι,
1073 3403 1166 3455 καὶ
1202 3402 1300 3474 τὴν
1332 3405 1436 3476 γῆν
1466 3406 1683 3461 ἅπασαν
1710 3407 1807 3479 τὴν

205 3494 475 3567 Φοινίκην
505 3494 603 3546 ἐπὶ
629 3494 865 3565 πονηρίᾳ
898 3492 1143 3557 θέλοντες
1196 3494 1547 3566 κατανοῆσαι.
1602 3499 1808 3568 Πορευ-

207 3584 405 3647 θέντες
431 3583 489 3636 se
521 3585 573 3636 οί
599 3581 1030 3653 διαπεμφθέντες
1072 3583 1418 3655 ἀπήγγειλαν
1463 3585 1540 3656 τῷ
1577 3585 1805 3655 βασιλεῖ,

207 3674 293 3727 ὅτι
326 3673 428 3743 ούχ
453 3664 615 3744 εὖρον
641 3671 732 3725 τὸν
778 3671 1118 3741 Ἐπιφάνιον.
1166 3672 1224 3726 '0
1259 3672 1316 3726 δὲ
1348 3674 1559 3746 δαίμων
1580 3675 1808 3747 ἔκραξεν

212 3764 435 3837 μεγάλῃ
470 3766 539 3836 τῇ
568 3766 720 3836 φωνῇ
747 3782 762 3796 ·
791 3764 881 3818 Ἐν
935 3763 1012 3835 τῷ
1056 3764 1206 3836 τόπῳ
1260 3765 1339 3837 τῷ
1394 3768 1809 3841 ἐπικαλουμένῳ
1846 3804 1850 3808 -

208 3857 558 3928 Σπανυδρίῳ,
585 3859 705 3910 ἐκεῖ
726 3856 873 3910 ἔστιν
890 3855 1185 3911 κατοικῶν.
1200 3856 1368 3911 Πάλιν
1392 3853 1486 3913 οὖν
1509 3862 1537 3913 ὁ
1558 3859 1810 3930 βασιλεὺς

210 3947 735 4020 προσκαλεσάμενος
792 3946 837 4000 λ’
894 3946 1116 4019 ἄνδρας,
1180 3943 1337 4011 εἷπεν
1384 3949 1523 4021 πρὸς
1577 3950 1807 4014 αὐτούς·

223 4037 601 4092 Ἀποδύσασθε
638 4037 702 4091 τὸ
753 4038 938 4109 σχῆμα
978 4038 1038 4091 τὺ
1066 4038 1354 4109 Περσικὸν,
1392 4039 1487 4093 καὶ
1520 4040 1710 4094 λάϐετε
1750 4041 1810 4094 τὸ

212 4131 409 4202 σχῆμα
426 4129 534 4183 τῶν
574 4128 882 4201 Ῥωμαίων,
915 4130 1009 4184 καὶ
1043 4130 1341 4203 πορεύθητε
1375 4132 1433 4183 ἐν
1464 4134 1530 4203 τῇ
1565 4132 1808 4205 Φοινίκῃο

210 4223 309 4275 καὶ
361 4221 739 4292 ἀναξητήσατε
790 4221 882 4274 τὸν
910 4221 1073 4274 τόπον
1100 4222 1193 4274 τὸν
1218 4220 1555 4293 καλούμενον
1600 4224 1809 4277 Σπανύ-

1924 401 2026 468 rio,
2059 403 2201 458 viam
2232 415 2474 463 nostram
2501 409 2783 469 inivimus.
2813 414 2895 469 Ad
2926 420 3230 476 secundum
3262 439 3391 479 vero
3418 427 3501 483 la-

1921 491 2097 561 pidem
2130 510 2161 549 a
2190 500 2544 564 monasterio,
2577 504 2816 558 occurrit
2849 507 3009 563 nobis
3056 510 3278 579 quidam
3311 515 3500 570 adole-

1921 596 2101 645 scens.
2153 586 2246 654 qui
2298 588 2536 645 habebat
2576 593 2877 650 daemonem
2920 598 3272 669 imperantem
3310 623 3326 660 :
3361 613 3417 659 et
3446 606 3500 660 iu

1920 672 2213 729 solitudine
2264 679 2333 730 ab
2364 692 2429 732 eo
2473 678 2901 751 discerpebatur.
2932 686 3070 742 Cum
3099 706 3225 745 eum
3277 692 3504 751 vidisset

1920 757 2255 831 Epiphanius
2291 766 2495 821 nudum
2524 768 2781 826 insolenti
2816 784 2870 829 et
2920 775 3285 849 incomposito
3332 798 3499 840 cursu

1919 854 2101 906 vexari
2133 855 2202 909 ab
2227 855 2510 913 immundo
2549 862 2767 930 spiritu,
2797 865 3053 923 clamavit
3098 886 3292 943 magna
3322 892 3452 931 voce
3480 894 3498 932 :

1918 938 2182 1011 Przecipio
2216 944 2309 1000 tibi
2336 947 2390 1001 in
2426 949 2647 1006 nomine
2669 950 2696 1007 ,Ι
2709 969 2806 1008 esu
2843 954 3049 1015 Christi
3080 938 3347 1032 cruciﬁxi,
3376 976 3435 1022 ut
3466 984 3499 1023 a

1919 1031 2014 1087 Dei
2053 1034 2311 1105 ﬁgmento
2344 1054 2528 1096 exeas.
2579 1043 2773 1101 Statim
2809 1059 2993 1105 autem
3033 1069 3154 1110 eum
3204 1059 3499 1128 exagitavit

1918 1125 2235 1183 immundus
2257 1132 2502 1200 spiritus,
2535 1145 2587 1189 et
2611 1136 2759 1191 humi
2786 1139 2954 1195 aﬁixit
2980 1157 2995 1193 :
3024 1156 3187 1213 atque
3219 1148 3289 1202 ab
3314 1125 3383 1204 eo
3410 1161 3498 1205 est

1916 1230 2190 1286 egressus.
2223 1219 2541 1278 lmmundus
2568 1236 2748 1282 autem
2771 1229 2983 1287 daemon
3013 1234 3270 1292 clamavit
3298 1255 3496 1310 magna

1917 1320 2048 1361 voce
2080 1325 2092 1360 :
2136 1305 2180 1362 Ο
2208 1307 2500 1379 Epiphani,
2544 1322 2600 1369 tu
2638 1332 2724 1372 me
2746 1321 2971 1389 expellis
2994 1326 3170 1403 eloco
3205 1343 3327 1384 meo
3373 1305 3498 1399 pom

1916 1398 2151 1466 spatiqu
2178 1401 2366 1469 viginti
2396 1403 2630 1459 duorum
2664 1423 2933 1466 annorum
2976 1432 2990 1466 :
3022 1398 3123 1485 ego
3174 1417 3264 1472 ibo
3311 1398 3383 1474 ad
3408 1436 3500 1475 re—

1881 1527 1888 1535 .
1915 1502 2034 1554 gem
2060 1487 2371 1553 Persarum,
2401 1503 2451 1547 et
2472 1497 2697 1551 movebo
2717 1514 2841 1554 eum
2869 1510 3061 1559 contra
3091 1518 3170 1574 te;
3196 1517 3250 1565 et
3277 1508 3495 1577 faciam,

1918 1585 1975 1630 ut
2008 1592 2128 1630 cum
2196 1579 2488 1636 aﬁlictioue
2542 1599 2724 1640 coram
2760 1603 2826 1644 eo
2881 1591 3114 1648 sistaris.
3165 1596 3501 1658 Adolescens

1916 1675 2096 1719 autem
2110 1669 2271 1722 nvenit
2295 1671 2594 1739 modestus,
2623 1686 2676 1729 et
2708 1680 2940 1746 procidit
2966 1684 3032 1737 ad
3063 1687 3228 1755 pedes
3260 1688 3496 1761 Epipha—

1918 1756 2013 1809 nii.
2065 1755 2167 1823 Qui
2197 1775 2321 1813 eum
2355 1764 2550 1827 erexit,
2582 1765 2768 1822 dicens
2802 1784 2814 1819 :
2852 1770 3044 1841 Surge,
3081 1776 3178 1840 ﬁli,
3205 1789 3258 1832 et
3281 1755 3334 1834 iu
3360 1755 3499 1851 pace

1886 1849 2051 1914 ,vadc
2080 1849 2133 1903 in
2174 1850 2397 1907 domum
2439 1862 2610 1911 tuam.
2640 1855 2705 1912 Et
2745 1862 2986 1917 surrexit
3006 1866 3281 1934 protinus.

1985 2110 2124 2167 XLI.
2159 2112 2477 2171 Immundas
2502 2125 2683 2171 autem
2721 2118 2933 2174 daemon
2958 2121 3057 2176 ivit
3098 2123 3152 2176 in
3196 2122 3493 2191 Persidem,

1914 2213 1966 2257 et
1994 2205 2221 2259 adhaesit
2255 2206 2378 2260 ﬁlia:
2407 2207 2775 2277 imperatoris,
2805 2220 2859 2265 et
2897 2228 3017 2267 eam
3044 2216 3232 2269 eodem
3267 2226 3492 2287 torque-

1914 2295 2006 2349 bat
2037 2296 2325 2366 supplicio,
2362 2313 2473 2367 quo
2513 2299 2666 2368 prius
2709 2301 3132 2373 adolescentem,
3200 2316 3250 2361 et
3282 2307 3490 2363 clama—

1914 2386 2025 2449 bat,
2055 2387 2242 2442 (licens
2272 2405 2285 2441 :
2312 2385 2426 2441 Nisi
2468 2390 2675 2443 venerit
2725 2390 3080 2462 Epiphanius,
3131 2397 3226 2466 qui
3269 2398 3376 2453 huc
3407 2415 3495 2455 me

1913 2480 2146 2533 misitad
2180 2489 2325 2534 tuam
2356 2480 2543 2544 ﬁliam,
2576 2481 2645 2535 ab
2689 2497 2750 2538 ea
2784 2500 2894 2539 non
2929 2486 3201 2543 recedam.
3247 2487 3495 2546 Rursus-

1914 2587 2019 2641 que
2078 2572 2294 2627 dicebat
2345 2571 2599 2626 daemon:
2656 2572 3208 2645 Epiphani,thnix
3277 2596 3496 2652 genere,

1913 2663 2032 2715 veni
2059 2662 2190 2728 huc,
2222 2675 2280 2719 ut
2307 2664 2498 2721 eaeam
2527 2684 2561 2721 a
2601 2667 2708 2722 ﬁlia
2741 2669 2904 2738 regis.
2940 2668 3056 2723 Rex
3104 2679 3308 2737 autem,
3363 2689 3490 2729 cum

1911 2771 1940 2809 a
1979 2755 2227 2812 daemone
2272 2758 2537 2813 audiisset
2567 2760 2634 2814 de
2678 2757 2979 2823 thnieia,
3015 2761 3157 2816 misit
3188 2762 3496 2819 multitudi-

1911 2864 2033 2902 nem
2088 2849 2285 2920 lingnaa
2342 2851 2641 2920 peritorum
2698 2850 2981 2905 hominum
3015 2852 3081 2906 ad
3131 2853 3494 2924 quaerendum

1912 2924 2293 3010 Epiphanium.
2350 2940 2518 2995 Porro
2565 2950 2745 2996 autem
2802 2956 2926 2996 cum
2967 2944 3352 3011 quaesivisseut
3392 2961 3493 3015 per

1916 3040 2082 3086 totam
2105 3029 2425 3086 Plimuieum
2459 3032 2758 3103 regionem,
2793 3048 2919 3087 eum
2965 3049 3073 3087 non
3130 3035 3494 3091 invenerunt:

1915 3121 2007 3176 sed
2041 3121 2240 3175 reversi
2269 3130 2396 3176 sunt
2420 3120 2489 3174 ad
2522 3137 2724 3192 regem,
2754 3138 2812 3177 re
2850 3123 3497 3183 infecta.Nonnullivero

1912 3212 2072 3267 etiam
2100 3200 2175 3266 ex
2198 3213 2281 3267 eis
2329 3213 2468 3267 male
2500 3213 2645 3281 passi
2681 3225 2806 3268 sunt
2834 3231 2863 3269 a
2900 3213 3187 3282 Romanis,
3230 3227 3495 3288 tanquam

1913 3304 2300 3373 speculatores,
2335 3314 2387 3358 et
2420 3303 2514 3375 qui
2555 3304 2749 3359 callide
2784 3306 2984 3361 vellent
3014 3306 3364 3364 considerare
3389 3318 3490 3365 to-

1912 3407 2019 3451 tam
2047 3398 2321 3468 regionem
2347 3394 2687 3452 Phoenicum.
2720 3398 2853 3452 Cum
2884 3409 3066 3454 autem
3097 3401 3366 3473 adregem
3396 3419 3491 3459 ve-

1914 3490 2122 3543 nissent
2156 3489 2226 3553 ii,
2268 3488 2362 3557 qui
2400 3487 2721 3558 effugerant,
2772 3491 3221 3547 renuntiaverunt
3281 3507 3341 3549 se
3377 3509 3493 3550 non

1912 3580 2183 3634 invenisse
2209 3578 2595 3649 Epiphanium.
2632 3577 2851 3634 Dazmon
2883 3590 3063 3637 autem
3118 3599 3311 3654 magna
3358 3599 3489 3640 voce

1911 3669 2186 3735 clamavit,
2225 3670 2412 3725 dicens
2433 3688 2447 3723 :
2469 3668 2686 3724 Habitat
2713 3671 2765 3724 in
2794 3671 2934 3736 loco,
2963 3673 3053 3743 qui
3082 3674 3281 3728 dicitur
3307 3674 3490 3745 Span-

1909 3762 2158 3833 hydrion.
2199 3759 2409 3819 Rursus
2435 3779 2566 3834 ergo
2590 3782 2705 3831 rex,
2727 3768 3006 3822 accersitis
3042 3784 3143 3822 xxx
3174 3769 3325 3834 viris,
3349 3770 3495 3825 dixit

1910 3851 2037 3905 eis:
2072 3849 2268 3904 Exuite
2290 3866 2387 3904 vos
2418 3852 2613 3905 vestitu
2638 3851 2876 3916 Persico,
2921 3862 2973 3906 et
2996 3853 3201 3909 induite
3230 3857 3491 3911 vestitum

1910 3939 2316 3995 Romanorum:
2347 3949 2400 3996 et
2427 3951 2621 3996 euntes
2657 3942 2711 3995 in
2764 3942 3124 4009 l’heniciam,
3151 3953 3206 3999 et
3236 3961 3489 4015 quaeren-

1910 4041 1991 4087 tes
2009 4032 2209 4097 locum,
2243 4032 2336 4103 qui
2362 4032 2561 4087 dicitur
2591 4032 2993 4104 Spanhydri‘on,
3025 4034 3278 4090 adducite
3303 4036 3370 4090 ad
3399 4054 3495 4095 me

1912 4122 2302 4194 Epiphanium.
2334 4123 2600 4179 Abierunt
2628 4127 2720 4195 qui
2757 4127 2909 4180 missi
2972 4126 3211 4193 fuerant,
3256 4132 3492 4187 mutatis

1909 4214 2024 4269 suis
2055 4213 2329 4279 vestibus,
2353 4222 2409 4266 et
2439 4223 2705 4267 venerunt
2752 4214 2802 4266 in
2836 4212 3199 4272 Pumuiciam.
3234 4217 3493 4288 Cumque

208 4314 389 4386 δριον,
441 4311 680 4381 ἀγάγετέ
721 4330 810 4382 μοι
844 4313 1158 4382 Ἐπιφάνιον
1188 4312 1279 4367 τὸν
1304 4315 1563 4385 οἰκήτορα
1592 4314 1686 4368 τοῦ
1718 4316 1809 4368 τό-

1913 4305 2014 4376 ipsi
2047 4306 2275 4359 multum
2301 4304 2702 4373 quzesivissent,
2739 4304 3046 4360 declaratus
3069 4304 3172 4361 fuit
3201 4308 3282 4364 eis
3307 4311 3488 4378 locus,

212 4421 323 4457 που
374 4401 631 4472 Ἐξῆλθον
660 4402 716 4455 δὲ
748 4405 796 4456 oi
838 4402 881 4455 λ’
914 4401 1108 4475 ἀνδρες
1156 4404 1205 4458 oi
1255 4404 1656 4483 ἀπεσταλμένοι
1703 4407 1808 4461 ὑπὸ

210 4493 310 4546 τοῦ
337 4492 626 4563 βασιλέως.
661 4492 995 4558 ἀλλάξαντες
1028 4494 1126 4557 τὰς
1181 4496 1391 4549 ἑαυτῶν
1446 4496 1657 4562 στολὰς,
1714 4501 1808 4553 καὶ

214 4585 589 4656 παρεγένοντο
604 4585 697 4638 ἐπὶ
718 4585 815 4657 τῆς
829 4587 1100 4658 Φοινίκης.
1124 4587 1219 4640 καὶ
1246 4587 1417 4640 πολλά
1431 4589 1808 4660 ἀναζητήσαν-

210 4694 328 4741 τες,
356 4675 721 4748 διερμηνεύθη
750 4678 935 4742 αὐτοῖς
973 4681 1002 4732 6
1030 4678 1215 4745 τόπος,
1274 4680 1365 4733 καὶ
1396 4682 1425 4733 6
1472 4682 1802 4752 Ἐπιφάνιος.

212 4766 385 4820 Αύτοὶ
416 4767 475 4820 δὲ
507 4768 816 4839 ἐπέστησαν
846 4767 924 4838 τῷ
956 4769 1108 4839 τόπῳ
1140 4769 1335 4833 νυκτός
1355 4786 1367 4800 ·
1403 4765 1470 4841 ἦν
1500 4769 1556 4823 δὲ
1583 4772 1808 4841 Ἐπιφά-

213 4877 330 4921 νιος
360 4859 463 4921 τὰς
494 4858 816 4929 νυκτερινὰς
840 4858 1005 4928 εὐχὰς
1045 4858 1387 4929 ἀναπέμπων
1416 4859 1495 4930 τῷ
1517 4861 1636 4932 Θεῷ
1659 4878 1673 4892 ⁸
1729 4863 1806 4926 ὡς

212 4951 704 5025 δὲ’ἐπέστησανέτῇ
735 4949 874 5021 θύρᾳ
923 4949 1018 5002 τοῦ
1053 4949 1287 5014 κελλίου,
1319 4951 1415 5003 καὶ
1445 4951 1805 5023 διακρούσαν-

216 5061 331 5108 τες,
366 5045 683 5112 Ἐπιφάνιος
702 5042 813 5096 οὐδ’
844 5041 980 5104 ὗλως
1012 5041 1249 5113 ἐπτοήθη
1279 5042 1355 5112 τῷ
1385 5042 1627 5115 λογισμῷ
1647 5062 1660 5075 ,
1690 5046 1803 5100 ἀλλ,

216 5132 468 5196 αὔτὺς’τὺ
498 5133 656 5205 ἔργον
688 5130 782 5185 τοῦ
812 5131 946 5184 Θεοῦ
996 5132 1259 5189 ἐπετέλει.
1311 5134 1475 5186 Αὐτοὶ
1528 5134 1584 5186 δὲ
1632 5136 1803 5207 θυμοῦ

217 5223 550 5295 πλησθέντες
566 5223 959 5278 ἐϐουλεύσαντο
972 5223 1071 5295 τὴν
1084 5221 1263 5294 θύραν
1282 5224 1544 5289 κατεάξαι
1565 5225 1658 5279 τοῦ
1680 5227 1804 5280 κελ-

216 5316 358 5370 λίου.
384 5310 480 5378 Εἷς
497 5316 554 5369 δέ
580 5334 664 5380 τις
701 5307 959 5379 ἐξαύτῶν
984 5316 1084 5387 τὴν
1118 5315 1393 5389 μάχαιραν
1425 5317 1679 5383 ἑλκύσας,
1712 5322 1808 5373 καὶ

215 5411 302 5471 εἰς
325 5408 389 5461 τὸ
412 5408 659 5480 κατόχιω
682 5406 790 5477 τῆς
819 5404 985 5478 θύρας
1010 5406 1215 5478 ταύτην
1234 5410 1572 5474 ἐπεκτείνας,
1593 5410 1806 5482 ἔμεινεν

216 5501 253 5571 ἡ
290 5499 414 5569 χεὶρ
447 5498 605 5552 αὐτοῦ
633 5497 921 5567 ἀκίνητος,
946 5499 1037 5551 καὶ
1069 5498 1385 5565 ἀσάλευτος,
1404 5503 1497 5555 καὶ
1518 5502 1804 5574 ἀκαμπὴς,

216 5591 319 5663 ὖλη
549 5592 653 5650 τῶν
693 5591 755 5643 δέ
796 5589 969 5643 ἄλλων
1001 5591 1255 5646 ἁπάντων
1315 5593 1590 5663 ἐπιφόϐων
1636 5612 1796 5666 γενη-

1910 4408 1963 4453 et
1987 4397 2345 4466 Epiphanius.
2369 4396 2473 4463 Qui
2504 4404 2669 4450 noctu
2699 4396 2764 4451 ad
2796 4396 2973 4452 locum
2999 4413 3303 4475 accessere.
3356 4402 3484 4474 Epi-

1908 4490 2140 4562 phanius
2195 4501 2378 4544 autem
2429 4489 2715 4545 emittebat
2774 4488 2885 4545 Deo
2916 4500 3216 4547 nocturnas
3272 4510 3480 4561 preces.

1907 4583 2044 4638 Cum
2072 4580 2348 4636 venissent
2374 4594 2506 4637 vero
2538 4580 2603 4633 ad
2632 4580 2834 4635 ostium
2869 4582 3038 4644 cellae.
3067 4592 3120 4636 et
3148 4583 3485 4652 pulsassent,

1910 4674 2044 4729 nihil
2066 4675 2250 4727 animo
2297 4672 2651 4742 perturbatus
2703 4670 2810 4726 fuit
2840 4671 3215 4743 Epiphanius;
3242 4677 3334 4731 sed
3368 4678 3487 4746 ipse

1908 4766 2000 4819 Dei
2032 4752 2170 4835 opus
2203 4766 2514 4835 peragebat.
2546 4763 2651 4834 Ipsi
2682 4773 2863 4818 autem
2888 4764 3151 4820 inanimo
3178 4767 3483 4822 habuerunt

1907 4860 2156 4933 frangere
2196 4858 2420 4914 ostium.
2446 4858 2581 4912 Cum
2614 4872 2749 4912 vero
2771 4874 2913 4913 unus
2956 4874 3021 4913 cx
3072 4861 3207 4929 ipsis
3229 4862 3483 4916 strinxiso

1906 4961 1989 5008 set
2016 4967 2229 5016 ensem,
2259 4959 2314 5005 et
2335 4951 2389 5003 in
2414 4964 2592 5004 seram
2646 4949 2771 5004 ostii
2798 4965 2923 5003 eum
2961 4950 3297 5016 intentasset,
3328 4967 3484 5006 man-

1904 5048 1976 5101 sit
2000 5059 2193 5099 manus
2222 5042 2343 5113 ejus
2362 5040 2679 5104 immobilis,
2703 5049 2756 5093 et
2791 5049 2898 5093 tota
2927 5040 3100 5094 arida.
3129 5040 3265 5095 Aliis
3297 5051 3478 5097 autem

1906 5148 2051 5193 metu
2081 5134 2382 5206 perterritis
2403 5173 2418 5198 ,
2465 5148 2561 5202 per
2594 5132 2831 5203 .aliquod
2859 5130 3201 5185 intervallum
3240 5146 3480 5188 recesse.

1906 5237 2038 5285 runt
2083 5242 2111 5281 a
2147 5226 2301 5281 cella.
2338 5226 2407 5278 At
2453 5222 2793 5294 Epiphanius
2846 5237 2969 5276 cum
3010 5222 3274 5292 spiritalis
3298 5224 3479 5280 cultus

1904 5334 2120 5376 omnem
2146 5316 2446 5389 peregisset
2477 5314 2953 5384 consequentiam,
3010 5315 3225 5383 aperuit
3276 5315 3477 5371 ostium

1905 5412 2074 5469 cellae.
2097 5408 2234 5464 Cum
2275 5417 2454 5464 autem
2479 5421 2603 5461 eum
2629 5406 2951 5469 vidissetjs,
2970 5406 3067 5487 .cui
3091 5421 3287 5461 manus
3316 5421 3478 5462 arue-

1904 5515 2012 5569 rat,
2046 5504 2195 5557 humi
2226 5501 2418 5556 cecidit
2464 5500 2518 5553 in
2560 5499 2775 5563 faciem,
2807 5499 3034 5553 dicens:
3071 5498 3323 5552 Miserere
3349 5497 3474 5559 mei,

1906 5613 2062 5654 serve
2088 5595 2182 5651 Dei
2208 5592 2554 5649 immortalis.
2586 5591 2723 5647 Dicit
2748 5590 3082 5663 Epiphanius
3108 5607 3121 5645 :
3156 5586 3294 5656 Quid
3321 5600 3487 5673 quae:
