3866 6066
395 238 467 295 39
813 210 817 214 ’
1649 222 1706 276 s.
1748 218 2086 276 EPIPHANII
2125 217 2300 273 VITA.
3100 254 3113 271 .
3561 216 3634 272 to

399 352 479 409 ris
516 348 584 405 ab
642 345 862 400 homine
901 337 1230 411 peccatore?
1284 337 1334 393 ls
1379 351 1509 391 vero
1537 336 1710 391 dixit:
1777 338 1959 392 Sanus

2078 335 2282 399 léwwv,
2312 329 2617 401 ἀνεχώρουν
2638 327 2745 383 ἀπὸ
2772 327 3136 397 διαστήματος
3155 324 3249 378 τοῦ
3278 324 3635 381 κελλίου.Τοῦ

400 441 526 497 veni
555 440 609 494 in
636 438 782 492 hunc
814 435 1015 497 locum,
1067 441 1123 486 et
1156 444 1283 485 ecce
1316 443 1514 483 manus
1558 443 1678 482 mea
1722 429 1957 483 exaruit.

402 525 737 598 Epiphanius
763 533 943 579 autem
976 521 1152 576 dixit:
1191 516 1371 573 Sanus
1400 515 1617 580 venisti,
1649 530 1817 572 sanus
1840 516 1961 572 tias.

402 619 650 688 Cumque
686 617 802 686 ipse
851 628 1070 669 manum
1103 612 1224 683 ejus
1275 611 1556 683 tetigisset,
1604 610 1853 666 restituta
1880 618 1965 663 est

401 718 464 765 ut
499 709 624 763 alia.
656 706 947 776 Postquam
992 712 1170 759 autem
1199 703 1453 758 viderunt
1504 718 1695 757 omnes
1724 701 1964 772 signum,

404 799 547 870 quod
583 797 784 852 factum
818 795 1018 860 fuerat,
1051 794 1277 850 veniunt
1306 809 1519 855 omnes.
1545 801 1599 848 et
1626 792 1966 862 procidentes

404 891 470 946 ad
508 889 674 960 pedes
702 886 1008 958 Epiphanii,
1043 885 1282 941 confessi
1316 893 1445 941 sunt
1470 898 1716 946 causam,
1749 890 1967 951 propter

402 991 567 1048 quam
597 976 665 1031 ad
710 991 834 1031 eum
870 984 1151 1031 venerant.
1211 973 1261 1029 is
1293 988 1442 1039 vero,
1488 973 1555 1027 iis
1602 972 1821 1037 auditis,
1847 987 1968 1041 quae

402 1069 661 1123 dixerunt
698 1066 967 1129 homines,
1004 1066 1256 1137 cognovit
1307 1065 1453 1136 quod
1505 1065 1749 1135 spiritus,
1804 1080 1967 1135 quem

404 1160 520 1217 inse
547 1160 781 1229 eiecerat
802 1176 868 1214 ex
898 1159 1263 1223 adolescente,
1291 1173 1355 1212 eo
1377 1155 1677 1227 profectus,
1702 1155 1970 1226 atﬂigebat

403 1250 659 1321 puellam.
690 1248 835 1304 Dixit
862 1258 1039 1305 autem
1063 1249 1194 1303 mihi
1238 1246 1570 1318 Epiphanius
1599 1263 1612 1299 :
1651 1245 1845 1317 Surge,
1871 1246 1966 1310 iili,

404 1355 701 1411 sequamur
723 1342 821 1396 hos
846 1340 1115 1395 homines.
1144 1337 1247 1405 Qui
1279 1338 1327 1393 ei
1351 1337 1607 1392 dixerunt
1641 1354 1654 1390 :
1702 1337 1850 1392 Missi
1877 1352 1970 1392 su-

404 1443 551 1491 mus,
575 1444 608 1482 ο
636 1427 816 1494 Pater,
839 1414 869 1482 εἰ
895 1442 1018 1497 rege
1035 1427 1103 1481 ad
1133 1437 1184 1481 te
1208 1427 1382 1482 solum
1410 1442 1423 1478 :
1445 1428 1578 1496 quin
1606 1411 1772 1481 etiam
1784 1440 1972 1495 super-

405 1533 635 1574 vacuum
663 1517 865 1572 animal
895 1517 1240 1582 adducimus,
1263 1527 1321 1572 ut
1340 1517 1388 1571 ei
1413 1517 1671 1573 insideas.
1692 1515 1771 1572 Eo
1789 1524 1967 1570 autem

402 1609 617 1663 dicente
647 1624 663 1661 :
696 1608 928 1664 Pedibus
947 1610 1196 1664 celeriter
1215 1624 1379 1664 curro
1402 1612 1632 1664 :‘verum
1672 1608 1762 1663 hic
1778 1624 1968 1689 meum

2062 424 2118 480 δὲ
2148 422 2464 494 Ἐπιφανίου
2516 421 2732 477 ἅπασαν
2760 416 3079 472 ἀκολουθίαν
3129 416 3228 486 τῆς
3261 416 3637 487 πνευματικῆς

2062 514 2311 587 λατρείας
2334 511 2716 579 ἐκτελέσαντος
2738 550 2754 574 ,
2800 505 3011 580 ἤνοιξεν
3037 505 3134 576 τὴν
3170 504 3340 577 θύραν
3375 506 3477 577 τῆς
3507 506 3636 560 κέλ-

2063 606 2181 677 λης.
2210 603 2358 659 Ἰδὼν
2394 602 2451 657 δὲ
2478 601 2638 655 αὑτὸν
2666 602 2695 654 ό
2736 601 2834 671 τὴν
2860 600 3018 670 χεῖρα
3063 598 3201 667 ἔχων
3254 596 3636 670 ξηρανθεῖσαν,

2065 697 2258 751 ἔπεσεν
2304 694 2398 748 ἐπὶ
2421 693 2709 766 πρόσωπον
2736 691 2828 744 ἐπὶ
2856 687 2953 760 τὴν
2976 690 3099 760 γῆν,
3135 687 3307 757 λέγων
3325 706 3339 719 ·
3390 689 3638 759 Ἐλέησόν

2070 804 2159 857 με,
2192 785 2369 858 μύστα
2398 782 2705 855 θεραπευτά
2734 781 2842 835 τῶν
2867 778 3169 835 ἀθανάτων.
3212 779 3270 833 '0
3302 778 3360 833 δὲ
3403 779 3639 849 Ἐπιερά-

2067 878 2179 942 νιός
2205 895 2370 949 φησιν
2396 875 2507 929 ’κΤί
2546 874 2714 936 αἰτεῖς
2746 870 2901 943 παρὰ
2932 870 3219 941 ἀνθρώπου
3270 870 3597 942 ἀμαρτωλοῦ
3622 890 3637 935 ;

2079 966 2138 1021 Ὀ
2174 966 2231 1020 δὲ
2262 960 2434 1019 εἷπεν·
2481 962 2670 1035 ’Υγιὴς
2697 953 2860 1032 ἦλθον
2888 959 2967 1022 είς
2994 958 3083 1011 τὸν
3129 957 3291 1011 τόπον
3312 956 3524 1018 τοῦτον,
3548 961 3642 1012 καὶ

2072 1059 2182 1113 ἰδοὺ
2230 1055 2501 1127 ἐξηράνθη
2537 1057 2571 1127 ἡ
2605 1053 2727 1126 χείρ
2758 1070 2884 1124 μου.
2927 1052 2984 1105 '0
3008 1050 3065 1104 δὲ
3113 1049 3430 1117 Ἐπιφάνιος
3455 1045 3639 1101 εἶπενυ

2080 1148 2268 1220 ’Υγιὴς
2318 1144 2501 1217 ἦλθες,
2537 1145 2695 1216 ὑγιὴς
2722 1142 2917 1213 γενοῦ·
2981 1140 3073 1195 καὶ
3123 1136 3397 1209 ἁψάμενος
3452 1139 3640 1196 αὐτοῦ,

2069 1236 2483 1307 ἀπεκατεστάθη
2511 1235 2686 1309 ἠχεὶρ
2711 1233 2896 1297 αὐτοῦ,
2931 1232 3058 1303 ώςή
3092 1229 3249 1300 άλλη.
3289 1229 3376 1293 Ὠς
3411 1226 3505 1284 οὖν
3537 1229 3643 1282 ἴδον

2069 1333 2118 1384 οί
2145 1330 2293 1385 ἄλλοι
2318 1328 2518 1391 πάντες
2544 1326 2605 1379 τὸ
2625 1323 2845 1395 γεγονὸς
2870 1324 3115 1394 σημεῖον,
3141 1320 3389 1393 ἔρχονται
3420 1320 3641 1381 πάντες,

2069 1423 2164 1477 καὶ
2186 1418 2583 1492 προσπεσόντες
2609 1415 2933 1486 Ἐπιφανίῳ,
2969 1412 3279 1485 ὡμολόγουν
3308 1411 3406 1483 τὴν
3438 1410 3645 1478 αίτξαν,

2008 1514 2013 1517 ’
2069 1510 2137 1563 δι’
2170 1511 2237 1581 ἢν
2266 1509 2519 1579 πάρεισιν
2550 1505 2687 1577 πρὸς
2714 1506 2897 1559 αὐτόν.
2928 1501 3035 1556 T05
3064 1502 3122 1556 δὲ
3156 1500 3487 1562 ἀκούσαντος
3514 1499 3643 1560 τοὺς

2071 1602 2262 1670 λόγους
2292 1599 2400 1655 τῶν
2427 1596 2747 1669 ἀνθρώπων,
2782 1594 2944 1664 ἔγνω,
2972 1593 3053 1647 ὅτι
3082 1592 3142 1646 τὸ
3179 1590 3397 1662 πνεῦμα
3432 1589 3493 1643 τὸ
3521 1589 3644 1642 διω-

404 1713 510 1753 non
534 1697 835 1768 relinquam
860 1698 1213 1768 discipulum.
1231 1699 1337 1768 lpsi
1361 1714 1552 1753 rursus
1572 1679 1827 1753 dixerunt
1847 1712 1972 1752 cum

2078 1692 2199 1765 χθὲν
2233 1690 2323 1744 ὑπ’
2362 1687 2528 1743 αὐτοῦ
2567 1687 2675 1741 ἀπὸ
2698 1685 2793 1739 τοῦ
2819 1684 3102 1738 νεανίσκου
3127 1722 3142 1748 ,
3186 1681 3345 1735 τοῦτο
3382 1679 3646 1752 πορευθὲν

404 1803 603 1859 magno
635 1798 778 1842 metu
810 1802 825 1839 :
855 1788 1068 1843 Adsunt
1099 1804 1198 1858 pro
1237 1789 1482 1857 utrisque
1504 1789 1698 1843 cameli
1726 1789 1973 1853 ;solum-

406 1880 569 1933 modo
591 1879 840 1934 lubenter
869 1893 1116 1949 sequere,
1145 1877 1378 1944 Quidam
1408 1889 1588 1933 autem
1617 1880 1825 1950 lepidus
1851 1878 1975 1934 ado-

408 1971 619 2025 lescens
645 1969 698 2024 in
726 1968 919 2026 faciem
943 1970 1159 2035 cecidit,
1180 1980 1233 2024 et
1257 1969 1523 2036 adoravit,
1554 1971 1740 2027 dicens
1770 1988 1783 2024 :
1817 1968 1976 2042 Igno-

408 2075 500 2115 sce
527 2061 682 2122 mihi,
721 2058 903 2115 Pater.
933 2058 1001 2114 Et
1029 2059 1365 2130 Epiphanius
1393 2060 1441 2114 ei
1470 2058 1681 2129 placido
1710 2058 1858 2114 vultu
1892 2059 1975 2113 di-

408 2150 487 2205 xit
522 2165 536 2202 :
570 2149 763 2221 Surge,
784 2147 926 2205 Deus
954 2159 1007 2205 te
1032 2150 1336 2217 benedicat,
1361 2149 1627 2205 ﬁli.Tnnc
1654 2149 1973 2206 adolescens

407 2254 602 2310 magna
641 2239 864 2295 affectus
895 2239 1061 2293 animi
1097 2240 1512 2310 tranquillitate,
1547 2240 1762 2295 duabus
1792 2241 1972 2294 maui-

410 2327 513 2383 bus
546 2327 819 2397 accipiens
846 2325 1212 2397 Epiphanium
1240 2329 1499 2399 imposuit
1542 2329 1970 2385 dromocamelo.

409 2418 491 2473 Ad
514 2431 602 2473 me
629 2428 811 2472 autem
836 2418 1084 2483 veniens,
1110 2418 1242 2472 mihi
1265 2433 1485 2488 quoque
1522 2417 1651 2474 fecit
1674 2419 1927 2475 similiter
1956 2438 1970 2473 :

410 2508 635 2578 ipseque
657 2507 899 2562 anteibat
930 2508 1140 2577 primus
1168 2508 1623 2567 dromocamelos.

2070 1784 2277 1840 έθλιϐεν
2323 1782 2422 1853 τὴν
2479 1779 2665 1834 παῖδα.
2729 1772 2896 1831 Εἶπεν
2934 1769 3330 1842 δὲἘπιφάνιος
3361 1770 3496 1842 πρὸς
3536 1771 3605 1841 μέ
3628 1786 3645 1802 ο

2084 1874 2336 1937 Ἀνάστα,
2366 1869 2577 1932 τέκνον,
2611 1864 3059 1937 ἀκολουθήσωμεν
3085 1866 3197 1929 τοῖς
3222 1860 3549 1934 ἀνθρώποις.
3582 1860 3647 1913 υἱ

2070 1965 2127 2018 δὲ
2155 1963 2291 2034 πρὸς
2323 1960 2485 2015 αὐτόν
2508 1974 2522 1989 ·
2552 1958 2665 2012 οὐκ
2689 1956 3091 2027 ἀπεστάλημεν,
3122 1955 3309 2025 φησὶν,
3356 1950 3563 2021 Πάτερ,
3600 1952 3649 2003 εί

2076 2056 2150 2126 μὴ
2175 2054 2310 2127 πρὸς
2344 2052 2404 2105 at
2440 2049 2544 2105 ὑπὸ
2578 2048 2674 2103 τοῦ
2704 2044 2984 2120 βασιλέως,
3015 2038 3060 2113 ᾧ
3090 2045 3186 2098 καὶ
3212 2043 3349 2108 ζῶον
3386 2040 3649 2111 περισσὸν

2078 2145 2427 2216 ἐπιφέρομεν,
2457 2143 2606 2205 ὅπως
2632 2139 2921 2211 καθεσθῇς.
2941 2136 3047 2191 Τοῦ
3077 2136 3134 2191 δὲ
3162 2135 3410 2205 λέγοντος
3431 2149 3445 2163 ·
3481 2131 3649 2186 Ποσὶν

2077 2237 2243 2304 ὀξέως
2280 2234 2478 2307 τρέχω,
2512 2231 2670 2303 μόνον
2699 2231 2791 2284 τὸν
2816 2229 2944 2302 ἐμὸν
2969 2227 3218 2301 μαθητὴν
3255 2228 3356 2281 οὐκ
3387 2224 3453 2279 ἂν
3501 2225 3651 2278 ὲάσω

2078 2322 2203 2384 ὧδε.
2257 2326 2418 2380 Αὐτοὶ
2474 2323 2637 2378 πάλιν
2708 2323 2889 2391 ελεγον
2943 2320 3082 2393 μετά
3154 2319 3320 2389 φόϐου
3370 2316 3646 2389 μεγάλου*

2084 2420 2336 2472 Ἀπεισιν
2388 2417 2443 2470 αἱ
2496 2414 2730 2486 κάμηλοι
2787 2412 2896 2467 ἀπὸ
2921 2411 3031 2465 τῶν
3081 2409 3405 2482 ἀμφοτέρων
3428 2423 3443 2438 '
3488 2408 3650 2479 μόνον

2081 2510 2324 2582 εὐμενῶς
2361 2507 2726 2579 ἀκολούθησον
2756 2509 2866 2571 σοῖς
2894 2503 3118 2567 δούλοις.
3155 2497 3251 2566 Εἷς
3287 2500 3344 2555 δέ
3363 2516 3447 2564 τις
3475 2499 3649 2553 νεανί-

412 2613 540 2661 σκος
563 2596 770 2671 χαρίεις
798 2596 989 2652 ἔπεσεν
1025 2599 1115 2652 ἐπὶ
1169 2598 1475 2670 πρόσωπον,
1508 2601 1602 2654 καὶ
1663 2602 2065 2674 προσεκύνησεν
2125 2599 2526 2672 αὐτῷ,ολέγωνσ
2556 2596 2911 2669 Συγχώρησόν
2962 2610 3071 2667 μοι,
3118 2593 3320 2665 Πάτερ.
3343 2591 3476 2645 Τότε
3495 2591 3648 2646 Ἐπι-

412 2689 599 2759 φάνιος
623 2690 843 2757 εὐμενεί
865 2689 942 2760 τῷ
986 2689 1259 2762 προσώπῳ
1323 2688 1474 2745 εἶπεν
1501 2693 1636 2765 πρὸς
1682 2695 1843 2748 αὐτόν
1863 2711 1878 2725 σ
1924 2695 2177 2760 Ἀνάστα,
2205 2695 2234 2747 ὁ
2290 2692 2422 2755 Θεὸς
2462 2690 2741 2761 εύλογήσει
2792 2704 2871 2753 σε,
2898 2686 3105 2741 τέκνον.
3154 2684 3288 2738 Τότε
3316 2685 3343 2737 ὁ
3370 2684 3652 2748 νεανίσκος

411 2783 469 2835 ὲν
502 2781 668 2853 πολλῇ
724 2780 1073 2847 καταστάσει,
1124 2786 1243 2847 ταῖς
1294 2783 1413 2837 δυσὶ
1460 2786 1734 2856 παλάμαις
1775 2787 1939 2842 αὑτοῦ
1995 2788 2290 2859 λαϐόμενος
2318 2784 2657 2856 Ἐπιφανίου,
2714 2781 2980 2854 ἐπέθηκεν
3036 2780 3198 2835 αὐτὸν
3231 2781 3325 2835 ἐπὶ
3383 2780 3651 2852 δρομικῆς

412 2880 674 2950 καμήλου.
719 2877 919 2934 Ἐλθὼν
945 2878 1000 2932 δὲ
1035 2879 1169 2949 πρὸς
1199 2880 1285 2950 μὲ,
1320 2880 1572 2951 ἐποίησεν
1609 2881 1809 2952 ὁμοίως
1832 2895 1850 2912 ·
1904 2883 1997 2935 καὶ
2035 2879 2194 2945 αὐτὸς
2220 2878 2463 2943 ἐϐάδιζεν
2495 2877 2710 2950 πρῶτος
2742 2877 2849 2929 τῶν
2884 2873 3336 2946 δρομοκαμήλων.

485 2971 623 3028 XIV.
654 2972 789 3027 Cum
848 2987 977 3026 vero
1010 2970 1437 3027 conl'ecissemus
1476 2973 1693 3045 triginta
1740 2976 1974 3044 quinque

2153 2971 2246 3027 IA'.
2293 2969 2655 3025 Ὁδευσάντων
2702 2967 2759 3021 δὲ
2785 2965 2941 3038 ἡμῶν
2976 2965 3144 3037 μονάς
3200 2965 3295 3027 λε’,
3335 2963 3651 3037 ἐφθάσαμεν

411 3064 745 3129 mansiones,
774 3063 1124 3134 pervenimus
1155 3062 1220 3116 ad
1256 3063 1483 3133 regiam,
1514 3073 1569 3120 et
1598 3065 1902 3121 mansimus
1924 3065 1978 3119 in

411 3155 554 3220 loco,
589 3155 681 3226 qui
710 3154 911 3211 dicitur
933 3152 1123 3210 Urion.
1147 3153 1282 3211 Tres
1313 3163 1492 3211 autem
1523 3171 1588 3212 ex
1616 3157 1697 3211 eis
1726 3156 1978 3225 ingressi,

411 3247 526 3317 regi
566 3246 969 3301 renuntiarunt.
997 3245 1243 3316 Cumque
1276 3262 1370 3301 rex
1416 3245 1675 3316 iussisset
1730 3244 1798 3299 ad
1853 3260 1978 3299 eum

376 3410 379 3413 Ἴ
413 3337 621 3409 ingredi
655 3337 1041 3407 Epiphanium,
1065 3337 1287 3406 perinde
1314 3336 1416 3391 fuit
1440 3335 1732 3405 tranquillo
1752 3344 1806 3390 et
1831 3351 1981 3390 com-

412 3430 591 3499 posito
623 3429 827 3491 animo,
858 3440 1020 3497 atque
1056 3429 1102 3483 si
1135 3444 1316 3498 regem
1352 3443 1460 3482 non
1488 3436 1633 3483 esset
1681 3437 1980 3483 conventu-

416 3536 530 3575 rus.
562 3519 717 3575 Tunc
735 3535 823 3574 me
846 3535 970 3574 eum
988 3528 1306 3589 sequentem
1340 3519 1539 3573 invasit
1561 3535 1791 3589 magnus
1817 3518 1981 3573 timor

412 3619 467 3663 et
501 3618 725 3663 tremor.
784 3606 922 3662 Nam
991 3622 1115 3662 cum
1167 3607 1425 3663 vidissem
1484 3607 1710 3661 multam
1766 3608 1978 3662 turbam

413 3704 704 3763 astantem,
737 3696 791 3750 in
823 3695 1005 3751 varias
1038 3705 1218 3766 partes
1243 3696 1523 3751 versabam
1551 3698 1815 3750 animum.
1842 3695 1977 3751 Cum

413 3795 596 3841 autem
623 3786 733 3857 regi
753 3787 1245 3857 appropinquasset
1279 3785 1638 3857 Epiphanius,
1670 3803 1762 3843 rex
1793 3788 1977 3842 statim

414 3879 649 3933 surrexit
679 3893 708 3932 a
738 3878 883 3933 sede.
918 3877 1048 3948 Regi
1075 3893 1202 3933 vero
1233 3878 1369 3932 dixit
1404 3877 1783 3950 Epiphanius:
1822 3877 1978 3943 Sede,

415 3970 511 4036 illi,
552 3985 715 4040 super
753 3969 1033 4034 thronum,
1070 3984 1170 4024 nec
1207 3980 1424 4039 propter
1453 3978 1604 4023 tuum
1636 3972 1840 4025 luctum
1881 3970 1981 4024 du—

413 4061 549 4116 bites
570 4062 774 4116 animo.
806 4059 990 4114 Habeo
1010 4060 1154 4114 enim
1190 4059 1381 4123 Deum,
1410 4060 1501 4129 qui
1527 4060 1665 4115 {erat
1688 4059 1978 4124 auxilium,

411 4162 465 4209 et
496 4155 795 4210 daemonem
835 4152 1017 4222 pellat.
1067 4150 1257 4206 Solum
1305 4151 1466 4206 crede
1497 4150 1611 4206 Deo
1660 4150 1897 4219 benigno
1929 4161 1982 4205 et

412 4247 683 4311 clementi,
716 4244 794 4317 [et
828 4244 1037 4301 videbis
1068 4244 1176 4300 cito
1206 4242 1299 4300 Dei
1334 4243 1610 4316 gratiam].
1650 4242 1726 4297 Ne
1760 4243 1981 4298 aberres

2079 3065 2179 3135 τὴν
2219 3060 2481 3132 βασιλίδα,
2510 3059 2803 3131 ἐμείναμεν
2830 3057 2900 3111 δὲ’
2922 3058 2981 3111 έν
3000 3056 3151 3126 τόπῳ
3193 3055 3509 3127 καλουμένῳ
3549 3058 3651 3110 Οὐ-

2084 3154 2203 3225 ρίῳ.
2234 3154 2396 3223 Τρεῖς
2420 3152 2478 3205 δὲ
2506 3152 2599 3205 ἀπ’
2630 3149 2809 3205 αὐτῶν
2842 3147 3176 3211 εἰσελθόντες
3217 3149 3546 3220 ἀνήγγειλάν
3573 3147 3652 3220 τῷ

2082 3244 2303 3313 βασιλεῖ.
2337 3244 2447 3297 Καὶ
2483 3242 2546 3314 δὴ
2580 3241 2935 3304 κελεύσαντος
2962 3240 3053 3296 τοῦ
3107 3239 3368 3311 βασιλέως
3410 3241 3652 3313 εἰσέρχε-

2083 3334 2205 3387 σοαι
2234 3334 2370 3405 πρὸς
2417 3334 2578 3387 αὑτὸν
2638 3331 2731 3387 τὸν
2762 3332 3098 3401 Ἐπιφάνιον,
3156 3332 3329 3403 εἰσῄει
3381 3333 3440 3385 ἐν
3480 3332 3652 3405 πολλῇ

2081 3425 2432 3488 καταστάσει,
2449 3425 2523 3488 ὡς
2551 3424 2624 3495 μὴ
2654 3424 2932 3493 συντυχεῖν
2953 3422 3088 3492 ἔχων
3116 3423 3197 3476 ἑνὶ
3223 3423 3332 3478 τῶν
3363 3423 3651 3494 βασιλέων.

2081 3517 2214 3569 Τότε
2239 3516 2302 3587 δὴ
2329 3515 2439 3584 ἐγὼ
2465 3516 2639 3569 όπίσω
2658 3515 2831 3587 τούτῳ
2860 3516 3078 3588 βαίνων,
3106 3516 3269 3586 φόϐος
3312 3518 3407 3571 καὶ
3449 3519 3653 3589 τρόμος

2038 3677 2043 3683 ,
2080 3606 2273 3659 ἔπεσεν
2295 3607 2381 3658 ἐπ’
2405 3606 2526 3676 ὲμέ.
2575 3605 2719 3658 ’ἰδὼν
2750 3606 2858 3677 γάρ
2891 3605 3078 3677 ϐχλους
3101 3606 3471 3677 περιεστῶτας
3503 3607 3654 3677 αύτῷ

2083 3697 2327 3761 πολλοὺς,
2361 3695 2654 3767 ὲδονούμην
2676 3696 2754 3767 τῷ
2779 3696 3025 3768 λογισμῷ
3045 3714 3167 3768 μου.
3192 3697 3299 3750 Τοῦ
3327 3698 3385 3751 δὲ
3418 3698 3656 3767 Ἑπιφαο

2081 3788 2191 3841 νίου
2226 3788 2541 3856 ἐγγίσαντος
2570 3788 2704 3858 πρὸς
2735 3788 2826 3841 τὸν
2856 3787 3078 3859 βασιλέα
3099 3828 3114 3853 ,
3144 3788 3341 3852 εὐθέως
3389 3788 3651 3860 ἐξανέστη

2080 3883 2108 3935 ὁ
2129 3880 2379 3950 βασιλεὺς
2400 3880 2505 3933 ἀπὸ
2530 3879 2623 3933 τοῦ
2656 3880 2863 3952 θρόνου.
2891 3874 3060 3935 Εἶπεν
3088 3879 3143 3933 δὲ
3176 3880 3492 3950 Ἐπιφάνιος
3514 3882 3653 3950 πρὸς

2080 3972 2426 4043 τὸνβασιλέα
2450 3988 2464 4003 ’
2506 3971 2765 4034 Κάθισον,
2818 3970 3026 4033 τέκνον,
3084 3971 3175 4023 ἐπὶ
3214 3969 3292 4041 σῷ
3325 3969 3520 4040 θρόνῳ,
3576 3970 3657 4043 μὴ

2079 4065 2292 4129 δίσταζε
2326 4066 2418 4117 ἐπὶ
2445 4063 2522 4134 τῷ
2548 4063 2623 4134 σῷ
2658 4050 2873 4116 πένθει·
2915 4062 3021 4133 ἔχω
3049 4061 3155 4134 γάρ
3206 4061 3337 4115 Θεὸν
3377 4061 3468 4115 τὸν
3519 4061 3654 4133 βοη-

2082 4154 2297 4217 θοῦντα,
2324 4153 2605 4222 ὲλατήριον
2635 4152 2730 4205 τοῦ
2764 4151 3031 4205 διαϐόλου.
3066 4151 3239 4206 Μόνον
3298 4151 3522 4205 πίστευε
3573 4151 3657 4224 τῷ

2083 4241 2474 4313 φιλανθρώπῳ·
2501 4241 2574 4312 μὴ
2605 4240 2821 4311 ἀστόχει
2847 4239 2955 4292 τῶν
2987 4240 3329 4311 λαλουμένων
3355 4280 3370 4305 ,
3408 4241 3504 4294 καὶ
3544 4241 3655 4315 διῖιη

412 4353 443 4392 a
478 4351 643 4406 scopo
696 4350 884 4389 eorum
913 4373 929 4399 ,
984 4352 1107 4405 qua:
1162 4336 1443 4402 dicuntur,
1478 4346 1533 4392 et
1566 4337 1774 4392 videbis
1815 4336 1974 4391 tiliam

2087 4332 2184 4403 τὴν
2218 4332 2379 4385 παῖδα
2410 4331 2557 4401 ὑγιῆ.
2604 4332 2661 4383 Ὀ
2693 4331 2801 4401 γὰρ
2847 4331 3103 4394 κάκιστος
3154 4332 3362 4402 δαίμων
3408 4331 3654 4403 διωχθεὶς

413 4440 565 4484 tuam
592 4442 781 4482 sanam
813 4426 867 4479 in
894 4426 1092 4483 medio.
1144 4426 1423 4484 Pessimus
1450 4429 1595 4484 enim
1624 4430 1836 4485 daemon
1891 4428 1947 4483 fu
1966 4458 1980 4470 -

414 4528 574 4591 gatus
605 4532 634 4571 a
661 4518 780 4573 loco
802 4531 927 4577 suo.
962 4517 1109 4571 venit
1137 4517 1204 4571 ad
1235 4517 1425 4571 tiliam.
1483 4518 1540 4573 Si
1580 4519 1689 4575 Deo
1717 4518 1981 4575 cruciﬁxo

414 4606 752 4671 credideris,
812 4605 1019 4675 fugabit
1071 4620 1197 4660 eum
1245 4622 1275 4660 a
1325 4617 1419 4661 tua
1451 4608 1580 4662 lilia.
1618 4608 1978 4680 [lllumiuare,

417 4699 512 4761 ﬁli,
543 4696 726 4760 corde,
748 4703 802 4749 et
833 4695 1044 4749 videbis
1077 4710 1200 4748 cum
1230 4694 1563 4767 expulsum].
1598 4695 1714 4751 Duc
1742 4712 1862 4752 eam
1914 4699 1980 4753 ad

418 4801 517 4842 nos
552 4787 606 4839 in
639 4787 898 4848 medium,
940 4795 998 4839 et
1031 4785 1236 4840 videbis
1269 4785 1493 4853 gratiam
1525 4786 1742 4857 benigni
1785 4797 1839 4843 et
1867 4788 1980 4842 cle-

416 4876 613 4929 mentis
645 4874 756 4928 Dei.
793 4873 927 4927 Cum
961 4883 1140 4927 autem
1184 4873 1237 4926 in
1273 4873 1505 4926 medium
1557 4873 1794 4927 venisset
1842 4873 1982 4941 regis

418 4967 547 5030 tilia,
581 4966 716 5019 dixit
738 4964 1073 5035 Epiphanius
1111 4964 1290 5019 tiliolze
1320 4983 1331 5017 :
1367 4964 1494 5018 Esto
1521 4963 1739 5033 sapiens
1776 4978 1839 5017 ac
1866 4977 1983 5016 mo—

416 5058 587 5123 desta,
615 5069 667 5112 et
694 5060 919 5111 adorato
948 5066 1099 5111 tuum
1122 5066 1349 5126 patrem.
1381 5055 1564 5125 Lupus
1592 5056 1737 5110 enim
1763 5055 1839 5109 tui
1872 5070 1980 5108 non

416 5148 782 5203 dominabitur
816 5150 1068 5218 amplius.
1123 5147 1249 5203 llzec
1277 5162 1403 5202 cum
1456 5148 1687 5202 dixisset
1745 5145 1983 5216 Epipha-

418 5240 563 5302 nius,
594 5249 645 5293 ct
676 5255 795 5293 eam
827 5250 907 5294 ter
950 5240 1241 5309 signasset,
1275 5238 1414 5293 dixit
1458 5238 1697 5302 spiritui,
1731 5237 1826 5307 qui
1859 5251 1979 5291 eam

416 5330 684 5399 alﬂigebat
717 5346 730 5381 :
773 5328 1075 5384 Cuourristi
1122 5330 1263 5384 male
1300 5329 1367 5383 ad
1413 5327 1579 5382 ﬁliam
1629 5329 1818 5398 regis:
1851 5326 1981 5397 fuge

416 5422 487 5475 ah
512 5435 575 5475 ea
611 5422 662 5474 in
687 5421 826 5486 loca,
854 5422 918 5475 ad
945 5438 1066 5491 qua:
1095 5437 1202 5476 non
1242 5429 1390 5491 patet
1426 5420 1625 5475 aditus.
1687 5419 1752 5473 Et
1799 5421 1983 5475 statim

420 5514 488 5566 ab
524 5525 587 5566 ea
621 5514 863 5567 recessit.
892 5512 1026 5566 Cum
1056 5523 1236 5567 autem
1270 5512 1495 5566 vidisset
1522 5510 1860 5581 Epiphanius
1900 5527 1984 5565 re-

417 5618 535 5670 gem
587 5603 642 5659 in
691 5618 882 5672 magna
913 5604 1140 5671 exstasi,
1188 5603 1322 5659 dixit
1356 5603 1406 5658 ei
1433 5601 1584 5657 vultu
1643 5601 1980 5659 subridens:

2083 4423 2191 4476 ἀπὸ
2213 4422 2403 4485 τόπου,
2433 4418 2592 4493 ἦλθεν
2627 4421 2922 4493 προθύμως
2944 4422 3037 4474 ἐπὶ
3076 4421 3173 4493 σὴν
3205 4420 3492 4492 θυγατέρα.
3523 4422 3653 4476 Ἐἀν

2085 4514 2343 4585 πιστεύῃς
2372 4513 2449 4585 τῷ
2482 4514 2898 4585 ὲσταυρωμένῳ,
2929 4513 3117 4567 τοῦτον
3168 4514 3351 4568 διώκει
3395 4516 3506 4569 ἀπὸ
3551 4516 3651 4586 τῆς

2084 4604 2350 4676 θυγατρός
2383 4622 2495 4658 σου.
2513 4604 2773 4671 Φωτίζου,
2799 4604 3006 4670 τέκνον,
3041 4605 3139 4677 τὴν
3160 4604 3257 4675 σὴν
3285 4600 3528 4677 καρδίαν,
3558 4608 3651 4660 καὶ

2085 4696 2246 4766 βλέπε
2270 4694 2456 4748 τοῦτον
2489 4695 2861 4765 ἐλαυνόμενον.
2902 4696 3107 4765 ’Λγαγε
3153 4695 3354 4765 ταύτην
3397 4696 3454 4749 ὲν
3501 4696 3652 4765 μέσῳ

2083 4785 2259 4856 ἡμῶν,
2320 4787 2413 4839 καὶ
2450 4784 2555 4856 ὄψῃ
2592 4788 2749 4856 χάριν
2786 4786 2878 4839 τοῦ
2915 4785 3313 4856 φιλανθρώπου.
3361 4786 3650 4857 Ἐλθούσης

2082 4879 2138 4931 δὲ
2184 4879 2285 4948 τῆς
2316 4877 2582 4950 θυγατρὸς
2621 4878 2713 4931 τοῦ
2772 4876 3034 4947 βασιλέως
3064 4879 3120 4930 ὲν
3145 4876 3222 4948 τῷ
3280 4875 3449 4948 μέσῳ,
3496 4870 3650 4931 εἶπεν

2083 4969 2397 5036 Ἐπιφάνιος
2422 4966 2500 5038 τῷ
2530 4968 2801 5039 θυγατρίῳ
2820 4987 2833 4999 ο
2865 4967 3028 5022 Γενοῦ
3054 4969 3347 5039 φρονοῦσα,
3365 4970 3458 5022 καὶ
3484 4986 3662 5040 προσο,

2084 5056 2317 5127 κύνησον
2348 5057 2439 5110 τὸν
2469 5058 2559 5111 σὺν
2587 5045 2816 5129 πατέρα,
2844 5060 3020 5123 Λύκος
3036 5060 3142 5131 γὰρ
3172 5060 3252 5113 ἔτι
3286 5061 3347 5113 οὐ
3372 5062 3650 5133 κυριεύσει

2087 5163 2201 5202 σου.
2236 5147 2423 5201 Ταῦτα
2451 5147 2619 5201 εἰπὼν
2643 5150 2977 5218 Ἐπιφάνιος,
3014 5151 3400 5222 ἐπιλαϐόμενος
3419 5153 3516 5221 τῆς
3538 5171 3650 5223 χει-

2086 5238 2179 5309 ρὸς
2208 5238 2302 5292 τοῦ
2364 5238 2675 5310 θυγατρίου,
2713 5240 2806 5293 καὶ
2862 5242 3167 5311 σφραγίσας
3214 5240 3381 5312 αὐτὴν
3444 5243 3651 5313 τρίτον,

2084 5323 2411 5399 εἶπεψπρὸς
2453 5329 2517 5382 τὸ
2554 5330 2769 5400 πνεῦμα
2819 5331 2879 5383 τὸ
2914 5330 3091 5383 θλίϐον
3126 5330 3297 5402 αὐτήν
3324 5349 3337 5363 ο
3371 5331 3652 5403 Ἕδραμες

2083 5419 2269 5484 κακῶς
2296 5420 2388 5472 ἐπὶ
2428 5419 2528 5490 τὴν
2579 5420 2851 5491 θυγατέρα
2880 5419 2973 5474 τοῦ
3006 5419 3290 5489 βασιλέως.
3330 5420 3501 5489 Φεῦγε
3554 5421 3654 5474 ἀπ’

2083 5510 2252 5581 αὐτῆς
2279 5512 2338 5563 ὲν
2363 5511 2637 5581 ἀοικήτοις
2682 5512 2885 5576 τόποις.
2910 5513 3093 5566 Ταῦτα
3121 5513 3287 5567 εἰπὼν
3330 5515 3652 5584 Ἐπιφάνιος

2084 5600 2221 5673 πρὸς
2249 5601 2340 5654 τὸν
2365 5601 2611 5671 δαίμονα,
2654 5600 2853 5665 εὐθέως
2902 5601 3122 5671 ἐξῆλθεν
3184 5603 3291 5657 ἀπὸ
3325 5604 3421 5658 τοῦ
3475 5607 3652 5676 θυγα-
