3866 6066
183 144 244 201 Η

1510 155 1566 208 s.
1611 154 1950 209 taetrum:
1994 155 2179 211 V'l'fA.
3272 128 3283 139 ’
3420 162 3490 216 ιε

190 266 375 337 spica.
430 267 596 321 Ἰδὼν
621 270 682 323 δὲ
748 271 1062 339 Ἐπιιράνιος
1126 273 1181 323 ὲν
1214 272 1472 325 ἐκστάσει
1527 274 1692 343 πολλῇ
1726 275 1816 326 τὸν

1924 275 2148 339 Laetare,
2178 291 2288 339 rex,
2321 276 2386 331 de
2415 286 2506 330 tua
2536 276 2674 341 ﬁlia;
2711 277 2849 348 fugit
2890 278 3049 347 lupus
3080 279 3133 331 in
3180 279 3298 335 loca
3329 281 3490 336 inha-

202 357 461 431 βασιλέα,
502 355 675 413 εἶπεν
710 361 849 433 πρὸς
874 362 1036 414 αὐτόν
1058 380 1070 390 ο
1103 363 1293 433 Χαῖρε,
1329 364 1547 431 βασιλεύ
1567 405 1580 427 ,
1613 365 1705 416 ἐπὶ
1741 364 1818 434 σῷ

213 450 535 522 θυγατρίῳ·
601 451 812 521 ἔφυγεν
866 455 896 506 ό
942 451 1102 515 λύκος
1140 455 1221 516 είς
1252 454 1543 525 ἀοικήτους
1597 456 1815 519 τόπους.

219 543 488 614 Πορεύου,
523 542 795 616 θύγατερ.
848 545 905 597 ὲν
936 542 1015 613 σῷ
1049 544 1302 614 ταμιείῳ,
1329 547 1420 598 καὶ
1443 545 1533 599 ἔσο
1554 547 1819 619 χαίρουσα

230 636 366 707 μετὰ
397 635 607 706 μητρὸς
638 635 904 706 καλλίστη
916 653 957 697 ς.
990 635 1231 706 Πρόσεχε
1271 636 1455 690 λοιπὸν
1494 636 1573 707 τῷ
1605 637 1818 708 σώματί

229 746 359 784 σου·
391 729 487 781 καὶ
518 728 709 781 οὐκέτι
743 726 953 794 ἐγγίσει
985 724 1122 795 πρὸς
1175 727 1234 779 σὲ
1267 726 1596 797 κακοῦργος.
1634 727 1818 782 Ταῦτα

227 820 508 875 ἀκούσασα
536 821 571 889 ἡ
601 818 852 890 θυγάτηρ
880 816 971 871 τοῦ
999 817 1262 887 βασιλέως
1292 818 1441 887 παρὰ
1473 820 1814 888 Ἐπιςρανίου,

226 911 506 982 ἐπορεύθη
534 910 724 963 λοιπὸν
754 911 812 963 ὲν
856 908 933 979 τῷ
964 910 1230 980 ταμιείῳ,
1280 909 1413 963 ἔνθα
1444 905 1512 981 ἦν
1565 912 1598 981 ἡ
1636 911 1817 983 μήτηρ

226 1003 399 1073 αὐτῆς
435 1001 847 1071 καταμένουσα.
873 1000 1009 1053 Τότε
1037 1000 1100 1072 δὴ
1136 1003 1164 1054 6
1194 1001 1446 1072 βασιλεὺς
1474 1001 1680 1055 ἔκλινεν
1720 1002 1818 1055 αύ-

227 1094 364 1163 χένα
398 1092 730 1163 Ἑπιφανίῳ.
764 1093 986 1156 Ἰδόντες
1028 1091 1085 1144 δὲ
1126 1093 1175 1144 οἱ
1211 1093 1408 1156 πάντες
1449 1093 1540 1145 τὸν
1572 1091 1814 1162 βασιλέα,

236 1181 474 1234 ιλίνουσι
505 1181 602 1233 καὶ
629 1181 787 1233 αὐτοὶ
820 1181 912 1232 ἐπὶ
960 1179 1086 1249 γῆν.
1122 1179 1371 1248 λέγοντες
1399 1179 1536 1251 πρὸς
1577 1177 1814 1249 Ἐπιφά-

234 1288 370 1327 θιοψ
414 1273 655 1344 Χάριτος
704 1270 840 1325 Θεοῦ
880 1272 1280 1343 κεκοσμημένε,
1329 1272 1610 1343 πρόθυμος
1661 1271 1813 1341 γίνου

1925 368 2188 422 bitabilia.
2233 365 2394 432 Vade.
2429 368 2557 429 ﬁlia,
2598 370 2653 423 in
2707 378 2861 423 tuum
2907 369 3196 432 conclave.
3229 379 3281 425 et
3318 376 3492 442 gaude

1923 474 2047 514 cum
2109 469 2285 514 matre
2324 468 2416 514 tua
2458 460 2684 529 optima,
2739 469 2794 515 et
2844 460 3063 516 attende
3105 459 3359 530 deinceps
3399 470 3492 517 tuo

1923 551 2138 618 corpori
2177 567 2189 601 :
2225 565 2401 619 neque
2446 551 2717 620 malignus
2747 550 2843 604 tibi
2881 549 3342 619 appropinquahit
3377 566 3494 611 am-

1921 641 2087 711 plius.
2125 640 2260 695 Cum
2285 641 2400 695 haec
2439 650 2622 696 autem
2663 642 2928 696 audiisset
2962 640 3067 695 ﬁlia
3100 644 3244 711 regis
3273 642 3343 696 ab
3369 643 3496 712 Epi-

1915 726 2139 794 phanio,
2186 726 2280 781 ivit
2310 728 2363 781 in
2409 729 2614 783 aulam.
2669 728 2824 784 Tunc
2858 745 2953 784 rex
2990 730 3271 785 inclinavit
3294 732 3493 786 collum

1914 814 2238 887 Epiphanio.
2272 819 2409 873 Cum
2455 819 2716 874 vidissent
2744 835 2875 875 vero
2898 835 3090 876 omnes
3136 836 3344 891 regem,
3390 822 3494 891 ipsi

1916 922 2140 979 quoque
2162 924 2221 964 se
2246 909 2302 963 in
2336 920 2534 964 terram
2561 910 2845 975 inclinant,
2879 911 3120 965 dicentes
3148 911 3450 980 Epiphanio
3476 930 3492 965 :

1921 996 1965 1053 Ο
1992 999 2224 1068 plurima
2249 1009 2512 1055 exornate
2544 1002 2739 1071 gratia,
2775 1016 2936 1056 mane
2957 1012 3210 1072 prompto
3238 1011 3291 1057 et
3322 1002 3494 1058 alacri

1921 1088 2109 1143 animo
2136 1090 2276 1159 apud
2309 1105 2512 1161 regem.
2570 1089 2702 1145 Esto
2734 1101 2883 1160 pater
2932 1091 3051 1160 ejus
3116 1093 3388 1161 potentiae,
3441 1103 3495 1147 et

1919 1180 2030 1235 eris
2071 1181 2352 1236 nobiscum
2395 1192 2676 1251 perpetuo.
2716 1180 2948 1238 Ve'xavit
3000 1183 3212 1238 dtemon
3248 1184 3492 1255 regiam;

1922 1271 2028 1338 huc
2056 1272 2271 1335 venisti,
2301 1287 2426 1327 eum
2452 1271 2671 1341 fugasti.

222 1342 367 1435 ’πρὸς
404 1342 651 1435 βασιλέα,
688 1362 871 1434 πατὴρ
926 1362 1012 1415 τοῦ
1052 1342 1286 1433 κράτους
1316 1342 1519 1428 αύτοῦ,
1562 1362 1654 1448 καὶ
1707 1360 1805 1431 ἔσῃ
1841 1360 1960 1430 μεθ’
1989 1360 2144 1431 ἡμῶν
2211 1361 2587 1425 ἀδιαλείπτως.
2621 1362 2889 1417 Ἔσκυλεν
2956 1363 3162 1443 δαίμων
3202 1365 3301 1435 τὴν
3341 1365 3494 1435 βασι·

226 1454 375 1511 λίδα*
398 1452 563 1527 ἦλθες
594 1453 828 1508 ἐνταῦθα
853 1453 1041 1507 τοῦτον
1063 1453 1271 1519 διῶξαι.

299 1589 401 1644 IE'.
426 1586 525 1653 Εἷς
556 1589 613 1642 δέ
640 1607 723 1653 τις
756 1590 816 1654 ἐξ
833 1590 1011 1643 αὐτῶν
1039 1591 1212 1661 μάγος
1231 1590 1341 1644 τῶν
1369 1590 1602 1664 πριρτων
1628 1590 1811 1659 ἔλεγεν

1984 1585 2099 1639 XV.
2135 1584 2290 1640 Unus
2310 1595 2490 1640 autem
2524 1599 2592 1640 ex
2624 1585 2704 1639 eis
2742 1586 2954 1655 primus
3008 1600 3074 1640 ex
3126 1588 3321 1656 magis,
3358 1587 3494 1643 dixit

229 1682 379 1751 αὐτῷ
404 1681 522 1750 μετ’
563 1681 883 1751 εὐμενείας·
937 1678 1005 1735 Ὦ
1055 1683 1242 1752 μάκαρ
1291 1682 1616 1751 Ἐπιφάνιε,
1671 1682 1813 1753 μάγε

228 1772 603 1844 πεποθημὲνε,
626 1768 790 1843 ἦλθες
812 1771 1045 1826 ἐνταῦθα
1072 1770 1166 1825 τοῦ
1200 1772 1562 1844 κατορθῶσαι.
1589 1772 1813 1825 Δίδασκε

229 1865 459 1927 πάντας,
496 1865 697 1926 πάντες
734 1864 783 1915 oi
822 1863 985 1933 μάγοι
1018 1863 1417 1918 ὐπακούσονταί
1460 1879 1575 1918 σου.
1627 1861 1817 1916 Ἀκού-

228 1974 329 2020 σας
351 1957 411 2009 δὲ
448 1955 628 2008 ταῦτα
664 1954 1003 2023 Ἐπιφάνιος,
1070 1950 1224 2008 εἶπεν
1279 1955 1419 2029 πρὸς
1467 1955 1557 2008 τὸν
1590 1955 1814 2026 ἀνόητον

228 2049 433 2119 μάγον·
465 2042 538 2098 Ὠ
576 2047 717 2115 μάγε
764 2045 927 2117 ἐχθρὲ
958 2046 1057 2115 τῆς
1099 2045 1376 2117 ἀληθείας,
1415 2044 1552 2115 μάθε
1606 2047 1680 2117 μὴ
1713 2047 1813 2100 λα-⁸

226 2141 336 2191 λεῖν
354 2138 632 2199 ἀτάκτους
678 2135 893 2205 λόγους.
933 2136 1079 2191 Λάϐε
1112 2137 1360 2207 κατόχιον
1392 2138 1448 2189 ὲν
1480 2136 1557 2208 τῷ
1586 2137 1814 2207 στόματί

226 2247 346 2294 σου,
382 2230 481 2281 καὶ
506 2228 609 2300 ἔσῃ
636 2228 716 2299 μὴ
744 2227 921 2281 λαλῶν
973 2229 1352 2293 ἀδιαλείπτως.
1535 2228 1645 2299 γὰρ
1693 2230 1816 2283 ὑπο-

222 2322 336 2374 νόει
364 2320 505 2373 Θεοῦ
539 2319 727 2374 δοῦλον
760 2321 932 2391 μάγον
956 2320 1220 2392 ὑπάρχειν
1248 2321 1348 2392 τῆς
1377 2321 1608 2383 ἀδικίας.
1632 2319 1815 2374 Ταῦτα

220 2409 284 2463 δὲ
309 2409 484 2462 εἰπὼν
513 2410 860 2477 Ἐπιφάνιος,
891 2408 1092 2473 εὐθέως
1119 2409 1333 2481 ἔμεινεν
1387 2412 1416 2464 6
1463 2411 1636 2481 μάγος
1679 2410 1812 2464 ἄλα-

219 2498 342 2561 loc,
371 2498 629 2569 ἀκίνητος
663 2500 759 2552 ἐπὶ
811 2498 890 2570 τῷ
943 2499 1112 2569 τόπῳ.
1149 2498 1332 2551 Ταῦτα
1384 2499 1441 2552 δὲ
1492 2500 1614 2553 ἰδὼν
1647 2501 1675 2552 ό
1710 2499 1808 2569 βα-

222 2589 440 2652 σιλεὺς,
490 2590 584 2642 καὶ
625 2589 687 2643 τὸ
737 2593 926 2659 στῖφος
979 2589 1145 2644 αὑτοῦ
1186 2590 1247 2642 τὸ
1293 2590 1615 2662 περιεστὼς,
1666 2591 1814 2660 φόϐῳ

223 2680 472 2744 ἅπαντες
503 2681 853 2751 συνεχόμενοι
873 2681 1072 2736 ἔπεσαν
1100 2680 1192 2736 ἐπὶ
1222 2682 1321 2753 τὴν
1353 2686 1481 2753 γῆν.

299 2818 423 2883 ις’.
461 2814 608 2870 ’ἰδὼν
635 2816 693 2869 δὲ
719 2816 1040 2887 Ἐπιφάνιος
1071 2817 1293 2882 τούτους
1321 2823 1611 2884 πεσόντας,
1639 2820 1812 2874 ἐκτεί-

1915 1678 1963 1732 ei
1994 1677 2224 1745 benigne
2245 1687 2299 1730 et
2326 1684 2574 1730 amanter
2601 1692 2613 1728 :
2641 1673 2686 1729 Ο
2714 1676 2868 1731 beate
2900 1677 3185 1745 Epiphani,
3214 1693 3370 1749 mage
3398 1679 3495 1733 de-

1915 1768 2168 1831 siderate,
2232 1767 2425 1823 venisti
2461 1768 2585 1833 huc,
2642 1775 2702 1821 ut
2758 1782 2858 1822 nos
2898 1765 3139 1822 alliceres
3201 1769 3487 1825 beneﬁcio.

1915 1860 2071 1915 Mane
2119 1860 2231 1926 hic,
2268 1860 2403 1915 doce
2459 1874 2560 1912 nos
2591 1874 2604 1908 :
2640 1872 2832 1912 omnes
2867 1858 3007 1928 magi
3064 1858 3161 1913 tibi
3219 1859 3491 1918 obedient.

1914 1948 2050 2007 Cum
2081 1950 2197 2004 haec
2223 1959 2406 2003 autem
2432 1948 2700 2003 audiisset
2729 1946 3068 2017 Epiphanius
3096 1987 3112 2014 ,
3168 1950 3303 2005 dixit
3334 1964 3495 2022 mago

1916 2040 2192 2110 insipienti
2234 2057 2247 2092 :
2282 2040 2326 2095 Ο
2359 2056 2515 2111 mage
2541 2041 2760 2096 inimice
2789 2042 3056 2106 veritatis,
3086 2041 3236 2098 disce
3265 2059 3377 2098 non
3405 2045 3493 2097 lo-

1916 2133 2009 2201 qui
2040 2135 2201 2185 verba
2234 2131 2523 2186 insolentia
2560 2148 2574 2183 :
2628 2134 2711 2186 ori
2747 2142 2841 2187 tuo
2873 2132 3104 2186 immitte
3146 2134 3492 2203 repagulum,

1914 2231 2101 2276 etnon
2160 2221 2400 2291 loqueris
2446 2222 2685 2277 assidue.
2738 2221 2859 2277 Noli
2907 2223 3221 2278 existimare
3272 2240 3491 2281 servum

1915 2310 2008 2365 Dei
2039 2326 2161 2365 esse
2194 2326 2413 2380 magum
2449 2312 2749 2381 injustitize.
2782 2311 2908 2367 Haec
2940 2329 3063 2368 cum
3101 2313 3328 2369 dixisset
3361 2314 3493 2385 Epi-

1915 2401 2170 2470 phanius,
2191 2402 2375 2456 statim
2408 2403 2496 2457 ille
2518 2404 2719 2458 mansit
2746 2404 2800 2457 in
2838 2405 2958 2460 loco
2986 2412 3173 2459 mutus
3200 2415 3257 2460 et
3292 2406 3493 2462 immo-

1914 2491 2059 2547 bilis.
2096 2491 2222 2547 llaec
2253 2504 2434 2547 autem
2484 2509 2609 2548 cum
2645 2508 2741 2548 rex
2773 2495 3024 2562 vidisset,
3057 2504 3110 2551 et
3139 2497 3319 2564 turba,
3370 2514 3494 2568 quae

1915 2596 2039 2636 eum
2092 2582 2504 2649 circumstabat,
2563 2599 2757 2640 omnes
2786 2597 2934 2642 metu
2964 2589 3246 2658 oppressi,
3287 2591 3492 2645 cecide-

1915 2683 2041 2727 runt
2076 2671 2130 2726 in
2159 2682 2381 2727 terram.

1984 2806 2121 2863 XVI.
2150 2808 2287 2863 Cum
2321 2824 2416 2864 eos
2450 2818 2635 2865 autem
2664 2810 2891 2868 vidisset
2942 2814 3199 2871 cadentes
3246 2814 3490 2887 Epipha-

223 2924 325 2970 νας
343 2907 448 2976 τὴν
479 2909 641 2978 χεῖρα
664 2907 802 2977 πρὸς
831 2907 925 2960 τὸν
963 2906 1206 2976 βασιλέα,
1264 2907 1448 2977 ἔλεγεν
1496 2908 1645 2979 αύτῷ
1693 2911 1810 2981 μετ’

1919 2899 2060 2965 nius,
2094 2915 2257 2954 manu
2305 2900 2373 2953 ad
2423 2915 2601 2971 regem
2631 2909 2877 2970 extensa,
2916 2904 3055 2961 dixit
3099 2903 3150 2960 ei
3200 2906 3434 2978 benigne
3470 2927 3486 2964 :

225 2999 523 3068 εὐμενείας
546 3014 560 3027 ·
614 2999 868 3062 ’Δνάστα,
899 2998 1051 3067 γίνου
1084 2999 1142 3051 ὲν
1181 3000 1532 3063 καταστάσει,
1581 3002 1677 3053 καὶ
1727 3000 1818 3053 ἔσο

225 3091 397 3160 ὑγιὴς
430 3092 489 3142 ὲν
534 3088 612 3159 σῷ
648 3090 903 3161 ταμιείῳ.
945 3090 1129 3144 Ταῦτα
1161 3090 1216 3143 δὲ
1263 3091 1432 3144 είπὼν
1479 3092 1817 3160 Ἐπιφάνιος,

224 3184 541 3252 ἀνέστησαν
557 3182 798 3246 ἅπαντες
826 3183 918 3235 ἐπὶ
942 3184 1070 3245 τοὺς
1093 3182 1278 3246 πόδας.
1311 3179 1479 3237 Εἶπεν
1498 3184 1554 3237 δὲ
1587 3184 1816 3255 Ἐπιφά-

225 3291 340 3337 νιος
370 3273 451 3343 τῷ
488 3273 841 3344 μαγουσαίῳ·
869 3274 1041 3327 Βλέπε
1089 3274 1140 3327 τί
1188 3274 1405 3345 βλέπεις
1430 3277 1525 3329 καὶ
1576 3277 1815 3341 ἀκούεις,

226 3363 777 3437 καλέσῃ-προσέχων
800 3368 867 3436 τῇ
890 3364 1138 3437 ἀληθείᾳ.
1174 3365 1264 3436 Μή
1308 3383 1397 3436 μοι
1450 3366 1705 3438 πρόσεχε,
1742 3369 1818 3434 ὼς

233 3455 558 3528 μαγουσαίῳ
596 3473 609 3486 ο
651 3454 838 3518 δοῦλος
882 3457 991 3527 γάρ
1048 3457 1163 3528 είμι
1218 3455 1311 3509 τοῦ
1362 3458 1812 3530 ἐσταυρωμένουο

230 3547 383 3599 λάλει
418 3548 511 3598 καὶ
532 3546 721 3609 ἄκουε,
750 3546 826 3609 ὡς
857 3547 917 3599 τὸ
950 3547 1185 3618 πρῶτον.
1244 3546 1398 3599 Γίνου
1437 3547 1494 3600 δὲ
1534 3548 1686 3617 φίλος
1717 3548 1818 3618 τῆς

234 3636 513 3705 ἀληθείας.
544 3636 680 3688 Τότε
708 3639 735 3689 6
773 3637 944 3705 μάγος
975 3636 1311 3703 ἀπελογεῖτο,
1343 3636 1608 3704 ἐσφάλθαι
1638 3637 1813 3705 λέγων

241 3728 376 3797 πρὸς
409 3727 746 3795 Ἐπιφάνιον.
775 3728 908 3779 Τότε
940 3728 968 3778 6
1001 3726 1254 3796 βασιλεὺς
1293 3726 1576 3780 ἐκέλευσεν
1599 3728 1818 3798 ἐνεχθῆ-

243 3836 323 3869 ναι
349 3819 589 3888 χρυσίον.
623 3818 718 3870 καὶ
737 3819 994 3888 ἄργυρον,
1022 3819 1115 3871 καὶ
1135 3819 1494 3889 μαργαρίτας,
1518 3820 1613 3871 καὶ
1640 3817 1819 3881 λίθους

241 3907 456 3976 τιμίους
509 3908 652 3960 κατὰ
680 3908 970 3979 πρόσωπον
999 3910 1235 3973 πάντων,
1285 3908 1380 3962 καὶ
1415 3908 1635 3980 τεθῆναι
1668 3908 1818 3980 παρά

241 4000 368 4060 τοὺς
401 3997 562 4060 πόδας
587 3999 929 4064 Ἐπιφανίου,
964 3999 1137 4066 λέγων
1172 3998 1310 4070 πρὸς
1336 3998 1499 4052 αὐτόν
1523 4015 1536 4029 ⁸
1560 3997 1818 4069 Λάμδανε
1860 4052 1863 4055 ,

240 4088 435 4148 ταῦτα,
454 4090 482 4140 6
503 4088 691 4159 Πατὴρ
714 4088 890 4159 ἡμῶν,
916 4090 1009 4142 καὶ
1032 4089 1118 4159 ἔχε
1148 4089 1210 4159 δή
1245 4106 1310 4159 με
1334 4089 1475 4142 κατά
1495 4089 1672 4159 ψυχήν
1701 4106 1815 4142 σου.

240 4173 416 4230 Εἶπεν
445 4178 501 4230 δὲ
529 4178 851 4245 Ἐπιφάνιος
877 4178 1013 4249 πρὸς
1040 4178 1130 4231 τὸν
1154 4177 1407 4248 βασιλέα’
1446 4179 1633 4248 Ἡμεῖς
1648 4179 1818 4232 ἀπάν-

1920 2991 2113 3061 Surge,
2145 2991 2221 3045 sis
2249 2991 2393 3045 bono
2418 3000 2471 3046 et
2507 2994 2804 3063 tranquillo
2844 2997 3050 3063 animo,
3098 3004 3153 3051 et
3180 3000 3289 3054 eris
3320 3014 3490 3055 sanus

1916 3084 1973 3137 in
2006 3094 2099 3137 tuo
2122 3083 2397 3138 cubiculo.
2429 3082 2543 3139 lloc
2579 3086 2725 3140 dicto
2781 3087 2850 3141 ab
2884 3087 3208 3158 Epiphanio,
3239 3105 3493 3147 surrexe-

1919 3182 2045 3227 runt
2077 3188 2271 3228 omnes
2320 3189 2485 3244 supra
2512 3174 2698 3245 pedes.
2738 3175 2885 3232 Dixit
2936 3188 3115 3233 autem
3152 3178 3492 3250 Epiphanius

1917 3278 2077 3335 mago
2115 3282 2129 3317 :
2167 3262 2301 3319 Vide
2330 3266 2461 3335 quid
2499 3266 2707 3331 videas,
2736 3277 2789 3321 et
2819 3268 2949 3337 quid
2993 3269 3204 3335 audias,
3231 3282 3283 3326 et
3317 3281 3493 3327 atten-

1917 3356 2014 3411 des
2041 3356 2271 3410 veritati.
2298 3354 2376 3410 Ne
2404 3357 2540 3412 mihi
2573 3360 2821 3415 attendas
2851 3369 3110 3431 tanquam
3132 3377 3290 3432 mago
3320 3382 3333 3417 :
3368 3379 3492 3419 sum

1916 3448 2063 3503 enim
2090 3463 2280 3503 servus
2305 3449 2548 3504 cruciﬁxi
2587 3465 2602 3502 :
2646 3450 2889 3520 loquere,
2922 3462 2977 3507 et
3021 3453 3170 3517 audi,
3217 3455 3494 3524 quomodo

1916 3552 2039 3592 eras
2067 3538 2216 3609 prius
2250 3556 2264 3592 :
2303 3549 2421 3595 esto
2451 3541 2662 3595 amicus
2700 3542 2963 3599 veritatis.
3011 3542 3165 3599 Tunc
3210 3560 3400 3615 magus
3432 3562 3494 3601 se

1917 3630 2215 3693 excusavit,
2248 3630 2435 3686 dicens
2469 3646 2529 3686 se
2579 3647 2702 3687 esse
2734 3634 2945 3704 lapsum
3001 3636 3053 3690 in
3099 3635 3489 3707 Epiphanium.

1918 3718 2032 3773 Rex
2067 3731 2244 3775 autem
2270 3721 2437 3790 jussit
2463 3721 2530 3775 ad
2556 3738 2613 3777 se
2646 3740 2841 3778 aurum
2872 3726 3052 3780 allerri
3090 3739 3142 3782 et
3182 3737 3488 3797 argentum,

1918 3811 2240 3879 margaritas
2291 3822 2345 3865 et
2378 3828 2621 3882 gemmas
2675 3816 2729 3868 in
2773 3825 3065 3884 conspectu
3119 3818 3392 3884 omnium,
3437 3827 3493 3872 et

1917 3902 2047 3971 poni
2071 3902 2137 3956 ad
2166 3903 2333 3972 pedes
2365 3904 2674 3973 Epiphanii,
2708 3907 2758 3959 ei
2789 3907 2979 3961 dicens
3010 3924 3022 3960 :
3059 3908 3259 3975 Accipe
3287 3911 3423 3971 haec,
3453 3925 3489 3965 ο

1918 3991 2096 4059 Pater,
2143 4003 2198 4049 et
2234 3996 2337 4051 mei
2369 3997 2703 4051 memineris.
2757 3998 2854 4052 Cui
2912 3999 3050 4052 dixit
3103 3998 3486 4068 Epiphanius:

1916 4081 2028 4139 Nos
2057 4086 2237 4139 omnia
2284 4088 2706 4154 contemnimus,
2761 4097 2819 4142 ut
2850 4089 3131 4143 veritatem
3186 4100 3487 4146 teneamus.

1918 4175 1996 4232 Ne
2020 4177 2072 4231 in
2097 4178 2184 4233 his
2218 4178 2348 4231 mihi
2372 4179 2631 4234 exhibeas
2660 4180 2967 4233 molestiam
3000 4196 3012 4230 :
3063 4179 3314 4236 Christus
3342 4182 3487 4235 enim

236 4284 352 4318 τω)
384 4267 849 4339 καταφρονοῦμεν,
876 4270 1023 4331 ὅπως
1056 4268 1346 4340 κρατῶμεν
1375 4269 1475 4338 τῆς
1521 4270 1778 4341 ἀληθείας
1801 4286 1815 4301 ο

1922 4283 2009 4324 me
2033 4268 2217 4324 docuit
2240 4269 2325 4324 his
2359 4285 2466 4324 non
2496 4285 2673 4339 egere.
2710 4269 2833 4324 Haec
2870 4279 2961 4325 tua
2993 4271 3196 4341 accipe,
3236 4272 3401 4343 sepeli
3433 4273 3488 4327 in

238 4360 324 4426 μή
358 4375 446 4428 μοι
475 4359 677 4422 κόπους
733 4360 939 4432 πάρεχε
989 4361 1050 4412 ὲν
1092 4363 1205 4422 τοῖς
1234 4360 1460 4424 λοιποῖς.
1530 4361 1662 4432 Ἐμὲ
1709 4361 1818 4431 γὰρ

233 4446 480 4513 Χριστὸς
507 4447 742 4513 ἐδίδαξεν
776 4451 852 4520 μὴ
883 4449 1102 4520 χρῄζειν
1125 4449 1351 4504 τούτων.
1371 4450 1513 4506 Λάϐε
1539 4452 1602 4504 σὺ
1623 4452 1815 4517 ταῦτα,

235 4537 422 4605 ῦάψον
452 4540 508 4592 ἐν
539 4539 615 4611 σῷ
642 4541 900 4611 ταμιείῳ,
931 4543 1025 4594 καὶ
1055 4542 1206 4594 ἔσται
1234 4559 1315 4595 σοι
1359 4542 1527 4615 νεκρὰ
1584 4544 1814 4598 ἀδιαλείο

235 4645 423 4692 πτως.
454 4631 624 4685 Μόνον
665 4633 953 4702 προσέχεις
992 4634 1085 4686 καὶ
1131 4635 1489 4704 περισπᾶσαι,
1552 4633 1627 4706 μὴ
1657 4634 1811 4689 δυνά-

238 4736 414 4790 μενος
461 4722 802 4794 ὠφεληθῆναι
828 4742 841 4756 ·
892 4724 1035 4794 ἔχεις
1068 4724 1266 4777 κακίαν
1318 4728 1376 4779 ὲν
1420 4727 1667 4798 λογισμῷ
1702 4745 1816 4791 σου,

230 4811 430 4880 ψυχὰς
458 4814 698 4867 ἀπόλλων
724 4814 811 4867 διὰ
839 4813 932 4867 τοῦ
968 4813 1173 4884 χρυσοῦ
1204 4814 1297 4868 τοῦ
1341 4815 1584 4880 δοθέντος
1608 4835 1688 4871 σοι
1716 4819 1820 4871 ὑπὸ

230 4902 478 4967 Κυρίου,
528 4903 612 4956 ἵνα
642 4904 885 4976 παρέχῃς
936 4908 1051 4968 τοῖς
1078 4905 1371 4975 δεομένοις.
1407 4906 1559 4960 Γίνου
1613 4908 1821 4973 δίκαιος

229 4992 405 5058 πα.ρά
422 4991 530 5062 Θεῷ
552 4994 659 5046 τῶν
685 4996 844 5056 ὅλων,
875 4997 1085 5067 μήποτε
1108 4996 1306 5068 κριθῇς
1332 4998 1388 5049 ὲν
1415 4998 1702 5071 καταδίκῃ,
1725 5000 1820 5072 καὶ

223 5082 361 5150 ἕπῃ
390 5086 776 5156 φρουρούμενος
804 5089 860 5139 ὲν
884 5088 1137 5160 ὲξωτέρῳ
1162 5089 1342 5141 σκότει
1360 5107 1373 5120 ·
1407 5090 1499 5142 καὶ
1530 5091 1650 5143 τότε
1686 5109 1817 5163 μνη-

225 5173 394 5239 σθῇς
418 5173 518 5227 τῶν
549 5176 698 5245 ὲμῶν
724 5177 916 5244 λόγων.
973 5177 1110 5231 Ἀλλ’
1137 5177 1260 5249 ἄρτι
1306 5177 1453 5243 δέξαι
1506 5180 1628 5241 τοὺς
1657 5179 1822 5249 ἐμοὺς

216 5265 465 5330 λόγους.
487 5269 575 5320 καὶ
603 5268 723 5321 τότε
751 5268 850 5340 ἔσῃ
876 5269 1331 5340 εὐφραινόμενος·
1363 5268 1437 5341 μὴ
1488 5269 1677 5340 χρείαν
1732 5269 1819 5339 ἔχε

216 5354 351 5410 τοῦ
389 5355 577 5426 κόσμου
609 5359 820 5422 τούτου,
850 5361 943 5413 καὶ
974 5361 1081 5423 πᾶς
1112 5362 1140 5413 ό
1178 5360 1379 5429 κόσμος
1420 5361 1821 5430 ὑποταγήσεται

221 5463 369 5497 σαι.
402 5445 501 5499 Καὶ
535 5449 767 5521 πρόσεχε
818 5451 1011 5521 μάγοις
1046 5452 1441 5515 ἀκαταστάτοις
1471 5490 1485 5514 ,
1542 5450 1822 5505 ἀπατῶσίν

216 5555 294 5592 σε
340 5532 493 5606 νόμῳ
514 5540 788 5594 σκοτώδει.
813 5541 953 5612 Ὦρα
974 5541 1207 5612 ἔφθασεν
1226 5543 1258 5611 ἡ
1279 5541 1369 5596 τοῦ
1395 5543 1636 5614 ἀρίστου.
1662 5543 1818 5595 Βαῐνε

570 5633 838 5696 ΡΑτιιοι..
886 5634 999 5695 Gn.
1048 5637 1211 5698 ΧΗ.

1919 4363 2065 4427 aula,
2098 4373 2151 4417 et
2180 4372 2340 4417 erunt
2373 4373 2589 4417 mortua
2630 4372 2915 4433 perpetuo.
2968 4362 3050 4419 Tu
3086 4365 3152 4419 iis
3197 4367 3372 4421 solum
3404 4376 3488 4422 at-

1919 4454 2098 4510 tendis
2130 4465 2184 4509 et
2235 4454 2577 4519 distraheris,
2633 4471 2757 4510 cum
2791 4456 2972 4525 juvari
3009 4471 3268 4526 nequeas.
3310 4455 3490 4514 Habes

1918 4544 2107 4599 vitium
2163 4545 2217 4598 in
2268 4556 2356 4600 tua
2406 4547 2755 4616 cogitatione,
2795 4557 2853 4602 ut
2900 4548 2993 4617 qui
3022 4548 3217 4617 perdas
3247 4550 3486 4604 animam

1918 4650 2014 4704 per
2039 4649 2231 4689 aurum
2285 4636 2379 4689 tibi
2432 4636 2619 4691 datum
2665 4652 2694 4691 a
2731 4635 2984 4702 Domino,
3036 4646 3095 4691 ut
3147 4638 3198 4692 id
3245 4641 3487 4708 praebeas

1917 4723 2222 4792 egentibus.
2286 4724 2415 4780 Esto
2448 4726 2632 4795 justus
2676 4727 2820 4797 apud
2862 4726 3030 4782 Deum
3085 4728 3486 4793 universorum,

1919 4827 1987 4865 ne
2021 4811 2160 4867 forte
2181 4813 2446 4882 iudiceris
2472 4815 2525 4868 in
2562 4815 3048 4880 condemnatione,
3080 4823 3134 4869 et
3162 4805 3490 4871 custodiaris

1918 4903 1973 4956 in
2009 4904 2253 4958 tenebris
2276 4905 2657 4968 exterioribus,
2690 4913 2744 4960 et
2776 4914 2906 4960 tunc
2932 4921 3175 4960 meorum
3199 4906 3486 4960 verborum

1919 4994 2240 5048 recorderis.
2271 4993 2375 5048 Sed
2416 5010 2535 5062 quae
2563 4996 2684 5052 dico
2717 4998 2899 5060 modo,
2927 4996 3131 5066 accipe,
3156 5005 3210 5050 et
3241 5005 3370 5050 tunc
3396 4996 3490 5049 lau-

1919 5084 2141 5143 taberis.
2190 5082 2269 5139 Ne
2307 5085 2507 5141 habeas
2532 5102 2670 5156 opus
2704 5087 2807 5141 hoc
2830 5086 3034 5141 mundo
3058 5095 3112 5142 et
3145 5095 3292 5142 totus
3323 5101 3488 5141 mun-

1920 5175 2023 5230 dus
2055 5176 2151 5229 tibi
2181 5177 2525 5246 subiicietur.
2559 5176 2677 5232 Noli
2729 5179 3008 5234 attendere
3072 5180 3247 5251 magis
3297 5177 3491 5234 incon-

1920 5266 2220 5332 stantibus,
2256 5269 2349 5337 qui
2381 5269 2722 5325 tenebricosa
2755 5278 2804 5324 te
2852 5270 2967 5341 lege
2996 5271 3291 5340 decipiunt.
3331 5266 3490 5323 Venit

1922 5355 2054 5411 hora
2091 5359 2338 5427 prandii,
2394 5362 2529 5415 vade
2581 5361 2835 5416 alacriter
2874 5362 2941 5417 ad
3005 5377 3272 5417 mensam.
3321 5359 3488 5414 Multa

1922 5450 2065 5501 enim
2100 5450 2261 5504 verba
2308 5451 2658 5515 seminarem,
2715 5454 2810 5507 sed
2862 5467 2969 5506 non
3005 5467 3064 5511 es
3093 5453 3256 5507 ullius
3292 5451 3486 5504 horum

1923 5539 2211 5611 particeps.
2241 5542 2366 5597 Scio
2414 5542 2558 5597 enim
2604 5551 2752 5598 tuam
2807 5542 3188 5615 cogitationem
3239 5556 3267 5595 a
3300 5553 3487 5596 mensa

3088 5639 3129 5697 2
