3866 6066
457 169 528 226 ιε
1759 165 1815 219 s.
1855 161 2194 216 EPIPIIANII
2234 160 2414 216 vna.
3624 163 3700 224 ιι

454 299 563 340 non
593 281 874 337 absistere.
902 278 1159 341 Comede,
1201 278 1478 333 moderate
1540 277 1725 332 fruere
1767 276 1975 331 deliciis
2012 292 2021 326 :

2131 274 2424 344 προθύμως
2477 272 2568 328 ἐπὶ
2609 271 2905 344 τραπέζης.
2966 273 3198 336 Πολλοὺς
3230 274 3336 344 γάρ
3389 273 3578 342 λόγους
3626 278 3700 331 ἂν

453 389 515 430 es
545 373 689 427 enim
716 373 910 426 horum
941 370 1182 424 omnium
1218 369 1524 424 redditurus
1556 370 1844 423 rationem.

2128 365 2478 434 κατέσπειρα,
2531 364 2643 416 ἀλλ’
2679 363 2738 416 ού
2792 363 3038 432 μετέχεις
3087 364 3182 417 ἀπ’
3216 363 3430 426 οὐδενὸς
3471 364 3701 418 τούτων.

466 463 610 532 Ἐγὼ
641 463 747 534 γὰρ
776 459 890 515 οἶδα
925 462 1016 514 τὸν
1042 460 1298 531 λογισμόν
1330 476 1444 525 σου,
1487 460 1567 513 ὅτι
1605 460 1880 532 τραπέζης
1921 460 2020 510 οὐκ
2056 457 2368 525 ἀφίστασαι.
2393 456 2557 522 Φάγε,
2596 454 2868 525 τρύφησον
2917 454 2974 507 ἐν
3013 454 3346 507 καταστάσει
3367 469 3379 482 ·
3408 453 3566 520 λόγον
3589 455 3699 525 γάρ

460 559 586 626 ποιῇ
619 555 870 609 ἀπάντων
899 553 1122 606 τούτων.

526 644 689 698 XVII.
763 644 874 698 Rex
916 652 1094 697 autem
1140 643 1277 698 dixit
1325 642 1670 713 Epiphanio:
1727 643 2020 707 Adesdum,

456 736 632 800 Pater,
669 735 830 788 simul
857 734 1260 798 consideamus,
1301 743 1352 788 et
1391 735 1542 788 cibos
1575 733 1940 787 comedamus.
1975 732 2024 787 Is

454 839 583 878 vero
609 824 746 877 dixit
778 823 879 892 ipsi
917 842 929 877 :
965 822 1130 886 Vade,
1173 824 1298 878 sede
1327 823 1380 876 iu
1421 837 1626 882 mensa.
1658 823 1877 875 comede
1903 836 2024 875 om-

455 913 544 966 nia
582 929 703 982 qua:
749 914 914 968 soles.
950 911 1180 966 Tantum
1226 921 1278 966 te
1339 913 1556 966 contine
1594 912 1662 965 ab
1708 911 2026 966 immodera-

455 1005 620 1058 tione.
657 1003 791 1058 Nam
829 1004 958 1056 mihi
999 1003 1152 1071 panis
1190 1002 1555 1065 furfuraeeus,
1591 1011 1642 1055 et
1675 1017 1863 1070 parum
1895 1001 2024 1056 salis

454 1102 674 1162 propter
725 1094 929 1147 reditus
962 1091 1272 1146 facilitatem
1333 1092 1592 1161 przebebit
1641 1093 1691 1146 id
1753 1093 1896 1161 quod
1943 1100 2025 1145 est

454 1185 577 1238 usui
619 1185 964 1251 corpusculo.
1026 1181 1150 1238 Haec
1212 1191 1392 1236 autem
1448 1197 1570 1235 cum
1625 1181 1851 1236 dixisset
1913 1181 2023 1250 regi

455 1273 810 1342 Epiphanius,
843 1273 1048 1328 dimisit
1088 1290 1180 1327 rex
1219 1288 1408 1328 omnes
1439 1289 1500 1327 ex
1535 1274 1680 1337 aula,
1706 1283 1757 1326 et
1781 1287 1878 1327 nos
1901 1271 2024 1342 jus-

455 1364 525 1418 sit
553 1364 758 1432 ingredi
790 1365 841 1417 in
875 1365 1206 1419 cubiculum.
1241 1364 1378 1421 Misit
1407 1378 1533 1418 vero
1567 1363 1631 1416 ad
1657 1377 1757 1417 nos
1783 1363 1838 1416 in
1867 1377 2021 1416 men-

2202 639 2296 690 IZ'.
2330 632 2493 687 Εἶπεν
2520 634 2575 686 δὲ
2609 636 2636 686 ό
2669 633 2919 702 βασιλεὺς
2947 632 3082 702 πρὸς
3126 631 3436 699 Ἐπιφάνιον
3458 648 3470 660 ο
3508 631 3701 703 Δεῦρο,

2131 731 2338 798 Πάτερ,
2392 724 2887 794 συγκαθεσθῶμεν,
2917 724 3025 778 τῶν
3072 724 3344 794 ἐδωδίμων
3391 724 3697 794 φαγόμεθα.

2129 815 2291 871 Εἶπεν
2317 817 2386 869 δὲ·
2414 815 2725 885 Ἐπιφάνιος
2753 815 2890 886 πρὸς
2913 814 3003 868 τὸν
3038 815 3281 885 βασιλέαο
3315 816 3529 880 Βάδιζε,
3561 817 3696 871 κάθ-

2127 925 2189 959 ου
2234 907 2322 958 ἐπί
2353 905 2662 976 τραπέζης,
2709 902 2854 956 ἔσθιε
2893 903 3068 956 πάντα
3103 906 3160 956 ἐν
3205 904 3498 976 συνηθείᾳ.⁹
3538 907 3698 976 μόνον

2134 999 2303 1066 ἄπεχε
2336 997 2434 1066 τῆς
2472 995 2716 1062 ἀταξίας.
2761 995 2914 1065 Ἐμοὶ
2944 995 3052 1064 γὰρ
3081 995 3241 1066 ἄρτος
3290 995 3398 1048 ἀπὸ
3429 994 3698 1064 πιτύρων,

2129 1085 2222 1137 καὶ
2267 1084 2397 1148 ἀλας
2441 1083 2634 1154 μικρὸν
2669 1085 2734 1137 δι’
2783 1083 3060 1136 εὐνοστίαν
3102 1082 3323 1154 παρέξει
3364 1083 3459 1154 τὴν
3505 1085 3700 1154 χρείαν

2128 1173 2220 1226 τοῦ
2265 1173 2532 1242 σώματος.
2565 1171 2751 1226 Ταῦτα
2793 1173 2849 1225 δὲ
2891 1171 3060 1225 είπὼν
3105 1173 3414 1241 Ἐπιφάνιος
3439 1174 3574 1244 πρὸς
3606 1175 3700 1226 τὸν

2130 1264 2388 1334 βασιλέα,
2424 1265 2688 1318 ἀπέλυσεν
2731 1263 2972 1328 ἅπαντας
3001 1263 3030 1314 ὁ
3070 1263 3321 1332 βασιλεὺς
3364 1266 3427 1316 ἐκ
3468 1265 3562 1316 τοῦ
3597 1281 3699 1318 τα·

2131 1357 2302 1427 μείου·
2341 1356 2433 1409 καὶ⁵
2468 1357 2616 1426 ἡμᾶς
2643 1355 2926 1408 ἐκέλευσεν
2971 1354 3228 1407 εἰσελθεῖν
3258 1357 3315 1407 ἐν
3357 1354 3434 1424 τῷ
3465 1355 3699 1407 κουϐου-

455 1461 570 1499 sam
604 1447 815 1502 diversa
849 1447 1095 1502 ciborum
1126 1463 1343 1517 genera.
1381 1448 1676 1502 Aversatus
1721 1457 1803 1502 est
1841 1457 2020 1500 autem

2131 1449 2290 1518 κλίῳο
2343 1447 2435 1500 καὶ
2481 1446 2797 1499 ἀπέστειλεν
2847 1447 2980 1515 ἡμῖν
3025 1445 3257 1516 διάφορα
3300 1444 3569 1515 ἐδέσματα
3603 1447 3700 1499 ἐπὶ

453 1536 634 1590 omnia
672 1536 1023 1606 Epiphanius,
1066 1539 1241 1591 solum
1289 1553 1482 1608 panem
1529 1538 1686 1591 nobis
1731 1539 1975 1591 retinens
2010 1555 2022 1589 :

450 1641 560 1695 quo
595 1628 702 1692 usi,
753 1628 933 1682 satiati
981 1644 1194 1691 sumus,
1243 1631 1444 1699 gratias
1477 1638 1696 1697 agentes
1749 1628 1858 1681 Deo
1913 1629 2028 1680 uni-

453 1733 756 1771 versorum.
787 1716 1058 1772 Postridie
1086 1728 1264 1772 autem
1297 1720 1592 1786 imperator
1629 1719 1874 1772 accersiit
1905 1717 2026 1786 Epi-

454 1807 714 1877 phanium
744 1823 756 1860 :
791 1808 882 1877 qui
917 1809 1162 1862 modeste
1203 1817 1255 1861 et
1283 1808 1582 1876 composite
1614 1807 1888 1869 incedens,
1935 1823 2026 1859 ve-

454 1900 534 1953 nit
565 1899 633 1952 ad
664 1914 863 1968 regem.
898 1898 1015 1967 Ipse
1046 1908 1225 1952 autem
1255 1914 1343 1953 rex
1376 1899 1440 1952 de
1474 1898 1600 1953 sede
1623 1911 1873 1965 surgens,
1912 1911 2029 1950 sce-

455 1996 635 2058 ptrum
677 1988 826 2055 ponit
861 1987 912 2041 in
957 1997 1119 2042 terra.
1161 1986 1498 2058 Epiphanius
1526 2002 1652 2040 vero
1689 1986 1825 2039 dixit
1870 1986 2024 2054 regi:

463 2077 661 2146 Accipe
687 2077 834 2144 regni
864 2076 1200 2145 dignitatem,
1236 2086 1289 2129 et
1321 2075 1394 2130 sis
1429 2084 1581 2143 grato
1617 2075 1668 2127 in
1710 2074 1874 2128 Deum
1914 2076 2030 2129 ani-

456 2181 564 2220 mo.
602 2165 713 2218 Rex
755 2167 929 2220 dixit:
969 2165 1123 2219 Mane
1155 2167 1243 2221 hic
1275 2165 1582 2229 nobiscum,
1619 2177 1791 2234 pater,
1823 2175 1874 2218 et
1911 2180 2028 2219 ser-

452 2257 591 2308 vabo
642 2263 853 2309 vestros
896 2270 1197 2308 sermones.
1247 2253 1582 2330 Epiphanius
1637 2263 1817 2308 autem
1871 2253 2025 2323 regi:

453 2343 510 2400 Si
547 2361 718 2408 meos,
765 2361 796 2397 o
828 2361 942 2408 rex,
996 2360 1276 2398 sermones
1321 2346 1649 2408 servaveris,
1705 2345 1782 2398 ttti
1837 2347 2026 2400 memi-

459 2453 589 2491 uero
629 2437 934 2506 ubicunque
965 2435 1137 2490 fuero.
1163 2433 1461 2490 Mansimus
1488 2444 1666 2488 autem
1694 2436 1879 2490 decem
1916 2437 2031 2490 dies

457 2521 512 2579 in
540 2525 662 2578 aula
697 2526 863 2595 regis.
918 2523 1130 2590 Quibus
1184 2524 1402 2594 elapsis,
1441 2525 1550 2593 regi
1602 2524 1740 2577 dixit
1789 2523 2030 2593 Epipha~

455 2613 580 2668 nius
628 2630 642 2667 :
702 2613 877 2666 Cursu
906 2628 1120 2666 curram
1179 2613 1233 2666 in
1297 2628 1471 2666 meam
1532 2615 1783 2681 patriam.
1841 2612 2031 2678 Quaero

453 2701 597 2754 enim
621 2715 832 2763 omnes,
875 2702 967 2771 qtti
1001 2702 1110 2756 illic
1133 2711 1279 2755 sunt.
1308 2700 1388 2754 Tu
1423 2703 1550 2756 sede
1595 2702 1647 2754 in
1679 2703 1877 2756 throno
1914 2712 2027 2767 tuo,

2125 1537 2422 1611 τραπέζης.
2464 1535 2828 1607 Ἀπέστρεψεν
2871 1535 2928 1587 δὲ
2972 1536 3186 1589 ἅπαντα
3224 1535 3557 1604 Ἐπιφάνιος,
3600 1536 3698 1589 ἕνα

2127 1629 2287 1699 ἄρτον
2323 1627 2480 1698 μόνον
2520 1628 2798 1698 κρατήσας
2838 1627 2989 1697 ἡμῖν.
3033 1618 3102 1696 ’ᾩ
3131 1627 3464 1697 χρησάμενοι
3505 1628 3692 1696 ἐκορέο

2129 1719 2366 1788 σθημεν,
2407 1717 2855 1789 εὐχαριστοῦντες
2894 1716 2973 1786 τῷ
3021 1715 3139 1786 Θεῷ
3178 1716 3284 1768 τῶν
3323 1716 3475 1769 ὃλων.
3521 1717 3602 1786 Τῇ
3643 1716 3697 1771 δί

2128 1794 2385 1880 ἐπαύριον
2417 1809 2731 1879 μετέστελλε
2763 1811 2790 1861 ό
2820 1807 3069 1876 βασιλεὺς
3105 1805 3190 1858 τὸν
3225 1806 3553 1872 Ἐπιφάνιον.
3585 1806 3696 1860 Τοῦ

2130 1901 2186 1952 δὲ
2216 1899 2564 1969 ἐμϐαίνοντος
2596 1900 2654 1952 ἐν
2689 1889 3048 1960 καταστάσει,
3077 1896 3310 1965 ἔφθασεν
3349 1897 3570 1964 ἔγγιστα
3599 1897 3697 1949 τοῦ

2131 1988 2409 2059 βασιλέωςσ
2448 1987 2608 2050 αὐτὸς
2647 1988 2702 2040 δέ
2744 1988 2978 2050 ἀναστὰς
3005 1986 3114 2039 ἀπὸ
3147 1986 3240 2038 τοῦ
3273 1985 3479 2058 θρόνου,
3512 1986 3701 2056 τίθησι

2127 2079 2188 2132 τὸ
2219 2079 2484 2148 βασίλειον
2519 2079 2609 2131 ἐπὶ
2637 2078 2734 2148 τὴν
2765 2078 2888 2146 γῆν.
2921 2073 3085 2129 Εἶπεν
3127 2075 3184 2128 δὲ
3220 2077 3530 2144 Ἐπιφάνιος
3559 2077 3700 2143 πρὸς

2128 2171 2218 2223 τὸν
2275 2171 2524 2242 βασιλέα·
2576 2170 2720 2222 Λάϐε
2772 2169 2831 2221 τὸ
2876 2168 3091 2237 ἀξίωμα
3131 2167 3232 2236 τῆς
3267 2167 3566 2237 βασιλείας’
3608 2170 3697 2220 καὶ

2130 2261 2217 2332 ἔχε
2275 2261 2410 2331 πρὸς
2455 2261 2584 2313 Θεὸν
2626 2259 3057 2329 εὐγνωμοσύνην.
3093 2254 3258 2310 Εἶπεν
3285 2259 3341 2311 δὲ
3373 2261 3400 2310 ὁ
3446 2257 3697 2327 βασιλεὺς

2130 2350 2265 2420 πρὸς
2328 2351 2635 2419 Ἐπιφάνιον
2656 2366 2670 2378 ·
2715 2349 2858 2402 Μένε
2909 2349 3026 2419 μεθ’
3061 2349 3215 2418 ἡμῶν
3244 2349 3448 2410 ἐνθάδε,
3481 2349 3692 2418 Πάτερ,

2130 2441 2223 2493 καὶ
2271 2441 2462 2512 ἔσομαι
2510 2440 2725 2511 κρατῶν
2769 2441 2893 2501 τοὺς
2933 2439 3228 2509 ὑμετέρους
3277 2439 3486 2506 λόγους.
3529 2435 3700 2491 Εἶπεν

2129 2531 2185 2583 δὲ
2243 2532 2552 2600 Ἐπιφάνιος
2605 2532 2738 2602 πρὸς
2785 2532 2876 2583 τὸν
2927 2529 3170 2600 βασιλέα”
3231 2531 3354 2582 Ἐὰν
3412 2533 3698 2604 κρατήσῃς

2129 2621 2254 2682 τοὺς
2297 2623 2461 2690 ἐμοὺς
2499 2621 2716 2689 λόγους,
2749 2621 3102 2692 μνημονεύσω
3131 2639 3222 2674 σου
3259 2623 3390 2674 ὅπου
3422 2623 3515 2674 ὲάν
3553 2625 3695 2692 εἰμι.

2145 2711 2505 2781 Ἐποίησαμεν
2531 2713 2600 2770 ,δὲ
2645 2713 2674 2765 ι’
2704 2714 2914 2782 ἡμέρας
2951 2714 3008 2764 ἐν
3038 2713 3113 2783 τῷ
3143 2713 3373 2782 ταμιείῳ
3401 2712 3491 2766 τοῦ
3535 2713 3697 2782 βασις

455 2790 589 2846 nihil
615 2791 858 2845 excitans
893 2791 1153 2845 adversus
1178 2789 1474 2845 Romanos.
1518 2789 1573 2844 Si
1610 2777 1762 2874 enim
1796 2793 1872 2846 sis
1914 2792 2019 2844 ini-

2131 2800 2280 2864 λέως.
2318 2777 2482 2852 Εἶπεν
2529 2801 2584 2853 δὲ
2628 2777 2941 2868 Ἐπιφάνιος
2977 2777 3111 2871 πρὸς
3152 2777 3242 2854 τὸν
3285 2777 3700 2874 βασιλέαο-Δρας

453 2882 631 2936 micus
662 2881 944 2944 Romanis,
984 2882 1093 2934 eris
1144 2881 1395 2935 inimicus
1455 2865 1734 2935 cruciiixo.
1778 2879 1932 2947 Quod
1973 2885 2018 2936 si

454 2970 623 3026 fueris
651 2971 905 3026 inimicus
945 2971 1213 3036 crucilixi,
1243 2970 1384 3025 male
1411 2970 1612 3038 peribis
1646 2985 1675 3024 a
1707 2971 1813 3025 tuis
1839 2971 2022 3025 adver-

452 3066 636 3123 sariis.
667 3065 789 3122 Haec
814 3081 933 3120 cum
979 3053 1092 3134 regi
1119 3066 1342 3120 dixisset
1376 3064 1734 3136 Epiphanius,
1768 3067 1879 3121 ibat
1927 3082 2019 3121 rex

453 3168 576 3210 cum
609 3169 707 3209 sua
732 3163 970 3219 caterva,
1020 3170 1120 3209 nos
1147 3155 1356 3224 primus
1385 3155 1660 3211 deducens
1693 3157 1746 3210 iu
1780 3164 2021 3210 nostram

451 3245 751 3315 regionem.

2130 2890 2336 2960 μοῦμαι
2384 2891 2473 2942 ἐπὶ
2515 2891 2653 2961 ἐμὴν
2689 2891 2937 2960 πατρίδα.
2981 2891 3134 2961 Ζητῶ
3185 2893 3288 2963 γὰρ
3336 2894 3538 2955 πάντας
3565 2895 3701 2957 τοὺς

2128 2984 2244 3035 ἐκεῖ
2284 2983 2461 3044 ὄντας,
2515 2984 2608 3034 καὶ
2653 2983 2744 3035 ἔσο
2791 2983 3096 3053 καθήμενος
3138 2985 3228 3035 ἐπὶ
3265 2983 3342 3052 τῷ
3386 2984 3577 3054 θρόνῳ,
3623 2986 3701 3056 μὴ

2129 3071 2543 3140 ὲπεγειρόμενος
2587 3073 2728 3124 κατὰ
2769 3070 3071 3140 Ῥωμαίων.
3116 3069 3239 3122 Ἐὰν
3268 3071 3375 3139 γὰρ
3406 3071 3700 3144 ἐχθραίνῃς

2129 3163 2240 3224 τοῖς
2293 3161 2613 3230 Ῥωμαίοις,
2660 3162 2758 3233 ἔσῃ
2799 3161 3092 3232 ἐχθραίνων
3142 3161 3218 3230 τῷ
3275 3162 3698 3234 ἐσταυρωμένῳ·

2129 3250 2222 3304 ἐὰν
2255 3252 2363 3322 γὰρ
2407 3250 2468 3322 [ι.
2510 3252 2602 3303 ἐὰν
2629 3251 2706 3322 δὲ]
2737 3253 2867 3322 γένῃ
2899 3251 3091 3323 ἐχθρὸς
3132 3252 3224 3304 τοῦ
3263 3252 3697 3322 σταυρωθέντος,

449 3340 660 3411 τακήσῃ
691 3328 876 3402 κακῶς
921 3337 1024 3391 ὑπὸ
1058 3337 1163 3391 τῶν
1196 3337 1500 3392 ἀντιδίκων.
1572 3336 1755 3390 Ταῦτα
1798 3337 1854 3390 δὲ
1925 3341 2093 3393 εἰπὼν
2145 3343 2453 3410 Ἐπιφάνιος
2501 3343 2634 3414 πρὸς
2674 3343 2764 3394 τὸν
2804 3342 3044 3413 βασιλέα,
3086 3345 3370 3396 ἐπέϐαινεν
3408 3343 3628 3414 πρῶτος
3669 3349 3698 3398 6

454 3430 704 3499 βασιλεὺς
740 3429 876 3499 μετά
909 3427 998 3480 τοῦ
1027 3428 1245 3495 στίφους
1279 3426 1473 3490 αὑτοῦ,
1501 3427 1840 3497 προπέμπων
1866 3429 2014 3496 ἡμᾶς
2051 3430 2143 3482 ἐπὶ
2175 3430 2273 3500 τὴν
2303 3430 2506 3502 χώραν.

522 3517 710 3572 XVIII.
785 3518 922 3572 Cum
973 3517 1177 3588 egressi
1234 3526 1414 3572 autem
1468 3532 1712 3573 essemus
1759 3533 1824 3572 ex
1877 3520 2024 3582 aula,

452 3625 580 3666 ecce
615 3618 732 3662 erat
761 3607 1077 3662 adolescens
1123 3617 1374 3662 mortuus
1404 3607 1458 3660 in
1497 3607 1743 3676 grabato,
1778 3608 1870 3677 qui
1909 3617 2026 3662 erat

455 3700 600 3760 tilius
631 3698 795 3752 unius
843 3713 907 3750 ex
950 3697 1289 3766 proceribus.
1331 3699 1464 3752 Eum
1514 3712 1644 3751 vero
1676 3696 1919 3752 ferebant
1955 3701 2023 3754 ad

454 3805 641 3851 canes,
677 3798 734 3843 ut
768 3790 1098 3859 projicerent
1125 3789 1483 3844 exedendum.
1519 3788 1664 3842 Dixit
1688 3801 1866 3845 autem
1896 3790 2021 3860 Epi-

455 3881 689 3950 phanius
717 3881 781 3936 iis
809 3882 896 3951 qui
926 3880 1168 3936 Ierebant
1200 3891 1472 3934 mortuum
1502 3880 1658 3947 :Quo
1687 3881 1773 3938 itis
1800 3883 1864 3936 ad
1897 3898 2021 3937 eum

457 3971 866 4042 sepeliendum?
907 3972 1105 4026 Dicunt
1147 3971 1496 4040 Epiphanio:
1537 3973 1640 4038 Qui
1672 3973 1781 4027 vita
1835 3989 2018 4029 exces-

456 4062 547 4127 sit,
579 4061 860 4114 vorabitur
889 4076 918 4114 a
953 4061 1201 4116 canibus.
1232 4060 1570 4130 Epiphanius
1605 4072 1787 4116 autem
1834 4076 2023 4120 tenens

457 4152 761 4224 grabatum,
793 4151 929 4206 dixit
949 4151 1030 4206 eis
1057 4169 1070 4205 :
1097 4148 1142 4204 0
1171 4151 1261 4203 lilii
1289 4189 1303 4214 ,
1335 4149 1486 4203 humi
1515 4151 1790 4220 deponite.
1825 4149 2020 4205 Videa-

2199 3520 2303 3575 IH’.
2355 3520 2538 3590 Ἦμῶν
2568 3519 2622 3572 δὲ
2667 3518 2988 3585 ἐξελθόντων
3031 3521 3096 3574 ἐκ
3134 3520 3226 3573 τοῦ
3262 3521 3534 3589 ταμιείου,
3580 3523 3697 3580 ἰδοὺ

2125 3611 2400 3673 νεανίσκος
2430 3610 2702 3681 τεθνηκὼς
2743 3606 2810 3681 ἦν
2853 3610 2944 3662 ἐπὶ
2985 3610 3080 3663 τοῦ
3115 3611 3404 3682 κραϐάτου,
3440 3613 3554 3676 υἱὸς
3590 3615 3696 3666 ὑπο

2126 3700 2307 3770 ἀρχων
2335 3701 2452 3763 ἐνὸς
2491 3701 2598 3753 τῶν
2648 3701 3003 3771 μεγιστάνων.
3052 3699 3253 3754 Τοῦτον
3292 3703 3562 3773 ἀπέφερον
3599 3707 3700 3760 ἐπὶ

2126 3791 2250 3853 τοὺς
2279 3791 2634 3862 ἀστροκύνας,
2665 3793 2810 3854 ὅπως
2841 3791 3066 3861 ρίψωσιν
3099 3792 3189 3845 ἐπὶ
3213 3795 3278 3862 τῇ
3320 3793 3691 3864 καταὸρὼσει.

2139 3881 2196 3932 '0
2231 3882 2285 3933 δὲ
2331 3883 2640 3951 Ἐπιφάνιος
2680 3885 2790 3944 τοῖς
2820 3883 2894 3953 (a)
2921 3881 3011 3935 τοῦ
3040 3881 3314 3953 κραϐάτου
3353 3883 3534 3951 ἔλεγεν
3569 3889 3690 3954 μετ’

2125 3973 2429 4043 εὐμενείας
2478 3972 2788 4035 Ἀπόθεσθε,
2820 3972 3005 4035 τέκνα,
3039 3972 3130 4025 ἐπὶ
3171 3973 3266 4042 τὴν
3301 3975 3418 4042 γῆν.
3458 3975 3688 4045 Ἰδωμεν

2125 4067 2217 4118 καὶ
2257 4067 2416 4135 ἡμεῖς
2461 4065 2551 4118 τὸν
2593 4065 2876 4119 τεθνεῶτα.
2918 4059 3080 4127 Οὗτος
3113 4065 3168 4117 δὲ
3202 4066 3229 4116 ό
3270 4069 3398 4128 παῖς
3441 4067 3542 4119 ὑπὸ
3580 4085 3688 4137 μα-

2123 4152 2275 4219 γείας
2317 4151 2502 4204 ἔθανεν
2547 4153 2731 4218 κακῶς
2761 4154 2863 4206 ὑπὸ
2889 4153 3216 4224 κακούργου.
3259 4155 3416 4218 Ἔθος
3447 4155 3503 4208 δέ
3539 4158 3690 4210 ἐστιν

454 4261 580 4299 mus
621 4259 721 4297 nos
752 4259 966 4313 quoque
995 4251 1291 4297 mortuum.
1327 4239 1426 4296 Hic
1456 4255 1584 4296 vero
1619 4256 1752 4310 puer
1791 4251 2016 4298 necatus

2131 4242 2248 4313 περὶ
2290 4244 2414 4305 τοὺς
2457 4243 2700 4314 Πέρσας,
2747 4247 2872 4308 τοῦς
2916 4244 3340 4315 τελευτήσαντας
3387 4245 3685 4316 βρωθῆναι·

455 4335 636 4390 fuerat
657 4343 772 4388 artc
804 4335 1009 4402 magica
1041 4349 1072 4388 a
1105 4335 1341 4403 quodam
1378 4332 1645 4388 malelico.
1676 4331 1792 4388 Mos
1822 4342 1904 4388 est
1924 4349 2020 4411 au-

455 4440 561 4486 tem
587 4428 728 4497 apud
752 4425 966 4489 Persas,
999 4437 1056 4482 ut
1084 4428 1177 4497 qui
1213 4435 1340 4482 sunt
1369 4427 1594 4491 mortui,
1633 4427 1960 4481 devorentur
1987 4440 2018 4478 a

455 4523 703 4578 canibus.
731 4519 866 4574 Cum
899 4519 933 4572 ii
971 4532 1100 4588 ergo
1133 4518 1382 4585 protinus
1410 4517 1692 4588 grabatum
1733 4518 2016 4586 deposuis-

454 4620 596 4677 sent,
626 4610 736 4678 regi
765 4609 901 4662 dixit
931 4606 1261 4676 Epiphanius
1296 4625 1308 4659 :
1338 4605 1382 4660 Ο
1415 4621 1529 4670 rex,
1572 4607 1663 4675 qui
1716 4608 1860 4675 regis
1897 4620 2017 4660 ma-

455 4703 536 4758 los
577 4712 627 4755 et
653 4701 867 4769 iniquos
897 4698 1168 4760 homines,
1200 4697 1484 4767 oportebat
1525 4700 1686 4760 hunc,
1728 4699 1818 4767 qui
1847 4713 1877 4750 e
1908 4697 2015 4750 vita

454 4793 706 4856 excessit,
753 4791 806 4845 in
844 4800 986 4845 terra
1024 4790 1256 4858 sepeliri,
1296 4799 1352 4842 ut
1380 4790 1471 4859 qui
1502 4789 1716 4848 caelitus
1762 4789 1886 4843 tuba
1921 4805 2014 4843 ca-

454 4894 566 4948 net,
609 4899 733 4938 eum
767 4884 890 4938 hinc
939 4883 1107 4954 possit
1138 4883 1422 4937 traducere
1461 4882 1527 4935 ad
1571 4881 1746 4949 ipsum
1782 4879 2016 4933 adoran-

454 4976 602 5029 dum.
635 4975 706 5030 Es
743 4985 924 5029 autem
955 4989 1047 5029 rex
1079 4974 1212 5028 adeo
1245 4973 1612 5040 improborum
1644 4980 1697 5024 et
1727 4969 2014 5024 scelerato-

456 5081 576 5121 rum
627 5067 930 5131 hominum,
991 5075 1051 5120 ut
1095 5065 1334 5119 velante
1378 5074 1589 5132 tempus
1638 5063 1738 5116 sibi
1787 5072 2013 5116 mortem

456 5155 703 5209 afferant.
751 5157 870 5222 Hic,
907 5172 1068 5224 quem
1105 5157 1255 5210 vides
1304 5164 1597 5215 mortttum,
1633 5155 1738 5208 vita
1786 5155 2016 5208 excessit

459 5253 680 5298 necatus
707 5261 735 5297 a
771 5247 1035 5299 maleﬁco.
1068 5245 1172 5298 Sed
1208 5245 1349 5298 Deus
1385 5259 1556 5308 meus,
1585 5243 1676 5312 qui
1709 5243 2016 5298 I'uitexten-

526 5418 600 5472 (al
631 5417 885 5484 Quaedam
937 5419 1123 5472 Graeco
1162 5429 1306 5473 textu
1354 5419 1618 5480 excidere,
1655 5429 1713 5472 ιιι
1753 5434 1815 5471 ex
1851 5419 2015 5472 inter-

457 5490 752 5554 pretatione
785 5488 969 5543 Latina
1002 5489 1195 5559 cuique
1221 5488 1436 5542 obvium
1467 5498 1568 5542 est.
1591 5489 1742 5542 Eutr.
1773 5487 2008 5542 PATROL.

2121 4335 2226 4386 τῶν
2275 4335 2331 4388 δέ
2375 4335 2724 4407 ἀποθεμένων
2777 4337 2979 4400 εὐθέως
3026 4336 3085 4390 τὸ
3132 4336 3400 4406 κράϐατον
3449 4337 3538 4389 ἐπὶ
3587 4337 3689 4409 τὴν

2120 4430 2246 4498 γῆν,
2275 4424 2426 4482 εἶπεν
2467 4429 2774 4498 Ἐπιφάνιος
2813 4427 2890 4499 τῷ
2920 4429 3147 4497 βασιλεῖ’
3178 4424 3246 4480 Ὦ
3281 4427 3495 4498 βασιλεῦ
3527 4427 3684 4497 βασι-

2118 4519 2272 4583 λέων,
2307 4519 2492 4572 κακῶν
2528 4520 2623 4588 (b),
2669 4519 2882 4589 ἀνόμων
2930 4517 3155 4588 ἀνδρῶν’
3209 4518 3375 4587 ἐχρῆν
3419 4518 3527 4584 γὰρ
3558 4518 3683 4571 τοῦ·

2117 4622 2229 4664 τον,
2259 4605 2349 4657 τὸν
2381 4605 2491 4674 βίον
2517 4605 2812 4669 ἐξελθόντα,
2845 4605 2922 4668 εἰς
2950 4605 3053 4674 γῆν
3080 4607 3314 4674 ταφῆναι
3346 4607 3482 4675 μετά
3507 4607 3684 4674 ἀσφα-

2118 4694 2292 4758 λείας,
2335 4695 2398 4746 ἴν’
2437 4695 2726 4765 οὐρανόθεν
2766 4697 2793 4747 ό
2832 4694 3104 4764 Δεσπότης
3153 4695 3424 4757 σαλπίζων
3449 4711 3682 4764 μετανα-

2120 4785 2304 4854 στήσει
2334 4784 2516 4837 τοῦτον
2548 4787 2625 4848 είς
2659 4785 3044 4855 προσκύνησιν.
3088 4784 3352 4837 Τοιούτων
3381 4784 3435 4836 δὲ
3467 4785 3679 4855 ἀνδρῶν

2117 4874 2361 4927 ἀτάκτων
2391 4874 2708 4944 βασιλεύεις,
2739 4874 2812 4936 ὣς
2849 4893 2906 4928 τε
2949 4877 3040 4928 καὶ
3072 4875 3175 4946 πρὸ
3210 4875 3401 4945 καιροῦ
3450 4875 3678 4929 θάνατον

2117 4967 2327 5028 ἑαυτοῖς
2366 4966 2717 5036 ποιουμένων.
2754 4967 2858 5020 Ἴδε
2906 4968 2992 5039 δὴ,
3035 4962 3208 5032 οὗτος,
3244 4967 3301 5021 ὃν
3332 4967 3547 5037 βλέπεις
3584 4984 3676 5020 τε·

2117 5055 2344 5119 θνεῶτα,
2381 5057 2486 5108 ὑπὸ
2515 5056 2821 5126 κακούργου
2847 5059 2936 5110 τὸν
2972 5059 3083 5128 βίον
3116 5057 3433 5129 ὑπεξῆλθεν.
3478 5059 3614 5114 Ἀλλ’
3646 5062 3677 5110 ὁ

2088 5146 2244 5208 -Θεὸς
2274 5164 2371 5215 μου
2396 5149 2423 5198 ὁ
2451 5146 2732 5210 τανυσθεὶς
2759 5148 2849 5201 ἐπὶ
2878 5147 3053 5214 ξύλου,
3088 5149 3272 5202 τοῦτον
3301 5149 3502 5220 ἐγείρει
3533 5152 3675 5202 κατὰ
3719 5175 3722 5178 ~

2117 5237 2402 5308 πρόσωπον
2435 5240 2668 5296 πάντων.
2701 5238 2883 5294 Ταῦτα
2914 5241 2969 5294 δὲ
3014 5241 3181 5295 εἰπὼν
3210 5240 3551 5312 Ἐπιφάνιος,
3581 5245 3677 5296 καί

2191 5413 2256 5482 (b)
2300 5412 2449 5487 Legit
2492 5413 2753 5487 interpres
2797 5413 2911 5469 εὫ
2957 5417 3202 5487 βασιλεῦ,
3237 5413 3533 5487 βασιλεύων
3565 5435 3680 5471 κα-

2115 5484 2242 5546 κῶν,
2277 5481 2562 5537 ειοζΕυιτ.
2599 5481 2833 5540 Partica.
