3972 6070
221 71 295 130 65
1522 68 1582 126 S.
1618 61 1956 121 EPIPHANII
1998 64 2183 121 VITA.
3385 72 3450 124 ιδ

220 188 338 249 ταῖς
382 183 570 255 χερσὶν
616 181 779 236 αὐτοῦ
810 180 900 236 τδν
945 184 1133 254 νεκρὸν
1176 184 1531 253 ψηλαφήσας,
1564 183 1786 252 ἐϐόησεν

1911 194 1985 232 ius
2012 194 2178 248 supra
2208 179 2435 248 lignum,
2467 194 2589 234 eum
2641 179 2898 234 excitabit
2940 193 3126 233 coram
3176 180 3449 236 omnibus.

218 277 295 347 τῷ
337 273 721 346 φιλανθρώπῳ·
752 275 844 329 Υἱὲ
876 276 1012 329 Θεοῦ
1032 317 1046 339 ,
1087 279 1278 347 φησὶν,
1311 279 1340 330 6
1368 276 1456 330 τὸν
1488 279 1787 348 τετραήμεο

220 384 308 436 ρον
333 364 585 436 Λάζαρον
610 367 675 418 ἐκ
704 365 911 436 νεκρῶν
936 367 1275 438 ἀναστήσας,
1310 368 1669 439 ἐξανάστησον
1696 367 1788 422 τὸν

218 458 432 511 νεανίαν
486 454 695 510 τοῦτον.
749 458 859 511 Καὶ
908 456 1085 511 λαϐὼν
1148 460 1459 528 Ἐπιφάνιος
1513 460 1603 513 τὸν
1660 459 1788 513 ἴδιον

222 545 514 613 ἐπενδύτην
563 545 810 600 ἐνέδυσεν
872 547 961 600 τὸν
1011 548 1278 602 τεθνεῶτα
1301 567 1316 580 ο
1381 550 1499 613 ἔθος
1558 550 1666 620 γὰρ
1720 546 1787 620 ἦν

222 635 350 704 περὶ
387 636 513 695 τούς
546 633 784 711 Πέρσας,
828 637 1067 707 γυμνοὺς
1110 638 1264 707 ἄγειν
1294 639 1420 702 τοὺς
1465 639 1784 705 τεθνεῶτας.

224 724 432 786 Εὐθέως
484 719 580 778 οὖν
612 725 812 798 ἀνέστη
856 728 885 778 6
916 728 1192 793 νεανίσκος
1212 767 1227 794 ,
1263 730 1355 783 καὶ
1395 729 1668 800 ἠσπάζετο
1699 731 1789 785 τὸν

234 814 568 883 Ἑπιφάνιον.
601 812 770 869 Εἶπεν
802 817 856 870 δὲ
907 819 1217 889 Ἐπιφάνιος
1259 820 1337 890 τῷ
1370 821 1652 892 νεανίσκῳ⁸
1688 822 1790 875 Βά-

219 904 350 969 διζε,
384 906 601 969 τέκνον,
625 906 683 958 ἐν
714 906 790 976 τῷ
828 907 906 978 σῷ
943 909 1096 979 οἴκῳ,
1126 909 1218 962 καὶ
1248 911 1475 981 φόρεσον
1511 913 1700 981 ἱμάτια
1724 915 1791 967 τὰ

222 992 449 1065 συνήθη·
475 994 651 1062 ἄγαγε
680 995 737 1048 δέ
773 1012 861 1065 μοι
891 996 981 1049 τὸν
1022 998 1336 1069 ἐπενδύτην.
1381 995 1487 1051 Ἦν
1522 1000 1628 1070 γὰρ
1673 1001 1791 1066 ἔθος

233 1082 534 1153 Ἐπιφανίῳ
581 1088 765 1155 φορεῖν
805 1085 1039 1157 τρίχινον
1082 1086 1281 1156 χιτῶνα
1326 1089 1418 1141 ἐπὶ
1449 1088 1547 1159 τὴν
1592 1089 1790 1160 σάρκα,

221 1176 311 1228 καὶ
340 1175 545 1240 ἔξωθεν
580 1176 747 1230 αὐτοῦ
784 1176 875 1231 τὸν
916 1178 1229 1251 ἐπενδύτην.
1270 1176 1478 1245 Ὠςοῦν
1512 1181 1617 1234 ίδεν
1647 1184 1675 1234 ὁ
1699 1181 1794 1251 βα-

224 1263 404 1325 σιλεὺς
437 1263 499 1317 τὸ
525 1264 814 1334 γενόμενον
855 1269 1085 1338 πρᾶγμα
1121 1270 1178 1322 ἐν
1215 1271 1534 1342 Ἐπιφανίῳ,
1569 1270 1794 1340 ὑπενόη-

227 1372 316 1408 σεν
359 1354 483 1408 θεὸν
514 1354 674 1409 αὐτὸν
701 1352 858 1410 εἶναι.
903 1354 1040 1412 Εἷπε
1075 1359 1132 1413 δὲ
1167 1361 1481 1431 Ἐπιφάνιος
1525 1362 1605 1434 τῷ
1640 1363 1795 1434 βασι-

223 1442 322 1496 λεῖ’
349 1445 443 1514 Μὴ
474 1445 690 1514 λογίζου
705 1447 796 1523 ,είς
821 1448 918 1517 ἐμὲ
944 1448 1134 1514 ταῦτα,
1160 1450 1443 1521 ἄνθρωπον
1470 1453 1598 1506 ὄντα
1618 1455 1796 1523 ὁμοιο-

1890 267 2026 323 Cum
2058 269 2172 322 hmc
2199 277 2378 322 autem
2414 268 2641 324 dixisset
2671 266 3026 339 Epiphanius,
3065 268 3315 327 manibus
3338 272 3454 324 suis

1893 369 2082 414 tenens
2114 368 2408 426 mortuum,
2444 360 2675 429 benigno
2708 370 2761 414 ct
2804 359 3056 414 clementi
3097 356 3205 413 Deo
3254 359 3456 414 clama-

1893 450 1969 503 vit
1998 467 2011 503 :
2044 448 2143 503 Fili
2175 449 2294 514 Dei,
2346 451 2438 521 qui
2469 451 2829 520 quadrianum
2856 449 3123 505 Lazarum
3157 448 3455 513 suscitasti,

1897 543 2039 595 hunc
2067 556 2283 611 quoque
2308 542 2512 597 suscita
2561 542 2981 597 adolescentem.
3006 540 3253 609 Cumque
3297 554 3456 595 suum

1895 633 2190 703 accepisset
2220 632 2596 689 indumentum
2628 634 2984 704 Epiphanius,
3016 649 3082 690 eo
3117 631 3290 688 induit
3321 645 3456 685 mor-

1896 732 2070 778 tuum.
2101 722 2215 779 Mos
2241 733 2325 779 est
2350 725 2494 778 enim
2524 724 2703 780 Persis
2732 733 2978 779 mortuos
3005 723 3182 778 nudos
3205 721 3453 777 educere.

1898 811 2200 882 Statimque
2250 815 2486 868 surrexit
2538 814 2875 887 adolescens,
2931 823 2994 880 et,
3033 813 3315 882 amplexus
3377 817 3459 865 est

1852 918 1853 921 ‘
1895 904 2279 975 Epiphanium.
2320 906 2460 961 Dixit
2489 910 2669 961 autem
2710 905 3044 977 Epiphanius
3080 904 3406 959 adolescenti
3441 918 3454 956 :

1898 995 2044 1051 Vade
2063 1036 2079 1058 ,
2109 997 2178 1050 (ili
2199 1037 2215 1061 ,
2252 997 2305 1051 in
2348 998 2570 1052 domum
2621 1006 2791 1062 tuam,
2821 1006 2874 1051 et
2905 991 2986 1050 fer
3019 1004 3193 1049 vestes
3223 1007 3459 1049 consue-

1900 1100 2001 1148 tas,
2033 1094 2087 1140 et
2118 1085 2257 1141 refer
2286 1087 2352 1140 ad
2405 1103 2491 1142 me
2547 1102 2728 1142 meum
2785 1086 3183 1140 indumentum.
3242 1078 3462 1137 Solebat

1898 1178 2040 1230 enim
2074 1174 2410 1247 Epiphanius
2457 1176 2598 1232 ferre
2627 1178 2862 1233 cilicium
2908 1190 3073 1246 super
3101 1173 3304 1229 nudam
3341 1186 3464 1228 car-

1899 1281 2023 1320 nem
2048 1275 2102 1321 et
2132 1268 2427 1322 amiculum
2469 1268 2819 1339 superjieere.
2847 1266 3144 1337 Postquam
3173 1274 3353 1320 autem
3386 1264 3465 1318 vi-

1899 1359 1979 1412 dit
2010 1374 2102 1411 rex
2129 1358 2452 1414 miraculum
2481 1358 2625 1430 quod
2661 1357 2865 1413 factum
2919 1366 3001 1412 est
3033 1356 3100 1411 ab
3140 1354 3462 1426 Epiphanio,

1905 1448 2238 1503 existimavit
2270 1463 2393 1504 eum
2422 1464 2545 1504 esse
2578 1454 2756 1504 deum.
2786 1447 2888 1503 Cui
2923 1447 3061 1502 dixit
3086 1445 3422 1516 Epiphanius
3448 1463 3462 1499 :

229 1533 400 1603 παθῆ.
433 1534 493 1587 '0
524 1535 633 1606 γὰρ
661 1534 793 1601 Θεός
823 1553 945 1605 μου,
969 1528 1014 1606 ᾧ
1040 1540 1353 1604 ἐπίστευσα,
1376 1540 1550 1595 ταῦτα
1571 1543 1801 1614 παρέχει

1911 1540 2054 1603 Noli,
2101 1539 2213 1593 noli
2249 1540 2362 1595 haec
2390 1540 2457 1594 de
2504 1554 2588 1593 me
2636 1539 2968 1602 existimare,
3006 1537 3096 1607 qui
3129 1552 3251 1592 sum
3303 1536 3465 1590 homo

228 1626 335 1686 τοῖς
368 1624 549 1692 φίλοις
590 1624 773 1678 αὐτοῦ.
820 1625 1001 1679 Ταῦτα
1039 1627 1097 1680 δὲ
1145 1629 1314 1683 εἰπὼν
1353 1631 1666 1700 Ἐπιεράνιος
1709 1636 1802 1689 καὶ

231 1713 446 1766 πλείονα
480 1714 706 1781 τούτων,
739 1710 890 1769 εἶπεν
918 1716 995 1786 τῷ
1031 1717 1266 1789 βασιλεῖ’
1321 1720 1680 1795 ’Υπόστρεφε,
1711 1726 1801 1779 τέ-

229 1820 370 1867 κνον,
401 1806 461 1857 ἐν
498 1804 576 1875 σῷ
605 1805 853 1875 ταμιείῳ.
898 1804 1087 1877 Ἡμεῖς
1115 1802 1223 1882 γὰρ
1254 1810 1539 1883 βαδίζομεν
1581 1816 1672 1867 ἐπὶ
1701 1834 1803 1869 πα-

226 1894 397 1964 τρίδα.
426 1891 599 1947 Εἶπεν
626 1895 682 1948 δὲ
708 1898 736 1949 6
780 1896 1029 1967 βασιλεὺς
1063 1899 1200 1971 πρὸς
1240 1901 1570 1970 Ἐπιφάνιονο
1601 1906 1805 1969 Πόσους

230 1985 477 2055 ξιφήρεις
515 1987 819 2040 ἀποστείλω
868 1990 992 2052 τοὺς
1035 1989 1401 2056 διασώζοντάς
1452 2011 1546 2059 σε,
1594 1996 1802 2068 πάτερ;

228 2074 393 2130 Εἶπεν
418 2077 477 2130 δὲ
525 2079 839 2146 Ἐπιφάνιος
875 2081 1011 2151 πρὸς
1050 2081 1140 2135 τὸν
1171 2082 1411 2152 βασιλέα’
1448 2086 1596 2155 Ἔχω
1626 2087 1716 2140 τὸν
1747 2091 1806 2140 ὲν

228 2169 478 2239 οὐρανοῖς
531 2169 875 2236 φυλάσσοντα
928 2189 993 2240 με
1035 2171 1202 2236 Θεὸν,
1251 2176 1346 2228 καὶ
1389 2174 1633 2248 ξιφήρεις
1680 2179 1806 2241 τοὺς

231 2259 417 2326 ἁγίους
450 2258 617 2311 αὐτοῦ
652 2260 936 2328 ἀγγέλους.
980 2260 1112 2315 Τότε
1143 2264 1172 2315 6
1208 2262 1457 2333 βασιλεὺς
1482 2261 1804 2336 ἀσπασάμε-

233 2348 438 2411 νος-τὸν
482 2350 796 2419 Ἐπιφάνιον
822 2351 1049 2422 ἔκραξεν
1086 2352 1258 2421 λέγων
1295 2356 1502 2429 μεγάλῃ
1532 2338 1803 2428 τῇφωνῇ*

238 2439 431 2502 Βάδιζε
469 2441 745 2507 ὑγιαίνων,
786 2440 1095 2511 Ἐπιφάνιε,
1126 2446 1157 2514 ἡ
1194 2444 1320 2509 δόξα
1351 2446 1457 2499 τῶν
1500 2447 1803 2517 Ῥωμαίων·

243 2532 461 2600 μνήμην
486 2530 542 2583 δὲ
585 2531 741 2585 ποιοῦ
776 2532 932 2603 ἡμῶν
966 2532 1073 2586 τῶν
1108 2536 1167 2587 ἐν
1197 2535 1438 2609 Περσίδι.
1476 2537 1810 2609 Ἀπάραντες

235 2621 292 2675 δὲ
325 2623 434 2675 ἀπὸ
481 2622 761 2694 Περσίδος,
796 2625 1169 2697 ἐπορεύθημεν
1214 2629 1272 2680 ἐν
1321 2630 1389 2699 τῇ
1432 2630 1679 2701 Φοινίκῃ·
1718 2631 1809 2684 καὶ

233 2713 608 2778 διοδεύσαντες
643 2716 805 2786 μέρος
850 2735 902 2770 τι
947 2717 1047 2787 τῆς
1076 2719 1348 2790 Φοινίκης,
1389 2719 1811 2791 εἰσεληλύθαμεν

237 2806 296 2856 ἐν
323 2805 665 2876 Σπανυδρίῳ.
694 2806 948 2878 Ηύρομεν
972 2808 1027 2861 δὲ
1058 2808 1120 2861 τὸ
1153 2808 1361 2863 κελλίον
1387 2809 1461 2873 ὡς
1495 2806 1562 2881 ἦν
1590 2810 1652 2864 τὸ
1682 2811 1811 2882 πρό-

237 2913 411 2967 τερον.
446 2899 558 2952 Καὶ
587 2900 908 2969 ποιήσαντες
949 2900 1143 2972 τρίτην
1178 2902 1408 2974 ἡμέραν,
1448 2902 1591 2975 ὕδωρ
1613 2904 1712 2959 οὐκ
1741 2901 1809 2975 ἦν

238 2987 336 3042 τοῦ
364 2992 513 3041 πιεῖν
540 2991 707 3060 ἡμᾶς.

315 3157 417 3211 ιον.
451 3159 680 3223 Σταθεὶς
722 3158 814 3215 οὖν
853 3162 1167 3232 Ἐπιφάνιος
1194 3163 1332 3217 κατὰ
1378 3163 1641 3228 ἀνατολάς
1692 3163 1813 3234 βλέο

242 3269 364 3304 πων
392 3251 738 3324 προσηύξατο
761 3251 840 3323 τῷ
867 3254 924 3307 ἐν
958 3254 1207 3323 οὐρανοῖς
1247 3253 1365 3323 Θεῷ
1392 3254 1584 3323 λέγων·
1628 3256 1686 3311 '0
1715 3257 1815 3331 τὴν

237 3341 552 3413 ἀπρότομον
585 3342 789 3414 πέτραν
813 3341 1146 3424 διαχαράξας
1176 3346 1270 3398 καὶ
1304 3345 1414 3399 ἀπὸ
1446 3346 1646 3418 ταύτης
1671 3346 1815 3419 ὕδωρ

237 3429 648 3502 ἐξαναϐρύσας,
700 3432 793 3483 καὶ
848 3430 975 3485 λαὸν
1007 3431 1328 3487 ἐκλείποντα
1378 3433 1520 3505 ὕδωρ
1558 3436 1811 3502 ποτίσας,

236 3522 611 3593 διασπάραξον
658 3522 753 3575 καὶ
796 3523 894 3593 τὴν
941 3524 1044 3594 γῆν
1074 3524 1307 3596 ταύτην·
1360 3527 1453 3579 καὶ
1493 3528 1715 3599 ποίησον
1756 3528 1816 3593 ἐξ

243 3612 416 3682 αὐτῆς
447 3611 593 3682 ὕδωρ
634 3611 899 3691 πηγάζων
939 3615 1030 3666 ἐπὶ
1071 3615 1396 3686 κατοικησία
1442 3619 1688 3688 πενήτων
1719 3619 1815 3671 ἁν-

243 3702 505 3771 θρὼταυν.
538 3701 645 3756 Τοῦ
678 3702 734 3756 δὲ
777 3702 1091 3772 Ἐπιφανίου
1124 3703 1295 3758 ταῦτα
1329 3706 1592 3771 εἰπόντος,
1620 3707 1816 3761 εὐωδία

247 3808 332 3855 τις
376 3791 559 3863 ἀγαθὴ
597 3793 813 3862 ἐγένετο
859 3797 918 3847 ὲν
961 3794 1039 3865 τῷ
1082 3795 1230 3866 τόπῳ
1261 3797 1485 3868 ἐκείνῳ·
1530 3800 1622 3852 καὶ
1656 3798 1816 3853 πάλιν

243 3882 435 3946 κλίνας
462 3883 649 3954 τρίτον
671 3885 762 3937 ἐπὶ
799 3884 897 3954 τὴν
931 3885 1033 3954 γῆν
1078 3886 1172 3937 καὶ
1213 3887 1684 3957 προσευξάμενος,
1721 3890 1817 3942 λα-

240 3970 357 4025 ϐὼν
397 3972 707 4044 όρυκτῆρα,
749 3973 1011 4045 ἐχάραξεν
1058 3977 1250 4047 μικρὸν
1292 3977 1386 4029 ἐπὶ
1430 3977 1525 4049 τὴν
1564 3978 1687 4048 γῆψ
1723 3980 1818 4034 καὶ

247 4062 360 4117 ἰδοὺ
393 4062 540 4131 ὕδωρ
579 4064 854 4129 ὀλιγοστὸν
902 4064 1217 4136 ἀνέόρυσεν.
1269 4068 1497 4121 Ἔπειτα
1527 4068 1688 4123 πάλιν
1721 4087 1819 4140 χα-

1836 2852 1882 2913 C

1903 1630 2171 1685 obnoxius
2201 1631 2390 1685 iisdem
2440 1628 2958 1700 perturbationibus,
3005 1638 3059 1711 e‘t
3096 1627 3344 1682 similiter
3370 1641 3467 1705 pa-

1902 1720 2088 1776 tibilis.
2126 1720 2265 1775 Deus
2294 1735 2467 1782 meus,
2493 1720 2579 1775 cui
2608 1718 2792 1783 credo,
2842 1718 2956 1774 haec
2998 1716 3198 1787 praebet
3235 1717 3349 1770 suis
3383 1713 3466 1767 fa-

1908 1812 2089 1866 mulis.
2125 1812 2259 1866 Cum
2293 1812 2408 1866 haec
2442 1820 2621 1864 autem
2650 1820 2703 1865 et
2742 1809 2826 1864 his
2872 1809 3026 1879 plura
3073 1809 3297 1862 dixisset
3348 1806 3470 1876 Epi-

1911 1901 2168 1969 phanius,
2198 1900 2331 1954 dicit
2359 1900 2477 1969 regi.
2508 1918 2520 1952 :
2558 1898 2866 1962 Revertere,
2897 1896 2969 1950 ﬁli
2992 1938 3006 1963 ,
3043 1896 3094 1950 in
3137 1896 3338 1950 aulam.
3361 1892 3471 1949 Nos

1905 1991 2048 2044 cnim
2084 1992 2229 2045 imus
2259 1991 2309 2043 in
2344 1991 2594 2059 patriam.
2632 1987 2741 2041 Rex
2778 2000 2957 2043 autem
2988 1988 3121 2041 dixit
3147 1985 3467 2057 Epiphanio:

1905 2081 2048 2147 Quot
2086 2081 2167 2134 vis
2216 2080 2476 2134 satellites
2531 2090 2705 2134 tecum
2750 2078 2978 2142 mittam,
3043 2062 3134 2147 (ιῖιί
3187 2087 3238 2131 te
3286 2086 3471 2131 custo-

1909 2171 2103 2225 diant?
2138 2169 2282 2225 Dixit
2310 2170 2357 2223 ei
2405 2168 2739 2238 Epiphanius
2775 2187 2786 2222 :
2844 2165 3025 2221 Habeo
3056 2180 3245 2236 regem.
3282 2162 3469 2227 Deum.

1908 2261 2003 2329 qui
2038 2270 2120 2314 est
2149 2260 2204 2312 in
2233 2259 2408 2321 cut-lis,
2449 2257 2664 2327 qui'me
2708 2257 2964 2321 custodit,
2995 2266 3048 2309 et
3079 2256 3341 2310 satellites
3376 2256 3472 2309 Ita-

1910 2353 2011 2405 beo
2038 2358 2254 2404 sanctos
2303 2349 2420 2416 ejus
2470 2351 2712 2419 angelos.
2765 2344 2919 2404 Tunc
2965 2363 3056 2402 rex
3111 2347 3471 2418 Epiphanium

1913 2441 2219 2510 amplexus,
2251 2440 2389 2494 dixit
2421 2455 2550 2495 voce
2591 2455 2784 2511 magna
2813 2458 2826 2494 :
2858 2437 3006 2495 Vade
3047 2439 3100 2493 in
3149 2454 3298 2510 pace,
3344 2437 3470 2511 Epi-

1911 2533 2099 2604 phani,
2147 2531 2318 2603 gloria
2349 2526 2741 2587 Romanorum.
2784 2529 2895 2586 Fac
2932 2542 3145 2592 autem.
3199 2539 3258 2585 ut
3300 2532 3473 2586 nostri

1911 2640 2126 2695 quoque
2166 2623 2500 2687 memineris,
2536 2622 2628 2691 qui
2668 2638 2858 2678 sumus
2914 2621 2970 2675 in
3013 2620 3255 2676 Perside.
3302 2619 3472 2677 Rece-

1913 2718 2101 2770 dentes
2140 2730 2265 2769 vero
2295 2730 2325 2768 a
2362 2712 2602 2777 Perside,
2629 2714 2882 2769 venimus
2925 2712 2980 2766 in
3019 2711 3388 2778 Phceniciam;
3424 2725 3474 2768 et

1914 2821 2037 2859 cum
2073 2814 2279 2875 partem
2320 2803 2613 2858 thniciae
2650 2803 3057 2859 transiissemus
3081 2842 3097 2868 ,
3129 2803 3380 2859 venimus
3423 2805 3475 2860 in

1916 2895 2654 2967 Spanhydrion.lnvenimus
2715 2904 2895 2951 autem
2959 2895 3193 2962 cellam,
3248 2903 3308 2950 ut
3363 2906 3476 2951 erat

1914 2989 2085 3058 prius.
2121 2986 2188 3041 Et
2225 3001 2350 3041 cum
2386 2986 2499 3041 illic
2544 2984 2841 3042 fuissemus
2880 2994 2995 3042 tres
3040 2984 3177 3054 dies,
3211 3000 3318 3040 non
3362 2995 3477 3044 erat

1914 3094 2054 3149 aqua
2079 3077 2147 3133 ad
2178 3077 2493 3132 bibendum.
2903 3087 2911 3094 '

1984 3167 2126 3221 XIX.
2200 3167 2362 3222 Stans
2411 3173 2591 3220 autem
2644 3164 2981 3236 Epiphanius
3042 3166 3355 3235 aspicienda
3412 3168 3477 3221 ad

1916 3259 2204 3321 orientem,
2238 3256 2412 3310 oravit
2458 3254 2650 3320 Deum,
2681 3254 2773 3324 qui
2803 3263 2887 3311 est
2930 3255 2987 3309 in
3037 3255 3211 3322 caelis,
3252 3255 3477 3311 dicens:
3563 3259 3572 3267 '

1915 3347 1961 3403 0
1993 3357 2048 3400 ιιι
2084 3347 2198 3417 qui‘
2223 3354 2429 3416 petram
2478 3356 2805 3415 pratruptam
2855 3344 3199 3414 impressisti,
3226 3355 3281 3400 et
3312 3361 3377 3401 ex
3416 3362 3478 3401 ea

1916 3454 2112 3509 aquam
2140 3438 2405 3494 scaturire
2443 3434 2639 3501 fecisti,
2677 3444 2735 3492 et
2756 3437 3034 3507 populum,
3060 3440 3151 3507 qui
3180 3438 3478 3500 deﬁciebat,

1916 3544 2055 3597 aqua
2091 3528 2288 3599 potasti
2331 3529 2390 3594 ',
2423 3527 2564 3583 hanc
2611 3542 2828 3598 quoque
2873 3537 3073 3584 terram
3108 3529 3377 3599 imprime.
3428 3545 3482 3585 et

1918 3620 2003 3675 fac
2038 3632 2095 3674 ut
2128 3635 2269 3690 aqua
2306 3634 2372 3672 ex
2420 3634 2482 3674 ea
2511 3621 2772 3675 scaturiat
2797 3628 3015 3690 propter
3044 3620 3281 3675 ﬁdelium
3312 3622 3481 3676 homi-

1916 3726 2046 3763 num
2075 3709 2483 3764 habitationem.
2521 3706 2658 3763 Cum
2705 3710 2822 3764 haec
2852 3710 3079 3766 dixisset
3122 3709 3480 3782 Epiphanius.
3510 3768 3516 3773 ,

1919 3798 2097 3853 bonus
2121 3797 2344 3867 quidam
2369 3796 2508 3852 odor
2530 3795 2632 3850 fuit
2660 3798 2714 3850 in
2741 3797 2835 3850 illo
2867 3796 3260 3867 loco.Cumque
3288 3815 3347 3856 se
3369 3816 3482 3855 rur—

1918 3905 2013 3945 sus
2041 3897 2123 3943 ter
2146 3903 2310 3958 super
2337 3897 2538 3943 terram
2566 3887 2903 3953 inclinasset,
2934 3895 2988 3941 et
3001 3897 3210 3942 orasset
3244 3885 3478 3958 Epipha-

1918 3980 2072 4045 nius,
2094 3989 2316 4049 accepto
2347 3978 2526 4049 ligone
2563 3976 2798 4033 turbavit
2833 3986 3053 4044 terram,
3075 3986 3128 4031 et
3146 3992 3271 4033 ecce
3292 3994 3481 4049 parum

1919 4087 2074 4143 aquae
2091 4071 2360 4127 scaturiit.
2385 4070 2589 4126 Deinde
2609 4085 2733 4125 cum
2760 4083 2953 4123 rursus
2972 4069 3266 4133 turbasset,
3301 4072 3484 4126 uberi-

245 4153 420 4223 ράξας
472 4154 995 4226 πλουσιοποτάμιτος
1042 4157 1256 4225 ἐγένετο
1298 4158 1331 4226 ἡ
1379 4158 1591 4228 οἴκησις
1637 4160 1807 4231 ἡμῶν.

1923 4163 2024 4218 bus
2042 4162 2188 4217 ﬂuvii
2219 4161 2377 4231 aquis
2406 4170 2589 4215 nostra
2619 4159 2916 4214 abundavit
2944 4158 3225 4214 habitatio.
3255 4159 3485 4215 Eramus

249 4243 471 4314 Ἧμεθα
511 4245 569 4298 δὲ
612 4248 670 4298 ἐν
702 4245 780 4317 τῷ
823 4246 973 4317 τόπῳ
1019 4247 1213 4319 ἐκείνῳ
1246 4248 1629 4321 ἡσυχάζοντες,
1655 4251 1818 4315 αὐτὸς

245 4333 346 4386 καὶ
391 4333 521 4401 ἐγώ.
568 4335 626 4387 '0
657 4330 750 4388 οὖν
791 4334 923 4400 Θεὸς
952 4339 986 4390 ὁ
1007 4337 1428 4400 Marathum»
1454 4342 1671 4411 χόρτον
1695 4342 1819 4410 τοῖς

245 4422 531 4488 κτήνεσι,
565 4424 666 4479 καί
697 4426 893 4494 χλόην
924 4425 997 4495 τῇ
1037 4427 1281 4496 δουλείᾳ
1320 4430 1439 4483 τῶν
1472 4431 1817 4501 ἀνθρώπων,

249 4513 630 4584 ἐξαρδεύοντος
652 4514 747 4568 τοῦ
777 4515 964 4579 ὓδατος
990 4517 1086 4589 τὴν
1109 4519 1211 4589 γῆν
1240 4520 1453 4575 ἃπασαν
1479 4523 1713 4595 ἐκείνην,
1751 4527 1818 4596 τῇ

249 4604 546 4675 προστάξει
573 4605 667 4659 τοῦ
697 4608 785 4660 ἀεὶ¹
811 4610 1203 4679 προνοουμένου
1232 4612 1326 4665 τοῦ
1359 4612 1696 4685 ἀνθρωπίνου
1729 4616 1825 4684 γέ-

248 4712 393 4761 νους,
426 4697 683 4766 ἐξέφυσεν
723 4700 755 4768 ἡ
787 4698 857 4769 γῆ
897 4698 1097 4769 πλῆθος
1131 4701 1377 4772 λαχάνων
1420 4704 1501 4766 είς
1528 4704 1825 4760 ἀπόλαυσιν

248 4789 345 4840 καὶ
371 4788 668 4873 διατροφὴν
694 4789 869 4861 ἡμῶν,
900 4788 1073 4845 Τινῶν
1110 4791 1166 4845 δὲ
1199 4792 1403 4864 θηρίων
1442 4795 1827 4867 ἐπερχομένων

250 4876 612 4941 τούτοις,’καὶ
642 4880 742 4950 την
786 4880 1000 4934 ἃπασαν
1044 4881 1207 4953 χλόην
1245 4884 1631 4952 ἀφανιζόντων,
1673 4886 1823 4940 Ἐπι-

252 4970 442 5037 eius;
478 4970 607 5043 ἔστη
656 4970 840 5024 ἐπάνω
884 4971 991 5025 τῶν
1028 4971 1307 5042 λαχάνων,
1342 4973 1435 5027 καὶ
1476 4976 1588 5036 τοῖς
1615 4974 1821 5046 θηρίοις

250 5061 519 5130 διελέγετο
540 5061 616 5126 ὡς
642 5061 948 5134 ἀνθρώποις
975 5062 1147 5130 λέγων
1168 5078 1181 5092 ·
1213 5064 1301 5135 Μή
1333 5080 1421 5134 μοι
1454 5064 1655 5129 κόπους
1683 5083 1825 5137 παρ..

254 5153 403 5220 έχετε
427 5170 441 5183 ο
487 5151 772 5225 ἄνθρωπος
823 5152 929 5223 γὰρ
970 5153 1288 5223 ἁμαρτωλὸς
1329 5154 1422 5207 καὶ
1447 5154 1661 5225 πτωχός
1688 5157 1822 5226 είμι.

249 5246 349 5297 Διὰ
396 5244 456 5296 τδ
498 5244 697 5316 πλῆθος
741 5240 834 5297 οὖν
878 5243 985 5296 τῶν
1030 5242 1311 5314 ἁμαρτιῶν
1345 5261 1446 5313 μου
1492 5245 1609 5314 είμὶ
1652 5246 1713 5299 ὲν
1752 5245 1828 5316 τῷ

326 5427 347 5456 ⁸
390 5425 558 5480 Exod.
595 5425 777 5489 xvn,l
821 5439 941 5495 sqq.
1020 5422 1040 5455 ⁸
1073 5420 1213 5477 Psal.
1249 5408 1482 5489 currit.

1924 4263 2101 4307 autem
2132 4254 2185 4306 in
2211 4266 2277 4307 eo
2304 4252 2426 4305 loco
2451 4250 2689 4321 quietem
2728 4259 2970 4320 agentes,
2993 4250 3109 4320 ipse
3130 4258 3314 4320 ctego.
3345 4252 3486 4306 Deus

1926 4356 2073 4407 vero,
2103 4341 2193 4411 qui
2233 4339 2476 4410 producit
2516 4338 2694 4408 fenum
2722 4337 2998 4407 iumentis,
3037 4347 3085 4392 et
3125 4338 3337 4393 herbam
3372 4356 3485 4394 ser-

1924 4432 2077 4486 vituti
2118 4431 2385 4485 hominum
2416 4430 2460 4497 ³,
2510 4429 2771 4500 irrigante
2815 4444 2956 4499 aqua
2986 4437 3152 4483 totam
3193 4428 3342 4483 illam
3385 4439 3486 4485 ter-

1926 4538 2063 4589 ram,
2087 4522 2242 4592 jussu
2273 4521 2412 4591 ejus,
2444 4520 2538 4591 qui
2588 4535 2803 4591 semper
2848 4535 3035 4576 curam
3082 4519 3221 4591 gerit
3262 4520 3486 4576 humani

1922 4614 2157 4683 generis,
2204 4612 2459 4683 produxit
2516 4626 2547 4666 e
2595 4620 2737 4667 terra
2794 4611 3194 4666 multitudinem
3252 4613 3483 4675 olerum,

1922 4704 2123 4775 quibus
2163 4719 2263 4759 nos
2302 4703 2607 4758 lrueremur
2636 4712 2690 4759 et
2728 4704 3021 4758 aleremur.
3074 4703 3208 4755 Cum
3240 4702 3485 4773 quaedam

1921 4806 2101 4851 autem
2137 4794 2250 4852 fera
2280 4795 2348 4850 ad
2376 4811 2439 4851 ea
2462 4795 2712 4851 venirent
2733 4795 3012 4860 animalia,
3039 4803 3094 4848 et
3114 4794 3347 4849 virorem
3377 4810 3489 4849 om-

1926 4906 2048 4945 nem
2071 4905 2256 4946 earum
2287 4889 2555 4952 tollerent,
2587 4887 2919 4957 Epiphanius
2946 4887 3095 4943 stetit
3122 4901 3284 4956 supra
3318 4888 3487 4951 olera,

1928 4987 1982 5033 et
2000 4978 2255 5033 disseruit
2278 4992 2401 5031 cum
2426 4975 2574 5041 feris,
2609 4985 2865 5044 tanquam
2896 4990 3019 5029 cum
3047 4973 3377 5037 hominibus.
3401 4974 3489 5028 di-

1928 5082 2058 5122 cens
2093 5086 2105 5120 :
2135 5064 2313 5121 Nolite
2350 5065 2484 5119 mihi
2520 5064 2775 5118 exhibere
2804 5061 3104 5119 molestiam
3134 5077 3150 5117 ι
3186 5078 3304 5120 sum
3342 5063 3492 5117 enim

1929 5158 2094 5213 homo
2144 5166 2392 5228 peccator
2438 5164 2493 5210 et
2536 5170 2761 5226 pauper.
2810 5153 3034 5225 Propter
3087 5151 3498 5209 multitudinem

1933 5259 2110 5305 autem
2140 5263 2382 5303 meorum
2412 5257 2753 5319 peccatorum
2783 5261 2903 5302 sum
2931 5246 3120 5315 lugens
3149 5245 3201 5301 in
3219 5243 3321 5298 hoc
3348 5242 3507 5307 loco,

3400 5878 3416 5891 -
3484 5792 3972 5961 Γ
