3972 6070
488 133 550 194 t7
619 145 641 155 ὀ
1444 156 1450 160 -
1771 133 1826 185 ε.
1871 120 2212 185 El‘ll’llANll
2264 122 2442 185 Vtt'A.

3648 136 3736 217 ts

485 256 699 311 Si'l'orte
730 254 863 308 mihi
915 253 1055 306 Deus
1108 265 1228 306 mea
1286 260 1507 321 peccata
1562 252 1853 306 condonet.
1911 250 2047 320 Ipse,

2154 250 2301 321 τόπῳ
2334 252 2507 321 τούτῳ
2555 250 2789 303 πενθῶν·
2832 253 2860 302 6
2898 250 3027 321 θεὸς
3069 243 3125 301 δὲ
3172 249 3444 319 παρέσχεν
3489 268 3577 321 μοι
3621 252 3715 323 τὴν

486 349 580 417 qui
611 348 713 402 hoc
757 346 891 401 mihi
921 345 1131 400 olerum
1162 345 1395 415 prabuit
1427 345 1683 398 solatium
1726 345 1791 398 ad
1823 345 2054 398 alimen-

486 440 809 504 tttm,‘v‘obis
864 439 1108 510 praecipit
1156 453 1224 492 ne
1269 438 1504 505 amplius
1532 436 1765 491 veniatis
1808 435 1861 489 in
1908 436 2055 491 hunc

487 533 691 595 locum,
733 540 835 586 nec
871 545 1020 586 meas
1056 529 1253 584 herbas
1298 528 1525 584 laedatis.
1584 527 1840 598 Agrestes
1874 536 2054 581 autem

482 622 613 677 ferae
636 636 761 677 cum
793 622 908 676 hinc
954 620 1254 675 audiissent
1281 619 1351 675 ab
1392 605 1719 690 Epiphanio,
1761 618 1907 672 velut
1953 620 2054 672 ho-

481 713 661 768 mines
698 710 992 767 sentientes
1041 710 1226 780 siqua
1260 710 1312 764 in
1358 725 1419 765 re
1466 709 1663 780 majori
1711 709 1972 769 larserint,
2001 717 2056 763 et

482 801 1232 873 reprehensionepudefacti,
1265 803 1345 858 sic
1374 802 1582 872 pudore
1626 800 1832 858 ali‘ectae
1869 801 2055 856 bestia:

483 895 735 965 protinus
767 902 1131 959 recesserunt,
1158 902 1213 949 et
1238 909 1300 949 ex
1334 895 1426 949 illo
1471 894 1560 950 die
1604 910 1710 948 non
1758 894 2053 964 appropin-

488 994 729 1053 quartmt
757 983 991 1053 amplius
1022 984 1144 1039 loco
1172 994 1376 1040 nostro.
1403 985 1707 1039 Audierunt
1729 1000 1856 1039 vero
1885 983 2052 1039 Sara-

485 1072 624 1132 ceni.
659 1071 754 1143 qui
800 1073 994 1128 cellam
1027 1073 1188 1129 nobis
1231 1084 1645 1142 exstruxerant,
1676 1077 1890 1131 venisse
1926 1074 2051 1145 Epi-

484 1163 743 1229 phanium
796 1177 859 1219 ex
911 1163 1154 1231 Perside,
1204 1173 1260 1220 et
1315 1174 1684 1231 accesserunt,
1731 1176 1790 1220 ut
1830 1165 2053 1221 benedi-

485 1254 717 1329 ctionern
746 1254 814 1309 ab
838 1269 903 1309 eo
930 1257 1255 1325 acciperent.
1290 1255 1724 1312 Editicaverunt
1750 1266 1931 1311 autem
1957 1272 2053 1312 no-

483 1342 570 1399 bis
603 1352 715 1400 tres
750 1345 886 1400 alias
933 1346 1169 1401 domos:
1221 1346 1423 1416 quippe
1469 1347 1564 1416 qui
1613 1347 1896 1402 nobiseum
1929 1362 2052 1402 ver-

486 1437 585 1489 sati
622 1443 750 1488 sunt
774 1445 1008 1504 quatuor
1032 1452 1267 1501 menses,
1304 1447 1358 1490 et
1383 1445 1729 1492 recesserunt
1759 1437 1814 1492 in
1845 1453 1944 1493 sua
1979 1438 2052 1492 lo-

483 1539 567 1579 ca.
595 1524 852 1579 Auditum
883 1534 967 1580 est
992 1536 1170 1581 autem
1224 1528 1278 1581 in
1315 1536 1430 1582 tota
1463 1525 1762 1594 thnicia,
1810 1527 2047 1597 Epipha-

2162 326 2506 413 παραμυθίαν
2528 341 2728 411 ταύτην
2752 341 2859 397 τῶν
2887 340 3132 411 λαχάνων
3165 340 3245 402 είς
3276 339 3595 412 διατροφήν·
3628 343 3715 396 καὶ

2157 431 2317 496 αὐτὸς
2362 434 2489 502 ὑμῖν
2521 431 2888 504 παραγγέλλει
2925 432 3119 503 μηκέτι
3160 429 3333 484 ἐλθεῖν
3361 431 3420 483 ἐν
3445 431 3523 502 τῷ
3549 433 3711 504 τόπῳ,

2157 524 2248 577 καὶ
2277 523 2689 602 καταὸλάπτειν.
2707 540 2805 593 μου
2830 524 2928 593 τὴν
2953 521 3135 593 χλόην.
3165 522 3245 575 Τὰ
3266 522 3324 576 δὲ
3360 523 3526 592 ἄγρια
3554 523 3715 576 ἀκού-

2157 632 2325 669 σαντα
2374 616 2545 668 ταῦτα
2602 614 2750 687 παρὰ
2818 613 3162 682 Ἐπιφανίου,
3212 612 3401 685 ὥσπερ
3448 614 3717 685 ἄνθρωποι

2156 705 2598 776 εὐαισθητοῦντες
2640 706 2734 759 ἐάν
2778 704 3019 773 σφαλῶσι
3065 706 3149 773 ἐφ’
3195 705 3275 756 ἐνὶ
3321 702 3428 756 τῶν
3474 704 3719 774 μεγάλων

2156 798 2248 850 καὶ
2284 796 2625 866 ἐλεγχόμενοι
2666 794 3061 866 διατραπῶσινο
3100 793 3273 856 οὕτως
3302 795 3370 849 τά
3401 794 3562 865 θηρία
3592 812 3719 848 κατ-

2153 887 2495 962 ῃσχύνθησαν
2521 887 2629 940 ἀπὸ
2658 886 2765 940 τῶν
2792 886 2964 954 λόγων
3009 885 3324 954 Ἐπιφανίου
3341 925 3356 946 ,
3388 887 3483 939 καὶ
3513 884 3718 955 ἀνεχώ-

2157 996 2328 1051 ρησαν
2362 978 2582 1042 εὐθέως.
2628 980 2723 1032 καὶ¹
2759 977 2868 1031 ἀπὸ
2903 977 3011 1047 τῆς
3037 977 3251 1048 ἡμέρας
3294 977 3505 1047 ἐκείνης
3536 976 3718 1030 ούκέτι

2153 1072 2387 1141 ῆγγισαν
2420 1069 2497 1140 τῷ
2532 1070 2682 1141 τόπῳ
2727 1070 2900 1140 ἡμῶν.
2946 1068 3299 1131 Ἀκούσαντες
3338 1068 3397 1122 δὲ
3426 1070 3474 1121 οἱ
3505 1068 3719 1138 Σάρρα-

2154 1162 2308 1232 κηνοὶ
2353 1162 2401 1213 οἱ
2444 1160 2892 1230 οἰκοδομήσαντες
2921 1161 3053 1230 ἡμῖν
3089 1159 3151 1212 τὸ
3189 1159 3417 1222 κελλίον,
3448 1158 3529 1212 ὅτι
3558 1155 3718 1229 ἦλθεν

2164 1252 2475 1322 Ἑπιφάνιος
2501 1252 2609 1305 ἀπὸ
2647 1251 2923 1322 Περσίδος,
2963 1250 3318 1322 παρεγένοντο
3346 1251 3437 1303 ἐπὶ
3465 1250 3721 1321 συντυχία

2150 1435 2207 1488 δὲ
2236 1437 2367 1507 ἡμῖν
2398 1436 2588 1499 ἀλλους
2630 1439 2778 1505 τρεῖς
2806 1434 3017 1499 οἴκους,
3060 1435 3383 1503 ποιήσαντες
3415 1433 3530 1503 μεθ’
3562 1434 3721 1503 ἡμῶν

2156 1527 2347 1598 μῆνας,
2379 1529 2471 1579 καὶ
2501 1528 2651 1579 αὐτοὶ
2683 1525 3054 1596 ἐπορεύθησαν
3081 1525 3140 1576 ἐν
3163 1526 3274 1586 τοῖς
3301 1523 3493 1586 τόποις.
3536 1523 3721 1575 Ἠκού-

485 1616 634 1672 nium
649 1617 894 1673 habitare
923 1619 975 1672 in
1003 1617 1364 1690 Spanhydrio.
1392 1619 2047 1691 Congregatisuntitaque

2159 1618 2258 1688 σθη
2301 1619 2356 1672 δὲ
2399 1607 2479 1682 εἰς
2519 1619 2645 1690 ὅλην
2674 1620 2771 1688 τὴν
2802 1617 2954 1671 πόλιν
2985 1616 3103 1687 (τὴν
3137 1614 3429 1684 Φοινίκην),
3453 1614 3534 1668 ὃτι
3570 1615 3721 1668 Ἐπι-

483 1709 577 1763 alii
619 1724 837 1780 quoque
880 1709 1076 1765 tratres
1123 1711 1177 1764 in
1227 1712 1585 1767 monasterio.
1648 1711 1879 1770 Eramus
1921 1726 2051 1768 vero

483 1817 673 1857 onntes
698 1816 920 1857 numero
944 1802 1335 1873 quinquaginta
1357 1803 1459 1874 (a).

1276 1886 1334 1932 ‘9

554 1983 673 2039 XX.
709 1985 953 2051 Quodam
1005 1994 1184 2050 autem
1223 1987 1310 2042 die
1346 1987 1440 2041 ivit
1467 1987 1802 2059 Epiphanius
1837 1989 1892 2042 in
1928 2004 2048 2042 mo-

485 2077 780 2132 nasterium
808 2077 1002 2147 magni
1034 2075 1330 2131 Hilarionis
1362 2076 1428 2131 ad
1461 2078 1716 2132 visendos
1756 2076 1971 2140 fratres,
1998 2086 2051 2132 et

483 2182 583 2238 ego
617 2183 737 2222 sum
761 2182 885 2223 eum
907 2183 973 2222 eo
996 2167 1292 2238 profectus.
1329 2168 1780 2239 Exceperuntque
1810 2185 1909 2224 nos
1937 2168 2050 2223 fra-

484 2267 593 2312 tres
623 2273 746 2313 eum
784 2274 981 2329 magno
1008 2260 1225 2328 gaudio,
1280 2269 1334 2315 et
1370 2276 1470 2315 nos
1512 2262 1715 2316 multos
1764 2261 1882 2316 dies
1923 2261 2051 2315 reti-

484 2358 739 2403 nuerunt.
798 2344 1057 2403 Diabolus
1109 2358 1312 2414 autem,
1354 2351 1445 2419 qui
1504 2351 1573 2405 ab
1624 2351 1779 2405 initio
1819 2359 1904 2405 est
1957 2349 2048 2404 Dei

484 2454 760 2494 servorum
793 2439 1160 2503 adversarius,
1198 2441 1411 2510 accepit
1452 2441 1697 2496 habitum
1738 2440 2046 2512 Epiphanii,

483 2540 534 2583 ιιι
587 2528 731 2582 venit
785 2529 837 2582 in
894 2530 1303 2596 monasterium,
1360 2532 1504 2601 quod
1555 2541 1780 2587 vocatur
1801 2531 2049 2604 Spanhy-

482 2616 659 2670 drion.
688 2616 788 2671 Cui
834 2617 1009 2673 factus
1046 2618 1259 2673 obviam
1309 2619 1476 2675 frater
1528 2636 1592 2675 ex
1643 2621 1731 2687 iis,
1772 2621 1864 2691 qui
1894 2630 2050 2675 erant

484 2704 642 2772 paulo
667 2707 1100 2776 ncgligentiores,
1135 2707 1401 2772 cucurrit,
1428 2704 1493 2762 ad
1528 2722 1653 2761 eum
1678 2706 2046 2761 adorandum:

482 2806 533 2848 et
554 2795 752 2851 cadens
779 2794 832 2849 in
867 2805 1064 2850 terram
1097 2797 1344 2852 adoravit
1392 2797 1688 2867 pessimum
1721 2797 2046 2853 daemonem.

483 2883 545 2939 Et
580 2885 802 2939 intravit
841 2886 894 2940 in
936 2885 1151 2956 ipsum:
1192 2902 1368 2956 neque
1417 2895 1627 2956 poterat
1660 2888 1826 2942 teneri
1858 2902 1889 2941 a
1942 2885 2048 2940 fra-

2159 1710 2346 1779 φάνιος
2401 1713 2458 1763 ἐν
2514 1710 2831 1781 Σπανυδρίῳ
2896 1709 3157 1761 κατοικεῖ.
3219 1706 3565 1776 Συνήχθησαν
3629 1704 3723 1761 οὖν

2157 1800 2302 1854 ἄλλοι
2336 1800 2552 1870 ἀδελφοὶ
2582 1802 2639 1854 ἐν
2669 1800 2745 1871 τῷ
2767 1783 3144 1871 ’μοναστηρίιιλ
3176 1796 3393 1866 Ἥμεθα
3423 1797 3481 1850 δὲ
3506 1799 3554 1850 oi
3583 1799 3722 1852 πάν-

2156 1910 2267 1959 τες,
2296 1893 2387 1945 τὸν
2413 1892 2639 1962 ἀριθμὸν
2687 1900 2755 1964 η’.

2228 1986 2313 2037 Κ’.
2355 1984 2653 2056 Ἐπορεύθη
2700 1981 2793 2038 οὖν
2847 1985 3159 2055 Ἑπιφάνιος
3201 1990 3259 2042 ἐν
3305 1987 3403 2059 μιᾷ
3435 1983 3618 2054 ἡμέρα
3669 1983 3724 2034 ἐν

2155 2075 2232 2140 τῷ
2271 2075 2613 2146 μοναστηρίῳ
2649 2075 2741 2128 τοῦ
2780 2076 3012 2145 μεγάλου
3054 2077 3354 2149 Ἱλαρίωνος
3384 2077 3462 2137 είς
3504 2073 3722 2125 ἐπίσκε-

2154 2164 2248 2234 ψιν
2281 2164 2387 2217 τῶν
2417 2164 2679 2233 ἀδελφῶν·
2717 2167 2810 2233 καὶ
2849 2166 3148 2237 ἐπορεύθην
3177 2165 3331 2234 κάγὼ
3378 2164 3494 2235 μετ’
3533 2159 3725 2214 αὑτοῦ.

2156 2253 2264 2307 Καὶ
2290 2254 2614 2320 ἀπεδέξαντο
2647 2256 2792 2324 ἡμᾶς
2835 2257 2884 2308 oi.
2916 2255 3135 2325 ἀδελφοὶ
3181 2257 3316 2327 μετά
3348 2256 3524 2327 χαρᾶς
3554 2253 3729 2323 μεγά-

2156 2344 2271 2415 λης,
2308 2345 2402 2398 καὶ
2430 2348 2677 2415 κατεῖχον
2705 2347 2849 2417 ἡμᾶς
2873 2348 3084 2419 ἡμέρας
3118 2340 3335 2410 πολλάς.
3376 2349 3432 2400 '0
3466 2342 3557 2399 οὖν
3602 2345 3715 2398 διά-

2156 2435 2329 2498 ϐολος,
2374 2438 2403 2488 6
2451 2434 2510 2500 ἐξ
2556 2438 2727 2507 ἀρχῆς
2779 2438 3148 2508 ἀντικείμενος
3207 2441 3318 2501 τοῖς
3366 2437 3571 2500 δούλοις
3625 2434 3726 2488 τοῦ

2156 2524 2310 2591 Θεοῦ,
2347 2526 2534 2580 ἐλαϐεν
2585 2529 2898 2597 Ἐπιφανίου
2944 2528 3004 2581 τὸ
3052 2520 3268 2600 σχῆμα,
3302 2530 3396 2582 καὶ⁵
3419 2527 3727 2599 ἀπέρχεται

2156 2618 2212 2669 ὲν
2256 2616 2332 2686 τῷ
2385 2618 2727 2689 μοναστηρίῳ
2784 2617 2863 2688 τῷ
2925 2619 3332 2691 ἐπικαλουμένῳ
3381 2617 3726 2689 Σπανυδρίῳ.

2156 2706 2497 2779 Συναντήσας
2545 2707 2602 2761 δὲ
2662 2707 2811 2778 αὐτῷ
2863 2703 3088 2777 ἀδελφὸς
3139 2708 3248 2763 τῶν
3310 2708 3732 2780 ἀμελεστέρων,

2155 2798 2383 2870 ἔδραμεν
2413 2800 2492 2861 είς
2538 2798 2902 2870 προσκύνησιν
2930 2796 3114 2853 αὐτοῦ.
3156 2798 3265 2852 Καὶ
3311 2799 3374 2871 δὴ
3420 2798 3599 2853 πεσὼν
3628 2798 3731 2851 ἐπὶ

2154 2892 2251 2963 τὴν
2278 2884 2381 2961 γῆν
2410 2890 2813 2962 προσεκύνησεν
2842 2891 2919 2962 τῷ
2947 2891 3316 2963 πονηροτάτῳ
3336 2891 3568 2962 δαίμονι.
3608 2891 3733 2944 Καὶ

481 2974 671 3029 tribus.
711 2973 855 3028 Dixit
901 2954 1081 3029 autem
1121 2954 1455 3045 Epiphanius
1497 2991 1695 3047 magno
1746 2975 2047 3031 Hilarionl:

2154 2954 2395 3054 εἰσῆλθεν
2422 2954 2502 3046 είς
2535 2954 2722 3036 αὐτόνἰ
2759 2982 2853 3037 καὶ
2890 2954 2961 3055 ἦν
2990 2954 3295 3053 ἀκράτητος
3339 2983 3396 3035 ἐν
3423 2954 3534 3045 τοῖς
3565 2980 3730 3036 ἀδελ-

482 3062 658 3131 Pater,
699 3065 862 3135 lupus
911 3066 1190 3135 ingressus
1214 3075 1297 3121 est
1332 3068 1745 3131 monasterium.
1784 3076 1838 3122 et
1866 3068 2052 3122 turba-

481 3156 561 3208 vit
610 3154 827 3211 fratres.
876 3157 1014 3212 Cum
1052 3157 1167 3213 hare
1200 3167 1379 3213 autem
1429 3158 1654 3213 dixisset
1692 3159 2049 3229 Epiphanius,

481 3253 535 3297 et
581 3260 773 3301 omnes
825 3253 971 3302 esset
1004 3248 1310 3317 amplexus,
1366 3248 1506 3301 viam
1562 3249 1806 3304 iniimus.
1852 3246 2052 3304 Tribus

482 3335 647 3405 igitur
693 3337 992 3408 aliquando
1048 3339 1269 3393 rusticis
1325 3339 1587 3409 ingressis
1636 3342 2047 3405 monasterium,

479 3428 775 3483 darmonem
808 3428 1146 3483 immundum
1182 3445 1324 3485 unus
1351 3430 1558 3484 habuit.
1594 3430 1711 3484 Duo
1748 3439 1927 3486 autem
1959 3446 2050 3486 ro-

480 3518 678 3589 gabant
707 3533 806 3587 pro
853 3532 938 3581 eo,
978 3519 1070 3585 qui
1122 3519 1357 3574 habebat
1404 3519 1742 3575 immundum
1776 3521 2047 3590 spiritum,

481 3609 727 3665 dicentes
754 3628 767 3665 :
803 3608 905 3663 Fer
935 3623 1091 3678 Opem
1121 3609 1272 3665 fratri
1305 3620 1510 3666 nostro.
1542 3610 1695 3667 Tunc
1716 3612 2050 3682 Epiphanius

485 3699 622 3752 dixit
653 3700 771 3754 eis:
828 3700 1088 3768 Accipite,
1141 3700 1266 3765 ﬁlii,
1308 3710 1551 3756 vestrum
1599 3702 1851 3764 amicum,
1888 3712 1941 3757 et
1979 3703 2050 3758 ite

481 3791 533 3844 in
564 3807 714 3861 pace.
747 3792 804 3845 ln
849 3792 1069 3847 nomine
1096 3793 1239 3847 enim
1288 3790 1415 3849 Jesu
1445 3792 1647 3849 Christi
1700 3795 1835 3849 nihil
1868 3805 1950 3851 est
1992 3797 2047 3850 in

479 3896 544 3935 eo
594 3881 741 3937 mali.
776 3883 911 3945 Cum
966 3883 1067 3951 ipsi
1122 3893 1303 3938 autem
1376 3883 1736 3941 credidissent
1783 3886 1831 3940 ei
1901 3886 2047 3957 quod

478 3972 685 4027 dixerat
733 3972 1106 4043 Epiphanius,
1158 3975 1292 4029 abiit
1342 3977 1508 4030 homo
1538 3990 1705 4031 sanus
1762 3977 1815 4031 in
1866 3977 2045 4032 locum

478 4078 658 4116 suum.

545 4329 684 4383 XXI.
727 4329 861 4381 Cum
907 4339 1050 4382 esset
1083 4338 1260 4383 autem
1305 4329 1596 4401 aliquando
1632 4330 1716 4385 leo
1751 4331 1801 4384 in
1848 4331 2041 4385 solitu-

477 4422 602 4477 dine
635 4421 700 4475 ad
729 4402 1127 4491 sexagesimum
1156 4416 1386 4492 lapidem
1412 4439 1441 4476 a
1466 4432 1652 4478 nostro
1683 4425 2037 4489 monasterio,

478 4512 679 4567 latebat
732 4512 785 4565 in
832 4512 1005 4575 silva,
1055 4521 1109 4566 et
1151 4514 1429 4567 occidebat
1471 4515 1671 4569 multos
1719 4530 1785 4569 ex
1837 4516 1905 4572 iis
1948 4517 2043 4585 qui

376 4592 395 4609 ’
478 4603 844 4672 praeteribant.
896 4601 1131 4672 Eratque
1182 4603 1269 4658 hic
1312 4603 1465 4660 locus
1512 4615 1672 4675 aptus
1716 4607 2037 4664 viatoribus.

481 4695 665 4749 Coacti
702 4694 866 4764 igitur
918 4708 1136 4753 omnes,
1182 4695 1273 4764 qui
1325 4695 1571 4750 solebant
1626 4711 1719 4766 per
1770 4697 1921 4753 illum
1954 4700 2038 4754 lo-

479 4800 602 4838 cum
639 4784 880 4853 ingredi,
917 4794 1181 4838 venerunt
1218 4785 1282 4839 ad
1318 4783 1675 4855 Epiphaniam
1732 4787 1788 4841 in
1844 4788 2035 4845 mona-

478 4874 724 4940 sterium,
753 4874 993 4950 dicentes
1024 4875 1072 4929 ei
1099 4876 1165 4930 de
1213 4876 1436 4931 animali
1482 4878 1625 4933 etde
1654 4879 1774 4949 ejus
1808 4881 2033 4946 saevitia,

477 4973 528 5020 et
564 4966 707 5036 quod
737 4966 890 5022 locus
921 4967 1151 5023 evaserit
1190 4966 1577 5033 inhabitabilis,
1618 4978 1673 5025 et
1702 4970 1847 5040 quod
1876 4987 2037 5027 nemo

446 5052 451 5055 ’
479 5071 575 5127 per
610 5073 733 5111 eum
780 5061 952 5128 possit
997 5061 1230 5116 transire
1278 5068 1496 5131 propter
1528 5071 1731 5117 metum
1764 5064 1957 5130 leonis,
1989 5073 2044 5118 et

476 5149 619 5221 quod
655 5165 779 5205 cum
813 5152 925 5221 ipse
967 5154 1167 5207 multos
1198 5154 1445 5210 homines
1490 5155 1803 5224 perdiderit,
1846 5157 2040 5228 reliqui

476 5241 748 5311 perterriti
781 5256 885 5296 non
913 5242 1145 5297 audeant
1172 5245 1402 5314 amplius
1435 5262 1529 5315 per
1570 5246 1748 5303 locum
1783 5250 2036 5307 transire.

550 5498 626 5570 (α)
666 5498 849 5553 Griece
888 5506 1022 5552 octo.

2153 3076 2292 3143 ιροῖς.
2326 3070 2490 3126 Εἶπεν
2515 3073 2572 3126 δὲ
2614 3075 2927 3144 Ἑπιφάνιος
2964 3074 3098 3140 πρὸς
3138 3075 3227 3128 τὸν
3263 3074 3432 3143 μέγαν
3474 3073 3732 3143 ἰλαρίω-
3796 3077 3803 3085 ’

2151 3182 2244 3220 να·
2292 3165 2465 3229 Λύκος
2508 3165 2846 3238 ἐπεισῆλθεν,
2892 3166 3193 3237 Πάτερμέν
3234 3164 3310 3235 τῷ
3349 3163 3733 3236 μοναστηρίῳ,

2151 3257 2430 3327 ἐτάραξεν,
2458 3255 2743 3310 ἐσάλευσεν
2768 3256 2972 3318 πάντας
2995 3257 3116 3318 τοὺς
3145 3252 3424 3323 ἀδελφούς.
3451 3252 3638 3305 Ταῦτα
3666 3252 3736 3332 δὲ

2151 3345 2319 3400 είπὼν
2363 3347 2672 3414 Ἐπιφάνιος
2711 3344 3094 3414 ἀσπασάμενος
3127 3343 3391 3407 ἅπαντας,
3425 3341 3738 3412 ἐξήλθομεν

2149 3439 2249 3508 τὴν
2280 3436 2398 3492 ὁδὸν
2424 3414 2578 3507 η’μῶν
2629 3435 2767 3490 Ποτέ
2793 3436 2924 3505 γοῦν
2956 3435 3121 3508 τριῶν
3155 3433 3424 3504 ἀγροίκων
3453 3431 3739 3484 εἰσελθόν-

2149 3546 2257 3582 των
2291 3530 2347 3581 ἐν
2375 3528 2452 3599 τῷ
2494 3527 2867 3598 μοναστηρίῳ,
2910 3524 3139 3596 δαίμονα
3171 3522 3477 3594 ἀκάθαρτον
3516 3518 3672 3592 εἶχεν
3706 3523 3740 3575 6

2150 3614 2247 3682 εἷς.
2305 3617 2426 3670 Τῶν
2471 3616 2563 3670 δύο
2612 3612 2705 3670 οὖν
2754 3615 3212 3688 παρακαλούντων
3256 3614 3348 3666 τὸν
3403 3612 3739 3681 Ἑπιφάνιον

2151 3710 2279 3780 περὶ
2311 3708 2403 3764 τοῦ
2433 3707 2493 3761 τὸ
2538 3708 2753 3779 πνεῦμα
2790 3707 3002 3777 ἔχοντος
3035 3706 3094 3759 τὸ
3139 3704 3467 3775 ἀκάθαρτον,
3503 3703 3597 3756 καὶ
3631 3702 3743 3756 λε-

2149 3802 2384 3870 γόντων
2439 3799 2713 3871 Βοήθησον
2763 3797 2841 3869 τῷ
2888 3797 3044 3869 ἡμῶν
3104 3796 3337 3865 ἑταίρῳ,
3400 3793 3742 3863 Ἐπιφάνιος

2149 3889 2300 3947 εἶπεν
2344 3894 2545 3956 αὐτοῖς’
2596 3891 2821 3952 Λάὁετε,
2867 3890 3050 3955 τέκνα,
3084 3889 3172 3942 τὸν
3212 3886 3363 3958 ὑμῶν
3406 3886 3590 3955 φίλον,
3627 3886 3745 3939 καὶ

2150 3983 2443 4055 πορεύεσθε
2495 3986 2553 4036 ἐν
2602 3982 2821 4054 εἰρήνῃ·
2872 3982 2930 4034 ἐν
2976 3980 3084 4053 γάρ
3136 3978 3213 4050 τῷ
3262 3978 3480 4047 ὀνόματι
3537 3977 3742 4048 Ἰησοῦ

2148 4075 2405 4148 Χριστοῦ,
2435 4075 2585 4128 οὐδὲν
2610 4073 2778 4127 κακὸν
2802 4074 2861 4125 ὲν
2886 4072 3054 4143 αὐτῷ.
3088 4069 3496 4124 Πιστευσάντων
3522 4067 3579 4120 δὲ
3620 4069 3745 4122 αὒ-

2148 4165 2255 4219 τῶν
2284 4165 2358 4235 τῷ
2389 4165 2530 4235 λόγῳ
2562 4162 2898 4232 Ἐπιφανίου,
2929 4161 3166 4234 ἀπῆλθεν
3189 4163 3217 4213 6
3248 4160 3527 4231 ἄνθρωπος
3553 4158 3745 4231 ὑγιὴς

2075 4279 2126 4339 ι)
2150 4258 2206 4311 ὲν
2230 4256 2307 4327 τῷ
2332 4256 2461 4325 οἴκῳ
2490 4253 2673 4309 αὑτοῦ.

2217 4348 2345 4400 KA'.
2404 4345 2541 4399 Ποτέ
2600 4342 2691 4399 οὖν
2746 4343 2957 4407 λέοντος
3006 4344 3339 4414 ὑπάρχοντος
3399 4344 3458 4395 ἐν
3519 4343 3747 4414 ἐρήμῳ

2144 4437 2313 4507 τόπῳ,
2342 4436 2414 4498 ὡς
2453 4434 2560 4488 ἀπὸ
2591 4434 2833 4505 σημείων
2870 4431 2910 4498 ξ’
2941 4433 3016 4504 τῷ
3046 4432 3202 4503 ἡμῶν
3240 4430 3613 4503 μοναστηρίῳ,
3659 4428 3747 4505 ἦν

2145 4532 2224 4590 εἰς
2256 4528 2388 4597 ὓλην
2428 4526 2809 4598 κεκρυμμένος
2831 4565 2846 4587 ,
2876 4527 2971 4579 καὶ
3003 4525 3232 4589 πολλοὺς
3262 4523 3372 4576 τῶν
3408 4522 3749 4593 ἀνθρώπων

2143 4618 2251 4671 τῶν
2274 4617 2697 4688 παρερχομένων
2728 4616 2804 4687 τῷ
2836 4615 2983 4685 τόπῳ
3007 4614 3198 4685 ἐκείνῳ
3223 4610 3502 4683 ἠφάνιζεν.
3520 4607 3642 4664 Ἦν
3676 4613 3749 4667 δὲ.

2144 4712 2173 4763 6
2206 4708 2367 4772 τόπος
2400 4704 2553 4771 οὗτος
2579 4708 2878 4778 ἐπιτήδειος
2914 4710 3025 4770 τοῖς
3061 4705 3375 4774 ὁδοιπόροις.
3408 4702 3754 4774 Συναχθέν-

2145 4821 2235 4868 τες
2273 4799 2367 4857 οὖν
2401 4804 2637 4866 ἅπαντες
2674 4803 2722 4855 oi
2767 4801 2863 4873 τὴν
2899 4802 3186 4872 συνήθειαν
3226 4799 3439 4871 ἔχοντες
3478 4798 3755 4869 βαδίζειν

2143 4894 2231 4947 διὰ
2260 4893 2354 4946 τοῦ
2383 4893 2548 4946 τόπου
2574 4894 2804 4956 ἐκείνου,
2832 4889 2994 4964 ἦλθον
3027 4892 3163 4965 πρὸς
3192 4893 3508 4961 Ἐπιφάνιον
3543 4892 3612 4944 ἐν
3654 4894 3759 4963 τῷ

2147 4984 2489 5056 μοναστηρίῳ
2510 5027 2523 5049 ,
2552 4984 2799 5054 λέγοντες
2827 4984 2974 5054 αύτῴ
3005 4984 3074 5037 τὰ
3116 4984 3246 5055 περὶ
3276 4981 3368 5035 τοῦ
3410 4979 3573 5045 ζῶον,
3632 4984 3759 5036 καὶ

2146 5078 2245 5147 τῆς
2274 5076 2500 5142 ἀταξίας
2532 5076 2696 5130 αὑτοῦ
2728 5076 2826 5148 τῆς
2868 5076 3109 5147 πονηρᾶς
3131 5091 3144 5105 ·
3176 5074 3268 5128 καὶ
3311 5074 3392 5126 ὃτι
3424 5070 3712 5142 ἀοίκητος
3739 5116 3759 5139 ,

2145 5167 2240 5220 καὶ
2261 5166 2458 5229 ἄϐατος
2485 5169 2512 5219 6
2532 5166 2693 5232 τόπος
2721 5167 2954 5236 ἐγένετο,
2973 5160 3018 5220 ὦ
3039 5166 3240 5237 Πάτερ,
3269 5163 3376 5217 ἀπὸ
3402 5160 3496 5216 τοῦ
3522 5161 3758 5230 φόϐου,

2147 5257 2331 5328 φησιν,
2352 5256 2445 5311 τοῦ
2467 5257 2697 5325 λέοντος,
2725 5260 2803 5312 ὅτι
2834 5257 3060 5321 πολλοὺς
3089 5254 3408 5327 ἀνθρώπους
3433 5250 3597 5306 διὼλε
3608 5269 3760 5320 ᾳεν.
