3866 6066
270 350 335 420 t9
1566 357 1624 411 s.
1664 357 2005 414 animum
2053 357 2229 414 VITA.
2758 423 2761 426 ς
3430 362 3501 416 so

260 476 372 533 Καὶ
394 477 443 529 οί
466 471 652 528 λοιποὶ
692 472 1010 543 πτοηθέντες
1054 471 1237 525 οὐκέτι
1285 471 1529 526 θέλουσιν
1560 474 1805 543 παράγειε

1934 474 2037 542 Qui
2076 490 2200 531 cum
2228 473 2295 530 de
2322 474 2492 530 leonis
2523 475 2809 530 insolentia
2844 468 3130 540 audiissct,
3165 476 3301 530 dixit
3327 478 3502 531 omni-

266 569 349 621 τδν
388 567 544 619 τόπον
580 566 807 618 ἐκεῖνον.
845 563 1108 628 ’Δκούσας
1142 563 1200 617 δὲ
1229 565 1547 632 Ἐπιφάνιος
1573 566 1702 637 περὶ
1727 566 1828 635 τῆς

268 658 477 723 ἀταξίας
512 655 606 708 τοῦ
631 656 861 719 λέοντος,
893 651 1048 709 εἶπεν
1077 657 1213 728 πρὸς
1248 655 1492 720 ἅπαντας
1527 659 1653 721 τοὺς
1686 675 1828 729 παρ-

266 749 517 811 εστῶταςο
550 749 830 817 Ἄγωμεν,
874 748 1037 818 φησὶν
1059 787 1076 812 ,
1107 748 1309 811 τέκνα,
1345 749 1438 801 ἐπὶ
1484 749 1562 820 τῷ
1602 750 1826 821 ὀνόματι

269 839 476 911 Κυρίου,
508 839 603 892 καὶ
629 838 873 910 ὀψόμεθα
912 840 1005 893 τὸν
1029 839 1220 893 λέοντα
1248 841 1343 894 τὸν
1373 841 1687 914 αίμοδόρον.
1714 844 1825 895 Λα·-

267 928 365 981 6ὼν
395 925 485 982 οὖν
513 929 534 980 ἒ
545 928 615 998 μὲ
642 914 980 996 Ἐπιςράνιος,
1017 927 1396 1000 ἐπορεύθημεν
1431 929 1571 999 μετά
1600 930 1709 983 τῶν
1736 933 1828 985 άν-

265 1018 499 1091 θρὼπων.
521 1018 823 1073 Ἐλθόντων
845 1019 902 1072 δὲ
930 1020 1109 1092 ἡμῶν,
1133 1020 1295 1073 ἔπεσε
1354 1022 1515 1091 φόϐος
1543 1010 1713 1091 μέγας
1734 1025 1826 1077 ἐπὶ

264 1111 452 1174 πάντας
480 1112 609 1173 τοὺς
639 1110 801 1175 ὄντας
829 1109 946 1180 μεθ’
985 1110 1163 1181 ήμῶν.
1199 1107 1367 1165 Εἶπεν
1411 1112 1469 1164 δὲ
1510 1112 1825 1180 Ἐπιφάνιος

263 1200 384 1270 πρὸς
414 1200 536 1263 τοὺς
565 1199 887 1272 ἀνθρώπους
906 1217 920 1230 ⁸
953 1199 1063 1253 Ποῦ
1082 1240 1096 1264 ,
1132 1201 1326 1271 φησὶν,
1376 1201 1541 1254 τέκνα
1564 1242 1578 1263 ,
1612 1202 1756 1255 ἐστιν

265 1290 561 1361 κατοίκησις
603 1291 698 1344 τοῦ
745 1291 1016 1359 λέοντοςλ
1038 1291 1157 1344 Τῶν
1202 1292 1257 1344 δὲ
1301 1293 1690 1358 ύποδειξάντων
1734 1295 1823 1348 τὸν

261 1383 424 1443 τ-ἆπον,
467 1381 681 1436 ἔϐαινεν
711 1383 1033 1450 Ἑπιφάνιος
1075 1382 1290 1453 πρῶτος
1340 1385 1575 1441 πάντων.
1614 1385 1722 1440 Τοῦ
1765 1387 1823 1439 δὲ

260 1474 450 1537 λέοντος
506 1474 780 1546 μηδέποτε
845 1475 1218 1546 βλεπομένου,
1274 1477 1460 1547 ἔλεγεν
1505 1479 1822 1548 Ἐπιφάνιος

262 1561 453 1634 μεγάλῃ
481 1565 545 1632 τῇ
582 1566 737 1634 φωνῇ
760 1579 773 1592 ·
815 1561 927 1619 Ποῦ
973 1561 1122 1616 ἔστιν
1167 1565 1228 1617 τὸ
1277 1568 1693 1638 κατοικητήριον
1725 1566 1819 1619 τοῦ

256 1652 473 1705 ἀτάκτου
500 1652 1153 1731 λέοντοςςἘξεπήδησεν
1203 1655 1269 1711 δὲ,
1302 1659 1330 1709 6
1378 1657 1516 1710 λέων
1565 1658 1673 1710 ἀπὸ
1720 1658 1819 1729 τῆς

260 1741 374 1811 ὕλης
405 1744 480 1805 εἰς
509 1744 837 1816 συνάντησιν
856 1744 1200 1814 Ἐπιφανίου.
1233 1742 1399 1812 Οὗτος
1432 1748 1489 1801 δὲ
1528 1748 1818 1803 ίδὼνἘπι-

1931 568 2034 622 bus
2083 565 2177 636 qui
2225 564 2449 620 aderant
2488 584 2502 619 :
2548 565 2749 621 Eamus
2811 566 2864 620 in
2908 568 3130 621 nomine
3175 566 3411 630 Domini,
3450 579 3503 622 et

1932 657 2210 712 videamus
2258 656 2490 711 leonem.
2542 655 2625 711 Me
2658 664 2840 710 autem
2881 666 3135 725 accepto,
3172 655 3504 726 Epiphanius

1888 787 1891 790 ι
1931 748 2153 819 quidem
2204 746 2483 817 prolectus
2514 754 2598 802 est
2626 750 2750 802 etim
2790 746 3125 801 hominibus.
3158 745 3224 800 Et
3258 762 3381 800 cum
3409 762 3502 801 ve—
3557 774 3566 782 ·

1929 838 2205 893 nissetnus
2232 838 2298 892 ad
2346 837 2526 893 locum
2554 878 2570 903 ,
2603 838 2794 892 incidit
2833 853 3066 907 magnus
3112 838 3274 892 timor
3304 838 3358 891 in
3385 852 3500 891 om-

1928 943 2027 982 nes
2082 928 2174 996 qui
2209 936 2367 981 erant
2397 928 2704 983 nobiscum.
2739 925 2832 981 Eis
2859 936 3040 981 autem
3079 927 3216 983 dixit
3264 926 3501 997 Epipha-

1928 1018 2091 1072 nius:
2122 1016 2225 1072 Ubi
2266 1027 2370 1083 est,
2406 1034 2439 1073 ο
2465 1018 2583 1082 ﬁlii,
2617 1018 2791 1073 leonis
2823 1015 3125 1073 habitatio?
3150 1016 3396 1087 Cumque
3420 1016 3500 1072 lo-

1927 1125 2053 1165 cum
2079 1110 2469 1172 ostendissent,
2490 1110 2586 1163 ivit
2611 1109 2824 1179 primus
2846 1108 3185 1179 Epiphanius
3206 1108 3272 1179 ad
3299 1108 3494 1163 locum.

1926 1202 1994 1255 Et
2043 1216 2169 1255 cum
2202 1202 2288 1257 leo
2320 1202 2580 1257 nondum.
2608 1201 2908 1265 videretur,
2965 1200 3101 1255 dixit
3140 1216 3336 1271 magna
3368 1215 3499 1255 voce

1926 1290 2264 1362 Epiphanius
2294 1309 2307 1343 :
2346 1290 2444 1347 Ubi
2480 1303 2562 1346 est
2590 1292 2761 1348 leonis
2790 1291 3201 1346 habitaculum?
3231 1292 3337 1345 Leo
3370 1304 3499 1344 vero

1923 1384 2056 1437 exiit
2100 1400 2130 1436 e
2160 1383 2318 1446 silva,
2360 1392 2418 1436 ut
2458 1383 2559 1437 iret
2604 1383 2817 1436 obviam
2847 1381 3171 1451 Epiphanio.
3221 1380 3268 1436 ls
3314 1389 3496 1435 autem

1922 1494 2045 1534 cum
2071 1476 2294 1532 vidisset
2316 1475 2705 1547 Epiphaniam,
2739 1476 2920 1529 statim
2951 1476 3005 1528 in
3043 1484 3241 1528 terram
3277 1472 3500 1536 cecidit,

1920 1574 1974 1621 et
2008 1566 2210 1621 mansit
2262 1574 2533 1619 mortuus.
2571 1562 2840 1618 Cadaveri
2882 1578 3012 1618 vero
3042 1563 3498 1632 appropinquavit

1920 1657 2262 1727 Epiphanius
2294 1674 2307 1710 :
2345 1657 2439 1710 sed
2472 1655 2667 1725 reliqui
2701 1668 2893 1709 omnes
2923 1640 3229 1722 elfuge‘runt
3251 1693 3267 1717 ,
3299 1668 3495 1722 magno

1918 1757 2067 1804 metu
2119 1747 2316 1802 all'ecti.
2368 1745 2707 1815 Epiphanius
2749 1755 2928 1798 autem
2969 1759 3164 1814 magna
3196 1760 3329 1800 voce
3362 1746 3497 1799 dixit

256 1833 442 1898 φάνιον,
482 1834 691 1899 εὐθέως
719 1835 912 1891 ἔπεσεν
940 1838 1036 1890 ἐπὶ
1063 1836 1163 1908 τὴν
1186 1839 1290 1908 γῆν
1309 1876 1324 1902 ,
1366 1839 1462 1892 καὶ
1492 1839 1706 1910 ἔμεινεν
1733 1859 1805 1895 νε

1917 1839 1965 1894 ei
1992 1858 2005 1893 :
2037 1837 2228 1892 Venite
2261 1852 2479 1901 secure,
2517 1837 2649 1900 lilii,
2700 1845 2754 1891 et
2790 1836 3042 1891 videbitis
3071 1822 3300 1891 cadaver
3344 1835 3491 1892 ferar.

255 1923 387 1992 κρέας.
412 1924 673 1994 Ἐγγίσας
692 1926 750 1979 δὲ
775 1927 1092 1997 Ἐπιφάνιος
1115 1929 1283 1998 ὲγγὺς
1304 1930 1397 1983 τοῦ
1426 1932 1692 2002 στόματος
1714 1932 1814 2005 (α),

252 2014 295 2065 οἱ
326 2014 516 2079 πάντες
546 2017 839 2087 ἀπέφυγον
874 2018 1039 2089 φόϐῳ.
1069 2019 1292 2091 μεγάλῳ
1321 2021 1694 2091 συσχεθέντες,
1728 2022 1816 2075 λο-

250 2099 532 2170 ἵιζόμενοι,
574 2106 656 2176 μή
691 2123 807 2170 πως
838 2107 931 2160 καὶ
955 2108 1274 2177 Ἐπιφάνιον
1309 2110 1632 2165 θανατώσει.
1671 2114 1729 2164 '0
1761 2112 1818 2164 δὲ

261 2190 548 2262 Ἐπιφάνιος
600 2198 814 2271 μεγάλῃ
865 2203 930 2272 τῇ
979 2208 1130 2276 φωνῇ
1179 2204 1362 2273 ἔλεγεν
1421 2204 1557 2272 πρὸς
1611 2205 1819 2267 πάντας

249 2282 453 2349 αὐτούς·
480 2288 675 2352 Δεῦτε,
704 2293 887 2362 φησὶν,
921 2295 1161 2363 ἀφόϐως,
1192 2295 1379 2359 τέκνα,
1403 2296 1495 2349 καὶ
1519 2294 1716 2365 ὄψεσθε
1749 2295 1809 2348 τὸ

250 2374 428 2447 πτῶμα
459 2378 550 2432 τοῦ
601 2380 817 2452 θηρίου.
863 2384 982 2439 Τῶν
1027 2386 1084 2439 δὲ
1128 2387 1384 2441 ἀπάντων
1437 2386 1640 2450 εὐθέως
1689 2403 1810 2440 συν-

248 2465 513 2535 ἀχθέντων,
548 2471 664 2525 ἴδον
695 2475 745 2526 οί
783 2475 982 2540 πάντες
1005 2477 1067 2531 τὸ
1096 2477 1298 2548 πτῶμα
1329 2478 1423 2532 τοῦ
1470 2478 1680 2550 θηρίου.
1714 2474 1806 2532 Εἶ-

1911 1929 2180 1985 Omnibus
2219 1945 2346 1984 vero
2375 1928 2559 1983 statim
2610 1928 2873 1992 collectis,
2905 1929 3152 1983 viderunt
3188 1944 3376 1984 omnes
3409 1945 3496 1984 ca-

1896 2023 2075 2077 daver
2100 2020 2250 2076 ferae.
2281 2020 2420 2075 Tum
2456 2020 2793 2090 Epiphanius
2820 2021 2900 2075 sic
2928 2035 3024 2075 eos
3054 2020 3328 2075 allocutus
3356 2029 3440 2085 est
3473 2038 3487 2074 :

1915 2109 1972 2165 Si
2025 2111 2185 2165 tidem
2241 2111 2543 2166 habueritis
2589 2112 2645 2164 in
2681 2109 3021 2165 Salvatorem
3068 2110 3369 2175 Christum,
3414 2112 3496 2166 sic

1914 2202 2108 2258 cadent
2140 2217 2332 2257 omnes
2380 2202 2544 2257 vestri
2594 2200 2960 2256 insidiatores.
3004 2201 3141 2256 Cum
3176 2217 3277 2258 nos
3310 2212 3490 2258 autem

1913 2309 2103 2349 omnes
2131 2294 2467 2363 aCCepissetit
2507 2293 2777 2358 homines,
2830 2292 3184 2347 restituerunt
3214 2305 3492 2349 monaste-

1914 2386 2031 2440 rio.~
2054 2384 2269 2454 Ipsique
2296 2384 2728 2443 benedictionem
2761 2385 3009 2441 assecuti.
3051 2385 3121 2441 ab
3164 2384 3489 2455 Epiphanio,

1914 2474 2145 2545 ingressi
2174 2483 2302 2529 sunt
2325 2473 2467 2527 viam
2498 2488 2676 2529 suam.

251 2559 747 2634 πενδὲἘπιφάνιος
769 2569 904 2638 πρὸς
936 2572 1061 2635 τοὺς
1090 2571 1440 2643 ἀνθρώπους·
1473 2573 1603 2627 Ἐὰν
1626 2573 1807 2628 πίστιν
1845 2570 2005 2641 ἔχητε
2056 2569 2191 2640 πρὸς
2231 2568 2324 2621 τὸν
2373 2568 2605 2639 Σωτῆρα
2633 2609 2647 2632 ,
2697 2568 2745 2621 oi
2797 2568 2950 2639 ὑμῶν
2991 2569 3265 2624 ἐπίϐουλοι
3317 2570 3499 2638 οὕτως,

248 2651 504 2709 πεσοῦνται
539 2658 769 2722 πάντες.
802 2662 1071 2728 Λαϐόντες
1113 2664 1174 2718 δὲ
1211 2667 1362 2736 ἡμᾶς
1418 2667 1618 2731 πάντες
1658 2669 1709 2721 οἱ
1749 2666 1969 2738 ἄνδρες,
2014 2663 2304 2716 ἀπέσωσαν
2353 2662 2511 2716 πάλιν
2563 2663 2621 2715 ὲν
2668 2663 2745 2732 τῷ
2783 2663 3152 2734 μοναστηρίῳ,
3189 2664 3281 2716 καὶ
3313 2664 3488 2728 αὐτοὶ,

245 2743 608 2817 εὐλογηθέντες
664 2751 817 2823 παρά
871 2752 1254 2825 Ἐπιφανίου,’
1279 2758 1654 2829 ἐπορεύθησαν
1706 2759 1805 2829 τὴν
1844 2754 2049 2810 ἑαυτῶν
2077 2754 2216 2809 ὁδόν.
2480 2741 2491 2752 ’

307 2838 423 2892 KB’.
459 2839 760 2914 Ἐδοξάσθη
802 2843 859 2897 δὲ
899 2846 930 2901 6.
972 2846 1137 2912 τόπος
1182 2849 1211 2901 6
1252 2848 1445 2921 πρώην
1476 2850 1807 2921 καλούμενος

245 2928 574 3001 Σπανύδριον,
599 2932 1049 3004 διάἙπιφανίου.
1068 2934 1178 2992 Ἦν
1209 2941 1317 3011 γάρ
1351 2957 1484 2994 ποτε
1523 2940 1798 3012 ἀοίκητος,

243 3018 324 3070 καὶ
347 3019 560 3089 άδατος,
595 3024 690 3077 καὶ
718 3025 945 3098 ἄνυδρος
966 3044 980 3059 ο
1015 3028 1097 3083 διὸ
1129 3032 1223 3084 καὶ
1265 3033 1361 3101 τὴν
1387 3033 1703 3104 ἐπωνυμίαν
1734 3036 1799 3088 ὲκ

1986 2845 2153 2899 XXII.
2184 2845 2373 2901 Gloria
2397 2855 2579 2901 autem
2614 2846 2844 2917 insignis
2870 2844 2970 2901 l‘uit
3003 2847 3176 2911 locus,
3208 2846 3302 2916 qui
3334 2846 3487 2916 prius

1906 2937 2204 2992 vocabatur
2243 2935 2651 3009 Spanhydrion,
2700 2949 2920 3007 propter
2940 2936 3325 3008 Epiphanium.
3365 2935 3490 2993 Fuit

1906 3029 2051 3083 enim
2094 3029 2390 3098 aliquando
2439 3030 2594 3085 locus
2637 3030 2821 3085 invius
2849 3070 2865 3095 ,
2900 3038 2956 3084 et
3001 3030 3393 3092 inhabitabilis,
3432 3040 3488 3084 et

241 3107 325 3160 τοῦ
354 3111 423 3180 μὴ
449 3112 596 3183 ἔχειν
629 3113 795 3186 ὕδωρ,
830 3118 1164 3189 ἐπεκέκλητο
1190 3122 1523 3192 Σπανύδριον
1544 3141 1557 3154 ·
1588 3126 1803 3192 ἐγένετο

1907 3134 2045 3188 aqua
2092 3133 2308 3173 carens.
2387 3116 2756 3186 Quamobrem
2804 3121 3221 3190 cognominatus
3268 3134 3488 3191 quoque

239 3202 289 3255 δὲ
325 3209 645 3279 παράδεισος
677 3212 896 3266 πάντων
929 3214 1147 3282 ἀγαθῶν
1190 3219 1452 3289 μετέχων,
1505 3220 1712 3273 ὑδάτων
1745 3220 1802 3274 δὲ

240 3294 529 3372 πλημμύρα
567 3302 660 3353 καὶ
690 3303 971 3373 ἐδωδίμων
998 3306 1288 3376 διαφόρων.
1326 3310 1480 3363 Μετὰ
1510 3308 1603 3365 οὖν
1633 3313 1803 3365 ἀπάν-

238 3402 332 3439 των
349 3389 574 3456 τούτων,
603 3384 680 3444 ὧν
702 3394 1012 3467 κατηξιώθη
1039 3395 1357 3466 Ἐπιφάνιος
1387 3401 1492 3454 ὑπὸ
1518 3402 1612 3454 τοῦ
1643 3401 1799 3467 Θεοῦ,

238 3476 290 3527 τὸ
311 3479 445 3547 μέγα
476 3482 639 3535 τοῦτο
673 3485 768 3537 καὶ
803 3485 1124 3557 θαυμαστὸν.
1140 3489 1311 3561 δῶρον
1340 3494 1630 3563 ἐχαρίσατο
1654 3492 1801 3564 αὑτῷ

235 3569 261 3618 6
288 3568 442 3634 Θεὸς,
492 3572 591 3626 τοῦ
647 3575 785 3645 μετά
819 3578 1000 3650 πάσης
1044 3580 1301 3651 ἀληθείας
1348 3585 1669 3654 ἑρμηνεύειν
1703 3585 1801 3649 τὰς

240 3655 372 3722 θιεας
402 3662 644 3733 Γραφάς.
686 3666 1007 3737 ,Λαμῦάνων
1033 3670 1144 3742 γὰρ
1177 3673 1274 3735 τὰς
1300 3672 1552 3738 θεοειδεῖς
1587 3675 1800 3745 βίϐλους

236 3749 319 3800 καὶ
348 3750 739 3821 ἀναγινώσκων
785 3760 898 3821 τοῖς
941 3760 1210 3829 ἀδελφοῖς,
1249 3765 1347 3834 τὴν
1371 3765 1576 3818 τούτων
1619 3768 1799 3823 πᾶσαν

239 3838 445 3913 δύναμιν
469 3847 820 3901 ἐπεδείκνυεν
848 3851 1053 3915 αὐτοῖς.
1078 3854 1345 3918 Ἀκούσας
1373 3855 1435 3909 δὲ·
1460 3856 1795 3925 Ἐπιφάνιος,

234 3932 257 3983 ὁ
283 3932 442 4002 μέγας
472 3938 678 4009 ῥήτωρ,
705 3941 734 3993 6
772 3942 866 3995 καὶ
891 3942 1259 4017 φιλοσοφήσας
1285 3947 1384 4017 τῆς
1411 3947 1634 4018 Ἐδέσης
1664 3949 1797 4001 κάτ-

235 4038 363 4088 ο;κ·›ς
389 4029 513 4099 περὶ
545 4028 890 4099 Ἑπιφανίου,
917 4034 999 4087 ὅτι
1029 4035 1206 4104 λόγιός
1242 4038 1410 4101 ἐστιν,
1451 4038 1796 4110 ἐπεθύμησεν

235 4112 318 4166 ἐπὶ
350 4120 602 4192 συντυχίᾳ
634 4121 826 4175 τούτου
865 4124 1060 4178 ἐλθεῖν.
1105 4129 1216 4180 Καὶ
1247 4128 1311 4200 δὴ
1355 4131 1797 4201 παραγενόμενος

235 4203 284 4253 ἐν
308 4205 381 4276 τῷ
413 4226 648 4282 μοναστη
659 4214 781 4283 ρίῳ,
807 4214 869 4267 τὸ
899 4216 1102 4288 πλῆθος
1130 4218 1239 4272 τῶν
1267 4221 1509 4289 ἀδελφῶν
1528 4218 1596 4292 ἦν
1625 4221 1795 4286 ἑστὼς

235 4294 436 4362 καὶτὰς
463 4300 737 4372 ὑμνῳδίας
769 4306 1094 4377 ἀναπέμπον
1126 4310 1205 4381 τῷ
1235 4310 1369 4381 Θεῷ.
1401 4308 1509 4365 Ἦν
1538 4313 1597 4366 δὲ
1639 4314 1793 4366 Ἐπι-

234 4386 404 4451 (fimo;
429 4390 545 4443 καθ’
568 4394 762 4448 ἑαυτὸν
787 4396 887 4459 τάς
918 4397 1084 4468 εὐχὰς
1115 4401 1392 4454 ἐπιτελῶν.
1419 4402 1528 4455 Καὶ
1561 4403 1626 4472 δὴ
1655 4403 1791 4473 μετὰ

1903 3211 2005 3264 fuit
2028 3210 2434 3281 Spanhydrion,
2464 3225 2530 3264 eo
2558 3210 2705 3279 quod
2727 3226 2920 3280 aquam
2968 3227 3075 3266 non
3124 3212 3363 3265 haberet.
3392 3210 3486 3263 Εἰ-
3574 3293 3579 3299 ⁴

1903 3302 2077 3356 fectus
2103 3311 2188 3357 est
2214 3312 2396 3356 autem
2434 3302 2749 3371 paradisus,
2780 3302 2835 3356 in
2866 3318 2975 3371 quo
3002 3311 3160 3356 erant
3193 3303 3333 3356 bona
3361 3317 3485 3356 om-

1902 3391 2012 3444 nia.
2062 3392 2120 3445 ln
2166 3407 2341 3462 eoque
2385 3388 2734 3447 abundabant
2785 3410 2962 3465 aquae,
3003 3403 3056 3450 et
3087 3396 3360 3450 esculenta
3400 3396 3485 3449 di-

1902 3484 2044 3539 versi
2072 3485 2311 3553 generis.
2347 3487 2485 3540 Cum
2517 3486 2584 3541 iis
2611 3502 2741 3557 ergo
2775 3488 3058 3553 omnibus,
3086 3483 3287 3557 quibus
3316 3504 3346 3542 a
3372 3487 3483 3543 Deo

1899 3575 2096 3646 dignus
2132 3574 2234 3630 fuit
2271 3576 2489 3632 habitus
2538 3577 2896 3647 Epiphanius,
2951 3580 3055 3636 hoc
3103 3594 3321 3650 quoque
3363 3595 3481 3633 ma-

1900 3682 2064 3735 gnum
2114 3676 2169 3721 et
2203 3668 2524 3723 admirabile
2564 3670 2765 3723 donum
2816 3670 2864 3724 ei
2913 3669 3055 3727 Deus
3101 3680 3185 3727 est
3230 3672 3479 3742 largitus,

1899 3759 2045 3823 quod
2092 3773 2217 3812 cum
2269 3760 2417 3813 omni
2472 3761 2703 3815 veritate
2753 3763 2969 3817 divinas
3030 3762 3481 3832 interpretaretur

1902 3849 2211 3916 Scriptores
2256 3865 2270 3902 :
2308 3849 2523 3902 divinos
2547 3850 2694 3903 enim
2728 3850 2897 3903 libros
2936 3866 3177 3915 sumens,
3210 3860 3264 3904 et
3295 3852 3480 3919 legens

1900 3938 2184 4012 fratribus,
2234 3954 2426 3995 eorum
2457 3941 2563 3993 vim
2597 3956 2817 4010 quoque
2843 3941 3172 3995 declarabat.
3205 3940 3341 3994 Cum
3381 3957 3479 3993 au-

1899 4042 2006 4087 tem
2059 4031 2398 4102 Epiphanius
2424 4049 2654 4102 magnus
2679 4044 2866 4087 orator
2892 4041 2947 4086 et
2977 4032 3353 4103 philosophus,
3384 4034 3479 4101 qui

1900 4125 2177 4180 habitabat
2207 4123 2418 4189 Edesaa,
2447 4124 2714 4179 audiisset
2741 4123 3102 4193 Epiphaniam
3137 4138 3259 4178 esse
3289 4125 3478 4176 erudi-

1897 4227 2047 4283 tum,
2087 4217 2417 4272 desideravit
2461 4232 2587 4271 eum
2636 4215 2950 4271 convenire.
3001 4208 3155 4269 Cum
3184 4225 3365 4271 autem
3421 4217 3475 4270 in

1897 4308 2291 4362 monasterium
2326 4308 2644 4362 accessisset
2697 4306 3053 4376 Epiphanius,
3086 4309 3263 4365 stabat
3301 4311 3479 4364 multi—

1897 4394 2027 4448 tudo
2060 4393 2329 4460 fratrum,
2375 4404 2430 4449 et
2478 4394 2590 4450 Deo
2638 4396 2886 4451 mittebat
2934 4397 3306 4469 hymnodiam.
3347 4398 3478 4453 Erat

234 4473 487 4533 κλείουσιν
523 4481 745 4555 ἁπάσης
788 4486 890 4557 τῆς
937 4486 1228 4559 λατρείας,
1272 4491 1427 4564 ὤφθη
1473 4492 1792 4563 Ἐπιφάνιος

1907 4501 2027 4542 vero
2075 4485 2412 4557 Epiphanius
2454 4503 2675 4557 quoque
2718 4504 2905 4558 preces
2951 4505 3045 4560 per
3092 4504 3151 4545 se
3189 4507 3471 4562 peragens.

231 4568 331 4658 tot;
361 4569 599 4641 ἀδελφοῖς
620 4590 634 4605 ³
669 4570 739 4647 ἦν
769 4577 827 4631 δὲ
858 4580 888 4631 6
928 4582 1114 4651 ῥήτωρ
1143 4582 1315 4647 ἑστὼς
1334 4624 1350 4647 ,
1386 4584 1478 4639 καὶ
1507 4587 1791 4658 προσέχων

231 4655 301 4726 τῷ
333 4660 552 4733 πλήθει,
598 4670 694 4722 καὶ
734 4670 952 4742 μηδένα
988 4674 1394 4745 ἀσπασάμενος.
1434 4679 1521 4742 Ὠς
1551 4655 1646 4733 οὖν
1682 4655 1791 4733 ίδεν

230 4747 309 4799 τὸν
345 4751 652 4825 Ἐπιφάνιον
701 4761 732 4813 6
778 4762 1069 4834 φιλόσοφος
1093 4804 1109 4830 ,
1147 4769 1393 4837 ἐπέγνω,
1445 4772 1539 4827 καὶ
1566 4771 1790 4845 δραμὼν

230 4847 613 4935 προσεκύνησεν
653 4854 835 4909 αὐτόν.
886 4852 1051 4912 Εἶπεν
1093 4858 1150 4911 δὲ
1184 4859 1497 4930 Ἐπιφάνιος
1527 4864 1605 4935 τῷ
1637 4865 1790 4934 φιλο-

228 4932 383 5005 σόφφ·
418 4937 495 5008 Τί,
524 4944 554 4995 6
591 4944 766 5013 μέγας
816 4946 1150 5015 Ἐπιφάνιος,
1194 4954 1224 5004 6
1257 4952 1430 5022 μέγας
1470 4932 1684 5027 ῥήτωρ,
1736 4957 1789 5010 τί

232 5027 508 5117 ξαρεγένου
551 5032 690 5104 πρὸς
735 5034 829 5088 τὸν
861 5039 1189 5110 μικρότατον
1215 5044 1311 5096 καὶ
1336 5042 1788 5117 ἁμαρτωλότατον

231 5108 387 5181 ἆλὲδρσ.
413 5116 811 5189 Ἐπιφανίδιον;
844 5108 973 5205 Ἐπί
1022 5127 1181 5183 τοῦτό
1223 5148 1281 5185 σε
1316 5108 1601 5205 θαυμάζω,
1635 5138 1787 5207 φιλό-

232 5216 351 5300 ξσξὲε
374 5247 390 5269 9
426 5212 474 5262 τί
522 5215 657 5285 πρὸς
699 5216 1044 5292 τὸνηίδιώτην
1088 5226 1395 5296 παρεγένου
1426 5229 1518 5281 καὶ
1553 5231 1788 5300 μάλιστα

229 5290 310 5393 διά
330 5303 589 5393 ⁸τοσαύτης
614 5306 737 5361 ὁδοῦ
757 5326 770 5338 ·
800 5310 889 5364 διά
919 5290 1080 5367 ποίαν
1112 5290 1314 5382 αἰτίαν,
1340 5321 1481 5381 είπὲ,
1518 5290 1703 5393 φησὶν,
1739 5319 1785 5378 ὦ

230 5387 498 5483 ξὲξὲὀσοφες
539 5399 597 5452 ’0
638 5399 695 5452 δὲ
733 5402 1019 5474 φιλόσοφος
1064 5403 1216 5462 εἶπεν
1260 5411 1396 5482 πρὸς
1430 5387 1781 5483 Ἐπιφάνιον·

229 5477 312 5550 tl};
344 5482 574 5556 θαύμαζε
611 5493 704 5545 ἐπὶ
730 5494 905 5559 τοῦτο,
932 5497 1216 5553 διδάσκαλε
1242 5477 1605 5577 πενποθημένε.
1627 5507 1783 5562 Ἕλε-

231 5586 284 5637 ἷί
314 5577 418 5648 γὰρ
444 5585 708 5651 Διονύσιος
750 5591 780 5642 6
827 5591 1321 5663 Ἁλικαρνασσεὺς,
1365 5596 1445 5650 ὅτι
1518 5599 1784 5667 πρόσωπα

293 5737 372 5801 (ε)
407 5736 659 5809 lnterpres
692 5747 816 5812 legit
847 5749 1156 5813 πτώματος.
1196 5751 1352 5808 lion.
1382 5753 1618 5811 lin-non.

1892 4576 2063 4635 Porro
2089 4587 2271 4633 autem
2307 4594 2432 4634 cum
2461 4594 2554 4633 eas
2583 4578 2959 4648 perfecissent,
2993 4582 3143 4636 visus
3176 4592 3261 4637 est
3293 4582 3475 4637 fratri-

1892 4672 1997 4728 bus
2027 4670 2387 4742 Epiphanius.
2423 4671 2616 4726 Stabat
2654 4672 2840 4743 itaque
2887 4673 3270 4743 philusopbus,
3306 4685 3360 4731 et
3388 4685 3475 4730 at-

1891 4764 2144 4820 tendebat
2202 4764 2641 4833 multitudinem,
2718 4777 2772 4821 et
2825 4768 3097 4822 neminem
3177 4769 3470 4824 salutabat.

1888 4856 2183 4926 Postquam
2229 4866 2409 4912 autem
2441 4856 2577 4911 vidit
2623 4858 2986 4928 Epiphanium
3016 4899 3030 4923 ,
3058 4875 3183 4914 eum
3211 4860 3426 4931 agnovit
3451 4878 3469 4926 ;

1889 4958 1943 5004 et
1976 4965 2206 5004 currens
2248 4964 2374 5004 eum
2424 4948 2695 5005 adoravit.
2742 4949 2890 5004 Dixit
2922 4961 3103 5006 autem
3145 4952 3470 5022 philosopho

1889 5042 2225 5112 Epiphanius
2269 5058 2283 5093 :
2336 5040 2476 5109 Quid
2516 5050 2604 5108 tu,
2654 5045 2746 5113 qui
2796 5059 2857 5098 es
2907 5060 3138 5114 magnus
3185 5055 3368 5100 orator
3413 5057 3471 5102 et

1888 5132 2271 5202 philosophus,
2318 5142 2371 5186 et
2398 5132 2611 5187 habitas
2640 5132 2847 5195 Edesaa,
2880 5135 3158 5190 accessisti
3190 5136 3255 5189 ad
3300 5136 3468 5190 mini-

1888 5237 2038 5277 mum
2074 5230 2128 5277 et
2154 5233 2493 5291 peccaterem
2543 5221 2947 5292 Epiphanium?
2977 5222 3241 5278 Praeterea
3275 5226 3468 5291 miror,

1888 5313 2034 5383 quod
2071 5311 2427 5382 philosophus
2486 5312 2701 5367 veneris
2730 5313 2795 5367 ad
2843 5313 3118 5367 hominem
3160 5313 3319 5382 plane
3375 5329 3470 5367 ru~

1886 5401 2048 5469 dem;
2080 5413 2134 5456 et
2164 5402 2404 5457 maxime
2437 5410 2546 5457 tam
2576 5417 2608 5458 e
2639 5403 2938 5473 longinquo
2964 5421 2977 5457 :
3010 5413 3247 5474 propter
3269 5421 3463 5474 quant-

1886 5510 2011 5549 nam
2054 5509 2276 5550 causam
2310 5534 2324 5559 ,
2374 5510 2408 5549 o
2450 5495 2807 5565 phi|050phe?
2830 5493 3199 5565 Philosophus
3231 5508 3413 5550 autem
3447 5512 3462 5548 :

1886 5586 1962 5642 Ne
1998 5587 2099 5643 hoc
2133 5586 2367 5652 mireris,
2412 5589 2607 5658 inquit,
2657 5603 2691 5640 ο
2726 5588 2983 5657 magister
3011 5588 3330 5643 desiderate.
3376 5590 3468 5645 llt-
3504 5653 3508 5656 γ
