  <div class='ocr_page' id='page_1' title='image "/cluster/home/n/w/nwhite01/storage/ocr_20150623/41/hvd.32044073501868/047.png"; bbox 0 0 3972 6070; ppageno 0'>
   <div class='ocr_carea' id='block_1_1' title="bbox 540 277 2130 362">
    <p class='ocr_par' dir='ltr' id='par_1_1' title="bbox 540 285 2127 362">
     <span class='ocr_line' id='line_1_1' title="bbox 540 285 2127 362; baseline -0.014 0"><span class='ocrx_word' id='word_1_1' title='bbox 540 305 606 362; x_wconf 70' lang='grc' dir='ltr'>Μ</span> <span class='ocrx_word' id='word_1_2' title='bbox 1831 289 1887 343; x_wconf 80' lang='lat'><strong>5.</strong></span> <span class='ocrx_word' id='word_1_3' title='bbox 1928 285 2127 342; x_wconf 78' lang='lat' dir='ltr'><strong>EPIPll</strong></span> 
     </span>
    </p>
   </div>
   <div class='ocr_carea' id='block_1_2' title="bbox 2231 277 3759 362">
    <p class='ocr_par' dir='ltr' id='par_1_2' title="bbox 2231 277 3759 338">
     <span class='ocr_line' id='line_1_2' title="bbox 2231 277 3759 338; baseline -0.003 -1"><span class='ocrx_word' id='word_1_4' title='bbox 2231 284 2268 338; x_wconf 90' lang='grc' dir='ltr'><strong>ΙΙ</strong></span> <span class='ocrx_word' id='word_1_5' title='bbox 2309 285 2485 338; x_wconf 67' lang='lat' dir='ltr'><strong>VITA.</strong></span> <span class='ocrx_word' id='word_1_6' title='bbox 3689 277 3759 333; x_wconf 67' lang='lat'><strong>52</strong></span> 
     </span>
    </p>
   </div>
   <div class='ocr_carea' id='block_1_3' title="bbox 537 394 2130 483">
    <p class='ocr_par' dir='ltr' id='par_1_3' title="bbox 537 403 2100 483">
     <span class='ocr_line' id='line_1_3' title="bbox 537 403 2100 483; baseline -0.013 -7"><span class='ocrx_word' id='word_1_7' title='bbox 537 418 699 476; x_wconf 82' lang='lat' dir='ltr'><strong>cebat</strong></span> <span class='ocrx_word' id='word_1_8' title='bbox 742 416 886 471; x_wconf 82' lang='lat' dir='ltr'><strong>enim</strong></span> <span class='ocrx_word' id='word_1_9' title='bbox 915 412 1207 483; x_wconf 75' lang='lat' dir='ltr'><strong>Dionysius</strong></span> <span class='ocrx_word' id='word_1_10' title='bbox 1234 409 1679 463; x_wconf 78' lang='lat' dir='ltr'><strong>Halicarnasseus</strong></span> <span class='ocrx_word' id='word_1_11' title='bbox 1716 420 1730 457; x_wconf 90' lang='lat'><strong>:</strong></span> <span class='ocrx_word' id='word_1_12' title='bbox 1763 403 1818 459; x_wconf 91' lang='lat' dir='ltr'><strong>Si</strong></span> <span class='ocrx_word' id='word_1_13' title='bbox 1857 418 2100 473; x_wconf 84' lang='lat' dir='ltr'><strong>personae</strong></span> 
     </span>
    </p>
   </div>
   <div class='ocr_carea' id='block_1_4' title="bbox 2231 394 3763 483">
    <p class='ocr_par' dir='ltr' id='par_1_4' title="bbox 2231 394 3763 468">
     <span class='ocr_line' id='line_1_4' title="bbox 2231 394 3763 468; baseline -0.001 -18"><span class='ocrx_word' id='word_1_14' title='bbox 2231 400 2513 468; x_wconf 69' lang='grc' dir='ltr'>προσώποις</span> <span class='ocrx_word' id='word_1_15' title='bbox 2543 398 2789 468; x_wconf 71' lang='grc' dir='ltr'>ἀλλήλοις</span> <span class='ocrx_word' id='word_1_16' title='bbox 2825 396 3224 468; x_wconf 82' lang='grc' dir='ltr'>θεωρούμεναῆ</span> <span class='ocrx_word' id='word_1_17' title='bbox 3272 394 3637 451; x_wconf 63' lang='grc' dir='ltr'>καλλιστεύειν</span> <span class='ocrx_word' id='word_1_18' title='bbox 3670 394 3763 448; x_wconf 75' lang='grc' dir='ltr'>δύο</span> 
     </span>
    </p>
   </div>
   <div class='ocr_carea' id='block_1_5' title="bbox 540 494 2101 578">
    <p class='ocr_par' dir='ltr' id='par_1_5' title="bbox 540 494 2101 578">
     <span class='ocr_line' id='line_1_5' title="bbox 540 494 2101 578; baseline -0.013 -13"><span class='ocrx_word' id='word_1_19' title='bbox 540 523 665 573; x_wconf 85' lang='lat' dir='ltr'><strong>cum</strong></span> <span class='ocrx_word' id='word_1_20' title='bbox 714 506 966 578; x_wconf 83' lang='lat' dir='ltr'><strong>personis</strong></span> <span class='ocrx_word' id='word_1_21' title='bbox 999 503 1206 558; x_wconf 71' lang='lat' dir='ltr'><strong>collata:</strong></span> <span class='ocrx_word' id='word_1_22' title='bbox 1231 495 1664 561; x_wconf 73' lang='lat' dir='ltr'><strong>considerentuf,</strong></span> <span class='ocrx_word' id='word_1_23' title='bbox 1716 502 1948 565; x_wconf 88' lang='lat' dir='ltr'><strong>possunt</strong></span> <span class='ocrx_word' id='word_1_24' title='bbox 1979 494 2101 563; x_wconf 86' lang='lat' dir='ltr'><strong>pul-</strong></span> 
     </span>
    </p>
   </div>
   <div class='ocr_carea' id='block_1_6' title="bbox 542 584 2102 666">
    <p class='ocr_par' dir='ltr' id='par_1_6' title="bbox 542 584 2102 666">
     <span class='ocr_line' id='line_1_6' title="bbox 542 584 2102 666; baseline -0.011 -12"><span class='ocrx_word' id='word_1_25' title='bbox 542 598 788 654; x_wconf 84' lang='lat' dir='ltr'><strong>ehriores</strong></span> <span class='ocrx_word' id='word_1_26' title='bbox 813 610 1095 666; x_wconf 75' lang='lat' dir='ltr'><strong>apparere.</strong></span> <span class='ocrx_word' id='word_1_27' title='bbox 1118 591 1253 646; x_wconf 86' lang='lat' dir='ltr'><strong>Boni</strong></span> <span class='ocrx_word' id='word_1_28' title='bbox 1286 606 1410 646; x_wconf 89' lang='lat' dir='ltr'><strong>cum</strong></span> <span class='ocrx_word' id='word_1_29' title='bbox 1441 588 1603 643; x_wconf 90' lang='lat' dir='ltr'><strong>malis</strong></span> <span class='ocrx_word' id='word_1_30' title='bbox 1632 584 1869 647; x_wconf 80' lang='lat' dir='ltr'><strong>confusi,</strong></span> <span class='ocrx_word' id='word_1_31' title='bbox 1903 584 1958 637; x_wconf 89' lang='lat' dir='ltr'><strong>in</strong></span> <span class='ocrx_word' id='word_1_32' title='bbox 1992 597 2102 637; x_wconf 85' lang='lat' dir='ltr'><strong>uno</strong></span> 
     </span>
    </p>
   </div>
   <div class='ocr_carea' id='block_1_7' title="bbox 439 666 2105 760">
    <p class='ocr_par' dir='ltr' id='par_1_7' title="bbox 439 666 2105 760">
     <span class='ocr_line' id='line_1_7' title="bbox 439 666 2105 760; baseline -0.011 -15"><span class='ocrx_word' id='word_1_33' title='bbox 439 696 454 706; x_wconf 88' lang='lat'><strong>&#39;</strong></span> <span class='ocrx_word' id='word_1_34' title='bbox 542 690 690 760; x_wconf 76' lang='lat' dir='ltr'><strong>ligno</strong></span> <span class='ocrx_word' id='word_1_35' title='bbox 718 686 1094 743; x_wconf 90' lang='lat' dir='ltr'><strong>extendentur.</strong></span> <span class='ocrx_word' id='word_1_36' title='bbox 1121 682 1310 736; x_wconf 77' lang='lat' dir='ltr'><strong>Nullus</strong></span> <span class='ocrx_word' id='word_1_37' title='bbox 1349 679 1493 735; x_wconf 91' lang='lat' dir='ltr'><strong>enim</strong></span> <span class='ocrx_word' id='word_1_38' title='bbox 1541 678 1703 732; x_wconf 90' lang='lat' dir='ltr'><strong>homo</strong></span> <span class='ocrx_word' id='word_1_39' title='bbox 1726 666 1889 729; x_wconf 88' lang='lat' dir='ltr'><strong>unam</strong></span> <span class='ocrx_word' id='word_1_40' title='bbox 1924 672 2105 727; x_wconf 72' lang='lat' dir='ltr'><strong>ferens</strong></span> 
     </span>
    </p>
   </div>
   <div class='ocr_carea' id='block_1_8' title="bbox 542 767 2100 844">
    <p class='ocr_par' dir='ltr' id='par_1_8' title="bbox 542 767 2100 844">
     <span class='ocr_line' id='line_1_8' title="bbox 542 767 2100 844; baseline -0.012 -9"><span class='ocrx_word' id='word_1_41' title='bbox 542 782 805 844; x_wconf 81' lang='lat' dir='ltr'><strong>tunicam,</strong></span> <span class='ocrx_word' id='word_1_42' title='bbox 859 780 934 834; x_wconf 90' lang='lat' dir='ltr'><strong>ita</strong></span> <span class='ocrx_word' id='word_1_43' title='bbox 977 776 1216 833; x_wconf 76' lang='lat' dir='ltr'><strong>custodit</strong></span> <span class='ocrx_word' id='word_1_44' title='bbox 1263 788 1501 842; x_wconf 84' lang='lat' dir='ltr'><strong>corpus,</strong></span> <span class='ocrx_word' id='word_1_45' title='bbox 1549 780 1611 825; x_wconf 91' lang='lat' dir='ltr'><strong>ut</strong></span> <span class='ocrx_word' id='word_1_46' title='bbox 1653 783 1760 824; x_wconf 93' lang='lat' dir='ltr'><strong>non</strong></span> <span class='ocrx_word' id='word_1_47' title='bbox 1816 767 2100 821; x_wconf 82' lang='lat' dir='ltr'><strong>laceretur.</strong></span> 
     </span>
    </p>
   </div>
   <div class='ocr_carea' id='block_1_9' title="bbox 540 860 2105 939">
    <p class='ocr_par' dir='ltr' id='par_1_9' title="bbox 540 860 2105 939">
     <span class='ocr_line' id='line_1_9' title="bbox 540 860 2105 939; baseline -0.008 -14"><span class='ocrx_word' id='word_1_48' title='bbox 540 870 783 927; x_wconf 80' lang='lat' dir='ltr'><strong>Plurima</strong></span> <span class='ocrx_word' id='word_1_49' title='bbox 820 883 1055 939; x_wconf 78' lang='lat' dir='ltr'><strong>namque</strong></span> <span class='ocrx_word' id='word_1_50' title='bbox 1082 866 1397 938; x_wconf 78' lang='lat' dir='ltr'><strong>congressio</strong></span> <span class='ocrx_word' id='word_1_51' title='bbox 1442 863 1707 935; x_wconf 88' lang='lat' dir='ltr'><strong>plurimos</strong></span> <span class='ocrx_word' id='word_1_52' title='bbox 1749 860 1953 931; x_wconf 57' lang='lat' dir='ltr'><strong>praebet</strong></span> <span class='ocrx_word' id='word_1_53' title='bbox 1986 873 2105 913; x_wconf 76' lang='lat' dir='ltr'><strong>ser-</strong></span> 
     </span>
    </p>
   </div>
   <div class='ocr_carea' id='block_1_10' title="bbox 544 956 2108 1029">
    <p class='ocr_par' dir='ltr' id='par_1_10' title="bbox 544 956 2108 1029">
     <span class='ocr_line' id='line_1_10' title="bbox 544 956 2108 1029; baseline -0.008 -12"><span class='ocrx_word' id='word_1_54' title='bbox 544 977 755 1017; x_wconf 81' lang='lat' dir='ltr'><strong>mones.</strong></span> <span class='ocrx_word' id='word_1_55' title='bbox 786 961 890 1017; x_wconf 83' lang='lat' dir='ltr'><strong>Ubi</strong></span> <span class='ocrx_word' id='word_1_56' title='bbox 917 970 1097 1016; x_wconf 87' lang='lat' dir='ltr'><strong>autem</strong></span> <span class='ocrx_word' id='word_1_57' title='bbox 1140 968 1271 1015; x_wconf 91' lang='lat' dir='ltr'><strong>sunt</strong></span> <span class='ocrx_word' id='word_1_58' title='bbox 1301 956 1522 1029; x_wconf 89' lang='lat' dir='ltr'><strong>plurimi</strong></span> <span class='ocrx_word' id='word_1_59' title='bbox 1548 967 1845 1018; x_wconf 88' lang='lat' dir='ltr'><strong>sermones,</strong></span> <span class='ocrx_word' id='word_1_60' title='bbox 1875 959 1961 1007; x_wconf 89' lang='lat' dir='ltr'><strong>est</strong></span> <span class='ocrx_word' id='word_1_61' title='bbox 1992 965 2108 1005; x_wconf 83' lang='lat' dir='ltr'><strong>ma—</strong></span> 
     </span>
    </p>
   </div>
   <div class='ocr_carea' id='block_1_11' title="bbox 545 1041 2109 1124">
    <p class='ocr_par' dir='ltr' id='par_1_11' title="bbox 545 1041 2109 1124">
     <span class='ocr_line' id='line_1_11' title="bbox 545 1041 2109 1124; baseline -0.008 -15"><span class='ocrx_word' id='word_1_62' title='bbox 545 1070 648 1124; x_wconf 76' lang='lat' dir='ltr'><strong>gna</strong></span> <span class='ocrx_word' id='word_1_63' title='bbox 675 1054 1013 1110; x_wconf 85' lang='lat' dir='ltr'><strong>diversarum</strong></span> <span class='ocrx_word' id='word_1_64' title='bbox 1042 1065 1225 1107; x_wconf 85' lang='lat' dir='ltr'><strong>rerum</strong></span> <span class='ocrx_word' id='word_1_65' title='bbox 1256 1048 1609 1119; x_wconf 85' lang='lat' dir='ltr'><strong>experientia.</strong></span> <span class='ocrx_word' id='word_1_66' title='bbox 1644 1044 1772 1100; x_wconf 60' lang='lat' dir='ltr'><strong>Haec</strong></span> <span class='ocrx_word' id='word_1_67' title='bbox 1794 1058 1919 1099; x_wconf 84' lang='lat' dir='ltr'><strong>eum</strong></span> <span class='ocrx_word' id='word_1_68' title='bbox 1945 1041 2109 1098; x_wconf 82' lang='lat' dir='ltr'><strong>dixis-</strong></span> 
     </span>
    </p>
   </div>
   <div class='ocr_carea' id='block_1_12' title="bbox 547 1138 1676 1214">
    <p class='ocr_par' dir='ltr' id='par_1_12' title="bbox 547 1138 1676 1214">
     <span class='ocr_line' id='line_1_12' title="bbox 547 1138 1676 1214; baseline -0.008 -14"><span class='ocrx_word' id='word_1_69' title='bbox 547 1153 632 1200; x_wconf 89' lang='lat' dir='ltr'><strong>set</strong></span> <span class='ocrx_word' id='word_1_70' title='bbox 654 1143 1033 1214; x_wconf 85' lang='lat' dir='ltr'><strong>philosophus,</strong></span> <span class='ocrx_word' id='word_1_71' title='bbox 1065 1152 1119 1198; x_wconf 93' lang='lat' dir='ltr'><strong>et</strong></span> <span class='ocrx_word' id='word_1_72' title='bbox 1145 1142 1299 1212; x_wconf 89' lang='lat' dir='ltr'><strong>plura</strong></span> <span class='ocrx_word' id='word_1_73' title='bbox 1330 1140 1457 1203; x_wconf 91' lang='lat' dir='ltr'><strong>alia,</strong></span> <span class='ocrx_word' id='word_1_74' title='bbox 1488 1138 1676 1194; x_wconf 78' lang='lat' dir='ltr'><strong>tacuit.</strong></span> 
     </span>
    </p>
   </div>
   <div class='ocr_carea' id='block_1_13' title="bbox 620 1223 2105 1303">
    <p class='ocr_par' dir='ltr' id='par_1_13' title="bbox 620 1223 2105 1303">
     <span class='ocr_line' id='line_1_13' title="bbox 620 1223 2105 1303; baseline -0.007 -17"><span class='ocrx_word' id='word_1_75' title='bbox 620 1232 808 1286; x_wconf 74' lang='lat' dir='ltr'><strong>XXIII.</strong></span> <span class='ocrx_word' id='word_1_76' title='bbox 851 1232 1141 1303; x_wconf 79' lang='lat' dir='ltr'><strong>Excipiens</strong></span> <span class='ocrx_word' id='word_1_77' title='bbox 1168 1239 1347 1286; x_wconf 88' lang='lat' dir='ltr'><strong>autem</strong></span> <span class='ocrx_word' id='word_1_78' title='bbox 1380 1228 1735 1299; x_wconf 81' lang='lat' dir='ltr'><strong>Epiphanius,</strong></span> <span class='ocrx_word' id='word_1_79' title='bbox 1764 1226 1998 1296; x_wconf 87' lang='lat' dir='ltr'><strong>primum</strong></span> <span class='ocrx_word' id='word_1_80' title='bbox 2038 1223 2105 1277; x_wconf 86' lang='lat' dir='ltr'><strong>li-</strong></span> 
     </span>
    </p>
   </div>
   <div class='ocr_carea' id='block_1_14' title="bbox 551 1313 2106 1387">
    <p class='ocr_par' dir='ltr' id='par_1_14' title="bbox 551 1313 2106 1387">
     <span class='ocr_line' id='line_1_14' title="bbox 551 1313 2106 1387; baseline -0.006 -11"><span class='ocrx_word' id='word_1_81' title='bbox 551 1324 705 1381; x_wconf 86' lang='lat' dir='ltr'><strong>hrum</strong></span> <span class='ocrx_word' id='word_1_82' title='bbox 732 1323 800 1378; x_wconf 86' lang='lat' dir='ltr'><strong>de</strong></span> <span class='ocrx_word' id='word_1_83' title='bbox 835 1323 1023 1377; x_wconf 91' lang='lat' dir='ltr'><strong>mundi</strong></span> <span class='ocrx_word' id='word_1_84' title='bbox 1059 1322 1331 1377; x_wconf 87' lang='lat' dir='ltr'><strong>creatione</strong></span> <span class='ocrx_word' id='word_1_85' title='bbox 1372 1320 1755 1387; x_wconf 84' lang='lat' dir='ltr'><strong>interpretatus</strong></span> <span class='ocrx_word' id='word_1_86' title='bbox 1782 1323 1865 1369; x_wconf 89' lang='lat' dir='ltr'><strong>est</strong></span> <span class='ocrx_word' id='word_1_87' title='bbox 1893 1313 1961 1368; x_wconf 89' lang='lat' dir='ltr'><strong>ad</strong></span> <span class='ocrx_word' id='word_1_88' title='bbox 1984 1327 2106 1367; x_wconf 86' lang='lat' dir='ltr'><strong>ver—</strong></span> 
     </span>
    </p>
   </div>
   <div class='ocr_carea' id='block_1_15' title="bbox 550 1404 2111 1484">
    <p class='ocr_par' dir='ltr' id='par_1_15' title="bbox 550 1404 2111 1484">
     <span class='ocr_line' id='line_1_15' title="bbox 550 1404 2111 1484; baseline -0.006 -18"><span class='ocrx_word' id='word_1_89' title='bbox 550 1414 675 1468; x_wconf 89' lang='lat' dir='ltr'><strong>bum</strong></span> <span class='ocrx_word' id='word_1_90' title='bbox 704 1412 1046 1484; x_wconf 89' lang='lat' dir='ltr'><strong>philosopho.</strong></span> <span class='ocrx_word' id='word_1_91' title='bbox 1083 1413 1173 1468; x_wconf 83' lang='lat' dir='ltr'><strong>Ille</strong></span> <span class='ocrx_word' id='word_1_92' title='bbox 1201 1426 1330 1465; x_wconf 86' lang='lat' dir='ltr'><strong>vero</strong></span> <span class='ocrx_word' id='word_1_93' title='bbox 1375 1410 1498 1464; x_wconf 87' lang='lat' dir='ltr'><strong>aliis</strong></span> <span class='ocrx_word' id='word_1_94' title='bbox 1524 1408 1743 1478; x_wconf 84' lang='lat' dir='ltr'><strong>quidem</strong></span> <span class='ocrx_word' id='word_1_95' title='bbox 1781 1404 2111 1461; x_wconf 87' lang='lat' dir='ltr'><strong>assentieba-</strong></span> 
     </span>
    </p>
   </div>
   <div class='ocr_carea' id='block_1_16' title="bbox 549 1497 2112 1570">
    <p class='ocr_par' dir='ltr' id='par_1_16' title="bbox 549 1497 2112 1570">
     <span class='ocr_line' id='line_1_16' title="bbox 549 1497 2112 1570; baseline -0.006 -12"><span class='ocrx_word' id='word_1_96' title='bbox 549 1512 655 1570; x_wconf 90' lang='lat' dir='ltr'><strong>tur,</strong></span> <span class='ocrx_word' id='word_1_97' title='bbox 694 1513 883 1559; x_wconf 80' lang='lat' dir='ltr'><strong>contra</strong></span> <span class='ocrx_word' id='word_1_98' title='bbox 930 1505 1035 1559; x_wconf 86' lang='lat' dir='ltr'><strong>alia</strong></span> <span class='ocrx_word' id='word_1_99' title='bbox 1065 1512 1245 1559; x_wconf 85' lang='lat' dir='ltr'><strong>autem</strong></span> <span class='ocrx_word' id='word_1_100' title='bbox 1280 1503 1515 1558; x_wconf 88' lang='lat' dir='ltr'><strong>dicebat.</strong></span> <span class='ocrx_word' id='word_1_101' title='bbox 1563 1501 1881 1555; x_wconf 76' lang='lat' dir='ltr'><strong>Manserunt</strong></span> <span class='ocrx_word' id='word_1_102' title='bbox 1927 1497 2112 1567; x_wconf 88' lang='lat' dir='ltr'><strong>itaque</strong></span> 
     </span>
    </p>
   </div>
   <div class='ocr_carea' id='block_1_17' title="bbox 549 1588 2111 1658">
    <p class='ocr_par' dir='ltr' id='par_1_17' title="bbox 549 1588 2111 1658">
     <span class='ocr_line' id='line_1_17' title="bbox 549 1588 2111 1658; baseline -0.004 -12"><span class='ocrx_word' id='word_1_103' title='bbox 549 1604 660 1650; x_wconf 87' lang='lat' dir='ltr'><strong>tres</strong></span> <span class='ocrx_word' id='word_1_104' title='bbox 696 1594 812 1650; x_wconf 88' lang='lat' dir='ltr'><strong>dies</strong></span> <span class='ocrx_word' id='word_1_105' title='bbox 847 1594 988 1649; x_wconf 87' lang='lat' dir='ltr'><strong>inter</strong></span> <span class='ocrx_word' id='word_1_106' title='bbox 1020 1609 1081 1649; x_wconf 92' lang='lat' dir='ltr'><strong>se</strong></span> <span class='ocrx_word' id='word_1_107' title='bbox 1122 1594 1472 1649; x_wconf 86' lang='lat' dir='ltr'><strong>disserentes.</strong></span> <span class='ocrx_word' id='word_1_108' title='bbox 1519 1589 1652 1657; x_wconf 80' lang='lat' dir='ltr'><strong>Qua:</strong></span> <span class='ocrx_word' id='word_1_109' title='bbox 1703 1590 1772 1644; x_wconf 86' lang='lat' dir='ltr'><strong>ab</strong></span> <span class='ocrx_word' id='word_1_110' title='bbox 1817 1588 1950 1658; x_wconf 87' lang='lat' dir='ltr'><strong>ipsis</strong></span> <span class='ocrx_word' id='word_1_111' title='bbox 1983 1601 2111 1641; x_wconf 90' lang='lat' dir='ltr'><strong>vero</strong></span> 
     </span>
    </p>
   </div>
   <div class='ocr_carea' id='block_1_18' title="bbox 547 1676 2110 1754">
    <p class='ocr_par' dir='ltr' id='par_1_18' title="bbox 547 1676 2110 1754">
     <span class='ocr_line' id='line_1_18' title="bbox 547 1676 2110 1754; baseline -0.006 -16"><span class='ocrx_word' id='word_1_112' title='bbox 547 1684 887 1749; x_wconf 83' lang='lat' dir='ltr'><strong>dicebantur,</strong></span> <span class='ocrx_word' id='word_1_113' title='bbox 920 1699 1261 1754; x_wconf 82' lang='lat' dir='ltr'><strong>nequaquam</strong></span> <span class='ocrx_word' id='word_1_114' title='bbox 1289 1685 1431 1738; x_wconf 81' lang='lat' dir='ltr'><strong>inter</strong></span> <span class='ocrx_word' id='word_1_115' title='bbox 1460 1697 1520 1738; x_wconf 88' lang='lat' dir='ltr'><strong>se</strong></span> <span class='ocrx_word' id='word_1_116' title='bbox 1542 1680 1951 1737; x_wconf 81' lang='lat' dir='ltr'><strong>conveniebant.</strong></span> <span class='ocrx_word' id='word_1_117' title='bbox 1977 1676 2110 1731; x_wconf 83' lang='lat' dir='ltr'><strong>Cum</strong></span> 
     </span>
    </p>
   </div>
   <div class='ocr_carea' id='block_1_19' title="bbox 553 1751 2187 1844">
    <p class='ocr_par' dir='ltr' id='par_1_19' title="bbox 553 1751 2187 1844">
     <span class='ocr_line' id='line_1_19' title="bbox 553 1751 2187 1844; baseline -0.006 -16"><span class='ocrx_word' id='word_1_118' title='bbox 553 1775 775 1830; x_wconf 75' lang='lat' dir='ltr'><strong>vidisset</strong></span> <span class='ocrx_word' id='word_1_119' title='bbox 807 1784 987 1831; x_wconf 85' lang='lat' dir='ltr'><strong>autem</strong></span> <span class='ocrx_word' id='word_1_120' title='bbox 1007 1751 1398 1844; x_wconf 75' lang='lat' dir='ltr'><strong>philosophus,</strong></span> <span class='ocrx_word' id='word_1_121' title='bbox 1428 1772 1700 1842; x_wconf 87' lang='lat' dir='ltr'><strong>quomodo</strong></span> <span class='ocrx_word' id='word_1_122' title='bbox 1727 1770 1894 1823; x_wconf 84' lang='lat' dir='ltr'><strong>vitam</strong></span> <span class='ocrx_word' id='word_1_123' title='bbox 1924 1767 2118 1837; x_wconf 83' lang='lat' dir='ltr'><strong>agebat</strong></span> <span class='ocrx_word' id='word_1_124' title='bbox 2144 1751 2187 1807; x_wconf 80' lang='grc' dir='ltr'><strong>Β</strong></span> 
     </span>
    </p>
   </div>
   <div class='ocr_carea' id='block_1_20' title="bbox 554 1854 2117 1934">
    <p class='ocr_par' dir='ltr' id='par_1_20' title="bbox 554 1854 2117 1934">
     <span class='ocr_line' id='line_1_20' title="bbox 554 1854 2117 1934; baseline -0.006 -17"><span class='ocrx_word' id='word_1_125' title='bbox 554 1863 887 1934; x_wconf 81' lang='lat' dir='ltr'><strong>Epiphanius</strong></span> <span class='ocrx_word' id='word_1_126' title='bbox 911 1903 927 1929; x_wconf 96' lang='lat'><strong>,</strong></span> <span class='ocrx_word' id='word_1_127' title='bbox 957 1877 1082 1917; x_wconf 91' lang='lat' dir='ltr'><strong>eum</strong></span> <span class='ocrx_word' id='word_1_128' title='bbox 1110 1862 1263 1916; x_wconf 86' lang='lat' dir='ltr'><strong>valde</strong></span> <span class='ocrx_word' id='word_1_129' title='bbox 1290 1862 1511 1927; x_wconf 80' lang='lat' dir='ltr'><strong>dilexit,</strong></span> <span class='ocrx_word' id='word_1_130' title='bbox 1543 1871 1598 1916; x_wconf 87' lang='lat' dir='ltr'><strong>et</strong></span> <span class='ocrx_word' id='word_1_131' title='bbox 1626 1868 1826 1929; x_wconf 81' lang='lat' dir='ltr'><strong>quarto</strong></span> <span class='ocrx_word' id='word_1_132' title='bbox 1858 1857 1943 1911; x_wconf 90' lang='lat' dir='ltr'><strong>die</strong></span> <span class='ocrx_word' id='word_1_133' title='bbox 1980 1854 2117 1910; x_wconf 90' lang='lat' dir='ltr'><strong>dixit</strong></span> 
     </span>
    </p>
   </div>
   <div class='ocr_carea' id='block_1_21' title="bbox 553 1944 2112 2021">
    <p class='ocr_par' dir='ltr' id='par_1_21' title="bbox 553 1944 2112 2021">
     <span class='ocr_line' id='line_1_21' title="bbox 553 1944 2112 2021; baseline -0.006 -17"><span class='ocrx_word' id='word_1_134' title='bbox 553 1953 603 2005; x_wconf 69' lang='lat' dir='ltr'><strong>vi</strong></span> <span class='ocrx_word' id='word_1_135' title='bbox 642 1970 656 2005; x_wconf 91' lang='lat'><strong>:</strong></span> <span class='ocrx_word' id='word_1_136' title='bbox 706 1950 981 2021; x_wconf 75' lang='lat' dir='ltr'><strong>lagister,</strong></span> <span class='ocrx_word' id='word_1_137' title='bbox 1034 1951 1258 2021; x_wconf 85' lang='lat' dir='ltr'><strong>pulchra</strong></span> <span class='ocrx_word' id='word_1_138' title='bbox 1301 1959 1385 2007; x_wconf 89' lang='lat' dir='ltr'><strong>est</strong></span> <span class='ocrx_word' id='word_1_139' title='bbox 1431 1949 1596 2020; x_wconf 87' lang='lat' dir='ltr'><strong>hujus</strong></span> <span class='ocrx_word' id='word_1_140' title='bbox 1644 1948 1747 2002; x_wconf 89' lang='lat' dir='ltr'><strong>loci</strong></span> <span class='ocrx_word' id='word_1_141' title='bbox 1800 1944 2062 2000; x_wconf 77' lang='lat' dir='ltr'><strong>habitatio</strong></span> <span class='ocrx_word' id='word_1_142' title='bbox 2099 1957 2112 1994; x_wconf 92' lang='lat'><strong>:</strong></span> 
     </span>
    </p>
   </div>
   <div class='ocr_carea' id='block_1_22' title="bbox 559 2039 2113 2125">
    <p class='ocr_par' dir='ltr' id='par_1_22' title="bbox 559 2039 2113 2125">
     <span class='ocr_line' id='line_1_22' title="bbox 559 2039 2113 2125; baseline -0.002 -29"><span class='ocrx_word' id='word_1_143' title='bbox 559 2043 712 2108; x_wconf 79' lang='lat' dir='ltr'><strong>Volo,</strong></span> <span class='ocrx_word' id='word_1_144' title='bbox 765 2045 829 2125; x_wconf 33' lang='lat' dir='ltr'><strong>si.</strong></span> <span class='ocrx_word' id='word_1_145' title='bbox 856 2044 1051 2115; x_wconf 86' lang='lat' dir='ltr'><strong>jubes,</strong></span> <span class='ocrx_word' id='word_1_146' title='bbox 1093 2046 1180 2099; x_wconf 92' lang='lat' dir='ltr'><strong>hic</strong></span> <span class='ocrx_word' id='word_1_147' title='bbox 1214 2045 1476 2098; x_wconf 84' lang='lat' dir='ltr'><strong>habitare.</strong></span> <span class='ocrx_word' id='word_1_148' title='bbox 1522 2042 1572 2097; x_wconf 90' lang='lat' dir='ltr'><strong>ls</strong></span> <span class='ocrx_word' id='word_1_149' title='bbox 1623 2055 1751 2096; x_wconf 87' lang='lat' dir='ltr'><strong>vero</strong></span> <span class='ocrx_word' id='word_1_150' title='bbox 1784 2039 1921 2094; x_wconf 76' lang='lat' dir='ltr'><strong>dixit</strong></span> <span class='ocrx_word' id='word_1_151' title='bbox 1961 2039 2061 2107; x_wconf 86' lang='lat' dir='ltr'><strong>ipsi</strong></span> <span class='ocrx_word' id='word_1_152' title='bbox 2100 2057 2113 2093; x_wconf 86' lang='lat'><strong>:</strong></span> 
     </span>
    </p>
   </div>
   <div class='ocr_carea' id='block_1_23' title="bbox 556 2129 2115 2201">
    <p class='ocr_par' dir='ltr' id='par_1_23' title="bbox 556 2129 2115 2201">
     <span class='ocr_line' id='line_1_23' title="bbox 556 2129 2115 2201; baseline -0.004 -13"><span class='ocrx_word' id='word_1_153' title='bbox 556 2135 671 2191; x_wconf 78' lang='lat' dir='ltr'><strong>Hoc</strong></span> <span class='ocrx_word' id='word_1_154' title='bbox 715 2136 879 2190; x_wconf 82' lang='lat' dir='ltr'><strong>situm</strong></span> <span class='ocrx_word' id='word_1_155' title='bbox 933 2143 1016 2189; x_wconf 89' lang='lat' dir='ltr'><strong>est</strong></span> <span class='ocrx_word' id='word_1_156' title='bbox 1061 2135 1117 2189; x_wconf 94' lang='lat' dir='ltr'><strong>in</strong></span> <span class='ocrx_word' id='word_1_157' title='bbox 1176 2134 1347 2189; x_wconf 87' lang='lat' dir='ltr'><strong>libero</strong></span> <span class='ocrx_word' id='word_1_158' title='bbox 1391 2131 1820 2201; x_wconf 87' lang='lat' dir='ltr'><strong>uniuscujusque</strong></span> <span class='ocrx_word' id='word_1_159' title='bbox 1868 2129 2115 2184; x_wconf 85' lang='lat' dir='ltr'><strong>arbitrio.</strong></span> 
     </span>
    </p>
   </div>
   <div class='ocr_carea' id='block_1_24' title="bbox 555 2218 2113 2294">
    <p class='ocr_par' dir='ltr' id='par_1_24' title="bbox 555 2218 2113 2294">
     <span class='ocr_line' id='line_1_24' title="bbox 555 2218 2113 2294; baseline -0.004 -17"><span class='ocrx_word' id='word_1_160' title='bbox 555 2222 916 2294; x_wconf 72' lang='lat' dir='ltr'><strong>Philosophus</strong></span> <span class='ocrx_word' id='word_1_161' title='bbox 960 2230 1139 2277; x_wconf 85' lang='lat' dir='ltr'><strong>autem</strong></span> <span class='ocrx_word' id='word_1_162' title='bbox 1172 2240 1186 2275; x_wconf 86' lang='lat'><strong>:</strong></span> <span class='ocrx_word' id='word_1_163' title='bbox 1229 2221 1369 2287; x_wconf 81' lang='lat' dir='ltr'><strong>Quin</strong></span> <span class='ocrx_word' id='word_1_164' title='bbox 1408 2221 1570 2275; x_wconf 90' lang='lat' dir='ltr'><strong>etiam</strong></span> <span class='ocrx_word' id='word_1_165' title='bbox 1606 2220 1774 2274; x_wconf 91' lang='lat' dir='ltr'><strong>libros</strong></span> <span class='ocrx_word' id='word_1_166' title='bbox 1808 2233 1980 2284; x_wconf 89' lang='lat' dir='ltr'><strong>meos,</strong></span> <span class='ocrx_word' id='word_1_167' title='bbox 2030 2218 2113 2272; x_wconf 92' lang='lat' dir='ltr'><strong>in-</strong></span> 
     </span>
    </p>
   </div>
   <div class='ocr_carea' id='block_1_25' title="bbox 556 2310 2123 2385">
    <p class='ocr_par' dir='ltr' id='par_1_25' title="bbox 556 2310 2123 2385">
     <span class='ocr_line' id='line_1_25' title="bbox 556 2310 2123 2385; baseline -0.002 -14"><span class='ocrx_word' id='word_1_168' title='bbox 556 2316 695 2385; x_wconf 87' lang='lat' dir='ltr'><strong>quit,</strong></span> <span class='ocrx_word' id='word_1_169' title='bbox 732 2318 842 2374; x_wconf 80' lang='lat' dir='ltr'><strong>huc</strong></span> <span class='ocrx_word' id='word_1_170' title='bbox 888 2314 1027 2369; x_wconf 71' lang='lat' dir='ltr'><strong>fero.</strong></span> <span class='ocrx_word' id='word_1_171' title='bbox 1076 2312 1217 2367; x_wconf 88' lang='lat' dir='ltr'><strong>Dicit</strong></span> <span class='ocrx_word' id='word_1_172' title='bbox 1256 2311 1586 2382; x_wconf 81' lang='lat' dir='ltr'><strong>Epiphanius</strong></span> <span class='ocrx_word' id='word_1_173' title='bbox 1616 2327 1630 2363; x_wconf 91' lang='lat'><strong>:</strong></span> <span class='ocrx_word' id='word_1_174' title='bbox 1663 2310 1722 2365; x_wconf 88' lang='lat' dir='ltr'><strong>Si</strong></span> <span class='ocrx_word' id='word_1_175' title='bbox 1748 2313 1877 2381; x_wconf 89' lang='lat' dir='ltr'><strong>quid</strong></span> <span class='ocrx_word' id='word_1_176' title='bbox 1907 2313 2002 2367; x_wconf 90' lang='lat' dir='ltr'><strong>tibi</strong></span> <span class='ocrx_word' id='word_1_177' title='bbox 2031 2328 2123 2368; x_wconf 82' lang='lat' dir='ltr'><strong>ve-</strong></span> 
     </span>
    </p>
   </div>
   <div class='ocr_carea' id='block_1_26' title="bbox 558 2402 2122 2473">
    <p class='ocr_par' dir='ltr' id='par_1_26' title="bbox 558 2402 2122 2473">
     <span class='ocr_line' id='line_1_26' title="bbox 558 2402 2122 2473; baseline -0.003 -13"><span class='ocrx_word' id='word_1_178' title='bbox 558 2407 673 2460; x_wconf 93' lang='lat' dir='ltr'><strong>niat</strong></span> <span class='ocrx_word' id='word_1_179' title='bbox 723 2405 777 2459; x_wconf 95' lang='lat' dir='ltr'><strong>in</strong></span> <span class='ocrx_word' id='word_1_180' title='bbox 845 2416 1120 2469; x_wconf 89' lang='lat' dir='ltr'><strong>mentem,</strong></span> <span class='ocrx_word' id='word_1_181' title='bbox 1175 2418 1390 2473; x_wconf 69' lang='lat' dir='ltr'><strong>aequum</strong></span> <span class='ocrx_word' id='word_1_182' title='bbox 1436 2410 1492 2457; x_wconf 87' lang='lat' dir='ltr'><strong>et</strong></span> <span class='ocrx_word' id='word_1_183' title='bbox 1530 2402 1853 2458; x_wconf 69' lang='lat' dir='ltr'><strong>benevolum</strong></span> <span class='ocrx_word' id='word_1_184' title='bbox 1896 2403 2122 2458; x_wconf 86' lang='lat' dir='ltr'><strong>habebis</strong></span> 
     </span>
    </p>
   </div>
   <div class='ocr_carea' id='block_1_27' title="bbox 561 2492 2123 2571">
    <p class='ocr_par' dir='ltr' id='par_1_27' title="bbox 561 2492 2123 2571">
     <span class='ocr_line' id='line_1_27' title="bbox 561 2492 2123 2571; baseline -0.001 -22"><span class='ocrx_word' id='word_1_185' title='bbox 561 2495 941 2571; x_wconf 81' lang='lat' dir='ltr'><strong>Epiphanium.</strong></span> <span class='ocrx_word' id='word_1_186' title='bbox 996 2493 1143 2549; x_wconf 89' lang='lat' dir='ltr'><strong>Dixit</strong></span> <span class='ocrx_word' id='word_1_187' title='bbox 1190 2501 1371 2548; x_wconf 89' lang='lat' dir='ltr'><strong>autem</strong></span> <span class='ocrx_word' id='word_1_188' title='bbox 1424 2492 1780 2562; x_wconf 84' lang='lat' dir='ltr'><strong>philosophus</strong></span> <span class='ocrx_word' id='word_1_189' title='bbox 1827 2511 1840 2547; x_wconf 89' lang='lat'><strong>:</strong></span> <span class='ocrx_word' id='word_1_190' title='bbox 1889 2492 2123 2548; x_wconf 86' lang='lat' dir='ltr'><strong>Omnino</strong></span> 
     </span>
    </p>
   </div>
   <div class='ocr_carea' id='block_1_28' title="bbox 563 2584 2120 2654">
    <p class='ocr_par' dir='ltr' id='par_1_28' title="bbox 563 2584 2120 2654">
     <span class='ocr_line' id='line_1_28' title="bbox 563 2584 2120 2654; baseline -0.001 -14"><span class='ocrx_word' id='word_1_191' title='bbox 563 2588 661 2643; x_wconf 89' lang='lat' dir='ltr'><strong>ibit</strong></span> <span class='ocrx_word' id='word_1_192' title='bbox 700 2585 955 2642; x_wconf 81' lang='lat' dir='ltr'><strong>Callistus</strong></span> <span class='ocrx_word' id='word_1_193' title='bbox 1002 2587 1069 2640; x_wconf 88' lang='lat' dir='ltr'><strong>ad</strong></span> <span class='ocrx_word' id='word_1_194' title='bbox 1113 2600 1266 2642; x_wconf 88' lang='lat' dir='ltr'><strong>meos</strong></span> <span class='ocrx_word' id='word_1_195' title='bbox 1318 2586 1508 2640; x_wconf 87' lang='lat' dir='ltr'><strong>libros.</strong></span> <span class='ocrx_word' id='word_1_196' title='bbox 1550 2584 1698 2638; x_wconf 89' lang='lat' dir='ltr'><strong>Dixit</strong></span> <span class='ocrx_word' id='word_1_197' title='bbox 1741 2584 2120 2654; x_wconf 82' lang='lat' dir='ltr'><strong>Epiphanius:</strong></span> 
     </span>
    </p>
   </div>
   <div class='ocr_carea' id='block_1_29' title="bbox 562 2674 2127 2749">
    <p class='ocr_par' dir='ltr' id='par_1_29' title="bbox 562 2674 2127 2749">
     <span class='ocr_line' id='line_1_29' title="bbox 562 2674 2127 2749; baseline 0.001 -19"><span class='ocrx_word' id='word_1_198' title='bbox 562 2680 697 2749; x_wconf 76' lang='lat' dir='ltr'><strong>Age,</strong></span> <span class='ocrx_word' id='word_1_199' title='bbox 716 2678 849 2733; x_wconf 79' lang='lat' dir='ltr'><strong>vade</strong></span> <span class='ocrx_word' id='word_1_200' title='bbox 891 2693 1059 2733; x_wconf 89' lang='lat' dir='ltr'><strong>sanus</strong></span> <span class='ocrx_word' id='word_1_201' title='bbox 1106 2693 1227 2734; x_wconf 93' lang='lat' dir='ltr'><strong>cum</strong></span> <span class='ocrx_word' id='word_1_202' title='bbox 1265 2677 1507 2733; x_wconf 85' lang='lat' dir='ltr'><strong>Callisto.</strong></span> <span class='ocrx_word' id='word_1_203' title='bbox 1557 2674 1700 2731; x_wconf 91' lang='lat' dir='ltr'><strong>Dicit</strong></span> <span class='ocrx_word' id='word_1_204' title='bbox 1731 2686 1910 2731; x_wconf 88' lang='lat' dir='ltr'><strong>autem</strong></span> <span class='ocrx_word' id='word_1_205' title='bbox 1950 2677 2127 2746; x_wconf 88' lang='lat' dir='ltr'><strong>philo-</strong></span> 
     </span>
    </p>
   </div>
   <div class='ocr_carea' id='block_1_30' title="bbox 560 2768 2127 2839">
    <p class='ocr_par' dir='ltr' id='par_1_30' title="bbox 560 2768 2127 2839">
     <span class='ocr_line' id='line_1_30' title="bbox 560 2768 2127 2839; baseline -0.003 -14"><span class='ocrx_word' id='word_1_206' title='bbox 560 2770 768 2839; x_wconf 84' lang='lat' dir='ltr'><strong>sophus</strong></span> <span class='ocrx_word' id='word_1_207' title='bbox 805 2788 818 2823; x_wconf 90' lang='lat'><strong>:</strong></span> <span class='ocrx_word' id='word_1_208' title='bbox 853 2768 959 2825; x_wconf 78' lang='lat' dir='ltr'><strong>Res</strong></span> <span class='ocrx_word' id='word_1_209' title='bbox 986 2782 1175 2824; x_wconf 88' lang='lat' dir='ltr'><strong>omnes</strong></span> <span class='ocrx_word' id='word_1_210' title='bbox 1220 2783 1372 2824; x_wconf 89' lang='lat' dir='ltr'><strong>meas</strong></span> <span class='ocrx_word' id='word_1_211' title='bbox 1402 2768 1703 2839; x_wconf 85' lang='lat' dir='ltr'><strong>relinquam</strong></span> <span class='ocrx_word' id='word_1_212' title='bbox 1733 2768 1979 2834; x_wconf 81' lang='lat' dir='ltr'><strong>Callisto,</strong></span> <span class='ocrx_word' id='word_1_213' title='bbox 2026 2783 2127 2822; x_wconf 92' lang='lat' dir='ltr'><strong>nec</strong></span> 
     </span>
    </p>
   </div>
   <div class='ocr_carea' id='block_1_31' title="bbox 564 2858 2126 2917">
    <p class='ocr_par' dir='ltr' id='par_1_31' title="bbox 564 2858 2126 2917">
     <span class='ocr_line' id='line_1_31' title="bbox 564 2858 2126 2917; baseline -0.002 -2"><span class='ocrx_word' id='word_1_214' title='bbox 564 2877 627 2915; x_wconf 86' lang='lat' dir='ltr'><strong>ex</strong></span> <span class='ocrx_word' id='word_1_215' title='bbox 670 2862 772 2916; x_wconf 87' lang='lat' dir='ltr'><strong>hoc</strong></span> <span class='ocrx_word' id='word_1_216' title='bbox 814 2861 935 2916; x_wconf 86' lang='lat' dir='ltr'><strong>loco</strong></span> <span class='ocrx_word' id='word_1_217' title='bbox 971 2860 1151 2917; x_wconf 80' lang='lat' dir='ltr'><strong>exibo.</strong></span> <span class='ocrx_word' id='word_1_218' title='bbox 1199 2858 1332 2914; x_wconf 85' lang='lat' dir='ltr'><strong>Erat</strong></span> <span class='ocrx_word' id='word_1_219' title='bbox 1375 2874 1505 2915; x_wconf 84' lang='lat' dir='ltr'><strong>vero</strong></span> <span class='ocrx_word' id='word_1_220' title='bbox 1548 2860 1637 2915; x_wconf 90' lang='lat' dir='ltr'><strong>hic</strong></span> <span class='ocrx_word' id='word_1_221' title='bbox 1686 2859 1942 2915; x_wconf 86' lang='lat' dir='ltr'><strong>Callistus</strong></span> <span class='ocrx_word' id='word_1_222' title='bbox 1988 2859 2126 2914; x_wconf 80' lang='lat' dir='ltr'><strong>Aetii</strong></span> 
     </span>
    </p>
   </div>
   <div class='ocr_carea' id='block_1_32' title="bbox 568 2948 2125 3023">
    <p class='ocr_par' dir='ltr' id='par_1_32' title="bbox 568 2948 2125 3023">
     <span class='ocr_line' id='line_1_32' title="bbox 568 2948 2125 3023; baseline -0.001 -16"><span class='ocrx_word' id='word_1_223' title='bbox 568 2953 745 3023; x_wconf 72' lang='lat' dir='ltr'><strong>magni</strong></span> <span class='ocrx_word' id='word_1_224' title='bbox 779 2949 967 3007; x_wconf 71' lang='lat' dir='ltr'><strong>Roma:</strong></span> <span class='ocrx_word' id='word_1_225' title='bbox 995 2948 1231 3020; x_wconf 73' lang='lat' dir='ltr'><strong>praefecti</strong></span> <span class='ocrx_word' id='word_1_226' title='bbox 1262 2949 1428 3005; x_wconf 74' lang='lat' dir='ltr'><strong>(ilius.</strong></span> <span class='ocrx_word' id='word_1_227' title='bbox 1465 2949 1517 3005; x_wconf 88' lang='lat' dir='ltr'><strong>ls</strong></span> <span class='ocrx_word' id='word_1_228' title='bbox 1540 2964 1665 3006; x_wconf 89' lang='lat' dir='ltr'><strong>cum</strong></span> <span class='ocrx_word' id='word_1_229' title='bbox 1691 2951 1987 3020; x_wconf 79' lang='lat' dir='ltr'><strong>malignum</strong></span> <span class='ocrx_word' id='word_1_230' title='bbox 2026 2951 2125 3006; x_wconf 89' lang='lat' dir='ltr'><strong>ba-</strong></span> 
     </span>
    </p>
   </div>
   <div class='ocr_carea' id='block_1_33' title="bbox 2205 486 3764 561">
    <p class='ocr_par' dir='ltr' id='par_1_33' title="bbox 2205 486 3764 561">
     <span class='ocr_line' id='line_1_33' title="bbox 2205 486 3764 561; baseline -0.003 -18"><span class='ocrx_word' id='word_1_231' title='bbox 2205 507 2412 549; x_wconf 82' lang='grc' dir='ltr'>νανται.</span> <span class='ocrx_word' id='word_1_232' title='bbox 2438 490 2473 558; x_wconf 73' lang='grc' dir='ltr'>ἦ</span> <span class='ocrx_word' id='word_1_233' title='bbox 2498 492 2658 542; x_wconf 74' lang='grc' dir='ltr'>κακοὶ</span> <span class='ocrx_word' id='word_1_234' title='bbox 2689 489 2871 553; x_wconf 82' lang='grc' dir='ltr'>καλοῖς</span> <span class='ocrx_word' id='word_1_235' title='bbox 2904 490 3276 561; x_wconf 78' lang='grc' dir='ltr'>συμφυρέντες</span> <span class='ocrx_word' id='word_1_236' title='bbox 3303 490 3360 540; x_wconf 77' lang='grc' dir='ltr'>ὲν</span> <span class='ocrx_word' id='word_1_237' title='bbox 3390 488 3477 540; x_wconf 60' lang='grc' dir='ltr'><strong>ἐνὶ</strong></span> <span class='ocrx_word' id='word_1_238' title='bbox 3505 486 3645 556; x_wconf 76' lang='grc' dir='ltr'>ξύλῳ</span> <span class='ocrx_word' id='word_1_239' title='bbox 3671 503 3764 538; x_wconf 82' lang='grc' dir='ltr'>τα-</span> 
     </span>
    </p>
   </div>
   <div class='ocr_carea' id='block_1_34' title="bbox 2205 576 3763 650">
    <p class='ocr_par' dir='ltr' id='par_1_34' title="bbox 2205 576 3763 650">
     <span class='ocr_line' id='line_1_34' title="bbox 2205 576 3763 650; baseline -0.004 -17"><span class='ocrx_word' id='word_1_240' title='bbox 2205 581 2577 650; x_wconf 79' lang='grc' dir='ltr'>νυσθήσονται.</span> <span class='ocrx_word' id='word_1_241' title='bbox 2606 580 2793 642; x_wconf 73' lang='grc' dir='ltr'>Οὐδεὶς</span> <span class='ocrx_word' id='word_1_242' title='bbox 2833 580 2942 649; x_wconf 71' lang='grc' dir='ltr'><strong>γὰρ</strong></span> <span class='ocrx_word' id='word_1_243' title='bbox 2976 578 3276 650; x_wconf 85' lang='grc' dir='ltr'>ἀνθρώπων</span> <span class='ocrx_word' id='word_1_244' title='bbox 3308 579 3404 632; x_wconf 70' lang='grc' dir='ltr'>ἕνα</span> <span class='ocrx_word' id='word_1_245' title='bbox 3435 576 3637 647; x_wconf 82' lang='grc' dir='ltr'>χιτῶνα</span> <span class='ocrx_word' id='word_1_246' title='bbox 3667 593 3763 643; x_wconf 79' lang='grc' dir='ltr'><strong>φο-</strong></span> 
     </span>
    </p>
   </div>
   <div class='ocr_carea' id='block_1_35' title="bbox 2209 667 3768 743">
    <p class='ocr_par' dir='ltr' id='par_1_35' title="bbox 2209 667 3768 743">
     <span class='ocr_line' id='line_1_35' title="bbox 2209 667 3768 743; baseline -0.018 1"><span class='ocrx_word' id='word_1_247' title='bbox 2209 672 2336 743; x_wconf 73' lang='grc' dir='ltr'><strong>Ρῶνν</strong></span> <span class='ocrx_word' id='word_1_248' title='bbox 2372 672 2663 737; x_wconf 75' lang='grc' dir='ltr'>ἀνάξειντον</span> <span class='ocrx_word' id='word_1_249' title='bbox 2694 670 2755 723; x_wconf 72' lang='grc' dir='ltr'>τὸ</span> <span class='ocrx_word' id='word_1_250' title='bbox 2796 672 2957 741; x_wconf 72' lang='grc' dir='ltr'>σῶμα</span> <span class='ocrx_word' id='word_1_251' title='bbox 3004 670 3335 739; x_wconf 68' lang='grc' dir='ltr'>διαφυλάξει.</span> <span class='ocrx_word' id='word_1_252' title='bbox 3374 670 3438 723; x_wconf 82' lang='grc' dir='ltr'><strong>Ἦ</strong></span> <span class='ocrx_word' id='word_1_253' title='bbox 3472 668 3578 737; x_wconf 75' lang='grc' dir='ltr'><strong>γὰρ</strong></span> <span class='ocrx_word' id='word_1_254' title='bbox 3622 667 3768 719; x_wconf 77' lang='grc' dir='ltr'>πλεί-</span> 
     </span>
    </p>
   </div>
   <div class='ocr_carea' id='block_1_36' title="bbox 2210 757 3769 834">
    <p class='ocr_par' dir='ltr' id='par_1_36' title="bbox 2210 757 3769 834">
     <span class='ocr_line' id='line_1_36' title="bbox 2210 757 3769 834; baseline -0.005 -19"><span class='ocrx_word' id='word_1_255' title='bbox 2210 781 2307 834; x_wconf 88' lang='grc' dir='ltr'><strong>στη</strong></span> <span class='ocrx_word' id='word_1_256' title='bbox 2348 764 2602 832; x_wconf 87' lang='grc' dir='ltr'>συντυχία</span> <span class='ocrx_word' id='word_1_257' title='bbox 2650 762 2933 825; x_wconf 76' lang='grc' dir='ltr'><strong>πλείστους</strong></span> <span class='ocrx_word' id='word_1_258' title='bbox 2975 761 3164 830; x_wconf 78' lang='grc' dir='ltr'>λόγους</span> <span class='ocrx_word' id='word_1_259' title='bbox 3208 759 3457 829; x_wconf 77' lang='grc' dir='ltr'><strong>παρέχει.</strong></span> <span class='ocrx_word' id='word_1_260' title='bbox 3504 759 3675 813; x_wconf 80' lang='grc' dir='ltr'>Ὀπου</span> <span class='ocrx_word' id='word_1_261' title='bbox 3712 757 3769 808; x_wconf 77' lang='grc' dir='ltr'><strong>δέ</strong></span> 
     </span>
    </p>
   </div>
   <div class='ocr_carea' id='block_1_37' title="bbox 2208 848 3769 924">
    <p class='ocr_par' dir='ltr' id='par_1_37' title="bbox 2208 848 3769 924">
     <span class='ocr_line' id='line_1_37' title="bbox 2208 848 3769 924; baseline -0.004 -19"><span class='ocrx_word' id='word_1_262' title='bbox 2208 854 2447 907; x_wconf 85' lang='grc' dir='ltr'>πλεῖστοι</span> <span class='ocrx_word' id='word_1_263' title='bbox 2498 853 2666 921; x_wconf 83' lang='grc' dir='ltr'>λόγοι,</span> <span class='ocrx_word' id='word_1_264' title='bbox 2710 853 3038 924; x_wconf 68' lang='grc' dir='ltr'><strong>πολυπειρία</strong></span> <span class='ocrx_word' id='word_1_265' title='bbox 3091 852 3431 922; x_wconf 76' lang='grc' dir='ltr'><strong>πραγμάτων</strong></span> <span class='ocrx_word' id='word_1_266' title='bbox 3479 848 3769 918; x_wconf 71' lang='grc' dir='ltr'>διαφόρων.</span> 
     </span>
    </p>
   </div>
   <div class='ocr_carea' id='block_1_38' title="bbox 2207 940 3775 1013">
    <p class='ocr_par' dir='ltr' id='par_1_38' title="bbox 2207 940 3775 1013">
     <span class='ocr_line' id='line_1_38' title="bbox 2207 940 3775 1013; baseline -0.006 -15"><span class='ocrx_word' id='word_1_267' title='bbox 2207 944 2391 999; x_wconf 78' lang='grc' dir='ltr'>Ταῦτα</span> <span class='ocrx_word' id='word_1_268' title='bbox 2432 946 2488 998; x_wconf 83' lang='grc' dir='ltr'>δὲ</span> <span class='ocrx_word' id='word_1_269' title='bbox 2527 944 2693 998; x_wconf 86' lang='grc' dir='ltr'>είπὼν</span> <span class='ocrx_word' id='word_1_270' title='bbox 2738 948 2767 999; x_wconf 94' lang='lat'><strong>6</strong></span> <span class='ocrx_word' id='word_1_271' title='bbox 2796 944 3082 1013; x_wconf 79' lang='grc' dir='ltr'>φιλόσοφος</span> <span class='ocrx_word' id='word_1_272' title='bbox 3125 944 3262 1012; x_wconf 81' lang='grc' dir='ltr'>πρὸς</span> <span class='ocrx_word' id='word_1_273' title='bbox 3315 941 3644 1008; x_wconf 77' lang='grc' dir='ltr'>Ἑπιφάνιον,</span> <span class='ocrx_word' id='word_1_274' title='bbox 3676 940 3775 992; x_wconf 68' lang='grc' dir='ltr'>καὶ</span> 
     </span>
    </p>
   </div>
   <div class='ocr_carea' id='block_1_39' title="bbox 2209 1030 3773 1105">
    <p class='ocr_par' dir='ltr' id='par_1_39' title="bbox 2209 1030 3773 1105">
     <span class='ocr_line' id='line_1_39' title="bbox 2209 1030 3773 1105; baseline -0.004 -16"><span class='ocrx_word' id='word_1_275' title='bbox 2209 1036 2430 1091; x_wconf 78' lang='grc' dir='ltr'><strong>πλείονα</strong></span> <span class='ocrx_word' id='word_1_276' title='bbox 2455 1035 2658 1090; x_wconf 86' lang='grc' dir='ltr'>τούτων</span> <span class='ocrx_word' id='word_1_277' title='bbox 2678 1075 2693 1099; x_wconf 89' lang='grc'><em>,</em></span> <span class='ocrx_word' id='word_1_278' title='bbox 2723 1034 3107 1105; x_wconf 80' lang='grc' dir='ltr'><strong>ἀπεσιώπησεν</strong></span> <span class='ocrx_word' id='word_1_279' title='bbox 3144 1033 3340 1105; x_wconf 73' lang='grc' dir='ltr'>μηκέτι</span> <span class='ocrx_word' id='word_1_280' title='bbox 3383 1030 3773 1101; x_wconf 76' lang='grc' dir='ltr'><strong>φθεγγόμενος.</strong></span> 
     </span>
    </p>
   </div>
   <div class='ocr_carea' id='block_1_40' title="bbox 2280 1226 3779 1300">
    <p class='ocr_par' dir='ltr' id='par_1_40' title="bbox 2280 1226 3779 1300">
     <span class='ocr_line' id='line_1_40' title="bbox 2280 1226 3779 1300; baseline -0.007 -12"><span class='ocrx_word' id='word_1_281' title='bbox 2280 1234 2405 1289; x_wconf 81' lang='grc' dir='ltr'><strong>ΚΓ.</strong></span> <span class='ocrx_word' id='word_1_282' title='bbox 2461 1233 2774 1288; x_wconf 80' lang='grc' dir='ltr'>’Υπολαδὼν</span> <span class='ocrx_word' id='word_1_283' title='bbox 2816 1233 2875 1285; x_wconf 73' lang='grc' dir='ltr'><strong>δὲ</strong></span> <span class='ocrx_word' id='word_1_284' title='bbox 2918 1231 3231 1300; x_wconf 80' lang='grc' dir='ltr'>Ἐπιφάνιος</span> <span class='ocrx_word' id='word_1_285' title='bbox 3271 1230 3378 1282; x_wconf 78' lang='grc' dir='ltr'><strong>ἀπὸ</strong></span> <span class='ocrx_word' id='word_1_286' title='bbox 3422 1229 3519 1298; x_wconf 84' lang='grc' dir='ltr'>τῆς</span> <span class='ocrx_word' id='word_1_287' title='bbox 3553 1226 3779 1299; x_wconf 77' lang='grc' dir='ltr'>πρώτης</span> 
     </span>
    </p>
   </div>
   <div class='ocr_carea' id='block_1_41' title="bbox 2212 1317 3781 1395">
    <p class='ocr_par' dir='ltr' id='par_1_41' title="bbox 2212 1317 3781 1395">
     <span class='ocr_line' id='line_1_41' title="bbox 2212 1317 3781 1395; baseline -0.006 -17"><span class='ocrx_word' id='word_1_288' title='bbox 2212 1324 2395 1395; x_wconf 77' lang='grc' dir='ltr'>βίϐλου</span> <span class='ocrx_word' id='word_1_289' title='bbox 2423 1324 2521 1393; x_wconf 81' lang='grc' dir='ltr'>τῆς</span> <span class='ocrx_word' id='word_1_290' title='bbox 2566 1323 2920 1393; x_wconf 78' lang='grc' dir='ltr'>κοσμοποιῖας</span> <span class='ocrx_word' id='word_1_291' title='bbox 2949 1322 3335 1392; x_wconf 80' lang='grc' dir='ltr'>διερμήνευσεν</span> <span class='ocrx_word' id='word_1_292' title='bbox 3364 1323 3503 1372; x_wconf 79' lang='grc' dir='ltr'>κατὰ</span> <span class='ocrx_word' id='word_1_293' title='bbox 3536 1318 3662 1379; x_wconf 78' lang='grc' dir='ltr'>ἔπος</span> <span class='ocrx_word' id='word_1_294' title='bbox 3694 1317 3781 1386; x_wconf 71' lang='grc' dir='ltr'><strong>τῷ</strong></span> 
     </span>
    </p>
   </div>
   <div class='ocr_carea' id='block_1_42' title="bbox 2211 1408 3785 1486">
    <p class='ocr_par' dir='ltr' id='par_1_42' title="bbox 2211 1408 3785 1486">
     <span class='ocr_line' id='line_1_42' title="bbox 2211 1408 3785 1486; baseline -0.008 -17"><span class='ocrx_word' id='word_1_295' title='bbox 2211 1416 2500 1486; x_wconf 67' lang='grc' dir='ltr'>φιλοσόφῳ.</span> <span class='ocrx_word' id='word_1_296' title='bbox 2545 1416 2602 1467; x_wconf 80' lang='grc'><strong>’0</strong></span> <span class='ocrx_word' id='word_1_297' title='bbox 2635 1414 2732 1484; x_wconf 85' lang='grc' dir='ltr'>μὲν</span> <span class='ocrx_word' id='word_1_298' title='bbox 2773 1408 2866 1466; x_wconf 81' lang='grc' dir='ltr'><strong>οὖν</strong></span> <span class='ocrx_word' id='word_1_299' title='bbox 2895 1413 3184 1482; x_wconf 77' lang='grc' dir='ltr'>φιλόσοφος</span> <span class='ocrx_word' id='word_1_300' title='bbox 3233 1412 3346 1474; x_wconf 84' lang='grc' dir='ltr'>τοῖς</span> <span class='ocrx_word' id='word_1_301' title='bbox 3378 1409 3475 1479; x_wconf 83' lang='grc' dir='ltr'>μὲν</span> <span class='ocrx_word' id='word_1_302' title='bbox 3509 1410 3785 1479; x_wconf 76' lang='grc' dir='ltr'>μετεῖχεν,</span> 
     </span>
    </p>
   </div>
   <div class='ocr_carea' id='block_1_43' title="bbox 2210 1498 3783 1574">
    <p class='ocr_par' dir='ltr' id='par_1_43' title="bbox 2210 1498 3783 1574">
     <span class='ocr_line' id='line_1_43' title="bbox 2210 1498 3783 1574; baseline -0.008 -14"><span class='ocrx_word' id='word_1_303' title='bbox 2210 1510 2324 1570; x_wconf 88' lang='grc' dir='ltr'>τοῖς</span> <span class='ocrx_word' id='word_1_304' title='bbox 2363 1506 2422 1559; x_wconf 77' lang='grc' dir='ltr'>δὲ</span> <span class='ocrx_word' id='word_1_305' title='bbox 2475 1504 2782 1574; x_wconf 81' lang='grc' dir='ltr'>ἀντέλεγεν.</span> <span class='ocrx_word' id='word_1_306' title='bbox 2807 1504 3104 1573; x_wconf 83' lang='grc' dir='ltr'>Ἐποίησαν</span> <span class='ocrx_word' id='word_1_307' title='bbox 3148 1501 3205 1554; x_wconf 81' lang='grc' dir='ltr'><strong>δὲ</strong></span> <span class='ocrx_word' id='word_1_308' title='bbox 3239 1503 3386 1572; x_wconf 84' lang='grc' dir='ltr'>τρεῖς</span> <span class='ocrx_word' id='word_1_309' title='bbox 3422 1500 3630 1570; x_wconf 80' lang='grc' dir='ltr'>ἡμέρας</span> <span class='ocrx_word' id='word_1_310' title='bbox 3661 1498 3783 1549; x_wconf 63' lang='grc' dir='ltr'>διας</span> 
     </span>
    </p>
   </div>
   <div class='ocr_carea' id='block_1_44' title="bbox 2214 1587 3788 1668">
    <p class='ocr_par' dir='ltr' id='par_1_44' title="bbox 2214 1587 3788 1668">
     <span class='ocr_line' id='line_1_44' title="bbox 2214 1587 3788 1668; baseline -0.006 -18"><span class='ocrx_word' id='word_1_311' title='bbox 2214 1598 2492 1668; x_wconf 84' lang='grc' dir='ltr'>λεγόμενοι</span> <span class='ocrx_word' id='word_1_312' title='bbox 2519 1597 2656 1668; x_wconf 74' lang='grc' dir='ltr'>πρὸς</span> <span class='ocrx_word' id='word_1_313' title='bbox 2686 1595 2932 1659; x_wconf 77' lang='grc' dir='ltr'>ἑαυτούς.</span> <span class='ocrx_word' id='word_1_314' title='bbox 2962 1593 3290 1664; x_wconf 81' lang='grc' dir='ltr'>Ἀσύμφωνα</span> <span class='ocrx_word' id='word_1_315' title='bbox 3321 1592 3377 1645; x_wconf 85' lang='grc' dir='ltr'>δὲ</span> <span class='ocrx_word' id='word_1_316' title='bbox 3405 1587 3472 1663; x_wconf 74' lang='grc' dir='ltr'>ἦν</span> <span class='ocrx_word' id='word_1_317' title='bbox 3497 1591 3680 1652; x_wconf 77' lang='grc' dir='ltr'>αὐτοῖς</span> <span class='ocrx_word' id='word_1_318' title='bbox 3713 1587 3788 1641; x_wconf 79' lang='grc' dir='ltr'><strong>τά</strong></span> 
     </span>
    </p>
   </div>
   <div class='ocr_carea' id='block_1_45' title="bbox 2215 1679 3790 1759">
    <p class='ocr_par' dir='ltr' id='par_1_45' title="bbox 2215 1679 3790 1759">
     <span class='ocr_line' id='line_1_45' title="bbox 2215 1679 3790 1759; baseline -0.008 -18"><span class='ocrx_word' id='word_1_319' title='bbox 2215 1688 2517 1759; x_wconf 79' lang='grc' dir='ltr'>λαλούμενα</span> <span class='ocrx_word' id='word_1_320' title='bbox 2548 1688 2639 1741; x_wconf 80' lang='grc' dir='ltr'>ὑπ’</span> <span class='ocrx_word' id='word_1_321' title='bbox 2673 1686 2871 1740; x_wconf 78' lang='grc' dir='ltr'>αὐτῶν.</span> <span class='ocrx_word' id='word_1_322' title='bbox 2900 1684 3044 1738; x_wconf 86' lang='grc' dir='ltr'>Ἰδὼν</span> <span class='ocrx_word' id='word_1_323' title='bbox 3076 1684 3134 1737; x_wconf 83' lang='grc' dir='ltr'>δὲ</span> <span class='ocrx_word' id='word_1_324' title='bbox 3161 1685 3189 1737; x_wconf 90' lang='lat'><strong>6</strong></span> <span class='ocrx_word' id='word_1_325' title='bbox 3230 1682 3515 1751; x_wconf 80' lang='grc' dir='ltr'>φιλόσοφος</span> <span class='ocrx_word' id='word_1_326' title='bbox 3541 1681 3639 1750; x_wconf 71' lang='grc' dir='ltr'><strong>τὴν</strong></span> <span class='ocrx_word' id='word_1_327' title='bbox 3666 1679 3790 1730; x_wconf 80' lang='grc' dir='ltr'>δια·-</span> 
     </span>
    </p>
   </div>
   <div class='ocr_carea' id='block_1_46' title="bbox 2216 1770 3788 1852">
    <p class='ocr_par' dir='ltr' id='par_1_46' title="bbox 2216 1770 3788 1852">
     <span class='ocr_line' id='line_1_46' title="bbox 2216 1770 3788 1852; baseline -0.008 -18"><span class='ocrx_word' id='word_1_328' title='bbox 2216 1782 2401 1852; x_wconf 81' lang='grc' dir='ltr'>γωγὴν</span> <span class='ocrx_word' id='word_1_329' title='bbox 2425 1780 2516 1833; x_wconf 73' lang='grc' dir='ltr'>καὶ</span> <span class='ocrx_word' id='word_1_330' title='bbox 2538 1779 2607 1832; x_wconf 81' lang='grc' dir='ltr'>τὰ</span> <span class='ocrx_word' id='word_1_331' title='bbox 2627 1778 2730 1849; x_wconf 76' lang='grc' dir='ltr'><strong>ῆθη</strong></span> <span class='ocrx_word' id='word_1_332' title='bbox 2754 1776 3092 1845; x_wconf 79' lang='grc' dir='ltr'>Ἑπιφανίου,</span> <span class='ocrx_word' id='word_1_333' title='bbox 3124 1774 3257 1827; x_wconf 76' lang='grc' dir='ltr'>πολὺ</span> <span class='ocrx_word' id='word_1_334' title='bbox 3284 1772 3569 1842; x_wconf 76' lang='grc' dir='ltr'>ἠγάπησεν</span> <span class='ocrx_word' id='word_1_335' title='bbox 3595 1770 3788 1824; x_wconf 74' lang='grc' dir='ltr'>αὐτόν.</span> 
     </span>
    </p>
   </div>
   <div class='ocr_carea' id='block_1_47' title="bbox 2217 1860 3792 1941">
    <p class='ocr_par' dir='ltr' id='par_1_47' title="bbox 2217 1860 3792 1941">
     <span class='ocr_line' id='line_1_47' title="bbox 2217 1860 3792 1941; baseline -0.008 -18"><span class='ocrx_word' id='word_1_336' title='bbox 2217 1872 2295 1941; x_wconf 80' lang='grc' dir='ltr'><strong>Τῇ</strong></span> <span class='ocrx_word' id='word_1_337' title='bbox 2334 1864 2427 1922; x_wconf 75' lang='grc' dir='ltr'><strong>οὖν</strong></span> <span class='ocrx_word' id='word_1_338' title='bbox 2477 1869 2711 1938; x_wconf 77' lang='grc' dir='ltr'>τετάρτῃ</span> <span class='ocrx_word' id='word_1_339' title='bbox 2755 1867 2937 1938; x_wconf 73' lang='grc' dir='ltr'>ἡμέρᾳ</span> <span class='ocrx_word' id='word_1_340' title='bbox 2965 1860 3116 1918; x_wconf 75' lang='grc' dir='ltr'>εἶπεν</span> <span class='ocrx_word' id='word_1_341' title='bbox 3160 1866 3189 1917; x_wconf 90' lang='lat'><strong>6</strong></span> <span class='ocrx_word' id='word_1_342' title='bbox 3229 1864 3518 1932; x_wconf 71' lang='grc' dir='ltr'>φιλόσοφος</span> <span class='ocrx_word' id='word_1_343' title='bbox 3555 1861 3792 1927; x_wconf 76' lang='grc' dir='ltr'>Ἐπιφα-</span> 
     </span>
    </p>
   </div>
   <div class='ocr_carea' id='block_1_48' title="bbox 2216 1949 3796 2033">
    <p class='ocr_par' dir='ltr' id='par_1_48' title="bbox 2216 1949 3796 2033">
     <span class='ocr_line' id='line_1_48' title="bbox 2216 1949 3796 2033; baseline -0.009 -18"><span class='ocrx_word' id='word_1_344' title='bbox 2216 1963 2314 2033; x_wconf 87' lang='grc' dir='ltr'>νίῳ</span> <span class='ocrx_word' id='word_1_345' title='bbox 2333 1980 2346 1993; x_wconf 87' lang='grc'><strong>·</strong></span> <span class='ocrx_word' id='word_1_346' title='bbox 2366 1959 2680 2020; x_wconf 81' lang='grc' dir='ltr'>Διδάσκαλε,</span> <span class='ocrx_word' id='word_1_347' title='bbox 2704 1957 2842 2028; x_wconf 77' lang='grc' dir='ltr'>καλὴ</span> <span class='ocrx_word' id='word_1_348' title='bbox 2867 1960 2900 2027; x_wconf 85' lang='grc' dir='ltr'>ἠ</span> <span class='ocrx_word' id='word_1_349' title='bbox 2925 1957 3136 2027; x_wconf 78' lang='grc' dir='ltr'>οἴκησις</span> <span class='ocrx_word' id='word_1_350' title='bbox 3162 1953 3256 2008; x_wconf 80' lang='grc' dir='ltr'>τοῦ</span> <span class='ocrx_word' id='word_1_351' title='bbox 3282 1954 3467 2007; x_wconf 87' lang='grc' dir='ltr'>τόπου.</span> <span class='ocrx_word' id='word_1_352' title='bbox 3493 1949 3796 2020; x_wconf 77' lang='grc' dir='ltr'>Βούλομαι,</span> 
     </span>
    </p>
   </div>
   <div class='ocr_carea' id='block_1_49' title="bbox 2218 2040 3793 2113">
    <p class='ocr_par' dir='ltr' id='par_1_49' title="bbox 2218 2040 3793 2113">
     <span class='ocr_line' id='line_1_49' title="bbox 2218 2040 3793 2113; baseline -0.01 -8"><span class='ocrx_word' id='word_1_353' title='bbox 2218 2055 2267 2106; x_wconf 85' lang='grc' dir='ltr'><strong>εί</strong></span> <span class='ocrx_word' id='word_1_354' title='bbox 2302 2051 2561 2113; x_wconf 80' lang='grc' dir='ltr'>κελεύεις,</span> <span class='ocrx_word' id='word_1_355' title='bbox 2597 2051 2765 2102; x_wconf 81' lang='grc' dir='ltr'>οἰκεῖν</span> <span class='ocrx_word' id='word_1_356' title='bbox 2797 2046 3047 2101; x_wconf 75' lang='grc' dir='ltr'>ἐνταῦθα.</span> <span class='ocrx_word' id='word_1_357' title='bbox 3082 2041 3250 2100; x_wconf 83' lang='grc' dir='ltr'>Εἶπεν</span> <span class='ocrx_word' id='word_1_358' title='bbox 3271 2045 3328 2098; x_wconf 83' lang='grc' dir='ltr'>δὲ</span> <span class='ocrx_word' id='word_1_359' title='bbox 3356 2042 3672 2111; x_wconf 82' lang='grc' dir='ltr'>Ἐπιφάνιος</span> <span class='ocrx_word' id='word_1_360' title='bbox 3713 2040 3793 2108; x_wconf 84' lang='grc' dir='ltr'>τῷ</span> 
     </span>
    </p>
   </div>
   <div class='ocr_carea' id='block_1_50' title="bbox 2220 2125 3800 2209">
    <p class='ocr_par' dir='ltr' id='par_1_50' title="bbox 2220 2125 3800 2209">
     <span class='ocr_line' id='line_1_50' title="bbox 2220 2125 3800 2209; baseline -0.012 -16"><span class='ocrx_word' id='word_1_361' title='bbox 2220 2139 2523 2209; x_wconf 80' lang='grc' dir='ltr'>φιλοσόφῳ·</span> <span class='ocrx_word' id='word_1_362' title='bbox 2559 2136 2729 2191; x_wconf 74' lang='grc' dir='ltr'>Τοῦτο</span> <span class='ocrx_word' id='word_1_363' title='bbox 2769 2135 2904 2206; x_wconf 84' lang='grc' dir='ltr'>πρὸς</span> <span class='ocrx_word' id='word_1_364' title='bbox 2929 2131 3026 2204; x_wconf 79' lang='grc' dir='ltr'>τὴν</span> <span class='ocrx_word' id='word_1_365' title='bbox 3064 2131 3381 2203; x_wconf 85' lang='grc' dir='ltr'>προαίρεσιν</span> <span class='ocrx_word' id='word_1_366' title='bbox 3410 2127 3526 2190; x_wconf 75' lang='grc' dir='ltr'>ἑνὸς</span> <span class='ocrx_word' id='word_1_367' title='bbox 3555 2125 3800 2178; x_wconf 74' lang='grc' dir='ltr'>ἑκάστου</span> 
     </span>
    </p>
   </div>
   <div class='ocr_carea' id='block_1_51' title="bbox 2220 2215 3799 2293">
    <p class='ocr_par' dir='ltr' id='par_1_51' title="bbox 2220 2215 3799 2293">
     <span class='ocr_line' id='line_1_51' title="bbox 2220 2215 3799 2293; baseline -0.011 -10"><span class='ocrx_word' id='word_1_368' title='bbox 2220 2229 2388 2283; x_wconf 78' lang='grc' dir='ltr'>ἐστίν.</span> <span class='ocrx_word' id='word_1_369' title='bbox 2432 2225 2601 2285; x_wconf 77' lang='grc' dir='ltr'>Εἶπεν</span> <span class='ocrx_word' id='word_1_370' title='bbox 2629 2225 2687 2279; x_wconf 81' lang='grc' dir='ltr'>δὲ</span> <span class='ocrx_word' id='word_1_371' title='bbox 2731 2228 2761 2279; x_wconf 91' lang='lat'><strong>6</strong></span> <span class='ocrx_word' id='word_1_372' title='bbox 2805 2224 3091 2293; x_wconf 70' lang='grc' dir='ltr'>φιλόσοφος</span> <span class='ocrx_word' id='word_1_373' title='bbox 3131 2220 3436 2289; x_wconf 76' lang='grc' dir='ltr'>Ἐπιφανίῳ</span> <span class='ocrx_word' id='word_1_374' title='bbox 3459 2234 3472 2246; x_wconf 91' lang='grc'><strong>·</strong></span> <span class='ocrx_word' id='word_1_375' title='bbox 3504 2215 3669 2269; x_wconf 76' lang='grc' dir='ltr'>Ἀλλὰ</span> <span class='ocrx_word' id='word_1_376' title='bbox 3699 2216 3799 2266; x_wconf 78' lang='grc' dir='ltr'><strong>καὶ</strong></span> 
     </span>
    </p>
   </div>
   <div class='ocr_carea' id='block_1_52' title="bbox 2219 2305 3803 2388">
    <p class='ocr_par' dir='ltr' id='par_1_52' title="bbox 2219 2305 3803 2388">
     <span class='ocr_line' id='line_1_52' title="bbox 2219 2305 3803 2388; baseline -0.01 -17"><span class='ocrx_word' id='word_1_377' title='bbox 2219 2318 2317 2382; x_wconf 80' lang='grc' dir='ltr'>τὰς</span> <span class='ocrx_word' id='word_1_378' title='bbox 2348 2317 2561 2388; x_wconf 78' lang='grc' dir='ltr'>βίϐλους</span> <span class='ocrx_word' id='word_1_379' title='bbox 2592 2316 2761 2387; x_wconf 78' lang='grc' dir='ltr'>φέρω.</span> <span class='ocrx_word' id='word_1_380' title='bbox 2815 2309 2980 2366; x_wconf 74' lang='grc' dir='ltr'>Εἶπεν</span> <span class='ocrx_word' id='word_1_381' title='bbox 3011 2312 3066 2364; x_wconf 84' lang='grc' dir='ltr'>δὲ</span> <span class='ocrx_word' id='word_1_382' title='bbox 3103 2310 3281 2380; x_wconf 67' lang='grc' dir='ltr'>αύτῷν</span> <span class='ocrx_word' id='word_1_383' title='bbox 3320 2310 3388 2364; x_wconf 66' lang='grc' dir='ltr'><strong>Εἰ</strong></span> <span class='ocrx_word' id='word_1_384' title='bbox 3411 2325 3464 2361; x_wconf 92' lang='grc' dir='ltr'><strong>τι</strong></span> <span class='ocrx_word' id='word_1_385' title='bbox 3499 2305 3803 2377; x_wconf 76' lang='grc' dir='ltr'>παρεισέρ-</span> 
     </span>
    </p>
   </div>
   <div class='ocr_carea' id='block_1_53' title="bbox 2221 2399 3802 2481">
    <p class='ocr_par' dir='ltr' id='par_1_53' title="bbox 2221 2399 3802 2481">
     <span class='ocr_line' id='line_1_53' title="bbox 2221 2399 3802 2481; baseline -0.01 -17"><span class='ocrx_word' id='word_1_386' title='bbox 2221 2428 2375 2481; x_wconf 81' lang='grc' dir='ltr'>χεται</span> <span class='ocrx_word' id='word_1_387' title='bbox 2402 2408 2481 2479; x_wconf 80' lang='grc' dir='ltr'>τῷ</span> <span class='ocrx_word' id='word_1_388' title='bbox 2513 2406 2759 2477; x_wconf 81' lang='grc' dir='ltr'>λογισμῷ</span> <span class='ocrx_word' id='word_1_389' title='bbox 2788 2423 2903 2469; x_wconf 87' lang='grc' dir='ltr'>σου,</span> <span class='ocrx_word' id='word_1_390' title='bbox 2939 2405 3191 2474; x_wconf 84' lang='grc' dir='ltr'>εὑρήσεις</span> <span class='ocrx_word' id='word_1_391' title='bbox 3232 2401 3548 2469; x_wconf 73' lang='grc' dir='ltr'>Ἐπιιράνιον</span> <span class='ocrx_word' id='word_1_392' title='bbox 3587 2399 3802 2465; x_wconf 78' lang='grc' dir='ltr'>εὐγνω-</span> 
     </span>
    </p>
   </div>
   <div class='ocr_carea' id='block_1_54' title="bbox 2227 2487 3807 2573">
    <p class='ocr_par' dir='ltr' id='par_1_54' title="bbox 2227 2487 3807 2573">
     <span class='ocr_line' id='line_1_54' title="bbox 2227 2487 3807 2573; baseline -0.011 -16"><span class='ocrx_word' id='word_1_393' title='bbox 2227 2500 2508 2573; x_wconf 84' lang='grc' dir='ltr'>μονοῦντα.</span> <span class='ocrx_word' id='word_1_394' title='bbox 2542 2496 2708 2553; x_wconf 79' lang='grc' dir='ltr'>Εἶπεν</span> <span class='ocrx_word' id='word_1_395' title='bbox 2735 2497 2793 2550; x_wconf 83' lang='grc' dir='ltr'>δὲ</span> <span class='ocrx_word' id='word_1_396' title='bbox 2830 2499 2859 2549; x_wconf 94' lang='lat'><strong>6</strong></span> <span class='ocrx_word' id='word_1_397' title='bbox 2899 2495 3184 2565; x_wconf 78' lang='grc' dir='ltr'>φιλόσοφος</span> <span class='ocrx_word' id='word_1_398' title='bbox 3209 2510 3224 2523; x_wconf 82' lang='lat'><strong><em>°</em></strong></span> <span class='ocrx_word' id='word_1_399' title='bbox 3254 2492 3553 2553; x_wconf 75' lang='grc' dir='ltr'>Κάλλιστος</span> <span class='ocrx_word' id='word_1_400' title='bbox 3585 2487 3807 2557; x_wconf 85' lang='grc' dir='ltr'>πορεύ-</span> 
     </span>
    </p>
   </div>
   <div class='ocr_carea' id='block_1_55' title="bbox 2226 2576 3807 2661">
    <p class='ocr_par' dir='ltr' id='par_1_55' title="bbox 2226 2576 3807 2661">
     <span class='ocr_line' id='line_1_55' title="bbox 2226 2576 3807 2661; baseline -0.009 -16"><span class='ocrx_word' id='word_1_401' title='bbox 2226 2609 2377 2646; x_wconf 79' lang='grc' dir='ltr'>σεται</span> <span class='ocrx_word' id='word_1_402' title='bbox 2408 2591 2543 2661; x_wconf 80' lang='grc' dir='ltr'>πρὸς</span> <span class='ocrx_word' id='word_1_403' title='bbox 2574 2589 2668 2652; x_wconf 77' lang='grc' dir='ltr'><strong>τὰς</strong></span> <span class='ocrx_word' id='word_1_404' title='bbox 2712 2585 2850 2657; x_wconf 73' lang='grc' dir='ltr'>ἐμὰς</span> <span class='ocrx_word' id='word_1_405' title='bbox 2896 2581 3126 2657; x_wconf 76' lang='grc' dir='ltr'>βίϐλους.</span> <span class='ocrx_word' id='word_1_406' title='bbox 3160 2581 3328 2638; x_wconf 74' lang='grc' dir='ltr'>Εἶπεν</span> <span class='ocrx_word' id='word_1_407' title='bbox 3373 2581 3688 2649; x_wconf 79' lang='grc' dir='ltr'>Ἐπιφάνιος</span> <span class='ocrx_word' id='word_1_408' title='bbox 3723 2576 3807 2647; x_wconf 79' lang='grc' dir='ltr'>τῷ</span> 
     </span>
    </p>
   </div>
   <div class='ocr_carea' id='block_1_56' title="bbox 2226 2668 3803 2751">
    <p class='ocr_par' dir='ltr' id='par_1_56' title="bbox 2226 2668 3803 2751">
     <span class='ocr_line' id='line_1_56' title="bbox 2226 2668 3803 2751; baseline -0.011 -16"><span class='ocrx_word' id='word_1_409' title='bbox 2226 2681 2533 2751; x_wconf 81' lang='grc' dir='ltr'>φιλοσόφῳ·</span> <span class='ocrx_word' id='word_1_410' title='bbox 2575 2680 2805 2745; x_wconf 77' lang='grc' dir='ltr'>Ἀγαγε,</span> <span class='ocrx_word' id='word_1_411' title='bbox 2837 2675 2986 2744; x_wconf 79' lang='grc' dir='ltr'>βαῖνε</span> <span class='ocrx_word' id='word_1_412' title='bbox 3014 2672 3271 2741; x_wconf 78' lang='grc' dir='ltr'>ὑγιαίνων</span> <span class='ocrx_word' id='word_1_413' title='bbox 3307 2669 3448 2740; x_wconf 83' lang='grc' dir='ltr'>μετὰ</span> <span class='ocrx_word' id='word_1_414' title='bbox 3470 2668 3803 2722; x_wconf 77' lang='grc' dir='ltr'>Καλλίστου.</span> 
     </span>
    </p>
   </div>
   <div class='ocr_carea' id='block_1_57' title="bbox 2227 2758 3806 2838">
    <p class='ocr_par' dir='ltr' id='par_1_57' title="bbox 2227 2758 3806 2838">
     <span class='ocr_line' id='line_1_57' title="bbox 2227 2758 3806 2838; baseline -0.013 -9"><span class='ocrx_word' id='word_1_415' title='bbox 2227 2771 2397 2830; x_wconf 74' lang='grc' dir='ltr'>Εἶπεν</span> <span class='ocrx_word' id='word_1_416' title='bbox 2425 2772 2482 2824; x_wconf 81' lang='grc' dir='ltr'>δὲ</span> <span class='ocrx_word' id='word_1_417' title='bbox 2524 2772 2554 2822; x_wconf 88' lang='lat'><strong>6</strong></span> <span class='ocrx_word' id='word_1_418' title='bbox 2600 2769 2888 2838; x_wconf 79' lang='grc' dir='ltr'>φιλόσοφος</span> <span class='ocrx_word' id='word_1_419' title='bbox 2930 2762 3264 2832; x_wconf 77' lang='grc' dir='ltr'>Ἐπιφανίῳ·</span> <span class='ocrx_word' id='word_1_420' title='bbox 3311 2762 3498 2816; x_wconf 83' lang='grc' dir='ltr'>Πάντα</span> <span class='ocrx_word' id='word_1_421' title='bbox 3544 2758 3613 2815; x_wconf 70' lang='grc' dir='ltr'>τὰ</span> <span class='ocrx_word' id='word_1_422' title='bbox 3659 2759 3806 2828; x_wconf 67' lang='grc' dir='ltr'>πρᾶ-</span> 
     </span>
    </p>
   </div>
   <div class='ocr_carea' id='block_1_58' title="bbox 2226 2849 3812 2934">
    <p class='ocr_par' dir='ltr' id='par_1_58' title="bbox 2226 2849 3812 2934">
     <span class='ocr_line' id='line_1_58' title="bbox 2226 2849 3812 2934; baseline -0.021 -1"><span class='ocrx_word' id='word_1_423' title='bbox 2226 2863 2412 2934; x_wconf 80' lang='grc' dir='ltr'>γματά</span> <span class='ocrx_word' id='word_1_424' title='bbox 2444 2878 2544 2928; x_wconf 80' lang='grc' dir='ltr'><strong>μου</strong></span> <span class='ocrx_word' id='word_1_425' title='bbox 2582 2858 2866 2927; x_wconf 74' lang='grc' dir='ltr'>Καλλίστῳ</span> <span class='ocrx_word' id='word_1_426' title='bbox 2891 2856 3036 2922; x_wconf 81' lang='grc' dir='ltr'>ἀφίω</span> <span class='ocrx_word' id='word_1_427' title='bbox 3054 2870 3068 2883; x_wconf 83' lang='lat'><strong>&#39;</strong></span> <span class='ocrx_word' id='word_1_428' title='bbox 3095 2852 3205 2920; x_wconf 69' lang='grc' dir='ltr'><strong>ἐγὼ</strong></span> <span class='ocrx_word' id='word_1_429' title='bbox 3233 2851 3340 2921; x_wconf 82' lang='grc' dir='ltr'><strong>γὰρ</strong></span> <span class='ocrx_word' id='word_1_430' title='bbox 3372 2851 3555 2907; x_wconf 72' lang='grc' dir='ltr'>οὐκέτι</span> <span class='ocrx_word' id='word_1_431' title='bbox 3580 2849 3812 2918; x_wconf 71' lang='grc' dir='ltr'>ἐξέρχο-</span> 
     </span>
    </p>
   </div>
   <div class='ocr_carea' id='block_1_59' title="bbox 2232 2940 3806 3026">
    <p class='ocr_par' dir='ltr' id='par_1_59' title="bbox 2232 2940 3806 3026">
     <span class='ocr_line' id='line_1_59' title="bbox 2232 2940 3806 3026; baseline -0.011 -18"><span class='ocrx_word' id='word_1_432' title='bbox 2232 2972 2330 3026; x_wconf 72' lang='grc' dir='ltr'><strong>μαι</strong></span> <span class='ocrx_word' id='word_1_433' title='bbox 2363 2955 2426 3007; x_wconf 85' lang='grc' dir='ltr'>ὲκ</span> <span class='ocrx_word' id='word_1_434' title='bbox 2446 2952 2539 3006; x_wconf 74' lang='grc' dir='ltr'>τοῦ</span> <span class='ocrx_word' id='word_1_435' title='bbox 2563 2951 2727 3006; x_wconf 83' lang='grc' dir='ltr'>τόπου</span> <span class='ocrx_word' id='word_1_436' title='bbox 2758 2947 2971 3005; x_wconf 75' lang='grc' dir='ltr'>τούτου.</span> <span class='ocrx_word' id='word_1_437' title='bbox 2994 2947 3102 2998; x_wconf 79' lang='grc' dir='ltr'><strong>’Ἢν</strong></span> <span class='ocrx_word' id='word_1_438' title='bbox 3125 2944 3181 2999; x_wconf 70' lang='grc' dir='ltr'>δὲ</span> <span class='ocrx_word' id='word_1_439' title='bbox 3208 2946 3238 2994; x_wconf 88' lang='lat'><strong>6</strong></span> <span class='ocrx_word' id='word_1_440' title='bbox 3265 2942 3561 3005; x_wconf 72' lang='grc' dir='ltr'>Κάλλιστος</span> <span class='ocrx_word' id='word_1_441' title='bbox 3586 2940 3806 3026; x_wconf 78' lang='grc' dir='ltr'>Ἀετίου</span> 
     </span>
    </p>
   </div>
   <div class='ocr_carea' id='block_1_60' title="bbox 569 3024 2130 3135">
    <p class='ocr_par' dir='ltr' id='par_1_60' title="bbox 569 3040 2125 3135">
     <span class='ocr_line' id='line_1_60' title="bbox 569 3040 2125 3135; baseline -0.001 -37"><span class='ocrx_word' id='word_1_442' title='bbox 569 3047 719 3135; x_wconf 73' lang='lat' dir='ltr'><strong>heret</strong></span> <span class='ocrx_word' id='word_1_443' title='bbox 766 3041 1046 3112; x_wconf 82' lang='lat' dir='ltr'><strong>spiritum,</strong></span> <span class='ocrx_word' id='word_1_444' title='bbox 1095 3041 1227 3095; x_wconf 87' lang='lat' dir='ltr'><strong>vidit</strong></span> <span class='ocrx_word' id='word_1_445' title='bbox 1271 3040 1630 3110; x_wconf 83' lang='lat' dir='ltr'><strong>Epiphanium</strong></span> <span class='ocrx_word' id='word_1_446' title='bbox 1682 3041 1946 3096; x_wconf 83' lang='lat' dir='ltr'><strong>dicentem</strong></span> <span class='ocrx_word' id='word_1_447' title='bbox 1989 3043 2038 3096; x_wconf 82' lang='lat' dir='ltr'><strong>ei</strong></span> <span class='ocrx_word' id='word_1_448' title='bbox 2074 3043 2125 3096; x_wconf 91' lang='lat' dir='ltr'><strong>in</strong></span> 
     </span>
    </p>
   </div>
   <div class='ocr_carea' id='block_1_61' title="bbox 2231 3024 3816 3135">
    <p class='ocr_par' dir='ltr' id='par_1_61' title="bbox 2231 3024 3816 3127">
     <span class='ocr_line' id='line_1_61' title="bbox 2231 3024 3816 3127; baseline -0.012 -25"><span class='ocrx_word' id='word_1_449' title='bbox 2231 3024 2324 3102; x_wconf 80' lang='grc' dir='ltr'>τοῦ</span> <span class='ocrx_word' id='word_1_450' title='bbox 2376 3046 2632 3127; x_wconf 31' lang='grc' dir='ltr'>’μεγάλου</span> <span class='ocrx_word' id='word_1_451' title='bbox 2701 3042 2940 3112; x_wconf 74' lang='grc' dir='ltr'>ἐπάρχου</span> <span class='ocrx_word' id='word_1_452' title='bbox 3003 3040 3099 3110; x_wconf 79' lang='grc' dir='ltr'>τῆς</span> <span class='ocrx_word' id='word_1_453' title='bbox 3150 3036 3369 3107; x_wconf 84' lang='grc' dir='ltr'>Ῥώμης</span> <span class='ocrx_word' id='word_1_454' title='bbox 3429 3035 3562 3097; x_wconf 81' lang='grc' dir='ltr'>υἱός.</span> <span class='ocrx_word' id='word_1_455' title='bbox 3634 3024 3816 3092; x_wconf 75' lang='grc' dir='ltr'>Οὗτος</span> 
     </span>
    </p>
   </div>
   <div class='ocr_carea' id='block_1_62' title="bbox 562 3128 2131 3200">
    <p class='ocr_par' dir='ltr' id='par_1_62' title="bbox 562 3128 2131 3200">
     <span class='ocr_line' id='line_1_62' title="bbox 562 3128 2131 3200; baseline 0 -16"><span class='ocrx_word' id='word_1_456' title='bbox 562 3131 816 3187; x_wconf 78' lang='lat' dir='ltr'><strong>visione:</strong></span> <span class='ocrx_word' id='word_1_457' title='bbox 850 3130 978 3194; x_wconf 80' lang='lat' dir='ltr'><strong>Vis,</strong></span> <span class='ocrx_word' id='word_1_458' title='bbox 1031 3128 1287 3193; x_wconf 87' lang='lat' dir='ltr'><strong>Calliste,</strong></span> <span class='ocrx_word' id='word_1_459' title='bbox 1334 3130 1600 3198; x_wconf 88' lang='lat' dir='ltr'><strong>expellam</strong></span> <span class='ocrx_word' id='word_1_460' title='bbox 1647 3144 1679 3184; x_wconf 91' lang='lat' dir='ltr'><strong>a</strong></span> <span class='ocrx_word' id='word_1_461' title='bbox 1726 3140 1779 3186; x_wconf 89' lang='lat' dir='ltr'><strong>te</strong></span> <span class='ocrx_word' id='word_1_462' title='bbox 1832 3131 2131 3200; x_wconf 86' lang='lat' dir='ltr'><strong>spiritum?</strong></span> 
     </span>
    </p>
   </div>
   <div class='ocr_carea' id='block_1_63' title="bbox 566 3220 2132 3292">
    <p class='ocr_par' dir='ltr' id='par_1_63' title="bbox 566 3220 2132 3292">
     <span class='ocr_line' id='line_1_63' title="bbox 566 3220 2132 3292; baseline 0 -15"><span class='ocrx_word' id='word_1_463' title='bbox 566 3223 713 3278; x_wconf 87' lang='lat' dir='ltr'><strong>Dixit</strong></span> <span class='ocrx_word' id='word_1_464' title='bbox 758 3222 1015 3278; x_wconf 84' lang='lat' dir='ltr'><strong>Callistus</strong></span> <span class='ocrx_word' id='word_1_465' title='bbox 1048 3220 1158 3276; x_wconf 85' lang='lat' dir='ltr'><strong>:Et</strong></span> <span class='ocrx_word' id='word_1_466' title='bbox 1198 3220 1324 3290; x_wconf 83' lang='lat' dir='ltr'><strong>quis</strong></span> <span class='ocrx_word' id='word_1_467' title='bbox 1370 3226 1427 3276; x_wconf 82' lang='lat' dir='ltr'><strong>tu</strong></span> <span class='ocrx_word' id='word_1_468' title='bbox 1483 3234 1563 3286; x_wconf 89' lang='lat' dir='ltr'><strong>es,</strong></span> <span class='ocrx_word' id='word_1_469' title='bbox 1616 3221 1831 3277; x_wconf 85' lang='lat' dir='ltr'><strong>domine</strong></span> <span class='ocrx_word' id='word_1_470' title='bbox 1863 3223 1957 3285; x_wconf 88' lang='lat' dir='ltr'><strong>mi,</strong></span> <span class='ocrx_word' id='word_1_471' title='bbox 1987 3224 2132 3292; x_wconf 90' lang='lat' dir='ltr'><strong>quod</strong></span> 
     </span>
    </p>
   </div>
   <div class='ocr_carea' id='block_1_64' title="bbox 569 3304 2134 3380">
    <p class='ocr_par' dir='ltr' id='par_1_64' title="bbox 569 3304 2134 3380">
     <span class='ocr_line' id='line_1_64' title="bbox 569 3304 2134 3380; baseline -0.001 -13"><span class='ocrx_word' id='word_1_472' title='bbox 569 3304 746 3380; x_wconf 81' lang='lat' dir='ltr'><strong>possis</strong></span> <span class='ocrx_word' id='word_1_473' title='bbox 771 3326 895 3367; x_wconf 91' lang='lat' dir='ltr'><strong>eum</strong></span> <span class='ocrx_word' id='word_1_474' title='bbox 934 3309 1244 3380; x_wconf 84' lang='lat' dir='ltr'><strong>expellere?</strong></span> <span class='ocrx_word' id='word_1_475' title='bbox 1272 3308 1416 3365; x_wconf 84' lang='lat' dir='ltr'><strong>Dixit</strong></span> <span class='ocrx_word' id='word_1_476' title='bbox 1443 3318 1624 3367; x_wconf 85' lang='lat' dir='ltr'><strong>autem</strong></span> <span class='ocrx_word' id='word_1_477' title='bbox 1652 3309 1984 3380; x_wconf 77' lang='lat' dir='ltr'><strong>Epiphanius</strong></span> <span class='ocrx_word' id='word_1_478' title='bbox 2010 3312 2134 3367; x_wconf 85' lang='lat' dir='ltr'><strong>Cal—</strong></span> 
     </span>
    </p>
   </div>
   <div class='ocr_carea' id='block_1_65' title="bbox 569 3398 2133 3473">
    <p class='ocr_par' dir='ltr' id='par_1_65' title="bbox 569 3398 2133 3473">
     <span class='ocr_line' id='line_1_65' title="bbox 569 3398 2133 3473; baseline 0.002 -18"><span class='ocrx_word' id='word_1_479' title='bbox 569 3402 694 3461; x_wconf 87' lang='lat' dir='ltr'><strong>listo</strong></span> <span class='ocrx_word' id='word_1_480' title='bbox 724 3418 739 3455; x_wconf 89' lang='lat'><strong>:</strong></span> <span class='ocrx_word' id='word_1_481' title='bbox 771 3400 883 3473; x_wconf 69' lang='lat' dir='ltr'><strong>Ego</strong></span> <span class='ocrx_word' id='word_1_482' title='bbox 918 3415 1063 3465; x_wconf 81' lang='lat' dir='ltr'><strong>sum,</strong></span> <span class='ocrx_word' id='word_1_483' title='bbox 1111 3400 1309 3469; x_wconf 85' lang='lat' dir='ltr'><strong>inquit,</strong></span> <span class='ocrx_word' id='word_1_484' title='bbox 1341 3398 1676 3470; x_wconf 81' lang='lat' dir='ltr'><strong>Epiphanius</strong></span> <span class='ocrx_word' id='word_1_485' title='bbox 1704 3400 2133 3472; x_wconf 63' lang='lat' dir='ltr'><strong>Pltmnicopalre-</strong></span> 
     </span>
    </p>
   </div>
   <div class='ocr_carea' id='block_1_66' title="bbox 572 3492 2137 3562">
    <p class='ocr_par' dir='ltr' id='par_1_66' title="bbox 572 3492 2137 3562">
     <span class='ocr_line' id='line_1_66' title="bbox 572 3492 2137 3562; baseline 0 -14"><span class='ocrx_word' id='word_1_486' title='bbox 572 3493 771 3558; x_wconf 81' lang='lat' dir='ltr'><strong>stinus,</strong></span> <span class='ocrx_word' id='word_1_487' title='bbox 807 3493 900 3562; x_wconf 85' lang='lat' dir='ltr'><strong>qui</strong></span> <span class='ocrx_word' id='word_1_488' title='bbox 932 3492 987 3549; x_wconf 89' lang='lat' dir='ltr'><strong>in</strong></span> <span class='ocrx_word' id='word_1_489' title='bbox 1013 3492 1354 3562; x_wconf 82' lang='lat' dir='ltr'><strong>Spanhydrio</strong></span> <span class='ocrx_word' id='word_1_490' title='bbox 1382 3492 1565 3547; x_wconf 90' lang='lat' dir='ltr'><strong>habito</strong></span> <span class='ocrx_word' id='word_1_491' title='bbox 1595 3493 1651 3548; x_wconf 90' lang='lat' dir='ltr'><strong>in</strong></span> <span class='ocrx_word' id='word_1_492' title='bbox 1685 3496 2036 3551; x_wconf 84' lang='lat' dir='ltr'><strong>monasterio.</strong></span> <span class='ocrx_word' id='word_1_493' title='bbox 2078 3495 2137 3548; x_wconf 81' lang='lat' dir='ltr'><strong>Si</strong></span> 
     </span>
    </p>
   </div>
   <div class='ocr_carea' id='block_1_67' title="bbox 571 3583 2138 3656">
    <p class='ocr_par' dir='ltr' id='par_1_67' title="bbox 571 3583 2138 3656">
     <span class='ocr_line' id='line_1_67' title="bbox 571 3583 2138 3656; baseline 0 -15"><span class='ocrx_word' id='word_1_494' title='bbox 571 3599 722 3656; x_wconf 73' lang='lat' dir='ltr'><strong>ergo,</strong></span> <span class='ocrx_word' id='word_1_495' title='bbox 756 3584 951 3652; x_wconf 88' lang='lat' dir='ltr'><strong>inquit,</strong></span> <span class='ocrx_word' id='word_1_496' title='bbox 988 3584 1188 3641; x_wconf 87' lang='lat' dir='ltr'><strong>malum</strong></span> <span class='ocrx_word' id='word_1_497' title='bbox 1222 3594 1328 3637; x_wconf 92' lang='lat' dir='ltr'><strong>ate</strong></span> <span class='ocrx_word' id='word_1_498' title='bbox 1358 3583 1607 3652; x_wconf 87' lang='lat' dir='ltr'><strong>spiritum</strong></span> <span class='ocrx_word' id='word_1_499' title='bbox 1638 3585 1919 3653; x_wconf 81' lang='lat' dir='ltr'><strong>expulere,</strong></span> <span class='ocrx_word' id='word_1_500' title='bbox 1954 3586 2138 3641; x_wconf 80' lang='lat' dir='ltr'><strong>venies</strong></span> 
     </span>
    </p>
   </div>
   <div class='ocr_carea' id='block_1_68' title="bbox 573 3673 2139 3746">
    <p class='ocr_par' dir='ltr' id='par_1_68' title="bbox 573 3673 2139 3746">
     <span class='ocr_line' id='line_1_68' title="bbox 573 3673 2139 3746; baseline -0.001 -15"><span class='ocrx_word' id='word_1_501' title='bbox 573 3677 641 3731; x_wconf 86' lang='lat' dir='ltr'><strong>ad</strong></span> <span class='ocrx_word' id='word_1_502' title='bbox 688 3690 798 3740; x_wconf 89' lang='lat' dir='ltr'><strong>me,</strong></span> <span class='ocrx_word' id='word_1_503' title='bbox 832 3683 886 3730; x_wconf 91' lang='lat' dir='ltr'><strong>et</strong></span> <span class='ocrx_word' id='word_1_504' title='bbox 919 3673 1185 3735; x_wconf 78' lang='lat' dir='ltr'><strong>habitabis</strong></span> <span class='ocrx_word' id='word_1_505' title='bbox 1229 3688 1441 3729; x_wconf 90' lang='lat' dir='ltr'><strong>mecum</strong></span> <span class='ocrx_word' id='word_1_506' title='bbox 1490 3674 1544 3728; x_wconf 92' lang='lat' dir='ltr'><strong>in</strong></span> <span class='ocrx_word' id='word_1_507' title='bbox 1570 3673 1908 3746; x_wconf 85' lang='lat' dir='ltr'><strong>Spanhydrio</strong></span> <span class='ocrx_word' id='word_1_508' title='bbox 1937 3676 1960 3729; x_wconf 85' lang='lat'><strong>?</strong></span> <span class='ocrx_word' id='word_1_509' title='bbox 1998 3675 2139 3730; x_wconf 86' lang='lat' dir='ltr'><strong>Dixit</strong></span> 
     </span>
    </p>
   </div>
   <div class='ocr_carea' id='block_1_69' title="bbox 573 3764 2139 3835">
    <p class='ocr_par' dir='ltr' id='par_1_69' title="bbox 573 3764 2139 3835">
     <span class='ocr_line' id='line_1_69' title="bbox 573 3764 2139 3835; baseline -0.003 -10"><span class='ocrx_word' id='word_1_510' title='bbox 573 3769 831 3825; x_wconf 81' lang='lat' dir='ltr'><strong>Callistus</strong></span> <span class='ocrx_word' id='word_1_511' title='bbox 882 3766 948 3823; x_wconf 86' lang='lat' dir='ltr'><strong>ad</strong></span> <span class='ocrx_word' id='word_1_512' title='bbox 1001 3765 1363 3834; x_wconf 86' lang='lat' dir='ltr'><strong>Epiphanium</strong></span> <span class='ocrx_word' id='word_1_513' title='bbox 1394 3781 1407 3815; x_wconf 91' lang='lat'><strong>:</strong></span> <span class='ocrx_word' id='word_1_514' title='bbox 1443 3764 1687 3827; x_wconf 81' lang='lat' dir='ltr'><strong>Domine,</strong></span> <span class='ocrx_word' id='word_1_515' title='bbox 1734 3766 1941 3835; x_wconf 81' lang='lat' dir='ltr'><strong>expelle</strong></span> <span class='ocrx_word' id='word_1_516' title='bbox 1978 3781 2008 3820; x_wconf 90' lang='lat' dir='ltr'><strong>a</strong></span> <span class='ocrx_word' id='word_1_517' title='bbox 2056 3784 2139 3821; x_wconf 87' lang='lat' dir='ltr'><strong>n.e</strong></span> 
     </span>
    </p>
   </div>
   <div class='ocr_carea' id='block_1_70' title="bbox 574 3854 2140 3927">
    <p class='ocr_par' dir='ltr' id='par_1_70' title="bbox 574 3854 2140 3927">
     <span class='ocr_line' id='line_1_70' title="bbox 574 3854 2140 3927; baseline -0.002 -13"><span class='ocrx_word' id='word_1_518' title='bbox 574 3859 914 3916; x_wconf 82' lang='lat' dir='ltr'><strong>immundum</strong></span> <span class='ocrx_word' id='word_1_519' title='bbox 941 3856 1212 3927; x_wconf 76' lang='lat' dir='ltr'><strong>spiritum,</strong></span> <span class='ocrx_word' id='word_1_520' title='bbox 1241 3864 1296 3912; x_wconf 91' lang='lat' dir='ltr'><strong>et</strong></span> <span class='ocrx_word' id='word_1_521' title='bbox 1318 3856 1575 3912; x_wconf 86' lang='lat' dir='ltr'><strong>habitabo</strong></span> <span class='ocrx_word' id='word_1_522' title='bbox 1605 3863 1803 3915; x_wconf 81' lang='lat' dir='ltr'><strong>tecum.</strong></span> <span class='ocrx_word' id='word_1_523' title='bbox 1827 3854 1982 3913; x_wconf 82' lang='lat' dir='ltr'><strong>Tunc</strong></span> <span class='ocrx_word' id='word_1_524' title='bbox 2003 3857 2140 3912; x_wconf 86' lang='lat' dir='ltr'><strong>dixit</strong></span> 
     </span>
    </p>
   </div>
   <div class='ocr_carea' id='block_1_71' title="bbox 575 3947 2142 4024">
    <p class='ocr_par' dir='ltr' id='par_1_71' title="bbox 575 3947 2142 4024">
     <span class='ocr_line' id='line_1_71' title="bbox 575 3947 2142 4024; baseline -0.003 -16"><span class='ocrx_word' id='word_1_525' title='bbox 575 3953 908 4024; x_wconf 73' lang='lat' dir='ltr'><strong>Epiphanius</strong></span> <span class='ocrx_word' id='word_1_526' title='bbox 932 3948 1156 4007; x_wconf 81' lang='lat' dir='ltr'><strong>Callisto</strong></span> <span class='ocrx_word' id='word_1_527' title='bbox 1183 3964 1199 4002; x_wconf 90' lang='lat'><strong>:</strong></span> <span class='ocrx_word' id='word_1_528' title='bbox 1232 3947 1365 4004; x_wconf 81' lang='lat' dir='ltr'><strong>Vide</strong></span> <span class='ocrx_word' id='word_1_529' title='bbox 1410 3962 1479 4002; x_wconf 90' lang='lat' dir='ltr'><strong>ne</strong></span> <span class='ocrx_word' id='word_1_530' title='bbox 1512 3947 1705 4007; x_wconf 79' lang='lat' dir='ltr'><strong>feceris</strong></span> <span class='ocrx_word' id='word_1_531' title='bbox 1727 3947 1913 4011; x_wconf 78' lang='lat' dir='ltr'><strong>aliter;</strong></span> <span class='ocrx_word' id='word_1_532' title='bbox 1951 3964 2142 4008; x_wconf 84' lang='lat' dir='ltr'><strong>rursus</strong></span> 
     </span>
    </p>
   </div>
   <div class='ocr_carea' id='block_1_72' title="bbox 573 4038 2140 4102">
    <p class='ocr_par' dir='ltr' id='par_1_72' title="bbox 573 4038 2140 4102">
     <span class='ocr_line' id='line_1_72' title="bbox 573 4038 2140 4102; baseline -0.003 -2"><span class='ocrx_word' id='word_1_533' title='bbox 573 4046 718 4100; x_wconf 89' lang='lat' dir='ltr'><strong>enim</strong></span> <span class='ocrx_word' id='word_1_534' title='bbox 774 4043 869 4099; x_wconf 89' lang='lat' dir='ltr'><strong>tibi</strong></span> <span class='ocrx_word' id='word_1_535' title='bbox 922 4040 1235 4101; x_wconf 64' lang='lat' dir='ltr'><strong>adhaerebit.</strong></span> <span class='ocrx_word' id='word_1_536' title='bbox 1300 4038 1578 4099; x_wconf 79' lang='lat' dir='ltr'><strong>Excitatus</strong></span> <span class='ocrx_word' id='word_1_537' title='bbox 1630 4048 1810 4101; x_wconf 85' lang='lat' dir='ltr'><strong>autem</strong></span> <span class='ocrx_word' id='word_1_538' title='bbox 1861 4038 2140 4102; x_wconf 86' lang='lat' dir='ltr'><strong>Callistus,</strong></span> 
     </span>
    </p>
   </div>
   <div class='ocr_carea' id='block_1_73' title="bbox 574 4129 2144 4215">
    <p class='ocr_par' dir='ltr' id='par_1_73' title="bbox 574 4129 2144 4215">
     <span class='ocr_line' id='line_1_73' title="bbox 574 4129 2144 4215; baseline -0.004 -24"><span class='ocrx_word' id='word_1_539' title='bbox 574 4136 814 4215; x_wconf 78' lang='lat' dir='ltr'><strong>narravit</strong></span> <span class='ocrx_word' id='word_1_540' title='bbox 841 4134 1023 4190; x_wconf 88' lang='lat' dir='ltr'><strong>omnia</strong></span> <span class='ocrx_word' id='word_1_541' title='bbox 1058 4130 1199 4203; x_wconf 86' lang='lat' dir='ltr'><strong>patri</strong></span> <span class='ocrx_word' id='word_1_542' title='bbox 1231 4146 1333 4188; x_wconf 83' lang='lat' dir='ltr'><strong>suo</strong></span> <span class='ocrx_word' id='word_1_543' title='bbox 1360 4129 1635 4201; x_wconf 60' lang='lat' dir='ltr'><strong>pralecto.</strong></span> <span class='ocrx_word' id='word_1_544' title='bbox 1671 4130 1751 4192; x_wconf 69' lang='lat' dir='ltr'><strong>Ab</strong></span> <span class='ocrx_word' id='word_1_545' title='bbox 1774 4129 1866 4185; x_wconf 92' lang='lat' dir='ltr'><strong>illo</strong></span> <span class='ocrx_word' id='word_1_546' title='bbox 1895 4146 2024 4203; x_wconf 71' lang='lat' dir='ltr'><strong>ergo</strong></span> <span class='ocrx_word' id='word_1_547' title='bbox 2056 4132 2144 4189; x_wconf 86' lang='lat' dir='ltr'><strong>die</strong></span> 
     </span>
    </p>
   </div>
   <div class='ocr_carea' id='block_1_74' title="bbox 576 4223 2144 4296">
    <p class='ocr_par' dir='ltr' id='par_1_74' title="bbox 576 4223 2144 4296">
     <span class='ocr_line' id='line_1_74' title="bbox 576 4223 2144 4296; baseline -0.002 -13"><span class='ocrx_word' id='word_1_548' title='bbox 576 4242 685 4283; x_wconf 88' lang='lat' dir='ltr'><strong>non</strong></span> <span class='ocrx_word' id='word_1_549' title='bbox 732 4237 817 4287; x_wconf 83' lang='lat' dir='ltr'><strong>est</strong></span> <span class='ocrx_word' id='word_1_550' title='bbox 862 4225 1099 4296; x_wconf 81' lang='lat' dir='ltr'><strong>amplius</strong></span> <span class='ocrx_word' id='word_1_551' title='bbox 1149 4223 1380 4282; x_wconf 68' lang='lat' dir='ltr'><strong>allictus</strong></span> <span class='ocrx_word' id='word_1_552' title='bbox 1428 4223 1688 4285; x_wconf 81' lang='lat' dir='ltr'><strong>Callistus</strong></span> <span class='ocrx_word' id='word_1_553' title='bbox 1738 4224 1807 4283; x_wconf 85' lang='lat' dir='ltr'><strong>ab</strong></span> <span class='ocrx_word' id='word_1_554' title='bbox 1860 4225 2144 4282; x_wconf 84' lang='lat' dir='ltr'><strong>immundo</strong></span> 
     </span>
    </p>
   </div>
   <div class='ocr_carea' id='block_1_75' title="bbox 577 4315 2147 4387">
    <p class='ocr_par' dir='ltr' id='par_1_75' title="bbox 577 4315 2147 4387">
     <span class='ocr_line' id='line_1_75' title="bbox 577 4315 2147 4387; baseline -0.003 -12"><span class='ocrx_word' id='word_1_555' title='bbox 577 4318 793 4387; x_wconf 89' lang='lat' dir='ltr'><strong>spiritu.</strong></span> <span class='ocrx_word' id='word_1_556' title='bbox 828 4315 958 4372; x_wconf 87' lang='lat' dir='ltr'><strong>Post</strong></span> <span class='ocrx_word' id='word_1_557' title='bbox 986 4325 1201 4385; x_wconf 87' lang='lat' dir='ltr'><strong>tempus</strong></span> <span class='ocrx_word' id='word_1_558' title='bbox 1244 4324 1423 4372; x_wconf 89' lang='lat' dir='ltr'><strong>autem</strong></span> <span class='ocrx_word' id='word_1_559' title='bbox 1469 4317 1634 4371; x_wconf 89' lang='lat' dir='ltr'><strong>trium</strong></span> <span class='ocrx_word' id='word_1_560' title='bbox 1680 4316 1953 4373; x_wconf 79' lang='lat' dir='ltr'><strong>mensium</strong></span> <span class='ocrx_word' id='word_1_561' title='bbox 2005 4316 2147 4372; x_wconf 79' lang='lat' dir='ltr'><strong>dixit</strong></span> 
     </span>
    </p>
   </div>
   <div class='ocr_carea' id='block_1_76' title="bbox 2233 3124 3821 3207">
    <p class='ocr_par' dir='ltr' id='par_1_76' title="bbox 2233 3124 3821 3207">
     <span class='ocr_line' id='line_1_76' title="bbox 2233 3124 3821 3207; baseline -0.011 -16"><span class='ocrx_word' id='word_1_562' title='bbox 2233 3124 2451 3207; x_wconf 84' lang='grc' dir='ltr'>πνεῦμα</span> <span class='ocrx_word' id='word_1_563' title='bbox 2498 3135 2728 3205; x_wconf 85' lang='grc' dir='ltr'>πονηρὸν</span> <span class='ocrx_word' id='word_1_564' title='bbox 2762 3132 2921 3201; x_wconf 82' lang='grc' dir='ltr'>ἔχων,</span> <span class='ocrx_word' id='word_1_565' title='bbox 2976 3129 3098 3183; x_wconf 85' lang='grc' dir='ltr'>ίδὼν</span> <span class='ocrx_word' id='word_1_566' title='bbox 3123 3129 3440 3197; x_wconf 81' lang='grc' dir='ltr'>Ἐπιφάνιον</span> <span class='ocrx_word' id='word_1_567' title='bbox 3477 3127 3535 3179; x_wconf 81' lang='grc' dir='ltr'>ὲν</span> <span class='ocrx_word' id='word_1_568' title='bbox 3571 3124 3821 3192; x_wconf 75' lang='grc' dir='ltr'>ὀπτασίᾳ</span> 
     </span>
    </p>
   </div>
   <div class='ocr_carea' id='block_1_77' title="bbox 2231 3214 3822 3296">
    <p class='ocr_par' dir='ltr' id='par_1_77' title="bbox 2231 3214 3822 3296">
     <span class='ocr_line' id='line_1_77' title="bbox 2231 3214 3822 3296; baseline -0.011 -14"><span class='ocrx_word' id='word_1_569' title='bbox 2231 3229 2455 3296; x_wconf 88' lang='grc' dir='ltr'>λέγοντα</span> <span class='ocrx_word' id='word_1_570' title='bbox 2483 3225 2628 3296; x_wconf 75' lang='grc' dir='ltr'>αὐτῷ</span> <span class='ocrx_word' id='word_1_571' title='bbox 2653 3241 2665 3253; x_wconf 76' lang='grc'><strong>’</strong></span> <span class='ocrx_word' id='word_1_572' title='bbox 2702 3224 2889 3285; x_wconf 84' lang='grc' dir='ltr'>Θέλεις</span> <span class='ocrx_word' id='word_1_573' title='bbox 2910 3261 2924 3284; x_wconf 86' lang='grc'><em>,</em></span> <span class='ocrx_word' id='word_1_574' title='bbox 2972 3220 3237 3275; x_wconf 84' lang='grc' dir='ltr'>Κάλλιστε</span> <span class='ocrx_word' id='word_1_575' title='bbox 3257 3259 3271 3283; x_wconf 87' lang='grc'><em>,</em></span> <span class='ocrx_word' id='word_1_576' title='bbox 3297 3217 3472 3282; x_wconf 78' lang='grc' dir='ltr'>διώξω</span> <span class='ocrx_word' id='word_1_577' title='bbox 3498 3215 3559 3269; x_wconf 78' lang='grc' dir='ltr'><strong>τὸ</strong></span> <span class='ocrx_word' id='word_1_578' title='bbox 3587 3214 3822 3283; x_wconf 74' lang='grc' dir='ltr'>πνεῦμα</span> 
     </span>
    </p>
   </div>
   <div class='ocr_carea' id='block_1_78' title="bbox 2233 3304 3820 3384">
    <p class='ocr_par' dir='ltr' id='par_1_78' title="bbox 2233 3304 3820 3384">
     <span class='ocr_line' id='line_1_78' title="bbox 2233 3304 3820 3384; baseline -0.012 -9"><span class='ocrx_word' id='word_1_579' title='bbox 2233 3321 2341 3375; x_wconf 82' lang='grc' dir='ltr'>ἀπὸ</span> <span class='ocrx_word' id='word_1_580' title='bbox 2372 3319 2498 3384; x_wconf 62' lang='lat' dir='ltr'><strong>cui;</strong></span> <span class='ocrx_word' id='word_1_581' title='bbox 2544 3313 2713 3374; x_wconf 78' lang='grc' dir='ltr'>Εἶπεν</span> <span class='ocrx_word' id='word_1_582' title='bbox 2757 3314 2814 3369; x_wconf 75' lang='grc' dir='ltr'>δὲ</span> <span class='ocrx_word' id='word_1_583' title='bbox 2856 3313 3189 3376; x_wconf 76' lang='grc' dir='ltr'>Κάλλιστος·</span> <span class='ocrx_word' id='word_1_584' title='bbox 3236 3311 3348 3365; x_wconf 79' lang='grc' dir='ltr'>Καὶ</span> <span class='ocrx_word' id='word_1_585' title='bbox 3389 3310 3472 3372; x_wconf 87' lang='grc' dir='ltr'><strong>τίς</strong></span> <span class='ocrx_word' id='word_1_586' title='bbox 3517 3304 3603 3371; x_wconf 75' lang='grc' dir='ltr'><strong>εἴ,</strong></span> <span class='ocrx_word' id='word_1_587' title='bbox 3653 3306 3820 3376; x_wconf 80' lang='grc' dir='ltr'>κύριε</span> 
     </span>
    </p>
   </div>
   <div class='ocr_carea' id='block_1_79' title="bbox 2239 3397 3821 3482">
    <p class='ocr_par' dir='ltr' id='par_1_79' title="bbox 2239 3397 3821 3482">
     <span class='ocr_line' id='line_1_79' title="bbox 2239 3397 3821 3482; baseline -0.011 -17"><span class='ocrx_word' id='word_1_588' title='bbox 2239 3429 2363 3482; x_wconf 85' lang='grc' dir='ltr'>μου,</span> <span class='ocrx_word' id='word_1_589' title='bbox 2396 3411 2479 3464; x_wconf 79' lang='grc' dir='ltr'>ὅτι</span> <span class='ocrx_word' id='word_1_590' title='bbox 2507 3409 2730 3462; x_wconf 77' lang='grc' dir='ltr'>δύνασαι</span> <span class='ocrx_word' id='word_1_591' title='bbox 2763 3406 2951 3470; x_wconf 76' lang='grc' dir='ltr'>διῶξαι</span> <span class='ocrx_word' id='word_1_592' title='bbox 2996 3404 3161 3468; x_wconf 72' lang='grc' dir='ltr'>αὑτός</span> <span class='ocrx_word' id='word_1_593' title='bbox 3194 3400 3358 3459; x_wconf 76' lang='grc' dir='ltr'>Εἶπεν</span> <span class='ocrx_word' id='word_1_594' title='bbox 3387 3400 3446 3453; x_wconf 84' lang='grc' dir='ltr'>δὲ</span> <span class='ocrx_word' id='word_1_595' title='bbox 3487 3397 3821 3465; x_wconf 74' lang='grc' dir='ltr'>Ἐπιφάνιος</span> 
     </span>
    </p>
   </div>
   <div class='ocr_carea' id='block_1_80' title="bbox 2235 3487 3825 3572">
    <p class='ocr_par' dir='ltr' id='par_1_80' title="bbox 2235 3487 3825 3572">
     <span class='ocr_line' id='line_1_80' title="bbox 2235 3487 3825 3572; baseline -0.013 -16"><span class='ocrx_word' id='word_1_596' title='bbox 2235 3501 2313 3572; x_wconf 85' lang='grc' dir='ltr'>τῷ</span> <span class='ocrx_word' id='word_1_597' title='bbox 2344 3500 2657 3569; x_wconf 78' lang='grc' dir='ltr'>Καλλίστῳ’</span> <span class='ocrx_word' id='word_1_598' title='bbox 2693 3495 2839 3565; x_wconf 83' lang='grc' dir='ltr'><strong>Ἐγώ</strong></span> <span class='ocrx_word' id='word_1_599' title='bbox 2879 3496 2995 3564; x_wconf 83' lang='grc' dir='ltr'>ειμι</span> <span class='ocrx_word' id='word_1_600' title='bbox 3016 3535 3031 3557; x_wconf 87' lang='grc'>,</span> <span class='ocrx_word' id='word_1_601' title='bbox 3073 3492 3254 3563; x_wconf 62' lang='grc' dir='ltr'>φησιν,</span> <span class='ocrx_word' id='word_1_602' title='bbox 3285 3488 3602 3557; x_wconf 72' lang='grc' dir='ltr'>Ἐπιφάνιος</span> <span class='ocrx_word' id='word_1_603' title='bbox 3626 3488 3657 3538; x_wconf 91' lang='lat'><strong>6</strong></span> <span class='ocrx_word' id='word_1_604' title='bbox 3690 3487 3825 3537; x_wconf 59' lang='grc' dir='ltr'>Φοί.-</span> 
     </span>
    </p>
   </div>
   <div class='ocr_carea' id='block_1_81' title="bbox 2237 3579 3825 3653">
    <p class='ocr_par' dir='ltr' id='par_1_81' title="bbox 2237 3579 3825 3653">
     <span class='ocr_line' id='line_1_81' title="bbox 2237 3579 3825 3653; baseline -0.012 -6"><span class='ocrx_word' id='word_1_605' title='bbox 2237 3591 2724 3653; x_wconf 78' lang='grc' dir='ltr'>νικοπαλαιστινὸς,</span> <span class='ocrx_word' id='word_1_606' title='bbox 2752 3591 2782 3642; x_wconf 97' lang='lat'><strong>6</strong></span> <span class='ocrx_word' id='word_1_607' title='bbox 2812 3590 2870 3640; x_wconf 80' lang='grc' dir='ltr'>ὲν</span> <span class='ocrx_word' id='word_1_608' title='bbox 2897 3584 3216 3653; x_wconf 75' lang='grc' dir='ltr'>Σπανυδρίῳ</span> <span class='ocrx_word' id='word_1_609' title='bbox 3243 3581 3405 3639; x_wconf 73' lang='grc' dir='ltr'>οἰκῶν</span> <span class='ocrx_word' id='word_1_610' title='bbox 3426 3579 3504 3648; x_wconf 80' lang='grc' dir='ltr'>τῷ</span> <span class='ocrx_word' id='word_1_611' title='bbox 3537 3593 3825 3649; x_wconf 77' lang='grc' dir='ltr'>μοναστη-</span> 
     </span>
    </p>
   </div>
   <div class='ocr_carea' id='block_1_82' title="bbox 2240 3669 3830 3758">
    <p class='ocr_par' dir='ltr' id='par_1_82' title="bbox 2240 3669 3830 3758">
     <span class='ocr_line' id='line_1_82' title="bbox 2240 3669 3830 3758; baseline -0.013 -17"><span class='ocrx_word' id='word_1_612' title='bbox 2240 3687 2362 3758; x_wconf 82' lang='grc' dir='ltr'>ρίῳ.</span> <span class='ocrx_word' id='word_1_613' title='bbox 2393 3685 2519 3738; x_wconf 78' lang='grc' dir='ltr'>Ἐὰν</span> <span class='ocrx_word' id='word_1_614' title='bbox 2553 3679 2667 3744; x_wconf 79' lang='grc' dir='ltr'>οὖν,</span> <span class='ocrx_word' id='word_1_615' title='bbox 2702 3682 2887 3752; x_wconf 72' lang='grc' dir='ltr'>φησὶν,</span> <span class='ocrx_word' id='word_1_616' title='bbox 2928 3678 3101 3744; x_wconf 77' lang='grc' dir='ltr'>διώξω</span> <span class='ocrx_word' id='word_1_617' title='bbox 3134 3676 3195 3733; x_wconf 70' lang='grc' dir='ltr'>τὸ</span> <span class='ocrx_word' id='word_1_618' title='bbox 3229 3673 3443 3744; x_wconf 72' lang='grc' dir='ltr'>πνεῦμα</span> <span class='ocrx_word' id='word_1_619' title='bbox 3484 3671 3544 3724; x_wconf 83' lang='grc' dir='ltr'><strong>τὸ</strong></span> <span class='ocrx_word' id='word_1_620' title='bbox 3572 3669 3830 3740; x_wconf 73' lang='grc' dir='ltr'>πονηρὸν</span> 
     </span>
    </p>
   </div>
   <div class='ocr_carea' id='block_1_83' title="bbox 2241 3761 3830 3845">
    <p class='ocr_par' dir='ltr' id='par_1_83' title="bbox 2241 3761 3830 3845">
     <span class='ocr_line' id='line_1_83' title="bbox 2241 3761 3830 3845; baseline -0.012 -14"><span class='ocrx_word' id='word_1_621' title='bbox 2241 3779 2350 3832; x_wconf 85' lang='grc' dir='ltr'><strong>ἀπὸ</strong></span> <span class='ocrx_word' id='word_1_622' title='bbox 2379 3775 2495 3839; x_wconf 80' lang='grc' dir='ltr'>σοῦ,</span> <span class='ocrx_word' id='word_1_623' title='bbox 2531 3774 2726 3845; x_wconf 79' lang='grc' dir='ltr'>ὲλεύσῃ</span> <span class='ocrx_word' id='word_1_624' title='bbox 2752 3772 2847 3827; x_wconf 75' lang='grc' dir='ltr'>καὶ</span> <span class='ocrx_word' id='word_1_625' title='bbox 2876 3769 3223 3839; x_wconf 79' lang='grc' dir='ltr'>κατοικήσεις</span> <span class='ocrx_word' id='word_1_626' title='bbox 3262 3765 3378 3835; x_wconf 79' lang='grc' dir='ltr'>μετ’</span> <span class='ocrx_word' id='word_1_627' title='bbox 3403 3761 3536 3833; x_wconf 68' lang='grc' dir='ltr'>ἐμοῦ</span> <span class='ocrx_word' id='word_1_628' title='bbox 3574 3763 3633 3813; x_wconf 82' lang='grc' dir='ltr'>ὲν</span> <span class='ocrx_word' id='word_1_629' title='bbox 3667 3762 3830 3813; x_wconf 83' lang='grc' dir='ltr'>Σπα-</span> 
     </span>
    </p>
   </div>
   <div class='ocr_carea' id='block_1_84' title="bbox 2240 3850 3830 3939">
    <p class='ocr_par' dir='ltr' id='par_1_84' title="bbox 2240 3850 3830 3939">
     <span class='ocr_line' id='line_1_84' title="bbox 2240 3850 3830 3939; baseline -0.014 -17"><span class='ocrx_word' id='word_1_630' title='bbox 2240 3868 2458 3939; x_wconf 83' lang='grc' dir='ltr'>νυδρίῳ.</span> <span class='ocrx_word' id='word_1_631' title='bbox 2487 3861 2654 3922; x_wconf 71' lang='grc' dir='ltr'>Εἶπεν</span> <span class='ocrx_word' id='word_1_632' title='bbox 2677 3865 2735 3918; x_wconf 76' lang='grc' dir='ltr'>δὲ</span> <span class='ocrx_word' id='word_1_633' title='bbox 2764 3861 3062 3924; x_wconf 72' lang='grc' dir='ltr'>Κάλλιστος</span> <span class='ocrx_word' id='word_1_634' title='bbox 3094 3858 3229 3930; x_wconf 79' lang='grc' dir='ltr'>πρὸς</span> <span class='ocrx_word' id='word_1_635' title='bbox 3252 3854 3593 3923; x_wconf 74' lang='grc' dir='ltr'>Ἐπιφάνιον·</span> <span class='ocrx_word' id='word_1_636' title='bbox 3621 3850 3830 3921; x_wconf 80' lang='grc' dir='ltr'>Κύριε,</span> 
     </span>
    </p>
   </div>
   <div class='ocr_carea' id='block_1_85' title="bbox 2240 3946 3830 4028">
    <p class='ocr_par' dir='ltr' id='par_1_85' title="bbox 2240 3946 3830 4028">
     <span class='ocr_line' id='line_1_85' title="bbox 2240 3946 3830 4028; baseline -0.014 -13"><span class='ocrx_word' id='word_1_637' title='bbox 2240 3960 2428 4027; x_wconf 78' lang='grc' dir='ltr'>δίωξον</span> <span class='ocrx_word' id='word_1_638' title='bbox 2473 3960 2568 4015; x_wconf 83' lang='grc' dir='ltr'><strong>ἀπ’</strong></span> <span class='ocrx_word' id='word_1_639' title='bbox 2602 3958 2737 4028; x_wconf 75' lang='grc' dir='ltr'>ἐμοῦ</span> <span class='ocrx_word' id='word_1_640' title='bbox 2767 3956 2828 4009; x_wconf 86' lang='grc' dir='ltr'>τὸ</span> <span class='ocrx_word' id='word_1_641' title='bbox 2860 3953 3167 4023; x_wconf 79' lang='grc' dir='ltr'>ἀκάθαρτον</span> <span class='ocrx_word' id='word_1_642' title='bbox 3202 3947 3449 4018; x_wconf 78' lang='grc' dir='ltr'>πνεῦμα,</span> <span class='ocrx_word' id='word_1_643' title='bbox 3485 3946 3578 4000; x_wconf 76' lang='grc' dir='ltr'>καὶ</span> <span class='ocrx_word' id='word_1_644' title='bbox 3629 3960 3830 3996; x_wconf 75' lang='grc' dir='ltr'>κατοι-</span> 
     </span>
    </p>
   </div>
   <div class='ocr_carea' id='block_1_86' title="bbox 2243 4034 3830 4122">
    <p class='ocr_par' dir='ltr' id='par_1_86' title="bbox 2243 4034 3830 4122">
     <span class='ocr_line' id='line_1_86' title="bbox 2243 4034 3830 4122; baseline -0.013 -16"><span class='ocrx_word' id='word_1_645' title='bbox 2243 4053 2418 4122; x_wconf 79' lang='grc' dir='ltr'>κήσω,</span> <span class='ocrx_word' id='word_1_646' title='bbox 2443 4049 2595 4119; x_wconf 64' lang='grc' dir='ltr'>φησι,</span> <span class='ocrx_word' id='word_1_647' title='bbox 2625 4046 2762 4119; x_wconf 83' lang='grc' dir='ltr'>μετὰ</span> <span class='ocrx_word' id='word_1_648' title='bbox 2792 4046 2906 4101; x_wconf 79' lang='grc' dir='ltr'>σοῦ.</span> <span class='ocrx_word' id='word_1_649' title='bbox 2938 4040 3103 4099; x_wconf 73' lang='grc' dir='ltr'>Εἶπεν</span> <span class='ocrx_word' id='word_1_650' title='bbox 3126 4043 3184 4096; x_wconf 78' lang='grc' dir='ltr'>δὲ</span> <span class='ocrx_word' id='word_1_651' title='bbox 3219 4038 3530 4109; x_wconf 75' lang='grc' dir='ltr'>Ἑπιφάνιος</span> <span class='ocrx_word' id='word_1_652' title='bbox 3555 4034 3635 4106; x_wconf 76' lang='grc' dir='ltr'>τῷ</span> <span class='ocrx_word' id='word_1_653' title='bbox 3669 4036 3830 4089; x_wconf 80' lang='grc' dir='ltr'>Καλ-</span> 
     </span>
    </p>
   </div>
   <div class='ocr_carea' id='block_1_87' title="bbox 2242 4128 3830 4211">
    <p class='ocr_par' dir='ltr' id='par_1_87' title="bbox 2242 4128 3830 4211">
     <span class='ocr_line' id='line_1_87' title="bbox 2242 4128 3830 4211; baseline -0.01 -16"><span class='ocrx_word' id='word_1_654' title='bbox 2242 4141 2408 4211; x_wconf 84' lang='grc' dir='ltr'>λίστῳ</span> <span class='ocrx_word' id='word_1_655' title='bbox 2428 4158 2441 4172; x_wconf 76' lang='grc' dir='ltr'><strong>ο</strong></span> <span class='ocrx_word' id='word_1_656' title='bbox 2484 4139 2655 4193; x_wconf 84' lang='grc' dir='ltr'>Βλέπε</span> <span class='ocrx_word' id='word_1_657' title='bbox 2700 4139 2774 4210; x_wconf 82' lang='grc' dir='ltr'><strong>μὴ</strong></span> <span class='ocrx_word' id='word_1_658' title='bbox 2814 4139 3045 4211; x_wconf 76' lang='grc' dir='ltr'>ποιήσῃς</span> <span class='ocrx_word' id='word_1_659' title='bbox 3074 4135 3264 4197; x_wconf 79' lang='grc' dir='ltr'>ἄλλως,</span> <span class='ocrx_word' id='word_1_660' title='bbox 3296 4131 3416 4185; x_wconf 69' lang='grc' dir='ltr'>ἐπεὶ</span> <span class='ocrx_word' id='word_1_661' title='bbox 3453 4128 3613 4183; x_wconf 76' lang='grc' dir='ltr'>πάλιν</span> <span class='ocrx_word' id='word_1_662' title='bbox 3643 4143 3830 4198; x_wconf 78' lang='grc' dir='ltr'>προσ-</span> 
     </span>
    </p>
   </div>
   <div class='ocr_carea' id='block_1_88' title="bbox 2247 4216 3830 4303">
    <p class='ocr_par' dir='ltr' id='par_1_88' title="bbox 2247 4216 3830 4303">
     <span class='ocr_line' id='line_1_88' title="bbox 2247 4216 3830 4303; baseline -0.002 -14"><span class='ocrx_word' id='word_1_663' title='bbox 2247 4232 2660 4303; x_wconf 83' lang='grc' dir='ltr'>κολληθήσεται.</span> <span class='ocrx_word' id='word_1_664' title='bbox 2694 4227 3065 4295; x_wconf 78' lang='grc' dir='ltr'>Ἐξυπνισθεὶς</span> <span class='ocrx_word' id='word_1_665' title='bbox 3103 4220 3195 4279; x_wconf 77' lang='grc' dir='ltr'><strong>οὖν</strong></span> <span class='ocrx_word' id='word_1_666' title='bbox 3239 4226 3265 4276; x_wconf 89' lang='lat'><strong>6</strong></span> <span class='ocrx_word' id='word_1_667' title='bbox 3302 4220 3596 4281; x_wconf 73' lang='grc' dir='ltr'>Κάλλιστος</span> <span class='ocrx_word' id='word_1_668' title='bbox 3624 4216 3830 4286; x_wconf 59' lang='grc' dir='ltr'>διηγὴη</span> 
     </span>
    </p>
   </div>
   <div class='ocr_carea' id='block_1_89' title="bbox 2249 4310 3830 4396">
    <p class='ocr_par' dir='ltr' id='par_1_89' title="bbox 2249 4310 3830 4396">
     <span class='ocr_line' id='line_1_89' title="bbox 2249 4310 3830 4396; baseline -0.012 -18"><span class='ocrx_word' id='word_1_669' title='bbox 2249 4342 2379 4381; x_wconf 87' lang='grc' dir='ltr'>σατο</span> <span class='ocrx_word' id='word_1_670' title='bbox 2410 4323 2488 4395; x_wconf 83' lang='grc' dir='ltr'>τῷ</span> <span class='ocrx_word' id='word_1_671' title='bbox 2516 4324 2683 4396; x_wconf 75' lang='grc' dir='ltr'>πατρὶ</span> <span class='ocrx_word' id='word_1_672' title='bbox 2714 4320 2877 4377; x_wconf 80' lang='grc' dir='ltr'>αὑτοῦ</span> <span class='ocrx_word' id='word_1_673' title='bbox 2904 4320 3017 4373; x_wconf 72' lang='grc' dir='ltr'>ὄντι</span> <span class='ocrx_word' id='word_1_674' title='bbox 3047 4318 3287 4388; x_wconf 76' lang='grc' dir='ltr'>ἐπάρχῳ.</span> <span class='ocrx_word' id='word_1_675' title='bbox 3315 4312 3449 4368; x_wconf 77' lang='grc' dir='ltr'><strong>Ἀπὸ</strong></span> <span class='ocrx_word' id='word_1_676' title='bbox 3472 4312 3569 4378; x_wconf 84' lang='grc' dir='ltr'>τῆς</span> <span class='ocrx_word' id='word_1_677' title='bbox 3602 4310 3830 4379; x_wconf 58' lang='grc' dir='ltr'>ἡμέραέ</span> 
     </span>
    </p>
   </div>
   <div class='ocr_carea' id='block_1_90' title="bbox 577 4397 2130 4481">
    <p class='ocr_par' dir='ltr' id='par_1_90' title="bbox 577 4404 2130 4476">
     <span class='ocr_line' id='line_1_90' title="bbox 577 4404 2130 4476; baseline -0.002 -12"><span class='ocrx_word' id='word_1_678' title='bbox 577 4406 833 4464; x_wconf 81' lang='lat' dir='ltr'><strong>Callistus</strong></span> <span class='ocrx_word' id='word_1_679' title='bbox 865 4405 1020 4460; x_wconf 81' lang='lat' dir='ltr'><strong>Aetio</strong></span> <span class='ocrx_word' id='word_1_680' title='bbox 1046 4405 1187 4475; x_wconf 90' lang='lat' dir='ltr'><strong>patri</strong></span> <span class='ocrx_word' id='word_1_681' title='bbox 1219 4421 1319 4461; x_wconf 85' lang='lat' dir='ltr'><strong>suo</strong></span> <span class='ocrx_word' id='word_1_682' title='bbox 1345 4422 1359 4458; x_wconf 92' lang='lat'><strong>:</strong></span> <span class='ocrx_word' id='word_1_683' title='bbox 1390 4404 1571 4469; x_wconf 82' lang='lat' dir='ltr'><strong>Pater,</strong></span> <span class='ocrx_word' id='word_1_684' title='bbox 1598 4406 1721 4462; x_wconf 88' lang='lat' dir='ltr'><strong>volo</strong></span> <span class='ocrx_word' id='word_1_685' title='bbox 1762 4406 1842 4465; x_wconf 82' lang='lat' dir='ltr'><strong>ire</strong></span> <span class='ocrx_word' id='word_1_686' title='bbox 1886 4406 1938 4463; x_wconf 90' lang='lat' dir='ltr'><strong>in</strong></span> <span class='ocrx_word' id='word_1_687' title='bbox 1969 4407 2130 4476; x_wconf 25' lang='lat' dir='ltr'><strong>regina</strong></span> 
     </span>
    </p>
   </div>
   <div class='ocr_carea' id='block_1_91' title="bbox 2231 4397 3830 4481">
    <p class='ocr_par' dir='ltr' id='par_1_91' title="bbox 2249 4397 3830 4481">
     <span class='ocr_line' id='line_1_91' title="bbox 2249 4397 3830 4481; baseline -0.011 -15"><span class='ocrx_word' id='word_1_688' title='bbox 2249 4408 2342 4466; x_wconf 82' lang='grc' dir='ltr'><strong>οὖν</strong></span> <span class='ocrx_word' id='word_1_689' title='bbox 2367 4413 2581 4481; x_wconf 83' lang='grc' dir='ltr'>ὲκείνης</span> <span class='ocrx_word' id='word_1_690' title='bbox 2616 4410 2800 4466; x_wconf 80' lang='grc' dir='ltr'>οὐκέτι</span> <span class='ocrx_word' id='word_1_691' title='bbox 2841 4411 2869 4462; x_wconf 87' lang='lat'><strong>6</strong></span> <span class='ocrx_word' id='word_1_692' title='bbox 2906 4406 3203 4466; x_wconf 82' lang='grc' dir='ltr'>Κάλλιστος</span> <span class='ocrx_word' id='word_1_693' title='bbox 3237 4401 3340 4456; x_wconf 73' lang='grc' dir='ltr'>ὑπὸ</span> <span class='ocrx_word' id='word_1_694' title='bbox 3388 4399 3475 4454; x_wconf 76' lang='grc' dir='ltr'><strong>τοῦ</strong></span> <span class='ocrx_word' id='word_1_695' title='bbox 3513 4397 3830 4467; x_wconf 66' lang='grc' dir='ltr'>πνεύματος</span> 
     </span>
    </p>
   </div>
   <div class='ocr_carea' id='block_1_92' title="bbox 578 4494 2145 4565">
    <p class='ocr_par' dir='ltr' id='par_1_92' title="bbox 578 4494 2145 4565">
     <span class='ocr_line' id='line_1_92' title="bbox 578 4494 2145 4565; baseline 0.001 -11"><span class='ocrx_word' id='word_1_696' title='bbox 578 4513 704 4557; x_wconf 79' lang='lat' dir='ltr'><strong>nem</strong></span> <span class='ocrx_word' id='word_1_697' title='bbox 738 4495 1058 4553; x_wconf 84' lang='lat' dir='ltr'><strong>Phoenicum</strong></span> <span class='ocrx_word' id='word_1_698' title='bbox 1079 4537 1095 4562; x_wconf 93' lang='lat'><strong>,</strong></span> <span class='ocrx_word' id='word_1_699' title='bbox 1127 4504 1182 4551; x_wconf 90' lang='lat' dir='ltr'><strong>et</strong></span> <span class='ocrx_word' id='word_1_700' title='bbox 1205 4510 1448 4565; x_wconf 69' lang='lat' dir='ltr'><strong>quaerere</strong></span> <span class='ocrx_word' id='word_1_701' title='bbox 1477 4494 1837 4565; x_wconf 85' lang='lat' dir='ltr'><strong>Epiphanium</strong></span> <span class='ocrx_word' id='word_1_702' title='bbox 1858 4538 1874 4563; x_wconf 95' lang='lat'><strong>,</strong></span> <span class='ocrx_word' id='word_1_703' title='bbox 1905 4507 1959 4555; x_wconf 82' lang='lat' dir='ltr'><strong>et</strong></span> <span class='ocrx_word' id='word_1_704' title='bbox 1991 4498 2145 4556; x_wconf 81' lang='lat' dir='ltr'><strong>habi-</strong></span> 
     </span>
    </p>
   </div>
   <div class='ocr_carea' id='block_1_93' title="bbox 579 4584 2145 4659">
    <p class='ocr_par' dir='ltr' id='par_1_93' title="bbox 579 4584 2145 4659">
     <span class='ocr_line' id='line_1_93' title="bbox 579 4584 2145 4659; baseline 0.004 -17"><span class='ocrx_word' id='word_1_705' title='bbox 579 4597 694 4649; x_wconf 77' lang='lat' dir='ltr'><strong>tare</strong></span> <span class='ocrx_word' id='word_1_706' title='bbox 718 4601 841 4645; x_wconf 88' lang='lat' dir='ltr'><strong>cum</strong></span> <span class='ocrx_word' id='word_1_707' title='bbox 872 4586 989 4655; x_wconf 85' lang='lat' dir='ltr'><strong>ipso</strong></span> <span class='ocrx_word' id='word_1_708' title='bbox 1014 4585 1073 4643; x_wconf 85' lang='lat' dir='ltr'><strong>in</strong></span> <span class='ocrx_word' id='word_1_709' title='bbox 1103 4584 1469 4656; x_wconf 80' lang='lat' dir='ltr'><strong>Spanbydrio.</strong></span> <span class='ocrx_word' id='word_1_710' title='bbox 1491 4586 1684 4643; x_wconf 80' lang='lat' dir='ltr'><strong>Statim</strong></span> <span class='ocrx_word' id='word_1_711' title='bbox 1699 4597 1850 4655; x_wconf 78' lang='lat' dir='ltr'><strong>pater</strong></span> <span class='ocrx_word' id='word_1_712' title='bbox 1878 4588 2017 4659; x_wconf 85' lang='lat' dir='ltr'><strong>ejus,</strong></span> <span class='ocrx_word' id='word_1_713' title='bbox 2047 4590 2145 4649; x_wconf 76' lang='lat' dir='ltr'><strong>da-</strong></span> 
     </span>
    </p>
   </div>
   <div class='ocr_carea' id='block_1_94' title="bbox 580 4674 2145 4748">
    <p class='ocr_par' dir='ltr' id='par_1_94' title="bbox 580 4674 2145 4748">
     <span class='ocr_line' id='line_1_94' title="bbox 580 4674 2145 4748; baseline 0.001 -17"><span class='ocrx_word' id='word_1_714' title='bbox 580 4676 652 4733; x_wconf 86' lang='lat' dir='ltr'><strong>tis</strong></span> <span class='ocrx_word' id='word_1_715' title='bbox 673 4676 725 4732; x_wconf 91' lang='lat' dir='ltr'><strong>ei</strong></span> <span class='ocrx_word' id='word_1_716' title='bbox 753 4675 940 4737; x_wconf 78' lang='lat' dir='ltr'><strong>multis</strong></span> <span class='ocrx_word' id='word_1_717' title='bbox 974 4674 1240 4742; x_wconf 89' lang='lat' dir='ltr'><strong>pecuniis,</strong></span> <span class='ocrx_word' id='word_1_718' title='bbox 1268 4675 1417 4739; x_wconf 88' lang='lat' dir='ltr'><strong>misit</strong></span> <span class='ocrx_word' id='word_1_719' title='bbox 1441 4689 1566 4730; x_wconf 90' lang='lat' dir='ltr'><strong>cum</strong></span> <span class='ocrx_word' id='word_1_720' title='bbox 1592 4675 1867 4745; x_wconf 54' lang='lat' dir='ltr'><strong>praesidio.</strong></span> <span class='ocrx_word' id='word_1_721' title='bbox 1896 4675 2145 4748; x_wconf 80' lang='lat' dir='ltr'><strong>Cumque</strong></span> 
     </span>
    </p>
   </div>
   <div class='ocr_carea' id='block_1_95' title="bbox 582 4764 2146 4836">
    <p class='ocr_par' dir='ltr' id='par_1_95' title="bbox 582 4764 2146 4836">
     <span class='ocr_line' id='line_1_95' title="bbox 582 4764 2146 4836; baseline 0.003 -16"><span class='ocrx_word' id='word_1_722' title='bbox 582 4766 821 4835; x_wconf 77' lang='lat' dir='ltr'><strong>venisset</strong></span> <span class='ocrx_word' id='word_1_723' title='bbox 852 4766 908 4821; x_wconf 90' lang='lat' dir='ltr'><strong>in</strong></span> <span class='ocrx_word' id='word_1_724' title='bbox 946 4764 1311 4832; x_wconf 70' lang='lat' dir='ltr'><strong>thniciam,</strong></span> <span class='ocrx_word' id='word_1_725' title='bbox 1356 4776 1412 4831; x_wconf 84' lang='lat' dir='ltr'><strong>et</strong></span> <span class='ocrx_word' id='word_1_726' title='bbox 1455 4766 1849 4836; x_wconf 81' lang='lat' dir='ltr'><strong>inquisivisset,</strong></span> <span class='ocrx_word' id='word_1_727' title='bbox 1893 4770 2039 4829; x_wconf 80' lang='lat' dir='ltr'><strong>venit</strong></span> <span class='ocrx_word' id='word_1_728' title='bbox 2078 4771 2146 4833; x_wconf 84' lang='lat' dir='ltr'><strong>ad</strong></span> 
     </span>
    </p>
   </div>
   <div class='ocr_carea' id='block_1_96' title="bbox 579 4857 2215 4929">
    <p class='ocr_par' dir='ltr' id='par_1_96' title="bbox 579 4857 2215 4929">
     <span class='ocr_line' id='line_1_96' title="bbox 579 4857 2215 4929; baseline 0.004 -17"><span class='ocrx_word' id='word_1_729' title='bbox 579 4857 967 4929; x_wconf 77' lang='lat' dir='ltr'><strong>Epiphanium,</strong></span> <span class='ocrx_word' id='word_1_730' title='bbox 997 4867 1052 4916; x_wconf 89' lang='lat' dir='ltr'><strong>et</strong></span> <span class='ocrx_word' id='word_1_731' title='bbox 1080 4858 1132 4915; x_wconf 85' lang='lat' dir='ltr'><strong>ei</strong></span> <span class='ocrx_word' id='word_1_732' title='bbox 1166 4859 1419 4929; x_wconf 77' lang='lat' dir='ltr'><strong>exposuit</strong></span> <span class='ocrx_word' id='word_1_733' title='bbox 1441 4860 1648 4927; x_wconf 87' lang='lat' dir='ltr'><strong>omnia,</strong></span> <span class='ocrx_word' id='word_1_734' title='bbox 1680 4868 1735 4915; x_wconf 91' lang='lat' dir='ltr'><strong>et</strong></span> <span class='ocrx_word' id='word_1_735' title='bbox 1760 4860 2020 4923; x_wconf 80' lang='lat' dir='ltr'><strong>habitavit</strong></span> <span class='ocrx_word' id='word_1_736' title='bbox 2048 4877 2144 4918; x_wconf 84' lang='lat' dir='ltr'><strong>no-</strong></span> <span class='ocrx_word' id='word_1_737' title='bbox 2214 4858 2215 4861; x_wconf 55' lang='grc'><em>“</em></span> 
     </span>
    </p>
   </div>
   <div class='ocr_carea' id='block_1_97' title="bbox 582 4947 2145 5022">
    <p class='ocr_par' dir='ltr' id='par_1_97' title="bbox 582 4947 2145 5022">
     <span class='ocr_line' id='line_1_97' title="bbox 582 4947 2145 5022; baseline 0.003 -19"><span class='ocrx_word' id='word_1_738' title='bbox 582 4950 815 5007; x_wconf 81' lang='lat' dir='ltr'><strong>hiscum.</strong></span> <span class='ocrx_word' id='word_1_739' title='bbox 865 4947 1011 5013; x_wconf 77' lang='lat' dir='ltr'><strong>Misit</strong></span> <span class='ocrx_word' id='word_1_740' title='bbox 1061 4964 1191 5019; x_wconf 81' lang='lat' dir='ltr'><strong>ergo</strong></span> <span class='ocrx_word' id='word_1_741' title='bbox 1234 4948 1594 5019; x_wconf 86' lang='lat' dir='ltr'><strong>philosophus</strong></span> <span class='ocrx_word' id='word_1_742' title='bbox 1644 4948 1950 5017; x_wconf 87' lang='lat' dir='ltr'><strong>Callistum,</strong></span> <span class='ocrx_word' id='word_1_743' title='bbox 1988 4952 2145 5022; x_wconf 90' lang='lat' dir='ltr'><strong>jussu</strong></span> 
     </span>
    </p>
   </div>
   <div class='ocr_carea' id='block_1_98' title="bbox 584 5039 2149 5111">
    <p class='ocr_par' dir='ltr' id='par_1_98' title="bbox 584 5039 2149 5111">
     <span class='ocr_line' id='line_1_98' title="bbox 584 5039 2149 5111; baseline 0.004 -19"><span class='ocrx_word' id='word_1_744' title='bbox 584 5039 893 5109; x_wconf 81' lang='lat' dir='ltr'><strong>Epiphanii,</strong></span> <span class='ocrx_word' id='word_1_745' title='bbox 939 5055 1065 5096; x_wconf 88' lang='lat' dir='ltr'><strong>cum</strong></span> <span class='ocrx_word' id='word_1_746' title='bbox 1110 5040 1326 5097; x_wconf 89' lang='lat' dir='ltr'><strong>duobus</strong></span> <span class='ocrx_word' id='word_1_747' title='bbox 1372 5040 1578 5111; x_wconf 87' lang='lat' dir='ltr'><strong>pueris,</strong></span> <span class='ocrx_word' id='word_1_748' title='bbox 1623 5048 1679 5095; x_wconf 90' lang='lat' dir='ltr'><strong>et</strong></span> <span class='ocrx_word' id='word_1_749' title='bbox 1721 5039 1895 5098; x_wconf 89' lang='lat' dir='ltr'><strong>tribus</strong></span> <span class='ocrx_word' id='word_1_750' title='bbox 1926 5043 2149 5098; x_wconf 86' lang='lat' dir='ltr'><strong>camelis</strong></span> 
     </span>
    </p>
   </div>
   <div class='ocr_carea' id='block_1_99' title="bbox 584 5129 2152 5202">
    <p class='ocr_par' dir='ltr' id='par_1_99' title="bbox 584 5129 2152 5202">
     <span class='ocr_line' id='line_1_99' title="bbox 584 5129 2152 5202; baseline 0.003 -19"><span class='ocrx_word' id='word_1_751' title='bbox 584 5129 817 5184; x_wconf 82' lang='lat' dir='ltr'><strong>Edesam</strong></span> <span class='ocrx_word' id='word_1_752' title='bbox 864 5131 932 5189; x_wconf 82' lang='lat' dir='ltr'><strong>ad</strong></span> <span class='ocrx_word' id='word_1_753' title='bbox 976 5131 1148 5186; x_wconf 87' lang='lat' dir='ltr'><strong>libros</strong></span> <span class='ocrx_word' id='word_1_754' title='bbox 1193 5131 1561 5197; x_wconf 73' lang='lat' dir='ltr'><strong>adducendus.</strong></span> <span class='ocrx_word' id='word_1_755' title='bbox 1624 5132 1871 5202; x_wconf 87' lang='lat' dir='ltr'><strong>Cumque</strong></span> <span class='ocrx_word' id='word_1_756' title='bbox 1914 5133 2152 5194; x_wconf 76' lang='lat' dir='ltr'><strong>venisset</strong></span> 
     </span>
    </p>
   </div>
   <div class='ocr_carea' id='block_1_100' title="bbox 586 5220 2153 5297">
    <p class='ocr_par' dir='ltr' id='par_1_100' title="bbox 586 5220 2153 5297">
     <span class='ocr_line' id='line_1_100' title="bbox 586 5220 2153 5297; baseline -0.001 -16"><span class='ocrx_word' id='word_1_757' title='bbox 586 5220 841 5289; x_wconf 77' lang='lat' dir='ltr'><strong>Edesam,</strong></span> <span class='ocrx_word' id='word_1_758' title='bbox 870 5225 1076 5294; x_wconf 86' lang='lat' dir='ltr'><strong>accepit</strong></span> <span class='ocrx_word' id='word_1_759' title='bbox 1120 5223 1289 5283; x_wconf 86' lang='lat' dir='ltr'><strong>libros</strong></span> <span class='ocrx_word' id='word_1_760' title='bbox 1316 5223 1648 5294; x_wconf 78' lang='lat' dir='ltr'><strong>philosophi,</strong></span> <span class='ocrx_word' id='word_1_761' title='bbox 1690 5235 1745 5281; x_wconf 92' lang='lat' dir='ltr'><strong>et</strong></span> <span class='ocrx_word' id='word_1_762' title='bbox 1772 5226 2034 5297; x_wconf 80' lang='lat' dir='ltr'><strong>imposuit</strong></span> <span class='ocrx_word' id='word_1_763' title='bbox 2061 5241 2153 5281; x_wconf 87' lang='lat' dir='ltr'><strong>ca-</strong></span> 
     </span>
    </p>
   </div>
   <div class='ocr_carea' id='block_1_101' title="bbox 560 5314 1568 5379">
    <p class='ocr_par' dir='ltr' id='par_1_101' title="bbox 560 5314 1568 5379">
     <span class='ocr_line' id='line_1_101' title="bbox 560 5314 1568 5379; baseline 0.003 -11"><span class='ocrx_word' id='word_1_764' title='bbox 560 5314 766 5379; x_wconf 0' lang='lat' dir='ltr'><strong>rmelis,</strong></span> <span class='ocrx_word' id='word_1_765' title='bbox 797 5324 852 5371; x_wconf 84' lang='lat' dir='ltr'><strong>et</strong></span> <span class='ocrx_word' id='word_1_766' title='bbox 878 5316 1023 5371; x_wconf 87' lang='lat' dir='ltr'><strong>venit</strong></span> <span class='ocrx_word' id='word_1_767' title='bbox 1061 5318 1115 5370; x_wconf 92' lang='lat' dir='ltr'><strong>in</strong></span> <span class='ocrx_word' id='word_1_768' title='bbox 1153 5317 1568 5379; x_wconf 74' lang='lat' dir='ltr'><strong>monasterium.</strong></span> 
     </span>
    </p>
   </div>
   <div class='ocr_carea' id='block_1_102' title="bbox 2250 4492 3822 4574">
    <p class='ocr_par' dir='ltr' id='par_1_102' title="bbox 2250 4492 3822 4574">
     <span class='ocr_line' id='line_1_102' title="bbox 2250 4492 3822 4574; baseline -0.011 -16"><span class='ocrx_word' id='word_1_769' title='bbox 2250 4505 2344 4558; x_wconf 80' lang='grc' dir='ltr'><strong>τοῦ</strong></span> <span class='ocrx_word' id='word_1_770' title='bbox 2382 4503 2691 4574; x_wconf 78' lang='grc' dir='ltr'>ἀκαθάρτου</span> <span class='ocrx_word' id='word_1_771' title='bbox 2729 4501 2936 4571; x_wconf 75' lang='grc' dir='ltr'>ἑθλίϐη.</span> <span class='ocrx_word' id='word_1_772' title='bbox 2968 4498 3124 4555; x_wconf 81' lang='grc' dir='ltr'>Μετὰ</span> <span class='ocrx_word' id='word_1_773' title='bbox 3167 4496 3223 4555; x_wconf 80' lang='grc' dir='ltr'>δὲ</span> <span class='ocrx_word' id='word_1_774' title='bbox 3250 4493 3565 4566; x_wconf 83' lang='grc' dir='ltr'>τριμηναῖον</span> <span class='ocrx_word' id='word_1_775' title='bbox 3606 4492 3822 4560; x_wconf 78' lang='grc' dir='ltr'>χρόνον</span> 
     </span>
    </p>
   </div>
   <div class='ocr_carea' id='block_1_103' title="bbox 2251 4583 3822 4666">
    <p class='ocr_par' dir='ltr' id='par_1_103' title="bbox 2251 4583 3822 4666">
     <span class='ocr_line' id='line_1_103' title="bbox 2251 4583 3822 4666; baseline -0.008 -15"><span class='ocrx_word' id='word_1_776' title='bbox 2251 4594 2404 4651; x_wconf 75' lang='grc' dir='ltr'>εἶπεν</span> <span class='ocrx_word' id='word_1_777' title='bbox 2454 4596 2648 4666; x_wconf 80' lang='grc' dir='ltr'>Ἀετίῳ</span> <span class='ocrx_word' id='word_1_778' title='bbox 2697 4594 2775 4665; x_wconf 84' lang='grc' dir='ltr'>τῷ</span> <span class='ocrx_word' id='word_1_779' title='bbox 2819 4594 2987 4665; x_wconf 76' lang='grc' dir='ltr'>πατρὶ</span> <span class='ocrx_word' id='word_1_780' title='bbox 3036 4588 3229 4646; x_wconf 76' lang='grc' dir='ltr'>αὐτοῦ’</span> <span class='ocrx_word' id='word_1_781' title='bbox 3281 4584 3563 4657; x_wconf 86' lang='grc' dir='ltr'>Βούλομαι,</span> <span class='ocrx_word' id='word_1_782' title='bbox 3600 4583 3822 4652; x_wconf 48' lang='lat' dir='ltr'><strong>Illi-3,9</strong></span> 
     </span>
    </p>
   </div>
   <div class='ocr_carea' id='block_1_104' title="bbox 2252 4672 3830 4759">
    <p class='ocr_par' dir='ltr' id='par_1_104' title="bbox 2252 4672 3830 4759">
     <span class='ocr_line' id='line_1_104' title="bbox 2252 4672 3830 4759; baseline -0.002 -18"><span class='ocrx_word' id='word_1_783' title='bbox 2252 4686 2579 4759; x_wconf 83' lang='grc' dir='ltr'>πορευθῆναι</span> <span class='ocrx_word' id='word_1_784' title='bbox 2608 4688 2664 4740; x_wconf 83' lang='grc' dir='ltr'>ὲν</span> <span class='ocrx_word' id='word_1_785' title='bbox 2687 4688 2751 4757; x_wconf 82' lang='grc' dir='ltr'>τῇ</span> <span class='ocrx_word' id='word_1_786' title='bbox 2789 4683 2941 4756; x_wconf 69' lang='grc' dir='ltr'>χώρᾳ</span> <span class='ocrx_word' id='word_1_787' title='bbox 2968 4682 3076 4737; x_wconf 84' lang='grc' dir='ltr'><strong>τῶν</strong></span> <span class='ocrx_word' id='word_1_788' title='bbox 3107 4680 3384 4741; x_wconf 78' lang='grc' dir='ltr'>Φοινίκων,</span> <span class='ocrx_word' id='word_1_789' title='bbox 3418 4676 3510 4733; x_wconf 74' lang='grc' dir='ltr'><strong>καὶ</strong></span> <span class='ocrx_word' id='word_1_790' title='bbox 3541 4672 3830 4744; x_wconf 64' lang='grc' dir='ltr'><strong>ἀναζητῆΔ</strong></span> 
     </span>
    </p>
   </div>
   <div class='ocr_carea' id='block_1_105' title="bbox 2253 4766 3826 4846">
    <p class='ocr_par' dir='ltr' id='par_1_105' title="bbox 2253 4766 3826 4846">
     <span class='ocr_line' id='line_1_105' title="bbox 2253 4766 3826 4846; baseline -0.01 -12"><span class='ocrx_word' id='word_1_791' title='bbox 2253 4796 2343 4834; x_wconf 84' lang='grc' dir='ltr'><strong>σαι</strong></span> <span class='ocrx_word' id='word_1_792' title='bbox 2366 4777 2459 4831; x_wconf 78' lang='grc' dir='ltr'><strong>τὸν</strong></span> <span class='ocrx_word' id='word_1_793' title='bbox 2488 4777 2824 4846; x_wconf 82' lang='grc' dir='ltr'>Ἐπιφάνιον,</span> <span class='ocrx_word' id='word_1_794' title='bbox 2852 4779 2946 4831; x_wconf 77' lang='grc' dir='ltr'>καὶ</span> <span class='ocrx_word' id='word_1_795' title='bbox 2978 4774 3199 4844; x_wconf 80' lang='grc' dir='ltr'>οἰκῆσαι</span> <span class='ocrx_word' id='word_1_796' title='bbox 3224 4771 3343 4843; x_wconf 76' lang='grc' dir='ltr'>μετ’</span> <span class='ocrx_word' id='word_1_797' title='bbox 3375 4766 3538 4823; x_wconf 78' lang='grc' dir='ltr'>αὐτοῦ</span> <span class='ocrx_word' id='word_1_798' title='bbox 3569 4768 3629 4818; x_wconf 78' lang='grc' dir='ltr'>ἐν</span> <span class='ocrx_word' id='word_1_799' title='bbox 3645 4767 3826 4821; x_wconf 77' lang='grc' dir='ltr'>Σπαν</span> 
     </span>
    </p>
   </div>
   <div class='ocr_carea' id='block_1_106' title="bbox 2259 4859 3827 4942">
    <p class='ocr_par' dir='ltr' id='par_1_106' title="bbox 2259 4859 3827 4942">
     <span class='ocr_line' id='line_1_106' title="bbox 2259 4859 3827 4942; baseline -0.01 -18"><span class='ocrx_word' id='word_1_800' title='bbox 2259 4870 2445 4942; x_wconf 84' lang='grc' dir='ltr'>υδρίῳ.</span> <span class='ocrx_word' id='word_1_801' title='bbox 2474 4869 2688 4933; x_wconf 83' lang='grc' dir='ltr'>Εὐθέως</span> <span class='ocrx_word' id='word_1_802' title='bbox 2735 4865 2827 4923; x_wconf 82' lang='grc' dir='ltr'><strong>οὖν</strong></span> <span class='ocrx_word' id='word_1_803' title='bbox 2853 4870 2883 4922; x_wconf 90' lang='lat'><strong>6</strong></span> <span class='ocrx_word' id='word_1_804' title='bbox 2905 4864 3086 4938; x_wconf 79' lang='grc' dir='ltr'>πατὴρ</span> <span class='ocrx_word' id='word_1_805' title='bbox 3114 4863 3279 4921; x_wconf 82' lang='grc' dir='ltr'><strong>αὑτοῦ</strong></span> <span class='ocrx_word' id='word_1_806' title='bbox 3307 4860 3481 4920; x_wconf 82' lang='grc' dir='ltr'>δώσας</span> <span class='ocrx_word' id='word_1_807' title='bbox 3513 4859 3663 4929; x_wconf 76' lang='grc' dir='ltr'>αὐτῷ</span> <span class='ocrx_word' id='word_1_808' title='bbox 3699 4864 3827 4931; x_wconf 68' lang='grc' dir='ltr'><strong>χρὴ</strong></span> 
     </span>
    </p>
   </div>
   <div class='ocr_carea' id='block_1_107' title="bbox 2257 4948 3830 5031">
    <p class='ocr_par' dir='ltr' id='par_1_107' title="bbox 2257 4948 3830 5031">
     <span class='ocr_line' id='line_1_107' title="bbox 2257 4948 3830 5031; baseline -0.008 -18"><span class='ocrx_word' id='word_1_809' title='bbox 2257 4976 2401 5031; x_wconf 87' lang='grc' dir='ltr'>ματα</span> <span class='ocrx_word' id='word_1_810' title='bbox 2432 4959 2632 5024; x_wconf 83' lang='grc' dir='ltr'>πολλὰ,</span> <span class='ocrx_word' id='word_1_811' title='bbox 2666 4956 2982 5017; x_wconf 78' lang='grc' dir='ltr'>ἀπέστειλεν</span> <span class='ocrx_word' id='word_1_812' title='bbox 3015 4955 3176 5011; x_wconf 81' lang='grc' dir='ltr'>αὑτὸν</span> <span class='ocrx_word' id='word_1_813' title='bbox 3220 4952 3355 5023; x_wconf 83' lang='grc' dir='ltr'><strong>μετὰ</strong></span> <span class='ocrx_word' id='word_1_814' title='bbox 3401 4948 3654 5020; x_wconf 77' lang='grc' dir='ltr'>βοηθείας</span> <span class='ocrx_word' id='word_1_815' title='bbox 3729 4950 3830 5002; x_wconf 71' lang='lat' dir='ltr'><strong>Kal</strong></span> 
     </span>
    </p>
   </div>
   <div class='ocr_carea' id='block_1_108' title="bbox 2258 5040 3830 5123">
    <p class='ocr_par' dir='ltr' id='par_1_108' title="bbox 2258 5040 3830 5123">
     <span class='ocr_line' id='line_1_108' title="bbox 2258 5040 3830 5123; baseline -0.008 -17"><span class='ocrx_word' id='word_1_816' title='bbox 2258 5050 2428 5106; x_wconf 72' lang='grc' dir='ltr'>ἐλθὼν</span> <span class='ocrx_word' id='word_1_817' title='bbox 2478 5053 2535 5104; x_wconf 77' lang='grc' dir='ltr'>ὲν</span> <span class='ocrx_word' id='word_1_818' title='bbox 2566 5054 2636 5123; x_wconf 78' lang='grc' dir='ltr'>τῇ</span> <span class='ocrx_word' id='word_1_819' title='bbox 2674 5049 2929 5121; x_wconf 81' lang='grc' dir='ltr'>Φοινίκῃ,</span> <span class='ocrx_word' id='word_1_820' title='bbox 2978 5045 3313 5116; x_wconf 75' lang='grc' dir='ltr'>ἐπιζητήσας</span> <span class='ocrx_word' id='word_1_821' title='bbox 3351 5040 3711 5109; x_wconf 76' lang='grc' dir='ltr'>Ἐπιφάνιον,</span> <span class='ocrx_word' id='word_1_822' title='bbox 3754 5058 3830 5093; x_wconf 77' lang='grc' dir='ltr'><strong>κα</strong></span> 
     </span>
    </p>
   </div>
   <div class='ocr_carea' id='block_1_109' title="bbox 2257 5129 3830 5213">
    <p class='ocr_par' dir='ltr' id='par_1_109' title="bbox 2257 5129 3830 5213">
     <span class='ocr_line' id='line_1_109' title="bbox 2257 5129 3830 5213; baseline -0.012 -16"><span class='ocrx_word' id='word_1_823' title='bbox 2257 5142 2663 5213; x_wconf 64' lang='grc' dir='ltr'>ἐξηγησάμενος</span> <span class='ocrx_word' id='word_1_824' title='bbox 2703 5140 2852 5212; x_wconf 82' lang='grc' dir='ltr'>αὐτῷ</span> <span class='ocrx_word' id='word_1_825' title='bbox 2880 5140 3093 5199; x_wconf 74' lang='grc' dir='ltr'>ἃπαντα</span> <span class='ocrx_word' id='word_1_826' title='bbox 3111 5176 3125 5203; x_wconf 87' lang='grc'><strong>,</strong></span> <span class='ocrx_word' id='word_1_827' title='bbox 3154 5133 3469 5203; x_wconf 76' lang='grc' dir='ltr'>κατῴκησεν</span> <span class='ocrx_word' id='word_1_828' title='bbox 3501 5129 3618 5200; x_wconf 80' lang='grc' dir='ltr'>μεθ’</span> <span class='ocrx_word' id='word_1_829' title='bbox 3647 5131 3830 5199; x_wconf 69' lang='grc' dir='ltr'>ἡμῶν</span> 
     </span>
    </p>
   </div>
   <div class='ocr_carea' id='block_1_110' title="bbox 2272 5220 3830 5300">
    <p class='ocr_par' dir='ltr' id='par_1_110' title="bbox 2272 5220 3830 5300">
     <span class='ocr_line' id='line_1_110' title="bbox 2272 5220 3830 5300; baseline -0.006 -17"><span class='ocrx_word' id='word_1_830' title='bbox 2272 5230 2610 5285; x_wconf 80' lang='grc' dir='ltr'>Ἀπέστειλεν</span> <span class='ocrx_word' id='word_1_831' title='bbox 2636 5226 2727 5284; x_wconf 78' lang='grc' dir='ltr'><strong>οὖν</strong></span> <span class='ocrx_word' id='word_1_832' title='bbox 2748 5233 2776 5285; x_wconf 93' lang='lat'><strong>6</strong></span> <span class='ocrx_word' id='word_1_833' title='bbox 2798 5229 3082 5300; x_wconf 80' lang='grc' dir='ltr'>φιλόσοφος</span> <span class='ocrx_word' id='word_1_834' title='bbox 3111 5225 3202 5283; x_wconf 77' lang='grc' dir='ltr'><strong>τὸν</strong></span> <span class='ocrx_word' id='word_1_835' title='bbox 3236 5222 3532 5281; x_wconf 79' lang='grc' dir='ltr'>Κάλλιστον</span> <span class='ocrx_word' id='word_1_836' title='bbox 3561 5220 3721 5272; x_wconf 73' lang='grc' dir='ltr'>κατὰ</span> <span class='ocrx_word' id='word_1_837' title='bbox 3760 5224 3830 5274; x_wconf 81' lang='grc' dir='ltr'>κέ</span> 
     </span>
    </p>
   </div>
   <div class='ocr_carea' id='block_1_111' title="bbox 2258 5309 3830 5394">
    <p class='ocr_par' dir='ltr' id='par_1_111' title="bbox 2258 5309 3830 5394">
     <span class='ocr_line' id='line_1_111' title="bbox 2258 5309 3830 5394; baseline -0.008 -20"><span class='ocrx_word' id='word_1_838' title='bbox 2258 5321 2439 5376; x_wconf 82' lang='grc' dir='ltr'>λευσιν</span> <span class='ocrx_word' id='word_1_839' title='bbox 2482 5322 2827 5394; x_wconf 77' lang='grc' dir='ltr'>Ἐπιφανίου.</span> <span class='ocrx_word' id='word_1_840' title='bbox 2874 5319 3014 5390; x_wconf 67' lang='grc' dir='ltr'>μετὰ</span> <span class='ocrx_word' id='word_1_841' title='bbox 3061 5316 3156 5370; x_wconf 83' lang='grc' dir='ltr'><strong>δύο</strong></span> <span class='ocrx_word' id='word_1_842' title='bbox 3193 5312 3492 5386; x_wconf 73' lang='grc' dir='ltr'>παιδαρίων</span> <span class='ocrx_word' id='word_1_843' title='bbox 3533 5309 3629 5362; x_wconf 75' lang='grc' dir='ltr'><strong>καὶ</strong></span> <span class='ocrx_word' id='word_1_844' title='bbox 3664 5311 3830 5381; x_wconf 74' lang='grc' dir='ltr'>τριῶ</span> 
     </span>
    </p>
   </div>
   <div class='ocr_carea' id='block_1_112' title="bbox 590 5399 3830 5487">
    <p class='ocr_par' dir='ltr' id='par_1_112' title="bbox 590 5399 3830 5487">
     <span class='ocr_line' id='line_1_112' title="bbox 590 5399 3830 5487; baseline -0.002 -24"><span class='ocrx_word' id='word_1_845' title='bbox 590 5408 853 5479; x_wconf 81' lang='grc' dir='ltr'>καμήλων</span> <span class='ocrx_word' id='word_1_846' title='bbox 917 5408 975 5462; x_wconf 78' lang='grc' dir='ltr'>ἐν</span> <span class='ocrx_word' id='word_1_847' title='bbox 1014 5407 1222 5482; x_wconf 77' lang='grc' dir='ltr'>Ἐδέσῃ,</span> <span class='ocrx_word' id='word_1_848' title='bbox 1268 5407 1362 5462; x_wconf 75' lang='grc' dir='ltr'><strong>ἐπὶ</strong></span> <span class='ocrx_word' id='word_1_849' title='bbox 1394 5406 1456 5461; x_wconf 81' lang='grc' dir='ltr'><strong>τὸ</strong></span> <span class='ocrx_word' id='word_1_850' title='bbox 1482 5408 1706 5478; x_wconf 75' lang='grc' dir='ltr'>ἀγαγεῖν</span> <span class='ocrx_word' id='word_1_851' title='bbox 1766 5405 1864 5472; x_wconf 79' lang='grc' dir='ltr'>τὰς</span> <span class='ocrx_word' id='word_1_852' title='bbox 1932 5406 2143 5478; x_wconf 74' lang='grc' dir='ltr'>βίϐλους</span> <span class='ocrx_word' id='word_1_853' title='bbox 2203 5412 2366 5466; x_wconf 81' lang='grc' dir='ltr'>αὑτοῦ</span> <span class='ocrx_word' id='word_1_854' title='bbox 2395 5416 2452 5467; x_wconf 79' lang='grc' dir='ltr'>ὲν</span> <span class='ocrx_word' id='word_1_855' title='bbox 2477 5414 2555 5487; x_wconf 80' lang='grc' dir='ltr'>τῷ</span> <span class='ocrx_word' id='word_1_856' title='bbox 2583 5412 2946 5486; x_wconf 80' lang='grc' dir='ltr'>μοναστηρίῳ.</span> <span class='ocrx_word' id='word_1_857' title='bbox 2991 5408 3099 5463; x_wconf 73' lang='grc' dir='ltr'><strong>Καὶ</strong></span> <span class='ocrx_word' id='word_1_858' title='bbox 3128 5407 3192 5477; x_wconf 85' lang='grc' dir='ltr'>δὴ</span> <span class='ocrx_word' id='word_1_859' title='bbox 3224 5406 3321 5476; x_wconf 83' lang='grc' dir='ltr'>τὴν</span> <span class='ocrx_word' id='word_1_860' title='bbox 3351 5399 3570 5473; x_wconf 82' lang='grc' dir='ltr'>πορείαν</span> <span class='ocrx_word' id='word_1_861' title='bbox 3601 5404 3830 5475; x_wconf 80' lang='grc' dir='ltr'>ποιησά</span> 
     </span>
    </p>
   </div>
   <div class='ocr_carea' id='block_1_113' title="bbox 594 5494 3830 5576">
    <p class='ocr_par' dir='ltr' id='par_1_113' title="bbox 594 5494 3830 5576">
     <span class='ocr_line' id='line_1_113' title="bbox 594 5494 3830 5576; baseline -0.002 -23"><span class='ocrx_word' id='word_1_862' title='bbox 594 5516 752 5569; x_wconf 85' lang='grc' dir='ltr'>μενος</span> <span class='ocrx_word' id='word_1_863' title='bbox 778 5498 1125 5564; x_wconf 84' lang='grc' dir='ltr'>όΚάλλιστος</span> <span class='ocrx_word' id='word_1_864' title='bbox 1155 5501 1213 5553; x_wconf 77' lang='grc' dir='ltr'>ὲν</span> <span class='ocrx_word' id='word_1_865' title='bbox 1243 5497 1463 5573; x_wconf 75' lang='grc' dir='ltr'>Ἐδὲσῃ,</span> <span class='ocrx_word' id='word_1_866' title='bbox 1496 5497 1652 5554; x_wconf 76' lang='grc' dir='ltr'>ἒλαὸε</span> <span class='ocrx_word' id='word_1_867' title='bbox 1716 5500 1814 5565; x_wconf 77' lang='grc' dir='ltr'>τὰς</span> <span class='ocrx_word' id='word_1_868' title='bbox 1878 5499 2090 5570; x_wconf 72' lang='grc' dir='ltr'>βίϐλους</span> <span class='ocrx_word' id='word_1_869' title='bbox 2123 5500 2213 5554; x_wconf 75' lang='grc' dir='ltr'>τοῦ</span> <span class='ocrx_word' id='word_1_870' title='bbox 2284 5504 2602 5576; x_wconf 81' lang='grc' dir='ltr'>φιλοσόφου,</span> <span class='ocrx_word' id='word_1_871' title='bbox 2633 5505 2724 5559; x_wconf 74' lang='grc' dir='ltr'>καὶ</span> <span class='ocrx_word' id='word_1_872' title='bbox 2761 5504 2954 5575; x_wconf 67' lang='grc' dir='ltr'>έθηκεν</span> <span class='ocrx_word' id='word_1_873' title='bbox 3018 5502 3110 5553; x_wconf 68' lang='grc' dir='ltr'><strong>ἐπὶ</strong></span> <span class='ocrx_word' id='word_1_874' title='bbox 3166 5498 3267 5560; x_wconf 73' lang='grc' dir='ltr'><strong>τὰς</strong></span> <span class='ocrx_word' id='word_1_875' title='bbox 3332 5497 3477 5568; x_wconf 81' lang='grc' dir='ltr'>τρεῖς</span> <span class='ocrx_word' id='word_1_876' title='bbox 3527 5494 3830 5565; x_wconf 67' lang='grc' dir='ltr'>καμήλους</span> 
     </span>
    </p>
   </div>
   <div class='ocr_carea' id='block_1_114' title="bbox 592 5590 1625 5664">
    <p class='ocr_par' dir='ltr' id='par_1_114' title="bbox 592 5590 1625 5664">
     <span class='ocr_line' id='line_1_114' title="bbox 592 5590 1625 5664; baseline -0.004 -18"><span class='ocrx_word' id='word_1_877' title='bbox 592 5591 688 5646; x_wconf 65' lang='grc' dir='ltr'><strong>καὶ</strong></span> <span class='ocrx_word' id='word_1_878' title='bbox 716 5590 1045 5664; x_wconf 78' lang='grc' dir='ltr'>παρεγένετο</span> <span class='ocrx_word' id='word_1_879' title='bbox 1076 5592 1131 5646; x_wconf 81' lang='grc' dir='ltr'>ὲν</span> <span class='ocrx_word' id='word_1_880' title='bbox 1155 5590 1232 5662; x_wconf 83' lang='grc' dir='ltr'>τῷ</span> <span class='ocrx_word' id='word_1_881' title='bbox 1266 5591 1625 5663; x_wconf 80' lang='grc' dir='ltr'>μοναοτηρίῳ.</span> 
     </span>
    </p>
   </div>
  </div>
