3866 6066
224 280 294 333 55
1483 309 1538 360 ὃ.
1583 309 1754 363 Ενιιιι

1857 311 1923 364 ill
1960 311 2135 367 VITA.
3347 326 3417 381 56

243 400 397 460 ‘ixA’.
439 404 580 460 Καθ’
633 410 845 480 ἡμέραν
889 408 979 465 οὖν
1038 412 1350 483 Ἐπιφάνιος
1409 423 1501 474 καὶ
1542 426 1570 476 6
1618 425 1754 492 φιλό-

1941 426 2125 481 XXIV.
2166 427 2416 494 Quotidie
2450 445 2575 500 ergo
2604 429 2937 501 Epiphanius
2986 442 3039 488 et
3083 399 3435 508 philosophus

215 510 364 561 σοφος
390 496 448 549 ὲν
473 497 646 569 πολλῇ
677 501 977 575 φιλονεικία
996 498 1135 573 ἦσαν
1170 506 1304 577 πρὸς
1329 510 1569 575 ἑαυτούς.
1606 511 1770 569 Εἶπεν

212 584 262 635 δὲ
287 582 601 653 Ἐπιφάνιος
626 589 708 660 τῷ
735 591 1027 664 φιλοσόφῳ·
1056 594 1214 663 Λέγει
1248 599 1465 670 Δανιὴλ,
1496 603 1769 674 φιλόσοφε,

212 677 287 729 ὅτι
315 677 618 745 κριτήριον
648 681 944 749 ἐκάθισεν,
975 686 1072 739 καὶ
1109 687 1313 750 ,βίϐλοι
1354 691 1766 763 ἠνεῴχθησαν.

213 766 371 837 Δεῦρο
407 768 640 839 πρόθες,
689 774 853 841 φησὶ,
906 776 1004 838 τὰς
1042 778 1141 841 σὰς
1184 778 1432 849 βίϐλους,
1478 785 1630 854 κάγὼ
1672 788 1770 851 τὰς

214 861 362 927 ἐμὰς,
393 857 458 922 ἃς
488 876 580 929 μοι
614 863 644 915 6
670 862 800 926 Θεὸς
827 866 1136 939 ἐχαρίσατο,
1157 872 1249 924 καὶ
1275 872 1646 947 καθεσθῶμεν.
1679 880 1770 932 καὶ

212 948 566 1021 διακριθῶμεν
596 952 735 1023 πρὸς
764 955 1007 1020 ἑαυτούς.
1033 958 1334 1032 Ἐπέθηκεν
1364 963 1421 1017 δὲ
1454 965 1769 1035 Ἐπιφάνιος

212 1041 299 1104 τὰς
328 1041 716 1109 θεοπνεύστους
742 1045 961 1117 Γραφάς
985 1049 1049 1102 ὲκ
1079 1050 1286 1118 δεξιῶν,
1314 1056 1408 1107 καὶ
1432 1056 1460 1107 6
1486 1057 1767 1128 φιλόσοφος

213 1129 265 1193 ἐξ
301 1131 632 1201 ἀριστερῶν
688 1133 797 1187 τῶν
842 1135 899 1189 δὲ
940 1137 1260 1210 ἀρξαμένων
1305 1144 1401 1198 ἀπ’
1444 1147 1620 1218 ἀρχῆς
1667 1149 1767 1220 τῆς

214 1222 573 1291 κοσμοποιὴς,
604 1224 634 1276 6
659 1225 762 1294 μὲν
787 1225 1100 1297 Ἐπιφάνιος
1131 1232 1239 1285 ἀπὸ
1260 1234 1358 1305 τῆς
1385 1236 1666 1303 γενέσεως,
1700 1235 1767 1310 ἧς

212 1312 430 1404 Μωῦσῆς
461 1316 860 1404 συνεγράψατο,
885 1321 914 1372 6
940 1319 997 1372 δὲ
1030 1321 1313 1395 φιλόσοφος
1338 1327 1444 1381 ἀπὸ
1477 1332 1574 1400 τῆς
1600 1332 1766 1404 αὐτῆς

212 1401 488 1468 γενέσεως,
535 1401 606 1476 ἦς
644 1408 672 1460 6
728 1407 967 1475 Ἠσίοδος
1011 1416 1405 1485 συνεγράψατο.
1451 1421 1606 1474 Κατὰ
1639 1401 1768 1487 ἔπος

211 1487 293 1544 οῦν
330 1493 686 1584 διεξελθόντες
718 1498 785 1551 τὰ
829 1499 923 1554 δύο
967 1502 1180 1573 βιϐλία,
1230 1508 1591 1577 ἐφιλονείκουν
1631 1513 1766 1584 πρὸς

213 1584 431 1647 ἑαυτούς.
463 1580 573 1638 Ἦν
599 1587 659 1640 δὲ
686 1589 747 1642 τὸ
774 1589 890 1658 φῶς
943 1594 1056 1661 φῶς
1074 1636 1089 1654 .
1126 1597 1219 1648 κα)⁵
1248 1597 1309 1651 τὸ
1339 1600 1528 1664 σκότος
1556 1580 1760 1664 σκότος.

223 1670 273 1724 Ὀ
298 1672 397 1742 γὰρ
427 1675 669 1746 Μωῡσῆς
710 1676 845 1731 θεοῦ
894 1686 1323 1757 συνεργήσαντος
1358 1690 1728 1760 συνεγράψατο
1747 1708 1760 1721 ·

1875 516 2167 585 plurimum
2240 518 2379 573 inter
2440 534 2500 574 se
2568 521 2986 579 contendebant.
3055 523 3198 580 Dixit
3250 538 3436 583 autem

1875 606 2208 677 Epiphanius
2236 609 2593 679 philosopho:
2615 611 2751 666 Dicit
2782 613 2989 677 Daniel,
3021 630 3054 669 ο
3079 615 3430 686 philosophe:

1870 696 2141 752 Judicium
2167 692 2333 765 sedit:
2344 708 2394 753 et
2417 700 2538 754 libri
2561 703 2727 770 aperti
2748 712 2864 756 sunt
2885 702 2925 757 ⁸.
2959 703 3224 774 Agedum,
3254 707 3433 777 profer

1873 803 1995 847 tuos
2029 792 2216 861 libros,
2260 803 2312 849 et
2347 809 2446 864 ego
2496 810 2666 857 meos,
2713 812 2852 865 quos
2887 797 3020 852 mihi
3062 798 3207 855 Deus
3255 800 3431 865 dedit,

1871 884 2261 954 sedeamusque
2283 895 2337 940 et
2355 886 2690 941 disseramus
2716 887 2857 943 inter
2891 904 3010 945 nos.
3037 888 3227 945 Posuit
3249 902 3430 947 autem

1871 971 2206 1043 Epiphanius
2235 990 2266 1030 a
2297 976 2504 1033 dextris
2554 976 2864 1047 Scripturas
2902 978 3161 1035 divinitus
3203 981 3434 1050 inspira-

1870 1072 1972 1131 tas,
2015 1072 2069 1118 et
2119 1065 2258 1121 alius
2311 1065 2646 1137 Epiphanius
2698 1068 2868 1125 libros
2920 1084 3051 1126 suos
3094 1085 3125 1124 a
3171 1071 3430 1128 sinistris.

1867 1150 2004 1206 Cum
2038 1152 2071 1206 ii
2098 1162 2278 1209 autem
2310 1156 2599 1226 coepissent
2625 1157 2693 1212 ab
2721 1157 2875 1215 initio
2906 1159 3092 1213 mundi
3119 1160 3431 1229 creationis,

1867 1241 2200 1311 Epiphanius
2232 1246 2449 1314 qttidem
2485 1263 2515 1302 a
2543 1247 2761 1314 Genesi,
2788 1248 2967 1316 idest,
2996 1250 3064 1305 ab
3091 1261 3236 1317 ortu,
3268 1266 3429 1321 quem

1867 1334 2187 1402 conscripsit
2217 1335 2427 1407 Moyses
2461 1357 2474 1393 :
2508 1338 2861 1409 philosophus
2911 1350 3089 1395 autem
3130 1343 3198 1396 ab
3241 1342 3429 1397 eodem

1865 1432 2014 1489 ortu,
2039 1440 2199 1494 quem
2236 1429 2557 1497 conscripsit
2590 1428 2881 1493 Hesiodus,
2925 1430 2993 1484 ad
3033 1432 3258 1486 verbum
3294 1432 3433 1488 duos

1868 1515 2032 1571 libros
2061 1528 2393 1588 exponentes
2415 1560 2431 1584 ,
2465 1521 2606 1575 inter
2634 1535 2692 1576 se
2721 1522 3138 1576 contendebant.
3180 1522 3308 1578 Erat
3332 1538 3432 1578 au-

1867 1612 1972 1660 tem
2004 1607 2091 1660 lux
2123 1608 2234 1675 lux,
2270 1621 2323 1664 et
2352 1611 2586 1665 tenebrae
2610 1611 2865 1667 tenebrze.
2894 1611 3102 1683 Moyses
3124 1614 3266 1668 enim
3295 1614 3431 1668 scri-

1866 1697 1995 1767 psit,
2050 1697 2159 1754 Deo
2203 1715 2358 1770 opem
2402 1700 2649 1758 ferente:
2680 1702 2947 1759 Hesiodus
2985 1714 3165 1758 autem
3203 1720 3269 1759 ex
3319 1703 3432 1760 Deo

210 1763 319 1856 δδὲ
366 1766 604 1830 Ἡσίοδος
649 1770 759 1822 ἀπὸ
807 1773 905 1842 μὲν
959 1772 1096 1828 Θεοῦ
1136 1777 1198 1830 τὺ
1232 1779 1331 1849 ζῇν
1360 1777 1529 1850 εἶχεν,
1575 1782 1681 1836 ἀπὸ
1706 1782 1754 1837 δὲ

1864 1788 2079 1855 quidem
2112 1788 2278 1843 vitam
2318 1790 2526 1856 habuit,
2554 1808 2792 1847 errorem
2835 1808 2962 1849 vero
2999 1810 3029 1849 a
3071 1794 3429 1850 daemonibus.

210 1854 450 1925 δαιμόνων
491 1860 593 1929 τὴν
640 1862 869 1935 πλάνην.
924 1866 1201 1924 Ἐνιαυτὺν
1242 1871 1337 1925 οὖν
1385 1873 1503 1927 ὅλον
1551 1875 1763 1947 ἔμεινεν

211 1944 496 2016 Ἐπιφάνιος
527 1952 926 2026 διαλεγόμενος,
947 1959 1022 2029 τῷ
1052 1961 1344 2035 φιλοσόφῳ,
1380 1966 1473 2019 καὶ
1495 1944 1595 2020 οὐκ
1617 1968 1763 2023 ἕπει-

212 2052 290 2090 σεν
316 2040 488 2094 αὐτόν.
536 2044 680 2097 non
713 2046 843 2113 γοῦν
873 2049 1145 2119 ἀγροίκων
1186 2054 1279 2107 τὸν
1323 2056 1553 2127 ἀριθμὸν
1589 2057 1629 2124 ξ’
1668 2059 1763 2128 φέ-

212 2143 372 2197 ρουσιν
400 2133 684 2188 νεανίσκον
727 2137 850 2191 τινὰ
894 2140 998 2193 ὑπὸ
1033 2141 1124 2195 τοῦ
1172 2144 1484 2218 ἀκαθάρτου
1525 2148 1763 2219 ἐνοχλού-

213 2233 368 2286 μενον.
400 2219 549 2275 Ἐπεὶ
578 2220 677 2277 οὖν
709 2226 809 2293 οὐκ
857 2229 1125 2298 ἠδύναντο
1171 2235 1552 2304 περιγενέσθαι
1595 2238 1759 2291 αὑτοῦ

209 2308 267 2399 τί
291 2309 349 2374 ξ’,
394 2311 649 2368 ἀλύσεσιν
696 2317 891 2389 ἔδησαν
937 2319 1141 2386 τοῦτον,
1196 2325 1291 2378 καὶ
1337 2326 1575 2396 ἤνεγκαν
1624 2330 1760 2399 πρὸς

222 2396 503 2467 Ἐπιφάνιον
529 2405 591 2457 ὲν
628 2406 711 2476 τῷ
746 2412 1111 2482 μοναστηρίῳ.
1157 2409 1323 2468 Εἶπεν
1361 2416 1418 2470 δὲ
1446 2396 1759 2489 Ἐπιφάνιος

210 2490 278 2559 τῷ
305 2491 565 2567 φιλοσόφῳ
585 2513 601 2528 ·
637 2499 770 2567 Ἀγε
816 2501 909 2570 δὴ,
952 2503 1227 2575 φιλόσοφε,
1252 2509 1285 2560 6
1306 2507 1406 2572 τὰς
1432 2511 1758 2579 φιλονεικίας

210 2582 493 2670 ποιούμενος
564 2589 701 2658 μετά
742 2591 833 2645 τοῦ
882 2595 1205 2667 ἁμαρτωλοῦ
1251 2600 1599 2670 Ἑπιφανίου,
1639 2606 1761 2658 ἐπι-

210 2669 553 2759 καλεσάμενος
581 2677 642 2730 τὸ
676 2678 877 2749 πλῆθος
924 2683 1033 2737 τῶν
1082 2684 1218 2759 θεῶν
1263 2704 1377 2755 σου,
1430 2692 1577 2756 ὅπως
1622 2696 1758 2749 ἀποιο

210 2757 457 2828 διώξουσιν
481 2768 551 2820 τὸ
579 2769 794 2840 πνεῦμα
821 2772 929 2826 ἀπὸ
955 2774 1049 2828 τοῦ
1079 2758 1384 2834 νεανίσκου.
1423 2783 1481 2838 ’0
1516 2784 1571 2836 δὲ
1604 2786 1753 2853 φιλό-

379 2854 569 2928 ὥσπερ
617 2861 942 2933 ἡττηθέντα,
981 2868 1075 2919 καὶ
1100 2868 1452 2941 ἀπορήσαντα
1482 2876 1573 2929 τὸν
1598 2876 1755 2946 λόγον

211 2939 474 3035 ὑπενόησεν
496 2948 598 3003 τὸν
627 2952 968 3022 Ἐπιφάνιον·
1002 2959 1031 3010 6
1054 2956 1112 3011 δὲ
1147 2939 1458 3031 Ἐπιφάνιος
1503 2939 1754 3035 ἐπιγνοὺς

1867 1875 2000 1930 Toto
2021 1890 2200 1931 autem
2229 1894 2372 1932 anno
2406 1881 2604 1934 mansit
2634 1879 2968 1951 Epiphanius
2993 1882 3268 1939 disserens
3294 1898 3421 1939 cum

1863 1965 2206 2035 phil050pho.
2238 1965 2547 2036 Aliquando
2578 1984 2707 2024 vero
2734 1969 2984 2026 homines
3020 1980 3265 2040 agrestes
3303 1986 3410 2029 nu-

1862 2069 2012 2110 mero
2061 2056 2340 2125 sexaginta
2398 2059 2643 2114 tulerunt
2687 2062 2976 2129 quemdam
3026 2061 3428 2118 adolescentem

1861 2146 1953 2216 qui
1983 2147 2282 2201 vexabatur
2314 2147 2382 2202 ab
2412 2148 2695 2205 immundo
2718 2151 2933 2220 spiritu.
2966 2149 3137 2217 Quem
3169 2168 3291 2206 cum
3320 2168 3424 2208 neu

1859 2244 2083 2305 possent
2114 2237 2389 2307 sexaginta
2421 2239 2498 2292 illi
2529 2254 2807 2310 superare,
2852 2256 2976 2295 cum
3022 2242 3311 2312 alligarunt
3338 2258 3425 2299 ca-

1862 2329 2019 2391 tenis,
2049 2338 2101 2382 et
2134 2328 2377 2383 tulerunt
2399 2329 2463 2383 ad
2493 2328 2877 2399 Epiphaniam.
2920 2332 3063 2387 Dixit
3092 2345 3269 2389 autem
3300 2334 3424 2405 Epi-

1860 2418 2096 2483 phanius
2138 2420 2468 2489 philosopho
2497 2436 2511 2475 :
2543 2421 2674 2490 Age,
2705 2423 3046 2493 philosophe,
3081 2426 3174 2494 qui
3204 2433 3422 2485 conten-

1856 2508 1942 2563 dis
2007 2523 2130 2562 cum
2194 2519 2477 2579 peccatore
2532 2508 2876 2581 Epiphanio;
2944 2515 3136 2569 invoca
3210 2524 3423 2571 tuorum

1856 2600 2080 2655 deorum
2132 2601 2567 2667 multitudinem,
2624 2613 2684 2657 ut
2735 2604 3009 2675 expellant
3056 2606 3306 2676 spiritum
3358 2608 3423 2663 ab

1856 2690 2218 2746 adolescente.
2266 2690 2358 2747 llle
2390 2708 2516 2748 vero
2554 2692 2897 2749 existimabat
2937 2692 3296 2764 Epiphaniam
3334 2711 3420 2752 su-

1854 2790 2125 2851 peratum,
2148 2790 2201 2836 et
2229 2782 2322 2852 qui
2351 2799 2456 2837 non
2486 2783 2709 2838 haberet
2735 2784 2881 2854 quod
2910 2784 3133 2840 diceret.
3160 2785 3293 2840 Cum
3322 2787 3427 2840 hoc

1854 2881 2035 2928 autem
2089 2874 2431 2943 cognovisset
2483 2874 2840 2943 Epiphanius,
2896 2876 3092 2931 iterum
3139 2876 3276 2932 dixit
3322 2876 3417 2931 ei:

1854 2961 1996 3030 Quid
2043 2962 2202 3030 dicis,
2251 2980 2285 3021 ο
2329 2964 2490 3020 Pater
2540 2967 2877 3037 philosophe,
2927 2968 2994 3023 de
3041 2968 3421 3023 adolescente?

211 3030 381 3135 ΔΞοῦτο,
406 3033 560 3092 εἶπεν
588 3042 725 3113 πρὸς
761 3044 849 3097 τὸν
881 3045 1168 3117 φιλόσοφον
1192 3067 1206 3080 ·
1237 3030 1302 3104 Τί
1330 3052 1529 3122 λέγεις,
1567 3030 1748 3127 φησιν,

1857 3052 1960 3109 Aut
1985 3066 2115 3107 cura
2141 3062 2511 3124 aegrotantem,
2540 3030 2596 3109 et
2629 3070 2728 3127 ego
2756 3030 2808 3109 in
2844 3030 2953 3109 tuis
2987 3055 3093 3110 diis
3117 3054 3326 3110 habebo
3356 3053 3416 3108 ﬁ~

210 3114 249 3173 ὦ
276 3124 511 3197 φιλόσοφε
536 3168 552 3188 ,
592 3133 722 3202 περὶ
754 3134 847 3187 τοῦ
881 3137 1162 3193 νεανίσκου
1190 3157 1204 3206 ;
1236 3142 1267 3211 ἢ
1295 3142 1629 3214 θεράπευσον
1660 3149 1751 3200 τὸν

210 3210 528 3284 ἀσθενοῦντα,
555 3220 646 3273 καὶ
674 3220 865 3293 ἔσομαι
902 3226 1083 3282 πίστιν
1112 3210 1414 3303 ἔχωνπρος
1444 3237 1570 3299 τοὺς
1596 3236 1751 3302 θεούς

213 3316 293 3398 σου
312 3318 326 3332 ·
354 3304 385 3374 ἢ
411 3309 438 3359 6
469 3308 604 3373 Θεός
634 3328 734 3381 μου
767 3313 945 3382 διώξει
970 3317 1030 3371 τὸ
1063 3320 1371 3393 ἀκάθαρτον
1403 3327 1617 3398 πνεῦμα
1644 3330 1753 3384 ἀπὸ

211 3392 288 3444 τοῦ
315 3398 609 3466 νεανίσκου,
661 3404 754 3458 καὶ
805 3406 901 3479 ἔσῃ
946 3410 1218 3477 πεποιθὼς
1249 3416 1342 3467 ἐπὶ
1373 3416 1450 3487 τῷ
1480 3420 1753 3493 ἐσταυρω-

214 3482 355 3555 μένῳ.
388 3489 510 3543 Ἐπὶ
550 3492 760 3560 τούτοις
798 3497 855 3552 δὲ
887 3499 1088 3555 ἅπασιν
1116 3505 1145 3556 6
1173 3482 1458 3578 φιλόσοφος
1489 3512 1589 3563 οὑκ
1627 3482 1748 3566 ἐπι-

214 3591 405 3666 στευσεν
438 3582 767 3656 Ἐπιφανίῳο
816 3589 931 3642 ἀλλ’
979 3590 1225 3664 ἐνόμιζεν
1253 3598 1458 3666 γέλοιον
1491 3597 1650 3656 εἶναι.
1689 3604 1749 3659 '0

213 3661 289 3760 οῦν
312 3669 615 3743 Ἐπιφάνιος
636 3678 892 3746 ἀναστὰς,
914 3684 1008 3738 καὶ
1033 3686 1309 3759 κρατήσας
1335 3690 1427 3746 τὸν
1450 3693 1747 3760 νεανίσκον,

398 3766 547 3839 αὐτῷ
565 3784 579 3800 ·
613 3769 705 3823 Σοὶ
732 3771 892 3842 λέγω,
926 3756 1403 3847 νεανίσκε,’θέλεις,
1432 3785 1616 3854 φησὶν,
1634 3756 1752 3858 ἆραι

212 3848 271 3903 τὰ
294 3854 469 3928 σίδηρα
500 3859 610 3914 ἀπὸ
639 3861 748 3916 τῶν
777 3864 973 3937 χειρῶν
1005 3885 1130 3935 σου;

271 3944 384 3999 κεν.
408 3948 466 4002 ’0
493 3950 551 4004 δὲ
583 3950 889 4027 φιλόσοφος.
914 3957 1152 4024 ἀκούσας
1178 3961 1373 4027 ταῦτα,
1405 3964 1636 4038 ἔδραμεν
1662 3970 1750 4023 εῦ-

216 4027 330 4096 οέως
354 4038 408 4089 ὲν
437 4039 515 4111 τῷ
547 4041 761 4115 κελλίῳ,
796 4046 889 4100 καὶ
922 4047 1259 4117 ἠσφαλίσατο
1279 4052 1355 4123 τῷ
1379 4027 1633 4127 κατοίίῳ,
1664 4056 1749 4111 λέο

214 4134 308 4185 των
346 4128 430 4180 καὶ
478 4131 843 4202 σκεπτόμενος
874 4136 931 4189 ὲν
965 4136 1187 4211 ὑπονοίᾳ
1210 4156 1223 4170 ⁸
1265 4137 1479 4205 Οὗτοςὸ
1514 4144 1747 4216 καλόγη-

217 4225 326 4306 ρος,
352 4217 423 4281 ὡς
456 4219 688 4292 ἰδιώτης,
724 4223 881 4281 λῦσαι
906 4227 1154 4298 βούλεται
1173 4231 1265 4285 τὸν
1292 4235 1630 4306 παράφρονα,
1649 4236 1749 4291 κᾶν

218 4301 474 4397 μῂμήμεῖς
522 4313 868 4386 ἐκφύγοιμεν,
905 4318 980 4383 ὡς
1027 4319 1215 4389 λόγιοι,
1248 4323 1347 4393 τὴν
1373 4301 1744 4397 προπέτειαν,

1853 3143 2019 3197 dem:
2069 3151 2165 3197 aut
2202 3141 2342 3199 Deus
2384 3145 2615 3213 expellet
2670 3144 3009 3200 immundum
3057 3145 3305 3215 spiritum
3351 3144 3416 3199 ab

1852 3235 2215 3301 adolescente,
2247 3242 2301 3290 et
2328 3235 2517 3290 credes
2551 3237 2606 3288 in
2639 3235 2984 3293 cruciﬁxum.
3015 3233 3072 3289 In
3114 3235 3199 3288 his
3237 3242 3415 3288 autem

1852 3325 2104 3380 omnibus
2135 3341 2240 3380 non
2271 3323 2500 3379 credidit
2542 3324 2900 3395 philosophus
2946 3325 3277 3395 Epiphanio,
3326 3325 3414 3379 sed

1850 3414 2182 3469 existimavit
2241 3428 2366 3469 eum
2432 3428 2555 3469 esse
2619 3414 2930 3469 ridiculum.
2994 3414 3231 3484 Surgeas
3292 3427 3413 3468 vero

1854 3505 2225 3577 Epiphanius,
2283 3516 2338 3560 et
2384 3515 2577 3561 tenens
2631 3506 3066 3569 adolescentem,
3122 3504 3258 3562 dixit
3318 3504 3412 3559 ei:

1851 3597 1972 3653 Tibi
2003 3597 2145 3664 dico,
2203 3595 2542 3662 adolescens,
2587 3596 2691 3663 vis,
2743 3598 2940 3669 inquit,
2977 3597 3161 3653 tollam
3196 3606 3411 3651 catenas

1852 3688 2053 3745 ferreas
2084 3703 2151 3744 ex
2190 3688 2443 3744 manibus
2466 3687 2608 3744 tuis?

1906 3959 2087 4018 .XXV.
2126 3961 2260 4017 Cum
2298 3971 2475 4017 autem
2522 3962 2783 4016 audiisset
2812 3961 3185 4031 philosophus,
3229 3963 3409 4017 statim

1849 4052 2091 4108 cucurrit
2117 4052 2173 4107 in
2204 4051 2417 4117 cellam,
2445 4060 2500 4106 et
2526 4059 2673 4106 vecte
2698 4050 2906 4107 foribus
2935 4051 3177 4105 adhibito
3206 4066 3264 4106 se
3295 4067 3406 4106 mu-

1849 4143 1970 4206 niit,
2007 4142 2214 4208 dicens,
2244 4152 2299 4198 et
2321 4142 2644 4212 suspicando
2677 4143 2751 4197 ita
2778 4141 2919 4212 apud
2947 4157 3005 4198 se
3025 4141 3411 4199 considerans:

1850 4232 2032 4287 Bonus
2067 4232 2155 4286 hic
2186 4248 2370 4296 senex,
2404 4239 2463 4285 at
2501 4232 2654 4287 rudis
2684 4240 2738 4284 et
2778 4232 3046 4295 indoctus,
3083 4233 3194 4286 vult
3228 4247 3405 4288 amen-

1853 4334 1956 4379 tem
1994 4324 2221 4387 solvere,
2251 4332 2305 4377 et
2353 4323 2457 4375 nisi
2508 4335 2608 4376 nos
2640 4330 2698 4375 ut
2726 4320 3016 4390 prudentes
3059 4334 3245 4377 caSum
3279 4321 3404 4377 eﬂ‘n-

216 4390 452 4485 μὲλλομεν
477 4401 659 4464 κακῶς
688 4404 918 4474 πάσχειν
945 4407 1048 4463 ὑπὸ
1071 4408 1164 4462 τοῦ
1191 4390 1517 4483 καταράτου.
1545 4413 1746 4482 K069i-

1857 4415 2082 4485 giamas,
2132 4414 2199 4467 ab
2238 4411 2572 4467 exsecrando
2620 4412 2712 4465 illo
2756 4413 2901 4469 male
2940 4429 3130 4469 sumus
3174 4417 3405 4485 passuri.

216 4495 300 4544 σας
320 4480 405 4547 οὖν
437 4488 746 4559 Ἐπιφάνιος
762 4494 831 4549 τά
863 4497 979 4568 σίδη
989 4515 1055 4568 ρα
1086 4500 1193 4554 ἀπὸ
1212 4502 1302 4556 τοῦ
1330 4480 1631 4569 νεανίσκου,
1653 4480 1747 4559 καὶ

215 4577 489 4644 σφραγίσας
520 4582 683 4636 αὐτὸν
710 4584 912 4656 τρίτον,
945 4583 1098 4647 εἶπεν
1143 4590 1221 4662 τῷ
1264 4592 1556 4665 ἀκαθάρτῳ
1581 4594 1743 4647 πνεύ-

216 4676 350 4755 ματι·
381 4668 743 4742 Παραγγέλλει
778 4694 862 4731 σοι
899 4679 1211 4750 Ἐπιφάνιος
1241 4684 1561 4755 ἁμαρτωλὸς
1586 4688 1614 4740 6
1632 4684 1745 4741 δοῦ·

213 4749 290 4817 λος
312 4758 397 4811 τοὺ
418 4763 641 4836 Κυρίου,
655 4768 712 4821 ὲν
739 4769 963 4842 ὀνόματι
992 4770 1165 4843 Ἰησοῦ
1187 4749 1423 4846 Χριστοῦ
1438 4776 1530 4831 τοῦ
1555 4778 1745 4830 ἐσταυ-

217 4847 450 4941 ριιιμένου,
477 4855 606 4910 Υίοῦ
638 4857 732 4912 τοῦ
760 4859 918 4926 Θεοῦ,
945 4862 1126 4929 ἔξελθε
1162 4866 1271 4921 ἀπὸ
1312 4867 1406 4922 τοῦ
1435 4866 1741 4941 ἀνθρώπου,

216 4937 295 5032 καὶ
311 4946 502 5032 μηκέτι
530 4949 777 5023 είσέλθῃς
809 4954 889 5017 είς
919 4954 1099 5009 αὐτόν.
1128 4958 1236 5011 Καὶ
1276 4958 1481 5024 εὐθέως
1522 4937 1743 5032 ἐξῆλθεν

215 5024 266 5121 τὸ
300 5028 587 5108 ἀκάθαρτον
626 5041 872 5113 πνεῦμα·
907 5045 996 5099 καὶ
1037 5041 1105 5117 ἦν
1131 5048 1189 5101 ὲν
1219 5048 1386 5121 πολλῇ
1414 5024 1742 5106 καταστάσει

218 5115 243 5212 ἦ
281 5126 719 5196 νεανίσκος.Ἰδὼν
761 5134 819 5188 δὲ
865 5136 896 5189 6
935 5115 1220 5206 φιλόσοφος
1250 5140 1319 5195 τὰ
1352 5115 1449 5211 τῆς
1497 5142 1741 5212 εἰρήνης.

219 5206 544 5301 ἀτπεκούφισεν
566 5223 628 5276 τὸ
649 5224 917 5295 κατόχιον,
945 5227 1038 5281 καὶ¹
1060 5229 1387 5301 ἐξεπήδησεν
1417 5231 1511 5284 τοῦ
1534 5231 1742 5287 κελλίου

217 5300 285 5362 εἰς
312 5311 657 5393 ¹ιξεροσκύνησιν
695 5313 1032 5386 Ἐπιφανίου,
1059 5300 1230 5387 λέγων
1261 5300 1397 5391 πρὸς
1429 5321 1743 5393 Ἐπιφάνιον

217 5392 453 5464 τοιούτους
472 5401 664 5471 λόγους
684 5420 697 5434 ·
720 5400 813 5467 Ὦ,
844 5408 1024 5477 φησὶν,
1042 5410 1318 5479 Ἐπιφάνιε
1347 5392 1738 5485 στεφανηφόρε·

218 5487 425 5543 πιστεύω
463 5496 555 5548 καὶ
589 5497 928 5551 πεπίστευκα
959 5502 1067 5563 τοῖς
1099 5499 1459 5571 λαλουμένοις,
1494 5504 1578 5558 διά
1634 5504 1742 5558 τῶν

278 5638 299 5672 ⁸
332 5640 451 5700 Dan.
493 5667 585 5709 vn.
634 5653 710 5706 ω.

1845 4504 1981 4560 Cum
2006 4517 2187 4558 autem
2221 4503 2552 4574 Epiphanius
2576 4502 2767 4560 ferreis
2785 4504 2990 4563 catenis
3020 4505 3251 4560 levasset
3279 4505 3402 4561 ado-

1846 4595 2160 4660 lescentem,
2192 4603 2247 4650 et
2274 4608 2399 4649 eam
2430 4602 2509 4650 ter
2536 4594 2822 4666 signasset,
2846 4595 3277 4651 dixitimmundo
3298 4597 3403 4666 spi-

1846 4685 1972 4739 ritui
2006 4704 2018 4738 :
2057 4684 2309 4756 Praecipit
2343 4685 2437 4740 tibi
2459 4684 2792 4757 Epiphanius
2822 4696 3074 4757 peccator
3098 4702 3287 4745 servus
3304 4685 3401 4742 Do-

1844 4774 1996 4838 mini,
2032 4774 2083 4829 in
2136 4776 2354 4831 nomine
2405 4774 2533 4832 Jesa
2583 4776 2785 4832 Christi
2838 4777 3083 4834 cruciﬁxi
3126 4778 3247 4834 Filii
3291 4778 3402 4841 Dei,

1844 4869 2097 4939 egredere
2126 4885 2195 4925 ex
2221 4871 2467 4936 homine,
2494 4882 2547 4926 et
2573 4887 2641 4927 ne
2670 4872 2906 4943 amplius
2938 4873 2991 4928 in
3023 4873 3200 4942 ipsum
3230 4873 3400 4943 ingre-

1843 4957 2027 5021 diaris.
2060 4959 2127 5017 Et
2152 4975 2406 5030 egressus
2449 4970 2533 5018 est
2585 4962 2766 5018 statim
2801 4962 3115 5018 immundus
3157 4963 3400 5032 spiritus.

1844 5047 2084 5121 Eratque
2135 5051 2454 5107 adolescens
2504 5050 2656 5106 valde
2700 5052 2915 5121 quietus
2962 5060 3016 5106 et
3047 5052 3400 5120 compositus.

1843 5137 1977 5192 Cum
2018 5148 2197 5194 autem
2227 5155 2348 5196 esse
2383 5156 2568 5211 pacem
2597 5140 2818 5196 vidisset
2846 5139 3224 5212 philosophus,
3258 5141 3400 5196 leva-

1842 5231 1921 5288 vit
1961 5233 2299 5303 repagulum,
2327 5245 2383 5290 et
2417 5250 2449 5291 e
2496 5235 2630 5297 cella
2678 5236 2912 5306 prosiliit
2954 5236 3023 5292 ad
3065 5234 3402 5289 adorandum

1844 5323 2223 5396 Epiphaniam,
2249 5325 2329 5382 sic
2351 5326 2539 5382 dicens
2568 5344 2580 5381 :
2611 5326 2676 5391 0,
2701 5327 2892 5397 inquit,
2920 5327 3011 5398 qui
3039 5334 3221 5398 gestas
3247 5340 3393 5381 coro-

1844 5427 1991 5477 nam,
2020 5411 2300 5484 Epiphani,
2331 5416 2513 5477 credo,
2543 5426 2598 5471 et
2625 5417 2830 5471 credidi
2860 5417 2927 5472 iis
2956 5432 3075 5487 quae
3123 5416 3399 5478 dicuntur,

1842 5518 1939 5573 per
1985 5519 2046 5560 ea
2091 5520 2213 5575 quae
2259 5506 2411 5562 linat.
2444 5504 2638 5562 Volant
2681 5508 2826 5563 enim
2857 5507 3019 5563 verba
3051 5508 3167 5562 sine
3196 5505 3417 5572 fructu,
