3866 6066
411 315 479 373 55
1716 321 1772 376 S.
1814 321 2155 377 EPlPIlAN-li
2182 319 2375 377 'VITA.
3594 324 3663 381 56

410 445 574 501 Opera
610 440 789 486 autem
837 440 1136 487 cernuntur
1177 433 1377 490 habere
1423 436 1681 492 fructum.
1711 437 1847 493 Volo
1885 456 1981 510 ego

2090 440 2261 510 ἔργων
2292 438 2400 491 τῶν
2434 437 2765 509 γινομένων·
2803 440 2849 490 οἱ
2882 438 2989 508 γὰρ
3012 438 3158 507 λόγοι
3194 436 3451 491 πέτανται
3483 437 3660 511 ἄκαρ-

414 537 631 592 quoque
659 537 780 578 esse
808 539 871 577 ex
905 524 972 578 iis
1003 525 1093 593 qui
1130 525 1377 581 serviunt
1417 527 1697 583 crucifixo.
1730 526 1977 584 Philoso-

411 614 522 682 pho
570 629 701 668 vero
750 614 879 669 dixit
932 613 1478 686 Epiphanius:Quid
1527 619 1630 674 hoc
1678 619 1916 683 miraris,
1945 635 1977 675 0

411 706 754 775 philosophe,
773 717 1026 778 tanquam
1046 702 1106 764 id
1131 726 1231 767 nos
1253 710 1576 767 fecerimus?
1592 710 1974 782 Nequaquam;

412 797 507 851 sed
553 808 634 851 est
668 796 762 851 Dei
795 798 986 863 Filius,
1022 802 1117 871 qui
1168 798 1282 857 haec
1312 804 1571 872 praeclara
1608 802 1737 858 facit
1767 818 1859 872 per
1883 817 1978 859 eos

408 887 506 956 qui
542 887 644 957 ipsi
674 889 920 944 credunt.
949 889 1086 945 Cum
1135 893 1247 948 hmc
1277 904 1328 948 et
1356 894 1439 949 his
1479 895 1629 964 plura
1663 894 1980 963 philosopho

411 977 640 1035 dixisset
688 980 1043 1051 Epiphanius,
1095 985 1302 1053 rogavit
1345 1000 1467 1040 eum
1512 985 1888 1055 philosophus,
1922 992 1979 1037 ut

411 1070 568 1125 daret
590 1071 640 1126 ei
668 1071 743 1137 id,
775 1074 920 1142 quod
951 1083 1034 1129 est
1066 1075 1118 1129 in
1144 1075 1382 1139 Christo,
1415 1076 1769 1146 signaculum.
1796 1074 1977 1144 Ipsum

412 1172 545 1232 ergo
596 1171 652 1217 et
698 1179 784 1218 me
830 1180 910 1220 ac!
926 1167 1037 1236 epit
1064 1165 1417 1235 Epiphanius,
1451 1177 1505 1221 et
1534 1168 1732 1221 ivimus
1763 1167 1827 1220 ad
1866 1181 1979 1220 ma-

414 1269 577 1323 gnum
619 1253 970 1322 Hilarionem,
1004 1258 1096 1327 qui
1138 1272 1262 1311 eum
1309 1258 1628 1327 baptizavit;
1663 1257 1982 1327 egimusque

413 1343 603 1411 viginti
630 1344 746 1399 dies
786 1345 837 1398 in
871 1348 1201 1402 monasterio
1240 1349 1419 1418 magni
1446 1347 1739 1403 Hilarionis
1770 1364 1979 1419 aquam

413 1435 624 1506 rogavit
670 1435 1027 1506 Epiphanius,
1062 1447 1121 1492 ut
1165 1454 1288 1493 cum
1328 1438 1627 1508 Epiphanio
1660 1439 1981 1508 philosopho

413 1525 652 1580 mitteret
685 1541 751 1580 ex
782 1527 1037 1581 fratribus
1068 1544 1237 1581 unum
1271 1528 1753 1599 Eleutheropolim,
1777 1537 1979 1584 uteum

345 1682 354 1691 .
410 1620 696 1689 episcopus
747 1620 945 1675 faceret
985 1623 1383 1693 presbyterum,
1423 1623 1578 1689 Quod
1630 1627 1791 1678 etiam
1835 1622 1866 1677 fi
1887 1624 1976 1678 cit.

413 1707 477 1764 Et
527 1725 715 1766 rursus
738 1712 936 1767 ivimus
983 1711 1379 1783 Spanbydrion.
1421 1713 1759 1784 Epiphanius
1799 1723 1979 1769 autem

2085 549 2177 584 ποι
2218 530 2399 594 ὄντες·
2433 529 2499 582 τὰ
2527 529 2582 581 δέ
2609 528 2745 599 ἔργα
2779 525 3026 597 φαίνεται
3052 529 3306 601 ἔγκαρπα
3338 529 3493 583 ὅνταο
3520 530 3663 585 θέλω

2085 622 2240 689 κάγὼ
2266 620 2519 688 γενέσθαι
2548 618 2642 671 τοῦ
2673 618 3109 689 ἐσταυρωμένον.
3146 615 3312 673 Εἶπεν
3342 619 3398 674 δέ
3435 620 3659 690 Ἐπιφά-

2084 728 2193 773 νιος
2225 709 2299 779 τῷ
2334 710 2636 779 φιλοσόφῳ·
2673 708 2738 760 Ti
2770 708 3092 777 θαυμάζεις,
3121 708 3302 778 φησὶν,
3330 701 3376 761 ὧ
3407 708 3658 776 φιλόσοςεε

2086 801 2178 853 ἐπὶ
2212 801 2389 862 τοῦτο,
2425 801 2499 862 ὠς
2549 797 2703 869 ἡμῶν
2756 798 3123 870 ποιησάντων;
3154 796 3262 850 Οὔ·
3308 797 3420 849 ἀλλ’
3457 800 3484 850 6
3535 798 3660 860 Υἱδς

2086 889 2177 944 τοῦ
2225 890 2358 944 Θεοῦ
2406 892 2553 943 ἐστιν
2584 891 2611 940 6
2646 889 2812 942 ποιῶν
2839 888 2929 941 διὰ
2964 888 3073 941 τῶν
3106 888 3467 941 πιστεύοντων
3512 889 3661 960 αύτῷ

2085 983 2157 1036 τὰ
2185 982 2323 1036 καλὰ
2357 981 2545 1035 ταῦτα.
2602 981 2709 1033 Kal
2761 979 2932 1033 ταῦτα
2982 977 3151 1032 εἰπὼν
3202 979 3515 1047 Ἐπιφάνιος
3565 982 3661 1033 καὶ

2089 1072 2304 1125 πλείονα
2351 1071 2553 1125 τούτων
2582 1070 2659 1139 τῷ
2693 1070 2986 1140 φιλοσόφῳ,
3026 1069 3401 1141 παρεκάλεσεν
3438 1070 3604 1123 αὑτὸν
3633 1073 3659 1124 6

2087 1161 2390 1230 φιλόσοφος,
2416 1162 2562 1224 ὅπως
2592 1159 2751 1212 δώσει
2785 1159 2931 1229 αύτῷ
2963 1158 3058 1231 τὴν
3093 1161 3151 1211 ἐν
3175 1158 3393 1229 Χριστῷ
3434 1163 3663 1230 σφραγῖ-

2085 1253 2167 1306 δα.
2202 1251 2397 1306 Λαϐὼν
2428 1251 2485 1305 δὲ
2515 1251 2676 1305 αὑτὸν
2707 1251 2802 1304 καὶ
2844 1250 2944 1321 ἐμὲ
2980 1250 3313 1319 Ἐπιφάνιος,
3357 1250 3660 1320 ἐπορεύθην

2090 1359 2187 1413 μεν
2215 1343 2350 1413 πρὸς
2374 1341 2465 1396 τὸν
2494 1342 2666 1412 μέγαν
2696 1340 2997 1411 Ἰλαρίωνα,
3026 1340 3120 1393 καὶ
3152 1339 3445 1393 ἐϐάπτισεν
3476 1340 3661 1397 αὐτόν,

2087 1435 2197 1488 Kal
2221 1435 2555 1506 ἐποιήσαμεν
2583 1434 2639 1486 ἐν
2669 1432 2745 1503 τῷ
2779 1430 3124 1504 μοναστηρίῳ
3148 1431 3239 1484 τοῦ
3267 1431 3498 1502 μεγάλου
3528 1432 3664 1484 Ἱλα-

2089 1525 2279 1596 ρίωνος
2326 1531 2373 1577 κ’
2415 1524 2648 1595 ἡμέρας.
2698 1522 3073 1594 Παρεκάλεσεν
3118 1521 3174 1574 δὲ
3214 1520 3524 1590 Ἐπιφάνιος
3574 1522 3664 1574 τὶν

2091 1611 2262 1686 μέγαν
2310 1615 2589 1686 Ἰλαριωνα
2634 1612 2949 1667 ἀποστεῖλαι
3015 1611 3153 1683 μετὰ
3207 1613 3520 1682 Ἐπιφανίου
3570 1612 3663 1664 τοῦ

2090 1708 2183 1760 καὶ
2217 1705 2504 1775 φιλοσόφου
2541 1704 2638 1758 ἕνα
2680 1703 2786 1757 τῶν
2832 1702 3075 1772 ἀδελφῶν
3104 1703 3161 1756 ἐν
3201 1701 3663 1774 Ἐλευθεροπόλει,

411 1816 532 1856 cum
586 1816 778 1857 omnes
820 1800 1141 1857 advocasset
1188 1802 1404 1867 fratres,
1438 1804 1515 1859 sic
1543 1806 1623 1859 eis
1648 1805 1782 1859 dixit
1818 1824 1831 1859 :
1862 1804 1980 1868 Hic,

2090 1799 2231 1861 ’ὅπως
2271 1798 2486 1867 ποιήσει
2534 1796 2695 1849 αὑτὸν
2731 1796 2759 1846 ὁ
2790 1795 3085 1857 ἐπίσκοπος
3122 1794 3509 1865 πρεσϐύτερον.
3558 1796 3665 1848 Kal

412 1890 503 1960 qui
550 1892 652 1946 sibi
695 1884 988 1962 aliquando
1023 1893 1303 1949 videbatur
1332 1909 1453 1949 esse
1482 1894 1705 1964 aliquid,
1739 1911 1862 1949 cum
1896 1897 1980 1949 ni-

415 1980 489 2034 hil
523 1990 686 2046 esset,
719 1980 937 2037 dicebat
984 1998 1042 2038 se
1090 1999 1213 2039 esse
1260 1985 1676 2054 philosophum;
1712 2000 1857 2041 nunc
1885 2003 1983 2040 au-

411 2079 519 2126 tem
550 2070 643 2126 Ι)ςί
673 2073 847 2142 gratia
881 2089 1041 2127 verus
1075 2083 1157 2129 est
1209 2072 1384 2129 fartus
1423 2075 1804 2145 philosophus;
1840 2076 1981 2147 ipse-

410 2176 517 2229 que
561 2161 820 2231 spiritalis
873 2171 1052 2217 vester
1096 2172 1246 2231 pater
1283 2174 1383 2219 est.
1419 2164 1589 2233 Igitur
1642 2164 1979 2236 Epiphanius

411 2251 763 2323 philosophus
791 2269 822 2306 a
857 2252 966 2311 Deo
998 2255 1227 2326 gratiam
1265 2262 1347 2309 est
1378 2265 1727 2321 consecutus,
1760 2266 1812 2312 et
1836 2273 1975 2328 pne-

409 2353 528 2398 erat
555 2345 654 2399 toti
689 2344 882 2400 choro.

2087 1887 2150 1959 δὴ
2178 1891 2205 1941 6
2236 1888 2409 1958 μέγας
2433 1887 2676 1959 Ἱλαρῖων
2704 1886 2957 1956 ἐποίησεν
2987 1884 3180 1949 οὕτως.
3210 1886 3320 1938 Καὶ
3352 1886 3512 1939 πάλιν
3541 1887 3669 1938 ἐπο-

2092 1978 2362 2048 ρεύθημεν
2390 1978 2447 2029 ἐν
2480 1977 2555 2048 τῷ
2593 1978 2938 2049 μοναστηρίῳ
2961 1978 3119 2048 ἡμῶν
3141 1977 3219 2048 τῷ
3251 1977 3671 2049 ἐπικαλουμένῳ

2090 2070 2429 2140 Σπανυδρίῳ.
2468 2071 2526 2122 '0
2599 2065 2688 2122 οὖν
2757 2069 3070 2137 Ἑπιφάνιος
3154 2067 3669 2140 προσκαλεσάμενος

2087 2162 2333 2224 ἅπαντας
2389 2163 2513 2225 τοὺς
2562 2162 2843 2229 ἀδελφοὺς,
2875 2156 3027 2213 εἶπεν
3076 2161 3292 2224 αὐτοῖς’
3331 2156 3518 2224 Οὗτος,
3574 2180 3667 2233 ξεττ

2085 2253 2191 2314 σιν,
2221 2253 2250 2306 ό
2284 2269 2413 2305 ποτε
2451 2252 2622 2305 δοκῶν
2662 2249 2799 2305 εἷναί
2836 2269 2909 2316 τι,
2943 2251 3106 2323 μηδὲν
3136 2249 3229 2312 ὢν,
3264 2251 3447 2319 ἔλεγεν
3470 2253 3665 2306 ἑαυτὸν

2085 2343 2394 2413 φιλόσοφον.
2430 2342 2542 2396 Νῦν
2587 2344 2644 2396 δὲ
2694 2345 2874 2413 χάριτι
2922 2343 3158 2415 Χριστοῦ
3199 2344 3414 2411 ἐγένετο
3451 2344 3671 2417 ἀληθῶς

410 2436 736 2508 φιλόσοςςος,
787 2439 883 2492 καὶ
930 2438 1029 2509 τῆς
1084 2438 1381 2511 ἱερωσύνης
1427 2438 1761 2511 κατηξιώθη.
1818 2434 1986 2505 Οὗτός
2020 2441 2170 2493 ἐστιν
2206 2434 2245 2490 ’ό
2298 2436 2659 2508 πνευματικὸς
2717 2436 2869 2507 ὑμῶν
2908 2438 3109 2507 πατήρ.
3181 2437 3238 2487 Ὀ
3280 2432 3373 2489 οὖν
3440 2437 3672 2506 Ἐπιφά-

410 2548 542 2595 νιος,
567 2533 596 2585 6
630 2533 724 2588 καί
749 2534 778 2586 6
805 2533 1112 2604 φιλόσοφος,
1144 2533 1455 2607 κατηξιώθη
1478 2535 1811 2607 χαρίσματος
1833 2534 1985 2607 παρὰ
2014 2532 2172 2598 Θεοῦ,
2208 2534 2301 2587 καὶ
2323 2529 2389 2604 ἧν
2413 2532 2709 2603 ἡγούμενος
2742 2530 2940 2594 παντὸς
2968 2529 3061 2582 τοῦ
3092 2528 3273 2600 χοροῦ.

480 2616 673 2677 XXVI.
716 2621 1084 2695 ingredientes
1133 2635 1314 2681 autem
1361 2626 1517 2680 multi
1573 2627 1983 2691 monasterium,

2159 2627 2303 2691 KG".
2346 2622 2561 2677 Πολλῶν
2596 2617 2687 2675 οὖν
2734 2619 3131 2692 εἰσερχομένων
3165 2620 3223 2673 ὲν
3269 2619 3344 2689 τῷ
3393 2636 3669 2692 μοναστη-

408 2725 519 2765 non
549 2713 801 2769 sinebant
827 2714 1108 2784 quiescere
1135 2715 1517 2785 Epiphanium.
1550 2715 1686 2771 Cum
1720 2718 1900 2788 itaque
1927 2718 1981 2773 in

2090 2716 2207 2788 ρίῳ,
2244 2716 2344 2769 οὐκ
2377 2713 2502 2767 εἴων
2551 2714 2781 2784 ἠρεμεῖν
2811 2712 2902 2765 τὸν
2944 2711 3280 2780 Ἐπιφάνιον.
3314 2711 3425 2764 Καὶ
3451 2709 3513 2780 δὴ
3544 2728 3693 2763 σκε..

410 2802 595 2856 animo
628 2802 853 2858 haberet
896 2804 1073 2858 locum
1106 2804 1428 2875 relinquere,
1464 2805 1732 2875 proficisci
1759 2822 1887 2861 vero
1918 2808 1971 2861 in

2090 2807 2326 2878 ψάμενος
2356 2803 2675 2859 καταλιπεῖν
2701 2802 2791 2856 τὸν
2824 2803 3007 2865 τόπον,
3040 2801 3368 2873 πορεύεσθαι
3397 2801 3453 2854 δὲ
3481 2802 3579 2854 ἐπὶ
3607 2802 3673 2855 τὶ

410 2902 592 2961 partes
638 2892 875 2965 Egypti,
906 2895 1043 2950 dixit
1087 2895 1221 2950 mihi
1257 2914 1271 2951 :
1305 2895 1543 2966 Sequere
1577 2913 1684 2964 me,
1730 2899 1825 2955 tili.
1867 2898 1979 2971 Ego

2090 2898 2224 2969 μέρη
2259 2897 2553 2963 Αἰγύπτου,
2589 2892 2741 2948 εἶπεν
2796 2895 2928 2965 πρὸς
2985 2893 3050 2963 μέ
3082 2907 3095 2920 ’
3125 2892 3347 2957 Τέκνον,
3387 2893 3673 2947 ἀκολούθει

412 2997 541 3038 vero
580 2983 690 3038 dixi
750 2985 799 3040 ei
834 3008 845 3039 :
880 2983 1089 3055 Sequar
1137 2993 1210 3049 te,
1244 3000 1569 3056 quocunque
1615 2987 1765 3052 ieris,
1794 2985 1973 3043 Pater.

2090 3004 2195 3057 μοι.
2243 2982 2409 3041 Εἶπον
2452 2987 2508 3041 δὲ
2556 2986 2693 3058 πρὸς
2736 2985 2929 3039 αὐτόν·
2970 2983 3343 3055 Ἀκολουθήσω
3388 3000 3470 3037 σοι
3532 2986 3673 3038 ὅπου

410 3074 548 3128 Cum
598 3089 788 3130 omnes
824 3085 1004 3131 autem
1049 3074 1243 3131 fratres
1292 3078 1631 3141 advocasset,
1666 3086 1720 3132 et
1750 3080 1828 3133 eis
1864 3079 1981 3135 vale

2090 3076 2152 3131 ἂν
2209 3077 2449 3150 ἀπέρχῃ,
2499 3077 2700 3147 Πάτερ.
2751 3074 3268 3145 Προσκαλεσάμενος
3316 3073 3371 3126 δὲ
3423 3073 3674 3138 ἅπαντας

411 3164 661 3229 dixisset,
689 3166 864 3220 dixit:
894 3165 1063 3232 Vado,
1092 3181 1125 3221 o
1171 3166 1285 3231 filii,
1319 3167 1385 3221 ad
1442 3168 1733 3223 videndum
1788 3167 1981 3225 fratres

2090 3170 2213 3231 τους
2264 3167 2546 3237 ἀδελφοὺς,
2576 3167 2668 3219 καὶ
2704 3165 3105 3236 συνταξάμενος
3154 3164 3357 3227 αὐτοῖς,
3389 3163 3485 3234 τὴν
3531 3166 3674 3218 ἀπό-

411 3256 501 3324 qui
556 3266 685 3311 sunt
728 3257 782 3310 in
830 3259 1162 3313 monasterio
1206 3258 1388 3327 magni
1430 3258 1740 3315 Hilarionis.
1777 3257 1910 3314 Cum
1946 3261 1980 3315 ii

2090 3275 2269 3330 κρισιν
2305 3258 2499 3330 ἔφερεν
2542 3259 2724 3320 αὐτοῖς
2766 3256 2939 3325 λέγων
2986 3257 3102 3309 ὅτι*
3147 3254 3477 3337 Πορεύομαι,
3511 3257 3671 3328 φησὶ,

411 3357 594 3404 autem
645 3350 1039 3406 intellexissent
1087 3367 1213 3407 eum
1265 3352 1405 3408 velle
1454 3354 1725 3417 recedere,
1767 3363 1983 3423 propter

406 3453 660 3507 magnam
704 3440 1008 3495 molestiam
1044 3455 1235 3495 eorum
1291 3442 1383 3511 qui
1415 3440 1761 3508 accedebant,
1792 3458 1981 3498 omnes

412 3527 665 3581 cadentes
699 3529 753 3582 in
780 3527 995 3590 faciem.
1022 3544 1147 3584 cum
1184 3528 1306 3584 fletu
1336 3538 1390 3584 et
1418 3531 1634 3600 planctu
1660 3546 1783 3585 eum
1818 3546 1980 3603 roga-

413 3618 542 3671 bant
566 3634 632 3672 ne
662 3619 853 3673 exiret.
886 3618 1220 3689 Epiphanius
1262 3637 1393 3675 vero
1429 3622 1543 3691 ipse
1570 3637 1810 3691 quolue,
1862 3639 1978 3677 ma-

412 3722 518 3775 gna
546 3706 739 3761 ductus
789 3708 1179 3772 misericordia,
1228 3709 1501 3779 persuasit
1548 3710 1648 3776 eis,
1676 3711 1861 3781 dicens
1925 3724 1985 3765 se

414 3809 523 3848 non
570 3810 689 3851 esse
740 3797 970 3866 amplius
1010 3814 1375 3855 recessurum.
1411 3800 1546 3855 Cum
1580 3800 1766 3858 decem
1802 3810 1983 3856 autem

414 3886 530 3941 dies
562 3888 967 3957 praeteriissent,
990 3890 1198 3960 accepit
1225 3907 1312 3947 me
1340 3902 1527 3957 noctu,
1554 3893 1868 3964 egressique
1891 3908 1985 3948 su—

416 3993 558 4041 Inus,
589 3988 644 4032 et
677 3978 877 4034 ivimus
920 3978 1372 4050 Hierosolymam,
1404 3991 1759 4052 nostramque
1814 3983 1980 4037 vitam

416 4066 786 4131 adoravimus,
831 4082 1025 4135 nempe
1063 4069 1425 4123 venerandam
1482 4068 1696 4123 Domini
1744 4086 1981 4125 crucem.

418 4155 752 4227 Fuimusque
784 4159 837 4212 in
862 4158 1099 4225 civitate,
1135 4157 1253 4212 loca
1284 4159 1545 4211 obeuntes
1570 4167 1624 4212 et
1652 4166 1871 4212 orantes
1896 4174 1983 4213 se-

414 4246 593 4303 decim
645 4236 782 4304 dies.
816 4248 1065 4320 Cumque
1108 4264 1208 4305 nos
1251 4248 1631 4320 egrederemur
1666 4265 1695 4302 e
1748 4249 1984 4312 civitate,

417 4347 477 4391 ut
501 4326 1071 4410 [veniremusJoppen.
1090 4338 1167 4411 et]
1184 4340 1565 4410 navigaremus
1590 4341 1643 4394 in
1667 4338 1984 4412 Egyptum,

2087 3350 2274 3413 τέκνα,
2295 3350 2373 3412 εἰς
2400 3347 2686 3417 ἐπίσκεψιν
2712 3348 2820 3400 τῶν
2850 3347 3092 3415 ἀδελφῶν
3121 3348 3178 3400 ἐν
3210 3346 3286 3417 τῷ
3318 3348 3674 3420 μοναστηρίῳ

2086 3442 2179 3494 τοῦ
2211 3441 2444 3511 μεγάλου
2478 3440 2798 3512 Ἱλαρίωνος.
2832 3439 2954 3491 Τῶν
2984 3439 3039 3493 δέ
3065 3438 3371 3509 νοησάντων
3427 3440 3509 3492 ὃτι
3537 3442 3673 3493 ἀνα-

2089 3533 2287 3602 χωρεῖν
2322 3529 2589 3599 βούλεται,
2618 3529 2707 3583 διὰ
2749 3528 2847 3600 τὴν
2876 3528 3073 3599 πολλὴν
3104 3528 3322 3599 ὄχλησιν
3356 3528 3465 3581 τῶν
3490 3547 3676 3602 παρα-

2089 3620 2414 3691 γενομένων,
2447 3620 2494 3671 οἱ
2533 3618 2730 3681 πάντες
2767 3618 3025 3681 πεσόντες
3057 3618 3147 3669 ἐπὶ
3183 3618 3493 3689 πρόσωπον,
3533 3619 3676 3688 μετὰ

2089 3709 2283 3764 πολλοῦ
2312 3707 2590 3781 κλαυθμοῦ
2620 3709 2711 3762 καὶ
2744 3707 2979 3779 ὀδυρμοῦ
3008 3708 3349 3778 παρεκάλουν
3376 3709 3466 3761 τὸν
3515 3709 3675 3765 Ἐπιο

2090 3803 2300 3873 φάνιον,
2331 3800 2471 3855 ὥστε
2527 3801 2602 3873 μὴ
2655 3799 2910 3866 ἐξελθεῖν.
2948 3799 3056 3852 Τοῦ
3107 3798 3163 3852 δὲ
3208 3799 3527 3868 Ἐπιφανίου
3580 3801 3675 3853 καὶ

2090 3892 2253 3947 αὑτοῦ
2283 3894 2362 3957 εἰς
2396 3892 2562 3946 πολὺν
2585 3888 2762 3945 οἶκτον
2790 3889 3052 3956 ἐλθόντος,
3088 3889 3304 3944 ἔπεισεν
3335 3891 3558 3954 αὑτοὺς,
3590 3891 3675 3944 λέ-

2090 4001 2201 4054 γων
2250 3983 2447 4056 μηκέτι
2497 3983 2819 4053 ἀναχωρεῖν.
2859 3980 2949 4050 Μὴ
2985 3980 3324 4050 ποιησάντων
3359 3979 3413 4033 δὲ
3446 3983 3479 4050 ἡ
3490 3980 3610 4050 μῶν
3646 3987 3673 4034 ι’

2090 4075 2327 4144 ἡμέρας,
2360 4072 2549 4125 ἔλαϐεν
2596 4089 2662 4142 με
2689 4073 2902 4135 νυκτὸς,
2936 4073 3030 4124 καὶ
3064 4069 3379 4141 ἐξήλθομεν,
3411 4073 3507 4124 καὶ
3538 4073 3673 4125 ἑπο-

2095 4159 2364 4229 ρεύθημεν
2410 4159 2467 4210 ἐν
2502 4158 2915 4231 Ἰεροσολύμοις,
2945 4159 3040 4211 καὶ
3066 4162 3552 4230 προσεκυνήσαμεν
3575 4161 3675 4233 τὴν

2093 4246 2235 4317 ζωὴν
2257 4246 2537 4317 ήμῶν,τδν
2556 4247 2735 4317 τίμιον
2765 4248 2997 4319 σταυρὸν
3023 4247 3116 4301 τοῦ
3142 4249 3414 4308 Δεσπότου
3440 4269 3453 4282 ·
3481 4254 3675 4323 ἐποιή-

2096 4355 2266 4408 σαμεν
2298 4338 2354 4391 δὲ
2402 4342 2459 4392 ἐν
2503 4341 2570 4409 τῇ
2614 4338 2787 4402 πόλει,
2832 4339 3167 4411 διερχόμενοι
3197 4341 3321 4404 τοὺς
3350 4343 3554 4406 τόπους
3580 4345 3676 4397 καὶ

416 4425 661 4481 occurrit
694 4414 853 4481 nobis
893 4429 1137 4497 quaedam
1187 4429 1382 4483 mulier
1412 4431 1625 4492 insana,
1652 4439 1712 4483 ut
1738 4445 1857 4497 qua:
1895 4444 1981 4485 ve-

2091 4429 2387 4499 εύχόμενοι,
2424 4436 2497 4494 ις’
2540 4430 2790 4501 ἡμέρας·
2843 4431 2937 4484 καὶ
2984 4431 3048 4503 δὴ
3094 4431 3465 4504 ἐξερχόμενων
3515 4434 3676 4505 ἡμῶν

416 4528 639 4574 xaretur
683 4535 712 4574 a
760 4521 952 4590 spiritu
998 4521 1299 4575 immundo.
1335 4519 1452 4590 Ipsa
1488 4531 1662 4576 autem
1700 4536 1821 4576 cum
1854 4520 1981 4590 Epi-

417 4607 601 4677 phanii
627 4609 925 4677 accepisset
955 4607 1267 4677 diploidem,
1296 4623 1417 4663 eam
1465 4610 1800 4673 dilaceravit,
1832 4619 1885 4664 et
1918 4625 1985 4665 ex

415 4713 478 4752 ea
506 4698 639 4753 exiit
674 4697 990 4754 immundus
1036 4698 1282 4769 spiritus.
1314 4697 1446 4765 Quae
1478 4700 1763 4769 procidens
1791 4700 1857 4755 ad
1891 4716 1984 4769 pe-

414 4791 510 4845 des
535 4788 846 4860 Epiphanii,
877 4805 1001 4845 eum
1028 4791 1272 4861 rogabat,
1290 4791 1477 4847 dicens
1504 4810 1516 4845 :
1547 4792 1802 4862 Ignoscas
1825 4793 1981 4859 mihi,

411 4878 592 4945 Pater,
619 4890 673 4935 et
700 4897 768 4937 ne
802 4897 1144 4937 succenseas.
1170 4880 1220 4937 ls
1248 4892 1426 4938 autem
1452 4884 1587 4938 dixit
1609 4888 1664 4939 ei
1688 4903 1703 4939 :
1732 4883 1875 4940 Vnde
1896 4900 1983 4940 sa-

412 4986 480 5027 na
511 4972 565 5026 in
600 4971 822 5026 domum
858 4982 1028 5028 tuam.
1061 4970 1273 5042 Ruptus
1299 4973 1444 5028 enim
1464 4984 1594 5039 est;
1612 4975 1705 5044 qui
1737 4986 1789 5030 te
1828 4992 1987 5046 rupe-

415 5075 518 5121 rat.
550 5063 615 5118 Et
645 5064 741 5118 ivit
770 5065 963 5119 mulier
999 5065 1054 5119 in
1091 5081 1241 5134 pace.
1283 5065 1349 5120 Et
1390 5082 1514 5121 cum
1544 5083 1642 5121 nos
1673 5068 1985 5126 descendis-

412 5168 595 5209 semus
641 5155 693 5206 in
738 5153 965 5223 Joppeu,
1000 5155 1308 5209 invenimus
1338 5171 1528 5210 navem
1563 5168 1829 5226 paratam,
1860 5175 1983 5228 quae

413 5244 627 5298 volebat
654 5244 733 5298 ire
759 5244 1163 5299 Alexandriam.
1200 5245 1446 5317 Curaque
1477 5250 1886 5319 navigassemus
1914 5253 1984 5307 ab

410 5331 605 5403 Joppe,
637 5343 759 5402 pust
787 5344 898 5389 tres
926 5335 1042 5391 dies
1075 5336 1304 5402 ingressi
1351 5352 1542 5393 sumus
1573 5339 1980 5394 Alexandriam.

414 5422 581 5480 Nobis
606 5436 788 5479 autem
832 5442 969 5481 nave
996 5429 1253 5498 egressis,
1286 5438 1340 5483 et
1387 5427 1816 5499 ingredientibus
1851 5433 1984 5487 civi-

414 5524 602 5575 tatem,
627 5521 867 5570 occurrit
893 5517 1113 5586 quidam
1145 5516 1387 5585 Iudaeus,
1420 5520 1644 5575 nomine
1673 5522 1886 5590 Aquila,
1911 5522 1984 5575 le-

412 5606 706 5675 gisperitus
738 5621 801 5663 ac
824 5609 1099 5677 magister.
1128 5609 1305 5680 Cuspit
1335 5626 1464 5665 vero
1492 5609 1829 5681 Epiphanius
1850 5630 1986 5682 quo-

410 5710 517 5766 que
541 5710 663 5750 cum
692 5712 756 5752 eo
785 5700 852 5756 de
882 5699 997 5766 lege
1016 5701 1300 5757 disserere.
1319 5699 1457 5757 Toto
1484 5719 1613 5772 ergo
1641 5704 1733 5759 illo
1754 5703 1839 5757 die
1868 5705 1985 5773 plu-

2089 4520 2198 4573 ἀπὸ
2243 4521 2343 4591 τῆς
2388 4522 2615 4585 πόλεως,
2644 4524 2792 4587 ὅπως
2820 4523 3252 4595 άποπλεύσωμεν
3278 4527 3336 4577 ἐν
3371 4526 3667 4598 Αἰγύπτῳ,

2090 4610 2401 4680 ἀπήντησεν
2428 4613 2561 4681 ἡμῖν
2602 4615 2734 4685 γυνή
2768 4631 2873 4680 τις,
2910 4616 3207 4687 μαινομένη
3239 4616 3344 4668 ὑπὸ
3370 4615 3481 4668 τοῦν
3506 4619 3675 4671 πνεύ-

2093 4718 2260 4770 ματος
2289 4700 2623 4773 ἀκαθάρτου.
2650 4703 2796 4775 Αὕτη
2819 4703 3089 4776 λαϐομένη
3120 4709 3216 4777 τῆς
3239 4706 3501 4771 διπλοΐδος
3518 4709 3674 4761 Ἐπι-

2090 4794 2301 4860 φανίου,
2350 4793 2632 4865 διέρρηξεν
2681 4796 2880 4867 αὐτήν·
2941 4799 3033 4851 καὶ
3081 4798 3284 4861 εὐθέως
3327 4797 3549 4868 ἐξῆλθεν
3610 4802 3674 4854 τὸ

2089 4884 2393 4956 ἀκάθαρτον
2424 4886 2639 4959 πνεῦμα
2669 4888 2764 4942 ἀπ’
2791 4889 2979 4959 αὐτῆς.
2997 4891 3059 4943 Ἠ
3079 4890 3135 4943 δὲ
3168 4890 3405 4944 πεσοῦσα
3436 4893 3517 4953 εἰς
3541 4895 3672 4956 τοὺς

2090 4975 2253 5048 πόδας
2300 4976 2633 5045 Ἑπιιρὰνίου,
2665 4980 2962 5051 παρεκάλει
2994 4980 3226 5048 λέγουσα
3249 4996 3264 5011 ’
3300 4980 3668 5053 Συγχώρησόν

2092 5083 2203 5137 μοι,
2247 5068 2448 5140 Πάτερ,
2497 5070 2590 5122 καὶ
2639 5069 2714 5140 μὴ
2765 5069 3004 5141 ὀργίζου.
3038 5068 3204 5125 Εἶπεν
3248 5073 3303 5125 δὲ
3350 5074 3671 5141 Ἐπιφάνιος

2088 5160 2223 5231 πρὸς
2243 5162 2340 5231 τὴν
2368 5164 2596 5230 γυναῖκα
2616 5179 2628 5192 ·
2654 5163 2847 5228 Βάδιξε
2875 5163 3189 5232 ὑγιαίνουσα
3216 5166 3272 5216 ἐν
3300 5164 3377 5235 τῷ
3406 5164 3478 5234 σῷ
3507 5166 3664 5236 οἴκῳ·

2086 5251 2114 5303 6
2152 5250 2259 5322 γὰρ
2307 5252 2475 5323 ῥήξας
2517 5253 2762 5324 ἐρράγη.
2817 5255 2928 5307 Kal
2974 5254 3241 5326 ἐπορεύθη
3270 5257 3303 5325 ή
3327 5256 3461 5325 γυνὴ
3497 5258 3554 5307 ἐν
3586 5255 3667 5326 τῷ

2086 5343 2219 5413 οἴκῳ
2252 5344 2443 5413 αὐτῆς.
2480 5344 2862 5398 Κατελθόντων
2895 5345 2950 5398 δὲ
2981 5345 3136 5416 ἡμῶν
3175 5349 3254 5410 εἰς
3295 5347 3539 5416 Ἰόππην.
3568 5347 3664 5400 εὖ·

2092 5451 2255 5504 ρομεν
2280 5435 2497 5503 ἕτοιμον
2514 5435 2695 5487 πλοῖον
2715 5434 3032 5504 βουλόμενον
3057 5436 3383 5507 πορεύεσθαι
3415 5440 3492 5500 εἰς
3510 5439 3666 5492 Ἀλε-

2088 5525 2760 5598 ξάνδρειαν.Ἐξελθόντων
2804 5526 2862 5578 δὲ
2898 5528 3052 5597 ἡμῶν
3091 5528 3198 5581 ἀπὸ
3227 5528 3321 5581 τοῦ
3360 5529 3542 5583 πλοίου
3568 5529 3668 5585 καὶ

2090 5616 2438 5671 εἰσελθόντων
2467 5618 2524 5669 ἐν
2558 5618 2623 5687 τῇ
2672 5616 2844 5677 πόλει,
2883 5617 3194 5690 ἀπήντησεν
3215 5621 3348 5690 ἡμῖν
3389 5620 3661 5685 Ἰουδαῖος,

2086 5705 2303 5775 ὀνόματι
2341 5705 2589 5768 Ἀκύλας,
2624 5705 3093 5775 νομοδιδάσκαλος.
3134 5708 3239 5761 Καὶ
3266 5707 3467 5780 ἤρξατο
3512 5710 3664 5763 “Em-
