3972 6070
171 200 229 256 Π
1439 198 1495 252 S.
1544 195 1878 252 EPIPHANII
1925 197 2103 253 VITA.
3313 207 3385 266 58

170 319 334 389 φᾶνιος
374 317 467 370 καὶ
512 317 674 381 αὑτὸς
723 317 831 370 ἀπὸ
876 316 970 370 τοῦ
1021 318 1183 388 νόμον
1216 318 1557 386 διαλὲγεεθαι
1588 318 1721 390 πρὸς

1846 320 2020 373 imum
2065 318 2477 375 contenderunt.
2517 319 2836 390 Rursusque
2868 320 2955 376 die
2982 324 3228 391 sequenti
3266 340 3389 379 cum

170 407 635 478 αὑτούς.Ἕμειναν
665 403 758 462 οὖν
794 409 849 460 ἐν
878 407 1045 478 πολλῇ
1081 407 1381 478 φιλονεικίᾳ
1414 411 1470 461 ὲν
1498 411 1562 479 τῇ
1587 409 1724 478 ήμὲ-

1846 406 2100 461 rcnissent
2127 406 2193 461 ad
2228 403 2697 476 congressionem,
2733 408 2823 463 diu
2855 409 3395 467 disseruerunt.Cre-

173 517 229 570 ρει
252 498 444 570 ἐκείνῃ.
479 500 589 551 Καὶ
614 502 681 570 τῇ
708 499 967 571 ἐπαύριον
1000 499 1093 553 ἐπὶ
1136 480 1424 569 συντυῇίίαν
1452 500 1613 553 πάλιν
1639 499 1724 553 ὲλ-

1846 496 2067 566 Iensque
2096 497 2287 565 Aquila
2319 496 2746 564 interpretationi
2778 497 3086 568 Epiphanii,
3120 499 3397 555 desidera-

172 590 350 651 θόντες.
378 589 660 642 διάλεκτον
713 590 974 660 ἐποίησαν
1025 590 1159 662 πρὸς
1203 590 1456 653 ἑαυτούς’
1508 591 1582 654 ὡς
1631 591 1725 643 καὶ

1846 587 1899 640 ιι
1930 587 2781 657 ficriChristianus.Epiphanius
2815 598 2993 643 autem
3023 590 3248 644 deduxit
3270 606 3394 644 cum

174 682 385 745 πεισθεὶς
411 684 441 734 ό
484 683 717 746 Ἀκύλας
742 686 805 754 τῇ
838 684 1104 755 ἑρμηνείᾳ
1144 680 1483 753 Ἐπιφανίου,
1528 685 1726 755 ἐπόθη-

1846 679 1891 731 nl
1920 678 2273 732 Athanasium
2327 678 2665 749 episcopum,
2692 688 2746 733 et
2792 695 2893 734 nos
2946 682 3150 750 egressi
3205 697 3398 736 sumus

175 711 382 745 πειυυιιε,
411 711 441 734 υ
498 711 715 746 ηιυλας
742 711 805 754 τῃ
838 711 1104 755 ιρμηναιςμ
1163 711 1483 753 ι’λπιψανιυυ,
1528 711 1726 755 ιπυυη·

174 790 249 826 σεν
272 773 358 826 τοῦ
388 775 645 842 γενέσθαι
677 776 1016 847 Χριστιανός.
1035 777 1091 829 '0
1119 772 1211 830 οὖν
1254 778 1565 846 Ἐπιςράνιος
1592 795 1726 849 προ-

1846 711 1891 731 lll
1920 711 2273 732 ιιιιιιυιαδιυιιι
2327 711 2665 749 τμιδιυμυιιιο
2692 711 2746 733 τι
2794 711 2892 734 uua
2946 711 3150 750 σδιεδθι
3206 711 3398 736 δυΙΙΙΙΙθ

1846 768 2175 823 ιιυκοιιάτῖο.
2206 768 2342 823 Cum
2377 769 2580 823 iremus
2610 778 2790 824 autem
2821 785 2922 824 nos
2953 772 3005 823 in
3038 781 3216 840 partes
3237 711 3542 853 snpe-/

172 865 287 918 νοῶν
314 864 517 935 ήταγεν
544 867 706 920 αὑτὸν
739 865 1044 939 Ἀθανασίῳ
1077 867 1153 939 τῷ
1185 869 1405 940 πάππα,
1433 871 1525 923 καὶ
1568 871 1727 939 ἡμεῖς

1846 860 1987 914 ’ἰοιὶς
2018 859 2146 914 The‘
2172 861 2329 924 aidis,
2358 864 2599 914 occurrit
2632 861 2788 916 nobis
2820 862 3038 931 quidam
3073 863 3397 926 monachus,

172 957 442 1028 ἐξήλθομεν
488 956 598 1011 ἀπὺ
638 959 733 1029 τῆς
781 959 989 1023 πόλεως
1029 960 1453 1030 Ἀλεξανδρείας.
1494 961 1727 1031 Πορευο-

1846 954 2128 1023 liscipulus
2174 954 2355 1021 magni
2391 955 2634 1018 Antonii,
2664 954 2883 1008 nomine
2908 952 3265 1023 Paphnutius.
3296 953 3398 1008 Cui

176 1049 328 1113 μένων
352 1048 406 1101 δὲ
430 1047 589 1119 ήμῶν
613 1050 707 1101 ἐπὶ
734 1049 803 1102 τὰ
838 1050 980 1122 μέρη
1008 1054 1104 1122 τῆς
1132 1051 1243 1105 ἄνω
1259 1050 1541 1121 Θηϐαΐδος,
1560 1036 1728 1121 δι’πήν-

1846 1045 1964 1099 lixit
2000 1063 2014 1098 :
2043 1043 2278 1099 Benedic
2324 1046 2500 1109 nobis,
2537 1045 2716 1101 Pater.
2749 1045 2894 1100 Dixit
2929 1055 3111 1100 autem
3145 1045 3400 1116 Paphnu-

174 1156 316 1210 τησεν
343 1140 473 1209 ήμῖν
515 1154 602 1200 τις
647 1137 878 1208 μοναχὸς
924 1139 1168 1211 μαθητὴς
1194 1141 1286 1193 τοῦ
1328 1140 1562 1210 μεγάλου
1610 1141 1727 1192 Ἀν-

1846 1138 1934 1191 ius
1962 1155 1974 1190 :
2007 1136 2280 1191 Benedicti
2314 1152 2412 1192 vos
2455 1152 2484 1191 a
2538 1136 2791 1191 Domino.
2827 1137 3068 1207 Cumque
3098 1137 3399 1191 orationem

174 1228 384 1290 τωνίου,
427 1226 654 1297 ὀνόματι
700 1227 1055 1295 Παιρνούτιος.
1106 1224 1271 1281 Εἶπεν
1321 1228 1376 1282 δὲ
1415 1227 1728 1296 Ἐπιφάνιος

1846 1229 2046 1283 'ecisset
2094 1227 2454 1298 Paphnutius,
2498 1242 2598 1282 nos
2641 1227 2872 1282 invicem
2920 1228 3300 1289 salutavimus,
3348 1234 3404 1279 et

168 1318 292 1395 ⁸πρὺς
321 1319 512 1372 αὐτόν’
548 1316 855 1389 Εὑλόγησον
883 1318 941 1371 δὲ
973 1321 1137 1389 ἡμᾶς,
1167 1320 1366 1391 Πάτερ.
1410 1316 1573 1372 Εἶπεν
1612 1316 1667 1372 δὲ
1700 1321 1729 1371 ό

1846 1335 1928 1373 ros
1972 1320 2024 1372 in
2063 1334 2127 1373 eo
2174 1318 2293 1372 loco
2333 1333 2523 1388 parum
2570 1316 3024 1389 refrigeravimus.
3070 1316 3403 1387 Epiphanius

176 1408 507 1477 ῐιαφνούτιοςο
534 1407 743 1477 Εὑλογη
753 1408 901 1477 μένοι
929 1409 1087 1477 ὑμεῖς
1108 1407 1185 1478 τῷ
1216 1410 1401 1479 Κυρίῳ
1421 1425 1433 1438 ’
1461 1411 1554 1462 καὶ
1576 1410 1731 1479 ποιή-

1846 1423 1958 1461 ιειὉ
2004 1408 2359 1478 interrogavit
2386 1408 2750 1477 Paphnutium
2787 1409 2850 1463 de
2880 1409 3136 1462 omnibus
3166 1423 3287 1476 quae
3324 1405 3406 1459 fe-

1829 1500 1903 1553 cit
1957 1514 2187 1569 magnus
2236 1500 2527 1564 Antonius,
2556 1500 2781 1569 ipseque
2822 1500 2871 1554 ei
2917 1499 3159 1553 narravit
3198 1497 3401 1551 omnia.

1833 1589 1977 1643 Dixit
2020 1598 2200 1644 autem
2241 1589 2579 1660 Epiphanius
2607 1590 2917 1660 Paphnutio
2949 1610 2961 1644 :
2989 1589 3123 1643 Volo
3163 1589 3407 1642 habitare

1835 1681 1888 1733 in
1916 1695 1982 1734 eo
2007 1680 2128 1734 loco
2156 1680 2247 1750 qui
2279 1679 2479 1735 dicitur
2516 1678 2709 1735 Nitria.
2737 1679 3076 1750 Paphnutius
3108 1693 3236 1734 vero
3268 1678 3407 1732 dixit

1834 1770 2136 1841 Epiphanio
2168 1791 2182 1826 :
2214 1770 2360 1826 Vade
2398 1787 2584 1838 sanus,
2615 1771 2793 1825 fruere
2827 1770 3092 1840 patrihus,
3131 1778 3185 1822 et
3216 1769 3409 1838 collige

1835 1862 2017 1916 fenum
2048 1863 2321 1927 mstivum,
2356 1871 2409 1918 et
2434 1862 2569 1917 vade
2615 1862 2671 1917 in
2705 1863 2938 1917 insulam
2969 1860 3317 1931 Cypriorum,
3352 1866 3408 1910 et

1834 1954 1917 2008 ale
1960 1969 2088 2009 oves
2138 1954 2204 2008 ad
2247 1955 2594 2019 vestimenta,
2625 1965 2676 2009 et
2719 1954 2927 2009 honora
2958 1951 3189 2023 puellos,
3225 1960 3284 2004 ut
3314 1949 3412 2003 tibi

177 2034 484 2104 καλούμενον
521 2035 768 2107 Νιτρίαν.
801 2036 859 2089 Ὀ
903 2036 963 2089 δὲ.
1004 2035 1341 2105 Παφνούτιος
1393 2033 1544 2092 εἶπεν
1596 2040 1732 2110 πρὸς

1846 2046 1945 2099 sint
1976 2047 2122 2116 agni.
2155 2044 2278 2100 Hzec
2310 2059 2487 2100 autem
2516 2061 2639 2100 cum
2671 2045 2900 2099 dixiSSet
2938 2043 3295 2114 Paphnutius,
3330 2040 3412 2094 fa-

186 2127 478 2195 Ὲπιφάνιον
497 2144 512 2157 ’
549 2124 742 2190 Βάδιζε
772 2127 1029 2195 ὑγιαίνων
1049 2143 1061 2156 ⁸
1094 2127 1399 2183 ἀπόλαυσον
1430 2130 1534 2183 τῶν
1563 2133 1728 2185 πατέ-

1846 2150 1919 2192 cta
1962 2154 2151 2191 rursus
2182 2138 2450 2202 oratione,
2478 2147 2532 2192 et
2561 2154 2660 2192 nos
2698 2148 2887 2191 mutuo
2922 2137 3212 2205 complexi,
3247 2133 3411 2187 inivi-

180 2231 292 2284 ρων,
318 2218 407 2270 xui
436 2218 706 2285 συνάγαγε
732 2217 923 2290 χόρτον
947 2218 1177 2289 θερινὸν,
1196 2220 1288 2272 καὶ
1316 2221 1547 2292 πορεύου
1580 2225 1637 2276 ἐν
1656 2228 1721 2297 τῇ

1846 2244 1953 2283 nus
1989 2228 2187 2299 singuli
2221 2244 2381 2283 suum
2412 2227 2532 2282 iter.

178 2308 418 2381 Κυπρίων
446 2313 615 2382 νήσῳ,
650 2312 744 2365 καὶ
768 2311 935 2383 τρέφε
982 2310 1230 2384 πρόϐατα
1277 2306 1358 2374 ε’ίς
1406 2315 1715 2387 ἱματισμὸν,
1740 2323 1849 2380 ⁴καὶ
1903 2322 2037 2392 τίμα
2093 2322 2308 2384 παῖδας,
2371 2322 2458 2374 ἵνα
2495 2314 2626 2373 ὦσιν
2654 2320 2704 2373 οἱ
2735 2320 2916 2391 ἄρνες.
2946 2316 3133 2371 Ταῦτα
3160 2316 3215 2368 δὲ
3247 2313 3415 2369 εἰπὼν

182 2401 508 2469 Παψνοὺτιος,
534 2402 630 2456 καὶ
661 2401 819 2455 πάλιν
848 2401 1133 2472 εὐξάμενοι
1165 2403 1534 2473 ἡσπασάμεθα
1558 2406 1824 2479 ἀλλήλους
1851 2413 1944 2465 καὶ
1973 2410 2347 2483 ἐπορεύθημεν
2374 2412 2604 2474 ἕκαστος
2644 2411 2742 2480 τὴν
2772 2407 2891 2462 ὁδὸν
2919 2406 3104 2460 αὑτοῦ.

249 2492 365 2545 KZ’.
401 2490 502 2545 Ἦν
526 2492 585 2545 δὲ
611 2494 669 2545 ὲν
698 2494 811 2555 τοῖς
845 2491 1030 2555 τόποις
1062 2492 1333 2562 τοῖςπερὶ
1381 2495 1732 2551 Λεοντόπολιν

1908 2499 2122 2555 XXVII.
2164 2498 2220 2554 in
2269 2501 2401 2555 locis
2446 2508 2648 2560 autem,
2681 2512 2803 2568 qua:
2846 2504 2974 2551 sunt
3007 2495 3152 2549 circa
3185 2492 3422 2546 Leonto-

183 2581 308 2655 ἀνὴρ
338 2583 481 2654 παρὰ
517 2600 629 2636 τισι
663 2582 1015 2654 νομιζόμενος
1041 2582 1262 2651 ἀγαθὸς,
1291 2585 1385 2637 καὶ
1433 2586 1738 2658 πρόγνωσιν

1846 2594 2022 2664 polim,
2048 2606 2164 2648 erat.
2196 2594 2277 2647 vir
2309 2593 2553 2663 quidam,
2587 2591 2680 2662 qui
2718 2591 2857 2660 apud
2899 2589 3111 2659 aliquos
3145 2585 3419 2641 existima—

183 2673 305 2742 ἔχων
349 2674 516 2728 Θεοῦ·
561 2674 623 2727 τὺ
653 2674 711 2727 δὲ
744 2674 916 2744 ὖνομα
961 2674 1126 2727 αὑτοῦ
1178 2674 1426 2729 ἐκαλεῖτο
1464 2678 1734 2747 Ἰεράκας.

1846 2683 1998 2737 batur
2018 2683 2215 2748 bonus,
2237 2682 2400 2736 etDei
2423 2668 2620 2736 habere
2649 2678 3042 2750 praescientiam
3078 2696 3090 2731 :
3124 2676 3419 2730 vocabatur

183 2764 304 2835 Περὶ
332 2764 516 2818 τούτου
544 2767 603 2818 ὲν
648 2768 715 2836 τῇ
744 2764 1074 2836 Παλαιστίνῃ
1126 2766 1357 2836 ήκουσεν
1400 2768 1735 2836 Ἐπιφάνιος,

1846 2790 1967 2828 vero
2012 2774 2231 2828 nomine
2277 2772 2496 2827 Hierax.
2541 2770 2618 2827 De
2659 2786 2726 2825 eo
2779 2770 2833 2825 in
2879 2769 3168 2823 Palaestina
3212 2766 3421 2822 audivit

185 2857 269 2908 ut
304 2856 467 2910 ⁴πόθον
512 2852 659 2926 εἶχεν
703 2856 892 2909 τοῦτον
926 2854 1320 2927 ίδεϊν.’ομοίώς
1353 2860 1447 2912 καὶ
1491 2861 1737 2931 Ἰεράκας

1846 2866 2189 2934 Epiphanius,
2229 2873 2283 2919 et
2329 2880 2454 2919 eum
2504 2861 2841 2917 desideravit
2894 2860 3099 2914 videre.
3156 2856 3422 2911 Similiter

183 2948 394 3018 ήιιουσεν
445 2948 575 3018 περὶ
613 2945 1065 3018 ἘπιφανίουῘΗν
1101 2949 1157 3001 δὲ
1186 2945 1339 3013 οὗτος
1370 2949 1475 3014 ἔξω
1511 2952 1737 3005 Λεοντο-

1846 2954 2037 3009 Hierax
2086 2969 2303 3024 quoque
2358 2953 2565 3007 audivit
2612 2952 2679 3007 de
2721 2951 3042 3021 Epiphanio.
3077 2947 3205 3002 Erat
3240 2960 3419 3002 autem

183 3040 391 3102 πόλεως,
417 3040 493 3104 ὡς
540 3038 649 3094 ἀπὸ
702 3040 926 3110 σημείου
970 3040 1122 3103 ἑνός·
1154 3034 1306 3104 οὗτος
1353 3041 1631 3095 ἐδίδασκεν
1667 3043 1741 3115 μὴ

1846 3046 1963 3115 ejus
2001 3046 2196 3099 domus
2247 3044 2313 3098 ad
2358 3059 2525 3098 unum
2571 3043 2803 3112 lapidem
2837 3051 2991 3095 extra
3020 3038 3418 3108 Leontopolim.

183 3130 485 3185 ἀνίστασθαι
507 3131 710 3203 ταύτην
731 3130 830 3202 τὴν
860 3132 1056 3202 σάρκα.
1082 3132 1195 3184 ἀλλ’
1212 3133 1406 3202 ἑτέραν
1434 3133 1599 3205 ἄλλην
1627 3136 1740 3187 ἀντ’

1846 3134 1895 3191 ls
1925 3138 2040 3191 doc-
2063 3136 2154 3189 bat
2187 3136 2324 3189 hanc
2355 3148 2571 3189 carnem
2607 3149 2715 3186 non
2757 3146 3062 3200 resurgere,
3100 3130 3192 3184 sed
3230 3145 3326 3197 pm
3357 3143 3422 3181 ea

185 3221 360 3292 αὐτῆς,
388 3224 480 3276 καὶ
527 3223 732 3293 ταύτην
779 3225 858 3286 είς
902 3224 1005 3294 γῆν
1052 3223 1386 3287 διαλύεσθαι,
1420 3226 1502 3278 ὅτι
1538 3227 1742 3297 γέγρα-

1846 3228 2108 3292 aliam,ct
2167 3229 2304 3280 hanc
2362 3226 2417 3279 in
2477 3236 2672 3278 terram
2730 3223 2976 3277 dissolvi.
3010 3221 3284 3291 Scriptum
3339 3229 3423 3274 est

186 3331 341 3366 πται·
386 3313 475 3380 Γῆ
519 3310 595 3375 εἶ,
625 3313 725 3367 καὶ
772 3316 859 3380 εἰς
903 3314 1020 3383 γῆν
1063 3315 1397 3383 ἀπελεύσῃ.
1442 3318 1551 3369 Καὶ
1585 3318 1745 3371 πάλιν

1846 3321 2013 3383 enim,
2046 3320 2241 3387 inquit,
2278 3316 2438 3371 Terra
2462 3333 2535 3379 es,
2560 3325 2609 3370 et
2641 3316 2695 3369 in
2717 3324 2911 3368 terram
2936 3315 3201 3367 reverteris
3217 3313 3255 3365 '.
3278 3310 3420 3363 Ilur—

185 3402 377 3470 ελετεν,
407 3405 488 3456 ὃτι
537 3401 608 3455 τὰ
653 3403 839 3455 παιδία
887 3402 961 3473 μὴ
1010 3402 1193 3483 τέλεια.
1229 3404 1495 3475 ὑπάρχειν
1529 3406 1621 3457 ἐπὶ
1653 3405 1745 3459 τοῦ

1848 3425 2050 3478 susque
2079 3408 2313 3469 diccbat,
2346 3405 2583 3461 infantes
2633 3420 2742 3459 non
2792 3404 3003 3458 futurus
3052 3403 3318 3473 perfectos
3366 3401 3421 3454 in

191 3495 454 3564 μέλλοντος
479 3494 693 3556 αἰῶνος.
735 3493 1092 3549 Είσελθόντων
1122 3490 1214 3547 οὖν
1246 3495 1401 3564 ήμῶν
1440 3497 1497 3548 ὲν
1529 3496 1607 3566 τῷ
1639 3513 1749 3566 μο-

1852 3503 2029 3556 futuro
2061 3500 2281 3554 smculo.
2318 3498 2583 3568 Ingressis
2612 3508 2792 3551 autem
2818 3497 2976 3551 nobis
3005 3496 3057 3548 in
3092 3495 3212 3564 ejus
3239 3512 3303 3546 III'
3329 3508 3425 3545 na—

188 3588 445 3657 ναστηρίῳ
471 3582 639 3637 αὑτοῦ
667 3583 953 3655 ηὑράμεθα
984 3582 1158 3655 πλήθη
1195 3585 1361 3638 πολλὰ
1387 3585 1750 3655 διδασκόμενα

1851 3592 2100 3655 sterium,
2133 3591 2441 3643 invenimus
2472 3600 2721 3657 magnam
2755 3585 3331 3653 multitudinem,qu
3358 3582 3427 3634 ab

191 3679 277 3731 ὑπ’
297 3673 590 3732 αὑτοῦ.Ἦν
616 3676 726 3748 γὰρ
755 3676 1090 3745 ἀπεχόμενος
1119 3674 1373 3746 βρώσεως
1414 3677 1509 3729 καὶ
1539 3676 1749 3739 πόσεως

1850 3699 1915 3737 eo
1944 3683 2262 3737 docebatur.
2309 3679 2522 3733 Etenim
2559 3695 2588 3730 a
2619 3678 2743 3732 cibo
2774 3691 2992 3745 quoque
3017 3685 3069 3729 ct
3100 3684 3223 3744 potu
3257 3674 3428 3727 absti-

194 3771 395 3835 ἱκανῶς.
428 3769 566 3825 Οὔτε
608 3768 721 3839 γὰρ
764 3767 945 3821 ελαίου
987 3766 1415 3837 μετελάμϐανεν,
1445 3765 1567 3819 οὔτε
1608 3767 1749 3819 οἴνου

1852 3775 2033 3828 nebat.
2063 3770 2250 3840 Neque
2278 3770 2423 3823 enim
2472 3769 2651 3822 oleum
2699 3768 2956 3834 sumpsit,
2995 3780 3094 3818 nec
3125 3766 3307 3817 vinum
3351 3762 3428 3815 bi~

193 3862 329 3926 ἐξότε
360 3861 696 3927 ἀπετάξατο.
715 3861 801 3923 Ὠς
844 3855 937 3912 οὖν
986 3859 1098 3912 ἴδεν
1135 3860 1225 3913 τὸν
1270 3860 1606 3929 Ἐπιφάνιον,
1653 3862 1751 3912 ὲπ-

1852 3868 1951 3932 bit,
1984 3881 2051 3920 ex
2086 3880 2195 3935 quo
2228 3863 2431 3917 mundo
2467 3859 2819 3915 renuntiavit.
2857 3856 3150 3925 Postquam
3185 3869 3315 3923 ergo
3343 3852 3423 3905 vi-

192 3950 461 4022 ηρώτησεν
488 3951 654 4004 πόθεν
700 3950 866 4004 ἐστίν.
899 3950 1010 4002 Καὶ
1037 3948 1225 4019 μαθὼν
1252 3951 1334 4003 ὅτι
1376 3949 1750 4013 Παλαιστινὸς,

1854 3959 1933 4019 dit
1977 3956 2359 4027 Epiphanium,
2394 3952 2601 4021 rogavit
2648 3950 2930 4019 cujasnam
2966 3954 3128 4001 esset.
3177 3943 3424 4011 Cumque

189 4042 461 4115 ἠρώτησεν
493 4043 589 4096 καὶ
621 4042 683 4096 τὸ
716 4042 920 4112 ὄνομα·
968 4042 1063 4095 καὶ
1097 4041 1283 4113 μαθὼν
1323 4043 1405 4097 ὅτι
1440 4043 1751 4112 Ἐπιφάνιος

1856 4052 2104 4107 scivisset
2137 4026 2263 4103 eum
2306 4062 2428 4103 esse
2454 4044 2825 4107 Palaestinam,
2861 4055 3056 4095 nomen
3097 4050 3313 4107 quoque
3346 4050 3426 4089 ro-

192 4135 441 4197 καλεῖται,
474 4134 778 4204 ἠγωνίασεν
825 4129 1094 4187 πολύῘΗν
1136 4133 1247 4205 γὰρ
1298 4135 1357 4186 ὲν
1397 4133 1657 4204 Αἰγύπτῳ
1686 4133 1751 4194 τὰ

1858 4142 2169 4215 gavit.Cum
2200 4151 2375 4196 autem
2397 4137 2676 4194 didicisset
2693 4150 2815 4190 eum
2832 4131 3012 4187 vocari
3036 4129 3423 4201 Epiphanitun,

189 4223 448 4296 λεγόμενα
490 4225 621 4296 περὶ
661 4224 999 4293 Ἐπιφανίου,
1032 4224 1116 4278 ὅτι
1142 4224 1322 4294 λόγιός
1345 4226 1463 4280 ἐστι
1493 4224 1588 4278 καὶ
1624 4225 1751 4295 πρό-

1859 4234 1960 4287 l'uit
1985 4233 2142 4287 valde
2171 4231 2390 4285 anxius.
2426 4227 2481 4281 In
2532 4225 2764 4297 Egypto
2802 4224 2950 4278 enim
2996 4221 3279 4276 dicebatur
3309 4217 3428 4287 Epi-

191 4334 382 4385 τνωσιν
423 4317 557 4387 ἔχει.
605 4315 758 4369 Μετὰ
786 4310 877 4368 οὖν
902 4314 964 4367 τὸ
995 4315 1339 4386 ἐπερωτῆσαι
1386 4314 1478 4367 τὸν
1522 4314 1751 4382 Ἐπιφά-

1858 4323 2092 4394 phanius
2131 4335 2252 4375 esse
2292 4320 2375 4372 vir.
2416 4316 2629 4379 doctus,
2661 4324 2715 4369 et
2761 4312 2961 4368 habere
3009 4307 3426 4380 prascientiam.

189 4422 297 4460 νιον
333 4406 397 4459 τὸ
441 4405 607 4458 πόθεν
654 4402 825 4468 ἐστὶν,
856 4401 951 4455 καὶ
982 4403 1067 4466 τίς
1097 4402 1364 4464 καλεῖται,
1402 4400 1492 4455 καὶ
1545 4399 1751 4471 μαθὼν,

1855 4414 2148 4484 Postquam
2179 4424 2308 4465 vero
2342 4406 2550 4479 rogavit
2583 4403 2945 4476 Epiphanium
2993 4399 3275 4467 cujasnam
3336 4395 3429 4457 sit,

189 4497 458 4553 ὶδίδασκεν
510 4497 673 4551 πάλιν
716 4496 809 4549 τὸν
846 4494 1021 4565 ὄχλον.
1037 4491 1236 4547 Ἐλθὼν
1273 4492 1332 4545 δὲ
1364 4493 1493 4564 περὶ
1522 4491 1751 4546 ἀναστά-

1855 4517 1911 4562 et
1936 4504 2028 4576 qui
2058 4511 2301 4564 vocetur,
2341 4500 2550 4556 turbam
2578 4514 2768 4553 rursus
2800 4495 3049 4551 docebat.
3080 4487 3215 4545 Cum
3249 4496 3429 4543 autem

191 4605 325 4653 σεως
366 4587 680 4659 ὲξηγείσθαι
728 4586 913 4655 ἔλεγεν
961 4585 1092 4657 περὶ
1136 4585 1237 4654 τῆς
1280 4584 1503 4655 σαρκὸς,
1533 4585 1618 4637 ὅτι
1657 4583 1751 4636 οὑκ

1856 4598 2096 4653 venisset
2118 4596 2183 4650 ad
2219 4592 2599 4665 exponendum
2629 4590 2705 4644 de.
2726 4585 3139 4648 resurreCtione,
3174 4582 3241 4636 de
3267 4593 3433 4634 carne

188 4682 486 4734 ἀνίσταται.
518 4679 629 4732 Καὶ
672 4678 1023 4750 ἀδημονήσας
1066 4676 1379 4745 Ἐπιφάνιος
1428 4671 1579 4729 εἶπεν
1624 4675 1751 4746 πρὸς

1859 4689 2018 4753 dixit,
2047 4704 2167 4742 eam
2200 4703 2307 4741 non
2336 4699 2643 4754 resurgere.
2679 4680 2888 4747 Quibus
2931 4677 3151 4738 auditis,
3184 4688 3325 4743 aegre
3355 4672 3434 4725 fc-

199 4774 436 4843 1£paxzr
463 4770 633 4834 Λάϐε,
663 4770 817 4842 φησι,
845 4770 1098 4840 κατόχιον
1141 4769 1234 4821 ἐπὶ
1262 4767 1340 4838 τῷ
1376 4766 1604 4837 στόματί
1639 4784 1751 4829 σου,

1860 4795 1988 4837 rens
2015 4778 2372 4850 Epiphanius,
2399 4777 2537 4830 dixit
2564 4773 2777 4828 Hieraci
2805 4790 2818 4824 :
2843 4768 2936 4825 Ori
2972 4778 3065 4822 ttto
3097 4767 3325 4821 immitte
3348 4778 3430 4815 reo

1859 4874 2141 4944 pagulum,
2170 4882 2222 4925 et
2250 4871 2396 4923 disce
2421 4881 2569 4937 spem
2612 4873 2850 4919 nostram
2882 4875 2989 4914 non
3032 4856 3429 4925 blasphemarc.

1861 4964 2017 5033 Quod
2068 4979 2189 5016 cum
2241 4960 2469 5014 dixisset
2509 4955 2868 5026 Epiphanius,
2903 4950 3103 5004 mansit
3130 4945 3330 5001 llierax
3378 4945 3435 4998 in

1863 5058 1982 5113 loco
2019 5044 2203 5110 mutus
2230 5064 2282 5107 et
2314 5050 2629 5105 immobilis.
2661 5047 2798 5101 Cutn
2842 5058 2973 5098 vero
3001 5057 3212 5104 omnes,
3244 5037 3335 5110 qui
3369 5038 3439 5090 ab

1866 5151 1987 5221 ipso
2035 5149 2392 5211 ducebantur,
2447 5143 2708 5198 vidissmt
2777 5137 3098 5193 miraculum
3185 5132 3327 5203 quod
3381 5130 3441 5221 in

1862 5219 2039 5313 ipsum
2093 5239 2216 5293 fecit
2266 5235 2621 5307 Epiphanius,
2666 5233 3091 5301 obstupuerunt.
3129 5224 3206 5277 Ex
3236 5219 3447 5275 divinis

200 5321 517 5390 Ἐπιφάνιος
558 5320 665 5374 ἀπὸ
697 5321 807 5375 τῶν
850 5319 1011 5373 θείων
1045 5318 1276 5391 Γραφῶν
1314 5319 1514 5390 ήρξατο
1557 5318 1751 5380 πάντας

1865 5349 2043 5390 autem
2077 5331 2372 5401 Scripturis
2401 5326 2675 5396 accipiens
2706 5321 3070 5395 Epiphanius,
3112 5315 3276 5384 cmpit
3315 5324 3451 5401 om-

186 5410 459 5467 διδάσκειν
486 5413 560 5466 τὰ
589 5413 717 5486 περὶ
740 5413 843 5484 τῆς
875 5411 1246 5476 ἀναστάσεως.
1275 5410 1554 5483 Παρῆ)θεν
1578 5406 1669 5464 οὖν
1691 5410 1751 5474 ὡς

1866 5445 1965 5485 nes
2012 5426 2206 5481 docere
2250 5423 2314 5478 de
2346 5421 2762 5476 resurrectione.
2811 5412 3077 5470 Praeteriit
3125 5405 3288 5478 igitur
3331 5398 3458 5451 ali-

176 1515 343 1561 σαντος
370 1498 466 1551 τοῦ
505 1497 848 1566 Παφνουτίου
878 1497 976 1567 τὴν
1015 1498 1199 1568 εὑχὴν,
1231 1498 1605 1568 ἡσπασάμεθοβ
1636 1498 1730 1550 ἀλ-

175 1588 366 1659 λήλους,
396 1588 491 1640 καὶ
521 1588 907 1657 κατεψύξαμεν
944 1587 1140 1659 μικρὸν
1173 1590 1230 1641 ὲν
1274 1589 1353 1658 τῷ
1395 1589 1543 1659 τόπῳ
1589 1589 1730 1641 ὲκεί-

177 1681 323 1749 νῳ.’0
373 1674 467 1732 οὑν
512 1680 825 1748 Ἐπιφάνιος
875 1679 1231 1750 ἐπηρώτησεν
1263 1680 1354 1732 τὸν
1398 1680 1731 1749 Παφνούτιον
1765 1651 1804 1709 Β

177 1769 287 1840 περὶ
313 1769 550 1831 πάντων,
584 1764 660 1821 ὧν
705 1767 958 1839 εποίησεν
1007 1771 1036 1822 ό
1087 1769 1259 1839 μέγας
1304 1769 1603 1833 Ἀντώνιος,
1638 1770 1731 1823 καὶ

178 1857 318 1920 αὑτὸς
347 1856 655 1929 ἐξηγήσατο
683 1855 831 1926 αὑτῷ
865 1855 1099 1910 ἅπαντα.
1131 1853 1295 1909 Εἶπεν
1328 1859 1383 1910 δὲ
1422 1859 1732 1927 Ἐπιεράνιος

174 1944 242 2015 τῷ
269 1945 585 2017 Παφνουτίῳ
608 1962 624 1977 ·
650 1946 816 2010 Θέλω,
854 1947 1055 2017 Πάτερ,
1085 1946 1304 2016 οἰκῆσαι
1331 1948 1423 2001 τὸν
1454 1950 1614 2002 τόπον
1642 1951 1732 2003 τὸν

190 4864 284 4915 καὶ
320 4862 454 4933 μάθε
489 4862 565 4932 μὴ
600 4861 945 4932 βλασφημεῖν
974 4862 1102 4933 περὶ
1129 4861 1228 4932 τῆς
1261 4860 1493 4922 ἐλπίδος.
1530 4858 1636 4911 Καὶ
1668 4858 1761 4911 ἐπὶ

188 4954 266 5024 τῷ
324 4955 466 5024 λόγῳ
515 4953 839 5021 Ἐπιφανίου
889 4952 1100 5023 ἔμεινεν
1128 4954 1180 5004 ’ὁ
1225 4951 1476 5021 ’Ῑεράκας
1544 4948 1759 5011 ἀλαλοςν

192 5048 437 5118 ἀκίνητος
483 5048 579 5100 ἐπὶ
610 5045 690 5117 τῷ
725 5045 895 5115 τόπῳ.
913 5044 1133 5107 Ἰδόντες
1175 5044 1231 5097 δὲ
1266 5044 1504 5105 ἅπαντες
1537 5043 1586 5095 οἱ
1619 5041 1764 5095 διδα-

190 5139 439 5207 σχόμενοι
482 5138 577 5191 ὑπ’
621 5137 789 5191 αὑτοῦ
839 5136 870 5189 ὃ
917 5135 1174 5205 ἐποίησεν
1213 5133 1529 5204 Ἐπιφέινιος
1579 5132 1763 5203 θαῦμα

188 5230 281 5283 ἐπὶ
330 5231 419 5284 τὸν
455 5232 694 5300 Ἱέρακα,
729 5228 1027 5298 ἐξέστησαν
1070 5223 1665 5291 ἂπαντες.Ὑπολα6ὼν
1706 5224 1764 5277 δὲ

256 5589 280 5623 ⁸
330 5588 464 5645 Gen.
503 5606 580 5646 ιιι.
618 5590 695 5648 19.

3432 5782 3972 5957 ,μ
