3866 6066
416 268 484 323 59
1728 274 1784 328 S.
1831 271 1983 326 EPIP

2089 266 2167 322 NII
2210 266 2390 322 \‘lTA.
3599 266 3669 321 60

411 396 543 457 quot
569 386 825 440 horarum
861 386 1117 455 spatium,
1159 395 1213 441 et
1247 396 1429 442 mulus
1471 387 1825 457 permanebat
1863 385 1984 439 Hie-

2089 379 2240 450 ὡρῶν
2272 381 2438 452 τριῶν
2466 380 2739 453 διάστημα
2758 397 2772 413 ·
2807 384 2902 436 καὶ
2927 377 2994 453 ἦν
3031 381 3278 454 Ἰεράκας
3300 382 3527 448 ἄναυδος
3546 386 3667 442 δια-

413 493 532 531 rax.
563 476 694 535 Post
724 479 835 533 haec
863 488 1041 533 autem
1081 479 1215 535 dixit
1253 480 1300 532 ei
1327 478 1668 549 Epiphanius
1700 498 1713 533 :
1742 478 1984 548 Loquere

415 585 605 624 verum.
630 585 957 633 sermonem,
981 581 1033 626 et
1059 570 1187 625 audi
1213 570 1423 625 ﬁrmam
1447 586 1511 627 ac
1536 571 1779 626 stabilem
1803 570 1981 626 (idem.

416 660 570 717 Tunc
615 678 673 719 se
701 664 976 719 excusavit
1015 662 1236 729 Hterax,
1268 664 1460 720 dicens
1487 680 1545 719 se
1575 679 1695 719 esse
1722 659 1933 734 lapsum
1967 679 1981 693 ο

417 755 682 821 ρωηίιοιε
713 762 897 811 autem
924 767 1189 825 protervae
1216 756 1364 813 illius
1397 757 1697 812 sententiae.

485 927 718 983 XXVIII.
761 929 1111 989 Discedentes
1160 948 1288 987 vero
1339 932 1679 1005 Lcontopoli,
1708 934 1902 988 ivimus
1931 936 1984 990 in

413 1022 747 1092 superiorem
776 1022 1125 1080 Thebaidem.
1156 1024 1285 1083 Erat
1315 1034 1494 1080 autem
1531 1027 1639 1081 illic
1662 1028 1742 1081 vir
1782 1027 1983 1098 jusms,

410 1108 651 1166 Joannes
686 1112 925 1166 nomine.
965 1112 1030 1168 Et
1066 1130 1188 1171 cum
1214 1115 1279 1168 ad
1303 1129 1427 1170 eum
1453 1115 1684 1186 ingressi
1715 1131 1982 1185 essemus,

377 1212 389 1225 '
412 1217 514 1257 nos
546 1202 776 1274 benigne
805 1206 1031 1275 accepit.
1062 1204 1309 1260 Fuerunt
1353 1216 1532 1261 autem
1565 1209 1782 1278 quidam
1814 1225 1881 1263 ex
1918 1210 1985 1265 iis

411 1292 505 1362 qui
562 1292 615 1346 in
666 1294 772 1347 illis
802 1294 938 1350 locis
967 1294 1304 1359 habitabant,
1339 1297 1433 1367 qui
1463 1296 1512 1352 ei
1544 1299 1832 1368 quemdam
1864 1300 1983 1354 alli-

412 1392 606 1451 garant
633 1385 1052 1447 adolescentem.
1086 1394 1142 1441 ut
1166 1396 1429 1447 maneret.
1456 1388 1509 1443 ls
1536 1404 1667 1445 vero
1691 1390 1986 1447 vexabatur

412 1474 480 1527 ab
534 1476 816 1531 immundo
859 1479 1074 1547 spiritu.
1126 1477 1425 1551 Postquam
1477 1489 1654 1535 autem
1689 1481 1820 1535 vidit
1854 1480 1981 1551 Epi-

410 1565 692 1634 phanium,
725 1566 861 1623 dixit
882 1568 932 1622 ei
964 1584 1160 1640 magna
1186 1585 1321 1627 voce
1354 1588 1368 1626 :
1404 1570 1515 1626 Cur
1546 1571 1653 1627 huc
1681 1573 1983 1639 accessisti,

415 1655 699 1726 Epiphani,
722 1657 815 1714 Dei
843 1660 1032 1717 serve?
1052 1659 1360 1731 Mansitque
1387 1660 1458 1716 ab
1485 1660 1615 1715 hora
1642 1670 1789 1717 sexta
1814 1678 1986 1731 usque

410 1748 477 1801 ad
528 1762 726 1803 nonam
768 1748 849 1804 sic
887 1750 1156 1808 clamans.
1199 1759 1255 1805 et
1290 1760 1510 1821 repente
1553 1761 1714 1822 rupto
1745 1754 1982 1820 vinculo,
2016 1735 2058 1788 Β

409 1839 655 1893 cucurrit
684 1838 751 1894 ad
787 1839 1170 1910 Epiphanium.
1226 1840 1520 1899 Prehensis
1546 1853 1727 1900 autem
1757 1845 1986 1913 pedibus

410 1928 720 2000 Epiphanii,
756 1931 1048 1999 clamabat,
1077 1931 1262 1988 dicens
1294 1952 1307 1987 :
1341 1932 1536 1988 Libera
1581 1950 1685 2000 me,
1715 1951 1848 2006 rogo
1891 1951 1987 2007 per

412 2019 581 2076 Deum
627 2037 790 2091 quem
819 2022 973 2079 colis.
1004 2022 1222 2079 Dixerat
1244 2039 1373 2080 vero
1395 2024 1729 2096 Epiphanius
1758 2027 1988 2087 immun-

410 2111 482 2168 do
513 2113 748 2183 spiritui,
784 2121 844 2169 ut
874 2114 951 2185 (α)
997 2114 1171 2170 exiret
1196 2116 1266 2171 ab
1296 2116 1536 2181 homine,
1570 2118 1644 2172 ita
1670 2126 1727 2172 ut
1755 2134 1858 2173 non
1895 2133 1986 2174 co-

410 2214 700 2275 gnosceret
749 2204 989 2261 Joannes
1033 2205 1421 2278 Epiphanium.
1467 2208 1613 2263 Dixit
1649 2218 1828 2264 autem
1860 2209 1985 2281 Epi-

410 2293 642 2363 phanius
669 2294 1001 2350 adolescenti
1037 2314 1050 2350 :
1084 2294 1281 2359 Homo,
1305 2312 1466 2367 surge
1499 2316 1512 2352 :
1548 2298 1677 2368 quid
1723 2298 1854 2352 mihi
1885 2314 1983 2354 ex-

411 2384 565 2438 hibes
590 2385 940 2439 molestiam?
974 2384 1168 2440 Statim
1192 2394 1373 2441 autem
1401 2401 1568 2442 sanus
1594 2389 1829 2444 surrexit
1853 2389 1986 2444 ado-

409 2476 644 2540 lescens,
677 2491 798 2531 cum
827 2477 1147 2532 immundus
1176 2477 1400 2535 exiisset
1432 2477 1829 2549 spiritus.Tres
1857 2494 1984 2534 vero

411 2563 530 2620 dies
564 2567 868 2621 mansimus
896 2567 1040 2636 apud
1068 2564 1355 2631 Joannem,
1384 2567 1559 2621 virum
1589 2566 1982 2633 admirabilem,

409 2667 464 2712 et
490 2658 621 2724 vita,
655 2673 777 2728 quae
825 2674 890 2713 ex
943 2657 1141 2715 virtute
1187 2658 1464 2729 agebatur,
1511 2667 1784 2713 ornatum.
1835 2658 1986 2716 l:linc

409 2756 590 2803 autem
640 2750 974 2815 recedentes,
1006 2751 1255 2804 venimus
1302 2749 1370 2803 ad
1420 2748 1660 2810 Bucolia.
1690 2758 1743 2804 et
1780 2762 1981 2821 septem

409 2855 583 2895 annos
613 2841 722 2894 illic
756 2841 1123 2910 transegimus
1157 2859 1169 2894 :
1208 2856 1572 2911 magnamque
1602 2841 1713 2897 illic
1753 2841 1986 2912 Epipha-

412 2932 504 2986 nio
540 2933 842 2987 molestiam
871 2932 1149 3002 praebuere
1174 2947 1269 3002 per
1304 2933 1767 3009 congressionem.

480 3102 674 3159 XXIX.
712 3103 1021 3174 Aliquando
1066 3103 1290 3174 quidam
1337 3104 1718 3175 philosophus,
1764 3107 1982 3160 nomine

414 3190 729 3259 Eudaemon,
771 3193 1002 3249 accessit
1040 3195 1109 3248 ad
1159 3192 1547 3264 Epiphanium,
1601 3205 1654 3250 et
1701 3211 1983 3251 sermones

414 3282 556 3338 inter
583 3298 642 3338 se
666 3284 966 3339 contulere.
1012 3282 1346 3353 Epiphanius
1376 3285 1593 3355 quidem
1628 3300 1695 3341 ex
1740 3286 1988 3357 Scriptu-

413 3376 490 3431 ris
522 3376 785 3433 divinitus
814 3377 1116 3446 inspiratis,
1149 3375 1441 3431 Eudaemon
1480 3386 1659 3432 autem
1693 3393 1786 3447 per
1821 3378 1987 3433 inuti-

414 3468 519 3524 lem
559 3469 962 3524 contentionem
992 3468 1296 3525 disserebat
1343 3477 1533 3524 contra
1578 3484 1641 3523 ea
1677 3485 1798 3539 quae
1840 3471 1987 3525 dice-

416 3560 506 3614 bat
543 3557 899 3629 Epiphanius.
960 3557 1309 3629 Habebatque
1367 3557 1660 3614 Eudaunon
1718 3575 1982 3630 puerum;

414 3651 641 3720 ejusque
668 3652 863 3706 oculus
885 3659 1003 3707 erat
1022 3651 1265 3707 clausus.
1295 3650 1441 3706 Dixit
1459 3661 1641 3709 autem
1667 3650 1986 3707 Eudmmoni

416 3741 749 3812 Epiphanius
781 3761 794 3797 :
828 3742 991 3810 Ecce,
1018 3758 1052 3799 ο
1074 3743 1416 3815 philosOpbe,
1443 3759 1607 3814 supra
1641 3758 1831 3801 omnes
1868 3745 1984 3800 elo-

415 3830 635 3899 quentia
663 3831 833 3902 polles
857 3839 912 3887 et
938 3830 1164 3896 divitiis,
1195 3842 1433 3903 suntque
1461 3832 1604 3904 apud
1638 3841 1688 3889 te
1719 3834 1796 3889 dii
1836 3849 1986 3890 com-

415 3920 619 3990 plures.
651 3920 763 3977 Cur
798 3921 952 3994 pueri
1000 3937 1131 3995 ergo
1180 3939 1367 3981 curam
1416 3939 1522 3979 non
1559 3924 1723 3994 geris,
1774 3935 1832 3981 ut
1867 3925 1987 3996 ejus

415 4028 633 4084 quoque
672 4013 782 4069 sint
807 4014 928 4069 sani
958 4013 1146 4069 oculi?
1178 4013 1254 4070 De
1303 4016 1409 4070 hoc
1452 4015 1575 4071 risit
1604 4015 1982 4088 philosophus,

415 4105 602 4160 dicens
646 4104 991 4177 Epiphanio:
1027 4104 1085 4162 Si
1133 4105 1236 4161 sub
1285 4106 1424 4162 cmlo
1470 4115 1614 4162 esset
1648 4107 1799 4163 solus
1843 4108 1987 4164 (ilius

417 4192 781 4257 Eudaetnunis,
825 4196 919 4267 qui
966 4211 1133 4250 unum
1183 4196 1408 4252 haberet
1445 4196 1687 4264 oculum,
1731 4196 1856 4268 jure
1897 4213 1985 4255 es-

417 4299 531 4339 sem
555 4284 623 4338 de
650 4299 716 4339 eo
736 4285 1037 4354 sollicitus;
1071 4287 1338 4347 innumeri
1369 4301 1496 4345 vero
1525 4302 1646 4343 cum
1672 4288 1780 4344 sint
1801 4288 1894 4360 qui
1917 4303 1986 4344 ne

2089 471 2283 541 μένων.
2313 471 2464 525 Μετά
2493 471 2549 524 δὲ
2574 470 2745 524 ταῦτα
2770 467 2922 525 εἶπεν
2957 473 3274 542 Ἐπιφάνιος
3309 474 3445 545 πρὸς
3470 476 3663 532 αὐτόν·

2083 561 2246 614 Λάλει
2294 561 2386 613 τὸν
2429 560 2582 628 λόγον
2630 559 2825 632 ἀληθῆ,
2858 562 2949 614 καὶ
3001 560 3166 614 ἄκουε
3213 561 3311 633 τὴν
3352 563 3535 618 πίστιν
3577 564 3666 635 βε-

2085 652 2262 705 ϐαίαν.
2295 652 2426 704 Τότε
2471 653 2714 724 Ἰεράκας
2757 651 3152 720 ἀπελογήσατο,
3192 652 3457 722 ἐσφάλθαι
3486 654 3665 722 λέγων

2085 743 2219 815 πρὸς
2253 743 2587 811 Ἐπιφάνιον,
2623 741 2761 799 ἀλλὰ
2809 744 3089 813 μετανοεῖν
3134 742 3242 798 ἀπὸ
3284 746 3383 817 τῆς
3424 746 3665 799 ἀτάκτου

2084 832 2306 904 γνώμης
2333 833 2565 904 ἐκείνης.
3036 856 3051 865 ~

2155 926 2287 980 KH‘.
2346 926 2677 996 Ἀπάραντες
2704 920 2797 979 οὗν
2825 923 2933 977 ἀπὸ
2972 924 3401 991 Λεοντοπὸλεως,
3428 929 3669 999 ἐπορεύ-

2085 1015 2257 1087 θημεν
2291 1019 2371 1080 είς
2398 1017 2496 1089 τὴν
2524 1018 2636 1071 ἄνω
2670 1011 3045 1087 Θηϐαῖδα.⁷Ην
3073 1015 3129 1068 δὲ
3159 1018 3276 1071 ἐκεῖ
3295 1019 3503 1083 δίκαιος
3525 1021 3667 1094 ἀνὴρ

2096 1107 2347 1180 Ἰωάννης
2392 1108 2633 1179 ὀνόματι.
2665 1108 2775 1161 Καὶ
2817 1107 2880 1178 δὴ
2932 1106 3265 1173 εἰσελθόντες
3302 1112 3438 1181 πρδς
3476 1113 3664 1173 αὐτὸν,

2085 1195 2299 1261 ἐδέξατο
2354 1199 2499 1268 ἡμᾶς
2568 1192 3022 1268 εὐμενῶς.⁷Ησαν
3062 1196 3119 1249 δέ
3151 1216 3292 1263 τινες
3323 1201 3431 1253 τῶν
3464 1205 3520 1256 ἐν
3553 1208 3668 1267 τοῖς

2083 1288 2269 1351 τόποις
2318 1289 2547 1352 ἐκείνοις
2589 1288 2869 1341 νεανίσκον
2917 1286 3038 1341 τι.νά
3081 1291 3483 1361 προσδήσαντες
3515 1296 3667 1366 αὖτῷ

2085 1378 2700 1453 προσπαραμένειν.Ἦν
2742 1383 2799 1436 δὲ
2831 1385 2991 1449 αὐτὸς
3027 1385 3134 1438 ὑπὸ
3168 1384 3477 1454 πνεύματος
3529 1388 3668 1444 ἀκα-

2086 1470 2286 1542 θάρτου
2343 1470 2849 1542 ἐνοχλούμενος.ὀς
2896 1470 2991 1528 οὖν
3044 1474 3149 1527 ἴδεν
3196 1474 3286 1529 τὸν
3324 1474 3663 1543 Ἐπιφάνιον,

2086 1561 2269 1631 ἔλεγεν
2322 1561 2455 1633 πρὸς
2488 1562 2648 1617 αὑτὸν
2685 1564 2894 1636 μεγάλῃ
2924 1568 2989 1636 τῇ
3038 1568 3189 1636 φωνῇ
3211 1583 3225 1597 ·
3264 1564 3329 1617 Τί
3359 1568 3665 1637 παρεγένου

2087 1652 2660 1722 ὲνταῦθα,Ἑπιφάνιε,
2689 1653 2840 1706 δοῦλε
2874 1654 2966 1707 τοῦ
2986 1653 3155 1721 Θεοῦ;
3189 1656 3445 1725 Ἐμεινεν
3470 1656 3526 1711 δὲ
3559 1658 3664 1713 ἀπὸ

2085 1745 2232 1817 ὥρας
2253 1745 2418 1815 ἕκτης
2443 1744 2545 1808 ἕως
2568 1745 2716 1817 ὧρας
2747 1746 2942 1818 ἐνάτης
2965 1747 3136 1811 οὕτως
3167 1746 3523 1815 ἀπκράζων.
3554 1750 3666 1805 Καὶ

2087 1837 2341 1908 ἐξαίφνης
2369 1837 2664 1909 διαρρήξας
2686 1838 2794 1892 τῶν
2816 1838 3051 1909 δεσμῶν,
3076 1839 3311 1911 ἔδραμεν
3344 1840 3481 1911 πρὸς
3513 1841 3668 1894 Ἐπι-

2087 1928 2295 1998 φάνιον.
2334 1926 2526 1981 Λαϐὼν
2546 1928 2603 1981 δὲ
2635 1928 2742 1983 τῶν
2774 1929 2947 1985 ποδῶν
2978 1930 3164 1994 αὐτοῦ,
3198 1930 3427 2001 ἔκραξεν
3452 1931 3662 1999 λέγων·

2099 2017 2392 2070 Ἀπόλυσόν
2427 2002 2515 2088 μέ,
2546 2018 2632 2072 διά
2656 2019 2746 2073 τὸν
2777 2019 2928 2086 Θεὸν,
2957 2020 3016 2072 ὃν
3045 2019 3110 2074 σὺ
3138 2016 3407 2093 ctenim
3428 2022 3485 2075 δι
3514 2023 3669 2075 Ἐπι.

2088 2109 2274 2178 φάνιος
2319 2108 2487 2161 εἰπὼν
2529 2110 2606 2179 τῷ
2651 2108 2946 2182 ἀκαθάρτῳ
2994 2111 3285 2181 πνεύματι,
3320 2112 3393 2183 μὴ
3427 2111 3667 2176 ἐξελθεῖν

2084 2198 2192 2253 ἀπὸ
2234 2198 2328 2252 τοῦ
2374 2198 2684 2270 ἀνθρώπου,
2717 2200 2864 2263 ὅπως
2896 2200 2970 2271 μὴ
2995 2200 3108 2271 γνῷ
3140 2201 3391 2273 Ἰωάννης
3419 2203 3488 2256 τά
3524 2204 3669 2257 κατά

2082 2291 2175 2345 τὸν
2213 2291 2546 2360 Ἐπιφόινιον.
2581 2287 2748 2345 Εἶπεν
2795 2291 2851 2344 δὲ
2896 2292 3209 2363 Ἐπιφάινιος
3252 2293 3390 2363 πρὸς
3419 2294 3513 2348 τὸν
3543 2312 3668 2348 mo

2084 2383 2285 2436 νίσκον·
2323 2382 2577 2448 Ἀνάστα,
2610 2383 2885 2455 ἄνθρωπε,
2916 2383 2970 2438 τί
3004 2383 3206 2449 κόπους
3237 2402 3326 2455 μοι
3361 2386 3659 2456 παρέχειςς

2084 2472 2299 2540 Εὐθέως
2347 2471 2438 2529 οὖν
2482 2476 2677 2547 ἀνέστη
2707 2477 2737 2528 ὁ
2762 2476 3043 2538 νεανίσκος
3077 2475 3235 2547 ὑγιὴς
3255 2516 3269 2539 ,
3291 2477 3384 2530 τοῦ
3418 2479 3668 2549 ἀκαθάρ-

2082 2562 2176 2617 του
2227 2565 2533 2635 πνεύματος
2570 2566 2876 2634 ἐξελθόντος
2908 2568 3004 2620 ἀπ’
3030 2566 3218 2621 αὐτοῦ.
3244 2568 3581 2639 Ἐμείναμεν
3608 2571 3673 2631 δὶς

2083 2659 2229 2724 τρεῖς
2257 2656 2467 2729 ἡμέρας
2506 2655 2655 2727 παρὰ
2685 2654 2764 2726 τῷ
2789 2656 3026 2727 Ἰωάννῃ.
3064 2656 3218 2727 ἀνδρὶ
3247 2656 3546 2730 θαυμαστῷ
3571 2661 3667 2715 καὶ

2084 2748 2327 2819 εὐαρέτῳ
2356 2748 2599 2818 πολιτείᾳ
2623 2748 3039 2819 κεκοσμημένῳ.
3068 2748 3406 2819 ’Δπάραντες
3426 2750 3484 2803 δὲ
3515 2753 3667 2806 ὲκεί-

2084 2839 2175 2893 θεν
2221 2838 2560 2910 κατήλθομεν
2608 2839 2701 2892 ἐπὶ
2751 2840 2819 2893 τά
2867 2838 3147 2905 Βουκόλια,
3184 2840 3278 2893 καὶ
3324 2841 3679 2913 ἐποιήσαμεν.

2083 2931 2200 2983 ἐκεῖ
2231 2930 2273 2995 ζ’
2306 2931 2399 3001 ἐτη
2419 2948 2432 2960 ·
2478 2929 2573 2984 καὶ
2614 2929 2783 2985 πολὺν
2829 2930 2996 2986 κόπον
3023 2931 3187 2985 κάκεῖ
3224 2934 3482 3003 παρεῖχον
3511 2934 3668 2988 Ἐπι-

2008 3072 2051 3128 C
2086 3022 2259 3092 φανίῳ
2280 3021 2369 3075 διὰ
2400 3021 2499 3090 τῆς
2534 3021 2844 3090 συντυχίας.

2161 3106 2264 3128 ιιι),
2323 3105 2453 3128 l1__!.
2488 3102 2576 3128 ,τη
2611 3104 2844 3128 ---Ἴι----λ

2158 3106 2283 3161 Κθθ.
2321 3105 2454 3158 Ποτὲ
2484 3102 2576 3159 οὖν
2608 3104 2894 3175 φιλόσοφός
2969 3123 3045 3169 τις
3096 3106 3322 3177 ὀνόματι
3377 3105 3681 3178 Εὐδαίμων,

2088 3196 2417 3268 παρεγένετο
2445 3197 2580 3269 πρὸς
2610 3196 2968 3266 Ἐπιφάνιον,
3021 3195 3116 3250 καὶ
3173 3199 3412 3268 συνῄραν
3466 3197 3668 3267 λόγους

2087 3288 2221 3358 πρὸς
2255 3286 2497 3350 ἑαυτούς.
2549 3286 2843 3355 Ἐποίησαν
2879 3286 2936 3340 δὲ
2968 3292 2997 3338 ι’
3026 3286 3238 3358 ἡμέρας
3294 3288 3669 3361 διαλεγόμενοι

2086 3376 2221 3448 πρὸς
2250 3376 2530 3446 ἀλλήλους.
2578 3378 2633 3429 '0
2665 3375 2775 3447 γὰρ
2791 3376 3107 3444 Ἐπιφάνιος
3139 3376 3247 3431 ἀπὸ
3267 3377 3376 3431 τῶν
3404 3378 3668 3435 θεοπνεύ-

2088 3487 2227 3523 στων
2252 3469 2482 3540 Γραφῶν
2510 3469 2607 3540 τὴν
2654 3468 2911 3539 ἀλήθειαν
2957 3469 3306 3524 ἀπεδείκνυεν
3348 3472 3426 3542 τῷ
3472 3473 3667 3528 Εὐδαί-

2091 3577 2210 3631 μονι
2232 3576 2246 3592 ο
2269 3562 2297 3613 ό
2329 3559 2384 3615 δὲ
2400 3559 2691 3628 Εὐδαίμων
2717 3558 2803 3612 διὰ
2828 3559 2928 3629 τῆς
2976 3558 3288 3624 ἀνωφελοῦς
3331 3560 3666 3630 φιλονεικίας

2085 3652 2371 3721 ἀντέλεγεν
2389 3653 2500 3713 τοῖς
2528 3650 2876 3721 λαλουμένοις
2901 3650 2989 3705 διὰ
3023 3651 3364 3720 Ἐπιφανίου.
3393 3649 3558 3725 Εἷχεν
3608 3658 3667 3712 δὲ

2086 3742 2373 3815 Εὐδαίμων
2398 3743 2579 3807 παῖδα,
2613 3744 2709 3796 καὶ
2758 3741 2946 3796 τούτου
2989 3745 3017 3796 ὁ
3044 3742 3323 3815 ὀφθαλμὸς
3346 3742 3415 3816 ἦν
3443 3748 3666 3804 κεκλει..

2087 3837 2302 3908 σμένος.
2352 3831 2517 3890 Εἶπεν
2545 3835 2602 3889 δὲ
2637 3834 2953 3904 Ἐπιφάνιος
2979 3834 3115 3906 πρὸς
3142 3836 3447 3907 Εὐδαίμονα
3472 3853 3485 3869 ⁸
3507 3838 3663 3906 Ἰδοὺ,

2088 3929 2364 3999 φιλόσοφε,
2425 3929 2518 3982 ἐπὶ
2553 3929 2716 3981 πᾶσιν
2769 3926 3108 3997 κεκόσμησαι
3158 3927 3254 3984 καὶ
3289 3928 3468 3996 λόγοις
3494 3969 3510 3993 ,
3569 3934 3665 3985 καὶ

2090 4019 2326 4090 πλούτῳ,
2358 4020 2452 4074 καὶ
2489 4020 2736 4091 περισσοὶ
2758 4016 2869 4070 θεοί
2902 4018 3040 4070 εἰσιν
3073 4017 3225 4091 παρά
3252 4018 3353 4073 σοί.
3385 4019 3484 4075 Διά
3516 4022 3570 4073 τί
3602 4023 3673 4077 οὐ

2089 4113 2261 4175 ποιεῖς
2313 4109 2571 4180 φροντίδα
2601 4108 2695 4162 τοῦ
2749 4107 2843 4161 σοῦ
2883 4109 3090 4173 παιδὸς,
3149 4110 3298 4173 ὅπως
3349 4111 3444 4165 καὶ
3480 4111 3530 4165 oi
3569 4111 3668 4165 δύο

2086 4200 2355 4272 ὀφθαλμοὶ
2382 4200 2573 4254 τούτου
2597 4195 2737 4271 ἦσαν
2764 4200 2972 4267 ὑγιεῖς;
3013 4199 3136 4253 Ἐπὶ
3168 4198 3329 4259 τοῦτο
3362 4201 3419 4254 δὲ
3456 4202 3663 4270 ἀφιλό-

2088 4310 2251 4363 σοφος
2273 4292 2529 4362 ἐγέλασεν
2556 4290 2730 4359 λέγων
2762 4290 3067 4362 Ἐπιφανίῳ
3092 4309 3105 4321 ’
3134 4292 3198 4345 Et
3227 4292 3283 4344 ἐν
3303 4294 3366 4362 τῇ
3392 4292 3483 4344 ὑπ’
3505 4294 3683 4363 ὠρας

418 4390 545 4429 eum
576 4391 685 4430 uno
707 4376 924 4446 quidem
945 4378 1106 4431 oculo
1125 4388 1326 4434 terram
1353 4380 1494 4439 hanc
1522 4386 1833 4451 peragrant.
1851 4381 1981 4451 quid

2089 4385 2176 4440 νὺν
2204 4385 2278 4454 (b)
2319 4386 2348 4437 ὁ
2405 4385 2531 4448 παῖς
2581 4380 2914 4453 Εὐδαίμονος
2964 4377 3032 4453 ἦν
3061 4380 3335 4455 ὀφθαλμὸν
3360 4383 3458 4441 ἕνα
3499 4383 3664 4453 ἔχων,

420 4480 566 4523 cura:
589 4474 674 4525 est
706 4465 1014 4524 Eudaemoni
1032 4466 1100 4523 de
1130 4469 1236 4524 eo?
1259 4468 1595 4539 Epiphanius
1624 4480 1803 4531 autem
1846 4471 1984 4528 dixit

2089 4471 2229 4547 εἶχον
2255 4474 2320 4529 ἂν
2354 4472 2688 4545 μεριμνῆσαι
2716 4472 2842 4543 περὶ
2874 4470 3038 4525 αὑτοῦ
3060 4487 3072 4501 ⁸
3117 4473 3166 4529 εί
3195 4470 3254 4524 δὲ
3302 4472 3663 4543 ἀναρίθμητοξ

419 4558 735 4614 Eudamoni
757 4576 771 4612 :
789 4557 947 4625 Quod
964 4559 1007 4613 si
1026 4560 1197 4626 solus,
1211 4560 1406 4630 inquit,
1421 4573 1621 4628 esset,o
1641 4562 1982 4634 philosophe,

2084 4570 2220 4623 εἰσιν
2249 4566 2298 4619 ot
2322 4566 2411 4627 ὑπ’
2441 4564 2652 4627 οὐδενὸς
2690 4561 2967 4633 ὀφθαλμοῦ
3024 4562 3378 4635 πορευόμενοι
3421 4564 3515 4617 ἐπὶ
3561 4564 3661 4634 τῆς

420 4647 681 4718 quidnam
729 4662 891 4720 agere
939 4662 1130 4718 posses
1175 4648 1243 4703 ad
1288 4664 1414 4704 eum
1452 4652 1794 4707 curandum?
1842 4652 1982 4711 Nihil

2089 4660 2185 4729 γῆς
2221 4655 2443 4725 ταύτης.
2469 4654 2522 4709 τί
2549 4653 2626 4726 τῷ
2654 4651 2945 4724 Εὐδαίμονι
2978 4652 3132 4724 μέλει
3168 4654 3296 4725 ’περὶ¹
3331 4653 3519 4707 τούτου
3545 4697 3561 4719 ,
3602 4657 3671 4707 Ὅ,

422 4737 593 4802 aliud,
626 4737 804 4808 inquit
832 4735 1153 4805 Endzemon,
1199 4738 1303 4794 nisi
1347 4739 1663 4796 ratiocinari
1688 4751 1743 4797 et
1779 4743 1983 4810 dicere,

424 4829 633 4885 nullum
668 4845 904 4900 unquam
941 4831 1022 4886 sic
1060 4828 1231 4887 fuisse
1274 4830 1547 4898 aliectum,
1594 4843 1652 4889 ut
1686 4843 1769 4890 est
1802 4846 1987 4893 uoster

423 4933 573 4989 puer.
615 4917 757 4974 Dixit
781 4919 1117 4991 Epiphanius
1143 4917 1457 4978 Eudaemoni
1488 4939 1501 4976 :
1530 4920 1609 4979 Ne
1634 4938 1717 4988 ea,
1754 4940 1877 4995 quae
1898 4925 1983 4980 dic

421 5021 643 5079 cuntur,
676 5011 925 5069 attendas
970 5012 1192 5083 perinde
1236 5028 1300 5069 ac
1346 5014 1574 5070 ridicula
1629 5013 1795 5084 (Deus
1840 5016 1984 5077 enim

329 5174 333 5178 _
422 5111 507 5158 est
533 5104 585 5156 in
616 5104 796 5159 medio
823 5104 1165 5175 amborum);
1210 5104 1388 5160 adduc
1429 5121 1660 5175 puerum
1698 5107 1792 5176 qui
1837 5106 1989 5163 labo-

425 5202 531 5259 rat,
558 5203 613 5249 et
640 5196 759 5250 vide
790 5197 1017 5267 gloriam
1049 5197 1166 5253 Dei.
1195 5197 1322 5254 Haec
1349 5212 1473 5252 cum
1504 5199 1732 5255 dixisset
1754 5198 1990 5271 Epipha-

426 5289 571 5353 nius,
622 5297 676 5345 et
724 5291 1072 5346 Eudaemonis
1111 5307 1339 5361 puerum
1390 5308 1556 5349 manu
1605 5296 1887 5362 tenuisset,
1937 5302 1991 5350 et

424 5378 543 5450 ejus
570 5380 810 5453 oculum,
841 5383 931 5452 qui
957 5397 1062 5437 non
1104 5381 1337 5449 videbat,
1379 5392 1459 5439 ter
1486 5384 1772 5455 signasset,
1805 5387 1989 5441 statim

427 5470 683 5541 respexit.
725 5471 861 5527 Cum
910 5481 1089 5533 autem
1131 5474 1352 5530 vidisset
1386 5474 1701 5541 Eudaemon,
1745 5478 1891 5548 quod
1916 5476 1993 5533 fe-

498 5649 573 5718 (a)
613 5652 796 5706 Graeca
836 5652 1171 5721 negationem
1205 5653 1427 5709 addunt.

2087 4751 2140 4804 δὲ
2166 4748 2486 4818 Ἐπιφάνιος
2517 4742 2671 4803 εἶπεν
2699 4746 2835 4818 πρὸς
2859 4746 2951 4801 τὸν
2975 4746 3316 4818 Εὐδαίμονα’
3356 4748 3420 4804 El
3462 4747 3521 4803 δὲ
3564 4748 3664 4803 καὶ

2089 4842 2267 4913 μόνος,
2305 4840 2490 4913 φησὶν,
2512 4833 2558 4895 ὦ
2598 4838 2875 4909 φιλόσοφε,
2912 4838 3230 4909 ἐτύγχανεν,
3281 4838 3335 4892 τί
3368 4832 3513 4909 εἶχες
3541 4842 3664 4893 ἑπι-

2087 4930 2341 5002 τηδεῦσαι
2369 4928 2503 5000 πρὸς
2552 4927 2846 5000 θεραπείαν
2885 4926 3114 4994 τούτους
3162 4928 3220 4983 '0
3259 4928 3317 4982 δὲ
3370 4928 3665 4999 Εὐδαίμων

2087 5025 2281 5098 φησιν’
2312 5024 2477 5078 Οὐδὲν
2518 5022 2551 5095 ἢ
2580 5023 2641 5076 τὸ
2684 5021 2990 5092 λογίζεσθαι
3039 5021 3297 5085 πολλάκις
3334 5021 3428 5076 καὶ
3458 5020 3661 5089 λέγειν,

2087 5119 2170 5172 ὅτι
2200 5115 2369 5180 οὐδείς
2394 5116 2543 5168 ἐστιν
2565 5113 2781 5167 πώποτε
2809 5112 2982 5175 οὕτως
3024 5113 3102 5177 ὡς
3143 5114 3174 5167 ό
3215 5111 3481 5183 ἡμέτερος
3509 5113 3658 5174 παῖς.

2091 5201 2260 5261 Εἶπεν
2286 5204 2342 5257 δὲ
2374 5203 2693 5273 Ἐπιφάνιος
2721 5202 2857 5274 πρὸς
2886 5200 3075 5259 αὐτόν·
3110 5202 3201 5272 Μὴ
3224 5200 3476 5272 πρόσεχε,
3504 5200 3669 5270 φησὶἰ

2091 5296 2367 5366 φιλόσοφε,
2400 5296 2514 5360 τοῖς
2536 5293 2885 5365 λαλουμένοις
2906 5292 2981 5357 ὡς
3002 5294 3059 5346 ὲν
3077 5291 3271 5363 γελοίῳ
3289 5305 3304 5322 ⁸
3324 5293 3353 5345 ὁ
3387 5290 3520 5354 Θεὸς
3551 5290 3669 5361 γὰρ

2091 5384 2193 5439 ἀνά
2229 5384 2392 5455 μέσον
2436 5382 2779 5453 ἀμφοτέρων.
2839 5381 3047 5450 ’Δγαγε
3112 5379 3270 5434 παῖδα
3338 5378 3544 5450 κηρόν·
3586 5378 3665 5432 [δε

2092 5475 2246 5543 δόξαν
2266 5473 2421 5527 Θεοῦ.
2457 5471 2644 5526 Ταῦτα
2662 5472 2719 5527 δὲ
2748 5470 2917 5526 εἰπὼν
2961 5470 3301 5540 Ἑπιφάνιος,
3342 5469 3437 5525 καὶ
3465 5471 3677 5547 κρατί-ρ

2171 5655 2242 5718 (b)
2273 5656 2546 5720 lnlerprcs
2574 5650 2721 5706 addit
2747 5650 2925 5721 μόνος.
