3866 6066
163 311 226 368 σι
1436 296 1494 353 s.
1538 295 1872 349 El‘tPtlANll
1916 294 2095 349 VITA.
3324 290 3394 347 ea

162 445 263 492 σας
282 425 369 481 τὸν
393 422 554 477 παῖδα
586 418 682 472 τοῦ
717 415 1037 485 Εὑδαὶμονος
1079 415 1184 468 ἀπὸ
1213 415 1309 484 τῆς
1366 415 1545 485 papa;
1578 454 1593 478 ,

164 517 466 591 σφραγίσας
492 512 583 567 τὸν
614 510 891 581 ὀφθαλμὸν
919 506 1104 571 αὐτοῦ,
1127 508 1214 559 τὸν
1248 506 1322 576 μὴ
1352 507 1583 578 ὁρῶντα,
1611 507 1729 577 τρί-

162 627 276 673 τον,
313 605 513 665 εὐθέως
543 601 858 670 ἀνέϐλεψεν.
902 598 1044 652 Ἰδὼν
1072 599 1129 651 δὲ
1156 598 1441 667 Εὐδαίμων
1478 596 1505 649 ὃ
1546 597 1731 665 ἐποίη-

168 719 262 755 σεν
287 696 620 766 Ἐπιφάνιος,
655 691 1027 761 παρεκάλεσεν
1052 689 1213 743 αὑτὸν
1252 688 1453 757 λέγων’
1488 672 1553 742 Ei
1584 687 1732 757 φίλον

168 793 312 846 ἐστὶν
339 790 482 857 ὑμῖν.
514 782 827 849 διδάσκαλε,
865 782 1003 835 θέλω
1036 779 1191 849 κάγὼ
1232 779 1552 852 Χριστιανὸς
1580 779 1732 847 γενέ⁴

170 883 313 935 σθαι.
361 879 415 930 ’0
440 877 495 929 δὲ
526 870 680 927 εἶπεν
705 873 884 943 αὐτῷ·
933 874 1217 939 Ἀκουσον,
1261 872 1422 943 φησὶν
1443 910 1457 935 ,
1492 865 1537 925 ὦ
1584 871 1734 939 φιλό-

170 988 317 1038 σοφε,
342 968 409 1021 τὰ
431 966 559 1037 περὶ
588 964 683 1016 τοῦ
702 962 906 1032 ἀγαθοῦ
949 963 1044 1016 καὶ
1092 963 1463 1032 εύσπλάγχνου
1494 961 1657 1027 Θεοῦ,
1690 955 1736 1030 ᾧ

171 1062 217 1111 ot
246 1055 555 1129 Χριστιανοὶ
592 1052 961 1107 πιστεύουσιν.
991 1051 1129 1105 Ποτὲ
1160 1051 1248 1104 τὸν
1281 1051 1489 1122 Ἰσραὴλ
1531 1054 1588 1105 ὲν
1618 1051 1735 1107 δουὲ

170 1151 286 1220 λείᾳ
314 1148 629 1217 ὑπάρχοντα
654 1143 732 1214 τῷ
756 1141 953 1215 Φαραὼ
981 1142 1190 1215 βασιλεῖ
1214 1142 1489 1210 Αἰγύπτου
1518 1142 1737 1212 ἠλευθέο

178 1256 365 1311 ρευσεν,
398 1238 494 1292 καὶ
521 1235 830 1307 ἀπήλλαξεν
859 1234 1019 1289 αὐτὸν
1048 1235 1145 1289 ἀπ’
1177 1233 1361 1298 αὑτοῦ,
1393 1234 1486 1291 καὶ
1519 1233 1606 1287 διὰ
1634 1232 1735 1301 τῆς

174 1328 442 1395 θαλάσσης
471 1325 658 1394 διῆγεν
691 1323 853 1375 αὑτὸν
887 1322 973 1376 διὰ
1003 1321 1105 1393 τῆς
1126 1324 1352 1393 ἐρήμου,
1384 1323 1478 1375 καὶ
1509 1322 1705 1392 aldina
1723 1347 1735 1360 -

174 1436 263 1485 γεν
293 1417 452 1470 αὐτὸν
473 1417 553 1478 εἰς
571 1416 674 1485 γῆν
716 1415 940 1486 ῥέουσαν
971 1413 1111 1481 γάλα
1151 1414 1246 1465 καὶ
1285 1413 1426 1481 μέλι.
1460 1413 1569 1466 Καὶ
1608 1411 1737 1465 ποτὲ

174 1504 355 1558 τοῦτον
401 1504 776 1573 ἀπειθήσαντα
811 1502 904 1555 καὶ
933 1500 1204 1570 ἀμνησίαν
1259 1500 1449 1570 ἔχοντα
1482 1500 1616 1571 πρὸς
1648 1501 1737 1553 τὸν

174 1593 299 1646 Θεδν
324 1593 411 1648 διὰ
454 1594 550 1646 τοῦ
590 1593 876 1663 Προφήτου
905 1590 1093 1644 τοῦτον
1146 1592 1483 1662 παρακαλεῖ,
1525 1591 1733 1661 λέγων·

177 1686 326 1750 Λαός
355 1700 484 1747 μου,
512 1683 569 1736 τί
590 1680 849 1750 ἐποιησά
873 1694 1008 1745 0‘01;
1038 1680 1077 1748 ἢ
1117 1681 1175 1733 τί
1199 1680 1458 1749 ὴδίκησά
1482 1695 1574 1744 σε,
1603 1681 1641 1748 ἢ
1681 1682 1738 1735 τι

176 1746 604 1842 παρηνόχλησά
625 1789 700 1826 σε
720 1746 1122 1840 ;”ἀποκρίθητί
1138 1746 1258 1841 μοι.
1293 1746 1454 1825 ’Ὥστε
1495 1769 1587 1826 οὖν
1604 1746 1737 1838 ,νλό-
1768 1746 1809 1800 Β

177 1882 253 1933 γιε
278 1862 826 1934 Εὑδαίμων,ἒτοιμός
872 1864 1020 1915 ἐστιν
1067 1864 1096 1915 ὁ
1124 1861 1255 1926 Θεὸς
1304 1864 1509 1927 πάντας
1554 1865 1741 1936 τρόπῳ

176 1952 356 2022 ἁγαθῴ
380 1951 796 2022 εξσερχομένους
834 1949 1204 2019 εἰσδέχεσθαι,
1237 1951 1340 2004 κᾶν
1387 1952 1659 2023 ἁμαρτίας

178 2062 256 2107 τις
279 2044 536 2107 πλείστας
573 2042 907 2113 πεποιηκὼς,
948 2042 1279 2113 ἀφεθήσεται
1311 2043 1479 2114 αὐτῷ.
1511 2045 1745 2099 ’Δπελθε

177 2132 276 2193 οὖν.
308 2136 453 2203 λόγιε
474 2134 784 2204 Εὐδαίμων,
813 2134 904 2186 καὶ
924 2132 1128 2186 εἴσελθε
1151 2135 1208 2186 ἐν
1237 2137 1303 2205 τῇ
1332 2135 1506 2197 πόλει,
1533 2137 1629 2189 καὶ
1662 2137 1736 2208 μὴ

1639 416 1733 467 καὶ
1766 422 1804 475 Α
1835 421 1983 467 errat
2035 412 2404 482 Epiphanius,
2457 409 2664 480 rogavit
2699 423 2821 465 eum
2867 405 3054 460 dicens
3090 421 3104 457 :
3145 401 3200 456 Si
3243 402 3398 456 vobis

1835 505 2030 573 placet,
2068 503 2346 573 magister,
2382 501 2502 554 volo
2532 515 2631 571 ego
2652 512 2871 568 quoque
2896 496 3009 551 fieri
3041 493 3394 548 christianos.

1835 595 2171 665 Epiphanius
2207 603 2385 646 autem
2424 592 2561 645 dixit
2603 587 2916 645 Eudmntoni
2951 605 2964 640 :
3000 585 3162 645 Audi.
3205 600 3237 638 ο
3281 583 3403 652 phi-

1837 687 2079 758 losophe,
2114 685 2180 740 de
2217 686 2359 739 bono
2406 697 2457 737 et
2505 681 2845 737 misericordi
2886 678 3015 742 Deo,
3055 676 3143 733 cui
3173 677 3402 732 credunt

1834 775 2151 831 Christiani.
2209 773 2513 834 lsraclem,
2589 770 2683 841 qui
2760 766 3054 837 aliquando
3133 764 3402 821 serviebat

1834 868 2105 922 Pharaoni
2136 867 2245 934 regi
2289 864 2522 936 IEgypti,
2555 862 2819 925 liberavit,
2848 868 2901 914 et
2925 874 3049 914 eum
3084 857 3306 927 eripuit,
3346 865 3402 910 et

1835 974 1931 1031 per
1953 974 2100 1011 mare
2132 956 2374 1011 Rubrum
2411 972 2533 1009 eum
2571 953 2832 1016 traduxit,
2865 950 3120 1021 tanquAm
3156 965 3251 1020 per
3295 957 3404 1010 ter-

1835 1064 1952 1102 ram
1984 1048 2190 1103 aridam
2251 1058 2413 1114 atque
2456 1060 2551 1114 per
2597 1044 2968 1106 solitudinem,
3003 1050 3057 1095 et
3103 1036 3403 1095 introduxit

1834 1160 1956 1197 eum
2001 1143 2053 1195 in
2088 1151 2286 1206 terram
2338 1140 2589 1199 ﬂuentem
2641 1138 2778 1195 lacte
2815 1143 2868 1189 et
2916 1132 3121 1188 melle:
3168 1144 3404 1198 eumque

1836 1248 1959 1287 cu-m
1996 1231 2292 1301 aliquando
2315 1247 2421 1284 non
2455 1230 2746 1299 paruisset,
2779 1234 2831 1279 et
2865 1223 2958 1278 Dei
2985 1222 3178 1277 fuisset
3211 1221 3405 1274 imme-

1836 1337 1976 1391 mor,
2022 1337 2118 1392 per
2150 1321 2469 1395 prophetam
2512 1319 2592 1378 sic
2634 1318 2977 1377 adhortatur,
3025 1310 3249 1365 dicens:
3297 1309 3403 1362 Po-

1835 1412 1955 1481 pate
1983 1414 2085 1483 mi,
2140 1412 2265 1482 quid
2297 1411 2396 1480 feci
2438 1410 2566 1472 tibi,
2609 1418 2698 1461 aut
2733 1423 2837 1476 qua
2869 1406 2923 1458 in
2957 1420 3011 1458 re
3053 1403 3147 1456 tibi
3190 1402 3267 1471 fui
3301 1416 3407 1454 πηο-

1837 1504 1997 1558 (estus
2030 1506 2053 1557 ?
2085 1502 2337 1573 responde
2373 1501 2501 1554 mihi
2545 1500 2586 1552 '.
2621 1496 3012 1564 Quamobrem,
3045 1508 3077 1548 ο
3107 1493 3262 1548 docte
3288 1492 3404 1559 Eu-

1838 1597 2068 1659 daemon,
2113 1606 2335 1665 paratus
2365 1603 2449 1648 est
2495 1591 2636 1649 Deus
2674 1606 2789 1653 eos,
2830 1588 2922 1659 qui
2958 1588 3104 1641 bono
3131 1586 3289 1641 modo
3315 1599 3407 1651 aq-

1838 1685 2060 1746 cedunt,
2104 1685 2354 1753 excipere
2387 1702 2399 1737 :
2433 1684 2558 1738 etsi
2602 1682 2727 1751 quis
2764 1678 2951 1734 fecerit
2992 1688 3211 1745 peccata
3240 1690 3404 1745 quam

1839 1776 2089 1846 plurima,
2124 1775 2212 1828 illa
2246 1776 2292 1829 ei
2331 1774 2692 1828 remittantur.
2745 1770 2893 1825 Vade
2924 1781 3074 1836 ergo,
3122 1779 3154 1816 ο
3198 1760 3408 1816 erudite

1837 1865 2155 1929 Eudaamon,
2192 1875 2242 1920 et
2267 1864 2551 1935 ingredere
2580 1863 2879 1922 civitatem,
2912 1866 2964 1912 et
2993 1871 3093 1915 nec
3123 1862 3175 1908 te
3206 1853 3407 1922 pudeat

1841 1960 2097 2016 accedere
2122 1960 2187 2014 ad
2218 1959 2554 2031 episcopum.
2598 1954 2849 2009 Christus
2876 1949 3021 2007 enim
3065 1953 3213 2001 amat
3237 1943 3411 1997 humi-

1840 2050 2066 2105 litatem.
2119 2048 2387 2116 Quocirca
2432 2045 2499 2099 ad
2536 2058 2639 2098 nos
2687 2053 2906 2111 quoque
2941 2034 3087 2090 venit
3114 2032 3168 2086 in
3214 2042 3410 2099 magna

1844 2141 2171 2197 humilitate.

178 2226 460 2297 αἰσχυνθῇς
485 2226 814 2296 προπεσεῖν
836 2223 916 2294 τῷ
940 2224 1241 2296 ἐπισκόπει).
1279 2227 1334 2279 Ὀ
1357 2225 1465 2298 γὰρ
1502 2228 1734 2299 Χριστὸς
1769 2230 1866 2303 τὴν
1914 2233 2239 2291 ταπείνωσιν
2266 2230 2473 2301 ἀγαπᾷ.
2501 2225 2592 2280 Διδ
2646 2222 2739 2277 καὶ
2764 2224 2820 2275 ὲν
2860 2219 3026 2290 πολλῇ
3088 2211 3411 2271 ταπεινώσει

178 2317 328 2390 ἦλθεν
358 2319 495 2387 πρὸς
525 2317 692 2386 ἡμᾶς.

241 2408 315 2459 A’.
354 2406 624 2458 Ἤκουσεν
645 2403 701 2455 δὲ
728 2401 1014 2471 Εὐδαίμων
1040 2400 1151 2455 τῶν
1185 2400 1359 2470 λόγων
1392 2400 1734 2470 Ἐπιφανίου,

178 2497 269 2550 καὶ
295 2494 538 2563 εἰσῆλθεν
587 2494 647 2545 ἐν
684 2494 752 2563 τῇ
784 2492 955 2556 πόλει,
1012 2493 1108 2544 καὶ
1142 2491 1478 2563 προσέπεσεν
1499 2492 1576 2564 τῷ
1615 2495 1740 2546 ἑπι-

181 2589 386 2659 σκόπῳ,
416 2588 507 2640 καλ⁵
529 2585 749 2654 ἐγένετο
775 2584 1119 2655 Χριστιανός.
1138 2583 1429 2655 Διαὸόητος
1447 2584 1504 2637 δὲ
1526 2584 1740 2653 ἐγένετο

181 2678 489 2745 Ἐπιφάνιος
524 2678 603 2738 εἰς
634 2675 762 2744 ὃλην
794 2674 892 2745 τὴν
937 2672 1231 2743 Αἴγυπτον.
1263 2674 1566 2747 Ἐζήτησαν
1602 2675 1658 2728 δὲ
1690 2675 1741 2727 οἱ

183 2770 462 2822 ἐπίσκοποι
500 2766 771 2837 κρατῆσαι
814 2766 976 2818 αὑτὸν
1034 2766 1366 2818 ἐπίσκοπονο
1407 2767 1503 2819 κα)⁵
1540 2766 1569 2818 ὁ
1596 2766 1743 2834 ἄγων

181 2855 301 2930 ἦγεν
323 2859 419 2912 τὸν
444 2857 783 2925 Ἑπιφάνιον.
833 2857 1015 2925 Ἔγνω
1039 2857 1147 2929 γὰρ
1190 2856 1347 2910 τοῦτο
1385 2856 1703 2926 Ἐπιφάνιος
1727 2872 1742 2888 ο

182 2953 266 3006 καὶ
294 2947 449 3004 εἶπεν
474 2949 612 3019 πρὸς
652 2948 719 3018 μέ
745 2965 760 2980 ο
786 2947 974 3020 Δεῦρο,
1005 2949 1213 3013 τέκνον,
1243 2948 1594 3020 πορευθῶμεν
1642 2948 1746 3002 πά-

182 3039 254 3096 λιν
286 3044 346 3094 ἐν
399 3043 468 3110 τῇ
514 3037 752 3109 πατρίδι.
810 3038 922 3097 Καὶ
969 3037 1346 3109 ἐπορεύθημεν
1399 3036 1559 3090 πάλιν
1591 3037 1649 3089 ἐν

184 3131 388 3201 πατρίδι
419 3129 574 3200 ἡμῶν
595 3144 608 3158 ⁸
636 3129 729 3182 καὶ
753 3126 1072 3198 εἰσήλθομεν
1101 3129 1160 3179 ὲν
1192 3125 1269 3197 τῷ
1290 3126 1632 3198 μοναστηρίῳ
1650 3126 1742 3180 τοῦ

186 3223 410 3295 μεγάλου
446 3219 767 3291 Ἱλαρίωνος.
836 3214 943 3271 Ἦν
975 3218 1032 3270 δὲ
1068 3221 1097 3271 ὁ
1120 3218 1294 3288 μέγας
1347 3218 1588 3289 Ἱλαρίων
1617 3220 1746 3273 ἁνα-

183 3315 429 3384 χωρήσας
454 3313 519 3364 ὲκ
553 3308 647 3363 τοῦ
687 3309 1045 3382 μοναστηρίου
1074 3308 1163 3363 διὰ
1187 3308 1288 3380 τὴν
1305 3309 1503 3380 πολλὴν
1529 3309 1747 3380 ὄχλησιν

182 3403 269 3472 τὴν
288 3401 584 3471 γινομένην
613 3397 780 3468 αὐτῷ,
824 3399 918 3451 καὶ
970 3398 1315 3462 ἀποπλεύσας
1370 3399 1477 3452 ἀπὸ
1505 3399 1602 3470 τῆς
1635 3402 1749 3453 Κυ-

184 3493 437 3564 πρίωνὲν
459 3494 574 3554 τοῖς
603 3489 787 3552 τόποις
813 3492 923 3551 τοῖς
972 3489 1099 3563 περὶ
1143 3489 1241 3559 τὴν
1288 3490 1493 3559 Πάφον.
1534 3489 1750 3551 Εἱδότες

184 3578 266 3635 οὖν
294 3584 342 3635 oi
359 3581 583 3648 ἀδελφοὶ
602 3580 693 3632 τὸν
714 3580 1031 3648 Ἐπιφάνιον
1074 3580 1348 3651 ἐχάρησαν
1381 3578 1554 3650 χαρὰν
1590 3580 1751 3649 μεγά-

186 3673 292 3742 λην.
314 3668 500 3725 Ἦσαν
531 3671 588 3725 δὲ
618 3670 935 3735 πενθοῦντες
960 3670 1048 3724 διὰ
1089 3672 1179 3724 τὸν
1230 3670 1405 3741 μέγαν
1447 3671 1746 3743 Ἱλαρίωνα.

187 3762 548 3833 Ἑποιήσαμεν
583 3761 641 3816 δὲ
684 3763 739 3813 ὲν
792 3760 869 3831 τῷ
897 3760 1240 3833 μοναστηρίῳ
1268 3762 1486 3833 ἡμέρας
1552 3767 1623 3831 μ’,
1657 3760 1751 3814 καὶ

189 3849 482 3915 ἐξελθόντες
508 3848 883 3920 ἐπορεύθημεν
922 3851 980 3903 ἐν
1016 3850 1092 3920 τῷ
1119 3851 1372 3921 ἡμετέρῳ
1406 3851 1751 3921 μοναστηρίῳ

189 3942 257 4013 τῷ
283 3941 701 4011 ἐπικαλουμένῳ
724 3941 1062 4013 Σπανυδριῳ,
1090 3943 1147 3996 ὲν
1170 3932 1213 4009 ᾧ
1241 3937 1310 4012 ἦν
1335 3943 1564 4013 ποιήσας
1596 3941 1755 4012 ἠγούο

193 4051 339 4103 μενον
364 4034 691 4101 Ἐπιφάνιος
731 4032 825 4085 τὸν
879 4033 1161 4105 Ἐδεσηνὸν
1192 4032 1530 4102 Ἐπιφάνιον.
1560 4027 1670 4085 Ἦν
1696 4031 1753 4085 δὲ

189 4116 327 4189 οὗτος
341 4122 840 4196 περιποιησάμενος
861 4126 919 4177 ὲν
937 4122 1016 4195 τῷ
1034 4123 1375 4195 μοναστηρίῳ
1396 4122 1598 4193 πλῆθος
1610 4122 1757 4177 ἁδελ-

191 4216 314 4283 φῶν.
343 4215 457 4269 Καὶ
489 4214 602 4286 γάρ
624 4213 786 4278 αὐτὸς
815 4213 1124 4286 θαυμαστὸς
1150 4216 1312 4287 ἀνὴρ.
1337 4213 1550 4280 Εὶδότες
1575 4215 1632 4269 δὲ
1662 4214 1754 4269 τὸν

192 4304 495 4378 Ἐπιφάνιον
532 4306 730 4369 πάντες
776 4306 1053 4377 ἐχάρησαν
1081 4305 1254 4378 χαρὰν
1285 4306 1542 4377 μεγάλην.
1579 4307 1757 4361 Ἐποι-

1912 2403 2082 2459 XXX.
2125 2401 2345 2456 Audivit
2381 2407 2559 2453 autem
2607 2393 2902 2449 Eudaemon
2967 2388 3128 2443 verba
3175 2385 3415 2456 Epipha'

1794 2512 1801 2517 ’
1844 2495 1956 2557 nii,
1989 2501 2043 2547 et
2087 2491 2365 2560 ingressus
2413 2494 2495 2541 est
2544 2484 2597 2543 in
2639 2482 2932 2545 civitatem,
2982 2486 3036 2533 et
3083 2475 3313 2547 procidit
3342 2472 3413 2528 ad

1844 2586 2009 2657 pedes
2060 2582 2316 2652 episcOpi,
2349 2588 2400 2633 et
2434 2575 2612 2631 factus
2654 2581 2740 2629 est
2783 2569 3148 2626 Christianus.
3182 2565 3415 2635 Fuitque

1839 2676 2177 2748 Epiphanius
2209 2671 2386 2741 magni
2422 2667 2658 2722 nominis
2703 2666 2758 2718 in
2782 2671 2894 2717 tota
2917 2661 3169 2732 Egypto.
3194 2660 3415 2727 Quierec

1839 2772 1970 2826 bant
2017 2767 2160 2821 enim
2209 2760 2449 2832 episcopi
2505 2772 2629 2811 eum
2681 2763 2861 2808 tenere
2899 2761 2953 2808 et
2986 2751 3163 2807 facere
3197 2751 3414 2821 episco-

1839 2874 1966 2931 pum
2000 2876 2015 2913 :
2052 2864 2107 2921 et
2136 2855 2246 2925 jam
2280 2869 2310 2908 a
2346 2851 2582 2923 quodam
2620 2847 2919 2927 ducebatur
2962 2843 3319 2915 Epiphanius.
3350 2840 3413 2897 Id

1840 2952 1929 3007 ille
1957 2947 2412 3010 animadvertetis,
2445 2942 2581 2997 dixit
2609 2939 2741 2994 mihi
2773 2955 2786 2992 :
2821 2937 3088 3008 Agedum,
3110 2934 3204 3000 illi,
3232 2949 3416 2989 rever-

1845 3050 2025 3095 tamur
2053 3038 2107 3091 in
2157 3036 2411 3106 patriam.
2469 3034 2537 3087 Et
2573 3046 2766 3086 rursus
2828 3031 2881 3083 in
2936 3038 3178 3083 nostram
3223 3040 3415 3081 sumus

1847 3130 2070 3203 profecti
2104 3127 2402 3196 regionem,
2435 3130 2488 3178 et
2533 3122 2765 3191 ingressi
2806 3135 3001 3175 sumus
3045 3119 3099 3172 in
3140 3122 3417 3171 monaste-

1847 3223 1988 3278 rium
2019 3219 2200 3291 magni
2236 3215 2546 3271 Hilarionis.
2597 3213 2919 3268 Recesserat
2962 3219 3144 3265 autem
3180 3223 3415 3280 magnus

1848 3313 2084 3369 llilarion
2128 3326 2158 3366 e
2198 3306 2529 3364 monasterio
2551 3312 2770 3376 propter
2799 3316 3051 3373 magnam
3071 3339 3086 3362 ,
3112 3315 3234 3370 quae
3253 3299 3300 3353 ei
3328 3314 3418 3354 ex-

1848 3407 2158 3466 hibebatur,
2203 3401 2526 3457 molestiam.
2562 3398 2809 3467 Cumque
2849 3395 2902 3453 in
2947 3392 3269 3465 Cypriorum
3314 3404 3414 3444 na-

1850 3499 2084 3568 vigasset
2110 3495 2406 3566 regionem,
2440 3490 2762 3546 versabatur
2790 3489 2843 3541 in
2869 3487 2937 3542 iis
2964 3486 3115 3548 locis,
3142 3498 3262 3553 qua:
3289 3490 3417 3537 sunt

1849 3590 1993 3645 circa
2029 3588 2293 3658 Paphum.
2327 3587 2463 3640 Cum
2519 3593 2700 3638 autem
2753 3580 2953 3635 fratres
2983 3577 3248 3631 vidissent
3292 3573 3419 3643 Epi-

1850 3677 2135 3750 phanium,
2158 3689 2355 3745 magno
2378 3680 2506 3728 sunt
2534 3671 2708 3727 aﬂecti
2735 3668 2950 3738 gaudio.
2975 3664 3256 3735 Lugebant
3273 3663 3417 3717 enim

1850 3776 2075 3839 propter
2105 3780 2358 3836 magnum
2386 3762 2739 3817 Hilarionem.
2768 3756 2997 3813 Fuimus
3032 3771 3159 3811 vero
3184 3754 3422 3824 quadra-

1852 3855 1999 3926 ginta
2031 3854 2148 3908 dies
2182 3853 2236 3906 in
2263 3850 2615 3905 monasterio.
2642 3848 2767 3901 Inde
2789 3845 2991 3916 egressi
3017 3844 3220 3899 fuimus
3249 3843 3300 3895 in
3319 3856 3422 3895 no-

1853 3958 2026 4006 strum
2062 3945 2435 4016 Spanhydrion
2478 3942 2564 3998 cui
2600 3939 2930 4011 Epiphanius
2954 3938 3259 3993 Edesenum
3300 3933 3426 4003 Epi-

1852 4039 2112 4112 phanium
2131 4034 2461 4107 praefecerat.
2478 4029 2576 4090 llic
2598 4038 2775 4084 autem
2797 4025 3059 4097 plurimos
3079 4021 3147 4076 ad
3165 4020 3292 4074 illud
3308 4034 3425 4073 mo-

1854 4108 2154 4185 nasterium
2182 4125 2509 4193 adjunxerat
2546 4119 2763 4174 fratres.
2812 4114 3023 4170 Etenim
3058 4112 3172 4181 ipse
3203 4108 3285 4163 vir
3306 4119 3423 4161 erat

1855 4218 2222 4275 admirandus.
2278 4213 2413 4268 Cum
2469 4220 2646 4265 autem
2708 4204 2976 4260 vidissent
3024 4209 3078 4256 et
3132 4195 3423 4269 praefectus

1857 4310 2157 4368 Edcseuus,
2208 4314 2262 4360 et
2301 4303 2495 4356 fratres
2528 4296 2912 4368 Epiphaniam,
2963 4303 3215 4360 magnam
3266 4300 3425 4341 acce-

191 4396 391 4468 ησαμεν
424 4395 483 4449 δὲ
503 4397 562 4449 ἐν
590 4393 669 4466 τῷ
722 4396 1066 4467 μοναστηρίῳ
1092 4394 1277 4467 τρίτην
1309 4396 1520 4467 ἡμέραν
1568 4396 1625 4449 ὲν
1676 4396 1745 4449 ἐνὶ

1859 4416 1987 4472 pere
2019 4397 2280 4452 laetitiam.
2312 4390 2449 4446 Tres
2478 4403 2608 4443 vero
2641 4386 2757 4440 dies
2782 4384 2986 4439 fuimus
3014 4381 3124 4435 illic
3152 4381 3207 4435 in
3235 4377 3425 4446 hospi-

190 4488 350 4558 τόπῳ,
373 4485 486 4554 ἐγώ
512 4502 572 4541 τε
600 4488 693 4548 καὶ
719 4486 901 4549 αὐτός.
920 4486 1030 4539 Καὶ
1052 4490 1119 4557 τῇ
1137 4487 1369 4559 τετάρτῃ
1395 4486 1578 4558 ἡμέρᾳ
1603 4483 1745 4540 εἶπεν

1858 4470 1954 4550 tio,
1986 4500 2086 4557 ego
2118 4494 2171 4539 et
2214 4482 2349 4551 ipse.
2380 4477 2591 4546 Quarto
2640 4484 2819 4530 autem
2870 4472 3005 4527 dixit
3049 4470 3180 4525 mihi
3221 4487 3234 4522 :

193 4582 317 4652 πρὸς
347 4582 417 4653 μέ
437 4602 450 4613 ·
494 4581 722 4643 Τέκνον,
756 4579 889 4637 λάϐε
922 4579 1129 4635 κελλίον
1151 4579 1358 4651 ἕτερον,
1394 4580 1488 4633 καὶ
1514 4577 1755 4651 ἡσύχαζε

193 4674 243 4728 ὲν
276 4672 424 4744 αὖτῷ
441 4690 454 4703 ·
494 4673 592 4729 καὶ
619 4671 853 4740 ἐποίησα
881 4670 1073 4736 οὕτως.
1108 4671 1220 4724 Καὶ
1247 4670 1428 4742 ἥμεθα
1454 4671 1756 4742 ἡσυχάζον-

193 4782 272 4829 τες
296 4768 355 4820 ὲν
380 4764 460 4835 τῷ
493 4762 858 4834 μοναστηρίῳ.

255 4857 377 4911 AA'.
414 4855 589 4926 Λιμοῦ
614 4855 675 4908 δὲ
697 4854 984 4922 γενομένου
1008 4853 1067 4908 ὲν
1108 4853 1185 4925 τῷ
1219 4853 1370 4926 τόπῳ
1426 4854 1617 4924 ἐκείνῳ
1665 4852 1757 4904 ἐπὶ

196 4950 280 5018 τῆς
309 4948 413 5018 γῆς
426 4945 537 4999 τῶν
563 4946 845 5008 Φοινίκων,
874 4944 1217 5015 συνήχθησαν
1240 4943 1415 5016 πλήθη
1430 4942 1598 4996 πολλὰ
1623 4942 1759 5013 πρὸς

198 5037 504 5106 Ἐπιφάνιον
528 5076 543 5100 ,
578 5035 672 5101 καὶ
705 5034 1044 5105 παρεκάλουν
1077 5034 1265 5089 τοῦτον
1301 5035 1549 5105 λέγοντες
1570 5055 1583 5068 ·
1620 5036 1758 5106 Βοή-

198 5128 349 5198 θησον
372 5131 527 5201 ἡμῖν.
550 5128 755 5198 Πάτερ,
779 5126 928 5191 ὅπως
963 5126 1036 5198 μὴ
1065 5124 1412 5204 ἀπολώμεθα,
1449 5128 1542 5180 καὶ
1582 5144 1761 5198 παρα-

201 5217 414 5272 κάλεσον
430 5217 520 5271 τδν
550 5216 706 5281 Θεὸν,
732 5217 880 5279 ὅπως
908 5215 1071 5269 δώσει
1098 5215 1251 5268 ὑετὸν
1278 5218 1370 5269 ἐπὶ
1394 5216 1491 5287 τὴν
1520 5218 1643 5287 γῆν,
1668 5216 1761 5269 καὶ

198 5312 403 5382 ποιησει
434 5310 469 5379 ἡ
500 5310 571 5379 γῆ
600 5307 671 5363 τὰ
693 5308 922 5379 ἑκφόρια
942 5307 1133 5377 αὐτῆς.
1167 5304 1334 5362 Εἶπεν
1366 5308 1423 5361 δὲ
1447 5309 1761 5375 Ἑπιφάνιος

200 5401 325 5472 πρὸς
349 5401 475 5464 τοὺς
501 5398 821 5470 ἀνθρώπους
839 5415 852 5430 ο
887 5399 952 5452 Τί
976 5416 1064 5468 μοι
1097 5400 1299 5462 κόπους
1328 5399 1621 5470 παρέχετες
1667 5400 1760 5461 άν-

201 5490 408 5560 θρωπος
429 5488 540 5560 γὰρ
565 5489 884 5561 ἁμαρτωλός
905 5492 1039 5560 εἰμι.
1063 5491 1174 5544 Καὶ
1195 5490 1353 5545 πλέον
1376 5510 1427 5544 τι
1457 5490 1616 5544 πάλιν
1665 5492 1762 5544 ἑπ-

201 5582 400 5637 εδέοντο
426 5581 771 5650 Ἐπιφανίου,
798 5583 944 5647 ὅπως
967 5583 1129 5648 αὐτὸς
1158 5584 1510 5653 προσεύξεται
1526 5583 1603 5655 τῷ
1653 5584 1765 5637 φιλ-

265 5672 288 5703 ⁶
323 5669 483 5725 Mich.
520 5671 706 5733 v1.7).

3297 4466 3420 4526 Fili.

1855 4578 2041 4648 accipe
2055 4575 2214 4630 aliam
2238 4572 2451 4633 cellam,
2471 4580 2522 4624 et
2542 4568 2595 4622 in
2618 4582 2680 4622 ea
2700 4565 2934 4637 quietem
2955 4577 3053 4636 age
3080 4579 3095 4616 :
3120 4570 3173 4616 et
3196 4560 3275 4615 sic
3302 4558 3422 4626 feci,

1854 4681 1909 4727 et
1926 4670 2164 4741 quietem
2194 4665 2488 4736 agebamus
2513 4660 2566 4715 in
2596 4656 2950 4714 monasterio.
2967 4652 3230 4727 [Hospitis
3247 4662 3425 4706 autem

1856 4766 2035 4818 locum
2075 4756 2355 4814 obtinebat
2386 4747 2772 4823 Epiphanius.]

1926 4850 2118 4906 XXXI.
2183 4849 2320 4904 Cum
2374 4859 2501 4900 vero
2550 4843 2606 4897 in
2666 4840 2889 4910 regione
2920 4834 3239 4891 thnicum
3285 4840 3430 4886 esset

1859 4944 2030 5001 fames
2083 4944 2137 4997 in
2185 4940 2276 4994 illo
2306 4952 2470 4999 anno,
2521 4947 2714 5003 magna
2774 4929 3061 4987 multitudo
3105 4931 3427 4993 congregata

1858 5045 1941 5093 est
1965 5036 2031 5089 ad
2066 5030 2451 5103 Epiplianium,
2478 5039 2601 5096 qua:
2629 5037 2753 5078 eum
2790 5018 3034 5089 rogabat,
3073 5015 3294 5068 dicens:
3327 5010 3432 5065 Fer

1860 5127 2019 5183 nobis
2083 5138 2262 5193 opem,
2297 5119 2477 5182 Pater,
2514 5131 2581 5171 ne
2626 5125 2955 5184 pereamus:
3007 5116 3061 5162 et
3104 5120 3230 5176 roga
3258 5103 3429 5159 Deum

1864 5228 1923 5274 ut
1946 5218 2037 5273 det
2066 5214 2222 5270 nobis
2255 5211 2495 5282 pluviam
2531 5220 2699 5277 super
2723 5211 2951 5267 terram,
2975 5208 3030 5253 et
3052 5208 3193 5253 terra
3221 5196 3431 5251 fructus

1862 5308 2144 5380 producat.
2204 5302 2352 5357 Dixit
2400 5308 2584 5354 autem
2646 5292 2965 5351 hominibus
3026 5287 3364 5359 Epiphanius
3411 5301 3427 5339 :

1860 5379 2000 5468 eum
2028 5397 2183 5460 mihi,
2214 5394 2411 5466 inquit,
2440 5389 2710 5446 exhibetis
2737 5383 3085 5443 molestiam?
3111 5386 3241 5437 sum
3282 5379 3428 5434 enirn

1865 5498 2028 5550 homo
2064 5498 2333 5562 peccator.
2389 5484 2604 5540 Rursus
2667 5496 2792 5536 eum
2851 5476 3113 5549 rogabant
3169 5482 3229 5528 ut
3278 5472 3431 5526 beni-

1864 5599 2028 5650 gnum
2069 5591 2122 5637 et
2153 5582 2468 5637 clementem
2503 5573 2671 5631 Deum
2723 5581 2921 5628 oraret.
2969 5569 3016 5625 Is
3052 5575 3232 5622 autem
3286 5564 3428 5619 dixzt
