3866 6066
402 320 477 380 63
505 264 518 283 χ
1709 312 1768 366 S.
1812 309 2154 366 EPlPll.\Nll
2206 308 2384 363 VITA.
3608 297 3695 355 65

405 437 486 491 eis
519 454 533 489 :
562 431 681 487 Dixi
706 431 816 503 jam
848 430 1001 485 vobis
1030 444 1115 483 me
1146 443 1266 483 essi:
1302 436 1662 496 peccatorem.
1698 425 1769 479 lis
1811 426 1985 497 magis

2098 425 2380 500 ινθρώπῳ.
2411 418 2580 479 Εἶπεν
2601 422 2661 477 δὲ
2688 394 3020 493 Ἑπιφόινιος⁴
3052 422 3188 493 πρὸς
3241 418 3467 484 αὐτούς·
3510 417 3690 476 Εῐπον

405 525 745 597 rogantibus,
770 521 917 576 venit
954 522 1086 575 hora
1118 534 1260 573 nona
1293 518 1419 573 diei.
1458 516 1603 571 Dixit
1646 527 1827 572 autem
1862 516 1994 588 Epi-

408 617 640 687 phanius
683 614 938 685 praefecto
971 630 984 665 :
1038 611 1318 675 Permitte,
1357 619 1417 664 ut
1452 625 1639 664 mensa
1687 619 1994 678 apponatur

409 710 496 764 his
527 707 862 768 hominibus,
892 704 1311 772 comedantque,
1358 710 1414 756 et
1442 702 1649 765 bibant,
1697 711 1751 755 et
1803 701 1996 754 laeten-

408 808 517 863 tur,
567 811 621 852 et
680 812 872 851 rursus
922 796 1139 849 abeant.
1186 794 1565 864 Apposuitque
1615 808 1893 857 mensam;
1945 800 2000 846 et

406 890 688 959 ingressus
728 897 813 944 est
859 888 914 942 in
947 902 1102 942 suam
1135 886 1349 941 cellam.
1403 886 1542 954 Ipsis
1583 894 1763 939 autem
1811 898 1996 939 come-

408 983 690 1044 dentibus,
749 981 832 1036 sol
882 994 1044 1035 suum
1079 979 1359 1033 emittebat
1405 978 1771 1048 splendorem,
1829 986 1886 1030 ut
1938 976 1995 1029 in

407 1082 597 1128 astate
624 1088 639 1137 ;
671 1079 726 1126 et
775 1080 997 1140 repente
1023 1069 1179 1126 factae
1217 1080 1344 1126 sunt
1389 1071 1643 1134 tenebrae,
1699 1067 1913 1139 fulgura
1944 1074 1999 1121 et

409 1163 676 1226 tOnitrua,
719 1172 775 1217 et
808 1177 1040 1232 magnus
1072 1160 1248 1216 imber
1276 1162 1490 1232 cecidit
1533 1162 1586 1213 in
1621 1168 1843 1214 terram.
1880 1157 1999 1213 Prae

409 1262 558 1307 metu
608 1267 736 1307 vero
766 1266 960 1307 omnes
995 1260 1354 1307 surrexerunt
1386 1266 1417 1305 a
1466 1266 1679 1305 mensa.
1726 1248 1845 1303 Non
1897 1248 1999 1303 fuit

413 1352 595 1399 autem
639 1344 793 1398 locus
823 1343 877 1397 in
907 1352 1020 1397 tota
1079 1341 1390 1431 thnieia,
1426 1341 1521 1412 qui
1570 1355 1678 1395 non
1730 1338 2000 1409 acceperit

320 1490 328 1499 ,
410 1434 867 1490 benedictionem.
920 1433 1232 1504 Mansitque
1276 1429 1458 1504 pluvia
1510 1440 1621 1486 tres
1654 1430 1769 1485 dies
1815 1429 1992 1485 conti-

410 1543 569 1582 nuos.
597 1527 932 1582 Accedentes
961 1535 1142 1581 autem
1175 1526 1276 1580 viri
1314 1525 1383 1580 ad
1422 1525 1647 1579 domum
1680 1519 1992 1592 Epiphami,

409 1614 677 1685 rogabant
703 1631 852 1682 eum,
885 1622 946 1670 ut
974 1615 1192 1670 sisteret
1218 1613 1479 1684 pluviam,
1513 1626 1635 1681 quae
1662 1610 1890 1665 cadebat
1929 1610 1998 1665 de

407 1706 567 1762 etelo.
618 1703 773 1761 Tunc
821 1705 959 1760 dixit
1010 1705 1087 1759 eis
1136 1703 1515 1773 Epiphanius:
1559 1700 1700 1766 Quid
1760 1714 1847 1754 me
1875 1715 1997 1755 esse

2102 516 2231 585 ὑμῖν
2279 513 2401 585 ἤδη,
2431 513 2513 565 ὅτι
2538 510 2859 582 ἁμαρτωλός
2878 512 3015 580 είμι.
3041 508 3162 562 Τῶν
3190 506 3246 560 δὲ
3274 505 3543 559 ὲπιπλεῖον
3570 523 3689 559 πατ-

2100 605 2496 679 ρακαλούντων,
2526 603 2759 673 ἔφθασεν
2794 602 2913 673 ὥρα
2935 601 3100 670 ἐνάτη
3128 600 3225 670 τῆς
3246 598 3481 668 ἡμέρας.
3512 595 3688 653 Εἶπεν

2097 698 2154 752 δὲ
2184 698 2506 765 Ἐπιφάνιος
2540 695 2619 765 τῷ
2654 694 2974 766 ἡγουμένην
3027 691 3354 763 Ἐπίτρεψον
3392 692 3502 753 τοῖς
3532 688 3685 743 ἀδελ-

2099 793 2240 861 φοῖς,
2295 788 2707 860 παραθήσουσιν
2737 785 3019 857 τράπεζαν
3066 788 3177 848 τοῖς
3210 783 3515 854 ἀνθρώποις
3559 785 3689 836 τού-

2097 899 2232 946 τοις,
2262 882 2356 934 καὶ
2413 880 2695 949 φάγονται,
2728 879 2823 933 καὶ
2873 878 3250 950 εὑφρανθῶσιν
3278 919 3293 944 ,
3332 877 3428 930 καὶ
3459 876 3691 929 ἀπελεύ-

2101 991 2283 1028 σονται
2309 972 2405 1044 τὴν
2431 972 2547 1026 ὁδὸν
2572 971 2770 1025 αὑτῶν.
2799 971 2911 1026 Kal.
2942 970 3261 1041 παρέθηκαν
3280 967 3358 1037 (a)
3385 966 3691 1039 τράπεζαν,

2099 1066 2193 1119 καὶ
2222 1062 2470 1134 εἰσῆλθεν
2493 1062 2814 1131 Ἐπιφάνιος
2837 1062 2894 1113 ὲν
2922 1063 2987 1131 τῇ
3007 1059 3171 1131 κέλλῃ
3192 1057 3379 1112 αὑτοῦ.
3410 1057 3592 1110 Αὑτῶν
3626 1057 3692 1109 δὲ

2098 1156 2418 1218 ἐσθιόντων,
2448 1150 2561 1224 ἦνὸ
2589 1153 2741 1224 ἥλιος
2769 1153 3102 1222 ἐπιπέμπων
3121 1149 3218 1212 τὰς
3245 1150 3469 1211 ἀκτῖνας
3500 1147 3690 1211 αὑτοῦ,

2099 1248 2290 1318 ὥσπερ
2322 1246 2382 1300 τὸ
2408 1245 2597 1317 θέρος·
2631 1245 2726 1299 καὶ
2755 1243 3011 1313 ἐξαίφνης
3059 1242 3247 1304 σκότος
3304 1241 3539 1308 ἐγένετο,
3590 1241 3692 1293 καὶ

2098 1336 2399 1409 ἀστραπαὶ,
2424 1336 2518 1388 καὶ
2560 1334 2799 1406 βρονταὶ,
2827 1334 2921 1386 καὶ
2949 1332 3103 1395 ὑετὸς
3132 1331 3300 1402 μέγας
3338 1329 3571 1399 ἐπῆλθεν
3593 1331 3693 1381 ἐπὶ

2098 1429 2195 1499 τὴν
2222 1428 2347 1498 γῆν.
2384 1427 2521 1480 Ἀπὸ
2545 1426 2602 1480 δὲ
2637 1425 2801 1495 φόϐου
2856 1424 3159 1494 ἀνέστησαν
3214 1422 3415 1484 πάντες
3453 1421 3559 1474 ἀπὸ
3588 1422 3693 1491 τῆς

2096 1519 2395 1593 τραπέζης.
2432 1520 2549 1574 Οὐκ
2575 1515 2641 1590 ἦν
2670 1519 2727 1571 δὲ
2760 1519 2925 1581 τόπος
2952 1517 3045 1569 ἐπὶ
3101 1514 3281 1585 πάσης
3306 1514 3407 1583 τῆς
3429 1514 3691 1582 Φοινίκης

2097 1612 2208 1678 οἷος
2234 1613 2335 1670 οὐκ
2366 1611 2583 1678 ἐδέξατο
2612 1610 2711 1682 τὴν
2750 1609 3024 1678 εὐλογίαν.
3088 1608 3340 1676 Ἔμεινεν
3373 1605 3431 1657 δὲ
3478 1605 3506 1656 ὁ
3532 1605 3693 1667 fieri;

2098 1705 2192 1757 ἐπὶ
2213 1703 2275 1757 τὸ
2302 1703 2436 1757 αὑτὸ
2469 1704 2618 1772 τρεῖς
2654 1699 2884 1772 ἡμέρας.
2911 1700 3019 1756 Καὶ
3052 1696 3441 1768 προσελθόντες
3484 1696 3534 1746 οἱ
3592 1695 3692 1748 ἄν-

409 1797 761 1863 existimatis,
795 1813 829 1850 o
879 1797 1015 1850 ﬁlii?
1057 1794 1191 1849 Nam
1260 1810 1362 1865 ego
1400 1808 1618 1864 quoque
1667 1793 1829 1847 homo
1880 1806 1995 1846 sum

2101 1797 2226 1868 δρες
2246 1795 2324 1866 τῷ
2355 1795 2619 1865 οἰκήματι
2668 1791 2989 1860 Ἐπιφανίου
3040 1788 3383 1859 παρεκάλουν
3412 1786 3690 1854 λέγοντες,

412 1885 556 1940 sicut
589 1901 701 1940 vos.
755 1885 870 1939 Scit
919 1893 1099 1939 autem
1140 1883 1472 1948 benefactor,
1527 1882 1787 1953 quidnam
1834 1880 1990 1935 nobis

416 1990 554 2044 Opus
598 1976 692 2032 sit.
724 1974 971 2032 Voltisne
1011 1989 1245 2031 vestram
1291 1976 1432 2030 viam
1464 1974 1690 2031 redire?
1744 1973 1827 2027 Illi
1859 1988 1990 2028 vero

414 2066 650 2121 dicunt:
697 2067 1109 2134 Certe,.Pater.
1144 2066 1223 2125 E0
1261 2076 1443 2123 autem
1495 2083 1525 2122 e
1573 2067 1709 2122 cella
1745 2080 1992 2136 egresso,

414 2174 607 2214 omnes
636 2160 953 2230 congregati
1002 2175 1127 2214 eum
1178 2153 1674 2215 circumsteterunt.
1712 2158 1856 2212 Dixit
1893 2173 1995 2212 au-

412 2257 521 2303 tem
554 2265 745 2306 rursus
767 2249 1020 2322 praefecto
1050 2268 1064 2305 :
1107 2252 1428 2321 Apponatur
1452 2251 1533 2305 eis
1563 2265 1773 2306 mensa.
1831 2248 1999 2303 Cum-

411 2356 520 2410 que
552 2342 951 2404 consedissent,
987 2342 1055 2395 ab
1084 2340 1387 2412 Epiphanio
1425 2342 1680 2410 petebant
1736 2348 1795 2392 ut
1833 2338 1997 2392 bene-

413 2433 634 2487 diceret.
673 2432 810 2487 Cum
854 2442 1037 2487 autem
1074 2434 1301 2489 dixisset
1333 2434 1672 2504 Epiphanius
1709 2452 1722 2487 ι
1767 2431 1995 2486 Benedi-

414 2532 536 2577 ctus
568 2522 745 2590 Deus,
796 2525 978 2579 statim
1012 2539 1042 2578 a
1067 2533 1210 2579 terra
1259 2541 1508 2596 repressa
1536 2536 1619 2581 est
1663 2525 1873 2596 pluvia.
1902 2523 1992 2577 Vi-

415 2611 496 2665 dit
550 2627 677 2669 vero
724 2613 1060 2684 Epiphanius
1095 2631 1349 2686 magnam
1399 2615 1502 2671 sibi
1556 2616 1612 2670 in
1660 2617 1754 2670 illo
1799 2630 1992 2669 mona-

417 2702 584 2757 sterio
613 2704 730 2759 tieri
752 2705 1237 2775 perturbationem,
1265 2716 1320 2763 et
1348 2723 1541 2763 rursus
1571 2696 1820 2777 quaesivit
1842 2718 1993 2759 rece-

414 2789 563 2848 dere.

2098 1889 2309 1952 Ὅπως,
2339 1888 2525 1957 φασὶν,
2553 1885 2642 1940 διὰ
2674 1885 2942 1956 στόματός
2970 1901 3063 1937 σου
3093 1888 3298 1954 στήσῃς
3324 1882 3417 1935 τὸν
3463 1880 3696 1951 οὐρανό-

2098 1979 2191 2033 θεν
2215 1960 2388 2032 ὑετόν.
2424 1974 2593 2034 Εἶπεν
2622 1977 2679 2030 δὲ
2712 1977 3030 2045 Ἐπιφάνιος
3060 1975 3195 2046 πρὸς
3224 1973 3423 2037 αὑτούς
3445 1989 3459 2003 ⁸
3486 1973 3579 2036 Τί,
3601 1972 3691 2029 τὲρ

2099 2088 2224 2132 κνα,
2269 2070 2549 2139 λογίζεσθε
2583 2073 2669 2124 ἐπ’
2700 2071 2801 2140 ἐμὲ
2852 2070 3059 2133 ταῦτας
3112 2069 3400 2141 ἄνθρωπος
3429 2069 3541 2140 γάρ
3572 2071 3694 2139 εἰμι

2098 2158 2287 2231 ὥσπερ
2314 2161 2409 2213 καὶ
2438 2161 2610 2230 ὑμεῖς.
2649 2157 2804 2215 Οἶδεν
2828 2162 2885 2215 δὲ
2908 2161 2962 2214 τί
2993 2160 3265 2233 χρῄζομεν
3291 2162 3320 2215 6
3366 2160 3691 2231 εὐεργέτης.

2099 2248 2163 2302 Εἰ
2203 2248 2457 2318 βούλεσθε
2483 2248 2814 2319 πορεύεσθαι
2842 2251 2942 2321 τὴν
2972 2250 3089 2303 ὁδὸν
3116 2249 3302 2320 ὑμῶν;
3334 2251 3396 2302 Οἱ
3424 2249 3482 2302 δὲ
3517 2250 3694 2318 φασί)

2097 2339 2227 2405 Ναὶ,
2265 2341 2469 2413 Πάτερ.
2495 2342 2667 2407 Δὺτὸς
2698 2344 2755 2397 δὲ
2776 2343 3008 2411 ἐξελθὼν
3038 2346 3105 2397 ὲκ
3124 2344 3222 2398 τοῦ
3257 2344 3494 2405 κελλίου,
3523 2344 3699 2398 ᾶπαν-

2099 2431 2192 2494 τες
2225 2432 2592 2504 συνήχθησαν,
2616 2435 2712 2488 καὶ
2738 2433 3002 2507 ἐκύκλουν
3024 2435 3207 2489 αὐτόν.
3243 2432 3414 2489 Εἶπεν
3445 2436 3503 2488 δὲ
3530 2436 3697 2491 πάλιν

2099 2519 2416 2590 Ἐπιφάνιος
2442 2522 2521 2593 τῷ
2540 2524 2827 2596 ἡγουμένῳ
2852 2545 2865 2556 ·
2899 2525 3245 2596 Ἐπίτρεψον,
3276 2526 3695 2597 παραθήσουσιν

2096 2610 2375 2681 τράπεζαν
2407 2616 2519 2676 τοῖς
2569 2613 2880 2685 ἀνθρώποις
2903 2656 2917 2679 ,
2953 2617 3048 2669 καὶ
3092 2617 3377 2685 φάγονται.
3420 2616 3517 2670 καὶ
3551 2618 3695 2671 πίω-

2099 2719 2182 2757 σιν
2203 2743 2218 2767 ,
2250 2704 2344 2756 καὶ
2372 2704 2761 2761 ἀπελεύσονται
2791 2708 2889 2779 τὴν
2922 2707 3128 2761 ἑαυτῶν
3153 2707 3292 2763 ὁδόν.
3334 2709 3423 2772 Ὠς
3447 2707 3506 2761 δὲ
3527 2708 3698 2763 ἐκαθ-

1986 2802 1992 2807 ’
2096 2793 2333 2865 έσθησαν
2373 2796 2614 2862 ἅπαντες
2679 2798 2774 2852 ὲπὶ
2807 2799 3106 2872 τραπέζης,
3138 2800 3298 2871 ⁴ᾔτουν
3329 2802 3423 2855 τὸν
3457 2802 3699 2870 Ἐπιφάρ

416 2901 527 2938 νιον
557 2887 652 2941 τοῦ
700 2890 1011 2961 εὐλογῆσαι.
1052 2890 1110 2944 '0
1139 2890 1197 2943 δὲ
1233 2889 1548 2959 Ἑπιφάνιος
1592 2889 1667 2953 ὡς
1723 2884 1874 2941 εἶπεν
1909 2885 1988 2938 τό·
2034 2884 2342 2959 Εὐλογητὸς
2368 2888 2593 2960 Κύριος,
2656 2889 2860 2953 εὑθέως
2891 2891 2919 2942 6
2949 2890 3102 2954 ὑετὸς
3154 2891 3392 2945 ἔστειλεν
3459 2892 3568 2947 ἀπὸ
3592 2895 3707 2953 τῆς

416 2979 540 3049 γῆς.
575 2975 729 3033 Εἷδεν
766 2980 820 3033 δὲ
848 2981 1166 3051 Ἐπιφάνιος
1204 2980 1365 3035 πάλιν
1404 2981 1503 3051 τὴν
1536 2980 1738 3051 πολλὴν
1803 2979 2023 3051 ὄχλησιν
2059 2976 2159 3048 τὴν
2216 2979 2508 3050 γινομένην
2529 2979 2678 3052 αύτῷ
2711 2982 2770 3034 ὲν
2816 2980 2894 3052 τῷ
2928 2981 3296 3053 μοναστηρίῳ,
3360 2984 3457 3037 καὶ
3528 2984 3701 3041 πάλιν

417 3069 683 3141 ἐζήτησεν
714 3071 1166 3144 ὑπαναχωρῆσαι.

488 3159 704 3216 XXXII.
743 3160 880 3217 Cum
913 3172 1092 3217 autem
1130 3160 1425 3234 aliquando
1471 3161 1979 3231 convenissentepi-

2167 3157 2292 3209 AB'.
2320 3156 2458 3209 Ποτὲ
2481 3155 2612 3226 γοῦν
2640 3158 2690 3209 οἱ
2716 3156 3003 3210 ἐπίσκοποι
3033 3156 3296 3229 συλλογὴν
3328 3163 3703 3232 ποιησάμεναι

417 3251 567 3322 scopi
598 3265 697 3321 pro
747 3251 985 3306 creando
1036 3251 1318 3322 episcopo,
1378 3252 1709 3306 mentionem
1747 3250 1994 3305 fecerunt

2098 3248 2228 3319 περὶ
2263 3247 2586 3314 ἐπισκόπου,
2637 3248 2988 3320 ἐμνήσθησαν
3035 3248 3163 3320 περὶ
3199 3251 3547 3320 Ἐπιφανίου.
3582 3251 3700 3311 Ἦν

418 3342 729 3413 Epiphanii.
771 3341 903 3397 Erat
948 3342 1093 3397 enim
1128 3343 1347 3412 quidam
1384 3342 1688 3396 monachus
1713 3342 1767 3394 in
1815 3340 1994 3395 medio

2098 3338 2150 3391 δέ
2179 3356 2262 3402 τις
2299 3338 2530 3409 μοναχὸς
2559 3341 2616 3392 ὲν
2644 3338 2797 3410 μέσῳ
2817 3339 2923 3393 τῶν
2962 3339 3302 3407 ἐπισκόπων,
3347 3343 3492 3415 ἀνὴρ
3525 3346 3700 3401 εὑλαρ

418 3436 825 3504 episcuporum,
857 3434 941 3487 vir
985 3435 1138 3503 pius,
1169 3442 1327 3488 attate
1353 3434 1592 3503 juvenis,
1634 3432 1903 3503 perlectus
1938 3433 1991 3486 in

420 3526 780 3594 temperantia
829 3540 893 3579 ac
937 3524 1327 3589 moderatione,
1367 3526 1586 3580 nomine
1626 3524 1900 3595 Polybius.
1948 3525 1995 3579 Is

422 3623 649 3668 noverat
691 3613 1077 3683 Epiphanium.
1110 3612 1172 3666 Ei
1203 3623 1383 3668 autem
1410 3615 1664 3669 dixerunt
1714 3614 1951 3683 episcopi
1980 3633 1992 3668 :

422 3704 620 3772 Accipe
647 3718 873 3772 equum,
907 3713 960 3756 et
983 3703 1115 3756 vade
1143 3703 1195 3756 in
1230 3703 1641 3765 monasterium,
1669 3711 1723 3756 et
1758 3702 1877 3755 vide
1927 3717 1993 3755 an

424 3788 497 3842 sit
546 3788 658 3843 illic
708 3787 1068 3858 Epiphanius,
1119 3798 1173 3842 et
1228 3804 1454 3844 currens
1501 3790 1764 3844 annuntia
1817 3789 1993 3843 nobis.

422 3876 636 3933 Nemini
666 3895 793 3934 vero
819 3880 1042 3946 dixeris,
1068 3889 1122 3934 et
1152 3895 1251 3935 nec
1288 3880 1390 3950 ipsi
1425 3881 1642 3950 quidem
1672 3880 1991 3950 Epiphanio.

422 3971 561 4026 Cum
608 3982 789 4027 autem
853 3972 1109 4044 Polybius
1167 3973 1403 4028 venisset
1442 3975 1494 4027 in
1567 3960 1995 4043 monasterium,

423 4064 681 4120 salutavit
709 4064 1091 4135 Epiphanium.
1123 4065 1222 4119 Cui
1272 4064 1360 4118 ille
1393 4064 1529 4118 dixit
1556 4083 1568 4117 :
1620 4064 1751 4131 Cur,
1797 4066 1872 4121 [ili
1903 4067 2000 4121 Po-

424 4155 555 4227 lybi,
597 4156 703 4213 huc
736 4157 969 4211 venisti?
1001 4156 1142 4212 Dicit
1176 4156 1433 4228 Polybius
1464 4177 1476 4213 :
1522 4159 1657 4229 Ego,
1688 4157 1868 4224 Pater,
1904 4174 1999 4214 vo-

424 4247 480 4302 lo
510 4263 838 4304 concurrere
877 4265 1002 4311 eum
1039 4251 1284 4304 veritate.
1314 4248 1455 4303 Dixit
1489 4248 1826 4319 Epiphanius
1853 4268 1866 4303 :
1894 4251 1998 4306 Ac—

2097 3430 2217 3500 ϐὴς,
2244 3431 2362 3494 νέος
2392 3432 2676 3501 τυγχάνων
2705 3434 2771 3503 τῇ
2801 3431 3008 3504 ἡλικίᾳ,
3034 3430 3237 3497 τέλειος
3272 3432 3348 3487 ὢν
3376 3437 3436 3488 ὲν
3471 3454 3696 3509 σωφρο-

2099 3522 2251 3595 σύνῃ,
2283 3522 2541 3585 Πολύϐιος
2569 3523 2812 3593 ὀνόματι.
2838 3519 3005 3587 Οὗτος
3021 3524 3077 3578 δὲ
3092 3522 3208 3595 ᾔδει
3236 3525 3695 3596 τὸνἙπιφάνιον..

2098 3610 2264 3668 Εἶπον
2284 3613 2339 3666 δὲ
2357 3614 2491 3686 πρὸς
2512 3615 2671 3667 αὑτὸν
2684 3617 2733 3667 οἰ
2763 3616 3050 3671 ἐπίσκοποι
3073 3634 3086 3647 '
3104 3619 3248 3672 Λάϐε
3284 3620 3581 3693 ὑποζύγιον
3596 3624 3698 3690 ὀξὺ

2097 3708 2207 3768 τοῖς
2237 3706 2383 3769 ποσὶ,
2421 3706 2513 3758 καὶ
2550 3704 2751 3759 ἄπελθε
2778 3709 2835 3759 ὲν
2880 3706 2957 3778 τῷ
2989 3710 3356 3782 μοναστηρίῳ,
3390 3714 3483 3766 καὶ
3508 3714 3608 3780 τδε,
3646 3718 3699 3770 εί

2100 3797 2215 3849 ἐκεῖ
2239 3797 2384 3849 ἐστιν
2409 3796 2753 3866 Ἐπιφάνιος,
2793 3799 2878 3853 καὶ
2914 3798 3138 3870 δραμὼν
3173 3801 3495 3871 ἀνάγγειλον
3521 3808 3697 3876 ἡμῖν

2102 3886 2294 3958 μηδενὶ
2317 3887 2376 3940 δὲ
2400 3887 2557 3940 τοῦτο
2569 3889 2932 3961 ἀπαγγείλῃς,
2953 3889 3087 3962 μηδὲ
3112 3890 3258 3962 αὐτῷ
3270 3893 3695 3968 τῷἘπιφανίῳ.

2112 3979 2314 4034 Ἐλθὼν
2327 3976 2422 4034 οὖν
2437 3983 2465 4034 6
2486 3980 2742 4044 Πολύϐιος
2759 3982 2816 4034 ὲν
2838 3979 2916 4052 τῷ
2933 3984 3298 4055 μοναστηρίῳ,
3313 3985 3586 4055 εἰσῆλθεν,
3602 3992 3700 4044 καὶ

2100 4071 2385 4141 ἠσπάσατο
2410 4071 2499 4124 τὸν
2530 4072 2863 4140 Ἐπιφάνιον.
2881 4070 3047 4129 Εἶπεν
3073 4074 3129 4128 δὲ
3142 4076 3461 4145 Ἐπιφάνιος
3482 4077 3562 4149 τῷ
3589 4082 3702 4134 Πο-

2097 4162 2285 4233 λυϐίῳ·
2309 4163 2394 4229 Τί,
2410 4163 2596 4216 τέκνον
2616 4163 2866 4230 Πολύϐιε,
2892 4160 3055 4236 ἦλθες
3077 4166 3306 4220 ἐνταῦθα
3321 4169 3619 4240 ςΠολύϐιος
3638 4173 3699 4226 δὲ

2102 4250 2253 4309 εἶπεν
2290 4256 2621 4327 Ἐπιτρανίψ
2648 4255 2794 4324 Ἐγὼ
2815 4256 3095 4328 βούλομαι,
3126 4259 3331 4331 Πάτερ.
3376 4266 3700 4336 συντρέχειν

427 4336 671 4400 curristi,
706 4338 1020 4407 venistique
1072 4338 1199 4406 huc,
1245 4353 1278 4393 ο
1330 4337 1407 4393 ﬁli
1450 4338 1673 4409 Polybi,
1721 4339 1924 4395 missus
1970 4356 1995 4393 a

2100 4351 2166 4421 τῇ
2187 4347 2433 4420 ἀληθείᾳ.
2463 4344 2634 4403 Εἶπεν
2653 4348 2710 4402 δὲ
2739 4349 3056 4418 Ἐπιφάνιος
3078 4350 3156 4422 τῷ
3174 4350 3420 4425 Πολυϐίῳ
3437 4372 3450 4385 ·
3494 4356 3701 4430 Ἐδρα-

429 4428 635 4484 sanctis
657 4429 1027 4486 sacerdotibus
1054 4432 1119 4486 ad
1145 4433 1569 4502 speculandum;
1603 4434 1714 4488 noli
1740 4434 1937 4500 celare,
1966 4449 1995 4490 ο

2108 4458 2225 4512 μες,
2255 4440 2528 4504 eadem,
2556 4439 2744 4493 τέκνον
2763 4437 3016 4505 Πολύϐιε,
3054 4441 3328 4512 πεμφθεὶς
3354 4445 3505 4515 παρὰ
3526 4428 3699 4501 ὁσίων

428 4520 503 4574 lili
524 4558 540 4585 ,
566 4521 706 4574 mala
739 4536 827 4576 res
855 4531 940 4577 est
982 4524 1352 4590 mendacium,
1391 4524 1480 4579 dic
1509 4525 1814 4581 veritatem.
1858 4526 1995 4584 Deus

2105 4494 2316 4603 άνδρῶν
2348 4533 2442 4586 ἐπὶ
2474 4494 2904 4602 κατασκοπήσει.
3080 4494 3325 4606 κρύπτε..

427 4620 512 4664 est
541 4609 594 4663 in
624 4610 837 4677 medio;
881 4621 1001 4667 esto
1044 4614 1251 4682 probus
1292 4614 1540 4669 minister
1571 4617 1836 4672 veritatis.
1873 4617 1995 4688 Epi-

2104 4625 2201 4678 κὸν
2230 4624 2292 4677 τὸ
2323 4622 2519 4692 ψεῦδος
2541 4639 2553 4650 ·
2592 4621 2719 4691 λέγε
2748 4621 2847 4694 τὴν
2891 4622 3185 4700 ἅλήθκειανξ
3215 4626 3348 4691 Θεὸς
3385 4630 3444 4681 ὲν
3499 4630 3658 4702 μέσῳ
3679 4650 3694 4664 .

427 4701 664 4769 phanius
696 4700 840 4754 enim
886 4701 1037 4756 vadit
1069 4702 1138 4757 de
1166 4703 1288 4757 loco
1334 4705 1401 4757 ad
1453 4705 1656 4768 locum,
1696 4723 1919 4777 gemens
1947 4717 1995 4765 ct

2104 4718 2255 4786 γίνου
2280 4714 2502 4785 δόκιμος
2527 4714 2774 4778 διάκονος
2796 4714 2898 4784 τῆς
2923 4697 3201 4787 ἀληθείας.
3226 4697 3551 4789 Ἑπιφάνιος
3583 4697 3698 4796 γάρ

429 4799 666 4847 tremens
714 4800 933 4861 propter
962 4794 1129 4849 multa
1179 4810 1274 4851 sua
1310 4808 1544 4865 peccata.
1594 4797 1696 4854 Sed
1748 4803 1995 4871 agedum,

2105 4809 2451 4881 περιέρχεται
2488 4806 2649 4860 τόπον
2674 4807 2739 4860 ὲκ
2761 4807 2949 4871 τόπου,
2977 4808 3178 4864 στένων
3211 4811 3304 4864 καὶ
3340 4813 3561 4882 τρέμων
3603 4794 3699 4869 διὰ

428 4882 638 4956 Polybi,
678 4899 838 4940 mane
888 4885 1000 4951 hic,
1053 4895 1107 4942 et
1156 4888 1371 4944 remitte
1416 4889 1749 4959 jumentum,
1793 4900 1847 4946 et
1879 4893 1995 4948 sine

2102 4905 2201 4966 τὰς
2227 4898 2520 4971 ἁμαρτίας.
2552 4896 2712 4950 Ἀλλὰ
2725 4897 2885 4968 δεῦρο
2913 4898 3000 4970 δὴ,
3025 4899 3278 4966 Πολύϐιε,
3310 4902 3437 4972 μένε
3478 4904 3672 4960 ἐνθάδε

430 4976 740 5031 sacerdotes
771 4990 1016 5045 quaerere
1042 4991 1140 5034 eos
1166 4978 1261 5048 qui
1281 4978 1431 5051 digni
1463 4980 1768 5037 suntlocis.
1812 4980 1995 5037 Paruit

2099 4998 2196 5054 καὶ
2232 4990 2644 5049 ἀπόστειλονστὸ
2677 4990 2972 5060 ὑποζύγιον
3005 4994 3120 5057 τοῖς
3164 4971 3402 5065 ἱερεῦσι,
3435 4997 3528 5049 καὶ
3552 4971 3698 5067 ἄφεξ

429 5063 735 5135 Epiphanio
762 5062 1060 5138 Polybius;
1106 5077 1160 5123 et
1185 5083 1311 5123 cum
1338 5069 1518 5125 valere
1545 5069 1801 5140 jussisset
1830 5073 1995 5149 comi-

2098 5091 2227 5153 τοὺς
2258 5088 2423 5158 ἱερεῖς
2461 5084 2645 5155 ζητεῖν
2672 5084 2799 5146 τοὺς
2838 5084 3021 5148 ἀξίους
3058 5084 3167 5138 τῶν
3193 5062 3393 5140 τόπων.
3423 5062 3615 5141 Ταῦτα
3632 5089 3695 5142 δὲ

429 5164 564 5223 tem,
606 5159 815 5215 remisit
856 5175 1058 5229 equum
1098 5161 1164 5215 ad
1191 5162 1498 5231 episcopos.
1542 5160 1643 5229 Qui
1688 5173 1871 5219 autem
1911 5165 1995 5218 du-

2103 5177 2272 5233 εἰπὼν
2295 5171 2618 5241 Ἐπιφάνιος
2643 5170 2721 5242 τῷ
2751 5170 3019 5243 Πολυϐίῳ,
3047 5171 3251 5236 εὐθέως
3275 5173 3495 5240 ἐδέξατο
3520 5176 3549 5227 6
3582 5175 3694 5228 Πομ

430 5249 588 5304 cebat
615 5248 998 5320 Epiphanium,
1030 5266 1155 5305 eum
1183 5250 1339 5306 duxit
1365 5253 1417 5307 in
1450 5256 1726 5325 regionem
1777 5255 1995 5327 Cyprio-

2104 5269 2289 5330 λύϐιος
2311 5266 2403 5319 τὸν
2448 5264 2606 5332 λόγον
2630 5261 2953 5332 Ἐπιφανίου
2981 5280 2994 5292 ·
3036 5262 3131 5315 καὶ
3176 5262 3240 5334 δὴ
3283 5263 3696 5335 συνταξάμενος

433 5356 580 5398 rum.
614 5339 709 5396 llla
755 5356 886 5411 ergo
917 5350 1078 5397 nocte
1112 5344 1322 5413 accepit
1383 5360 1469 5399 me
1517 5354 1571 5401 et
1602 5346 1913 5419 Polybium,
1955 5357 1995 5402 el

2108 5359 2187 5431 τῷ
2218 5354 2517 5425 ἀκολούθῳ,
2553 5352 2868 5408 ἀπέστειλεν
2893 5352 2955 5405 τὸ
2988 5352 3279 5421 ὑποζύγιον
3326 5358 3438 5418 τοῖς
3466 5356 3697 5409 ἐπισκό-

429 5432 637 5504 egressi
665 5448 858 5488 sumus
883 5433 1291 5503 proﬁciscentes
1321 5434 1714 5508 Hierosolyma.
1747 5439 1995 5493 Fuimus-

2113 5466 2265 5514 ποις·
2305 5448 2399 5502 καὶ
2424 5448 2453 5499 6
2487 5447 2637 5515 ἄγων
2668 5440 2802 5515 ἦγεν
2827 5444 2918 5498 τὸν
2955 5444 3277 5514 Ἐπιφάνιον
3320 5447 3413 5499 ἐπὶ
3439 5448 3538 5517 τῆς
3573 5449 3692 5501 Κυι-

433 5539 542 5595 que
567 5524 679 5579 illic
700 5532 815 5578 I-res
841 5523 977 5578 dies.
1023 5521 1169 5578 Dixit
1199 5532 1380 5578 autem
1426 5526 1586 5583 nobis
1627 5526 1995 5598 Epiphanius:

2116 5543 2307 5614 πρίων.
2344 5541 2423 5611 Τῇ
2450 5535 2543 5593 οὖν
2579 5536 2735 5591 νυκτὶ
2764 5536 2946 5607 ἐκείνῃ
2975 5534 3153 5591 λαϐὼν
3186 5536 3284 5606 ἐμὲ
3337 5537 3431 5590 καὶ
3452 5537 3545 5591 τὸν
3585 5541 3694 5594 Πο-

506 5678 581 5742 (n)
624 5678 775 5747 Legit
809 5678 1074 5748 interpres
1114 5674 1441 5749 παρέθηκεν.
