3866 6066
90 100 165 156 b3
1384 102 1437 154 S.
1483 100 1613 155 EPII

1865 105 2048 159 VITA.
3289 115 3358 168 66

106 214 291 273 λύόιον,
327 211 635 282 ἐξήλθομεν
666 216 730 267 ἐκ
767 215 858 267 τοῦ
912 214 1298 286 μοναστῃρίου,
1332 220 1426 272 καὶ
1448 221 1633 289 ἐπορει

1832 225 2026 293 gedum
2046 264 2061 289 ,
2095 224 2189 277 lilii
2210 265 2224 287 ,
2265 239 2454 279 cantus
2483 233 2534 279 et
2563 227 2898 297 accipiamus
2928 231 3354 288 benedictionem

111 306 262 376 θημεν
313 305 370 356 ἐν
413 304 814 375 Ἰεροσολύμοις
840 306 931 358 τοῦ
976 308 1350 377 προσκυνῆσαι
1397 309 1495 381 τὴν
1529 310 1638 381 ζωὴ

1832 312 1995 368 Patre
2027 326 2216 369 nostro
2254 331 2451 387 magno
2493 317 2786 375 Hilarione.
2815 321 2991 375 Audio
3037 325 3179 376 cuitu
3231 340 3356 380 cum

111 394 247 466 ἡμῶν
270 393 361 446 τὸν
387 393 577 463 τίμιον
603 394 867 465 σταυρόν⁸
916 396 1010 449 καὶ
1042 396 1378 459 εἰσελθόντες
1412 399 1638 469 ἐποιήσα

1832 420 1901 460 sse
1935 406 1989 460 in
2018 406 2217 477 Cypro.
2253 405 2358 474 Qui
2392 418 2575 464 autem
2616 410 2868 476 ducebat,
2901 412 3059 468 duxit
3101 415 3193 469 illo
3233 412 3359 484 Epi-

112 502 203 555 μεν
235 485 288 536 ἐν
306 486 371 554 τῇ
396 485 552 537 πόλει
582 488 733 555 τρεῖς
771 486 1000 557 ἡμέρας.
1056 482 1224 541 Εἶπεν
1267 487 1324 540 δὲ
1363 489 1682 558 Ἐπιφάνιος
1780 494 2063 562 phanium.
2451 512 2455 516 '

110 576 233 647 xgb;
260 578 355 646 ἐμὲ
384 594 441 628 τε
480 576 690 629 καὶτὸν
720 577 1003 630 Πολύϐιον
1044 579 1207 631 Δεῦτε
1246 578 1311 651 δὴ
1350 580 1443 632 καὶ
1497 582 1871 655 πορευθῶμεν,
1899 587 2178 666 ὅπως-ὑπὸ
2202 587 2296 641 τοῦ
2352 589 2567 661 Πατρδς
2596 594 2752 663 ἡμῶν
2806 594 3209 666 εύλογηθῶμεν,
3264 596 3357 651 τοῦ

111 667 328 737 μετάλου
365 668 668 749 ἰλαρίωνος
686 684 701 699 ·
741 669 954 739 ἀκήκοα
975 669 1084 742 γὰρ
1116 670 1254 724 εἶναι
1281 671 1442 726 αὑτὸν
1471 674 1528 724 ἐν
1556 677 1668 739 τοῖς
1705 673 1990 749 Κυπρίων.
2030 664 2140 733 Καὶ
2165 683 2193 734 ὁ
2221 681 2369 750 ἄγων
2406 678 2541 754 ἦγεν
2564 685 2653 738 τὸν
2678 686 3017 757 Ἐπιφάνιον.

170 761 285 813 AF'.
323 748 710 813 Κατελοόντων
743 759 800 813 δέ
836 761 993 831 ήμῶν
1039 763 1097 817 ἐν
1131 765 1471 839 Καισαρείᾳ,
1507 768 1655 839 ηὖροτ

1849 771 2085 826 XXXIII.
2146 772 2282 828 Cum
2331 788 2462 828 vero
2509 777 2856 831 venissemus
2898 776 3225 845 Caesaream,
3276 779 3362 833 in-

111 870 199 921 μεν
222 854 333 905 ἐκεῖ
362 852 542 905 πλοῖον
568 852 814 924 Κύπριον
838 852 1039 907 ἔσωθεν
1064 855 1165 925 τῆς
1208 857 1413 922 πόλεως
1442 859 1629 927 Πάφου

1830 864 2168 919 εηίηιιιςίιιίο
2202 881 2395 920 navem
2430 865 2683 937 Cyprlam
2720 883 2788 923 ex
2843 869 3089 924 interiori
3132 872 3357 941 regione

107 945 190 996 καὶ
241 942 594 1015 ἐπηρώτησεν
651 946 969 1015 Ἑπιφάνιος
1034 946 1126 999 τὸν
1199 949 1518 1019 κυριεύοντα
1572 969 1633 1005 το

1830 956 1977 1024 Iphi;
2012 965 2067 1011 et
2096 958 2311 1028 rogavit
2353 956 2689 1027 Epiphanius
2741 961 3078 1016 navarchum
3127 964 3195 1016 de
3241 978 3357 1017 ma-

108 1035 278 1088 πλοίου
306 1035 430 1106 περὶ
457 1034 552 1089 τοῦ
585 1035 823 1106 μεγάλου
862 1036 1165 1107 Ἱλαρίωνος
1190 1039 1251 1092 τὸ
1278 1039 1379 1093 ποῦ
1401 1045 1635 1095 κατοικεῖ

1825 1062 1878 1100 ιο
1921 1045 2218 1123 Hilarione,
2272 1048 2363 1103 ubi
2398 1050 2702 1117 habitaret;
2771 1053 3161 1123 responditque
3202 1053 3352 1109 illum

107 1127 190 1178 καὶ
216 1126 369 1189 αὐτὸς
398 1127 755 1197 ἀπήγγειλεν,
790 1129 873 1181 ὃτι
921 1128 979 1180 ἐν
1025 1130 1311 1201 περιοικίδι
1348 1131 1447 1202 τῆς
1477 1134 1634 1203 Πάφολ

1824 1164 1827 1189 ι
1858 1137 2036 1192 vicina
2064 1118 2255 1207 Papbo
2298 1140 2519 1209 regione
2563 1140 2617 1195 in
2655 1118 2913 1211 spelunca
2949 1118 3143 1212 degere
3164 1184 3180 1209 ,
3210 1152 3265 1198 et
3297 1144 3351 1198 in

105 1219 153 1268 ἐν
186 1218 442 1288 σπηλαίῳ,
470 1218 566 1273 καὶ
594 1220 677 1271 ὃτι
698 1221 816 1272 ἐκεῖ
837 1218 992 1290 ζητεῖ
1014 1221 1074 1274 ἐν
1103 1224 1170 1293 τῇ
1200 1221 1372 1293 Πάφῳ
1396 1223 1459 1276 τὸ
1486 1224 1632 1279 πλοῖο

1822 1225 1981 1290 Idem,
2036 1227 2230 1296 inquit,
2285 1227 2455 1299 Paphi
2498 1231 2720 1301 regione
2766 1232 3042 1302 navigium
3100 1242 3349 1288 nostrum

106 1308 264 1377 ἡμῶν.
294 1309 371 1379 Τῇ
397 1305 489 1362 οὖν
527 1311 682 1363 νυκτὶ
703 1311 890 1384 ἐκείνῃ
919 1311 1235 1383 ἀπήλθομεν
1274 1314 1331 1365 ἐν
1364 1314 1439 1384 τῷ
1471 1315 1633 1387 πλοίῳ

1825 1317 1984 1371 mrit.
2027 1314 2195 1373 Nocte
2225 1319 2393 1389 igitur
2435 1320 2523 1375 illa
2556 1338 2694 1377 nave
2742 1322 2843 1377 ista
2887 1339 3206 1389 conscensa,
3246 1323 3352 1379 Pa-

106 1398 184 1449 ni.
210 1397 623 1468 ἀπεπλεύσαμεν
649 1401 709 1452 ἐν
736 1401 910 1470 Πάφῳ
927 1417 940 1430 ·
987 1402 1082 1455 καὶ
1122 1402 1185 1473 δὴ
1212 1400 1519 1469 ἐξελθόντες
1556 1408 1633 1460 ἀπ

1827 1425 1938 1463 mm
1983 1412 2382 1481 navigavimus.
2437 1412 2505 1469 Et
2550 1415 2879 1470 excensione
2930 1415 3070 1470 facta
3125 1416 3353 1472 interre-

105 1488 183 1539 τοῦ
212 1489 389 1541 πλοίου
418 1489 847 1560 διερωτήσαντες
881 1494 1304 1564 κατηντήσαμεν
1344 1498 1423 1558 εἰς
1444 1497 1536 1549 τὸν
1575 1500 1632 1568 μὲ

1822 1516 1971 1561 antes
2020 1508 2367 1577 pervenimus
2403 1510 2469 1563 ad
2518 1525 2775 1579 magnum
2811 1508 3168 1564 llilarionetn.
3223 1510 3349 1565 Fuit

106 1595 192 1645 γαν
224 1579 521 1650 Ἰλαρίωνα.
562 1581 673 1634 Καὶ
699 1582 1046 1635 εἰσελθόντων
1081 1584 1236 1654 ἡμῶν
1265 1586 1482 1654 ἐγένετο
1519 1605 1633 1660 χαρι

1817 1608 1949 1651 item
1985 1586 2180 1667 magna
2224 1599 2276 1652 in
2306 1614 2604 1670 congressu
2637 1601 2847 1665 laetitia,
2897 1610 2951 1656 et
2999 1600 3109 1657 illic
3138 1604 3344 1659 mansi-

111 1671 296 1742 μεγάλη
329 1674 418 1724 ἐπὶ
450 1674 516 1743 τῇ
554 1674 836 1743 συντυχίᾳ,
867 1675 961 1727 καὶ
982 1676 1282 1747 ἐμείναμεν
1314 1679 1373 1730 ἐν
1401 1678 1479 1748 τῷ
1512 1681 1638 1749 tene

1815 1701 1887 1741 us
1944 1687 2083 1742 duos
2128 1688 2267 1745 dies,
2317 1687 2510 1758 Magna
2561 1706 2690 1745 vero
2743 1706 2938 1746 rursus
2987 1700 3070 1747 est
3105 1694 3342 1747 exhibita

106 1763 275 1831 ἐκείνῳ
306 1763 394 1816 δύο
422 1763 623 1833 μῆνας.
675 1761 837 1835 Εἷχεν
878 1767 935 1820 δὲ
984 1768 1149 1821 πολὺν
1203 1769 1370 1823 κόπον
1419 1771 1630 1842 Ἰλαρίω

1815 1779 2029 1834 ilarioni
2065 1780 2314 1835 molestia
2337 1781 2407 1835 ab
2429 1781 2497 1836 iis
2545 1782 2638 1848 qui
2681 1782 2748 1836 ad
2784 1783 2961 1853 ipsum
2991 1786 3342 1841 accedebant.

106 1853 195 1907 ἀπὸ
218 1854 319 1906 τῶν
347 1857 800 1927 παραγινομένων
830 1858 974 1929 πρὸς
1002 1858 1183 1913 αὐτόν.
1242 1860 1327 1923 Ὠς
1358 1861 1414 1914 δὲ
1446 1861 1633 1932 ἔκρινε

1816 1885 1901 1924 um
1959 1881 2141 1925 autem
2193 1870 2380 1941 Papho
2431 1873 2613 1944 egredi
2659 1874 2943 1930 Statuisset
2981 1876 3343 1945 Epiphanius,

105 1944 401 2013 'Eztzpcivw;
439 1946 535 1999 τοῦ
570 1947 807 2013 ἐξελθεῖν
841 1950 988 2019 ἡμᾶς
1011 1950 1119 2002 ἀπὸ
1142 1950 1241 2021 τῆς
1269 1952 1477 2020 Πάφου,
1506 1950 1632 2009 εἷπε

1822 1963 1899 2016 xit
1935 1960 2178 2017 Hilarion
2230 1963 2579 2035 Epiphanio:
2626 1965 2747 2032 Quo
2794 1967 2970 2032 vadis,
3027 1944 3146 2022 iiIi?
3196 1968 3345 2023 Dixit

114 2036 327 2106 Ἰλσρίων
348 2037 424 2108 τῷ
451 2038 767 2110 Ἐπιφανίῳ
788 2058 800 2071 ·
829 2040 940 2094 Ποῦ
961 2042 1186 2113 πορεύῃ,
1220 2043 1410 2096 τέκνον
1432 2060 1446 2108 ;
1487 2041 1641 2100 Εἶπεη

1813 2053 2099 2123 piphanius
2131 2073 2144 2109 :
2186 2054 2535 2123 Ascalonem,
2572 2056 2801 2121 Gazam,
2838 2069 2892 2112 et
2923 2058 3157 2114 ulterius
3176 2060 3340 2113 etiam

103 2129 149 2179 δὲ
178 2129 481 2198 Ἐπιφάνιος
517 2132 655 2203 πρὸς
695 2132 976 2205 Ἰλαρίωνα
1002 2153 1015 2166 ’
1056 2134 1150 2197 El;
1210 2136 1542 2199 Ἀσκαλῶνα,
1577 2140 1630 2192 ει

1811 2165 1816 2197 ι
1853 2145 2226 2200 solitudinem.
2284 2146 2431 2201 Dixit
2480 2148 2531 2201 ei
2574 2146 2866 2203 Hilarion:
2912 2149 3060 2205 Vade
3110 2151 3338 2207 Salami-

104 2220 273 2283 Γάζαν,
295 2224 390 2275 καὶ
418 2223 679 2277 ἐπέκεινα
709 2225 801 2278 ἐπὶ
835 2225 931 2296 τὴν
963 2229 1085 2297 γῆν.
1122 2222 1292 2281 Εἶπεν
1318 2227 1373 2280 δὲ
1412 2227 1631 2301 ἰλαρίω

1809 2250 1909 2297 am,
1939 2248 1973 2288 ο
2000 2234 2073 2288 Iili
2096 2274 2113 2298 ,
2147 2244 2202 2289 et
2233 2236 2344 2291 illic
2376 2236 2622 2292 invenies
2642 2238 2820 2292 locum
2861 2240 2929 2293 ad
2960 2240 3336 2296 habitandum.

104 2314 580 2384 πρὸςἘ-πιφάνιοψ
621 2316 860 2386 Πορεύου
896 2317 987 2371 ἐπὶ
1034 2318 1134 2387 τὴν
1183 2318 1529 2390 Σαλαμήνην,
1564 2321 1631 2373 re.

1809 2326 2095 2395 piphanius
2135 2338 2315 2383 autem
2348 2330 2566 2384 nolebat
2604 2331 2794 2385 audire
2817 2333 2984 2387 verba
3014 2331 3336 2391 Hilarionis.

105 2421 225 2467 κνον,
265 2406 357 2458 καὶ
397 2408 654 2478 εὑρήσεις
683 2408 846 2460 τόπον
897 2407 992 2461 τοῦ
1051 2410 1270 2478 οἰκῆσαι
1318 2411 1451 2464 ἐκεῖ.
1491 2412 1548 2465 Ὀ
1596 2413 1632 2466 δί

1812 2433 1970 2472 ursus
2017 2433 2149 2489 ergo
2192 2419 2330 2474 dixit
2373 2418 2617 2475 Hilarion
2652 2438 2665 2474 :
2696 2419 2996 2491 Oportette
3043 2438 3110 2478 eo
3153 2425 3253 2488 ire,
3283 2436 3339 2481 et

106 2496 389 2566 Ἐπιφάνιος
433 2500 533 2552 οὐκ
599 2498 852 2552 ἐϐούλετο
902 2499 997 2553 τοῦ
1057 2500 1290 2553 ἀκοῦσαι
1340 2502 1449 2553 τῶν
1480 2502 1633 2571 λόγωι

1804 2509 1866 2582 lic
1888 2509 2148 2565 habitare.
2179 2508 2300 2566 Noli
2340 2526 2470 2582 ergo
2513 2512 2776 2569 adversus
2812 2514 2977 2570 verba
3027 2530 3146 2570 mea
3191 2531 3331 2571 eon—

116 2589 402 2660 Ἰλαρίωνος.
437 2592 606 2661 Πάλιν
640 2589 737 2644 οὖν
765 2587 916 2644 εἶπεν
961 2591 1206 2663 Ἰλαρίων
1235 2592 1372 2663 πρὸς
1411 2594 1643 2663 Ἐπιφά-

1812 2580 1999 2667 ndere,
2023 2616 2091 2656 ne
2120 2600 2258 2657 forte
2288 2603 2342 2656 in
2375 2603 2510 2657 mari
2547 2603 2737 2658 venias
2766 2603 2820 2657 in
2862 2604 3189 2673 periculum.
3229 2606 3339 2661 Va-

107 2697 194 2732 νιον
216 2697 228 2709 ·
258 2676 423 2736 Είπὸν
455 2700 558 2746 σοι,
581 2683 789 2746 τέκνον,
817 2683 899 2735 ὅτι
925 2683 1042 2735 ἐκεῖ
1077 2699 1137 2735 σε
1170 2682 1252 2735 δεῖ
1274 2682 1528 2736 ἀπελθεῖν
1555 2686 1634 2738 καῚ

1809 2709 1866 2748 re
1913 2695 2099 2765 itaque
2123 2695 2280 2765 jusso
2312 2692 2616 2760 Hilarione,
2651 2709 2777 2749 cum
2820 2694 2888 2749 ad
2919 2710 3070 2749 mare
3102 2696 3334 2752 descen-

106 2771 199 2824 ἐκεῖ
217 2774 551 2843 κατοικῆσαι.
585 2773 677 2844 Μὴ
706 2769 800 2826 οὖν
833 2774 922 2843 ἔχε
975 2774 1310 2842 φιλονεικίαν
1355 2775 1491 2847 πρὸς
1522 2777 1633 2840 τοὺς

1813 2798 2047 2849 ssemus,
2071 2784 2379 2840 invenimus
2401 2784 2536 2840 duas
2563 2799 2729 2840 naves
2752 2803 2766 2839 :
2792 2801 2981 2852 unam,
3011 2801 3133 2855 qua:
3159 2797 3339 2844 trans-

106 2866 259 2934 λόγους
281 2870 458 2939 ἡμῶν,
495 2872 706 2941 μήποτε
747 2870 839 2923 καὶ
872 2870 1121 2925 κινδύνου
1172 2869 1498 2926 θαλαττικοῦ
1555 2890 1633 2943 με·

1811 2875 2000 2943 ittebat
2028 2876 2387 2943 Ascalonem;
2421 2877 2649 2931 alteram
2687 2891 2837 2943 vero,
2882 2892 3005 2946 quae
3046 2878 3337 2949 navigabat

104 2958 317 3031 ταλάϐῃς.
350 2963 412 3012 Ἀ
423 2961 763 3032 σπασάμενοι
793 2958 908 3024 οὖν,
927 2964 1024 3017 καὶ
1053 2962 1403 3028 κατελθόντες
1431 2964 1523 3017 ἐπὶ
1548 2964 1631 3035 τῆς

1792 2966 2105 3021 alaminam.
2169 2967 2302 3024 Cum
2368 2977 2550 3022 autem
2632 2969 3077 3026 ascendissemus
3123 2985 3317 3025 navent

106 3050 352 3122 θαλάσσης,
408 3052 648 3124 εὕρομεν
676 3054 769 3107 δύο
800 3055 989 3107 πλοῖαο
1042 3054 1102 3107 τὸ
1158 3053 1216 3107 ἒν
1261 3054 1535 3127 διαπερῶν
1566 3058 1633 3120 είς

1804 3073 1872 3112 ta:
1916 3067 2038 3113 erat
2082 3058 2222 3112 itura
2275 3059 2635 3121 Ascalonem,
2693 3059 2794 3114 fuit
2842 3060 2897 3115 in
2948 3062 3087 3116 mari
3136 3077 3331 3132 magna

104 3138 397 3208 Ἀσκαλῶνα,
444 3145 541 3198 καὶ
586 3145 650 3198 τὸ
678 3144 808 3198 ἄλλο
857 3144 1109 3198 διαπλέον
1159 3148 1239 3209 είς
1296 3146 1631 3217 Σαλαμήνην

1804 3153 2061 3212 mpestas.
2092 3142 2325 3213 Fuitque
2353 3146 2507 3200 navis
2554 3146 2606 3199 iu
2639 3147 2881 3215 periculo
2953 3164 3021 3205 ne
3051 3149 3331 3220 frangere-

105 3232 417 3288 Ἀνελθόντων
439 3236 497 3288 δὲ
516 3235 675 3307 ἡμῶν
702 3237 760 3289 ἐν
777 3235 854 3306 τῷ
880 3236 1051 3307 πλοίῳ
1082 3236 1174 3290 τοῦ
1203 3237 1294 3290 ἐπὶ
1328 3238 1632 3292 Ἀσκαλῶνσ

1810 3249 1837 3287 r
1881 3248 1911 3287 a
1944 3234 1997 3287 vi
2043 3234 2335 3289 undarum.
2380 3232 2717 3305 Fuimusque
2768 3236 2822 3291 in
2869 3241 3008 3293 mari
3055 3251 3167 3295 tres
3209 3242 3331 3298 dies

105 3324 275 3393 ἔχοντος
294 3327 619 3391 ἀποπλέειν,
656 3327 870 3397 ἐγένετο
902 3328 1099 3398 λαίλαψ
1130 3329 1303 3399 μέγας
1336 3330 1394 3381 ἐν
1425 3332 1491 3401 τῇ
1545 3329 1632 3384 θα-

1797 3325 1927 3380 timo
1951 3324 2106 3380 valde
2131 3326 2314 3382 anxio.
2344 3325 2552 3393 Quarto
2572 3335 2754 3382 autem
2787 3328 2875 3383 die
2913 3331 3192 3399 superavit
3222 3347 3322 3388 na-

102 3414 256 3490 λὰσσῃ,
290 3422 377 3474 καὶ
417 3421 479 3474 τὸ
511 3421 695 3474 πλοῖον
734 3420 1070 3474 ἐκινδύνευεν
1120 3421 1214 3476 τοῦ
1264 3422 1629 3493 συντριόῆναι.

1799 3432 1823 3470 s
1848 3415 2045 3471 ﬂuctus
2097 3418 2189 3486 qui
2222 3418 2565 3488 ingruebant,
2605 3428 2660 3473 et
2686 3418 2739 3473 iu
2771 3417 3192 3474 Salaminiorum
3225 3435 3326 3477 nes

105 3505 424 3581 Ἐποιήσαμεν
455 3512 515 3565 δὲ
540 3515 690 3583 τρεῖς
712 3513 925 3584 ἡμέρας
961 3513 1019 3566 ἐν
1047 3515 1113 3584 τῇ
1150 3513 1395 3585 θαλάσσῃ
1416 3553 1430 3578 ,
1473 3515 1632 3567 ἀπευ-

1796 3506 1849 3574 git
1877 3508 2175 3562 civitatem.
2212 3507 2359 3563 Nave
2384 3524 2516 3565 vero
2549 3509 2754 3580 egressi
2800 3525 3011 3575 omnes,
3044 3511 3197 3565 humi
3233 3512 3323 3581 jac

104 3596 379 3669 δοκήσαντες
404 3602 621 3657 ἑαυτῶν
642 3622 655 3633 ·
700 3603 793 3656 καὶ
818 3606 887 3675 τῇ
915 3604 1154 3676 τετάρτῃ
1199 3604 1382 3676 ἡμέρα
1417 3604 1631 3670 ἐδίωξαν

1796 3599 1934 3654 :hant
1973 3601 2175 3655 mortui
2203 3600 2275 3656 ob
2305 3603 2414 3657 vim
2460 3601 2748 3666 ﬂuctuum,
2781 3618 3148 3674 magnamque
3184 3604 3323 3659 atill-

107 3688 152 3739 τὸ
180 3693 337 3748 πλοῖον
359 3698 439 3759 είς
468 3696 540 3749 τά
574 3696 945 3767 ἐπιφερόμενα
964 3695 1185 3767 κύματα
1207 3713 1220 3726 ·
1252 3697 1348 3749 καὶ
1378 3696 1634 3767 προσεπέ-

1796 3690 1974 3745 ionem
2008 3700 2068 3745 et
2106 3692 2363 3747 inediam.
2414 3691 2818 3774 Mansitautem
2853 3695 2907 3749 in
2954 3711 3020 3750 eo
3064 3696 3185 3751 loco
3218 3712 3323 3751 na.

105 3775 234 3833 λασαν
254 3783 387 3852 ἡμᾶς
415 3786 514 3838 ἐπὶ
537 3783 638 3857 τὴν
669 3784 1034 3857 Σαλαμηνέων
1064 3786 1238 3840 πόλιν.
1266 3785 1376 3839 Καὶ
1403 3786 1468 3857 δὴ
1490 3785 1631 3850 ἐξελ-

1797 3795 1842 3843 s,
1887 3788 1947 3834 ut
1985 3780 2317 3836 reﬁceretur.
2354 3781 2484 3837 Erat
2511 3783 2726 3837 enitn'a
2772 3784 2825 3836 vi
2876 3784 3141 3838 undarum
3189 3800 3324 3840 con-

107 3866 250 3935 θόντες
278 3876 379 3928 ἀπὸ
398 3874 497 3929 τοῦ
533 3875 722 3929 πλοίου
752 3876 961 3930 ἔκειντο
993 3877 1232 3941 ἅπαντες
1260 3878 1354 3930 ἐπὶ
1402 3875 1500 3947 τὴν
1532 3877 1634 3947 γῆν

1792 3870 1911 3925 tlsa.
1957 3868 2211 3939 Cumque
2240 3881 2350 3927 tres
2372 3872 2489 3927 dies
2518 3872 2629 3927 illic
2662 3871 2983 3938 fuissemus,
3010 3872 3110 3927 Dei
3145 3876 3317 3942 gratia

105 3964 246 4030 νεκροὶ
276 3966 374 4019 ἀπὸ
404 3967 507 4038 τῆς
551 3966 753 4037 πολλῆς
804 3968 1032 4038 θλίψεως
1091 3970 1184 4023 καὶ
1235 3968 1334 4039 τῆς
1395 3968 1629 4031 ἀσιτίας.

1791 3985 1793 4013 ι
1845 3964 2133 4032 pristinum
2183 3978 2378 4019 sumus
2408 3972 2609 4019 statum
2668 3965 2929 4019 restituti.
2995 3963 3318 4035 Rursusque

105 4050 368 4123 Ἐπέμεινεν
399 4059 455 4112 δὲ
499 4058 561 4111 τὸ
596 4058 779 4112 πλοῖον
838 4060 929 4114 ἐπὶ
968 4060 1045 4132 τῷ
1097 4061 1251 4131 τόπῳ
1316 4058 1632 4129 ἐπιμελείας

1579 4075 1637 4122 at;
1743 4057 1960 4111 volt-bat
1987 4054 2326 4127 Epiphanius
2357 4073 2421 4112 ex
2453 4072 2519 4112 eo
2546 4073 2647 4114 nos
2678 4059 2798 4113 loco
2834 4058 3106 4128 navigare.

104 4149 257 4211 τυχεῖν.
276 4144 373 4203 Ἦν
387 4153 501 4222 γὰρ
538 4153 856 4207 ἀσπάσαντα
887 4152 1011 4226 [sic]
1040 4153 1147 4208 ἀπὺ
1172 4154 1269 4225 τῆς
1288 4152 1407 4224 βίας
1446 4151 1724 4223 κυμάτων.
1747 4150 2092 4216 Ποιησάντων
2118 4145 2210 4204 οὖν
2236 4151 2392 4221 ἡμῶν
2423 4154 2571 4223 τρεῖς
2598 4151 2810 4222 ἡμέρας
2843 4149 2923 4203 διὰ
2950 4151 3049 4220 τῆς
3066 4148 3157 4201 τοῦ
3179 4148 3314 4202 Θεοῦ

102 4236 290 4304 Χάριτος.
318 4243 553 4315 ἤλθομεν
574 4248 631 4299 ἐν
660 4249 987 4302 καταστάσει
1008 4264 1022 4278 ·
1050 4250 1142 4301 καὶ
1177 4248 1336 4301 πάλιν
1371 4246 1619 4300 ἐϐούλετο
1655 4246 1973 4315 Ἐπιφάνιος
2037 4247 2130 4300 τοῦ
2187 4246 2483 4300 ἀποπλέειν
2523 4246 2672 4317 ἡμᾶς
2704 4244 2812 4298 ἀπὺ
2855 4242 2951 4297 τοῦ
2994 4244 3181 4297 τόπου.
3207 4241 3315 4297 Ἦν

101 4323 177 4381 δὲό
205 4334 479 4401 ἐπίσκοπος
508 4337 601 4391 τοῦ
636 4326 823 4400 τόπου,
858 4340 1000 4409 λέγω
1036 4340 1099 4412 δὴ
1138 4340 1238 4409 τῆς
1280 4339 1483 4401 πόλεως
1518 4337 1903 4408 Σαλαμηνέων,
1932 4339 2239 4404 ὑπεξελθὼν
2267 4339 2356 4391 τὸν
2383 4336 2516 4408 βίον.
2996 4370 2997 4373 η
3098 4383 3105 4389 .

152 4423 250 4479 AA'.
284 4423 455 4483 Ἦσαν
506 4427 601 4485 οὖν
634 4432 870 4497 ἅπαντες
903 4437 951 4486 οἱ
982 4422 1267 4487 ἐπίσκοποι
1321 4433 1421 4503 τῆς
1465 4432 1625 4503 νήσου
1660 4442 1679 4497 ι

1803 4431 2042 4487 XXXIV.
2065 4432 2233 4487 Erant
2255 4442 2437 4486 autem
2452 4428 2764 4501 congregati
2791 4428 3187 4485 omnesinsuiae
3198 4430 3314 4498 cpi-

106 4515 401 4584 εὐναχθέντες
426 4524 519 4583 ἐπὶ
560 4523 622 4575 τὸ
652 4524 1024 4595 χειροτονῆσαι
1066 4524 1155 4578 τὸν
1184 4524 1476 4594 δυνάμενον
1511 4539 1629 4574 ποι-

1781 4524 1885 4592 'Opi
1909 4523 1974 4578 ad
1992 4523 2350 4578 ordinandum
2372 4537 2520 4588 eum,
2536 4521 2627 4592 qui
2646 4528 2830 4590 posset
2850 4534 3073 4589 pascere
3094 4535 3308 4590 gregem

107 4602 270 4663 μαίνειν
298 4608 388 4678 τὴν
418 4612 660 4683 ποίμνην
696 4612 790 4666 τοῦ
823 4611 1264 4685 ΧριστοῧῙΠσαν
1298 4610 1389 4667 οὖν
1414 4613 1628 4684 ἡμέρας

1782 4617 1961 4671 hristi.
1995 4615 2037 4668 E
2070 4616 2180 4670 vita
2213 4614 2357 4668 enim
2393 4614 2628 4669 humana
2671 4622 2983 4667 excesserat
3022 4612 3169 4666 illius
3203 4612 3304 4666 luci

105 4688 168 4741 ἐπὶ
194 4692 244 4745 τὸ
268 4696 390 4751 αὐτὸ
424 4700 657 4771 ἔχοντες,
690 4703 782 4756 καὶ
809 4704 1057 4775 δεόμενοι
1083 4704 1176 4757 τοῦ
1198 4701 1457 4773 Χριστοῦ,
1480 4703 1627 4764 ὅπως

1776 4707 2043 4776 piscopus,
2090 4705 2350 4771 civitatis,
2380 4705 2629 4773 inquam,
2663 4702 3114 4758 Salaminiorum.
3152 4700 3303 4756 Jam-

103 4777 383 4858 ὰποκαλύψει
418 4792 602 4857 αὐτοῖς
651 4795 741 4847 τὸν
789 4794 1085 4866 δυνάμενον
1125 4793 1489 4866 χρησιμεῦσαι
1536 4791 1628 4844 ἐπὶ

1782 4811 1843 4851 ue
1884 4798 2093 4867 aliquot
2118 4796 2236 4852 dies
2271 4796 2656 4867 precabantur,
2686 4802 2740 4848 ct
2771 4793 2937 4848 Deum
2969 4794 3198 4848 orabant
3248 4803 3309 4849 ut

102 4868 173 4936 τῆς
201 4875 475 4954 ἱερωσύνης
493 4901 507 4915 ο
539 4880 609 4956 ἦν
637 4884 694 4939 δέ
718 4903 801 4950 τις
830 4886 937 4939 τῶν
970 4887 1282 4940 ἐπισκόπων
1313 4887 1459 4950 ὅσιος
1488 4885 1627 4954 ἀνὴρ

1782 4887 1893 4942 :Ilet
1937 4888 2018 4944 eis
2067 4884 2319 4943 revelare
2356 4886 2605 4955 quisnam
2662 4885 2727 4939 ad
2782 4886 2885 4939 hoc
2920 4884 3138 4938 futurus
3164 4893 3309 4938 esset

102 4962 180 5052 ᾴπδ
200 4975 416 5043 σημείων
443 4987 522 5033 κε’
543 4980 643 5052 τῆς
671 4980 1032 5052 Σαλαμηνέων
1072 4981 1279 5045 πόλεως
1326 4966 1619 5051 χειροτονι-

1769 4980 1898 5036 tilis.
1934 4979 2064 5034 Erat
2110 4993 2175 5033 ex
2228 4975 2500 5045 episcopis
2544 4975 2765 5045 quidam
2806 4975 2888 5028 vir
2928 4982 3169 5036 sanctus,
3204 4973 3296 5041 qui

103 5049 185 5119 θεὶς
209 5061 257 5113 ὲν
278 5066 418 5123 πόλει
447 5049 663 5144 οἰκτρᾷ,
700 5049 915 5145 κυθρίᾲ
939 5071 1266 5147 καλουμένῃ.
1282 5049 1480 5126 Τοῦτον
1501 5071 1617 5126 ἐλε-

1771 5080 1911 5127 terat
1946 5071 2228 5125 ordinatus
2254 5069 2306 5121 in
2335 5066 2629 5122 miserabili
2653 5068 2887 5134 quadam
2917 5063 3153 5126 civitate,
3177 5078 3298 5134 quae

102 5158 171 5236 γ’ξν
191 5149 312 5222 ἔχειν
336 5160 390 5212 ἐν
416 5165 482 5233 τῇ
511 5163 785 5235 ἐπισκοπῇ
813 5161 1294 5236 πεντηκονταοκτὼ
1319 5161 1617 5226 ἐνιαυτούς.

1779 5165 2023 5220 icabatur
2051 5161 2268 5234 Cytria;
2318 5159 2559 5216 distabat
2591 5168 2774 5213 autem
2811 5155 3089 5212 Salamina
3120 5157 3187 5211 ad
3223 5159 3306 5213 vi-

104 5231 229 5327 9”?“
256 5231 555 5325 κατηξιώθη
596 5255 691 5309 καὶ
726 5231 1025 5327 μαρτυρίου
1049 5270 1064 5285 ⁸
1108 5254 1203 5309 καὶ
1233 5253 1405 5308 πολλὰ
1434 5254 1622 5310 παθὼν

1778 5257 1987 5312 :sintum
2036 5231 2288 5324 quintum
2334 5250 2593 5322 lapidem.
2642 5248 2778 5304 Eum
2827 5249 3080 5304 dicebant
3133 5247 3305 5305 fuisse

102 5316 167 5418 ειξ
288 5316 821 5415 Χριστὺνίάπελύθτί
848 5316 941 5396 ἐπὶ
970 5346 1034 5415 τῇ
1066 5343 1326 5417 ὁμολογίᾳ
1357 5344 1452 5398 τοῦ
1489 5344 1621 5399 Υίοῧ

1777 5316 2118 5418 ιίηιιυσείιιίε
2145 5353 2270 5400 octo
2292 5316 2465 5400 ann-os
2495 5343 2548 5398 in
2576 5345 2918 5414 episcopatu.
2943 5341 3144 5397 Fuerat
3173 5357 3304 5396 vero

103 5409 170 5513 “Et
191 5416 326 5513 θεοῦ.
351 5427 551 5484 Τοῦτον
580 5431 762 5501 ἔλεγον
795 5409 1160 5504 κεκρατῆσθαι
1367 5435 1622 5490 Γελασίου

1801 5409 2021 5507 qubqu'e
2049 5435 2305 5505 dignatus
2335 5434 2594 5513 martyrio
2614 5409 2637 5489 ﬁ:
2668 5442 2721 5489 et
2751 5409 2878 5489 cum
2912 5432 3082 5487 multa
3105 5445 3304 5501 passus

104 5503 171 5557 W3
194 5509 468 5575 ἐπισκόπου
501 5523 601 5591 τῆς
627 5524 988 5597 Σαλαμηνέων
1014 5503 1219 5592 πόλεωξ
1255 5528 1348 5581 ἐπὶ
1387 5529 1448 5582 τδ
1483 5546 1622 5602 μαρ·

1775 5503 2174 5598 asset-propter
2207 5503 2510 5591 Christum,
2546 5524 2829 5580 absolutus
2861 5522 2963 5579 fuit
3005 5523 3055 5576 in
3087 5521 3302 5579 conlcs-
