3866 6066
533 106 604 168 (l7
1594 174 1597 177 Α
1829 103 1884 156 s.
1921 99 2262 156 nmruaxu
2304 98 2484 155 \‘lTA.
3686 115 3750 168 σε

533 230 689 288 sione
729 228 851 283 Filii
902 225 1018 280 Dei.
1055 224 1191 279 Eum
1224 223 1480 279 dicebant
1529 223 1700 278 fuisse
1723 232 1939 293 captum
1973 237 2098 277 cum

2215 217 2568 293 τυρῆσαι.⁰Πν
2599 220 2654 275 δὲ
2684 218 2742 274 τὸ
2789 222 2846 274 ἐν
2889 225 3167 292 γεννητοῖς
3200 223 3275 295 (α)
3324 224 3483 278 αὐτοῦ
3509 224 3662 298 ονομα
3690 234 3752 284 τὸ

532 321 750 378 Gelasio
782 319 1040 388 episcopo
1071 315 1308 370 civitatis
1338 311 1759 368 Salaminiorum
1788 314 1854 368 ad
1890 314 2016 378 hoc,
2041 320 2103 367 ut

535 417 720 466 essent
749 416 1035 478 martyres.
1061 404 1190 459 Erat
1217 415 1397 458 autem
1422 404 1472 457 ei
1505 416 1703 458 nomen
1729 404 1799 457 ab
1814 406 1940 458 'ortu
1962 402 2101 472 Pap-

536 516 660 571 pus,
696 498 789 568 qui
823 498 938 566 ipse
966 509 1184 565 quoque
1208 502 1327 547 erat
1350 509 1475 549 cum
1500 492 1791 562 episcoiiis.
1828 490 1964 545 Eum
1986 492 2103 561 cpi-

537 590 686 658 scopi
714 602 904 644 omnes
938 586 1210 641 habebant
1260 593 1323 639 ut
1371 593 1600 654 patrem,
1636 592 1856 653 propter
1889 581 2106 637 confes-

539 684 747 737 sionem
793 679 847 733 in
895 676 1137 741 Christo,
1166 683 1223 730 et
1266 685 1489 745 propter
1517 688 1692 729 annos
1728 673 2100 742 episcopatus.

539 773 706 828 Porro
741 772 789 826 is
820 770 1055 825 habebat
1079 769 1245 825 etiam
1271 766 1365 821 Del
1392 765 1810 837 prmscientiam.
1846 762 1914 818 Et
1961 777 2108 818 reve-

539 865 704 918 latum
736 862 816 917 illi
850 861 1029 916 fuerat
1072 860 1141 915 de
1181 856 1509 929 Epiphanio,
1540 867 1600 911 ut
1625 856 1973 910 ordinaretur
2008 851 2107 908 Sa~

539 952 884 1009 laminiorum
907 949 1161 1006 Ecclesiae
1191 949 1497 1019 episcopus.
1524 945 1656 1000 Erat
1684 953 1861 1015 autem
1892 951 2105 1012 tempus

539 1046 809 1110 aestivum,
839 1043 981 1114 quod
1011 1056 1144 1097 uvas
1178 1049 1423 1095 maturas
1451 1039 1564 1109 jam
1616 1036 1932 1109 perurebat.
1968 1033 2105 1089 Cum

541 1134 672 1206 ergo
709 1135 990 1192 statuisset
1013 1132 1351 1202 Epiphanius
1374 1130 1627 1198 navigare
1650 1144 1679 1183 a
1702 1127 1921 1183 civitate
1951 1124 2106 1181 Salao
2140 1138 2166 1147 “'

542 1230 859 1293 miniorum,
888 1226 1027 1282 dixit
1063 1226 1197 1280 mihi
1248 1233 1304 1280 et
1344 1223 1573 1296 Polybio
1606 1241 1620 1278 :
1654 1223 1877 1286 Eamus,
1904 1221 2023 1288 ﬁlii,
2052 1222 2108 1276 in

543 1321 743 1385 forum,
776 1328 831 1374 et
878 1331 1125 1373 emamus
1164 1330 1321 1372 uvas.
1350 1316 1598 1386 Cumque
1620 1330 1651 1371 e
1682 1313 1805 1369 navi
1841 1314 1897 1368 in
1928 1311 2107 1368 forum

541 1412 888 1475 abiissemus,
921 1418 976 1464 et
1017 1408 1353 1464 venditorem
1398 1407 1840 1473 conveniremus,
1873 1404 2109 1476 Epipha-

545 1504 688 1566 nius,
731 1501 972 1571 acceptis
1022 1500 1237 1559 duobus
1291 1500 1465 1555 botris
1512 1498 1936 1569 pulcherrimis,
1977 1498 2114 1553 dixit

2202 313 2308 367 ὑπὸ
2333 313 2442 366 τῶν
2470 310 2671 381 γονέων
2698 311 3009 384 τεθειμένον
3038 314 3290 381 Πάππος,
3320 316 3379 380 ὃς
3404 313 3469 387 ἦν
3495 318 3582 370 καὶ
3607 319 3752 385 “om;

2206 403 2344 474 μετὰ
2370 403 2491 457 τῶν
2522 402 2852 456 ἐπισκόπων.
2885 402 3086 458 Τοῦτον
3128 399 3273 475 εἶχον
3316 405 3545 471 ἅπαντες
3570 410 3613 461 oi
3640 411 3750 463 ἐπει

2205 512 2396 550 σκοποι
2446 496 2522 559 ὡς
2557 496 2787 567 πατέρα,
2820 495 2911 548 διά
2937 511 2995 548 τε
3018 496 3117 567 τὴν
3145 498 3211 567 ἐν
3229 498 3448 570 Χριστῷ
3469 499 3750 570 ὁμολογίαν.

2203 588 2298 641 καὶ
2321 586 2411 641 διὰ
2442 585 2510 639 τὰ
2538 585 2632 657 ἐτη
2665 586 2765 656 τῆς
2796 581 3231 656 ἐπισκοπῆςῘΗν
3265 587 3323 641 δὲ
3356 588 3449 641 καὶ
3473 590 3755 659 πρόγνωσιν

2202 673 2338 728 Θεοῦ
2386 674 2547 746 ἔχων.
2589 674 2776 746 Τούτῳ
2827 675 3184 747 ἀπεκαλύφθη
3244 676 3375 748 περὶ
3415 678 3698 748 Ἐπιφανίου
3733 721 3749 744 ,

2203 767 2352 830 ὃπως
2396 765 2741 837 χειροτονηθῇ
2787 766 2880 820 ἐπὶ
2925 769 3025 838 τῆς
3065 766 3427 840 Σαλαμηνέων
3458 769 3756 841 Ἐκκλησίας

2205 853 2637 920 ἐπίσκοποςῙΗν
2657 856 2713 909 δὲ
2738 857 2766 909 ό
2798 858 2987 929 καιρὸς
3012 854 3220 929 θερίνὺς
3247 858 3547 932 πρόδρομος
3567 878 3756 931 σταφυι

2205 946 2330 999 λῶνε
2351 947 2437 1010 Ὡς
2469 944 2560 1001 οὖν
2585 947 2797 1019 ἔκρινεν
2843 948 3155 1018 Ἐπιφάνιος
3182 950 3276 1004 τοῦ
3311 951 3593 1005 ἀποπλέειν
3618 954 3757 1022 ἡμᾶς

2207 1036 2315 1089 ἀπὸ
2333 1036 2432 1107 τῆς
2450 1037 2593 1091 Σαλα
2599 1037 2811 1108 μηνέων
2830 1036 3059 1103 πόλεως,
3077 1034 3232 1091 εἶπεν
3257 1037 3394 1109 πρὸς
3423 1040 3489 1111 μὲ
3527 1043 3613 1094 καὶ
3631 1043 3759 1112 πρὸς

2217 1127 2296 1181 τὸν
2342 1125 2604 1181 Πολύϐιον
2624 1140 2638 1155 ⁸
2668 1129 2929 1198 ’Δγομεν,
2975 1126 3184 1191 τέκνον,
3217 1128 3311 1182 ἐπὶ
3354 1129 3446 1182 τοῦ
3490 1131 3759 1201 ἐμπορίου,

2208 1215 2529 1288 ὠνησόμεθα
2571 1216 2843 1285 σταφυλὰς
2880 1217 2937 1268 ἐν
2967 1214 3045 1286 τῷ
3088 1215 3478 1288 πλοίῳ.⁹Πμῶν
3512 1218 3565 1271 δὲ
3595 1218 3763 1272 ἐλθόν-

2209 1325 2317 1361 των
2363 1308 2456 1361 ἐπὶ
2503 1304 2600 1361 τοῦ
2643 1306 2930 1379 ἐμπορίου,
2965 1306 3057 1359 καὶ
3104 1307 3531 1377 συμφωνούντων
3569 1310 3652 1362 ἐπὶ
3684 1309 3763 1379 τῷ

2212 1397 2745 1470 πράτῃ,Ἐπιφάνιος
2801 1396 2981 1450 λαϐὼν
3030 1395 3124 1449 δύο
3173 1396 3404 1469 βότρυας
3446 1399 3763 1464 καλλίστους,

2214 1489 2377 1561 φησιν
2421 1487 2500 1558 τῷ
2543 1489 2752 1560 πράτῃ’
2788 1490 2853 1543 Τί
2892 1493 3250 1563 προστάσσεις
3280 1491 3435 1546 δώσω
3465 1510 3542 1545 σοι
3566 1492 3649 1546 δύο
3674 1492 3765 1562 Bo-

540 1595 809 1650 venditori
837 1613 850 1645 :
876 1593 1015 1661 Quid
1046 1594 1130 1650 vis
1160 1593 1260 1648 tibi
1288 1594 1411 1648 dem
1443 1607 1542 1663 pro
1567 1593 1654 1646 his
1673 1592 1888 1647 duobus
1912 1591 2114 1647 botris?

2215 1579 2429 1651 τρύων;
2460 1574 2569 1633 *Ην
2618 1578 2673 1632 δὲ
2724 1579 2843 1644 ἔθος
2888 1582 3187 1652 Ἐπιφανίῳ
3218 1582 3293 1652 μὴ
3322 1581 3629 1650 ἀντιλέγειν.
3660 1580 3765 1634 Τοῦ

540 1684 843 1754 Epiphanio
882 1692 1065 1738 autem
1097 1698 1219 1739 mos
1252 1690 1371 1738 erat
1399 1697 1509 1737 non
1544 1682 1939 1738 contradicere.
1975 1679 2113 1736 Cum

541 1789 669 1830 vero
699 1774 951 1828 venditor
980 1771 1210 1828 dixisset
1234 1772 1469 1842 pretium
1500 1786 1752 1834 uvarum,
1780 1770 2116 1840 Epiphanius

542 1863 750 1931 accepit
780 1862 1091 1932 pecuniam,
1120 1870 1182 1916 ut
1219 1860 1456 1916 solveret
1506 1859 1791 1916 venditori.
1827 1858 1981 1915 Tunc
2024 1873 2117 1914 ac-

543 1951 685 2005 cedit
719 1959 941 2006 sanctus
970 1950 1209 2021 Pappus,
1238 1950 1495 2006 suﬁultus
1523 1966 1552 2004 a
1585 1949 1801 2005 duobus
1845 1949 2113 2004 diaconis.

544 2042 712 2097 Erant
754 2049 935 2097 autem
981 2049 1092 2097 tres
1136 2056 1355 2111 quoque
1401 2056 1527 2096 cum
1568 2040 1685 2110 ipso
1714 2039 1976 2109 episcopi.
2012 2036 2115 2105 Qui

542 2147 667 2187 cum
691 2132 1220 2202 appropinquassent
1236 2130 1561 2201 Epiphanio,
1580 2129 1917 2200 Epiphanius
1933 2130 2115 2185 botros

543 2223 777 2278 habebat
827 2222 883 2277 in
928 2222 1198 2285 manibus,
1230 2231 1284 2277 et
1328 2236 1518 2277 eorum
1566 2221 1818 2290 pretium.
1855 2219 2118 2275 Dixerunt

542 2323 721 2368 autem
756 2313 979 2383 quidam
1006 2325 1074 2368 ex
1102 2313 1413 2367 astantibus
1448 2331 1462 2367 :
1502 2312 1641 2368 Ecce
1670 2313 1760 2385 hic
1786 2312 1985 2367 adsunt
2004 2311 2116 2382 cpi-

545 2404 718 2473 scopi.
748 2403 1024 2472 Incipiens
1072 2412 1255 2457 autem
1304 2401 1549 2472 Pappus,
1580 2402 1719 2457 dixit
1762 2401 2068 2472 Epiphanio
2100 2420 2112 2456 :

547 2496 786 2558 Dimitte,
820 2508 854 2548 ο
900 2493 1061 2559 abba,
1102 2493 1291 2549 botros
1335 2492 1481 2562 apud
1527 2492 1884 2557 venditorem,
1935 2500 1987 2545 et
2035 2505 2121 2545 se-

546 2600 714 2655 quere
746 2598 846 2639 nos
873 2584 927 2639 in
962 2583 1276 2639 ecclesiam.
1312 2581 1650 2637 Recordatus
1686 2596 1813 2636 vero
1838 2581 1988 2635 verbi
2036 2581 2118 2634 di-

548 2677 657 2732 vini
687 2676 829 2745 quod
853 2676 986 2731 dicit
1017 2683 1072 2731 et
1105 2674 1381 2746 eloquitur
1407 2692 1422 2730 :
1454 2673 1691 2730 Lanatus
1718 2690 1832 2728 sum
1865 2675 1918 2727 in
1937 2675 2005 2727 iis
2031 2675 2118 2744 qui

548 2774 795 2828 dixerunt
837 2773 965 2826 mihi
993 2786 1012 2825 :
1047 2768 1115 2825 In
1146 2772 1363 2826 domum
1411 2769 1627 2825 Domini
1658 2771 1888 2824 ibimua’
1922 2788 1935 2820 :
1964 2785 2121 2824 secu-

549 2877 637 2924 tus
666 2875 750 2923 est
795 2867 850 2921 in
906 2865 1216 2921 ecclesiam.
1248 2862 1465 2934 Pappus
1496 2874 1677 2919 autem
1708 2863 1845 2918 dixit
1874 2861 2116 2932 Epipha-
2144 2898 2185 2953 ο

546 2958 641 3012 nio
677 2977 690 3012 :
726 2953 834 3013 Fac
864 2958 1187 3022 orationem,
1218 2972 1253 3013 o
1277 2956 1456 3012 Pater.
1482 2955 1638 3023 Quod
1667 2955 1879 3010 diccbat
1903 2954 2116 3023 Pappus

548 3047 873 3118 Epiphanio,
913 3057 973 3101 ut
1022 3062 1082 3102 se
1130 3047 1466 3118 signiﬁcaret
1494 3047 1773 3103 clericum.
1805 3043 1985 3115 Pappo
2013 3060 2116 3098 auo

549 3148 656 3194 tem
702 3138 839 3193 dixit
882 3137 1217 3208 Epiphanius
1249 3157 1262 3193 :
1294 3135 1518 3209 Ignosce
1567 3137 1724 3200 mihi,
1768 3135 1926 3191 Pater
1959 3153 1971 3188 :
2007 3148 2113 3189 non

547 3242 670 3283 sum
701 3228 846 3282 enim
886 3228 942 3282 in
973 3228 1142 3283 clero.
1170 3227 1319 3283 Dixit
1342 3226 1562 3298 Pappus
1591 3226 1898 3297 Epiphanio
1923 3244 1937 3280 :
1961 3225 2114 3291 Vide,

545 3334 580 3374 ο
605 3317 701 3384 illi,
732 3333 800 3373 ne
830 3332 998 3389 neges
1040 3334 1224 3374 coram
1263 3327 1342 3374 tot
1369 3319 1574 3374 sanctis
1608 3316 1880 3383 Patribus,
1905 3325 1959 3373 et
1986 3332 2119 3373 con-

545 3410 841 3475 demneris,
867 3418 930 3464 ut
951 3412 1043 3479 qui
1075 3411 1361 3466 abscondit
1386 3411 1667 3465 talentum.
1705 3408 1954 3479 Dixitque
1986 3407 2117 3477 Epi-

546 3499 783 3569 phanius
815 3517 830 3553 :
859 3497 1000 3565 Non,
1034 3496 1213 3563 Pater,
1258 3512 1368 3554 non
1419 3514 1541 3554 sum
1567 3498 1818 3554 clericus.
1851 3497 1976 3553 Haec
2021 3512 2120 3552 au-

551 3597 660 3643 tem
686 3602 810 3643 cum
834 3588 1064 3643 dixisset
1084 3587 1445 3658 Epiphanius,
1471 3586 1689 3658 Pappns
1733 3588 1883 3643 dedit
1906 3601 2115 3657 pacem.

549 3675 705 3733 Unus
727 3692 857 3733 vero
881 3693 951 3733 ex
978 3678 1249 3745 diaconis,
1290 3678 1465 3748 capite
1509 3678 1849 3749 apprehenso
1877 3677 2117 3749 Epipha-

549 3769 660 3834 nio,
694 3783 820 3824 eum
872 3769 926 3823 vi
971 3768 1133 3825 duxit
1182 3768 1252 3824 ad
1299 3768 1544 3840 Pappum
1577 3769 1646 3825 ad
1679 3769 1867 3834 altare,
1899 3770 2034 3824 adeo
2061 3778 2121 3826 ut

548 3860 705 3914 multi
733 3875 949 3930 quoque
975 3861 1068 3915 alii
1092 3863 1467 3927 convenerint,
1494 3870 1555 3916 ut
1584 3875 1711 3916 eum
1744 3868 2021 3916 servarent
2051 3861 2120 3917 ad

547 3951 738 4009 altare.
763 3950 900 4005 Eum
929 3951 1113 4021 itaque
1141 3952 1357 4007 ordinat
1387 3952 1676 4008 diaconum
1694 3948 1716 4019 ;“
1738 3961 1792 4007 et
1816 3967 2007 4009 rursus
2028 3953 2122 4008 dat

547 4043 597 4097 ei
629 4057 835 4109 pacem,
867 4051 924 4096 et
949 4042 1128 4110 ipsum
1160 4042 1379 4097 ordinat
1404 4033 1798 4113 presbyterum.
1825 4043 2039 4100 Rursus
2062 4044 2122 4099 fit

549 4131 959 4201 consequentia,
987 4139 1044 4186 et
1086 4146 1213 4187 eum
1270 4132 1487 4187 ordinat
1515 4133 1851 4203 episcopum.
1878 4131 2011 4188 Post
2038 4133 2121 4188 di-

548 4221 867 4277 missionem
904 4228 1090 4278 autem
1136 4223 1205 4278 ab
1253 4224 1504 4287 ecclesia,
1533 4224 1882 4280 ascendimus
1911 4224 1966 4279 in
2000 4224 2115 4294 epi-
2148 4231 2192 4287 ι)

550 4310 1010 4379 secpatutn.Dix-it
1032 4322 1213 4367 autem
1240 4311 1458 4383 Pappus
1486 4311 1789 4383 Epiphanio
1818 4327 1833 4365 :
1866 4312 1994 4381 Age,
2019 4310 2116 4376 ﬁli,

550 4400 841 4455 adhortare
893 4400 1098 4467 Patres,
1135 4410 1197 4456 ut
1241 4401 1490 4458 fruamur
1537 4413 1584 4457 et
1641 4403 1886 4459 laetemur
1927 4403 1994 4458 de
2025 4411 2119 4458 tua

550 4492 889 4560 paternitate.
919 4489 1059 4545 Cum
1086 4492 1191 4548 boc
1227 4494 1463 4562 graviter
1488 4491 1652 4548 ferret
1684 4492 2039 4564 Epiphanius,
2064 4501 2120 4549 et

548 4591 839 4651 angeretur
884 4581 1069 4634 animo
1093 4590 1150 4637 et
1175 4580 1348 4647 ﬂeret,
1375 4582 1513 4636 dixit
1535 4581 1750 4652 Pappus
1780 4600 1795 4637 :
1825 4581 2119 4653 Oportebat

549 4672 768 4738 quidem
797 4684 899 4726 nos
923 4677 1122 4733 tacere,
1150 4684 1184 4725 ο
1209 4671 1285 4724 (ili
1314 4670 1749 4741 Epiphanie.Fio
1770 4682 1971 4740 autem,
1993 4689 2117 4729 cum

549 4773 655 4827 ego
685 4768 736 4814 te
768 4760 884 4828 ipse
908 4760 1241 4829 quaesierim,
1274 4762 1560 4832 insipiens.
1584 4761 1717 4817 Nam
1764 4779 1888 4819 cum
1932 4763 2119 4821 Patres

550 4849 640 4904 hic
675 4859 857 4906 essent
889 4853 1221 4921 congregati,
1257 4851 1351 4908 Dei
1387 4853 1665 4909 voluntate
1699 4855 1829 4909 mihi
1857 4856 2120 4913 dederunt

549 4940 656 4996 hoc
692 4942 971 5013 negotium
1016 4942 1104 4999 ad“
1138 4944 1553 5013 signiﬁcandum
1597 4946 1934 5018 episcopum.
1970 4947 2118 5019 lique

547 5046 740 5088 omnes
791 5034 926 5089 mihi
954 5033 1305 5107 exhibebant
1349 5037 1651 5107 negotium,
1696 5036 1940 5093 dicentes
1982 5038 2116 5092 mihi

549 5123 820 5188 peccutori
850 5140 863 5176 :
897 5105 1004 5178 ora
1036 5136 1292 5196 prompto
1321 5133 1374 5181 et
1404 5105 1569 5182 alacri
1603 5126 1810 5193 animo,
1830 5135 1882 5183 et
1907 5126 2004 5181 tibi
2032 5142 2116 5183 re-

552 5210 721 5265 velabi
731 5221 838 5269 tur.

620 5322 640 5353 '
680 5320 823 5377 Psal.
855 5338 1009 5390 cui,
1045 5326 1094 5379 1.

625 5455 698 5521 (α)
740 5452 920 5523 Forte,
950 5459 1014 5511 ἐκ
1039 5458 1277 5528 γενετῆς-

2213 1671 2269 1724 δὲ
2316 1669 2525 1741 πράτου
2582 1671 2824 1736 εἰπόντος
2865 1673 2964 1742 τὴν
3018 1675 3180 1745 τιμὴν
3216 1674 3295 1744 τῷ
3336 1672 3625 1742 Ἐπιφανίῳ
3660 1673 3765 1727 τῶν

2215 1755 2522 1824 σταφυλῶν,
2559 1755 2747 1811 ἔλαϐεν
2770 1759 2831 1811 τὸ
2856 1759 3115 1831 ἀργύριον
3144 1761 3235 1815 ἐπὶ
3271 1761 3332 1814 τὸ
3368 1762 3673 1832 μεταλαϐεῖν
3694 1761 3769 1831 τῷ

2216 1846 2415 1918 πράτῃ.
2435 1846 2492 1898 ὐ
2523 1841 2614 1899 οὖν
2647 1846 2790 1909 ὅσιος
2820 1849 3049 1913 Πάππος
3096 1848 3454 1920 παραγίνεται
3488 1846 3769 1920 ὑποτηρού-

2219 1953 2374 2006 μενος
2408 1936 2511 1989 ὑπὸ
2540 1936 2634 1990 δύο
2665 1938 2944 1994 διακόνων.
2964 1935 3143 1994 ’Ἦσαν
3176 1940 3232 1994 δέ
3265 1941 3358 1994 καὶ
3388 1943 3536 2012 τρεῖς
3567 1941 3772 1993 ἐπίσκο·

2218 2045 2307 2081 ποι
2344 2031 2458 2089 μετ’
2490 2029 2780 2095 αὐτοῦ.Ὢς
2806 2027 2898 2086 οὖν
2931 2034 3164 2104 ἤγγισαν
3202 2035 3520 2105 Ἑπιφανίῳ,
3544 2030 3606 2104 ἦν
3633 2035 3772 2088 Ἐπιο

2218 2119 2404 2188 φάνιος
2439 2120 2577 2191 ἔχων
2611 2122 2746 2192 μετὰ
2776 2126 2964 2195 χεῖρας
2994 2126 3121 2188 τοὺς
3149 2125 3403 2197 βότρυας,
3428 2127 3522 2180 καὶ
3545 2126 3601 2179 τὸ
3624 2125 3774 2195 τίμη-

2219 2228 2297 2284 μα
2323 2212 2543 2267 τούτων.
2590 2210 2757 2268 Εἶπον
2802 2216 2859 2269 δέ
2890 2233 3034 2281 τινες
3060 2218 3170 2271 τῶν
3215 2219 3577 2289 παρεστώτων
3598 2234 3612 2250 ⁸
3648 2219 3773 2273 Ἰδοὺ

2214 2305 2264 2357 οἱ
2310 2304 2595 2358 ἐπίσκοποι
2642 2308 2892 2376 πάρεισιν
2936 2303 3060 2366 ὧδε.
3093 2305 3259 2364 Εἶπεν
3295 2310 3353 2365 δὲ
3397 2313 3622 2375 Πάππος
3648 2313 3775 2384 πρὸς

2230 2394 2567 2463 Ἐπιφάνιον·
2610 2397 3064 2463 Ἀπόθου,Ἀϐϐἄ,
3107 2401 3233 2465 τοὺς
3281 2400 3513 2472 βότρυας
3541 2402 3615 2473 τῷ
3642 2401 3776 2473 πράο

2216 2502 2305 2556 τῃ,
2340 2487 2433 2539 καὶ
2466 2487 2828 2560 ἀκολούθησον
2869 2490 3000 2561 ἡμῖν
3046 2494 3104 2545 ἐν
3149 2494 3214 2563 τῇ
3260 2492 3547 2566 ἐκκλησίᾳ.
3582 2494 3681 2547 Τοῦ
3724 2494 3776 2548 δὲ

2222 2576 2690 2646 μνημονεύσαντος
2711 2579 2805 2634 τοῦ
2838 2580 2983 2636 θείου
3035 2582 3194 2651 λόγου
3224 2584 3319 2638 τοῦ
3351 2584 3778 2655 προσφωνοῦντος

2219 2666 2313 2718 καὶ
2337 2666 2584 2735 λέγοντος
2605 2685 2618 2698 ·
2655 2670 3014 2738 Εὐφράνθητε
3036 2672 3133 2726 ἐπὶ
3173 2674 3295 2740 τοῖς
3321 2677 3625 2744 εἰρηκόσιν
3646 2693 3743 2745 μοι
3760 2691 3775 2707 ο

2220 2759 2323 2822 Εἰς
2349 2754 2516 2811 οἷκον
2540 2760 2760 2828 Kvplov
2786 2764 3232 2832 πορευσόμεθα*
3255 2765 3615 2836 ἠκολούθησεν
3640 2769 3698 2820 ἐν
3719 2769 3778 2837 τῇ

2220 2848 2504 2921 ἐκκλησίᾳ.
2542 2851 2600 2903 '0
2643 2850 2699 2903 δὲ
2752 2852 2980 2917 nam;
3052 2855 3183 2926 φησὶ
3249 2856 3384 2927 πρὸς
3449 2859 3776 2927 Ἐπιφάνιον·

2219 2939 2449 3008 Ποίησον
2500 2940 2685 3012 εὐχὴν,
2718 2935 2762 2994 ὧ
2793 2942 2993 3014 Πάτερ.
3028 2943 3212 2997 Ταῦτα
3258 2945 3314 2998 δὲ
3352 2945 3536 3017 ἔλεγεν
3566 2948 3781 3011 nam;

2217 3033 2352 3104 πρὸς
2398 3032 2731 3102 Ἐπιφάνιον,
2759 3033 2906 3095 ὅπως
2952 3033 3205 3104 γνωρίσει
3248 3036 3443 3090 ἑαυτὸν
3484 3037 3782 3106 Ἐπιφάνιος

2216 3121 2293 3194 τῷ
2359 3120 2564 3192 κλήρῳ.
2624 3116 2789 3175 Εἶπεν
2845 3120 2901 3175 δὲ
2950 3121 3261 3191 Ἐπιφάνιος
3326 3125 3464 3197 πρὸς
3527 3127 3782 3180 Πάππον·

2217 3210 2576 3282 Συγχώρησόν
2611 3197 2720 3279 μοι,
2761 3210 2943 3282 Πάτερ
2962 3227 2975 3241 ·
3010 3212 3071 3264 ού
3099 3213 3208 3283 γάρ
3239 3214 3353 3284 εἰμι
3382 3216 3441 3266 ὲν
3465 3214 3669 3286 κλήρῳ.
3700 3210 3782 3268 Εἷ-

2219 3315 2319 3353 πεν
2371 3298 2432 3351 δὲ
2475 3298 2710 3361 Πάππος
2760 3299 2897 3368 πρὸς
2938 3286 3273 3369 Ἐπιφάνιον·
3306 3300 3503 3368 Βλέπε,
3531 3305 3714 3375 φησὶν,
3747 3296 3785 3355 ὦ

2216 3390 2426 3453 τέκνον,
2468 3388 2542 3459 μὴ
2572 3388 2711 3443 κατά
2741 3389 3030 3459 πρόσωπον
3059 3390 3260 3445 τούτων
3287 3392 3393 3445 τῶν
3419 3394 3589 3462 ἁγίων
3625 3394 3785 3450 Πατέ-

2218 3497 2329 3550 ρων
2351 3481 2581 3552 ἀρνήσῃ,
2609 3480 2705 3533 καὶ
2742 3482 3077 3553 κατακριθῇς
3106 3482 3183 3545 ὡς
3209 3486 3238 3537 ό
3271 3484 3481 3555 κρύψας
3514 3487 3576 3540 τὸ
3602 3488 3785 3541 τάλαν-

2216 3588 2328 3626 τον.
2364 3566 2532 3626 Εἶπεν
2576 3571 2637 3624 δὲ
2676 3571 2991 3641 Ἐπιφάνιος
3021 3572 3157 3644 πρὸς
3200 3574 3291 3627 τὸν
3326 3577 3558 3631 Πάππον
3581 3594 3596 3608 ο
3642 3576 3784 3647 Οὐχὶ,

2219 3661 2421 3732 Πάτερ,
2449 3661 2547 3731 οὺχ
2579 3661 2838 3733 ὑπάρχων
2865 3661 3341 3733 κληρικός.Ταῦτα
3366 3663 3422 3718 δὲ
3449 3665 3620 3720 εἰπὼν
3653 3666 3786 3718 Ἐπι-

2219 3752 2430 3822 φάνιος,
2458 3752 2489 3805 ὁ
2518 3751 2749 3815 Πάππος
2796 3750 2993 3807 ἔδωκεν
3039 3753 3282 3823 εἰρήνην.
3312 3748 3407 3816 Εἷς
3456 3753 3513 3808 δέ
3557 3773 3645 3819 τις
3690 3754 3784 3809 τῶν

2217 3840 2480 3895 διακόνων
2543 3839 2932 3912 ἐπιλαϐόμενος
2984 3841 3082 3911 τῆς
3131 3842 3375 3911 κεφαλῆς
3428 3844 3742 3914 Ἐπιφανίου
3771 3880 3785 3903 .

2217 3926 2353 4003 ἦγεν
2385 3930 2547 3986 αὐτὸν
2575 3931 2709 4003 πρὸς
2742 3931 2971 3984 Πάππον
2994 3932 3086 3984 ἐπὶ
3115 3932 3207 3985 τοῦ
3239 3932 3628 4005 θυσιαστηρίου
3661 3935 3786 4005 μετὰ

2221 4022 2363 4093 βίας,
2410 4023 2548 4077 ὥστε
2600 4022 2871 4076 συνελθεῖν
2916 4023 3009 4075 καὶ
3055 4021 3248 4087 ἄλλους
3297 4024 3606 4092 πλείστους,
3652 4027 3785 4084 ὅπως

2218 4113 2572 4167 διασώσουσιν
2609 4112 2771 4167 αὐτὸν
2801 4113 2896 4165 ἐπὶ
2938 4111 3016 4184 τῷ
3059 4113 3444 4186 θυσιαστηρίῳ.
3486 4117 3786 4189 Χειροτονεί

2218 4198 2312 4256 οὖν
2357 4201 2517 4256 αὐτὸν
2563 4201 2830 4265 διάκονον,
2856 4200 2950 4253 καὶ¹
2992 4200 3152 4255 πάλιν
3181 4202 3395 4255 δίδωσιν
3424 4204 3671 4276 εἰρήνην,
3703 4203 3787 4255 καὶ

2219 4293 2513 4364 χειροτονεῖ
2538 4292 2696 4347 αὐτὸν
2727 4289 3115 4363 πρεώύτερον,
3143 4291 3238 4345 καὶ
3260 4291 3466 4360 γίνεται
3493 4293 3526 4365 ἡ
3574 4292 3786 4348 ἀκολου-

2219 4380 2331 4443 θία,
2357 4381 2448 4434 καὶ
2494 4385 2790 4453 χειροτονεῖ
2832 4382 3013 4437 αὑτὸν.
3050 4381 3366 4436 ἐπίσκοπον.
3393 4384 3548 4436 Μετά
3596 4385 3654 4438 δέ
3698 4382 3786 4451 τὴν

2217 4471 2478 4525 ἀπόλυσιν
2533 4472 2633 4543 τῆς
2679 4471 2975 4543 ἐκκλησίας
3008 4468 3313 4544 ἀνήλθομεν
3359 4472 3416 4524 ἐν
3456 4470 3535 4543 τῷ
3578 4474 3787 4526 ἐπισκο-

2219 4563 2377 4633 πείῳ.
2412 4558 2577 4617 Εἶπεν
2622 4563 2679 4617 δὲ
2721 4563 2952 4628 Πάππος
2980 4564 3117 4633 πρὸς
3154 4563 3497 4635 Ἐπιφάνεον·
3531 4563 3702 4633 Δεῦρο
3727 4561 3784 4630 δὴ

2219 4652 2517 4725 πρότρεψαι
2544 4655 2671 4717 τοὺς
2723 4654 3013 4727 Πατέρας,
3047 4656 3195 4720 ὅπως
3243 4658 3637 4730 μεταλάϐωμεν
3700 4652 3785 4711 καὶ

2218 4740 2604 4812 εὐφρανθῶμεν
2634 4740 2727 4794 ἐπὶ
2754 4744 2819 4813 σῇ
2850 4743 3199 4816 πατρωσύνῃ.
3234 4744 3340 4798 Τοῦ
3380 4746 3436 4799 δέ
3475 4746 3782 4817 Ἐπιφανίου

2220 4831 2428 4903 βαρέως
2453 4831 2727 4903 φέροντος,
2756 4832 2848 4886 καὶ
2890 4834 3285 4906 ἀδημονοῦντος
3318 4838 3376 4891 ἐν
3399 4836 3667 4910 λογισμῷ,
3699 4834 3783 4889 καὶ

2217 4922 2514 4988 κλαίοντος,
2558 4919 2714 4976 εἶπεν
2746 4924 2774 4976 ὁ
2799 4925 3030 4989 Πάππος
3058 4925 3194 4997 πρὸς
3216 4927 3529 4996 ’Βπιφάνιον
3551 4947 3566 4960 ο
3597 4926 3781 4997 Ἐχρῆν

2222 5012 2318 5082 μὲν
2351 5012 2501 5081 ἡμᾶς
2532 5012 2826 5083 σιωπῆσαι,
2858 5007 2903 5067 ὧ
2929 5013 3120 5068 τέκνον
3148 5016 3454 5086 Ἐπιφάνιε.
3486 5017 3525 5069 Γ
3530 5018 3706 5088 ίνομαι
3730 5011 3782 5064 δὲ

2217 5101 2405 5170 ἄφρων
2433 5101 2595 5164 αὐτός
2629 5119 2717 5172 μοι
2746 5102 2846 5173 τὴν
2877 5104 3103 5175 ζήτησιν
3127 5107 3514 5178 ποιησάμενος.
3533 5109 3656 5162 Τῶν
3681 5103 3779 5173 γὰρ

2218 5191 2477 5264 Πατέρων
2505 5192 2874 5264 συναχθέντων
2902 5187 3025 5260 ὧδε,
3062 5194 3408 5251 ἀπεδώκασιν
3438 5198 3519 5270 τῷ
3551 5195 3669 5268 Θεῷ
3693 5190 3779 5246 ἐπὶ
