3866 6066
168 131 231 186 θυ
1493 130 1550 185 S.
1598 125 1941 184 ΕΡΙΡΙΙΑΝΙΙ
1988 128 2166 183 νιτλ.
3380 138 3450 196 70

169 250 413 322 μηνύσει
442 251 543 304 τοῦ
576 248 907 303 ἐπισκόπουο
967 246 1134 317 κάμοὶ
1182 246 1341 299 πόνον
1387 246 1652 319 ἐπέφερον
1718 247 1918 311 πάντες
1960 240 2106 301 οὗτοι
2146 244 2390 314 λέγοντες
2441 244 2574 317 πρὸς
2623 246 2689 316 μὲ
2735 246 2826 300 τὸν
2896 250 3247 322 ἀμαρτωλόν.
3278 255 3465 327 Εὓχηυη

165 340 500 413 προθύμως,
527 341 621 394 καῖ⁹
650 336 1161 409 άποκαλυφθήσεταί
1198 354 1297 391 σοι.
1614 378 1619 387 .

234 434 367 488 AE'.
413 430 586 503 Ἐμοῦ
630 431 688 484 δὲ
732 428 920 483 ἑαυτὸν
971 424 1356 500 καθείρξαντος
1404 429 1461 481 ἐν
1510 428 1758 500 ὀσπιτίῳ,

1934 421 2152 478 XXXV.
2193 420 2329 477 Cum
2361 437 2461 491 ego
2490 431 2673 478 autem
2702 438 2789 480 me
2836 425 2890 480 in
2921 424 3163 497 hospitio
3192 428 3453 489 inclusis-

167 525 526 599 παρεκάλουν
554 523 647 576 τὸν
673 522 898 593 Σωτῆρα
927 521 1055 588 περὶ
1078 520 1173 573 τοῦ
1199 519 1471 574 τοιούτουο
1517 520 1770 592 ἀστραπὴ

165 619 223 672 δὲ
258 615 507 687 ἔλαμψεν
541 615 599 668 ἐν
630 611 710 684 τῷ
743 611 974 683 κελλίῳ·
1008 611 1218 682 ἥκουσα
1243 610 1300 663 δὲ
1336 610 1432 664 καὶ
1470 612 1657 683 φωνὴν
1687 612 1769 665 δι..

165 708 404 777 δομένην
440 704 580 775 πρὸς
610 704 678 775 μὲ
707 702 800 757 τὸν
826 701 1169 774 ἁμαρτωλόνο
1188 702 1410 767 Πάππε,
1428 702 1647 765 nam,
1668 720 1771 773 φη-

168 800 279 863 σὶν,
307 795 655 865 άκουε.Ἐγὼ
682 796 741 849 δὲ
763 793 1001 865 ἔμφοϐος
1028 794 1320 865 γενόμενος
1349 789 1499 849 εἷπον
1519 810 1534 825 ο
1564 794 1629 848 Τί
1651 795 1771 849 ἐπιδ

166 890 360 961 τρέπει
388 891 418 943 6
449 887 660 959 Κύριός
691 903 823 958 μου;
857 880 1025 939 Εἶπεν
1056 886 1114 939 δὲ
1146 886 1283 957 πρὸς
1333 886 1401 957 μὲ
1454 886 1573 957 μετ’
1604 886 1770 957 εὐμε-

168 983 337 1044 νείας*
366 979 631 1043 Ἀνάστα,
663 976 951 1049 παράλαϐε
978 976 1116 1048 μετὰ
1140 976 1366 1030 σεαυτοῦ
1397 976 1491 1029 ἕνα
1517 976 1627 1030 τῶν
1654 977 1769 1031 δια-

168 1074 362 1135 κόνων,
394 1073 493 1127 καὶ
525 1069 849 1125 ἐπικάτελθε
894 1072 952 1122 ἐν
997 1069 1074 1140 τῷ
1118 1070 1389 1141 ἐμπορίῳ.
1417 1070 1530 1122 Καὶ
1566 1069 1674 1123 ἰδοὺ
1702 1069 1767 1142 δὴ

171 1164 405 1236 μοναχὸς
438 1165 558 1217 ἐκεῖ
582 1165 737 1235 παρὰ
759 1161 837 1233 τῷ
866 1163 1051 1236 πράτῃ
1083 1161 1304 1216 ὠνεῖται
1333 1161 1638 1232 σταφυλάς·
1674 1161 1767 1217 δύο

171 1257 440 1329 μοναχοὺς
475 1256 591 1327 ἔχει
634 1254 754 1326 μεθ’
784 1253 1324 1317 ἑαυτοῦ,⁹Ελισσαίου
1367 1253 1467 1325 τὴν
1520 1254 1765 1327 κεφαλὴν

166 1352 227 1403 τὸ
268 1349 620 1420 ἑκτύπωμα·
663 1347 855 1402 τοῦτον
892 1347 1274 1420 χειροτόνησον
1318 1348 1400 1411 είς
1444 1347 1763 1402 ἐπίσκοπον.

169 1443 326 1497 Ἀλλὰ
353 1442 431 1514 μὴ
459 1440 789 1513 άναγγείλῃς
815 1440 984 1511 αὐτῷ,
1014 1441 1225 1512 μήποτε
1255 1440 1569 1514 ἀποδράσει.
1599 1441 1672 1495 Τὸ
1708 1440 1766 1495 δὲ

170 1535 337 1604 ὃνομα
388 1531 561 1587 αὐτοῦ
619 1533 866 1586 καλεῖται
911 1532 1247 1601 Ἐπιφάνιος.
1301 1532 1506 1600 Γέγονα
1553 1532 1762 1603 ἄφρων,

172 1625 383 1679 τέκνον⁹
425 1623 595 1686 αὐτός
644 1639 714 1693 με
762 1622 1102 1691 ἠνάγκασας.
1134 1622 1311 1674 Βλέπε
1342 1622 1396 1674 τί
1427 1623 1627 1685 ποιεῖς,
1669 1620 1765 1674 καὶ

174 1718 404 1788 πρόσεχε
426 1713 660 1785 σεαυτῷ.
687 1713 831 1783 Ἐγὼ
853 1713 963 1786 γὰρ
986 1713 1316 1783 ἀπεστάλην,
1337 1714 1365 1767 ὃ
1383 1713 1590 1784 ὢφειλα
1610 1713 1765 1784 ποιῆ-

175 1825 259 1863 σαι
286 1807 550 1875 ἐποίησα.
575 1804 780 1869 Ἀθῶός
821 1807 959 1876 εἰμι.
986 1807 1058 1859 Σὺ
1086 1805 1191 1876 ὄψῃ
1223 1805 1318 1858 ἐπὶ
1360 1807 1496 1859 πᾶσι
1530 1803 1763 1866 τούτοις.

183 1898 444 1962 Ἀκούσας
490 1898 551 1951 δέ
597 1896 773 1950 ταῦτα
820 1897 1159 1965 Ἐπιφάνιος,
1214 1896 1410 1949 ἔπεσεν
1456 1896 1551 1948 ἐπὶ
1594 1894 1763 1966 πρόσ-

171 2008 328 2054 ωπον,
358 1990 461 2044 καὶ
493 1987 903 2061 προσεκύνησεν
927 1989 1146 2059 Πάππῳ
1172 1987 1342 2042 εἰπών
1361 2005 1375 2019 ο
1405 1987 1497 2059 Μὴ
1519 1984 1759 2056 ὀργίζου,

174 2080 366 2151 Πάτερ.
413 2079 618 2150 φησίν·
653 2078 978 2150 ἁμαρτωλὸς
1022 2078 1132 2151 γὰρ
1171 2077 1454 2152 ἄνθρωπός
1495 2080 1632 2151 ειμι,
1670 2080 1764 2132 καὶ

172 2169 262 2221 ούκ
311 2167 552 2239 ἐπαρκῶ
598 2167 736 2237 πρὸς
787 2166 849 2219 τὸ
899 2166 1099 2237 μέτρον
1144 2167 1245 2238 τῆς
1293 2168 1616 2239 ἱερωσύνης,
1665 2167 1761 2220 καὶ

1871 528 2008 580 sem,
2040 523 2095 571 et
2121 515 2188 569 de
2213 529 2279 570 eo
2307 513 2646 570 Salvatorem
2684 530 2956 587 rogarem,
2988 519 3170 590 fulgur
3218 522 3273 575 in
3320 525 3454 580 cella

1869 606 2236 680 resplenduit;
2268 607 2453 662 audivi
2481 622 2612 664 vero
2640 623 2832 665 vocem
2864 611 3136 667 dicentem
3170 614 3300 670 mihi
3324 630 3455 687 pec-

1869 701 2043 757 catori
2074 720 2087 756 :
2117 697 2316 770 Pappe,
2350 697 2556 769 Puppe,
2589 701 2739 756 audi.
2766 700 2882 773 Ego
2913 712 3096 759 autem
3125 706 3236 761 dixi
3256 708 3457 764 timore

1869 794 2195 864 perterritus
2225 811 2238 847 :
2267 792 2409 860 Quid
2440 793 2596 863 jubet
2619 792 2887 851 Dominus
2919 798 3111 853 meus?
3139 799 3287 854 Dixit
3321 799 3455 856 mihi

1868 886 2100 957 benigne
2136 904 2148 940 :
2188 883 2383 955 Surge,
2417 885 2604 955 accipe
2655 901 2830 940 unum
2863 900 2932 941 ex
2964 886 3236 956 diaconis,
3261 900 3317 947 et
3352 893 3452 947 de-

1868 979 2067 1035 scende
2113 978 2169 1033 in
2223 978 2422 1033 lorum.
2455 976 2594 1034 Ecce
2645 977 2755 1034 illic
2785 980 2928 1050 apud
2964 982 3299 1038 venditorem
3330 997 3452 1039 mo-

1869 1071 2080 1126 nachus
2113 1070 2248 1125 emit
2281 1085 2438 1135 uvas,
2466 1070 2562 1141 qui
2612 1070 2754 1127 duos
2800 1086 2988 1127 secum
3040 1072 3202 1129 habet
3258 1090 3452 1131 mona-

1867 1164 2024 1228 chos,
2055 1175 2109 1218 et
2139 1162 2304 1218 Elisei
2336 1172 2501 1234 caput
2530 1164 2680 1220 illius
2706 1165 2869 1221 habet
2903 1165 3155 1237 efﬁgiem.
3188 1166 3325 1222 Eum
3365 1183 3456 1225 ομ

1866 1255 1993 1310 dina
2025 1257 2367 1327 episcopum.
2404 1254 2510 1312 Sed
2546 1271 2616 1312 ne
2647 1256 2695 1311 ei
2729 1258 3121 1324 renunties,ne
3146 1258 3289 1316 forte
3315 1259 3453 1317 εσυ-

1867 1348 1997 1419 giat.
2032 1346 2127 1403 Est
2154 1357 2339 1403 autem
2368 1348 2419 1404 ei
2447 1363 2648 1406 nomen
2693 1349 3055 1420 Epiphanius.
3090 1350 3288 1407 Factus
3325 1368 3446 1408 sum

1867 1438 2152 1509 insipiens,
2188 1439 2262 1493 ﬁli
2298 1459 2311 1494 :
2345 1438 2463 1510 ipse
2493 1455 2580 1495 me
2625 1441 2874 1511 coegisti.
2909 1440 3045 1496 Vide
3086 1442 3215 1512 quid
3254 1442 3446 1506 facias,

1864 1536 1920 1583 et
1948 1529 2166 1583 attende
2200 1528 2299 1583 tibi
2334 1529 2457 1600 ipsi.
2490 1528 2604 1600 Ego
2638 1532 2783 1586 enim
2814 1532 3016 1589 missus
3062 1550 3206 1598 sum,
3254 1545 3308 1590 ct
3351 1531 3455 1591 l‘eti

1865 1621 2014 1691 quod
2039 1621 2203 1676 debui
2230 1620 2428 1677 facere.
2459 1620 2593 1677 Sum
2626 1624 2839 1689 insons,
2881 1633 2935 1681 et
2966 1635 3090 1696 post
3120 1628 3234 1683 haec
3264 1628 3449 1683 omnia

1865 1712 2092 1767 videbis.
2131 1713 2269 1767 Cum
2313 1713 2428 1768 haec
2455 1724 2636 1769 autem
2666 1715 2933 1771 audiisset
2969 1717 3327 1788 Epiphanius,
3358 1735 3451 1776 ce-

1796 1786 1838 1839 Β
1866 1803 2000 1858 cidit
2047 1806 2102 1857 in
2153 1802 2368 1869 facient,
2404 1814 2461 1860 et
2504 1805 2753 1863 adoravit
2793 1786 3289 1878 Pappum.vdiccns
3325 1830 3338 1866 :
3373 1809 3452 1867 Ne

1872 1896 2150 1959 irascaris,
2178 1896 2365 1954 Pater.
2405 1897 2537 1953 Sum
2564 1900 2712 1955 enim
2746 1901 2929 1968 homo,
2962 1917 3061 1958 nec
3093 1902 3301 1959 sullicio
3345 1903 3455 1957 im-

1868 1990 2075 2059 plendas
2105 2006 2376 2045 mensura:
2403 1993 2985 2064 sacerdotii.Cumque
3009 2010 3198 2051 omnes
3229 1997 3452 2052 adoras-

1869 2081 2242 2146 set,invitavit
2263 2097 2361 2137 eos
2389 2083 2456 2138 ad
2479 2086 2793 2154 prandium.
2822 2085 2890 2141 Et
2920 2102 3045 2142 cum
3075 2089 3449 2158 prandissent,

1866 2169 1964 2224 ivit
1996 2172 2375 2242 unusquisque
2396 2172 2450 2226 in
2484 2189 2641 2229 suam
2666 2172 2988 2231 Ecclesiam.

176 2261 553 2330 προσκυνήσας
602 2260 849 2323 ἅπαντας
894 2260 1262 2330 προετρέπετο
1304 2260 1501 2325 αὐτοὺς
1548 2259 1643 2314 ἐπὶ
1687 2259 1749 2313 τὸ
1795 2260 2037 2333 ἄριστον.
2071 2265 2181 2319 Καὶ
2214 2265 2626 2337 άριστησάντων
2683 2266 2863 2323 αὐτῶν
2924 2267 3299 2341 ἐπορεύθησαν
3322 2270 3458 2327 ἐκα-

175 2368 287 2415 στος
316 2354 377 2405 ἐν
403 2353 472 2421 τῇ
503 2352 674 2405 αὑτοῦ
708 2351 1024 2424 Ἑκκλησίᾳ.

238 2444 375 2512 Aq'.
418 2446 579 2499 Μετὰ
613 2446 670 2499 δὲ
711 2449 863 2519 τρεῖς
896 2448 1112 2517 ἡμέρας
1145 2447 1286 2517 ἀνήρ
1324 2463 1410 2510 τις
1456 2446 1756 2518 αἰδέσιμος,

174 2538 394 2608 ὀνόματι
425 2536 764 2610 Εύγνώμων,
809 2538 913 2592 ὑπό
935 2556 1079 2603 τινος
1112 2538 1499 2610 λαμπροτάτου
1533 2541 1633 2610 τῆς
1664 2541 1761 2593 πόο

176 2627 305 2691 λεως
334 2629 541 2701 ἐϐλήθη
576 2632 636 2683 ἐν
670 2632 734 2701 τῇ
766 2629 977 2701 φυλακῇ
1008 2632 1087 2693 είς
1108 2629 1272 2701 ὁλκὴν
1304 2629 1657 2701 νομισμάτων
1685 2636 1750 2699 ρ’.

178 2720 242 2773 τὸ
260 2721 316 2774 δὲ
347 2721 526 2792 ὄνομα
552 2721 646 2775 τοῦ
680 2721 936 2792 βαλόντος
965 2720 1212 2774 ἐκαλεῖτο
1257 2721 1504 2792 Δράκων.
1539 2715 1705 2783 Οὗτος
1729 2720 1758 2773 6

178 2813 501 2884 Εὑγνὼμων,
520 2814 788 2884 Ῥωμαῖος
815 2812 911 2876 ὢν,
947 2814 1045 2866 οὐκ
1076 2809 1221 2883 εἶχεν
1252 2813 1342 2865 τὸν
1373 2812 1635 2882 ῥυόμενον
1658 2812 1758 2865 αύ-

1935 2441 2176 2501 XXXVI.
2217 2443 2419 2503 Tribus
2461 2454 2641 2502 autem
2686 2456 2812 2517 post
2858 2446 3050 2502 diebus
3101 2450 3186 2503 vir
3227 2450 3448 2520 quidam

1864 2540 2227 2602 venerandus,
2258 2538 2476 2593 nomine
2524 2538 2869 2609 Eugnomon,
2897 2555 2925 2594 a
2973 2539 3227 2610 quodam
3260 2540 3453 2596 claris-

1864 2632 2008 2690 simo
2056 2632 2205 2690 illius
2248 2632 2486 2689 civitatis
2519 2632 2804 2703 coniectus
2845 2631 3025 2687 fuerat
3061 2634 3113 2686 in
3141 2633 3449 2688 cusmdiam

1863 2740 1961 2795 pro
1991 2734 2206 2779 summa
2243 2731 2459 2778 centum
2509 2737 2885 2780 nummorum.
2938 2722 3143 2780 Nomen
3190 2725 3332 2795 ejus,
3355 2723 3451 2796 qui

1863 2816 2040 2886 ipsum
2075 2815 2402 2885 conjecerat,
2440 2824 2560 2870 erat
2595 2814 2791 2871 Draco.
2826 2806 2875 2870 is
2907 2831 3029 2869 cum
3065 2824 3212 2871 esset
3243 2815 3447 2871 Buma-

178 2904 258 2957 τὸν
304 2905 416 2959 ἀπὸ
462 2905 566 2975 τῆς
616 2904 1165 2973 φυλακῆς.Ἤκουσεν
1191 2903 1248 2956 δὲ
1278 2902 1616 2971 Ἑπιφάνιος.
1662 2903 1758 2956 καὶ

1865 2924 1989 2973 nus,
2030 2910 2240 2962 nullum
2274 2908 2529 2972 habebat,
2560 2908 2654 2978 qui
2683 2922 2808 2961 eum
2840 2907 3097 2962 liberaret
3124 2924 3151 2961 ιι
3176 2907 3446 2964 custodia.

180 2996 440 3067 ἐπορεύθη
473 2995 610 3067 πρὸς
651 2997 741 3049 τὸν
787 2995 1089 3066 Δράκοντα.
1124 2993 1219 3047 τοῦ
1250 2994 1628 3066 παρακαλέσαι
1656 2996 1755 3048 αὐ-

180 3086 278 3151 τὸν,
307 3088 459 3150 ὅπως
508 3085 773 3139 ἀπολύσει
820 3085 1157 3157 Εύγνώμονα
1203 3086 1294 3138 τὸν
1333 3086 1604 3157 Ῥωμαῖον
1649 3086 1759 3140 ἀπὸ

181 3176 269 3246 τῆς
292 3177 563 3247 φυλακῆς.
600 3172 768 3231 Εἶπεν
790 3177 846 3230 δὲ
865 3179 894 3230 6
912 3176 1140 3248 Δράκων
1170 3178 1475 3248 Ἐπιιρανίῳ
1502 3197 1513 3208 ·
1545 3178 1757 3245 Βάδιζε,

183 3269 323 3338 φησὶ,
346 3269 692 3340 παρείοακτε
735 3267 836 3338 τῆς
878 3267 1085 3331 πόλεως
1115 3266 1293 3338 ἡμῶν,
1321 3275 1367 3340 ρ’
1386 3269 1697 3341 νομίσματα
1724 3269 1761 3324 ἃ

184 3359 584 3430 ηχρεεῦστηκέν
621 3374 710 3429 μοι
758 3360 786 3413 6
821 3358 911 3419 σὸς
942 3359 1179 3430 ἑταῖρος,
1218 3359 1306 3423 δός
1345 3377 1434 3431 μοι
1472 3359 1633 3424 αὐτὰ,
1666 3359 1761 3413 καὶ

186 3450 301 3504 λάϐε
330 3446 656 3505 τοῦτονῘΗν
683 3450 740 3505 δὲ
788 3442 945 3513 οὗτος
998 3453 1027 3503 6
1076 3450 1304 3522 Δράκων
1333 3450 1585 3515 πλούσιος
1629 3450 1760 3520 σφό-

188 3542 297 3614 δρα,
324 3544 604 3614 ἀνήμερος
650 3544 766 3605 τοῖς
813 3543 1036 3613 τρόποις
1072 3542 1132 3595 Ὀ
1160 3538 1251 3596 οὖν
1279 3543 1594 3611 Ἐπιφάνιος
1636 3544 1763 3597 ἐπο-

193 3636 342 3707 ρεύθη
366 3637 423 3690 ἐν
451 3635 532 3706 τῷ
567 3630 1107 3705 ἐπισκοπείῳῖῌσαν
1129 3635 1187 3688 δὲ
1236 3643 1282 3706 ρ’
1305 3636 1619 3707 νομίσματα
1641 3635 1759 3690 κει-ι

194 3743 316 3797 μενα
358 3730 416 3782 ἐν
458 3726 540 3797 τῷ
574 3726 932 3797 ἐπισκοπείῳ,
966 3726 1048 3789 είς
1093 3721 1369 3781 διακονίαν
1397 3727 1498 3797 τῆς
1530 3728 1761 3799 Ἐκκλη-

195 3820 391 3882 σίας.⁹0
436 3816 532 3875 οὖν
560 3819 884 3888 Ἐπιφάνιος
928 3818 1110 3872 λαϐὼν
1150 3820 1313 3881 αὐτὰ,
1346 3820 1636 3891 ἐπορεύθη,
1670 3821 1762 3875 καὶ

195 3913 374 3968 ἔδωκεν
413 3914 493 3984 τῷ
536 3912 822 3984 Δράκοντι,
854 3911 947 3964 καὶ
987 3910 1224 3964 ἀπέλυσε
1252 3911 1345 3963 τὸν
1383 3911 1550 3976 ξένον.
1584 3907 1678 3975 Εἷς
1701 3912 1760 3965 δέ

196 4021 268 4066 τις
306 4006 569 4067 διάκονος,
603 4002 828 4072 ὀνόματι
871 4001 1106 4071 Χαρῖνος
1127 4017 1142 4033 ο
1185 3993 1343 4065 οὗτος
1401 4001 1505 4055 ὑπὸ
1550 4001 1761 4056 πολλῶν

197 4095 540 4168 ἐμαρτυρεῖτο
584 4094 818 4157 ἄτακτος
857 4088 1033 4147 εἶναι’
1062 4092 1338 4165 διήγειρεν
1365 4094 1612 4159 ἅπαντας
1637 4095 1761 4159 τοὺς

198 4186 469 4258 κληρικοὺς
502 4186 645 4239 κατὰ
672 4186 1015 4254 Ἐπιφανίου,
1047 4183 1252 4253 λέγων’
1290 4185 1454 4239 Δεῦτε
1497 4188 1590 4241 καὶ
1638 4186 1761 4240 διώ-

199 4275 341 4347 ξομεν
365 4280 455 4332 τὸν
485 4278 637 4344 ξένον
670 4276 880 4336 τοῦτον,
930 4279 1141 4347 μήποτε
1168 4278 1462 4351 καταφάγῃ
1488 4278 1664 4332 πάντα
1692 4280 1759 4333 τά
1794 4269 1836 4325 D

197 4373 281 4439 τῆς
301 4370 643 4440 Ἐκκλησίας,
682 4368 774 4422 καὶ
798 4366 1032 4438 ἐσόμεθα
1063 4368 1224 4437 ἡμεῖς
1252 4367 1423 4438 ἔνοχοι
1451 4369 1550 4438 τῆς
1574 4369 1755 4441 ἀμαρ-

199 4457 427 4524 τίας.ἾΙν
467 4462 525 4514 δὲ
556 4453 714 4524 οὗτος
759 4462 788 4514 6
838 4458 1075 4529 Χαρῖνος
1124 4457 1377 4522 πλούσιος
1411 4459 1634 4530 σφόδρα.
1669 4461 1761 4514 καὶ

204 4552 362 4623 ἐζήτει
407 4551 594 4617 διῶξαι
635 4551 727 4605 τὸν
762 4550 1098 4620 Ἑπιφάνιον,
1133 4551 1283 4614 ὅπως
1328 4551 1492 4616 αὐτὸς
1550 4552 1759 4606 καθίσει

203 4642 282 4693 ἐπὶ
308 4641 397 4695 τοῦ
426 4643 637 4714 θρόνου.
673 4640 1015 4710 Ἐπέστησαν
1043 4636 1134 4695 οὖν
1153 4640 1474 4712 Ἐπιφανίῳ,
1511 4640 1761 4710 λέγοντος

205 4733 282 4786 τοῦ
316 4733 544 4805 Χαρίνου
570 4734 697 4797 τοὺς
731 4733 923 4803 λόγους
952 4733 1173 4796 τούτους
1197 4751 1210 4765 ·
1245 4735 1359 4787 Οὐκ
1381 4733 1622 4806 ἠρκέσθη
1654 4752 1756 4796 σοι,

208 4826 368 4891 φισὶν,
395 4820 440 4879 ὦ
468 4824 777 4895 Ἐπιφάνιε,
808 4823 979 4878 ἐλθὼν
1018 4823 1204 4879 ἐνθάδε
1245 4827 1320 4895 μὴ
1351 4824 1492 4896 ἔχων
1538 4825 1759 4879 ἐπενδύ-

207 4926 309 4982 την,
334 4917 423 4970 καὶ
461 4915 735 4979 ἀπέλαϐες
766 4913 863 4986 τὴν
896 4913 1246 4984 Ἐκκλησίαν,
1278 4914 1415 4968 ἀλλὰ
1441 4915 1760 4987 διασκορπί-

210 5001 303 5069 (st;
326 5007 396 5070 ob;
421 5006 569 5071 ξένος
598 5007 669 5061 τά
694 5008 797 5078 τῆς
825 5006 1183 5077 Ἑκκλησίαςο
1216 5007 1311 5061 καὶ
1355 5009 1437 5071 τίς
1476 5008 1647 5081 οζιτως
1673 5007 1762 5080 βα⁸

213 5100 405 5166 etica;
442 5102 512 5154 Ἦ
541 5099 632 5164 δὸς
672 5098 745 5154 τὰ
792 5105 833 5171 ρ’
857 5099 1168 5170 νομίσματα
1211 5099 1310 5169 τῆς
1345 5098 1756 5172 Ἐκκλησίας,ἢ

211 5189 478 5262 πορεύθητι
516 5191 613 5244 ἐπὶ
656 5190 754 5261 σὴν
805 5189 1061 5261 πατρίδα.
1095 5188 1396 5260 Ἐπορεύθη
1437 5185 1529 5243 οὖν
1557 5190 1586 5243 6
1627 5191 1760 5245 Ῥω-

212 5281 348 5345 palo;
381 5283 409 5334 6
436 5281 728 5345 ἀπολυθεὶς
771 5280 877 5335 ὑπὸ
900 5280 1218 5348 Ἐπιφάνιου
1261 5279 1355 5333 ἐπὶ
1381 5280 1479 5349 τῆς
1517 5280 1755 5352 Ῥώμης,

210 5368 288 5422 καὶ
315 5369 522 5427 ἅπαντα
546 5370 946 5442 καταπωλήσας
979 5369 1049 5423 τά
1068 5368 1256 5431 αὐτοῦ,
1280 5369 1510 5440 ἤνεγκεν
1534 5369 1606 5423 τά
1625 5372 1755 5442 χρήο

211 5473 338 5524 ματα
362 5463 683 5535 Ἐπιφανίῳ.
720 5462 911 5517 Λαϐὼν
960 5457 1052 5515 οὖν
1075 5460 1246 5514 ταῦτα
1272 5459 1607 5529 Ἐπιιράνιος,
1638 5461 1756 5515 δια-

209 5546 411 5608 ἱὲδωκεν
433 5558 542 5619 τοῖς
574 5556 764 5620 γρείαν
806 5550 1301 5623 ἔχουσιν.Ἕμεινεν
1331 5553 1386 5606 δὲ
1415 5552 1443 5605 6
1486 5551 1752 5623 Ῥωμαῖος

1865 3001 2001 3055 Cum
2058 3000 2323 3054 audiissct
2366 2999 2728 3070 Epiphanius,
2766 3008 2821 3054 et
2852 3000 2985 3054 i~sct
3025 3001 3089 3053 ad
3127 3000 3448 3066 Draconem,

1861 3099 1915 3145 et
1940 3090 2066 3144 eum
2113 3097 2348 3160 rogaret,
2382 3098 2443 3143 ut
2468 3088 2876 3159 Eugnomoncm
2909 3088 3231 3142 Romanum
3251 3088 3450 3143 libera—

1861 3174 1951 3237 ι·ρῖ
1974 3198 2004 3237 a
2038 3183 2287 3237 custodia
2319 3203 2330 3238 :
2367 3181 2537 3245 Vade,
2572 3181 2748 3236 Draco
2775 3181 2974 3248 inquit,
3004 3192 3058 3236 tu
3106 3183 3159 3236 in
3196 3183 3336 3237 hanc
3366 3182 3451 3236 in-

1864 3274 2059 3329 troduc
2086 3283 2140 3329 te
2159 3272 2456 3338 civitatem,
2493 3283 2549 3329 et
2589 3272 2724 3328 all‘er
2750 3282 2967 3328 centum
3000 3288 3276 3337 nummos,
3308 3288 3450 3342 quos

1864 3374 1990 3420 tuus
2021 3365 2155 3420 mihi
2191 3366 2349 3420 debet
2383 3364 2615 3424 amicus.
2647 3373 2702 3418 et
2748 3362 2817 3418 da
2867 3364 3002 3418 mihi
3052 3378 3175 3427 eos,
3220 3375 3275 3418 et
3322 3378 3448 3418 eum

1860 3457 2062 3527 recipe.
2096 3456 2224 3511 Erat
2253 3467 2433 3512 autem
2465 3458 2555 3513 hic
2573 3455 2747 3511 Draco
2779 3455 3039 3529 [gentil?s,
3068 3455 3145 3528 et]
3173 3455 3325 3509 divos
3349 3456 3449 3510 ad-

1861 3548 2106 3612 modum,
2138 3547 2404 3617 saevisque
2436 3545 2702 3601 moribus.
2734 3543 3074 3615 Epiphanius
3118 3554 3300 3597 autem
3350 3541 3449 3596 ivit

1863 3639 1918 3694 in
1969 3640 2366 3710 episcopatum.
2397 3637 2672 3708 Erantque
2707 3647 2923 3694 centum
2966 3637 3172 3691 nummi
3225 3635 3449 3706 repositi

1863 3732 1919 3786 in
1954 3731 2273 3802 episcopatu
2304 3731 2370 3786 ad
2406 3731 2767 3787 ministerium
2791 3728 3069 3787 Ecclesize.
3102 3728 3170 3782 lis
3190 3727 3447 3797 acceptis,

1863 3822 1960 3877 ivit
2004 3821 2360 3893 Epiphanius.
2392 3831 2447 3877 et
2496 3835 2594 3876 eos
2642 3821 2791 3876 dedit
2819 3819 3078 3886 Draconi,
3109 3830 3162 3874 et
3199 3820 3448 3874 liberavit

1861 3914 2154 3984 hospitem.
2183 3911 2417 3979 Quidam
2453 3919 2634 3966 autem
2681 3911 2964 3975 diaconus,
2990 3911 3211 3964 nomine
3251 3910 3445 3963 Chari-

1863 4020 1968 4060 nus
2001 4004 2175 4074 (multi
2202 4018 2333 4057 vero
2361 4003 2411 4057 in
2442 4018 2569 4058 eum
2602 4000 2972 4056 testimonium
3003 3998 3273 4062 ferebant,
3297 4000 3443 4068 quod

1862 4104 2011 4153 esset
2055 4097 2364 4165 insolens),
2399 4093 2659 4150 incitabat
2683 4107 2874 4148 omnes
2907 4090 3137 4147 clericos
3178 4090 3445 4144 aduersus

1864 4185 2253 4257 Epiphaniam,
2285 4186 2474 4241 dicens
2508 4201 2523 4239 :
2555 4184 2712 4254 Agite
2739 4195 3136 4252 persequamur
3169 4179 3315 4233 hunc
3344 4178 3444 4233 ho-

1862 4282 2077 4351 spitem,
2114 4295 2180 4334 ne
2231 4279 2481 4332 comedat
2524 4287 2865 4345 quaecunque
2910 4280 3038 4326 sunt
3087 4269 3361 4332 Ecclesia,
3390 4278 3446 4325 et

1862 4373 2034 4428 simus
2085 4386 2186 4424 nos
2229 4378 2453 4438 peccato
2482 4365 2725 4421 obnoxii.
2757 4362 2885 4418 Erat
2915 4372 3093 4417 autem
3135 4363 3221 4416 hic
3244 4362 3446 4416 Chari-c

1862 4477 1965 4516 nus
1996 4461 2153 4515 valde
2179 4459 2352 4522 dives,
2375 4464 2429 4512 et
2454 4456 2735 4527 quaerebat
2758 4454 3010 4523 persequi
3049 4452 3440 4521 Epiphanium.

1862 4561 1922 4606 ut
1967 4552 2082 4621 ipse
2134 4549 2347 4605 sederet
2380 4548 2436 4602 in
2474 4548 2694 4602 throno.
2740 4544 3218 4613 Surrexeruntque
3249 4557 3443 4598 omnes

1861 4642 2043 4697 clerici
2097 4641 2361 4696 adversus
2418 4638 2806 4710 Epiphanium,
2852 4638 3066 4693 dicente
3110 4636 3228 4692 haec
3274 4637 3441 4692 verba

1861 4733 2100 4789 Charino
2145 4750 2159 4787 :
2204 4731 2322 4788 Non
2357 4733 2492 4788 satis
2518 4740 2622 4797 est,
2651 4746 2685 4786 ο
2712 4730 3002 4802 Epiphani,
3036 4731 3180 4801 quod
3216 4730 3321 4784 huc
3351 4744 3442 4785 ve-

1861 4825 2031 4889 neris,
2063 4840 2187 4881 cum
2217 4840 2335 4897 non
2367 4825 2599 4881 haberes
2642 4824 3044 4887 indumentum,
3078 4832 3132 4877 et
3164 4821 3444 4891 acceperis

1860 4915 2192 4985 Ecclesiam;
2245 4917 2339 4974 sed
2393 4917 2559 4972 etiam
2606 4923 2868 4985 tanquam
2920 4915 3143 4983 hospes,
3174 4912 3443 4981 dispergis

1859 5026 1950 5067 res
1975 5009 2263 5077 Ecclesia);
2286 5018 2339 5065 et
2365 5009 2490 5080 quis
2520 5007 2623 5065 hoc
2649 5006 2795 5063 ferre
2827 5005 3062 5077 poterit?
3088 5004 3198 5080 ᾼυι
3227 5004 3293 5059 da
3320 5019 3433 5059 cen-

1864 5112 1977 5158 tum
2029 5118 2307 5168 nummos,
2338 5110 2433 5157 aut
2465 5100 2603 5156 vade
2648 5100 2701 5154 in
2735 5108 2883 5153 tuam
2917 5096 3169 5168 patriam.
3201 5094 3304 5150 Ivit
3341 5111 3409 5150 nu

1863 5202 1968 5247 tem
2019 5192 2248 5247 Romam
2278 5190 2581 5254 Romanus,
2619 5190 2881 5244 liberatus
2911 5189 2980 5242 ab
3006 5184 3312 5254 Epiphanio
3339 5203 3355 5238 :
3388 5196 3441 5240 et

1861 5282 2115 5338 omnibus
2142 5282 2258 5337 suis
2283 5280 2538 5347 venditis,
2558 5280 2610 5335 ei
2635 5279 2817 5334 attulit
2844 5276 3120 5347 pecunias.
3144 5274 3292 5342 Quas
3314 5290 3441 5330 cum

1861 5374 2160 5444 accepisset
2190 5371 2546 5442 Epiphanius,
2575 5370 2855 5427 distribuit
2907 5369 2997 5432 iis,
3027 5367 3118 5438 qui
3172 5382 3308 5437 opus
3336 5365 3437 5421 ba-

1859 5466 2083 5522 bcbant.
2104 5466 2302 5522 Mansit
2331 5481 2461 5521 vero
2479 5465 2761 5520 Romanus
2781 5478 2905 5519 cum
2933 5461 3241 5532 Epiphanio
3268 5472 3440 5528 usque

1866 5558 1930 5612 ad
1967 5566 2191 5615 mortem
2246 5571 2422 5612 suam.
2461 5556 2679 5627 Accepit
2725 5562 2903 5610 autem
2948 5549 3282 5622 Epiphanius
3311 5560 3441 5602 cen—
