3866 6066
409 141 467 196 τι
1707 127 1763 179 s.
1812 121 2151 178 mrth
2192 120 2375 176 vna.
3615 119 3681 169 τε

409 266 523 311 tum
553 268 831 317 nummos,
856 261 911 306 et
953 249 1098 304 dedit
1142 248 1402 311 Charino,
1437 246 1625 303 dicens
1653 248 1702 302 ei
1735 266 1749 301 τ
1786 246 1985 315 Accipe

2119 240 2231 293 ιετά
2258 237 2580 308 Ἐπιφανίου
2613 236 2714 297 ἓως
2743 233 2953 303 ἡμέρας
2981 232 3209 284 θανάτου
3239 230 3455 285 αὐτοῦ.’
3476 231 3684 285 Ελαὸεν

406 356 626 403 centum
677 360 951 406 nummos,
977 356 1117 412 quos
1165 342 1289 395 dedi
1340 356 1441 411 pro
1491 340 1725 409 hospite.
1763 340 1812 394 Is
1854 353 1985 393 vero

2119 331 2141 383 ὲ
2172 330 2492 397 Ἐπιφάνιος
2543 326 2610 380 τὰ
2661 331 2708 396 ρ’
2733 325 3062 395 νομίσματα,
3100 322 3196 376 καὶ
3224 323 3423 376 ἔδωκεν
3460 321 3542 392 τῷ
3574 325 3684 376 Χα-

409 436 606 492 canina
638 434 811 490 fronte
842 434 1122 504 praeditus,
1146 443 1360 488 centum
1395 447 1651 486 nummm
1682 430 1890 499 accepit
1919 430 1986 484 ab

2119 426 2241 493 .ίνῳ,
2274 422 2447 489 λέγων
2480 419 2614 490 πρὸς
2659 418 2821 472 αὐτόν
2841 433 2854 445 ·
2888 416 3046 483 Δέξαι
3076 416 3166 469 ητά
3209 423 3251 485 ρ’
3278 414 3623 485 νομίσματα,
3652 413 3687 469 ἃ

415 526 743 597 Epiphanio.
778 526 1045 583 Omnibus
1076 535 1254 579 autem
1287 523 1565 578 accersitis
1587 522 1821 582 clericis,
1851 520 1990 573 Cha-

417 622 573 676 rinus
624 622 758 675 dixit
805 620 933 675 eis:
971 619 1144 690 Agite,
1173 616 1403 685 accipite
1451 623 1668 669 centum
1712 627 1987 675 nummos,

411 727 551 781 quos
582 711 912 780 disperserat
937 708 1311 778 Epiphanius;
1343 722 1439 761 eos
1464 706 1606 759 cnitn
1638 706 1705 758 ab
1722 719 1792 758 eo
1811 704 1988 773 exegi.

414 803 605 856 Clerici
638 816 768 855 vero
802 817 909 856 non
940 800 1310 869 approbarunt
1339 799 1540 852 malum
1571 797 1814 851 animum
1845 794 1992 849 Cha-

414 895 542 955 rini.
570 895 666 951 sed
696 896 744 949 ei
775 896 1029 950 dixerunt
1062 913 1077 949 :
1109 894 1232 957 Abi,
1260 909 1356 950 eos
1387 892 1553 947 redde
1585 892 1658 954 ei,
1693 906 1723 943 a
1754 906 1862 960 quo
1897 905 1994 945 ac-

414 988 625 1057 cepisti.
661 985 736 1041 Ita
765 987 810 1041 is
835 1002 930 1041 eos
971 1002 1076 1040 non
1108 984 1341 1041 reddidit
1388 984 1714 1054 Epiphanio.
1743 982 1920 1052 Atque
1948 981 1996 1036 is

415 1082 636 1151 quidem
671 1081 838 1135 multa
861 1081 1045 1152 gravia
1062 1088 1115 1135 et
1133 1080 1354 1150 indigna
1382 1078 1507 1134 fecit
1532 1075 1855 1148 Epiphanio.
1878 1076 1999 1146 Epi-

416 1173 651 1243 phanius
684 1183 863 1229 autem
895 1190 1174 1244 nunquam
1202 1172 1426 1228 omnino
1467 1171 1719 1228 meminit
1763 1180 2000 1241 acceptae

418 1280 451 1319 a
484 1264 724 1321 Charino
759 1264 991 1335 injuriae.

491 1515 756 1573 XXXVII.
795 1519 931 1573 Cum
965 1518 1259 1589 aliquando
1293 1520 1515 1591 quidem
1536 1530 1682 1577 esset
1711 1520 2000 1592 prandium

421 1608 476 1663 in
510 1611 844 1681 episcopatu,
873 1611 1107 1666 habebat
1156 1610 1497 1681 Epiphanius
1528 1629 1721 1669 omnes
1770 1614 2000 1670 clericos
2033 1599 2076 1655 Β

421 1701 477 1755 in
508 1717 717 1756 mensa.
755 1701 871 1755 Mos
918 1712 1096 1756 autem
1132 1710 1250 1757 erat
1296 1702 1601 1773 Epiphanio
1649 1714 1807 1760 nocte
1831 1714 1886 1759 et
1913 1704 2002 1760 die

423 1792 623 1846 habere
648 1793 700 1845 in
729 1793 982 1847 manibus
1015 1803 1205 1848 sancta
1233 1792 1548 1863 Evangelia,
1580 1803 1635 1850 et
1666 1795 1861 1850 docere
1885 1811 2004 1850 vcr-

422 1884 554 1937 bum
603 1883 869 1936 divinum.
901 1881 1150 1954 Cumque
1178 1887 1231 1940 in
1260 1901 1448 1940 mensa
1481 1886 1701 1941 doceret
1731 1886 2006 1957 pranden-

429 1984 509 2028 tcs
554 1972 914 2043 Epiphanius,
948 1977 1084 2041 avis,
1122 1993 1243 2046 qua:
1285 1977 1484 2032 dicitur
1527 1993 1745 2043 curvus,
1794 1979 2007 2035 intense

426 2079 615 2118 vocem
644 2066 844 2121 emisit.
879 2067 1025 2121 Dixit
1054 2079 1232 2123 autem
1262 2068 1534 2124 Charinus
1567 2070 1963 2139 prandentibus
1990 2088 2003 2124 :

429 2153 691 2220 Quisnam
737 2175 802 2213 ex
846 2160 999 2213 vobis
1049 2162 1201 2215 novit
1245 2161 1375 2230 quid
1426 2162 1640 2217 locutus
1672 2163 1739 2218 sit
1767 2162 2009 2219 corvus?

429 2246 664 2301 Verbum
723 2259 906 2303 autem
963 2250 1209 2305 divinum
1278 2254 1584 2321 exponebat
1646 2251 2004 2323 Epiphanius.

428 2333 685 2392 Eamdem
720 2354 905 2392 vocem
940 2355 1131 2394 rursus
1161 2341 1359 2394 emittit
1396 2356 1613 2396 corvus.
1651 2340 1797 2396 Dixit
1826 2351 2007 2397 autem

430 2444 627 2484 rursus
660 2429 935 2484 Charinus
968 2449 981 2484 :
1017 2430 1153 2496 Quis
1201 2447 1265 2485 ex
1314 2433 1471 2488 vobis
1524 2434 1676 2489 novit
1704 2435 1835 2503 quid
1865 2435 2011 2490 dicat

430 2522 662 2575 corvus?
697 2520 1033 2590 Epiphanius
1077 2536 1207 2576 vero
1235 2537 1428 2578 rursus
1460 2536 1653 2579 omnes
1699 2524 1929 2581 docebat
1957 2526 2013 2581 in

433 2611 686 2681 prandio.
729 2612 901 2667 Porro
935 2622 1117 2668 autem
1150 2628 1345 2668 rursus
1395 2628 1615 2683 quoque
1664 2615 1879 2669 tertiam
1923 2630 2009 2672 νοα

435 2718 556 2758 cem
610 2704 807 2759 emittit
856 2719 1073 2760 corvus.
1111 2703 1366 2775 Dixitque
1398 2720 1593 2759 rursus
1625 2704 1898 2762 Charinus
1924 2706 2012 2772 iis,

434 2798 528 2865 qui
548 2802 705 2851 erant
733 2795 786 2848 in
811 2794 1040 2865 prandio
1071 2812 1084 2849 :
1117 2793 1236 2849 Dixi
1271 2793 1446 2860 vobis,
1476 2794 1741 2860 Quisnam
1771 2804 2016 2850 vestrum

435 2889 589 2942 novit
637 2887 767 2958 quid
815 2886 960 2940 dicat
994 2886 1226 2942 corvus?
1261 2885 1602 2958 Epiphanius
1644 2887 1780 2941 nihil
1809 2887 2015 2943 sollici-

434 2987 546 3046 tus,
572 2979 666 3033 sed
692 2978 899 3048 placido
930 2979 1078 3033 vultu
1107 2977 1244 3033 dixit
1286 2979 1526 3033 Charino
1550 2995 1564 3031 :
1595 2977 1708 3050 Ego
1737 2980 1863 3035 novi
1886 2979 2016 3050 quid

435 3070 583 3126 dicat
625 3085 844 3125 corvus.
872 3069 1010 3124 Tum
1038 3069 1312 3126 Charinus
1356 3069 1661 3140 Epiphanio
1697 3089 1711 3126 :
1741 3070 2014 3126 Annuutia

439 3162 595 3228 mihi,
619 3172 672 3216 et
697 3162 807 3217 eris
834 3160 1076 3216 omnium
1108 3177 1352 3217 meorum
1377 3160 1766 3218 dominus.Cui
1793 3174 2024 3232 respon-

439 3253 518 3309 dit
548 3251 884 3323 Epiphanius
914 3270 929 3309 :
962 3253 1105 3308 Dixit
1133 3268 1352 3318 corvus,
1380 3263 1432 3309 te
1471 3269 1581 3309 non
1613 3253 1858 3309 futurum
1897 3268 2020 3308 am-

438 3345 581 3414 plius
610 3346 922 3400 diaconum.
948 3344 1080 3401 Post
1103 3361 1411 3400 sermonem
1442 3346 1587 3401 hunc
1609 3355 1787 3399 autem
1819 3355 2023 3399 tremor

440 3437 641 3492 invasit
667 3436 999 3501 Charinum;
1034 3450 1135 3491 nec
1163 3435 1383 3490 locutus
1412 3446 1495 3491 cst
1518 3435 1773 3504 amplius,
1805 3443 1899 3489 aut
1932 3450 2023 3490 co-

442 3528 632 3590 medit,
662 3536 756 3581 aut
784 3526 924 3581 bibit
953 3544 967 3580 :
997 3526 1092 3581 sed
1123 3541 1248 3579 eum
1280 3536 1563 3595 portantes
1606 3525 1725 3594 ejus
1754 3525 1905 3594 pueri
1939 3535 2026 3579 tu-

443 3619 625 3673 lerunt
657 3620 710 3672 in
738 3618 959 3672 domum
988 3633 1168 3685 suam,
1197 3628 1252 3673 et
1277 3626 1582 3686 posuerunt
1610 3617 1661 3669 in
1693 3616 1851 3671 lecto.
1870 3615 2027 3672 Mane

444 3727 573 3766 vero
601 3695 850 3766 mortuus
877 3720 962 3766 est
992 3713 1045 3765 in
1079 3713 1217 3767 lecto
1244 3726 1365 3767 suo.
1399 3709 1645 3764 Habebat
1679 3722 1862 3764 autem
1893 3724 2028 3763 uxo-

446 3819 561 3858 rem
613 3802 1012 3867 ﬁdelissimam,
1051 3818 1150 3858 nec
1199 3812 1317 3858 crat
1371 3803 1450 3857 eis
1502 3801 1667 3856 Iilius.
1708 3801 1785 3856 Ea
1832 3800 2029 3856 obtulit

446 3894 628 3947 omnia
680 3892 1026 3964 Epiphanio:
1061 3909 1223 3963 quam
1275 3893 1440 3947 etiam
1493 3892 1621 3948 fecit
1660 3890 2027 3946 diaconissam

445 3983 722 4041 Ecclesite.
756 3984 1328 4039 Laboraveratautcm
1378 3984 1500 4052 ejus
1554 3999 1748 4038 manus
1775 3981 2013 4053 paralysi

444 4085 689 4147 tempore
732 4076 919 4132 decem
970 4091 1262 4130 armorum.
1310 4073 1607 4143 Postquam
1642 4088 1771 4143 ergo
1799 4088 1919 4125 eam
1953 4081 2032 4126 te-

447 4170 568 4223 nuit
595 4169 956 4239 Epiphanius,
989 4177 1048 4223 ut
1076 4181 1199 4223 eam
1225 4167 1487 4235 signaret,
1516 4165 1699 4219 statim
1728 4164 2028 4227 convaluit,

2090 517 2264 569 ἐδωκα
2291 511 2534 585 ὑπὲρτοῦ
2568 512 2738 576 ξένου.
2773 506 2942 573 Οὗτος
2969 509 3048 576 δὲ,
3079 509 3241 571 κυνὸς
3267 509 3499 579 ὄμματα
3526 506 3684 577 ἔχων,

2090 607 2284 661 ἔλαϐεν
2332 606 2403 660 τὰ
2449 605 2762 676 νομίσματα
2807 600 3302 674 παράἙπιφανίου
3328 615 3344 630 ·
3376 599 3479 653 καὶ
3522 614 3687 669 προσ-

2093 700 2465 771 καλεσάμενος
2500 698 2747 758 ἅπαντας
2776 696 2903 758 τοὺς
2926 693 3243 764 κληρικοὺς,
3268 691 3459 760 ἔλεγεν
3483 691 3683 753 αὐτοῖς·

2094 794 2278 857 Δεῦτε,
2310 793 2504 847 λάϐετε
2555 791 2624 845 τὰ
2679 796 2723 854 ρ’
2751 788 3086 859 νομίσματα,
3117 786 3153 841 ἃ
3180 782 3248 858 ἦν
3289 784 3688 855 διασκορπίσας

2094 882 2447 953 Ἑπιφάνιος·
2477 881 2739 953 ἀπῄτησα
2775 879 2885 950 γὰρ
2913 876 3076 931 αὐτὸν
3104 876 3304 931 πάντα.
3342 876 3403 929 Oi
3434 872 3689 945 κληρικοὶ

2095 973 2189 1031 οὖν
2230 977 2292 1029 οὐ
2324 974 2721 1044 συνευδόκησαν
2771 974 2837 1042 τῆ
2882 972 3028 1041 κακῇ
3070 967 3267 1041 γνώμῃ
3311 967 3391 1035 τῷ
3428 966 3689 1037 Χαρίνῳ,

2097 1068 2212 1122 ἀλλ’
2246 1063 2401 1120 εἷπον
2453 1064 2590 1139 πρὸς
2637 1064 2825 1118 αὐτόν·
2868 1061 3128 1125 Ἀπελθε,
3181 1061 3313 1131 παρ’
3354 1055 3417 1112 οὗ
3476 1058 3691 1123 ἐλαΰες,

2097 1160 2297 1224 ἀπόδος
2337 1159 2498 1213 αὐτὰ.
2528 1152 2698 1221 Οὗτος
2738 1152 2796 1209 δὲ
2842 1153 2967 1208 οὔτε
2998 1153 3173 1214 οὓτως
3217 1151 3511 1205 ἀπέδωκεν
3557 1151 3693 1204 αὐτὰ

2099 1248 2422 1320 Ἐπιφανίῳ.
2455 1246 2759 1318 Πάμπολλα
2782 1239 2875 1299 οὖν
2913 1244 3064 1297 δεινά
3096 1242 3367 1314 ἐχρήσατο
3398 1243 3428 1295 6
3460 1242 3694 1311 Χαρῖνος

2102 1339 2440 1410 Ἐπιφανίῳ·
2491 1337 2656 1401 αὐτὸς
2707 1335 2765 1389 δὲ
2828 1337 2886 1388 ὲν
2949 1333 3125 1387 οὐδενὶ
3192 1332 3329 1396 ὃλως
3393 1330 3697 1400 ἑμηνίασεν

2102 1430 2275 1502 αὐτῷ.
2374 1490 2379 1495 ,

2173 1524 2295 1576 AZ'.
2336 1523 2475 1575 Ποτὲ
2521 1517 2613 1574 οὖν
2663 1520 2888 1592 ἀρίστου
2931 1519 3081 1582 ὄντος
3130 1520 3188 1572 ἐν
3221 1516 3299 1587 τῷ
3332 1516 3697 1585 ὲπισκοπείῳ,

2104 1610 2251 1683 εἶχεν
2281 1613 2599 1680 Ἐπιφάνιος
2633 1612 2882 1672 ἅπαντας
2920 1608 3046 1671 τοὺς
3081 1606 3377 1678 κληρικοὺς
3427 1606 3527 1659 ἐπὶ
3571 1622 3685 1676 τρα-

2104 1699 2410 1776 πέζηςΠἮν
2457 1702 2515 1755 δὲ
2550 1701 2669 1763 ἔθος
2702 1698 3007 1770 Ἐπιφανίῳ
3041 1700 3098 1753 ὲν
3130 1700 3251 1760 ταῖς
3293 1696 3488 1767 χερσὶν
3537 1695 3697 1750 αὑτοῦ

2106 1798 2328 1869 κρατεῖν
2352 1795 2420 1847 τὰ
2451 1793 2582 1861 ἆγια
2612 1791 2944 1860 Εὑαγγέλια,
2971 1789 3165 1854 νυκτὸς
3197 1790 3292 1842 καὶ
3313 1787 3536 1862 ἡμέρας
3562 1786 3695 1841 διδάι

2109 1905 2261 1942 σκειν
2291 1886 2383 1939 τὸν
2418 1885 2559 1938 θεῖον
2605 1883 2782 1951 λόγον.
2814 1881 2921 1935 Τοῦ
2952 1876 3045 1935 οὖν
3070 1880 3393 1950 Ἐπιφανίου
3423 1878 3701 1933 διδάσκον-

2107 1995 2200 2041 τος
2247 1976 2341 2029 ἐπὶ
2367 1973 2646 2046 τραπέζης
2691 1969 3226 2044 τοὺςιριστοῦντας
3269 1971 3461 2039 ὄρνεον
3504 1969 3569 2023 τὸ
3602 1986 3702 2023 κα-

2110 2068 2370 2138 λούμενον
2416 2065 2589 2136 κόραξ
2624 2063 2913 2118 ἀποδίδωσι
2938 2062 3122 2134 φωνὴν
3149 2062 3404 2126 εὐτόνως.
3448 2057 3623 2116 Εἶπεν
3649 2062 3703 2115 δὲ

2111 2161 2345 2231 Χαρῖνος
2395 2160 2509 2221 τοῖς
2559 2154 2908 2228 ἀριστοῦσιν·
2944 2154 3041 2218 Τίς
3075 2155 3133 2221 ἐξ
3168 2155 3323 2226 ὑμῶν
3360 2154 3633 2223 γινώσκει
3655 2154 3706 2206 τί

2110 2250 2491 2321 ἀπεφθέγξατο
2532 2250 2561 2302 6
2598 2248 2803 2320 κόραξ;
2835 2244 2944 2302 Ἦν
2975 2247 3031 2301 δὲ
3057 2247 3374 2317 Ἐπιφάνιος
3403 2246 3590 2300 λαλῶν
3618 2247 3706 2299 τὸν

2112 2344 2254 2398 θεῖον
2288 2342 2467 2412 λόγον.
2497 2341 2667 2395 Πάλιν
2701 2336 2794 2393 οὖν
2828 2341 2856 2393 6
2884 2338 3055 2411 κόραξ
3080 2339 3371 2392 ἀποδίδωσι
3402 2338 3503 2410 τὴν
3539 2338 3706 2409 αὐτὴν

2115 2436 2301 2506 φωνήν
2326 2451 2340 2465 ·
2369 2428 2525 2487 εἶπεν
2553 2432 2610 2485 δέ
2642 2430 2802 2485 πάλιν
2823 2432 2851 2484 6
2875 2432 3112 2501 Χαρῖνος
3129 2447 3143 2460 ·
3174 2431 3270 2494 Τίς
3290 2431 3350 2497 ἐξ
3372 2429 3535 2500 ὑμῶν
3557 2430 3705 2499 γινώ-

2116 2544 2235 2580 σκει
2264 2526 2318 2579 τί
2342 2526 2494 2594 λέγει
2540 2527 2569 2578 ὀ
2602 2522 2806 2595 κόραξ;
2836 2522 2942 2576 Ἦν
2978 2523 3035 2576 δὲ
3067 2521 3228 2576 πάλιν
3254 2522 3584 2593 Ἐπιφάνιος
3630 2523 3704 2575 διε

2113 2619 2330 2673 δάσκων
2379 2618 2623 2681 ἅπαντας
2665 2618 2757 2669 ἐπὶ
2789 2616 3044 2687 ἀρίστου·
3096 2615 3258 2669 πάλιν
3287 2611 3381 2669 οὖν
3411 2615 3706 2670 ἀποδίδωσι

2115 2712 2308 2783 τρίτην
2338 2710 2522 2781 φωνὴν
2550 2712 2580 2763 ό
2606 2708 2795 2782 κόραξ.
2820 2706 2989 2762 Εἶπεν
3013 2708 3069 2761 δὲ
3097 2708 3260 2763 πάλιν
3288 2711 3317 2762 ό
3344 2709 3583 2779 Χαρῖνος
3599 2711 3707 2769 τοῖς

2118 2803 2213 2856 ἐπὶ
2248 2804 2505 2874 ἀρίστου·
2534 2797 2709 2854 Εἶπον
2759 2802 2911 2871 ὑμῖν,
2942 2801 3039 2865 Τίς
3068 2800 3129 2866 ἐξ
3158 2801 3313 2872 ὑμῶν
3361 2796 3501 2855 οῐδεν
3534 2801 3592 2855 τί
3618 2801 3708 2854 λα·-

2042 2927 2086 2986 c
2118 2894 2201 2947 λεῖ
2238 2896 2267 2948 6
2302 2893 2508 2965 κόριξς
2553 2891 2613 2946 ’0
2661 2888 2756 2946 οὖν
2783 2890 3103 2986 Ἐπιφάνιος
3133 2892 3301 2963 μηδὲν
3333 2892 3706 2964 ἀδημονήσας,

2118 2985 2235 3040 ἀλλ’
2263 2987 2319 3038 ὲν
2369 2984 2538 3054 πολλῇ
2585 2982 2916 3037 καταστάσει
2963 2978 3119 3035 εἶπεν
3160 2982 3238 3053 τῷ
3268 2981 3523 3054 Χαρίνῳ·
3566 2980 3710 3052 Ἐγὼ

2118 3077 2372 3147 γινώσκω
2400 3078 2454 3130 τί
2478 3072 2631 3131 εἶπεν
2661 3077 2691 3129 6
2717 3075 2909 3148 κόραξ.
2941 3071 3110 3128 Εἶπεν
3141 3075 3200 3128 δὲ
3223 3075 3479 3147 Χαρῖνος·
3512 3075 3711 3144 ’Δνάγ-

2120 3167 2300 3238 γειλόν
2332 3184 2443 3238 μοι,
2475 3166 2572 3219 καὶ
2614 3164 2714 3237 ἔσῃ
2761 3165 2980 3219 πάντων
3011 3163 3121 3219 τῶν
3146 3163 3280 3236 ἐμοῦ
3306 3165 3507 3236 ἄρχων.
3541 3159 3711 3217 Εἶπεν

2119 3260 2177 3314 δὲ
2202 3259 2520 3328 Ἐπιφάνιος
2541 3257 2678 3329 πρὸς
2698 3242 2791 3310 τὸν
2813 3257 3047 3327 Χαρῖνον
3062 3272 3077 3288 ·
3112 3252 3281 3309 Εἶπεν
3295 3257 3324 3310 6
3353 3254 3543 3326 κόραξ,
3563 3255 3710 3318 ὅπως

2126 3352 2199 3423 μὴ
2228 3348 2294 3425 ᾖς
2317 3351 2583 3413 διάκονος.
2619 3348 2745 3402 Ἐπὶ
2770 3347 2850 3418 τῷ
2877 3347 3023 3419 λόγῳ
3049 3343 3143 3401 οὖν
3168 3345 3487 3417 Ἐπιφανίου
3513 3346 3713 3399 ἔπεσεν

2123 3442 2323 3515 τρόμος
2354 3442 2449 3494 ἐπὶ
2473 3440 2719 3512 Χαρίνῳ,
2746 3439 2841 3493 καὶ⁸
2868 3437 3053 3493 οὐκέτι
3081 3436 3331 3509 ὲλάλησε,
3356 3436 3477 3490 οὐδὲ
3506 3435 3714 3507 ἔφαγεν

2125 3552 2177 3588 τι
2202 3534 2236 3605 ἣ
2269 3533 2420 3588 ἔπιεν
2440 3550 2452 3563 '
2478 3532 2617 3586 ἀλλά
2638 3530 3009 3603 βαστάσαντες
3034 3529 3196 3583 αὐτὸν
3228 3529 3278 3581 oi
3306 3528 3496 3591 παῖδες
3519 3527 3711 3591 αὑτοῦ,

2126 3625 2428 3695 ἀπήνεικαν
2451 3625 2509 3676 ὲν
2540 3621 2619 3692 τῷ
2645 3622 2779 3692 οῐκῳ
2804 3620 2988 3683 αὐτοῦ,
3019 3620 3114 3672 καὶ
3147 3619 3349 3691 ἔθηκαν
3377 3619 3471 3671 ἐπὶ
3498 3617 3709 3690 κλίνης·

2127 3714 2223 3769 καὶ
2254 3717 2323 3785 τῇ
2350 3713 2519 3767 ἕωθεν
2561 3712 2831 3767 ἀπέθανεν
2861 3712 2953 3765 ἐπὶ
2976 3711 3077 3781 τῆς
3109 3710 3299 3787 κοίτης
3323 3708 3512 3765 αὑτοῦ.
3551 3706 3713 3781 Εἶχεν

2128 3806 2186 3860 δὲ
2238 3808 2471 3875 γυναῖκα
2520 3804 2878 3874 πιστοτάτην·
2925 3804 3118 3857 τέκνον
3171 3800 3228 3855 δὲ
3273 3801 3448 3870 αὐτῆς
3491 3804 3570 3873 (α)
3618 3802 3714 3870 οὑχ

2128 3895 2391 3968 ὑπῆρχεν.
2426 3894 2572 3966 Αὕτη
2625 3894 2997 3966 προσήνεγκεν
3036 3889 3335 3960 Ἐπιφανίῳ
3395 3890 3576 3946 πάντα
3599 3907 3613 3921 ·
3650 3893 3715 3960 ἢν

2131 3990 2227 4043 καὶ¹
2251 3988 2504 4058 εποίησεν
2530 3987 2774 4041 διάκονον
2802 3985 2902 4055 τῆς
2929 3982 3359 4053 Ἐκκλησίας.Ἦ
3388 3983 3445 4036 δὲ
3466 3984 3589 4056 χεὶρ
3623 3984 3715 4038 αὖ·

2131 4082 2229 4151 τῆς
2253 4076 2321 4152 ἦν
2361 4077 2666 4150 παρειμένη
2689 4076 2922 4145 δεκαετῆ
2951 4075 3161 4146 χρόνον.
3182 4075 3267 4137 Ὦς
3293 4070 3386 4127 οὖν
3411 4075 3715 4146 ἐκράτησεν

2132 4172 2302 4241 αὐτὴν
2350 4169 2694 4239 Ἐπιφάνιος,
2746 4169 2896 4230 ὅπως
2946 4166 3236 4237 σφραγίσει
3279 4165 3468 4235 αὐτὴν,
3512 4167 3716 4230 εὐθέως

448 4271 504 4316 et
537 4262 767 4315 liberata
800 4261 903 4315 fuit
957 4276 989 4315 a
1038 4260 1342 4314 doloribus.
1369 4257 1454 4311 Ab
1491 4257 1582 4311 illo
1607 4271 1737 4325 ergo
1768 4256 1875 4318 die,
1917 4270 2016 4338 quc

2131 4265 2370 4333 ὐγίανεν,
2405 4264 2499 4316 καὶ
2528 4260 2828 4332 ἐκουφίσθη
2861 4260 2955 4313 τοῦ
2987 4261 3171 4313 πόνου.
3206 4258 3349 4312 πἈπὸ
3374 4261 3475 4330 τῆς
3503 4259 3716 4330 ἡμέρας

446 4350 689 4406 Charino
714 4366 1021 4405 sermonem
1053 4351 1270 4405 locutus
1315 4358 1400 4405 est
1442 4343 1803 4419 Epiphanius,
1833 4356 1887 4401 rt
1925 4363 2030 4402 una

448 4461 575 4503 eum
627 4458 880 4499 sermone
932 4442 1050 4512 ipse
1087 4443 1297 4513 accepit
1343 4440 1669 4496 sententiam
1718 4438 2029 4503 aDomino,

450 4554 643 4595 omnes
675 4537 860 4594 clerici
888 4535 1085 4591 timore
1107 4545 1161 4589 et
1193 4547 1430 4589 tremore
1458 4533 1687 4604 subjecti
1714 4540 1872 4589 erant
1903 4531 2030 4602 Epi-

455 4626 677 4698 phanio.

524 4716 814 4772 XXXVI“.
854 4716 1026 4771 Porro
1053 4728 1235 4771 autem
1263 4717 1365 4771 hoc
1394 4730 1612 4787 quoque
1638 4716 1887 4773 servabat
1906 4716 2035 4787 Epi-

455 4812 692 4882 phanius
724 4830 738 4865 :
768 4811 1036 4880 Tempore
1068 4810 1360 4866 oblationis
1406 4825 1689 4882 nunquam
1723 4811 2036 4883 perﬁciebat

456 4903 809 4967 oblationem,
853 4901 1028 4957 donec
1061 4901 1284 4957 vidisset
1324 4903 1615 4959 visionem.
1640 4902 2037 4960 Consueverat-

456 5012 562 5065 que
588 4995 780 5051 beatus
813 4992 1030 5064 praefari
1065 4994 1229 5050 verba
1262 4995 1535 5067 quaedam,
1564 5006 1620 5053 et
1653 4996 1702 5052 ei
1735 4996 1915 5053 statim
1949 5012 2037 5054 re-

455 5086 759 5141 velabatur.
791 5083 929 5139 Cum
987 5084 1171 5156 itaque
1221 5084 1520 5156 aliquando
1555 5095 1637 5141 ter
1666 5085 1893 5141 dixisset
1920 5101 2037 5140 ser-

459 5191 700 5239 monem,
733 5175 880 5230 nulla
909 5175 959 5228 ei
993 5190 1052 5229 se
1077 5176 1276 5231 obtulit
1306 5177 1465 5232 visio.
1494 5175 1627 5232 Cum
1660 5177 1709 5232 is
1742 5185 1922 5232 autem
1954 5177 2038 5230 lu-

460 5277 611 5337 geret
638 5275 691 5320 ct
715 5274 918 5329 oraret,
945 5275 1003 5320 ut
1030 5266 1132 5321 sibi
1155 5283 1322 5324 causa
1352 5269 1768 5341 signiﬁcaretur,
1797 5269 2036 5339 primum

462 5362 715 5417 observat
741 5360 1055 5424 diaconum,
1087 5360 1182 5428 qui
1215 5375 1246 5414 a
1279 5361 1520 5417 sinistris
1564 5360 1784 5416 tenebat
1807 5360 2038 5416 ventila-

537 5537 611 5611 (α)
654 5537 922 5611 lnterpres
955 5538 1084 5609 legit
1111 5537 1312 5602 αὐτοῖς.

2131 4351 2244 4418 οὖν,
2292 4349 2359 4424 ἧς
2399 4351 2716 4422 Ἑπιφάνιος
2763 4351 3026 4423 ἐλάλησεν
3076 4352 3317 4423 Χαρίνῳ,
3347 4353 3443 4405 καὶ
3494 4355 3593 4407 σὺν
3640 4352 3716 4422 τῷ

2132 4448 2275 4518 λόγῳ
2303 4444 2469 4499 αὐτοῦ
2512 4444 2702 4498 ἔλαϐεν
2729 4444 2827 4516 τὴν
2857 4445 3133 4515 ἀπόφασιν
3162 4444 3269 4517 ἀπὸ
3306 4446 3536 4517 Κυρίου,

2134 4538 2230 4594 καὶ
2255 4537 2445 4609 τρόμῳ
2470 4536 2711 4600 ἅπαντες
2732 4537 2781 4590 oi
2813 4536 3066 4609 κληρικοὶ
3093 4538 3462 4592 ὑπετάσσοντο
3481 4538 3717 4607 Ἐπιφα-

2134 4632 2247 4703 νίῳ.

2210 4724 2339 4777 AH'.
2380 4717 2489 4775 Ἦν
2518 4721 2626 4792 γὰρ
2657 4721 2750 4774 καὶ
2794 4718 2956 4773 τοῦτο
2996 4720 3409 4792 πεφυλαγμένον
3436 4719 3517 4791 τῷ
3547 4737 3720 4791 μακαο

2138 4814 2242 4886 ρίῳ
2260 4830 2273 4842 ·
2306 4814 2363 4867 ὲν
2392 4811 2502 4883 γὰρ
2531 4814 2597 4882 τῇ
2627 4809 2746 4883 ὥρᾳ
2772 4810 2871 4883 τῆς
2904 4810 3271 4881 προσενέξεως
3316 4810 3575 4864 οὐδέποτε
3603 4811 3719 4863 ὲτε-

2134 4903 2360 4957 λείωσεν
2386 4902 2486 4971 τὴν
2526 4899 2862 4972 προσένεξιν,
2897 4900 3003 4964 ἕως
3052 4893 3114 4953 οὒ
3148 4899 3254 4952 ίδεν
3280 4899 3378 4970 τὴν
3409 4899 3679 4952 ὀπτασίαν
3702 4911 3717 4925 ’

2136 4993 2319 5048 εἰώθει
2367 4995 2396 5047 ὁ
2449 4993 2717 5064 μακάριος
2759 4990 2937 5059 λέγειν
2984 4991 3113 5056 τοὺς
3153 4990 3364 5059 λόγους,
3396 4990 3493 5043 καὶ
3521 4990 3718 5052 εὐθέως
3832 4974 3833 4977 η

2138 5085 2556 5140 ἀπεκαλύπτετο
2605 5084 2774 5155 αὐτῷ.
2823 5083 2962 5136 Ποτὲ
2989 5078 3084 5137 οὖν
3109 5081 3279 5136 εἰπὼν
3306 5082 3495 5152 τρίτον
3518 5082 3611 5135 τὸν
3639 5081 3717 5133 λό·

2137 5195 2255 5247 γον,
2285 5178 2385 5232 οὐκ
2432 5177 2651 5246 ἐγένετο
2693 5176 2763 5229 τὰ
2811 5174 2910 5244 τῆς
2952 5173 3237 5237 ὀπτασίας.
3269 5173 3474 5225 Τούτου
3503 5171 3560 5225 δὲ
3596 5187 3692 5224 πεν

2139 5270 2378 5334 θοῦντος,
2408 5269 2503 5323 καλ⁸
2547 5268 2804 5339 δεομένου
2849 5267 2991 5321 ὥστε
3043 5264 3349 5339 μηνυθῆναι
3397 5264 3498 5333 τὴν
3545 5261 3712 5340 αἰτίαι

2138 5360 2462 5432 Ἐπιφανίῳ,
2490 5346 2705 5431 πρῶτον
2734 5360 2920 5431 ἐπέχει
2960 5356 3038 5429 τῷ
3068 5358 3127 5423 ἐξ
3156 5350 3471 5430 ἀριστερῶν
3488 5356 3723 5426 διακόνῳ
