3972 6070
622 244 693 299 75

1931 240 1988 293 S.
2031 233 2373 293 EPII‘HANII
2414 234 2595 291 VITA.

3776 246 3829 301 76

620 381 753 420 num
787 378 960 434 usque
989 362 1155 427 diem,
1204 363 1531 432 quaeipsum
1579 362 1686 416 vidi
1733 362 2039 425 facientem,
2074 377 2193 416 con-

2311 359 2495 426 φάνιον
2540 360 2827 426 ποιοῦντα,
2865 358 3302 432 συνεγραφδεμην,
3354 360 3429 430 μὴ
3463 359 3647 425 εἰδότος
3678 364 3828 418 αὐτοῦ.

623 455 841 525 scripsi,
866 471 931 511 eo
960 454 1244 509 insciente.
1279 451 1359 507 Tu
1393 469 1633 523 quoque,
1663 467 1697 507 ο
1727 453 1820 517 lili,
1853 468 1973 522 qu:e
2000 468 2191 507 consc—

621 556 857 615 qnentur
907 545 976 599 ab
1029 540 1293 598 hodierno
1341 542 1465 608 die,
1521 543 1716 598 manda
1782 542 1997 597 litteris.
2051 541 2193 595 Deus

619 638 765 692 enim
793 636 885 690 tibi
912 650 1084 690 annos
1115 632 1357 701 adiiciet.
1388 644 1445 688 ut
1484 643 1599 690 toto
1635 643 1880 704 tempore
1917 633 2038 687 vita:
2075 648 2195 702 per-

621 742 843 783 maneas
887 727 1028 796 apud
1071 725 1457 796 Epiphanium.
1512 724 1616 780 Sed
1647 724 1790 787 vide,
1820 739 1884 777 ne
1927 724 2185 793 negligas.

618 818 752 872 Nam
783 833 883 889 ego
912 833 1131 889 quoque
1162 834 1191 872 a
1222 817 1332 872 Deo
1364 826 1546 872 motus
1570 817 1685 871 lucc
1720 814 2042 884 conscripsi.
2079 813 2191 884 Ego

617 911 762 963 enim
798 909 937 963 vado
965 925 1027 964 ea
1055 909 1163 975 via,
1200 924 1307 979 qua
1354 923 1570 969 omnes,
1597 907 1690 977 qui
1719 918 1846 961 sunt
1891 920 2059 976 super
2088 914 2197 958 ter-

620 1016 758 1054 ram.
792 998 922 1054 Post
963 998 1079 1054 haec
1130 1010 1310 1054 autem
1362 997 1498 1052 dixit
1543 994 1827 1051 Joannes:
1870 993 2009 1049 Voca
2064 991 2194 1047 mihi

619 1100 875 1145 sanctum
922 1089 1140 1145 Patrem
1186 1098 1434 1144 nostrum
1468 1086 1850 1158 Epiphanium.
1904 1086 2109 1155 Ivique,
2144 1093 2198 1139 et

621 1181 808 1236 vocavi
877 1181 1072 1250 ipsum.
1122 1177 1200 1233 Eo
1256 1187 1442 1234 autem
1491 1178 1758 1247 ingresso,
1813 1176 1951 1230 dixit
1999 1174 2195 1229 Joanni

625 1274 958 1346 Epiphanius
1002 1289 1014 1324 :
1077 1270 1197 1327 Non
1248 1285 1430 1335 curas,
1474 1269 1674 1339 inquit,
1723 1283 1756 1322 ο
1798 1267 1980 1331 Pater,
2030 1266 2195 1321 Deum

624 1366 832 1435 precari
860 1380 958 1435 pro
986 1364 1186 1417 misero
1214 1370 1499 1432 peccatore
1527 1358 1831 1431 Epiphanio
1855 1359 1878 1411 ?
1905 1358 2045 1436 Dixit
2070 1371 2199 1413 vero

619 1453 857 1509 Joannes
900 1451 1202 1523 Epiphanio
1237 1468 1249 1505 ;
1282 1449 1391 1504 Fac
1440 1449 1770 1507 orationem,
1815 1466 1848 1503 o
1888 1446 2084 1513 Pater;
2118 1455 2201 1501 est

619 1544 762 1599 enim
795 1544 941 1615 quod
975 1553 1154 1597 tecum
1192 1540 1404 1610 loquar.
1454 1538 1795 1610 Epiphanius
1848 1539 2031 1609 itaque
2075 1535 2201 1592 fecit

618 1631 942 1686 orationem.
998 1630 1133 1685 Cum
1186 1646 1285 1685 nos
1346 1639 1524 1684 autem
1574 1628 1939 1692 dixissemus,
2002 1626 2198 1688 Amen,

619 1720 757 1776 dixit
790 1719 1030 1775 Joannes
1079 1718 1423 1790 Epiphanio:
1458 1718 1668 1772 Accede
1716 1718 1943 1787 pr0pius
1974 1718 2040 1772 ad
2080 1731 2191 1781 me,

624 1811 800 1866 Pater.
850 1811 916 1865 Et
960 1810 1197 1865 accessit
1227 1809 1472 1881 prepius.
1505 1809 1760 1879 Dixitque
1791 1807 2030 1865 Joannes
2063 1807 2192 1879 Epi-

528 1962 537 1966 _
621 1902 822 1973 phanio
854 1921 867 1957 :
901 1900 1121 1972 Impone
1166 1917 1361 1956 manus
1403 1910 1524 1955 tuas
1554 1900 1730 1956 oculis
1779 1902 1935 1956 meis.
1986 1900 2049 1955 Et
2078 1901 2195 1956 vale

619 1995 667 2048 ri
713 1995 852 2049 dixit
893 1991 1152 2059 Joannes,
1202 2002 1258 2050 et
1299 1994 1522 2049 tradidit
1570 1992 1844 2063 spiritum.
1883 1993 1937 2047 In
1966 1992 2194 2048 Joannis

619 2095 797 2141 antem
830 2085 1029 2141 collum
1066 2084 1267 2140 cadens
1294 2082 1630 2155 Epiphanius
1675 2078 1841 2148 licvit,
1879 2093 1929 2138 et
1963 2099 2084 2138 cum
2113 2092 2195 2138 est

618 2178 916 2241 osculatus,
948 2186 1002 2231 et
1027 2190 1226 2246 magno
1254 2173 1444 2230 dolore
1481 2173 1714 2230 aﬂ‘ecms
1742 2182 1828 2230 est
1858 2172 2196 2245 Epiphanius

622 2279 840 2341 propter
870 2279 1100 2325 mortem
1135 2266 1383 2323 Joannis.

690 2542 805 2599 XL.
847 2541 983 2598 Cum
1009 2551 1191 2597 autem
1218 2540 1557 2612 Epiphanius
1587 2539 1883 2609 aliquando
1908 2537 2197 2594 cecidisset

622 2637 675 2692 in
710 2634 939 2699 faciem,
995 2643 1055 2689 ut
1085 2633 1256 2689 Deum
1291 2641 1514 2699 oraret,
1548 2641 1607 2686 ut
1634 2647 1757 2686 cum
1793 2630 2081 2701 adjuvaret
2130 2631 2195 2684 ad

621 2728 999 2784 :cdilicandum
1028 2726 1251 2781 domum
1282 2726 1489 2780 nomini
1519 2725 1639 2795 ejus
1669 2730 1811 2796 (erat
1842 2724 1987 2779 enim
2021 2724 2195 2794 prima

621 2820 848 2875 ecclesia
899 2834 1061 2888 parva
1112 2833 1211 2888 pro
1252 2816 1599 2871 multitudine
1632 2831 1821 2871 eorum
1869 2816 1962 2885 qui
2019 2815 2197 2883 ingre-

622 2909 967 2978 diebantur);
993 2921 1115 2961 cum
1148 2921 1373 2976 pronus,
1405 2905 1649 2976 inquam,
1672 2905 1876 2975 jacerct
1912 2906 1965 2959 in
1999 2905 2191 2959 faciem

624 2999 790 3053 lieutn
824 3013 1007 3062 orans,
1042 3014 1144 3051 vox
1181 2998 1248 3053 ad
1299 3013 1419 3052 eum
1462 2997 1601 3052 facta
1630 3006 1735 3064 est,
1798 2996 2087 3068 Epiphani,
2122 2997 2199 3050 in-

2232 1710 2272 1764 Β

2300 450 2410 504 Καὶ
2438 451 2502 504 σὺ
2536 447 2649 515 οὖν,
2697 451 2908 515 τέκνον,
2956 453 3023 506 τά
3056 450 3323 505 ἀκόλουθα
3371 451 3480 506 ἀπὸ
3508 453 3599 521 τῆς
3630 456 3830 525 σήμερον

2300 541 2512 613 ἡμέρας
2559 543 2998 614 ύπομνημάτιζε.
3034 542 3185 613 Ἔχει
3219 544 3325 615 γάρ
3362 560 3443 597 σοι
3473 545 3501 596 6
3535 544 3656 607 Θεὸς
3699 562 3830 615 epos.

2305 632 2477 687 θεῖναι
2507 634 2697 705 χρόνον
2728 634 2830 700 τῆς
2854 634 3000 705 ζωῆς
3023 634 3103 705 ’(α)
3145 632 3484 703 Ἑπιφανῐου,
3514 634 3663 689 τοῦτο
3704 652 3830 706 προς·

2304 725 2662 797 παραμένεις.
2709 724 2870 778 Ἀλλὰ
2919 724 3080 796 βλέπε
3118 725 3192 796 μὴ
3239 724 3539 797 ἀμελήσῃς,
3585 724 3830 795 xit-(6)152;

2302 814 2407 868 ὑπὸ
2439 812 2574 867 Θεοῦ
2604 813 2921 885 κινούμενος
2943 813 3114 868 ταῦτα
3136 813 3571 885 συιεγραφόμην.
3601 813 3730 881 Ἐγὼ
3755 816 3830 884 γὰε

2303 903 2602 975 πορεύομαι
2647 904 2744 977 τὴν
2789 904 2937 968 ὁδὸν,
2984 904 3163 969 καθὼς
3197 906 3289 959 καὶ
3331 904 3529 968 πάντες
3572 906 3619 958 oi
3649 905 3734 957 ἐπὶ
3761 908 3830 974 si;

2302 995 2425 1066 γῆς.
2452 994 2638 1049 Ταῦτα
2662 996 2720 1050 δὲ
2745 994 2914 1049 εἰπὼν
2939 995 3193 1067 Ἰωάννης
3220 991 3372 1049 εἶπεν
3407 995 3545 1067 πρός
3573 1012 3665 1067 με·
3700 995 3830 1049 Κάλε.

2305 1086 2396 1140 σύν
2445 1103 2535 1157 μοι
2574 1085 2667 1139 τὸν
2715 1087 2862 1141 ὅσιον
2908 1086 3128 1160 Πατέρα
3173 1086 3330 1158 ἡμῶν
3382 1085 3708 1157 Ἐπιφάνιον.
3754 1087 3830 1139 κε’

2304 1177 2627 1252 ἐπορεύθην,
2667 1179 2762 1233 καὶ
2808 1178 3046 1252 ἐκάλεσα
3084 1179 3266 1233 αὐτόν.
3318 1178 3658 1243 Εἰσελθόντος
3686 1180 3737 1232 δέ
3764 1179 3830 1232 αύλ

2303 1249 2428 1334 τοῦ,
2458 1249 2610 1324 εἶπεν
2652 1270 2967 1341 Ἐπιφάνιος
3001 1249 3134 1342 πρὶς
3165 1271 3446 1342 Ἰωάννην⁶
3477 1269 3732 1341 Ἀμελείς,
3760 1286 3821 1340 φη

2308 1362 2413 1427 σίν,
2446 1362 2630 1433 Πάτερ
2665 1361 2941 1432 Ἰωάννης,
2987 1361 3079 1415 τοῦ
3121 1361 3372 1433 εὔχεσθαι
3402 1361 3544 1434 ὑπὲρ
3574 1361 3665 1415 τοῦ
3697 1364 3830 1432 ἁμαρ

2304 1451 2476 1505 τωλοῦ
2507 1451 2846 1522 Ἐπιφανίου.
2899 1446 3063 1504 Εἶπεν
3093 1450 3150 1504 δὲ
3181 1449 3432 1522 Ἰωάννης
3476 1451 3613 1522 πρὸς
3649 1449 3829 1519 Ἐπιφά

2304 1561 2415 1597 νιον
2438 1562 2449 1575 ο
2484 1544 2714 1615 Ποίησον
2741 1542 2925 1614 εύχὴν,
2963 1537 3008 1596 ὦ
3048 1543 3248 1612 Πάτερ,
3287 1542 3395 1613 ἔχω
3426 1544 3536 1615 γάρ
3564 1542 3781 1612 λαλῆσαί
3809 1561 3830 1594 τ

2308 1634 2443 1705 πρὸς
2471 1634 2550 1688 σέ.
2596 1635 2653 1687 Ὀ
2684 1629 2776 1689 οὖν
2803 1634 3121 1704 Ἐπιφάνιος
3151 1634 3404 1704 ἐποίησεν
3431 1635 3529 1706 τὴν
3573 1635 3747 1705 εὐχήν.
3775 1634 3827 1687 Ei

2300 1726 2508 1780 πόντων
2539 1723 2595 1779 δὲ
2637 1725 2852 1779 πάντων
2871 1726 2930 1780 τὸ
2970 1726 3160 1798 Ἀμὴν,
3191 1721 3343 1779 εἶπεν
3370 1727 3624 1797 Ἰωάννης
3646 1725 3827 1793 Ἐπιφα

2299 1817 2396 1887 νίῳ
2418 1833 2431 1847 ·
2455 1817 2713 1886 Ἔγγισὸν
2755 1835 2867 1888 μοι,
2903 1817 3105 1889 Πάτερ.
3135 1816 3239 1872 Καὶ
3265 1818 3489 1888 ἤγγισεν
3517 1816 3680 1887 αύτῷ.
3709 1812 3827 1869 Eine

2299 1907 2357 1962 δὲ
2374 1907 2627 1980 Ἰωάννης
2648 1908 2782 1980 πρὸς
2810 1907 3129 1977 Ἐπιφάνιον
3150 1925 3165 1938 ·
3199 1909 3416 1973 Ἐπίθες
3437 1907 3536 1971 τὰς
3561 1908 3741 1979 χεῖράς
3772 1925 3825 1959 σο

2300 2000 2393 2055 ἐπὶ
2423 2001 2549 2063 τοὺς
2578 2000 2890 2072 ὀφθαλμούς
2924 2018 3049 2072 μου,
3098 2001 3192 2055 καλ⁵
3233 1999 3480 2055 ἄσπασαί
3529 2017 3631 2071 με,
3660 1998 3826 2068 Πάτερ

2305 2091 2413 2145 ἰδοὺ
2436 2091 2544 2165 γάρ
2569 2092 2821 2146 ἐκλείπω.
2853 2093 2963 2146 Καὶ
2995 2091 3264 2164 ἐπέθηκεν
3293 2091 3611 2160 Ἐπιφάνιος
3638 2090 3728 2145 ἐπὶ⁴
3750 2090 3830 2143 τοῦ

2299 2181 2609 2253 ὀφθαλμοὺς
2643 2181 2828 2245 αὐτοῦ,
2857 2182 2950 2235 καὶ
2978 2181 3263 2252 ἠσπάσατο
3288 2179 3469 2235 αὐτόν.
3503 2179 3830 2249 ΚαὶἸωάννη

2303 2275 2611 2346 παρέδωκεν
2667 2275 2728 2329 τὸ
2772 2274 3023 2345 πνεῦμα·
3081 2276 3175 2329 καὶ
3244 2258 3521 2329 ἐπιπεσὼν
3564 2270 3830 2340 Ἐπιφάνις

2302 2366 2394 2419 ἐπί
2421 2366 2512 2419 τοῦ
2551 2366 2820 2438 τραχήλου
2845 2365 3093 2420 Ἰωάννου
3124 2365 3386 2420 ἔκλαυσεν
3418 2364 3602 2430 αὑτὸν,
3639 2362 3733 2417 καὶ
3759 2361 3830 2414 iis.

2303 2457 2450 2528 πήθη
2475 2456 2792 2527 Ἑπιφάνιος
2820 2457 2913 2511 ἐπὶ
2947 2459 3010 2529 τῇ
3047 2457 3269 2529 τελευτῇ
3295 2457 3571 2512 Ἰωάννου.

2371 2550 2460 2603 Μ’.
2518 2550 2655 2603 Ποτὲ
2717 2546 2810 2604 οὖν
2855 2549 3170 2620 Ἐπιφάνιος
3219 2548 3399 2602 πεσὼν
3451 2549 3546 2602 ἐπὶ
3595 2548 3830 2620 πρόσωπῖ

2300 2632 2393 2688 τοῦ
2422 2635 2800 2707 παρακαλέσαι
2832 2637 2922 2690 τὸν
2952 2638 3104 2702 Θεὸν,
3152 2638 3301 2702 ὅπως
3327 2637 3680 2707 ἀντιλήψεται
3710 2634 3830 2701 αὐτᾷ

2301 2723 2649 2795 οἰκοδομῆσαι
2668 2721 2818 2779 οἷκον
2844 2724 2923 2797 τῷ
2949 2728 3174 2798 ὀνόματι
3203 2727 3365 2781 αὑτοῦ
3393 2723 3483 2799 (ἦν
3502 2727 3614 2798 γὰρ
3633 2728 3669 2797 ἡ
3694 2724 3830 2797 πρώτ

2301 2816 2565 2888 ἐκκλησία
2598 2817 2772 2890 μικρὰ
2801 2818 2936 2891 πρὸς
2958 2820 3086 2882 τοὺς
3112 2819 3551 2891 εἰσερχομένους)
3575 2837 3589 2851 ·
3619 2819 3696 2883 ὡς
3725 2819 3777 2871 δὲ
3810 2813 3830 2869 ’ἶ

2303 2906 2394 2960 ἐπὶ
2426 2907 2715 2979 πρόσωπον
2739 2908 2989 2979 δεόμενος
3013 2909 3106 2964 τοῦ
3132 2909 3266 2963 Θεοῦ
3302 2909 3552 2981 περὶτῆς
3572 2910 3765 2981 χρείας
3788 2926 3830 2961 τ’

2301 2997 2453 3058 ναοῦ,
2487 2998 2578 3051 τοῦ
2602 2998 2737 3053 Θεοῦ
2772 2999 2921 3072 φωνὴ
2948 3000 3165 3070 ἐγένετο
3189 3001 3324 3072 πρδς
3348 3001 3511 3054 αὐτόν
3530 3019 3544 3033 ·
3573 3000 3824 3069 Ἐπιφάνι

614 3091 841 3159 quiens.
872 3086 1003 3145 Eam
1044 3096 1225 3143 autem
1255 3104 1442 3144 vocem
1474 3104 1616 3160 saepe
1642 3098 1756 3143 crat
1786 3088 1980 3144 solitus
2009 3088 2193 3143 audire

2304 3087 2487 3160 φησίν.
2548 3088 2607 3145 Ὀ
2649 3090 2707 3144 δὲ
2751 3090 3066 3158 Ἐπιφάνιος
3117 3090 3297 3145 εἰώθει
3347 3090 3611 3156 πολλάκις
3664 3089 3825 3146 ἁκούε

624 3178 979 3250 Epiphanius.
1027 3175 1175 3232 Dixit
1220 3179 1403 3247 itaque
1447 3192 1552 3233 non
1601 3178 2008 3231 conturbatus:
2056 3177 2195 3245 Quid

622 3284 725 3334 est,
755 3270 896 3325 Deus
930 3268 1047 3323 mi?
1079 3266 1403 3338 Rursusque
1429 3267 1567 3322 dixit
1607 3283 1708 3322 vox
1743 3268 1932 3323 eadem
1966 3286 1980 3321 :
2018 3267 2198 3338 Incipe

625 3362 891 3417 a-dilicare
915 3362 1106 3441 aedem.
1132 3361 1469 3431 Epiphanius
1496 3367 1676 3415 autem
1713 3361 1963 3431 protinus
2010 3361 2061 3415 id
2089 3376 2195 3416 non

624 3454 901 3523 negligens
949 3451 1102 3515 exiit,
1145 3459 1202 3509 et
1246 3450 1374 3506 fecit
1420 3452 1743 3516 orationem,
1795 3460 1849 3507 et
1888 3460 2053 3507 totam
2093 3452 2195 3507 loci

623 3544 1064 3614 consequentiam
1109 3543 1439 3613 designavit,
1505 3552 1560 3597 et
1623 3543 1873 3597 adhibuit
1933 3542 2192 3599 artiﬁces.

624 3634 780 3690 .Edis
835 3649 963 3689 vero
1021 3633 1365 3689 mdilicationi
1437 3642 1702 3704 praeerant
1771 3633 2093 3702 sexaginta,
2143 3641 2197 3687 et

626 3741 820 3797 magna
854 3722 1168 3788 multitudo,
1196 3739 1317 3793 quae
1339 3724 1387 3777 ci
1418 3722 1494 3778 rei
1525 3723 1882 3778 ministraret.
1914 3721 2082 3776 Erant
2107 3738 2199 3776 au-

624 3830 731 3872 ιιιιιι
769 3827 898 3872 tunc
936 3817 987 3870 in
1024 3816 1243 3873 civitate
1285 3813 1674 3886 gentiles'vfiri,
1710 3813 1908 3885 divites
1939 3825 1993 3871 et
2035 3830 2197 3887 pecu-

625 3910 729 3965 niis
753 3919 807 3964 et
837 3907 1301 3980 possessionibus.

694 4000 830 4057 XLI.
873 4000 1002 4055 Erat
1044 4009 1225 4054 autem
1254 3998 1499 4069 quidam,
1535 3998 1627 4067 qui
1660 3997 1957 4052 vocabatur
1996 3995 2192 4063 Draco,

619 4094 712 4164 qui
755 4109 785 4147 a
833 4092 1083 4162 plurimis
1117 4090 1399 4145 dicebatur
1440 4088 1668 4158 Magnus
1701 4087 1898 4143 Draco.
1934 4088 1985 4143 Is
2031 4088 2195 4142 habe-

620 4188 713 4241 bat
763 4184 956 4240 lilium.
1000 4183 1311 4239 Vocabatur
1359 4198 1487 4237 veno
1553 4181 1669 4251 ipse
1710 4182 1935 4251 quottue
1996 4178 2190 4235 Draco.

622 4277 672 4331 Is
710 4277 763 4329 in
803 4276 1027 4330 dextero
1058 4276 1222 4330 latere
1248 4275 1527 4330 laborabat
1555 4274 1703 4345 gravi
1731 4280 1889 4328 azstu.
1946 4272 2194 4342 Cumque

620 4377 773 4438 pater
799 4368 918 4437 ejus
963 4368 1128 4422 multa
1160 4366 1587 4437 consumpsisset
1639 4366 1693 4420 in
1729 4365 1991 4429 medicos,
2034 4363 2086 4418 id
2126 4364 2190 4418 ad

619 4460 910 4515 sanitatem
940 4458 1074 4515 nihil
1095 4459 1142 4514 ei
1167 4457 1463 4529 profuerat.
1495 4456 1728 4527 Magnus
1756 4472 1884 4527 ergo
1906 4457 1995 4511 ille
2019 4454 2194 4527 Draco

618 4563 678 4602 se
711 4547 851 4602 male
882 4549 1102 4617 gerebat
1150 4548 1202 4603 in
1245 4546 1609 4617 Epiphaniam
1642 4555 1695 4602 et
1725 4548 1905 4603 verbis
1932 4555 1985 4602 et
2015 4546 2188 4601 factis.

620 4636 956 4706 Epiphanius
982 4648 1159 4693 autem
1204 4637 1251 4693 si
1282 4638 1501 4706 quando
1546 4652 1669 4692 eum
1716 4637 1950 4704 videbat,
1982 4639 2191 4707 primus

618 4729 910 4785 salutabat.
941 4728 1189 4798 Cumque
1230 4728 1525 4797 aliquando
1572 4731 1827 4784 transiret
1857 4728 2192 4802 Epiphanius

621 4833 714 4890 per
741 4819 942 4885 locum,
976 4819 1069 4875 ubi
1100 4820 1155 4875 in
1187 4819 1404 4877 sedibus
1432 4820 1701 4875 sedebant
1742 4835 1936 4878 omnes
1972 4822 2189 4891 divites,

623 4916 736 4962 erat
779 4906 1006 4979 Magnus
1034 4923 1252 4979 quoque
1298 4906 1505 4975 Draco,
1541 4917 1596 4964 et
1626 4907 1746 4979 ejus
1787 4900 1931 4964 (ilius
1957 4919 2191 4977 aegrotus

619 5000 673 5052 in
701 5014 768 5055 eo
795 5002 936 5055 loco.
966 5001 1103 5055 Cum
1136 5008 1316 5056 autem
1352 5000 1713 5069 Epiphanium
1745 5000 2030 5069 vidissent,
2060 5018 2187 5058 eum

619 5091 936 5148 irridebant.
969 5092 1105 5149 Cum
1133 5107 1262 5153 vero
1299 5093 1786 5162 appropinquasset
1833 5091 2187 5163 Epiphanius,

618 5191 673 5236 et
696 5198 790 5239 eos
815 5185 1126 5246 salutasset,
1160 5200 1321 5237 manu
1353 5186 1526 5237 tenuit
1551 5193 1812 5255 aegrotum
1862 5184 2186 5251 Draconent,

618 5290 701 5330 sic
726 5273 911 5328 dicens
940 5289 955 5326 :
986 5270 1182 5332 Draco,
1214 5281 1271 5325 tu
1295 5288 1511 5342 quoque
1537 5283 1654 5328 esto
1689 5289 1878 5330 sanus.
1906 5273 1975 5330 Et
2003 5276 2184 5331 statim

617 5378 744 5420 cum
774 5362 1023 5419 oratione
1038 5361 1326 5432 Epiphanii
1359 5361 1534 5419 lactus
1561 5374 1644 5420 est
1670 5380 1854 5422 sanus.
1887 5365 2061 5423 Draco
2088 5383 2188 5423 au—

627 5439 766 5519 tem,
799 5458 856 5509 et
885 5452 979 5523 qui
1024 5453 1307 5521 viderunt,
1354 5468 1545 5511 omnes
1595 5456 2009 5527 obstupuerunt.
2045 5456 2181 5512 Cum

690 5652 767 5723 (τι)
808 5649 970 5706 Deest
1001 5649 1215 5717 aliquid.

2227 4409 2270 4464 D

2302 3178 2555 3252 τοιαύτης
2583 3182 2799 3252 φωνῆς·
2852 3182 2933 3253 μὴ·
2953 3181 3240 3254 ταραχθεὶς
3270 3179 3363 3235 οὖν
3400 3177 3588 3237 εἶπεν·
3619 3181 3686 3234 Τί
3718 3183 3828 3233 ἐστι

2301 3269 2331 3321 6
2366 3268 2497 3333 Θεός
2545 3286 2679 3340 μου;
2729 3271 2837 3325 Καὶ
2877 3271 3037 3324 πάλιν
3060 3288 3073 3301 ·
3107 3271 3302 3341 Ἀρξαι
3327 3270 3421 3325 τοῦ
3459 3273 3771 3342 οἰκοδομεῖν
3796 3270 3829 3320 τῖ

2301 3354 2467 3414 οἷκον.
2511 3363 2568 3415 '0
2596 3361 2651 3414 δὲ
2698 3361 3011 3431 Ἐπισάιιος
3051 3362 3253 3427 εὐθέως
3294 3362 3368 3433 μὴ
3409 3362 3689 3433 μελλήσας
3737 3360 3828 3429 ὲξῆ

2304 3452 2413 3518 θεν,
2452 3456 2544 3508 καὶ
2569 3454 2829 3525 ἐποίησεν
2857 3455 2957 3526 τὴν
2984 3454 3170 3526 εὐχὴν,
3196 3453 3291 3510 καὶ
3317 3455 3496 3508 πᾶσαν
3520 3454 3623 3526 τὴν
3657 3452 3830 3511 άκολοτ

2302 3541 2451 3596 θείαν
2480 3543 2573 3596 τοῦ
2602 3544 2789 3609 τόπου,
2820 3546 2913 3598 καὶ
2938 3544 3279 3615 παρέστησεν
3305 3542 3574 3612 τεχνίτας.
3606 3539 3794 3596 Ἦσαν

2301 3635 2348 3687 οἱ
2394 3636 2649 3706 ἄρχοντες
2679 3636 2779 3706 τῆς
2821 3635 3107 3707 οἰκοδομῆς
3159 3635 3251 3689 τοῦ
3292 3636 3442 3689 οἴκου
3478 3633 3543 3699 ξ’,
3577 3636 3678 3688 καὶ
3710 3633 3830 3702 πλή4

2302 3724 2471 3777 πολλὰ
2519 3726 2597 3788 είς
2642 3724 2740 3796 τὴν
2790 3725 2992 3779 τούτων
3037 3726 3358 3798 ὑπηρεσίαν.
3408 3720 3719 3779 Ἦσαν·δὲ
3770 3724 3830 3776 τό

2300 3814 2560 3889 ’Έλληνες
2580 3818 2732 3893 ἐνιπῇ
2770 3812 3204 3872 τεύ).ειῖ¹π).ούσιοι
3233 3816 3440 3890 ἄνδρες,
3473 3820 3569 3872 ἐπὶ
3604 3817 3830 3890 κυριεύο

2300 3908 2595 3978 χρημάτων
2618 3924 2675 3960 τε
2703 3909 2795 3961 καὶ
2825 3908 3139 3978 κτημάτων.

2344 4000 2507 4053 ’ΜΛ’.
2557 3994 2665 4052 Ἤν
2706 3999 2761 4051 δέ
2818 4016 2903 4062 τις
2942 3998 3271 4068 καλούμενος
3316 3997 3577 4068 Δράκων·
3638 3996 3794 4065 παρὰ

2301 4086 2570 4150 πλείστοις
2595 4086 2810 4154 ἐλέγετο
2837 4088 2866 4139 6
2895 4076 3327 4158 ΜέγαςΔράκων
3368 4078 3536 4148 υῦτος
3572 4081 3732 4156 εἶχεν
3761 4087 3830 4136 uit

2300 4177 2542 4231 ἐκαλεῖτο
2568 4177 2626 4232 δέ
2652 4177 2746 4231 καὶ
2778 4171 2931 4241 οὗτος
2960 4178 3207 4250 Δράκων.
3236 4172 3405 4240 Οὗτος
3445 4178 3557 4231 ἀπὸ
3601 4177 3830 4232 καύσων

2298 4269 2472 4324 δεινοῦ
2514 4270 2713 4324 ἔπαθεν
2740 4271 2838 4341 τὴν
2867 4271 3047 4338 δεξιὰν
3078 4271 3334 4343 πλευράν.
3368 4271 3478 4324 Καὶ
3507 4271 3695 4325 πολλὰ
3731 4273 3762 4325 6
3798 4289 3830 4323 π

2298 4362 2404 4433 τὴρ
2452 4362 2616 4417 αὐτοῦ
2656 4365 2734 4429 είς
2778 4364 2903 4428 τοὺς
2952 4365 3167 4434 ἰατροὺς
3198 4364 3710 4435 καταδαπανήσας,
3746 4363 3830 4417 ob!

2299 4451 2545 4524 ὠνήσατο
2592 4454 2692 4524 τῆς
2743 4453 2950 4523 ὑγείας.
2991 4455 3048 4508 '0
3079 4450 3172 4509 οὖν
3223 4454 3413 4524 Μέγας
3440 4456 3690 4526 Δράκων
3727 4455 3830 4510 πολ

2299 4542 2639 4597 ἐπεδείκνυεν
2687 4543 2832 4597 κακά
2878 4543 3013 4617 πρὸς
3065 4544 3381 4616 Ἑπιφάνιον
3434 4543 3522 4597 διὰ
3568 4544 3765 4612 λόγων
3812 4561 3830 4595 ι

2297 4632 2492 4705 ἔργων.
2542 4635 2599 4688 Ὀ
2631 4635 2687 4689 δὲ
2713 4634 3028 4705 Ἐπιφάνιος
3054 4636 3108 4690 εί
3138 4653 3267 4691 ποτε
3307 4634 3495 4690 τοῦτον
3527 4635 3723 4707 ἐώρα,
3748 4652 3830 4706 πρ

2296 4743 2388 4790 τος
2434 4726 2776 4799 προσεκύνει.
2826 4728 2965 4782 Ποτὲ
3014 4724 3107 4783 οὖν
3152 4729 3469 4799 Ἐπιφάνιος
3520 4728 3766 4802 παριὼν
3819 4728 3830 4779 i

2297 4817 2481 4881 τόπου,
2530 4819 2607 4882 ὼς
2649 4814 2788 4889 ἦσαν
2830 4819 3066 4884 ἅπαντες
3116 4823 3165 4874 oi
3220 4820 3463 4874 πλούσιοι
3505 4821 3570 4873 ἐν
3617 4821 3708 4891 τῷ
3750 4821 3830 4874 τά·

2298 4908 2593 4979 καθήμενοι
2622 4910 2714 4965 ἐπὶ
2743 4910 2982 4965 σελλίων.
3009 4907 3116 4965 Ἦν
3142 4911 3199 4964 ἃ
3229 4913 3319 4965 καὶ
3350 4914 3378 4965 6
3402 4912 3601 4979 Μέγας
3637 4914 3830 4982 Δράκι

2296 4999 2388 5054 καὶ
2437 5002 2466 5054 6
2510 5001 2623 5066 υἱὸς
2665 5001 2825 5055 αὐτοῦ
2864 5005 2892 5056 6
2928 5002 3169 5057 ἀσθενῶν
3223 5004 3280 5057 ὲν
3320 5002 3397 5073 τῷ
3437 4985 3621 5072 τόπῳῖ
3675 5004 3775 5067 Ὡς
3816 5020 3830 5056 ι

2297 5091 2405 5144 τδον
2434 5092 2746 5161 Ἐπιφάνιον
2768 5130 2785 5151 .
2822 5094 3131 5162 κατεγέλων
3172 5092 3336 5146 αὑτοῦ
3358 5111 3370 5122 ·
3402 5094 3430 5146 6
3463 5091 3519 5145 δὲ
3554 5093 3830 5163 Ἐπιφάν

2296 5182 2520 5250 ἐγγίσας
2570 5186 2663 5236 καὶ
2710 5185 3088 5256 προσκυνήσας
3135 5164 3396 5247 τούτους,
3434 5183 3776 5254 ἐκράτησεν
3821 5201 3830 5215 ⁸

2298 5272 2494 5342 μικρὸν
2513 5270 2788 5342 Δράκοντα
2819 5272 2926 5327 άπὸ
2943 5271 3050 5344 ’τῆς
3073 5273 3254 5344 χειρὸς
3283 5272 3446 5326 αὐτοῦ
3472 5271 3673 5338 οὓτως
3701 5274 3830 5344 λέγι

2295 5362 2540 5439 Δράκων,
2562 5366 2716 5435 φησὶ,
2738 5364 2894 5432 γενοῦ
2920 5364 3013 5419 καὶ⁵
3041 5366 3202 5429 αὐτὸς
3231 5365 3505 5434 ὑγιαίνων.
3532 5366 3667 5419 Καὶ
3694 5368 3830 5419 εὐθέ

2297 5451 2393 5503 σὺν
2425 5450 2501 5521 τῷ
2544 5444 2688 5522 ’λόγῳ
2726 5453 3043 5525 Ἐπιφηανίου
3083 5455 3294 5524 ἐγένετο
3339 5454 3493 5525 ύγιὴς
3542 5455 3580 5507 ὁ
3636 5459 3830 5529 Δράκι
