3866 6066
153 225 208 281 77
1409 218 1468 273 s.
1513 212 1862 271 summm:
1899 214 2084 271 vn‘a.
2586 262 2593 277 γ
3302 228 3366 288 τε

149 319 242 399 Καὶ
263 342 449 405 ἰδόντες
475 341 708 404 ἅπαντες
744 337 1058 410 ἐξέστησαν.
1087 337 1234 413 Ὶᾷὼν
1260 339 1317 394 δὲ
1339 340 1367 393 ὁ
1401 338 1627 409 Δράκων
1656 337 1683 390 ὃ

1794 343 1969 389 autem
1994 335 2223 418 vidisset
2252 333 2422 392 Draco
2477 335 2621 405 quod
2648 334 2847 393 fecerat
2872 337 3229 409 Epiphanius,
3257 361 3366 415 pm?

152 437 371 506 ἐποίησεν
397 433 741 504 Ἐπιςράνιος,
781 431 889 486 ἀπὸ
921 431 1085 500 φόϐου
1124 432 1220 484 καὶ
1253 431 1454 503 τρόμου
1501 430 1684 484 οὐκέτι

148 521 354 593 ἠδυνήθη
398 523 712 592 περιπατεῖν
750 522 807 573 ὲν
850 519 929 590 τῷ
981 520 1114 591 οἴκῳ
1154 519 1319 575 αὐτοῦ
1365 522 1476 584 τοῖς
1520 518 1683 573 αὐτοῦ

151 616 282 668 ποσὶν
313 614 384 678 ὼς
428 611 633 681 εἰώθει·
686 611 818 665 ἀλλὰ
866 609 1236 680 βαστάσαντες
1281 611 1443 666 αὑτὸν
1486 610 1686 681 ἔθηκαν

146 704 223 756 ἐπὶ
253 703 447 772 κλίνης.
487 701 598 771 Καὶ
624 702 691 773 τῇ
715 699 881 754 ἕωθεν
947 700 1166 773 ἔρχεται
1198 700 1231 772 ἡ
1258 700 1393 771 γυνὴ
1431 697 1525 752 τοῦ
1555 698 1687 770 Δρά-

148 812 307 857 κοντος
328 834 342 858 ,
384 793 473 847 καὶ
513 792 691 863 δέεται
736 791 1089 862 Ἐπιφανίου,
1139 792 1286 856 ὅπως
1365 790 1533 845 ἐλθὼν
1590 791 1687 845 καὶ

145 886 345 956 ποιήσας
386 884 551 956 εὐχὴν,
614 883 801 939 τοῦτον
843 882 1071 955 ἐγείρει.
1124 884 1181 938 Ὀ
1228 877 1321 938 οὖν
1372 881 1683 953 Ἐπιφάνιος

143 973 378 1046 ἐπορεύθη
407 976 465 1028 ὲν
487 973 564 1046 τῷ
585 973 720 1045 οἴκῳ
744 972 839 1028 τοῦ
875 974 1179 1046 Δράκοντος
1199 990 1215 1005 ”
1242 974 1338 1029 καὶ
1369 973 1684 1045 εὐξάμενος,

141 1065 313 1129 εὐθέως
357 1066 553 1138 ἀνέστη
577 1068 610 1120 ὁ
636 1066 864 1139 Δράκων
896 1066 1005 1120 ἀπὸ
1030 1067 1128 1138 τῆς
1171 1065 1361 1139 κλίνης
1389 1065 1573 1121 αὐτοῦ.
1606 1065 1686 1136 Τῇ

140 1155 218 1214 οὖν
240 1158 392 1216 ἕωθεν
416 1157 594 1213 λαϐὼν
626 1158 1042 1230 πεντακισχίλια
1088 1158 1423 1230 νομίσματα,
1456 1158 1688 1229 ἤνεγκεν

144 1250 429 1322 Ἐπιφανίῳ.
473 1250 530 1303 '0
557 1249 616 1303 δὲ
656 1249 976 1320 Ἐπιιράνιός
1024 1266 1187 1320 φησιν
1215 1266 1229 1279 ·
1261 1248 1437 1320 Ἐμοὶ.
1475 1249 1682 1312 τέκνον,

142 1342 331 1412 ἀρκέσει
351 1336 430 1406 εἷς
456 1341 801 1412 χειτωνίσκος
826 1340 919 1395 ἐπὶ
948 1340 1043 1395 τοῦ
1079 1339 1380 1413 σωματίου,
1408 1341 1503 1395 καὶ
1530 1340 1685 1413 ἄρτοι

142 1435 318 1505 (adulat
348 1433 482 1504 μετὰ
509 1432 703 1498 ὕδατος
737 1432 1048 1504 πινομένου.
1085 1434 1151 1487 Τί
1184 1450 1296 1505 μοι,
1329 1435 1481 1505 φησι,
1514 1451 1685 1505 προσ·-

142 1530 271 1597 ἀγεις
307 1527 499 1601 βάρος,
534 1525 669 1599 ἐμοῦ
707 1526 783 1598 μὴ
816 1525 1063 1591 θέλοντός
1100 1543 1162 1580 σε
1197 1526 1514 1598 βαρεῖσθαι;
1544 1527 1685 1581 Ἀλλ’

144 1624 184 1676 εξ
224 1620 379 1684 θέλεις
426 1620 787 1691 ὼξασθῆναι,
839 1618 1041 1673 ἄπελθε
1076 1619 1171 1674 καὶ
1204 1620 1685 1692 προσπαράμεινον

1794 425 1987 481 timore
2034 434 2088 480 et
2122 434 2359 481 tremore
2393 442 2498 482 non
2549 428 2722 498 potuit
2756 429 3010 500 amplius,
3045 441 3102 487 ut
3135 435 3367 504 solebat,

1796 516 1872 570 ire
1921 516 2165 583 domum,
2201 517 2486 573 ambulans
2524 518 2639 573 suis
2680 520 2930 590 pedibus,
2969 523 3062 577 sed
3098 534 3364 594 portatus.

1794 604 2025 675 Fuilque
2053 606 2261 677 positus
2284 623 2447 678 supra
2480 609 2698 664 lectum.
2726 607 2883 665 Mane
2903 626 3032 666 vero
3062 612 3205 668 venit
3232 630 3366 671 uxor

1796 694 2078 759 Draconis,
2117 707 2170 753 et
2203 707 2357 770 rogat
2380 697 2762 770 Epiphanium,
2787 711 2849 757 ut
2878 703 3100 759 veniens
3125 713 3178 760 et
3211 708 3369 761 emit-

1795 796 1913 843 tcns
1961 789 2294 854 orationem,
2355 805 2477 845 eum
2527 790 2690 847 faciat
2735 808 2977 864 surgere.
3032 793 3370 866 Epiphanius

1794 878 1976 949 itaque
2019 878 2118 934 ivit
2165 879 2218 934 in
2261 880 2403 937 mdes
2451 880 2738 938 Draconis.
2771 884 3018 954 Cumque
3069 886 3183 955 ipse
3226 899 3371 944 esset

1792 978 2086 1039 precatus,
2144 969 2318 1027 Draco
2368 974 2604 1027 surrexit
2667 975 2936 1044 protinus.
2992 974 3096 1042 Qui
3161 980 3371 1050 accepit
3448 1001 3463 1015 -

1792 1059 2033 1129 quinque
2078 1060 2250 1116 millia
2279 1078 2649 1130 nummorum,
2684 1072 2738 1120 et
2781 1080 2874 1120 eos
2900 1065 3095 1123 obtulit
3139 1066 3371 1138 Epipha-

1793 1150 1902 1206 nio.
1929 1150 2073 1207 Dicit
2094 1162 2274 1208 autem
2305 1154 2640 1226 Epiphanius
2671 1173 2683 1209 :
2720 1157 2869 1223 Mihi,
2902 1158 2998 1224 liii,
3036 1176 3141 1214 una
3173 1160 3371 1217 suﬂicit

1794 1241 2045 1296 tunicella
2076 1258 2240 1313 super
2262 1243 2364 1300 hoc
2396 1246 2804 1315 corpusculum,
2838 1257 2890 1302 ct
2921 1262 3089 1317 panes
3120 1249 3371 1319 vulgares

1792 1347 1915 1385 cum
1966 1344 2096 1403 potu
2123 1350 2299 1405 aquae.
2347 1334 2459 1391 Cur
2490 1337 2644 1402 mihi,
2694 1338 2893 1410 inquit,
2943 1356 3081 1394 onus
3112 1340 3366 1410 impcnis,

1791 1438 1915 1476 cum
1954 1438 2054 1495 ego
2103 1425 2269 1480 nolim
2315 1435 2365 1482 te
2408 1429 2667 1499 gravari?
2720 1430 2823 1485 Sed
2871 1431 2915 1485 si
2960 1432 3094 1486 velis
3139 1432 3367 1502 gloriam

1793 1515 2076 1584 consequi,
2112 1516 2265 1583 vade,
2313 1527 2366 1572 et
2408 1534 2566 1575 mane
2613 1519 2666 1574 in
2699 1522 2897 1601 templo
2928 1521 3048 1585 Dei.
3090 1534 3146 1579 et
3192 1526 3371 1596 praebe

1795 1604 1917 1659 illos
1941 1605 2336 1663 laborantibus.
2356 1608 2446 1664 Sle
2472 1620 2653 1667 autem
2682 1611 2810 1668 fecit
2831 1613 3029 1679 Draco,
3051 1604 3371 1687 rogavitque

145 1712 207 1782 τῷ
226 1710 327 1782 ναῷ
350 1710 603 1766 τοῦθεοῦ
622 1729 636 1745 ι
680 1711 775 1766 καὶ
820 1712 1028 1783 πάρεχε
1064 1710 1237 1765 ταῦτα
1277 1713 1393 1776 τοῖς
1423 1712 1687 1783 κάμνουσι

1798 1692 2181 1766 Epiphaniam,
2208 1705 2264 1753 et
2294 1698 2588 1769 baptizavit
2621 1702 2830 1780 ipsum,
2863 1713 2918 1760 et
2945 1720 3170 1763 uxorem
3223 1706 3364 1780 ejus,

147 1803 222 1856 καὶ
247 1800 515 1857 κοπιῶσιν.
557 1802 853 1874 Ἐποίησεν
904 1801 962 1856 δὲ
1009 1804 1039 1856 ὁ
1087 1802 1313 1873 Δράκων
1357 1802 1551 1871 οὓτως,
1599 1805 1693 1857 καὶ

145 1892 480 1961 παρεκάλεσεν
509 1891 851 1961 Ἐπιφάνιον,
900 1891 994 1945 καὶ
1040 1890 1334 1946 ἐϐάπτισεν
1382 1890 1543 1944 αὐτὸν
1599 1893 1694 1946 καὶ

144 1982 223 2053 τὴν
250 1985 465 2050 γυναῖκα
487 1981 677 2037 αὐτοῦ.

204 2073 313 2128 MB’.
354 2075 545 2138 ’Δλλος
590 2074 649 2129 δέ
676 2092 783 2142 τις,
818 2075 1070 2140 Συνέσιος
1098 2075 1342 2146 ὀνόματι,
1391 2075 1488 2130 καὶ
1529 2076 1692 2140 αὐτὸς

147 2163 363 2229 πλούσιος
405 2164 503 2230 ὢν,
535 2164 738 2236 Ἕλλην
781 2165 838 2219 δὲ
873 2166 1116 2237 ὑπῆρχεν
1134 2182 1146 2195 ·
1188 2158 1344 2229 οὗτος
1388 2160 1533 2236 εἶχεν
1579 2164 1692 2218 υἱὸν

143 2256 372 2328 μονογενῆ
403 2256 543 2315 ἐτῶν
572 2263 664 2325 ιγ’.
698 2256 888 2330 Τούτῳ
922 2257 1094 2322 πάθος
1122 2257 1373 2329 ἀνῆλθεν,
1417 2258 1512 2312 καὶ
1537 2275 1689 2331 περιο

143 2345 410 2401 εκύκλωσεν
438 2347 607 2401 αὐτοῦ
649 2348 743 2402 τὸν
782 2349 987 2420 αὐχένα
1007 2389 1023 2413 ,
1053 2349 1147 2403 καὶ
1181 2348 1475 2416 ἀπέπνιξεν
1506 2350 1691 2417 αὐτὸν,

143 2437 218 2489 καὶ
239 2437 490 2493 ἀπέθανεν
511 2455 526 2469 ·
558 2438 657 2492 xui.
678 2434 747 2511 ἦν
768 2439 969 2505 πένθος
996 2440 1091 2494 καὶ
1124 2440 1353 2504 κοπετὸς
1379 2444 1436 2495 ὲν
1457 2441 1536 2513 τῷ
1559 2442 1694 2515 οἴκῳ

144 2529 305 2584 αὐτοῦ.
336 2525 425 2594 Εἷς
454 2529 512 2584 δέ
565 2548 674 2597 τις,
717 2532 980 2603 Ἑρμείας
1023 2531 1283 2603 ὀνόματι,
1331 2534 1691 2604 Χριστιανὸς,

142 2615 273 2673 εἶπεν
304 2623 365 2692 τῇ
401 2622 572 2694 μητρὶ
602 2620 700 2674 τοῦ
727 2621 916 2685 παιδός
935 2639 952 2655 ο
984 2622 1196 2694 Κυρία,
1234 2622 1552 2695 δυσώπησον
1585 2641 1692 2678 πα-

144 2710 425 2777 ραγενέσθαι
443 2712 541 2765 τὸν
574 2711 749 2784 μέγαν
775 2712 1113 2782 Ἐπιεράνιον,
1135 2714 1230 2767 καὶ
1257 2714 1481 2786 ἤγειρεν
1511 2715 1577 2771 ἂν
1600 2715 1694 2769 τὸν

145 2801 294 2854 παῖδα.
342 2802 449 2873 Τῆς
496 2802 558 2856 δὲ
602 2804 992 2875 πιστευσάσης,
1025 2803 1228 2867 εὐθέως
1256 2805 1573 2860 ἀποστέλλει
1600 2807 1692 2861 τὸν

153 2891 373 2963 Ἑρμείαν
402 2894 544 2966 πρὸς
574 2895 915 2965 Ἐπιφάνιον.
955 2891 1065 2949 Ἦν
1097 2895 1204 2965 γὰρ
1252 2896 1281 2948 ὀ
1321 2896 1581 2969 Ἑρμείας
1616 2902 1694 2954 οἱ·

142 2986 257 3049 τεῖος
277 2986 456 3042 αὑτοῦ.
487 2985 698 3041 Ἐλθὼν
750 2987 808 3041 δὲ
834 2988 866 3040 6
903 2986 1164 3059 Ἑρμείας
1190 2983 1343 3044 εἶπεν
1374 2991 1511 3062 πρὸς
1540 2991 1693 3046 Ἐπι-

142 3072 295 3139 φάνιον
313 3091 331 3123 ἠ
366 3077 565 3150 Κύριε,
591 3077 621 3128 ὁ
644 3076 833 3150 κύριός
862 3094 964 3149 μου
997 3078 1249 3142 Συνέσιος
1271 3079 1591 3135 ἀπέστειλέν
1620 3099 1687 3154 με

141 3167 253 3236 πρὸς
284 3169 362 3234 σὲ,
393 3171 548 3235 ὅπως
571 3170 690 3239 ἄγω
722 3187 783 3225 σε
807 3171 900 3224 ἐπὶ
924 3171 1018 3224 τοῦ
1046 3170 1200 3226 οἴκου
1231 3172 1420 3236 αὐτοῦ,
1449 3175 1544 3228 καὶ
1564 3175 1689 3247 δεη-

141 3256 220 3328 θῇς
260 3260 346 3315 τοῦ
387 3261 525 3317 θεοῦ
561 3264 689 3336 περὶ
735 3261 828 3317 τοῦ
874 3262 993 3317 υίοῦ
1039 3262 1225 3327 αὐτοῦ,
1271 3265 1352 3317 ὅτι
1397 3265 1685 3332 ἀπέθανεν,

139 3350 257 3417 ὅπως
292 3353 517 3427 ἀναστῇ.
565 3354 701 3408 Τότε
746 3354 805 3407 δὲ
849 3354 1172 3426 Ἐπιφάνιος
1217 3355 1408 3411 ἐλαϐεν
1452 3375 1540 3430 με,
1595 3360 1689 3416 καὶ

140 3443 476 3518 ἐπορεύθημεν
526 3447 588 3500 ὲν
627 3445 707 3518 τῷ
750 3447 885 3519 οἴκῳ
925 3447 1221 3502 Συνεσίου..
1248 3449 1358 3503 Καὶ
1405 3450 1482 3514 ὡς
1526 3447 1688 3523 ἦλθεν

141 3531 420 3605 Ἐπιφάνιος
449 3540 512 3592 ἐν
545 3537 625 3610 τῷ
652 3538 809 3608 οἴκῳ,
838 3538 1033 3593 ἔπεσεν
1061 3542 1095 3612 ἡ
1138 3540 1274 3613 γυνὴ
1300 3542 1551 3597 Συνεσίου
1596 3545 1689 3599 ἐπὶ

138 3622 216 3693 τὴν
239 3628 351 3698 γῆν,
378 3629 659 3693 τοιούτους
691 3628 880 3697 λόγους
907 3630 1139 3700 λέγουσα
1164 3632 1301 3703 πρὸς
1328 3632 1644 3704 Ἐπιςράνιον
1670 3651 1683 3664 ·

138 3708 306 3782 Ἦλθες
332 3720 562 3785 ἐνθάδε,
607 3722 638 3774 ὁ
690 3720 865 3791 μέγας
918 3722 1102 3794 ἰατρὸς
1151 3723 1260 3777 τῶν
1309 3725 1683 3796 Χριστιανῶν·

136 3803 278 3873 δεῖξον
316 3810 537 3883 τέχνην,
583 3808 791 3882 ἴδομεν,
829 3811 1067 3884 λάϐομεν
1115 3812 1192 3887 (α)
1227 3817 1425 3887 πεῖραν
1475 3818 1688 3890 ίατρευ-

140 3895 326 3964 θέντες,
378 3904 474 3955 καὶ
534 3901 679 3955 οὕτω
734 3902 1122 3977 προσέλθωμεν
1169 3904 1248 3976 τῷ
1294 3906 1516 3978 Χριστῷ
1568 3924 1684 3962 σου.

137 3987 290 4044 ταῦτα
331 3993 388 4047 δὲ
432 3993 704 4065 είπούσης
741 3995 839 4065 τῆς
880 3996 1157 4064 γυναικὸς,
1192 3993 1344 4052 εἶπεν
1372 3998 1688 4070 Ἐπιςράνιος

139 4080 250 4150 πρδς
276 4085 469 4158 αὐτήν·
510 4084 647 4139 Ἐὰν
687 4086 964 4152 πιστεύεις
1003 4088 1082 4159 τῷ
1118 4090 1548 4161 ἐσταυρωμένφυ
1582 4091 1686 4164 irin

136 4170 207 4224 τὸν
231 4175 384 4229 παῖδα
415 4177 853 4248 περιπατοῦντα.
880 4175 1047 4233 Εἶπεν
1071 4178 1128 4233 δὲ
1154 4179 1215 4233 τὸ
1243 4179 1495 4250 γύναιον’
1527 4183 1688 4236 Ἀλλο

134 4259 258 4314 οθιδὲν
285 4266 603 4338 εὑρίσκεται
631 4268 690 4321 ὲν
716 4267 962 4340 λογισμῷ
992 4286 1116 4341 μου,
1166 4270 1198 4342 ἢ
1235 4271 1297 4324 τὸ
1327 4272 1488 4342 μόνον
1519 4289 1689 4346 προσ-

133 4349 252 4421 έχειν
294 4373 358 4426 με
383 4358 464 4429 τῷ
497 4359 920 4431 ὲσταυρωμένῳ.
961 4361 1021 4414 '0
1045 4357 1140 4415 οὖν
1166 4362 1483 4431 Ἑπιφάνιος
1517 4380 1684 4436 προσ-
1721 4384 1768 4441 ο

136 4445 327 4513 εῒγίσας
353 4450 447 4504 ἰπὶ
474 4451 580 4521 τῆς
607 4451 817 4523 κλίνης,
857 4453 953 4506 καὶ
983 4453 1261 4524 ἁψάμενος
1287 4454 1381 4508 τοῦ
1417 4457 1684 4529 τραχήλου

134 4534 207 4587 τοῦ
236 4541 543 4613 παιδαρίου,
590 4544 688 4596 καὶ
713 4543 1000 4614 διατρίψας
1024 4544 1187 4598 αὐτοῦ
1216 4545 1312 4599 τὸν
1338 4547 1563 4617 αὐχένα,
1607 4544 1687 4601 εἷ-

136 4641 214 4678 πεν
241 4632 372 4701 πρὸς
412 4633 583 4686 αὑτὸν
616 4632 786 4704 ἱλαρῷ
822 4634 899 4704 τῷ
927 4634 1203 4706 προσώπῳ
1222 4652 1235 4666 ·
1266 4635 1584 4708 Εὐστόργιε.
1628 4639 1686 4692 '0

132 4713 177 4767 δὲ
199 4721 313 4784 παῖς
339 4722 551 4786 εὐθέως
584 4722 817 4792 ἀνέῳξεν
855 4724 982 4787 τοὺς
1004 4723 1337 4796 ὀφθαλμοὺς,
1369 4726 1463 4781 καὶ
1490 4728 1688 4783 ἀνεκά-

133 4805 256 4864 θισεν
292 4814 385 4867 ἐπὶ
430 4815 538 4886 τῆς
573 4814 802 4886 κλίνης·
843 4816 936 4869 καὶ
978 4815 1367 4888 ἐθαμϐήθησαν
1414 4820 1462 4873 οἱ
1506 4822 1567 4874 ὲν
1610 4820 1688 4892 τῷ

132 4898 257 4972 οἴκῳ.
292 4902 504 4958 ’ἰδοῦσα
532 4899 630 4957 οὖν
656 4905 690 4974 ἡ
720 4904 902 4974 μήτηρ
930 4904 1257 4978 Εὐστοργίου
1296 4907 1358 4960 τὸ
1405 4908 1687 4979 γινόμενον

134 4987 202 5042 διὰ
233 4992 555 5065 Ἐπιφανίου
590 4994 684 5048 ἐπὶ
722 4994 784 5047 τὸ
814 4995 1057 5061 παιδίον,
1097 4996 1368 5069 λαϐομένη
1416 5000 1687 5071 τρισχίλια

122 5082 429 5154 ηπμίσματα,
480 5087 721 5159 ἤνεγκεν
749 5085 1069 5159 Ἐπιφανίῳ.
1097 5084 1264 5141 Εἶπεν
1287 5088 1344 5142 δὲ
1372 5089 1688 5160 Ἐπιφὰνιος

135 5172 247 5239 πρὸς
283 5178 493 5249 αὑτήνσ
550 5175 799 5240 Τούτοις,
848 5179 1031 5248 φησὶν,
1085 5178 1196 5247 ἐγὼ
1247 5181 1306 5232 οὐ
1356 5182 1596 5253 χρῶμαι,
1643 5176 1688 5235 ὦ

137 5261 378 5340 ἐλευθέρα.
407 5268 578 5323 Ἀλλὰ
602 5266 786 5321 λαϐὼν
813 5269 971 5332 αὐτὰ,
1001 5271 1166 5340 φησὶ,
1199 5271 1449 5336 Συνὲσιος
1479 5275 1507 5327 ὁ
1547 5272 1687 5343 σύμ-

138 5352 224 5419 ειός
263 5377 374 5419 σου,
406 5360 779 5435 ἀπελεύσεται
806 5361 898 5412 ἐπὶ
925 5361 1016 5414 τὸν
1048 5358 1196 5415 οἶκον
1240 5362 1331 5416 τοῦ
1376 5364 1688 5435 ἐγείραντος

135 5446 205 5500 τὸν
226 5450 332 5507 υἱόν
363 5469 485 5519 σου,
524 5450 622 5504 καὶ
655 5449 924 5504 ἀποδώσει
950 5455 1062 5516 τοῖς
1089 5454 1369 5508 κοπιῶσιν.
1400 5455 1686 5525 Ἐποίησεν

189 5581 254 5655 (τι)
291 5562 552 5655 Ἵόομετθ,
597 5583 886 5651 λάσομεν.
928 5582 1154 5641 Formas
1195 5588 1405 5644 (liilecti
1458 5590 1689 5645 Alexan-

134 5647 276 5708 drinae
338 5647 583 5711 libenter
653 5647 1043 5721 agnoscerem,
1108 5657 1212 5712 nisi
1284 5660 1684 5715 rescribendum

1793 1790 1842 1836 et
1877 1782 2070 1839 tilium.

1802 2058 1811 2067 '
1863 2057 2020 2113 XLII.
2062 2059 2294 2129 Quidam
2352 2075 2531 2120 autem
2584 2066 2754 2135 alius,
2808 2070 3031 2145 nomine
3084 2070 3369 2144 Sj‘nesius,

1793 2150 1887 2219 qui
1930 2150 2045 2220 ipse
2081 2168 2300 2224 quoque
2343 2164 2463 2210 erat
2499 2157 2673 2222 dives,
2726 2159 2820 2216 sed
2856 2162 3093 2232 gentilis,
3136 2165 3371 2237 habebat

1795 2240 1966 2315 [ilium
2026 2244 2358 2316 unigenam,
2412 2247 2668 2304 tredecim
2724 2266 2900 2325 annos
2962 2262 3172 2312 natum.
3230 2256 3366 2315 Eum

1794 2334 2018 2390 morbus
2041 2336 2259 2399 invasit.
2285 2347 2338 2393 et
2365 2339 2565 2395 collum
2605 2340 2727 2410 ejus
2757 2343 3139 2413 circumdedit,
3161 2358 3216 2405 et
3242 2363 3367 2405 eum

1795 2423 2101 2491 suﬁocavit,
2140 2436 2196 2480 et
2230 2438 2313 2483 est
2343 2437 2615 2486 mortuus.
2642 2430 2882 2503 Eratque
2921 2451 3153 2507 magnus
3190 2438 3369 2495 luctus

1793 2526 1846 2572 et
1893 2517 2143 2587 planctus
2187 2519 2243 2574 in
2287 2520 2451 2576 domo
2494 2522 2631 2592 ejus.
2676 2523 2908 2590 Quidam
2942 2544 3071 2585 vero
3112 2528 3370 2585 llermras

1794 2609 2037 2677 nomine,
2078 2609 2449 2679 Christianus,
2494 2614 2630 2670 dixit
2670 2617 2832 2671 matri
2875 2620 3072 2691 pueri:
3118 2622 3369 2689 Domina,

1795 2701 2002 2756 utinam
2056 2701 2270 2759 adesset
2316 2719 2548 2775 magnus
2607 2704 2982 2778 Epiphanius!
3034 2711 3082 2766 is
3136 2727 3366 2783 puerum

1791 2792 2102 2850 suscitaret.
2137 2793 2212 2850 Ea
2243 2806 2422 2852 autem
2456 2798 2709 2867 credens,
2733 2802 2920 2858 statim
2955 2800 3242 2860 Hermeam
3269 2808 3368 2863 mi-

1792 2884 1861 2940 sit
1895 2886 1964 2941 ad
2004 2884 2392 2958 Epiphaniam.
2426 2887 2558 2945 Erat
2584 2891 2729 2947 enim
2756 2891 3019 2952 Hermeas
3052 2896 3100 2951 ei
3127 2895 3333 2953 familia
3354 2930 3367 2940 η

1796 2976 1892 3032 ris.
1924 2976 2172 3049 Cumque
2214 2980 2457 3037 venisset
2493 2980 2754 3040 Hermeas
2779 3026 2795 3053 ,
2836 2986 2973 3041 dixit
3020 2985 3323 3057 Epiphanio
3354 3010 3366 3044 :

1798 3067 2030 3126 Domine
2072 3071 2169 3138 mi,
2214 3073 2471 3131 dominus
2502 3090 2657 3132 meus
2690 3076 2953 3149 Syuesius
2999 3080 3149 3157 misit
3178 3099 3266 3145 me
3302 3086 3369 3140 ad

1795 3172 1880 3227 te,
1915 3169 1974 3221 ut
2001 3170 2053 3220 te
2081 3163 2276 3220 ducam
2310 3166 2366 3221 in
2410 3168 2633 3223 domum
2684 3180 2874 3237 suam,
2907 3181 2962 3227 et
2995 3189 3152 3243 roges
3199 3174 3368 3231 Deum

1794 3269 1894 3325 pro
1939 3255 2050 3313 ﬁlio
2092 3256 2231 3328 ejus,
2266 3258 2358 3328 qui
2390 3267 2475 3314 est
2520 3268 2797 3329 mortuus,
2830 3271 2889 3318 ut
2918 3274 3185 3335 resurgat.
3218 3264 3372 3321 Tunc

1795 3362 1882 3401 me
1914 3348 2123 3418 accepit
2151 3349 2506 3420 Epiphanius,
2547 3360 2604 3408 et
2645 3351 2844 3410 ivimus
2870 3358 2924 3410 iu
2959 3356 3179 3412 domum
3206 3357 3373 3429 Syne-

1795 3439 1884 3494 sii.
1934 3436 2177 3511 Cumque
2213 3441 2438 3499 domum
2488 3451 2636 3499 esset
2683 3444 3366 3519 iugressusEpipbanius,

1762 3530 1990 3587 .cccidit
2019 3531 2172 3587 humi
2215 3548 2354 3589 uxor
2396 3533 2631 3605 Syuesii,
2680 3537 2794 3594 hazc
2829 3539 2991 3595 verba
3018 3540 3207 3598 dicens
3239 3541 3369 3613 Epi-

1794 3623 1998 3693 phanio
2024 3644 2038 3679 :
2071 3623 2280 3686 Venisti
2310 3627 2438 3691 huc,
2461 3627 2555 3697 qui
2588 3642 2648 3684 es
2676 3645 2908 3702 magnus
2938 3633 3183 3689 medicus
3206 3634 3370 3690 Chri-

1795 3714 2100 3771 stianorum
2127 3731 2142 3779 ;
2180 3714 2463 3772 videamus
2492 3728 2662 3773 artem
2699 3728 2847 3776 tuam
2879 3720 2934 3775 in
2965 3721 3160 3785 tilium,
3191 3734 3247 3778 et
3275 3741 3369 3781 ac-

1794 3805 2060 3875 cipiamus
2122 3807 2296 3863 curati
2356 3809 2785 3877 experientiam;
2846 3820 2902 3867 et
2951 3812 3031 3867 sic
3082 3816 3150 3869 ad
3212 3824 3367 3872 tuum

1797 3896 2074 3953 Christum
2125 3897 2469 3953 accedamus.
2515 3899 2654 3953 Cum
2714 3900 2831 3957 haec
2872 3902 3102 3959 dixisset
3153 3907 3366 3971 mulier,

1797 3988 1934 4044 dixit
1955 3988 2003 4043 ei
2031 3987 2401 4059 Epiphanius:
2422 3988 2479 4044 Si
2507 3991 2808 4048 credideris
2833 3992 3129 4061 Crucillxo,
3157 3996 3368 4053 videbis

1796 4081 1965 4135 lilium
1994 4088 2145 4135 tuum
2182 4082 2575 4138 ambulantem.
2606 4082 2753 4139 Dixit
2781 4093 2969 4140 autem
2998 4087 3319 4145 muliercula
3350 4109 3365 4145 :

1797 4170 1901 4226 Sed
1937 4171 2075 4226 nihil
2099 4172 2244 4227 aliud
2274 4173 2453 4243 c0gito
2482 4174 2535 4227 in
2566 4174 2773 4239 animo,
2807 4175 2911 4229 nisi
2943 4186 3177 4231 mentem
3209 4178 3367 4233 adbi-

1797 4264 1922 4319 bere
1948 4262 2245 4319 Cruciﬁxo.
2293 4264 2433 4320 Cum
2476 4265 2661 4333 itaque
2706 4264 3041 4342 Epiphanius
3070 4269 3135 4323 ad
3167 4270 3365 4325 lectqu

1798 4355 2142 4419 accessisset,
2186 4363 2241 4408 et
2271 4354 2470 4413 collum
2516 4354 2670 4424 pueri
2713 4363 3125 4425 contrectassct,
3169 4369 3224 4415 et
3249 4362 3368 4431 ejus

1794 4446 2058 4501 cervicem
2097 4445 2371 4511 fricasset,
2423 4447 2560 4502 dixit
2589 4449 2638 4504 ei
2666 4449 2818 4504 vultu
2856 4450 3012 4504 hilari
3042 4468 3055 4504 :
3088 4450 3363 4526 Eustorgi.

1794 4540 1845 4594 ls
1871 4550 2053 4594 autem
2085 4538 2336 4609 protinus
2364 4540 2579 4609 aperuit
2606 4541 2817 4606 oculos,
2851 4552 2908 4598 et
2936 4544 3077 4598 sedit
3096 4559 3260 4615 super
3293 4547 3367 4601 le-

1793 4640 1941 4685 ctum
1968 4645 1983 4682 :
2012 4630 2471 4687 etiadmiratione
2507 4632 2741 4701 perculsi
2773 4642 2924 4695 sunt,
2972 4634 3067 4704 qui
3111 4646 3268 4693 erant
3313 4639 3365 4690 in

1792 4720 1979 4775 domo.
2020 4720 2159 4774 Cum
2189 4735 2317 4776 vero
2348 4720 2577 4777 vidisset
2612 4730 2781 4777 mater
2808 4721 3080 4794 Eustorgii
3118 4724 3174 4780 id
3217 4727 3363 4796 quoi

1794 4810 1997 4865 factum
2018 4813 2196 4866 fuerat
2220 4826 2317 4881 per
2342 4810 2705 4881 Epiphaniam
2736 4813 2790 4867 in
2813 4828 3004 4883 puero,
3031 4817 3234 4888 accepit
3264 4821 3366 4874 tria

1792 4902 1961 4956 millia
1995 4915 2343 4956 nummorum
2373 4910 2428 4955 et
2454 4902 2653 4957 obtulit
2681 4903 3005 4972 Epiphanio.
3026 4905 3363 4964 Dixitauteut

1792 4993 1840 5046 ei
1872 4992 2242 5062 Lpiphanius:
2268 4991 2360 5048 Eis
2381 5007 2482 5063 ego
2512 5008 2622 5049 non
2653 5003 2793 5060 utor,
2817 5010 2852 5049 ο
2881 4997 3075 5051 mulier
3098 4998 3363 5069 ingenua;

1794 5074 1885 5140 sed
1929 5084 2157 5139 maritus
2188 5093 2316 5138 tuus
2345 5099 2442 5141 eos
2489 5085 2741 5157 accipiet,
2792 5094 2847 5142 et
2892 5087 2991 5143 ibit
3041 5089 3108 5144 ad
3140 5091 3363 5146 domum

1791 5176 1933 5245 ejus,
1983 5178 2074 5246 qui
2125 5184 2279 5231 tuum
2328 5179 2588 5233 excitavit
2639 5178 2835 5246 lilium,
2869 5190 2925 5235 et
2956 5182 3106 5237 dabit
3158 5184 3226 5239 iis
3266 5188 3362 5253 qui
3448 5186 3456 5193 ’

1793 5268 2058 5323 laborant.
2096 5266 2189 5324 Sic
2211 5279 2390 5324 autem
2421 5269 2548 5325 fecit
2587 5269 2867 5343 Synesius.
2899 5271 3132 5343 Fuitque
3159 5275 3366 5331 illumi-

1795 5368 1955 5414 natus
1990 5359 2127 5429 ipse,
2163 5369 2217 5414 et
2240 5376 2378 5417 uxor
2403 5363 2543 5431 ejus,
2586 5372 2641 5418 et
2683 5363 2848 5430 (ilius,
2881 5379 3041 5436 quem
3084 5377 3363 5424 mortuum

1792 5450 2086 5504 suscitarat
2110 5450 2463 5521 Epiphanius.

1792 5599 1924 5664 esse
1948 5583 2172 5654 ἴδωμεν,
2213 5584 2503 5664 λάϐωμεν,
2546 5603 2778 5661 sequens
2826 5590 3212 5664 προσέλθωμεν
3243 5606 3365 5662 per-

1792 5655 2061 5711 suaderet.
2103 5670 2258 5711 ..nrr.
2292 5655 2531 5717 emat.
