3866 6066
556 194 623 249 79
1839 198 1895 254 S.
1938 199 2281 256 EPIPIIANII
2326 200 2506 258 νιτΑ.
3693 218 3746 271 80

549 312 607 363 δὲ
657 306 906 373 Συνέσιος
937 312 1126 375 οὕτως.
1155 311 1453 381 Ἐφωτίσθη
1505 311 1558 364 δὲ
1611 311 1787 379 αύτδς,
1835 314 1925 367 καὶ
1976 316 2007 384 η
2051 314 2183 384 γυνὴ
2223 315 2406 377 αὑτοῦ.
2467 315 2559 369 καὶ
2599 318 2643 368 -ὁ
2685 316 2798 380 υἱδς
2847 318 3030 385 αὑτοῦ,
3075 320 3136 376 ὃν
3184 322 3403 394 ἤγειρεν
3448 323 3745 381 τεθνεῶταό

552 405 886 472 Ἐπιφάνιος.

621 498 800 553 XLIII.
843 498 974 552 Cum
1014 498 1307 567 aliquando
1332 513 1578 552 essemus
1613 497 1664 551 in
1696 499 1829 561 aede,
1858 509 1910 551 et
1934 500 2095 552 nullu:

2289 498 2418 550 Ml".
2463 494 2597 548 Ποτὲ
2626 490 2722 549 οὖν
2753 496 2921 550 ὄντων
2944 497 3099 569 ἡμῶν
3125 501 3181 552 ὲν
3208 498 3469 570 τῷιοτκῳ,
3497 501 3585 553 καὶ
3611 500 3746 571 μηδεο

549 600 693 644 cssrt
730 590 898 651 alius,
946 588 1258 666 disigmihi
1310 588 1647 658 Epiphanius
1686 601 1700 640 :
1738 588 1836 641 Fili
1889 588 2111 658 Polybi,

508 676 514 684 ’
548 680 805 749 quoniam
841 694 980 749 opus
1018 678 1179 733 habet
1213 678 1451 733 Ecclesia
1480 679 1796 749 presbytero
1841 679 1892 731 in
1935 678 2111 732 locum

549 770 725 827 Patris
756 771 929 827 nostri
959 768 1225 837 Joannis,
1258 771 1413 835 volo,
1459 785 1493 824 ο
1542 771 1612 824 IiIi
1634 809 1649 834 ,
1690 780 1747 823 ut
1778 770 1854 825 sis
1885 770 1935 823 in
1971 770 2113 824 illius

507 834 515 857 ’
546 864 755 919 ordine.
787 864 923 917 Cum
955 878 1057 935 ego
1106 834 1287 917 autem
1333 834 1405 916 ea
1443 876 1567 931 qua:
1620 860 1941 916 dicebantur
1972 874 2113 930 agre

548 954 769 1018 ferrem,
801 961 856 1009 et
880 954 1060 1009 verbis
1084 953 1335 1023 plurimis
1366 966 1696 1015 recusarem,
1723 951 1871 1005 venit
1899 959 2112 1019 tempus

544 1046 821 1111 ecclesiae,
877 1052 935 1100 ut
976 1044 1217 1099 divinum
1261 1043 1565 1097 faceremus
1615 1040 1873 1096 cilicium.
1923 1041 2107 1112 Ingre-

548 1136 820 1191 ilientihus
865 1151 996 1191 vero
1044 1136 1199 1189 nobis
1244 1136 1494 1189 omnibus
1541 1149 1665 1189 cum
1712 1134 2015 1204 Epiphanio
2054 1135 2109 1189 in

547 1227 854 1294 ecclesiam,
886 1226 938 1280 in
964 1227 1145 1279 animo
1171 1226 1329 1279 habui
1356 1224 1635 1295 aufugere,
1654 1224 1950 1296 presbyteri
1970 1239 2110 1279 onus

543 1331 709 1385 grave
738 1331 859 1371 esse
901 1315 1239 1370 existimans.
1289 1312 1519 1380 Quando
1549 1324 1731 1369 autem
1766 1315 2109 1384 pervenimus

542 1406 611 1459 ad
642 1413 976 1475 suggestum,
1024 1403 1359 1473 Epiphanius
1393 1420 1476 1459 me
1507 1420 1671 1458 manu
1716 1416 1938 1469 tenens,
1972 1404 2109 1459 dixit

543 1492 672 1546 mihi
704 1511 718 1547 :
744 1492 898 1547 Mane
926 1495 980 1547 in
1014 1493 1118 1547 hoc
1146 1494 1265 1547 loco
1288 1508 1461 1563 usque
1489 1494 1554 1548 ad
1583 1503 1816 1563 tempus.
1841 1493 2105 1549 Admirati

537 1594 686 1651 sunt,
704 1585 798 1655 qui
827 1585 975 1639 hunc
1000 1600 1306 1639 sermonem
1338 1586 1648 1639 audierunt.
1680 1586 1792 1655 Ego
1824 1596 1969 1641 certe
1998 1602 2104 1641 non

541 1676 691 1745 potui
725 1674 958 1743 amplius
986 1689 1054 1729 ex
1083 1689 1148 1729 eo
1183 1675 1301 1729 loco
1334 1676 1523 1744 pedem
1565 1675 1773 1738 Ievare,
1828 1676 1918 1731 sed
1957 1692 2103 1731 eram

541 1766 705 1821 veluti
751 1765 943 1820 ferreis
991 1763 1162 1819 clavis
1211 1768 1480 1819 conlisus.
1514 1763 1745 1831 Quando
1786 1775 1965 1820 autem
2005 1767 2105 1823 fuit

2223 585 2311 649 νὸς
2354 585 2505 647 ὄντος
2542 584 2760 655 ἑτέρου,
2792 581 2943 639 εἶπεν
2979 589 3118 659 πρὸς
3154 589 3220 658 μὲ
3252 592 3280 643 6
3309 588 3641 658 Ἑπιφάνιος·
3666 592 3746 645 Τξ-

2222 691 2346 727 κνον
2374 673 2620 738 Πολύὸιε,
2647 675 2837 748 ἐπειδὴ
2866 680 3053 747 χρείαν
3085 680 3199 751 ἔχει
3236 679 3276 751 ἡ
3308 680 3600 751 ’ὣικλησία
3642 700 3743 753 πρε-

2222 765 2481 837 σϐυτέρου
2512 768 2592 830 είς
2621 763 2713 819 τδν
2739 768 2901 822 τόπον
2948 769 3042 823 τοῦ
3082 770 3295 842 Πατρὸς
3331 771 3490 842 ἡμῶν
3516 773 3750 835 Ἰωάννου,

2220 856 2357 909 θέλω
2388 874 2466 920 σε,
2502 858 2710 921 τέκνον,
2742 854 2877 911 εἶναι
2906 861 2963 912 έν
2998 863 3058 932 τῇ
3092 861 3242 927 τάξει
3282 863 3511 916 ἐκείνου.
3539 862 3689 934 Ἐμοῦ
3711 867 3754 918 δὲ

2220 947 2431 1020 βαρέως
2458 949 2714 1019 φέροντος
2746 953 2836 1004 ἐπὶ
2864 953 2975 1015 τοῖς
2994 952 3360 1023 λαλουμένοις,
3379 954 3475 1007 καὶ
3499 972 3756 1025 παραιτου-

2221 1038 2380 1108 μένου
2420 1040 2511 1091 ὲπὶ
2546 1038 2817 1105 πλείστοις
2862 1042 3058 1109 λόγοις,
3098 1042 3330 1110 ἔφθασεν
3378 1044 3407 1096 6
3455 1044 3637 1114 καιρὸς
3676 1046 3755 1112 τῆς

2218 1122 2529 1199 ἐκκλησίας,
2564 1130 2656 1184 τοῦ
2691 1133 2910 1203 ποιῆσαι
2934 1133 2995 1186 τὸ
3032 1134 3190 1205 ἔργον
3219 1134 3314 1187 τοῦ
3340 1135 3566 1205 Κυρίου.
3602 1136 3756 1206 Ἠμῶν

2215 1223 2271 1276 δὲ
2302 1223 2555 1277 ἁπάντων
2598 1224 2991 1297 εἰσερχομένων
3026 1226 3164 1296 μετὰ
3202 1227 3524 1296 Ἐπιφανίου
3552 1230 3638 1281 ἐπὶ
3676 1228 3757 1295 τῆς

2216 1313 2537 1384 ἐκκλησίας,
2586 1314 2742 1385 ἔσχον
2787 1314 3045 1385 λογισμὸν
3097 1315 3191 1369 τοῦ
3235 1317 3574 1388 ἀποδρᾶσαι,
3619 1318 3756 1388 βάρος

2215 1403 2513 1475 ἡγούμενος
2559 1405 2621 1457 τὸ
2676 1406 2891 1476 φορτίον
2939 1404 3032 1458 τοῦ
3079 1405 3474 1477 πρεσϐυτέρου.
3522 1407 3640 1460 Ὅτε
3680 1405 3755 1460 οὖν

2214 1495 2445 1564 ἔφθασεν
2484 1496 2578 1549 ἐπὶ
2607 1496 2668 1549 τὸ
2711 1496 2859 1566 βῆμα
2879 1536 2892 1558 ,
2926 1498 3204 1568 κρατήσας
3238 1514 3305 1567 με
3336 1496 3643 1566 Ἐπιφάνιος
3673 1499 3754 1567 τῆς

2212 1586 2420 1658 χειρὸς,
2448 1581 2601 1639 εἶπεν
2642 1587 2777 1658 πρὸς
2804 1587 2872 1656 μέ
2891 1603 2906 1619 ·
2946 1586 3087 1641 Μένε
3119 1588 3212 1641 ἐπὶ
3250 1588 3330 1659 τῷ
3354 1590 3507 1659 τόπῳ
3532 1588 3630 1652 ἓως
3655 1607 3754 1641 καιο

2216 1676 2329 1746 ροῢ.
2362 1676 2671 1741 Ἐξίσταντο
2724 1677 2781 1729 δὲ
2832 1677 3032 1741 πάντες
3079 1681 3127 1731 oi
3172 1679 3462 1743 ἀκούοντες
3502 1679 3593 1733 τὸν
3624 1680 3754 1747 λόγον

2211 1766 2416 1820 τοῦτον.
2448 1766 2590 1835 Ἐγὼ
2633 1762 2724 1820 οὖν
2749 1767 2930 1821 οὐκέτι
2960 1768 3230 1840 ἠδυνήθην
3265 1771 3524 1839 κουφίσαι
3559 1788 3654 1840 μου
3681 1772 3754 1822 τὸν

540 1856 804 1926 completa
854 1864 963 1911 tota
1010 1855 1419 1927 consequentia,
1471 1864 1599 1910 tunc
1652 1855 1801 1910 misit
1836 1873 2002 1912 unum
2042 1875 2095 1913 ex

2211 1857 2346 1910 πόδα
2392 1859 2456 1911 ἐκ
2511 1858 2602 1911 τοῦ
2657 1858 2857 1911 τόπουο
2904 1860 3018 1913 ἀλλ’
3078 1862 3227 1933 ἥμην
3275 1862 3351 1926 ὡς
3398 1862 3756 1935 καθηλωμένος

538 1946 803 2009 diaconis,
829 1954 883 2000 et
923 1961 1011 2000 me
1034 1946 1186 2000 duxit
1215 1945 1280 2000 ad
1327 1946 1518 2009 altare,
1548 1954 1600 2000 et
1632 1945 1903 2001 ordinavit
1941 1965 2096 2018 pres—

545 2035 817 2106 byterum.
871 2032 997 2087 Post
1076 2033 1319 2090 ecclesia:
1368 2048 1497 2089 vero
1551 2032 1944 2099 dimissionem,
1992 2052 2105 2106 pra:

537 2133 679 2179 metu
731 2122 898 2178 cecidi
928 2124 981 2177 in
1019 2124 1247 2192 lectum,
1284 2132 1337 2179 et
1400 2125 1558 2181 valde
1608 2126 1662 2181 in
1706 2127 1930 2197 grabato
1955 2142 2106 2183 com-

532 2213 826 2285 primebar,
847 2216 1019 2271 donec
1042 2214 1378 2287 Epiphanius
1397 2217 1677 2289 ingressus
1700 2228 1800 2284 est,
1818 2230 1870 2274 et
1893 2220 2100 2283 oravit;

535 2312 588 2356 ιτ
607 2302 797 2356 statim
831 2303 1063 2357 surrexi.

607 2577 791 2634 XLIV.
827 2580 1134 2649 Aliquando
1158 2591 1338 2637 autem
1375 2584 1521 2639 venit
1571 2583 1790 2654 quidam
1840 2584 2100 2640 diaconus

532 2668 952 2742 Hierosolymis,
983 2681 1036 2725 et
1067 2674 1401 2728 renuntiavit
1436 2673 1747 2745 Epiphanio
1801 2675 1868 2730 de
1893 2674 2101 2730 Joanne

532 2762 789 2833 episcopo
850 2762 1362 2834 Hierosolymitauo,
1399 2766 1544 2835 quod
1600 2776 1745 2820 esset
1802 2782 2018 2827 avarus,
2048 2775 2101 2820 et

533 2855 836 2910 includeret
866 2857 1147 2925 pecunias,
1171 2866 1222 2910 et
1253 2872 1357 2911 non
1408 2858 1775 2927 suppeditaret
1811 2857 2098 2927 indigenti-

2212 1950 2351 2019 μετὰ
2377 1949 2631 2021 σιδήριον.
2659 1952 2786 2003 ὐτε
2813 1950 2868 2003 δὲ
2899 1950 3186 2023 ἐπληρώθη
3223 1954 3373 2007 πᾶσα
3409 1955 3445 2025 ἡ
3474 1954 3755 2013 ἀκολουθία,

2210 2038 2330 2091 τότε
2358 2038 2672 2092 ἀπέστειλεν
2700 2040 2794 2093 ἕνα
2811 2039 2919 2093 τῶν
2943 2040 3221 2107 διακόνων,
3240 2042 3335 2095 καὶ
3359 2041 3565 2112 ἧγαγέν
3594 2058 3657 2112 με
3684 2042 3758 2093 ἐπὶ

2208 2130 2301 2183 τοῦ
2324 2130 2727 2201 θυσιαστηρίου,
2760 2131 2854 2184 καὶ
2884 2131 3259 2203 ὲχειροτόνησέ
3296 2150 3365 2202 με
3390 2133 3755 2204 πρεσϐύτερον·

2209 2220 2302 2272 καὶ
2343 2220 2480 2290 μετὰ
2511 2221 2609 2290 τὴν
2638 2220 2899 2275 ἀπόλυσιν
2938 2221 3036 2292 τῆς
3077 2221 3404 2292 ἐκκλησίας,
3457 2223 3566 2276 ἀπὸ
3615 2224 3759 2292 φόϐου

2208 2309 2377 2362 ἔπεσα
2417 2310 2511 2362 ἐπὶ
2558 2311 2656 2380 τῆς
2708 2310 2913 2379 κλίνης,
2966 2311 3064 2365 καὶ
3107 2312 3255 2382 ἥμην
3300 2313 3648 2383 συνεχόμενος
3680 2314 3760 2365 ἐπὶ

2208 2398 2507 2468 κραδάτου,
2540 2398 2644 2462 ἕως
2671 2392 2732 2451 οὗ
2761 2395 2923 2468 ἦλθεν
2956 2399 3292 2467 Ἐπιφάνιος,
3320 2401 3414 2453 καὶ
3447 2400 3660 2471 ηὔξατο,
3678 2402 3760 2454 καὶ

2206 2487 2406 2550 εὐθέως
2439 2486 2691 2555 ἀνέστην.

2278 2577 2407 2630 JIA'.
2443 2577 2577 2630 Τότε
2608 2575 2700 2630 οὖν
2735 2577 2810 2647 (a)
2852 2578 3177 2649 παρεγένετό
3204 2596 3287 2642 τις
3318 2579 3429 2633 ἀπὸ
3486 2580 3757 2654 Ἰεροσολύ-

2210 2684 2324 2735 μων
2360 2666 2623 2732 διάκονος,
2682 2667 2775 2719 καὶ
2820 2667 3151 2739 ἀπήγγειλεν
3202 2669 3504 2740 Ἐπιφανίῳ
3554 2672 3619 2725 τά
3649 2676 3759 2745 περὶ

2206 2756 2452 2810 Ἰωάννου
2482 2755 2576 2810 τοῦ
2610 2758 2913 2810 ἐπισκόπου
2953 2757 3336 2829 Ἰεροσολύμων
3358 2801 3374 2826 ,
3403 2762 3487 2814 ὅτι
3517 2763 3758 2835 φιλάργυ-

2210 2865 2320 2917 ρος,
2351 2849 2535 2918 φησὶν,
2568 2848 2737 2913 ἐστὶν,
2765 2848 2953 2901 καὶτὰ
2994 2851 3250 2920 χρήματα
3294 2851 3654 2907 ὲναποκλεὲων
3685 2857 3760 2908 ἐν·

538 2939 656 2994 bus.
688 2937 1036 2995 Hahitaverat
1060 2950 1237 2994 autem
1270 2942 1357 2996 hic
1402 2940 1639 2997 Joannes
1684 2942 1737 2996 in
1768 2942 2095 2997 monasterio

2203 2937 2476 3008 δεομένοις
2505 2938 2565 2990 ού
2599 2937 2847 3008 παρέχει.
2880 2934 2988 2992 Ἦν
3008 2940 3065 2992 δὲ
3101 2942 3130 2993 6
3157 2940 3410 3012 Ἰωάννης
3442 2935 3597 3007 οὗτος
3623 2946 3758 3015 uixi;-

534 3030 713 3099 magni
751 3028 1044 3085 Hilarionis
1074 3046 1088 3082 ι
1120 3047 1231 3101 quo
1264 3030 1464 3085 factum
1491 3042 1595 3097 est,
1629 3042 1700 3087 ut
1730 3048 1837 3087 una
1881 3047 2095 3103 quoque

2205 3044 2303 3090 σας
2330 3029 2387 3079 ὲν
2424 3026 2502 3097 τῷ
2544 3025 2889 3097 μοναστηρίῳ
2921 3026 3013 3080 τοῦ
3042 3028 3273 3099 μεγάλου
3333 3028 3658 3100 Ἰλαρίωνος,
3697 3033 3760 3090 ὡς

529 3135 653 3174 cum
674 3129 739 3175 eo
762 3121 1016 3175 habitarit
1036 3120 1390 3191 Epiphanius.
1409 3121 1744 3193 Epiphanius
1767 3125 1949 3194 itaque
1969 3126 2095 3179 scri-

2203 3117 2521 3186 Ἐπιφάνιος
2549 3115 2857 3188 συνῴκησεν
2879 3116 3047 3188 αύτῷ.
3080 3118 3138 3172 Ὀ
3166 3114 3587 3189 οὖνἙπιφάνιος
3616 3121 3764 3192 ἐγρα-

529 3211 637 3280 psit
662 3212 940 3281 epistolam
970 3212 1036 3266 ad
1085 3211 1345 3267 Joannem
1378 3213 1444 3268 de
1478 3214 1849 3268 misericordia
1882 3215 1946 3268 Iin
1972 3230 2092 3279 eos,

2203 3206 2298 3275 ψεν
2331 3205 2619 3276 ἐπιστολὴν
2632 3204 2710 3275 τῷ
2730 3204 2972 3277 Ἰωάννη,
2993 3207 3121 3277 περὶ
3147 3207 3240 3261 τοῦ
3260 3209 3429 3261 ἐλεεῖν
3448 3211 3572 3273 τοὺς
3588 3212 3766 3280 χρείαν

525 3303 618 3371 qui
652 3303 910 3375 indigent.
938 3302 1176 3358 Joannes
1201 3313 1379 3359 autem
1412 3306 1653 3374 epistola:
1682 3307 1882 3361 nullam
1909 3307 2095 3361 habuit

2203 3298 2433 3368 ἔχοντας.
2476 3298 2533 3350 ὐ
2560 3297 2617 3349 δὲ
2647 3297 2899 3369 Ἰωάννης
2927 3298 3079 3351 οὐδὲν
3125 3300 3224 3369 τῆς
3268 3302 3557 3373 ἐπιστολῆς
3588 3305 3761 3373 ὲποῖηο

531 3395 815 3449 ratiouem.
851 3393 970 3448 Non
1004 3395 1077 3449 ita
1124 3395 1294 3449 multo
1348 3405 1470 3466 post
1505 3402 1747 3464 tempore
1786 3397 1922 3451 dixit
1963 3397 2092 3451 mihi

2203 3405 2310 3441 σεν.
2343 3387 2496 3441 Μετὰ
2544 3387 2601 3439 δὲ
2624 3387 2812 3458 χρόνον
2835 3388 2895 3440 οὐ
2922 3387 3085 3442 πολὺν
3115 3385 3265 3443 εἶπεν
3289 3390 3607 3459 Ἐπιφάνιος
3642 3393 3763 3463 πρὸς

528 3481 864 3552 Epiphanius
897 3502 910 3538 :
943 3483 1076 3554 Age.
1116 3485 1210 3549 Iili,
1234 3500 1425 3541 eamus
1468 3484 1827 3552 Hierusalem,
1876 3498 1929 3542 et
1967 3502 2091 3543 cum

527 3572 958 3638 adoraverimus,
1015 3583 1371 3629 revertemur.
1427 3575 1562 3628 Cum
1607 3591 1638 3630 e
1684 3575 1860 3646 Cypro
1909 3587 2089 3632 autem

529 3661 904 3727 solvisscmus,
963 3664 1337 3734 navigavimus
1384 3665 1686 3720 Caesaream
1744 3665 2007 3737 Philippi;
2040 3678 2092 3723 et

524 3752 677 3807 i-IIiac
691 3754 1037 3810 ascendimus
1066 3753 1419 3811 Hierusalem.
1447 3757 1694 3827 Cumque
1715 3760 1917 3828 egressi
1943 3774 2092 3814 esse-

523 3857 648 3899 mus
666 3853 728 3899 et
759 3859 1091 3910 orassemns,
1122 3847 1468 3903 ascendimus
1493 3848 1544 3901 in
1576 3850 1971 3919 episcopatum.
2006 3848 2091 3904 Vi-

517 3933 706 4006 ditque
737 3933 976 3990 Joannes
1008 3934 1395 4005 Epiphanium,
1420 3946 1473 3991 ct
1505 3953 1701 4008 magno
1741 3940 1841 3994 fuit
1865 3940 2089 3997 affectus

519 4024 964 4096 gandioJoanni
1014 4034 1201 4081 autem
1230 4027 1366 4081 dixit
1396 4028 1731 4096 Epiphanius
1768 4046 1781 4081 :
1818 4029 1893 4083 Da
1932 4032 2087 4095 mihi,

520 4115 698 4181 Pater,
723 4118 943 4170 domum
958 4116 1030 4170 ad
1054 4116 1400 4170 metuendum.
1418 4115 1676 4188 Deditque
1692 4119 1849 4173 nobis
1868 4120 2088 4174 domum

521 4208 961 4275 pulcherrimam.
1025 4207 1280 4273 Quotidie
1334 4216 1517 4264 autem
1569 4210 1799 4264 vocabat
1850 4209 2088 4265 Joannes

522 4294 886 4366 Epiphanium
922 4297 988 4349 ad
1043 4312 1310 4363 mensam,
1344 4306 1804 4369 sumptuososque
1856 4301 2005 4355 cibos
2038 4311 2090 4356 et

522 4387 877 4457 ρωιςιιοὺίε
924 4386 976 4439 iu
1029 4402 1269 4442 mensam
1321 4387 1527 4444 ferebat
1575 4389 1948 4463 [nmltumque
1997 4410 2088 4448 ar-

520 4476 667 4545 genti
686 4477 1070 4531 commutando
1090 4477 1346 4532 aﬂerehat
1375 4479 1426 4531 in
1446 4480 1712 4552 mensam]
1733 4501 1747 4549 ;
1771 4498 1879 4552 quo
1909 4484 2087 4551 ﬁebat,

522 4575 579 4620 ut
617 4581 884 4636 pauperes
920 4581 1027 4619 non
1053 4575 1235 4619 essent
1257 4568 1567 4637 participes.
1597 4571 1905 4640 Aliquando
1963 4590 2090 4629 vero

519 4659 658 4712 dixit
704 4656 898 4711 Joauui
931 4656 1311 4726 Epiphanius:
1346 4657 1422 4711 Da
1464 4660 1615 4723 mihi,
1655 4678 1688 4716 ο
1726 4663 1883 4717 Patr
1915 4663 2085 4719 Joan-

519 4761 636 4812 nes,
667 4754 951 4817 argentum
1004 4747 1071 4800 ad
1098 4761 1265 4800 usum
1316 4762 1520 4799 meum.
1575 4746 1714 4802 Sunt
1742 4753 1872 4806 mihi
1903 4754 2083 4807 alendi

517 4837 616 4891 viri
668 4835 886 4908 Cyprii;
937 4836 1018 4891 eis
1056 4837 1325 4892 exhibebo
1362 4838 1703 4908 magniﬁcam
1754 4842 1830 4895 tui
1872 4847 2080 4913 argenti

513 4928 769 4998 speciem.
802 4926 985 4983 Praebe
1014 4942 1173 4983 servo
1209 4937 1321 4991 tuo,
1373 4944 1493 4998 qua:
1544 4940 1672 4984 sunt
1719 4934 2079 5001 pulcherrima

513 5018 760 5081 indomo
803 5026 915 5084 tua,
957 5019 1023 5073 ad
1062 5027 1205 5072 tuam
1256 5018 1507 5087 gloriam.
1559 5028 1610 5074 et
1651 5021 1718 5075 de
1765 5023 1871 5076 tuis
1917 5021 2077 5080 factis

512 5105 806 5173 gloriabor,
848 5117 909 5160 ut
952 5108 1195 5176 quivsim
1244 5118 1504 5178 perpetuo
1556 5113 1941 5169 monstraudus
1994 5116 2077 5170 di-

513 5198 645 5266 gito.
696 5196 1007 5254 Memineris
1062 5206 1269 5252 tantum
1329 5216 1520 5253 eorum
1572 5218 1693 5271 quia
1746 5203 1972 5265 dantur,
2021 5214 2079 5257 et

514 5287 658 5357 quod
742 5294 991 5356 Oportet,
1071 5296 1258 5357 postea
1335 5290 1429 5342 tibi
1492 5290 1761 5346 reddetur.
1843 5291 2081 5347 Joannes

494 5389 695 5436 autem
740 5379 994 5449 produxit
1044 5378 1274 5434 multum
1334 5383 1543 5451 argenti
1598 5384 1652 5438 in
1702 5394 2077 5451 conspectum.

581 5513 660 5585 (α)
693 5511 886 5585 lntct'p.
922 5512 1046 5584 legit
1080 5512 1228 5567 ποτέ.

2198 3481 2296 3550 μέ·
2335 3479 2508 3551 Δεῦρο
2539 3479 2624 3550 δὴ,
2660 3479 2886 3545 τέκνον,
2938 3481 3333 3551 πορευσιεαμεθα
3378 3486 3457 3547 εἰς
3510 3486 3763 3556 Ἰερουσα-

2192 3571 2326 3641 λὴμ,
2353 3571 2449 3624 καὶ
2486 3572 2965 3642 προσκυνήσαντες
3013 3571 3396 3644 ἀναλύσωμεν.
3440 3575 3763 3648 ’Λπάραντες

2190 3662 2246 3715 δὲ
2269 3661 2377 3713 ἀπὸ
2399 3659 2624 3732 Κύπρου
2645 3660 3071 3732 ἀπεπλεύσαμεν
3091 3663 3149 3717 ὲν
3171 3664 3475 3736 Καισαρείᾳ
3499 3670 3565 3738 τῇ
3591 3666 3765 3719 Φιλίπο

2192 3770 2294 3805 που
2318 3770 2331 3785 ’
2361 3752 2616 3806 κάκεῖθεν
2653 3752 2924 3823 ἀνέϐημεν
2948 3756 3027 3816 εἱς
3062 3754 3441 3826 Ἰεροσόλυμα’
3472 3761 3567 3811 καὶ
3602 3759 3761 3812 ιίλθόν-

2191 3860 2281 3907 τες
2306 3843 2399 3897 καὶ
2425 3843 2710 3913 εὐξάμενοι
2734 3844 3010 3914 ἀνέὸημεν
3038 3846 3120 3907 εἰς
3170 3844 3230 3897 τὸ
3258 3846 3608 3900 ὲπισκοπεῖον
3628 3864 3641 3878 ·
3674 3849 3764 3901 καὶ

2192 3933 2300 3986 ῑδεν
2326 3934 2576 4001 Ἰωάννης
2602 3934 2691 3986 τὴν
2717 3934 3053 4003 Ἐπιφάνιον,
3090 3935 3179 3987 καὶ
3207 3935 3383 4007 ἐχάρη
3397 3938 3581 4008 ,χαρὰν
3597 3940 3764 4008 μεγάο

2191 4023 2310 4093 λην.
2344 4019 2514 4077 Εἶπεν
2539 4024 2595 4076 δὲ
2626 4025 2944 4093 Ἐπιφάνιος
2975 4024 3052 4097 τῷ
3090 4026 3313 4100 Ἰωάννη
3338 4045 3351 4059 ·
3402 4029 3502 4093 Δός
3527 4048 3638 4100 μοι,
3666 4049 3765 4101 cpu-

2193 4110 2298 4175 σίν,
2325 4109 2493 4178 οἶκον,
2544 4113 2753 4179 τέκνον,
2808 4116 2900 4168 ἐπὶ
2922 4115 2983 4167 τὸ
3012 4119 3210 4187 μεῖναι.
3244 4119 3484 4173 Ἔδωκεν
3541 4121 3598 4175 δὲ
3639 4125 3763 4192 ἡμῖν

2194 4203 2477 4256 κάλλιστον
2503 4198 2669 4258 οἷκον..
2703 4205 2840 4258 Καθ’
2870 4207 3081 4278 ἡμέραν
3112 4204 3203 4262 οὖν
3234 4210 3263 4262 ό
3288 4210 3543 4281 Ἰωάννης
3585 4213 3763 4267 ἐκάλει

2193 4295 2285 4348 τὸν
2313 4295 2634 4365 Ἐπιφάνιον
2661 4296 2750 4349 ἐπὶ
2782 4298 3080 4371 τραπέζης,
3104 4300 3198 4353 καὶ
3252 4300 3597 4355 πολυτέλειαν
3623 4302 3763 4374 βρω-

2190 4383 2378 4453 μάτων
2428 4385 2521 4438 καὶ
2548 4387 2805 4455 πομάτων
2826 4388 3018 4459 ἔφερεν
3046 4390 3176 4459 ἡμῖν
3196 4392 3253 4443 ὲν
3276 4394 3343 4461 τῇ
3372 4391 3641 4463 τραπέζῃ,
3659 4394 3765 4445 τῶν

2186 4474 2248 4527 δὲ
2278 4477 2525 4547 πενήτων
2573 4476 2821 4548 ἀμοίρων
2859 4479 3047 4541 ὄντων,
3080 4481 3175 4534 καὶ
3204 4481 3309 4533 ἀπὸ
3355 4482 3579 4538 τούτων.
3632 4484 3766 4538 Ποτὲ

2193 4558 2286 4615 οὖν
2313 4559 2467 4618 εἶπεν
2494 4565 2811 4634 Ἐπιφάνιος
2843 4567 2977 4638 πρὸς
3004 4569 3285 4641 Ἰωάννηνσ
3318 4572 3416 4635 Δός
3435 4589 3546 4643 μοι,
3578 4574 3764 4643 φησὶν.

2184 4645 2233 4705 ὦ
2266 4653 2448 4725 Πάτερ
2494 4654 2767 4726 Ἰωάννης.
2823 4658 3066 4730 ἄργυρον
3120 4660 3254 4731 πρὸς
3287 4661 3616 4732 ὑπηρεσίαν·
3659 4664 3769 4735 ἔχω

2186 4742 2295 4812 γὰρ
2327 4742 2522 4814 θρέψαι
2548 4745 2827 4817 Κυπρίους
2849 4748 3053 4820 ἄνδρας
3074 4767 3088 4781 ο
3116 4752 3392 4820 φαντάσω,
3446 4754 3580 4823 φησὶ
3602 4793 3618 4818 ,
3647 4756 3769 4809 τού-

2184 4850 2309 4896 τους
2331 4832 2411 4903 τῷ
2444 4834 2523 4905 σῷ
2541 4835 2808 4908 ἀργυρίῳ.
2839 4840 2917 4892 Τά
2934 4840 3041 4911 γὰρ
3069 4841 3482 4896 καλλιστεύοντα
3508 4846 3569 4899 ἐν
3589 4845 3669 4916 τῷ
3692 4848 3769 4916 σῷ

2182 4923 2315 4992 οἴκῳ
2344 4923 2549 4994 πάρεχε
2588 4924 2668 4995 τῷ
2709 4926 2879 4998 δούλῳ
2925 4946 3016 4982 σου
3052 4931 3187 5001 πρὸς
3205 4931 3366 4998 δόξαν
3401 4933 3501 5005 τὴν
3528 4936 3647 5006 σὴν,
3674 4940 3769 4990 καὶ

2182 5011 2376 5081 ἔσομαι
2402 5013 2751 5084 καυχώμενος
2779 5018 2870 5071 ἐπὶ
2901 5021 3012 5082 σοῖς
3065 5020 3245 5091 ἔργοις
3271 5039 3284 5053 ·
3332 5024 3499 5093 μόνον
3545 5028 3768 5097 μνήμην

2183 5099 2353 5171 ἄπεχε
2391 5102 2498 5154 τῶν
2520 5102 2840 5175 διδομένων,
2882 5108 2977 5161 καὶ
3040 5108 3266 5181 ὕστερον
3305 5112 3489 5165 ἀποδῶ
3530 5114 3593 5167 τὸ
3625 5120 3764 5185 πρέ-

2187 5206 2307 5246 πον.
2352 5190 2409 5242 ⁹Ο
2430 5190 2485 5243 δὲ
2520 5190 2770 5267 Ἰωάννης
2797 5198 3115 5269 παρήγαγεν
3139 5200 3280 5254 κατὰ
3306 5203 3597 5273 πρόσωπον
3612 5204 3766 5259 Ἐπι-

2188 5278 2378 5346 φανίου
2419 5281 2584 5337 πολὺν
2632 5284 2887 5355 ἄργυρον.
2937 5285 3106 5343 Εἶπεν
3164 5292 3219 5344 δὲ
3251 5293 3571 5363 Ἐπιφάνιος
3629 5300 3768 5369 πρὸς

2188 5370 2441 5442 Ἰωάννην
2471 5388 2483 5400 ·
2527 5375 2713 5428 Ἔστιν
2738 5393 2839 5445 σοι,
2868 5380 3050 5451 φησὶν,
3092 5382 3454 5455 ἀποκείμενος
3486 5390 3583 5443 καὶ
3609 5389 3771 5456 ἄλλος

2298 5653 2309 5662 .
2370 5629 2435 5659 ν.’“
2460 5628 2549 5663 ἰτς
