3866 6066
503 237 572 291 δδ
1807 241 1863 297 s.
1911 206 2270 295 El’lPllANll-
2297 240 2478 297 vm.
3678 234 3735 305 iii

511 346 654 425 nius,
707 358 759 412 ei
787 357 926 413 dixit
957 372 1099 414 unus
1126 373 1190 413 ex
1231 358 1480 413 duobus:
1516 358 1713 413 Sancte
1752 368 1933 428 pater,
1975 376 2004 415 v
2030 376 2067 415 St

2193 360 2333 431 πρὸς
2386 361 2546 418 αὐτὸν
2589 362 2616 414 ὁ
2650 356 2756 426 εἴς’
2790 361 2966 427 "Oete,
3027 363 3159 433 φησὶ
3184 404 3198 428 ,
3254 362 3435 436 Πάτερ
3462 366 3735 439 Ἑπιφῶιε,

510 457 809 516 mortuum,
838 461 893 506 et
942 464 1108 520 super
1138 465 1262 505 eum
1296 450 1460 521 injice
1510 459 1902 521 legumentum.
1948 451 2085 506 Cum

507 541 625 597 haec
655 555 789 613 ergo
813 542 1082 598 audiisset
1103 540 1462 614 Epiphanius,
1505 546 1653 598 stetit
1690 528 1755 598 ad
1798 542 2084 607 orientem,

505 647 606 702 pro
649 646 867 689 mortuo
920 633 1156 691 oﬂ'erens
1189 635 1517 690 oralionem.
1577 633 1825 704 Cumque
1881 650 1940 690 se
1986 651 2088 690 suo

503 723 747 779 exuisset
776 723 1117 790 indumento,
1170 726 1401 797 projecit
1452 727 1519 781 ad
1577 724 1911 780 induendum
1943 742 2086 779 mor-

503 822 680 868 tuum.
712 813 820 872 lter
853 826 1032 872 autem
1064 817 1295 874 faciente
1324 818 1651 890 Epiphanio,
1677 820 1723 876 is
1745 819 1842 890 qui
1864 835 1926 874 ea
1962 835 2084 873 ver-

504 905 571 959 ba
621 905 833 963 dixerat
860 949 876 975 ,
935 907 1073 964 dixit
1100 911 1172 976 ei,
1202 910 1295 980 qui
1326 926 1384 966 se
1415 921 1690 967 mortuum
1742 910 2034 966 simulabat
2067 926 2080 962 :

504 995 698 1069 Surge,
734 1003 995 1071 praeteriit
1027 1004 1110 1058 vir
1139 1004 1293 1060 rudis
1328 1014 1382 1059 et
1415 1004 1688 1081 indoctus.
1725 1002 1861 1059 Cum
1902 1003 1951 1057 is
1982 1018 2084 1057 au-

503 1100 610 1147 tem
640 1109 748 1149 non
768 1096 1141 1165 responderet,
1160 1112 1488 1153 rnrsuseum
1512 1097 1759 1152 vocabat.
1786 1095 2087 1166 Postquam

503 1201 633 1241 vero
664 1188 1048 1245 animadvertit
1072 1205 1197 1244 eum
1251 1204 1372 1246 esse
1421 1199 1724 1252 mortuum.
1781 1188 1915 1243 dicit
1939 1185 2082 1256 apud

502 1295 597 1345 se;
628 1281 881 1347 Curram,
930 1291 984 1339 et
1046 1284 1247 1355 hospiti
1293 1299 1467 1340 meam
1500 1283 1678 1339 dicam
1731 1281 1966 1351 culpam,
2026 1286 2085 1332 ut

499 1381 626 1421 eum
671 1371 888 1426 excitet.
923 1371 1025 1438 Qui
1058 1388 1160 1430 nos
1196 1383 1505 1440 assecutus,
1545 1374 1597 1428 in
1624 1381 1823 1429 terram
1863 1369 2080 1431 cecidit,

501 1473 701 1529 rogans
730 1460 1120 1532 Epiphanium,
1154 1474 1208 1521 et
1231 1468 1282 1522 ei
1308 1467 1496 1522 dicens
1522 1467 1687 1521 verba
1715 1462 2029 1535 huiusmodi
2066 1478 2080 1514 :

498 1551 675 1625 Rogo,
712 1564 767 1610 et
797 1557 1045 1628 supplico
1100 1566 1209 1614 tuae
1251 1560 1570 1629 paternitati
1603 1575 1616 1611 :
1654 1557 1735 1613 l'er
1769 1570 1926 1626 opem
1950 1593 1966 1617 .
2024 1561 2081 1606 ει

496 1658 659 1717 parce
681 1655 884 1702 nostrae
910 1647 1259 1717 insipientiae.
1288 1649 1519 1716 Quando
1545 1648 1690 1705 enim
1718 1657 1770 1703 te
1797 1660 1919 1702 sum
1946 1642 2082 1697 alim

2197 447 2489 518 ἐπίσκεψαι
2515 448 2609 501 τὸν
2644 450 2856 521 νεκρὸν,
2893 452 2987 505 καὶ
3031 451 3090 504 τὸ
3122 451 3385 525 κάλυμμα
3434 454 3579 527 ῥίψον
3630 460 3739 530 πρὸς

2193 533 2401 590 τοῦτον.
2447 538 2504 592 '0
2530 532 2622 591 οὖν
2653 537 2975 607 Ἐπιφάνιος
3003 538 3243 604 ἀκούσας
3270 539 3464 605 ταῦτα,
3493 542 3611 614 ἔστη
3630 546 3738 615 πρὸς

2193 628 2457 694 ἀνατολάς
2484 629 2624 703 ὑπὲρ
2649 630 2844 702 νεκροῦ
2877 630 2974 702 τὴν
2993 631 3179 703 δέησιν
3208 633 3559 705 προσφέρων*
3589 636 3670 689 καὶ
3690 638 3737 709 δὴ

2192 718 2600 791 ἀποδυσάμενος
2640 721 2732 773 τὸν
2785 720 3105 792 ἐπνδύτην,
3161 722 3383 794 ἔρριψεν
3408 725 3542 795 πρὸς
3565 725 3739 780 ἔνδυσιν

2191 810 2286 864 τοῦ
2312 810 2624 885 τεθνεῶτος,
2657 812 2767 867 Τοῦ
2793 814 2850 867 δὲ
2874 813 3197 884 Ἐπιφανίου
3223 816 3321 888 τὴν
3347 818 3566 889 πορείαν
3589 836 3731 872 mtuu-

2194 903 2380 974 μένου,
2413 907 2577 977 φησὶν
2603 909 2631 961 ὁ
2659 907 2787 971 τοὺς
2812 889 3004 976 λόγους
3044 906 3286 982 λαλήσας
3322 910 3461 982 πρὸς
3498 911 3584 963 τὸν
3629 911 3734 965 πλα-

2194 995 2388 1050 σθέντα
2422 997 2512 1052 τὺν
2536 998 2766 1053 θάνατον
2787 1016 2799 1032 ⁸
2821 1002 3079 1067 Ἀνάστα,
3108 1000 3294 1073 φησὶν,
3322 1001 3696 1074 ἀντιπαρῆλθεν
3717 1006 3739 1058 ὀ

2195 1088 2432 1161 ἰδιώτης.
2462 1090 2568 1145 Τοῦ
2601 1092 2658 1146 δὲ
2686 1093 2980 1160 ἀπόκρισιν
3014 1092 3090 1166 μὴ
3113 1094 3351 1159 διδόντος
3372 1135 3388 1158 ,
3421 1094 3576 1149 πάλιν
3602 1114 3741 1168 προσο

2187 1170 2458 1237 ἐκαλεῖτο.
2530 1180 2612 1247 Ὠς
2666 1182 2723 1236 δὲ
2760 1186 3069 1256 προσέσχεν
3128 1184 3318 1238 τοῦτον
3364 1170 3572 1257 νεκρὸν,
3607 1185 3742 1256 φησὶν

2192 1273 2329 1344 πρὸς
2356 1272 2545 1328 ἑαυτόν
2570 1292 2582 1304 ·
2610 1275 2836 1347 Δράμω,
2899 1277 2995 1331 καὶ
3042 1277 3364 1348 ἀπαγγείλω
3393 1278 3471 1348 τῷ
3516 1277 3640 1350 ξένῳ
3667 1278 3744 1350 την

2190 1364 2390 1427 αἰτίαν,
2439 1366 2590 1435 ὅπως
2639 1366 2830 1421 τοῦτον
2863 1368 3180 1441 ἀναστήσει.
3230 1356 3287 1422 Ὀ
3340 1369 3399 1422 δὲ
3438 1369 3744 1436 καταδιὼξας

2192 1454 2369 1509 ὀπίσω
2390 1455 2570 1527 ἡμῶν,
2607 1456 2801 1511 ἔπεσεν
2837 1459 2929 1513 ἐπὶ
2976 1458 3075 1531 τὴν
3103 1460 3210 1531 γῆν
3260 1459 3515 1532 δεόμενος
3548 1461 3748 1529 Ἐπιφα-

2190 1545 2325 1612 νίου,
2355 1546 2561 1618 λέγων·
2587 1549 2789 1621 Δέομαι
2817 1550 2911 1604 καὶ
2945 1550 3175 1604 ἱκετεύω
3211 1551 3309 1623 τὴν
3356 1550 3456 1623 σὴν
3490 1552 3746 1625 πατρωσύ-

2189 1652 2306 1706 νην,
2334 1635 2621 1709 βοήθησον,
2650 1640 2743 1693 καὶ
2770 1643 2953 1709 φεῖσαι
2974 1640 3072 1712 τῆς
3100 1640 3255 1713 ἡμῶν
3285 1641 3612 1717 ἀφροσύνης,
3642 1644 3747 1697 Ὅτε

458 1758 477 1763 ·
496 1742 657 1791 cutus
673 1735 895 1792 dicens:
921 1736 1091 1792 Indue
1116 1747 1415 1806 mortuum,
1440 1740 1561 1810 ejus
1585 1755 1855 1796 consensu
1873 1754 1993 1795 sum
2012 1737 2067 1791 lo

2194 1728 2303 1800 γάρ
2330 1729 2680 1804 ἐφθεγξάμην
2707 1732 2843 1804 πρὸς
2876 1733 2936 1786 σὲ
2965 1733 3140 1803 λέγων
3159 1774 3175 1799 ,
3207 1734 3531 1790 Ἐπένδυσον
3568 1736 3651 1790 τὸν
3676 1752 3743 1789 τε·

495 1836 656 1883 cutns
689 1843 705 1881 :
761 1844 999 1901 cumque
1029 1839 1087 1885 tu
1117 1845 1226 1885 non
1258 1831 1419 1903 longe
1453 1832 1831 1901 prmtcriisses,
1876 1831 2081 1887 allocu-

497 1929 584 1976 tus
607 1937 728 1977 sum
760 1937 942 1977 meum
969 1922 1233 1989 amicum,
1271 1931 1325 1978 et
1361 1924 1415 1978 in
1448 1939 1518 1979 eo
1547 1940 1657 1980 non
1691 1933 1813 1980 erat
1836 1939 2081 1987 vox,nee

494 2012 736 2083 auditus.
775 2013 880 2069 Sed
929 2029 1053 2086 age,
1080 2015 1280 2086 inquit,
1313 2014 1475 2071 Pater
1495 2057 1510 2083 ,
1536 2016 1744 2073 suscita
1773 2024 2076 2078 mortuum,

490 2113 545 2158 et
573 2120 738 2174 quam
770 2121 799 2160 a
826 2113 877 2161 te
902 2107 1219 2178 accepimus
1252 2109 1516 2174 tunicam,
1548 2125 1669 2164 eam
1702 2110 1908 2181 accipe.
1939 2109 2079 2165 liixit

490 2204 672 2250 autem
711 2194 1053 2267 Epiphanius
1087 2197 1162 2263 ei,
1209 2199 1303 2269 qui
1351 2198 1722 2270 loquebatur:
1763 2197 1946 2263 Vade,
1977 2197 2074 2265 iiii,

488 2296 545 2343 et
568 2288 735 2357 sepeli
773 2302 922 2343 eum.
950 2288 1199 2345 Primum
1232 2291 1379 2347 enim
1412 2299 1497 2347 est
1535 2302 1807 2358 mortuus,
1840 2299 1893 2348 et
1946 2301 2077 2348 tunc

491 2380 595 2453 ipsi
653 2381 859 2451 petiisti
914 2381 1323 2440 indumentum.
1366 2383 1504 2439 Cum
1540 2394 1721 2439 autem
1756 2399 1951 2440 rursus
1984 2401 2076 2440 ve-

490 2474 771 2530 nissemus
799 2472 1131 2541 Caesaream,
1160 2475 1215 2531 in
1238 2474 1478 2549 Cyprum
1509 2476 1905 2548 navigavimus.
1936 2476 2072 2536 Fra-

489 2572 602 2621 tres
637 2578 769 2623 vero
798 2580 903 2623 nos
930 2580 1056 2625 cum
1084 2580 1285 2637 magno
1312 2566 1515 2639 gaudio
1541 2578 1901 2638 exceperunt.

555 2826 765 2884 XLVII.
796 2829 926 2886 Erat
957 2841 1141 2886 autem
1175 2831 1398 2902 quidam
1433 2833 1779 2904 legisperitus
1827 2835 2070 2905 Iudaeus,

488 2922 640 2977 Isaae
665 2924 909 2990 nomine,
937 2925 1022 2979 vir
1056 2924 1199 2994 pius,
1226 2934 1280 2982 et
1312 2926 1404 2998 qui
1454 2937 1709 2984 accurate
1736 2929 1907 3001 legem
1954 2946 2072 2986 ser-

485 3016 651 3071 vabat
675 3016 994 3073 Mosaicam.
1020 3019 1068 3073 ls
1098 3034 1223 3074 cum
1248 3030 1489 3078 sectatus
1510 3031 1657 3078 esset
1680 3022 2067 3092 Epiphanium,

482 3118 538 3166 et
561 3110 835 3165 catechesi
873 3109 1066 3166 fuisset
1116 3111 1421 3178 institutus,
1474 3123 1559 3170 est
1592 3114 1662 3169 ab
1691 3130 1757 3169 eo
1790 3115 2069 3171 illumina-

480 3215 593 3262 tns.
630 3204 1067 3260 Eramnsantcm
1097 3213 1206 3260 tres
1232 3206 1381 3261 domi
1415 3216 1722 3262 manentes.

549 3296 763 3355 XLV'lll
809 3297 1119 3368 Aliquando
1177 3312 1311 3353 vero
1361 3312 1486 3353 eum
1544 3312 1703 3352 soror
1761 3296 1979 3352 Arcadii
2010 3308 2066 3353 et
2148 3340 2157 3350 .

480 3391 705 3448 Honorii
732 3392 1125 3458 imperatorum
1148 3397 1461 3457 mgrotaret,
1477 3398 1627 3445 esset
1639 3398 1822 3446 autem
1853 3390 2065 3455 Romae,

481 3481 653 3537 audiit
677 3482 745 3536 dc
781 3479 1107 3550 Epiphanio,
1161 3480 1308 3549 quod
1337 3478 1484 3535 Deus
1519 3496 1617 3551 per
1662 3496 1789 3536 eum
1846 3493 2067 3538 sanaret

480 3583 737 3647 ingratos.
767 3574 842 3628 Ea
868 3590 1000 3643 ergo
1029 3573 1179 3628 misit
1214 3573 1268 3633 in
1296 3572 1560 3646 Cyprum,
1585 3574 1678 3645 qui
1712 3573 1945 3632 Romam
1965 3577 2062 3632 ad-

473 3669 744 3725 ducerent
790 3666 1174 3738 Epiphanium.
1228 3666 1333 3734 Qui
1391 3675 1573 3723 autem
1630 3669 1786 3725 missi
1824 3671 2059 3741 fuerant,

477 3777 611 3818 cum
650 3761 703 3816 in
744 3761 983 3833 Cyprum
1028 3761 1428 3830 pervenissent,
1460 3762 1825 3818 ostenderunt
1848 3762 2060 3820 litteras

410 3884 414 3889 η
477 3853 806 3925 Epiphanio.
875 3852 1007 3908 Erat
1048 3867 1179 3909 vero
1207 3852 1430 3923 quidam
1488 3854 1710 3924 gentiiis
1746 3856 1830 3910 vir
1882 3855 2056 3922 dives,

476 3947 674 4016 lingua
702 3945 999 4001 admodum
1032 3945 1327 4014 impeditae,
1380 3945 1603 4001 nomine
1646 3945 2056 4003 Faustinianus.

467 4036 525 4093 is
557 4045 853 4107 exceperat
878 4037 1027 4091 viros
1052 4035 1253 4092 missos
1285 4037 1350 4091 ad
1392 4035 1757 4107 Epiphanium
1785 4076 1800 4100 ,
1840 4037 1935 4107 qui
1961 4039 2058 4094 ad-

474 4129 800 4185 versabatur
825 4127 1119 4183 admodum
1174 4128 1273 4183 illi.
1303 4127 1402 4185 liis
1442 4136 1628 4184 autem
1662 4128 1875 4184 dicebat
1907 4128 2054 4185 Fau-

474 4220 783 4277 stinianus:
811 4218 953 4286 Quid
972 4218 1103 4275 huic
1120 4219 1428 4290 impostori,
1448 4228 1706 4291 tanquam
1740 4219 1872 4286 Deo,
1900 4221 2061 4276 adhi-y

2191 1818 2419 1887 θνεῶτα,
2451 1822 2593 1876 κατά
2624 1823 2838 1878 σύνεσιν
2863 1825 3074 1891 ἐκείνου
3124 1823 3482 1898 ἐφθεγξάμην
3532 1828 3649 1892 τοὺς
3677 1826 3749 1880 λό-

2188 1929 2339 1982 γους,
2400 1914 2495 1968 καὶ
2526 1915 2928 1989 άντιπαρῆλθες
2955 1919 3125 1989 ἡμᾶς,
3153 1911 3199 1973 ὧ
3240 1920 3446 1992 Πάτερ,
3497 1920 3557 1975 ού
3612 1919 3746 1983 πολὺ,

2170 2004 2348 2076 ’κάγὼ
2372 2005 2567 2076 λόγους
2594 2007 2833 2081 ἐλάλησα
2859 2009 2997 2083 πρὸς
3025 2010 3157 2081 ἐμὸν
3187 2012 3402 2083 ἑταῖρον
3420 2030 3433 2043 ·
3472 2013 3562 2066 καὶ
3576 2012 3667 2066 οὐκ
3693 2009 3751 2083 ἦν

2193 2099 2365 2170 φωνὴ,
2394 2099 2491 2153 καὶ
2521 2100 2622 2156 ούκ
2640 2096 2709 2174 ἦν
2731 2102 3012 2175 ἀκρόασις.
3044 2102 3207 2156 Ἀλλά
3227 2103 3406 2177 δεῦρο,
3433 2105 3625 2177 Πάτερ,
3641 2104 3751 2160 ἀνά-

2192 2208 2393 2262 στησον
2421 2192 2513 2245 τὸν
2541 2193 2866 2266 τεθνηκότα,
2896 2194 2992 2249 καὶ
3019 2195 3110 2249 τὸν
3141 2194 3370 2265 χιτῶνα,
3393 2195 3453 2250 δν
3477 2196 3753 2266 εἰλήφαμεν

2186 2276 2340 2352 ποτρά
2371 2280 2490 2349 σοῦ,
2522 2281 2675 2338 λάῆε.
2710 2279 2882 2339 Εἶπεν
2909 2285 2965 2339 δὲ
2997 2285 3318 2354 Ἐπιφάνιος
3372 2285 3509 2358 πρὸς
3552 2286 3638 2338 τὸν
3671 2286 3756 2339 λα-

2181 2371 2379 2429 λοῦντα
2402 2393 2415 2405 ο
2453 2372 2715 2441 Ἀπελθε,
2749 2373 2959 2440 τέκνον,
2981 2376 3076 2429 καὶ
3108 2375 3277 2445 θάψον
3299 2375 3492 2431 τοῦτον
3517 2392 3530 2407 ’
3560 2375 3755 2447 πρῶτον

2178 2465 2289 2538 γὰρ
2313 2466 2608 2543 ἀπέθανεν,
2634 2466 2730 2522 καὶ
2756 2468 2875 2522 τότε
2893 2468 3100 2539 ᾔτησας
3113 2468 3203 2521 τὸν
3225 2467 3543 2541 ἐπενδύτην.
3568 2468 3750 2523 Κατε).-

2182 2550 2386 2612 θόντων
2407 2559 2463 2613 δὲ
2499 2558 2657 2631 ἡμῶν
2691 2560 2851 2615 πάλιν
2895 2562 2956 2614 ἐν
3005 2559 3315 2633 Καισαρείᾳ
3348 2560 3755 2631 ἀπεπλεύσαμεν

2179 2648 2239 2701 ἐν
2269 2649 2514 2722 Κύπρῳ,
2563 2651 2659 2705 καὶ
2708 2650 3039 2718 ἀπεδέξαντο
3091 2652 3241 2723 ἡμᾶς
3267 2652 3318 2706 οἱ
3369 2652 3590 2724 ἀδελφοὶ
3631 2651 3751 2725 μετά

2179 2741 2353 2811 χαρᾶς
2390 2742 2655 2813 μεγάλης.

2249 2836 2381 2890 ΜΖ’.
2414 2833 2523 2891 Ἦν
2550 2837 2607 2892 δέ
2640 2856 2722 2902 τις
2745 2840 2968 2910 νομικὸς
2995 2840 3251 2905 Ἰουδαῖος
3268 2883 3284 2907 ,
3306 2840 3499 2897 Ἰσαὰκ
3524 2843 3751 2913 ὀνόματι,

2177 2930 2322 3003 ἀνὴρ
2344 2931 2600 3003 εὐλαϐὴς,
2622 2932 2719 2986 καὶ
2746 2933 3032 3001 φυλάττων
3059 2935 3152 2988 τὸν
3172 2934 3336 3004 νόμον
3359 2934 3453 2988 τὸν
3479 2934 3755 2989 Μωσαῖκὸν

2180 3023 2317 3095 μετά
2365 3021 2673 3094 ἀκριϐείας.
2731 3017 2900 3099 Οὗτος
2953 3023 3382 3096 προσκυλληθεὶς
3441 3025 3752 3095 Ἑπιφανίῳ,

2177 3116 2273 3170 καὶ
2301 3115 2635 3188 κατηχηθεὶς
2669 3114 2762 3170 ὑπ’
2784 3112 2973 3182 αὐτοῦ,
3013 3115 3313 3188 ἐφωτίσθη.
3348 3117 3570 3188 Ἦμεθα
3595 3112 3683 3171 οὖν
3708 3116 3754 3169 oi

2174 3210 2324 3281 τρεῖς
2359 3208 2614 3279 μένοντες
2644 3209 2703 3262 ἐν
2724 3208 2858 3277 οίκῳ
2882 3207 2984 3281 ἐνί.

2243 3299 2381 3351 MH'.
2417 3297 2556 3351 Ποτὲ
2587 3292 2680 3352 οὖν
2706 3300 2740 3369 ἡ
2763 3297 2967 3369 ἀδελφὴ
3014 3298 3304 3370 ’Λρκαδίου
3360 3299 3457 3354 καὶ
3508 3296 3753 3371 ὐνωρίου

2172 3386 2281 3441 τῶν
2310 3386 2573 3457 βασιλέων
2626 3387 2798 3453 πάθος
2856 3383 3191 3459 ἔχουσα(ἦν
3243 3387 3303 3441 δὲ
3355 3387 3499 3460 αὕτη
3534 3390 3626 3444 ἐπὶ
3657 3390 3752 3458 τῆς

2183 3477 2442 3550 Ῥώμης)
2482 3479 2712 3550 ἦκουσεν
2758 3479 2887 3551 περὶ
2931 3479 3254 3549 Ἐπιφανίου
3280 3519 3297 3543 ,
3329 3480 3415 3534 ὅτι
3468 3480 3752 3553 θεραπεύει

2169 3568 2199 3621 ὁ
2229 3566 2361 3631 Θεὸς
2392 3567 2459 3620 δι’
2497 3568 2662 3622 αὐτοῦ
2701 3569 2828 3632 τοὺς
2853 3567 3235 3634 ἀσθενοῦντας.
3280 3568 3431 3641 Αὕτη
3497 3565 3591 3623 οὖν
3649 3570 3753 3624 ἀπ·

2171 3658 2414 3713 έστειλεν
2444 3660 2503 3713 ἐν
2519 3662 2586 3731 τῇ
2607 3659 2896 3730 Κυπρίων,
2919 3661 3147 3731 ἀγαγεῖν
3176 3660 3498 3730 Ἐπιφάνιον
3524 3661 3618 3714 ἐπὶ
3659 3661 3753 3730 τῆς

2181 3748 2419 3822 Ῥώμης.
2446 3748 2568 3804 Τῶν
2607 3749 2666 3803 δὲ
2697 3750 3124 3822 ἀπεσταλμένων
3158 3751 3618 3822 καταντησάντων
3663 3752 3752 3805 ἐπὶ

2166 3833 2402 3908 Κύπρῳ,
2428 3835 2718 3901 ἀπέδειξαν
2741 3836 2809 3892 τὰ
2835 3838 3137 3909 γράμματα
3162 3839 3505 3911 ἐπισκοπείῳ
3531 3843 3630 3912 (α).
3649 3837 3752 3896 ἾΙν

2164 3927 2223 3982 δέ
2253 3945 2338 3993 τις
2364 3928 2507 4001 ἀνὴρ
2539 3928 2739 4001 Ἕλλην
2780 3929 3054 3994 πλούσιος,
3085 3931 3290 4004 σφόδρα
3313 3930 3625 4003 μογιλάλος,
3662 3936 3752 3986 καὶ

2165 4018 2335 4091 ὄνομα
2395 4019 2565 4075 αὐτοῦ
2612 4021 3016 4081 Φαυστινιανός.
3060 4017 3230 4086 Οὗτος
3280 4020 3604 4088 ἐδεξιώσατο
3629 4022 3752 4087 τοὺς

2164 4095 2362 4179 ἄνδρας
2390 4111 2517 4174 τοὺς
2537 4111 2891 4191 πεμφθέντας,
2916 4114 3054 4185 πρὸς
3079 4114 3427 4183 Ἐπιφάνιον·
3460 4111 3531 4188 ἦν
3567 4116 3629 4171 δέ
3661 4117 3753 4172 καὶ

2166 4203 2374 4276 σφόδρα
2423 4203 2801 4276 ἀντικείμενος
2851 4206 3182 4278 Ἐπιφανίῳ.
3227 4206 3453 4271 Τούτοις
3509 4208 3700 4278 ἔλεγεν
3726 4210 3752 4261 ὁ

475 4310 616 4368 hetis
659 4311 940 4366 animum?
987 4311 1204 4385 Frigida
1256 4312 1405 4369 enim
1466 4313 1632 4369 verba
1683 4314 1965 4385 loquitur,
1995 4323 2051 4370 et

2179 4296 2584 4360 θαιδστινιανός·Δ
2639 4295 2726 4363 Tt,
2786 4298 2971 4368 φησὶν,
3018 4297 3336 4369 προσέχετε,
3387 4299 3465 4364 ὡς
3491 4299 3637 4371 Θεῷ,
3678 4300 3753 4374 τῷ

476 4404 611 4460 nihil
645 4405 792 4460 aliud
825 4424 843 4460 ε
868 4414 953 4461 est
981 4413 1162 4461 autem
1195 4407 1451 4476 pessimis
1475 4407 1740 4463 moribus.
1801 4406 2049 4475 Quodam

2179 4387 2419 4464 ιπιθέτῃς
2452 4390 2658 4460 Λόγους
2690 4389 2799 4462 γὰρ
2841 4390 3083 4463 ψυχροὺς
3112 4390 3284 4457 λαλεῖ,
3325 4393 3420 4448 καὶ
3457 4393 3614 4449 οὐδὲν
3638 4396 3754 4451 ἐτε-

472 4511 600 4552 vero
625 4496 713 4551 die
734 4511 859 4552 cum
883 4498 1100 4551 adesset
1123 4495 1486 4567 Epiphanius,
1513 4511 1803 4568 essentque
1830 4498 2057 4569 opiﬁces

2179 4498 2296 4569 >ονο
2325 4482 2587 4547 κάκιστός
2628 4483 2747 4537 ἐστι
2793 4482 2924 4555 περὶ
2955 4485 3082 4547 τοὺς
3107 4483 3322 4553 λόγους.
3375 4486 3468 4541 Ἐν
3528 4491 3634 4560 μιᾷ
3662 4487 3753 4545 οὖν

471 4596 763 4657 operantes
805 4587 863 4641 in
917 4587 1173 4651 ecclesia,
1204 4598 1363 4644 erant
1396 4590 1558 4644 etiam
1614 4590 1726 4645 illic
1775 4589 1899 4658 v‘iri,
1956 4593 2048 4662 qui

471 4676 626 4734 missi
654 4676 893 4741 fuerant,
918 4692 1089 4748 prope
1105 4676 1493 4748 Epiphanium.
1528 4678 1656 4736 Erat
1696 4690 1877 4736 autem
1908 4679 2052 4739 Fau-

468 4768 745 4825 stinianus
779 4783 1003 4839 quoque
1051 4777 1205 4825 stans
1256 4768 1309 4824 in
1360 4786 1428 4827 eo
1480 4770 1616 4826 loco.
1667 4769 1805 4829 Cum
1837 4787 1902 4827 ex
1938 4772 2048 4827 alto

464 4872 597 4931 ergo
633 4859 922 4916 cecidisset
946 4874 1091 4915 unus
1139 4874 1204 4916 ex
1234 4860 1675 4928 aediﬁcatoribus,
1715 4870 1770 4917 et
1819 4863 2047 4918 descen-

463 4950 634 5008 disset
661 4967 828 5022 supra
849 4961 1015 5022 caput
1040 4950 1380 5008 Faustiniani
1412 4976 1425 5009 :
1472 4955 1565 5025 qui
1596 4956 1867 5012 ceciderat
1917 4957 2045 5028 qni-

464 5041 610 5106 dem,
643 5042 780 5097 nihil
807 5042 937 5097 mali
975 5049 1060 5098 εει
1108 5057 1342 5113 passus:
1400 5044 1793 5104 Faustinianus
1818 5063 1947 5103 vero
1989 5050 2042 5104 in

465 5128 660 5186 faciem
729 5132 962 5198 cecidit,
1001 5141 1056 5188 et
1106 5136 1311 5190 mansit
1370 5145 1645 5193 mortuus.
1706 5137 2044 5209 Epiphanius

463 5231 650 5280 autem
681 5224 1127 5295 appropinquans
1157 5224 1537 5292 Faustiniano,
1560 5243 1685 5284 eum
1721 5229 1895 5284 tenuit
1929 5246 2043 5285 ma-

462 5331 557 5383 nu,
593 5311 827 5372 dicens:
866 5313 1061 5390 Surge,
1097 5317 1195 5383 illi,
1249 5320 1303 5373 in
1351 5320 1575 5375 nomine
1610 5320 1851 5386 Domini,
1902 5321 2042 5378 vade

462 5413 632 5463 Sanus
656 5402 713 5461 in
738 5405 963 5462 domum
1004 5418 1175 5463 tuam.
1235 5409 1429 5463 Statim
1463 5418 1646 5467 autem
1697 5412 1957 5476 surrexit,
1987 5422 2042 5468 et

460 5496 559 5555 ivit
596 5496 651 5553 in
685 5494 910 5553 domum
941 5513 1119 5552 suam.
1157 5496 1293 5552 Cum
1324 5506 1507 5554 autem
1561 5500 1862 5558 audivisset
1902 5516 2041 5559 uxor

531 5701 610 5775 ia}
658 5696 814 5772 Legit
844 5698 1115 5773 interpres
1138 5699 1466 5774 Ἐπιφανίῳ.

2160 4568 2343 4642 ἡμέρᾳ
2372 4571 2761 4642 ἐπιστήκοντος
2780 4572 3123 4642 Ἐπιφανίου,
3145 4573 3222 4639 ὡς
3247 4570 3391 4648 ἦσαν
3416 4578 3467 4630 οἱ
3503 4583 3754 4650 τεχνῖται

2156 4661 2512 4734 ἐργαζόμενοι
2545 4664 2638 4719 ἐπὶ
2677 4664 2779 4735 τῆς
2819 4664 3139 4738 ἐκκλησίας,
3172 4661 3313 4740 ἦσαν
3346 4668 3443 4722 καὶ¹
3473 4670 3524 4723 oi
3557 4670 3754 4744 ἄνδρες

2156 4754 2203 4807 οἱ
2227 4754 2631 4827 ἀπεσταλμένοι
2657 4757 2827 4826 ἐγγὺς
2854 4757 3089 4822 ἑστῶτες
3146 4756 3495 4829 Ἐπιφανίου.
3550 4756 3671 4819 Ἦν
3699 4765 3754 4820 δὲ

2153 4845 2250 4899 καὶ
2278 4846 2661 4911 Φαυστινιανὸς
2691 4846 2862 4911 ἑστὼς
2895 4847 2989 4902 ἐπὶ
3014 4847 3109 4902 τοῦ
3148 4850 3339 4906 τόπου.
3378 4846 3478 4916 Εἷς
3510 4847 3609 4905 οὖν
3642 4855 3754 4909 τῶν

2153 4935 2455 5005 οἰκοδόμων⁴
2473 4934 2651 4990 πεσὼν
2671 4936 2781 4991 ἀπὸ
2807 4935 2973 5007 ὕψους
3008 4937 3272 5009 μεγάλου,
3324 4940 3419 4993 καὶ
3448 4940 3753 5012 ἐρχόμενος

2154 5022 2294 5082 κατά
2325 5027 2572 5099 κεφαλῆς
2602 5030 3008 5095 Φαυστινιανοῦ,
3036 5032 3065 5083 ὁ
3103 5032 3202 5103 μὲν
3241 5029 3422 5085 πεσὼν
3466 5032 3626 5087 οὐδὲν
3655 5054 3756 5090 κα-

2152 5118 2244 5172 κὸν
2269 5117 2493 5173 ἔπαθεν·
2527 5122 2556 5172 ὁ
2590 5119 2647 5173 δὲ
2673 5121 3062 5185 Φαυστινιανὺς
3083 5121 3275 5177 ἔπεσεν
3306 5122 3399 5176 ἐπὶ
3423 5123 3752 5196 πρόσωπον,

2150 5210 2244 5265 καὶ
2269 5209 2451 5282 ἔμεινε
2488 5211 2701 5285 νεκρός.
2731 5212 2992 5281 Ἐγγισας
3033 5214 3091 5268 δὲ
3137 5213 3454 5284 Ἐπιφάνιος
3506 5216 3752 5273 Φαυστι·

2147 5301 2331 5373 νιανῷ,
2365 5301 2670 5374 ἐκράτησεν
2699 5302 2861 5357 αὑτὸν
2890 5302 2997 5357 ἀπὸ
3021 5303 3122 5374 τῆς
3150 5303 3332 5377 χειρὸς
3353 5302 3561 5372 λέγων·
3586 5307 3758 5363 Ἀνάο

2149 5411 2272 5458 στα,
2304 5394 2514 5461 τέκνον,
2561 5396 2745 5468 φησὶν,
2775 5396 2834 5449 ἐν
2863 5396 3091 5466 ὀνόματι
3115 5396 3344 5470 Κυρίου,
3395 5398 3491 5452 καὶ
3537 5400 3752 5457 ἄπελθε

2147 5482 2406 5552 ὑγιαίνων
2438 5486 2498 5539 ἐν
2531 5484 2607 5556 τῷ
2639 5485 2718 5558 σῷ
2759 5486 2913 5542 οίκω.
2951 5487 3167 5552 Εὐθέως
3216 5487 3273 5543 δὲ
3298 5488 3500 5564 ἀνέστη
3532 5490 3563 5546 ὁ
3598 5494 3748 5552 Φαυ-
