3866 6066
146 244 227 301 85.
1145 230 1151 235 “
1443 246 1505 303 5.
1547 244 1886 306 EPlPilANil
1929 251 2113 312 VITA.
3320 259 3390 316 83

153 357 437 424 στινιανὸς,
471 358 571 412 καὶ
606 360 874 432 ἐπορεύθη
898 343 977 423 είς
1006 358 1096 412 τὸν
1127 355 1274 414 οἶκον
1298 360 1488 415 αὑτοῦ.
1534 360 1727 439 Ἀκούῖ

1842 364 1946 434 ejus
2003 366 2149 436 quod
2204 364 2408 423 factum
2443 365 2883 439 fueratfaceepit
2922 370 3070 426 mille
3111 375 3391 436 nummos,

157 465 291 503 σασα
313 448 372 502 δὲ
398 451 433 520 ἡ
470 449 667 503 τούτου
698 450 834 522 γυνὴ
859 449 919 503 τὸ
948 450 1189 519 γεγονὸς,
1213 450 1447 505 λαϐοῦσα
1474 451 1623 523 χίλια
1639 434 1727 506 νο)

159 539 409 609 μίσματακ
428 541 811 611 προσήνεγκεν
838 535 1157 613 Ἐπιφανίῳζ
1188 538 1354 597 Εἶπεν
1394 543 1449 596 δὲ
1498 544 1724 611 Ἐπιφά-

158 646 260 694 νιος
285 630 424 700 πρὸς
450 631 555 702 τὴν
587 635 865 701 γυναῖκαί
890 633 1143 697 Ἀπελθε,
1190 634 1399 698 τέκνον,
1441 634 1531 698 δὸς
1582 634 1726 689 αὐτὰ

158 725 262 785 τοῖς
291 722 561 777 κοπιῶσιν
586 724 681 777 ἐπὶ
702 725 800 794 τῆς
820 723 1132 795 ἐκκλησίας,
1173 726 1269 779 καὶ
1293 726 1433 793 ἔξεις
1454 725 1724 798 θησαυρὸν

163 811 302 883 παρὰ
329 812 407 883 τῷ
458 814 723 886 ’Υψίστφ.
759 814 866 869 Καὶ
885 813 1058 880 οὕτως
1093 816 1349 887 ἐποίησεν
1371 819 1407 888 ἡ
1438 819 1608 888 γυνή..

192 906 195 911 ’
224 903 354 959 Μθθ.
407 905 472 957 Οί
506 901 603 961 οὖν
634 904 1029 975 ἀπεσταλμένοι
1074 907 1227 980 παρὰ
1276 908 1385 962 τῶν
1421 908 1681 978 βασιλέων
1706 949 1722 972 ,

164 993 353 1061 ἐπῆγον
380 994 474 1047 τὸν
508 996 829 1063 Ἐπιφάνιον
863 995 959 1049 ἐπὶ
986 996 1047 1049 τὸ
1089 997 1273 1052 πλέειν
1323 998 1419 1051 ἐπὶ
1450 997 1548 1069 τὴν
1586 998 1722 1051 Ῥώ-

170 1102 284 1156 μην.
310 1080 417 1137 Ἦν
438 1084 497 1137 δέ
530 1102 618 1149 τις
656 1085 911 1158 κληρικὸς
943 1087 1051 1141 ἀπὸ
1073 1088 1336 1159 ρητόρων,
1370 1087 1609 1161 τοῦνομα
1633 1089 1724 1142 Φί-

167 1174 279 1243 λων,
302 1174 437 1247 ἀνὴρ
461 1176 634 1241 ὅσιος.
655 1178 826 1249 Χρεία
845 1178 902 1232 δὲ
921 1174 989 1250 ἦν
1013 1179 1105 1232 ἐπὶ
1119 1181 1217 1251 τῆς
1232 1179 1440 1244 πόλεως
1465 1180 1558 1234 τοῦ
1575 1183 1724 1252 Καρ-

169 1265 345 1318 πασίου
376 1266 603 1320 καθίσαι
638 1268 933 1322 ἐπίσκοπον
960 1270 1051 1323 ἐπὶ
1070 1270 1163 1323 τοῦ
1185 1269 1399 1343 θρόνου.
1421 1266 1528 1325 Ἦν
1555 1270 1612 1326 δὲ
1637 1265 1726 1324 οὗ.

166 1371 246 1417 τος
266 1354 531 1420 διάκονος.
572 1357 774 1412 Τοῦτον
791 1354 885 1413 οὖν
912 1360 1022 1415 ἀπὸ
1047 1360 1438 1431 ἀποκαλύψεως
1462 1360 1596 1416 Θεοῦ
1614 1380 1725 1433 χει-

170 1449 355 1519 ροτονεί
381 1447 693 1502 ἐπίσκοπον.
715 1452 743 1502 ὁ
765 1450 1082 1520 Ἐπιφάνιος
1132 1452 1229 1505 ἐπὶ
1271 1452 1366 1513 τοῦ
1412 1451 1603 1524 θρόνου
1627 1453 1729 1525 τῆς

168 1537 371 1603 πόλεως,
418 1538 519 1592 καὶ
552 1539 651 1609 τῆς
694 1539 1016 1610 Ἐκκλησίας
1076 1540 1172 1596 τοῦ
1215 1542 1558 1614 Καρπασίου.
1596 1542 1727 1597 Ὅτε

169 1621 248 1680 οὖν
275 1621 413 1697 εἶχεν
467 1627 792 1696 Ἐπιφάνιος
823 1628 1157 1700 ἐπιδημῆσαι
1213 1630 1308 1684 ἐπὶ
1329 1630 1429 1701 τῆς
1489 1628 1723 1703 Ῥώμης,

1830 466 1886 510 et-
1911 455 2107 513 obtulit
2137 454 2460 528 Epiphanio.
2496 459 2600 527 Qui
2657 461 2705 515 ei
2733 461 2867 517 dixit
2902 477 2914 513 :
2946 459 3110 527 Vade,
3145 461 3274 526 lilia,
3322 463 3390 517 da

1828 564 1928 604 eos
1958 549 2032 606 iis
2058 550 2151 619 qui
2178 550 2427 607 laborant
2447 552 2501 608 in
2532 553 2783 620 ecclesia,
2808 563 2863 608 et
2893 554 3117 609 habebis
3169 554 3395 609 thesau-

1831 654 1948 692 rum
1981 640 2120 709 apud
2153 640 2512 698 Altissimum.
2555 642 2648 700 Sic
2675 654 2855 700 autem
2880 644 3009 702 fecit
3042 644 3260 701 mulier.

1898 901 2085 956 XLIX.
2119 902 2221 970 Qui
2251 918 2376 959 vero
2401 904 2552 960 missi
2591 904 2807 961 fuerant
2842 909 2909 963 ab
2950 909 3387 978 imperatoribus,

1832 995 2094 1064 urgebant
2125 994 2511 1065 Epiphanium,
2546 1005 2605 1050 ut
2643 998 2921 1067 navigaret
2960 996 3208 1053 Romam.
3267 1000 3391 1055 Erat

1830 1095 2010 1140 autem
2043 1086 2261 1155 quidam
2289 1101 2353 1141 ex
2386 1088 2699 1142 oratoribus
2727 1088 2980 1149 clericus.
3014 1086 3170 1143 Philo
3214 1091 3389 1144 nomi-

1831 1192 1919 1243 ne,
1948 1175 2031 1231 vir
2061 1185 2303 1232 sanctus.
2333 1175 2481 1247 Opus
2535 1187 2715 1232 autem
2749 1188 2887 1245 erat,
2931 1168 3232 1239 incivitate
3260 1181 3381 1235 Car-

1830 1263 1965 1334 pasii
1996 1264 2048 1318 in
2078 1265 2204 1321 sede
2231 1266 2497 1321 collocare
2531 1267 2864 1338 episcOpnm.
2922 1269 3158 1340 Eratque
3194 1272 3239 1326 is
3271 1264 3382 1325 diai

1830 1372 2019 1411 conus.
2051 1354 2207 1411 Hunc
2240 1372 2368 1427 ergo
2401 1357 2495 1412 Dei
2530 1359 2855 1414 revelatione
2883 1361 3194 1432 episcopum
3241 1362 3383 1417 ordi-

1831 1456 1923 1502 nat
1954 1446 2288 1517 Epiphanius
2315 1452 2367 1501 in
2398 1450 2524 1505 sede
2548 1450 2786 1505 civitatis
2815 1460 2869 1506 et
2902 1450 3155 1508 Ecclesia:
3183 1452 3381 1523 Carpa—

1831 1539 1917 1594 sii.
1936 1538 2071 1593 Cum
2101 1554 2231 1609 ergo
2254 1549 2396 1594 esset
2412 1540 2636 1595 Romam
2662 1541 3011 1611 profecturus
3032 1542 3382 1615 Epiphanius.

1831 1631 2055 1686 accersit
2080 1632 2234 1702 prius
2261 1631 2465 1687 dictum
2502 1633 2779 1689 Philonem
2809 1636 3121 1705 episcopum
3143 1675 3161 1700 ,
3191 1637 3390 1707 datque

173 1719 577 1786 μεταστέλλεται
596 1720 690 1774 τὸν
712 1720 1107 1792 προειρημένον
1137 1721 1346 1775 Φίλωνα
1379 1712 1468 1776 τὸν
1512 1720 1731 1775 ἐπίσκο-

1842 1722 1880 1778 zi
1914 1723 2292 1780 auctoritatem
2338 1722 2592 1780 Ecclesiae
2633 1724 2985 1787 Constantiana,
3042 1732 3103 1780 ut
3152 1725 3197 1781 si
3233 1724 3389 1780 fuerit

172 1826 276 1874 των,
306 1811 397 1867 καὶ
424 1811 586 1881 αὐτῷ
612 1811 932 1867 ἀποδίδωσιν
954 1811 1055 1883 τὴν
1079 1811 1365 1866 αὐθεντίαν
1383 1813 1483 1884 τῆς
1505 1813 1730 1885 Ἐκχλητ

172 1901 273 1964 σίας
293 1904 387 1973 τῆς
427 1904 824 1969 Κωνσταντίας
846 1943 863 1968 ,
895 1904 1045 1967 ὅπως
1067 1903 1133 1958 ἂν
1157 1903 1315 1976 χρεία
1346 1906 1572 1975 γένηται
1599 1906 1729 1975 κλη-

173 1992 336 2063 ρικῶν,
372 1993 546 2057 αὐτὸς
584 1995 970 2065 χειροτονήσει.
996 1993 1191 2049 Λαϐὼν
1218 1991 1312 2050 οὖν
1355 1998 1392 2049 ὁ.
1412 1996 1728 2065 Ἐπιφάνιος

173 2083 291 2152 ἐμὲ,
343 2084 436 2138 καὶ
468 2082 703 2148 Ἰσαὰκ,
751 2084 1176 2156 ἀπεπλεύσαμεν
1228 2088 1309 2151 είς
1354 2086 1451 2157 τὴν
1488 2087 1723 2158 Ῥώμην.

173 2172 515 2228 Εἰσελθόντων
550 2173 607 2227 δὲ
655 2174 814 2245 ἡμῶν
849 2176 909 2227 ὲν
960 2178 1026 2246 τῇ
1060 2175 1232 2239 πόλει,
1288 2173 1357 2248 ἦν
1388 2176 1581 2243 πένθος
1635 2179 1731 2232 καὶ

172 2267 374 2331 κοπετὸς
405 2268 588 2339 μέγας
614 2269 672 2321 ἐν
700 2267 777 2339 τῷ
805 2268 1038 2340 ταμιείῳ
1066 2268 1143 2341 τῷ
1182 2270 1460 2341 βασιλικῷ.
1488 2271 1597 2340 Τῆς
1623 2270 1730 2343 γάρ

172 2357 382 2429 ἀδελφῆς
399 2359 517 2413 τῶν
536 2359 799 2429 βασιλέων
826 2362 1112 2432 Ἀρκαδίου
1134 2363 1232 2416 καὶ
1267 2362 1528 2432 Ὀνωρίου
1559 2361 1729 2426 πάθος

171 2448 373 2521 ἐχούσης
400 2451 502 2504 ἐπὶ
538 2450 635 2521 τὴν
660 2450 838 2516 δεξιὰν
867 2454 1053 2523 χεῖρα,
1112 2452 1281 2506 πολλὰ
1332 2454 1654 2522 ποιήσαντες
1679 2454 1730 2506 oi

173 2533 331 2612 ίατροὶ
355 2541 510 2595 οὐδὲν
533 2541 825 2611 ὠιεέλησαν
852 2541 1074 2612 ταύτην.
1109 2538 1218 2595 Ἦν
1245 2544 1301 2596 δὲ
1332 2543 1516 2598 λοιπὸν
1561 2544 1731 2609 πάθος

173 2631 723 2701 κατανεμόμενονοτὰς
758 2632 964 2703 σάρκας
992 2634 1184 2705 αὐτῆς.
1232 2634 1363 2688 Ἀπὸ
1396 2634 1592 2705 πολλῆς
1639 2631 1731 2689 οὖν

176 2716 378 2787 θλίψεως
433 2718 646 2789 ἐπῆγεν
669 2720 797 2784 τοὺς
846 2720 1104 2790 βασιλεῖς,
1132 2721 1275 2791 λέγω
1333 2722 1395 2794 δὴ
1455 2723 1733 2795 ’Δρκάδιον

176 2809 254 2861 καὶ
287 2809 743 2881 ’ονώριον,,ὃπως
771 2812 1135 2884 ἐπιτρέψωσιν
1156 2812 1325 2884 ἰατρῷ
1359 2814 1538 2869 δοῦναι
1566 2816 1734 2887 δηλη-

176 2900 336 2968 τήριον
363 2900 533 2971 αὐτῇ,
593 2900 742 2965 ὅπως
768 2900 859 2955 διὰ
901 2902 1169 2973 συντόμου
1220 2905 1466 2977 παρέλθῃ
1498 2907 1587 2961 τὸν
1620 2907 1731 2978 βίον

173 2988 355 3046 τοῦτον.
396 2991 479 3045 Οἱ,
514 2986 610 3045 οὖν
663 2992 1044 3062 ἀπαγαγόντες
1078 2996 1223 3065 ἡμᾶς
1256 2996 1350 3049 ἐπὶ
1377 2996 1475 3068 τὴν
1510 2998 1728 3069 Ῥώμην

176 3081 424 3153 εἰσῆλθον,
467 3085 565 3138 καὶ
597 3084 941 3156 ἀπήγγειλαν
964 3088 1075 3149 τοῖς
1107 3085 1437 3157 βασιλεῦσιν.
1486 3089 1648 3142 Αὐτοὶ
1675 3090 1732 3145 δὲ

178 3175 546 3246 ἐπιτρέπουσιν
568 3177 801 3233 είσιέναι
830 3176 922 3231 τὸν
959 3178 1292 3248 Ἐπιφάνιον.
1335 3180 1392 3235 '0
1415 3180 1481 3237 δὲ,
1508 3181 1737 3251 Ἐπιφά-

178 3284 289 3332 νιος,
314 3268 388 3332 ὡς
417 3269 503 3341 μὴ
521 3268 784 3333 τοιούτοις
801 3268 1106 3343 ἀνθρώποις
1136 3270 1537 3342 συντυγχάνων,
1565 3272 1735 3336 οὕτως

178 3357 412 3428 ἀτρόμως
438 3355 578 3413 εἰσιν
624 3360 682 3412 ἐν
730 3357 806 3430 τῷ
866 3357 1095 3430 ταμιείῳ
1137 3357 1215 3429 τῷ
1254 3358 1549 3429 βασιλικῷ,
1586 3359 1736 3428 ἐγγί-

183 3462 264 3509 σας
287 3448 341 3502 δὲ
370 3451 486 3514 τοῖς
517 3448 847 3519 βασιλεῦσιν.
876 3445 985 3502 Ἦν
1023 3449 1081 3503 δὲ
1115 3450 1273 3521 καὶὴ
1295 3448 1499 3521 ἀδελφὴ
1535 3448 1738 3503 τούτων

182 3541 536 3611 κατακειμένη
562 3541 659 3600 ἐπὶ
687 3541 785 3611 τῆς
813 3539 1021 3611 κλίνης.

237 3631 313 3687 N’.
352 3632 477 3685 Τῶν
501 3630 559 3685 δὲ
594 3630 857 3702 βασιλέων
896 3631 1110 3685 ἰδόντων
1158 3631 1248 3684 τὸν
1291 3631 1626 3701 Ἐπιφάνιον,
1653 3632 1738 3685 άν-

184 3720 396 3791 έπησαν
430 3722 635 3787 εὐθέως
658 3722 770 3777 ἀπὸ
806 3721 913 3777 τῶν
948 3722 1172 3794 θρόνων.
1202 3717 1369 3776 Εἶπεν
1415 3723 1477 3777 δὲ
1508 3723 1729 3793 Ἐπιφά-

186 3830 281 3877 vro;
303 3817 412 3879 τοῖς
442 3814 780 3885 βασιλεῦσιν·
807 3814 1021 3887 Ταύτην
1043 3815 1141 3887 τὴν
1166 3814 1331 3886 τιμὴν
1348 3814 1534 3875 δίδοτε,
1553 3815 1738 3879 τέκνα,

189 3903 255 3973 τῷ
285 3906 568 3979 εὐεργέτῃ,
608 3907 701 3960 καὶ
730 3905 927 3977 ὄψεσθε
954 3891 1052 3978 τὴν
1078 3906 1313 3976 ἀδελφὴν
1344 3906 1372 3959 ὑ
1382 3904 1497 3976 μῶν
1524 3907 1582 3959 ὲν
1614 3905 1744 3960 καλ-

186 3994 322 4067 λίστῃ
369 3996 556 4067 ὑγεία·
600 3998 675 4069 μὴ
712 3997 1024 4060 πεποίθετε,
1054 3996 1240 4063 τέκνα,
1275 3998 1368 4050 ἐπὶ
1408 3997 1508 4068 τὴν
1552 3997 1744 4051 αὐθεν-

1831 1829 1968 1883 opus
2000 1814 2210 1870 clericis
2234 1853 2248 1878 ,
2309 1813 2424 1884 ipse
2453 1815 2748 1870 ordinaret.
2788 1816 3011 1885 Accepit
3039 1825 3217 1869 autem
3273 1815 3386 1886 Epi-

1830 1906 2062 1975 phanius
2109 1921 2194 1961 me
2263 1915 2317 1963 et
2367 1905 2538 1971 lsaac,
2604 1914 2660 1961 et
2713 1907 2941 1961 Romam
2998 1906 3388 1978 navigavimus.

1828 1994 1958 2050 Erat
1983 2011 2113 2051 vero
2145 2010 2374 2065 magnus
2413 1995 2595 2051 luctus
2621 2004 2674 2049 et
2700 1996 2950 2065 planctus
2980 1994 3032 2050 in
3062 1995 3187 2049 aula
3227 1995 3392 2067 regia.

1829 2086 1966 2142 Cum
2020 2088 2163 2142 enim
2208 2103 2367 2143 soror
2421 2087 2809 2157 imperatorum
2846 2087 3061 2143 Arcalii
3084 2095 3136 2142 et
3171 2086 3392 2142 Honorii

1830 2176 2101 2251 laboraret
2136 2175 2187 2230 in
2219 2191 2381 2230 manu
2414 2177 2657 2240 dextera,
2694 2177 2861 2231 multa
2905 2176 3147 2232 fecerant
3179 2177 3390 2241 medici,

1831 2280 1932 2321 nec
1957 2266 2015 2321 ci-
2038 2266 2334 2336 quidquam
2361 2265 2698 2336 profuerant.
2730 2266 2952 2322 Morbus
2990 2278 3169 2322 autem
3190 2268 3301 2337 jam
3331 2270 3395 2322 de

1831 2364 2025 2410 caetero
2052 2356 2508 2427 depascebatejus
2531 2372 2741 2412 carnes.
2766 2355 2881 2412 Przc
2909 2358 3078 2412 multa
3110 2373 3234 2414 vero
3263 2357 3394 2412 allii-

1831 2447 2010 2501 ctione
2036 2445 2270 2500 instabat
2291 2445 2738 2515 imperatoribus,
2768 2447 3021 2512 Arcadio,
3055 2449 3274 2519 inquam
3297 2489 3311 2513 ,
3343 2458 3394 2504 et

1832 2536 2094 2601 Honorio,
2118 2549 2174 2594 ut
2205 2539 2583 2609 permitterent
2618 2541 2831 2597 medico
2872 2540 2919 2596 ei
2950 2542 3079 2597 dare
3106 2556 3395 2604 venenum,

1834 2636 1892 2709 ut
1914 2627 2145 2683 breviter
2175 2630 2341 2683 vitam
2368 2629 2565 2686 (iniret.
2601 2630 2703 2699 Qui
2731 2647 2859 2709 ergo
2891 2647 2990 2695 nos
3025 2631 3252 2687 Romam
3300 2633 3395 2689 dc-

1832 2717 2116 2782 dnxcrant,
2149 2721 2377 2790 ingressi
2403 2732 2551 2787 sunt,
2575 2733 2630 2776 et
2660 2722 3039 2777 renuntiarunt
3062 2722 3393 2793 imperatori-

1833 2809 1955 2863 hus.
1987 2808 2091 2877 Ipsi
2134 2819 2314 2865 autem
2338 2810 2555 2880 jubent,
2585 2820 2642 2866 ut
2671 2811 3005 2882 ingrediatur
3039 2812 3399 2883 Epiphanius.

1833 2896 2000 2953 Nobis
2027 2914 2154 2954 vero
2178 2900 2231 2953 in
2260 2901 2441 2955 aulam
2474 2902 2678 2972 regiam
2704 2901 3056 2970 intrantibus,
3083 2918 3274 2958 omnes
3306 2902 3397 2973 qui

1833 2988 2063 3044 aderant-
2104 2990 2411 3045 salutarunt
2450 2990 2826 3062 Epiphanium.
2896 2993 2999 3061 Qui
3050 2993 3276 3063 perinde
3339 3009 3403 3049 ac

1836 3082 1880 3136 si
1909 3096 2014 3135 non
2049 3083 2182 3137 tales
2217 3082 2535 3138 conveniret
2574 3084 2844 3150 homines,
2894 3084 3157 3156 intrepide
3198 3086 3404 3157 ingres-

1835 3188 1930 3227 sns
1952 3180 2037 3228 est
2064 3172 2117 3226 in
2153 3173 2333 3228 aulam
2376 3174 2598 3245 regiam,
2634 3184 2687 3229 et
2737 3176 3189 3248 appropinquavit
3236 3177 3405 3247 impe-

1838 3262 2130 3320 ratoribus.
2164 3261 2292 3320 Erat
2320 3271 2499 3321 autem
2537 3280 2725 3320 eorum
2773 3280 2930 3321 soror
2984 3265 3043 3335 in.
3085 3265 3222 3320 lecto
3249 3280 3403 3319 recu-

1838 3353 1997 3410 bans.

1912 3625 1971 3680 L.
2031 3625 2168 3681 Cum
2197 3642 2323 3682 vero
2347 3626 2705 3697 imperatores
2737 3628 2999 3685 vidissent
3023 3627 3408 3701 Epiphanium,

1839 3727 1899 3772 et
1924 3718 2174 3787 protinus
2221 3734 2250 3773 e
2278 3720 2498 3773 sedibus
2528 3720 2576 3774 ei
2605 3720 3057 3786 assurrexissent,
3100 3722 3238 3777 dixit
3279 3714 3411 3791 Ερίἑ

1842 3809 2078 3879 phanius
2121 3810 2544 3880 imperatoribus
2579 3829 2593 3864 :
2630 3809 2788 3866 Hune
2832 3813 3116 3876 honorem,
3153 3813 3351 3882 inquit,
3380 3828 3412 3868 ο

1844 3902 1963 3966 lilii,
1997 3901 2126 3957 date
2152 3900 2484 3957 benefactori
2514 3900 2645 3965 Deo,
2687 3910 2741 3956 et
2776 3901 3025 3956 videbitis
3052 3917 3294 3957 sororem
3321 3919 3406 3957 ve-

1845 4004 2013 4049 stram
2062 3993 2116 4048 in
2173 3993 2375 4064 optima
2411 3993 2663 4049 sanitate.
2696 3991 2774 4048 Ne
2822 3992 3130 4060 conﬁdatis,
3182 3992 3306 4057 ﬁlii,
3359 3994 3411 4048 in

190 4087 311 4150 τίαν,
324 4090 416 4144 καὶ
429 4089 619 4143 ἔσεσθε
640 4088 1032 4159 φυλαττόμενοι
1049 4089 1158 4143 ἀπὸ
1174 4089 1401 4161 Κυρίου.
1419 4089 1542 4142 Ἐπὶ
1557 4088 1613 4142 δὲ
1634 4093 1734 4153 τοῖς

1848 4086 2149 4157 majestate,
2201 4094 2255 4141 et
2281 4085 2734 4155 conserv'abiniini
2775 4102 2804 4140 a
2846 4083 3098 4141 Domino.
3145 4086 3413 4152 Quoniam

191 4176 349 4247 λόγοις
390 4179 706 4248 Ἑπιφανίου
740 4177 1016 4244 ὲδίσταζον
1057 4178 1153 4232 καὶ
1189 4180 1544 4250 ἐταράττοντο
1575 4179 1624 4231 οἶ
1652 4177 1734 4249 βα-

1848 4186 2027 4232 autem
2054 4187 2276 4249 propter
2305 4178 2467 4233 verba
2518 4176 2804 4248 Epiphanii
2834 4177 3159 4232 dubitabant
3187 4186 3241 4233 et
3287 4193 3417 4232 con-

195 4268 356 4333 σιλείς.
386 4265 554 4323 Εἶπεν
586 4269 644 4325 δὲ
684 4269 995 4339 Ἐπιφάνιος
1027 4271 1138 4333 τοῖς
1183 4268 1493 4340 βασιλεῦσιν
1514 4286 1526 4299 ·
1562 4270 1628 4322 Τί
1672 4268 1734 4323 δι

1850 4269 2211 4324 turbabantur
2262 4269 2638 4340 imperatores,
2690 4268 2827 4323 dixit
2876 4267 2983 4323 illis
3037 4267 3415 4340 Epiphanius:

196 4361 415 4426 στάζετε,
442 4362 630 4427 τέκνα,
659 4361 753 4415 ἐπὶ
787 4364 900 4425 τοῖς
927 4360 1309 4432 λαλουμένοις;
1346 4360 1579 4431 ὐψεσθε
1609 4360 1734 4415 Θεοί

1850 4360 1988 4426 Quid
2030 4360 2311 4423 dubitatis,
2375 4360 2493 4426 lilii,
2545 4359 2611 4416 de
2670 4360 2736 4417 iis
2782 4377 2901 4433 quae
2948 4360 3114 4416 dico?
3158 4358 3419 4417 Videbitis

193 4450 335 4521 χάριν
380 4454 467 4509 διὰ
516 4452 641 4507 τῶν.»
672 4452 1037 4524 λαλουμένων.
1054 4451 1307 4521 Ἐγγίσας
1337 4451 1392 4506 δὲ
1430 4452 1734 4535 Ἐπιςράνιοί

1854 4451 1949 4507 Dei
1985 4451 2211 4521 gratiam
2248 4467 2343 4522 per
2368 4466 2431 4506 ea
2456 4450 2878 4521 qumdieuntur.
2919 4452 3053 4507 Cum
3086 4462 3266 4506 autem
3290 4450 3413 4520 Epi-

196 4544 279 4597 ἐπὶ
316 4545 410 4616 τῆς
453 4545 663 4617 κλίνης,
693 4544 820 4599 ἔνθα
847 4544 1128 4598 κατέκειτο
1158 4546 1192 4617 ἡ
1222 4544 1427 4618 ἀδελφὴ
1455 4543 1562 4599 τῶν
1593 4543 1747 4615 βασι-

194 4631 330 4695 λέων,
358 4631 508 4688 εἶπεν
541 4635 677 4708 πρὸς
719 4634 888 4706 αὐτὴν
921 4634 1138 4705 εὐμενεῖ
1178 4634 1257 4706 τῷ
1300 4633 1576 4711 προσώπῳ
1597 4651 1619 4666 ’π
1647 4633 1747 4706 ,Μὴ

199 4717 410 4787 ὁίσταζι,
442 4723 652 4789 τέκνον,
684 4724 780 4777 ἐπὶ
804 4722 886 4799 τῷ.
916 4722 1111 4778 πάθει·
1138 4722 1229 4795 ἔχε
1272 4724 1372 4787 τὰς
1401 4723 1623 4787 ἐλπίδας
1656 4724 1748 4777 ἐπὶ

202 4808 315 4865 Θεὸν
341 4812 532 4879 ζῶντα,
558 4815 655 4872 καὶ
681 4813 787 4887 ὄψῃ
813 4814 911 4885 τὴν
940 4815 1153 4886 ὑγίειαν
1180 4818 1246 4887 τῇ
1274 4814 1394 4886 ὥρᾳ
1419 4814 1623 4889 ταύτῃέ
1660 4813 1749 4866 πί-

209 4917 401 4959 στευσον
431 4906 508 4977 τῷ
539 4905 653 4978 Υίῷ
684 4906 777 4961 τοῦ
805 4906 939 4961 Θεοῦ
971 4908 1049 4980 τῷ
1077 4907 1496 4979 ὲσταυρωμένῳ,
1526 4908 1619 4961 καὶ
1653 4907 1748 4979 ἔσῃ

210 4997 551 5066 περιπατοῦσα
579 4999 639 5051 ὲν
664 5002 731 5070 τῇ
761 4998 882 5071 ὥρᾳ
909 4999 1100 5072 ταύτῃ.
1138 5000 1440 5064 Πέπαυται,
1468 5000 1622 5070 φησὶ,
1660 5000 1751 5057 τέτ

212 5099 333 5150 κνον,
359 5088 387 5140 ό
409 5088 566 5153 πόνος
602 5087 696 5143 τοῦ
725 5088 975 5162 σώματος
1009 5107 1123 5146 σου.
1154 5088 1354 5157 Δόξαζε
1388 5090 1519 5144 Θεὸν
1559 5091 1648 5148 τὸν
1676 5092 1753 5146 δι-

214 5170 344 5229 ἰόντα
364 5177 457 5250 τὴν
485 5179 649 5251 χάριν
666 5197 680 5210 ·
716 5178 807 5249 ἔχε
833 5179 1019 5234 τοῦτον
1051 5181 1191 5234 κατά
1216 5180 1338 5235 νοῦν
1372 5180 1752 5246 ἀδιαλείπτως,

215 5264 291 5316 ul
312 5266 451 5323 ἔσται
495 5287 576 5325 σοι
623 5273 802 5341 τεῖχος
834 5271 924 5325 τὸν
956 5271 1169 5329 ἅπαντα
1210 5271 1421 5344 χρόνον.
1457 5272 1643 5328 Ταῦτα
1679 5275 1756 5326 εἱ-

216 5354 311 5409 πὼν
348 5361 654 5430 Ἐπιφάνιος
700 5363 1003 5435 ἐκράτησεν
1047 5364 1145 5435 τῆς
1198 5364 1378 5436 χειρὸς
1424 5364 1615 5434 αὐτῆς,
1664 5366 1756 5423 καὶ

1853 4546 2088 4616 pbanius
2114 4544 2606 4627 appropinquasset
2626 4545 2787 4612 lectu,
2810 4547 2864 4600 in
2891 4561 3000 4616 quo
3017 4545 3234 4616 jacebat
3263 4562 3424 4603 soror

1856 4638 2269 4706 imperatorum,
2291 4635 2431 4693 dixit
2455 4635 2505 4692 ei
2553 4636 2701 4692 vultu
2738 4636 2845 4691 leni
2885 4647 2938 4692 et
2966 4635 3219 4709 placido:
3253 4633 3329 4691 Ne
3358 4636 3425 4690 de

1856 4725 2044 4780 morbo
2083 4724 2318 4789 dubites.
2357 4740 2390 4780 0
2422 4725 2567 4779 lilia:
2608 4740 2768 4799 spera
2816 4727 2870 4783 iu
2913 4727 3075 4779 Ileum
3116 4726 3323 4792 vivum,
3373 4732 3426 4778 et

1859 4817 1959 4870 hac
2000 4816 2134 4871 hora
2184 4816 2392 4872 videbis
2441 4817 2749 4872 sanitatem.
2787 4816 2958 4889 Crede
2988 4816 3129 4872 Filio
3175 4816 3291 4881 Dei,
3331 4818 3423 4886 qui

1840 4908 2298 4973 l’uiteruciﬁxus,
2334 4918 2387 4962 et
2435 4908 2617 4971 statim
2661 4909 2988 4973 ambulabis.
3034 4908 3300 4971 Cessavit,
3347 4908 3429 4961 in-

1859 4998 1999 5069 quit,
2041 5013 2073 5053 ο
2106 4998 2237 5062 lilia,
2281 4998 2434 5052 dolor
2470 4998 2546 5053 tui
2582 4998 2913 5067 corpusculi.
2966 4994 3149 5052 Redde
3199 4997 3426 5067 gloriam

1860 5089 2121 5161 Deo,qui
2162 5090 2253 5144 dat
2283 5089 2547 5160 gratiam;
2577 5106 2701 5144 eum
2747 5089 2888 5158 habe
2932 5095 3191 5159 perpetuo
3229 5088 3281 5141 in
3316 5102 3429 5169 me-

1863 5180 2056 5249 meria,
2083 5191 2138 5236 et
2162 5182 2265 5239 crit
2294 5181 2388 5238 tibi
2420 5197 2615 5237 murus
2649 5180 2799 5243 omni
2853 5172 3110 5251 tempore.
3144 5178 3280 5233 Cum
3316 5178 3431 5233 haec

1860 5281 2066 5345 diceret
2116 5275 2477 5346 Epiphanius,
2520 5274 2692 5330 tenuit
2726 5290 2947 5341 manuni
2983 5272 3328 5341 mulierculm,
3377 5280 3432 5333 et

1861 5385 1980 5425 eam
2024 5377 2104 5423 ter
2154 5367 2409 5439 signavit,
2453 5376 2502 5421 et
2547 5366 2694 5421 illico
2752 5366 2927 5427 levata
2985 5374 3068 5419 est
3129 5364 3425 5419 doloribus.

214 5450 490 5516 σφραγίσας
514 5453 687 5525 αὐτὴν
713 5452 915 5525 τρίτον,
942 5452 1139 5518 εὐθέως
1164 5454 1458 5526 ἐκουφίσθη
1509 5455 1618 5509 τῶν
1661 5457 1734 5511 πό

1865 5460 2001 5513 Cum
2052 5466 2232 5513 autem
2285 5456 2551 5512 vidissent
2605 5456 2985 5533 imperatores,
3036 5455 3179 5525 quod
3229 5453 3437 5509 fecerat

216 5550 321 5589 νων.
337 5538 545 5608 Ἰδόντες
589 5543 645 5597 δὲ
692 5544 743 5598 οἱ
788 5542 1044 5613 βασιλεῖς,
1077 5544 1105 5598 ὃ
1137 5545 1388 5617 ἐποίησεν
1425 5546 1754 5613 Ἐπιφάνιος,

1869 5547 2227 5620 Epiphanius,
2278 5546 2596 5609 inclinatum
2639 5555 2851 5615 cst.cor
2888 5560 3100 5609 eorum,
3153 5552 3213 5598 ut
3253 5543 3432 5611 ipsum

219 5630 516 5705 προσεκλίθη
560 5636 597 5705 ἡ
638 5632 788 5706 ψυχὴ
831 5633 1009 5688 αὐτῶν
1061 5637 1153 5691 τοῦ
1208 5639 1425 5709 ἀγαπᾷν
1456 5637 1635 5703 αὐτὸν,
1665 5656 1734 5694 κα

1867 5640 2171 5712 diligerent,
2218 5638 2611 5713 audirentque,
2647 5648 2700 5705 ct
2744 5639 3025 5696 crederent
3068 5636 3134 5690 iis
3179 5633 3430 5691 omnibus
