3972 6070
568 235 635 293 31
1858 238 1916 295 Β.
1954 238 2297 301 EPlPﬂANll
2338 243 2516 304 Vl'l'A.
3730 270 3792 327 93

567 368 689 425 quae
721 353 791 408 ab
820 352 939 423 ipso
970 352 1311 409 dicebantur.
1343 352 1733 425 Rogaruntque
1752 352 2124 426 Epiphanium.

2243 361 2481 429 ἀκούειν,
2513 366 2605 419 καὶ
2638 368 2915 424 πιστεύειν
2949 373 3076 427 πᾶσι
3101 377 3206 443 τοῖς
3230 377 3579 451 λαλουμένοις
3601 383 3687 438 ὑπ’
3706 386 3791 441 a6-

569 453 628 499 ut
680 442 868 500 Romae
898 459 1023 499 cum
1059 445 1140 500 eis
1191 456 1523 510 versaretur,
1561 456 1615 501 et
1657 457 1803 502 esset
1847 449 1927 504 eis
1966 449 2019 503 in
2045 465 2124 520 pa-

2241 454 2335 508 τοῦ
2355 471 2371 487 ο
2400 457 2492 511 καὶ
2518 460 2858 530 παρεκάλουν
2880 463 3061 529 αὑτὸν,
3084 442 3226 521 ὥστε
3244 442 3479 526 συνεῖναι
3511 442 3689 540 αύτοτς
3710 478 3793 531 ἐπὶ

572 546 731 589 trem.
780 534 1113 605 Epiphanius
1156 546 1335 592 autem
1385 546 1556 593 totum
1600 536 1743 593 diem
1787 538 2124 610 imperatores

2238 543 2338 636 τῇς
2381 543 2617 636 Ἰξὼμης,
2653 550 2747 602 καὶ
2792 553 3033 620 γίνεσθαι
3076 557 3238 612 αὑτὸν
3268 562 3347 625 είς
3384 534 3722 636 πατέραῖἱξν
3745 567 3793 621 δὲ

566 625 796 681 docebat
825 626 1061 681 assidue.

2252 633 2563 727 'E-‘lﬂQthOC
2590 639 2779 692 πᾶσαν
2795 642 3010 715 ἡμέραν
3046 645 3311 707 διδάσκων
3338 625 3543 717 αὐτοὺς
3564 654 3655 709 καὶ
3679 672 3793 727 στη-

2243 722 2424 792 9!va.

2309 817 2437 907 lfIA'.
2480 819 2614 875 Ποπτέ
2646 820 2777 889 γοῦν
2818 822 2943 877 υἱὸν.
2963 824 3159 896 ῑχουσα
3193 831 3225 901 ἡ
3258 830 3457 905 ἀδελφὴ
3485 834 3660 889 αὐτῶν
3685 837 3716 907 ὴ
3742 835 3796 889 τὸ

2243 904 2415 971 πάθος
2456 908 2739 978 ἐσχηκυῖα,
2774 911 2874 971 καὶ
2902 912 3297 984 θεραπευθεῖσα
3322 921 3425 975 ὑπὸ
3450 904 3793 993 νἙπιφανίου,

2237 994 2424 1088 ἐτυχεν
2471 998 2657 1053 τοῦτον
2692 1000 2765 1073 μὴ
2810 1004 3247 1078 ἀρῤωστήσανταη
3281 1012 3569 1083 εὐρεθῆναι
3618 1018 3802 1088 νεκρὸν

2237 1086 2329 1179 ἐπὶ
2351 1088 2450 1159 τῆς
2484 1089 2704 1162 κλίνης·
2738 1094 2879 1148 ὥστε
2910 1099 3161 1165 γενέσθαι
3211 1102 3353 1172 μέγα
3397 1105 3597 1170 πένθος
3628 1109 3687 1160 ἐν
3715 1086 3803 1179 τῷ

2238 1178 2517 1252 βασιλικῷ.
2568 1179 2736 1238 Εἶπον
2778 1187 2835 1240 δὲ
2878 1190 2933 1241 οίΔ
2974 1189 3214 1259 βασιλεῖς
3260 1196 3397 1266 πρὸς
3450 1178 3797 1267 ἐποφιὶνιον⁵

637 823 723 880 LI.
782 824 1091 893 Aliquando
1116 839 1242 881 cum
1278 825 1450 881 tilium
1491 825 1708 885 haberet
1739 839 1897 880 soror
1923 839 2137 891 eorum,

563 933 684 988 qua:
718 917 1011 980 Iaborarat,
1058 926 1112 974 et
1138 925 1328 972 curata
1367 914 1544 972 fuerat
1584 916 1653 975 ab
1696 914 2017 987 Epiphanio,
2047 932 2136 973 ac-

563 1011 695 1065 cidit
727 1018 786 1063 ut
827 1025 949 1063 cum
985 1010 1031 1065 is
1085 1019 1425 1081 aegrotasset,
1480 1018 1730 1064 mortuus
1776 1009 1829 1063 in
1886 1010 2024 1064 lecto
2066 1010 2135 1066 sit

563 1112 831 1172 repertus.
871 1100 996 1159 Fuit
1026 1117 1254 1170 magnus
1282 1103 1463 1159 luctus
1492 1101 1545 1156 in
1570 1101 1700 1161 aula
1720 1100 2130 1172 imperatorum.

562 1193 868 1265 Epiphanio
898 1204 1080 1253 autem
1125 1196 1384 1256 dixerunt
1425 1194 1821 1264 imperatores:
1866 1192 1996 1259 Ora,
2033 1191 2134 1247 Pa-

563 1297 665 1350 ter,
708 1302 807 1356 pro
845 1284 1072 1350 infante,
1134 1294 1194 1341 ut
1251 1302 1375 1342 eum
1448 1285 1643 1343 reddas
1692 1300 1895 1347 sanum
1948 1285 2124 1340 matri.

2240 1269 2559 1343 Πρόσευξαι,
2606 1276 2809 1347 Πάτερ,
2868 1280 3009 1353 ὑπὲρ
3049 1283 3142 1335 τοῦ
3189 1286 3422 1351 παιδίου,
3460 1290 3608 1353 ὅπως
3647 1291 3800 1345 τοῦτο

562 1376 708 1428 Dixit
737 1374 1072 1445 Epiphanius
1098 1392 1117 1434 :_
1144 1374 1400 1439 Creditis,
1430 1374 1563 1439 ﬁlii,
1595 1390 1683 1430 me
1725 1373 1829 1436 hoc
1858 1389 2020 1445 posse
2059 1372 2124 1429 fa~

2232 1360 2444 1433 ἀποδῷς
2468 1360 2644 1426 ζῶντα
2668 1368 2733 1437 τῇ
2764 1370 2931 1440 μητρὶ
2951 1372 3135 1425 αὑτοῦ.
3172 1371 3335 1428 Εἶπεν
3363 1376 3419 1429 δὲ
3453 1379 3763 1449 Ἐπιφάνιος
3787 1400 3801 1412 ·

560 1467 739 1522 cere?
800 1467 1064 1523 Dixerunt
1118 1476 1300 1527 autem
1368 1467 1771 1537 imperatores:
1821 1465 2124 1533 Credimusl

2233 1452 2342 1505 Καὶ
2368 1454 2651 1509 πιστεύετε
2673 1458 2756 1511 δτι
2786 1457 3021 1533 δύναμαι
3045 1463 3203 1519 τοῦτο
3234 1468 3485 1539 ποιῆσαις
3519 1472 3628 1525 Καὶ
3651 1468 3803 1526 εἷπον

558 1559 705 1629 quod
734 1560 879 1615 sicut
923 1558 1117 1620 matris
1145 1558 1262 1636 eius
1297 1559 1547 1621 morbum
1591 1557 1822 1628 fugasti,
1858 1557 1930 1612 ita
1963 1558 2124 1612 etiam

2233 1541 2380 1612 αύτῷ
2401 1543 2451 1595 ol
2478 1542 2715 1613 βασιλεῖς
2733 1562 2748 1577 ·
2781 1548 3112 1621 Πιστεύομεν
3136 1553 3218 1605 ὅτι
3260 1553 3337 1617 ὼς
3360 1555 3585 1623 ἐδίωξας
3611 1558 3673 1611 τὸ
3706 1561 3806 1613 πά-

558 1647 822 1703 Infantem
853 1647 902 1703 ei
933 1648 1116 1703 vivum
1144 1631 1432 1721 praabebis.
1464 1646 1615 1711 Dixit.
1633 1663 1761 1702 vero
1795 1646 2124 1717 Epiphanius

2238 1631 2329 1696 θος
2354 1634 2461 1688 ἀπὸ
2487 1636 2587 1707 τῆς
2620 1638 2827 1709 μητρὸς
2852 1640 2946 1694 τοῦ
2967 1642 3199 1706 παιδίου,
3227 1644 3368 1698 οὕτω
3400 1648 3492 1700 καί
3516 1649 3576 1701 τὸ
3597 1650 3815 1704 παιδίον

558 1739 1028 1811 imperatoribus:
1064 1738 1122 1793 Si
1163 1739 1466 1797 surrexerit
1499 1738 1642 1793 Illius
1674 1739 1879 1794 sororis
1916 1748 2127 1802 vestrm,

557 1831 885 1896 credetisne,
936 1838 991 1886 et
1019 1828 1427 1899 baptizabimini
1466 1828 1519 1882 in
1572 1829 1794 1885 neruine
1836 1830 2130 1884 Cruciﬂxi?

561 1922 828 1980 Dixerunt
874 1921 1233 1998 imperatores
1274 1920 1621 1999 Epiphanio:
1673 1921 1729 1975 Si
1779 1922 2133 1986 suscitaveris

559 2013 853 2091 infantem,
889 2029 989 2073 nos
1031 2013 1338 2079 credemus,
1382 2022 1437 2067 et
1483 2012 1901 2083 baptizabimur.
1955 2013 2127 2069 Acce-

2236 1729 2606 1799 παραστήσεις
2630 1732 2697 1801 τῇ
2733 1730 2899 1801 μητρὶ
2931 1731 3127 1797 ζῶντα.
3160 1730 3327 1789 Εἶπεν
3355 1736 3410 1791 δὲ
3439 1737 3618 1803 αὐτοῖς
3651 1739 3807 1794 Ἐπιη

2238 1818 2451 1888 φάνιος’
2500 1818 2626 1873 Ἐἀν
2662 1821 2866 1894 ἀναστῇ
2897 1824 2927 1877 6
2951 1825 3063 1888 υἱὸς
3102 1826 3203 1896 τῆς
3241 1826 3472 1899 ἀδελφῆς
3504 1829 3679 1901 ὑμῶν,
3713 1850 3810 1885 πι-

2235 1909 2451 1963 στεύετε
2479 1912 2571 1965 καὶ
2601 1910 2923 1983 βαπτίζεσθε
2957 1917 3037 1978 είς
3054 1916 3117 1969 τὸ
3144 1916 3311 1988 δνομα
3332 1920 3426 1973 τοῦ
3451 1922 3807 1996 ἐσταυρωμὲ-

2234 2016 2357 2065 νου;
2394 2002 2457 2055 Οί
2493 2000 2731 2072 βασιλεῖς
2758 2002 2937 2058 εἷπον*
2982 2007 3106 2060 Ἐἀν
3137 2009 3446 2085 ἀναστήσῃς
3480 2013 3573 2068 τὸν
3614 2016 3813 2082 παῖδα,

2231 2092 2393 2163 ἡμεῖς
2405 2093 2764 2165 πιστεύσομεν
2779 2095 2871 2149 καὶ
2883 2096 3273 2169 βαπτισόμεθα.
3293 2100 3542 2171 Ἐγγίσας
3554 2100 3646 2158 οὖν
3662 2107 3725 2161 Ἐ
3733 2127 3811 2162 πι-

2233 2183 2420 2252 φάνιος
2446 2184 2537 2237 ἐπὶ
2584 2185 2684 2257 τῆς
2723 2187 2912 2260 κλίνης
2954 2189 3049 2242 τοῦ
3097 2192 3329 2258 παιδίου,
3362 2196 3455 2248 καὶ
3497 2199 3813 2268 σφραγίσας

2230 2275 2394 2330 αὑτοῦ
2442 2278 2563 2331 ὅλον
2607 2280 2668 2333 τὸ
2716 2280 2893 2351 σῶμα,
2925 2283 3020 2336 καὶ
3064 2286 3501 2357 προσευξάμενος
3525 2288 3604 2359 τῷ
3631 2289 3809 2346 θαναο

2230 2368 2409 2421 τοῦντι
2443 2370 2535 2424 καὶ
2568 2369 2940 2439 ζωογονοῦντι,
2967 2369 3119 2429 εἶπεν
3152 2377 3286 2448 πρὸς
3304 2378 3394 2432 τὸν
3434 2380 3616 2435 παῖδα·
3649 2382 3815 2437 Ἀνά-

2232 2476 2365 2524 στα,
2414 2462 2636 2527 τέκνον,
2690 2464 2748 2516 ἐν
2797 2463 2876 2535 τῷ
2927 2466 3147 2536 ὀνόματι
3200 2468 3371 2539 Ἰησοῦ
3421 2472 3658 2543 Χριστοῦ
3713 2475 3811 2527 τοῦ

2229 2550 2664 2620 ἐσταυρωμένον.
2697 2553 2810 2606 Καὶ
2839 2554 3042 2619 εύθέως
3084 2557 3113 2608 6
3163 2561 3290 2623 παῖς
3337 2560 3659 2615 ἀνεκάθισεν
3714 2565 3815 2617 ἐπὶ

2227 2640 2325 2711 τῆς
2354 2641 2538 2712 κλίνης
2570 2643 2754 2699 αὑτοῦ.
2788 2644 2919 2699 Τότε
2952 2648 3336 2715 πιστεύσαντες
3360 2653 3407 2704 οἱ
3435 2652 3700 2723 βασιλεῖς,
3726 2657 3815 2708 ὅτι

2228 2730 2521 2801 ἀνέστησεν
2536 2732 2849 2802 Ἐπιφάνιος
2873 2735 2961 2790 διὰ
2983 2739 3285 2809 προσευχῆς
3305 2740 3395 2793 τὸν
3434 2741 3613 2803 παῖδα,
3655 2760 3817 2813 παρ-

554 2827 805 2882 toribus:
853 2826 993 2882 Ecce
1034 2824 1289 2897 pietatem
1338 2835 1574 2882 vestram
1610 2826 1664 2881 in
1710 2827 1965 2883 omnibus
2002 2841 2123 2883 sus-

2229 2822 2453 2876 εκάλουν
2486 2824 2648 2878 αὐτὸν
2674 2825 2822 2891 ὅπως
2845 2830 3068 2896 φωτίσει
3101 2830 3313 2895 αὐτούς.
3338 2827 3502 2888 Εἶπεν
3525 2833 3584 2895 δὲ
3614 2836 3820 2891 αὐτοῖς

558 2917 703 2992 cipio
737 2915 1033 2976 :Deusest
1065 2918 1235 2984 enim,
1263 2918 1356 2989 qui
1395 2934 1494 2974 vos
1531 2918 1597 2974 ad
1634 2919 1735 2974 hoc
1760 2921 1979 2977 excitat.
2017 2918 2121 2976 Sed

2240 2912 2583 2983 Ἐπιφάνιοςσ
2624 2916 2753 2971 Ἰδοὺ
2803 2916 2866 2987 δὴ
2900 2920 2955 2971 ἐν
2988 2922 3153 2973 πᾶσιν
3207 2922 3534 2994 ἀποδέχομαι
3575 2922 3680 2994 τὴν
3726 2926 3821 2978 £6-

556 3008 661 3066 hoc
704 3023 812 3065 non
841 3023 1065 3080 possum
1107 3008 1286 3067 facere
1328 3010 1539 3081 injussu
1580 3011 1818 3083 episcopi
1862 3009 2121 3068 Romana:

2229 3004 2442 3058 σέδειαν
2470 3006 2644 3077 ὑμῶν,
2688 3007 2823 3063 διότι
2855 3011 2883 3063 ὀ
2907 3009 3039 3074 Θεός
3064 3012 3211 3065 ἐστιν
3236 3015 3263 3067 6
3290 3015 3514 3086 ἐγείρων
3535 3015 3687 3086 ὑμᾶς
3718 3018 3823 3070 ἐπὶ

557 3097 831 3165 Ecclesiae,
862 3115 930 3160 ne
964 3100 1126 3159 nobis
1153 3101 1443 3161 irascatur.
1477 3103 1779 3159 Accersunt
1805 3104 1988 3175 itaque
2011 3104 2116 3159 im-

2229 3097 2400 3151 τοῦτο.
2432 3098 2578 3169 Πλὴν
2607 3101 2737 3170 παρ’
2767 3102 3063 3175 ἐπιτροπὴν
3104 3104 3194 3157 τοῦ
3237 3106 3533 3159 ἐπισκόπου
3576 3107 3826 3180 Ῥώμης

555 3199 831 3267 peratores
885 3192 1233 3269 episcopum,
1289 3202 1351 3251 et
1385 3194 1434 3248 ei
1485 3194 1668 3248 omnia
1725 3204 2116 3264 exposuerunt.

2229 3188 2285 3242 ού
2314 3187 2547 3260 δύναμαι
2571 3190 2727 3245 τοῦτο
2769 3194 3020 3264 ποιῆσαι·
3057 3196 3261 3266 μήποτε
3293 3199 3384 3251 καὶ
3415 3197 3625 3270 λυπηθῇ
3667 3202 3825 3274 πρὸς

562 3281 860 3352 Episcopus
903 3292 1084 3339 autem
1115 3300 1315 3355 magno
1347 3284 1455 3339 Iuit
1483 3283 1706 3339 affectus
1737 3285 1955 3354 gaudio,
1993 3300 2116 3339 cum

2229 3282 2315 3352 μέ.
2352 3283 2415 3335 Oi
2460 3280 2553 3337 οὖν
2593 3283 2830 3353 βασιλεῖς
2874 3284 3073 3349 εὐθέως
3107 3287 3548 3356 μεταστέλλονται
3578 3289 3678 3344 τὸν
3711 3290 3825 3360 τῆς

554 3374 671 3428 haec
701 3374 965 3429 audiisset
1007 3376 1077 3428 ab
1110 3374 1550 3445 imperatoribus,
1589 3385 1641 3431 et
1692 3376 1938 3445 permisit
1993 3375 2119 3446 Epi-

2234 3374 2521 3443 Ῥωμαίων
2577 3375 2901 3447 Ἐκκλησίας
2944 3376 3272 3440 ἐπίσκοπον,
3328 3378 3416 3431 καὶ
3473 3380 3826 3449 ἐξηγοῦνται

546 3461 769 3530 phanio,
800 3472 860 3517 ut
884 3462 1186 3531 baptizaret
1212 3472 1265 3517 et
1299 3464 1674 3533 imperatores,
1714 3474 1769 3520 et
1805 3481 1997 3520 eorum
2026 3481 2117 3521 so-

2229 3465 2369 3534 αύτῷ
2420 3466 2614 3520 πάντα.
2631 3468 2690 3521 '0
2730 3467 2788 3520 δέ
2819 3467 3112 3532 ἐπίσκοπος
3140 3470 3306 3541 ἐχάρη
3349 3470 3522 3543 χαράν
3551 3474 3826 3545 μεγάλην

548 3568 746 3618 rorem,
775 3562 830 3608 et
856 3551 1025 3610 lilium
1053 3554 1207 3622 ejus,
1233 3569 1395 3625 quem
1430 3554 1715 3615 suscitavit
1757 3555 2114 3633 Epiphanius,

2229 3554 2459 3618 ἀκούσας
2501 3555 2648 3629 παρά
2681 3555 2789 3610 τῶν
2826 3556 3089 3629 βασιλέων
3130 3559 3322 3623 ταῦτα,
3357 3560 3449 3613 καὶ
3491 3560 3831 3634 ἐπέτρεψεν

546 3660 675 3706 cum
698 3654 847 3705 esset
874 3654 1145 3704 mortuus.

2234 3646 2534 3718 Ἐπιφανίῳ
2564 3646 2821 3717 βαπτίσαι
2853 3648 3067 3713 αὐτούς.

615 3736 721 3792 LII.
759 3738 893 3792 Cum
927 3738 1156 3808 ingressi
1196 3748 1376 3795 autem
1413 3751 1596 3805 essent
1625 3742 1679 3797 in
1710 3742 2119 3821 baptisterium,

2289 3738 2415 3793 NB‘.
2466 3739 2553 3802 Ὠς
2582 3738 2637 3792 δὲ
2661 3738 2904 3811 εἰσῆλθον
2932 3742 2989 3792 ἐν
3019 3740 3097 3811 τῷ
3130 3740 3491 3813 φωτιστηρίῳ,
3514 3742 3674 3807 ὅπως
3707 3744 3828 3814 βα-

551 3836 610 3883 ut
634 3829 1073 3885 illuminarentur
1116 3831 1185 3886 ab
1220 3829 1542 3906 Epiphanio,
1580 3834 1661 3893 eis
1692 3833 1840 3889 omni
1868 3832 2113 3895 exhibito

542 3922 869 3989 ministerio,
932 3921 1211 3992 ingressus
1257 3933 1342 3978 est
1399 3925 1611 3993 primus
1655 3924 1969 3985 Arcadius:
2018 3922 2111 3993 qui

538 4014 768 4089 quidem,
789 4024 916 4072 ante
954 4029 1015 4071 se
1064 4015 1254 4078 habuit
1297 4023 1407 4070 tres
1438 4014 1586 4070 viros
1625 4026 1803 4072 vestes
1836 4023 2111 4090 gestantes

536 4107 827 4173 candidas,
852 4116 906 4162 et
932 4114 1179 4165 tenentes
1221 4105 1608 4176 Epiphanium,
1643 4123 1810 4162 unum
1838 4106 2054 4177 quidem
2078 4122 2107 4160 a

538 4186 769 4266 dextris,
814 4209 874 4257 et
917 4215 1085 4258 unum
1121 4215 1155 4257 a
1181 4200 1439 4265 sinistris,
1469 4208 1523 4254 et
1552 4201 1782 4254 alterum
1833 4213 1993 4269 pone.
2060 4198 2109 4253 Is

535 4299 715 4345 autem
752 4304 951 4360 magno
979 4290 1175 4347 timore
1206 4299 1287 4351 est
1311 4289 1556 4345 aﬂ‘ectus.
1579 4288 1953 4364 Cognovitque
1984 4286 2110 4358 Epi-

2229 4285 2327 4341 τοῦ.
2355 4286 2468 4339 Καὶ
2492 4284 2730 4358 ἐφοϐήθη
2758 4286 2919 4356 φόϐον
2954 4287 3336 4357 μέγαν.Ἔγνω
3355 4285 3451 4342 οὖν
3468 4290 3832 4357 Ἐπιφάνιος

536 4378 772 4449 phanius
809 4393 875 4432 ex
908 4378 1055 4437 vultu
1091 4378 1335 4443 Arcadii,
1371 4378 1517 4449 quod
1555 4377 1765 4432 viderat
1811 4376 2103 4437 visionem,

2229 4377 2321 4431 ὶπδ
2346 4377 2438 4431 τοῦ
2468 4377 2755 4451 προσώπου
2782 4379 3087 4450 Ἀρκαδίου,
3120 4380 3209 4443 ὅτι
3226 4382 3486 4434 ὀπτασίαν
3514 4380 3828 4453 ἐώρακενσ

534 4481 589 4525 et
619 4471 758 4526 dixit
804 4469 1114 4540 imperatori
1151 4489 1165 4524 :
1205 4471 1437 4532 Attende
1481 4468 1610 4535 tibi,
1658 4484 1692 4524 ο
1724 4468 1822 4534 ﬁli,
1856 4476 1911 4521 et
1951 4481 2102 4523 cave.

2229 4470 2306 4523 ιαὶ
2330 4465 2482 4523 εἶπεν
2512 4470 2649 4543 πρὸς
2672 4470 2864 4524 αὐτόν·
2900 4471 3139 4541 Πρόσεχε
3184 4472 3410 4542 σεαυτῷ,
3446 4472 3672 4538 τέκνον,
3717 4478 3832 4532 καῖ

538 4563 759 4622 Solebat
794 4562 942 4616 enim
989 4561 1330 4637 Epiphanius
1373 4559 1645 4613 neminem
1685 4558 1899 4612 mittere
1938 4556 1990 4610 in
2018 4556 2102 4625 pi-

2229 4562 2302 4615 Eoo
2328 4561 2629 4631 φυλάττων.
2659 4562 2853 4616 Εἰώθει
2883 4563 2938 4616 δὲ
2960 4563 3277 4632 Ἑπιφάνιος
3313 4564 3418 4628 ἕως
3444 4566 3721 4637 ταραχθῇ
3762 4572 3832 4623 τὺ

533 4656 766 4720 scinam,
815 4653 991 4708 donec
1043 4665 1185 4721 aqua
1236 4650 1571 4709 turbaretur.
1630 4648 1924 4719 Postquam
1974 4664 2102 4704 vero

2229 4652 2375 4722 ὕδωρ,
2403 4653 2607 4723 μηδένα
2638 4653 2892 4725 ἐμϐαλεῖν
2931 4654 3012 4717 είς
3053 4655 3150 4723 τὴν
3195 4654 3593 4729 κολυμϐήθραν.
3636 4658 3832 4713 Μετὰ

537 4746 638 4800 fuit
685 4743 1023 4803 illuminatus
1063 4742 1365 4809 Arcadius,
1402 4740 1741 4803 illuminatus
1790 4740 1892 4796 fuit
1936 4742 2100 4797 etiam

2229 4743 2264 4795 ἱέ
2308 4742 2368 4796 τὸ
2415 4743 2751 4813 φωτισθῖψαι
2780 4742 3082 4814 Ἀρκάδων,
3132 4744 3446 4815 εἰσήνεγκεν
3480 4745 3573 4797 καὶ
3620 4746 3832 4801 Ὀνὼς

534 4834 831 4899 IIonorius,
861 4842 916 4889 et
942 4834 1189 4889 eamdem
1237 4847 1457 4907 quoque
1503 4832 1638 4886 vidit
1684 4831 1970 4886 visionem.
2018 4832 2104 4887 Si-

2229 4851 2347 4899 ›ιον,
2386 4834 2481 4887 καὶ
2503 4833 2600 4905 τὴν
2630 4832 2799 4906 αὐτὴν
2825 4834 3087 4887 ὀπτασίαν
3112 4835 3238 4888 ἴδεν.
3270 4836 3377 4889 Καὶ
3404 4835 3574 4898 οὓτως
3595 4835 3705 4891 λοι
3716 4842 3832 4896 ττόε.

535 4928 737 4983 militer
752 4928 909 4985 etiam
934 4925 1080 4986 ﬁlius
1106 4923 1312 4982 sororis
1326 4939 1540 4979 eorum.
1566 4920 1754 4997 [Jussu
1771 4932 1950 4979 autem
1971 4921 2101 4993 Epi-

2229 4925 2473 4999 ιατῆλθεν
2502 4928 2530 4979 ὀ
2555 4925 2666 4989 υίὸς
2690 4925 2788 4997 τῆς
2812 4925 3044 4997 ἀδελφῆς
3064 4926 3260 4980 αὐτῶν.
3282 4927 3389 4980 Καὶ
3405 4926 3542 4998 αῦτη
3570 4929 3603 4997 ἡ
3635 4932 3832 4985 i623.-

534 5020 741 5090 pbanii,
771 5018 984 5089 suscepi
1009 5032 1110 5089 ego
1134 5016 1426 5071 Arcadium
1451 5031 1517 5071 ex
1548 5014 1913 5086 baptismate;
1953 5012 2103 5070 Isaac

2229 5017 2285 5088 ρὴ
2343 5018 2520 5071 αὐτῶν
2558 5018 2886 5090 Προκλιανὴ,
2915 5019 3037 5087 ἥτις
3064 5016 3131 5090 ἦν
3165 5019 3282 5083 ἐνὸς
3324 5019 3432 5073 τῶν
3477 5025 3832 5090 ἰτατρικίιιυκ1

535 5120 664 5158 vero
703 5104 1023 5168 Honorium,
1074 5112 1130 5159 et
1170 5104 1392 5174 quidam
1432 5104 1718 5160 eunuchus
1756 5103 2101 5159 Christianus

2229 5110 2363 5179 ὐνὴ.
2396 5108 2549 5162 Μετά
2571 5110 2626 5163 δὲ
2648 5109 2708 5162 τὸ
2728 5108 3084 5180 βαπτισθῆναι
3110 5111 3327 5175 αὐτοὺς,
3354 5111 3611 5181 ἐποίησεν
3641 5112 3832 5172 Ἑπι-

533 5206 583 5251 et
618 5194 760 5267 pius,
787 5197 957 5253 tilium
986 5196 1195 5252 sororis
1222 5211 1435 5251 eorum.
1477 5193 1654 5266 Ipsam
1686 5212 1817 5252 vero
1852 5212 2097 5253 sororem

2229 5199 2393 5264 :évro;
2418 5201 2516 5262 τὰς
2557 5200 2599 5263 ζ’
2635 5201 2844 5272 ἡμέρας
2871 5203 2993 5272 μετ’
3023 5201 3220 5264 αὐτῶν,
3261 5202 3525 5256 διδάσκων
3557 5203 3832 5275 αὐτοῦς.

537 5287 843 5351 Procliana,
876 5302 998 5363 qua:
1028 5293 1146 5341 erat
1169 5302 1306 5344 uxor
1328 5287 1491 5347 unius
1519 5302 1584 5341 ex
1612 5287 1902 5361 patriciis.]
1937 5286 2097 5343 Post-

2229 5292 2321 5345 (αἱ
2345 5292 2482 5362 μετά
2508 5293 2568 5345 τὸ
2601 5293 2822 5358 ἀλλάξαι
2853 5294 3050 5359 αὐτοὺς
3077 5294 3175 5359 τάς
3218 5294 3579 5362 νεοφωτίστας
3626 5299 3832 5373 ὲσθῆ.

535 5393 703 5452 quam
747 5387 927 5436 autem
979 5377 1016 5430 ii
1047 5376 1269 5431 fuerunt
1302 5378 1612 5443 illuminati,
1639 5387 1845 5449 septem
1884 5378 1999 5433 dies
2022 5378 2095 5433 ibi

2229 5402 2323 5448 ἀς,
2359 5380 2511 5437 εἶπεν
2540 5386 2858 5456 Ἐπιφάνιος
2885 5390 2995 5450 τοῖς
3018 5387 3140 5441 δυσὶ
3169 5387 3475 5458 βασιλεῦσιν
3493 5403 3509 5419 °
3542 5389 3832 5453 Μένετε.

526 5472 731 5542 peregit
772 5468 1109 5544 Epiphanius
1156 5477 1281 5540 post
1326 5470 1771 5525 illuminationem
1800 5511 1814 5533 ,
1861 5486 1959 5527 eos
1998 5470 2095 5526 do-

2229 5475 2355 5549 >ησὶ,
2386 5475 2594 5543 τέκνον,
2619 5481 2675 5532 ἐν
2706 5479 3053 5533 καταστάσει.
3079 5476 3257 5543 Λύκος
3278 5479 3386 5550 γάρ
3410 5479 3562 5551 ὑμῶν
3588 5481 3831 5546 οὐκέτι

538 5581 664 5622 rens
692 5563 760 5621 de
783 5562 1128 5630 baptismate.
1150 5561 1445 5634 Postquam
1474 5577 1604 5618 vero
1630 5574 1807 5621 vestes
1834 5565 2095 5622 candida-

2229 5568 2477 5640 ;υριεύσει
2497 5586 2512 5601 ·
2541 5568 2752 5640 ἀπέδρα
2785 5570 2966 5641 ὀδύνη,
2995 5570 3089 5624 καὶ
3123 5570 3399 5641 λύπη,καὶ
3431 5579 3795 5645 στεναγμός
3830 5604 3831 5607 η

546 5666 628 5712 tas
660 5653 1051 5731 deposuerunt,
1082 5656 1296 5714 duobus
1338 5655 1755 5727 imperatoribus
1797 5657 1931 5714 dixit
1977 5659 2091 5730 I'Tpi-

2230 5662 2384 5719 σεσθε
2431 5663 2786 5738 προσέχοντες
2816 5667 2879 5736 τῇ
2913 5664 3225 5730 ἀναστάσει,
3252 5665 3344 5719 καὶ
3396 5663 3467 5739 μὴ
3511 5663 3832 5731 λυπεῖσθε

555 2107 692 2162 dens
726 2116 907 2165 autem
958 2104 1297 2177 Epiphanius
1333 2106 1399 2160 ad
1442 2106 1663 2170 lectum,
1699 2105 1752 2159 in
1798 2119 1909 2175 quo
1946 2103 2127 2159 infans

550 2198 765 2267 iacebat
796 2205 1066 2262 mortuus,
1094 2211 1229 2257 cum.
1241 2204 1411 2257 totum
1434 2194 1554 2263 ejus
1577 2209 1776 2264 corpus
1791 2201 2126 2251 contrectas-

554 2298 663 2351 set,
688 2296 741 2342 et
767 2302 891 2340 enm
921 2295 1133 2343 orasset
1183 2286 1274 2355 qui
1302 2284 1596 2345 mortiﬁcat
1626 2295 1679 2339 et
1701 2284 1957 2346 viviﬁcat,
1990 2283 2127 2338 dixit

555 2394 724 2446 puero
750 2395 773 2437 ι,
799 2375 857 2430 In
882 2375 1101 2433 nomine
1131 2374 1542 2437 Domininostri
1570 2372 1698 2428 Jesu
1724 2373 1926 2429 Christi
1948 2374 2125 2431 cruci-

556 2468 646 2523 [ixi
683 2483 880 2541 surge;
925 2474 989 2528 et,
1010 2464 1195 2523 statim
1224 2480 1359 2534 puer
1411 2464 1556 2520 sedit
1582 2465 1635 2519 in
1668 2465 1833 2525 Iecto.
1860 2463 1996 2520 Cum
2029 2479 2127 2519 au-

554 2568 661 2609 tem
708 2552 976 2613 vidissent
1026 2553 1403 2631 imperatores,
1459 2552 1603 2622 quod
1650 2551 1985 2621 Epiphanius
2029 2567 2126 2627 per

551 2642 852 2698 orationem
870 2643 1171 2705 suscitarat-
1188 2658 1437 2711 puerum,
1460 2651 1725 2713 rogarunt
1738 2640 2121 2712 Epiphanium,

560 2742 620 2789 ut
656 2733 1119 2791 illuminarentur.
1150 2731 1306 2789 Tunc
1342 2732 1476 2787 dixit
1516 2731 1852 2803 Epiphanius
1892 2733 2125 2804 impera-

2219 3828 2511 3883 πτισθῶσιν
2540 3830 2645 3883 ὑπὸ
2672 3831 3004 3899 Ἐπιφανίου,
3038 3831 3251 3899 καὶτῆς
3272 3832 3450 3901 πάσης
3470 3832 3828 3898 ἀκολουθίας

2218 3921 2533 3991 γενομένης,
2582 3920 2830 3991 εἰσῆλθεν
2874 3922 3087 3993 πρῶτος
3144 3922 3421 3993 Ἀρκάδιος
3472 3925 3565 3976 καὶ
3615 3940 3827 3996 προσ-

2217 4012 2393 4082 έσχενο
2422 4012 2520 4065 καὶ
2544 4013 2651 4067 ἰδοὺ
2676 4016 2821 4085 τρεῖς
2846 4012 3037 4084 ἄνδρες
3056 4013 3248 4077 στολὰς
3274 4013 3472 4077 λευκὰς
3494 4015 3827 4086 φοροῦντες

2215 4104 2594 4174 παρεκράτουν
2639 4104 2730 4157 τὸν
2767 4105 3100 4174 Ἐπιφάνιον,
3134 4105 3229 4158 ἕνα
3268 4108 3331 4159 ἐκ
3356 4105 3541 4170 δεξιῶν
3570 4107 3681 4160 καὶ
3711 4110 3832 4163 ἕνα

2216 4193 2287 4257 ἐξ
2308 4193 2621 4265 εὐωνύμων,
2654 4195 3045 4250 ἀκολουθοῦντα
3070 4198 3125 4250 δέ
3157 4197 3246 4249 τὸν
3275 4198 3458 4269 ἕτερον
3485 4198 3675 4252 ὀπίσω
3706 4203 3831 4254 αὐ-
