3866 6066
171 237 243 294 83.
1344 238 1347 241 ’
1501 233 1558 291 S.
1593 228 1936 290 ΕΡΙΡΗΑΝΙΙ
1980 231 2163 292 VITA.
3400 239 3473 297 93

193 358 284 411 lxi.
334 360 453 421 τοῖς
513 356 901 429 ἔξερχομὰοις
945 354 1052 409 ἀπὸ
1094 352 1249 407 τοῦδε»
1292 351 1385 404 τοῦ
1416 350 1567 421 βίον·
1602 349 1652 402 οί
1684 346 1790 417 γὰρ

1897 346 2172 415 phanius:
2229 349 2438 405 Manete
2469 351 2743 422 deinceps,
2796 366 2829 405 ο
2880 351 3007 415 lilii,
3062 353 3205 408 bono
3261 369 3470 410 animo.

199 446 426 520 Χριστῷ
457 446 865 508 πιστεύσαντες
889 441 1117 514 Χριστὸν
1146 440 1479 497 ἐνεδύσαντο,
1511 439 1599 491 καὶ
1634 436 1790 489 αὑτὸν

1903 435 2089 506 Lupus
2112 438 2257 493 enim
2290 438 2357 491 ad
2396 454 2495 495 vos
2533 456 2641 493 non
2679 440 2920 495 accedet.
2965 440 3113 495 Abiit
3168 440 3366 504 luctus,
3420 453 3474 496 et

205 537 400 609 βοηθὸν
417 535 667 607 ἔχουσιν.
689 533 885 588 Μέλλει
912 521 1039 602 γὰρ,
1062 531 1229 602 φησὶν
1244 528 1340 600 (α),
1362 528 1422 582 τὸ
1446 528 1575 580 ποτὲ
1588 525 1794 579 ἀποθα-

211 629 367 685 νόντα
395 628 495 679 καλ⁵
527 625 859 688 ἀναστάντα,
885 622 1114 676 λαϐἇντα
1159 622 1260 694 τὴν
1290 621 1469 692 χάριν,
1500 617 1794 672 άπελεύσευ

212 718 335 772 σθαι
373 717 513 788 πρδς
559 717 653 769 τὸν
703 716 947 786 Σωτῆρα,
983 712 1079 767 καὶ
1109 712 1334 781 ὄψεσθαι
1376 710 1537 764 αὐτὸν
1582 710 1640 761 ὲν
1665 705 1793 777 δόξῃ

216 808 433 881 μεγάλῃ
456 805 945 876 παρακαλούμενον
971 804 1063 857 ὑπ’
1088 802 1353 871 ἀγγέλων.
1377 801 1456 871 Τῇ
1485 795 1578 853 οὖν
1597 797 1789 857 ἕωθεν,

214 901 291 962 ὡς
321 897 388 971 ἦν
417 899 739 967 Ἐπιφάνιος
768 899 824 949 ὲν
854 896 932 967 τῷ
970 892 1238 966 βασιλικῷ
1264 892 1494 963 ταμιείῳ
1526 890 1790 957 διδάσκων

213 992 339 1054 τοὺς
370 989 634 1060 βασιλεῖς,
683 987 875 1041 εὐωδία
907 1004 990 1050 τις
1022 985 1234 1056 ἐγένετο
1261 985 1321 1037 ὲν
1351 983 1430 1054 τῷ
1478 982 1628 1051 μέσῳ
1658 980 1789 1034 πάνο

217 1098 321 1137 των
369 1081 547 1150 ἡμῶν.
598 1076 764 1134 Εἶπεν
808 1079 865 1132 δὲ
918 1078 1235 1146 Ἐπιφάνιος
1272 1077 1394 1138 «τοῖς
1441 1070 1786 1144 βασιλεῦσιν·

213 1168 599 1231 ’Δναστάντες,
624 1167 808 1237 φησιν,
857 1164 1105 1229 εὔξασθε,
1135 1164 1238 1217 υἱοὶ
1272 1162 1368 1215 τοῦ
1402 1157 1711 1232 φωτόςῘΗν
1733 1160 1790 1213 δὲ

210 1260 275 1313 τὸ
303 1260 514 1312 παιδίον
544 1257 938 1327 κατακείμενον
966 1255 1059 1308 ἐπὶ
1106 1254 1207 1324 τῆς
1250 1253 1437 1324 κλίνης
1457 1269 1469 1282 ·
1503 1252 1598 1306 καὶ
1631 1252 1789 1321 ποιή-

217 1366 408 1412 σαντος
439 1349 767 1417 Ἐπιφανίου
786 1348 885 1419 τὴν
914 1346 1099 1417 εὐχὴν,
1130 1346 1367 1417 ἥκουσαν
1398 1344 1597 1407 πάντες
1635 1345 1684 1396 οἱ
1731 1344 1790 1395 ὲν

210 1439 290 1509 τῷ
322 1438 587 1509 βασιλικῷ
622 1438 861 1509 ταμιείῳ.
897 1437 973 1500 ὡς
1004 1435 1160 1506 δχλου
1194 1432 1389 1486 πολλοῦ
1437 1431 1685 1500 λέγοντος
1727 1429 1789 1483 τὸ

212 1531 421 1601 Ἄμήν·
451 1530 550 1582 καὶ
574 1529 641 1583 τὸ
662 1527 941 1599 παιδάριον
970 1526 1172 1589 εὐθέως
1202 1524 1515 1597 παρέδωκεν
1541 1523 1601 1576 τὸ
1630 1522 1789 1576 πνεῦ-

217 1639 311 1691 μα.
341 1621 675 1690 Ἐμείναμεν
730 1618 786 1672 δὲ
838 1617 1085 1671 ἐνιαυτὸν
1113 1616 1232 1668 ὅλον
1276 1616 1333 1668 ὲν
1370 1612 1578 1686 Ῥώμῃ.
1611 1611 1786 1666 Πολλά

1901 525 2078 591 dolor,
2112 534 2167 580 et
2212 528 2468 597 gemitus.
2520 527 2847 598 Exspectate
2898 529 3379 595 resurrectionem,
3423 542 3475 585 et

1903 618 2069 672 nolite
2091 618 2228 673 allici
2280 619 2497 675 tristitia
2544 621 2615 675 ob
2659 637 2775 687 eos,
2809 622 2903 691 qui
2931 636 2995 675 ex
3043 622 3147 676 bac
3174 620 3284 675 vita
3313 636 3474 677 cxce-

1899 710 2038 764 duut
2083 732 2097 767 :
2138 711 2418 765 Christum
2457 712 2601 766 enim
2653 712 2935 776 habentes,
2985 714 3258 768 Christum
3288 716 3471 770 induco

1909 809 2061 855 runt.
2097 799 2240 855 Puer
2271 801 2437 867 enim,
2499 801 2592 870 qui
2628 800 2723 856 fuit
2777 804 3069 872 aliquando
3112 814 3380 873 mortuus,
3418 813 3471 861 et

1900 892 2215 953 resurrexit,
2244 892 2357 961 jam
2392 902 2615 962 accepta
2647 895 2820 963 gratia
2861 895 3038 949 iturus
3071 907 3151 950 est
3183 898 3248 952 ad
3278 896 3471 952 Salva-

1901 992 2091 1039 torem.
2134 983 2399 1039 Videbitis
2425 984 2646 1053 angelos
2675 999 2800 1037 eum
2830 985 2883 1037 in
2920 1001 3113 1055 magna
3144 987 3313 1057 gloria
3339 1003 3468 1042 cono

1899 1074 2085 1127 solari.
2115 1073 2283 1129 Mane
2297 1089 2447 1144 ergo,
2488 1090 2610 1129 cum
2641 1085 2783 1130 esset
2812 1075 3147 1145 Epiphanius
3178 1077 3378 1133 docens
3415 1078 3472 1132 in

1898 1159 2020 1212 aula
2069 1160 2487 1228 imperatorum,
2532 1161 2707 1216 oritur
2753 1164 2974 1231 quidam
3023 1166 3207 1219 suavis
3240 1166 3376 1219 odor
3413 1168 3472 1220 in

1898 1251 2078 1304 medio
2122 1252 2387 1305 omnium.
2438 1251 2580 1307 Dixit
2618 1263 2797 1307 autem
2853 1255 3186 1325 Epiphanius
3231 1257 3468 1327 impera-

1898 1343 2152 1396 toribus:
2191 1343 2426 1412 Surgite,
2457 1353 2629 1409 orate,
2677 1346 2770 1398 lilii
2808 1346 2965 1401 lucis.
3014 1344 3237 1401 Jacebat
3288 1358 3473 1404 autem

1899 1446 2032 1499 puer
2058 1432 2109 1486 iu
2137 1432 2297 1489 lecto.
2333 1434 2469 1489 Cum
2504 1446 2687 1491 autem
2732 1435 3064 1506 Epiphanius
3106 1437 3323 1494 fecisset
3349 1456 3467 1496 ora»

1899 1523 2095 1578 tionem
2124 1563 2140 1588 ,
2188 1524 2480 1579 audierunt
2510 1541 2722 1590 omnes,
2751 1528 2845 1596 qui
2876 1538 3034 1583 erant
3068 1529 3121 1582 in
3151 1531 3272 1584 aula
3301 1532 3475 1599 regia,

1896 1615 2059 1669 veluti
2090 1616 2493 1671 multitudinem
2523 1619 2814 1688 quamdam
2842 1621 3133 1686 dicentem,
3163 1623 3355 1676 Amen.
3389 1623 3456 1675 Et

210 1712 270 1767 δὲ
303 1714 399 1766 καὶ
429 1712 570 1766 ἄλλα
612 1711 865 1781 ἐποίησεν
897 1713 928 1763 δ
954 1707 1269 1776 Ἑπιφάνιος
1311 1708 1510 1777 σημεῖα
1552 1705 1645 1758 ἐπὶ
1687 1703 1788 1774 τῆς

1897 1721 2028 1774 puer
2054 1706 2236 1760 statim
2266 1708 2486 1761 tradidit
2511 1710 2787 1778 spiritum.
2824 1710 3122 1766 Mansimus
3141 1727 3269 1768 vero
3293 1729 3462 1767 unum

224 1802 571 1873 Ῥώμης.Ὠς
603 1801 660 1853 δὲ
688 1800 901 1872 ἔκρινεν
928 1800 1241 1868 Ἐπιφάνιος
1264 1796 1524 1850 ἀποπλεῖν
1553 1795 1699 1866 ἡμᾶς
1732 1795 1788 1847 ἐν

210 1896 277 1965 τῇ
312 1892 549 1963 Κύπρῳ,
585 1885 735 1943 εἷπον
762 1892 818 1942 0i
841 1889 1081 1960 βασιλεῖς
1128 1888 1265 1959 πρὸς
1292 1885 1606 1955 Ἐπιφάνιον
1628 1901 1642 1916 ο
1674 1884 1781 1937 Ad

213 1983 294 2048 ὗε,
350 1983 535 2053 φησὶν,
589 1976 637 2036 ὧ
684 1982 889 2050 Πάτερ,
931 1984 1029 2050 τὴν
1075 1978 1269 2051 χρείαν.
1301 1978 1399 2047 τῆς
1439 1975 1787 2047 Ἐκκλησίας,

209 2079 359 2139 ὅπως
386 2074 650 2146 παρέχεις
673 2076 784 2135 τοῖς
811 2070 1103 2142 δεομένοις.
1133 2064 1301 2123 Εἶπεν
1344 2067 1403 2126 δὲ
1426 2067 1608 2130 αὐτοῖς
1638 2066 1791 2120 Ἐπι-

210 2169 436 2237 φάνιοςο
478 2168 688 2236 Ὑμεῖς,
733 2165 918 2226 τέκνα,
956 2164 1153 2217 ποιεῖτε
1194 2161 1223 2215 δ
1258 2159 1608 2217 ἀπαιτεῖσθε’
1635 2155 1791 2226 κάγὼ

210 2260 385 2329 χαίρω
409 2258 503 2312 ἐπὶ
528 2259 594 2329 τῇ
620 2255 773 2326 ὑμῶν
802 2254 1062 2308 ἐπιδόσει.
1085 2252 1241 2323 Ἐμοὶ
1264 2251 1321 2304 δὲ
1355 2249 1519 2320 βάρος
1554 2246 1637 2323 μὴ
1652 2263 1792 2317 παρ-

208 2347 462 2418 έχετεΐο
490 2347 599 2418 γάρ
628 2347 759 2409 Θεός
790 2363 890 2416 μου
930 2346 1062 2397 πᾶσι
1088 2343 1265 2397 πάντα
1294 2342 1542 2413 παρέχει,
1575 2338 1790 2410 διατρέ-

208 2457 326 2511 φων
352 2440 560 2502 πάντας
589 2438 650 2490 ὲν
674 2437 810 2508 τῷδε
836 2435 913 2507 τῷ
948 2434 1355 2505 βίῳ.”Ηνεγκαν
1389 2432 1446 2485 δὲ
1472 2432 1528 2484 οἳ
1553 2430 1793 2502 βασιλεῖς

207 2532 352 2585 πολῦ
388 2531 636 2602 χρυσίονο
671 2530 765 2582 καλ⁸
793 2528 891 2581 οὐκ
922 2526 1139 2593 ἐδέξατο
1164 2523 1479 2592 Ἐπιφάνιος
1504 2522 1563 2589 ἐξ
1586 2520 1786 2585 αὐτῶν,

209 2622 347 2677 ἀλλὰ
380 2624 576 2692 ἄρτους
617 2619 831 2688 ὀλίγους
874 2617 1032 2689 μόνον
1056 2612 1208 2670 εἶπεν
1236 2615 1409 2669 ἐλθεῖν
1438 2616 1519 2678 είς
1553 2615 1789 2686 μετάλη-

208 2721 301 2787 ψιν
326 2718 482 2789 ἡμῶν
508 2719 566 2770 ὲν
590 2715 668 2786 τῷ
693 2714 879 2785 πλοίῳ.
903 2696 1241 2783 Ἀπάραντες
1269 2708 1363 2765 οὖν
1386 2710 1495 2765 ἀπὸ
1520 2710 1620 2780 τῆς
1656 2709 1791 2762 Ῥώο

210 2828 319 2883 μης
363 2808 539 2872 οὕτως
572 2810 988 2876 κατηντήσαμεν
1011 2803 1097 2857 διὶι
1130 2810 1180 2874 μ’
1208 2801 1430 2874 ἡμερῶν
1468 2803 1526 2854 ὲν
1557 2799 1790 2870 Κύπρῳ,

207 2905 300 2958 καὶ
330 2902 580 2968 ἐδέξαντο
614 2901 761 2972 ἡμᾶς
786 2900 834 2953 οἱ
865 2896 1084 2967 ἀδελφοὶ
1115 2894 1253 2967 μετὰ
1278 2895 1454 2965 χαρᾶς
1491 2892 1753 2964 μεγάλης.

1894 1810 2096 1848 annum
2134 1794 2338 1852 Roma.
2369 1798 2538 1852 Multa
2571 1808 2750 1853 autem
2790 1799 2897 1852 alia
2927 1815 3147 1869 quoque
3176 1799 3362 1857 Romae
3385 1803 3468 1857 fe—

1893 1886 1967 1938 cit
2014 1884 2371 1955 Epiphanius.
2415 1888 2708 1960 Postquam
2759 1904 2889 1945 vero
2929 1890 3169 1947 decrevit
3212 1894 3481 1965 navigare

1894 1977 1945 2031 in
1976 1974 2235 2045 Cyprum,
2290 1978 2645 2049 imperatores
2688 1980 2941 2034 dixerunt
2978 1979 3320 2051 Epiphanio:
3365 1986 3471 2038 Ac-

1892 2058 2033 2126 cipe,
2073 2059 2252 2124 Pater,
2285 2061 2337 2115 id
2372 2062 2516 2131 quod
2546 2072 2628 2117 est
2652 2065 2775 2117 usui
2814 2062 3088 2130 Ecclesiae,
3125 2075 3182 2121 ut
3223 2068 3476 2137 praebeas

1892 2148 2282 2218 indigentibus.
2322 2149 2466 2204 Dixit
2509 2160 2689 2206 autem
2743 2151 3080 2224 Epiphanius
3129 2156 3472 2226 imperatori-

1896 2240 1997 2293 bus
2028 2257 2040 2293 :
2072 2238 2202 2305 Vos,
2238 2240 2330 2295 lilii
2352 2281 2368 2306 ,
2402 2241 2561 2296 facite
2589 2242 2639 2296 id
2690 2244 2834 2313 quod
2878 2259 2906 2299 a
2934 2246 3090 2301 vobis
3124 2251 3467 2317 postulatur:

1894 2338 1946 2380 et
1977 2328 2185 2397 gaudeo
2233 2329 2301 2383 de
2332 2339 2511 2384 vestro
2547 2330 2903 2388 incremento.
2956 2334 3098 2401 Quid
3148 2352 3277 2392 vero
3328 2340 3466 2393 mihi

1895 2434 2036 2473 onus
2067 2419 2355 2488 przebetis?
2402 2420 2721 2490 Suppeditat
2759 2424 2893 2479 mihi
2941 2425 3106 2492 Deus,
3141 2430 3234 2498 qui
3277 2446 3473 2486 omnes

1895 2512 1990 2565 alit
2018 2512 2072 2565 in
2110 2512 2212 2567 hac
2237 2512 2365 2567 vita.
2403 2510 2729 2569 Obtulerunt
2769 2531 2902 2587 ergo
2937 2518 3293 2588 imperatores
3332 2524 3475 2577 mul-

1896 2603 2195 2657 tum‘auri.
2252 2602 2355 2658 Sed
2415 2604 2551 2659 nihil
2599 2608 2811 2675 accepit
2860 2608 3218 2679 Epiphanius,
3278 2623 3472 2683 praeter

1894 2708 2095 2763 paucos
2124 2709 2312 2763 panes,
2346 2703 2406 2748 ut
2430 2711 2530 2751 nos
2562 2710 2754 2752 omnes
2788 2697 2855 2753 iis
2886 2698 2940 2752 in
2966 2702 3186 2771 navigio
3209 2717 3462 2759 vescere-

1895 2800 2038 2837 mur.
2070 2783 2245 2839 Roma
2273 2795 2453 2841 autem
2482 2786 2734 2856 profecti,
2761 2789 3109 2857 pervenimus
3142 2791 3194 2846 in
3229 2791 3467 2864 Cyprum

1895 2872 2261 2942 quadraginta
2292 2873 2508 2940 diebus,
2538 2885 2593 2930 et
2622 2891 2722 2931 uos
2752 2878 3319 2947 susceperuntl‘ratres
3346 2898 3476 2937 cum

1897 2977 2095 3029 magno
2132 2964 2353 3032 gaudio.

274 3053 403 3107 NI".
448 3050 611 3114 Ἔοος
652 3049 709 3104 δὲ
754 3043 822 3121 ἦν
858 3046 1155 3116 Ἐπιφανίῳ
1192 3041 1523 3134 ἑξέρχετῑθαμιΔ
1563 3040 1661 3103 τὰς
1698 3040 1790 3134 vti-

1967 3050 2099 3106 Llll.
2149 3053 2266 3108 Mos
2288 3064 2465 3110 autem
2497 3065 2613 3110 erat
2647 3057 2949 3128 Epiphanio
2984 3071 3153 3116 noctu
3180 3062 3387 3134 ingredi
3416 3065 3474 3119 in

207 3160 345 3206 κτας
394 3144 454 3195 ὲν
501 3142 614 3204 τοῖς
660 3137 1038 3212 κοιμητηρίοις
1062 3175 1077 3200 ,
1128 3133 1259 3188 ἔνθα
1302 3130 1373 3185 τὰ
1412 3129 1641 3201 λείψανα
1683 3128 1790 3183 τῶν

208 3235 381 3303 ἁγίων
432 3231 726 3304 μαρτύρων
775 3228 1147 3289 κατάκεινται,
1178 3224 1271 3278 καὶ
1321 3220 1663 3294 παρακαλεῖν
1700 3218 1791 3271 τὸν

206 3328 341 3381 Θεὸν
388 3325 521 3394 περὶ
565 3322 683 3386 ἑνὸς
731 3321 962 3374 ἑκάστου
992 3317 1104 3371 τῶν
1132 3314 1706 3386 θλιϐομένων.¹Ὢσπερ
1732 3311 1788 3364 δὲ

207 3420 360 3489 τρίλος
405 3416 562 3487 φίλον
609 3410 965 3486 παρακαλῶν,
997 3409 1126 3481 περὶ
1150 3401 1210 3462 οὗ
1240 3406 1570 3478 παρακαλεῖ,
1599 3403 1788 3457 τούτου

206 3512 497 3582 τυγχάνει·
524 3508 695 3571 οὕτως
715 3506 809 3559 καὶ
840 3506 868 3559 ὁ
893 3501 1026 3566 Θεὸς
1049 3500 1118 3554 τὰ
1142 3501 1422 3571 αἰτήματα
1450 3496 1614 3553 αὑτοῦ
1649 3513 1790 3569 παρ-

208 3607 351 3675 εῖχεν
379 3599 552 3672 αὐτῷ.
582 3599 721 3655 “ore
746 3595 877 3666 γοῦν
904 3592 1065 3666 λιμοῦ
1100 3592 1335 3665 μεγάλου
1370 3589 1791 3663 γενομένου,και

214 3697 287 3767 μὴ
316 3691 724 3768 εὑρισκομένων
753 3688 934 3760 ἄρτων
960 3685 1054 3742 ἐπὶ
1078 3684 1179 3755 τῆς
1208 3683 1435 3756 ἀγορᾶς,
1466 3678 1534 3753 ἦν
1565 3683 1792 3735 Φαυστι-

212 3790 389 3855 νιανὸς
437 3789 466 3841 ὁ
511 3784 855 3854 ἄσπλαγχνος
885 3781 1067 3843 οῐκους
1108 3776 1336 3840 πολλοὺς
1383 3776 1612 3847 μεστοὺς
1643 3773 1790 3826 σίτου

215 3884 306 3937 καὶ
345 3880 547 3953 κριθῆς
591 3874 1030 3947 ἠσφαλισμένους
1059 3871 1219 3943 ἔχων.
1251 3861 1421 3932 Οὗτος
1468 3867 1527 3920 δὲ
1571 3865 1791 3937 χρυσίον

215 3974 528 4045 λαμϐάνων,
560 3970 820 4041 παρεῖχεν
846 3965 1060 4035 ἑκάστῳ
1085 3963 1192 4017 τῶν
1220 3960 1489 4031 δεομένων
1525 3959 1672 4026 τρεῖς
1702 3973 1793 4027 μο-

212 4067 352 4130 δίους
377 4065 473 4118 τοῦ
502 4063 858 4133 νομίσματος.
884 4057 995 4111 Καὶ
1022 4052 1089 4128 ἦν
1124 4052 1294 4123 πολλὴ
1329 4051 1585 4113 στένωσις
1630 4048 1688 4099 ὲν
1724 4049 1789 4118 τῇ

214 4159 381 4211 πόλει.
414 4151 584 4210 Εἶπεν
613 4153 670 4207 δὲ
700 4150 1018 4220 Ἐπιφάνιος
1063 4145 1200 4218 πρὸς
1245 4140 1659 4197 Φαυστινιανόνο
1693 4138 1792 4201 Δός

216 4267 324 4319 μοι,
359 4249 550 4319 φησιν,
594 4239 641 4299 ὧ
675 4243 940 4316 βέλτιστε,
987 4242 1131 4292 σῖτον
1176 4236 1311 4308 πρὸς
1344 4232 1637 4305 διατροφὴν
1682 4230 1790 4284 τῶν

214 4339 545 4412 ἀνθρώπων·
605 4335 760 4404 κάγὼ
813 4331 1079 4387 ἀποδώσω
1132 4346 1214 4382 σοι
1264 4328 1326 4380 τὸ
1382 4325 1543 4397 χρέος
1587 4322 1790 4376 τούτων

1897 3147 2231 3211 emmeteria,
2267 3148 2358 3202 ubi
2391 3148 2511 3203 sita:
2543 3162 2669 3205 sunt
2695 3151 2939 3221 reliquiae
2971 3164 3284 3208 sanctorum
3335 3172 3472 3211 mar-

1900 3242 2100 3303 tyrum,
2132 3242 2187 3288 et
2221 3250 2415 3305 rogare
2458 3236 2623 3291 Deum
2654 3254 2751 3307 pro
2776 3255 3105 3310 unoquoque
3134 3258 3348 3309 eorum,
3377 3247 3470 3314 qui

1897 3326 2294 3396 allligebantur.
2339 3327 2404 3382 Et
2440 3330 2714 3399 quomodo
2774 3330 2953 3387 bonus
3007 3333 3218 3389 amicus
3266 3335 3469 3391 bonum

1896 3419 2136 3473 amicum
2167 3434 2389 3489 rogans.
2445 3435 2554 3475 non
2595 3419 2881 3477 fraudatur
2905 3439 2971 3478 eo
3004 3426 3148 3495 quod
3185 3426 3355 3495 petit:
3399 3430 3469 3481 ita

1899 3512 1943 3566 si
1978 3513 2197 3581 quando
2223 3512 2269 3567 is
2303 3528 2335 3568 a
2363 3512 2471 3568 Deo
2495 3514 2698 3585 aliquid
2730 3514 2995 3585 petiisset,
3028 3517 3259 3587 praebuit
3282 3518 3331 3572 ei
3354 3533 3469 3572 omo

1900 3619 1997 3658 nes
2026 3604 2333 3673 petitiones.
2367 3605 2675 3677 Aliquando
2709 3608 2927 3678 quidem
2954 3624 3076 3664 cum
3105 3619 3250 3664 esset
3278 3626 3469 3681 magna

1900 3694 2092 3761 fames,
2122 3705 2175 3751 et
2201 3697 2356 3765 panis
2403 3713 2509 3752 non
2556 3700 2842 3757 allerretur
2884 3702 2937 3755 in
2964 3700 3165 3769 forum,
3192 3714 3310 3758 erat
3348 3704 3469 3772 qui-

1897 3788 2020 3841 dam
2054 3787 2440 3844 Faustinianus
2466 3790 2989 3862 immisericors,qui
3023 3795 3220 3850 multas
3244 3795 3470 3849 habebat

1897 3877 2090 3933 domos
2123 3878 2362 3945 clausas,
2406 3880 2595 3950 plenas
2641 3882 2843 3938 hordeo
2874 3892 2929 3937 et
2976 3883 3265 3937 frumento.
3299 3884 3348 3940 Is
3382 3900 3483 3939 ac-

1897 3966 2105 4036 eipiens
2146 3983 2364 4034 aurum,
2416 3968 2581 4024 dabat
2626 3969 2850 4025 volenti.
2906 3969 3080 4025 Dabat
3139 3979 3318 4027 autem
3374 3989 3470 4043 pro

1899 4072 2124 4113 nummo
2157 4066 2268 4113 tres
2300 4073 2611 4124 mensuras,
2646 4061 2740 4132 qui
2768 4070 3032 4116 vocantur
3059 4061 3246 4116 modii.
3277 4064 3480 4118 Erant-

1898 4163 2005 4217 que
2046 4164 2255 4219 magna:
2301 4150 2569 4221 angustia:
2604 4152 2656 4204 in
2706 4152 2945 4208 civitate.
2986 4142 3130 4207 Dixit
3176 4170 3306 4225 ergo
3349 4155 3467 4225 Epi-

1899 4239 2133 4309 phanius
2156 4238 2552 4296 Faustiuiauo:
2604 4240 2679 4295 Da
2711 4242 2870 4308 mihi,
2909 4257 2943 4297 ο
2966 4246 3189 4312 optime,
3227 4242 3467 4299 frumen-

1900 4341 2012 4386 tum
2047 4332 2113 4387 ad
2146 4331 2369 4387 alendos
2406 4333 2678 4401 homines,
2717 4342 2774 4389 et
2807 4350 2837 4389 a
2870 4350 2957 4390 me
2999 4335 3234 4406 accipies
3275 4337 3468 4391 borum

214 4399 565 4487 ἁπάντωνῧο
600 4428 657 4482 δὲ
692 4399 1044 4496 άσπλαγχνος
1089 4418 1475 4480 Φαυστινιανὸς
1520 4416 1790 4479 τοιούτους

1898 4423 2140 4476 omnium
2165 4421 2427 4476 debitum.
2458 4422 2852 4479 lmmisericors
2882 4435 3068 4481 autem
3121 4436 3174 4481 et
3207 4426 3468 4483 barbarus

214 4527 402 4594 λόγους
447 4522 632 4591 λέγειν
676 4520 879 4591 ἤρξατο
923 4513 1254 4585 Ἐπιφανίῳ·
1308 4508 1563 4572 Ἀπελθε,
1614 4507 1750 4579 φησι
1776 4546 1791 4570 ,

212 4615 600 4686 παρακάλεσον
633 4610 726 4664 τὸν
757 4610 912 4673 Θεὸν,
938 4607 997 4661 δν
1028 4608 1092 4661 σὺ
1124 4605 1282 4678 σέϐῃ,
1319 4605 1414 4659 καὶ
1446 4602 1672 4675 παρέξει
1713 4619 1794 4655 σοι

214 4710 357 4761 σῖτον
382 4706 523 4779 πρὸς
550 4701 848 4775 διατροφὴν
890 4699 1000 4754 τῶν
1045 4698 1152 4753 σῶν
1186 4695 1453 4768 φίλων.’0
1483 4694 1613 4763 γοῦν
1645 4694 1703 4747 'E
1715 4710 1795 4745 πι-

218 4797 400 4867 ιράνιος
445 4792 679 4862 ἐξελθὼν
731 4794 789 4844 ὲν
842 4791 942 4861 μιᾷ
988 4787 1144 4843 νυκτὶ
1175 4789 1233 4842 ὲν
1264 4790 1377 4851 τοῖς
1418 4784 1794 4857 κοιμητηρίοις

222 4890 515 4963 παρεκάλει
558 4887 653 4941 τὸν
694 4884 825 4938 Θεὸν
867 4882 961 4936 ἐπὶ
1008 4881 1072 4934 τὸ
1110 4879 1395 4953 διαθρέψαι
1427 4879 1635 4941 πάντας
1670 4877 1797 4940 τοὺς

221 4979 587 5049 πενομένους.
629 4970 738 5027 Ἷιν
791 4973 849 5026 δὲ
897 4971 1024 5036 ναὸς
1073 4972 1282 5034 ἐκεῖνος
1339 4970 1587 5041 ἀρχαῖος,
1647 4968 1795 5032 ὅστις

221 5071 458 5125 ἐκαλεῖτο
489 5068 613 5131 Διὸς
640 5064 966 5135 Ἀσιράλειαο
993 5062 1165 5132 τούτῳ
1192 5060 1249 5114 δὲ
1291 5060 1371 5131 τῷ
1412 5058 1527 5131 ναῷ
1573 5059 1625 5113 ετ
1666 5074 1795 5112 ποτε

222 5160 441 5228 ἧγγισέν
470 5176 554 5222 τις
582 5157 693 5210 τῶν
722 5155 1046 5226 ἀνθρώπων,
1085 5154 1299 5221 ἐλέγετο
1331 5151 1534 5215 εὐθέως
1562 5149 1667 5203 ὑπὸ
1701 5149 1796 5203 θα-

224 5250 376 5303 νάτου
419 5244 922 5319 λαμϐάνεσθαι.Ὠς
965 5238 1059 5296 οὖν
1107 5237 1174 5311 ἦν
1202 5240 1516 5311 Ἐπιφάνιος
1542 5238 1796 5310 δεόμενος

226 5340 312 5393 τοῦ
355 5339 489 5394 Θεοῦ
520 5338 661 5409 ὑπὲρ
706 5334 817 5391 τῶν
866 5332 1215 5402 θλιϐομένων,
1251 5330 1403 5402 φωνὴ
1445 5329 1610 5385 αὑτοῦ
1644 5329 1797 5397 γέγοο

226 5447 338 5483 νεν-
370 5430 679 5499 Ἐπιφάνιε,
712 5426 869 5499 φησὶ,
898 5424 975 5497 μὴ
1010 5422 1380 5494 ταραχθῇς.’0
1406 5422 1462 5475 δὲ
1493 5421 1657 5493 φησιν
1678 5437 1691 5452 ⁸
1726 5424 1792 5477 Τί

1894 4524 1950 4568 et
1980 4514 2276 4569 sceleratus
2319 4512 2705 4572 Faustinianus
2739 4516 2854 4571 hanc
2886 4519 3048 4572 verba
3078 4518 3214 4573 dixit
3236 4519 3465 4590 Epipha-

1898 4604 1985 4658 nio
2020 4622 2033 4658 :
2075 4603 2223 4674 Roga
2282 4602 2504 4667 Iesum,
2550 4621 2713 4677 quem
2759 4606 2915 4669 colis,
2963 4618 3020 4662 et
3069 4596 3328 4679 praebebit
3373 4610 3467 4664 tibi

1898 4694 2225 4751 frumentum
2278 4696 2345 4750 ad
2408 4695 2636 4752 alendus
2688 4707 2812 4753 tuos
2866 4700 3092 4753 amicos.
3136 4698 3468 4770 Epiphanius

1898 4786 2079 4854 itaque
2120 4799 2225 4839 una
2260 4794 2421 4840 nocte
2461 4786 2739 4858 ingressus
2779 4796 2863 4841 est
2893 4789 3203 4843 ccemeteria
3255 4798 3464 4845 sancto-

1897 4890 2015 4928 rum
2047 4884 2371 4947 martyrum,
2402 4887 2457 4930 et
2487 4878 2699 4949 rogavit
2740 4877 2935 4939 Deum,
2964 4888 3021 4932 ut
3047 4878 3199 4932 daret
3230 4878 3467 4933 frumen-

1897 4976 2010 5019 tum
2041 4965 2129 5029 iis,
2166 4967 2259 5036 qui
2289 4977 2445 5021 erant
2479 4969 2678 5023 redacti
2710 4969 2764 5023 in
2795 4971 3099 5041 angustias.
3130 4971 3257 5023 Erat
3287 4979 3466 5025 autem

1899 5056 2154 5125 templum
2198 5058 2565 5129 obsignatum,
2610 5062 2754 5132 quod
2801 5063 3099 5116 vocabatur
3141 5061 3329 5118 Tutela
3371 5063 3468 5118 Jo-

1900 5147 2000 5203 vis.
2038 5146 2173 5204 lluic
2197 5151 2396 5220 templo
2425 5151 2470 5207 si
2511 5154 2730 5221 quando
2767 5154 2893 5224 quis
2921 5170 2988 5209 ex
3026 5154 3343 5211 hominibus
3371 5174 3467 5227 ap-

1897 5239 2333 5311 pr0pinquasset,
2388 5258 2416 5296 a
2476 5244 2662 5299 multis
2723 5244 3020 5309 ferebatur,
3086 5248 3229 5317 quod
3296 5262 3468 5303 morte

1897 5331 2081 5387 Statim
2135 5333 2518 5402 corriperetur.
2565 5335 2699 5391 Cum
2735 5352 2866 5407 ergo
2914 5336 3248 5407 Epiphanius
3297 5337 3467 5392 D.-um

1898 5430 2079 5478 oraret
2111 5438 2211 5494 pro
2241 5423 2307 5479 iis
2349 5423 2441 5495 qui
2473 5426 2867 5498 aﬂligebantur,
2903 5427 2970 5481 ad
3017 5444 3141 5483 eum
3172 5444 3274 5482 vox
3327 5429 3468 5485 facta

299 5566 371 5633 (α)
409 5567 539 5633 Qua:
558 5562 1073 5636 sequuntur__Gr:eca
1097 5577 1160 5636 ev
1186 5560 1376 5636 Latirio
1410 5561 1727 5633 corrigenda
1750 5550 1783 5620 h

1897 5568 2053 5623 modo
2084 5585 2096 5623 :
2131 5567 2204 5621 Τὸ
2234 5566 2443 5621 παιδίον
2474 5567 2597 5621 ποτὲ
2629 5566 2899 5622 άπνοανὸν
2931 5565 3025 5620 καὶ
3070 5563 3331 5632 ἀναστὰν,
3375 5558 3474 5612 λα·

233 5635 326 5689 δον
353 5630 451 5709 τὴν
475 5630 701 5709 χάρινξρ.
738 5635 829 5692 καὶ
854 5631 1069 5713 Maces.
1114 5631 1267 5697 Epist.
1299 5630 1539 5693 Pagtnot.
