3866 6066
441 198 498 253 fl
1737 197 1799 255 S.
1839 195 2183 254 EPIPHANII
2222 195 2403 253 VITA.
3614 201 3673 257 9.2.

435 318 538 372 cst,
595 307 907 401 Epiphani,
979 310 1253 383 inquiens.
1318 312 1660 384 Epiphanius
1712 329 1844 369 vero
1891 314 2012 368 nilti‘

2131 314 2266 377 ἐστι,
2301 311 2506 384 Κύριες
2540 311 2651 366 Καὶ
2696 305 2847 367 εἶπεν
2878 312 3015 386 πρὸς
3053 312 3213 368 αὐτόν
3235 327 3248 343 '
3283 312 3511 368 ’Δπελθε
3539 314 3675 383 ἐντῷ

438 400 800 457 conturbatus
827 420 849 456 επ
878 400 1018 469 Quid
1047 414 1151 468 est,
1184 403 1456 458 Domine?
1482 404 1550 458 Et
1570 403 1709 460 dixit
1746 402 1837 459 ei:
1876 403 2035 460 Vade‘

440 489 493 542 in
532 490 814 557 templum,
842 493 987 562 quod
1014 504 1241 549 vocatur
1283 493 1676 560 TutelacJ‘ovis,
1718 504 1774 549 et
1806 495 2024 552 solven-

440 594 526 636 tur
554 583 834 653 signacula
884 596 1187 655 portarum,
1215 597 1270 643 et
1313 589 1563 645 invenies
1601 589 1834 644 multum
1876 582 2018 643 auri.

437 673 574 727 Ilum
613 681 668 728 tu
711 675 761 730 id
794 678 1091 745 acceperis,
1132 694 1253 735 eme
1285 679 1619 736 frumentum
1655 689 1710 735 et
1752 680 2018 736 hordeum

438 760 802 829 Faustiniani,
849 777 902 821 et
931 766 1002 822 da
1051 768 1368 825 alimentum
1417 770 1723 841 egentibus.
1778 768 2019 840 Epipha-

437 855 561 910 nius
596 865 778 912 autem
812 858 910 913 ivit
952 862 1206 930 protinus
1234 863 1289 917 in
1322 864 1604 933 templum,
1649 859 1704 918 et
1747 877 1869 918 cum
1915 861 2019 917 fuit
2059 851 2062 855 ’

435 959 604 1016 prope
644 948 954 1018 ingressum
1008 954 1218 1022 templi,
1264 955 1449 1009 statim
1483 952 1797 1009 ceciderunt
1838 953 2019 1024 signa-

435 1036 580 1101 cula,
615 1046 664 1091 et
697 1048 869 1107 portae
901 1050 1103 1111 apertae
1134 1052 1283 1100 sunt.
1323 1043 1602 1115 Ingressus
1630 1060 1761 1100 vero
1783 1043 2020 1114 Epipha-

436 1125 562 1182 nius
598 1128 801 1184 invenit
839 1132 1075 1187 multum
1119 1134 1261 1191 auri.
1311 1135 1448 1190 Cum
1494 1150 1561 1191 ex
1589 1150 1657 1192 eo
1705 1150 1839 1206 ergo
1869 1152 2035 1192 acce~

436 1215 625 1284 pisset,
671 1218 818 1275 dedit
864 1219 1246 1289 Faustiniano,
1281 1235 1334 1280 et
1373 1225 1512 1280 dixit
1544 1244 1559 1280 :
1618 1226 1819 1297 Accipe
1859 1241 2025 1297 pecu-

436 1306 604 1371 niam,
642 1317 696 1363 et
743 1311 807 1365 da
844 1313 975 1368 mihi
1008 1313 1472 1375 frumentum..‘At
1511 1333 1712 1373 avarus
1760 1327 1815 1373 et
1847 1319 2020 1373 scele-

434 1409 553 1457 stus
596 1402 988 1465 Faustinianus
1032 1425 1167 1464 auro
1210 1421 1434 1482 accepto
1486 1408 1820 1466 frumentum
1877 1426 2018 1482 prae—

434 1494 550 1550 buit
585 1496 688 1565 ipsi
732 1513 832 1568 per
872 1501 1083 1558 modios
1129 1513 1334 1558 ternos.
1373 1502 1716 1574 Epiphanius
1745 1513 1925 1559 autem
1962 1502 2014 1557 id

432 1585 656 1653 praebuit
677 1587 1066 1658 indigentibus.
1096 1590 1214 1646 Non
1248 1591 1567 1649 defecerunt
1595 1609 1728 1665 ergo
1749 1594 2013 1664 pecunia),

2129 403 2240 475 ναῷ
2265 403 2343 475 τῷ
2370 403 2688 475 καλουμένῳ
2713 404 2835 468 Διὸς
2850 404 3158 474 Ἀσφάλεια,
3177 406 3271 458 καὶ
3302 403 3606 476 λυθήσονται
3628 416 3676 465 at

2129 496 2235 549 τῶν
2262 495 2442 568 θυρῶν
2476 495 2799 568 σφραγῖδες*
2838 497 2932 549 καὶ
2967 496 3223 552 εἰσελθὼν
3276 498 3525 569 εὑρήσεις
3560 517 3660 568 χρυ

2130 586 2243 638 σίον
2284 584 2419 639 πολύ
2435 604 2448 616 ·
2501 585 2660 643 τοῦτο
2691 584 2871 639 λαὸὼν
2914 587 3188 658 ἀγόρασον
3240 586 3360 640 ὅλον
3409 587 3499 641 τὸν
3553 593 3679 641 σῖτον

2125 675 2535 743 Φαυστινιανοῦ,
2564 678 2661 734 καὶ
2712 676 2812 750 τὴν
2856 676 3070 751 κριθὴν,
3105 678 3200 732 καὶ
3228 678 3320 743 δὸς
3357 679 3554 750 τροφὴν
3585 682 3672 740 τεῖ,

2125 769 2417 839 δεομένοις.
2434 770 2493 823 'O
2524 769 2652 838 γοῦν
2686 770 3002 840 Ἐπιφάνιος
3041 769 3311 842 ἐπορεύθη
3350 771 3409 823 ὲν
3448 769 3523 840 τῷ
3549 770 3675 840 ναῷ’

2129 862 2221 914 καὶ
2268 861 2345 925 ὡς
2376 863 2601 934 ἢγγισεν
2635 862 2771 935 πρὸς
2801 862 2900 935 τὴν
2931 863 3138 918 εἴσοδον
3180 862 3274 916 τοῦ
3317 862 3466 927 ναοῦ,
3500 863 3672 926 εύθέωι

2126 953 2327 1008 ἔπεσαν
2357 956 2415 1008 αἱ
2449 956 2762 1027 σφραγῖδες,
2802 957 2897 1010 καὶ
2928 957 2985 1009 αἱ
3016 954 3177 1027 θύραι
3206 954 3569 1025 ἠνεῴχθησαν,
3601 956 3672 1007 καὶ

2125 1044 2381 1099 εἰσελθὼν
2408 1047 2747 1115 Ἐπιφάνιος,
2780 1041 2938 1116 εὗρεν
2965 1047 3187 1119 χρυσίον
3221 1046 3379 1102 πολύ.
3398 1045 3580 1099 Λαϐὼν
3598 1041 3685 1099 οὖν,

2124 1135 2278 1201 αὐτὸ,
2307 1134 2369 1200 ἐξ
2389 1136 2553 1190 αὑτοῦ
2577 1137 2821 1190 ἐπεδίδου
2849 1135 2928 1207 τῷ
2958 1136 3329 1207 Φαυστινιανῷ
3354 1136 3521 1205 λέγων
3542 1155 3553 1167 ·
3592 1138 3679 1191 Adv

2124 1228 2208 1293 ϐε,
2237 1227 2391 1298 φησὶ,
2426 1230 2701 1300 χρήματα.
2729 1229 2823 1283 καὶ
2855 1230 2943 1293 δός
2981 1247 3070 1300 μοι.
3099 1231 3266 1283 σῖτον.
3284 1230 3343 1282 ὐ
3365 1228 3425 1283 δὲ
3448 1229 3671 1302 φιλοχρή-

2129 1335 2259 1389 μων-
2284 1318 2380 1372 καὶ
2422 1319 2676 1391 ἀλάστωρ
2707 1320 3127 1385 Φαυστινιανδς,
3158 1319 3445 1391 δεχόμενος
3474 1321 3531 1374 τὸ
3561 1337 3676 1392 χρυ-

2127 1410 2261 1475 σίον,
2299 1413 2525 1483 παρεῖχε
2554 1412 2704 1483 αὐτῷ
2723 1412 2817 1465 τὸν
2847 1415 3011 1473 σῖτον,
3048 1411 3192 1465 κατά
3216 1412 3383 1483 τριῶν
3410 1412 3682 1482 μοδίων.’0

2123 1499 2191 1555 δὲ,
2228 1501 2546 1569 Ἐπιφάνιος
2600 1504 2861 1573 παρεῖχεν
2908 1504 3053 1555 σῖτον
3104 1502 3318 1573 ἑκάστῳ
3361 1502 3468 1556 τῶν
3510 1503 3677 1574 χρείαν

2125 1590 2378 1660 ἐχόντων,
2406 1591 2498 1644 καὶ
2543 1591 2643 1645 οὐκ
2689 1591 2964 1657 ἐξέλειπον
2991 1590 3059 1644 τά
3099 1593 3377 1663 χρήματα,
3404 1592 3506 1657 ἕως
3531 1587 3681 1658 οὖ-ὲξ·

429 1677 975 1751 donecEpiphanius
1018 1685 1152 1739 emit
1195 1686 1403 1750 omnia,
1444 1701 1566 1755 quae
1601 1687 1835 1741 habebat
1867 1685 2009 1740 Fau-

2119 1681 2389 1753 ηγόρασεν
2425 1683 2601 1737 πάντα
2646 1683 2715 1737 τὰ
2767 1682 3053 1755 βρώματα,
3097 1684 3151 1739 ἀ,
3185 1685 3679 1756 συνήγαγῦνόφαυ·

430 1767 706 1825 stinianus
753 1772 820 1827 ad
852 1773 1197 1829 alimentum.
1253 1775 1500 1846 Implevit
1547 1784 1728 1832 autem
1782 1774 2013 1846 Epipha-

431 1858 556 1913 nius
592 1860 793 1915 multas
820 1862 1014 1919 domos
1046 1864 1318 1922 frumento
1346 1875 1400 1924 et
1431 1868 1655 1934 hordeo,
1690 1869 1836 1939 quod
1865 1884 2015 1923 eme-

431 1957 578 2004 rata
633 1949 1034 2009 Faustiniauo:
1084 1965 1138 2011 et
1193 1958 1289 2011 toti
1343 1959 1548 2014 civitati
1607 1959 2023 2030 suppeditavit,

432 2040 545 2096 sive
578 2043 759 2111 potius
789 2042 932 2100 Deus
963 2062 1060 2116 per
1089 2046 1476 2119 Epiphanium.

504 2156 640 2214 LIV.
670 2157 993 2215 Defecerunt
1012 2172 1193 2217 autem
1219 2177 1359 2218 escae
1380 2162 1434 2218 in
1462 2162 1627 2219 domo
1647 2163 2010 2232 Faustiniaui,

427 2268 480 2314 et
511 2259 653 2314 inter
673 2275 867 2316 omnes
897 2262 1147 2318 homines
1164 2263 1326 2319 lauta:
1343 2274 1499 2320 erant
1516 2265 1707 2335 epulae,
1726 2275 1780 2322 et
1805 2282 2015 2340 magna:

428 2362 690 2432 angustiae
706 2361 760 2416 in
777 2364 943 2418 domo
958 2362 1320 2420 Faustiniani.
1336 2364 1513 2423 Malus
1538 2382 1666 2423 vero
1679 2376 1733 2423 et
1746 2369 2017 2425 violentus

428 2472 483 2518 et
514 2462 913 2519 immisericors
954 2461 1366 2531 Faustinianus,
1396 2466 1656 2536 probrum
1687 2482 1807 2524 esse
1840 2476 2029 2535 ratus,

428 2567 584 2622 cibos
615 2566 801 2622 domui
835 2582 948 2622 suto
989 2576 1173 2637 petere
1198 2567 1268 2622 ab
1298 2566 1623 2638 Epiphanio,
1647 2584 1772 2623 cum
1795 2584 1888 2624 sex
1920 2569 2016 2623 ha-

429 2668 581 2723 beret
597 2666 817 2737 propria
837 2667 1076 2740 navigia,
1098 2667 1203 2722 alia
1223 2682 1441 2738 quoque
1462 2668 1706 2740 quinque
1720 2667 2010 2724 conduxit:

426 2773 484 2820 et
529 2780 654 2821 cum
686 2765 925 2820 dedisset
970 2766 1241 2835 pecunias
1270 2764 1533 2837 Longino
1572 2765 1743 2821 totius
1797 2763 2014 2820 familia:

431 2881 545 2921 sua:
593 2866 932 2930 fidelissimo,
984 2866 1137 2922 misit
1162 2881 1286 2921 eum
1340 2867 1407 2921 ad
1442 2867 1731 2923 emendum
1760 2865 2025 2921 frumen-.

431 2976 569 3025 tum.
599 2969 680 3023 Illi
709 2979 887 3024 autem
927 2984 1048 3025 cum
1090 2970 1442 3042 navigassent
1495 2970 1549 3024 in
1583 2969 1918 3034 Calabriam,
1959 2977 2013 3024 ct

433 3074 771 3131 frumentum
830 3076 942 3133 illic
1001 3076 1246 3148 aliasque
1312 3078 1521 3148 species
1570 3078 1852 3144 emissent,
1891 3085 2015 3147 post

432 3188 548 3236 tres
574 3195 793 3237 menses
824 3182 1157 3252 adnavigant
1198 3182 1250 3238 id
1280 3183 1566 3238 habentes.
1618 3181 1849 3239 Centum
1884 3196 2014 3237 vero

430 3280 625 3337 stadiis
666 3281 830 3352 longe
860 3298 893 3338 a
942 3283 1286 3348 Constantia,
1328 3300 1395 3338 ex
1422 3284 1653 3340 adverso
1694 3283 1833 3353 ejus,
1866 3281 2013 3353 quod

429 3389 633 3443 dicitur
674 3388 1106 3450 Dianeuterium.
1137 3392 1315 3443 oritur
1346 3390 1399 3443 in
1431 3389 1573 3444 mani
1608 3388 1843 3445 maxima
1876 3397 2018 3442 tem-

431 3503 636 3567 pestas,
670 3503 727 3549 et
747 3503 1016 3549 venerunt
1041 3496 1094 3549 iu
1118 3494 1422 3564 periculum
1453 3506 1617 3549 naves
1645 3491 2009 3558 Faustiniani,

429 3598 551 3655 quae
592 3581 890 3638 afferebant
937 3582 1296 3650 frumentum,
1338 3592 1624 3654 totumque
1673 3582 2008 3639 frumentum

432 3692 581 3732 mare
613 3676 680 3731 ad
708 3676 862 3733 littus
900 3676 1132 3747 impulit.
1187 3675 1323 3732 Cum
1377 3678 1492 3732 haec
1543 3688 1722 3732 autem
1750 3675 2012 3731 audiisset

430 3767 907 3832 Faustinianus,et
937 3768 1120 3824 statim
1156 3770 1222 3824 ad
1254 3783 1405 3824 mare
1432 3769 1781 3836 accessisset,
1802 3776 1855 3824 et
1877 3783 2011 3824 oce--

429 3863 494 3918 lis
526 3862 747 3917 vidisset
805 3876 927 3932 qua:
967 3860 1106 3916 facta
1158 3860 1396 3928 fuerant,
1453 3862 1761 3932 sepulcrum
1803 3860 2022 3919 habens.

425 3974 487 4013 os
522 3973 682 4013 suum
725 3968 999 4028 apertum,
1053 3959 1235 4012 statim
1303 3958 1471 4029 coepit
1521 3959 1824 4014 sceleratus
1863 3958 2008 4013 blas-

426 4052 683 4121 phemare
717 4052 771 4106 in
822 4052 1189 4116 Altissimum,
1236 4059 1291 4104 et
1324 4051 1540 4121 probris
1573 4059 1825 4121 appetere
1878 4049 2008 4122 Epi.

426 4143 712 4213 pbanium,
749 4142 945 4198 dicens
978 4142 1143 4198 verba
1186 4141 1500 4214 hujusmodi
1528 4160 1541 4196 :
1573 4140 1674 4197 Hic
1713 4156 1906 4211 magus
1954 4150 2008 4196 et

426 4235 611 4308 przedo
651 4250 759 4289 non
792 4236 967 4290 solmn
1037 4235 1091 4289 in
1127 4243 1270 4290 terra
1326 4232 1602 4289 malefacit
1632 4233 1818 4288 domui
1872 4246 2009 4288 meat

425 4327 575 4380 omni
609 4335 850 4395 tempore
880 4343 895 4393 ;
932 4326 1027 4381 sed
1061 4327 1225 4382 etiam
1260 4328 1313 4381 in
1365 4342 1515 4382 mare
1549 4328 1772 4381 mittens
1802 4324 2038 4380 daemoo.‘

2038 4382 2085 4442 θ
2110 4407 2244 4462 ἀλλὰ
2293 4382 2400 4461 ’καί
2424 4382 2544 4460 ’.ἐπὶ
2707 4382 2985 4478 θαλάσσης
3004 4382 3292 4479 ⁷δαίμονας
3322 4402 3672 4466 ἀποστέλλων,

424 4434 552 4484 nes,
574 4417 844 4489 prohibet,
882 4432 949 4472 ne
979 4417 1320 4488 ingrediatur
1351 4418 1426 4484 id,
1475 4416 1621 4486 quod
1649 4424 1733 4471 est
1767 4414 1892 4470 usui
1926 4414 2007 4469 fa-

426 4511 588 4566 miliae
610 4524 771 4565 mem.
804 4507 849 4563 Ο
875 4508 1002 4580 quis
1031 4519 1226 4564 ventus
1256 4508 1439 4564 emisit
1466 4508 1613 4563 hunc
1642 4508 1955 4578 praedonem
1981 4508 2026 4561 ’τ-

422 4606 671 4676 Cumque
701 4604 815 4660 haec
846 4602 1096 4667 dixisset,
1133 4611 1186 4658 et
1215 4603 1373 4673 plura
1413 4601 1521 4667 bis,
1563 4601 1661 4656 ivit
1689 4602 1743 4657 in
1776 4601 2000 4657 domum

425 4707 582 4750 suam
616 4690 875 4747 minitans
907 4690 1237 4762 Epiphanio.
1266 4690 1471 4746 Omnes
1498 4700 1703 4759 autem,
1723 4693 1819 4763 qui
1845 4700 2003 4747 erant

424 4787 738 4859 congregati
776 4787 830 4841 in
891 4784 1130 4851 civitate,
1164 4784 1266 4840 viri
1297 4793 1352 4839 et
1416 4785 1692 4852 mulieres,
1722 4800 1830 4839 una
1875 4799 2000 4840 cum

422 4879 538 4936 suis
567 4879 779 4943 liberis,
810 4877 1141 4949 colligebant
1168 4875 1528 4942 frumentum,
1582 4885 1636 4932 et
1668 4875 1914 4932 ferebant
1946 4878 2000 4932 in

421 4971 616 5027 domos
642 4986 793 5036 snas,
827 4978 1223 5042 congregantes
1253 4977 1552 5039 sumptura,
1599 4968 1739 5024 alius
1779 4969 1999 5039 quidem

423 5062 587 5118 unius
615 5063 767 5129 anni,
801 5063 942 5118 alius
988 5077 1122 5117 vero
1169 5059 1406 5117 duorum
1435 5074 1727 5114 annorum.
1758 5059 2002 5115 Habebat

421 5169 551 5210 vero
576 5152 965 5210 Faustinianus
999 5169 1251 5220 uxorem,
1286 5168 1408 5223 quae
1441 5150 1674 5207 faciebat
1697 5153 1840 5207 bona
1871 5169 2001 5221 ope-

422 5261 503 5300 ra.
539 5240 659 5314 Ipsa
685 5259 837 5314 ergo,
861 5244 1128 5299 insciente
1146 5243 1527 5309 Faustiniano,
1568 5242 1717 5298 misit
1738 5242 1821 5298 bis
1852 5243 2001 5298 mille

420 5352 679 5392 nummos
728 5335 1055 5406 Epiphanio,
1104 5344 1165 5389 ut
1197 5334 1385 5391 domui
1427 5333 1546 5404 ejus
1599 5334 1861 5404 praeberet
1897 5335 2001 5387 ali-

421 5437 627 5485 menta.
667 5427 815 5483 Dixit
849 5438 1030 5482 autem
1064 5427 1279 5482 mulieri
1315 5422 1654 5496 Epiphanius
1684 5444 1697 5481 :
1734 5424 1881 5481 Tene
1901 5441 1998 5496 pe-

420 5524 639 5580 cnniam
675 5526 729 5578 in
768 5521 934 5577 domo
958 5530 1074 5587 tua,
1118 5530 1173 5577 et
1200 5520 1388 5591 accipe
1429 5518 1657 5584 cibaria,
1685 5520 1886 5589 quibus
1916 5519 1998 5573 in—

419 5617 610 5688 diges:
654 5623 710 5674 ct
755 5613 977 5687 quando
1014 5622 1156 5670 terra
1208 5610 1547 5685 produxerit,
1604 5619 1733 5666 tunc
1781 5609 1997 5680 reddes,

2121 1772 2408 1836 στινιανὸς,
2444 1775 2539 1827 καὶ⁹
2564 1772 2799 1845 ἔπλησεν
2821 1775 3003 1838 οἴκους
3031 1774 3261 1839 πολλοὺς
3288 1777 3597 1846 Ἐπιφάνιος
3615 1777 3678 1830 σί-

2120 1881 2235 1929 του,
2263 1864 2354 1919 καὶ
2382 1865 2599 1937 κριθῆς,
2628 1866 2737 1920 τῶν
2757 1865 3173 1938 ἀγορασθέντων
3204 1866 3359 1939 παρά
3382 1868 3677 1921 Φαυστινια-

2120 1957 2229 2010 νοῦη
2285 1958 2376 2011 καὶ
2422 1960 2681 2031 παρεῖχεν
2727 1959 2877 2030 πάσῃ
2905 1961 2970 2031 τῇ
3005 1958 3182 2025 πόλει,
3203 1959 3406 2029 μᾶλλον
3435 1961 3490 2014 δὲ
3515 1963 3542 2014 ὁ
3565 1960 3679 2025 Θεὸς

2016 2114 2031 2131 ν
2120 2050 2189 2104 δι’
2211 2049 2558 2120 Ἐπιφανίου.

2189 2164 2312 2217 ΝΔ¹.
2334 2163 2455 2234 Καὶ,
2469 2158 2537 2237 ἦν
2556 2162 2756 2236 εὐωχία
2780 2164 2944 2218 πᾶσιν
2960 2163 3055 2218 ἀνθ
3064 2162 3289 2236 ρῶποις,
3322 2163 3416 2220 καὶ
3443 2159 3509 2234 ἦν
3530 2162 3679 2234 πολλὴ

2124 2263 2383 2328 στένωσις
2416 2265 2473 2318 ὲν
2498 2263 2573 2336 τῷ
2608 2264 2743 2336 οἴκῳ
2762 2265 3171 2320 Φαυστινιανοῦ.
3210 2265 3272 2319 ’0
3306 2264 3366 2325 δὲ
3411 2265 3569 2328 κακὸς
3597 2263 3680 2316 καὶ

2123 2367 2294 2436 βίαιος
2320 2365 2706 2431 Φαυστινιανὸς
2728 2366 3015 2430 στενωθεὶς
3035 2366 3124 2420 διὰ
3149 2366 3249 2437 τῆς
3267 2363 3676 2439 φιλοχρηματίας

2122 2466 2308 2534 αὐτοῦ,
2345 2465 2503 2538 ὓϐριν
2542 2466 2841 2538 ἡγούμενος
2885 2467 3035 2541 παρὰ
3078 2467 3401 2539 Ἐπιφανίου
3436 2464 3675 2538 βρώματα

2122 2568 2342 2637 αἰτῆσαι
2370 2566 2447 2637 τῷ
2485 2566 2621 2638 οἴκῳ
2652 2567 2840 2632 αὐτοῦ,
2871 2569 3031 2623 πλοῖα
3079 2566 3218 2639 ἔχων
3245 2569 3381 2632 ῐδια,
3406 2562 3674 2638 ἐξεμισθὼ-

2123 2684 2253 2721 σατο
2278 2668 2374 2741 καὶ
2412 2667 2578 2738 ἕτερα
2599 2665 2782 2730 πέντε,
2817 2668 2911 2722 καὶ
2939 2667 3117 2732 δώσας
3158 2668 3412 2739 Λογγίνῳ
3441 2667 3676 2739 χρήματα

2118 2767 2198 2839 τῷ
2235 2768 2542 2839 πιστοτάτῳ
2559 2767 2746 2835 αὐτοῦ,
2778 2769 3087 2825 ἐπέστειλεν
3113 2772 3171 2823 ὲν
3219 2769 3524 2842 Καλαϐρίᾳ,
3546 2768 3676 2832 ὅπως

2120 2869 2329 2927 ἐκεῖθεν
2376 2868 2658 2941 ὠνήσηται
2707 2871 2854 2923 σῖτον
2887 2870 3025 2942 πρὸς
3053 2869 3355 2941 διατροφὴν
3400 2866 3490 2922 τοῦ
3543 2864 3675 2920 οἴκου

2074 3024 2089 3049 η
2125 2973 2310 3028 αὐτοῦ.
2351 2972 2798 3028 Ἐκπλευσάντων
2825 2972 2883 3025 δὲ
2923 2973 3032 3027 τῶν
3076 2973 3301 3041 πλοίων,
3348 2974 3440 3029 καὶ
3483 2972 3687 3043 πληρωι

2127 3077 2328 3132 θέντων
2356 3078 2505 3131 σίτου
2528 3079 2625 3132 καὶ
2664 3078 2867 3153 ἐτέρων
2916 3077 3094 3139 εἰδῶν,
3133 3077 3222 3132 διὰ
3279 3074 3676 3152 τετραμηνιαίου

2117 3183 2308 3254 χρόνου
2334 3181 2761 3254 παραπλέουσιν,
2792 3181 3007 3255 ἔχοντες
3031 3183 3122 3237 τὸν
3156 3185 3324 3249 σῖτον,
3358 3183 3464 3238 ἀπὸ
3492 3187 3536 3253 ρ’
3560 3194 3676 3232 στα-

2116 3284 2246 3341 δίων
2286 3285 2384 3357 τῆς
2427 3285 2847 3352 Κωνσταντίας,
2899 3287 3161 3361 ἄντικρυς
3213 3287 3313 3343 τοῦ
3368 3282 3677 3355 καλουμένου

2116 3390 2523 3461 Διανευτηρίου.
2561 3391 2672 3445 Καὶ
2701 3391 2909 3459 γίνεται
2936 3391 3136 3462 λαίλαψ
3187 3392 3365 3466 μέγας
3403 3394 3460 3445 ὲν
3504 3392 3567 3461 τῇ
3594 3387 3678 3441 θα-

2112 3493 2313 3571 λάσσῃ,
2348 3494 2443 3547 καὶ
2469 3494 2850 3549 ἐκινδύνευσαν
2888 3497 3175 3570 ἀμφότερα
3196 3497 3269 3551 τὰ
3289 3498 3447 3552 πλοῖα
3470 3498 3677 3550 Φαυστι-

2116 3583 2297 3638 νιανοῦ
2324 3583 2393 3638 τὰ
2417 3584 2509 3638 τὸν
2563 3587 2709 3641 σῖτον
2761 3587 2973 3658 ἔχοντα.
3006 3589 3115 3642 Καὶ
3160 3584 3381 3644 ἅπαντα
3432 3588 3519 3644 τὸν
3548 3588 3677 3638 σῖτον

2115 3675 2409 3748 ἐξέϐρασεν
2430 3678 2467 3748 ἡ
2499 3676 2743 3732 θάλασσα
2768 3679 2861 3733 ἐπὶ
2888 3680 2982 3734 τὸν
3009 3680 3275 3750 αἰγιαλόν.
3308 3681 3419 3736 Τοῦ
3458 3680 3514 3733 δὲ
3553 3679 3678 3731 Φαυ-

2116 3768 2384 3823 στινιανοῦ
2413 3769 2761 3835 ἀκούσαντος,
2783 3771 2978 3836 ταῦτα,
3033 3771 3236 3835 εὐθέως
3288 3771 3555 3843 κατῆλθεν
3596 3766 3679 3822 ἐπὶ

2112 3859 2214 3930 τὴν
2242 3857 2539 3926 θάλασσαν,
2574 3860 2669 3914 καὶ
2698 3861 2819 3915 κατ’
2842 3860 3152 3932 ὀφθαλμοὺς
3179 3860 3352 3915 αὑτοῦ
3384 3860 3502 3915 ἰδὼν
3526 3857 3589 3913 τὰ
3611 3874 3677 3925 γι-

2114 3951 2336 4022 νόμενα,
2370 3951 2541 4021 τάφον
2567 3951 2911 4023 ἀνεῳγμένον
2963 3952 3105 4024 ἔχων
3136 3952 3199 4007 τὸ
3249 3953 3451 4013 ἑαυτοῦ
3494 3951 3672 4020 στόμα,

2114 4041 2318 4115 ἤρξατο
2344 4042 2546 4106 εὐθέως
2570 4043 2910 4113 βλασφημεῖν
2941 4042 3033 4097 τδν
3076 4043 3343 4114 Ὕψιστον
3380 4045 3411 4097 ὁ
3440 4037 3674 4098 κακοδαίσ

2117 4151 2252 4205 μων,
2315 4133 2410 4187 καὶ
2465 4133 2746 4205 ἐπιφέρειν
2796 4134 3051 4200 τοιαύτας
3108 4133 3294 4207 ὕϐρεις
3356 4128 3673 4203 Ἐπιφανίῳ’

2126 4223 2280 4289 Ἰδοὺ,
2309 4225 2493 4295 φησὶν,
2517 4225 2545 4277 ὁ
2581 4225 2754 4297 μάγος
2803 4218 2958 4289 οὗτος
3002 4228 3113 4281 καὶ-
3139 4225 3400 4298 ὲπιθέτης
3425 4227 3486 4280 οὐ
3529 4222 3675 4295 μόνον

2113 4316 2205 4369 ἐπὶ
2238 4316 2338 4388 τῆς
2370 4314 2541 4389 ξηρᾶς
2572 4316 2676 4387 γῆς
2702 4316 2916 4388 ἐνεργεῖ
2955 4315 3034 4387 τῷ
3060 4315 3196 4387 οἴκῳ
3228 4333 3329 4388 μου
3379 4318 3460 4379 εἰς
3519 4308 3689 4374 stand,

2108 4499 2396 4557 διακωλύει
2427 4499 2686 4556 εἰσελθεῖν
2714 4500 2774 4557 τὸ
2802 4501 2897 4553 ἐπὶ
2928 4500 3178 4572 διακονία
3227 4498 3322 4553 τοῦ
3349 4494 3671 4571 ὲμοῦοἴκου.

2108 4590 2179 4646 Ὦ
2210 4595 2360 4657 ποῖος
2387 4592 2588 4663 ἄνεμος
2617 4591 2924 4664 ἐξέπεμψεν
2954 4592 3143 4648 τοῦτον
3175 4591 3268 4648 τὸν
3298 4592 3550 4662 ὲπιθέτην
3597 4588 3674 4640 ὲν-

2107 4684 2311 4752 ταῦθα;
2338 4684 2524 4740 Ταῦτα
2542 4684 2735 4749 εἰπὼν,
2769 4686 2865 4739 καὶ
2893 4686 3117 4741 πλείονα
3157 4685 3385 4750 τούτων,
3418 4678 3673 4756 ἐπορεύθη

2109 4780 2167 4831 ὲν
2198 4777 2276 4849 τῷ
2307 4777 2440 4849 οἴκῳ
2463 4775 2626 4830 αὑτοῦ
2652 4775 3041 4849 ἀπειλούμενος
3066 4777 3393 4849 Ἐπιιρανίῳ.
3413 4777 3673 4834 ’Ἅπαντες

2108 4871 2165 4924 δὲ
2202 4871 2253 4925 οἱ
2286 4871 2343 4923 ἐν
2373 4871 2439 4941 τῇ
2473 4870 2626 4923 πόλει
2659 4869 3013 4940 συναχθέντες
3042 4871 3253 4941 ἄνδρες,
3295 4871 3390 4925 καὶ
3410 4868 3669 4939 γυναῖκες,

2111 4961 2247 5032 μετὰ
2278 4961 2500 5015 καὶτῶν
2526 4960 2735 5014 ἑαυτῶν
2759 4961 2965 5015 τέκνων
3009 4960 3343 5028 ὲπεσύναγον
3392 4958 3482 5015 τὸν
3513 4958 3671 5016 σῖτον,

2108 5053 2200 5108 καὶ
2221 5052 2554 5123 ἀπεκόμιζον
2583 5054 2663 5117 είς
2694 5053 2820 5118 τοὺς
2851 5054 3032 5119 οἴκους
3078 5052 3287 5109 ἑαυτῶν
3308 5088 3330 5119 ι,
3363 5050 3672 5118 συνάγοντες

2104 5143 2165 5197 τὸ
2195 5142 2406 5197 ἑαυτῶν
2437 5143 2717 5214 ἀνάλωμα,
2744 5136 2821 5208 ὃς,
2830 5145 2929 5216 μὲν
2948 5144 3217 5210 ἐνιαυτοῦ,
3237 5144 3297 5208 ὃς
3323 5143 3379 5197 δὲ
3405 5140 3497 5196 δύο
3522 5135 3668 5192 ὲτῶν.

2109 5231 2264 5306 Εἷχεν
2292 5235 2347 5288 δὲ
2377 5235 2759 5299 Φαυστινιανὺς
2791 5237 2821 5288 ὁ
2844 5235 3189 5306 κακοδαίμων
3217 5236 3451 5305 γυναῖκα
3470 5224 3670 5303 χρηστὰ

2106 5329 2241 5401 ἔργα
2272 5327 2647 5383 ἐπιτελοῦσαν.
2679 5328 2826 5399 Αὕτη
2850 5323 2942 5382 οὖν
2967 5328 3142 5398 λάθρα
3162 5328 3256 5383 τοῦ
3292 5325 3487 5398 ἀνδρὸς
3511 5317 3671 5388 αὐτῆς

2104 5405 2424 5477 ἀπέστειλεν
2480 5420 2715 5490 δισχίλια
2771 5422 3081 5494 νομίσματα
3134 5420 3466 5490 Ἐπιφανίῳ,
3530 5416 3672 5473 ὅπως

2105 5512 2330 5584 παρέξει
2361 5511 2569 5583 τροφὰς
2583 5512 2671 5584 τῷ
2699 5514 2834 5583 οἴκῳ
2865 5513 3054 5584 αὐτῆς.
3084 5509 3253 5567 Εἶπεν
3282 5513 3338 5566 δὲ
3364 5507 3670 5577 Ἐπιφάνιος

2107 5606 2240 5673 πρὸς
2280 5605 2376 5660 τὴν
2398 5607 2659 5667 γυναῖκα’
2698 5605 2903 5672 Κράτει
2935 5605 3001 5659 τὰ
3028 5604 3337 5677 νομίσματα
3393 5604 3451 5655 ἐν
3493 5597 3569 5670 τῷ
3599 5590 3671 5664 σῷ
