3972 6070
205 120 277 193 91’-
1282 169 1295 177 ο
1508 156 1563 212 s.
1607 138 1945 225 enirn-mu
1988 161 2167 217 vm.
3392 173 3460 225 su

205 252 363 326 σόιῳ,
398 257 493 310 καὶ
528 256 659 311 λάϐε
687 258 928 326 δαπάνας
956 264 1013 316 ἐν
1037 263 1115 335 τῷ
1136 266 1271 338 οἴκῳ
1299 265 1376 339 σῷ
1396 285 1409 301 ⁶
1439 271 1687 325 καὶοδταν
1710 273 1779 326 τά

1890 290 2012 344 quae
2049 275 2345 345 acceperis.
2375 275 2467 332 Sic
2493 286 2672 332 autem
2731 277 2859 335 fecit
2921 296 3064 336 uxor
3096 279 3456 339 Faustiniani.

206 346 744 438 ﬁlipdptaAﬂlﬂptbcEt
767 352 801 422 ὴ
835 353 927 423 γῆ,
955 351 1075 408 τότε
1100 356 1241 428 ἅπερ
1268 357 1476 423 ἔλαϐες,
1506 361 1781 432 παρέξεις.
1817 365 1927 418 Καὶ
1958 366 2214 438 ἐποίησεν
2240 368 2311 437 τῇ
2338 361 2557 435 γυναικὶ
2581 364 2754 432 οὕτως
2784 368 2881 437 (ο).

274 440 405 495 NE‘.
433 435 542 493 Ἦν
566 441 623 494 δέ
651 459 736 506 τις
766 442 1010 509 διάκονος
1033 447 1092 501 ἐν
1118 447 1196 519 τῷ
1229 451 1581 524 ἐπισκοπείῳ,
1614 454 1779 507 Σαϐῖ-

1951 456 2061 511 LV.
2093 435 2223 512 Erat
2260 435 2316 511 in
2342 458 2653 528 episcopatu
2682 435 2902 528 quidam
2942 460 3225 528 diaconus,
3278 464 3460 519 nomi-

209 547 294 616 vq;
336 530 602 601 ὀνόματι,
643 533 783 603 ἔχων
844 536 1181 609 ἐπιτήδευμα
1231 540 1326 594 τοῦ
1392 543 1783 616 καλλιγράφου.

208 612 379 684 οὗτος
406 621 583 691 πρᾶος
607 621 874 694 ὑπῆρχεν,
909 625 1001 678 καὶ
1036 625 1181 698 ὀρθῷ
1216 626 1315 699 βίῳ
1352 612 1783 701 κεκοσμημένος.

210 704 386 780 Ἦμεν
420 711 480 765 δὲ
499 713 548 765 οἱ
572 713 774 778 πάντες
806 717 1028 787 μοναχοὶ
1053 719 1111 771 ἐν
1132 720 1210 790 τῷ
1234 722 1567 794 ἐπισκοπείῳ
1599 724 1788 794 ὀγδοή-

212 816 404 853 κοντα·
439 796 597 865 οὗτος
642 806 671 858 ό
703 805 925 871 Σαϐῖνος
953 808 1243 879 διέπρεπεν
1300 811 1359 863 ἐν
1412 813 1576 865 πᾶσιν
1631 814 1784 883 ἡμῖν.
1817 863 1828 877 ,

209 888 407 947 Τοῦτον
438 894 754 963 Ἑπιφάνιος
775 898 1106 972 κατέστησεν
1128 903 1363 957 ἐκδικεῖν
1390 901 1460 956 τὰ
1487 902 1786 975 πράγματα

210 984 299 1053 τῆς
335 983 687 1056 Ἐκκλησίας.
740 988 876 1042 Ποτὲ
922 986 1016 1045 οῦν
1068 991 1160 1045 δύο
1188 993 1398 1064 ἀνδρῶν
1449 994 1785 1065 κρινομένων

209 1074 353 1143 παρὰ
390 1074 639 1139 Σαϐίνου,
668 1077 787 1141 ἐνὸς
811 1077 1087 1144 πλουσίου,
1121 1082 1214 1135 καὶ
1260 1083 1376 1146 ἐνὸς
1414 1082 1666 1155 πένητος,
1716 1078 1784 1154 ἦν

205 1165 511 1230 όπλοὺσιος
546 1168 744 1238 μᾶλλον
781 1168 918 1239 ἔχων
938 1169 1008 1224 τὰ
1036 1171 1223 1227 δίκαια
1248 1173 1390 1246 ὑπὲρ
1421 1174 1514 1228 τὸν
1553 1176 1780 1247 πένητα.

207 1256 307 1310 Τοῦ
335 1252 434 1310 οὖν
464 1258 782 1329 Ἐπιφανίου
812 1261 1044 1325 ἑστῶτος
1072 1264 1133 1317 ’ἐν
1161 1264 1313 1336 τόπῳ
1335 1265 1657 1338 ἀποκρύφῳ,
1690 1267 1784 1320 καὶ

208 1347 571 1414 ἱπακούοντος
600 1350 701 1420 τῆς
731 1350 907 1423 δίκης,
954 1352 1184 1424 ἤκουσεν
1232 1356 1460 1410 Σαϐίνου
1509 1357 1784 1421 ἐλεοῦντος

210 1440 427 1511 μᾶλλον,
464 1441 560 1494 καὶ
592 1441 851 1513 ρέποντος
883 1444 976 1497 ἐπὶ
994 1444 1086 1497 τὸν
1108 1445 1317 1518 πένητα
1356 1449 1415 1501 ἐν
1458 1451 1526 1519 τῇ
1583 1448 1778 1519 κρίσει.

216 1529 267 1584 '0
293 1529 431 1598 γοῦν
456 1529 776 1599 Ἐπιιιςάνιος
797 1531 967 1586 ἐλθὼν
991 1534 1048 1586 ἐν
1077 1534 1156 1605 τῷ
1192 1537 1361 1608 μέσῳ,
1392 1532 1542 1590 εἶπεν
1570 1537 1782 1608 Σαϐίνῳ

208 1621 423 1693 εὐμενεῖ
454 1623 537 1694 τῷ
572 1623 881 1695 προσώπῳο
923 1625 1179 1692 Ἀπελθε,
1229 1626 1419 1682 τέκνον
1443 1668 1457 1691 ,
1488 1628 1781 1700 καλλιγρά-

209 1716 309 1784 σει,
339 1716 436 1769 καὶ
468 1714 696 1787 μνήμην
723 1715 861 1787 ἔχων
887 1716 993 1771 τῶν
1025 1717 1184 1772 θείων
1218 1719 1465 1791 Γραφῶν,
1504 1720 1656 1790 γίνου
1688 1722 1778 1773 τέ-

1896 562 1965 601 ne
1990 547 2248 611 Sabinus,
2275 547 2434 617 cujus
2456 548 2697 603 studium
2722 557 2841 603 erat
2864 549 3090 619 pulchre
3114 552 3374 608 scribere.
3408 553 3462 609 ls

1892 647 2010 693 erat
2043 638 2380 703 moderatus,
2435 647 2490 693 et
2541 646 2690 693 recta
2723 640 2830 694 vita
2888 641 3169 710 praeditus.
3223 641 3460 701 Eramus

1892 737 2074 784 autem
2104 730 2158 783 in
2193 728 2506 799 episcopatu
2533 743 2725 785 omnes
2778 731 3030 786 monachi
3077 733 3373 803 octoginta.
3405 735 3461 796 Is

1893 828 2024 869 vero
2055 813 2293 870 Sabinus
2322 815 2623 870 excellebat
2656 816 2798 872 inter
2826 830 3039 873 omnes.
3068 818 3205 874 Eum
3252 824 3459 879 consti-

1892 903 1997 958 tuit
2020 905 2355 975 Epiphanius
2383 906 2617 976 primum
2647 907 2922 975 ecdicum,
2945 909 3046 964 hoc
3067 920 3169 979 est,
3200 912 3454 970 defenso—

1893 1010 2008 1049 rem
2046 992 2323 1052 Ecclesiae.
2356 995 2494 1051 Cum
2526 1011 2658 1051 vero
2712 997 3005 1067 aliquando
3057 999 3166 1055 duo
3207 1002 3461 1058 homines

1890 1085 2034 1156 apud
2066 1084 2326 1141 Sabinum
2350 1086 2559 1156 judicio
2588 1088 2998 1156 contenderent,
3030 1105 3173 1146 unus
3196 1092 3368 1159 dives,
3400 1101 3457 1147 et

1892 1186 2035 1226 unus
2063 1187 2290 1242 pauper,
2326 1173 2516 1228 melior
2553 1185 2670 1230 erat
2704 1177 2889 1232 divitis
2914 1192 3098 1244 causa,
3127 1194 3289 1248 quam
3318 1196 3460 1250 pauo

1889 1264 2058 1334 peris.
2086 1263 2224 1319 Cum
2257 1265 2422 1335 igitur
2447 1265 2785 1337 Epiphanius
2811 1270 3025 1326 occulto
3057 1272 3112 1325 in
3147 1271 3267 1326 loco
3304 1281 3464 1330 stans

1883 1355 2149 1426 judicium
2198 1356 2445 1424 audiret,
2499 1358 2671 1414 sensit
2723 1357 2985 1415 Sabinum
3051 1361 3105 1416 in
3159 1376 3459 1432 pauperem

1888 1447 2063 1518 magis
2100 1449 2456 1518 propendere,
2500 1450 2728 1521 ejusque
2759 1452 3031 1508 misereri.
3078 1453 3214 1508 Cum
3273 1455 3457 1523 itaque

1888 1539 1940 1593 in
1997 1540 2237 1596 medium
2307 1542 2541 1597 venisset
2593 1542 2949 1612 Epiphanius,
2999 1546 3199 1601 Sabino
3242 1546 3459 1615 placido

1888 1634 2037 1688 vultu
2075 1633 2213 1688 dixit
2240 1651 2253 1688 :
2287 1632 2458 1701 Vade,
2487 1634 2584 1699 ﬁli,
2612 1647 2668 1691 et
2685 1637 2862 1693 scribo
2893 1648 3073 1706 recte;
3096 1649 3150 1695 et
3179 1644 3458 1694 memento

1887 1726 2176 1780 verborum
2219 1726 2554 1794 divinorum,
2607 1737 2662 1784 et
2723 1730 2801 1787 sis
2834 1730 3105 1801 perfectus
3138 1736 3192 1790 in
3223 1737 3454 1813 judicio,

208 1808 338 1871 λειος
362 1824 432 1860 πε
442 1807 499 1877 pl.
538 1805 636 1879 τὴν
658 1806 813 1880 δίκην
833 1827 848 1841 ·
872 1809 966 1862 καὶ
996 1808 1088 1863 ἔσο
1112 1810 1326 1864 ἀκούων
1354 1811 1447 1865 τοῦ
1490 1813 1779 1884 εὐεργέτου

1886 1828 1937 1872 ct
1972 1817 2163 1873 audias
2191 1817 2592 1876 henefactorem
2626 1821 2960 1891 loquentem,
2986 1835 3049 1881 et
3079 1805 3405 1888 dicentem"

207 1900 673 1969 προσφωνοῦντος,
703 1904 795 1957 καὶ
815 1903 1063 1973 λέγοντος
1084 1922 1098 1936 ο
1126 1904 1224 1974 Μὴ
1244 1906 1519 1972 ἐλεήσεις
1543 1906 1780 1974 πτωχὸν

204 1991 266 2042 ἐν
288 1992 511 2061 κρίσει,
540 1992 641 2046 καὶ
646 1994 732 2063 μὴ
744 1993 939 2064 λάϐῃς
952 1997 1278 2066 πρόσωπον
1294 1996 1621 2052 δυνάστου.
1648 1996 1780 2051 Ἀπὸ

206 2085 314 2137 τότε
343 2082 442 2139 οὖν
468 2084 789 2157 Ἐπιφάνιος
820 2089 954 2142 πᾶσι
980 2089 1092 2151 τοῖς
1121 2088 1576 2159 προσερχομένοις
1597 2088 1778 2142 ἐδίκα-

205 2177 311 2242 ζεν.
356 2178 498 2232 Ἀπὸ
526 2178 637 2249 γάρ
670 2180 885 2250 πρωῖας
934 2179 1039 2244 ἕως
1092 2179 1241 2251 ὧρας
1271 2182 1467 2253 ἐνάτης
1512 2181 1778 2250 ἐπήκουεν

172 2318 179 2323 .
205 2263 303 2321 τῶν
327 2269 690 2340 κρινομένων,
717 2271 812 2323 καὶ
839 2271 947 2325 ἀπὸ
973 2272 1168 2343 ἐνάτης
1198 2272 1303 2337 ἕως
1323 2270 1467 2344 πρωῒ
1490 2272 1590 2325 οὐκ
1604 2270 1780 2353 seem-

209 2361 348 2430 ρεῖτό
371 2378 479 2413 τινι
507 2360 619 2415 τῶν
648 2361 976 2433 ἀνθρώπων.

274 2449 413 2517 NG".
439 2446 548 2504 Ἦν
584 2450 642 2504 δέ
695 2468 778 2517 τις
806 2451 915 2506 τῶν
949 2452 1192 2523 ἀδελφῶν
1223 2455 1282 2507 ἐν
1307 2452 1387 2525 τῷ
1418 2451 1770 2523 ἐπισκοπείῳ,

206 2542 390 2613 ἰταμὸς
422 2541 503 2615 τῷ
528 2542 827 2615 προσώπῳ,
850 2543 1049 2614 τέχνην
1074 2545 1215 2614 ἔχων
1234 2528 1330 2597 καὶ
1355 2543 1517 2607 αὐτὸς
1552 2543 1652 2616 τὴν
1680 2540 1775 2596 τοῦ

204 2635 570 2707 καλλιγράφου
591 2651 610 2669 θ
647 2636 739 2689 καὶ
759 2635 927 2706 ὄνομα
956 2634 1105 2705 αὐτῷ
1137 2635 1430 2703 Ῥουφῖνός.
1455 2629 1623 2696 Οῦτος
1650 2648 1776 2685 συν-

201 2729 439 2798 απήγετο
502 2725 895 2797 Φαυστινιανῷ,
925 2715 1172 2780 καὶ’καθ’
1201 2725 1416 2797 ἡμέραν
1442 2723 1627 2796 ὕϐρεις
1648 2723 1776 2775 πολ-

198 2818 289 2882 lit;
316 2818 590 2888 ἐπέφερεν
611 2815 937 2888 Ἐπιφανίῳ.
985 2814 1043 2869 Ὀ
1072 2815 1130 2868 δὲ
1155 2813 1473 2884 Ἐπιφάνιος
1495 2815 1632 2887 μετὰ
1649 2817 1776 2871 πολ-

199 2908 290 2978 λῆς
344 2910 656 2981 πραότητος
703 2907 1051 2962 κατέστελλεν
1078 2907 1140 2960 τὸ
1168 2906 1366 2977 θράσος
1414 2906 1600 2961 αὐτοῦ.
1667 2910 1777 2963 Καὶ

199 3003 315 3057 καθ’
336 3001 599 3056 ὑπόθεσιν
617 3001 673 3054 δὲ
700 2998 1087 3054 Φαυστινιανοῦ
1119 2998 1213 3052 καὶ
1240 2998 1518 3069 ἐνέργειαν
1543 2999 1637 3052 τοῦ
1663 2999 1776 3069 δςιιί⁸

202 3112 356 3167 μονος
387 3093 484 3147 τοῦ
514 3094 698 3155 αὐτοῖς
740 3090 1108 3164 ἐνεργοῦντος,
1162 3088 1422 3162 ἐζήτησεν
1454 3084 1606 3154 οὗτος
1638 3091 1774 3143 ἀπο-

202 3187 405 3239 κτεῖναι
441 3182 534 3236 τὸν
557 3182 899 3250 Ἐπιφάνιον,
920 3179 1245 3251 συνθέμενος
1281 3179 1669 3242 Φαυστινιανὸς
1701 3178 1779 3250 τῷ

205 3276 448 3348 μναχῷ,
475 3276 653 3345 λέγων
677 3275 815 3347 πρὸς
844 3274 1005 3329 αὐτὸν
1035 3274 1064 3328 ό
1093 3272 1462 3344 κακοδαίμων,
1490 3273 1573 3326 ὅτι
1598 3290 1612 3305 ο
1653 3273 1778 3328 Ἐὰν

198 3367 549 3440 ἀποκτείνῃς,
585 3365 743 3437 φησὶ,
777 3363 962 3418 τοῦτον
991 3363 1085 3418 τὸν
1113 3362 1389 3435 ἐπιθέτην,
1417 3365 1482 3417 σὺ
1506 3363 1611 3437 ἐσῃ
1646 3363 1779 3418 καθ-

201 3458 401 3529 ἥμενος
440 3458 535 3509 ἐπὶ
582 3454 677 3508 τοῦ
722 3453 935 3524 θρόνου.
977 3447 1144 3517 Οὗτος
1195 3451 1253 3506 δὲ
1300 3453 1329 3506 ό
1387 3452 1666 3520 Ῥουφῖνός
1711 3447 1779 3523 ἦν

200 3549 423 3617 ἐσχατος
450 3545 699 3607 διάκονος
719 3543 817 3617 τῆς
847 3541 1176 3613 Ἑκκλησίας
1197 3559 1212 3574 ο
1239 3536 1361 3596 ὃθεν
1400 3540 1561 3605 αὐτὸς
1590 3540 1780 3596 εἴωθεν

200 3638 525 3708 ἐπικοσμεῖν
547 3636 640 3689 τὸν
665 3634 853 3707 θρόνον
900 3632 995 3686 τοῦ
1032 3632 1359 3691 ἐπισκόπου,
1386 3632 1582 3687 Λαϐὼν
1631 3630 1725 3687 οὖν
1751 3634 1780 3686 ό

200 3728 405 3801 θρασὺς
433 3728 532 3782 καὶ
556 3726 771 3791 ἀλαζὼν
822 3728 1096 3797 μάχαιραν
1123 3724 1303 3790 ὀξεῖαν
1350 3723 1545 3795 ἔθηκεν
1589 3722 1779 3795 ὀρθίαν

202 3821 288 3876 ἐπὶ
343 3821 408 3874 τὸ
459 3819 705 3889 κάθισμα
755 3818 850 3871 τοῦ
882 3817 1094 3888 θρόνου,
1142 3816 1237 3871 καὶ
1264 3816 1449 3875 ἐπάνω
1493 3814 1696 3886 ταύτης
1718 3814 1781 3868 τὸ

202 3911 515 3982 ἐφάπλωμα
541 3909 636 3963 τοῦ
675 3909 888 3979 θρόνου.
921 3905 1029 3960 Τοῦ
1045 3907 1103 3960 δὲ.
1126 3905 1447 3975 Ἐπιφανίου
1498 3905 1781 3976 μέλλοντος

201 4001 473 4074 καθῆσθαι
506 4003 601 4055 ἐπὶ
620 4000 716 4053 τοῦ
748 4000 960 4072 θρόνου,
988 3995 1141 4051 εἶπεν
1169 3997 1306 4068 πρὸς
1340 3996 1431 4050 τὸν
1463 3996 1525 4050 τὸ
1567 3996 1781 4067 ἐνεδρον

199 4096 533 4166 παήσαντασ
560 4089 759 4164 Ἀρον,
789 4093 945 4164 φησὶ,
971 4091 1184 4153 τέκνον,
1214 4090 1277 4143 τὸ
1325 4090 1620 4162 σκέπασμα
1671 4089 1781 4144 ἀπὸ

200 4187 291 4243 τοῦ
315 4187 533 4260 θρόνου.
560 4185 667 4239 Τοῦ
698 4184 754 4237 δὲ
771 4184 907 4255 πρὸς
920 4182 1012 4236 τὸν
1034 4181 1191 4250 λόγον
1207 4181 1526 4250 Ἐπιφανίου
1553 4179 1628 4252 μὴ
1684 4182 1782 4234 ἐπ-

200 4276 643 4340 ακολουθοῦντος,
659 4273 1164 4343 λαϐὼνἘπιφάνιος
1190 4272 1252 4325 τὺ
1279 4271 1544 4343 κάλυμμα
1565 4270 1627 4324 τὸ
1660 4273 1780 4324 ἐπιο

201 4365 476 4419 καλύπτον
498 4364 599 4433 τὴν
640 4363 931 4435 μάχαιραν,
974 4361 1171 4416 ἔπεσεν
1197 4362 1232 4433 ή
1266 4361 1511 4433 μάχαιρα
1542 4362 1624 4425 εἰς
1652 4362 1780 4426 τοὺς

1889 1908 2019 1964 Noli
2060 1910 2298 1964 misereri
2344 1911 2594 1980 pauperis
2632 1912 2690 1966 in
2719 1902 2955 1983 judicio,
2988 1928 3040 1972 et
3088 1938 3154 1974 ne
3206 1926 3456 1994 respicias

1885 2014 2163 2067 personam
2216 2000 2463 2066 potentis.
2495 2001 2580 2055 Ab
2606 2016 2672 2058 eo
2703 2003 2887 2074 itaque
2929 2017 3173 2079 tempore
3199 2017 3455 2073 omnibus

1883 2090 1975 2159 qui
2027 2089 2315 2145 veniebant
2362 2089 2629 2161 judicium
2686 2095 2944 2152 reddebat
2998 2098 3353 2171 Epiphanius.
3402 2107 3447 2161 Λ

1886 2180 2151 2235 matutina
2209 2181 2353 2236 enim
2392 2197 2566 2253 usque
2609 2184 2676 2238 ad
2719 2186 2906 2241 horam
2945 2205 3144 2247 nonam
3200 2196 3464 2261 audiebat.

1883 2285 2000 2333 eos,
2029 2272 2123 2341 qui
2157 2272 2554 2342 disceptabant.
2587 2275 2670 2332 Ab
2698 2277 2831 2333 hora
2860 2295 2992 2337 vero
3017 2297 3159 2338 nona
3191 2290 3451 2356 usquead

1884 2369 2095 2431 tempus
2126 2364 2452 2420 matutinum
2478 2381 2510 2422 a
2547 2368 2698 2423 nullo
2735 2371 3021 2427 videbatur
3052 2377 3311 2446 amplius.

1953 2451 2087 2505 LVI.
2121 2451 2252 2508 Erat
2273 2462 2456 2509 autem
2496 2470 2561 2511 ex
2602 2455 3010 2531 fratribus,'qui
3060 2472 3218 2519 erant
3249 2465 3303 2519 in
3340 2466 3454 2537 cpi-

1884 2551 2134 2612 scopatu,
2182 2546 2403 2615 quidam
2436 2545 2672 2604 Rullnus
2698 2550 2938 2617 nomine,
2987 2552 3147 2623 cujus
3197 2571 3289 2612 ars
3333 2567 3452 2615 erat

1883 2644 2028 2688 recte
2053 2636 2315 2701 scribere,
2354 2638 2507 2692 vultu
2542 2638 2846 2709 impudens.
2880 2639 2998 2696 Una
3025 2657 3149 2698 cum
3172 2659 3238 2700 eo
3266 2645 3451 2702 insur-

1881 2726 2040 2795 gebat
2071 2725 2481 2795 Faustinianus,
2514 2738 2568 2784 et
2598 2732 2843 2801 quotidie
2867 2731 3076 2790 "multis
3104 2739 3452 2796 contumeliis

1881 2814 2151 2869 adiciebat
2190 2816 2573 2886 Epiphanium.
2610 2818 2945 2890 Epiphanius
2974 2839 3104 2880 vero
3139 2842 3273 2882 cum
3297 2845 3453 2886 sum-

1882 2919 1969 2958 ma
2001 2907 2419 2964 mansuetudine
2446 2907 2568 2978 ejus
2600 2914 2927 2982 reprimebat
2967 2917 3273 2976 audaciam.
3309 2919 3448 2992 Sug-

1879 2995 2123 3062 gestione
2159 3005 2340 3053 autem
2389 2998 2749 3070 Faustiniani,
2802 3014 2856 3060 et
2901 3006 3166 3064 dazmonis
3224 3012 3318 3080 qui
3367 3012 3449 3068 eis

1881 3100 2039 3156 opem
2072 3087 2298 3154 ferebat,
2334 3090 2380 3147 is
2414 3093 2668 3162 quasivit
2710 3096 3012 3154 interﬁcere
3062 3099 3445 3171 Epiphanium,

1880 3194 2004 3235 cum
2061 3178 2453 3238 Faustinianus
2483 3184 2596 3240 hrcc
2622 3186 2786 3241 verba
2817 3188 3142 3244 contulisset
3167 3205 3292 3246 cum
3327 3207 3447 3247 mo-

1880 3272 2077 3337 nacho,
2109 3281 2166 3329 et
2209 3273 2260 3329 ei
2293 3272 2497 3329 diceret
2529 3275 2873 3331 racodzemon
2902 3294 2916 3332 :
2951 3276 3009 3332 Si
3042 3278 3262 3335 occidas
3298 3295 3442 3351 prae-

1877 3364 2102 3431 donem,
2140 3364 2357 3421 sedebis
2412 3380 2576 3435 supra
2625 3367 2904 3424 thronum.
2968 3367 3068 3425 Hic
3100 3379 3279 3426 autem
3335 3382 3444 3429 tam

1880 3455 2082 3520 audax,
2113 3463 2168 3511 et
2198 3463 2310 3511 tam
2343 3456 2612 3523 insolens,
2660 3468 2779 3513 erat
2825 3469 3132 3529 postremus
3183 3461 3449 3519 diaconus

1882 3544 2179 3602 Ecclesiae:
2223 3546 2290 3602 ad
2320 3562 2482 3617 quem
2527 3549 2831 3618 pertinebat
2864 3566 3064 3607 ornare
3100 3551 3359 3608 thronum
3391 3570 3451 3610 e-

1879 3638 2111 3708 piscopi.
2139 3638 2277 3693 Cum
2306 3653 2440 3696 vero
2466 3640 2701 3707 gladium
2741 3650 2960 3698 acutum
2989 3644 3290 3715 accepisset
3329 3661 3450 3702 sce-

1881 3730 2107 3795 leratus,
2134 3729 2317 3799 posuit
2337 3744 2464 3784 eum
2497 3737 2700 3786 tectum
2729 3732 2783 3786 in
2827 3748 2894 3788 eo
2922 3735 3064 3801 loco,
3096 3735 3189 3791 ubi
3232 3738 3449 3793 sedetur

1879 3830 2044 3889 supra
2074 3819 2353 3884 thronum,
2370 3828 2426 3876 et
2452 3834 2619 3891 supra
2644 3836 2766 3876 eum
2787 3832 2965 3879 vestes
2986 3826 3275 3895 stragulas.
3306 3827 3449 3883 Cum

1879 3910 2044 3980 igitur
2077 3910 2416 3981 Epiphanius
2456 3911 2523 3966 ad
2565 3912 2747 3967 sedem
2797 3913 3132 3978 ascenderet,
3184 3914 3323 3971 dixit
3370 3920 3445 3984 ei,

1878 4002 1973 4071 qui
2010 4000 2216 4057 fecerat
2268 4002 2543 4059 insidias:
2578 4001 2748 4069 Tolle,
2807 4001 2904 4065 liii,
2958 4002 3106 4061 sedis
3161 4014 3445 4077 tegumen-

1878 4101 2015 4147 tum.
2047 4091 2184 4149 Cum
2215 4094 2262 4149 is
2290 4101 2471 4149 autem
2501 4109 2609 4148 non
2659 4105 2873 4164 pareret
2916 4095 3097 4152 verbis
3134 4094 3445 4166 Epiphanii,

1879 4186 2088 4255 accepit
2113 4185 2459 4256 Epiphanius
2488 4195 2877 4255 tegumentum,
2917 4186 3061 4257 quod
3094 4187 3303 4259 tegebat
3336 4188 3449 4259 gla-

1877 4274 2053 4331 dium.
2086 4274 2314 4332 Gladius
2337 4289 2468 4332 vero
2502 4276 2701 4332 cecidit
2732 4277 2787 4332 in
2816 4278 2980 4348 pedes
3016 4277 3196 4333 Ruﬁni
3247 4278 3269 4350 (
3288 4294 3454 4336 caco-

1877 4366 2137 4424 daamonis
2195 4367 2404 4438 potius,
2461 4368 2667 4440 quam)
2724 4369 2965 4433 diaconi,
3020 4377 3076 4425 et
3122 4372 3326 4427 inlisus
3367 4384 3452 4428 est

204 4456 366 4521 πόδας
396 4454 966 4527 Ῥουφίνουτοῦειμὴι
981 4452 1227 4513 διακόνου
1247 4493 1263 4518 ,
1304 4453 1398 4508 καὶ
1431 4454 1672 4526 ἐνεπάγη
1699 4456 1779 4519 εἰς

1886 4459 2000 4531 ejus
2043 4459 2169 4531 pedi
2221 4459 2466 4517 dextero.
2522 4459 2775 4533 Dixitque
2822 4450 3156 4533 Epiphanius
3207 4462 3448 4520 Ruﬁno:

206 4546 291 4603 τόν
345 4548 522 4612 δεξιὸν
580 4546 743 4601 αὑτοῦ
773 4545 928 4601 πόδα.
984 4540 1150 4600 Εἶπεν
1175 4546 1234 4605 δέ
1277 4544 1593 4614 Ἑπιφάνιος
1638 4544 1776 4617 πρὸς

1886 4552 2047 4610 Cesso
2079 4554 2357 4626 deinceps,
2391 4569 2427 4610 ο
2455 4554 2551 4621 illi,
2588 4555 2657 4611 ab
2697 4555 3009 4622 insolentia,
3040 4571 3110 4612 ne
3155 4557 3342 4613 venias
3394 4556 3450 4613 in

212 4640 491 4709 Ῥουφῖνον
515 4656 532 4671 ο
585 4639 822 4702 Παῦσαι,
851 4637 1005 4707 φησὶ,
1032 4636 1135 4707 τῆς
1158 4635 1385 4717 ἀταξίας
1418 4653 1533 4697 σου,
1565 4636 1773 4701 τέκνον,

204 4731 413 4801 μήποτε
441 4730 539 4785 καὶ
567 4729 941 4801 κινδυνεύσῃς,
975 4728 1035 4781 οὐ
1097 4727 1235 4798 μετὰ
1278 4728 1492 4799 χρόνον.
1550 4726 1773 4792 Ἔξελθε

202 4820 377 4874 τοίνυν
402 4820 516 4875 ἀπὸ
541 4819 644 4890 τῆς
670 4818 998 4890 ἐκκλησίας·
1021 4819 1081 4873 οὐ
1112 4818 1220 4891 γὰρ
1251 4812 1303 4870 εἴ
1342 4816 1490 4883 ἄξιος
1540 4818 1775 4890 μεταλα-

205 4910 317 4965 δεῖν
367 4912 477 4965 τῶν
522 4910 684 4965 θείων
717 4910 1051 4982 μυστηρίων.
1092 4908 1354 4975 Ἐξελοὼν
1398 4909 1457 4963 δὲ
1498 4911 1776 4982 Ῥουφῖνος

206 5002 309 5055 sas
334 5004 435 5074 τῆς
458 5002 780 5074 ἐκκλησίας,
813 5000 1055 5073 ἀπῆλθεν
1089 5002 1148 5055 ἐν
1188 5000 1267 5073 τῷ
1292 5001 1648 5076 ἐπισκοπείῳ,
1679 5006 1776 5059 καὶ

1879 4646 2208 4715 periculum,
2241 4661 2348 4702 non
2378 4659 2505 4717 post
2530 4646 2753 4718 longum
2791 4658 3024 4719 tempus.
3056 4646 3156 4704 Exi
3192 4648 3359 4720 igitur
3382 4652 3453 4706 ab

1877 4736 2106 4792 ecclesia
2140 4754 2156 4804 ;
2197 4752 2375 4808 neque
2420 4739 2565 4793 enim
2602 4740 2799 4809 dignus
2845 4755 2906 4795 es
2944 4740 3331 4797 communione
3357 4755 3450 4795 sa-

1881 4842 2100 4883 crorum
2129 4832 2536 4901 mysteriorum.
2574 4828 2805 4885 Ruﬁnus
2850 4841 3030 4886 autem
3078 4847 3332 4904 egressus
3356 4847 3469 4887 ec-.

1880 4921 2069 4985 clesia,
2105 4922 2159 4976 in
2186 4921 2524 4992 episcopium
2578 4923 2737 4988 abiit,
2771 4928 2824 4978 et
2852 4924 2905 4977 in
2933 4924 3072 4980 lecto
3111 4938 3172 4979 se
3218 4938 3451 4993 compo-

1882 5027 2038 5074 nens.
2067 5021 2189 5091 post
2212 5012 2448 5069 triduum
2479 5026 2727 5071 mortuus
2753 5024 2856 5070 est.

207 5094 315 5161 0:“;
338 5096 531 5151 ἑαυτὸν
563 5096 657 5149 ἐπὶ
683 5094 783 5166 τῆς
814 5095 1022 5166 κλίνης,
1058 5094 1195 5166 μετὰ
1214 5098 1364 5168 τρεῖς
1393 5097 1608 5170 ἡμέρας
1646 5103 1941 5161 κατέλυσεν
1975 5107 2066 5160 τὸν
2092 5107 2225 5179 βίον.

274 5190 396 5245 NZ’.
428 5189 568 5244 Κατ’
594 5189 798 5243 ἐκεῖνον
818 5189 876 5243 δὲ
898 5188 991 5242 τὸν
1016 5188 1224 5260 καιρὸν,
1248 5188 1344 5243 τοῦ
1376 5190 1638 5260 βασιλέως
1650 5195 1778 5249 Θεο-

206 5276 405 5345 δοσίου,
459 5280 561 5333 οὐκ
596 5274 711 5332 οἶδα
751 5277 895 5331 κατὰ
928 5276 1086 5330 ποίαν
1115 5276 1393 5349 πρόφασιν.
1440 5277 1777 5349 ἁλγήσαντος

278 5412 327 5444 ’⁸
360 5408 536 5466 Exod.
568 5425 725 5478 sum,
758 5410 825 5479 5;
859 5407 988 5463 ch.
1025 5424 1139 5475 six,
1173 5410 1255 5465 l5.

282 5562 363 5634 (α)
398 5562 554 5635 Legit
582 5563 847 5638 interpres
877 5564 973 5618 καὶ
999 5562 1252 5634 ἐποίησεν
1275 5566 1310 5635 ἡ
1331 5563 1465 5634 γυνὴ
1494 5559 1687 5629 οὕτως.

1960 5200 2117 5257 LVII.
2154 5200 2260 5257 Per
2289 5202 2418 5258 illud
2445 5210 2661 5272 tempus
2689 5216 2813 5257 cum
2853 5200 3194 5259 Theodosius
3221 5202 3453 5269 impera-

1883 5306 1973 5353 tor
1998 5294 2183 5351 nescio
2220 5309 2325 5365 qua
2358 5294 2648 5352 occasione
2674 5294 2943 5351 laboraret
2967 5294 3217 5364 pedibus,
3246 5290 3464 5348 inferne
