3866 6066
242 241 310 299 97
1541 245 1604 299 δ.
1664 243 2005 300 EPII’HANII
2051 242 2228 302 vnn.
3437 261 3513 315 as

241 361 378 414 τότε
428 355 528 417 οὖν
586 364 832 428 ἀκούσας
873 359 1147 430 Θεοδόσιος
1199 369 1228 421 6
1269 365 1554 438 βασιλεὺς,
1607 367 1691 419 ὅτι
1732 366 2063 435 παρεγένετο
2095 369 2409 436 Ἐπιφάνιος
2439 374 2530 426 ἐπὶ
2567 375 2666 444 τῆς
2712 372 2929 444 Ῥώμης
2957 417 2971 439 ,
3010 375 3105 427 καὶ
3149 373 3512 444 ἐθεράπευσεν

243 454 346 525 τὴν
402 450 696 527 θυγατέρα
731 456 912 520 αὑτοῦ,
949 458 1043 510 καὶ
1075 458 1159 511 ὅτι
1193 459 1400 512 καὶτὸν
1429 459 1544 512 υἱὸν
1597 457 1767 527 αὐτῆς
1815 458 2009 530 νεκρὸν
2057 460 2187 515 ὄντα
2235 461 2620 535 ἐζωοποίησεν,
2647 467 2742 520 καὶ
2768 468 2851 520 δτι
2888 465 3028 536 μετὰ
3069 463 3271 518 τούτων
3319 463 3514 532 ἐφώτι-

249 565 342 601 σεν
391 549 695 620 Ἀρκάδιον
726 552 820 605 καὶ
863 551 1138 623 Ὀνώριον,
1188 553 1359 626 ἐχάρη
1392 553 1570 626 χαρὰν
1620 551 1881 624 μεγάλην.
1922 553 2014 606 Διὸ
2038 555 2146 608 ἀπὸ
2180 556 2368 610 τούτου
2398 557 2636 631 ἔγραψεν
2667 560 2814 630 αὐτῷ
2835 560 2911 624 ὡς
2936 558 3122 631 πατρί.
3150 557 3238 622 Ὠς
3262 553 3513 626 οὖνῆμεν

245 639 338 692 ἐπὶ
380 640 484 711 τῆς
519 643 1169 711 Κωνσταντινουπόλεως,
1223 645 1586 715 παρεγένοντο
1639 643 1924 715 Ἀρκάδιος
1976 647 2072 700 καὶ
2131 647 2392 721 Ὀνώριος
2447 653 2556 704 ἀπὸ
2610 651 2710 723 τῆς
2769 650 3017 721 Ῥώμης,
3070 651 3165 705 καὶ
3235 650 3512 722 ἐχάρησαν

246 729 418 801 χαρὰν
442 731 719 802 μεγάλην.

310 819 443 874 NH'.
514 823 780 890 Ἀγουσιν
829 823 886 877 δέ
921 842 1062 890 τινες
1097 828 1236 880 κατὰ
1267 829 1518 882 κέλευσιν
1545 827 1642 880 τοῦ
1679 828 1806 898 βασι

2007 822 2191 880 LVIII.
2228 821 2390 881 Jussu
2447 835 2628 882 antem
2689 824 3036 896 imperatoris
3087 821 3507 878 Faustinianum

243 908 375 972 λέως
406 912 806 966 Φαυστινιανδν
828 914 936 968 ἀπὸ
975 916 1077 986 τῆς
1113 919 1405 988 Κυπρίων,
1461 919 1555 973 ἐπὶ
1595 920 1815 991 λοιδορίς

1936 917 2158 987 quidam
2177 917 2456 973 adducunt
2488 919 2542 972 in
2567 918 2793 989 regiam,
2822 926 2881 971 ut
2910 916 3002 986 qui
3026 924 3169 971 esset
3196 923 3508 976 accusatus.

241 998 495 1070 βασιλικῇ
534 1005 981 1077 κατηγορηθέντα
1010 1009 1102 1060 ἐπὶ
1118 1008 1216 1078 τὴν
1243 1009 1519 1079 βασιλίδα·
1558 1007 1628 1082 ἦν
1652 1011 1708 1065 δὲ
1742 1005 1803 1065 οὗ

1933 1008 2080 1079 quod
2119 1007 2493 1062 maledixisset
2525 1007 2861 1076 imperatori.
2895 1004 3059 1061 Jussu
3098 1020 3229 1075 ergo
3267 1005 3504 1073 impera-

242 1105 330 1151 τος
355 1092 774 1164 φρουρούμενος
804 1093 1049 1149 κελεύσει
1083 1098 1178 1150 τοῦ
1225 1098 1508 1169 βασιλέως.
1563 1101 1832 1165 ’Δκούσας

240 1175 330 1234 οὖν
372 1181 556 1236 ταῦτα
597 1185 916 1255 Ἐπιφάνιος
964 1190 1327 1258 παραγίνεται
1371 1191 1464 1245 ἐπὶ
1502 1192 1596 1246 τὸν
1643 1193 1827 1258 τόπον,

239 1273 363 1326 ἐνθα
385 1269 453 1344 ἦν
475 1276 853 1347 κρατούμενος
878 1279 907 1331 6
928 1280 1333 1347 Φαυστινιανὸς,
1371 1283 1465 1336 καὶ
1485 1279 1638 1337 εἶπεν
1657 1285 1824 1355 αὐτῷ’

241 1365 302 1417 El
332 1365 486 1418 ἐστιν
528 1383 637 1430 σοι,
669 1369 854 1438 φησιν,
884 1363 930 1422 ὦ
953 1371 1163 1435 τέκνον,
1204 1373 1437 1445 λαλῆσαι
1467 1375 1535 1429 δι’
1561 1377 1718 1447 ἡμῶν
1743 1377 1828 1430 λό-

241 1473 334 1525 γον
365 1459 442 1529 τῷ
469 1458 720 1528 βασιλεῖ·
755 1461 850 1514 καὶ
897 1461 997 1535 ἔσῃ
1050 1465 1422 1537 ἀπολυόμενος
1466 1467 1566 1537 τῆς
1600 1472 1830 1540 συνοχῆς

240 1549 462 1619 ταύτης.
527 1548 701 1605 Εἶπεν
753 1553 812 1606 δὲ
886 1555 1276 1621 Φαυστινιανὸς
1348 1559 1428 1630 τῷ
1490 1560 1824 1631 Ἐπιφανίῳο

245 1643 499 1708 ΙἷΔττελθε,
547 1645 709 1716 φησὶ,
762 1647 935 1702 πλάνε
965 1688 980 1710 .
1041 1651 1137 1704 καὶ
1186 1651 1472 1706 ἁποπλάνα
1503 1652 1701 1724 ἄνδρας
1731 1654 1827 1707 ἁν-

232 1733 606 1801 ασφαλίστους
623 1755 636 1766 ο
669 1737 763 1791 καὶ
793 1738 921 1802 τοὺς
946 1737 1140 1809 λόγους
1160 1741 1381 1806 τούτους
1403 1743 1486 1814 ,μὴ
1513 1742 1662 1796 λάλει
1686 1745 1829 1797 Φαυ-

241 1826 512 1898 στινιανῷ.
541 1825 752 1893 ἾΙλθες
783 1830 1018 1886 ἐνταῦθα
1040 1834 1346 1906 ἐπιχαίρειν
1382 1852 1472 1906 μοι
1493 1835 1673 1904 λόγοις
1692 1852 1706 1866 ο
1735 1835 1828 1891 έσο

242 1916 330 1969 τοῦ
364 1918 559 1972 λοιποῦ
589 1919 810 1989 φεύγων
833 1923 932 1992 τὴν
959 1924 1244 1995 Κυπρίων.
1281 1924 1474 1990 Βάδιζε
1534 1927 1628 1979 ἐπὶ
1653 1927 1824 1980 Φοινίο

230 2023 359 2078 Atqu,
385 2009 480 2062 καὶ
510 2009 616 2081 ἔσῃ
643 2013 992 2082 κακοσχολῶν
1009 2013 1385 2080 ἀδιαλείπτως.
1422 2016 1511 2081 Ὦς
1539 2015 1633 2071 οὖν
1653 2017 1828 2072 ταῦτα

238 2093 386 2151 εἶπεν
410 2100 657 2172 ὑϐρίζων
686 2103 1121 2172 τὸνἙπιφάνιον
1139 2107 1546 2173 Φαυστινιανὸς,
1581 2109 1821 2180 παρέλα-

230 2187 328 2242 ϐέν
355 2206 422 2260 με
463 2191 823 2260 Ἐπιφάνιοςο
855 2193 947 2248 καὶ
973 2195 1350 2268 ἐπορεύθημεν
1381 2199 1438 2250 ἐν
1466 2197 1543 2268 τῷ
1561 2198 1824 2271 βασιλικῷ

235 2279 482 2351 ταμιείῳ,
518 2282 674 2346 ὅπως
708 2283 801 2335 ἐπὶ
828 2283 1076 2350 συντάξει
1109 2285 1202 2338 τοῦ
1238 2286 1501 2356 βασιλέως
1547 2289 1813 2342 ἀποπλεύι

243 2387 413 2442 σωμεν
444 2374 503 2426 ὲν
532 2376 606 2445 τῇ
633 2374 862 2446 Κύπρῳ.
896 2375 1002 2429 Τοῦ
1034 2372 1127 2430 οὖν
1162 2377 1427 2449 βασιλέως
1450 2380 1825 2451 παρακαλοῦν-

241 2480 326 2527 τος
348 2465 692 2536 Ἐπιφάνιον,
720 2468 874 2531 ὅπως
900 2468 1170 2540 διατρίψει
1201 2470 1415 2543 ἡμέρας
1434 2472 1582 2536 τινὰς
1607 2474 1698 2526 ἐπὶ
1723 2475 1823 2546 τὴν

249 2555 502 2625 βασιλίδα,
535 2559 568 2610 6
605 2559 924 2628 Ἐπιφάνιος
946 2559 1141 2628 ἔλεγεν
1169 2561 1268 2632 τὴν
1297 2562 1477 2616 αἰτίαν
1511 2563 1611 2634 τῆς
1659 2565 1820 2636 ἐκδη-

237 2645 386 2714 μίας.
424 2649 540 2702 Καὶ
573 2649 786 2703 πάλινὸ
817 2648 1070 2718 βασιλεὺς
1111 2651 1327 2706 ἔπεισεν
1369 2653 1686 2724 Ἐπιφάνιον
1735 2655 1822 2710 διὰ

239 2734 342 2791 τῶν
369 2737 560 2807 λόγων.
605 2739 684 2811 Τῇ
722 2736 815 2794 οὖν
869 2740 1037 2794 ἕωθεν
1087 2742 1398 2813 εἰσέρχεταί
1430 2761 1514 2808 τις
1572 2745 1680 2799 τῶν
1723 2747 1820 2811 τὰς

235 2826 555 2898 ἀποκρίσεις
601 2829 867 2898 λεγόντων
900 2833 957 2884 ἐν
990 2831 1072 2902 τῷ
1092 2831 1369 2905 βασιλικῷ
1427 2837 1680 2908 ταμιείῳ,
1737 2839 1820 2892 ὃτι

235 2919 621 2983 Φαυστινιανὸς
641 2921 670 2973 6
697 2921 1030 2993 Κυπριὼτης
1049 2923 1344 2978 κατέλυσεν
1367 2924 1459 2979 τὸν
1473 2926 1618 2997 βίον.
1640 2929 1822 2983 Ἀκού-

233 3027 327 3074 σας
357 3012 620 3066 δὲταῦτα
656 3014 969 3082 Ἐπιφάνιος
1004 3015 1302 3087 ἐπένθησεν
1354 3019 1446 3072 ἐπὶ
1498 3021 1819 3074 Φαυστινια-

234 3102 340 3157 νοῦ.
376 3103 680 3174 Ἦθέλησεν
699 3101 791 3159 οὖν
823 3108 851 3160 6
872 3105 1138 3176 ,βασιλεὺς
1166 3108 1383 3164 ἅπαντα
1411 3110 1479 3164 τὰ
1506 3093 1820 3184 ὑπάρχοντα

237 3198 624 3252 Φαυστινιανού
673 3198 754 3270 τῷ
810 3199 1073 3272 βασιλικῷ
1125 3202 1496 3276 παραπέμψαι
1546 3205 1816 3276 ταμιείῳο

232 3287 462 3358 ,μάλιστα
483 3291 578 3344 ὅτι
610 3289 672 3343 οὐ
704 3290 1028 3344 κατέλειπεν
1058 3292 1280 3364 σπέρμα
1311 3293 1403 3346 ἐπὶ
1442 3294 1543 3365 τῆς
1567 3297 1688 3366 γῆς.
1726 3293 1818 3349 Εἶ-

240 3398 330 3433 πεν
351 3383 407 3436 δέ
429 3381 758 3450 Ἐπιφάνιος
787 3381 922 3452 πρὸς
949 3382 1204 3452 βασιλέα·
1226 3384 1388 3454 Ὅρα,
1421 3385 1574 3456 φησὶ,
1607 3387 1814 3450 τέκνον,

1934 1102 2070 1156 toris
2127 1101 2414 1156 tenebatur
2469 1101 2522 1155 in
2572 1099 2840 1156 custodia.
2870 1097 3028 1164 Quod
3080 1113 3203 1151 cum
3246 1095 3507 1150 audiisset

1935 1190 2294 1261 Epiphanius,
2347 1191 2492 1246 venit
2546 1191 2600 1245 in
2651 1191 2857 1257 locum,
2907 1173 2963 1243 in
2993 1205 3103 1259 quo
3157 1188 3507 1241 detinebatur

1933 1278 2342 1336 Faustinianus.
2379 1280 2525 1336 Dixit
2552 1282 2718 1351 igitur
2751 1280 3087 1352 Epiphanius
3114 1277 3505 1333 Fanstiniano:

1931 1372 2082 1427 Licet
2120 1374 2215 1427 tibi
2265 1389 2363 1443 per
2387 1389 2486 1430 nos
2524 1374 2674 1443 loqui
2713 1371 3063 1443 imperatori,
3097 1379 3154 1427 et
3183 1369 3506 1425 liberaberis

1929 1465 1999 1520 ab
2031 1465 2114 1520 his
2143 1465 2434 1536 angustiis.
2463 1465 2606 1520 Dixit
2635 1475 2817 1520 autem
2846 1463 3239 1520 Faustinianus
3266 1461 3504 1532 Epipha-

1929 1557 2022 1611 nio
2054 1574 2067 1610 :
2104 1556 2230 1620 Abi,
2274 1557 2454 1626 plane,
2478 1567 2533 1611 et
2568 1558 2818 1613 homines
2869 1557 3114 1612 incautos
3148 1553 3363 1622 decipe,
3405 1567 3506 1606 nec

1929 1647 2044 1701 haec
2094 1647 2261 1702 verba
2293 1647 2514 1717 loquere
2548 1646 2926 1702 Faustiniano.
2963 1643 3168 1700 Venisti
3212 1641 3320 1696 huc
3372 1640 3505 1695 mihi

1926 1739 2111 1794 verbis
2146 1739 2456 1806 insultans;
2502 1739 2680 1809 fugies
2732 1738 2930 1794 deinde
2979 1737 3034 1791 in
3067 1735 3328 1807 Cyprum.
3358 1732 3506 1787 Vade

1930 1831 2059 1886 hinc
2089 1832 2145 1886 in
2182 1830 2522 1886 Phreniciam
2551 1871 2568 1898 ,
2599 1840 2650 1884 et
2687 1831 2858 1884 malos
2892 1828 3010 1883 dies
3048 1842 3176 1896 ages
3221 1833 3503 1894 perpetuo.

1930 1921 2228 1992 Postquam
2265 1922 2383 1978 hac
2410 1922 2546 1977 dixit
2580 1921 2634 1975 in
2670 1919 3034 1990 Epiphaniam
3065 1917 3253 1972 furens
3285 1914 3504 1970 Fausti-

1926 2012 2143 2078 nianus,
2174 2013 2383 2084 accepit
2411 2029 2498 2068 me
2531 2012 2891 2082 Epiphanius,
2923 2021 2976 2066 et
3009 2011 3208 2066 ivimus
3235 2009 3288 2062 in
3319 2007 3502 2063 aulam

1929 2101 2300 2172 imperatoris,
2330 2112 2390 2158 ut
2420 2118 2601 2173 regem
2641 2102 2962 2172 juberemus
2996 2102 3200 2164 valere.
3225 2107 3280 2156 ct
3299 2099 3504 2153 iremus

1854 2168 1896 2223 Β
1928 2192 1982 2247 in
2008 2168 2292 2264 Cyprum.
2318 2168 2657 2264 imperatore
2681 2209 2808 2248 vero
2857 2202 3082 2262 rogante
3112 2190 3501 2261 Epiphanium,

1926 2293 1987 2340 ut
2015 2286 2222 2356 aliquot
2247 2285 2364 2341 dies
2393 2295 2702 2340 versaretur
2733 2285 2784 2338 in
2810 2285 2978 2354 regia,
3012 2282 3346 2354 Epiphanius
3373 2297 3504 2338 cau-

1925 2390 2043 2429 sam
2099 2390 2201 2430 cur
2262 2373 2530 2444 proﬁcisci
2596 2373 2753 2428 vellet
2802 2372 3038 2426 dierbal.
3091 2373 3161 2426 At
3208 2371 3503 2440 imperator

1928 2478 2120 2519 rursus
2146 2464 2376 2518 retinnit
2413 2463 2799 2533 Epiphaninm.
2831 2461 2988 2517 Mane
3042 2471 3224 2516 autem
3265 2462 3496 2532 ingredi-

1925 2565 2012 2610 tur
2033 2555 2252 2625 quidam
2277 2571 2341 2611 ex
2379 2555 2446 2610 iis
2470 2594 2484 2619 ,
2521 2555 2614 2624 qui
2640 2571 2904 2626 responsa
2931 2553 3196 2617 referunt,
3233 2554 3286 2608 in
3321 2553 3500 2608 aulam

1924 2649 2150 2718 regiam,
2179 2645 2795 2703 dicensFaustinianum
2814 2647 3072 2718 Cyprium
3090 2646 3254 2700 vitam
3274 2646 3500 2701 tiniisse.

1922 2739 2060 2794 Cum
2085 2739 2200 2795 hare
2213 2738 2485 2794 .audiisset
2502 2738 2814 2810 Epiphaniu
2828 2755 2874 2804 s,
2901 2738 3041 2793 luxit
3066 2737 3500 2792 Faustinianum.

1918 2827 2173 2886 Decrevit
2201 2839 2382 2886 antem
2419 2831 2736 2901 imperator,
2764 2838 2823 2885 nt
2853 2829 3198 2885 deferrentur
3219 2829 3273 2882 in
3309 2828 3500 2882 fiscum

1921 2938 2263 2993 quacunque
2310 2933 2468 2979 erant
2507 2919 2880 2989 Faustiniani,
2913 2922 3152 2977 maxime
3183 2919 3330 2992 quod
3373 2935 3497 2989 pm-

1916 3013 2028 3070 lem
2063 3029 2169 3070 non
2199 3015 2516 3084 reliquisset
2548 3031 2714 3086 super
2739 3027 2960 3072 terram.
2991 3013 3145 3070 Dixit
3183 3027 3316 3069 vero
3365 3012 3494 3080 Epi-

1921 3105 2161 3175 phanius
2209 3106 2526 3171 imperatori
2564 3123 2577 3160 :
2615 3104 2753 3160 Vide
2779 3148 2794 3171 ,
2816 3121 2856 3161 ιο
2886 3105 2961 3160 lili
2985 3147 3000 3173 ,
3032 3122 3100 3162 ne
3150 3119 3363 3172 pecces.
3399 3101 3497 3159 Est

1911 3195 2066 3251 enim
2098 3211 2238 3250 uxor
2255 3191 2603 3250 'Faustiniani
2634 3195 2800 3250 Deum
2825 3210 2890 3250 ex
2923 3196 3087 3250 corde
3132 3195 3342 3250 colens.
3369 3193 3522 3249 'Cre-'

1911 3285 1990 3341 de
2022 3285 2203 3340 verbis
2229 3283 2546 3356 Epiplianii,
2578 3293 2632 3340 et
2653 3284 2756 3340 erit
2782 3282 2875 3339 tibi
2919 3284 3092 3356 gratia
3121 3285 3262 3353 apud
3296 3283 3509 3340 Altissi-

1919 3372 2277 3432 mum.’l‘unc
2329 3375 2553 3431 tradidit
2605 3375 2900 3445 imperator
2943 3372 3326 3428 auctoritatem
3375 3372 3493 3442 Epi-

232 3471 309 3542 ,μὴ
342 3473 595 3543 ποιήσεις
617 3469 912 3542 ἁμαρτίαν.
931 3472 1086 3524 Ἔστι
1116 3471 1225 3543 γὰρ
1251 3474 1389 3545 γυνὴ
1428 3475 1814 3530 Φαυστινιανού

1920 3469 2129 3538 ιριιιιιιίο
2160 3469 2213 3522 ἱιι
2243 3468 2500 3524 omnibus
2530 3467 2695 3523 rebus
2741 3464 3102 3523 Faustiuiani.
3142 3464 3287 3520 Dixit
3315 3476 3496 3522 autem

231 3539 474 3610 θεοσεϐοῧ
486 3573 560 3608 σα
585 3539 693 3609 ἀπὸ
717 3539 962 3629 καρδίας.
990 3539 1449 3630 Πείσθητιλὸγοις
1476 3563 1815 3634 Ἐπιφανίου,

1920 3560 2266 3632 Epiphanius
2317 3561 2633 3631 imperatori
2667 3579 2680 3616 :
2730 3559 2913 3615 Habeo
2949 3559 3160 3622 Deum,
3191 3559 3331 3614 o-flli
3353 3599 3368 3625 ,
3403 3557 3495 3628 qui

233 3643 512 3700 ααὶέσται
547 3663 630 3698 σοι
654 3647 813 3716 χάρις
843 3647 994 3718 παρὰ
1033 3647 1310 3719 Ὑψίστου.
1359 3652 1492 3707 Τότε
1519 3656 1547 3708 6
1567 3655 1815 3726 βασιλεὺς

1920 3653 2056 3706 mihi
2085 3653 2318 3722 praebet,
2354 3669 2478 3722 qua:
2504 3664 2633 3708 sunt
2654 3652 2962 3708 necessaria
2991 3671 3004 3708 :
3033 3652 3128 3707 sed
3170 3653 3286 3707 haec
3313 3652 3494 3707 omnia

238 3735 527 3791 ἀποδίδωσι
548 3736 646 3808 τὴν
663 3737 948 3792 αύθεντίαν
965 3741 1144 3794 πᾶσαν
1178 3743 1485 3816 Ἐπιςρανίῳ
1515 3746 1624 3800 τῶν
1683 3765 1815 3820 πρα-

1921 3758 1987 3796 ex
2055 3743 2204 3797 illius
2265 3743 2512 3798 mulieris
2568 3743 2838 3798 sententia
2883 3741 3136 3796 dabimus
3180 3741 3494 3813 egentibus.

241 3827 450 3900 χμάτων
469 3831 886 3887 ⁴ιαυστιννιανοῦ.
919 3830 1083 3888 Εἶπεν
1106 3833 1197 3889 οὖν
1221 3839 1537 3909 Ἐπιφάνιος
1561 3859 1697 3912 προς
1727 3844 1815 3899 τὸν

1921 3831 2059 3888 Cum
2094 3832 2211 3887 haec
2266 3832 2434 3902 igitur
2476 3831 2794 3902 imperatori
2846 3830 3074 3886 dixisset
3107 3829 3453 3900 Epiphanius
3479 3870 3494 3894 .

232 3919 449 3990 βασιλέα
469 3940 487 3954 ·
530 3922 679 3994 Ἐχω
708 3924 798 3977 τὸν
828 3925 978 3988 Θεὸν,
1006 3926 1216 3991 τέκνον,
1266 3929 1357 3982 τὸν
1397 3931 1706 4002 παρέχοντα
1749 3935 1815 3988 τὰ

1921 3923 2218 3992 imperator
2248 3921 2387 3975 dixit
2413 3922 2462 3977 ei
2498 3939 2512 3976 :
2555 3920 2704 3985 Pete,
2734 3918 2914 3986 Pater,
2940 3936 3002 3976 ea
3033 3921 3236 3990 quibus
3263 3921 3494 3990 indige~,

242 4011 365 4083 πρὸς
389 4013 492 4086 τὴν
522 4014 740 4086 χρείαν,
779 4017 871 4068 καὶ
898 4015 1074 4070 ταῦτα.
1099 4019 1276 4072 πάντα
1308 4021 1446 4092 μετὰ
1473 4005 1696 4094 γνώμης
1718 4026 1815 4096 τῆς

1920 4021 1972 4068 et
1998 4028 2060 4067 ea
2091 4013 2342 4069 lubenter
2376 4014 2469 4068 tibi
2495 4013 2656 4068 dabo.
2690 4012 3008 4084 Imperatori
3057 4012 3338 4080 respondit
3368 4009 3493 4080 Epi-

243 4107 492 4170 γυναικὸς
523 4107 874 4178 ἀποδώσομεν
899 4109 1328 4181 τοῖς-δεομένοις.
1355 4113 1542 4168 Ταῦτα
1573 4117 1816 4182 εἰπόντος

242 4195 574 4266 Ἐπιφανίου,
596 4193 750 4251 εἶπεν
777 4201 805 4251 ὁ
842 4198 1095 4268 βασιλεύς
1113 4217 1128 4232 ο
1180 4201 1410 4273 Δίτησαι
1429 4245 1448 4270 ,
1478 4206 1678 4278 Πάτερ,
1740 4201 1814 4261 ὦν

234 4285 474 4358 χρῄζεις,
507 4290 603 4342 καὶ
625 4290 819 4360 ἔσομαι
850 4291 1024 4356 διδοὺς
1060 4293 1119 4345 ἐν
1158 4296 1492 4366 προαιρέσει.
1539 4295 1704 4352 Εἶπεν
1758 4301 1814 4355 δὲ

241 4378 549 4448 Ἥπιφάνιος
578 4381 716 4452 πρὸς
744 4381 832 4435 τὸν
864 4382 1086 4454 βασιλέα
1111 4399 1124 4413 ·
1151 4385 1394 4440 Φύλασσε
1426 4389 1593 4458 ἐμοὺς
1623 4389 1814 4459 λόγους

241 4470 608 4537 ἀδιαλείπτως,
642 4473 736 4536 καὶ
766 4474 851 4544 ἔχε
871 4491 972 4544 με,
1006 4475 1217 4538 τέκνον,
1273 4479 1414 4532 κατὰ
1473 4479 1647 4551 ψυχήν
1694 4499 1808 4538 σου.

241 4560 411 4616 Ταῦτα
471 4563 530 4616 δὲ
585 4563 832 4628 εἰπόντος
880 4565 1223 4634 Ἐπιφανίου,
1278 4569 1598 4641 συνεξῆλθεν
1628 4573 1758 4643 ἡμῖν
1783 4578 1812 4628 6

239 4653 483 4722 βασιλεὺς
509 4659 580 4710 ἐκ
611 4657 704 4710 τοῦ
731 4658 1002 4728 ταμιείου,
1031 4659 1124 4712 καὶ
1143 4659 1513 4730 παρεκάλεσεν
1534 4663 1626 4716 τὸν
1660 4665 1811 4716 Ἐπι-

239 4746 415 4812 φάνιον
446 4751 598 4813 ὅπως
629 4751 790 4803 αὑτὸν
829 4750 1133 4820 εύλογήσει.
1197 4751 1306 4803 Καὶ
1367 4754 1596 4822 ποιήσας
1644 4755 1810 4827 εὐχὴν

1912 4109 2157 4179 phanius
2189 4125 2201 4160 :
2234 4107 2508 4179 Perpetuo
2547 4125 2706 4165 serva
2756 4123 2909 4164 meos
2969 4121 3283 4173 sermones,
3315 4118 3370 4163 et
3406 4123 3492 4162 me

1918 4201 2080 4268 habe,
2113 4200 2208 4267 fili,
2241 4200 2293 4255 in
2327 4203 2514 4255 animo
2549 4208 2663 4255 tuo.
2695 4199 2831 4254 Cum
2857 4199 2970 4253 haec
2997 4197 3224 4253 dixisset
3259 4197 3492 4268 Epipha-

1918 4297 2062 4356 nius,
2115 4308 2221 4347 una
2273 4292 2562 4347 nobiscum
2613 4307 2675 4346 ex
2740 4289 2860 4345 aula
2918 4304 3173 4360 egressus
3209 4297 3294 4344 est
3321 4289 3489 4358 impc-

1916 4394 2095 4449 ratur,
2123 4393 2177 4439 et
2225 4384 2436 4453 rogavit
2459 4382 2846 4452 Epiphanium,
2883 4391 2942 4436 ut
2986 4379 3089 4438 sibi
3124 4379 3486 4436 benedicen-t.

1913 4476 2163 4546 Cumque
2209 4475 2512 4531 orationem
2565 4475 2786 4530 fecisset
2815 4470 3174 4544 Epiphanius,
3210 4472 3490 4527 benedixit

1915 4568 2255 4638 imperatori,
2288 4577 2343 4624 et
2368 4585 2493 4623 eum
2528 4569 2804 4624 salutavit.
2836 4567 2902 4622 Et
2933 4583 3186 4623 reversus
3215 4576 3298 4621 est
3324 4566 3490 4635 impe-

1915 4672 2065 4716 rator
2108 4662 2162 4716 in
2184 4677 2324 4732 pace
2356 4661 2409 4715 in
2432 4660 2614 4716 aulam
2660 4675 2815 4715 suam
2853 4676 2867 4724 ;
2897 4674 2996 4713 nos
3020 4674 3145 4712 vero
3175 4656 3352 4727 Spatio
3383 4672 3486 4711 nn-

1912 4767 2032 4808 vem
2060 4752 2271 4808 dierum
2296 4751 2672 4821 navigavimus
2698 4750 2750 4804 in
2779 4749 3039 4821 Cyprum,
3061 4757 3116 4803 et
3139 4746 3336 4803 fratres
3357 4764 3482 4802 eum

243 4838 544 4911 Ἐπιῳάνιος
601 4841 894 4915 εὐλόγησεν
945 4843 1036 4895 τὸν
1077 4839 1320 4912 βασιλέα,
1371 4846 1472 4897 καὶ
1523 4847 1809 4916 ἠσπάσατο

1920 4860 2112 4916 magno
2142 4860 2243 4900 nos
2271 4845 2470 4915 gaudio
2485 4852 2817 4914 exceperunt
2849 4860 2863 4908 ;
2910 4842 3330 4912 invenimusque
3353 4856 3489 4894 uxo-

240 4929 406 4998 αὑτὸν,
439 4934 532 4986 ml.
563 4933 950 5005 ὑπέστρεψενσό
979 4933 1230 5003 βασιλεὺς
1249 4936 1306 4987 ἐν
1337 4935 1414 5006 τῷ
1442 4937 1675 5009 ταμιείῳ
1701 4939 1766 4992 αὖ

243 5019 322 5073 τοῦ
340 5023 466 5094 μετ’
495 5025 739 5094 εἰρήνης.
783 5025 973 5094 Ἡμεῖς
1005 5024 1061 5078 δὲ
1112 5025 1180 5077 δι’
1230 5025 1385 5079 ἐννέα
1416 5027 1637 5098 ἡμερῶν
1689 5031 1798 5083 άπ-

239 5110 569 5185 επλεύσαμεν
595 5115 653 5166 ἐν
670 5111 902 5185 Κύπρῳ,
930 5116 1023 5168 καὶ
1045 5113 1373 5180 ἀπεδέξαντο
1394 5117 1542 5186 ἡμᾶς
1575 5117 1624 5170 οἱ
1647 5118 1800 5171 ἁδελ-

241 5201 322 5266 901
350 5203 489 5272 μετὰ
527 5205 708 5277 χαρᾶς
745 5204 1012 5274 μεγάληςο
1045 5204 1283 5277 εὕρομεν
1319 5206 1377 5260 δὲ
1424 5207 1528 5278 τὴν
1566 5213 1798 5277 γυναῖκα

240 5290 605 5348 Φαυστινιανοῦ
676 5293 976 5348 πενθοῦσαν
1023 5297 1150 5367 περὶ
1217 5296 1312 5350 τοῦ
1359 5298 1550 5369 ἀνδρὸς
1606 5301 1798 5371 αὐτῆς.

240 5382 337 5438 Καὶ
362 5387 788 5459 παρεμυθήσατο
825 5386 992 5457 αὐτὴν
1044 5389 1361 5457 Ἐπιφάνιος
1395 5391 1488 5444 ἐπὶ
1545 5393 1692 5464 πάσῃ
1732 5397 1798 5465 τῇ

238 5471 396 5544 θλίψει
422 5479 612 5548 αὐτῆς,
645 5477 744 5530 καὶ
766 5477 987 5548 ἐπείσθη
1007 5481 1119 5544 τοῖς
1142 5479 1319 5548 λόγοις
1347 5482 1533 5544 αὐτοῦ,
1553 5484 1646 5537 καὶ
1663 5501 1800 5559 παρο

1909 4952 2024 4992 rem
2059 4935 2400 4991 Faustiniani
2446 4935 2723 5005 lugentem
2781 4935 3034 4988 maritum
3068 4948 3251 4986 suum.
3282 4930 3488 4986 Conso-

1905 5028 2052 5084 Iatus
2077 5037 2160 5082 est
2192 5027 2359 5098 igitur
2385 5041 2505 5081 eam
2537 5025 2872 5096 Epiphanius
2898 5025 2951 5078 in
2977 5033 3088 5078 tota
3115 5039 3210 5079 sna
3235 5021 3485 5077 atllictio-

1909 5137 1995 5176 ne.
2035 5120 2169 5186 Quae
2185 5119 2369 5192 paruit
2393 5118 2573 5174 verbis
2602 5115 2915 5187 Epiphanii.
2946 5113 3269 5186 rogavitque
3303 5113 3482 5179 illum,

1914 5224 1974 5271 ut
2007 5215 2164 5270 daret
2196 5213 2247 5268 ei
2287 5213 2337 5268 id
2378 5213 2523 5284 quod
2570 5221 2654 5268 est
2698 5212 2751 5266 in
2781 5211 3002 5266 Christo
3032 5207 3397 5281 signaculum,
3431 5217 3486 5261 ct

1910 5306 2208 5378 baptizavit
2241 5321 2362 5361 eam
2387 5345 2402 5371 ,
2431 5315 2484 5360 et
2516 5303 2794 5359 ordinavit
2825 5319 2944 5357 eam
2977 5300 3346 5357 diaconissam
3378 5298 3483 5352 Ee-

1907 5398 2089 5452 clesiae
2119 5414 2134 5450 :
2169 5406 2224 5451 et
2259 5394 2443 5450 omnia
2478 5396 2599 5465 ejus
2629 5395 2767 5450 bona
2795 5409 2858 5448 ex
2895 5391 3162 5450 sententia
3191 5388 3482 5460 Epiphanii

1909 5489 2034 5542 data
2072 5496 2201 5542 sunt
2226 5488 2617 5558 indigentibus.

239 5568 472 5623 εκάλεσεν
521 5569 849 5640 Ἐπιφάνιον
903 5569 1048 5636 ὅπως
1082 5569 1242 5625 δώσει
1290 5573 1426 5644 αὐτῇ
1471 5573 1571 5644 τὴν
1618 5576 1677 5629 ἐν
1708 5577 1930 5650 Χριστῷ
1993 5579 2284 5649 σφραγῖδα,
2355 5579 2446 5633 καὶ
2492 5578 2763 5651 βαπτίσας
2832 5575 3020 5647 αὐτὴν,
3073 5571 3477 5644 ἐχειροτόνησεν
