3866 6066
442 190 507 248 99
1750 186 1810 244 S.
1853 186 2196 246 EPlPllANll
2234 186 2414 244 VITA.
3585 184 3668 240 too

442 300 611 370 αὐτὴν
638 296 883 365 διάκονον
906 299 1391 372 τῆςἙκκὶυιτίας·
1445 298 1537 353 καὶ
1588 295 1656 370 ἧν
1687 300 1897 354 ἅπαντα
1942 300 2008 354 τὰ
2048 302 2345 373 πράγματα
2393 302 2558 371 αὐτῆς
2597 302 2653 355 ἐν
2702 304 2770 372 τῇ
2820 300 3016 373 γνώμῃ
3074 296 3393 369 Ἑπιφανξου
3446 295 3669 368 διὶόμενα

444 398 552 459 τοῖς
585 393 880 465 δεομένοις.

514 482 652 544 LIX.
686 484 991 554 Aliquando
1014 492 1195 537 autem
1222 496 1504 538 sermones
1526 482 1756 538 contulit
1781 481 2008 554 Epipha-

2183 481 2309 537 ΝΘ.
2346 479 2482 534 Ποτὲ
2513 472 2605 532 οὖν
2661 479 2894 549 συνῆρεν
2948 476 3140 546 λόγους
3193 476 3506 546 Ἐπιφάνιος
3553 477 3669 548 πρδς

448 578 570 630 nius
610 590 735 632 cum
767 575 944 639 Aetio,
978 573 1068 643 qui
1098 582 1215 627 erat
1237 614 1252 639 ,
1285 581 1343 627 ut
1375 573 1551 637 aiunt,
1583 574 1873 644 episcopus
1900 574 2011 629 Va-

448 666 887 720 lentinianorum.
928 663 1207 734 Erantque
1253 664 1592 721 Constantia:
1642 666 1799 722 multi
1846 665 2012 737 hujus

449 755 687 811 haeresis.
714 755 849 810 Cum
880 754 1047 826 igitur
1080 754 1268 810 multis
1301 755 1486 811 verbis
1530 757 1882 813 contenderet
1902 758 2012 812 Ae-

448 846 578 910 tius,
609 854 663 900 et
713 846 781 901 de
809 845 1094 902 Altissimo
1128 847 1331 902 multas
1367 848 1571 903 diceret
1601 848 1967 919 blasphemias
1991 878 2009 914 ,-

443 936 581 992 dixit
612 937 661 992 ei
692 936 1069 1008 Epiphanius:
1108 938 1327 1009 Accipe,
1375 954 1409 995 ο
1461 938 1626 1009 impie
1649 939 1767 994 Aeti
1792 981 1807 1007 ,
1834 939 1890 994 in
1918 953 2014 995 ore

447 1034 539 1082 tuo
594 1028 932 1097 repagulum,
978 1037 1171 1084 etnon
1213 1027 1454 1098 loqueris
1497 1027 1663 1083 verba
1699 1027 2011 1085 insolentia.

444 1118 578 1175 Cum
605 1120 841 1191 primum
870 1119 976 1175 hoc
1003 1119 1230 1176 dixisset
1257 1118 1612 1190 Epiphanius,
1648 1117 1802 1174 Aetio
1832 1133 1896 1174 os
1914 1117 2015 1174 fuit

444 1208 807 1280 obstructum,
850 1221 905 1267 et
956 1213 1025 1267 ab
1051 1213 1144 1267 illo
1184 1212 1272 1267 die
1319 1227 1427 1266 non
1458 1211 1636 1282 potuit
1667 1212 1904 1283 amplius
1931 1211 2013 1266 lo-

444 1304 559 1374 qui.
602 1302 739 1358 Cum
797 1313 975 1358 autem
1009 1303 1294 1369 vidissent,
1330 1302 1424 1375 qui
1457 1309 1615 1356 erant
1652 1301 1774 1371 ejus
1806 1311 1969 1356 sectae
1995 1340 2011 1366 ,

444 1394 590 1464 quod
640 1410 734 1463 per
765 1395 989 1449 verbum
1030 1394 1080 1449 ei
1123 1411 1186 1451 os
1231 1396 1596 1451 obstruxisset
1634 1392 1971 1464 Epiphanius
1996 1432 2012 1460 ,

445 1484 599 1554 proni
649 1498 841 1540 omnes
887 1485 1236 1551 ceciderunt,
1279 1495 1335 1542 et
1359 1486 1704 1541 anathemate
1728 1498 2013 1556 percusse-

446 1584 573 1628 runt
612 1590 766 1629 suam
814 1575 1154 1645 religionem,
1222 1583 1277 1632 et
1340 1575 1468 1632 facti
1507 1584 1636 1631 sunt
1692 1573 2010 1629 orthodoxi.

443 1665 642 1722 Mansit
698 1683 828 1724 vero
882 1670 1074 1725 Aetius
1128 1684 1225 1724 sex
1266 1668 1460 1723 diebus
1501 1682 1608 1722 non
1661 1665 2015 1735 loquens,et

444 1759 674 1827 septimo
717 1759 804 1813 die
833 1758 999 1814 vitam
1023 1759 1185 1814 ﬁniit.
1219 1758 1386 1813 Erant
1414 1768 1598 1814 autem
1637 1758 1759 1813 alia:
1793 1773 2014 1828 quoque

2115 570 2321 625 Ἀέτιον
2370 570 2463 623 τὸν
2507 568 2803 622 ἐπίσκοπον
2858 566 2967 621 τῶν
3014 561 3670 621 ούαλεντινιανῶν.-Ἦσαν

2115 661 2294 734 πλήθη
2319 661 2410 715 ἐπὶ
2436 661 2535 732 τῆς
2566 660 2952 723 Κωνσταντίας
2972 659 3022 712 οἱ
3050 658 3150 729 τῆς
3177 658 3441 731 αἱρέσεως
3468 655 3666 726 ταύτης.

2114 753 2226 807 Καὶ
2248 751 2312 824 δὴ
2350 752 2625 815 πλείστοις
2672 750 2851 819 λόγοις
2903 748 3226 819 φιλονεικῶν
3274 749 3303 801 ὁ
3347 745 3566 809 ’Δέτιος,
3592 745 3669 798 καί

2115 844 2196 906 εἰς
2224 840 2572 914 βλασφημίας
2604 839 2805 904 πολλὰς
2833 840 2959 912 περὶ
2990 838 3082 893 τδν
3117 838 3383 908 ’Υψιστον
3430 836 3666 899 ἐλθόντος,

2115 928 2269 987 εἶπεν
2294 934 2611 1003 Ἐπιφάνιος
2639 933 2776 1003 πρὸς
2831 932 2994 986 αὐτόν
3013 948 3027 963 ο
3074 930 3246 996 Λάϐε,
3309 929 3490 1001 φησὶν,
3520 929 3669 983 Ἀέτιε

2115 1024 2529 1089 δυσσεϐέστατε,
2557 1023 2811 1094 κατόχιον
2850 1022 2945 1075 ἐπὶ
2972 1021 3050 1093 τῷ
3085 1020 3319 1092 στόματί
3345 1037 3457 1082 σου.
3481 1019 3568 1074 καὶ
3587 1020 3668 1091 ἔση

2120 1116 2196 1187 μὴ
2217 1115 2394 1169 λαλῶν
2421 1115 2686 1178 ἀτάκτους
2719 1113 2931 1182 λόγους.
2960 1115 3069 1167 Καὶ
3094 1113 3301 1175 εὐθέως
3324 1114 3353 1165 ὁ
3384 1111 3577 1174 Ἀέτιος
3594 1111 3671 1161 ἐπὶ

2114 1208 2192 1278 τῷ
2219 1207 2363 1278 λόγῳ
2393 1206 2716 1276 Ἐπιφανίου
2770 1204 3044 1277 ἐφιμώθη,
3074 1204 3168 1258 καί¹
3222 1204 3407 1258 οὐκέτι
3457 1200 3669 1273 ἠδυνήθη

2116 1299 2347 1372 λαλῆσαι
2370 1300 2530 1369 λόγον
2564 1299 2674 1353 ἀπὸ
2698 1299 2797 1370 τῆς
2827 1298 3041 1370 ἡμέρας
3069 1298 3309 1368 ἐκείνης.
3335 1296 3546 1358 ’ἰδόντες
3591 1290 3669 1347 οὖν

2115 1392 2166 1445 οἰ
2198 1391 2297 1462 τῆς
2327 1390 2590 1462 αἱρέσεως
2612 1387 2799 1452 αὐτοῦ,
2824 1389 2904 1442 ὅτι
2920 1388 3007 1442 διὰ
3032 1388 3193 1456 λόγου
3210 1385 3483 1456 ἐφίμωσεν
3508 1382 3667 1445 αὐτὸν,

2119 1482 2463 1553 προσέπεσαν
2498 1481 2734 1543 ἅπαντες
2767 1480 3091 1551 Ἐπιφανίῳ,
3149 1479 3248 1533 καὶ
3304 1474 3669 1545 ἀνεθεμάτισαν

2117 1572 2216 1644 τὴν
2257 1572 2392 1626 ἰδίαν
2419 1571 2718 1644 θρησκείαν
2753 1571 2953 1639 αὐτῶν,
2987 1572 3082 1625 καὶ
3117 1569 3367 1638 ἐγένοντο
3388 1562 3631 1639 ὀρθόδοξοι
3654 1582 3666 1597 -

2117 1664 2331 1736 ἔμεινεν
2353 1664 2408 1717 δὲ
2430 1665 2459 1717 ὁ
2484 1662 2688 1726 Ἀέτιος
2713 1662 2772 1729 ἒξ
2795 1663 3009 1734 ἡμέρας
3034 1661 3108 1732 μὴ
3135 1660 3334 1721 λαλῶν,
3357 1659 3451 1712 καί
3462 1659 3525 1726 τῇ
3542 1653 3669 1708 ἑϐδό-

2122 1771 2199 1829 μῃ
2245 1754 2430 1827 ἡμέρᾳ
2471 1753 2768 1808 κατέλυσεν
2819 1754 2906 1808 τὸν
2942 1754 3055 1824 βίον
3088 1751 3277 1807 αὐτοῦ.
3310 1744 3487 1803 Ἶῐσαν
3515 1747 3567 1800 δὲ
3590 1744 3668 1798 καὶ

444 1849 691 1917 plurima:
721 1848 955 1906 haereses
980 1849 1036 1904 in
1069 1850 1244 1904 insula
1271 1849 1621 1920 Cypriorum,
1657 1849 1738 1903 ha:
1766 1849 2008 1914 scilicet,

2290 1819 2547 1896 ’πλεῖσται
2571 1842 2807 1914 αἱρέσεις
2835 1843 2891 1894 ὲν
2914 1819 2980 1912 τῇ
3014 1839 3277 1912 Κυπρίων
3297 1836 3467 1909 χώρᾳ,
3491 1832 3665 1894 αἵτινές

444 1935 787 2007 Ophitarum,
843 1938 1309 2005 Sabellianorum,
1361 1936 1787 2002 Nicolaitarum,
1838 1936 2016 1992 Simo-

447 2027 733 2080 nianorum
762 2036 817 2082 et
845 2026 1412 2105 Carpocratianorum.
1440 2025 1515 2081 De
1531 2025 1616 2081 his
1646 2027 1864 2096 scripsit
1890 2010 2015 2097 Epi-

444 2119 678 2188 phanius
707 2118 992 2187 epistolam
1015 2117 1083 2171 ad
1103 2099 1487 2173 "l‘neodosium
1514 2115 1922 2185 imperatorem,
1950 2125 2012 2171 ut

443 2209 833 2264 constitutione
871 2209 1017 2278 regia
1049 2224 1144 2263 eos
1173 2209 1469 2278 expelleret
1494 2223 1564 2263 ex
1599 2208 1800 2263 insula.
1836 2205 2007 2261 Erant

439 2300 585 2353 enim
620 2300 762 2354 inter
794 2315 889 2355 eos
924 2300 1027 2353 viri
1062 2300 1281 2366 divites,
1315 2299 1516 2369 quibus
1544 2298 1802 2354 mandata
1836 2297 2016 2354 fuerat

440 2405 570 2444 cura
624 2406 805 2444 rerum
858 2390 1249 2459 publicarum;
1300 2400 1356 2446 et
1405 2376 1785 2459 deprimebant
1823 2390 2014 2444 ortho-

441 2481 634 2536 doxos.
662 2480 798 2535 Cum
829 2487 1011 2536 autem
1041 2480 1344 2552 accepisset
1383 2480 1679 2550 imperator
1706 2480 1915 2535 litteras
1943 2479 2013 2534 ab

458 2570 781 2641 Epiphanio,
818 2571 1035 2642 scripsit
1065 2572 1119 2626 in
1150 2572 1290 2627 hanc
1316 2571 1550 2626 formam
1583 2589 1597 2625 :
1631 2570 1688 2626 Si
1720 2572 1843 2643 quis
1866 2571 2014 2628 Patri

442 2662 747 2733 Epiphanio
784 2665 1044 2735 episcopo
1076 2665 1315 2736 regionis
1347 2663 1673 2736 Cypriorum
1712 2679 1818 2719 non
1861 2675 2016 2734 paret

439 2770 538 2822 per
592 2755 755 2810 verba
804 2756 987 2811 divina
1012 2795 1027 2821 ,
1065 2765 1224 2811 exeat
1249 2771 1316 2810 ex
1349 2754 1529 2811 insula
1552 2796 1568 2823 ,
1607 2764 1664 2811 et
1690 2756 1897 2812 habitet
1925 2758 2014 2814 ubi

438 2846 588 2902 velit.
618 2842 675 2900 Si
716 2844 810 2916 qui
844 2854 1025 2901 autem
1052 2856 1179 2903 sunt
1218 2845 1401 2907 amici,
1429 2854 1481 2900 et
1512 2845 1608 2900 lilii
1645 2846 2010 2916 pmnitentiae,

441 2946 496 2991 et
523 2935 858 2991 conﬁtentur
899 2938 1179 2992 communi
1210 2935 1357 2994 Ροιοί
1380 2976 1395 3002 ,
1423 2935 1600 3009 quod,
1633 2953 1756 2994 cum
1780 2938 1891 2994 sint
1919 2939 2010 2994 de-

441 3028 604 3099 cepti,
651 3029 819 3084 velint
855 3031 1040 3085 venire
1066 3030 1134 3085 ad
1165 3032 1448 3087 veritatem
1472 3073 1487 3099 ,
1519 3040 1795 3097 maneant,
1828 3041 1886 3087 ut
1919 3033 2013 3088 do-

440 3130 668 3175 ceantur
696 3136 726 3174 a
755 3121 1036 3176 communi
1070 3121 1247 3178 Patre.
1272 3121 1428 3189 Quod
1455 3123 1691 3179 edictum
1714 3138 1836 3178 cum
1863 3133 2008 3179 esset
2035 3155 2077 3212 ο

440 3226 470 3263 a
506 3210 772 3266 militibus
821 3212 1083 3277 allatum,
1130 3220 1184 3267 et
1221 3213 1591 3282 publicatum,
1629 3213 1784 3271 multi
1818 3229 1885 3268 ex
1925 3213 2007 3270 eis

438 3302 790 3358 crediderunt
818 3304 1139 3375 Epiphanio.
1176 3305 1285 3372 Qui
1318 3320 1448 3361 vero
1493 3320 1602 3360 non
1633 3304 2005 3369 crediderunt,

451 3395 629 3451 statim
660 3396 817 3467 ejecti
851 3404 1069 3452 suntex
1103 3396 1302 3453 insula.

508 3659 620 3717 LX.
669 3660 798 3716 Erat
845 3672 1026 3716 autem
1072 3661 1410 3717 Alexandria:
1456 3663 1674 3733 quidam
1723 3652 2008 3736 cpiseupus

439 3738 660 3808 nomine
692 3752 1045 3823 Theophilus.
1098 3752 1147 3808 ls
1181 3754 1370 3809 habuit
1419 3770 1670 3827 magnam
1721 3754 2005 3826 Epiphauii

438 3846 709 3901 notitiam.
754 3844 921 3901 Erant
953 3861 1081 3901 vero
1120 3854 1232 3902 tres
1274 3845 1472 3904 fratres
1516 3846 1873 3912 Alexandriae,
1910 3847 2004 3903 ﬁlii

439 3936 807 4002 lleracleonis,
839 3937 931 4009 qui
966 3938 1326 4007 imperaverat
1351 3937 1403 3991 in
1430 3953 1493 3993 ea
1527 3940 1765 3993 civitate.
1793 3937 2006 3994 Mortuo

436 4047 563 4085 vero
594 4041 745 4101 patre
771 4045 980 4095 eorum,
1011 4024 1120 4084 tres
1155 4034 1218 4084 ex
1258 4045 1526 4107 consensu
1560 4032 1850 4086 voluerunt
1887 4046 2008 4088 esse

436 4122 709 4177 monachi.
767 4119 871 4188 Qui
924 4121 1153 4191 profecti
1219 4122 1274 4176 in
1330 4121 1714 4187 solitudinem,
1768 4122 2003 4192 quietem

434 4215 666 4286 agebant
699 4215 751 4269 in
783 4215 1031 4281 silentio,
1072 4226 1126 4271 et
1170 4217 1394 4271 honesta
1447 4216 1552 4271 vita
1588 4224 1745 4271 erant
1773 4216 2002 4286 praediti.

434 4301 473 4356 li
503 4311 661 4357 erant
706 4303 857 4358 valde
887 4306 1001 4358 noti
1034 4304 1331 4375 Theophila
1359 4304 1697 4361 Alexandria:
1727 4306 2000 4377 episeopo.

436 4392 584 4460 Quos
617 4392 733 4464 ipse
763 4409 886 4449 cum
931 4394 1120 4450 fraude
1165 4396 1378 4451 induxit
1425 4397 1480 4451 in
1512 4397 1812 4465 civitatem,
1840 4409 2004 4470 atque

2116 1937 2252 1989 εἰσιν
2287 1930 2462 1990 αὗταιο
2499 1938 2573 2006 (a)
2613 1934 2889 2004 Σοφισταί,
2933 1933 3300 1999 mamma,
3352 1924 3663 1985 Νικολαῖται.

2117 2028 2460 2098 Σιμωνιανοὶ,
2506 2027 2931 2091 Βασιλειδιανοί,
2993 2020 3493 2097 Καρποκρατιανοί.
3547 2018 3665 2087 Περὶ

2114 2119 2318 2172 τούτων
2362 2118 2680 2189 Ἐπιφάνιος
2726 2118 2964 2189 ἔγραψεν
3013 2117 3309 2189 ἐπιστολὴν
3358 2113 3435 2185 τῷ
3482 2108 3667 2183 βασιλεί

2114 2211 2397 2282 Θεοδοσίῳ,
2446 2212 2595 2276 ὅπως
2655 2211 2764 2266 ἀπὸ
2808 2209 3108 2276 διατάξεως
3141 2207 3422 2280 βασιλικῆς
3467 2204 3664 2264 τούτους

2112 2301 2292 2366 διώξει
2329 2303 2432 2371 τῆς
2464 2302 2651 2373 νήσου.
2677 2297 2860 2355 *Ησαν
2887 2300 2996 2373 γὰρ
3025 2300 3221 2371 ἄνδρες
3251 2299 3490 2352 πλούσιοι
3513 2298 3565 2349 ὲν
3581 2294 3666 2347 αύ-

2113 2396 2247 2457 τοῖς,
2281 2394 2477 2458 οἵτινες
2503 2394 2598 2448 καὶ
2620 2393 3028 2447 ἐνεπιστεύοντο
3063 2393 3259 2463 χρείας
3285 2391 3554 2463 δημοσίας,
3586 2388 3666 2441 καὶ

2116 2486 2432 2540 ὲταπείνουν
2461 2485 2588 2550 τοὺς
2622 2485 2956 2557 ὀρθοδόξους.
2988 2483 3301 2555 Δεξάμενος
3327 2479 3418 2537 οὖν
3472 2483 3499 2535 ὁ
3534 2480 3666 2551 βασι-

2113 2579 2239 2643 λεὺς
2263 2579 2330 2633 τὰ
2362 2579 2665 2650 γράμματα
2715 2578 2868 2649 παρὰ
2922 2580 3274 2649 Ἐπιφανίου,
3323 2579 3411 2632 καὶ
3440 2574 3662 2642 ἐποίησεν

2113 2667 2281 2722 τύπον
2311 2667 2567 2721 τοιοῦτον.
2604 2667 2672 2720 Εῖ
2687 2684 2770 2730 τις
2790 2668 2866 2739 τῷ
2905 2668 3077 2739 Πατρί
3120 2666 3423 2738 Ἐπιφανίῳ
3449 2662 3520 2734 τῷ
3561 2663 3665 2714 ἐπι-

2124 2758 2313 2827 σκόπῳ
2357 2757 2456 2828 τῆς
2487 2756 2751 2828 Κυπρίων
2783 2755 2965 2829 χώρας
2999 2758 3098 2828 οὐχ
3138 2756 3405 2811 ὑπακούει
3454 2752 3534 2808 διὰ
3570 2749 3662 2802 τῶν

2114 2849 2272 2903 θείων
2298 2849 2491 2917 λόγων,
2524 2847 2833 2919 ὲξερχέσθω
2877 2849 2977 2918 τῆς
3005 2851 3199 2920 νήσου,
3251 2851 3342 2903 καὶ
3390 2847 3514 2901 ὅπου
3539 2840 3662 2896 θέλει

2114 2941 2452 2994 κατοικείτω.
2487 2940 2550 2993 Εἰ
2598 2939 2656 2993 δέ
2690 2956 2831 3002 τινες
2875 2938 3018 3008 φίλοι
3052 2939 3208 3004 ὄντες
3259 2939 3351 2993 καὶ
3393 2937 3546 2990 τέκνα
3575 2931 3661 3002 τῆς

2117 3032 2423 3104 μετανοίας,
2456 3032 2551 3085 καὶ
2594 3029 2947 3102 ὁμολογοῦσιν
3000 3029 3081 3102 τῷ
3130 3028 3299 3102 κοινῷ
3347 3028 3542 3099 Πατρὶ,
3590 3023 3660 3077 ὅτι

2114 3121 2477 3193 πλανηθέντες
2514 3120 2816 3192 βουλόμεθα
2851 3123 2932 3185 εἰς
2974 3122 3073 3193 τὴν
3123 3121 3247 3176 ὁδὸν
3294 3121 3391 3190 τῆς
3433 3114 3660 3187 ἀληθείας

2110 3212 2285 3266 ἐλθεῖν
2304 3229 2318 3245 ·
2362 3230 2426 3284 με
2436 3212 2701 3266 ινάτωσαν
2724 3213 2817 3265 ἐπὶ
2840 3212 2942 3283 τῆς
2962 3215 3149 3284 νήσου,
3193 3211 3550 3281 διδασκόμενοι
3568 3202 3658 3258 ὑπὸ

2108 3306 2202 3359 τοῦ
2229 3305 2408 3359 κοινοῦ
2434 3304 2665 3379 Πατρός.
2723 3304 2829 3359 Τοῦ
2856 3301 2949 3359 οὖν
2979 3304 3150 3358 τύπου
3200 3304 3349 3376 παρὰ
3393 3313 3657 3372 στρατευο-

2112 3400 2275 3471 μένου
2303 3399 2548 3463 ἐλθόντος
2567 3398 2661 3452 καὶ
2682 3396 3126 3468 ὲμφανισθέντος,
3152 3397 3338 3450 πολλοὶ
3358 3391 3658 3460 ἐπείσθησαν

2109 3492 2169 3556 ἐξ
2193 3491 2370 3546 αὐτῶν
2413 3491 2735 3562 Ἐπιφανίῳ.
2792 3493 2856 3545 Οἱ
2884 3491 2941 3545 δὲ
2996 3492 3072 3564 μὴ
3124 3491 3432 3544 πεισθέντες
3478 3483 3657 3544 εὐθέως

2109 3581 2441 3652 ἐδιώχθησαν
2473 3582 2537 3634 ὲκ
2570 3581 2668 3650 τῆς
2698 3582 2885 3651 νήσου.

2177 3672 2250 3727 Ξ’.
2278 3668 2387 3726 Ἦν
2418 3672 2473 3724 δέ
2516 3689 2599 3735 τις
2628 3673 2921 3736 ἐπίσκοπος
2953 3674 3009 3725 ἐν
3050 3670 3423 3743 Ἀλεξανδρείᾳ
3448 3664 3657 3732 τοῦνομα

2107 3762 2382 3833 Θεόφιλος.
2443 3756 2609 3826 Οὗτος
2650 3757 2717 3833 ἦν
2763 3762 2820 3816 έν
2869 3761 3063 3831 γνώσει
3116 3762 3287 3833 πολλῇ
3346 3752 3650 3824 Ἐπιφανίου.

2106 3851 2287 3909 τΗσαν
2327 3854 2383 3908 δὲ
2423 3857 2572 3927 τρεῖς
2603 3853 2822 3923 όιδελφοί¹
2854 3855 2911 3907 ὲν
2953 3851 3357 3926 Ἀλεξανδρείᾳ,
3401 3848 3501 3902 υἱοὶ
3527 3841 3655 3914 γινό-

2109 3964 2261 4018 μενοι
2298 3946 2694 4017 Ἦρακλέωνος,
2722 3945 2815 3999 τοῦ
2845 3944 3106 4017 ἄρξαντος
3145 3947 3240 3999 ἐπὶ
3264 3945 3360 4016 τῆς
3386 3941 3544 4011 αὐτῆς
3570 3934 3654 3987 πό·

2106 4035 2262 4100 λεως.
2312 4035 2744 4107 Τελευτήσαντος
2786 4034 2843 4088 δὲ
2889 4034 2980 4088 τοῦ
3007 4035 3239 4106 πατρὸς
3282 4033 3482 4096 αὐτῶν,
3530 4022 3654 4080 κατὰ

2108 4125 2321 4179 σύνεσιν
2352 4126 2402 4178 οί
2443 4129 2591 4195 τρεῖς
2638 4124 3021 4179 ἐϐουλεύσαντο
3067 4126 3315 4197 μονάσαι.
3344 4121 3450 4177 Καὶ
3478 4117 3537 4188 δή
3573 4129 3655 4165 πο·

2108 4218 2390 4291 ρευθέντες
2426 4218 2485 4272 ὲν
2529 4220 2596 4290 τῇ
2632 4220 2842 4290 ἐρήμῳ,
2868 4212 3009 4291 ἦσαν
3042 4221 3100 4272 ἐν
3138 4218 3339 4290 ἡσυχίᾳ
3366 4211 3543 4281 πολλῇ,
3574 4205 3655 4259 καὶ

2106 4312 2207 4382 βίῳ
2253 4310 2515 4381 πρέποντι
2552 4312 2975 4383 κεκοσμημένοι.
3026 4304 3185 4364 Οὗτοι
3214 4306 3353 4382 ἦσαν
3395 4308 3449 4359 ἐν
3476 4299 3653 4371 γνώσει

2106 4404 2273 4476 πολλῇ
2305 4403 2546 4475 Θεοφίλῳ
2572 4403 2651 4475 τῷ
2675 4404 2956 4474 ὲπισκόπῳ
2976 4404 3077 4474 τῆς
3103 4399 3519 4471 Ἀλεξανδρείας.
3542 4389 3658 4445 Tot}-

435 4487 570 4541 adeo
605 4486 800 4550 effecit,
842 4496 899 4541 ut
933 4486 1005 4541 ibi
1041 4496 1266 4542 starent.
1299 4487 1448 4544 Fecit
1476 4498 1655 4544 autem
1686 4505 1754 4545 ex
1788 4490 1855 4545 iis
1887 4492 1998 4544 m‘a-

2113 4512 2225 4559 τους
2271 4494 2367 4565 μὲν
2405 4495 2661 4564 Θεόφιλος
2710 4494 3023 4564 εἰσήνεγκεν
3069 4496 3161 4548 ἐπὶ
3210 4495 3309 4564 τὴν
3354 4488 3508 4560 πόλιν,
3533 4477 3653 4553 ttat-'1

431 4578 605 4648 iorem
640 4579 954 4648 episcopum
1001 4579 1055 4631 in
1087 4593 1195 4632 una
1237 4578 1369 4633 urbe
1414 4577 1646 4650 Egypti.
1681 4581 1832 4638 Alios
1878 4597 2002 4637 vero

437 4670 562 4724 fecit
591 4667 852 4722 diaconos
895 4674 949 4721 et
989 4679 1305 4721 meouomos
1338 4665 1610 4724 Ecclesiae.
1640 4669 1773 4725 Cum
1821 4681 2002 4726 autem

435 4770 678 4828 tempore
727 4758 888 4811 trium
932 4772 1200 4813 annorum
1245 4756 1477 4813 fuissent
1506 4761 1775 4816 (economi
1806 4760 2005 4818 Eccle-

434 4851 551 4915 size,
581 4850 989 4920 sensissemque
1034 4864 1094 4905 se
1134 4865 1255 4905 esse
1287 4859 1533 4905 mortuos
1567 4850 1734 4923 (quod
1769 4852 1836 4907 ad
1866 4852 2006 4908 divi-

435 4959 559 4998 nam
594 4942 854 4997 attinebat
901 4942 1175 5014 gratiam),
1210 4959 1277 4998 ex
1317 4957 1589 4999 consensu
1633 4942 1743 4998 duo
1771 4957 2001 5014 rogave-

435 5046 563 5091 runt
590 5034 967 5106 Theophilum,
1003 5043 1063 5090 ut
1090 5049 1186 5090 eos
1231 5035 1359 5090 illuc
1384 5032 1697 5102 dimitteret,
1725 5034 1816 5090 ubi
1849 5035 2002 5104 prius

437 5125 767 5181 habitabant.
807 5127 908 5191 Qui
953 5140 1077 5180 cum
1111 5125 1326 5181 illorum
1362 5125 1613 5195 precibus
1658 5138 1770 5180 non
1802 5126 2003 5181 cessis-

435 5225 540 5281 set,
575 5218 733 5270 ambo
760 5218 834 5271 illi
871 5218 1009 5273 inter
1038 5234 1095 5274 se
1135 5217 1509 5286 conspirantes
1553 5217 1822 5284 abierunt,
1857 5225 1911 5272 et
1941 5218 1997 5272 in

438 5306 782 5364 Solitudinem
854 5317 1234 5374 recesserunt,
1299 5307 1390 5362 ubi
1449 5308 1605 5378 prius
1661 5307 1996 5363 habitabant.

435 5398 789 5470 (Theophilus
811 5416 937 5456 vero
958 5416 1051 5456 eos
1074 5401 1303 5455 triennio
1324 5400 1553 5470 privavit
1573 5400 2000 5472 communione.)

479 5580 584 5651 '(a)
617 5578 1029 5652 lnterprcs-lcgit
1068 5582 1297 5650 Ὸφῖται,
1324 5580 1463 5651 quod
1502 5579 1817 5651 probamus.

2104 4587 2338 4659 ἀπάτης,
2380 4587 2474 4640 καλ⁵
2515 4586 2889 4657 ἡσφαλήσατο.
2927 4585 3210 4657 Ἐποίησεν
3241 4584 3296 4637 δὲ
3328 4581 3416 4635 τὸν
3455 4572 3650 4649 μείζῠνῖι

2104 4676 2282 4728 αὐτῶν
2310 4674 2605 4729 ἐπίσκοπον
2635 4675 2714 4738 είς
2756 4675 2881 4747 μίαν
2912 4675 3064 4727 πόλιν
3095 4675 3194 4745 τῆς
3220 4671 3509 4741 Αἰγύπτου’
3541 4660 3651 4718 τοὺς

2102 4766 2158 4819 δὲ
2206 4766 2398 4830 ἄλλους
2441 4766 2694 4843 ἐποίησεν
2744 4765 3022 4830 διακόνους
3067 4768 3161 4819 καὶ
3210 4761 3518 4830 οἰκονόμους
3565 4749 3652 4843 ﬁt;

2107 4856 2454 4927 Ἐκκλησίας.
2489 4842 2819 4928 Ποιήσαντες
2864 4856 2922 4910 δὲ
2970 4856 3373 4928 οἰκονομοῦντες
3420 4851 3513 4919 τὴν
3539 4842 3651 4895 Ἕκ·

2108 4949 2335 5020 κλησίαν
2379 4950 2565 5020 τριετῆ
2612 4950 2831 5022 χρόνον,
2874 4952 2964 5004 καὶ
2997 4949 3303 5020 αἰσθόμενοι
3336 4940 3549 5001 ἑαυτοὺς
3575 4949 3652 4987 νε·

2108 5041 2439 5113 κρουμένους
2463 5042 2599 5113 πρὸς
2622 5044 2722 5115 τὴν
2749 5042 2934 5113 θεῖκὴν
2961 5047 3140 5114 χάριν,
3172 5036 3550 5096 καταλιπόντες
3564 5026 3652 5093 τὴν

2107 5132 2355 5203 ἡσυχίαν,
2383 5134 2477 5186 καί⁵
2513 5134 2652 5188 κατὰ
2697 5133 2907 5188 σύνεσιν
2950 5137 2999 5188 οῖ
3041 5134 3133 5187 δύο
3175 5128 3543 5205 παρεκάλεσαν
3574 5114 3652 5168 τὸν

2105 5225 2379 5295 Θεόφιλον,
2410 5227 2556 5291 ὅπως
2582 5226 2800 5292 τούτους
2826 5227 3084 5281 ἀπολύσει
3123 5227 3251 5280 ἔνθα
3298 5224 3353 5277 τὸ
3381 5218 3506 5290 πρὶν
3533 5223 3650 5266 xar-

2103 5318 2300 5388 ᾠκουν.
2331 5321 2441 5375 Kal
2469 5321 2542 5392 μὴ
2570 5320 2808 5388 εἴξαντος
2843 5324 2907 5393 τῇ
2937 5321 3142 5375 τούτων
3167 5315 3524 5390 παρακλήσει,
3555 5300 3649 5393 πά“

2105 5410 2187 5462 λιν
2219 5412 2263 5462 oi
2298 5410 2389 5464 δύο
2431 5392 3273 5486 ὁμοφωνήσαντεςἀνεχώρησαν
3312 5409 3402 5464 καὶ
3433 5392 3650 5469 ἀπῆλθον
