3866 6066
229 190 311 247 ιοι
1536 192 1593 246 s.
1621 191 1968 249 acerruma
2006 192 2185 269 Vi'l‘A.
3372 204 3477 259 {0’2

221 309 277 362 ἐν
311 309 376 377 τῇ
412 307 637 376 ἐρήμῳ,
668 307 800 359 ὅπου
831 305 889 358 τὸ
935 305 1061 375 πρὶν
1091 305 1389 375 κατῴκουν.
1434 307 1494 360 Ὀ
1542 303 1632 362 οὖν
1663 308 1778 361 Θεό

1893 310 2140 378 Cumque
2181 310 2409 363 multum
2457 318 2778 380 rogassent,
2815 320 2876 365 ut
2917 311 3020 367 sibi
3071 316 3476 383 permitteretur

222 396 368 468 φιλος
396 397 662 467 ἐποίησεν
681 398 896 458 τούτους
915 395 1251 459 ἀσυνέικτους
1279 397 1370 451 καὶ
1402 397 1778 467 ἁκοινωνήτουε

1900 400 2083 453 divina
2110 413 2324 453 sumere
2352 408 2716 465 sacramenta,
2744 400 2847 455 hoc
2867 416 2977 456 non
3003 403 3275 459 concessit
3294 404 3472 461 Theo-

219 486 401 557 τριετῆ
448 484 669 555 χρόνον.
716 486 824 539 Καὶ
873 485 1040 539 πολλὰ
1088 486 1568 556 παρακαλέσαντες
1588 527 1603 550 ,
1655 487 1778 540 ὥστε

1900 490 2101 560 philus.
2139 486 2177 541 li
2226 495 2408 542 autem
2453 490 2816 545 ascenderunt
2856 491 2912 545 in
2958 490 3180 560 regiam,
3208 499 3263 545 et
3292 495 3475 561 proci-

224 576 645 648 συγχωρηθῆναι
685 577 866 640 αὐτοῖς
889 574 997 629 τῶν
1024 575 1186 629 θείων
1221 576 1536 648 μυστηρίων
1563 578 1778 648 μεταλα-

1901 580 2098 634 derunt
2127 578 2193 631 ad
2223 578 2386 647 pedes
2416 575 2663 644 Joannis,
2688 589 3051 650 cognomento
3075 580 3471 650 Chrysostomi.

223 668 351 732 δεῖν,
384 669 445 722 οὐ
498 666 880 740 συνεχώρησεν
922 670 951 722 ὁ
987 667 1244 738 Θεόφιλος
1289 668 1465 722 τοῦτο.
1510 664 1668 723 Οὗτοι
1705 665 1778 724 οὖτ

1893 668 2138 724 Joannes
2169 683 2299 721 vero
2344 682 2466 722 cum
2517 669 2797 725 didicisset
2842 684 3089 734 causam,
3132 670 3325 726 scribit
3355 670 3473 740 epi-

223 761 653 829 ἀναγκασθέντες
693 761 920 833 ἀνῆλθον
951 761 1043 815 ἐπὶ
1086 762 1186 833 τὴν
1221 761 1469 833 βασιλίδα
1499 762 1671 827 πόλιν,
1704 763 1778 816 κα

1900 759 2095 815 stolam
2150 758 2217 813 ad
2268 755 2654 827 Theophilum,
2704 775 2904 831 rogans
2957 775 3110 825 eum,
3167 770 3225 816 ut
3279 760 3474 815 fratres

224 853 565 924 προσέπεσαν
594 853 817 926 Ἰωάννῃ
841 852 917 924 τῷ
940 851 1170 924 ἐπίκλην
1193 853 1583 924 Χρυσοστόμῳ.
1622 852 1682 907 '0
1702 847 1778 907 οὗγ

1900 848 2216 903 dimitteret.
2262 847 2598 918 Theophilus
2643 856 2823 905 autem
2867 848 3062 904 Joanni
3112 850 3323 920 roganti
3363 864 3470 904 non

224 942 484 1013 Ἰωάννης,
541 942 732 1013 μαθὼν
760 944 860 1014 τὴν
887 943 1096 1009 αίτίαν,
1136 943 1337 1016 γράφει
1372 943 1509 1015 πρὸς
1535 942 1778 1011 Θεόφιλοι

1895 939 2098 1010 paruit.
2129 937 2330 993 lterum
2362 952 2493 1007 ergo
2518 939 2737 1010 scripsit
2766 939 3009 995 Joannes
3036 939 3470 995 adhortationem

222 1030 527 1102 ἐπιστολὴν,
573 1031 905 1103 παρακαλῶν
933 1032 1108 1091 αὑτὸν
1155 1033 1247 1086 ἐπὶ
1290 1034 1355 1104 τῇ
1389 1032 1651 1087 ἀπολύσει
1682 1031 1778 1086 τῶι

1892 1029 2215 1101 Theophila,
2246 1041 2299 1086 et
2330 1046 2426 1087 nec
2451 1033 2531 1088 sic
2562 1033 2744 1102 paruit
2779 1047 2794 1084 :
2840 1031 3078 1087 Joannes
3114 1032 3294 1102 itaque
3333 1032 3470 1086 lihe-

222 1120 307 1174 δύο
326 1120 595 1190 ἀδελφῶν.
635 1123 694 1174 'O
723 1117 815 1175 οὖν
836 1120 1090 1191 Θεόφιλος
1119 1121 1218 1175 οὐκ
1246 1122 1469 1193 ἐπείσθη
1499 1122 1579 1194 τῷ
1611 1122 1778 1177 Ἰωάν·

1893 1122 2032 1176 ravit
2063 1122 2199 1177 duos
2226 1121 2421 1176 fratres
2449 1137 2480 1176 a
2507 1123 2899 1194 segregatione.
2950 1122 3151 1178 Exorta
3209 1133 3291 1178 est
3343 1137 3472 1193 pro-

223 1230 283 1285 νῃ
332 1212 772 1286 παρακαλοῦντι·
826 1213 986 1268 πάλιν
1039 1214 1096 1268 δὲ
1137 1215 1203 1267 ὲκ
1248 1214 1499 1283 δευτέρου
1551 1213 1778 1287 ἔγραψεν

1897 1220 2079 1281 pterea
2107 1212 2378 1268 discordia
2412 1214 2551 1269 inter
2575 1212 2838 1268 Joannem
2867 1222 2921 1268 et
2949 1213 3326 1283 Theophilum.

222 1305 465 1372 'lwiwn;
510 1304 843 1376 παρακαλῶν
888 1306 982 1360 τὸν
1027 1304 1302 1375 Θεόφιλον,
1328 1310 1425 1360 καὶ
1459 1304 1581 1360 οὗτε
1623 1306 1810 1368 -οὖτως
1847 1302 2069 1372 ἐπείσθη
2120 1302 2199 1374 τῷ
2269 1305 2513 1380 Ἰωάννῃ.
2568 1305 2702 1359 Τότε
2762 1305 3015 1377 Ἰωάννης
3061 1303 3328 1358 ἀπέλυσεν
3374 1302 3467 1357 τοῦ

223 1393 515 1465 ἁφορισμοῦ
544 1395 673 1457 τοὺς
704 1393 799 1448 δύο
842 1393 1129 1464 ἀδελφούς·
1152 1396 1234 1459 ὡς
1270 1397 1333 1450 ἐκ
1371 1395 1560 1451 τούτου
1604 1395 1788 1450 λοιπδν
1826 1394 2038 1463 ἐγένετο
2064 1393 2207 1465 λύπη
2244 1395 2454 1466 μεγάλη
2486 1395 2686 1466 μεταξὺ
2722 1395 2975 1464 Θεοφίλου
3004 1396 3089 1449 καὶ
3126 1397 3394 1451 Ἰωάννου.

282 1489 399 1544 EA’.
428 1489 569 1544 Κατ’
615 1493 820 1544 ἐκεῖνον
861 1490 918 1543 δὲ
960 1491 1050 1544 τὸν
1088 1491 1280 1562 καιρὸν
1316 1487 1385 1564 ῆν
1434 1492 1778 1564 συγκλητικός

1972 1488 2106 1544 LXI.
2138 1489 2263 1545 Fuit
2307 1498 2488 1546 autem
2522 1490 2812 1561 aliquando
2858 1490 2941 1543 vir
2984 1490 3204 1560 quidam
3246 1501 3465 1547 senato-

224 1597 298 1644 τις
329 1578 464 1649 ἀνὴρ
505 1578 736 1648 όνόματι
772 1578 1141 1648 Θεόγνωστοςο
1173 1572 1327 1644 οὗτος
1361 1574 1684 1653 Χριστιανός
1715 1580 1778 1633 an

1888 1579 2034 1647 rius,
2069 1580 2289 1635 nomine
2312 1580 2719 1653 ἨιοοειιοειρὲΔ
2753 1580 2853 1637 Hic
2884 1596 3007 1636 cum
3036 1590 3181 1637 esset
3206 1581 3468 1637 Christia-

233 1620 296 1644 ..,
329 1620 462 1649 ...ην
506 1620 736 1648 -.-ε-...η
775 1620 896 1648 ν--.
921 1620 1108 1642 mu...
1174 1620 1324 1644 νην,
1361 1620 1680 1653 “tuum”,
1715 1620 1778 1633 υ...

224 1668 355 1742 εἶχεν
385 1670 474 1724 τὸν
523 1669 692 1739 φόϐον
719 1669 812 1723 τοῦ
849 1667 983 1722 Θεοῦ
1022 1668 1383 1734 ἀδιαλείπτως
1401 1711 1416 1735 ,
1444 1672 1538 1724 καὶ
1562 1668 1778 1740 ἀγαπὼ-

1899 1620 2034 1647 ......,
2073 1620 2289 1635 ..υ........
2323 1620 2696 1653 ...ωυδμυςηυο
2754 1620 2853 1637 ...ν
2885 1620 3007 1636 νυ...
3036 1620 3181 1637 νου...

1889 1683 2026 1735 nus,
2077 1668 2265 1723 habuit
2311 1620 2823 1724 Mrem
2868 1668 2961 1723 Dei
3010 1678 3137 1724 ante
3172 1671 3380 1734 oculos,
3408 1681 3466 1725 et

228 1778 370 1833 μενος
396 1761 503 1813 ὑπὸ
533 1759 634 1814 τοῦ
667 1759 949 1830 βασιλέως.
983 1759 1173 1824 Ἄλλος
1206 1760 1263 1814 δέ
1295 1778 1379 1826 τις
1408 1757 1475 1832 ῆν
1504 1762 1598 1815 καὶ
1617 1760 1778 1824 αὐτὸς

1889 1758 2219 1829 diligebatur
2261 1760 2331 1814 ab
2371 1761 2715 1831 imperatore.
2764 1758 2893 1815 Erat
2935 1768 3115 1815 autem
3160 1761 3330 1827 alius,
3366 1764 3461 1832 qui

223 1853 311 1924 τῆς
336 1852 675 1923 συγκλήτου,
718 1851 993 1922 Δωρόθεος
1026 1850 1373 1923 καλούμενος.
1406 1848 1516 1906 Ἦν
1546 1853 1604 1907 δὲ
1634 1847 1778 1916 οὗτος

1888 1848 2004 1920 ipse
2035 1864 2254 1920 quoque
2284 1860 2402 1905 erat
2445 1851 2653 1908 ordinis
2700 1851 2992 1916 senatorii,
3023 1850 3327 1907 Dorotheus
3360 1870 3462 1907 tio-

3519 1551 3685 1703 ἢκ..

208 1943 504 2015 βλρειανός.
534 1934 707 2005 οὗτος
734 1942 1111 2013 κατηγόρησεν
1137 1941 1502 2012 Θωγνώςτου,
1529 1943 1610 1997 ὅτι
1643 1942 1788 2010 ὓϐρι-

226 2051 306 2087 σεν
330 2033 417 2087 τὸν
442 2032 697 2103 βασιλέα·
734 2032 949 2115 καὶκδύο
980 2034 1258 2105 μάρτυρας
1281 2033 1492 2103 ψευδεῖς
1515 2034 1787 2109 παρέστη-

218 2143 324 2189 τεν,
352 2126 442 2178 καὶ
486 2123 717 2197 ἤλεγξεν
754 2124 845 2178 τὸν
891 2124 1231 2194 θεόγνωστον
1274 2126 1424 2179 ’κατά
1475 2126 1783 2197 πρόσωπον.

234 2214 289 2271 ’0
313 2213 399 2270 οὖν
425 2216 683 2287 βασιλεὺς
711 2215 987 2279 Θεοδόσιος
1016 2216 1297 2269 ἐκέλευσεν
1327 2215 1418 2269 τόν
1444 2216 1786 2284 Θεόγνωστον

226 2306 582 2380 ἐξορισθῆναι,
621 2309 716 2361 καὶ
767 2306 836 2359 τὰ
880 2307 1178 2378 πράγματα
1221 2307 1384 2361 αὐτοῦ
1432 2307 1782 2378 δημευθῆναι.

230 2400 461 2469 Ἔμεινεν
489 2399 548 2452 δὲ
584 2401 653 2470 τῇ
701 2400 922 2469 γυναικὶ
963 2399 1307 2468 Θεογνώστου
1353 2397 1411 2451 ἓν
1442 2400 1781 2470 προαστεῖον,

229 2486 281 2555 ἐξ
303 2483 357 2542 οὗ
374 2490 474 2561 τὴν
502 2491 828 2561 ἀντιστροφὴν
862 2485 1025 2560 εἶχεν.
1051 2486 1435 2559 Ἐτελεύτησεν
1459 2488 1515 2541 δὲ
1540 2487 1784 2555 Θεόγνω-

230 2598 338 2644 στος
362 2579 671 2653 ὡςῦπῆγεν
697 2582 755 2634 ὲν
782 2581 987 2651 ὲξορίᾳ.
1015 2577 1125 2651 Τῆς
1154 2572 1246 2633 οὖν
1279 2578 1593 2649 βασιλίσσης
1625 2577 1786 2632 Εὐδό-

229 2673 331 2741 ξίας
354 2674 676 2745 ἐξελθούσης
698 2674 834 2728 ’ποτε
861 2676 919 2727 ὲν
944 2672 1023 2744 τῷ
1048 2673 1352 2745 προκένσῳ,
1376 2670 1455 2742 τῷ
1485 2669 1658 2743 καιρῷ
1689 2671 1783 2725 τοῦ

225 2766 494 2838 τρυγητοῦ,
527 2766 661 2820 ἔνθα
682 2758 756 2837 ῆν
785 2765 845 2819 τὸ
884 2766 1201 2835 προαστείον
1229 2764 1329 2834 τῆς
1368 2763 1624 2832 γυναικὸς
1653 2763 1783 2816 Θεο-

226 2857 466 2926 γνώστου,
499 2856 607 2911 οὐκ
638 2852 756 2910 οἶδα
797 2854 940 2909 κατὰ
980 2853 1139 2908 ποίαν
1180 2854 1356 2907 αἰτίαν
1382 2852 1694 2907 εἰσελθοῦσα
1725 2855 1782 2907 ὲν

1886 1941 2056 2007 mine,
2105 1942 2364 1996 Arianus.
2408 1941 2464 1997 is
2514 1944 2791 1999 accusavit
2836 1942 3265 2014 Theognostum,
3316 1945 3461 2014 quod

1888 2032 2271 2103 imperatorem
2326 2034 2595 2090 aﬂ‘ecisset
2642 2033 2969 2090 contumelia
3025 2052 3040 2089 :
3097 2042 3151 2088 et
3207 2035 3462 2104 produxit

1887 2121 2026 2174 duos
2078 2120 2248 2176 falsos
2302 2129 2507 2185 testes,
2564 2122 2656 2191 qui
2717 2132 3041 2192 presentem
3111 2122 3462 2178 cunvicerunt
3532 2194 3537 2199 γ

1886 2209 2292 2282 Theognostum
2314 2254 2330 2277 ,
2361 2212 2505 2283 quod
2535 2214 2870 2269 contumelia
2906 2213 3175 2269 affecisset
3222 2215 3459 2284 impera-

1889 2310 2087 2358 torem.
2122 2300 2428 2371 lmperator
2458 2304 2643 2373 itaque
2675 2304 2943 2359 Arcadius
2978 2303 3457 2374 jussit-Theognu-

1888 2401 2033 2449 stum
2070 2392 2320 2462 relegari,
2350 2402 2403 2447 et
2432 2392 2576 2447 bona
2603 2393 2723 2463 ejus
2762 2393 3048 2463 publicari.
3073 2391 3243 2448 Uxori
3272 2402 3456 2448 autem

1886 2482 2219 2554 Theognosti
2249 2484 2451 2538 mansit
2478 2498 2644 2539 unum
2678 2484 3074 2551 suburbanum,
3105 2499 3170 2539 ex
3216 2499 3327 2554 quo
3355 2485 3458 2538 ha-

1887 2575 2046 2629 bebat
2071 2576 2414 2629 alimentum.
2452 2574 2693 2631 Decessit
2726 2574 3127 2646 Theognostus,
3161 2592 3283 2630 eum
3314 2584 3459 2632 esset

1884 2666 1939 2719 in
1986 2665 2199 2720 exsilio.
2252 2664 2497 2719 Eudoxia
2543 2673 2723 2720 autem
2774 2666 3076 2735 aliquando.
3116 2680 3334 2737 egressa
3368 2667 3456 2719 ad

1880 2755 2234 2820 vindemiam,
2271 2769 2395 2810 cum
2428 2770 2596 2826 prope
2635 2769 2754 2811 eam
2784 2765 2926 2812 esset
2958 2758 3266 2827 possessio,
3296 2766 3350 2811 et
3376 2756 3456 2809 vi—

1885 2848 1954 2903 tis
2003 2847 2316 2902 suhurhana
2350 2847 2540 2903 uxoris
2571 2846 2936 2919 Theognosti,
2988 2848 3173 2905 nescio
3218 2863 3456 2919 quanam

227 2947 294 3019 τῷ
333 2947 613 3020 ἀμπελῶνι
658 2945 759 3016 τῆς
802 2944 1057 3015 γυναικὸς
1103 2946 1137 3014 ἡ
1188 2942 1470 3014 βασίλισσα
1511 2944 1778 3014 ἀπέτεμεν

1886 2939 1953 2994 de
1978 2952 2163 3004 causa,
2197 2953 2321 2993 cum
2350 2952 2569 3009 egressa
2598 2947 2742 2995 esset
2768 2939 2836 2995 de
2867 2940 3025 2994 vinea
3057 2954 3179 3004 sua,
3212 2941 3453 3010 ingressa

224 3038 309 3092 ἕνα
334 3037 547 3111 βότρυν.
591 3033 767 3090 Εἶπαν
810 3035 867 3088 δέ
898 3051 1041 3097 τινες
1066 3033 1178 3088 τῶν
1207 3033 1569 3104 παρεστώτων
1594 3036 1658 3105 τῇ
1688 3033 1783 3103 βα-

228 3130 447 3202 σιλίσσῃ·
476 3128 752 3182 Δέσποινα
771 3168 784 3191 ,
813 3124 1087 3198 ἀλλότριός
1108 3125 1262 3179 ἐστιν
1290 3127 1319 3178 ὁ
1347 3121 1606 3194 ἀμπελὼν
1624 3163 1638 3187 ,
1662 3122 1784 3177 ὅθεν

226 3221 475 3292 ἀπέτεμες
520 3219 615 3273 τὸν
648 3218 862 3289 βότρυν.
900 3215 1063 3279 Ἐθος
1089 3215 1146 3268 δέ
1181 3216 1297 3270 ἐστι
1336 3215 1449 3277 τοῖς
1479 3212 1783 3284 βασιλεῦσιν

230 3311 309 3364 καὶ
343 3314 457 3374 ταῖς
509 3308 875 3380 βασιλίσσαις,
926 3306 1029 3360 κᾶν
1071 3305 1209 3360 πόδα
1249 3306 1533 3374 ἐπενέγκοι
1568 3305 1648 3368 είς
1686 3304 1782 3376 τὴν

230 3401 517 3472 ἀλλοτρίαν,
546 3399 649 3453 κᾶν
685 3398 891 3471 καρπὸν
934 3396 1086 3452 λάϐοι
1115 3396 1224 3451 ἀπό
1260 3413 1403 3460 τινος
1434 3394 1542 3449 τῶν
1585 3395 1785 3467 καρπί-

230 3508 332 3562 μων
371 3492 564 3560 ξύλων,
612 3489 810 3561 μηκέτι
844 3487 999 3543 ἀλλον
1039 3486 1163 3541 τινὰ
1197 3485 1556 3552 ἐξουσιάζειν,
1604 3486 1779 3558 ἀλλ’ἢ

230 3582 306 3634 τὸν
345 3581 591 3653 βασιλέα.
618 3580 922 3634 ’Δκούσασα
955 3578 1018 3651 δὴ
1057 3579 1091 3650 ἠ
1135 3578 1273 3651 γυνὴ
1304 3577 1668 3647 Θεογνὼστου,
1700 3579 1781 3632 ὅτι

231 3674 537 3744 ἀπεσπάσθη
587 3675 614 3727 ὁ
658 3673 826 3747 ἀγρὸς
874 3671 1061 3742 αὐτῆς,
1107 3670 1345 3743 ἔγραψεν
1385 3672 1465 3735 είς
1504 3670 1778 3741 δίπτυχον,

231 3765 313 3816 καὶ
336 3764 653 3818 ἀπέστειλεν
700 3762 835 3836 πρὸς
888 3762 1159 3832 Ἰωάννην.
1193 3758 1301 3816 Ἦν
1340 3761 1447 3834 γὰρ
1480 3762 1781 3834 ἀγαπώμε-

228 3871 306 3915 νος
348 3855 550 3925 σφόδρα
581 3852 688 3907 ὕπὸ
725 3853 819 3907 τοῦ
868 3851 1130 3924 βασιλέως
1173 3852 1267 3905 καὶ⁸
1311 3852 1406 3924 τῆς
1441 3851 1776 3924 βασιλίσσης.

232 3943 411 3997 Μαθὼν
441 3942 538 3998 οὖν
581 3942 752 3996 ταῦτα
795 3944 824 3996 ό
859 3942 1113 4013 Ἰωάννης
1144 3941 1459 3996 ἀπέστειλεν
1497 3942 1584 3994 τὸν
1623 3943 1778 4012 ἀρχι-

231 4030 449 4086 διάκονον
476 4031 663 4095 αὐτοῦ,
694 4031 862 4103 ἄνδρα
885 4031 1062 4100 λόγιον
1086 4031 1180 4084 καὶ
1213 4030 1363 4102 ὀρθῷ·
1385 4029 1482 4103 βίῳ
1510 4048 1780 4103 κεκοσμη-

236 4119 393 4189 μένον.
424 4120 497 4174 Τδ
527 4120 584 4173 δὲ
612 4119 782 4189 ὄνομα
821 4116 984 4173 αὑτοῦ
1030 4116 1274 4171 ἐκαλεῖτο
1303 4116 1558 4188 Εὔτυχος.
1585 4117 1780 4188 Εἰσῆλ-

234 4209 311 4262 θεν
336 4206 422 4266 οὖν
455 4211 696 4280 Εὔτυχος
734 4209 868 4279 πρὸς
896 4208 995 4280 τὴν
1042 4207 1371 4277 βασίλισσαν,
1409 4210 1503 4262 καὶ
1529 4206 1776 4278 διελέχθη

1884 3036 1967 3083 est
1998 3027 2210 3082 vineam
2245 3029 2433 3084 uxoris
2464 3029 2814 3100 Theognosti,
2852 3039 2907 3085 et
2938 3030 3154 3086 botrum
3188 3033 3453 3087 exsecuit.

1885 3117 2149 3172 Dixerunt
2180 3129 2359 3172 autem
2387 3119 2553 3189 aliqui
2586 3136 2651 3174 ex
2685 3121 2785 3187 iis,
2820 3120 2913 3189 qui
2944 3121 3270 3177 assistebant
3301 3136 3315 3175 :
3344 3120 3455 3176 Do-

1886 3210 2054 3274 mina,
2086 3209 2309 3264 secuisti
2337 3209 2551 3264 botrum
2586 3208 2774 3265 alienae
2803 3210 2991 3265 vineae.
3025 3210 3143 3266 Mos
3168 3220 3251 3266 est
3277 3213 3451 3281 impe-

1883 3299 2159 3354 ratoribus
2191 3307 2244 3353 et
2291 3299 2745 3369 imperatricibus,
2777 3300 2823 3354 si
2861 3301 2945 3355 vel
2991 3300 3178 3370 pedem
3208 3301 3453 3357 intulerit

1882 3390 1936 3445 in
1967 3402 2166 3445 teriam
2219 3390 2449 3445 alienam
2472 3429 2488 3458 ,
2529 3399 2584 3445 et
2613 3392 2659 3446 si
2695 3391 2929 3445 fructum
2964 3391 3232 3461 acceperit
3258 3405 3323 3445 ex
3355 3393 3454 3445 ali-

1882 3498 1992 3553 quo
2018 3497 2081 3537 ex
2115 3482 2183 3538 iis
2217 3496 2339 3552 qua:
2379 3481 2614 3537 fructum
2646 3482 2846 3548 ferunt,
2877 3492 2939 3538 ut
2987 3483 3184 3538 nullus'
3213 3483 3351 3537 alius
3396 3483 3449 3536 in

1880 3588 1942 3628 ea
1979 3580 2299 3643 potestatem
2348 3573 2563 3641 habeat,
2594 3574 2709 3630 nisi
2752 3575 3067 3644 imperator.
3099 3574 3233 3629 Cum
3261 3573 3454 3629 'Theo-

1881 3666 2058 3734 gnosti
2111 3672 2293 3718 autem
2343 3680 2482 3721 uxor
2526 3666 2820 3733 audiisset,
2867 3667 3013 3737 quod
3059 3681 3192 3723 suus
3225 3682 3354 3736 ager
3381 3667 3451 3720 ab

1879 3771 1942 3811 ca
1975 3758 2047 3812 sit
2081 3757 2333 3822 avulsus,
2367 3755 2420 3812 id
2452 3758 2670 3826 scripsit
2718 3757 2771 3811 in
2804 3759 3160 3828 pugillaribus
3182 3780 3201 3823 ,·
3223 3768 3275 3814 et
3303 3758 3451 3812 misit

1880 3847 1946 3903 ad
1997 3844 2281 3903 Joannem.
2334 3845 2503 3901 Valde
2556 3847 2701 3900 enim
2759 3846 3042 3902 amabatur
3092 3846 3329 3902 Joannes
3380 3848 3449 3900 ab

1879 3938 2206 4009 imperatore
2249 3946 2304 3994 et
2348 3937 2416 3993 ab
2445 3936 2805 4007 imperatrice.
2846 3934 2983 3991 Cum
3016 3937 3130 3991 haec
3171 3936 3448 3992 didicisset

1878 4029 2135 4096 Joannes,
2174 4030 2323 4085 misit
2365 4044 2522 4084 suum
2553 4027 3023 4095 archidiaconum,
3055 4028 3230 4081 virum
3263 4028 3449 4081 erudi-

1880 4128 2014 4188 tum,
2044 4129 2099 4175 et
2145 4127 2291 4175 recta
2339 4119 2444 4173 vita
2492 4114 2796 4189 praeditum.
2829 4114 3047 4171 'Nomen
3098 4125 3278 4171 autem
3326 4118 3446 4186 ejus

1879 4212 2176 4265 vocabatur
2207 4209 2503 4281 Eutychus.
2547 4209 2828 4279 Ingressus
2857 4215 3039 4262 autem
3065 4205 3340 4278 Eutychus
3378 4209 3444 4263 ad

232 4300 350 4372 αὐτῇ
382 4301 519 4356 κατά
565 4300 662 4373 τὴν
692 4299 992 4370 ἐπιτροπὴν
1019 4298 1286 4352 Ἰωάννου.
1317 4293 1484 4352 Εἶπεν
1522 4297 1577 4350 δὲ
1605 4299 1638 4368 ἡ
1678 4297 1769 4368 βα-

1880 4298 2315 4369 imperatricem,
2368 4314 2491 4354 cum
2552 4313 2612 4353 ea
2683 4297 2938 4352 disseruit
2985 4297 3143 4367 jussu
3195 4295 3437 4353 Joannis.

234 4391 426 4445 σι’λισσα
450 4393 584 4464 πρὸς
615 4390 706 4445 τὸν
740 4389 999 4461 Εὔτυχον,
1031 4391 1145 4444 ὅτι·
1186 4390 1368 4461 Νόμος
1406 4390 1552 4442 ἐστὶν
1593 4381 1774 4452 οὗτος

231 4480 348 4534 ὅπου
393 4482 445 4536 δὲ
492 4480 762 4552 βούλεται,
789 4482 869 4544 εἰς
908 4480 1072 4550 ἄλλην
1117 4479 1381 4550 ἐπαρχίαν
1417 4478 1608 4549 δίδωμι
1640 4479 1775 4549 αὐτῇ

234 4575 428 4644 χωρίον.
487 4573 749 4640 Ἑξελθὼν
798 4572 855 4627 δὲ
913 4572 944 4625 ὁ
999 4570 1269 4642 Εὔτυχος,
1321 4570 1640 4641 ἀνήγγειλεν
1699 4569 1777 4640 τῷ

232 4661 434 4740 Ἰωάννῃ
470 4669 594 4730 τοὺς
631 4665 824 4735 λόγους
860 4665 958 4735 τῆς
1000 4662 1334 4733 βασιλίσσης.
1377 4661 1676 4732 Ἐπορεύθη
1718 4658 1775 4713 δὲ

232 4757 461 4833 Ἰωάννης
506 4761 564 4815 ἐν
600 4756 678 4828 τῷ
704 4756 937 4828 ταμιείῳ
967 4754 1046 4825 τῷ
1075 4752 1368 4825 βασιλικῷ,
1400 4754 1494 4807 καὶ
1527 4748 1676 4805 εἶπεν
1707 4754 1774 4823 τῇ

234 4849 521 4923 βασιλίσσῃ’
563 4849 789 4911 Ἀπόδος
829 4847 920 4900 τὸν
968 4845 1137 4917 ἀγρὸν
1169 4846 1267 4916 τῆς
1298 4845 1491 4917 χήρας.
1525 4840 1692 4899 Εἶπεν
1718 4842 1775 4897 δὲ

234 4940 549 5010 ἠβασίλισσα
595 4941 672 5013 τῷ
706 4939 960 5012 Ἰωάννῃ·
997 4939 1172 5003 Μάθε,
1211 4938 1412 5008 Πάτερ,
1445 4938 1547 5007 τὴν
1574 4936 1771 5001 αῐτίαν,

235 5031 314 5083 καὶ
330 5031 438 5085 τότε
462 5033 710 5102 ὲπάγαγε
740 5031 837 5103 τὴν
865 5030 1175 5102 ἐπιϐουλὴν,
1202 5029 1267 5100 ἣν
1291 5028 1468 5096 λέγεις
1487 5029 1567 5082 ὅτι
1589 5028 1775 5100 ἐποίη-

237 5132 295 5168 σα
320 5122 382 5189 τῇ
409 5122 564 5192 χήρᾳ.
608 5115 776 5172 Εῐπεν
823 5117 880 5172 δὲ
919 5118 1078 5172 πάλιν
1106 5120 1140 5188 ἡ
1175 5117 1460 5189 βασίλισσα
1486 5116 1566 5187 τῷ
1590 5118 1774 5171 Ἰωάν-

235 5222 320 5276 νη’
369 5209 451 5282 Μὴ
502 5210 746 5282 ἐλέγχειν
802 5209 920 5263 θέλε
974 5208 1116 5263 κατά
1167 5208 1457 5282 πρόσωπον
1511 5207 1769 5279 βασιλεῖς.

234 5289 385 5350 Είπεν
406 5299 458 5352 δὲ
484 5299 740 5371 Ἰωάννης
757 5316 771 5330 ο
800 5298 909 5351 Καὶ
938 5299 1099 5351 πάλιν
1121 5299 1203 5351 σοι
1229 5298 1391 5366 λέγω
1429 5298 1651 5362 Ἀπόδος
1681 5299 1773 5352 τὸν

233 5383 386 5453 ἁγρδν
411 5389 503 5460 τῆς
526 5391 727 5462 χήρας.
758 5391 1035 5452 Ἤκουσας
1068 5389 1183 5453 πῶς
1213 5391 1581 5459 στηλιτεύεται
1611 5391 1773 5456 Ἰεζά·

234 5471 336 5537 δελ,
371 5479 453 5531 καὶ
485 5480 649 5551 μέχρι
694 5479 933 5551 σήμερον
965 5480 1068 5533 ὑπὸ
1094 5480 1192 5551 τῆς
1237 5480 1386 5545 θείας
1428 5482 1647 5553 Γραφῆς
1673 5482 1768 5536 δα-

232 5565 652 5626 κτυλοδεικτεῖται
678 5569 772 5623 ἐπὶ
796 5568 950 5640 κακῷ
976 5570 1043 5624 δι’
1064 5570 1357 5640 ἀμπελῶνα
1380 5572 1527 5626 ὁσίου
1555 5574 1766 5642 ἀνδρός.

1880 4388 2027 4442 Dixit
2070 4404 2200 4444 vero
2237 4389 2569 4459 imperatrix'
2596 4388 2842 4460 Eutycho
2871 4406 2884 4441 :
2918 4387 3044 4445 Haec
3078 4399 3165 4445 est
3215 4391 3299 4445 lex
3355 4406 3440 4446 re-

1879 4480 1963 4549 gia
1997 4496 2011 4532 :
2040 4479 2351 4551 ubicunque
2389 4489 2568 4535 autem
2598 4480 2726 4536 velit
2755 4480 2808 4534 in
2845 4480 2949 4534 alia
2978 4480 3273 4551 provincia,
3303 4484 3441 4537 daho

1876 4573 1924 4626 ei
1961 4571 2242 4643 praedium.
2270 4570 2533 4642 Egressus
2561 4570 2858 4643 Eutychus,
2883 4572 3224 4627 annuntiavit
3245 4572 3441 4628 Joanni

1876 4663 2039 4718 verba
2093 4663 2473 4735 imperatricis.
2513 4662 2611 4720 lrit
2659 4673 2838 4718 autem
2874 4662 3130 4720 'Joannes
3163 4660 3219 4715 in
3261 4666 3440 4719 aulum

1876 4756 2100 4824 regiam,
2128 4764 2182 4810 et
2210 4754 2344 4811 dixit
2375 4754 2700 4826 imperatrici
2731 4774 2745 4809 :
2778 4753 2963 4811 Redde
3011 4765 3197 4827 agrum
3243 4756 3438 4810 vidtur.

1875 4842 2022 4899 Dixit
2052 4843 2247 4899 Joanni
2293 4844 2605 4914 imperatrix
2638 4862 2653 4898 :
2682 4841 2875 4909 Pater,
2921 4843 3070 4898 disce
3104 4858 3346 4906 causam,
3388 4853 3443 4898 et

1874 4947 2004 4990 tunc
2035 4934 2247 4990 intende
2289 4935 2518 4998 crimen,
2547 4937 2690 5004 quod
2724 4948 2813 4989 me
2842 4934 2981 4989 dicis
3008 4932 3348 4989 commisisse
3382 4932 3437 4986 in

1874 5026 2111 5081 viduam.
2164 5025 2309 5080 Dixit
2359 5036 2536 5080 autem
2590 5040 2786 5080 rursus
2831 5023 3066 5079 Joannes
3106 5039 3121 5078 :
3166 5022 3285 5078 Dixi
3318 5025 3439 5087 tibi.

1874 5117 2056 5172 Redde
2085 5118 2247 5171 vitem
2283 5115 2478 5171 viduae.
2514 5115 2656 5170 Dixit
2688 5115 3001 5184 lmperatrix
3031 5113 3227 5170 Joanni
3254 5133 3273 5170 τ
3294 5114 3438 5182 Noli,

1854 5208 2031 5263 Pater
2058 5206 2312 5275 Joannes,
2347 5207 2452 5262 noli
2481 5206 2559 5261 sic
2592 5220 2777 5261 coram
2810 5219 3036 5275 arguere
3063 5207 3437 5277 imperatores.

1872 5297 2016 5352 Dixit
2064 5297 2349 5352 Joannes:
2392 5296 2603 5351 Rursus
2645 5297 2769 5351 dico
2820 5296 2915 5350 tibi
2965 5312 2979 5348 :
3019 5294 3202 5351 Redde
3250 5313 3438 5367 agrum

1873 5390 2068 5444 viduae.
2102 5388 2387 5450 Audivisti,
2415 5397 2617 5457 quanta
2653 5396 2869 5442 notetur
2899 5388 3193 5457 ignominia
3218 5387 3434 5443 Jezahel

1870 5490 2091 5550 propter
2141 5479 2371 5543 vineam,
2417 5487 2472 5532 et
2504 5493 2677 5548 usque
2725 5479 2779 5532 in
2833 5472 3152 5534 hodiernum
3203 5481 3344 5534 diem
3380 5495 3434 5533 tn

1874 5574 2077 5627 malum
2124 5572 2292 5639 digito
2342 5570 2694 5638 ostendatur,
2746 5582 2964 5642 propter
2996 5572 3208 5628 vineam
3262 5570 3436 5627 sancti
