3866 6066
439 173 536 228 1ίῶ
1748 173 1807 231 S.
1845 173 1991 232 EPlP

2097 174 2187 233 NII
2222 176 2403 235 Vl'l'A.
3574 188 3669 247 £09.

431 288 530 341 viri
569 286 632 341 ιο.
673 287 809 341 Cum
860 284 974 341 haec
1008 295 1186 341 autem
1236 286 1302 339 ab
1352 284 1560 341 Joanne
1598 287 1859 343 audiissct
1901 289 1991 342 im-

2118 294 2186 346 Ἦ
2227 294 2283 348 δὲ
2331 276 2613 365 βασίλισσα
2667 290 2945 347 ἀκούσασα
2987 287 3157 347 ταῦτα
3212 295 3363 369 παρὰ
3405 297 3673 367 Ἰωάννου,

432 378 690 447 peratrix,
732 376 897 447 jussit
942 374 1205 433 Joannem
1248 376 1368 444 ejici
1406 391 1473 429 ex
1524 378 1647 430 aula
1698 378 1863 447 regia.
1897 380 1991 446 Qui

2103 386 2387 438 ἐκέλευσεν
2416 386 2578 439 αὐτὸν
2620 385 2948 455 ἐκϐληθῆναι
2981 385 3086 453 ἔξω
3123 385 3217 439 τοῦ
3259 380 3544 457 βασιλικοῧ
3580 406 3678 448 τι·

430 483 706 537 egrcssus,
745 467 892 522 venit
926 468 977 521 in
1017 467 1324 523 ecclesiam.
1365 465 1508 521 Dixit
1553 477 1732 522 autem
1766 467 1991 525 Joannes

2106 476 2301 545 μιείου.
2334 477 2444 529 Καὶ
2485 475 2548 546 δὴ
2594 473 2823 540 ἐξελθὼν
2868 475 3137 547 ἐπορεύθη
3184 478 3242 529 ἐν
3286 481 3353 547 τῇ
3391 480 3673 555 ἐκκλησίᾳ.

434 558 676 628 Eutycho
713 572 727 609 :
766 555 995 623 Quando
1030 557 1235 611 venerit
1269 556 1583 625 imperatrix
1614 557 1669 611 in
1692 558 1991 623 ecclesiam,

2104 560 2269 617 Εἶπεν
2298 565 2353 618 δέ
2388 564 2640 635 Ἰωάννης
2664 564 2798 635 πρὸς
2828 563 3084 635 Εὔτυχον·
3124 566 3292 619 Ὅταν
3324 572 3677 639 παραγίνεται

432 650 616 719 accipe
643 658 841 712 tecum,
877 648 970 717 qui
998 648 1094 702 tibi
1130 649 1385 712 serviant,
1414 657 1471 703 et
1497 658 1576 703 sta
1604 650 1657 704 in
1686 650 1859 717 aditu,
1892 665 1991 721 quo

2102 653 2135 722 ή
2169 652 2455 722 βασίλισσα
2491 655 2547 706 ἐν
2570 657 2637 724 τῇ
2661 653 2944 725 ἐκκλησίᾳ,
2970 654 3101 708 λάϐε
3131 658 3265 727 μετὰ
3297 660 3528 714 σεαυτοῦ
3554 664 3677 727 τοὺς

432 741 570 795 solet
601 736 811 810 ingredi
847 739 901 792 in
929 738 1237 803 ecclesiam,
1265 747 1320 793 et
1347 754 1415 793 ne
1440 738 1588 795 sinas
1620 755 1739 794 eam
1771 740 1999 812 ingredi,

430 829 614 884 dicens
648 848 661 883 :
693 827 934 884 Joannes
978 827 1180 897 jussit,
1227 844 1295 883 ne
1342 829 1705 900 ingredereris
1744 829 1797 884 in
1832 831 2003 885 eccle-

431 919 590 974 siam.
638 920 729 977 Sic
770 929 949 975 autem
1004 920 1132 976 fecit
1163 920 1461 992 Eutychus.
1491 922 1572 975 Ab
1611 936 1678 976 eo
1710 936 1840 993 ergo
1867 931 2003 976 tem-

432 1025 565 1079 pore
595 1011 817 1065 incitata
856 1020 940 1067 est
985 1011 1299 1080 imperatrix
1337 1012 1596 1067 adversus
1619 1011 1907 1076 Joannem,
1940 1023 2002 1067 ut

430 1116 557 1157 eum
588 1102 824 1157 mitteret
852 1104 905 1157 in
935 1104 1211 1158 exsilium.

502 1279 661 1334 LXII.
697 1280 830 1335 Cum
884 1289 1063 1336 autem
1110 1278 1408 1336 audivisset
1451 1275 1820 1351 Theophilus,
1867 1276 2003 1337 velle

2103 744 2239 815 πρὸς
2268 744 2592 814 ὑπηρεσίαν,
2624 746 2719 798 καὶ
2746 743 2904 813 στῆθι
2947 746 3006 798 ἐν
3034 748 3102 817 τῇ
3132 748 3319 818 εἰσόδῳ
3343 789 3357 811 ,
3385 749 3513 804 ἔνθα
3551 753 3674 806 εἴω-

2104 833 2193 885 θεν
2228 833 2478 886 εἱσιέναι’
2514 834 2606 887 καὶ
2644 835 2721 906 μὴ
2747 835 2915 908 ἐάσῃς
2944 834 3110 907 αὐτην
3150 839 3410 893 εἰσελθεῖν
3431 858 3445 871 ο
3483 841 3676 911 λέγων,

2100 922 2182 977 ὃτι
2209 924 2464 995 Ἰωάννης
2504 925 2800 997 ἐπέτρεψεν
2842 925 2935 979 τοῦ
2972 926 3048 997 μὴ
3080 928 3342 981 εἰσελθεῖν
3373 932 3431 983 ἐν
3474 936 3540 1002 τῇ
3588 936 3677 987 ἐκ-

2102 1015 2318 1085 κλησία.
2346 1015 2633 1086 Ἐποίησεν
2672 1013 2728 1069 δέ
2757 1016 2929 1080 οὕτως
2969 1017 3226 1089 Εῠτυχος.
3258 1020 3392 1073 Ἀπὸ
3432 1023 3551 1076 τότε
3582 1021 3677 1077 οὖν

2100 1105 2326 1177 ἐκινήθη
2373 1107 2406 1178 η
2459 1105 2745 1177 βασίλισσα
2794 1096 2936 1161 κατά
2975 1108 3223 1162 Ἰωάννου
3284 1110 3377 1164 τοῦ
3437 1112 3677 1182 ἐξορίσαι

2101 1193 2285 1247 αὐτόν.
2462 1210 2466 1214 ·

2172 1284 2291 1340 EB'.
2331 1281 2595 1349 Ἀκούσας
2631 1285 2687 1339 δὲ
2720 1285 2974 1356 Θεόφιλος
3016 1287 3100 1341 ὅτι
3146 1290 3180 1360 ή
3225 1289 3511 1359 βασίλισσα
3550 1293 3678 1364 βού-

436 1374 832 1442 impcratricem
881 1374 1094 1428 mittere
1138 1371 1402 1427 Joannem
1447 1373 1501 1427 in
1548 1374 1840 1440 exsilium,
1898 1375 1991 1429 hoc

2101 1374 2250 1427 λεται
2281 1373 2518 1446 ἐξορίσαι
2550 1372 2641 1428 τὸν
2668 1377 2940 1447 Ἰωάννην,
2968 1378 3244 1448 περισσῶς
3276 1382 3680 1447 κατεσκεύαζεν

434 1465 548 1535 ipse
577 1481 795 1534 quoque
821 1465 1127 1519 mirandum
1163 1464 1215 1518 in
1256 1464 1474 1517 modum
1510 1472 1593 1518 est
1636 1465 1999 1519 machinatus.

431 1645 639 1699 litteras
681 1646 941 1699 adversus
981 1626 1285 1707 Joantict‘n,‘
1322 1644 1721 1714 quod"'5entiat
1761 1645 2001 1701 Joannes

427 1734 652 1798 eadem,
700 1750 821 1804 quae
864 1733 1141 1803 Origenes.
1193 1734 1336 1788 Mota
1382 1735 1543 1804 igitur
1573 1746 1656 1790 est
1688 1737 1999 1807 imperatrix

430 1825 496 1879 ad
544 1840 670 1879 eum
722 1824 1043 1878 mittendum
1094 1826 1149 1879 in
1198 1826 1449 1879 exsilium
1496 1844 1510 1880 :
1560 1827 2001 1899 Epiphaniusque

430 1916 541 1969 cito
572 1916 799 1969 credidit
837 1914 1156 1984 Theophila.
1210 1912 1496 1971 Nesciebat
1544 1917 1686 1972 enim
1720 1916 2002 1988 Theophi-

434 2009 542 2061 lum
575 2020 694 2061 esse
740 2004 932 2059 Joanni
985 2005 1289 2060 inimicum.
1321 2006 1530 2062 Accidit
1559 2024 1723 2075 vero,
1768 2020 1829 2065 ut
1874 2010 1997 2082 Epi-

434 2098 665 2166 phauius
695 2096 853 2151 vellet
890 2097 1050 2151 etiam
1082 2112 1179 2165 pro
1203 2112 1263 2151 re
1294 2097 1398 2153 alia
1432 2099 1686 2169 navigare
1712 2100 1779 2156 ad
1811 2103 1996 2156 urbem

430 2189 656 2259 regiam.
693 2186 829 2242 Cum
860 2199 1038 2242 autem
1070 2187 1137 2241 de
1181 2185 1388 2244 Joanne
1415 2189 1712 2247 audivisset
1743 2207 1774 2247 a
1820 2191 1999 2250 Theo-

430 2282 598 2350 philo,
644 2280 812 2335 multo
857 2279 1030 2351 magis
1072 2280 1279 2334 studuit
1310 2295 1376 2336 eo
1407 2282 1595 2338 venire
1616 2324 1631 2350 ,
1676 2284 1768 2338 sed
1802 2299 1910 2340 non
1942 2296 2001 2340 ut

426 2373 621 2426 Joanni
670 2371 1034 2425 malefaceret.
1081 2370 1165 2425 Me
1216 2371 1378 2441 igitur
1403 2375 1611 2442 accepit
1641 2384 1695 2429 et
1734 2375 1919 2443 Isaac,
1945 2386 1999 2430 et

430 2462 804 2531 navigavimus
832 2460 1377 2530 Constantinopolim.
1414 2460 1585 2518 Porro
1619 2479 1742 2518 cum
1776 2479 1875 2521 nos
1906 2481 1997 2520 ve-

433 2554 705 2609 nissemus
735 2553 790 2607 in
820 2553 1121 2617 civitatem,
1158 2562 1275 2608 erat
1314 2555 1380 2609 de
1414 2552 1624 2611 Joanne
1650 2572 1843 2628 magna
1874 2574 1995 2628 per-

431 2646 702 2709 turbatio,
746 2646 1001 2715 quoniam
1056 2646 1287 2701 multum
1334 2648 1622 2703 amabatur
1671 2665 1701 2705 a
1764 2651 1992 2706 civibus.

429 2736 596 2793 Erant
625 2745 805 2792 autem
838 2737 1083 2807 quaedam
1118 2740 1444 2794 monasteria
1469 2749 1521 2794 et
1545 2741 1822 2812 martyris,
1851 2757 1993 2812 quae,

427 2829 555 2899 quia
608 2830 896 2899 capiebant
938 2844 1184 2885 annonas
1230 2832 1298 2885 ab
1334 2831 1694 2901 imperatrice,
1725 2831 1992 2890 Joannem

2102 1464 2196 1517 «al.
2224 1466 2402 1529 αὑτός.
2436 1466 2713 1537 Ἔγραψεν
2736 1456 2826 1520 οὖν
2849 1467 3103 1538 Θεόφιλος
3126 1470 3426 1543 Ἐπιφανίῳ
3454 1474 3680 1528 πλεῖστα

290 1570 336 1617 9.
434 1555 661 1624 Scripsit
708 1556 871 1625 igitur
922 1554 1256 1633 Theophilus
1303 1558 1370 1608 ad
1430 1550 1795 1625 Epiphanium
1849 1557 1991 1612 ﬁcta:

2102 1552 2404 1623 γράμματα
2431 1554 2569 1607 κατὰ
2601 1554 2867 1620 Ἰωάννου,
2911 1558 2983 1620 ὡς
3017 1557 3098 1609 ὅτι
3141 1558 3392 1629 Ἰωάννης
3435 1563 3501 1615 τά
3530 1562 3677 1633 Ὠριο

2103 1642 2291 1711 γένους
2322 1647 2525 1713 φρονεῖ.
2552 1644 2662 1697 Kal
2693 1646 2916 1717 ἐκινήθη
2950 1650 2981 1717 ή
3007 1643 3290 1716 βασίλισσα
3318 1646 3410 1702 τοῦ
3438 1651 3679 1722 ἐξορίσαι

2104 1732 2265 1785 αὐτόν
2283 1750 2296 1763 ⁸
2325 1736 2353 1787 ὁ
2376 1729 2467 1787 οὖν
2496 1735 2808 1803 Ἑπιφάνιος
2836 1737 2969 1808 πρὸς
3000 1738 3127 1803 τόξὺ
3156 1740 3377 1811 ἐπείσθη
3407 1741 3676 1813 Θεοφίλῳ.

2104 1824 2218 1877 υύκ
2247 1825 2360 1895 ᾔδει
2388 1826 2444 1878 δὲ
2487 1821 2567 1878 δτι
2596 1826 2913 1896 ὰπεχθιάζει
2943 1828 3197 1897 Θεόφιλος
3229 1830 3362 1901 πρὸς
3396 1832 3672 1903 Ἰωάννην.

2103 1917 2306 1989 Συνέϐη
2347 1917 2403 1971 δὲ
2444 1918 2512 1971 δι’
2542 1919 2835 1987 ἀναγκαῖον
2877 1920 3108 1989 πρᾶγμα
3151 1921 3464 1990 Ἐπιφάνιον
3501 1922 3679 1976 θέλειν

2100 2008 2360 2062 ἀποπλεῖν
2405 2009 2498 2062 ἐπὶ
2547 2007 2644 2079 τὴν
2689 2008 2954 2078 βασιλίδα.
2988 2010 3254 2074 Ἀκούσας
3293 2012 3350 2065 δὲ
3386 2015 3481 2065 καὶ
3522 2015 3680 2086 παρὰ

2100 2098 2361 2167 Θεοφίλου
2400 2099 2623 2153 τοιαῦτα
2669 2099 2795 2169 περὶ
2822 2100 3065 2153 Ἰωάννου
3099 2100 3361 2155 ἔσπευσεν
3392 2103 3555 2157 πλέον
3580 2104 3676 2157 τοῦ

2099 2189 2375 2244 ἀνελθεῖν·
2424 2190 2520 2261 ούχ
2567 2191 2653 2244 ἵνα
2698 2188 2948 2260 Ἰωάννην
2994 2191 3365 2261 κακοποιήσει,
3418 2184 3535 2245 ἀλλ’
3587 2186 3679 2247 ἵνα

2098 2282 2247 2352 αὐτῷ
2276 2281 2553 2353 βοηθήσει.
2588 2278 2780 2334 Λαϐὼν
2809 2277 2901 2334 οὖν
2929 2281 3028 2351 ἐμὲ
3065 2282 3157 2333 καὶ
3186 2276 3374 2335 Ἰσαὰκ
3398 2283 3681 2337 άπεπλεύ»

2100 2380 2271 2437 σαμεν
2316 2368 2374 2419 ἐν
2408 2362 2813 2419 Κωνσταντίνου
2858 2360 3031 2420 πόλει.
3083 2361 3192 2421 Καὶ
3228 2368 3290 2438 δὴ
3326 2370 3682 2425 εἰσελθόντων

2098 2459 2253 2529 ἡμῶν
2287 2461 2343 2513 ἐν
2369 2462 2435 2530 τῇ
2468 2458 2640 2524 πόλει,
2673 2446 2740 2530 ἦν
2786 2459 3047 2530 σύγχυσις
3092 2454 3300 2532 μεγάλη
3332 2462 3460 2532 περὶ
3490 2464 3681 2517 Ἰωάνα

2096 2564 2210 2613 νου,
2239 2548 2373 2602 διότι
2402 2550 2537 2602 πολὺ
2563 2548 2815 2619 ἠγαπᾶτο
2858 2550 3112 2621 Ἰωάννης
3150 2551 3254 2604 ὑπὸ
3277 2551 3382 2606 τῶν
3414 2552 3672 2607 πολιτῶν.

2095 2628 2275 2692 Ἦσαν
2301 2638 2357 2693 δέ
2387 2657 2506 2693 τινα
2538 2642 2875 2712 μοναστήρια
2899 2641 2994 2695 καὶ
3027 2638 3300 2713 μαρτύρια
3329 2641 3680 2713 λαμϐάνοντα

2094 2725 2337 2795 άννὼνας
2397 2732 2549 2803 παρὰ
2604 2726 2703 2802 τῆς
2754 2726 3094 2803 βασιλίσσης,
3132 2734 3208 2804 μὴ
3263 2730 3525 2805 δεχόμενα
3578 2729 3683 2790 τὸν

2094 2813 2367 2888 Ἰωάννην.
2402 2819 2766 2873 Είσελθόντων
2806 2812 2899 2873 οὖν
2945 2821 3101 2892 ἡμῶν
3138 2824 3195 2875 ἐν
3238 2816 3319 2877 ἐνὶ
3363 2822 3473 2876 τῶν
3506 2837 3680 2894 μονα·

429 2919 652 2974 minime
678 2920 1027 2989 recipiebant.
1055 2919 1227 2975 Nobis
1255 2931 1432 2977 autem
1463 2923 1719 2993 ingressis
1743 2924 1795 2978 in
1824 2941 1990 2981 unum

2097 2908 2332 2981 στηρίων
2366 2904 2679 2979 ἠνάγκασαν
2708 2906 3023 2979 Ἐπιφάνιον
3043 2952 3057 2976 ,
3084 2909 3231 2975 ὅπως
3278 2916 3675 2985 χειροτονήσει,

426 3026 492 3063 cx
521 3009 626 3063 illis
666 3009 1031 3076 monasteriis,
1062 3019 1355 3080 coegerunt
1394 3010 1775 3081 Epiphanium,
1802 3023 1861 3068 ut
1895 3028 1987 3067 or-

427 3097 639 3151 dinaret
664 3098 941 3167 (quoniam
978 3098 1049 3152 ita
1095 3113 1231 3168 opus
1263 3100 1400 3171 erat)
1433 3116 1580 3167 eum,
1610 3102 1703 3171 qui
1734 3114 1990 3172 praeesset

431 3187 707 3257 responsis
751 3186 1049 3243 Ecclesiae:
1085 3190 1227 3259 quod
1264 3192 1425 3245 etiam
1473 3190 1619 3246 fecit.
1651 3194 1870 3249 Audivit
1896 3210 1991 3249 au-

428 3288 534 3331 tem
580 3275 838 3343 Joannes,
888 3287 941 3334 et
990 3280 1143 3334 valde
1194 3282 1504 3335 succensuit
1554 3281 1887 3351 Epiphanio,
1936 3296 1992 3341 et

427 3368 645 3437 scripsit
677 3369 958 3439 epistolam
1009 3371 1077 3423 ad
1127 3370 1519 3441 Epiphanium,
1562 3388 1684 3442 qua:
1714 3375 1763 3429 ei
1811 3377 1991 3432 attulit

430 3458 750 3514 molestiam.
797 3459 1059 3513 Similiter
1104 3460 1440 3531 Epiphanius
1472 3479 1686 3533 quoque
1714 3470 1989 3536 respondit

427 3545 495 3599 ad
523 3560 584 3600 ea
618 3561 739 3615 qua?
783 3549 982 3617 scripta
1014 3547 1248 3604 fuerant.
1284 3551 1503 3607 Audivit
1544 3564 1724 3609 autem
1759 3560 1989 3626 impera-

428 3636 531 3688 trix
569 3634 832 3691 Joannem
882 3638 1045 3692 irasci
1076 3638 1397 3709 Epiphanio.
1430 3642 1562 3708 Quae
1599 3659 1720 3698 cum
1757 3649 1991 3702 accersi-

427 3725 593 3781 visset
627 3724 1008 3797 Epiphanium,
1047 3729 1185 3783 dixit
1223 3730 1272 3785 ei
1321 3750 1334 3785 :
1376 3731 1536 3787 Pater
1580 3733 1870 3805 Epiphani,
1903 3746 1986 3793 to-

428 3822 541 3869 tum
589 3824 669 3871 est
716 3832 893 3870 meum
941 3816 1309 3873 Romanorum
1367 3820 1673 3891 imperium,
1718 3832 1770 3879 et
1813 3835 1985 3881 totum

424 3906 786 3961 sacerdotium
822 3906 1209 3977 Ecclesiarum,
1253 3925 1375 3981 quae
1418 3922 1546 3968 sunt
1592 3915 1694 3969 sub
1730 3932 1852 3970 meo
1888 3919 1989 3971 im-

423 3997 592 4065 perio,
622 4006 705 4052 est
741 4009 912 4052 tuum.
948 3998 1213 4064 Quoniam
1243 4000 1514 4069 Joannes,
1541 4004 1635 4073 qui
1668 4014 1751 4059 est
1778 4007 1987 4061 alienus

422 4097 451 4134 a
482 4081 742 4151 dignitate
790 4086 1099 4148 sacerdotii,
1134 4087 1428 4143 insolenter
1473 4105 1531 4145 se
1560 4094 1698 4160 gerit
1730 4094 1987 4149 adversus

424 4172 798 4242 imperatores,
828 4184 881 4229 et
926 4175 1114 4230 dicunt
1141 4191 1267 4232 eum
1303 4178 1502 4234 habere
1550 4181 1785 4250 aliquam
1824 4185 1983 4239 aliam

2098 2998 2180 3055 ὅτι
2221 3001 2379 3072 χρεία
2420 2997 2507 3072 ἦν,
2557 3000 2648 3055 ἐπὶ
2678 3001 2778 3072 τὴν
2816 2996 3273 3072 ἐκκλησιαστικὴν
3310 3004 3517 3074 χρείαν.
3560 2998 3673 3057 Kal

2095 3090 2251 3145 τοῦτο
2282 3095 2533 3163 ποιήσας,
2561 3090 2656 3146 καὶ
2689 3088 2925 3157 ἀκούσας
2947 3086 3205 3163 Ἰωάννης
3246 3094 3490 3166 ἐλυπήθη
3535 3095 3675 3165 σφό-

2094 3180 2195 3252 δρα
2244 3174 2379 3252 πρδς
2415 3174 2747 3250 Ἐπιφάνιονο
2785 3176 2877 3235 καὶ
2919 3176 3207 3254 ἐπιστολὴν
3258 3180 3491 3255 ἔγραψεν
3518 3186 3677 3240 Ἐπιο

2097 3272 2271 3341 φανίῳ
2307 3270 2483 3342 λύπην
2520 3265 2814 3340 γεννῶσαν.
2858 3265 3091 3343 ὐμοίως
3130 3275 3222 3327 καὶ
3251 3272 3564 3344 Ἐπιφάνιος

2094 3359 2317 3433 Ἰωάννῃ
2341 3362 2476 3434 πρὸς
2510 3364 2575 3417 τά
2596 3358 2894 3435 γραφέντα.
2926 3366 3193 3417 Ἤκουσεν
3222 3362 3277 3417 δέ
3312 3368 3345 3435 ή
3378 3366 3677 3436 βασίλισσα

2093 3452 2177 3506 ὅτι
2211 3450 2448 3524 ἐλυπήθη
2474 3452 2727 3525 Ἰωάννης
2751 3450 2887 3525 πρὸς
2910 3450 3246 3523 Ἐπιφάνιον·
3280 3456 3374 3508 καὶ
3407 3456 3471 3527 δὴ
3508 3471 3677 3527 προσ-

2095 3543 2434 3613 καλεσαμὲνη
2459 3545 2549 3597 τὸν
2570 3540 2885 3613 Ἐπιφάνιον
2918 3538 3070 3599 εἶπεν
3108 3546 3273 3617 αὐτῷ’
3306 3544 3489 3618 Πάτερ
3515 3544 3675 3603 Ἐπι-

2094 3635 2272 3704 φάνιε,
2300 3630 2509 3706 πᾶσαή
2541 3634 2786 3705 βασιλεία
2814 3636 2921 3690 τῶν
2959 3632 3240 3707 Ῥωμαίων
3271 3637 3376 3710 ἐμή
3401 3639 3538 3692 ἐστι·
3572 3639 3674 3694 καὶ

2095 3727 2245 3780 πᾶσα
2270 3722 2303 3798 ή
2335 3721 2600 3798 ἱερωσύνη
2630 3725 2737 3780 τῶν
2762 3724 3099 3799 Ἐκκλησιῶν
3130 3729 3237 3783 τῶν
3268 3728 3372 3783 ὑπὸ
3396 3729 3493 3802 τὴν
3527 3733 3673 3804 ἐμὴν

2096 3809 2370 3886 βασιλείαν
2409 3819 2474 3888 σή
2505 3818 2671 3871 ἐστιν.
2716 3814 2931 3891 Ἐπειδὴ
2966 3818 3023 3871 δὲ
3060 3815 3314 3890 Ἰωάννης
3340 3861 3353 3886 ,
3388 3816 3671 3892 ἀλλότριος

2093 3908 2192 3978 τῆς
2226 3907 2475 3973 εὐταξίας
2519 3909 2617 3979 τῆς
2663 3909 2962 3981 ἱερωσύνης
2997 3908 3072 3963 ὢν
3094 3950 3108 3973 ,
3155 3907 3404 3972 ἀτάκτως
3439 3910 3669 3982 φέρεται

2094 3999 2235 4054 κατὰ
2289 3999 2582 4069 βασιλέων,
2636 4001 2727 4053 καὶ
2773 3996 2981 4071 αἵρεσίν
3038 4018 3159 4056 τινα
3210 4001 3458 4069 λέγουσιν
3504 4002 3671 4057 αὑτὸν

2093 4088 2237 4159 ἔχειν
2256 4130 2271 4153 ,
2312 4086 2502 4142 τούτου
2552 4091 2709 4161 χάριν
2753 4087 2861 4143 ἀπὸ
2906 4090 3127 4163 ήμερῶν
3174 4091 3382 4147 πολλῶν
3427 4097 3669 4148 κατακόο

2093 4180 2285 4232 πτεταί
2317 4197 2418 4249 μου
2442 4177 2469 4232 ὁ
2500 4180 2756 4250 λογισμὸς
2782 4183 2910 4254 περὶ
2935 4183 3028 4236 τοῦ
3057 4185 3277 4254 ποιῆσαι
3304 4183 3540 4248 σύνοδον,
3568 4187 3669 4239 καὶ

423 4263 671 4318 haeresim
698 4264 912 4334 (praeter
938 4268 1234 4337 nostram);
1269 4284 1332 4323 ea
1362 4270 1431 4326 de
1463 4287 1628 4328 causa
1673 4275 1856 4329 multis
1889 4278 1985 4331 ah-

2097 4265 2279 4320 τοῦτον
2315 4269 2650 4339 ἐκκήρυκτον
2703 4271 2924 4340 ποιῆσαι
2967 4272 3065 4342 τῆς
3115 4271 3411 4345 ἱερωσύνης
3450 4274 3526 4339 ὼς
3563 4275 3667 4331 ἁν-

424 4353 549 4407 hinc
572 4353 764 4408 diebus
798 4355 849 4407 in
880 4356 1063 4410 animo
1095 4375 1273 4427 verso,
1302 4358 1479 4416 facere
1501 4362 1568 4417 de
1595 4377 1661 4417 eo
1693 4366 1980 4434 synodum,

416 4452 473 4499 et
502 4459 626 4499 eum
675 4454 931 4515 tauquam
981 4448 1259 4519 indignum
1298 4453 1549 4508 abdicare
1588 4470 1617 4509 a
1648 4457 1981 4521 sacerdotio;

420 4535 475 4589 in
508 4536 637 4593 sede
666 4547 845 4592 autem
892 4539 1160 4595 collocare
1186 4541 1419 4610 aliquem
1465 4544 1662 4610 alium,
1690 4547 1782 4616 qui
1816 4548 1986 4617 possit

418 4628 662 4684 obtinere
695 4630 1078 4697 sacerdotium,
1110 4641 1170 4687 ut
1196 4648 1378 4688 meum
1415 4635 1697 4705 imperium
1729 4639 1800 4694 sit
1831 4641 1986 4710 quie-

420 4729 533 4773 tum
567 4718 620 4772 in
663 4719 936 4773 omnibus.
968 4720 1105 4774 Cum
1137 4722 1449 4791 imperatrix
1485 4725 1598 4781 hare
1632 4726 1830 4783 diceret
1858 4728 1985 4800 Epi-

417 4808 655 4880 phanio,
707 4809 787 4863 ira
832 4817 977 4875 tota,
1011 4821 1213 4879 quanta
1257 4822 1397 4878 erat.
1427 4818 1885 4873 commovebatur.
1919 4820 1980 4874 Ei

416 4912 546 4970 ergo
572 4914 765 4954 rursus
791 4899 926 4954 dixit
957 4921 970 4954 :
998 4900 1136 4957 Cum
1170 4911 1261 4957 tua
1293 4904 1381 4958 hic
1408 4905 1480 4960 sit
1506 4920 1630 4961 cum
1659 4906 1767 4961 Deo
1801 4920 1978 4977 pater-

416 4989 582 5053 nitas,
629 5005 735 5043 non
781 5004 919 5060 Opus
961 5003 1077 5056 est,
1125 5001 1183 5047 ut
1225 4993 1348 5048 aliis
1382 4994 1630 5051 Patribus
1676 4998 1978 5053 molestiam

413 5080 786 5136 exhibcamus.
822 5079 925 5135 Sed
971 5098 1132 5152 quem
1181 5084 1275 5137 tihi
1311 5083 1452 5141 Deus
1485 5088 1820 5151 revelavcrit,
1852 5102 1977 5141 eum

416 5169 503 5222 fac
555 5170 896 5239 episcopum;
937 5171 1082 5228 hunc
1135 5183 1314 5228 autem
1364 5177 1567 5245 expelle
1600 5179 1669 5232 ab
1716 5178 1975 5233 Ectlcsia.

2092 4355 2260 4423 ἀξιον,
2294 4359 2477 4429 ἕτερον
2506 4358 2559 4414 δὲ
2587 4360 2676 4413 τὸν
2708 4357 3000 4431 δυνάμενον
3024 4363 3341 4433 ἀντέχεσθαι
3370 4367 3468 4437 τῆς
3505 4368 3668 4438 ίερω-

2093 4447 2256 4516 σύνης
2290 4450 2381 4502 ἐπὶ
2405 4449 2495 4503 τοῦ
2527 4450 2714 4521 θρόνου
2744 4450 3095 4521 καθεσθῆναι,
3127 4452 3275 4516 ὅπως
3302 4456 3335 4525 ή
3364 4454 3473 4525 ἐμὴ
3502 4454 3665 4524 βασι-

2090 4537 2207 4593 λεία
2244 4543 2302 4593 ἐν
2335 4544 2499 4597 πᾶσιν
2539 4542 2827 4614 είρηνεύει.
2866 4543 2956 4606 Ὦς
2995 4543 3051 4596 δὲ
3095 4543 3266 4597 ταῦτα
3292 4543 3467 4599 ἐλάλει
3497 4548 3529 4617 ή
3566 4546 3665 4616 βα-

2092 4631 2303 4685 σίλισσα
2332 4633 2474 4703 πρὸς
2497 4632 2834 4703 Ἐπιφάνιον,
2863 4634 2971 4687 ἀπὸ
2999 4634 3091 4687 τοῦ
3122 4634 3316 4689 πολλοῦ
3351 4635 3523 4707 θυμοῦ
3564 4638 3660 4708 ὅλη

2089 4728 2455 4795 παρεκινεῖτο.
2504 4726 2672 4782 Πάλιν
2701 4722 2793 4779 οὖν
2840 4721 2991 4805 εἶπεν
3024 4726 3162 4798 πρὸς
3197 4726 3380 4780 αὐτόν·
3416 4726 3527 4797 Τῆς
3562 4728 3664 4797 σῆς·

2088 4815 2445 4887 πατρωσύνης
2474 4816 2641 4889 οὔσης
2686 4817 2824 4889 μετὰ
2851 4816 2982 4871 Θεὸν
3010 4817 3083 4889 (α)
3115 4817 3368 4882 ἐνταῦθα,
3395 4818 3457 4870 οὐ
3502 4819 3665 4888 χρεία

2087 4904 2207 4959 ἐστὶ
2229 4904 2323 4957 καὶ
2364 4906 2489 4967 τοὺς
2521 4904 2740 4969 λοιποὺς
2768 4905 3014 4977 Πατέρας
3055 4907 3134 4970 είς
3174 4906 3341 4959 κόπον
3379 4906 3661 4976 ἐμϐαλεῖν.

2089 4993 2229 5045 Ἀλλ’
2262 4994 2322 5045 ὅν
2348 5010 2427 5046 σοι
2456 4994 2484 5045 ὁ
2512 4994 2644 5058 Θεὸς
2668 4994 3062 5059 ἀποκαλύπτει,
3090 4996 3314 5065 ποίησον
3343 4996 3662 5064 ἐπίσκοπον,

2086 5082 2180 5134 καὶ
2221 5080 2408 5134 τοῦτον
2457 5082 2650 5135 ἔκϐαλε
2694 5083 2794 5153 τῆς
2819 5084 3167 5154 Ἐκκλησίας.
3215 5080 3382 5138 Εἶπεν
3423 5085 3479 5138 δὲ
3516 5086 3665 5141 Ἐπι-

2086 5171 2274 5239 φάνιος
2303 5171 2439 5242 πρὸς
2478 5172 2575 5243 τὴν
2622 5172 2973 5242 βασίλισσαν·
3021 5174 3406 5240 Ἀνεξικάκως,
3439 5178 3659 5244 τέκνον,

416 5258 745 5328 lmperatrici
782 5270 962 5317 autem
996 5264 1134 5318 dixit
1175 5262 1507 5335 Epiphanius
1537 5285 1552 5323 :
1583 5269 1746 5336 Audi,
1780 5286 1813 5325 ο
1845 5271 1976 5337 illia,

2097 5262 2314 5316 ἱκουσον
2339 5262 2432 5315 τοῦ
2465 5264 2559 5318 σοῦ
2590 5264 2821 5335 Πατρός.
2856 5260 3022 5321 Εἶπεν
3052 5265 3109 5319 δὲ
3141 5266 3175 5337 ή
3205 5265 3493 5349 βασίλισσα
3524 5269 3662 5342 πρὸς

487 5416 531 5448 ³⁸
565 5416 630 5469 ιιι
664 5417 792 5490 Reg.
828 5436 940 5487 nt,
974 5421 994 5474 1
1038 5437 1157 5491 sqq.

482 5552 559 5621 (α)
590 5550 748 5607 Forte
787 5553 886 5623 leg.
921 5554 1059 5624 μετὰ
1093 5553 1246 5607 Θεοῦ.
1288 5552 1440 5607 lium.
1474 5555 1707 5609 ant.
