  <div class='ocr_page' id='page_1' title='image "/cluster/home/n/w/nwhite01/storage/ocr_20150623/41/hvd.32044073501868/074.png"; bbox 0 0 3866 6066; ppageno 0'>
   <div class='ocr_carea' id='block_1_1' title="bbox 180 174 261 231">
    <p class='ocr_par' dir='ltr' id='par_1_1' title="bbox 180 174 261 231">
     <span class='ocr_line' id='line_1_1' title="bbox 180 174 261 231; baseline -0.037 1"><span class='ocrx_word' id='word_1_1' title='bbox 180 174 261 231; x_wconf 72' lang='grc'><strong>105</strong></span> 
     </span>
    </p>
   </div>
   <div class='ocr_carea' id='block_1_2' title="bbox 1435 130 2099 230">
    <p class='ocr_par' dir='ltr' id='par_1_2' title="bbox 1435 130 2099 230">
     <span class='ocr_line' id='line_1_2' title="bbox 1435 130 2099 230; baseline -0.002 0"><span class='ocrx_word' id='word_1_2' title='bbox 1435 174 1490 230; x_wconf 89' lang='lat' dir='ltr'><strong>s.</strong></span> <span class='ocrx_word' id='word_1_3' title='bbox 1533 130 1872 229; x_wconf 18' lang='lat' dir='ltr'><strong>EPKIPHANII</strong></span> <span class='ocrx_word' id='word_1_4' title='bbox 1916 172 2099 230; x_wconf 75' lang='lat' dir='ltr'><strong>vm.</strong></span> 
     </span>
    </p>
   </div>
   <div class='ocr_carea' id='block_1_3' title="bbox 3287 176 3391 234">
    <p class='ocr_par' dir='ltr' id='par_1_3' title="bbox 3287 176 3391 234">
     <span class='ocr_line' id='line_1_3' title="bbox 3287 176 3391 234; baseline 0.01 -1"><span class='ocrx_word' id='word_1_5' title='bbox 3287 176 3391 234; x_wconf 65' lang='lat'><strong>106</strong></span> 
     </span>
    </p>
   </div>
   <div class='ocr_carea' id='block_1_4' title="bbox 171 288 1722 365">
    <p class='ocr_par' dir='ltr' id='par_1_4' title="bbox 171 288 1702 365">
     <span class='ocr_line' id='line_1_4' title="bbox 171 288 1702 365; baseline -0.003 -19"><span class='ocrx_word' id='word_1_6' title='bbox 171 290 456 361; x_wconf 72' lang='grc' dir='ltr'>Ἐπιφάνιοψ</span> <span class='ocrx_word' id='word_1_7' title='bbox 488 288 559 344; x_wconf 83' lang='grc' dir='ltr'>Εῖ</span> <span class='ocrx_word' id='word_1_8' title='bbox 586 306 639 343; x_wconf 84' lang='grc' dir='ltr'><strong>τι</strong></span> <span class='ocrx_word' id='word_1_9' title='bbox 674 288 880 343; x_wconf 81' lang='grc' dir='ltr'><strong>κελεύει</strong></span> <span class='ocrx_word' id='word_1_10' title='bbox 909 290 942 360; x_wconf 83' lang='grc' dir='ltr'>ἡ</span> <span class='ocrx_word' id='word_1_11' title='bbox 973 288 1040 360; x_wconf 77' lang='grc' dir='ltr'>σὴ</span> <span class='ocrx_word' id='word_1_12' title='bbox 1077 290 1417 363; x_wconf 73' lang='grc' dir='ltr'>πατροσύνη,</span> <span class='ocrx_word' id='word_1_13' title='bbox 1450 292 1702 365; x_wconf 81' lang='grc' dir='ltr'>εὐάγγει-</span> 
     </span>
    </p>
   </div>
   <div class='ocr_carea' id='block_1_5' title="bbox 1827 288 3389 365">
    <p class='ocr_par' dir='ltr' id='par_1_5' title="bbox 1827 289 3389 365">
     <span class='ocr_line' id='line_1_5' title="bbox 1827 289 3389 365; baseline 0.003 -22"><span class='ocrx_word' id='word_1_14' title='bbox 1827 290 2075 346; x_wconf 72' lang='lat' dir='ltr'><strong>iatienter</strong></span> <span class='ocrx_word' id='word_1_15' title='bbox 2130 300 2282 346; x_wconf 88' lang='lat' dir='ltr'><strong>tttnm</strong></span> <span class='ocrx_word' id='word_1_16' title='bbox 2342 289 2578 346; x_wconf 83' lang='lat' dir='ltr'><strong>Patrem.</strong></span> <span class='ocrx_word' id='word_1_17' title='bbox 2629 289 2777 365; x_wconf 74' lang='lat' dir='ltr'><strong>Dixit</strong></span> <span class='ocrx_word' id='word_1_18' title='bbox 2839 299 3020 346; x_wconf 88' lang='lat' dir='ltr'><strong>autem</strong></span> <span class='ocrx_word' id='word_1_19' title='bbox 3075 290 3389 361; x_wconf 81' lang='lat' dir='ltr'><strong>imperatrix</strong></span> 
     </span>
    </p>
   </div>
   <div class='ocr_carea' id='block_1_6' title="bbox 182 379 1712 457">
    <p class='ocr_par' dir='ltr' id='par_1_6' title="bbox 182 379 1712 457">
     <span class='ocr_line' id='line_1_6' title="bbox 182 379 1712 457; baseline 0.001 -18"><span class='ocrx_word' id='word_1_20' title='bbox 182 385 251 440; x_wconf 86' lang='grc' dir='ltr'>λόν</span> <span class='ocrx_word' id='word_1_21' title='bbox 279 400 374 455; x_wconf 86' lang='grc' dir='ltr'>μοι,</span> <span class='ocrx_word' id='word_1_22' title='bbox 405 379 560 451; x_wconf 85' lang='grc' dir='ltr'><strong>κάγὼ</strong></span> <span class='ocrx_word' id='word_1_23' title='bbox 604 380 928 453; x_wconf 77' lang='grc' dir='ltr'>θεραπεύσω</span> <span class='ocrx_word' id='word_1_24' title='bbox 967 381 1059 435; x_wconf 71' lang='grc' dir='ltr'>τὸν</span> <span class='ocrx_word' id='word_1_25' title='bbox 1092 382 1224 454; x_wconf 78' lang='grc' dir='ltr'>ἐμὸν</span> <span class='ocrx_word' id='word_1_26' title='bbox 1268 385 1507 457; x_wconf 84' lang='grc' dir='ltr'>Πατέρα.</span> <span class='ocrx_word' id='word_1_27' title='bbox 1542 382 1712 440; x_wconf 79' lang='grc' dir='ltr'>Εἶπεν</span> 
     </span>
    </p>
   </div>
   <div class='ocr_carea' id='block_1_7' title="bbox 182 473 1712 549">
    <p class='ocr_par' dir='ltr' id='par_1_7' title="bbox 182 473 1712 549">
     <span class='ocr_line' id='line_1_7' title="bbox 182 473 1712 549; baseline 0.027 -18"><span class='ocrx_word' id='word_1_28' title='bbox 182 478 226 532; x_wconf 75' lang='grc' dir='ltr'>δὲ</span> <span class='ocrx_word' id='word_1_29' title='bbox 250 475 536 544; x_wconf 81' lang='grc' dir='ltr'>Ἐπιφάνιος</span> <span class='ocrx_word' id='word_1_30' title='bbox 564 474 704 545; x_wconf 68' lang='grc' dir='ltr'>πρὸς</span> <span class='ocrx_word' id='word_1_31' title='bbox 731 474 826 545; x_wconf 74' lang='grc' dir='ltr'><strong>τὴν</strong></span> <span class='ocrx_word' id='word_1_32' title='bbox 860 473 1199 544; x_wconf 57' lang='grc' dir='ltr'>βασίλισσαν·</span> <span class='ocrx_word' id='word_1_33' title='bbox 1223 475 1287 532; x_wconf 67' lang='grc' dir='ltr'>Εἰ</span> <span class='ocrx_word' id='word_1_34' title='bbox 1327 477 1423 547; x_wconf 67' lang='grc' dir='ltr'><strong>μὲν</strong></span> <span class='ocrx_word' id='word_1_35' title='bbox 1455 479 1584 549; x_wconf 47' lang='grc' dir='ltr'>περὶ</span> <span class='ocrx_word' id='word_1_36' title='bbox 1612 477 1712 547; x_wconf 66' lang='grc' dir='ltr'><strong>τῆς</strong></span> 
     </span>
    </p>
   </div>
   <div class='ocr_carea' id='block_1_8' title="bbox 183 560 1714 639">
    <p class='ocr_par' dir='ltr' id='par_1_8' title="bbox 183 560 1714 639">
     <span class='ocr_line' id='line_1_8' title="bbox 183 560 1714 639; baseline 0.001 -18"><span class='ocrx_word' id='word_1_37' title='bbox 183 567 399 638; x_wconf 79' lang='grc' dir='ltr'>αἱρέσεως</span> <span class='ocrx_word' id='word_1_38' title='bbox 443 560 508 637; x_wconf 83' lang='grc' dir='ltr'>ἦς</span> <span class='ocrx_word' id='word_1_39' title='bbox 549 565 736 634; x_wconf 84' lang='grc' dir='ltr'>λέγεις</span> <span class='ocrx_word' id='word_1_40' title='bbox 776 564 1244 635; x_wconf 84' lang='grc' dir='ltr'>καταγινώσκεται</span> <span class='ocrx_word' id='word_1_41' title='bbox 1293 570 1569 639; x_wconf 80' lang='grc' dir='ltr'><strong>Ἰωάννης,</strong></span> <span class='ocrx_word' id='word_1_42' title='bbox 1620 571 1714 623; x_wconf 82' lang='grc' dir='ltr'><strong>καὶ</strong></span> 
     </span>
    </p>
   </div>
   <div class='ocr_carea' id='block_1_9' title="bbox 184 655 1714 728">
    <p class='ocr_par' dir='ltr' id='par_1_9' title="bbox 184 655 1714 728">
     <span class='ocr_line' id='line_1_9' title="bbox 184 655 1714 728; baseline 0.01 -27"><span class='ocrx_word' id='word_1_43' title='bbox 184 659 439 728; x_wconf 64' lang='grc' dir='ltr'>ἐλέγχεται,</span> <span class='ocrx_word' id='word_1_44' title='bbox 480 657 574 709; x_wconf 76' lang='grc' dir='ltr'><strong>καὶ</strong></span> <span class='ocrx_word' id='word_1_45' title='bbox 620 656 721 727; x_wconf 76' lang='grc' dir='ltr'>οὐχ</span> <span class='ocrx_word' id='word_1_46' title='bbox 761 655 1014 727; x_wconf 82' lang='grc' dir='ltr'>ὁμολογεῖ</span> <span class='ocrx_word' id='word_1_47' title='bbox 1054 659 1137 711; x_wconf 80' lang='grc' dir='ltr'><strong>ὅτι</strong></span> <span class='ocrx_word' id='word_1_48' title='bbox 1190 659 1465 728; x_wconf 76' lang='grc' dir='ltr'>ἥμαρτεν,</span> <span class='ocrx_word' id='word_1_49' title='bbox 1498 658 1714 723; x_wconf 77' lang='grc' dir='ltr'>ἀνάξιός</span> 
     </span>
    </p>
   </div>
   <div class='ocr_carea' id='block_1_10' title="bbox 186 746 1714 820">
    <p class='ocr_par' dir='ltr' id='par_1_10' title="bbox 186 746 1714 820">
     <span class='ocr_line' id='line_1_10' title="bbox 186 746 1714 820; baseline -0.001 -18"><span class='ocrx_word' id='word_1_50' title='bbox 186 751 274 802; x_wconf 79' lang='grc' dir='ltr'>ἐστι</span> <span class='ocrx_word' id='word_1_51' title='bbox 295 748 378 819; x_wconf 82' lang='grc' dir='ltr'><strong>τῆς</strong></span> <span class='ocrx_word' id='word_1_52' title='bbox 404 746 721 819; x_wconf 73' lang='grc' dir='ltr'><strong>ἱερωσύνης·</strong></span> <span class='ocrx_word' id='word_1_53' title='bbox 760 748 854 801; x_wconf 86' lang='grc' dir='ltr'><strong>καὶ</strong></span> <span class='ocrx_word' id='word_1_54' title='bbox 894 748 1027 801; x_wconf 80' lang='grc' dir='ltr'>εἴτι</span> <span class='ocrx_word' id='word_1_55' title='bbox 1065 748 1336 820; x_wconf 78' lang='grc' dir='ltr'>κελεύειὴ</span> <span class='ocrx_word' id='word_1_56' title='bbox 1375 749 1527 819; x_wconf 79' lang='grc' dir='ltr'>ὑμῶν</span> <span class='ocrx_word' id='word_1_57' title='bbox 1563 750 1714 817; x_wconf 78' lang='grc' dir='ltr'>ἐξου-</span> 
     </span>
    </p>
   </div>
   <div class='ocr_carea' id='block_1_11' title="bbox 188 838 1714 914">
    <p class='ocr_par' dir='ltr' id='par_1_11' title="bbox 188 838 1714 914">
     <span class='ocr_line' id='line_1_11' title="bbox 188 838 1714 914; baseline 0.001 -21"><span class='ocrx_word' id='word_1_58' title='bbox 188 842 271 904; x_wconf 81' lang='grc' dir='ltr'>σία,</span> <span class='ocrx_word' id='word_1_59' title='bbox 291 840 495 910; x_wconf 80' lang='grc' dir='ltr'>ποιήσω.</span> <span class='ocrx_word' id='word_1_60' title='bbox 522 839 589 892; x_wconf 84' lang='grc' dir='ltr'><strong>Εἰ</strong></span> <span class='ocrx_word' id='word_1_61' title='bbox 616 838 676 892; x_wconf 87' lang='grc' dir='ltr'><strong>δὲ</strong></span> <span class='ocrx_word' id='word_1_62' title='bbox 706 839 836 911; x_wconf 80' lang='grc' dir='ltr'>περὶ</span> <span class='ocrx_word' id='word_1_63' title='bbox 861 839 961 909; x_wconf 81' lang='grc' dir='ltr'><strong>τῆς</strong></span> <span class='ocrx_word' id='word_1_64' title='bbox 990 840 1262 911; x_wconf 83' lang='grc' dir='ltr'><strong>ὑμετέρας</strong></span> <span class='ocrx_word' id='word_1_65' title='bbox 1290 840 1500 914; x_wconf 75' lang='grc' dir='ltr'>ὕϐρεως</span> <span class='ocrx_word' id='word_1_66' title='bbox 1530 841 1714 911; x_wconf 77' lang='grc' dir='ltr'><strong>ζητεῖς</strong></span> 
     </span>
    </p>
   </div>
   <div class='ocr_carea' id='block_1_12' title="bbox 185 931 1714 1004">
    <p class='ocr_par' dir='ltr' id='par_1_12' title="bbox 185 931 1714 1004">
     <span class='ocr_line' id='line_1_12' title="bbox 185 931 1714 1004; baseline 0.001 -18"><span class='ocrx_word' id='word_1_67' title='bbox 185 933 252 986; x_wconf 66' lang='grc' dir='ltr'>τὸν</span> <span class='ocrx_word' id='word_1_68' title='bbox 273 932 499 1004; x_wconf 83' lang='grc' dir='ltr'>Ἰωάννην</span> <span class='ocrx_word' id='word_1_69' title='bbox 525 931 864 999; x_wconf 54' lang='lat' dir='ltr'><strong>gemmeam</strong></span> <span class='ocrx_word' id='word_1_70' title='bbox 897 931 1006 985; x_wconf 76' lang='grc' dir='ltr'><strong>ἀπὸ</strong></span> <span class='ocrx_word' id='word_1_71' title='bbox 1043 935 1141 1003; x_wconf 80' lang='grc' dir='ltr'>τῆς</span> <span class='ocrx_word' id='word_1_72' title='bbox 1182 934 1530 1004; x_wconf 83' lang='grc' dir='ltr'>Ἐκκλησίας,</span> <span class='ocrx_word' id='word_1_73' title='bbox 1559 937 1587 987; x_wconf 82' lang='grc' dir='ltr'><strong>ὁ</strong></span> <span class='ocrx_word' id='word_1_74' title='bbox 1624 936 1714 998; x_wconf 73' lang='grc' dir='ltr'>σὸς</span> 
     </span>
    </p>
   </div>
   <div class='ocr_carea' id='block_1_13' title="bbox 186 1022 1710 1095">
    <p class='ocr_par' dir='ltr' id='par_1_13' title="bbox 186 1022 1710 1095">
     <span class='ocr_line' id='line_1_13' title="bbox 186 1022 1710 1095; baseline -0.001 -17"><span class='ocrx_word' id='word_1_75' title='bbox 186 1024 448 1092; x_wconf 63' lang='grc' dir='ltr'>Ἐπιφάνιος</span> <span class='ocrx_word' id='word_1_76' title='bbox 491 1025 572 1087; x_wconf 86' lang='grc' dir='ltr'>εἰς</span> <span class='ocrx_word' id='word_1_77' title='bbox 618 1022 777 1076; x_wconf 82' lang='grc' dir='ltr'>τοῦτο</span> <span class='ocrx_word' id='word_1_78' title='bbox 824 1024 883 1076; x_wconf 78' lang='grc' dir='ltr'><strong>οὐ</strong></span> <span class='ocrx_word' id='word_1_79' title='bbox 935 1024 1271 1076; x_wconf 85' lang='grc' dir='ltr'>συναινέσει·</span> <span class='ocrx_word' id='word_1_80' title='bbox 1319 1024 1413 1077; x_wconf 76' lang='grc' dir='ltr'><strong>καὶ</strong></span> <span class='ocrx_word' id='word_1_81' title='bbox 1457 1024 1710 1095; x_wconf 87' lang='grc' dir='ltr'>μάλιστα,</span> 
     </span>
    </p>
   </div>
   <div class='ocr_carea' id='block_1_14' title="bbox 182 1113 1712 1188">
    <p class='ocr_par' dir='ltr' id='par_1_14' title="bbox 182 1113 1712 1188">
     <span class='ocr_line' id='line_1_14' title="bbox 182 1113 1712 1188; baseline 0.003 -21"><span class='ocrx_word' id='word_1_82' title='bbox 182 1115 353 1176; x_wconf 78' lang='grc' dir='ltr'>τέκνον,</span> <span class='ocrx_word' id='word_1_83' title='bbox 379 1113 482 1167; x_wconf 77' lang='grc' dir='ltr'>τῶν</span> <span class='ocrx_word' id='word_1_84' title='bbox 512 1113 783 1184; x_wconf 79' lang='grc' dir='ltr'>βασ...έων</span> <span class='ocrx_word' id='word_1_85' title='bbox 815 1113 961 1166; x_wconf 80' lang='grc' dir='ltr'>ἔστιν</span> <span class='ocrx_word' id='word_1_86' title='bbox 1005 1113 1323 1185; x_wconf 77' lang='grc' dir='ltr'>ὑϐρίζεσθαι</span> <span class='ocrx_word' id='word_1_87' title='bbox 1362 1117 1455 1169; x_wconf 71' lang='grc' dir='ltr'><strong>καὶ</strong></span> <span class='ocrx_word' id='word_1_88' title='bbox 1497 1134 1712 1188; x_wconf 84' lang='grc' dir='ltr'>συγχω-</span> 
     </span>
    </p>
   </div>
   <div class='ocr_carea' id='block_1_15' title="bbox 182 1203 1713 1279">
    <p class='ocr_par' dir='ltr' id='par_1_15' title="bbox 182 1203 1713 1279">
     <span class='ocr_line' id='line_1_15' title="bbox 182 1203 1713 1279; baseline 0.001 -20"><span class='ocrx_word' id='word_1_89' title='bbox 182 1210 300 1279; x_wconf 77' lang='grc' dir='ltr'><strong>ρεῖνο</strong></span> <span class='ocrx_word' id='word_1_90' title='bbox 338 1205 518 1277; x_wconf 78' lang='grc' dir='ltr'>ἐπειδὴ</span> <span class='ocrx_word' id='word_1_91' title='bbox 557 1204 652 1257; x_wconf 79' lang='grc' dir='ltr'><strong>καὶ</strong></span> <span class='ocrx_word' id='word_1_92' title='bbox 698 1205 857 1273; x_wconf 82' lang='grc' dir='ltr'>ὑμεῖς</span> <span class='ocrx_word' id='word_1_93' title='bbox 905 1203 1057 1274; x_wconf 84' lang='grc' dir='ltr'>ἔχετε</span> <span class='ocrx_word' id='word_1_94' title='bbox 1100 1204 1326 1274; x_wconf 83' lang='grc' dir='ltr'>βασιλέα</span> <span class='ocrx_word' id='word_1_95' title='bbox 1363 1208 1419 1258; x_wconf 83' lang='grc' dir='ltr'><strong>ὲν</strong></span> <span class='ocrx_word' id='word_1_96' title='bbox 1464 1208 1713 1278; x_wconf 75' lang='grc' dir='ltr'>οὐρανοῖς</span> 
     </span>
    </p>
   </div>
   <div class='ocr_carea' id='block_1_16' title="bbox 178 1291 1714 1368">
    <p class='ocr_par' dir='ltr' id='par_1_16' title="bbox 178 1291 1714 1368">
     <span class='ocr_line' id='line_1_16' title="bbox 178 1291 1714 1368; baseline 0.005 -21"><span class='ocrx_word' id='word_1_97' title='bbox 178 1291 210 1364; x_wconf 81' lang='grc' dir='ltr'>ᾧ</span> <span class='ocrx_word' id='word_1_98' title='bbox 232 1294 445 1368; x_wconf 73' lang='grc' dir='ltr'>συνήθως</span> <span class='ocrx_word' id='word_1_99' title='bbox 472 1293 843 1366; x_wconf 76' lang='grc' dir='ltr'><strong>ἁμαρτάνετε,</strong></span> <span class='ocrx_word' id='word_1_100' title='bbox 874 1295 969 1347; x_wconf 72' lang='grc' dir='ltr'>καὶ</span> <span class='ocrx_word' id='word_1_101' title='bbox 1013 1295 1237 1367; x_wconf 76' lang='grc' dir='ltr'>ἀφίησιν</span> <span class='ocrx_word' id='word_1_102' title='bbox 1279 1299 1441 1368; x_wconf 81' lang='grc' dir='ltr'>ὑμῖν,</span> <span class='ocrx_word' id='word_1_103' title='bbox 1485 1300 1579 1353; x_wconf 76' lang='grc' dir='ltr'>ἐὰν</span> <span class='ocrx_word' id='word_1_104' title='bbox 1621 1301 1714 1354; x_wconf 75' lang='grc' dir='ltr'><strong>καὶ</strong></span> 
     </span>
    </p>
   </div>
   <div class='ocr_carea' id='block_1_17' title="bbox 180 1386 1713 1461">
    <p class='ocr_par' dir='ltr' id='par_1_17' title="bbox 180 1386 1713 1461">
     <span class='ocr_line' id='line_1_17' title="bbox 180 1386 1713 1461; baseline 0.001 -18"><span class='ocrx_word' id='word_1_105' title='bbox 180 1390 301 1460; x_wconf 77' lang='grc' dir='ltr'>ὑμεῖς</span> <span class='ocrx_word' id='word_1_106' title='bbox 337 1388 516 1459; x_wconf 73' lang='grc' dir='ltr'>ἀιρίετε</span> <span class='ocrx_word' id='word_1_107' title='bbox 543 1390 657 1451; x_wconf 88' lang='grc' dir='ltr'>τοῖς</span> <span class='ocrx_word' id='word_1_108' title='bbox 693 1386 1005 1459; x_wconf 75' lang='grc' dir='ltr'>ὑϐρίζουσιν</span> <span class='ocrx_word' id='word_1_109' title='bbox 1053 1388 1196 1459; x_wconf 79' lang='grc' dir='ltr'>ὑμᾶς</span> <span class='ocrx_word' id='word_1_110' title='bbox 1217 1408 1229 1422; x_wconf 76' lang='grc' dir='ltr'><strong><em>ο</em></strong></span> <span class='ocrx_word' id='word_1_111' title='bbox 1260 1390 1443 1455; x_wconf 88' lang='grc' dir='ltr'>καθὼς</span> <span class='ocrx_word' id='word_1_112' title='bbox 1477 1392 1623 1461; x_wconf 79' lang='grc' dir='ltr'>λέγει</span> <span class='ocrx_word' id='word_1_113' title='bbox 1654 1395 1713 1446; x_wconf 84' lang='grc' dir='ltr'><strong>ἐν</strong></span> 
     </span>
    </p>
   </div>
   <div class='ocr_carea' id='block_1_18' title="bbox 179 1479 1712 1550">
    <p class='ocr_par' dir='ltr' id='par_1_18' title="bbox 179 1479 1712 1550">
     <span class='ocr_line' id='line_1_18' title="bbox 179 1479 1712 1550; baseline 0.001 -15"><span class='ocrx_word' id='word_1_114' title='bbox 179 1482 265 1544; x_wconf 78' lang='grc' dir='ltr'>τοῖς</span> <span class='ocrx_word' id='word_1_115' title='bbox 286 1479 622 1548; x_wconf 70' lang='grc' dir='ltr'>Εὖαγγελίοις</span> <span class='ocrx_word' id='word_1_116' title='bbox 645 1496 660 1510; x_wconf 80' lang='grc'><em>’</em></span> <span class='ocrx_word' id='word_1_117' title='bbox 704 1481 960 1533; x_wconf 79' lang='grc' dir='ltr'>Γίνεσθε</span> <span class='ocrx_word' id='word_1_118' title='bbox 990 1482 1360 1550; x_wconf 61' lang='grc' dir='ltr'>οἰκτίρμονες</span> <span class='ocrx_word' id='word_1_119' title='bbox 1378 1523 1393 1545; x_wconf 88' lang='grc'><strong>,</strong></span> <span class='ocrx_word' id='word_1_120' title='bbox 1423 1484 1504 1548; x_wconf 86' lang='grc' dir='ltr'>ὡς</span> <span class='ocrx_word' id='word_1_121' title='bbox 1526 1486 1561 1535; x_wconf 82' lang='grc' dir='ltr'><strong><em>ό</em></strong></span> <span class='ocrx_word' id='word_1_122' title='bbox 1590 1488 1712 1537; x_wconf 78' lang='grc' dir='ltr'><strong>Πα-</strong></span> 
     </span>
    </p>
   </div>
   <div class='ocr_carea' id='block_1_19' title="bbox 184 1568 1715 1643">
    <p class='ocr_par' dir='ltr' id='par_1_19' title="bbox 184 1568 1715 1643">
     <span class='ocr_line' id='line_1_19' title="bbox 184 1568 1715 1643; baseline 0.001 -18"><span class='ocrx_word' id='word_1_123' title='bbox 184 1572 264 1642; x_wconf 59' lang='grc' dir='ltr'>τὴρ</span> <span class='ocrx_word' id='word_1_124' title='bbox 282 1572 433 1641; x_wconf 66' lang='grc' dir='ltr'><strong>ὑμῶν</strong></span> <span class='ocrx_word' id='word_1_125' title='bbox 460 1574 492 1625; x_wconf 75' lang='grc' dir='ltr'><em>ό</em></span> <span class='ocrx_word' id='word_1_126' title='bbox 518 1572 587 1624; x_wconf 76' lang='grc' dir='ltr'><strong>ἐν</strong></span> <span class='ocrx_word' id='word_1_127' title='bbox 615 1570 741 1637; x_wconf 86' lang='grc' dir='ltr'>τοῖς</span> <span class='ocrx_word' id='word_1_128' title='bbox 768 1571 1066 1638; x_wconf 48' lang='lat' dir='ltr'><strong>adparat}.</strong></span> <span class='ocrx_word' id='word_1_129' title='bbox 1090 1568 1260 1625; x_wconf 80' lang='grc' dir='ltr'>Εἶπεν</span> <span class='ocrx_word' id='word_1_130' title='bbox 1280 1572 1337 1625; x_wconf 81' lang='grc' dir='ltr'>δὲ</span> <span class='ocrx_word' id='word_1_131' title='bbox 1362 1575 1395 1642; x_wconf 78' lang='grc' dir='ltr'><strong>ἡ</strong></span> <span class='ocrx_word' id='word_1_132' title='bbox 1426 1570 1715 1643; x_wconf 80' lang='grc' dir='ltr'>βασίλισσα</span> 
     </span>
    </p>
   </div>
   <div class='ocr_carea' id='block_1_20' title="bbox 181 1655 1785 1736">
    <p class='ocr_par' dir='ltr' id='par_1_20' title="bbox 181 1655 1785 1736">
     <span class='ocr_line' id='line_1_20' title="bbox 181 1655 1785 1736; baseline -0.001 -18"><span class='ocrx_word' id='word_1_133' title='bbox 181 1666 285 1735; x_wconf 68' lang='grc' dir='ltr'>πρὸς</span> <span class='ocrx_word' id='word_1_134' title='bbox 327 1664 671 1732; x_wconf 68' lang='grc' dir='ltr'>Ἐπιφάνιοψ</span> <span class='ocrx_word' id='word_1_135' title='bbox 716 1663 846 1716; x_wconf 72' lang='grc' dir='ltr'><strong>Ἐὰν</strong></span> <span class='ocrx_word' id='word_1_136' title='bbox 899 1663 1156 1734; x_wconf 76' lang='grc' dir='ltr'>ἐμπόδιον</span> <span class='ocrx_word' id='word_1_137' title='bbox 1211 1665 1473 1736; x_wconf 77' lang='grc' dir='ltr'>ποιήσῃς,</span> <span class='ocrx_word' id='word_1_138' title='bbox 1528 1666 1711 1736; x_wconf 80' lang='grc' dir='ltr'>Πάτερ</span> <span class='ocrx_word' id='word_1_139' title='bbox 1745 1655 1785 1708; x_wconf 82' lang='grc' dir='ltr'><strong><em>Β</em></strong></span> 
     </span>
    </p>
   </div>
   <div class='ocr_carea' id='block_1_21' title="bbox 181 1754 1711 1825">
    <p class='ocr_par' dir='ltr' id='par_1_21' title="bbox 181 1754 1711 1825">
     <span class='ocr_line' id='line_1_21' title="bbox 181 1754 1711 1825; baseline -0.002 -15"><span class='ocrx_word' id='word_1_140' title='bbox 181 1757 443 1824; x_wconf 80' lang='grc' dir='ltr'>Ἐπιφάνιε,</span> <span class='ocrx_word' id='word_1_141' title='bbox 489 1754 585 1808; x_wconf 75' lang='grc' dir='ltr'>τοῦ</span> <span class='ocrx_word' id='word_1_142' title='bbox 636 1755 711 1825; x_wconf 85' lang='grc' dir='ltr'>μὴ</span> <span class='ocrx_word' id='word_1_143' title='bbox 757 1754 1105 1825; x_wconf 78' lang='grc' dir='ltr'>ἐξορισθῆναι</span> <span class='ocrx_word' id='word_1_144' title='bbox 1156 1755 1248 1808; x_wconf 78' lang='grc' dir='ltr'><strong>τὸν</strong></span> <span class='ocrx_word' id='word_1_145' title='bbox 1277 1755 1551 1825; x_wconf 81' lang='grc' dir='ltr'>Ἰωάννην,</span> <span class='ocrx_word' id='word_1_146' title='bbox 1587 1755 1711 1820; x_wconf 71' lang='grc' dir='ltr'>τοὺς</span> 
     </span>
    </p>
   </div>
   <div class='ocr_carea' id='block_1_22' title="bbox 183 1846 1749 1922">
    <p class='ocr_par' dir='ltr' id='par_1_22' title="bbox 183 1846 1749 1922">
     <span class='ocr_line' id='line_1_22' title="bbox 183 1846 1749 1922; baseline 0.002 -21"><span class='ocrx_word' id='word_1_147' title='bbox 183 1851 303 1913; x_wconf 57' lang='lat' dir='ltr'><strong>mh;</strong></span> <span class='ocrx_word' id='word_1_148' title='bbox 328 1848 426 1902; x_wconf 80' lang='grc' dir='ltr'><strong>τῶν</strong></span> <span class='ocrx_word' id='word_1_149' title='bbox 469 1846 705 1901; x_wconf 74' lang='grc' dir='ltr'>εἰδώλων</span> <span class='ocrx_word' id='word_1_150' title='bbox 735 1848 936 1915; x_wconf 87' lang='grc' dir='ltr'>ἀνοίγω</span> <span class='ocrx_word' id='word_1_151' title='bbox 955 1888 969 1912; x_wconf 94' lang='grc'><strong>,</strong></span> <span class='ocrx_word' id='word_1_152' title='bbox 1014 1849 1109 1901; x_wconf 75' lang='grc' dir='ltr'><strong>καὶ</strong></span> <span class='ocrx_word' id='word_1_153' title='bbox 1139 1851 1350 1919; x_wconf 80' lang='grc' dir='ltr'>ποιήσω</span> <span class='ocrx_word' id='word_1_154' title='bbox 1387 1853 1712 1922; x_wconf 78' lang='grc' dir='ltr'>προσκυνεῖν</span> <span class='ocrx_word' id='word_1_155' title='bbox 1737 1859 1749 1869; x_wconf 85' lang='grc'>·</span> 
     </span>
    </p>
   </div>
   <div class='ocr_carea' id='block_1_23' title="bbox 182 1940 1710 2015">
    <p class='ocr_par' dir='ltr' id='par_1_23' title="bbox 182 1940 1710 2015">
     <span class='ocr_line' id='line_1_23' title="bbox 182 1940 1710 2015; baseline 0.001 -22"><span class='ocrx_word' id='word_1_156' title='bbox 182 1942 276 2003; x_wconf 73' lang='grc' dir='ltr'>τοὺς</span> <span class='ocrx_word' id='word_1_157' title='bbox 299 1940 625 2012; x_wconf 74' lang='grc' dir='ltr'>ἀνθρώπους</span> <span class='ocrx_word' id='word_1_158' title='bbox 659 1943 754 1992; x_wconf 74' lang='grc' dir='ltr'><strong>καὶ</strong></span> <span class='ocrx_word' id='word_1_159' title='bbox 787 1943 997 2011; x_wconf 74' lang='grc' dir='ltr'>ποιήσω</span> <span class='ocrx_word' id='word_1_160' title='bbox 1025 1941 1094 1993; x_wconf 79' lang='grc' dir='ltr'>τὰ</span> <span class='ocrx_word' id='word_1_161' title='bbox 1125 1940 1327 2012; x_wconf 71' lang='grc' dir='ltr'>ἔσχατα</span> <span class='ocrx_word' id='word_1_162' title='bbox 1358 1943 1574 2015; x_wconf 80' lang='grc' dir='ltr'>χείρονα</span> <span class='ocrx_word' id='word_1_163' title='bbox 1601 1942 1710 1996; x_wconf 85' lang='grc' dir='ltr'>τῶν</span> 
     </span>
    </p>
   </div>
   <div class='ocr_carea' id='block_1_24' title="bbox 183 2029 1712 2106">
    <p class='ocr_par' dir='ltr' id='par_1_24' title="bbox 183 2029 1712 2106">
     <span class='ocr_line' id='line_1_24' title="bbox 183 2029 1712 2106; baseline 0.002 -24"><span class='ocrx_word' id='word_1_164' title='bbox 183 2029 387 2102; x_wconf 79' lang='grc' dir='ltr'>πρώτων.</span> <span class='ocrx_word' id='word_1_165' title='bbox 412 2033 519 2084; x_wconf 72' lang='grc' dir='ltr'>Καὶ</span> <span class='ocrx_word' id='word_1_166' title='bbox 547 2031 623 2094; x_wconf 85' lang='grc' dir='ltr'><strong>ὡς</strong></span> <span class='ocrx_word' id='word_1_167' title='bbox 646 2030 818 2083; x_wconf 71' lang='grc' dir='ltr'>ταῦτα</span> <span class='ocrx_word' id='word_1_168' title='bbox 846 2030 1025 2084; x_wconf 77' lang='grc' dir='ltr'>ἐλάλει</span> <span class='ocrx_word' id='word_1_169' title='bbox 1053 2032 1189 2102; x_wconf 86' lang='grc' dir='ltr'><strong>μετά</strong></span> <span class='ocrx_word' id='word_1_170' title='bbox 1226 2033 1470 2104; x_wconf 79' lang='grc' dir='ltr'>πικρίας,</span> <span class='ocrx_word' id='word_1_171' title='bbox 1502 2033 1712 2106; x_wconf 87' lang='grc' dir='ltr'>δάκρυα</span> 
     </span>
    </p>
   </div>
   <div class='ocr_carea' id='block_1_25' title="bbox 180 2121 1714 2194">
    <p class='ocr_par' dir='ltr' id='par_1_25' title="bbox 180 2121 1714 2194">
     <span class='ocr_line' id='line_1_25' title="bbox 180 2121 1714 2194; baseline 0.003 -20"><span class='ocrx_word' id='word_1_172' title='bbox 180 2122 356 2194; x_wconf 64' lang='grc' dir='ltr'>ἔρριψεν</span> <span class='ocrx_word' id='word_1_173' title='bbox 387 2123 492 2175; x_wconf 80' lang='grc' dir='ltr'><strong>ἀπὸ</strong></span> <span class='ocrx_word' id='word_1_174' title='bbox 525 2122 633 2175; x_wconf 86' lang='grc' dir='ltr'><strong>τῶν</strong></span> <span class='ocrx_word' id='word_1_175' title='bbox 662 2122 954 2193; x_wconf 77' lang='grc' dir='ltr'><strong>ὀφθαλμῶν</strong></span> <span class='ocrx_word' id='word_1_176' title='bbox 982 2124 1169 2194; x_wconf 75' lang='grc' dir='ltr'>αὐτῆς.</span> <span class='ocrx_word' id='word_1_177' title='bbox 1201 2121 1369 2179; x_wconf 84' lang='grc' dir='ltr'>Εἶπεν</span> <span class='ocrx_word' id='word_1_178' title='bbox 1394 2124 1448 2178; x_wconf 79' lang='grc' dir='ltr'>δὲ</span> <span class='ocrx_word' id='word_1_179' title='bbox 1483 2123 1714 2194; x_wconf 73' lang='grc' dir='ltr'>Ἐπιῳά-</span> 
     </span>
    </p>
   </div>
   <div class='ocr_carea' id='block_1_26' title="bbox 180 2214 1710 2288">
    <p class='ocr_par' dir='ltr' id='par_1_26' title="bbox 180 2214 1710 2288">
     <span class='ocr_line' id='line_1_26' title="bbox 180 2214 1710 2288; baseline 0.003 -20"><span class='ocrx_word' id='word_1_180' title='bbox 180 2232 286 2280; x_wconf 79' lang='grc' dir='ltr'>νιος·</span> <span class='ocrx_word' id='word_1_181' title='bbox 319 2215 472 2284; x_wconf 83' lang='grc' dir='ltr'>Ἐγὼ,</span> <span class='ocrx_word' id='word_1_182' title='bbox 501 2217 712 2278; x_wconf 84' lang='grc' dir='ltr'>τέκνον,</span> <span class='ocrx_word' id='word_1_183' title='bbox 739 2214 914 2278; x_wconf 61' lang='lat' dir='ltr'><strong>sese;</strong></span> <span class='ocrx_word' id='word_1_184' title='bbox 956 2217 1071 2283; x_wconf 85' lang='grc' dir='ltr'>εἰμι</span> <span class='ocrx_word' id='word_1_185' title='bbox 1099 2217 1195 2287; x_wconf 74' lang='grc' dir='ltr'>τῆς</span> <span class='ocrx_word' id='word_1_186' title='bbox 1224 2217 1458 2288; x_wconf 82' lang='grc' dir='ltr'>κρίσεως</span> <span class='ocrx_word' id='word_1_187' title='bbox 1484 2217 1710 2288; x_wconf 74' lang='grc' dir='ltr'>ταύτης.</span> 
     </span>
    </p>
   </div>
   <div class='ocr_carea' id='block_1_27' title="bbox 231 2306 1716 2380">
    <p class='ocr_par' dir='ltr' id='par_1_27' title="bbox 231 2306 1716 2380">
     <span class='ocr_line' id='line_1_27' title="bbox 231 2306 1716 2380; baseline 0.001 -21"><span class='ocrx_word' id='word_1_188' title='bbox 231 2307 326 2361; x_wconf 78' lang='lat' dir='ltr'><strong>EI&quot;.</strong></span> <span class='ocrx_word' id='word_1_189' title='bbox 355 2308 534 2361; x_wconf 79' lang='grc' dir='ltr'>Ταῦτα</span> <span class='ocrx_word' id='word_1_190' title='bbox 571 2306 743 2360; x_wconf 85' lang='grc' dir='ltr'>είπὼν</span> <span class='ocrx_word' id='word_1_191' title='bbox 772 2306 1113 2376; x_wconf 74' lang='grc' dir='ltr'>Ἐπιφάνιος,</span> <span class='ocrx_word' id='word_1_192' title='bbox 1147 2308 1454 2380; x_wconf 77' lang='grc' dir='ltr'>παρέλαϐἐν</span> <span class='ocrx_word' id='word_1_193' title='bbox 1492 2326 1593 2379; x_wconf 88' lang='grc' dir='ltr'><strong>με,</strong></span> <span class='ocrx_word' id='word_1_194' title='bbox 1621 2311 1716 2363; x_wconf 78' lang='grc' dir='ltr'>καὶ</span> 
     </span>
    </p>
   </div>
   <div class='ocr_carea' id='block_1_28' title="bbox 178 2398 1716 2472">
    <p class='ocr_par' dir='ltr' id='par_1_28' title="bbox 178 2398 1716 2472">
     <span class='ocr_line' id='line_1_28' title="bbox 178 2398 1716 2472; baseline 0.002 -20"><span class='ocrx_word' id='word_1_195' title='bbox 178 2400 426 2471; x_wconf 70' lang='grc' dir='ltr'>ἐξήλθομεν</span> <span class='ocrx_word' id='word_1_196' title='bbox 452 2400 544 2454; x_wconf 76' lang='grc' dir='ltr'><strong>τοῦ</strong></span> <span class='ocrx_word' id='word_1_197' title='bbox 582 2399 860 2472; x_wconf 83' lang='grc' dir='ltr'>βασιλικοῦ</span> <span class='ocrx_word' id='word_1_198' title='bbox 883 2402 1153 2471; x_wconf 77' lang='grc' dir='ltr'>ταμιείου.</span> <span class='ocrx_word' id='word_1_199' title='bbox 1183 2398 1291 2454; x_wconf 85' lang='grc' dir='ltr'>Ἦν</span> <span class='ocrx_word' id='word_1_200' title='bbox 1316 2402 1373 2455; x_wconf 76' lang='grc' dir='ltr'>δὲ</span> <span class='ocrx_word' id='word_1_201' title='bbox 1400 2402 1495 2456; x_wconf 73' lang='grc' dir='ltr'><strong>καὶ</strong></span> <span class='ocrx_word' id='word_1_202' title='bbox 1527 2400 1716 2456; x_wconf 79' lang='grc' dir='ltr'>Ἰσαὰκ</span> 
     </span>
    </p>
   </div>
   <div class='ocr_carea' id='block_1_29' title="bbox 178 2493 1715 2566">
    <p class='ocr_par' dir='ltr' id='par_1_29' title="bbox 178 2493 1715 2566">
     <span class='ocr_line' id='line_1_29' title="bbox 178 2493 1715 2566; baseline 0.003 -23"><span class='ocrx_word' id='word_1_203' title='bbox 178 2493 220 2543; x_wconf 77' lang='grc' dir='ltr'>ἐν</span> <span class='ocrx_word' id='word_1_204' title='bbox 241 2493 514 2565; x_wconf 66' lang='grc' dir='ltr'>ἀρρωστία,</span> <span class='ocrx_word' id='word_1_205' title='bbox 560 2494 655 2546; x_wconf 70' lang='grc' dir='ltr'><strong>καὶ</strong></span> <span class='ocrx_word' id='word_1_206' title='bbox 687 2493 788 2546; x_wconf 69' lang='grc' dir='ltr'><strong>οὐκ</strong></span> <span class='ocrx_word' id='word_1_207' title='bbox 821 2493 1068 2564; x_wconf 78' lang='grc' dir='ltr'>εἰσῆλθεν</span> <span class='ocrx_word' id='word_1_208' title='bbox 1110 2493 1228 2566; x_wconf 85' lang='grc' dir='ltr'>μεθ’</span> <span class='ocrx_word' id='word_1_209' title='bbox 1261 2493 1420 2565; x_wconf 74' lang='grc' dir='ltr'>ἡμῶν</span> <span class='ocrx_word' id='word_1_210' title='bbox 1452 2493 1589 2565; x_wconf 77' lang='grc' dir='ltr'>πρὸς</span> <span class='ocrx_word' id='word_1_211' title='bbox 1616 2495 1715 2566; x_wconf 76' lang='grc' dir='ltr'>τὴν</span> 
     </span>
    </p>
   </div>
   <div class='ocr_carea' id='block_1_30' title="bbox 178 2585 1716 2659">
    <p class='ocr_par' dir='ltr' id='par_1_30' title="bbox 178 2585 1716 2659">
     <span class='ocr_line' id='line_1_30' title="bbox 178 2585 1716 2659; baseline 0.001 -20"><span class='ocrx_word' id='word_1_212' title='bbox 178 2585 471 2654; x_wconf 70' lang='grc' dir='ltr'>βασίλισσαν.</span> <span class='ocrx_word' id='word_1_213' title='bbox 505 2585 617 2639; x_wconf 71' lang='grc' dir='ltr'>Καὶ</span> <span class='ocrx_word' id='word_1_214' title='bbox 649 2587 806 2657; x_wconf 73' lang='grc' dir='ltr'>φήμη</span> <span class='ocrx_word' id='word_1_215' title='bbox 835 2585 1117 2658; x_wconf 73' lang='grc' dir='ltr'>διέδραμεν</span> <span class='ocrx_word' id='word_1_216' title='bbox 1144 2586 1239 2639; x_wconf 74' lang='grc' dir='ltr'>ἐπὶ</span> <span class='ocrx_word' id='word_1_217' title='bbox 1273 2587 1451 2640; x_wconf 82' lang='grc' dir='ltr'>πᾶσαν</span> <span class='ocrx_word' id='word_1_218' title='bbox 1482 2587 1581 2659; x_wconf 81' lang='grc' dir='ltr'>τὴν</span> <span class='ocrx_word' id='word_1_219' title='bbox 1615 2586 1716 2640; x_wconf 84' lang='grc' dir='ltr'><strong>πό-</strong></span> 
     </span>
    </p>
   </div>
   <div class='ocr_carea' id='block_1_31' title="bbox 177 2675 1717 2749">
    <p class='ocr_par' dir='ltr' id='par_1_31' title="bbox 177 2675 1717 2749">
     <span class='ocr_line' id='line_1_31' title="bbox 177 2675 1717 2749; baseline 0.004 -22"><span class='ocrx_word' id='word_1_220' title='bbox 177 2675 258 2738; x_wconf 79' lang='grc' dir='ltr'>λιν,</span> <span class='ocrx_word' id='word_1_221' title='bbox 303 2676 538 2745; x_wconf 80' lang='grc' dir='ltr'>λέγοντες</span> <span class='ocrx_word' id='word_1_222' title='bbox 583 2678 699 2730; x_wconf 73' lang='grc' dir='ltr'>ὅτιο</span> <span class='ocrx_word' id='word_1_223' title='bbox 743 2676 800 2730; x_wconf 84' lang='grc' dir='ltr'>Ὀ</span> <span class='ocrx_word' id='word_1_224' title='bbox 857 2677 1029 2748; x_wconf 81' lang='grc' dir='ltr'>μέγας</span> <span class='ocrx_word' id='word_1_225' title='bbox 1086 2678 1263 2749; x_wconf 76' lang='grc' dir='ltr'>ἱερεὺς</span> <span class='ocrx_word' id='word_1_226' title='bbox 1302 2676 1648 2747; x_wconf 84' lang='grc' dir='ltr'>Ἐπιφάνιος,</span> <span class='ocrx_word' id='word_1_227' title='bbox 1687 2681 1717 2733; x_wconf 82' lang='grc' dir='ltr'><strong>ὁ</strong></span> 
     </span>
    </p>
   </div>
   <div class='ocr_carea' id='block_1_32' title="bbox 177 2767 1718 2842">
    <p class='ocr_par' dir='ltr' id='par_1_32' title="bbox 177 2767 1718 2842">
     <span class='ocr_line' id='line_1_32' title="bbox 177 2767 1718 2842; baseline 0.003 -23"><span class='ocrx_word' id='word_1_228' title='bbox 177 2767 430 2830; x_wconf 76' lang='grc' dir='ltr'>ἐπίσκοπος</span> <span class='ocrx_word' id='word_1_229' title='bbox 468 2768 571 2837; x_wconf 82' lang='grc' dir='ltr'><strong>τῆς</strong></span> <span class='ocrx_word' id='word_1_230' title='bbox 622 2767 919 2839; x_wconf 79' lang='grc' dir='ltr'>Κυπρίων,</span> <span class='ocrx_word' id='word_1_231' title='bbox 953 2767 1204 2839; x_wconf 75' lang='grc' dir='ltr'>εἰσῆλθεν</span> <span class='ocrx_word' id='word_1_232' title='bbox 1237 2768 1375 2839; x_wconf 76' lang='grc' dir='ltr'>πρὸς</span> <span class='ocrx_word' id='word_1_233' title='bbox 1420 2769 1519 2842; x_wconf 84' lang='grc' dir='ltr'>τὴν</span> <span class='ocrx_word' id='word_1_234' title='bbox 1563 2770 1718 2842; x_wconf 85' lang='grc' dir='ltr'>βασί-</span> 
     </span>
    </p>
   </div>
   <div class='ocr_carea' id='block_1_33' title="bbox 177 2856 1719 2930">
    <p class='ocr_par' dir='ltr' id='par_1_33' title="bbox 177 2856 1719 2930">
     <span class='ocr_line' id='line_1_33' title="bbox 177 2856 1719 2930; baseline 0.006 -23"><span class='ocrx_word' id='word_1_235' title='bbox 177 2856 349 2918; x_wconf 81' lang='grc' dir='ltr'>λισσαν,</span> <span class='ocrx_word' id='word_1_236' title='bbox 373 2858 466 2912; x_wconf 66' lang='grc' dir='ltr'>καὶ</span> <span class='ocrx_word' id='word_1_237' title='bbox 491 2858 747 2929; x_wconf 79' lang='grc' dir='ltr'>ἐποίησεν</span> <span class='ocrx_word' id='word_1_238' title='bbox 780 2858 876 2930; x_wconf 79' lang='grc' dir='ltr'>τὴν</span> <span class='ocrx_word' id='word_1_239' title='bbox 908 2859 1123 2930; x_wconf 80' lang='grc' dir='ltr'>ὲξορίαν</span> <span class='ocrx_word' id='word_1_240' title='bbox 1148 2858 1239 2913; x_wconf 77' lang='grc' dir='ltr'>τοῦ</span> <span class='ocrx_word' id='word_1_241' title='bbox 1273 2860 1508 2930; x_wconf 84' lang='grc' dir='ltr'>μεγάλου</span> <span class='ocrx_word' id='word_1_242' title='bbox 1535 2862 1719 2916; x_wconf 87' lang='grc' dir='ltr'>Ἰωάν-</span> 
     </span>
    </p>
   </div>
   <div class='ocr_carea' id='block_1_34' title="bbox 177 2950 1718 3025">
    <p class='ocr_par' dir='ltr' id='par_1_34' title="bbox 177 2950 1718 3025">
     <span class='ocr_line' id='line_1_34' title="bbox 177 2950 1718 3025; baseline 0.005 -24"><span class='ocrx_word' id='word_1_243' title='bbox 177 2965 265 3003; x_wconf 71' lang='grc' dir='ltr'>νου.</span> <span class='ocrx_word' id='word_1_244' title='bbox 308 2950 486 3004; x_wconf 71' lang='grc' dir='ltr'>Ταῦτα</span> <span class='ocrx_word' id='word_1_245' title='bbox 537 2951 593 3003; x_wconf 79' lang='grc' dir='ltr'><strong>δὲ</strong></span> <span class='ocrx_word' id='word_1_246' title='bbox 653 2951 894 3015; x_wconf 79' lang='grc' dir='ltr'>ἀκούσας</span> <span class='ocrx_word' id='word_1_247' title='bbox 951 2952 1044 3005; x_wconf 69' lang='grc' dir='ltr'>καὶ</span> <span class='ocrx_word' id='word_1_248' title='bbox 1092 2952 1317 3017; x_wconf 81' lang='grc' dir='ltr'>Ἰσαάκ,</span> <span class='ocrx_word' id='word_1_249' title='bbox 1365 2953 1575 3025; x_wconf 81' lang='grc' dir='ltr'>ἀπέδρα</span> <span class='ocrx_word' id='word_1_250' title='bbox 1609 2954 1718 3008; x_wconf 79' lang='grc' dir='ltr'><strong>ἀπὺ</strong></span> 
     </span>
    </p>
   </div>
   <div class='ocr_carea' id='block_1_35' title="bbox 176 3012 1791 3116">
    <p class='ocr_par' dir='ltr' id='par_1_35' title="bbox 176 3012 1791 3116">
     <span class='ocr_line' id='line_1_35' title="bbox 176 3012 1791 3116; baseline 0.005 -24"><span class='ocrx_word' id='word_1_251' title='bbox 176 3039 474 3111; x_wconf 65' lang='grc' dir='ltr'>Ἐπιᾳανίου,</span> <span class='ocrx_word' id='word_1_252' title='bbox 505 3043 597 3096; x_wconf 70' lang='grc' dir='ltr'>καὶ</span> <span class='ocrx_word' id='word_1_253' title='bbox 637 3041 895 3096; x_wconf 85' lang='grc' dir='ltr'>εἰσελθὼν</span> <span class='ocrx_word' id='word_1_254' title='bbox 927 3045 984 3096; x_wconf 80' lang='grc' dir='ltr'>ὲν</span> <span class='ocrx_word' id='word_1_255' title='bbox 1021 3045 1369 3115; x_wconf 84' lang='grc' dir='ltr'>μοναστηρίῳ</span> <span class='ocrx_word' id='word_1_256' title='bbox 1398 3046 1720 3116; x_wconf 84' lang='grc' dir='ltr'>κατέμεινεν</span> <span class='ocrx_word' id='word_1_257' title='bbox 1747 3012 1791 3074; x_wconf 76' lang='lat' dir='ltr'><strong>C</strong></span> 
     </span>
    </p>
   </div>
   <div class='ocr_carea' id='block_1_36' title="bbox 176 3132 1722 3208">
    <p class='ocr_par' dir='ltr' id='par_1_36' title="bbox 176 3132 1722 3208">
     <span class='ocr_line' id='line_1_36' title="bbox 176 3132 1722 3208; baseline 0.006 -24"><span class='ocrx_word' id='word_1_258' title='bbox 176 3132 283 3196; x_wconf 68' lang='grc' dir='ltr'>δκεῖ,</span> <span class='ocrx_word' id='word_1_259' title='bbox 311 3135 458 3206; x_wconf 76' lang='grc' dir='ltr'>ἡμῶν</span> <span class='ocrx_word' id='word_1_260' title='bbox 498 3135 573 3206; x_wconf 82' lang='grc' dir='ltr'>μὴ</span> <span class='ocrx_word' id='word_1_261' title='bbox 618 3135 856 3189; x_wconf 68' lang='grc' dir='ltr'>εἰδότων.</span> <span class='ocrx_word' id='word_1_262' title='bbox 905 3136 1015 3188; x_wconf 71' lang='grc' dir='ltr'><strong>Καὶ</strong></span> <span class='ocrx_word' id='word_1_263' title='bbox 1060 3132 1129 3208; x_wconf 76' lang='grc' dir='ltr'>ἦν</span> <span class='ocrx_word' id='word_1_264' title='bbox 1159 3137 1476 3208; x_wconf 85' lang='grc' dir='ltr'>Ἐπιφάνιος</span> <span class='ocrx_word' id='word_1_265' title='bbox 1512 3139 1722 3193; x_wconf 81' lang='grc' dir='ltr'>πενθῶν</span> 
     </span>
    </p>
   </div>
   <div class='ocr_carea' id='block_1_37' title="bbox 177 3228 1724 3301">
    <p class='ocr_par' dir='ltr' id='par_1_37' title="bbox 177 3228 1724 3301">
     <span class='ocr_line' id='line_1_37' title="bbox 177 3228 1724 3301; baseline 0.002 -21"><span class='ocrx_word' id='word_1_266' title='bbox 177 3229 390 3300; x_wconf 72' lang='grc' dir='ltr'>καὶπερὶ</span> <span class='ocrx_word' id='word_1_267' title='bbox 423 3229 610 3294; x_wconf 74' lang='grc' dir='ltr'>αὑτοῦ,</span> <span class='ocrx_word' id='word_1_268' title='bbox 645 3230 740 3283; x_wconf 74' lang='grc' dir='ltr'><strong>καὶ</strong></span> <span class='ocrx_word' id='word_1_269' title='bbox 776 3229 1029 3299; x_wconf 82' lang='grc' dir='ltr'>δεόμενος</span> <span class='ocrx_word' id='word_1_270' title='bbox 1068 3228 1162 3282; x_wconf 77' lang='grc' dir='ltr'>τοῦ</span> <span class='ocrx_word' id='word_1_271' title='bbox 1207 3229 1365 3295; x_wconf 79' lang='grc' dir='ltr'>θεοῦ,</span> <span class='ocrx_word' id='word_1_272' title='bbox 1395 3230 1544 3293; x_wconf 80' lang='grc' dir='ltr'>ὅπως</span> <span class='ocrx_word' id='word_1_273' title='bbox 1576 3230 1724 3301; x_wconf 77' lang='grc' dir='ltr'>αὐτῷ</span> 
     </span>
    </p>
   </div>
   <div class='ocr_carea' id='block_1_38' title="bbox 177 3320 1722 3394">
    <p class='ocr_par' dir='ltr' id='par_1_38' title="bbox 177 3320 1722 3394">
     <span class='ocr_line' id='line_1_38' title="bbox 177 3320 1722 3394; baseline 0.002 -22"><span class='ocrx_word' id='word_1_274' title='bbox 177 3322 396 3392; x_wconf 79' lang='grc' dir='ltr'>γνωρίσει</span> <span class='ocrx_word' id='word_1_275' title='bbox 424 3320 525 3375; x_wconf 76' lang='grc' dir='ltr'>ποῦ</span> <span class='ocrx_word' id='word_1_276' title='bbox 570 3320 757 3374; x_wconf 82' lang='grc' dir='ltr'>Ἰσαὰκ</span> <span class='ocrx_word' id='word_1_277' title='bbox 800 3320 1116 3391; x_wconf 81' lang='grc' dir='ltr'>καταμένει.</span> <span class='ocrx_word' id='word_1_278' title='bbox 1159 3322 1267 3374; x_wconf 78' lang='grc' dir='ltr'>Καὶ</span> <span class='ocrx_word' id='word_1_279' title='bbox 1305 3320 1598 3394; x_wconf 80' lang='grc' dir='ltr'>ἐγνώρισεν</span> <span class='ocrx_word' id='word_1_280' title='bbox 1624 3323 1722 3375; x_wconf 82' lang='grc' dir='ltr'><strong>αὑ-</strong></span> 
     </span>
    </p>
   </div>
   <div class='ocr_carea' id='block_1_39' title="bbox 178 3410 1720 3485">
    <p class='ocr_par' dir='ltr' id='par_1_39' title="bbox 178 3410 1720 3485">
     <span class='ocr_line' id='line_1_39' title="bbox 178 3410 1720 3485; baseline 0.003 -22"><span class='ocrx_word' id='word_1_281' title='bbox 178 3410 266 3481; x_wconf 82' lang='grc' dir='ltr'><strong>τῷ,</strong></span> <span class='ocrx_word' id='word_1_282' title='bbox 309 3417 396 3466; x_wconf 74' lang='grc' dir='ltr'><strong>καὶ</strong></span> <span class='ocrx_word' id='word_1_283' title='bbox 444 3413 757 3485; x_wconf 78' lang='grc' dir='ltr'>ἀπήλθομεν</span> <span class='ocrx_word' id='word_1_284' title='bbox 811 3412 946 3483; x_wconf 83' lang='grc' dir='ltr'>πρὸς</span> <span class='ocrx_word' id='word_1_285' title='bbox 1000 3412 1184 3465; x_wconf 77' lang='grc' dir='ltr'>αὐτόν.</span> <span class='ocrx_word' id='word_1_286' title='bbox 1236 3413 1346 3466; x_wconf 71' lang='grc' dir='ltr'><strong>Καὶ</strong></span> <span class='ocrx_word' id='word_1_287' title='bbox 1393 3414 1720 3485; x_wconf 81' lang='grc' dir='ltr'>ἀπεστράφη</span> 
     </span>
    </p>
   </div>
   <div class='ocr_carea' id='block_1_40' title="bbox 178 3503 1723 3577">
    <p class='ocr_par' dir='ltr' id='par_1_40' title="bbox 178 3503 1723 3577">
     <span class='ocr_line' id='line_1_40' title="bbox 178 3503 1723 3577; baseline 0.002 -21"><span class='ocrx_word' id='word_1_288' title='bbox 178 3503 331 3557; x_wconf 71' lang='grc' dir='ltr'>Ἰσαὰκ</span> <span class='ocrx_word' id='word_1_289' title='bbox 366 3505 452 3558; x_wconf 81' lang='grc' dir='ltr'><strong>τὸν</strong></span> <span class='ocrx_word' id='word_1_290' title='bbox 494 3505 811 3569; x_wconf 78' lang='grc' dir='ltr'>Ἑπιφάνιον</span> <span class='ocrx_word' id='word_1_291' title='bbox 832 3543 845 3566; x_wconf 96' lang='grc'><strong>,</strong></span> <span class='ocrx_word' id='word_1_292' title='bbox 877 3503 1050 3572; x_wconf 84' lang='grc' dir='ltr'>λέγων</span> <span class='ocrx_word' id='word_1_293' title='bbox 1086 3504 1197 3557; x_wconf 83' lang='grc' dir='ltr'>ὅτι·</span> <span class='ocrx_word' id='word_1_294' title='bbox 1229 3505 1426 3558; x_wconf 61' lang='lat' dir='ltr'><strong>oaxen</strong></span> <span class='ocrx_word' id='word_1_295' title='bbox 1463 3504 1723 3577; x_wconf 80' lang='grc' dir='ltr'>βούλομαι</span> 
     </span>
    </p>
   </div>
   <div class='ocr_carea' id='block_1_41' title="bbox 180 3594 1724 3670">
    <p class='ocr_par' dir='ltr' id='par_1_41' title="bbox 180 3594 1724 3670">
     <span class='ocr_line' id='line_1_41' title="bbox 180 3594 1724 3670; baseline 0.002 -22"><span class='ocrx_word' id='word_1_296' title='bbox 180 3596 291 3664; x_wconf 84' lang='grc' dir='ltr'><strong>μετά</strong></span> <span class='ocrx_word' id='word_1_297' title='bbox 319 3598 405 3650; x_wconf 74' lang='grc' dir='ltr'><strong>σοῦ</strong></span> <span class='ocrx_word' id='word_1_298' title='bbox 440 3594 609 3658; x_wconf 80' lang='grc' dir='ltr'>εἶναι,</span> <span class='ocrx_word' id='word_1_299' title='bbox 645 3597 731 3650; x_wconf 72' lang='grc' dir='ltr'>διὰ</span> <span class='ocrx_word' id='word_1_300' title='bbox 775 3597 872 3667; x_wconf 78' lang='grc' dir='ltr'><strong>τὴν</strong></span> <span class='ocrx_word' id='word_1_301' title='bbox 903 3597 1209 3669; x_wconf 84' lang='grc' dir='ltr'>ἁμαρτίαν,</span> <span class='ocrx_word' id='word_1_302' title='bbox 1243 3599 1309 3669; x_wconf 76' lang='grc' dir='ltr'>ἣν</span> <span class='ocrx_word' id='word_1_303' title='bbox 1352 3597 1614 3670; x_wconf 78' lang='grc' dir='ltr'>ἐποίησας</span> <span class='ocrx_word' id='word_1_304' title='bbox 1645 3600 1724 3662; x_wconf 85' lang='grc' dir='ltr'>εἰς</span> 
     </span>
    </p>
   </div>
   <div class='ocr_carea' id='block_1_42' title="bbox 177 3685 1725 3764">
    <p class='ocr_par' dir='ltr' id='par_1_42' title="bbox 177 3685 1725 3764">
     <span class='ocr_line' id='line_1_42' title="bbox 177 3685 1725 3764; baseline 0.004 -25"><span class='ocrx_word' id='word_1_305' title='bbox 177 3685 414 3760; x_wconf 79' lang='grc' dir='ltr'>Ἰωάννην.</span> <span class='ocrx_word' id='word_1_306' title='bbox 463 3690 795 3761; x_wconf 85' lang='grc' dir='ltr'>Ποιήσαντες</span> <span class='ocrx_word' id='word_1_307' title='bbox 848 3688 905 3741; x_wconf 79' lang='grc' dir='ltr'>δὲ</span> <span class='ocrx_word' id='word_1_308' title='bbox 953 3691 1014 3743; x_wconf 82' lang='grc' dir='ltr'>ἐν</span> <span class='ocrx_word' id='word_1_309' title='bbox 1055 3688 1132 3759; x_wconf 78' lang='grc' dir='ltr'>τῷ</span> <span class='ocrx_word' id='word_1_310' title='bbox 1181 3690 1530 3762; x_wconf 84' lang='grc' dir='ltr'>μοναστηρίῳ</span> <span class='ocrx_word' id='word_1_311' title='bbox 1576 3694 1725 3764; x_wconf 86' lang='grc' dir='ltr'>τρεῖς</span> 
     </span>
    </p>
   </div>
   <div class='ocr_carea' id='block_1_43' title="bbox 183 3778 1726 3854">
    <p class='ocr_par' dir='ltr' id='par_1_43' title="bbox 183 3778 1726 3854">
     <span class='ocr_line' id='line_1_43' title="bbox 183 3778 1726 3854; baseline 0.001 -20"><span class='ocrx_word' id='word_1_312' title='bbox 183 3778 379 3851; x_wconf 68' lang='grc' dir='ltr'>ἡμέρας,</span> <span class='ocrx_word' id='word_1_313' title='bbox 407 3780 558 3853; x_wconf 78' lang='grc' dir='ltr'>μόλις</span> <span class='ocrx_word' id='word_1_314' title='bbox 597 3780 816 3835; x_wconf 81' lang='grc' dir='ltr'>ἔπεισεν</span> <span class='ocrx_word' id='word_1_315' title='bbox 852 3781 945 3835; x_wconf 75' lang='grc' dir='ltr'>τὸν</span> <span class='ocrx_word' id='word_1_316' title='bbox 977 3782 1194 3854; x_wconf 80' lang='grc' dir='ltr'>Ἰσαάκ·</span> <span class='ocrx_word' id='word_1_317' title='bbox 1223 3785 1317 3837; x_wconf 79' lang='grc' dir='ltr'><strong>καὶ</strong></span> <span class='ocrx_word' id='word_1_318' title='bbox 1345 3783 1605 3847; x_wconf 76' lang='grc' dir='ltr'>λαϐόντες</span> <span class='ocrx_word' id='word_1_319' title='bbox 1628 3783 1726 3838; x_wconf 83' lang='grc' dir='ltr'>αὐ-</span> 
     </span>
    </p>
   </div>
   <div class='ocr_carea' id='block_1_44' title="bbox 180 3869 1726 3947">
    <p class='ocr_par' dir='ltr' id='par_1_44' title="bbox 180 3869 1726 3947">
     <span class='ocr_line' id='line_1_44' title="bbox 180 3869 1726 3947; baseline 0.006 -27"><span class='ocrx_word' id='word_1_320' title='bbox 180 3869 250 3924; x_wconf 66' lang='grc' dir='ltr'>τὸν</span> <span class='ocrx_word' id='word_1_321' title='bbox 274 3873 573 3945; x_wconf 65' lang='grc' dir='ltr'>ἐξήλθομεν.</span> <span class='ocrx_word' id='word_1_322' title='bbox 602 3874 863 3945; x_wconf 69' lang='grc' dir='ltr'>Ἐπείσθη</span> <span class='ocrx_word' id='word_1_323' title='bbox 890 3874 946 3928; x_wconf 82' lang='grc' dir='ltr'>δὲ</span> <span class='ocrx_word' id='word_1_324' title='bbox 977 3875 1071 3929; x_wconf 78' lang='grc' dir='ltr'><strong>καὶ</strong></span> <span class='ocrx_word' id='word_1_325' title='bbox 1117 3874 1370 3947; x_wconf 83' lang='grc' dir='ltr'>Ἰωάννης</span> <span class='ocrx_word' id='word_1_326' title='bbox 1395 3876 1476 3928; x_wconf 85' lang='grc' dir='ltr'>ὅτι</span> <span class='ocrx_word' id='word_1_327' title='bbox 1504 3876 1726 3947; x_wconf 81' lang='grc' dir='ltr'>συνῄνε-</span> 
     </span>
    </p>
   </div>
   <div class='ocr_carea' id='block_1_45' title="bbox 180 3968 1727 4042">
    <p class='ocr_par' dir='ltr' id='par_1_45' title="bbox 180 3968 1727 4042">
     <span class='ocr_line' id='line_1_45' title="bbox 180 3968 1727 4042; baseline 0.001 -25"><span class='ocrx_word' id='word_1_328' title='bbox 180 3982 252 4020; x_wconf 80' lang='grc' dir='ltr'><strong>σεν</strong></span> <span class='ocrx_word' id='word_1_329' title='bbox 283 3970 367 4023; x_wconf 75' lang='grc' dir='ltr'>ἐπὶ</span> <span class='ocrx_word' id='word_1_330' title='bbox 406 3973 471 4042; x_wconf 81' lang='grc' dir='ltr'>τῇ</span> <span class='ocrx_word' id='word_1_331' title='bbox 522 3968 688 4024; x_wconf 76' lang='grc' dir='ltr'>αὑτοῦ</span> <span class='ocrx_word' id='word_1_332' title='bbox 734 3968 918 4040; x_wconf 76' lang='grc' dir='ltr'>ἐξορία</span> <span class='ocrx_word' id='word_1_333' title='bbox 962 3971 990 4022; x_wconf 83' lang='grc' dir='ltr'>ὁ</span> <span class='ocrx_word' id='word_1_334' title='bbox 1018 3968 1359 4038; x_wconf 85' lang='grc' dir='ltr'>Ἐπιφάνιος.</span> <span class='ocrx_word' id='word_1_335' title='bbox 1396 3968 1506 4022; x_wconf 77' lang='grc' dir='ltr'>Καὶ</span> <span class='ocrx_word' id='word_1_336' title='bbox 1545 3968 1727 4022; x_wconf 79' lang='grc' dir='ltr'>λαϐὼν</span> 
     </span>
    </p>
   </div>
   <div class='ocr_carea' id='block_1_46' title="bbox 177 4056 1727 4134">
    <p class='ocr_par' dir='ltr' id='par_1_46' title="bbox 177 4056 1727 4134">
     <span class='ocr_line' id='line_1_46' title="bbox 177 4056 1727 4134; baseline 0.004 -25"><span class='ocrx_word' id='word_1_337' title='bbox 177 4056 400 4130; x_wconf 78' lang='grc' dir='ltr'>δίπτυχον</span> <span class='ocrx_word' id='word_1_338' title='bbox 425 4061 666 4134; x_wconf 56' lang='grc' dir='ltr'>ἔγραψεν</span> <span class='ocrx_word' id='word_1_339' title='bbox 711 4059 1044 4131; x_wconf 69' lang='grc' dir='ltr'>Ἐπιφανίῳ-</span> <span class='ocrx_word' id='word_1_340' title='bbox 1095 4060 1384 4131; x_wconf 80' lang='grc' dir='ltr'>Ἐπιφάνιε</span> <span class='ocrx_word' id='word_1_341' title='bbox 1416 4061 1567 4130; x_wconf 79' lang='grc' dir='ltr'>σοφὲ,</span> <span class='ocrx_word' id='word_1_342' title='bbox 1603 4078 1727 4115; x_wconf 87' lang='grc' dir='ltr'>συν-</span> 
     </span>
    </p>
   </div>
   <div class='ocr_carea' id='block_1_47' title="bbox 177 4148 1727 4225">
    <p class='ocr_par' dir='ltr' id='par_1_47' title="bbox 177 4148 1727 4225">
     <span class='ocr_line' id='line_1_47' title="bbox 177 4148 1727 4225; baseline 0 -21"><span class='ocrx_word' id='word_1_343' title='bbox 177 4148 344 4219; x_wconf 71' lang='grc' dir='ltr'>ῄνεσας</span> <span class='ocrx_word' id='word_1_344' title='bbox 371 4154 459 4206; x_wconf 76' lang='grc' dir='ltr'><strong>ἐπὶ</strong></span> <span class='ocrx_word' id='word_1_345' title='bbox 493 4156 558 4224; x_wconf 78' lang='grc' dir='ltr'>τῇ</span> <span class='ocrx_word' id='word_1_346' title='bbox 588 4155 693 4224; x_wconf 77' lang='grc' dir='ltr'><strong>ἐμῇ</strong></span> <span class='ocrx_word' id='word_1_347' title='bbox 726 4151 928 4225; x_wconf 74' lang='grc' dir='ltr'>ἐξορίᾳ.</span> <span class='ocrx_word' id='word_1_348' title='bbox 958 4153 1030 4205; x_wconf 83' lang='grc' dir='ltr'><strong>Οὐ</strong></span> <span class='ocrx_word' id='word_1_349' title='bbox 1052 4153 1126 4223; x_wconf 78' lang='grc' dir='ltr'>μὴ</span> <span class='ocrx_word' id='word_1_350' title='bbox 1156 4152 1238 4206; x_wconf 79' lang='grc' dir='ltr'>ἔτι</span> <span class='ocrx_word' id='word_1_351' title='bbox 1256 4151 1487 4224; x_wconf 84' lang='grc' dir='ltr'>καθίσῃς</span> <span class='ocrx_word' id='word_1_352' title='bbox 1515 4152 1607 4205; x_wconf 73' lang='grc' dir='ltr'>ἐπὶ</span> <span class='ocrx_word' id='word_1_353' title='bbox 1632 4149 1727 4204; x_wconf 81' lang='grc' dir='ltr'>τοῦ</span> 
     </span>
    </p>
   </div>
   <div class='ocr_carea' id='block_1_48' title="bbox 178 4240 1730 4315">
    <p class='ocr_par' dir='ltr' id='par_1_48' title="bbox 178 4240 1730 4315">
     <span class='ocr_line' id='line_1_48' title="bbox 178 4240 1730 4315; baseline -0.001 -18"><span class='ocrx_word' id='word_1_354' title='bbox 178 4240 340 4310; x_wconf 81' lang='grc' dir='ltr'>θρόνου</span> <span class='ocrx_word' id='word_1_355' title='bbox 369 4261 478 4298; x_wconf 82' lang='grc' dir='ltr'>σου.</span> <span class='ocrx_word' id='word_1_356' title='bbox 521 4244 754 4314; x_wconf 86' lang='grc' dir='ltr'>Ὁμοίως</span> <span class='ocrx_word' id='word_1_357' title='bbox 801 4242 858 4295; x_wconf 79' lang='grc' dir='ltr'>δὲ</span> <span class='ocrx_word' id='word_1_358' title='bbox 899 4242 993 4295; x_wconf 72' lang='grc' dir='ltr'><strong>καὶ</strong></span> <span class='ocrx_word' id='word_1_359' title='bbox 1038 4242 1355 4312; x_wconf 82' lang='grc' dir='ltr'>Ἐπιφάνιος</span> <span class='ocrx_word' id='word_1_360' title='bbox 1406 4242 1730 4315; x_wconf 82' lang='grc' dir='ltr'>ἀντιγράφει</span> 
     </span>
    </p>
   </div>
   <div class='ocr_carea' id='block_1_49' title="bbox 1818 380 3393 453">
    <p class='ocr_par' dir='ltr' id='par_1_49' title="bbox 1818 380 3393 453">
     <span class='ocr_line' id='line_1_49' title="bbox 1818 380 3393 453; baseline 0.003 -19"><span class='ocrx_word' id='word_1_361' title='bbox 1818 380 2122 453; x_wconf 88' lang='lat' dir='ltr'><strong>Epiphanio</strong></span> <span class='ocrx_word' id='word_1_362' title='bbox 2156 399 2169 434; x_wconf 90' lang='lat'><strong>:</strong></span> <span class='ocrx_word' id='word_1_363' title='bbox 2197 382 2277 437; x_wconf 85' lang='lat' dir='ltr'><strong>An</strong></span> <span class='ocrx_word' id='word_1_364' title='bbox 2305 392 2395 438; x_wconf 86' lang='lat' dir='ltr'><strong>tua</strong></span> <span class='ocrx_word' id='word_1_365' title='bbox 2425 383 2729 453; x_wconf 88' lang='lat' dir='ltr'><strong>paternitas</strong></span> <span class='ocrx_word' id='word_1_366' title='bbox 2754 383 2956 453; x_wconf 86' lang='lat' dir='ltr'><strong>aliquid</strong></span> <span class='ocrx_word' id='word_1_367' title='bbox 2980 383 3189 453; x_wconf 88' lang='lat' dir='ltr'><strong>jubeat,</strong></span> <span class='ocrx_word' id='word_1_368' title='bbox 3220 400 3393 439; x_wconf 89' lang='lat' dir='ltr'><strong>enun-</strong></span> 
     </span>
    </p>
   </div>
   <div class='ocr_carea' id='block_1_50' title="bbox 1819 473 3392 545">
    <p class='ocr_par' dir='ltr' id='par_1_50' title="bbox 1819 473 3392 545">
     <span class='ocr_line' id='line_1_50' title="bbox 1819 473 3392 545; baseline 0.004 -18"><span class='ocrx_word' id='word_1_369' title='bbox 1819 473 1915 538; x_wconf 91' lang='lat' dir='ltr'><strong>tia,</strong></span> <span class='ocrx_word' id='word_1_370' title='bbox 1974 484 2026 528; x_wconf 90' lang='lat' dir='ltr'><strong>et</strong></span> <span class='ocrx_word' id='word_1_371' title='bbox 2076 489 2178 545; x_wconf 89' lang='lat' dir='ltr'><strong>ego</strong></span> <span class='ocrx_word' id='word_1_372' title='bbox 2234 475 2406 530; x_wconf 86' lang='lat' dir='ltr'><strong>colam</strong></span> <span class='ocrx_word' id='word_1_373' title='bbox 2456 486 2509 530; x_wconf 91' lang='lat' dir='ltr'><strong>et</strong></span> <span class='ocrx_word' id='word_1_374' title='bbox 2557 476 2860 532; x_wconf 78' lang='lat' dir='ltr'><strong>observabo</strong></span> <span class='ocrx_word' id='word_1_375' title='bbox 2914 491 3093 530; x_wconf 90' lang='lat' dir='ltr'><strong>meum</strong></span> <span class='ocrx_word' id='word_1_376' title='bbox 3151 474 3392 535; x_wconf 85' lang='lat' dir='ltr'><strong>Patrem.</strong></span> 
     </span>
    </p>
   </div>
   <div class='ocr_carea' id='block_1_51' title="bbox 1822 564 3386 637">
    <p class='ocr_par' dir='ltr' id='par_1_51' title="bbox 1822 564 3386 637">
     <span class='ocr_line' id='line_1_51' title="bbox 1822 564 3386 637; baseline 0.003 -20"><span class='ocrx_word' id='word_1_377' title='bbox 1822 564 1968 619; x_wconf 81' lang='lat' dir='ltr'><strong>Dixit</strong></span> <span class='ocrx_word' id='word_1_378' title='bbox 2016 564 2354 636; x_wconf 79' lang='lat' dir='ltr'><strong>Epiphanius</strong></span> <span class='ocrx_word' id='word_1_379' title='bbox 2408 566 2739 636; x_wconf 89' lang='lat' dir='ltr'><strong>imperatrici</strong></span> <span class='ocrx_word' id='word_1_380' title='bbox 2776 584 2789 619; x_wconf 92' lang='lat'>:</span> <span class='ocrx_word' id='word_1_381' title='bbox 2839 566 2896 621; x_wconf 93' lang='lat' dir='ltr'><strong>Si</strong></span> <span class='ocrx_word' id='word_1_382' title='bbox 2931 568 3049 637; x_wconf 90' lang='lat' dir='ltr'><strong>ejus</strong></span> <span class='ocrx_word' id='word_1_383' title='bbox 3072 607 3088 631; x_wconf 92' lang='lat'><strong>,</strong></span> <span class='ocrx_word' id='word_1_384' title='bbox 3119 582 3285 636; x_wconf 90' lang='lat' dir='ltr'><strong>quam</strong></span> <span class='ocrx_word' id='word_1_385' title='bbox 3312 567 3386 622; x_wconf 89' lang='lat' dir='ltr'><strong>di-</strong></span> 
     </span>
    </p>
   </div>
   <div class='ocr_carea' id='block_1_52' title="bbox 1818 650 3395 718">
    <p class='ocr_par' dir='ltr' id='par_1_52' title="bbox 1818 650 3395 718">
     <span class='ocr_line' id='line_1_52' title="bbox 1818 650 3395 718; baseline 0.004 -14"><span class='ocrx_word' id='word_1_386' title='bbox 1818 650 1921 713; x_wconf 89' lang='lat' dir='ltr'><strong>cis,</strong></span> <span class='ocrx_word' id='word_1_387' title='bbox 1955 651 2177 706; x_wconf 66' lang='lat' dir='ltr'><strong>baeresis</strong></span> <span class='ocrx_word' id='word_1_388' title='bbox 2228 668 2353 707; x_wconf 87' lang='lat' dir='ltr'><strong>reus</strong></span> <span class='ocrx_word' id='word_1_389' title='bbox 2395 662 2508 716; x_wconf 85' lang='lat' dir='ltr'><strong>est,</strong></span> <span class='ocrx_word' id='word_1_390' title='bbox 2541 663 2593 708; x_wconf 76' lang='lat' dir='ltr'><strong>et</strong></span> <span class='ocrx_word' id='word_1_391' title='bbox 2627 655 2967 710; x_wconf 84' lang='lat' dir='ltr'><strong>convincitur</strong></span> <span class='ocrx_word' id='word_1_392' title='bbox 3004 653 3263 718; x_wconf 89' lang='lat' dir='ltr'><strong>Joannes,</strong></span> <span class='ocrx_word' id='word_1_393' title='bbox 3297 671 3395 711; x_wconf 88' lang='lat' dir='ltr'><strong>nec</strong></span> 
     </span>
    </p>
   </div>
   <div class='ocr_carea' id='block_1_53' title="bbox 1820 739 3394 813">
    <p class='ocr_par' dir='ltr' id='par_1_53' title="bbox 1820 739 3394 813">
     <span class='ocr_line' id='line_1_53' title="bbox 1820 739 3394 813; baseline 0.003 -19"><span class='ocrx_word' id='word_1_394' title='bbox 1820 755 1880 794; x_wconf 91' lang='lat' dir='ltr'><strong>se</strong></span> <span class='ocrx_word' id='word_1_395' title='bbox 1929 739 2128 795; x_wconf 88' lang='lat' dir='ltr'><strong>fatetur</strong></span> <span class='ocrx_word' id='word_1_396' title='bbox 2157 756 2434 812; x_wconf 74' lang='lat' dir='ltr'><strong>peccasse,</strong></span> <span class='ocrx_word' id='word_1_397' title='bbox 2468 743 2725 813; x_wconf 80' lang='lat' dir='ltr'><strong>indignus</strong></span> <span class='ocrx_word' id='word_1_398' title='bbox 2768 755 2850 800; x_wconf 84' lang='lat' dir='ltr'><strong>est</strong></span> <span class='ocrx_word' id='word_1_399' title='bbox 2880 746 3186 801; x_wconf 86' lang='lat' dir='ltr'><strong>sacerdotio</strong></span> <span class='ocrx_word' id='word_1_400' title='bbox 3219 763 3233 799; x_wconf 90' lang='lat'><strong>:</strong></span> <span class='ocrx_word' id='word_1_401' title='bbox 3266 755 3319 800; x_wconf 93' lang='lat' dir='ltr'><strong>et</strong></span> <span class='ocrx_word' id='word_1_402' title='bbox 3349 746 3394 802; x_wconf 89' lang='lat' dir='ltr'><strong>si</strong></span> 
     </span>
    </p>
   </div>
   <div class='ocr_carea' id='block_1_54' title="bbox 1820 832 3394 905">
    <p class='ocr_par' dir='ltr' id='par_1_54' title="bbox 1820 832 3394 905">
     <span class='ocr_line' id='line_1_54' title="bbox 1820 832 3394 905; baseline 0.005 -20"><span class='ocrx_word' id='word_1_403' title='bbox 1820 832 1948 902; x_wconf 86' lang='lat' dir='ltr'><strong>quid</strong></span> <span class='ocrx_word' id='word_1_404' title='bbox 1972 832 2129 902; x_wconf 89' lang='lat' dir='ltr'><strong>juhet</strong></span> <span class='ocrx_word' id='word_1_405' title='bbox 2153 843 2393 889; x_wconf 86' lang='lat' dir='ltr'><strong>vestrum</strong></span> <span class='ocrx_word' id='word_1_406' title='bbox 2437 836 2750 905; x_wconf 88' lang='lat' dir='ltr'><strong>imperium,</strong></span> <span class='ocrx_word' id='word_1_407' title='bbox 2784 836 2945 892; x_wconf 92' lang='lat' dir='ltr'><strong>faciet</strong></span> <span class='ocrx_word' id='word_1_408' title='bbox 2973 848 3148 894; x_wconf 79' lang='lat' dir='ltr'><strong>vester</strong></span> <span class='ocrx_word' id='word_1_409' title='bbox 3181 855 3394 895; x_wconf 87' lang='lat' dir='ltr'><strong>servus.</strong></span> 
     </span>
    </p>
   </div>
   <div class='ocr_carea' id='block_1_55' title="bbox 1822 916 3394 998">
    <p class='ocr_par' dir='ltr' id='par_1_55' title="bbox 1822 916 3394 998">
     <span class='ocr_line' id='line_1_55' title="bbox 1822 916 3394 998; baseline 0.006 -21"><span class='ocrx_word' id='word_1_410' title='bbox 1822 922 1878 977; x_wconf 87' lang='lat' dir='ltr'><strong>Si</strong></span> <span class='ocrx_word' id='word_1_411' title='bbox 1927 916 2121 981; x_wconf 82' lang='lat' dir='ltr'><strong>autem</strong></span> <span class='ocrx_word' id='word_1_412' title='bbox 2158 943 2256 997; x_wconf 83' lang='lat' dir='ltr'><strong>pro</strong></span> <span class='ocrx_word' id='word_1_413' title='bbox 2299 936 2478 982; x_wconf 62' lang='lat' dir='ltr'><strong>vestra</strong></span> <span class='ocrx_word' id='word_1_414' title='bbox 2525 928 2723 997; x_wconf 86' lang='lat' dir='ltr'><strong>injuria</strong></span> <span class='ocrx_word' id='word_1_415' title='bbox 2756 929 2957 998; x_wconf 67' lang='lat' dir='ltr'><strong>quaeris</strong></span> <span class='ocrx_word' id='word_1_416' title='bbox 3000 929 3264 989; x_wconf 77' lang='lat' dir='ltr'><strong>Joannem</strong></span> <span class='ocrx_word' id='word_1_417' title='bbox 3301 947 3394 987; x_wconf 85' lang='lat' dir='ltr'><strong>ex-</strong></span> 
     </span>
    </p>
   </div>
   <div class='ocr_carea' id='block_1_56' title="bbox 1819 1020 3395 1095">
    <p class='ocr_par' dir='ltr' id='par_1_56' title="bbox 1819 1020 3395 1095">
     <span class='ocr_line' id='line_1_56' title="bbox 1819 1020 3395 1095; baseline 0.006 -23"><span class='ocrx_word' id='word_1_418' title='bbox 1819 1020 2019 1088; x_wconf 90' lang='lat' dir='ltr'><strong>pellere</strong></span> <span class='ocrx_word' id='word_1_419' title='bbox 2056 1036 2122 1076; x_wconf 86' lang='lat' dir='ltr'><strong>ex</strong></span> <span class='ocrx_word' id='word_1_420' title='bbox 2158 1021 2425 1088; x_wconf 83' lang='lat' dir='ltr'><strong>Ecclesia,</strong></span> <span class='ocrx_word' id='word_1_421' title='bbox 2456 1039 2650 1080; x_wconf 86' lang='lat' dir='ltr'><strong>servus</strong></span> <span class='ocrx_word' id='word_1_422' title='bbox 2683 1032 2808 1079; x_wconf 90' lang='lat' dir='ltr'><strong>tuus</strong></span> <span class='ocrx_word' id='word_1_423' title='bbox 2834 1023 3169 1095; x_wconf 85' lang='lat' dir='ltr'><strong>Epiphanius</strong></span> <span class='ocrx_word' id='word_1_424' title='bbox 3210 1025 3263 1078; x_wconf 91' lang='lat' dir='ltr'><strong>in</strong></span> <span class='ocrx_word' id='word_1_425' title='bbox 3296 1024 3395 1081; x_wconf 87' lang='lat' dir='ltr'><strong>hoc</strong></span> 
     </span>
    </p>
   </div>
   <div class='ocr_carea' id='block_1_57' title="bbox 1820 1115 3395 1187">
    <p class='ocr_par' dir='ltr' id='par_1_57' title="bbox 1820 1115 3395 1187">
     <span class='ocr_line' id='line_1_57' title="bbox 1820 1115 3395 1187; baseline 0.005 -22"><span class='ocrx_word' id='word_1_426' title='bbox 1820 1127 1928 1183; x_wconf 77' lang='lat' dir='ltr'><strong>non</strong></span> <span class='ocrx_word' id='word_1_427' title='bbox 1964 1116 2311 1170; x_wconf 87' lang='lat' dir='ltr'><strong>assentietnr.</strong></span> <span class='ocrx_word' id='word_1_428' title='bbox 2359 1115 2455 1171; x_wconf 87' lang='lat' dir='ltr'><strong>Est</strong></span> <span class='ocrx_word' id='word_1_429' title='bbox 2501 1125 2648 1183; x_wconf 84' lang='lat' dir='ltr'><strong>certe</strong></span> <span class='ocrx_word' id='word_1_430' title='bbox 2694 1118 2930 1172; x_wconf 83' lang='lat' dir='ltr'><strong>maxime</strong></span> <span class='ocrx_word' id='word_1_431' title='bbox 2981 1118 3395 1187; x_wconf 85' lang='lat' dir='ltr'><strong>imperatorum,</strong></span> 
     </span>
    </p>
   </div>
   <div class='ocr_carea' id='block_1_58' title="bbox 1821 1202 3399 1279">
    <p class='ocr_par' dir='ltr' id='par_1_58' title="bbox 1821 1202 3399 1279">
     <span class='ocr_line' id='line_1_58' title="bbox 1821 1202 3399 1279; baseline 0.005 -23"><span class='ocrx_word' id='word_1_432' title='bbox 1821 1202 2018 1273; x_wconf 85' lang='lat' dir='ltr'><strong>injuria</strong></span> <span class='ocrx_word' id='word_1_433' title='bbox 2093 1205 2231 1261; x_wconf 84' lang='lat' dir='ltr'><strong>affici</strong></span> <span class='ocrx_word' id='word_1_434' title='bbox 2294 1218 2348 1261; x_wconf 84' lang='lat' dir='ltr'><strong>et</strong></span> <span class='ocrx_word' id='word_1_435' title='bbox 2390 1209 2672 1277; x_wconf 76' lang='lat' dir='ltr'><strong>ignoscere</strong></span> <span class='ocrx_word' id='word_1_436' title='bbox 2728 1228 2741 1264; x_wconf 92' lang='lat'><strong>:</strong></span> <span class='ocrx_word' id='word_1_437' title='bbox 2804 1209 3243 1279; x_wconf 83' lang='lat' dir='ltr'><strong>quandoquidem</strong></span> <span class='ocrx_word' id='word_1_438' title='bbox 3300 1225 3399 1264; x_wconf 86' lang='lat' dir='ltr'><strong>vos</strong></span> 
     </span>
    </p>
   </div>
   <div class='ocr_carea' id='block_1_59' title="bbox 1820 1298 3398 1369">
    <p class='ocr_par' dir='ltr' id='par_1_59' title="bbox 1820 1298 3398 1369">
     <span class='ocr_line' id='line_1_59' title="bbox 1820 1298 3398 1369; baseline 0.003 -19"><span class='ocrx_word' id='word_1_439' title='bbox 1820 1313 2039 1368; x_wconf 80' lang='lat' dir='ltr'><strong>quoque</strong></span> <span class='ocrx_word' id='word_1_440' title='bbox 2084 1298 2294 1355; x_wconf 83' lang='lat' dir='ltr'><strong>habetis</strong></span> <span class='ocrx_word' id='word_1_441' title='bbox 2340 1300 2722 1369; x_wconf 80' lang='lat' dir='ltr'><strong>imperatorem</strong></span> <span class='ocrx_word' id='word_1_442' title='bbox 2759 1301 2812 1355; x_wconf 92' lang='lat' dir='ltr'><strong>in</strong></span> <span class='ocrx_word' id='word_1_443' title='bbox 2858 1302 3032 1366; x_wconf 71' lang='lat' dir='ltr'><strong>oculis,</strong></span> <span class='ocrx_word' id='word_1_444' title='bbox 3068 1302 3154 1355; x_wconf 83' lang='lat' dir='ltr'><strong>cui</strong></span> <span class='ocrx_word' id='word_1_445' title='bbox 3180 1301 3398 1356; x_wconf 87' lang='lat' dir='ltr'><strong>assidue</strong></span> 
     </span>
    </p>
   </div>
   <div class='ocr_carea' id='block_1_60' title="bbox 1820 1391 3396 1465">
    <p class='ocr_par' dir='ltr' id='par_1_60' title="bbox 1820 1391 3396 1465">
     <span class='ocr_line' id='line_1_60' title="bbox 1820 1391 3396 1465; baseline 0.003 -22"><span class='ocrx_word' id='word_1_446' title='bbox 1820 1391 2080 1458; x_wconf 88' lang='lat' dir='ltr'><strong>peccatis,</strong></span> <span class='ocrx_word' id='word_1_447' title='bbox 2112 1400 2166 1445; x_wconf 91' lang='lat' dir='ltr'><strong>et</strong></span> <span class='ocrx_word' id='word_1_448' title='bbox 2214 1392 2261 1446; x_wconf 93' lang='lat' dir='ltr'><strong>is</strong></span> <span class='ocrx_word' id='word_1_449' title='bbox 2294 1392 2447 1447; x_wconf 88' lang='lat' dir='ltr'><strong>vobis</strong></span> <span class='ocrx_word' id='word_1_450' title='bbox 2486 1393 2715 1447; x_wconf 86' lang='lat' dir='ltr'><strong>remittit</strong></span> <span class='ocrx_word' id='word_1_451' title='bbox 2751 1410 2763 1444; x_wconf 92' lang='lat'><strong>:</strong></span> <span class='ocrx_word' id='word_1_452' title='bbox 2803 1393 2895 1464; x_wconf 89' lang='lat' dir='ltr'><strong>qui</strong></span> <span class='ocrx_word' id='word_1_453' title='bbox 2934 1393 3152 1463; x_wconf 88' lang='lat' dir='ltr'><strong>quidem</strong></span> <span class='ocrx_word' id='word_1_454' title='bbox 3181 1394 3315 1465; x_wconf 84' lang='lat' dir='ltr'><strong>dicit</strong></span> <span class='ocrx_word' id='word_1_455' title='bbox 3342 1393 3396 1448; x_wconf 90' lang='lat' dir='ltr'><strong>in</strong></span> 
     </span>
    </p>
   </div>
   <div class='ocr_carea' id='block_1_61' title="bbox 1820 1481 3397 1554">
    <p class='ocr_par' dir='ltr' id='par_1_61' title="bbox 1820 1481 3397 1554">
     <span class='ocr_line' id='line_1_61' title="bbox 1820 1481 3397 1554; baseline 0.003 -19"><span class='ocrx_word' id='word_1_456' title='bbox 1820 1481 2128 1554; x_wconf 76' lang='lat' dir='ltr'><strong>Evangeliis</strong></span> <span class='ocrx_word' id='word_1_457' title='bbox 2159 1503 2170 1539; x_wconf 90' lang='lat'>:</span> <span class='ocrx_word' id='word_1_458' title='bbox 2210 1483 2391 1538; x_wconf 79' lang='lat' dir='ltr'><strong>Eslote</strong></span> <span class='ocrx_word' id='word_1_459' title='bbox 2421 1486 2805 1550; x_wconf 75' lang='lat' dir='ltr'><strong>misericordes,</strong></span> <span class='ocrx_word' id='word_1_460' title='bbox 2851 1487 2986 1540; x_wconf 78' lang='lat' dir='ltr'><strong>sicut</strong></span> <span class='ocrx_word' id='word_1_461' title='bbox 3019 1485 3182 1539; x_wconf 85' lang='lat' dir='ltr'><strong>Pater</strong></span> <span class='ocrx_word' id='word_1_462' title='bbox 3212 1498 3397 1548; x_wconf 78' lang='lat' dir='ltr'><strong>vester.</strong></span> 
     </span>
    </p>
   </div>
   <div class='ocr_carea' id='block_1_62' title="bbox 1819 1577 3398 1647">
    <p class='ocr_par' dir='ltr' id='par_1_62' title="bbox 1819 1577 3398 1647">
     <span class='ocr_line' id='line_1_62' title="bbox 1819 1577 3398 1647; baseline 0.004 -22"><span class='ocrx_word' id='word_1_463' title='bbox 1819 1577 1910 1644; x_wconf 84' lang='lat' dir='ltr'><strong>qui</strong></span> <span class='ocrx_word' id='word_1_464' title='bbox 1936 1587 2013 1629; x_wconf 79' lang='lat' dir='ltr'><strong>est</strong></span> <span class='ocrx_word' id='word_1_465' title='bbox 2043 1578 2099 1631; x_wconf 79' lang='lat' dir='ltr'><strong>in</strong></span> <span class='ocrx_word' id='word_1_466' title='bbox 2132 1578 2273 1631; x_wconf 67' lang='lat' dir='ltr'><strong>cortis</strong></span> <span class='ocrx_word' id='word_1_467' title='bbox 2312 1579 2377 1631; x_wconf 83' lang='lat'><strong>“.</strong></span> <span class='ocrx_word' id='word_1_468' title='bbox 2414 1577 2563 1632; x_wconf 83' lang='lat' dir='ltr'><strong>Dixit</strong></span> <span class='ocrx_word' id='word_1_469' title='bbox 2588 1588 2768 1633; x_wconf 89' lang='lat' dir='ltr'><strong>autem</strong></span> <span class='ocrx_word' id='word_1_470' title='bbox 2804 1578 3121 1647; x_wconf 73' lang='lat' dir='ltr'><strong>imperati-ix</strong></span> <span class='ocrx_word' id='word_1_471' title='bbox 3164 1577 3398 1647; x_wconf 85' lang='lat' dir='ltr'><strong>Epipha-</strong></span> 
     </span>
    </p>
   </div>
   <div class='ocr_carea' id='block_1_63' title="bbox 1819 1666 3400 1738">
    <p class='ocr_par' dir='ltr' id='par_1_63' title="bbox 1819 1666 3400 1738">
     <span class='ocr_line' id='line_1_63' title="bbox 1819 1666 3400 1738; baseline 0.001 -17"><span class='ocrx_word' id='word_1_472' title='bbox 1819 1667 1911 1721; x_wconf 92' lang='lat' dir='ltr'><strong>nio</strong></span> <span class='ocrx_word' id='word_1_473' title='bbox 1942 1684 1956 1719; x_wconf 86' lang='lat'>:</span> <span class='ocrx_word' id='word_1_474' title='bbox 1992 1666 2047 1722; x_wconf 90' lang='lat' dir='ltr'><strong>Si</strong></span> <span class='ocrx_word' id='word_1_475' title='bbox 2100 1667 2268 1723; x_wconf 90' lang='lat' dir='ltr'><strong>fueris</strong></span> <span class='ocrx_word' id='word_1_476' title='bbox 2313 1669 2720 1738; x_wconf 85' lang='lat' dir='ltr'><strong>impedimento,</strong></span> <span class='ocrx_word' id='word_1_477' title='bbox 2747 1667 2908 1722; x_wconf 80' lang='lat' dir='ltr'><strong>Pater</strong></span> <span class='ocrx_word' id='word_1_478' title='bbox 2935 1668 3223 1738; x_wconf 87' lang='lat' dir='ltr'><strong>Epiphani,</strong></span> <span class='ocrx_word' id='word_1_479' title='bbox 3258 1684 3400 1738; x_wconf 81' lang='lat' dir='ltr'><strong>quo-</strong></span> 
     </span>
    </p>
   </div>
   <div class='ocr_carea' id='block_1_64' title="bbox 1817 1742 3400 1830">
    <p class='ocr_par' dir='ltr' id='par_1_64' title="bbox 1817 1742 3400 1830">
     <span class='ocr_line' id='line_1_64' title="bbox 1817 1742 3400 1830; baseline 0.001 -16"><span class='ocrx_word' id='word_1_480' title='bbox 1817 1762 2002 1814; x_wconf 85' lang='lat' dir='ltr'><strong>minus</strong></span> <span class='ocrx_word' id='word_1_481' title='bbox 2032 1761 2282 1814; x_wconf 88' lang='lat' dir='ltr'><strong>mittatur</strong></span> <span class='ocrx_word' id='word_1_482' title='bbox 2309 1742 2549 1815; x_wconf 79' lang='lat' dir='ltr'><strong>Joannes</strong></span> <span class='ocrx_word' id='word_1_483' title='bbox 2584 1762 2636 1814; x_wconf 92' lang='lat' dir='ltr'><strong>in</strong></span> <span class='ocrx_word' id='word_1_484' title='bbox 2684 1761 2960 1824; x_wconf 80' lang='lat' dir='ltr'><strong>exsilium,</strong></span> <span class='ocrx_word' id='word_1_485' title='bbox 2992 1761 3231 1830; x_wconf 85' lang='lat' dir='ltr'><strong>aperiam</strong></span> <span class='ocrx_word' id='word_1_486' title='bbox 3262 1771 3400 1816; x_wconf 88' lang='lat' dir='ltr'><strong>tem-</strong></span> 
     </span>
    </p>
   </div>
   <div class='ocr_carea' id='block_1_65' title="bbox 1819 1848 3402 1918">
    <p class='ocr_par' dir='ltr' id='par_1_65' title="bbox 1819 1848 3402 1918">
     <span class='ocr_line' id='line_1_65' title="bbox 1819 1848 3402 1918; baseline 0.004 -17"><span class='ocrx_word' id='word_1_487' title='bbox 1819 1848 1904 1918; x_wconf 89' lang='lat' dir='ltr'><strong>pla</strong></span> <span class='ocrx_word' id='word_1_488' title='bbox 1954 1849 2244 1912; x_wconf 91' lang='lat' dir='ltr'><strong>idolorum,</strong></span> <span class='ocrx_word' id='word_1_489' title='bbox 2279 1858 2333 1905; x_wconf 90' lang='lat' dir='ltr'><strong>et</strong></span> <span class='ocrx_word' id='word_1_490' title='bbox 2366 1848 2564 1904; x_wconf 82' lang='lat' dir='ltr'><strong>faciam</strong></span> <span class='ocrx_word' id='word_1_491' title='bbox 2608 1864 2666 1905; x_wconf 89' lang='lat' dir='ltr'><strong>ut</strong></span> <span class='ocrx_word' id='word_1_492' title='bbox 2699 1852 2947 1908; x_wconf 85' lang='lat' dir='ltr'><strong>homines</strong></span> <span class='ocrx_word' id='word_1_493' title='bbox 2977 1869 3040 1908; x_wconf 89' lang='lat' dir='ltr'><strong>ea</strong></span> <span class='ocrx_word' id='word_1_494' title='bbox 3070 1854 3318 1914; x_wconf 87' lang='lat' dir='ltr'><strong>adorent.</strong></span> <span class='ocrx_word' id='word_1_495' title='bbox 3347 1864 3402 1908; x_wconf 90' lang='lat' dir='ltr'><strong>et</strong></span> 
     </span>
    </p>
   </div>
   <div class='ocr_carea' id='block_1_66' title="bbox 1818 1924 3402 2014">
    <p class='ocr_par' dir='ltr' id='par_1_66' title="bbox 1818 1924 3402 2014">
     <span class='ocr_line' id='line_1_66' title="bbox 1818 1924 3402 2014; baseline 0.003 -21"><span class='ocrx_word' id='word_1_496' title='bbox 1818 1939 2016 1996; x_wconf 86' lang='lat' dir='ltr'><strong>faciam</strong></span> <span class='ocrx_word' id='word_1_497' title='bbox 2045 1941 2232 1996; x_wconf 91' lang='lat' dir='ltr'><strong>ultima</strong></span> <span class='ocrx_word' id='word_1_498' title='bbox 2256 1941 2440 2011; x_wconf 84' lang='lat' dir='ltr'><strong>pejora</strong></span> <span class='ocrx_word' id='word_1_499' title='bbox 2471 1941 2765 2012; x_wconf 84' lang='lat' dir='ltr'><strong>prioribus.</strong></span> <span class='ocrx_word' id='word_1_500' title='bbox 2793 1924 3187 2014; x_wconf 66' lang='lat' dir='ltr'><strong>Cumquehazc</strong></span> <span class='ocrx_word' id='word_1_501' title='bbox 3209 1944 3402 1999; x_wconf 86' lang='lat' dir='ltr'><strong>acerbe</strong></span> 
     </span>
    </p>
   </div>
   <div class='ocr_carea' id='block_1_67' title="bbox 1818 2030 3404 2107">
    <p class='ocr_par' dir='ltr' id='par_1_67' title="bbox 1818 2030 3404 2107">
     <span class='ocr_line' id='line_1_67' title="bbox 1818 2030 3404 2107; baseline 0.004 -22"><span class='ocrx_word' id='word_1_502' title='bbox 1818 2030 2044 2096; x_wconf 87' lang='lat' dir='ltr'><strong>diceret,</strong></span> <span class='ocrx_word' id='word_1_503' title='bbox 2094 2048 2160 2087; x_wconf 86' lang='lat' dir='ltr'><strong>ex</strong></span> <span class='ocrx_word' id='word_1_504' title='bbox 2209 2034 2330 2104; x_wconf 85' lang='lat' dir='ltr'><strong>ejus</strong></span> <span class='ocrx_word' id='word_1_505' title='bbox 2357 2036 2530 2089; x_wconf 92' lang='lat' dir='ltr'><strong>oculis</strong></span> <span class='ocrx_word' id='word_1_506' title='bbox 2576 2034 2820 2091; x_wconf 86' lang='lat' dir='ltr'><strong>fluebant</strong></span> <span class='ocrx_word' id='word_1_507' title='bbox 2865 2037 3134 2107; x_wconf 71' lang='lat' dir='ltr'><strong>lacrymae.</strong></span> <span class='ocrx_word' id='word_1_508' title='bbox 3174 2037 3234 2091; x_wconf 92' lang='lat' dir='ltr'><strong>Ei</strong></span> <span class='ocrx_word' id='word_1_509' title='bbox 3270 2052 3404 2093; x_wconf 88' lang='lat' dir='ltr'><strong>vero</strong></span> 
     </span>
    </p>
   </div>
   <div class='ocr_carea' id='block_1_68' title="bbox 1819 2120 3402 2195">
    <p class='ocr_par' dir='ltr' id='par_1_68' title="bbox 1819 2120 3402 2195">
     <span class='ocr_line' id='line_1_68' title="bbox 1819 2120 3402 2195; baseline 0.002 -20"><span class='ocrx_word' id='word_1_510' title='bbox 1819 2121 1959 2177; x_wconf 78' lang='lat' dir='ltr'><strong>dixit</strong></span> <span class='ocrx_word' id='word_1_511' title='bbox 2002 2120 2341 2192; x_wconf 85' lang='lat' dir='ltr'><strong>Epiphanius</strong></span> <span class='ocrx_word' id='word_1_512' title='bbox 2376 2142 2391 2177; x_wconf 89' lang='lat'><strong>:</strong></span> <span class='ocrx_word' id='word_1_513' title='bbox 2429 2123 2543 2195; x_wconf 85' lang='lat' dir='ltr'><strong>Ego</strong></span> <span class='ocrx_word' id='word_1_514' title='bbox 2583 2126 2824 2195; x_wconf 83' lang='lat' dir='ltr'><strong>quidem,</strong></span> <span class='ocrx_word' id='word_1_515' title='bbox 2852 2141 2885 2180; x_wconf 93' lang='lat' dir='ltr'><strong>o</strong></span> <span class='ocrx_word' id='word_1_516' title='bbox 2914 2126 3042 2190; x_wconf 85' lang='lat' dir='ltr'><strong>filia,</strong></span> <span class='ocrx_word' id='word_1_517' title='bbox 3088 2143 3209 2182; x_wconf 92' lang='lat' dir='ltr'><strong>sum</strong></span> <span class='ocrx_word' id='word_1_518' title='bbox 3243 2127 3402 2182; x_wconf 85' lang='lat' dir='ltr'><strong>inno-</strong></span> 
     </span>
    </p>
   </div>
   <div class='ocr_carea' id='block_1_69' title="bbox 1821 2211 2887 2281">
    <p class='ocr_par' dir='ltr' id='par_1_69' title="bbox 1821 2211 2887 2281">
     <span class='ocr_line' id='line_1_69' title="bbox 1821 2211 2887 2281; baseline 0.001 -17"><span class='ocrx_word' id='word_1_519' title='bbox 1821 2225 1952 2267; x_wconf 89' lang='lat' dir='ltr'><strong>cens</strong></span> <span class='ocrx_word' id='word_1_520' title='bbox 1980 2211 2048 2265; x_wconf 90' lang='lat' dir='ltr'><strong>ab</strong></span> <span class='ocrx_word' id='word_1_521' title='bbox 2080 2213 2182 2267; x_wconf 89' lang='lat' dir='ltr'><strong>hoc</strong></span> <span class='ocrx_word' id='word_1_522' title='bbox 2208 2212 2438 2281; x_wconf 90' lang='lat' dir='ltr'><strong>judicio.</strong></span> <span class='ocrx_word' id='word_1_523' title='bbox 2882 2260 2887 2265; x_wconf 74' lang='lat'><strong>,</strong></span> 
     </span>
    </p>
   </div>
   <div class='ocr_carea' id='block_1_70' title="bbox 1893 2299 3402 2376">
    <p class='ocr_par' dir='ltr' id='par_1_70' title="bbox 1893 2299 3402 2376">
     <span class='ocr_line' id='line_1_70' title="bbox 1893 2299 3402 2376; baseline 0.005 -21"><span class='ocrx_word' id='word_1_524' title='bbox 1893 2299 2078 2357; x_wconf 72' lang='lat' dir='ltr'><strong>LXIII.</strong></span> <span class='ocrx_word' id='word_1_525' title='bbox 2110 2301 2245 2357; x_wconf 90' lang='lat' dir='ltr'><strong>Cum</strong></span> <span class='ocrx_word' id='word_1_526' title='bbox 2277 2304 2390 2358; x_wconf 72' lang='lat' dir='ltr'><strong>haec</strong></span> <span class='ocrx_word' id='word_1_527' title='bbox 2417 2304 2644 2360; x_wconf 81' lang='lat' dir='ltr'><strong>dixisset</strong></span> <span class='ocrx_word' id='word_1_528' title='bbox 2670 2300 3028 2375; x_wconf 85' lang='lat' dir='ltr'><strong>Epiphanius,</strong></span> <span class='ocrx_word' id='word_1_529' title='bbox 3054 2306 3262 2376; x_wconf 81' lang='lat' dir='ltr'><strong>accepit</strong></span> <span class='ocrx_word' id='word_1_530' title='bbox 3293 2322 3402 2372; x_wconf 85' lang='lat' dir='ltr'><strong>me,</strong></span> 
     </span>
    </p>
   </div>
   <div class='ocr_carea' id='block_1_71' title="bbox 1821 2397 3405 2473">
    <p class='ocr_par' dir='ltr' id='par_1_71' title="bbox 1821 2397 3405 2473">
     <span class='ocr_line' id='line_1_71' title="bbox 1821 2397 3405 2473; baseline 0.005 -24"><span class='ocrx_word' id='word_1_531' title='bbox 1821 2404 1876 2451; x_wconf 89' lang='lat' dir='ltr'><strong>et</strong></span> <span class='ocrx_word' id='word_1_532' title='bbox 1905 2397 2116 2467; x_wconf 80' lang='lat' dir='ltr'><strong>egressi</strong></span> <span class='ocrx_word' id='word_1_533' title='bbox 2158 2412 2365 2473; x_wconf 88' lang='lat' dir='ltr'><strong>sumus</strong></span> <span class='ocrx_word' id='word_1_534' title='bbox 2392 2413 2456 2454; x_wconf 84' lang='lat' dir='ltr'><strong>ex</strong></span> <span class='ocrx_word' id='word_1_535' title='bbox 2505 2400 2627 2454; x_wconf 90' lang='lat' dir='ltr'><strong>aula</strong></span> <span class='ocrx_word' id='word_1_536' title='bbox 2680 2400 3051 2469; x_wconf 83' lang='lat' dir='ltr'><strong>imperatoria.</strong></span> <span class='ocrx_word' id='word_1_537' title='bbox 3081 2400 3405 2473; x_wconf 66' lang='lat' dir='ltr'><strong>Egrotabat</strong></span> 
     </span>
    </p>
   </div>
   <div class='ocr_carea' id='block_1_72' title="bbox 1823 2472 3405 2563">
    <p class='ocr_par' dir='ltr' id='par_1_72' title="bbox 1823 2472 3405 2563">
     <span class='ocr_line' id='line_1_72' title="bbox 1823 2472 3405 2563; baseline 0.002 -17"><span class='ocrx_word' id='word_1_538' title='bbox 1823 2499 2004 2546; x_wconf 88' lang='lat' dir='ltr'><strong>autem</strong></span> <span class='ocrx_word' id='word_1_539' title='bbox 2040 2489 2212 2555; x_wconf 87' lang='lat' dir='ltr'><strong>Isaac,</strong></span> <span class='ocrx_word' id='word_1_540' title='bbox 2239 2500 2293 2546; x_wconf 92' lang='lat' dir='ltr'><strong>et</strong></span> <span class='ocrx_word' id='word_1_541' title='bbox 2324 2472 2429 2546; x_wconf 77' lang='lat' dir='ltr'><strong>non</strong></span> <span class='ocrx_word' id='word_1_542' title='bbox 2472 2492 2752 2563; x_wconf 89' lang='lat' dir='ltr'><strong>ingressus</strong></span> <span class='ocrx_word' id='word_1_543' title='bbox 2780 2503 2864 2549; x_wconf 89' lang='lat' dir='ltr'><strong>est</strong></span> <span class='ocrx_word' id='word_1_544' title='bbox 2889 2493 3173 2548; x_wconf 87' lang='lat' dir='ltr'><strong>nobiscum</strong></span> <span class='ocrx_word' id='word_1_545' title='bbox 3201 2495 3267 2549; x_wconf 91' lang='lat' dir='ltr'><strong>ad</strong></span> <span class='ocrx_word' id='word_1_546' title='bbox 3300 2493 3405 2548; x_wconf 78' lang='lat' dir='ltr'><strong>im-</strong></span> 
     </span>
    </p>
   </div>
   <div class='ocr_carea' id='block_1_73' title="bbox 1823 2583 3403 2654">
    <p class='ocr_par' dir='ltr' id='par_1_73' title="bbox 1823 2583 3403 2654">
     <span class='ocr_line' id='line_1_73' title="bbox 1823 2583 3403 2654; baseline 0.001 -16"><span class='ocrx_word' id='word_1_547' title='bbox 1823 2583 2165 2654; x_wconf 76' lang='lat' dir='ltr'><strong>peratricem.</strong></span> <span class='ocrx_word' id='word_1_548' title='bbox 2216 2583 2462 2640; x_wconf 83' lang='lat' dir='ltr'><strong>Pervasit</strong></span> <span class='ocrx_word' id='word_1_549' title='bbox 2503 2598 2632 2639; x_wconf 87' lang='lat' dir='ltr'><strong>vero</strong></span> <span class='ocrx_word' id='word_1_550' title='bbox 2677 2583 2819 2639; x_wconf 85' lang='lat' dir='ltr'><strong>fama</strong></span> <span class='ocrx_word' id='word_1_551' title='bbox 2860 2600 2958 2654; x_wconf 85' lang='lat' dir='ltr'><strong>per</strong></span> <span class='ocrx_word' id='word_1_552' title='bbox 3000 2593 3168 2639; x_wconf 89' lang='lat' dir='ltr'><strong>totam</strong></span> <span class='ocrx_word' id='word_1_553' title='bbox 3213 2585 3403 2642; x_wconf 83' lang='lat' dir='ltr'><strong>civita-</strong></span> 
     </span>
    </p>
   </div>
   <div class='ocr_carea' id='block_1_74' title="bbox 1825 2675 3405 2749">
    <p class='ocr_par' dir='ltr' id='par_1_74' title="bbox 1825 2675 3405 2749">
     <span class='ocr_line' id='line_1_74' title="bbox 1825 2675 3405 2749; baseline 0 -17"><span class='ocrx_word' id='word_1_554' title='bbox 1825 2687 1955 2740; x_wconf 89' lang='lat' dir='ltr'><strong>tem,</strong></span> <span class='ocrx_word' id='word_1_555' title='bbox 1983 2676 2279 2732; x_wconf 88' lang='lat' dir='ltr'><strong>dicentium</strong></span> <span class='ocrx_word' id='word_1_556' title='bbox 2312 2690 2326 2729; x_wconf 93' lang='lat'><strong>:</strong></span> <span class='ocrx_word' id='word_1_557' title='bbox 2361 2675 2589 2748; x_wconf 85' lang='lat' dir='ltr'><strong>Magnus</strong></span> <span class='ocrx_word' id='word_1_558' title='bbox 2605 2676 2862 2732; x_wconf 86' lang='lat' dir='ltr'><strong>sacerdos</strong></span> <span class='ocrx_word' id='word_1_559' title='bbox 2892 2676 3248 2746; x_wconf 87' lang='lat' dir='ltr'><strong>Epiphanius,</strong></span> <span class='ocrx_word' id='word_1_560' title='bbox 3290 2679 3405 2749; x_wconf 87' lang='lat' dir='ltr'><strong>epi-</strong></span> 
     </span>
    </p>
   </div>
   <div class='ocr_carea' id='block_1_75' title="bbox 1824 2768 3404 2841">
    <p class='ocr_par' dir='ltr' id='par_1_75' title="bbox 1824 2768 3404 2841">
     <span class='ocr_line' id='line_1_75' title="bbox 1824 2768 3404 2841; baseline -0.001 -15"><span class='ocrx_word' id='word_1_561' title='bbox 1824 2784 2024 2840; x_wconf 88' lang='lat' dir='ltr'><strong>scopus</strong></span> <span class='ocrx_word' id='word_1_562' title='bbox 2058 2769 2403 2841; x_wconf 83' lang='lat' dir='ltr'><strong>Cypriorum,</strong></span> <span class='ocrx_word' id='word_1_563' title='bbox 2440 2768 2720 2840; x_wconf 84' lang='lat' dir='ltr'><strong>ingressus</strong></span> <span class='ocrx_word' id='word_1_564' title='bbox 2764 2778 2848 2823; x_wconf 86' lang='lat' dir='ltr'><strong>est</strong></span> <span class='ocrx_word' id='word_1_565' title='bbox 2876 2768 2945 2823; x_wconf 87' lang='lat' dir='ltr'><strong>ad</strong></span> <span class='ocrx_word' id='word_1_566' title='bbox 2978 2769 3404 2838; x_wconf 83' lang='lat' dir='ltr'><strong>imperatricem,</strong></span> 
     </span>
    </p>
   </div>
   <div class='ocr_carea' id='block_1_76' title="bbox 1822 2857 3403 2928">
    <p class='ocr_par' dir='ltr' id='par_1_76' title="bbox 1822 2857 3403 2928">
     <span class='ocr_line' id='line_1_76' title="bbox 1822 2857 3403 2928; baseline 0.003 -16"><span class='ocrx_word' id='word_1_567' title='bbox 1822 2868 1878 2912; x_wconf 89' lang='lat' dir='ltr'><strong>et</strong></span> <span class='ocrx_word' id='word_1_568' title='bbox 1914 2857 2056 2925; x_wconf 83' lang='lat' dir='ltr'><strong>fecit,</strong></span> <span class='ocrx_word' id='word_1_569' title='bbox 2089 2869 2147 2913; x_wconf 91' lang='lat' dir='ltr'><strong>ut</strong></span> <span class='ocrx_word' id='word_1_570' title='bbox 2175 2859 2229 2913; x_wconf 92' lang='lat' dir='ltr'><strong>in</strong></span> <span class='ocrx_word' id='word_1_571' title='bbox 2260 2858 2516 2913; x_wconf 84' lang='lat' dir='ltr'><strong>exsilium</strong></span> <span class='ocrx_word' id='word_1_572' title='bbox 2549 2858 2856 2913; x_wconf 87' lang='lat' dir='ltr'><strong>mitteretur</strong></span> <span class='ocrx_word' id='word_1_573' title='bbox 2884 2874 3114 2928; x_wconf 71' lang='lat' dir='ltr'><strong>magnus</strong></span> <span class='ocrx_word' id='word_1_574' title='bbox 3143 2858 3403 2917; x_wconf 85' lang='lat' dir='ltr'><strong>Joannes.</strong></span> 
     </span>
    </p>
   </div>
   <div class='ocr_carea' id='block_1_77' title="bbox 1826 2948 3404 3022">
    <p class='ocr_par' dir='ltr' id='par_1_77' title="bbox 1826 2948 3404 3022">
     <span class='ocr_line' id='line_1_77' title="bbox 1826 2948 3404 3022; baseline 0.002 -19"><span class='ocrx_word' id='word_1_575' title='bbox 1826 2949 1963 3003; x_wconf 91' lang='lat' dir='ltr'><strong>Cum</strong></span> <span class='ocrx_word' id='word_1_576' title='bbox 2000 2949 2105 3003; x_wconf 83' lang='lat' dir='ltr'><strong>hoc</strong></span> <span class='ocrx_word' id='word_1_577' title='bbox 2135 2958 2316 3004; x_wconf 84' lang='lat' dir='ltr'><strong>autem</strong></span> <span class='ocrx_word' id='word_1_578' title='bbox 2363 2949 2665 3005; x_wconf 78' lang='lat' dir='ltr'><strong>audivisset</strong></span> <span class='ocrx_word' id='word_1_579' title='bbox 2708 2948 2882 3016; x_wconf 88' lang='lat' dir='ltr'><strong>Isaac,</strong></span> <span class='ocrx_word' id='word_1_580' title='bbox 2915 2950 3126 3022; x_wconf 80' lang='lat' dir='ltr'><strong>aufugit</strong></span> <span class='ocrx_word' id='word_1_581' title='bbox 3174 2952 3244 3006; x_wconf 89' lang='lat' dir='ltr'><strong>ab</strong></span> <span class='ocrx_word' id='word_1_582' title='bbox 3273 2950 3404 3022; x_wconf 79' lang='lat' dir='ltr'><strong>Epi-</strong></span> 
     </span>
    </p>
   </div>
   <div class='ocr_carea' id='block_1_78' title="bbox 1824 3040 3407 3111">
    <p class='ocr_par' dir='ltr' id='par_1_78' title="bbox 1824 3040 3407 3111">
     <span class='ocr_line' id='line_1_78' title="bbox 1824 3040 3407 3111; baseline 0.004 -17"><span class='ocrx_word' id='word_1_583' title='bbox 1824 3041 2028 3111; x_wconf 85' lang='lat' dir='ltr'><strong>phanio</strong></span> <span class='ocrx_word' id='word_1_584' title='bbox 2052 3080 2067 3103; x_wconf 90' lang='lat'><strong>,</strong></span> <span class='ocrx_word' id='word_1_585' title='bbox 2119 3052 2175 3095; x_wconf 90' lang='lat' dir='ltr'><strong>et</strong></span> <span class='ocrx_word' id='word_1_586' title='bbox 2218 3040 2499 3111; x_wconf 87' lang='lat' dir='ltr'><strong>ingressus</strong></span> <span class='ocrx_word' id='word_1_587' title='bbox 2537 3050 2622 3095; x_wconf 89' lang='lat' dir='ltr'><strong>est</strong></span> <span class='ocrx_word' id='word_1_588' title='bbox 2665 3043 3095 3107; x_wconf 88' lang='lat' dir='ltr'><strong>monasterium,</strong></span> <span class='ocrx_word' id='word_1_589' title='bbox 3128 3044 3287 3100; x_wconf 86' lang='lat' dir='ltr'><strong>nobis</strong></span> <span class='ocrx_word' id='word_1_590' title='bbox 3324 3045 3407 3100; x_wconf 81' lang='lat' dir='ltr'><strong>iu-</strong></span> 
     </span>
    </p>
   </div>
   <div class='ocr_carea' id='block_1_79' title="bbox 1824 3133 3407 3205">
    <p class='ocr_par' dir='ltr' id='par_1_79' title="bbox 1824 3133 3407 3205">
     <span class='ocr_line' id='line_1_79' title="bbox 1824 3133 3407 3205; baseline 0.001 -14"><span class='ocrx_word' id='word_1_591' title='bbox 1824 3133 2146 3191; x_wconf 77' lang='lat' dir='ltr'><strong>scientibus.</strong></span> <span class='ocrx_word' id='word_1_592' title='bbox 2182 3133 2348 3204; x_wconf 68' lang='lat' dir='ltr'><strong>IEgt‘e</strong></span> <span class='ocrx_word' id='word_1_593' title='bbox 2378 3149 2505 3189; x_wconf 87' lang='lat' dir='ltr'><strong>vero</strong></span> <span class='ocrx_word' id='word_1_594' title='bbox 2538 3133 2746 3189; x_wconf 89' lang='lat' dir='ltr'><strong>ferebat</strong></span> <span class='ocrx_word' id='word_1_595' title='bbox 2774 3133 3132 3205; x_wconf 87' lang='lat' dir='ltr'><strong>Epiphanius,</strong></span> <span class='ocrx_word' id='word_1_596' title='bbox 3161 3146 3216 3192; x_wconf 90' lang='lat' dir='ltr'><strong>et</strong></span> <span class='ocrx_word' id='word_1_597' title='bbox 3239 3136 3407 3193; x_wconf 88' lang='lat' dir='ltr'><strong>Deum</strong></span> 
     </span>
    </p>
   </div>
   <div class='ocr_carea' id='block_1_80' title="bbox 1826 3226 3406 3298">
    <p class='ocr_par' dir='ltr' id='par_1_80' title="bbox 1826 3226 3406 3298">
     <span class='ocr_line' id='line_1_80' title="bbox 1826 3226 3406 3298; baseline 0.004 -18"><span class='ocrx_word' id='word_1_598' title='bbox 1826 3227 2072 3297; x_wconf 84' lang='lat' dir='ltr'><strong>rogabat,</strong></span> <span class='ocrx_word' id='word_1_599' title='bbox 2108 3235 2169 3281; x_wconf 89' lang='lat' dir='ltr'><strong>ut</strong></span> <span class='ocrx_word' id='word_1_600' title='bbox 2203 3226 2252 3281; x_wconf 90' lang='lat' dir='ltr'><strong>ei</strong></span> <span class='ocrx_word' id='word_1_601' title='bbox 2280 3226 2630 3298; x_wconf 81' lang='lat' dir='ltr'><strong>significaret,</strong></span> <span class='ocrx_word' id='word_1_602' title='bbox 2660 3226 2879 3282; x_wconf 88' lang='lat' dir='ltr'><strong>ubinam</strong></span> <span class='ocrx_word' id='word_1_603' title='bbox 2911 3230 3203 3284; x_wconf 89' lang='lat' dir='ltr'><strong>mansisset</strong></span> <span class='ocrx_word' id='word_1_604' title='bbox 3234 3228 3406 3286; x_wconf 88' lang='lat' dir='ltr'><strong>Isaac.</strong></span> 
     </span>
    </p>
   </div>
   <div class='ocr_carea' id='block_1_81' title="bbox 1825 3318 3409 3390">
    <p class='ocr_par' dir='ltr' id='par_1_81' title="bbox 1825 3318 3409 3390">
     <span class='ocr_line' id='line_1_81' title="bbox 1825 3318 3409 3390; baseline 0.001 -16"><span class='ocrx_word' id='word_1_605' title='bbox 1825 3318 1983 3387; x_wconf 85' lang='lat' dir='ltr'><strong>Quod</strong></span> <span class='ocrx_word' id='word_1_606' title='bbox 2015 3319 2061 3373; x_wconf 91' lang='lat' dir='ltr'><strong>ei</strong></span> <span class='ocrx_word' id='word_1_607' title='bbox 2104 3319 2466 3390; x_wconf 84' lang='lat' dir='ltr'><strong>significavit,</strong></span> <span class='ocrx_word' id='word_1_608' title='bbox 2506 3328 2561 3374; x_wconf 90' lang='lat' dir='ltr'><strong>et</strong></span> <span class='ocrx_word' id='word_1_609' title='bbox 2592 3319 2792 3375; x_wconf 88' lang='lat' dir='ltr'><strong>ivimus</strong></span> <span class='ocrx_word' id='word_1_610' title='bbox 2834 3321 2901 3374; x_wconf 88' lang='lat' dir='ltr'><strong>ad</strong></span> <span class='ocrx_word' id='word_1_611' title='bbox 2934 3320 3134 3390; x_wconf 86' lang='lat' dir='ltr'><strong>ipsum.</strong></span> <span class='ocrx_word' id='word_1_612' title='bbox 3170 3322 3409 3376; x_wconf 80' lang='lat' dir='ltr'><strong>Aversa-</strong></span> 
     </span>
    </p>
   </div>
   <div class='ocr_carea' id='block_1_82' title="bbox 1828 3411 3410 3483">
    <p class='ocr_par' dir='ltr' id='par_1_82' title="bbox 1828 3411 3410 3483">
     <span class='ocr_line' id='line_1_82' title="bbox 1828 3411 3410 3483; baseline 0.001 -16"><span class='ocrx_word' id='word_1_613' title='bbox 1828 3412 1988 3469; x_wconf 87' lang='lat' dir='ltr'><strong>batur</strong></span> <span class='ocrx_word' id='word_1_614' title='bbox 2019 3423 2203 3466; x_wconf 89' lang='lat' dir='ltr'><strong>autem</strong></span> <span class='ocrx_word' id='word_1_615' title='bbox 2226 3413 2389 3481; x_wconf 36' lang='lat' dir='ltr'><strong>.lsaac</strong></span> <span class='ocrx_word' id='word_1_616' title='bbox 2421 3411 2815 3483; x_wconf 84' lang='lat' dir='ltr'><strong>Epiphanium,</strong></span> <span class='ocrx_word' id='word_1_617' title='bbox 2844 3414 3033 3469; x_wconf 87' lang='lat' dir='ltr'><strong>dicens</strong></span> <span class='ocrx_word' id='word_1_618' title='bbox 3068 3432 3083 3470; x_wconf 91' lang='lat'><strong>:</strong></span> <span class='ocrx_word' id='word_1_619' title='bbox 3121 3413 3257 3469; x_wconf 83' lang='lat' dir='ltr'><strong>Nolo</strong></span> <span class='ocrx_word' id='word_1_620' title='bbox 3287 3431 3410 3479; x_wconf 40' lang='lat' dir='ltr'><strong>aut,</strong></span> 
     </span>
    </p>
   </div>
   <div class='ocr_carea' id='block_1_83' title="bbox 1827 3504 3412 3578">
    <p class='ocr_par' dir='ltr' id='par_1_83' title="bbox 1827 3504 3412 3578">
     <span class='ocr_line' id='line_1_83' title="bbox 1827 3504 3412 3578; baseline 0.002 -20"><span class='ocrx_word' id='word_1_621' title='bbox 1827 3504 1971 3573; x_wconf 89' lang='lat' dir='ltr'><strong>plius</strong></span> <span class='ocrx_word' id='word_1_622' title='bbox 2016 3520 2138 3560; x_wconf 88' lang='lat' dir='ltr'><strong>esse</strong></span> <span class='ocrx_word' id='word_1_623' title='bbox 2186 3512 2388 3569; x_wconf 88' lang='lat' dir='ltr'><strong>tecum,</strong></span> <span class='ocrx_word' id='word_1_624' title='bbox 2431 3514 2649 3578; x_wconf 85' lang='lat' dir='ltr'><strong>prepter</strong></span> <span class='ocrx_word' id='word_1_625' title='bbox 2683 3516 2964 3576; x_wconf 79' lang='lat' dir='ltr'><strong>peccatum</strong></span> <span class='ocrx_word' id='word_1_626' title='bbox 2991 3546 3006 3569; x_wconf 89' lang='lat'><strong>,</strong></span> <span class='ocrx_word' id='word_1_627' title='bbox 3040 3507 3183 3575; x_wconf 82' lang='lat' dir='ltr'><strong>quod</strong></span> <span class='ocrx_word' id='word_1_628' title='bbox 3231 3505 3412 3562; x_wconf 84' lang='lat' dir='ltr'><strong>fecisti</strong></span> 
     </span>
    </p>
   </div>
   <div class='ocr_carea' id='block_1_84' title="bbox 1828 3595 3413 3656">
    <p class='ocr_par' dir='ltr' id='par_1_84' title="bbox 1828 3595 3413 3656">
     <span class='ocr_line' id='line_1_84' title="bbox 1828 3595 3413 3656; baseline 0.003 -5"><span class='ocrx_word' id='word_1_629' title='bbox 1828 3597 1882 3652; x_wconf 91' lang='lat' dir='ltr'><strong>in</strong></span> <span class='ocrx_word' id='word_1_630' title='bbox 1905 3595 2191 3653; x_wconf 88' lang='lat' dir='ltr'><strong>Joannem.</strong></span> <span class='ocrx_word' id='word_1_631' title='bbox 2225 3598 2364 3654; x_wconf 90' lang='lat' dir='ltr'><strong>Cum</strong></span> <span class='ocrx_word' id='word_1_632' title='bbox 2411 3613 2512 3653; x_wconf 92' lang='lat' dir='ltr'><strong>nos</strong></span> <span class='ocrx_word' id='word_1_633' title='bbox 2545 3607 2724 3654; x_wconf 90' lang='lat' dir='ltr'><strong>autem</strong></span> <span class='ocrx_word' id='word_1_634' title='bbox 2764 3599 2818 3653; x_wconf 93' lang='lat' dir='ltr'><strong>in</strong></span> <span class='ocrx_word' id='word_1_635' title='bbox 2853 3600 3187 3655; x_wconf 88' lang='lat' dir='ltr'><strong>monasterio</strong></span> <span class='ocrx_word' id='word_1_636' title='bbox 3212 3599 3413 3656; x_wconf 83' lang='lat' dir='ltr'><strong>fuisse-</strong></span> 
     </span>
    </p>
   </div>
   <div class='ocr_carea' id='block_1_85' title="bbox 1828 3690 3409 3767">
    <p class='ocr_par' dir='ltr' id='par_1_85' title="bbox 1828 3690 3409 3767">
     <span class='ocr_line' id='line_1_85' title="bbox 1828 3690 3409 3767; baseline 0.003 -23"><span class='ocrx_word' id='word_1_637' title='bbox 1828 3705 1952 3745; x_wconf 88' lang='lat' dir='ltr'><strong>mus</strong></span> <span class='ocrx_word' id='word_1_638' title='bbox 1998 3701 2106 3746; x_wconf 88' lang='lat' dir='ltr'><strong>tres</strong></span> <span class='ocrx_word' id='word_1_639' title='bbox 2141 3690 2279 3754; x_wconf 90' lang='lat' dir='ltr'><strong>dies,</strong></span> <span class='ocrx_word' id='word_1_640' title='bbox 2327 3692 2415 3746; x_wconf 81' lang='lat' dir='ltr'><strong>vix</strong></span> <span class='ocrx_word' id='word_1_641' title='bbox 2466 3694 2740 3767; x_wconf 84' lang='lat' dir='ltr'><strong>persuasit</strong></span> <span class='ocrx_word' id='word_1_642' title='bbox 2784 3691 2954 3748; x_wconf 88' lang='lat' dir='ltr'><strong>Isaac.</strong></span> <span class='ocrx_word' id='word_1_643' title='bbox 3000 3692 3122 3761; x_wconf 87' lang='lat' dir='ltr'><strong>Quo</strong></span> <span class='ocrx_word' id='word_1_644' title='bbox 3166 3705 3409 3764; x_wconf 85' lang='lat' dir='ltr'><strong>accepto,</strong></span> 
     </span>
    </p>
   </div>
   <div class='ocr_carea' id='block_1_86' title="bbox 1826 3783 3408 3855">
    <p class='ocr_par' dir='ltr' id='par_1_86' title="bbox 1826 3783 3408 3855">
     <span class='ocr_line' id='line_1_86' title="bbox 1826 3783 3408 3855; baseline 0.001 -16"><span class='ocrx_word' id='word_1_645' title='bbox 1826 3783 2032 3855; x_wconf 87' lang='lat' dir='ltr'><strong>egressi</strong></span> <span class='ocrx_word' id='word_1_646' title='bbox 2096 3799 2311 3840; x_wconf 90' lang='lat' dir='ltr'><strong>sumus.</strong></span> <span class='ocrx_word' id='word_1_647' title='bbox 2368 3784 2483 3838; x_wconf 87' lang='lat' dir='ltr'><strong>Sibi</strong></span> <span class='ocrx_word' id='word_1_648' title='bbox 2536 3799 2757 3854; x_wconf 89' lang='lat' dir='ltr'><strong>quoque</strong></span> <span class='ocrx_word' id='word_1_649' title='bbox 2808 3787 3082 3854; x_wconf 87' lang='lat' dir='ltr'><strong>persuasit</strong></span> <span class='ocrx_word' id='word_1_650' title='bbox 3133 3785 3408 3852; x_wconf 85' lang='lat' dir='ltr'><strong>Joannes,</strong></span> 
     </span>
    </p>
   </div>
   <div class='ocr_carea' id='block_1_87' title="bbox 1828 3872 3435 3953">
    <p class='ocr_par' dir='ltr' id='par_1_87' title="bbox 1828 3872 3435 3953">
     <span class='ocr_line' id='line_1_87' title="bbox 1828 3872 3435 3953; baseline 0.002 -25"><span class='ocrx_word' id='word_1_651' title='bbox 1828 3874 1975 3943; x_wconf 91' lang='lat' dir='ltr'><strong>quod</strong></span> <span class='ocrx_word' id='word_1_652' title='bbox 2014 3874 2134 3945; x_wconf 88' lang='lat' dir='ltr'><strong>ejus</strong></span> <span class='ocrx_word' id='word_1_653' title='bbox 2167 3874 2362 3929; x_wconf 85' lang='lat' dir='ltr'><strong>exsilio</strong></span> <span class='ocrx_word' id='word_1_654' title='bbox 2391 3872 2586 3930; x_wconf 87' lang='lat' dir='ltr'><strong>fuisset</strong></span> <span class='ocrx_word' id='word_1_655' title='bbox 2616 3888 2878 3930; x_wconf 88' lang='lat' dir='ltr'><strong>assensus</strong></span> <span class='ocrx_word' id='word_1_656' title='bbox 2909 3873 3264 3943; x_wconf 87' lang='lat' dir='ltr'><strong>Epiphanius.</strong></span> <span class='ocrx_word' id='word_1_657' title='bbox 3300 3878 3435 3953; x_wconf 81' lang='lat' dir='ltr'><strong>Ac-_</strong></span> 
     </span>
    </p>
   </div>
   <div class='ocr_carea' id='block_1_88' title="bbox 1832 3967 3411 4038">
    <p class='ocr_par' dir='ltr' id='par_1_88' title="bbox 1832 3967 3411 4038">
     <span class='ocr_line' id='line_1_88' title="bbox 1832 3967 3411 4038; baseline 0 -16"><span class='ocrx_word' id='word_1_658' title='bbox 1832 3976 1988 4036; x_wconf 88' lang='lat' dir='ltr'><strong>cepta</strong></span> <span class='ocrx_word' id='word_1_659' title='bbox 2033 3967 2199 4038; x_wconf 79' lang='lat' dir='ltr'><strong>igitur</strong></span> <span class='ocrx_word' id='word_1_660' title='bbox 2240 3970 2427 4024; x_wconf 81' lang='lat' dir='ltr'><strong>charta</strong></span> <span class='ocrx_word' id='word_1_661' title='bbox 2449 4008 2464 4029; x_wconf 90' lang='lat'><strong>.</strong></span> <span class='ocrx_word' id='word_1_662' title='bbox 2504 3969 2727 4035; x_wconf 85' lang='lat' dir='ltr'><strong>scripsit</strong></span> <span class='ocrx_word' id='word_1_663' title='bbox 2770 3968 2836 4023; x_wconf 86' lang='lat' dir='ltr'><strong>ad</strong></span> <span class='ocrx_word' id='word_1_664' title='bbox 2867 3967 3232 4038; x_wconf 84' lang='lat' dir='ltr'><strong>Epiphanium</strong></span> <span class='ocrx_word' id='word_1_665' title='bbox 3264 3984 3277 4020; x_wconf 90' lang='lat'><strong>:</strong></span> <span class='ocrx_word' id='word_1_666' title='bbox 3310 3968 3411 4022; x_wconf 80' lang='lat' dir='ltr'><strong>Sa-</strong></span> 
     </span>
    </p>
   </div>
   <div class='ocr_carea' id='block_1_89' title="bbox 1832 4057 3413 4129">
    <p class='ocr_par' dir='ltr' id='par_1_89' title="bbox 1832 4057 3413 4129">
     <span class='ocr_line' id='line_1_89' title="bbox 1832 4057 3413 4129; baseline -0.001 -17"><span class='ocrx_word' id='word_1_667' title='bbox 1832 4057 1986 4127; x_wconf 89' lang='lat' dir='ltr'><strong>piens</strong></span> <span class='ocrx_word' id='word_1_668' title='bbox 2022 4057 2316 4129; x_wconf 84' lang='lat' dir='ltr'><strong>Epiphani.</strong></span> <span class='ocrx_word' id='word_1_669' title='bbox 2360 4074 2621 4115; x_wconf 85' lang='lat' dir='ltr'><strong>assensus</strong></span> <span class='ocrx_word' id='word_1_670' title='bbox 2670 4075 2730 4115; x_wconf 87' lang='lat' dir='ltr'><strong>es</strong></span> <span class='ocrx_word' id='word_1_671' title='bbox 2775 4075 2897 4115; x_wconf 89' lang='lat' dir='ltr'><strong>meo</strong></span> <span class='ocrx_word' id='word_1_672' title='bbox 2939 4058 3153 4114; x_wconf 85' lang='lat' dir='ltr'><strong>exsilio.</strong></span> <span class='ocrx_word' id='word_1_673' title='bbox 3224 4058 3280 4112; x_wconf 93' lang='lat' dir='ltr'><strong>ln</strong></span> <span class='ocrx_word' id='word_1_674' title='bbox 3316 4069 3413 4114; x_wconf 88' lang='lat' dir='ltr'><strong>tuo</strong></span> 
     </span>
    </p>
   </div>
   <div class='ocr_carea' id='block_1_90' title="bbox 1833 4150 3411 4222">
    <p class='ocr_par' dir='ltr' id='par_1_90' title="bbox 1833 4150 3411 4222">
     <span class='ocr_line' id='line_1_90' title="bbox 1833 4150 3411 4222; baseline -0.001 -17"><span class='ocrx_word' id='word_1_675' title='bbox 1833 4152 2033 4205; x_wconf 85' lang='lat' dir='ltr'><strong>throno</strong></span> <span class='ocrx_word' id='word_1_676' title='bbox 2073 4166 2184 4205; x_wconf 89' lang='lat' dir='ltr'><strong>non</strong></span> <span class='ocrx_word' id='word_1_677' title='bbox 2227 4152 2443 4207; x_wconf 75' lang='lat' dir='ltr'><strong>sedeliis</strong></span> <span class='ocrx_word' id='word_1_678' title='bbox 2487 4151 2742 4222; x_wconf 88' lang='lat' dir='ltr'><strong>amplius.</strong></span> <span class='ocrx_word' id='word_1_679' title='bbox 2790 4152 2870 4205; x_wconf 80' lang='lat' dir='ltr'><strong>Ad</strong></span> <span class='ocrx_word' id='word_1_680' title='bbox 2916 4150 3182 4205; x_wconf 82' lang='lat' dir='ltr'><strong>Joannem</strong></span> <span class='ocrx_word' id='word_1_681' title='bbox 3230 4161 3411 4205; x_wconf 87' lang='lat' dir='ltr'><strong>autem</strong></span> 
     </span>
    </p>
   </div>
   <div class='ocr_carea' id='block_1_91' title="bbox 1836 4239 3415 4311">
    <p class='ocr_par' dir='ltr' id='par_1_91' title="bbox 1836 4239 3415 4311">
     <span class='ocr_line' id='line_1_91' title="bbox 1836 4239 3415 4311; baseline -0.001 -17"><span class='ocrx_word' id='word_1_682' title='bbox 1836 4241 2117 4311; x_wconf 89' lang='lat' dir='ltr'><strong>rescripsit</strong></span> <span class='ocrx_word' id='word_1_683' title='bbox 2169 4240 2505 4311; x_wconf 76' lang='lat' dir='ltr'><strong>Epiphanius</strong></span> <span class='ocrx_word' id='word_1_684' title='bbox 2538 4256 2551 4292; x_wconf 90' lang='lat'><strong>:</strong></span> <span class='ocrx_word' id='word_1_685' title='bbox 2584 4241 2798 4295; x_wconf 81' lang='lat' dir='ltr'><strong>Athleta</strong></span> <span class='ocrx_word' id='word_1_686' title='bbox 2850 4239 3074 4304; x_wconf 87' lang='lat' dir='ltr'><strong>Christi,</strong></span> <span class='ocrx_word' id='word_1_687' title='bbox 3127 4240 3415 4295; x_wconf 79' lang='lat' dir='ltr'><strong>verberare</strong></span> 
     </span>
    </p>
   </div>
   <div class='ocr_carea' id='block_1_92' title="bbox 176 4324 1722 4427">
    <p class='ocr_par' dir='ltr' id='par_1_92' title="bbox 176 4328 1722 4408">
     <span class='ocr_line' id='line_1_92' title="bbox 176 4328 1722 4408; baseline 0.003 -25"><span class='ocrx_word' id='word_1_688' title='bbox 176 4331 397 4408; x_wconf 75' lang='grc' dir='ltr'>Ἰωὰννῃο</span> <span class='ocrx_word' id='word_1_689' title='bbox 437 4333 691 4406; x_wconf 74' lang='grc' dir='ltr'>Ἀθλητά,</span> <span class='ocrx_word' id='word_1_690' title='bbox 740 4333 896 4405; x_wconf 78' lang='grc' dir='ltr'>δέρον</span> <span class='ocrx_word' id='word_1_691' title='bbox 943 4334 1035 4387; x_wconf 80' lang='grc' dir='ltr'><strong>καὶ</strong></span> <span class='ocrx_word' id='word_1_692' title='bbox 1064 4334 1223 4387; x_wconf 71' lang='grc' dir='ltr'><strong>νίκα⁸</strong></span> <span class='ocrx_word' id='word_1_693' title='bbox 1254 4334 1370 4387; x_wconf 86' lang='grc' dir='ltr'>ἀνθ’</span> <span class='ocrx_word' id='word_1_694' title='bbox 1409 4328 1484 4387; x_wconf 81' lang='grc' dir='ltr'>ὧν</span> <span class='ocrx_word' id='word_1_695' title='bbox 1512 4334 1568 4387; x_wconf 83' lang='grc' dir='ltr'>δὲ</span> <span class='ocrx_word' id='word_1_696' title='bbox 1610 4333 1722 4387; x_wconf 77' lang='grc' dir='ltr'>ἐπί-</span> 
     </span>
    </p>
   </div>
   <div class='ocr_carea' id='block_1_93' title="bbox 1827 4324 3415 4427">
    <p class='ocr_par' dir='ltr' id='par_1_93' title="bbox 1836 4324 3415 4398">
     <span class='ocr_line' id='line_1_93' title="bbox 1836 4324 3415 4398; baseline -0.003 -10"><span class='ocrx_word' id='word_1_697' title='bbox 1836 4343 1891 4388; x_wconf 90' lang='lat' dir='ltr'><strong>et</strong></span> <span class='ocrx_word' id='word_1_698' title='bbox 1956 4333 2130 4388; x_wconf 86' lang='lat' dir='ltr'><strong>vince.</strong></span> <span class='ocrx_word' id='word_1_699' title='bbox 2197 4324 2365 4398; x_wconf 75' lang='lat' dir='ltr'><strong>Quod</strong></span> <span class='ocrx_word' id='word_1_700' title='bbox 2442 4343 2620 4387; x_wconf 88' lang='lat' dir='ltr'><strong>autem</strong></span> <span class='ocrx_word' id='word_1_701' title='bbox 2692 4331 3006 4396; x_wconf 84' lang='lat' dir='ltr'><strong>credidisti,</strong></span> <span class='ocrx_word' id='word_1_702' title='bbox 3078 4346 3165 4385; x_wconf 88' lang='lat' dir='ltr'><strong>me</strong></span> <span class='ocrx_word' id='word_1_703' title='bbox 3222 4330 3415 4386; x_wconf 82' lang='lat' dir='ltr'><strong>exsilio</strong></span> 
     </span>
    </p>
   </div>
   <div class='ocr_carea' id='block_1_94' title="bbox 178 4423 1728 4497">
    <p class='ocr_par' dir='ltr' id='par_1_94' title="bbox 178 4423 1728 4497">
     <span class='ocr_line' id='line_1_94' title="bbox 178 4423 1728 4497; baseline 0.003 -24"><span class='ocrx_word' id='word_1_704' title='bbox 178 4436 382 4488; x_wconf 83' lang='grc' dir='ltr'>στενσας</span> <span class='ocrx_word' id='word_1_705' title='bbox 423 4427 505 4479; x_wconf 83' lang='grc' dir='ltr'><strong>ὅτι</strong></span> <span class='ocrx_word' id='word_1_706' title='bbox 548 4423 661 4493; x_wconf 77' lang='grc' dir='ltr'>ἐγὼ</span> <span class='ocrx_word' id='word_1_707' title='bbox 713 4426 978 4495; x_wconf 79' lang='grc' dir='ltr'>συνῄνεσα</span> <span class='ocrx_word' id='word_1_708' title='bbox 1021 4425 1114 4477; x_wconf 77' lang='grc' dir='ltr'>ἐπὶ</span> <span class='ocrx_word' id='word_1_709' title='bbox 1157 4427 1222 4495; x_wconf 79' lang='grc' dir='ltr'>τῇ</span> <span class='ocrx_word' id='word_1_710' title='bbox 1266 4425 1483 4497; x_wconf 76' lang='grc' dir='ltr'>ἐξορίᾳ,</span> <span class='ocrx_word' id='word_1_711' title='bbox 1516 4425 1609 4479; x_wconf 72' lang='grc' dir='ltr'>ἐπὶ</span> <span class='ocrx_word' id='word_1_712' title='bbox 1650 4424 1728 4496; x_wconf 81' lang='grc' dir='ltr'>τῷ</span> 
     </span>
    </p>
   </div>
   <div class='ocr_carea' id='block_1_95' title="bbox 177 4512 1729 4591">
    <p class='ocr_par' dir='ltr' id='par_1_95' title="bbox 177 4512 1729 4591">
     <span class='ocr_line' id='line_1_95' title="bbox 177 4512 1729 4591; baseline 0.006 -28"><span class='ocrx_word' id='word_1_713' title='bbox 177 4514 306 4586; x_wconf 68' lang='grc' dir='ltr'>τόπῳ</span> <span class='ocrx_word' id='word_1_714' title='bbox 334 4512 375 4585; x_wconf 81' lang='grc' dir='ltr'>ᾧ</span> <span class='ocrx_word' id='word_1_715' title='bbox 407 4516 741 4590; x_wconf 79' lang='grc' dir='ltr'>ἐξωρίσοης,</span> <span class='ocrx_word' id='word_1_716' title='bbox 783 4518 844 4569; x_wconf 80' lang='grc' dir='ltr'><strong>οὐ</strong></span> <span class='ocrx_word' id='word_1_717' title='bbox 883 4517 957 4589; x_wconf 79' lang='grc' dir='ltr'>μὴ</span> <span class='ocrx_word' id='word_1_718' title='bbox 991 4518 1222 4591; x_wconf 84' lang='grc' dir='ltr'>φθάσῃς.</span> <span class='ocrx_word' id='word_1_719' title='bbox 1251 4517 1436 4571; x_wconf 80' lang='grc' dir='ltr'>Ταῦτα</span> <span class='ocrx_word' id='word_1_720' title='bbox 1469 4517 1525 4572; x_wconf 80' lang='grc' dir='ltr'>δὲ</span> <span class='ocrx_word' id='word_1_721' title='bbox 1563 4516 1729 4590; x_wconf 77' lang='grc' dir='ltr'>ἐγρα·</span> 
     </span>
    </p>
   </div>
   <div class='ocr_carea' id='block_1_96' title="bbox 177 4600 1729 4683">
    <p class='ocr_par' dir='ltr' id='par_1_96' title="bbox 177 4600 1729 4683">
     <span class='ocr_line' id='line_1_96' title="bbox 177 4600 1729 4683; baseline 0.003 -25"><span class='ocrx_word' id='word_1_722' title='bbox 177 4600 255 4669; x_wconf 60' lang='grc' dir='ltr'>φα,</span> <span class='ocrx_word' id='word_1_723' title='bbox 301 4607 544 4678; x_wconf 70' lang='grc' dir='ltr'>ἀδελφοὶ,</span> <span class='ocrx_word' id='word_1_724' title='bbox 590 4608 677 4661; x_wconf 80' lang='grc' dir='ltr'><strong>ἴνα</strong></span> <span class='ocrx_word' id='word_1_725' title='bbox 727 4609 800 4679; x_wconf 86' lang='grc' dir='ltr'>μή</span> <span class='ocrx_word' id='word_1_726' title='bbox 847 4626 931 4672; x_wconf 91' lang='grc' dir='ltr'><strong>τις</strong></span> <span class='ocrx_word' id='word_1_727' title='bbox 980 4608 1059 4680; x_wconf 80' lang='grc' dir='ltr'>τῷ</span> <span class='ocrx_word' id='word_1_728' title='bbox 1105 4609 1410 4681; x_wconf 71' lang='grc' dir='ltr'>Ἐπιφανίῳ</span> <span class='ocrx_word' id='word_1_729' title='bbox 1449 4610 1729 4683; x_wconf 49' lang='lat' dir='ltr'><strong>tapetes.</strong></span> 
     </span>
    </p>
   </div>
   <div class='ocr_carea' id='block_1_97' title="bbox 177 4695 1730 4775">
    <p class='ocr_par' dir='ltr' id='par_1_97' title="bbox 177 4695 1730 4775">
     <span class='ocr_line' id='line_1_97' title="bbox 177 4695 1730 4775; baseline 0.003 -24"><span class='ocrx_word' id='word_1_730' title='bbox 177 4695 319 4764; x_wconf 64' lang='grc' dir='ltr'>ψίγον</span> <span class='ocrx_word' id='word_1_731' title='bbox 349 4701 468 4772; x_wconf 76' lang='grc' dir='ltr'>περὶ</span> <span class='ocrx_word' id='word_1_732' title='bbox 515 4700 729 4754; x_wconf 80' lang='grc' dir='ltr'>τούτου.</span> <span class='ocrx_word' id='word_1_733' title='bbox 771 4700 829 4753; x_wconf 85' lang='grc' dir='ltr'>Ὀ</span> <span class='ocrx_word' id='word_1_734' title='bbox 874 4700 982 4772; x_wconf 75' lang='grc' dir='ltr'><strong>γὰρ</strong></span> <span class='ocrx_word' id='word_1_735' title='bbox 1012 4700 1250 4754; x_wconf 81' lang='grc' dir='ltr'>τοσαῦτα</span> <span class='ocrx_word' id='word_1_736' title='bbox 1283 4700 1424 4754; x_wconf 86' lang='grc' dir='ltr'>καλὰ</span> <span class='ocrx_word' id='word_1_737' title='bbox 1455 4701 1730 4775; x_wconf 85' lang='grc' dir='ltr'>κατορθώ-</span> 
     </span>
    </p>
   </div>
   <div class='ocr_carea' id='block_1_98' title="bbox 181 4788 1729 4866">
    <p class='ocr_par' dir='ltr' id='par_1_98' title="bbox 181 4788 1729 4866">
     <span class='ocr_line' id='line_1_98' title="bbox 181 4788 1729 4866; baseline 0.003 -23"><span class='ocrx_word' id='word_1_738' title='bbox 181 4803 262 4850; x_wconf 73' lang='lat'><strong>&#39;31;</strong></span> <span class='ocrx_word' id='word_1_739' title='bbox 293 4794 366 4855; x_wconf 79' lang='grc' dir='ltr'>εἰς</span> <span class='ocrx_word' id='word_1_740' title='bbox 396 4793 646 4847; x_wconf 80' lang='grc' dir='ltr'>τοσοῦτον</span> <span class='ocrx_word' id='word_1_741' title='bbox 687 4792 852 4865; x_wconf 83' lang='grc' dir='ltr'>βάθος</span> <span class='ocrx_word' id='word_1_742' title='bbox 881 4792 1068 4847; x_wconf 80' lang='grc' dir='ltr'>κακῶν</span> <span class='ocrx_word' id='word_1_743' title='bbox 1108 4788 1253 4864; x_wconf 80' lang='grc' dir='ltr'>εἶχεν</span> <span class='ocrx_word' id='word_1_744' title='bbox 1288 4794 1607 4857; x_wconf 73' lang='grc' dir='ltr'>κατελθεῖνς</span> <span class='ocrx_word' id='word_1_745' title='bbox 1638 4795 1729 4866; x_wconf 86' lang='grc' dir='ltr'><strong>Μὴ</strong></span> 
     </span>
    </p>
   </div>
   <div class='ocr_carea' id='block_1_99' title="bbox 180 4878 1730 4957">
    <p class='ocr_par' dir='ltr' id='par_1_99' title="bbox 180 4878 1730 4957">
     <span class='ocr_line' id='line_1_99' title="bbox 180 4878 1730 4957; baseline 0.006 -27"><span class='ocrx_word' id='word_1_746' title='bbox 180 4878 378 4943; x_wconf 71' lang='grc' dir='ltr'>γένοιτο.</span> <span class='ocrx_word' id='word_1_747' title='bbox 410 4885 774 4941; x_wconf 77' lang='grc' dir='ltr'>Εἰσελθόντων</span> <span class='ocrx_word' id='word_1_748' title='bbox 818 4885 874 4938; x_wconf 83' lang='grc' dir='ltr'>δὲ</span> <span class='ocrx_word' id='word_1_749' title='bbox 921 4883 1079 4956; x_wconf 76' lang='grc' dir='ltr'>ἡμῶν</span> <span class='ocrx_word' id='word_1_750' title='bbox 1112 4887 1169 4939; x_wconf 77' lang='grc' dir='ltr'><strong>ὲν</strong></span> <span class='ocrx_word' id='word_1_751' title='bbox 1211 4886 1288 4957; x_wconf 83' lang='grc' dir='ltr'>τῷ</span> <span class='ocrx_word' id='word_1_752' title='bbox 1323 4884 1587 4956; x_wconf 82' lang='grc' dir='ltr'>βασιλικῴ</span> <span class='ocrx_word' id='word_1_753' title='bbox 1630 4902 1730 4939; x_wconf 87' lang='grc' dir='ltr'>τα-</span> 
     </span>
    </p>
   </div>
   <div class='ocr_carea' id='block_1_100' title="bbox 184 4966 1732 5048">
    <p class='ocr_par' dir='ltr' id='par_1_100' title="bbox 184 4966 1732 5048">
     <span class='ocr_line' id='line_1_100' title="bbox 184 4966 1732 5048; baseline -0.002 -14"><span class='ocrx_word' id='word_1_754' title='bbox 184 4973 339 5044; x_wconf 73' lang='grc' dir='ltr'>μιείῳ,</span> <span class='ocrx_word' id='word_1_755' title='bbox 369 4979 689 5044; x_wconf 79' lang='grc' dir='ltr'>συνετάξατο</span> <span class='ocrx_word' id='word_1_756' title='bbox 717 4978 1041 5047; x_wconf 71' lang='grc' dir='ltr'>Ἐπιφάνιοςι</span> <span class='ocrx_word' id='word_1_757' title='bbox 1054 4980 1168 5041; x_wconf 90' lang='grc' dir='ltr'>τοῖς</span> <span class='ocrx_word' id='word_1_758' title='bbox 1201 4966 1510 5048; x_wconf 75' lang='grc' dir='ltr'>βασιλεῦσίν</span> <span class='ocrx_word' id='word_1_759' title='bbox 1538 4979 1629 5031; x_wconf 69' lang='grc' dir='ltr'>ἐπὶ</span> <span class='ocrx_word' id='word_1_760' title='bbox 1654 4976 1732 5048; x_wconf 84' lang='grc' dir='ltr'>τῷ</span> 
     </span>
    </p>
   </div>
   <div class='ocr_carea' id='block_1_101' title="bbox 184 5062 1733 5144">
    <p class='ocr_par' dir='ltr' id='par_1_101' title="bbox 184 5062 1733 5144">
     <span class='ocr_line' id='line_1_101' title="bbox 184 5062 1733 5144; baseline 0.003 -27"><span class='ocrx_word' id='word_1_761' title='bbox 184 5062 485 5125; x_wconf 74' lang='grc' dir='ltr'>ἀποπλεῦσαι</span> <span class='ocrx_word' id='word_1_762' title='bbox 513 5074 664 5144; x_wconf 78' lang='grc' dir='ltr'>ἡμᾶς</span> <span class='ocrx_word' id='word_1_763' title='bbox 704 5074 798 5126; x_wconf 72' lang='grc' dir='ltr'>ἐπὶ</span> <span class='ocrx_word' id='word_1_764' title='bbox 841 5072 942 5142; x_wconf 83' lang='grc' dir='ltr'>τῆς</span> <span class='ocrx_word' id='word_1_765' title='bbox 986 5071 1273 5142; x_wconf 84' lang='grc' dir='ltr'>Κυπρίων.</span> <span class='ocrx_word' id='word_1_766' title='bbox 1315 5068 1643 5144; x_wconf 73' lang='grc' dir='ltr'>Ἐρωτηθεὶς</span> <span class='ocrx_word' id='word_1_767' title='bbox 1674 5069 1733 5122; x_wconf 82' lang='grc' dir='ltr'>δὲ</span> 
     </span>
    </p>
   </div>
   <div class='ocr_carea' id='block_1_102' title="bbox 184 5152 1734 5236">
    <p class='ocr_par' dir='ltr' id='par_1_102' title="bbox 184 5152 1734 5236">
     <span class='ocr_line' id='line_1_102' title="bbox 184 5152 1734 5236; baseline 0.001 -24"><span class='ocrx_word' id='word_1_768' title='bbox 184 5152 463 5227; x_wconf 72' lang='grc' dir='ltr'>Ἑπιφάνιος</span> <span class='ocrx_word' id='word_1_769' title='bbox 507 5164 661 5236; x_wconf 79' lang='grc' dir='ltr'><strong>παρά</strong></span> <span class='ocrx_word' id='word_1_770' title='bbox 702 5163 984 5235; x_wconf 82' lang='grc' dir='ltr'>Ἀρκαδίου</span> <span class='ocrx_word' id='word_1_771' title='bbox 1019 5160 1112 5216; x_wconf 79' lang='grc' dir='ltr'>τοῦ</span> <span class='ocrx_word' id='word_1_772' title='bbox 1146 5161 1408 5232; x_wconf 85' lang='grc' dir='ltr'>βασιλέως</span> <span class='ocrx_word' id='word_1_773' title='bbox 1437 5160 1517 5226; x_wconf 79' lang='grc' dir='ltr'><strong>τὸ,</strong></span> <span class='ocrx_word' id='word_1_774' title='bbox 1553 5161 1734 5213; x_wconf 81' lang='grc' dir='ltr'>πόσων</span> 
     </span>
    </p>
   </div>
   <div class='ocr_carea' id='block_1_103' title="bbox 186 5245 1733 5327">
    <p class='ocr_par' dir='ltr' id='par_1_103' title="bbox 186 5245 1733 5327">
     <span class='ocr_line' id='line_1_103' title="bbox 186 5245 1733 5327; baseline 0.003 -28"><span class='ocrx_word' id='word_1_775' title='bbox 186 5245 302 5300; x_wconf 79' lang='grc' dir='ltr'>ἐτῶν</span> <span class='ocrx_word' id='word_1_776' title='bbox 332 5251 588 5327; x_wconf 82' lang='grc' dir='ltr'>ὑπάρχει,</span> <span class='ocrx_word' id='word_1_777' title='bbox 634 5250 813 5309; x_wconf 80' lang='grc' dir='ltr'>εἶπεν·</span> <span class='ocrx_word' id='word_1_778' title='bbox 852 5253 1079 5308; x_wconf 82' lang='grc' dir='ltr'>Ἑκατὸν</span> <span class='ocrx_word' id='word_1_779' title='bbox 1112 5253 1208 5307; x_wconf 71' lang='grc' dir='ltr'><strong>καὶ</strong></span> <span class='ocrx_word' id='word_1_780' title='bbox 1256 5252 1418 5306; x_wconf 86' lang='grc' dir='ltr'>πέντε</span> <span class='ocrx_word' id='word_1_781' title='bbox 1449 5253 1584 5305; x_wconf 80' lang='grc' dir='ltr'>ἐτῶν</span> <span class='ocrx_word' id='word_1_782' title='bbox 1617 5253 1733 5322; x_wconf 81' lang='grc' dir='ltr'>εἰμι</span> 
     </span>
    </p>
   </div>
   <div class='ocr_carea' id='block_1_104' title="bbox 187 5340 1732 5418">
    <p class='ocr_par' dir='ltr' id='par_1_104' title="bbox 187 5340 1732 5418">
     <span class='ocr_line' id='line_1_104' title="bbox 187 5340 1732 5418; baseline 0.002 -26"><span class='ocrx_word' id='word_1_783' title='bbox 187 5340 315 5411; x_wconf 70' lang='grc' dir='ltr'>παρὰ</span> <span class='ocrx_word' id='word_1_784' title='bbox 342 5348 478 5417; x_wconf 81' lang='grc' dir='ltr'>τρεῖς</span> <span class='ocrx_word' id='word_1_785' title='bbox 507 5346 706 5418; x_wconf 82' lang='grc' dir='ltr'>μῆνας.</span> <span class='ocrx_word' id='word_1_786' title='bbox 748 5340 916 5411; x_wconf 75' lang='grc' dir='ltr'>Οὗτος</span> <span class='ocrx_word' id='word_1_787' title='bbox 959 5346 1055 5416; x_wconf 86' lang='lat' dir='ltr'><strong>(a),</strong></span> <span class='ocrx_word' id='word_1_788' title='bbox 1093 5344 1278 5417; x_wconf 63' lang='grc' dir='ltr'>φησιν,</span> <span class='ocrx_word' id='word_1_789' title='bbox 1307 5343 1569 5415; x_wconf 79' lang='grc' dir='ltr'>ἑξήκοντα</span> <span class='ocrx_word' id='word_1_790' title='bbox 1593 5343 1732 5396; x_wconf 76' lang='grc' dir='ltr'>ἐτῶν</span> 
     </span>
    </p>
   </div>
   <div class='ocr_carea' id='block_1_105' title="bbox 244 5498 711 5570">
    <p class='ocr_par' dir='ltr' id='par_1_105' title="bbox 244 5498 711 5570">
     <span class='ocr_line' id='line_1_105' title="bbox 244 5498 711 5570; baseline 0.017 -17"><span class='ocrx_word' id='word_1_791' title='bbox 244 5498 279 5530; x_wconf 84' lang='grc'>¹¹</span> <span class='ocrx_word' id='word_1_792' title='bbox 315 5500 438 5558; x_wconf 81' lang='lat' dir='ltr'><strong>Luc.</strong></span> <span class='ocrx_word' id='word_1_793' title='bbox 477 5522 550 5570; x_wconf 67' lang='lat' dir='ltr'><strong>rt,</strong></span> <span class='ocrx_word' id='word_1_794' title='bbox 583 5505 674 5560; x_wconf 85' lang='lat'><strong>&#39;50.</strong></span> <span class='ocrx_word' id='word_1_795' title='bbox 704 5541 711 5547; x_wconf 68' lang='grc' dir='ltr'><strong>ι</strong></span> 
     </span>
    </p>
   </div>
   <div class='ocr_carea' id='block_1_106' title="bbox 244 5638 717 5706">
    <p class='ocr_par' dir='ltr' id='par_1_106' title="bbox 244 5638 717 5706">
     <span class='ocr_line' id='line_1_106' title="bbox 244 5638 717 5706; baseline -0.002 -9"><span class='ocrx_word' id='word_1_796' title='bbox 244 5641 312 5706; x_wconf 76' lang='grc' dir='ltr'><strong>(α)</strong></span> <span class='ocrx_word' id='word_1_797' title='bbox 348 5638 497 5697; x_wconf 73' lang='lat' dir='ltr'><strong>Forte</strong></span> <span class='ocrx_word' id='word_1_798' title='bbox 522 5641 717 5705; x_wconf 73' lang='grc' dir='ltr'>οὕτως.</span> 
     </span>
    </p>
   </div>
   <div class='ocr_carea' id='block_1_107' title="bbox 399 5753 1053 5815">
    <p class='ocr_par' dir='ltr' id='par_1_107' title="bbox 399 5753 1053 5815">
     <span class='ocr_line' id='line_1_107' title="bbox 399 5753 1053 5815; baseline -0.003 -2"><span class='ocrx_word' id='word_1_799' title='bbox 399 5754 668 5815; x_wconf 55' lang='lat' dir='ltr'><strong>Parnm.</strong></span> <span class='ocrx_word' id='word_1_800' title='bbox 718 5753 835 5813; x_wconf 74' lang='lat' dir='ltr'><strong>(in.</strong></span> <span class='ocrx_word' id='word_1_801' title='bbox 886 5753 940 5811; x_wconf 78' lang='grc' dir='ltr'><strong>Χ</strong></span> <span class='ocrx_word' id='word_1_802' title='bbox 955 5753 1053 5813; x_wconf 79' lang='lat' dir='ltr'><strong>LI.</strong></span> 
     </span>
    </p>
   </div>
   <div class='ocr_carea' id='block_1_108' title="bbox 1840 4422 3413 4492">
    <p class='ocr_par' dir='ltr' id='par_1_108' title="bbox 1840 4422 3413 4492">
     <span class='ocr_line' id='line_1_108' title="bbox 1840 4422 3413 4492; baseline 0 -15"><span class='ocrx_word' id='word_1_803' title='bbox 1840 4432 1935 4480; x_wconf 89' lang='lat' dir='ltr'><strong>tuo</strong></span> <span class='ocrx_word' id='word_1_804' title='bbox 1969 4422 2138 4480; x_wconf 87' lang='lat' dir='ltr'><strong>fuisse</strong></span> <span class='ocrx_word' id='word_1_805' title='bbox 2212 4437 2539 4489; x_wconf 86' lang='lat' dir='ltr'><strong>assensum,</strong></span> <span class='ocrx_word' id='word_1_806' title='bbox 2594 4423 2649 4477; x_wconf 90' lang='lat' dir='ltr'><strong>in</strong></span> <span class='ocrx_word' id='word_1_807' title='bbox 2707 4423 2887 4479; x_wconf 89' lang='lat' dir='ltr'><strong>locum</strong></span> <span class='ocrx_word' id='word_1_808' title='bbox 2947 4422 3017 4478; x_wconf 86' lang='lat' dir='ltr'><strong>ad</strong></span> <span class='ocrx_word' id='word_1_809' title='bbox 3066 4437 3227 4492; x_wconf 88' lang='lat' dir='ltr'><strong>quem</strong></span> <span class='ocrx_word' id='word_1_810' title='bbox 3263 4422 3413 4478; x_wconf 80' lang='lat' dir='ltr'><strong>fuisti</strong></span> 
     </span>
    </p>
   </div>
   <div class='ocr_carea' id='block_1_109' title="bbox 1836 4500 3418 4588">
    <p class='ocr_par' dir='ltr' id='par_1_109' title="bbox 1836 4500 3418 4588">
     <span class='ocr_line' id='line_1_109' title="bbox 1836 4500 3418 4588; baseline -0.001 -18"><span class='ocrx_word' id='word_1_811' title='bbox 1836 4500 2140 4588; x_wconf 81' lang='lat' dir='ltr'><strong>relegatus,</strong></span> <span class='ocrx_word' id='word_1_812' title='bbox 2168 4530 2278 4571; x_wconf 91' lang='lat' dir='ltr'><strong>non</strong></span> <span class='ocrx_word' id='word_1_813' title='bbox 2314 4516 2518 4572; x_wconf 84' lang='lat' dir='ltr'><strong>venies.</strong></span> <span class='ocrx_word' id='word_1_814' title='bbox 2554 4514 2681 4571; x_wconf 72' lang='lat' dir='ltr'><strong>Haec</strong></span> <span class='ocrx_word' id='word_1_815' title='bbox 2727 4515 2946 4585; x_wconf 89' lang='lat' dir='ltr'><strong>scripsi,</strong></span> <span class='ocrx_word' id='word_1_816' title='bbox 2994 4530 3028 4570; x_wconf 92' lang='grc' dir='ltr'><strong>ο</strong></span> <span class='ocrx_word' id='word_1_817' title='bbox 3083 4513 3312 4580; x_wconf 86' lang='lat' dir='ltr'><strong>fratres,</strong></span> <span class='ocrx_word' id='word_1_818' title='bbox 3348 4531 3418 4569; x_wconf 88' lang='lat' dir='ltr'><strong>ne</strong></span> 
     </span>
    </p>
   </div>
   <div class='ocr_carea' id='block_1_110' title="bbox 1836 4603 3415 4679">
    <p class='ocr_par' dir='ltr' id='par_1_110' title="bbox 1836 4603 3415 4679">
     <span class='ocr_line' id='line_1_110' title="bbox 1836 4603 3415 4679; baseline -0.003 -16"><span class='ocrx_word' id='word_1_819' title='bbox 1836 4608 1961 4678; x_wconf 90' lang='lat' dir='ltr'><strong>quis</strong></span> <span class='ocrx_word' id='word_1_820' title='bbox 2015 4608 2120 4663; x_wconf 83' lang='lat' dir='ltr'><strong>hoc</strong></span> <span class='ocrx_word' id='word_1_821' title='bbox 2167 4608 2425 4679; x_wconf 91' lang='lat' dir='ltr'><strong>probrum</strong></span> <span class='ocrx_word' id='word_1_822' title='bbox 2476 4607 2722 4664; x_wconf 88' lang='lat' dir='ltr'><strong>conferat</strong></span> <span class='ocrx_word' id='word_1_823' title='bbox 2771 4608 2825 4662; x_wconf 91' lang='lat' dir='ltr'><strong>in</strong></span> <span class='ocrx_word' id='word_1_824' title='bbox 2878 4605 3265 4677; x_wconf 86' lang='lat' dir='ltr'><strong>Epiphanium.</strong></span> <span class='ocrx_word' id='word_1_825' title='bbox 3310 4603 3415 4671; x_wconf 81' lang='lat' dir='ltr'><strong>Qui</strong></span> 
     </span>
    </p>
   </div>
   <div class='ocr_carea' id='block_1_111' title="bbox 1836 4696 3415 4759">
    <p class='ocr_par' dir='ltr' id='par_1_111' title="bbox 1836 4696 3415 4759">
     <span class='ocr_line' id='line_1_111' title="bbox 1836 4696 3415 4759; baseline -0.004 -5"><span class='ocrx_word' id='word_1_826' title='bbox 1836 4698 1982 4754; x_wconf 85' lang='lat' dir='ltr'><strong>enim</strong></span> <span class='ocrx_word' id='word_1_827' title='bbox 2036 4706 2116 4753; x_wconf 87' lang='lat' dir='ltr'><strong>tot</strong></span> <span class='ocrx_word' id='word_1_828' title='bbox 2165 4707 2220 4752; x_wconf 79' lang='lat' dir='ltr'><strong>et</strong></span> <span class='ocrx_word' id='word_1_829' title='bbox 2266 4706 2413 4753; x_wconf 87' lang='lat' dir='ltr'><strong>tanta</strong></span> <span class='ocrx_word' id='word_1_830' title='bbox 2467 4699 2608 4753; x_wconf 83' lang='lat' dir='ltr'><strong>bona</strong></span> <span class='ocrx_word' id='word_1_831' title='bbox 2654 4700 2891 4759; x_wconf 87' lang='lat' dir='ltr'><strong>fecerat,</strong></span> <span class='ocrx_word' id='word_1_832' title='bbox 2936 4704 3054 4751; x_wconf 88' lang='lat' dir='ltr'><strong>erat</strong></span> <span class='ocrx_word' id='word_1_833' title='bbox 3096 4696 3150 4750; x_wconf 91' lang='lat' dir='ltr'><strong>in</strong></span> <span class='ocrx_word' id='word_1_834' title='bbox 3204 4704 3415 4749; x_wconf 88' lang='lat' dir='ltr'><strong>taututn</strong></span> 
     </span>
    </p>
   </div>
   <div class='ocr_carea' id='block_1_112' title="bbox 1838 4786 3414 4858">
    <p class='ocr_par' dir='ltr' id='par_1_112' title="bbox 1838 4786 3414 4858">
     <span class='ocr_line' id='line_1_112' title="bbox 1838 4786 3414 4858; baseline -0.003 -16"><span class='ocrx_word' id='word_1_835' title='bbox 1838 4788 2107 4844; x_wconf 87' lang='lat' dir='ltr'><strong>malorum</strong></span> <span class='ocrx_word' id='word_1_836' title='bbox 2139 4788 2468 4858; x_wconf 87' lang='lat' dir='ltr'><strong>profundum</strong></span> <span class='ocrx_word' id='word_1_837' title='bbox 2505 4788 2911 4845; x_wconf 78' lang='lat' dir='ltr'><strong>descensurus?</strong></span> <span class='ocrx_word' id='word_1_838' title='bbox 2939 4786 3206 4857; x_wconf 83' lang='lat' dir='ltr'><strong>Ingressis</strong></span> <span class='ocrx_word' id='word_1_839' title='bbox 3234 4797 3414 4841; x_wconf 85' lang='lat' dir='ltr'><strong>autem</strong></span> 
     </span>
    </p>
   </div>
   <div class='ocr_carea' id='block_1_113' title="bbox 1838 4876 3420 4950">
    <p class='ocr_par' dir='ltr' id='par_1_113' title="bbox 1838 4876 3420 4950">
     <span class='ocr_line' id='line_1_113' title="bbox 1838 4876 3420 4950; baseline -0.003 -16"><span class='ocrx_word' id='word_1_840' title='bbox 1838 4881 1996 4936; x_wconf 87' lang='lat' dir='ltr'><strong>nobis</strong></span> <span class='ocrx_word' id='word_1_841' title='bbox 2040 4881 2094 4941; x_wconf 91' lang='lat' dir='ltr'><strong>in</strong></span> <span class='ocrx_word' id='word_1_842' title='bbox 2146 4881 2324 4935; x_wconf 86' lang='lat' dir='ltr'><strong>aulam</strong></span> <span class='ocrx_word' id='word_1_843' title='bbox 2381 4880 2828 4950; x_wconf 86' lang='lat' dir='ltr'><strong>imperatoriam,</strong></span> <span class='ocrx_word' id='word_1_844' title='bbox 2873 4879 3043 4948; x_wconf 86' lang='lat' dir='ltr'><strong>jussit</strong></span> <span class='ocrx_word' id='word_1_845' title='bbox 3083 4876 3420 4946; x_wconf 78' lang='lat' dir='ltr'><strong>Epiphanius</strong></span> 
     </span>
    </p>
   </div>
   <div class='ocr_carea' id='block_1_114' title="bbox 1838 4965 3416 5041">
    <p class='ocr_par' dir='ltr' id='par_1_114' title="bbox 1838 4965 3416 5041">
     <span class='ocr_line' id='line_1_114' title="bbox 1838 4965 3416 5041; baseline -0.004 -15"><span class='ocrx_word' id='word_1_846' title='bbox 1838 4972 2019 5028; x_wconf 83' lang='lat' dir='ltr'><strong>valere</strong></span> <span class='ocrx_word' id='word_1_847' title='bbox 2072 4972 2461 5041; x_wconf 86' lang='lat' dir='ltr'><strong>imperatores,</strong></span> <span class='ocrx_word' id='word_1_848' title='bbox 2512 4978 2573 5024; x_wconf 90' lang='lat' dir='ltr'><strong>ut</strong></span> <span class='ocrx_word' id='word_1_849' title='bbox 2621 4969 3001 5040; x_wconf 87' lang='lat' dir='ltr'><strong>navigaremus</strong></span> <span class='ocrx_word' id='word_1_850' title='bbox 3047 4968 3102 5021; x_wconf 92' lang='lat' dir='ltr'><strong>in</strong></span> <span class='ocrx_word' id='word_1_851' title='bbox 3155 4965 3416 5037; x_wconf 78' lang='lat' dir='ltr'><strong>Cyprum.</strong></span> 
     </span>
    </p>
   </div>
   <div class='ocr_carea' id='block_1_115' title="bbox 1839 5058 3422 5133">
    <p class='ocr_par' dir='ltr' id='par_1_115' title="bbox 1839 5058 3422 5133">
     <span class='ocr_line' id='line_1_115' title="bbox 1839 5058 3422 5133; baseline -0.005 -14"><span class='ocrx_word' id='word_1_852' title='bbox 1839 5064 2214 5133; x_wconf 81' lang='lat' dir='ltr'><strong>Interrogatus</strong></span> <span class='ocrx_word' id='word_1_853' title='bbox 2255 5078 2385 5116; x_wconf 84' lang='lat' dir='ltr'><strong>vero</strong></span> <span class='ocrx_word' id='word_1_854' title='bbox 2430 5061 2768 5131; x_wconf 89' lang='lat' dir='ltr'><strong>Epiphanius</strong></span> <span class='ocrx_word' id='word_1_855' title='bbox 2801 5061 2870 5117; x_wconf 87' lang='lat' dir='ltr'><strong>ab</strong></span> <span class='ocrx_word' id='word_1_856' title='bbox 2911 5058 3148 5113; x_wconf 87' lang='lat' dir='ltr'><strong>Arcadio</strong></span> <span class='ocrx_word' id='word_1_857' title='bbox 3185 5058 3422 5127; x_wconf 88' lang='lat' dir='ltr'><strong>impera-</strong></span> 
     </span>
    </p>
   </div>
   <div class='ocr_carea' id='block_1_116' title="bbox 1842 5148 3422 5226">
    <p class='ocr_par' dir='ltr' id='par_1_116' title="bbox 1842 5148 3422 5226">
     <span class='ocr_line' id='line_1_116' title="bbox 1842 5148 3422 5226; baseline -0.004 -16"><span class='ocrx_word' id='word_1_858' title='bbox 1842 5166 1991 5222; x_wconf 91' lang='lat' dir='ltr'><strong>tore,</strong></span> <span class='ocrx_word' id='word_1_859' title='bbox 2020 5165 2154 5226; x_wconf 90' lang='lat' dir='ltr'><strong>quot</strong></span> <span class='ocrx_word' id='word_1_860' title='bbox 2205 5170 2378 5211; x_wconf 89' lang='lat' dir='ltr'><strong>annos</strong></span> <span class='ocrx_word' id='word_1_861' title='bbox 2425 5162 2571 5210; x_wconf 87' lang='lat' dir='ltr'><strong>esset</strong></span> <span class='ocrx_word' id='word_1_862' title='bbox 2624 5160 2816 5216; x_wconf 89' lang='lat' dir='ltr'><strong>natus,</strong></span> <span class='ocrx_word' id='word_1_863' title='bbox 2874 5151 3059 5206; x_wconf 80' lang='lat' dir='ltr'><strong>dixit:</strong></span> <span class='ocrx_word' id='word_1_864' title='bbox 3092 5148 3321 5205; x_wconf 89' lang='lat' dir='ltr'><strong>Centum</strong></span> <span class='ocrx_word' id='word_1_865' title='bbox 3366 5158 3422 5204; x_wconf 91' lang='lat' dir='ltr'><strong>et</strong></span> 
     </span>
    </p>
   </div>
   <div class='ocr_carea' id='block_1_117' title="bbox 1841 5242 3422 5319">
    <p class='ocr_par' dir='ltr' id='par_1_117' title="bbox 1841 5242 3422 5319">
     <span class='ocr_line' id='line_1_117' title="bbox 1841 5242 3422 5319; baseline -0.003 -16"><span class='ocrx_word' id='word_1_866' title='bbox 1841 5247 2192 5319; x_wconf 83' lang='lat' dir='ltr'><strong>quindecim,</strong></span> <span class='ocrx_word' id='word_1_867' title='bbox 2239 5257 2293 5301; x_wconf 91' lang='lat' dir='ltr'><strong>et</strong></span> <span class='ocrx_word' id='word_1_868' title='bbox 2323 5256 2436 5301; x_wconf 85' lang='lat' dir='ltr'><strong>tres</strong></span> <span class='ocrx_word' id='word_1_869' title='bbox 2477 5260 2714 5301; x_wconf 89' lang='lat' dir='ltr'><strong>menses.</strong></span> <span class='ocrx_word' id='word_1_870' title='bbox 2753 5243 2846 5300; x_wconf 90' lang='lat' dir='ltr'><strong>Sic</strong></span> <span class='ocrx_word' id='word_1_871' title='bbox 2882 5259 3062 5301; x_wconf 89' lang='lat' dir='ltr'><strong>autem</strong></span> <span class='ocrx_word' id='word_1_872' title='bbox 3102 5245 3240 5300; x_wconf 73' lang='lat' dir='ltr'><strong>dixit</strong></span> <span class='ocrx_word' id='word_1_873' title='bbox 3269 5260 3283 5296; x_wconf 91' lang='lat'><strong>:</strong></span> <span class='ocrx_word' id='word_1_874' title='bbox 3319 5242 3422 5298; x_wconf 88' lang='lat' dir='ltr'><strong>Fui</strong></span> 
     </span>
    </p>
   </div>
   <div class='ocr_carea' id='block_1_118' title="bbox 1840 5333 3421 5410">
    <p class='ocr_par' dir='ltr' id='par_1_118' title="bbox 1840 5333 3421 5410">
     <span class='ocr_line' id='line_1_118' title="bbox 1840 5333 3421 5410; baseline -0.002 -15"><span class='ocrx_word' id='word_1_875' title='bbox 1840 5339 2151 5410; x_wconf 90' lang='lat' dir='ltr'><strong>episcopus,</strong></span> <span class='ocrx_word' id='word_1_876' title='bbox 2185 5352 2309 5393; x_wconf 88' lang='lat' dir='ltr'><strong>cum</strong></span> <span class='ocrx_word' id='word_1_877' title='bbox 2338 5353 2516 5393; x_wconf 85' lang='lat' dir='ltr'><strong>essem</strong></span> <span class='ocrx_word' id='word_1_878' title='bbox 2552 5336 2830 5406; x_wconf 82' lang='lat' dir='ltr'><strong>sexaginta</strong></span> <span class='ocrx_word' id='word_1_879' title='bbox 2863 5352 3039 5394; x_wconf 87' lang='lat' dir='ltr'><strong>annos</strong></span> <span class='ocrx_word' id='word_1_880' title='bbox 3085 5345 3266 5393; x_wconf 82' lang='lat' dir='ltr'><strong>natus.</strong></span> <span class='ocrx_word' id='word_1_881' title='bbox 3321 5333 3421 5392; x_wconf 80' lang='lat' dir='ltr'><strong>Fui</strong></span> 
     </span>
    </p>
   </div>
  </div>
