3866 6066
424 191 519 250 I07

1713 190 1770 247 s.
1809 155 2158 245 iSPII’liA-Nil
2196 185 2379 243 vm.

3572 180 3678 238 108

415 321 545 367 veru
597 311 652 367 irt
696 309 1013 384 episcopatu
1064 311 1456 382 quinquaginta
1531 311 1776 382 quinque
1821 325 1994 366 annos

2102 309 2357 380 ἐγινόμην
2382 307 2699 369 ἐπίσκοπος·
2725 305 2819 360 καὶ
2854 303 2960 374 ἔχω
2993 304 3051 358 ἐν
3180 298 3452 373 ἐπισκοπῇ
3487 301 3684 374 πεντήο

417 411 473 454 ct
500 409 612 456 tres
639 413 874 458 menses.
909 401 985 456 Eo
1014 412 1146 457 vero
1171 401 1292 470 die,
1318 413 1428 472 quo
1474 398 1577 456 fuit
1609 402 1764 458 nobis
1803 415 1994 458 ascen-

417 489 654 546 dendum
709 490 764 545 in
815 499 1032 557 navem,
1079 495 1213 546 tunc
1259 503 1383 547 eum
1429 492 1804 563 interrogavit.
1858 491 1994 548 Cum

420 589 600 636 autem
632 581 686 635 in
717 591 907 636 navem
955 583 1415 649 ascendissemus’,
1444 591 1499 640 et
1528 584 1908 654 navigaremus
1942 584 1995 637 in

425 673 680 744 Cyprum,
715 672 854 728 sedit
880 671 1216 744 Epiphanius
1259 673 1314 728 in
1348 687 1588 730 concavo
1614 674 1790 738 navis,
1817 675 1873 729 et
1900 689 1998 730 nos

427 773 544 818 sunt
586 774 672 818 eo.
708 760 945 834 Eratque
992 779 1115 820 mos
1142 763 1445 835 Epiphania“
1476 772 1666 821 sancta
1710 757 1998 835 Evangelia”

426 854 636 910 assidite
663 864 846 911 tenere
876 857 928 910 in
960 855 1234 912 manibus.
1266 855 1512 928 Cumque
1535 867 1615 912 ter
1643 857 2000 928 ingemuisset

424 954 471 1001 et
513 944 773 1013 ﬂevisset,
802 948 1085 1018 explicatis
1115 947 1443 1020 Evangeliis,
1479 958 1534 1005 et
1576 950 1644 1006 iis
1673 964 1866 1006 rursus
1897 949 2000 1021 pli-

423 1033 590 1105 catis,
623 1038 954 1109 lacrymalus
1007 1047 1108 1094 est.
1136 1040 1381 1111 Cumque
1411 1041 1767 1106 surrexisset,
1792 1041 1998 1108 oravit;

424 1131 478 1180 et
507 1133 631 1195 post
661 1137 851 1195 preces
899 1138 1092 1182 rursus
1124 1127 1266 1184 sedit
1294 1128 1348 1184 in
1383 1142 1628 1186 concavo
1662 1129 1854 1185 navis:
1889 1144 2001 1185 ωι-

413 1216 606 1289 uritque
639 1216 766 1274 tlere
790 1226 841 1274 et
869 1219 1026 1275 nobis
1053 1219 1236 1276 dicere
1265 1239 1279 1275 ς

491 1411 672 1468 LXIV.
707 1413 763 1469 Si
797 1427 884 1470 me
925 1415 1184 1487 diligitis,
1214 1430 1248 1474 0
1287 1417 1383 1474 lilii
1405 1463 1419 1487 ,
1453 1421 1708 1476 mandata
1739 1434 1857 1477 mea
1885 1436 2001 1478 sero
2077 1429 2082 1434 ί

413 1509 562 1567 vate,
614 1506 669 1556 et
701 1496 928 1559 dilectio
955 1503 1055 1560 Dei
1083 1507 1328 1564 manebit
1380 1509 1434 1563 in
1480 1509 1654 1565 vobis.
1709 1509 1870 1567 Scitis
1906 1526 2000 1582 per

420 1601 554 1663 quot
596 1586 914 1652 afﬂictiones
943 1595 1172 1654 transivi
1205 1599 1262 1655 in
1297 1599 1401 1657 hac
1434 1597 1565 1666 vita,
1600 1609 1656 1658 et
1696 1615 1802 1658 non
1836 1614 1998 1673 ιίρριι-⁵

420 1680 529 1737 mi
584 1695 707 1738 esse
750 1684 917 1739 ullam
973 1685 1317 1743 aﬂiictionem
1363 1705 1376 1740 :
1429 1689 1524 1745 sed
1585 1705 1735 1746 eram
1787 1705 2001 1764 semper

421 1776 574 1830 laws
603 1775 656 1830 in
696 1775 784 1844 iis,
819 1777 1036 1847 quaead
1070 1778 1240 1835 Deum
1275 1781 1563 1851 pertinem,
1614 1791 1666 1838 et
1715 1784 1862 1840 Deus
1893 1798 1998 1840 non

422 1875 508 1921 me
551 1864 870 1936 dereliquit,
924 1869 1022 1923 sed
1067 1869 1186 1940 ipse
1231 1881 1319 1926 me
1364 1871 1710 1929 servavit’ab
1741 1875 2000 1932 omnibus

423 1953 646 2026 maligni
697 1955 936 2012 insidiis.
989 1956 1344 2030 Diligentibus
1405 1961 1545 2015 enim
1600 1961 1770 2018 Deum
1821 1966 2000 2020 omnia

423 2056 771 2117 conparantur
800 2049 858 2104 tu
887 2050 1080 2106 bonum
1111 2053 1178 2107 η.
1216 2052 1522 2123 Aliquando
1566 2065 1774 2122 autem,
1818 2070 1852 2111 ο
1901 2057 1999 2112 ﬁlii

422 2139 554 2196 mihi
587 2139 902 2206 desiderati,
947 2149 1079 2197 eum
1119 2157 1227 2215 ego
1265 2153 1444 2199 essent
1496 2145 1552 2200 in
1591 2146 1712 2203 loco
1759 2146 1996 2213 deserto,

421 2242 473 2290 et
517 2233 737 2290 Christo
771 2249 962 2304 preces
995 2251 1311 2307 peraget-em
1334 2276 1349 2304 ,
1386 2242 1448 2292 ut
1487 2237 1750 2295 liberarer'
1776 2239 1845 2296 ab
1881 2254 2000 2296 om-

421 2323 582 2378 nibus
603 2323 820 2379 insidiis
847 2324 1167 2392 adversarii,
1200 2339 1289 2382 me
1322 2327 1522 2383 invasit
1567 2329 1859 2386 multitudo
1893 2325 2001 2387 daa—

421 2423 645 2472 mouum
681 2434 696 2472 :
721 2417 818 2488 qui
847 2427 976 2472 cum
1015 2433 1101 2473 me
1127 2419 1539 2488 dilacerassent,
1571 2429 1626 2477 et
1655 2421 1892 2492 pedibds-
1911 2435 1999 2478 ar-

421 2509 742 2579 ripuissent,
775 2517 1116 2566 attraxerant
1158 2512 1217 2568 in
1261 2521 1486 2569 terram.
1526 2511 1788 2570 Nonnulli
1818 2526 1999 2572 autem

420 2609 489 2656 cx
532 2601 668 2672 ipsis
711 2603 846 2658 mihi
893 2603 1081 2674 plagas
1125 2615 1343 2674 quoque
1377 2603 1696 2661 intulerunt.
1727 2605 1842 2663 Hoc
1871 2621 2007 2665 vero

423 2693 670 2750 iecerunt
694 2695 832 2749 mihi
875 2694 1063 2750 decem
1090 2693 1305 2752 diebus.
1335 2693 1446 2752 Nec
1471 2697 1710 2768 amplius
1755 2698 1862 2755 vidi
1891 2699 2002 2755 daa-

420 2793 641 2842 rnonem
685 2786 742 2841 in
791 2787 1010 2857 propria
1056 2801 1294 2858 persona
1335 2788 1594 2845 omnibus
1637 2790 1831 2848 diebus
1877 2792 2002 2848 vitae

422 2887 579 2946 inea,
609 2877 704 2934 sed
730 2891 826 2948 per
851 2878 1105 2935 homines
1129 2878 1184 2934 in
1219 2895 1309 2936 me
1332 2894 1488 2936 suam
1514 2891 1810 2939 eitercuere
1843 2884 2002 2940 mali-

421 2969 559 3024 tiam
589 2969 940 3041 :cujusmodi
967 2969 1104 3025 mihi
1129 2970 1274 3027 mala
1299 2982 1598 3028 evenerunt
1638 2973 1697 3029 in
1719 2969 1999 3032 thnicia
2027 2988 2070 3048 ο

420 3060 490 3116 ab
523 3060 881 3116 insolentibus
921 3059 1276 3132 Simon'ianis,
1311 3065 1494 3136 qualia
1539 3065 1594 3120 in
1643 3063 1882 3138 Egypto‘
1928 3067 2005 3123 alr

421 3151 720 3206 immundis
767 3149 1071 3220 Gnosticis,
1121 3153 1301 3224 qualia
1350 3154 1404 3210 in
1455 3153 1635 3227 Cypro
1681 3153 1757 3210 ah
1796 3156 2000 3227 iniquis“

423 3241 814 3300 Valeminianis
860 3251 918 3299 et
965 3243 1086 3322 aliis
1143 3244 1459 3300 ἰδίει-θείως.
1523 3244 1805 3301 Advertite
1866 3259 1998 3318 ergo

418 3335 685 3404 animum,
717 3347 752 3390 ο
776 3336 876 3391 ﬁlii
903 3335 1032 3402 mei,
1059 3343 1114 3392 et
1142 3337 1328 3392 audite
1361 3336 1525 3392 verba
1555 3333 1844 3408 Epiphanii
1871 3350 1998 3410 pec-

421 3426 643 3481 catoris.
689 3420 960 3480 Pecunias
1005 3439 1074 3480 ne
1115 3425 1545 3495 concupiscatis,
1591 3431 1647 3481 et
1691 3427 1876 3484 multa!
1908 3442 2000 3498 pe-

420 3519 600 3572 cuniae
652 3517 978 3588 adjiciuntur
1027 3517 1202 3573 vobis.
1250 3515 1469 3572 Nullum
1533 3518 1808 3574 hominem
1871 3519 1998 3575 odio

425 3608 704 3673 habeatis,
747 3617 801 3664 et
831 3623 862 3662 a
898 3606 1009 3662 Deo
1041 3607 1360 3679 diligemini.
1392 3607 1569 3665 Nolite
1609 3607 1761 3680 loqui
1806 3609 1999 3666 adver-

421 3714 520 3756 sus
546 3699 792 3765 fratrem,
837 3709 896 3755 et.
932 3699 1147 3755 affectio
1192 3699 1396 3756 diaboli
1431 3699 1587 3756 vobis
1612 3711 1721 3756 non
1749 3699 2000 3758 domina-

385 3777 589 3848 'bitur.
629 3790 969 3848 Aversemini
1019 3802 1210 3847 omnes
1252 3791 1510 3857 haereses,
1555 3799 1818 3864 tamquam
1855 3793 1997 3852 feras

423 3884 612 3955 plenas
655 3896 866 3939 veneno
915 3882 1222 3940 mortifero.
1273 3882 1350 3939 De
1389 3884 1592 3954 quibus
1633 3884 1797 3940 etiam
1842 3887 1998 3943 vobis

420 3976 620 4032 tradidi
666 3975 721 4031 in
759 3974 946 4039 libris,
976 3974 1070 4045 qui
1111 3973 1455 4045 appellantur
1479 3975 1741 4031 Penuria.
1769 3976 1998 4035 Averse-

419 4066 575 4134 mini,
601 4074 655 4121 et
688 4072 879 4120 cavete
902 4077 934 4118 a
980 4062 1168 4118 mundi
1199 4062 1514 4133 voluptate,
1555 4079 1677 4136 qua;
1717 4077 1917 4136 corpus
1941 4074 2000 4122 et

419 4166 652 4212 mentem
691 4159 909 4226 semper
933 4152 1134 4209 titillat.
1164 4151 1501 4224 Experimini
1528 4169 1648 4210 eam
1686 4170 1810 4212 esse
1841 4154 1997 4212 Sata-

417 4261 503 4301 nae
526 4244 922 4301 accessionem.
965 4242 1122 4314 Saepe
1149 4250 1333 4300 autem
1373 4244 1457 4300 vel
1499 4259 1666 4303 carne
1705 4246 1994 4317 quiescen-

2097 416 2262 453 κοντα
2303 398 2469 453 πέντε
2516 398 2614 468 ἐτη
2657 397 2810 468 παρὰ
2859 395 3010 467 τρεῖς
3064 395 3257 465 μῆνας.
3310 392 3456 464 Ᾱύτῇ
3507 391 3565 447 δέ
3612 393 3678 466 τῇ

2095 491 2300 562 ἡμέρᾳ.
2346 491 2403 543 ἐν
2531 491 2758 560 εἴχαμεν
2812 485 3056 541 ἀνελθεῖν
3100 488 3157 538 ἐν
3207 484 3285 556 τῷ
3335 485 3526 555 πλοίῳ,
3561 485 3688 538 τότε·

2097 584 2256 636 αὐτὸν
2284 582 2658 655 ἐπηρώτησεν.
2695 579 3052 638 ’Δνελθόντων
3075 579 3131 632 δὲ
3151 577 3308 650 ἡμῶν
3329 579 3386 631 ἐν
3409 577 3496 649 τῷ·
3515 577 3683 649 πλοίᾳ

2097 674 2366 748 ἐκαθέσθη
2422 674 2739 744 Ἐπιφάνιος
2779 675 2836 726 ἐν
2885 676 2952 745 τῇ
2996 673 3149 742 κοίλῃ
3199 671 3294 725 τοῦ
3345 669 3555 735 πλοίου,
3592 672 3683 724 καὶ

2099 769 2260 837 ἡμεῖς
2292 767 2409 837 μετ’
2453 765 2639 820 αὑτοῦ.
2681 764 2844 828 Ἐθος
2889 763 2946 817 δέ
2985 761 3053 836 ἦν
3099 762 3404 834 Ἑπιιρανίῳ
3436 763 3505 816 τὰ
3552 764 3682 832 ἅγια

2099 857 2410 926 Εύαγγέλια
2457 859 2677 929 κρατεῖν
2720 855 3080 918 ἀδιαλείπτως
3116 857 3174 907 ἐν
3203 851 3322 917 ταῖς
3361 854 3558 926 χερσὶν
3584 853 3682 908 αύ-

2098 947 2213 1003 τοῦ.
2245 949 2356 1002 Καὶ
2380 948 2446 1020 δὴ
2474 948 2656 1019 τρίτον
2690 945 2952 1012 στενάξας
2994 946 3086 1000 καὶ
3114 946 3408 1017 δακρύσας,
3437 944 3688 999 ἀναπτύ-

2101 1043 2198 1109 ξας
2221 1059 2280 1095 τε
2315 1039 2384 1095 τὰ
2416 1041 2544 1110 ἆγια
2575 1039 2905 1109 Εὑαγγέλια.
2933 1040 3027 1091 καὶ
3062 1037 3223 1091 πάλιν
3253 1037 3458 1102 πτύξας
3489 1037 3693 1092 ἔκλαυ-

2102 1151 2215 1202 σεν,
2266 1135 2361 1188 καὶ
2407 1133 2663 1205 ἐποίησεν
2696 1132 2884 1203 εὐχὴν,
2917 1131 3011 1184 καί⁸
3040 1132 3174 1202 μετὰ
3213 1131 3313 1202 τὴν
3357 1131 3533 1202 εὐχὴν·
3558 1133 3696 1186 ἐκά-

2102 1226 2248 1280 θισεν
2278 1225 2372 1280 ἐπὶ
2394 1225 2498 1297 τῆς
2521 1224 2708 1295 κοίλης
2734 1221 2829 1277 τοῦ
2869 1222 3078 1286 πλοίου,
3108 1223 3203 1276 καὶ
3238 1223 3442 1295 ήρξατο
3474 1223 3696 1278 κλαίειν

2102 1317 2195 1372 καί⁸
2218 1316 2398 1387 λέγειν
2425 1315 2561 1387 πρὸς
2591 1315 2738 1387 ἡμᾶς
2757 1329 2772 1344 ‘

2182 1407 2298 1462 ΞΔ’.
2332 1408 2460 1462 Ἐὰν
2487 1407 2738 1476 ἀγαπᾶτέ
2777 1425 2866 1479 με,
2902 1409 3086 1479 φησὶν,
3111 1401 3158 1462 ὧ
3186 1407 3374 1475 τέκνα;
3398 1406 3500 1469 τὰς
3538 1408 3698 1461 ἐντο-

2102 1497 2199 1562 λάς
2235 1515 2336 1568 μου
2383 1497 2691 1568 τηρήσατε·
2729 1499 2823 1550 καὶ
2851 1498 2885 1568 ἡ
2919 1497 3106 1569 ἀγάπη
3148 1495 3242 1551 τοῦ
3268 1497 3402 1550 Θεοῦ
3444 1497 3602 1568 μένει
3639 1499 3702 1551 ἐν

2103 1588 2249 1661 ύμῖν.
2294 1589 2502 1660 Ὑμεῖς,
2546 1589 2730 1658 φησὶν,
2775 1587 3069 1642 ἐπίστασθε
3101 1589 3188 1643 διὰ
3237 1588 3418 1645 πόσων
3450 1587 3708 1659 θλίψεων·

2030 1654 2072 1710 Β
2100 1654 2313 1750 δίῆλθον
2337 1654 2396 1732 ἐν
2425 1654 2570 1750 τῷδε-
2589 1654 2667 1751 τῷ
2696 1679 2797 1751 βίῳ
2813 1719 2828 1744 ,
2861 1681 2957 1734 καὶ
2982 1680 3080 1751 οὐχ
3106 1681 3401 1752 ἡγησάμην
3425 1654 3700 1752 οὐδεμίαν

2101 1769 2300 1839 θλίψιν,
2349 1768 2484 1822 ἀλλὰ
2517 1768 2749 1822 πάντοτε
2793 1769 2944 1841 ήμην
2995 1769 3200 1840 χαίρων
3248 1767 3384 1840 πρὸς
3415 1768 3511 1822 τὸν
3554 1769 3701 1823 Θεὸν

2101 1860 2447 1924 ἀποϐλέπων,
2493 1862 2586 1915 καὶ
2626 1863 2655 1915 δ
2687 1861 2819 1926 Θεὸς
2863 1863 2964 1915 οὐκ
3013 1861 3400 1930 ἐγκατέλειπεν
3437 1879 3539 1933 με’
3575 1864 3698 1916 ἀλλ’

2100 1951 2264 2014 αὐτός
2289 1967 2358 2022 με
2397 1945 2468 2022 ἦν
2498 1950 2874 2020 διαφυλάττων
2919 1951 3036 2005 ἀπὺν
3059 1953 3241 2019 πάσης
3271 1951 3566 2023 ἐπιϐουλῆς
3597 1953 3708 2007 τοῦ·

2102 2042 2362 2115 πονηροῦ.
2413 2040 2540 2108 Τοῖς
2591 2027 2703 2114 γάρ
2756 2042 3074 2113 ἀγαπῶσιν
3124 2043 3230 2105 τὸν
3287 2045 3436 2099 Θεὸν
3484 2046 3699 2104 πάντα

2099 2135 2385 2206 συνεργεῖ
2404 2139 2491 2204 εὶς
2521 2135 2588 2191 τὸ
2615 2135 2858 2204 ἀγαθόν.
2891 2134 3029 2188 Ποτέ
3057 2130 3180 2199 οὖν,
3213 2135 3379 2189 τέκνα
3411 2137 3539 2206 ἐμοὶ
3591 2157 3697 2193 πε-

2102 2228 2387 2301 ποθημένα
2408 2273 2422 2297 ,
2452 2231 2602 2295 ὄντος
2633 2247 2734 2300 μου
2781 2230 2840 2282 ἐν
2885 2229 3036 2300 τόπῳ
3064 2229 3344 2301 ἐρημικῷ,
3371 2232 3466 2284 καὶ
3496 2233 3696 2286 ἐπιτε-

2101 2321 2318 2386 λοῦντός
2352 2336 2454 2393 μου
2486 2321 2586 2393 τὴν
2613 2321 2797 2392 δέησιν
2823 2319 2902 2390 τῷ
2931 2321 3170 2392 Χριστῷ,
3193 2322 3342 2384 ὅπως
3367 2321 3553 2392 ῥυσθῶ
3583 2325 3700 2379 ἀπὸ

2081 2412 2282 2483 πάσης
2308 2413 2598 2485 ἐπιϐουλῆς
2623 2413 2718 2466 τοῦ
2751 2411 3156 2482 ἀντικειμένου,
3186 2414 3386 2483 ἐπέστη
3419 2430 3513 2484 μοι
3547 2416 3699 2486 πλῆ-

2103 2502 2194 2567 θος
2219 2503 2509 2575 δαιμόνων,
2558 2504 2653 2558 καὶ
2681 2503 3146 2575 διασπαράξαντές
3193 2523 3260 2577 με
3305 2506 3398 2558 ἐπὶ
3420 2507 3526 2578 τὴν
3561 2509 3697 2580 γῆν,

2102 2594 2198 2649 καὶ
2221 2593 2477 2660 λαϐόντες
2506 2597 2616 2650 ἀπὸ
2648 2596 2756 2650 τῶν
2786 2597 2982 2663 ποδῶν,
3013 2597 3261 2673 διέσυρον
3289 2600 3380 2653 ἐπὶ
3419 2599 3521 2671 τὴν
3561 2603 3699 2671 γῆν.

2102 2685 2259 2750 Τινὲς
2295 2685 2352 2739 δὲ
2402 2685 2461 2754 ἐξ
2507 2686 2686 2741 αὐτῶν
2741 2687 2837 2742 καὶ
2879 2688 3093 2760 πληγὰς
3138 2691 3523 2762 προσήνεγκάν
3580 2711 3698 2764 μοι.

2101 2774 2274 2829 Τοῦτο
2322 2775 2379 2829 δὲ
2429 2775 2694 2847 ἐποίησάν
2744 2795 2834 2848 μοι
2883 2779 2975 2832 ἐπὶ
3019 2778 3249 2849 δεκάτην
3295 2780 3548 2852 ἡμέρανο
3604 2786 3704 2839 καὶ

2101 2869 2288 2923 ἔκτοτε
2337 2867 2522 2922 οὐκέτι
2587 2868 3030 2941 αὑτοπροσώπως
3080 2870 3392 2942 ἐθεασάμην
3453 2873 3703 2945 δαίμονα

2103 2961 2282 3024 πάσας
2321 2961 2422 3025 τὰς
2464 2959 2675 3033 ἡμέρας
2707 2960 2808 3031 τῆς
2839 2961 2986 3032 ζωῆς
3016 2979 3141 3033 μου,
3169 2963 3304 3018 ἀλλά
3329 2964 3397 3018 τά
3429 2966 3706 3039 πονηρῶν

2101 3048 2406 3120 ἀνθρώπων
2445 3050 2772 3104 ἐπετέλεσαν
2819 3050 2919 3122 τὴν
2971 3051 3106 3106 ἰδίαν
3144 3053 3327 3107 αὐτῶν
3369 3056 3582 3110 κακίαν
3619 3061 3706 3124 εἰς

2101 3141 2220 3212 ἐμέ.
2249 3138 2353 3195 Οίά
2379 3159 2470 3214 μοι
2503 3141 2648 3196 κακά
2677 3141 2873 3213 συνέϐη
2907 3145 2964 3198 ἐν
2988 3144 3208 3218 Φοινίκῃ
3237 3145 3388 3217 παρὰ
3410 3148 3526 3201 τῶν
3558 3151 3704 3205 ἀτά-

2102 3249 2246 3286 κτων
2279 3233 2648 3303 Σιμωνιανῶν·
2687 3234 2746 3286 ἐν
2785 3233 3068 3306 Αἰγύπτῳ,
3109 3235 3260 3307 παρά
3299 3237 3409 3290 τῶν
3437 3239 3706 3314 ἀκαθάρδ

2099 3339 2208 3376 των
2237 3323 2585 3378 Γνωστικῶν·
2627 3318 2719 3377 οἷα
2763 3324 2822 3378 ἐν
2867 3323 3079 3396 Κύπρῳ
3122 3328 3274 3398 παρὰ
3313 3328 3421 3382 τῶν
3467 3331 3711 3403 ἀνόμων

2101 3414 2560 3471 Οὐαλεντινιανῶν
2606 3417 2698 3469 καὶ
2736 3415 2846 3469 τῶν
2882 3416 3084 3470 λοιπῶν
3108 3418 3392 3490 αἱρέσεων.
3423 3421 3706 3496 Ἐπιστή-

2103 3522 2230 3558 σατε
2276 3505 2368 3559 τὸν
2417 3506 2540 3560 νοῦν
2585 3507 2756 3578 ὑμῶν,
2801 3501 2847 3560 ὧ
2892 3509 3078 3573 τέκνα,
3129 3511 3223 3564 καὶ
3273 3511 3553 3567 ἀκούσατε
3605 3519 3706 3572 τὸν

2099 3595 2256 3666 λόγον
2305 3596 2622 3667 Ἐπιφανίου
2671 3597 2765 3651 τοῦ
2813 3599 3159 3672 ἀμαρτωλοῦ.
3209 3602 3302 3674 Μὴ
3347 3603 3706 3678 ἐπιθυμηταὶ

2100 3687 2330 3759 γένησθε
2370 3689 2690 3760 χρημάτων,
2720 3689 2815 3744 καὶ
2860 3689 3030 3744 πολλὰ
3071 3691 3335 3763 χρήματα
3377 3699 3704 3770 προστεοή-

2101 3797 2253 3836 σεται
2290 3781 2437 3852 ὑμῖν.
2467 3779 2557 3854 Μὴ
2590 3783 2859 3853 μισήσητε
2899 3782 3075 3837 πάντα
3095 3783 3408 3855 ἄνθρωπον,
3446 3789 3549 3842 καὶ
3576 3790 3715 3846 ἐσερ-

2101 3872 2195 3926 σθε
2235 3872 2589 3946 ἀγαπώμενοι
2637 3873 2741 3926 ὑπὸ
2792 3873 2886 3927 τοῦ
2930 3873 3088 3928 Θεοῦ.
3133 3869 3226 3946 Μὴ
3269 3876 3704 3952 καταλαλήσηηκ

2098 3963 2360 4033 ἀδελφὸν,
2405 3964 2498 4017 καὶ
2541 3963 2713 4029 πάθος
2769 3963 3072 4019 διαϐολικὸν
3113 3965 3176 4019 οὐ
3216 3965 3488 4040 κυριεύσῃ
3533 3970 3702 4041 ὑμῖν.

2098 4053 2530 4125 Ἀποστρέφεσθε
2573 4054 2754 4119 πάσας
2794 4055 2891 4120 τὰς
2937 4055 3195 4128 αἱρέσεις,
3238 4057 3315 4122 ὡς
3349 4057 3519 4130 θηρία
3551 4064 3711 4132 μετὰ

2100 4144 2182 4198 ίοῦ
2225 4145 2544 4216 θανασίμου.
2592 4147 2728 4218 Περὶ
2771 4139 2846 4200 ὧν
2901 4147 2996 4200 καὶ
3049 4149 3344 4220 ἐγγράφως
3385 4151 3706 4222 παρέδωκα

2097 4236 2226 4307 ὑμῖν
2259 4238 2316 4289 ἐν
2352 4239 2466 4302 τοῖς
2496 4237 2697 4308 βίϐλοις
2735 4241 2847 4302 τοῖς
2896 4238 3307 4312 ἐπιλεγομένοις
3334 4242 3701 4313 Παναρίοις.

419 4345 494 4401 ιε.
538 4349 695 4390 mens
741 4335 1086 4392 incautorum
1136 4337 1318 4408 turpia
1360 4337 1720 4409 apprehendit
1760 4339 1990 4398 visione.

2102 4329 2529 4401 Ἀποστρέφεσθε
2558 4331 2652 4384 καὶ
2680 4331 3167 4404 παραφυλάττεσθε
3202 4333 3308 4386 ἀπὺ
3345 4332 3446 4405 τῆς
3487 4335 3704 4411 ἡδονῆς

418 4427 648 4494 Quando
673 4441 803 4486 vero
831 4442 990 4484 mens
1029 4437 1222 4484 nostra
1261 4439 1348 4486 est-
1389 4429 1606 4497 sohria,
1633 4441 1688 4488 et
1714 4429 1812 4488 Dei
1841 4445 1992 4489 sem-

419 4535 513 4589 per
534 4519 700 4575 habet
722 4519 1046 4574 memoriam
1065 4555 1083 4585 ,
1108 4529 1242 4575 tunc
1285 4519 1443 4576 facile
1485 4521 1766 4579 inimicum
1796 4531 1995 4596 possu-

417 4622 541 4668 mus
578 4621 947 4682 prosternere.
981 4609 1121 4665 Cu'm
1171 4612 1286 4667 hac
1321 4621 1377 4667 et
1429 4612 1516 4670 his
1558 4614 1715 4684 plura
1765 4616 1996 4673 dixisset

418 4701 783 4771 Epiphanius,
817 4699 1074 4756 omnibus
1107 4701 1200 4772 qui
1233 4710 1390 4756 erant
1427 4702 1482 4758 in
1513 4706 1638 4760 navi
1687 4706 1992 4774 accersitis,

416 4789 552 4846 dixit
579 4790 664 4847 eis
695 4803 712 4842 :
749 4789 975 4860 Oportet
1002 4803 1127 4856 nos,
1155 4805 1190 4845 ο
1219 4788 1417 4848 fratres
1436 4831 1452 4856 ,
1481 4792 1611 4850 totis
1653 4795 1860 4852 viribus
1903 4810 1994 4853 ro-

417 4895 554 4953 gare
589 4880 883 4952 benignum
923 4889 980 4936 et
1003 4880 1325 4937 clementem
1376 4881 1571 4949 Deum,
1613 4892 1674 4938 ut
1714 4900 1816 4941 nos
1863 4901 1995 4942 con-

413 4982 613 5042 servet,
645 4982 701 5030 et
747 4987 911 5029 nemo
955 4983 1231 5044 pereatex
1283 4972 1390 5038 iis,
1417 4973 1514 5044 qui
1561 4983 1693 5029 sunt
1729 4975 1783 5030 in
1833 4991 1988 5032 nave.

417 5065 512 5121 Est
558 5065 704 5123 enim
753 5062 935 5121 futura
981 5065 1038 5120 in
1087 5065 1226 5121 mari
1273 5079 1470 5136 magna
1519 5075 1827 5137 tempestas.
1884 5066 1992 5125 Sed

416 5164 586 5212 estote
620 5156 762 5211 bono
790 5157 976 5213 animo
1008 5175 1022 5212 :
1057 5157 1204 5213 nulla
1236 5157 1382 5213 enim
1414 5157 1633 5214 alllictio
1677 5159 1862 5215 labore
1895 5174 1992 5230 op-

415 5245 614 5316 primet
642 5245 810 5302 ullum
858 5261 927 5303 ex
979 5249 1065 5313 iis,
1097 5251 1192 5319 qui
1239 5257 1370 5306 sunt
1412 5249 1466 5304 in
1508 5250 1649 5304 navi.
1692 5247 1826 5316 Quin
1864 5265 1988 5306 cum

414 5339 662 5402 dixisset,
689 5337 828 5395 dixit
855 5338 990 5395 mihi
1017 5355 1032 5392 :
1068 5337 1172 5394 Fili
1202 5338 1412 5412 Polybi.
1438 5339 1559 5395 Dixi
1591 5343 1640 5396 ei
1670 5358 1683 5394 :
1715 5342 1857 5410 Quid
1883 5350 1988 5407 est,

417 5428 610 5484 Pater?
655 5427 801 5486 Dixit
841 5431 932 5487 ille
981 5431 1163 5487 mihi:
1206 5429 1264 5486 Si
1320 5433 1758 5504 navigaverintus
1816 5449 1990 5505 usque

484 5605 527 5635 “
564 5603 721 5661 Rom.
764 5621 880 5692 vni,
919 5604 1012 5660 28.

2097 4419 2190 4474 τοῦ
2219 4421 2445 4492 κόσμου,
2471 4421 2571 4493 τῆς
2598 4421 3140 4494 ὑπογαργαλιζούσης
3165 4424 3252 4478 ἀεὶ
3286 4424 3347 4477 τὸ
3386 4425 3556 4497 σῶμα
3599 4431 3706 4484 καὶ

2095 4511 2187 4565 τὸν
2207 4512 2486 4584 λογισμόν.
2527 4512 2721 4584 Ἔχετε
2762 4517 2978 4585 πεῖραν,
3012 4515 3095 4568 ὅτι
3127 4515 3409 4588 προσθήκη
3441 4518 3569 4572 ἐστὶ
3594 4519 3703 4575 τοῦ

2096 4604 2330 4658 Σατανᾶ.
2357 4604 2623 4670 Πολλάκις
2646 4605 2757 4677 γὰρ
2789 4607 2884 4659 καὶ
2909 4607 3009 4676 τῆς
3045 4607 3245 4679 σαρκὸς
3273 4609 3702 4686 ήσυχαζούσης,

2093 4696 2124 4748 ό
2154 4694 2415 4766 λογισμὸς
2449 4697 2557 4750 τῶν
2591 4697 3007 4765 ἀνασφαλίστων
3049 4699 3425 4770 πεφάντασται
3452 4705 3595 4774 περὶ
3627 4708 3702 4760 τὰ

2094 4788 2316 4861 αίσχρά.
2357 4788 2528 4843 Ὅταν
2566 4789 2692 4844 δέ⁶ό
2730 4790 2855 4854 νοῦς
2888 4791 3046 4862 ήμῶν
3086 4792 3269 4863 νήφει,
3313 4793 3407 4845 καὶ
3451 4795 3701 4870 μνήμην

2093 4883 2207 4954 ἔχει
2231 4883 2320 4938 ἀεὶ
2343 4882 2436 4938 τοῦ
2474 4882 2632 4948 Θεοῦ,
2668 4883 2909 4954 εὐχερῶς
2944 4884 3352 4937 καταπαλαῖσαι
3397 4879 3702 4957 δυνάμεθα

2093 4974 2186 5028 τοῦ
2235 4973 2451 5047 ἐχθροῦ.
2488 4974 2672 5030 Ταῦτα
2721 4973 2890 5028 εἰπὼν
2923 4974 3264 5044 Ἐπιφάνιος,
3311 4975 3406 5028 καὶ
3453 4976 3700 5034 πλείονα

2091 5064 2316 5130 τούτων,
2343 5065 2850 5137 προσκαλεσάμενος
2876 5066 3125 5130 ἅπαντας
3141 5068 3268 5130 τοὺς
3291 5068 3348 5120 ἐν
3375 5066 3454 5138 τῷ
3482 5067 3698 5144 πλοίῳ,

2093 5152 2246 5210 εἶπεν
2299 5159 2436 5230 πρὸς
2482 5157 2678 5222 αύτούς
2703 5174 2716 5188 ·
2765 5158 2886 5230 Χρὴ
2934 5158 3102 5229 ἡμᾶς,
3153 5158 3394 5228 ἀδελφοὶ,
3437 5160 3502 5226 ἐξ
3552 5162 3701 5235 ὅλης

2095 5249 2277 5320 ἰσχύος
2316 5251 2570 5323 δεηθῆναι
2613 5251 2706 5304 τοῦ
2744 5249 3129 5323 φιλανθρώπου
3160 5250 3318 5315 Θεοῦ,
3364 5251 3518 5314 ὅπως
3575 5254 3702 5308 δια-

2095 5341 2257 5395 σιῖισει
2285 5343 2450 5412 ἡμᾶς,
2482 5343 2576 5396 καὶ
2615 5343 2802 5414 μηδεὶς
2835 5341 2943 5396 τῶν
2972 5342 3030 5396 ἐν
3067 5341 3145 5412 τῷ
3169 5341 3341 5412 πλοίῳ
3365 5341 3698 5402 ἀπολεῖται.

2093 5434 2289 5488 Μέλλει
2317 5433 2425 5507 γὰρ
2452 5434 2656 5488 κλύδων
2686 5433 2929 5500 γίνεσθαι
2963 5433 3154 5504 μέγας.
3188 5431 3330 5487 Ἀλλ’
3359 5431 3700 5504 εὐθυμεῖτε·
