3972 6070
1743 153 1775 171 κ

510 234 635 292 1η

1807 225 1865 282 S.
1910 221 2249 278 EPIPHANII
2292 222 2475 278 VITA.

2573 184 2597 215 Ι

3679 206 3775 260 ΗΞ

507 353 576 409 ad
606 348 771 420 pedes
801 346 943 419 ejus,
968 352 1023 400 et
1041 342 1231 415 tetigit
1256 355 1372 408 eos,
1400 340 1584 397 statim
1619 340 1879 395 surrexit.
1911 338 1975 393 Et
2006 355 2091 393 ce-

2201 333 2289 390 οὗν
2317 338 2473 410 τρίτη
2499 335 2683 408 ἡμέρᾳ
2726 334 2964 406 ἤνεγκαν
2994 330 3156 385 αύτδν
3186 327 3553 401 βαστάσαντες
3583 325 3632 378 oi
3659 321 3776 377 ναῦς

509 442 641 496 cidit
681 442 848 496 timor
890 452 1055 508 super
1101 448 1311 498 omnes,
1342 431 1437 501 qui
1472 440 1629 485 erant
1673 431 1727 484 in
1771 431 1917 484 navi.
1950 430 2087 484 Cum

510 541 832 590 nos'autem
878 530 1293 597 navigassemus
1346 523 1723 577 Constantiam
1769 521 1838 575 ad
1886 521 2087 585 locum,

510 628 600 696 qui
631 626 831 680 dicitur
859 616 1289 681 Dianeuterium,
1321 614 1527 685 egressi
1559 623 1689 669 sunt
1717 622 1898 668 nauta!
1929 627 1969 671 e.
1993 628 2091 666 na-

513 719 587 781 vi,
613 725 667 771 et
714 713 1047 770 circuieruut
1093 719 1263 764 totam
1302 707 1602 772 civitatem,
1634 716 1688 760 et
1717 706 2093 760 elamavcrunt

442 798 449 813 “
512 826 636 863 cum
665 806 877 874 magnis
902 805 1125 859 vocibus
1144 819 1159 857 :
1180 800 1293 855 Viri
1316 799 1534 862 fratres,
1562 800 1657 869 qui
1683 798 1816 852 viris
1834 796 2093 866 frequen-

511 909 616 953 tem
652 896 909 951 habitatis
946 891 1444 948 Constantiensium
1475 890 1771 951 civitatem,
1805 882 2090 942 descendi-

511 999 562 1040 te
592 988 657 1039 ad
703 1000 851 1038 mare
889 985 942 1037 in
982 984 1184 1045 locum,
1214 981 1308 1050 qui
1343 979 1544 1036 dicitur
1580 977 2007 1039 Dianeuterium,
2038 986 2092 1030 et

510 1079 645 1142 arci,
664 1077 737 1131 ite
772 1075 1029 1146 reliquias
1054 1074 1227 1130 sancti
1279 1082 1335 1128 et
1384 1073 1543 1141 longe
1579 1070 1876 1126 beatissimi
1899 1069 2090 1124 Patris

513 1169 686 1223 nostri
718 1166 1025 1237 Epiphanii.
1052 1164 1217 1219 Fiuiit
1239 1165 1386 1220 enim
1419 1159 2093 1217 vitamltumattam.Tunc

509 1260 726 1329 quidem
758 1257 1071 1312 ceciderunt
1105 1256 1338 1310 tenebrae
1369 1268 1536 1324 super
1555 1253 1865 1307 universam
1896 1251 2089 1308 civita-

510 1364 638 1417 tem,
667 1358 723 1404 et
768 1363 828 1403 se
878 1346 1132 1401 manibus
1176 1354 1426 1399 tenentes
1456 1343 1794 1399 descendunt
1823 1342 1891 1397 ad
1919 1356 2089 1408 mare,

512 1457 765 1513 magnum
811 1440 1087 1511 planctum
1137 1436 1443 1493 aﬂcrentes.
1484 1437 1587 1492 Sed
1634 1452 1827 1491 omnes
1873 1450 2093 1505 quoque

512 1533 697 1590 rustici
722 1531 1013 1587 veniebant
1040 1530 1092 1584 in
1116 1528 1528 1599 civitatem,per
1554 1536 1721 1582 totam
1753 1526 1894 1580 viam
1921 1525 2093 1579 ﬂuen-

509 1641 590 1683 tes
657 1626 935 1696 lacrymis.
989 1621 1260 1689 Quocirca
1340 1630 1452 1676 tres
1514 1634 1737 1689 quoque
1791 1617 1944 1681 CiBCi,
1997 1614 2092 1686 qui

2196 447 2284 482 ται
2315 431 2482 498 ἐγγὺς
2510 426 2853 497 Ἰιῖπιφανίου.
2871 426 2959 489 Ὠς
2988 425 3043 478 δὲ
3072 423 3275 493 ἔθηκαν
3299 419 3462 475 αὑτὸν
3497 418 3644 486 παρά
3660 416 3776 478 τοὺς

2199 520 2365 584 πόδας
2408 518 2597 583 αὐτοῦ,
2625 517 2804 588 ἥψατο
2844 516 2953 570 τῶν
3002 515 3179 568 ποδῶν
3229 510 3418 573 αὐτοῦ,
3446 508 3541 563 καὶ
3587 506 3777 569 εὐθέως

2199 611 2430 682 ἀνέστη·
2484 611 2579 664 καὶ
2629 608 2793 679 φόϐος
2838 608 3034 661 ἔπεσεν
3084 607 3178 661 ἐπὶ
3224 605 3434 665 πάντας
3463 601 3591 663 τοὺς
3620 602 3675 652 ἐν
3708 598 3777 666 τῷ

2199 702 2389 775 πλοίῳ.
2418 701 2930 756 Καταπλευσάντων
2955 700 3011 753 δὲ
3036 699 3192 770 ἡμῶν
3221 699 3278 749 ὲν
3307 691 3662 761 Κωνσταντίᾳ
3696 690 3783 743 ἐπὶ

2197 798 2275 869 τῷ
2313 798 2463 868 τόπῳ
2480 791 3230 866 καλουμένῳ’Διανευτηρίῳ,
3261 785 3482 857 ἐξῆλθον
3517 784 3566 837 οἱ
3596 780 3780 834 ναῦται

2200 889 2308 942 ἀπὸ
2336 887 2430 942 τοῦ
2465 888 2673 953 πλοίου,
2708 887 2803 940 καὶ
2830 883 3149 937 ἐκύκλωσαν
3193 880 3289 950 τὴν
3336 878 3491 930 πόλιν
3524 876 3613 928 κα¹ί
3651 873 3781 944 μετὰ

2201 980 2394 1050 φωνῶν
2445 980 2697 1053 μεγάλων
2751 975 3015 1050 ἔκραζον·
3054 972 3280 1044 Ἄνδρες
3309 968 3545 1037 ἀδελφοὶ.
3589 968 3639 1020 oi
3690 964 3784 1034 τὴν

2200 1073 2531 1144 πολύανδρον
2584 1070 2914 1142 μητρόπολιν
2959 1064 3339 1121 Κωνσταντίαν
3388 1058 3783 1120 κατοικοῦντες.

2201 1167 2513 1231 κατέλθ-ετε,
2549 1166 2734 1236 φησιν,
2762 1164 2855 1216 ἐπὶ
2900 1163 3001 1233 τῆς
3034 1159 3309 1230 θαλάσσης
3338 1159 3395 1210 ἐν
3429 1154 3507 1225 τῷ
3536 1153 3688 1223 τόπῳ
3710 1151 3786 1221 τῷ

2202 1260 2521 1328 καλουμένῳ
2549 1255 2939 1328 Διανευτηρίῳ,
2966 1255 3060 1308 καὶ
3088 1252 3283 1307 λάϐετε
3312 1250 3375 1304 τὸ
3405 1250 3587 1320 τίμιον
3608 1245 3784 1315 λείψα-

2202 1367 2291 1403 νον
2322 1347 2416 1402 τοῦ
2458 1348 2605 1401 ὁσίου
2654 1346 2869 1417 Πατρὸς
2900 1345 3056 1416 ἡμῶν
3084 1341 3428 1412 Ἑπιφανίου.
3477 1336 3788 1393 Κατέλυσεν

2202 1441 2311 1513 γάρ
2356 1441 2447 1494 τὸν
2489 1440 2830 1511 ἀνθρώπινον
2873 1439 3006 1509 βίον.
3044 1438 3178 1490 Τότε
3202 1435 3265 1506 δὴ
3301 1434 3493 1495 σκότος
3521 1431 3789 1484 ἐπέπεσεν

2202 1536 2295 1588 ἐπὶ
2344 1535 2524 1587 πᾶσαν
2572 1533 2670 1603 τὴν
2721 1531 2895 1593 πόλιν,
2928 1532 3021 1583 καὶ
3056 1529 3281 1590 ἑαυτοὺς
3322 1521 3788 1597 χειραγωγοῦντες

2204 1627 2539 1696 κατήρχοντο
2560 1625 2653 1677 ἐπὶ
2679 1623 2781 1695 τῆς
2808 1622 3113 1693 θαλάσσης,
3140 1618 3369 1674 κοπετὸν
3401 1617 3574 1689 μέγαν
3602 1613 3785 1669 ποιού-

504 1728 663 1774 erant
710 1719 764 1771 in
812 1716 1070 1786 parmcia,
1099 1730 1221 1784 que
1270 1712 1574 1782 appellatur
1605 1709 1780 1772 Torti,
1830 1723 1889 1764 se
1921 1709 2002 1763 sic
2036 1708 2090 1761 in

2201 1735 2369 1789 μενοι.
2388 1717 2549 1771 Ἀλλά
2576 1718 2673 1771 καὶ
2708 1718 2858 1770 πᾶσα
2902 1718 2936 1789 ή
2966 1714 3224 1788 ἀγροικία
3276 1713 3609 1784 κατεσύρετο
3638 1712 3697 1765 ὲν
3722 1712 3791 1781 τῇ

510 1811 652 1865 viam
698 1808 1083 1878 coniecerunt;
1123 1820 1224 1860 nec
1265 1803 1410 1859 ullus
1452 1803 1617 1857 dabat
1642 1801 1723 1857 eis
1758 1815 2003 1867 manum,
2035 1809 2096 1854 ut

509 1903 673 1958 citius
719 1901 970 1957 venirent
1021 1900 1075 1955 in
1125 1898 1426 1954 civitatem.
1464 1894 1609 1949 Dixit
1638 1902 1820 1948 autem
1852 1907 1997 1947 unus
2028 1907 2092 1947 ex

509 1994 590 2049 eis
619 1990 1185 2048 mmineProsechius
1214 2007 1227 2043 :
1264 1988 1434 2058 Digne
1460 1987 1552 2041 Dei
1586 1994 1775 2041 sancte
1801 1983 2093 2055 Epiphani,

509 2090 596 2143 l'ac
621 2102 722 2141 nos
750 2085 1013 2156 aspicere,
1041 2095 1101 2139 ut
1131 2099 1233 2139 nos
1257 2097 1478 2153 quoque
1525 2082 1819 2135 adoremus
1846 2062 1967 2135 tuas
1997 2092 2091 2133 ve-

509 2177 778 2233 nerabiles
829 2177 1108 2246 reliquias.
1160 2173 1227 2228 Et
1268 2174 1453 2231 statim
1500 2179 1866 2242 aspexerunt;
1908 2179 1964 2223 et
2012 2169 2095 2224 ius

506 2268 678 2337 gressi
701 2269 753 2323 in
776 2269 1074 2332 civitatem,
1102 2266 1402 2321 adorarunt
1425 2263 1762 2319 venerandas
1789 2261 1965 2317 sancti
1990 2259 2096 2314 Pa-

506 2362 605 2415 tris
635 2360 896 2430 reliquias
929 2377 944 2413 :
974 2368 1027 2413 et
1053 2357 1454 2412 annuutiarunt
1491 2357 1544 2411 id
1589 2357 1736 2427 quod
1777 2358 1860 2411 eis
1906 2357 1960 2411 in
2008 2355 2095 2410 via

505 2457 782 2505 everterat.
809 2447 1137 2518 Quicunque
1159 2455 1340 2501 autem
1365 2447 1680 2508 audierunt,
1710 2446 1879 2501 Deum
1901 2445 2092 2500 lauda-

508 2546 656 2604 runt,
688 2541 785 2609 qui
819 2540 887 2596 iis
918 2538 1013 2609 qui
1046 2552 1107 2593 se
1136 2546 1266 2594 sunt
1295 2537 1466 2608 digni,
1498 2536 1698 2607 praebet
1725 2536 1871 2590 talia.

2195 1809 2461 1875 πόλει,τά
2508 1809 2719 1878 δάκρυα
2770 1809 2891 1863 καθ’
2921 1808 3040 1861 ὁδὸν
3087 1807 3434 1878 ἐπιχέοντες·
3479 1804 3623 1857 ὥστε
3673 1804 3790 1866 καὶ,

2192 1900 2360 1973 τριῶν
2391 1900 2606 1970 τυψλῶν
2633 1900 2803 1954 ὄντων
2834 1902 2893 1954 ὲν
2920 1899 3183 1971 παροικίᾳ
3227 1897 3588 1967 ἐπιλεγομένη
3618 1897 3792 1967 Στορ-

2192 1995 2358 2065 τυκῇ,
2388 1996 2446 2047 ὲν
2494 1995 2562 2064 τῇ
2615 1992 2720 2064 ὀδῷ
2755 1992 2982 2056 ἑαυτοὺς
3014 1991 3385 2063 ἐμϐαλόντων,
3413 1990 3587 2052 οὐδεὶς
3619 1988 3793 2041 ἐπιδί-

2194 2081 2286 2136 δου
2315 2080 2527 2145 τούτοις
2561 2085 2739 2154 χεῖρα,
2770 2082 2920 2147 ὅπως
2944 2081 3131 2152 τάχιον
3157 2080 3548 2152 συμφθάσωσιν
3579 2079 3673 2132 ἐπὶ
3690 2079 3795 2149 τὴν

2195 2172 2351 2226 πόλιν
2371 2190 2385 2204 ·
2421 2169 2574 2226 εἶπεν
2598 2172 2655 2226 δὲ
2685 2175 2750 2227 ἐκ
2774 2173 2885 2227 τῶν
2909 2173 3075 2244 τριῶν
3108 2175 3136 2227 ὁ
3182 2168 3263 2236 εἷς
3310 2172 3537 2243 ὀνόματι
3613 2172 3795 2242 [lpos-

2196 2264 2338 2334 έχιος
2357 2283 2370 2296 ο
2394 2265 2552 2334 ’Ἀγιε
2573 2264 2668 2318 τοῦ
2691 2264 2848 2330 Θεοῦ,
2868 2266 2982 2319 ὅσιε
2997 2265 3302 2334 Ἐπιφάνιε,
3319 2263 3541 2335 ποίησον
3555 2261 3795 2317 ἀναϐλέο

2193 2352 2313 2422 ψαι,
2349 2354 2498 2418 ὅπως
2540 2354 2634 2407 καὶ
2661 2356 2823 2425 ἡμεῖς
2857 2356 3326 2426 προσκυνήσωμεν
3371 2354 3431 2406 τὸ
3473 2352 3657 2423 τίμιόν
3691 2369 3795 2407 σου

2198 2442 2468 2513 λείψανον.
2508 2445 2617 2498 Καὶ
2658 2446 2862 2510 εὐθέως
2901 2446 3219 2516 ἀνέϐλεψαν,
3250 2445 3345 2499 καὶ
3375 2445 3713 2509 εἰσελθόντες
3739 2446 3799 2499 ἐν

2197 2539 2263 2607 τῇ
2292 2536 2444 2590 πόλει
2471 2538 2883 2610 προσεκύνησαν
2916 2539 2978 2593 τὸ
3020 2539 3198 2611 τίμιον
3223 2538 3472 2609 λείψανον
3510 2538 3607 2591 τοῦ
3640 2538 3799 2593 ὁσίου

509 2633 754 2705 Πατρόςσ
786 2630 1131 2703 ἀπήγγειλαν
1166 2630 1224 2684 δὲ
1255 2630 1316 2684 τὸ
1350 2628 1565 2701 συμϐὰν
1594 2630 1780 2693 αὐτοῖς
1827 2628 1968 2683 κατά
2011 2628 2109 2700 τὴν
2146 2629 2286 2683 όδόν.
2341 2630 2699 2696 Ἀκούσαντες
2723 2633 2779 2686 δὲ
2806 2633 3064 2700 ἅπαντες,
3102 2632 3352 2698 ἐδόξαζον
3380 2633 3471 2687 τὸν
3504 2632 3638 2686 Θεὸν
3699 2632 3801 2684 τὸν

509 2723 734 2778 τοιαῦτα
758 2723 1070 2795 παρέχοντα
1091 2724 1207 2787 τοῖς
1237 2722 1408 2787 ἀξίοις
1442 2720 1627 2776 αὑτοῦ.

580 2813 788 2870 LXVII.
829 2813 1141 2869 Honoritiee
1158 2829 1288 2897 ergo
1315 2828 1346 2868 e
1372 2814 1496 2868 navi
1527 2813 1780 2869 tollentes
1808 2813 2088 2885 reliquias,

508 2906 927 2962 introduxerunt
953 2904 1006 2958 in
1038 2905 1348 2960 ecclesiam.
1374 2902 1565 2974 Ibique
1594 2905 1794 2959 mansit
1823 2915 1933 2960 tres
1951 2905 2086 2970 dies,

2268 2812 2383 2866 ΞΖ’.
2428 2813 2691 2885 ’Ἄραντες
2712 2808 2806 2868 οὖν
2830 2814 2939 2868 ἀπὸ
2970 2815 3063 2869 τοῦ
3092 2816 3280 2869 πλοίου
3305 2814 3367 2869 τὸ
3392 2815 3667 2884 λείψανον,
3696 2836 3802 2889 με·

2196 2905 2265 2957 τὰ
2315 2904 2518 2976 πολλῆς
2574 2906 2740 2978 τιμῆς
2805 2908 3130 2979 εἰσήνεγκαν
3182 2910 3264 2974 είς
3318 2908 3418 2981 τὴν
3468 2910 3802 2981 ἐκκλησίαν.

508 3012 686 3068 neque
714 2995 1079 3067 sepeliebatur
1109 3006 1330 3067 propter
1361 3011 1611 3066 magnam
1658 2999 2088 3053 contentionem.

2201 2994 2423 3067 Ἔμεινε
2453 2996 2511 3050 δὲ
2538 3000 2688 3069 τρεῖς
2714 2998 2950 3071 ἡμέρας,
2986 3000 3080 3052 καὶ
3120 2999 3219 3054 οὐκ
3254 2999 3539 3065 ἐθάπτετο,
3570 3001 3663 3054 διὰ
3696 3002 3805 3073 τὴν

507 3087 715 3154 Quarto
749 3095 932 3141 autem
962 3086 1048 3141 die
1076 3086 1255 3157 ipsum
1283 3086 1337 3141 in
1368 3087 1570 3152 loculo,
1596 3088 1754 3143 melle
1774 3087 2088 3159 superfuso,

504 3174 952 3248 composuerunt.
991 3175 1358 3248 [Cogitabam
1399 3179 1547 3234 enim
1592 3194 1717 3235 eum
1760 3181 1992 3250 sepelire
2037 3181 2090 3235 in

506 3265 788 3339 ecclesia.]
840 3265 1016 3321 Mansi
1044 3281 1172 3321 vero
1199 3280 1407 3337 septem
1437 3268 1554 3323 dies
1583 3267 1637 3323 in
1666 3268 1896 3324 ecclesia
1927 3285 2094 3338 prope

509 3361 812 3431 reliquias:
844 3367 900 3414 et
946 3374 1017 3413 ne
1060 3360 1142 3414 sic
1183 3356 1400 3427 quidem
1454 3368 1541 3414 est
1577 3359 1841 3429 sepultus.
1885 3359 2094 3416 Octavo

508 3454 691 3524 itaque
718 3452 827 3516 die,
871 3466 1019 3515 cum,
1051 3459 1112 3505 ut
1137 3450 1377 3520 jusserat
1423 3460 1648 3507 sanctus
1672 3451 1857 3517 Pater.
1898 3450 2093 3508 navem

508 3543 863 3606 invenissem,
892 3557 1015 3612 quae
1048 3543 1356 3611 trajicicbat
1401 3543 1455 3597 in
1506 3542 1827 3616 Egyptum,
1872 3544 2094 3600 ascendi

509 3634 564 3687 in
589 3632 929 3701 superiorem
961 3630 1311 3699 Thebaidem,
1340 3642 1393 3688 ct
1421 3634 1597 3690 mansi
1627 3650 1774 3690 anno
1799 3651 1927 3691 uno.
1953 3635 2093 3691 Cum

508 3734 690 3781 autem
744 3724 1099 3779 descenderet
1147 3740 1382 3795 magnus
1426 3723 1744 3791 Heracleon,
1780 3743 1983 3799 praeses
2011 3739 2096 3784 to-

510 3818 617 3873 tius
648 3813 890 3887 Egypti,
927 3814 1306 3871 Rhinocurura
1356 3816 1517 3889 (eam
1544 3820 1690 3873 enim
1715 3820 1903 3875 urbem
1936 3820 2093 3874 habi-

509 3909 709 3979 tabat),
742 3918 796 3964 et
849 3908 1115 3963 audiisset
1168 3924 1255 3965 me
1304 3908 1474 3966 fuisse
1528 3912 1857 3980 discipulum
1913 3914 2092 3984 magni

510 4002 821 4073 Epiphanii,
857 4016 945 4056 me
970 4001 1244 4058 nolentem
1275 4004 1458 4072 rapuit
1482 4018 1577 4072 per
1610 4004 1831 4067 milites,
1863 4005 2092 4074 imposi-

509 4105 736 4166 tnmque
768 4094 979 4149 camelo
1013 4093 1261 4149 dromadi
1308 4094 1503 4150 detulit
1548 4094 1950 4152 liliinocurura.
1986 4098 2097 4153 Ac-

508 4187 640 4243 cidit
668 4198 874 4252 autem,
914 4198 971 4244 ut
1003 4190 1297 4260 episropus
1336 4187 1552 4243 illorum
1581 4188 1888 4245 decederet.
1921 4188 2094 4246 Fecit-

508 4294 616 4348 que
647 4289 707 4335 ut
731 4281 1015 4338 ordiuarer
1038 4270 1330 4354 episcopus
1360 4270 1896 4337 Rhinorururorum.

515 4473 998 4547 Epistolafolyhii
1025 4477 1275 4547 episcopi,
1309 4478 1535 4533 civitatis
1572 4477 1999 4533 Rhinocururum
2023 4479 2092 4532 ad

753 4545 1007 4600 Sabinum
1042 4545 1340 4616 episcopum
1383 4547 1858 4604 Constantianam.

582 4720 812 4775 Domino
868 4721 921 4774 in
987 4718 1480 4783 Deovenerando,
1530 4719 1694 4790 digno
1756 4720 2089 4783 sacerdotio,

511 4823 703 4867 sancto
734 4809 877 4865 Patri
929 4808 1133 4865 Sabino
1179 4811 1438 4887 episcopo
1490 4810 1726 4865 civitatis
1757 4811 2093 4866 Constantia

511 4902 697 4975 Cypri,
731 4899 986 4972 Polybius
1016 4907 1273 4971 peccator
1305 4898 1357 4952 in
1391 4896 1913 4977 Domino‘salutem.
1950 4900 2091 4971 Magi

511 4992 807 5061 singularis
833 4994 1044 5063 gratia),
1074 4991 1154 5045 vel
1181 5000 1474 5058 antequam
1500 4990 1655 5045 stella
1679 4991 1761 5046 eis
1798 4989 2089 5046 Dominum

511 5084 892 5152 signiﬁcasset.
946 5083 1241 5153 participes
1284 5081 1433 5148 facti,
1470 5082 1677 5137 vadunt
1724 5082 2095 5150 Hierusalem,

511 5184 674 5244 atque
709 5174 765 5228 Β.
786 5176 1046 5240 thlehcut,
1074 5177 1140 5229 ad
1183 5175 1523 5229 adorandum
1569 5175 1846 5230 caelestem
1906 5192 2102 5247 regem

510 5264 784 5319 Christum
822 5266 1109 5319 llotninum
1145 5276 1412 5320 nostrum.
1452 5266 1567 5320 Nisi
1601 5267 1745 5320 enim
1785 5268 1819 5320 ii
1857 5266 2092 5323 fuissent

514 5356 664 5426 prius
712 5355 1004 5426 participes
1050 5356 1248 5412 divina:
1297 5356 1647 5427 cognitionis,
1683 5356 1774 5412 Dei
1823 5360 2088 5414 visionem

584 5556 660 5637 (ll)
698 5553 875 5637 Yertit
904 5555 1171 5637 interpres
1196 5555 1353 5637 quasi
1383 5554 1572 5637 legerit
1597 5556 1718 5637 μέλι
1740 5556 2010 5637 ’βαλόντες
2031 5560 2088 5613 ἐν

515 5624 678 5699 σορῷ.
699 5628 832 5695 Quae
862 5624 1119 5682 autem—in
1153 5624 1299 5687 tritu
1333 5624 1527 5680 Latino
1556 5624 1711 5683 uncis
1740 5624 2083 5695 inclusimus,

2196 3085 2397 3158 πολλὴν
2444 3087 2775 3156 φιλονεικίαν
2822 3088 3021 3143 αὐτῶν.
3056 3090 3134 3162 Τῇ
3180 3085 3274 3143 οὖν
3321 3090 3557 3163 τετάρτῃ
3601 3094 3807 3165 ἡμέρα

2200 3179 2337 3250 μέλη
2372 3179 2624 3250 βαλόντες
2656 3181 2714 3234 ὲν
2745 3180 2960 3252 Σκυρίῳ
2995 3182 3071 3253 (α)
3100 3181 3292 3235 ἔϐαλον
3320 3182 3503 3236 αὐτόν.
3524 3174 3807 3256 Ἐπόίησα

2195 3269 2252 3353 σε
2280 3267 2391 3338 ἐγὼ
2416 3270 2516 3330 τάς
2544 3266 2586 3334 ζ’
2617 3270 2832 3341 ἡμέρας
2865 3271 2924 3325 ὲν
2947 3274 3013 3342 τῇ
3040 3271 3310 3345 ἐκκλησίᾳ
3342 3273 3489 3344 παρὰ
3511 3274 3572 3326 τὸ
3595 3274 3807 3333 λείψα-

2197 3375 2287 3411 νον
2308 3377 2322 3391 ·
2355 3360 2447 3413 καὶ¹
2473 3360 2596 3415 οὐδὲ
2619 3361 2792 3426 οὕτως
2813 3364 3008 3435 ἐτάφη.
3045 3364 3122 3435 Τῇ
3152 3359 3245 3418 οὖν
3267 3364 3428 3438 ὀγδόῃ
3466 3365 3663 3439 ἡμέρᾳ
3696 3386 3809 3423 κα-

2197 3449 2266 3503 τά
2292 3451 2391 3521 τὴν
2418 3452 2492 3522 (b)
2524 3452 2617 3506 τοῦ
2664 3453 2812 3507 ὁσίου
2847 3455 3061 3527 Πατρός
3090 3450 3249 3528 εὖρον
3279 3457 3463 3510 πλοῖον
3505 3458 3807 3531 διαπερῶν

2198 3543 2278 3607 είς
2307 3543 2599 3611 Αἴγυπτον,
2633 3546 2728 3598 καὶ¹
2769 3546 3009 3601 ἀνελθὼν
3052 3547 3393 3613 ἀπέπλευσα,
3425 3550 3521 3604 καὶ
3554 3552 3811 3623 ἀνῆλθον

2198 3636 2278 3698 εἰς
2301 3635 2411 3707 τὴν
2422 3634 2534 3690 ἄνω
2559 3637 2822 3709 Θηϐαΐδα,
2856 3640 2948 3692 καὶ
2975 3640 3210 3713 ἐποίησα
3236 3643 3501 3697 ἐνιαυτόν.
3524 3644 3639 3698 Καὶ
3663 3663 3812 3701 κατ-

2198 3725 2491 3797 ερχόμενος
2539 3729 2570 3781 ό
2623 3728 2797 3799 μέγας
2842 3730 3178 3803 Ἡρακλείων
3211 3736 3240 3788 ό
3268 3735 3451 3807 ἄρχων
3488 3736 3592 3807 τῆς
3623 3740 3814 3807 Αἰγύ-

2198 3835 2333 3872 πτου
2376 3820 2469 3873 ἐπὶ
2508 3820 2969 3897 Ῥινοκουρούρων
2994 3826 3094 3897 τὴν
3123 3827 3276 3881 πόλιν
3309 3825 3417 3901 (ἦν
3443 3829 3552 3901 γὰρ
3585 3833 3692 3885 καὶ
3725 3834 3813 3886 oi-

2198 3910 2386 3983 κήτωρ
2414 3912 2587 3984 αὐτῆς
2609 3913 2650 3982 ),
2687 3915 2929 3980 ἀκούσας
2975 3918 3058 3971 ὅτι
3106 3920 3354 3993 μαθητὴς
3394 3921 3672 3994 ἐγενόμην
3703 3924 3813 3977 τοῦ

2201 3999 2437 4070 μεγάλου
2464 4002 2804 4071 Ἐπιφανίου,
2837 4004 2910 4075 μὴ
2952 4004 3195 4069 θέλοντός
3232 4024 3355 4077 μου,
3379 4006 3469 4061 διὰ
3516 4023 3816 4079 στρατιω-

2197 4088 2305 4144 τῶν
2336 4091 2583 4163 ἧρπασέν
2616 4110 2705 4163 με,
2738 4094 2833 4147 καὶ
2879 4095 2971 4147 ἐπὶ
2998 4094 3401 4167 δρομοκαμηλῳ
3432 4094 3813 4163 ἐπικαθίσας,

2198 4180 2535 4251 κατήνεγκεν
2562 4198 2630 4251 με
2650 4183 2731 4246 είς
2765 4176 3202 4256 Ῥινοκούρουρα.
3239 4184 3442 4257 Συνέϐη
3466 4186 3522 4240 δὲ
3547 4185 3647 4240 τὸν
3671 4189 3816 4241 ἐπ(-

2200 4287 2400 4324 σκοπον
2432 4272 2523 4327 τὸν
2547 4275 2664 4327 ἐκεῖ
2689 4274 3026 4347 τελευτῆσαι,
3050 4278 3143 4331 καὶ
3174 4278 3429 4349 ἐποίησέν
3453 4295 3520 4349 με
3545 4295 3820 4351 χειροτο-

2199 4359 2426 4431 νηθῆναι
2448 4364 2743 4418 ἐπίσκοπον
2774 4366 2873 4438 τῆς
2895 4366 3222 4438 Ἐκκλησίας
3264 4369 3773 4442 Ῥινοκουρούρων.

2207 4493 2527 4565 Ἐπιστολὴ
2575 4500 2878 4553 Πολυϐίου
2930 4500 3271 4555 ἐπισκόπου
3322 4501 3553 4568 πόλεως
3596 4504 3821 4559 Ῥινο-

2263 4568 2606 4637 κουρούρων
2637 4569 2787 4637 πρὸς
2816 4570 3072 4624 Σαϐῖνον
3100 4573 3441 4626 ἐπίσκοπον
3464 4577 3824 4630 Κωνσταν-

2265 4635 2416 4701 τίας.

2264 4740 2454 4813 Κυρίῳ
2503 4741 2808 4817 θεοτιμήτῳ
2836 4746 2973 4819 ἀξίῳ
3004 4748 3105 4820 τῆς
3133 4749 3453 4822 ἱερωσύνης,
3498 4750 3651 4823 ἁγίῳ
3682 4754 3822 4807 Πα-

2191 4833 2283 4913 τρῖἴ
2309 4836 2593 4908 ὲπισκόπῳ
2639 4837 2850 4910 Σαϐίνῳ
2898 4839 3104 4905 πόλεως
3133 4842 3519 4906 Κωνσταντίας
3544 4843 3658 4914 τῆς
3691 4846 3826 4900 Κύ-

2194 4941 2356 4995 πρου,
2407 4924 2667 4990 Πολύϐιος
2712 4928 3037 5001 ἁμαρτωλὸς
3091 4933 3149 4985 ἐν
3203 4933 3397 5005 Κυρίῳ
3452 4934 3712 5005 χαίρειν.
3748 4940 3825 4991 Οἱ

2196 5017 2358 5086 μάγοι
2404 5018 2502 5089 τῆς
2549 5018 2771 5089 χάριτος
2816 5024 3084 5093 μετεῖχον,
3118 5023 3263 5094 λέγω
3303 5025 3367 5096 δὴ
3419 5024 3526 5096 πρὸ
3568 5027 3684 5081 τοῦ
3717 5030 3828 5085 τὸν

2191 5105 2396 5176 ἀστέρα
2442 5107 2628 5171 αὐτοῖς
2700 5111 3084 5182 καταμηνῦσαι
3132 5112 3231 5185 τὴν
3278 5113 3465 5184 βαδίαν
3511 5119 3828 5173 ποιεῖσθαι

2192 5195 2287 5249 ἐπὶ
2329 5197 2706 5269 Ἰερουσαλὴμ,
2738 5201 2832 5255 καὶ
2871 5203 2928 5255 ὲν
2973 5202 3218 5277 Βηθλεὲμ
3265 5206 3358 5259 ὲπὶ
3407 5210 3828 5282 προσκυνήσει

2191 5286 2286 5340 τοῦ
2333 5290 2572 5360 μεγάλου
2615 5289 2878 5361 βασιλέως
2918 5294 3098 5366 Ἰησοῦ
3143 5297 3381 5370 Χριστοῦ
3429 5297 3527 5352 τοῦ
3570 5300 3833 5375 Κυρίου

2192 5381 2369 5453 ἡμῶν.
2398 5384 2459 5436 Εἰ
2497 5383 2572 5455 μὴ
2618 5384 2728 5457 γὰρ
2772 5381 2917 5458 εἶχον
2957 5389 3113 5442 αὐτοὶ
3163 5389 3493 5459 θεογνωσίαν
3521 5390 3582 5444 τὺ
3636 5396 3831 5468 πρὶν,

2190 5561 2245 5615 in
2272 5560 2459 5617 αντε(ιο
2487 5564 2706 5620 desunt.
2751 5563 2908 5619 Eutr.
2941 5563 3184 5621 Ρλτιιοι..

2268 5632 2340 5702 (ὑ)
2382 5635 2542 5687 Κατὰ
2570 5635 2698 5690 n'n'.
2745 5636 2947 5710 bupple
2980 5637 3221 5709 ἐντολήν.
3266 5636 3346 5692 In.
