3866 6066
511 210 609 264 Hii
744 254 749 257 .
1539 212 1594 265 S.
1628 209 1971 265 EPIPIIANH
2003 208 2184 263 ACTA
2222 207 2722 264 BGLLANDIANA.
3618 218 3697 273 H6

510 329 770 400 reliqoias
796 329 970 400 sancti
992 337 1046 385 et
1066 329 1205 386 beati
1239 328 1415 400 Patris
1446 329 1617 385 nostri
1635 339 1694 383 et
1719 330 1958 399 episcopi
1986 327 2290 400 Epiphanii,
2322 337 2376 383 et
2410 344 2534 384 cum
2565 328 2713 384 omni
2750 329 2956 386 honore
2984 345 3077 387 eas
3112 329 3164 385 in
3192 344 3256 385 eo
3274 330 3388 384 loco
3418 334 3695 400 deposuere.

650 346 770 385 mas
796 345 970 389 saneta
992 345 1046 385 et
1069 345 1205 386 beati
1240 345 1415 385 t'atris
1446 345 1617 385 ηοω-ι
1635 345 1694 383 et
1719 345 1958 399 episcopi
1986 345 2290 398 eplpnann,
2322 345 2376 383 et
2410 345 2534 384 cum
2565 345 2713 384 omni
2750 345 2956 386 nouore
2984 345 3077 387 eas
3114 346 3164 385 In
3192 345 3256 385 eo
3277 345 3388 384 loco
3418 345 3695 400 deposuere.

586 345 772 453 “XXI.
815 399 971 471 Mane
1003 409 1185 454 autem
1228 399 1409 471 statim
1439 400 1782 471 venerandus
1811 400 2005 460 Draco,
2033 399 2313 471 accersitis
2339 400 2595 471 omnibus
2626 399 2837 455 clericis
2879 416 3001 471 cum
3055 401 3238 471 multis
3268 401 3698 471 patribusfamilias

516 468 774 541 civitatis,
804 468 999 541 obtulit
1034 484 1221 541 preces
1258 469 1593 541 imperatori.
1623 468 1771 524 Missi
1803 485 1931 541 vero
1958 477 2093 541 sunt
2121 477 2233 541 tres
2260 470 2464 541 clerici,
2492 478 2544 522 et
2576 476 2686 541 tres
2715 470 3153 540 patresl'amilias.
3189 468 3281 541 Ex:
3309 471 3511 526 clericis
3538 474 3583 526 in
3607 476 3698 541 pri-

517 540 624 594 mis
656 540 1005 594 honorandus
1033 538 1270 593 Sabinus
1295 539 1580 604 diaconus,
1611 549 1667 599 et
1695 540 1932 593 maxime
1958 539 2307 593 honorandus
2334 540 2596 593 diaconus
2633 538 2836 595 Paulus
2878 541 3237 596 consobrinus
3264 539 3528 602 Dracenis.
3555 538 3700 597 etho-

516 610 795 679 norandtts
821 608 1079 679 diaconus
1109 609 1464 665 Athanasius.
1498 608 1574 663 Ex
1605 610 1847 679 patribus
1872 618 2053 679 autem
2087 607 2318 663 familias
2348 608 2677 665 revrrendus
2705 609 2981 665 Marianus
3027 610 3191 665 frater
3233 608 3459 679 Synesii,
3497 619 3543 665 et
3579 627 3702 667 reve-

521 681 719 750 rendus
740 677 979 750 J_oaunes
1010 678 1128 750 ejus
1154 680 1539 740 consobrinus,
1567 690 1621 734 et
1654 677 2109 750 ﬁlviusADraconis,
2140 679 2230 746 qui
2262 679 2376 750 ipse
2407 694 2624 749 quoque
2653 682 2947 735 vocabatur
2979 681 3167 741 Draco,
3198 688 3251 734 et
3271 677 3426 749 quem
3456 680 3538 733 Dei
3560 684 3700 750 gratia

517 749 729 802 curavit
758 747 1095 818 Epiphanius
1126 764 1155 802 a
1188 750 1377 802 morho
1409 750 1751 818 gravissimo.
1783 748 1843 801 Hi
1876 758 2056 802 autem
2086 749 2300 802 iverunt
2343 749 2397 802 in
2428 747 2709 804 'civitatem
2755 752 2977 818 regiam,
3005 761 3058 805 et
3087 747 3394 804 obtulerunt
3420 747 3588 818 preces
3618 752 3699 804 im-

517 817 1104 889 peratori.jlmpcrator
1147 833 1281 889 vero
1322 817 1609 885 Arcadius,
1646 834 1989 889 cumpreces
2036 820 2337 888 accepisset
2381 829 2435 874 et
2481 819 2715 889 legisset,
2748 817 2904 875 valde
2939 836 3137 887 magno
3163 820 3343 873 dolore
3382 829 3460 873 est
3497 820 3700 884 allectus,

517 887 662 960 quod
692 903 723 943 e
750 887 858 960 vita
886 888 1213 960 eseessisset
1245 888 1583 957 Epiphanius
1611 898 1710 960 get
1745 888 1884 947 dixit
1913 890 1993 944 eis
2036 889 2129 959 qui
2155 887 2363 960 preces
2409 889 2511 943 sibi
2537 887 2875 960 'obtulerant
2903 909 2916 945 :
2950 890 3141 944 Sedete
3185 889 3238 943 in
3287 891 3383 960 ba_c
3423 891 3550 960 urbe
3587 890 3703 960 regia

519 957 881 1031 quadraginta
904 957 1041 1023 dies.
1070 969 1129 1015 ut
1154 958 1365 1026 lugeam
1394 974 1579 1031 meum
1610 958 1847 1024 Patrem,
1878 968 1933 1015 et
1965 957 2066 1013 vos
2094 959 2303 1031 mittam
2332 958 2387 1012 in
2416 974 2567 1031 pace.
2591 958 2680 1031 Allli
2704 969 2889 1031 autem
2924 960 3003 1013 sic
3044 960 3303 1031 fecerunt.
3331 957 3545 1031 Et_lnxit
3569 957 3705 1014 Arca-

521 1026 646 1081 dius
680 1026 973 1099 imperator
998 1036 1198 1099 sanctae
1230 1028 1506 1082 memoria:
1528 1038 1735 1099 patrem
1763 1041 2007 1084 nostrum
2036 1040 2089 1082 et
2111 1026 2427 1098 episcopum
2452 1027 2810 1097 Epiphanium
2836 1030 3193 1098 quadraginta
3224 1028 3357 1099 dies.
3380 1026 3503 1099 Post
3536 1030 3703 1082 luctum

521 1108 702 1149 autem
726 1096 869 1167 iecit
896 1097 1364 1161 constitutionem,
1395 1106 1450 1151 et
1478 1096 1628 1152 misit
1670 1117 1792 1153 cum
1828 1102 1909 1154 eis
1944 1100 2119 1151 virum
2149 1096 2666 1166 pinm'militantem.
2701 1096 2921 1153 nomine
2955 1096 3265 1152 Maiimum.
3304 1097 3351 1151 ls
3385 1098 3594 1151 habebat
3617 1100 3706 1167 spi-

521 1166 686 1220 ritum
722 1166 1082 1238 immundum.
1115 1167 1251 1238 Cum
1278 1168 1336 1238 pii
1386 1178 1565 1222 autem
1614 1171 1989 1238 pervenissent
2016 1168 2415 1238 Constantiam,
2448 1170 2629 1221 statim
2649 1167 2921 1238 Matinius
2965 1178 3185 1237 accepta
3230 1167 3613 1238 constitutione,
3641 1166 3707 1221 in-

518 1250 740 1307 gressus
765 1244 851 1293 est
878 1236 931 1289 in
958 1236 1161 1300 locum,
1198 1236 1290 1290 ubi
1338 1248 1465 1292 sunt
1498 1236 1685 1307 posita:
1712 1239 1955 1306 reliquiae
1985 1238 2158 1292 sancti
2204 1236 2382 1307 Patris
2413 1240 2606 1292 nostri.
2632 1237 2881 1304 Cumque
2910 1236 3113 1307 pronus
3142 1237 3420 1291 cecidisset
3449 1237 3496 1290 in
3528 1238 3705 1297 faciem,

520 1305 573 1385 et
596 1319 790 1374 preces
812 1307 1093 1385 posuisset
1120 1322 1286 1385 supra
1317 1305 1551 1385 thecam,
1582 1309 1718 1362 dixit
1756 1327 1768 1362 :
1800 1305 1908 1362 Deo
1936 1309 2097 1375 digne
2128 1317 2313 1385 sancte
2338 1305 2627 1385 Epiphani,
2651 1308 2858 1385 expelle
2885 1305 2923 1385 ξδ’
2949 1324 3036 1362 me
3076 1308 3372 1385 malignum
3397 1308 3643 1385 spiritum,
3666 1315 3709 1385 et

520 1381 651 1428 tunc
678 1375 916 1447 aperiam
954 1376 1092 1447 hanc
1123 1375 1762 1447 formatamAscripturam
1786 1393 1909 1431 cum
1948 1392 2140 1447 magna
2171 1375 2467 1447 gratiarum
2502 1375 2734 1431 actione.
2769 1376 3074 1446 Statimque
3098 1378 3230 1429 exiit
3258 1375 3555 1431 immundus
3578 1376 3710 1446 spiri-

518 1453 606 1516 tus
634 1443 1242 1516 aAMaximoLIaueque
1278 1443 1562 1514 patefacta
1581 1447 1681 1501 fuit
1708 1448 1973 1516 scriptura
2008 1443 2238 1500 formata
2270 1448 2323 1500 in
2348 1446 2469 1500 loco
2501 1448 2737 1515 publico,
2766 1457 2818 1501 et
2846 1443 3037 1507 omnes
3079 1457 3356 1515 propterea
3401 1462 3578 1514 magna
3602 1443 3711 1499 sunt

516 1513 693 1585 allecti
726 1513 929 1571 lauitia.
962 1513 1231 1571 Formatte
1259 1513 1439 1570 autem
1468 1516 1753 1585 scriptnraz
1791 1513 1900 1570 vim
1946 1517 2126 1569 insero
2172 1518 2223 1568 in
2269 1532 2388 1572 mea
2420 1513 2670 1584 epistola,
2701 1532 2865 1585 quam
2897 1519 2962 1571 ad
2996 1513 3231 1571 vestram
3274 1516 3428 1585 mitto
3450 1513 3669 1584 pietatem
3697 1532 3708 1567 :

516 1598 638 1651 quae
681 1582 734 1635 in
767 1599 925 1637 versu
963 1585 1201 1638 secundo
1229 1585 1306 1637 sic
1334 1582 1596 1639 continet.
1639 1586 1729 1640 Sic
1762 1587 1904 1641 enim
1934 1586 2065 1638 dicit
2100 1586 2396 1652 imperator
2430 1582 2697 1641 Arcadius
2722 1582 2797 1640 de
2832 1597 3020 1641 sancto
3067 1585 3223 1638 Patre
3261 1603 3273 1639 :
3303 1582 3466 1650 Eum,
3491 1588 3573 1653 qui
3605 1584 3712 1642 vixit

515 1666 681 1719 supra
707 1664 920 1707 nost'as
948 1653 1112 1725 legcs,
1142 1654 1399 1707 nolumus
1419 1654 1610 1725 jacere
1636 1656 2018 1709 ionvenienter
2060 1656 2260 1725 nostris
2310 1657 2540 1724 legibus.
2577 1655 2713 1710 Ecce
2744 1673 2894 1725 ergo,
2924 1673 2957 1708 o
2987 1664 3171 1710 sancte
3214 1653 3370 1707 Pater
3393 1654 3583 1724 Polybi,
3616 1655 3712 1708 uni-

515 1736 727 1795 versam
763 1724 1232 1795 consequentiam,
1260 1721 1514 1795 quatiuit
1549 1732 1657 1777 tam
1689 1725 1867 1779 verbis
1897 1739 2057 1791 quam
2096 1723 2271 1785 lactis,
2310 1721 2535 1793 ex'posui
2576 1737 2766 1780 vestrae
2799 1721 2939 1795 apud
2972 1725 3147 1795 Deum
3178 1725 3449 1778 honoratae
3474 1721 3522 1779 et
3546 1734 3712 1777 sanctae

513 1792 713 1864 anima":
741 1806 836 1859 per
862 1792 1091 1864 litteras,
1121 1807 1241 1864 quae
1268 1807 1297 1864 a
1328 1792 1483 1864 nobis
1510 1795 1694 1864 missae
1720 1802 1850 1849 sunt
1879 1809 1975 1862 per
2002 1792 2688 1864 venerandumdiaconum
2719 1792 3025 1864 Calippnm.
3054 1793 3201 1851 Habe
3230 1804 3407 1849 autem
3441 1801 3711 1863 perpetuam

517 1859 625 1913 mei
658 1863 974 1915 memoriam
1014 1862 1064 1914 in
1098 1859 1205 1915 tuis
1232 1862 1298 1914 ad
1326 1860 1494 1915 Deum
1524 1859 1896 1928 Orationibus;
1919 1872 2105 1916 sancte
2141 1862 2318 1920 Pater.
2355 1863 2530 1918 Tuum
2575 1881 2704 1919 vero
2731 1859 2978 1921 sanctum
3013 1866 3215 1921 clerum
3267 1879 3387 1918 meo
3415 1859 3616 1919 nomine
3643 1875 3714 1919 sa-

513 1928 688 1984 lutare
715 1930 976 1999 digneris,
993 1946 1025 1985 o
1052 1930 1214 2000 digne
1236 1932 1564 2000 sacerdotio,
1581 1944 1770 1989 sancte
1799 1932 1976 1987 Pater.
1995 1929 2101 1986 Ora
2129 1947 2227 2001 pro
2253 1950 2358 1999 me,
2387 1949 2420 1988 o
2447 1935 2529 1988 vir
2556 1937 2789 1990 maxime
2810 1934 2942 2008 pie.]

1176 2104 1674 2352 ACTA
1810 2198 1970 2352 s.

2192 2201 3072 2356 ΞΡΙΡΗΑΝΙΙ

1500 2460 1827 2519 AUCTORE
1862 2464 1927 2518 R.
1961 2467 2022 2521 P.
2069 2467 2226 2523 DAN.
2260 2467 2761 2526 PAPEBROCHIO.

1160 2622 1302 2683 (Acta
1324 2630 1599 2677 sanctorum
1624 2623 1851 2683 Bolland.
1868 2662 1881 2684 ,
1903 2626 2015 2677 Maii
2058 2634 2175 2679 tom.
2203 2628 2289 2688 IlI,
2314 2627 2395 2678 die
2422 2627 2495 2687 12,
2518 2642 2567 2690 p.
2590 2628 2667 2679 36.
2697 2629 2941 2690 Venetiis,
2964 2630 3119 2694 l758.)

1014 2879 1248 2938 CAPUT
1286 2879 1576 2937 PRIMUM.

510 2993 700 3049 Cultus
733 2993 873 3063 apud
917 2991 1128 3047 Crwcos
1166 3002 1217 3047 et
1258 2992 1503 3048 Latinos.
1546 2993 1668 3053 Vita
1706 2998 1800 3050 sub
1840 2999 2090 3055 επιειιίιο

814 3064 1196 3133 discipulorum
1229 3065 1438 3117 nomine
1466 3066 1773 3135 compilata.

587 3155 639 3210 Ι.
677 3152 917 3209 Salamis
957 3155 1117 3226 Cypri
1168 3154 1316 3224 (nam
1364 3155 1467 3209 alia
1512 3155 1676 3225 lmjus
1724 3158 1960 3213 nominis
2005 3169 2089 3215 est

508 3246 687 3307 insula
711 3257 765 3302 et
796 3247 928 3302 urbs
962 3248 1108 3302 circa
1154 3246 1412 3318 Atticam)
1450 3248 1774 3303 Constantia
1805 3250 2092 3306 dicebatur

511 3338 826 3411 Hieronymi
864 3346 1042 3405 aitate,
1093 3346 1153 3392 ut
1195 3338 1273 3392 ait
1318 3339 1434 3408 ipse
1478 3339 1531 3393 in
1586 3340 1852 3409 epitapltio
1899 3339 2091 3397 Paula:

507 3432 670 3502 epist.
716 3431 808 3486 27.
849 3428 1006 3484 Nunc
1050 3437 1343 3498 utrumque
1388 3445 1587 3487 nomen
1618 3430 1799 3495 desiit,
1850 3440 1907 3487 et
1948 3432 2089 3490 dun-

509 3531 664 3576 taxat
684 3519 1009 3590 oppidulum
1038 3518 1151 3574 fere
1176 3520 1420 3577 dirutum
1449 3529 1718 3591 superest,
1736 3522 1900 3592 ’quod
1928 3521 2088 3579 Vete-

510 3630 625 3668 rem
656 3611 1046 3680 Famagustam
1078 3621 1277 3666 vocant
1308 3612 1519 3676 incohe,
1552 3622 1841 3683 postquam
1874 3630 1941 3670 ex
1964 3615 2086 3686 ejus

2110 2894 2340 2961 Αμαρα
2403 2880 2712 2952 appellant)
2782 2881 2930 2951 quod
3002 2881 3131 2939 olim
3195 2884 3576 2957 patriarcbium
3620 2883 3723 2938 fuit.

2265 2973 2319 3027 2.
2362 2970 2577 3025 Etenim
2622 2970 2785 3024 etiam
2827 2969 3453 3043 Constantinopolitanae
3482 2975 3724 3037 Ecclesiae,

2197 3077 2351 3133 aeque
2399 3076 2463 3116 ac
2502 3061 2602 3116 toti
2646 3059 2853 3115 Orienti
2887 3060 2990 3115 fuit
3033 3062 3083 3115 in
3134 3065 3373 3119 maxima
3420 3065 3726 3120 veneratione

2192 3154 2565 3226 Epiphanius;
2609 3153 2766 3222 cujus
2823 3155 3044 3225 synaxis
3092 3155 3185 3225 (ut
3218 3156 3423 3211 habent
3465 3157 3646 3212 Nemea
3673 3154 3725 3207 ad

2193 3246 2342 3300 hunc
2369 3244 2440 3299 12
2474 3242 2638 3314 Maii)
2674 3244 2729 3297 in
2760 3246 2909 3314 regia
2953 3245 3040 3298 illa
3083 3246 3213 3300 urbe
3245 3266 3264 3298 ‹
3300 3249 3659 3303 celebrabatur
3683 3245 3725 3297 in

2190 3335 2537 3390 sanctissima
2562 3334 2683 3405 ejus
2709 3333 2822 3387 atde
2853 3351 2871 3384 ι
2911 3349 3005 3388 seu
3044 3335 3265 3399 sacello,
3302 3353 3323 3384 ι
3364 3352 3482 3406 qua:
3507 3344 3584 3391 est
3606 3334 3727 3389 intra

2191 3425 2450 3495 templum
2501 3422 2687 3480 Sancti
2740 3422 3101 3489 Philemonis,
3156 3443 3175 3475 ι
3226 3429 3408 3494 quod,
3445 3426 3638 3481 Codino
3683 3426 3726 3479 in

2189 3516 2500 3586 Originibus
2542 3513 3150 3584 Constantinopolitanis
3204 3526 3513 3581 attestante,
3566 3534 3584 3567 ι
3640 3513 3728 3568 Eu-

2188 3609 2385 3664 doxius
2440 3606 2788 3662 Constantini
2839 3605 3015 3677 Magni
3065 3609 3333 3677 patricius
3376 3620 3429 3664 et
3474 3607 3727 3679 przel'ectut

511 3703 687 3759 ruinis
722 3718 862 3762 nova
909 3702 1168 3767 surrexit,
1206 3719 1328 3773 qua:
1360 3702 1540 3759 adhuc
1582 3704 1729 3774 regia
1761 3712 1863 3768 est,
1902 3720 2072 3775 regno

506 3795 635 3852 licet
685 3794 956 3851 exstincto
1004 3791 1109 3847 sub
1155 3790 1453 3851 Turcarum
1511 3794 1815 3865 tyrannide.
1873 3793 2073 3853 Eadem

512 3884 832 3956 metropolis
887 3883 1080 3938 insulae
1108 3884 1278 3938 totius
1332 3884 1458 3949 fuit,
1513 3894 1567 3939 et
1623 3887 1825 3940 saeculo
1876 3884 2079 3941 Christi

508 3988 703 4050 quarto
728 3978 1047 4047 episcopum
1094 3976 1283 4029 habuit
1333 3993 1352 4026 ε
1391 3975 1451 4031 S.
1491 3976 1875 4046 Epiphanium,
1906 3994 2068 4048 quem

506 4088 616 4129 non
662 4071 838 4129 solum
880 4070 1003 4127 vitae
1043 4069 1389 4129 conversatio
1438 4069 1705 4125 illustrem
1741 4071 1813 4127 ob
1852 4072 2080 4131 virtutes

504 4162 771 4226 reddidit;
814 4176 1008 4216 verum
1042 4159 1211 4214 etiam
1266 4160 1557 4225 miracula,
1609 4177 1730 4231 qua!
1782 4160 1945 4228 Deus,
1984 4165 2084 4220 ho-

508 4268 641 4309 nore
666 4253 818 4307 illum
852 4252 1062 4306 allicere
1087 4251 1299 4316 volens,
1333 4252 1453 4322 ipso
1499 4252 1679 4307 adhuc
1713 4256 2004 4323 superstite
2030 4266 2083 4313 et
2116 4258 2154 4313 Β

504 4349 629 4411 post
655 4340 863 4399 obitum
893 4340 1014 4411 ejus
1044 4341 1233 4397 edidit.
1269 4340 1488 4399 Mortuo
1519 4345 1664 4398 enim
1693 4344 1807 4408 illo,
1841 4344 1897 4401 id
1923 4347 2077 4416 quod

504 4431 711 4486 viventi
744 4445 853 4485 non
877 4430 1195 4497 contigerat.
1225 4432 1291 4486 ad
1314 4432 1630 4501 sepulcrum
1655 4435 1778 4505 ejus
1799 4436 2079 4492 (laniones

503 4522 808 4576 etiamnum
857 4518 1060 4591 fugari,
1116 4530 1169 4574 et
1201 4522 1375 4575 morbi
1417 4523 1640 4592 quidam
1672 4525 1853 4580 curari
1881 4526 2076 4581 dicun-

506 4623 615 4673 tur.
672 4631 693 4663 ι
727 4612 807 4673 Ita
846 4611 942 4668 lib.
997 4627 1048 4664 vn
1090 4609 1235 4665 Hist.
1276 4614 1486 4679 erdem,
1532 4631 1653 4685 cap.
1692 4617 1783 4681 27,
1829 4616 2079 4677 Hermias

506 4704 870 4767 Sozomenus,
913 4703 1036 4773 ipso
1075 4704 1235 4773 cujus
1268 4704 1537 4775 principio
1572 4707 1660 4761 ille
1693 4709 1831 4765 obiit
1872 4711 2074 4766 saeculo

503 4796 697 4864 quinto
719 4794 940 4851 ﬂorens.
973 4794 1110 4851 [line
1150 4795 1377 4863 factum,
1411 4799 1553 4853 sicut
1582 4801 1826 4871 synodus
1853 4803 2073 4857 Niczena

503 4903 542 4943 ll
583 4888 782 4944 siccqu
832 4886 1036 4943 Christi
1085 4902 1280 4944 octavo
1324 4889 1618 4956 celebrata,
1668 4900 1774 4946 act.
1823 4892 1856 4947 6
1894 4891 2072 4963 docet,

502 4977 647 5048 quod
681 4996 701 5031 ι
740 4979 999 5051 templum
1024 4979 1413 5043 dedicaverunt
1448 4980 1501 5039 in
1539 4981 1865 5053 Cypriorum
1892 4983 2071 5045 insula

500 5068 622 5136 ejus
658 5067 933 5138 discipuli,
980 5078 1364 5137 uuncupantes
1407 5067 1541 5122 illud
1587 5068 1834 5138 ejusdem
1893 5068 2071 5125 Patris

500 5158 793 5222 vocabulo,
823 5167 878 5212 et
920 5174 1045 5215 cum
1092 5159 1280 5212 multis
1325 5158 1449 5213 aiiis
1481 5159 1804 5214 titnlaribus
1838 5159 2071 5233 picturis

501 5248 795 5319 imaginem
828 5249 948 5319 ejus
990 5249 1045 5307 in
1085 5249 1203 5321 ipso
1236 5249 1600 5313 collocarunt.
1640 5269 1660 5307 ι
1704 5252 1921 5322 qualem
1956 5252 2070 5317 sci-

499 5339 627 5399 licet
667 5339 848 5399 videre
887 5340 1014 5398 licet
1060 5349 1185 5395 ante
1236 5356 1422 5410 opera.
1463 5340 1687 5403 Petavio
1736 5356 1924 5401 nosu'o
1967 5361 2068 5403 cu-

499 5439 655 5487 rante
701 5430 846 5487 edita
895 5448 916 5483 α
970 5447 1034 5485 ει
1086 5441 1401 5501 pervetusto
1452 5433 1690 5503 quodam
1749 5438 2071 5506 exemplari,

498 5521 641 5587 quod
687 5529 865 5575 exstat
934 5522 991 5575 in
1073 5521 1681 5592 Constantinopolitano
1757 5527 2075 5592 antiquissi-

499 5627 591 5668 mo
649 5614 1002 5680 monasterio,
1064 5611 1197 5667 Sula
1259 5611 1404 5667 dicto
1454 5614 1654 5685 (vulgo
1695 5615 1764 5668 τὰ
1809 5617 1877 5682 ἐξ
1930 5617 2076 5687 μάρ-

2160 5226 2179 5239 ι

2187 3698 2453 3757 condidit.
2492 3717 2512 3752 ι
2551 3698 2762 3754 Colitur
2792 3707 2972 3752 autem
3003 3697 3074 3751 ibi
3102 3709 3151 3752 et
3175 3698 3301 3752 alibi
3334 3700 3390 3755 S.
3425 3698 3727 3769 Epiphanius

2187 3790 2417 3849 solemni
2458 3791 2624 3845 totius
2647 3789 2754 3845 diei
2790 3788 2998 3855 Ollicio,
3051 3794 3330 3849 communi
3375 3796 3584 3866 quidem
3620 3807 3726 3846 eum

2185 3878 2247 3934 6.
2298 3880 2573 3936 Germano
2616 3881 2926 3949 patriarcha
2967 3881 3605 3956 Constantinopolitano;
3646 3880 3766 3959 Sed!

2187 3973 2559 4044 principaliori
2588 3974 2709 4028 loco
2737 3992 2749 4027 :
2779 3975 3055 4044 quomodo
3082 3976 3245 4031 etiam
3280 3987 3504 4033 notatur
3532 3978 3585 4033 iu
3619 3976 3728 4045 ligu-

2186 4067 2323 4125 ratis
2347 4066 2729 4122 Ruthenorum
2775 4083 2869 4122 seu
2905 4066 3215 4124 Moscorum
3258 4070 3614 4128 Kalendariis.
3642 4068 3728 4123 Sov

2188 4158 2299 4211 lum
2334 4167 2510 4212 autem
2546 4158 2697 4212 illum
2724 4168 2931 4229 spectat
2958 4175 3137 4217 canon
3172 4178 3351 4235 sacer,
3378 4165 3482 4222 hoc
3502 4165 3585 4220 die
3613 4177 3731 4236 prae-

2185 4248 2421 4320 scriptos
2456 4249 2559 4303 sub
2589 4250 2692 4305 hac
2722 4251 3117 4308 acrostichide:

2322 4340 2643 4410 Ἑπιφανίου
2680 4342 2742 4395 τὸ
2773 4342 2933 4406 κῦδος
2960 4343 3165 4415 ἔπλησε
3198 4345 3387 4416 χθόνα.

2328 4431 2544 4486 Terram
2580 4432 2792 4501 replevit
2819 4432 3106 4503 Epiphanii
3138 4436 3321 4490 decus.

2185 4522 2346 4580 Solus
2369 4524 2532 4577 etiam
2568 4523 2657 4577 hic
2680 4523 2734 4577 in
2768 4524 3130 4594 Ephemeride
3155 4528 3381 4584 metrica
3410 4527 3731 4589 nominatur,

2178 4626 2233 4673 et
2254 4616 2473 4685 quidem
2512 4624 2773 4683 tanquam
2806 4617 2905 4670 hac
2926 4615 3015 4670 die
3037 4627 3328 4677 mortuus:

2251 4708 2329 4778 Τῇ
2365 4706 2457 4763 δύο
2477 4706 2573 4759 καὶ
2594 4705 2797 4780 δεκάτῃ
2819 4707 3139 4776 Ἐπιφάνιον
3172 4710 3339 4781 μόρος
3362 4705 3530 4769 εἶλεν.

2254 4796 2424 4851 State
2452 4795 2537 4850 lea:
2567 4797 3023 4873 mortieduodena
3058 4796 3392 4869 Epiphanion
3415 4802 3606 4870 aufert.

2180 4890 2339 4945 Certe
2374 4889 2457 4944 vel
2486 4900 2617 4944 tunc
2641 4888 2755 4951 fato
2789 4903 2891 4946 suo
2924 4887 3148 4949 iunctus
3183 4900 3287 4955 est,
3329 4895 3413 4947 vel
3444 4894 3499 4953 in
3530 4909 3625 4948 sua
3651 4905 3735 4945 ec-

2180 4981 2347 5041 clesia
2382 4990 2508 5051 post
2537 4991 2768 5041 mortem
2800 4981 3072 5052 sepultus.
3127 4982 3273 5039 haud
3309 4983 3405 5043 diu
3463 4994 3732 5052 antequam

2181 5071 2241 5126 ὃ.
2268 5069 2509 5125 Joannes
2538 5069 2993 5142 Chrysostomus,
3025 5073 3092 5128 de
3128 5088 3238 5143 quo
3272 5074 3436 5141 inira,
3474 5091 3504 5130 a
3542 5072 3734 5146 synodo

2180 5164 2247 5219 ad
2284 5162 2557 5231 Quercum
2599 5163 2980 5233 deponeretur,
3015 5166 3161 5237 quod
3213 5165 3415 5223 factum
3453 5184 3575 5226 esse
3602 5166 3734 5221 circa

2179 5269 2421 5311 mensem
2454 5252 2660 5311 Julium
2695 5254 2821 5315 anni
2848 5255 2954 5311 ωδ
2974 5269 3039 5309 ex
3073 5254 3338 5323 Palladio,
3369 5254 3735 5330 (λιι-γεοειοωί

2177 5353 2334 5402 actus
2366 5346 2664 5407 scribente.
2706 5356 2942 5402 constat.

2246 5438 2302 5491 5.
2336 5435 2553 5491 Graecos
2584 5437 2696 5492 cito
2724 5436 2917 5491 imitati
2944 5446 3075 5492 sunt
3109 5436 3307 5499 Latini.
3333 5454 3568 5510 quorum
3608 5437 3740 5494 anti-

2179 5528 2482 5599 quissimus
2516 5528 2656 5581 Beda
2693 5530 2745 5582 in
2779 5544 2880 5583 suo
2900 5532 3047 5600 quod
3086 5546 3149 5586 ex
3178 5541 3302 5586 octo
3333 5546 3467 5586 mss.
3501 5530 3740 5585 dedimus

2183 5619 2421 5692 genuino
2493 5618 2911 5695 Martyrologio,
2980 5634 3100 5695 post
3169 5622 3740 5685 commemorationem
