3866 6066
150 210 239 266 H7

1136 208 1193 267 s.
1224 183 1579 269 catenam
1637 209 1822 267 acra
1856 188 2361 277 pectinatam.

3306 231 3411 288 ne

154 327 245 382 SS.
280 323 443 383 Nerei
485 334 543 382 et
587 325 840 391 Achillei,
885 325 1068 396 primo
1120 326 1243 384 loco
1292 327 1721 390 naminatorum,
1757 326 1802 384 A
1830 325 2130 397 hemiticis,
2157 344 2307 389 anno
2334 331 2472 389 ιδδι
2493 330 2670 391 allatae
2700 331 2915 392 fuerint
2952 336 3012 393 iit
3070 335 3410 409 Bel-emisre,

149 433 260 473 mox
289 417 469 482 addit,
508 436 529 471 ι
571 415 635 473 S.
670 416 737 473 Ρ.
769 415 834 471 Ν.
874 415 1164 488 Epiphauii
1195 417 1441 492 episcopi
1480 417 1664 491 Cypri.
1699 438 1718 471 ι

150 509 325 566 Secuti
364 509 487 565 Ado
534 518 589 565 et
634 507 942 575 Usuardus,
982 509 1236 567 ultimum
1283 512 1561 579 eumdem,
1600 519 1731 585 post

152 608 372 657 ceteros
400 601 621 657 scilicet
652 602 773 673 ejus
788 602 893 659 diei
926 610 1223 675 martyres,
1263 602 1586 662 locaverunt
1620 602 1729 663 hac

152 690 254 747 fere
299 691 520 762 phrasi,
556 709 577 743 ι
614 692 774 763 Apud
799 693 1035 764 Cyprum
1073 692 1132 750 S.
1167 692 1231 751 P.
1264 691 1330 749 N.
1359 692 1672 765 Epiphanii,
1703 712 1723 746 ι

151 781 403 852 additque
443 782 564 837 Ado
599 801 621 836 ι
664 783 958 843 Salamina:
995 783 1260 857 episcopi.
1296 803 1319 837 ι
1354 782 1564 841 Horum
1587 783 1726 844 alio-

153 889 378 945 rumque
408 874 784 944 posteriorum
820 873 1066 949 vestigiis
1097 874 1370 932 inbzerens
1397 874 1727 933 hodiernum

152 962 593 1035 Martyrologium
614 963 923 1020 Romanum
953 967 1237 1037 sequentia
1264 965 1427 1022 verba
1449 964 1728 1023 recitanda

1840 427 1898 475 et
1947 417 2147 477 Carolo
2194 419 2267 475 iV
2324 422 2641 493 imperatori
2703 435 3042 496 praesentum:
3088 444 3120 485 a
3170 429 3411 488 Protiwa

1839 508 2164 571 Swihovvski
2190 510 2631 584 Seguiensi,-viro
2652 517 2797 587 apud
2821 517 3101 577 Bohemos-
3118 520 3321 579 illustri
3344 538 3413 578 ac

1834 602 1966 675 regii
2007 604 2338 675 sanguinis:
2387 623 2406 660 ι
2441 621 2564 676 (ιω
2600 609 2799 667 notitia
2844 626 2998 668 nunc
3039 612 3278 684 Meum
3326 630 3414 672 re.

1843 702 2020 763 perta,
2052 694 2106 749 in
2138 694 2325 752 Diario
2364 695 2654 769 Pragensis
2689 700 2947 764 Ecclesia:
2986 704 3431 764 Mlm'desidﬁ-

1835 793 2008 840 ratur.

1907 873 1962 931 6.
1996 872 2176 931 Vitam
2211 876 2352 947 ejus,
2380 878 2497 950 jam
2538 879 2673 940 olim
2719 884 3112 956 conscriptam,
3162 886 3216 942 in
3267 902 3408 945 mss.

1840 962 2118 1023 Vaticanis
2149 966 2354 1025 Graecis
2383 973 2711 1043 reperimus,
2737 975 2882 1032 unde
2909 991 3030 1032 eam
3063 975 3259 1034 Latine
3286 979 3411 1036 red-

153 1058 399 1131 proponit
434 1078 449 1114 :
494 1078 513 1113 r
556 1058 850 1118 Salamina
880 1059 936 1113 in
967 1056 1149 1131 Cypro
1188 1057 1247 1114 S.
1289 1059 1582 1130 Epiphanii
1607 1058 1727 1130 epi-

154 1149 315 1220 scopi,
361 1148 456 1221 qui
512 1148 799 1218 multiplici
830 1149 1142 1207 eruditione
1169 1157 1225 1204 et
1261 1148 1727 1209 sacrarum-litte-

1835 1062 2006 1120 ditam
2035 1064 2247 1134 primus
2273 1066 2447 1126 edidit
2471 1067 2834 1140 Lipomanus,
2867 1070 3067 1128 deinde
3098 1069 3320 1138 Surius,
3348 1088 3415 1130 ac
3483 1103 3487 1118 ι

1833 1154 2071 1227 denique
2096 1154 2378 1226 Petavius,
2410 1159 2485 1218 ad
2514 1160 2723 1219 calcem
2755 1162 2891 1219 tomi
2920 1162 2986 1231 ll,
3020 1163 3208 1220 addito
3247 1164 3413 1221 etiam

152 1256 329 1295 rarum
373 1241 613 1295 scientia
641 1240 934 1307 excellens,
981 1241 1109 1296 vitae
1155 1256 1375 1317 quoque
1414 1243 1728 1308 sanctitate.
1828 1256 2089 1305 contextu
2122 1248 2334 1317 Graeco,
2374 1253 2554 1324 qualis
2580 1254 2638 1311 in
2680 1254 2939 1313 Medicaeo
2983 1257 3130 1329 regis
3161 1255 3415 1313 Francia:

152 1338 257 1394 lclo
301 1337 593 1397 catholicae
630 1335 792 1405 ﬁdei,
848 1336 1224 1392 muniﬁcentia
1266 1337 1324 1397 in
1361 1351 1631 1411 pauperes
1674 1345 1731 1396 et
1833 1354 1937 1397 ms.
1985 1340 2387 1411 inveniebatur,
2414 1359 2583 1415 quem
2613 1355 2669 1402 et
2713 1361 2815 1403 nos
2854 1332 2986 1404 inde
3014 1348 3428 1419 transcriptum-

151 1431 345 1486 rirtute
375 1431 770 1487 miraculorum
805 1429 1016 1486 exstitit
1048 1428 1427 1509 admirandus.
1460 1449 1484 1485 ι
1835 1445 2241 1505 acceperamus.
2285 1433 2360 1493 Ea
2407 1445 2576 1494 testes
2612 1445 2673 1495 et
2708 1450 2967 1497 auctores
3016 1439 3240 1511 praefert
3275 1440 3416 1495 duos

212 1523 263 1581 ι.
301 1523 459 1583 Sitne
495 1523 677 1578 adhuc
704 1521 906 1594 aliquis
935 1521 1055 1594 ejus
1086 1522 1268 1579 cultus
1306 1518 1601 1581 Salamina
1622 1536 1725 1576 su-
1831 1524 1953 1595 ejus
1993 1525 2335 1597 discipulos;
2372 1530 2558 1601 primo
2593 1528 2890 1595 Joannem,
2931 1531 3093 1603 quasi
3142 1532 3233 1587 hic
3274 1531 3416 1586 inter

154 1632 261 1687 per,
291 1625 391 1673 aut
430 1616 655 1689 vestigia
697 1615 936 1687 sepulcri
980 1615 1111 1672 olim
1156 1624 1267 1672 tam
1318 1614 1535 1683 famosi,
1579 1613 1726 1673 haud
1761 1680 1800 1693 _
1831 1615 1951 1686 ejus
1973 1616 2281 1689 discipulos
2318 1618 2374 1679 in
2415 1622 2753 1679 moneam-io
2786 1637 2954 1688 unus,
2990 1636 3057 1679 κ
3084 1622 3411 1693 peregrina-

154 1680 303 1762 iacile
347 1706 542 1767 dixero
565 1680 875 1762 ;credi-bile
915 1714 1001 1762 est
1032 1721 1157 1761 cum
1199 1703 1422 1765 fortuna
1467 1680 1575 1763 loci
1614 1719 1723 1763 αε-
1756 1680 1802 1741 B
1835 1680 2045 1765 tionum
2094 1680 2373 1769 variarum
2409 1726 2598 1769 sontes
2639 1680 2956 1767 individuus
2991 1680 3172 1782 usqbe
3304 1710 3411 1783 Cy-

154 1810 255 1855 tera
301 1814 525 1875 quoque
559 1814 681 1855 esse
719 1799 918 1871 partim
958 1798 1188 1863 abolita,
1207 1798 1408 1870 partim
1454 1796 1726 1869 Famagu~

152 1901 283 1949 stam
312 1890 616 1958 translata;
653 1890 740 1945 ubi
770 1890 937 1947 etiam
973 1890 1081 1951 hoc
1114 1899 1358 1963 tempore
1389 1906 1420 1946 a
1453 1889 1726 1948 Christia-

154 1984 227 2039 nis
270 1984 470 2040 festum
507 1982 630 2054 ejus
663 1981 981 2038 solemniter
1023 1982 1133 2054 agi,
1182 1982 1386 2039 indicio
1432 1992 1536 2049 est,
1574 1983 1726 2054 quod

153 2073 390 2130 Thomas
414 2073 764 2139 Porcaccius,
803 2074 859 2131 in
886 2087 990 2130 suo
1022 2072 1095 2131 De
1118 2074 1314 2131 insulis
1340 2074 1528 2128 mwzdi
1554 2074 1728 2143 famo-

155 2164 377 2218 sim’bns
416 2161 606 2218 Italico
638 2177 839 2233 opere,
869 2173 997 2219 ante
1024 2150 1216 2221 annos
1246 2162 1467 2221 circiter
1505 2172 1726 2221 centum

155 2254 382 2324 primum
413 2254 585 2320 edito,
613 2253 820 2309 scribat
850 2268 974 2324 pag.
1008 2252 1114 2309 150
1143 2252 1400 2309 editionis
1425 2244 1745 2317 Patavinze,

158 2364 175 2397 σ
203 2345 521 2417 spluncatn
568 2344 644 2400 ibi
694 2343 907 2412 haberi,
962 2344 1017 2401 in
1064 2358 1233 2423 quam
1282 2341 1342 2399 S.
1388 2340 1759 2417 Epiphanius,

159 2436 487 2508 ptenitcntia:
510 2449 676 2489 causa
703 2433 898 2490 solitus
942 2447 1065 2489 sese
1094 2431 1259 2491 fuerit
1277 2432 1524 2502 recipere
1557 2450 1571 2487 :
1604 2445 1729 2504 quas

157 2528 341 2585 eadem
372 2526 427 2580 in
454 2524 740 2596 pervigilio
767 2522 892 2581 festi
931 2523 1144 2580 stillare
1170 2522 1361 2597 incipit
1387 2537 1587 2594 aquam
1619 2524 1729 2578 cla-

158 2632 264 2671 ram
305 2615 721 2688 limpidamque,
752 2629 943 2685 neque
985 2629 1050 2669 ea
1090 2613 1316 2671 stillatio
1355 2614 1517 2671 [litem
1567 2613 1730 2673 habet

158 2715 275 2762 ante
305 2707 467 2762 tinem
496 2706 606 2761 diei
638 2707 923 2776 sequentis
959 2724 974 2763 :
1006 2706 1151 2762 hanc
1176 2715 1358 2765 autem
1388 2720 1590 2777 aquam
1620 2700 1735 2762 ma?

158 2815 254 2871 gna
282 2816 409 2857 cum
461 2800 754 2856 devotione
797 2815 830 2856 a
895 2800 1080 2855 multis
1119 2797 1323 2871 excipi,
1371 2798 1731 2870 adbiberique

159 2894 359 2949 utiliter
400 2893 470 2949 ad
510 2893 827 2951 morborum
875 2892 1197 2949 curationes
1249 2889 1514 2951 divinitus
1555 2891 1733 2963 impc-

1835 1818 1995 1875 prunt
2017 1803 2311 1874 scripserit
2345 1819 2408 1859 ea
2438 1817 2565 1874 quae
2596 1811 2857 1858 sanctum
2890 1801 3413 1859 viderattacientem

1838 1893 2123 1961 miracula,
2150 1906 2331 1964 usque
2355 1891 2409 1948 in
2432 1892 2583 1948 diem
2611 1907 2726 1964 quo
2746 1891 2919 1963 coepit
2937 1900 3245 1948 «uentum
3262 1892 3410 1964 ipse-

1831 1992 1949 2043 met
1968 1992 2237 2054 aegrotans
2271 1998 2286 2037 :
2316 1983 2521 2041 deinde
2551 1983 2863 2055 Polybium,
2888 1983 2977 2040 cui
3007 1983 3153 2043 idem
3172 1982 3419 2041 Joannes

1836 2075 2134 2133 moriturus
2154 2075 2497 2147 conscriptas
2521 2089 2553 2130 a
2588 2090 2649 2131 se
2688 2075 2913 2131 chartas
2937 2074 3251 2140 tradiderit,
3281 2091 3417 2147 prte-

1836 2166 2045 2236 eipiens
2071 2175 2134 2222 ut
2168 2181 2297 2238 qua
2340 2175 2819 2237 consequerentur
2852 2166 3144 2223 mandaret
3178 2166 3417 2235 litteris;

1832 2257 2273 2329 promittensque
2312 2257 2653 2329 adjiciendus
2700 2257 2754 2313 ei
2808 2271 2986 2313 annos
3028 2257 3177 2324 vita,
3210 2267 3272 2313 ut
3306 2266 3419 2314 toto

1830 2359 2083 2422 tempore
2110 2357 2456 2422 permaneret
2483 2348 2631 2421 apud
2663 2349 3036 2421 Epiphaan
3066 2365 3082 2405 :
3120 2350 3215 2421 qui
3251 2350 3418 2406 etiam

1832 2437 2100 2513 Polybius
2163 2439 2291 2499 loco
2340 2439 2574 2499 Joannis
2627 2440 2706 2496 ab
2766 2439 3075 2512 Epiphanio
3128 2440 3419 2499 ordinatus

1837 2534 2140 2606 presbyter,
2181 2547 2442 2604 eumque,
2470 2542 2528 2589 et
2556 2530 2789 2589 Romam
2826 2540 2882 2589 et
2918 2532 3008 2590 bis
3034 2532 3416 2590 Constantino-

1837 2627 2003 2697 polim
2022 2635 2082 2685 et
2108 2626 2375 2683 aliorsum
2402 2625 2725 2693 comitatus,
2759 2634 3042 2681 mortuam
3076 2624 3346 2681 revexerit
3366 2625 3420 2680 iu

1831 2721 2115 2794 Cyprmn;
2144 2728 2203 2777 et
2236 2719 2368 2788 quia
2388 2733 2630 2791 corpore
2661 2718 2788 2791 ejus
2824 2718 3007 2775 adhuc
3050 2717 3329 2789 iascpnlto
3356 2732 3420 2774 cs

1836 2825 2097 2881 suprema
2147 2810 2269 2880 ejus
2318 2809 2603 2866 uoluntate
2652 2807 2932 2880 profectus
2980 2807 3039 2863 in
3082 2805 3421 2863 Thebaidem

1842 2903 1915 2959 ibi
1940 2911 2169 2962 coactus
2205 2901 2381 2962 fuerit
2435 2902 2745 2959 subsistere
2794 2901 2973 2958 factus
3018 2899 3420 2956 Rhinocoruris

158 2990 375 3043 trsmlas
398 3003 498 3061 per
525 2986 722 3044 merita
749 2985 1061 3058 Epiphanii.
1102 3006 1125 3043 ›
1147 2985 1268 3092 βαι)
1290 2986 1453 3058 cujus
1485 2987 1728 3055 nomine,
1760 3034 1807 3092 ϐ
1838 2992 2153 3064 episcopus,
2183 2999 2538 3063 postannnm
2569 3007 2748 3048 unum
2783 3000 2882 3047 aut
2910 2990 3154 3062 amplius
3177 2990 3418 3060 scripse-

165 3080 217 3134 in
244 3080 451 3136 boreali
490 3088 647 3152 parte
682 3079 899 3147 insulae,
932 3080 1078 3139 inter
1116 3078 1398 3139 Nicosiam
1428 3090 1483 3138 et
1518 3079 1735 3137 Cerau-

162 3170 298 3237 nias,
336 3170 611 3241 hodieque
648 3170 879 3227 habetur
908 3171 1064 3232 vicus
1104 3172 1266 3243 vulgo
1288 3169 1476 3227 Sancti
1502 3170 1738 3243 Pipltaui

161 3261 372 3333 dictus;
417 3277 530 3335 quo
571 3263 694 3321 loco
752 3262 927 3323 fuisse
963 3264 1247 3336 templum,
1292 3266 1348 3319 in
1389 3262 1607 3321 Nicmna
1652 3281 1742 3338 sy-

163 3356 301 3410 nodo
357 3357 729 3422 nominatum,
775 3356 911 3411 mihi
967 3358 1296 3427 persuadeo,
1341 3366 1565 3430 propter
1613 3359 1741 3428 eius

162 3451 531 3509 celebritatem
567 3453 698 3509 olim
729 3460 939 3513 tantam
976 3460 1038 3507 ut
1072 3451 1510 3523 promontorium
1541 3454 1608 3508 ad
1638 3452 1742 3511 Ce-

163 3542 594 3614 raunias,-vulgo
617 3541 833 3601 Carinas
868 3555 1194 3605 excurrens,
1237 3555 1436 3597 nomen
1484 3541 1626 3598 idem
1664 3550 1741 3598 te-

164 3642 290 3687 neat
316 3633 373 3687 in
405 3631 680 3688 Insulario
721 3631 1001 3693 Benedicti
1038 3629 1302 3699 Bordoni,
1332 3646 1538 3688 excuso
1568 3629 1742 3687 Vene-

168 3721 255 3780 tiis
282 3740 424 3781 anno
452 3725 609 3782 1547.

242 3818 296 3876 5.
329 3820 504 3887 Atque
532 3817 662 3875 hinc
711 3817 1097 3877 verosimiliter
1125 3816 1397 3888 conjicere
1432 3817 1607 3887 possit
1635 3817 1740 3875 ali-

166 3914 310 3984 quis,
347 3913 424 3968 vel
454 3926 658 3984 corpus
691 3911 776 3969 vel
802 3917 1015 3983 partem
1054 3909 1349 3967 notabilem
1382 3909 1637 3979 corporis
1674 3924 1743 3971 eo

168 4005 477 4067 translatam
536 4002 712 4061 fuisse
758 4003 1094 4074 aliquando,
1143 4002 1309 4074 idque
1369 4000 1740 4057 celebritatem

164 4096 287 4155 loco
308 4098 518 4157 dedisse
550 4103 643 4151 :et
684 4094 770 4150 vel
826 4093 956 4151 hinc
984 4094 1069 4153 vel
1110 4109 1176 4150 es
1236 4092 1411 4153 ruinis
1451 4091 1745 4149 Salaminis

168 4188 514 4257 deportatum
534 4184 706 4242 fuisse
744 4182 1132 4248 Beneventum.
1159 4181 1622 4257 quemadmodum
1653 4196 1743 4238 as-

171 4280 305 4333 serit
330 4277 540 4335 Marius
571 4279 640 4336 de
673 4279 866 4351 Vipera
895 4278 965 4334 de
997 4277 1204 4334 sanctis
1236 4273 1638 4333 B.-neventanis
1670 4274 1740 4329 ad

1838 3085 1914 3138 rit
1938 3083 2013 3140 ad
2044 3081 2338 3153 Epiphanii
2374 3080 2759 3139 successorem
2788 3080 3083 3148 Sabinam,
3120 3081 3195 3137 ab
3236 3095 3421 3151 eoque

1838 3173 2058 3246 petierit
2080 3174 2155 3233 de
2175 3175 2344 3231 modo
2363 3183 2420 3231 et
2443 3182 2692 3245 tempore
2719 3175 3018 3246 sepulturae
3037 3172 3310 3245 prodicta:
3330 3186 3421 3243 per

1839 3265 2052 3323 litteras
2097 3264 2342 3343 instrui:
2375 3275 2542 3336 atque
2592 3264 2666 3321 ita
2710 3280 2842 3322 eum
2894 3264 3095 3323 Sabini
3150 3277 3421 3336 responso

1844 3357 2036 3417 linitur
2060 3372 2126 3415 ea
2160 3356 2303 3415 Vita.

1912 3447 2131 3508 Utinam
2165 3463 2236 3507 ea
2291 3449 2374 3507 sic
2413 3456 2474 3507 ut
2525 3449 2916 3521 praeferuntur,
2954 3450 3089 3506 Acta
3147 3457 3425 3508 caseatae

1840 3541 2069 3612 scripta.
2095 3539 2216 3603 Non
2262 3540 2579 3601 dobrcmus
2608 3542 2665 3597 in
2710 3541 2811 3597 tali
2853 3540 2973 3598 Vita
3017 3540 3157 3597 nihil
3198 3539 3426 3598 omnino

1839 3648 1984 3701 esse,
2017 3633 2168 3704 quod
2197 3641 2320 3693 tuto
2366 3633 2519 3693 credi
2553 3633 2751 3705 possit,
2778 3634 2875 3691 sed
2901 3634 3054 3692 omni
3088 3633 3197 3691 ilde
3216 3632 3425 3705 dignis-

1841 3728 1979 3785 sima
2026 3728 2206 3785 forent
2256 3729 2497 3800 singula,
2541 3745 2723 3800 aeque
2767 3727 2928 3786 facile
2960 3727 3180 3797 uspiam
3227 3735 3327 3782 aut
3361 3726 3427 3781 ah

1840 3819 2076 3890 ipsumet
2104 3818 2418 3891 Epiphania
2448 3829 2546 3876 aut
2570 3835 2606 3875 a
2630 3832 2944 3876 cumrerum
2970 3826 3264 3873 auctorum
3291 3815 3426 3872 aiio-

1847 3925 1969 3967 rum
2018 3910 2245 3981 scriptis
2287 3910 2675 3967 invenirentur
2702 3909 3040 3980 discrepare.
3091 3904 3254 3964 Nunc
3296 3921 3427 3964 vero

1847 3998 2103 4073 plurimis
2136 3999 2272 4057 Acta
2302 4013 2522 4057 caesae
2547 3998 2798 4057 cedens
2834 3996 3141 4057 mendaciis
3176 3995 3427 4067 judicare

1840 4101 2073 4164 urgetur
2104 4107 2233 4149 cum
2266 4091 2529 4157 Barouio.
2556 4092 2629 4148 ad
2653 4107 2747 4147 an.
2778 4089 2888 4147 572
2919 4103 3075 4144 num.
3113 4085 3240 4154 “is,
3274 4085 3426 4157 quis-

1847 4184 1971 4255 quis
1996 4199 2117 4241 eam
2146 4184 2444 4243 contulerit
2460 4198 2588 4242 cum
2612 4183 2755 4240 inira
2773 4178 3151 4253 proponendis
3171 4177 3429 4235 «usuris

1846 4291 1945 4333 seu
1994 4276 2503 4343 observationibus;
2556 4290 2683 4333 nata
2718 4275 2920 4346 ipsam,
2944 4271 3057 4345 jam
3099 4270 3302 4342 sepius
3326 4267 3428 4324 La-

171 4371 316 4427 hunc
344 4373 507 4439 diem,
537 4370 729 4428 Ofﬁcio
759 4370 963 4442 duplici
991 4380 1275 4447 propterea
1302 4376 1573 4437 notatum,
1598 4367 1736 4423 alle-
1772 4397 1819 4454 υ
1851 4366 1987 4433 tiue,
2016 4368 2187 4425 semel
2221 4367 2388 4424 etiam
2423 4366 2613 4425 Grece
2658 4372 2943 4430 causam,
2976 4362 3259 4454 reettdere,
3306 4370 3429 4418 tan-

170 4478 306 4530 gans
342 4482 361 4519 ι
387 4463 831 4539 Martyrologium
859 4479 966 4522 ms.
998 4463 1288 4534 antiquum
1320 4461 1378 4521 in
1406 4461 1737 4518 bibliotheca

172 4543 543 4616 Beneventana
576 4556 874 4621 exsistens,
919 4555 1193 4627 signatum
1235 4570 1291 4610 n.
1335 4553 1440 4610 178
1477 4554 1584 4610 sub
1606 4568 1741 4625 prte-

172 4643 317 4700 dicta
341 4647 424 4702 die
453 4667 467 4702 :
499 4645 612 4719 qito
640 4663 772 4705 vero
825 4657 1069 4725 tempore
1104 4649 1355 4706 allatum,
1377 4650 1454 4706 sit
1490 4665 1600 4707 non
1643 4649 1739 4706 ad-

173 4735 332 4804 verti,
379 4754 398 4788 ι
441 4737 784 4810 signiﬁcans.
832 4737 998 4795 Plura
1054 4739 1123 4796 de
1162 4739 1519 4812 reliquiarum
1568 4750 1746 4796 tanta—

174 4842 300 4881 rum
329 4829 585 4899 qualitate
632 4840 690 4893 et
739 4830 1091 4891 veneratione
1145 4830 1408 4889 hodierna
1459 4829 1746 4902 cupientes

172 4917 402 4993 discere,
429 4920 641 4979 litteras
687 4922 757 4978 ad
799 4921 1012 5003 collegii
1068 4922 1199 4981 istic
1245 4923 1423 4985 nostri
1474 4932 1744 4980 rectorem

176 5008 439 5080 dedimus,
483 5012 649 5091 cujus
696 5029 1059 5087 responsum,
1104 5016 1368 5075 hactenus
1408 5015 1613 5076 frustra
1652 5030 1744 5071 ex-

176 5113 496 5173 spectatum,
540 5107 588 5163 si
629 5106 931 5181 aliquando
960 5108 1314 5185 accipiamus,
1343 5108 1593 5166 notitiam
1616 5107 1744 5165 inde

180 5193 425 5259 naturam
470 5216 578 5257 non
625 5199 998 5262 invidebimus
1034 5201 1126 5277 pio
1170 5201 1387 5261 lectori.
1415 5199 1642 5258 interim
1678 5216 1748 5259 ea

179 5289 401 5359 epistola
452 5290 678 5353 Thomas
729 5291 798 5353 de
852 5291 1165 5353 Csechorod
1221 5294 1464 5367 episcopi
1517 5291 1749 5350 Samen-

182 5371 411 5433 driensis
432 5378 798 5450 ejusdemque
822 5377 1114 5450 Pragensis
1139 5381 1354 5449 decani,
1386 5384 1468 5461 ad
1514 5398 1603 5445 me
1641 5384 1746 5442 sub

182 5462 343 5523 ﬁnem
365 5472 491 5527 anni
512 5470 649 5527 1677
683 5473 822 5527 data:
843 5487 1076 5544 suggero
1097 5491 1111 5545 ;
1131 5474 1277 5544 quod
1302 5493 1321 5526 ι
1346 5475 1542 5547 aliqua
1564 5494 1583 5527 ι
1603 5475 1753 5546 ejus-

182 5555 309 5611 dem
360 5578 379 5615 α
431 5561 491 5619 S.
560 5562 857 5637 Epiphanii
902 5564 1151 5637 reliquae,
1200 5582 1310 5623 una
1357 5583 1480 5623 cum
1527 5569 1753 5627 brachio

186 5644 259 5704 5.
284 5646 482 5717 Thecla
504 5666 562 5716 et
585 5658 762 5730 capite
794 5657 959 5715 unius
1001 5673 1066 5714 ex
1110 5656 1498 5743 innocentibus
1532 5660 1745 5721 Bethle-

1851 4469 1966 4517 tum
1988 4469 2050 4515 ut
2068 4457 2370 4526 refellatur,
2390 4474 2578 4531 opera:
2607 4458 2844 4531 pretium
2895 4473 3004 4514 non
3052 4465 3164 4513 est.
3204 4452 3428 4509 Tolera-
3486 4502 3497 4507 -

1850 4567 1976 4609 mus
1993 4550 2218 4624 quidem
2266 4551 2419 4608 Vitas
2469 4552 2523 4608 in
2562 4552 2670 4609 hoc
2706 4565 2874 4622 opere
2906 4549 3138 4615 multas,
3161 4547 3298 4604 dum
3321 4561 3427 4604 me-

1850 4645 2018 4703 liores
2058 4657 2167 4700 non
2217 4652 2534 4716 suppetunt,
2578 4642 2749 4701 meris
2796 4641 3132 4714 quandoque
3172 4639 3431 4712 gravibus

1849 4752 2104 4809 aspersas
2136 4753 2409 4810 :quarum
2441 4745 2697 4797 auctores
2727 4736 3030 4802 credimus,
3062 4735 3207 4791 bona
3237 4747 3430 4806 quam-

1850 4830 1957 4896 vis,
1996 4828 2230 4891 nimium
2261 4839 2444 4889 tanien
2475 4826 2715 4899 simplici
2742 4826 2852 4884 title
2883 4827 3176 4884 mandasse
3210 4824 3430 4890 litteris,
3466 4854 3471 4857 -

1849 4937 1974 4994 quae
2005 4922 2163 4994 plura
2190 4912 2317 4994 post
2345 4921 2546 4979 saecula
2568 4920 2770 4991 partim
2796 4935 2868 4977 ex
2890 4916 3287 4976 vetustioribus
3306 4932 3431 4972 mo-

1851 5015 2171 5082 numentis,
2233 5013 2433 5086 partim
2497 5027 2566 5071 ea
2631 5011 2977 5083 popularium
3034 5007 3432 5069 traditionibus

1848 5107 2238 5179 compilarant.
2260 5103 2372 5164 Sed
2399 5119 2495 5163 eas
2522 5103 2763 5176 amplius
2789 5103 2936 5159 ferre
2976 5116 3086 5158 non
3109 5114 3430 5172 possumus,

1850 5215 1975 5273 qua
2014 5199 2160 5259 mala
2200 5197 2312 5259 ﬁde
2347 5197 2666 5258 nominibus
2685 5196 2883 5253 alienis
2916 5193 3242 5267 supposita,
3279 5201 3432 5251 tanto

1847 5291 2085 5365 gravius
2111 5290 2398 5350 oﬂ‘endunt
2418 5290 2485 5350 ad
2506 5291 2620 5348 reri
2650 5288 2888 5361 falsique
2907 5286 3205 5345 discrimen
3225 5285 3431 5342 exerci-

1850 5396 2026 5443 tatum
2068 5386 2349 5449 lectorem,
2371 5393 2586 5457 quanto
2633 5384 2849 5455 turpius
2893 5380 3186 5453 imponunt
3212 5376 3428 5448 simpli-

1852 5479 2118 5541 cioribus.
2149 5476 2288 5535 Cum
2325 5477 2471 5536 enim
2510 5476 2618 5535 illis
2652 5484 2881 5533 eatenus
2921 5474 3009 5544 pia
3059 5478 3277 5540 aptetur
3318 5482 3429 5524 ere-

1854 5570 2079 5635 dulitas,
2106 5577 2380 5641 quatenus
2404 5567 2553 5627 trulla
2576 5568 2633 5624 in
2660 5566 3005 5624 contrarium
3027 5564 3208 5618 obstat
3235 5565 3426 5616 aucto.

1857 5663 1992 5729 ritas
2022 5662 2227 5721 certior
2248 5661 2335 5718 vel
2364 5660 2513 5723 ratio
2541 5657 2828 5720 dubitandi
2857 5651 3228 5726 pregnantlor
3258 5665 3275 5707 :
3304 5648 3430 5707 istis
