3866 6066
471 252 573 303 119

1498 251 1554 305 s.
1592 248 1937 307 EPIPHANH
1961 213 2168 308 IACTA
2209 252 2710 313 BOLLANDIANA.

3630 264 3728 320 120

471 365 608 420 nihil
649 372 769 420 tuto
820 366 1087 431 creditur,
1129 367 1239 422 nisi
1274 368 1423 438 quod
1481 369 1704 425 aliunde
1771 371 2053 427 invenitur
2081 379 2125 434 Α
2158 375 2575 445 exprobrarent,
2610 393 2675 431 ac
2716 392 2903 432 secum
2948 378 3180 434 invicem
3219 378 3509 435 illudcntes
3542 383 3619 435 ita
3652 385 3730 437 lu-

474 457 791 512 testimonio
838 460 1013 530 magis
1050 460 1250 513 idoneo
1292 459 1698 517 conﬁrmatum.
1749 462 1937 533 Itaque
1983 464 2052 520 iis

476 566 597 618 qua:
617 550 729 605 dixi
757 550 913 606 Actis:
948 551 1194 616 omissis,
1232 567 1296 607 ea
1330 553 1589 625 colligere
1621 557 1910 626 aggredior
1929 571 2052 625 qua:

478 641 594 710 ipse
622 642 691 697 de
736 658 796 697 se
835 657 1008 711 pauca
1044 643 1205 707 satis,
1240 644 1399 714 plura
1446 660 1569 716 quae
1620 648 1710 701 alii
1760 647 2053 703 indubitati

477 732 771 802 scriptores
796 743 1111 804 suggerent.

1087 822 1339 882 CAPUT'
1362 828 1425 883 ιι.
1754 898 1759 901 _

479 913 629 969 Cesti
654 914 1004 994 adolescentis
1031 918 1403 994 utouacltatus,
1425 921 1548 975 vim
1568 932 1698 977 tetas
1728 934 1777 977 et
1809 923 2054 994 quedam

950 989 1005 1043 in
1034 990 1341 1060 episcopatu
1365 1000 1533 1062 gesta.

550 1098 606 1152 7.
658 1097 949 1170 Epiphauii
1014 1104 1246 1172 patriam
1305 1098 1818 1176 institutionemque
1870 1109 2057 1163 adole-

482 1190 687 1246 scentis
722 1189 1059 1247 Sozomcnus
1087 1195 1322 1263 explicat
1357 1195 1453 1249 lib.
1489 1212 1541 1249 vr
1575 1213 1695 1267 cap.
1726 1197 1815 1261 32,
1857 1197 1949 1252 ubi
1992 1197 2060 1253 de

485 1282 771 1339 monachis
803 1281 1105 1340 Palmstina:
1141 1285 1394 1356 loquens,
1435 1305 1453 1339 ι
1489 1286 1566 1342 Ex
1608 1304 1821 1351 eorum,
1860 1290 2057 1361 inquit,

486 1388 715 1428 numero
739 1372 844 1428 fuit
874 1373 1199 1446 Hesychius,
1232 1375 1528 1434 Hilarionis
1561 1380 1798 1448 sodalis;
1843 1391 1898 1436 et
1931 1382 2060 1453 Epi-

485 1464 740 1533 phanius,
777 1465 871 1534 qui
904 1476 1092 1534 postea
1123 1466 1420 1524 Salaminis
1456 1469 1510 1524 in
1550 1468 1731 1543 Cypro
1766 1474 2059 1544 episcopus

485 1555 605 1608 fuit.
625 1553 693 1607 Et
722 1553 1027 1627 Hesychius
1057 1558 1275 1627 quidem
1316 1560 1371 1614 in
1418 1560 1610 1616 eodem
1646 1578 1758 1632 quo
1799 1566 2061 1635 magister

484 1649 601 1702 loco
632 1648 1053 1719 phil050phatus
1090 1661 1204 1717 est;
1238 1650 1577 1722 Epiphanius
1616 1669 1745 1709 vero
1774 1655 1931 1725 juxta
1961 1655 2062 1709 Be-

485 1740 777 1797 sanducem
826 1741 1031 1807 vicum,
1073 1742 1127 1796 in
1192 1744 1472 1797 territorio
1522 1743 2063 1817 Eleutheropolitano

487 1830 671 1895 situm,
703 1843 772 1884 ex
801 1845 913 1898 quo
963 1842 1119 1884 ortus
1167 1828 1362 1884 fuerat.
1410 1828 1517 1896 Qui
1561 1847 1687 1885 cum
1727 1838 1797 1887 ab
1840 1833 2064 1889 ineunte

487 1918 853 1978 adolescentia
886 1935 914 1973 a
946 1919 1418 1989 prmstautissimis
1460 1922 1746 1975 monachis
1776 1922 2064 1978 institutus

488 2012 701 2075 fuisset,
728 2012 961 2082 ejusque
1015 2013 1092 2067 rei
1140 2027 1308 2066 causa
1366 2012 1461 2067 diu
1524 2023 1770 2071 moratus
1813 2010 1959 2071 cs’set
2007 2016 2063 2071 in

488 2102 755 2174 Aigypto,
816 2105 869 2157 in
922 2103 1228 2158 monastica
1293 2104 1638 2175 philosophia
1671 2107 2065 2163 celeberrimus

485 2196 710 2250 exstitit.
754 2214 773 2246 ι
804 2194 884 2251 Ae
925 2195 1160 2265 primum
1192 2195 1413 2265 quidem
1458 2196 1874 2267 disciplinarum
1922 2200 2066 2255 litte-

484 2288 754 2342 rariarutn
796 2302 965 2343 causa
1010 2288 1234 2357 petitam
1279 2289 1348 2342 ab
1408 2304 1476 2343 eo
1519 2288 1855 2361 Egyptum,
1900 2300 2066 2361 atque

483 2377 619 2431 adeo
650 2377 706 2431 in
740 2377 956 2431 fortuna
988 2377 1213 2431 minime
1242 2372 1397 2431 tenui
1416 2388 1639 2444 uatum,
1674 2381 1806 2434 mihi
1836 2397 2066 2450 persua-

484 2474 577 2526 det
618 2471 755 2540 ipse,
789 2471 844 2524 in
899 2469 1041 2524 libro
1071 2469 1149 2523 De
1189 2469 1498 2534 hatresibus,
1540 2471 1738 2526 haeresi
1764 2472 1836 2526 26
1868 2474 1959 2527 ubi
1998 2474 2067 2529 de

485 2557 762 2616 Gnosticis
801 2574 992 2628 agens,
1038 2560 1257 2630 inquit:
1302 2579 1320 2611 ι
1370 2561 1439 2615 Et
1480 2577 1601 2625 nos,
1635 2562 1969 2632 charissimi,
2008 2567 2062 2620 in

485 2651 630 2705 hanc
666 2651 917 2705 haeresim
945 2652 1260 2714 incidimus,
1284 2659 1340 2706 et
1367 2666 1434 2706 ex
1466 2652 1703 2722 ipsomet
1726 2669 1942 2719 eorum,
1967 2656 2062 2725 qui

484 2742 626 2798 bane
678 2744 900 2812 proprie
938 2752 994 2797 et
1033 2758 1100 2797 ex
1136 2741 1390 2797 instituto
1437 2750 1693 2807 tractant,
1725 2760 1822 2800 ore
1854 2759 1919 2800 ac
1946 2761 2065 2800 ma-

485 2837 707 2906 gisterio
737 2836 1064 2900 didicimus;
1112 2855 1129 2887 ι
1173 2836 1364 2905 utique
1404 2835 1725 2905 priusquam
1747 2839 2065 2917 «monachus

487 2937 658 2994 esset;
685 2937 741 2982 et
772 2944 898 2983 cum
941 2928 1123 2982 adhuc
1169 2928 1277 2983 alia
1323 2929 1528 2993 omnia,
1572 2944 1808 3000 quorum
1857 2932 2065 2987 scilicet

487 3036 652 3075 causa
681 3021 735 3073 iu
767 3018 1062 3091 Egyptum
1104 3030 1347 3085 venerat,
1385 3021 1566 3076 studia
1605 3029 1865 3076 tractaret
1900 3040 1912 3075 :
1940 3039 2063 3093 qua:

487 3120 671 3168 autem
700 3113 809 3168 alia
838 3128 1002 3182 quam
1044 3113 1347 3167 litteraria?
1389 3130 1515 3168 cum
1564 3113 1952 3169 Guosticorum
1999 3116 2066 3168 li-

492 3207 645 3272 hros,
679 3205 1000 3277 priusquam
1056 3206 1395 3274 perniciosos
1421 3221 1544 3260 esse
1570 3216 1779 3266 nosset,
1823 3208 2069 3262 studiose

488 3315 519 3354 ι
563 3313 623 3353 se
655 3298 826 3352 lectos
860 3298 1114 3351 fateatur.
1160 3296 1268 3363 Qui
1320 3312 1450 3352 vero
1483 3296 1551 3350 ad
1598 3298 1701 3352 hoc
1731 3299 2067 3367 peregrinari

485 3386 702 3454 juvenis
732 3399 885 3444 extra
922 3389 1154 3467 patriam
1199 3389 1398 3459 potuit,
1433 3404 1777 3459 consequens
1806 3398 1889 3444 est
1923 3402 1981 3445 ut
2013 3392 2067 3445 in

492 3480 663 3549 patria
693 3482 947 3536 credatur
979 3481 1237 3536 habuisse
1285 3490 1539 3551 parentes
1607 3483 1743 3536 satis
1781 3484 2070 3551 opulentos

492 3573 557 3627 ad
588 3573 846 3628 alendum
880 3588 1104 3643 peregre
1145 3573 1351 3638 lilium,
1389 3574 1670 3644 probeque
1700 3573 2065 3641 Christianos,

492 3681 555 3718 ex
588 3679 825 3735 quorutn
862 3664 1207 3720 institutione
1250 3679 1373 3719 eam
1417 3666 1586 3720 traxit
1624 3667 1965 3722 castimonia:
1993 3675 2071 3723 te-

492 3760 683 3814 nenda:
714 3759 1106 3823 constantiam,
1147 3775 1270 3829 qu:e
1308 3760 1487 3829 ipsum
1532 3761 1773 3816 servavit
1810 3761 2070 3831 impollu-

492 3860 606 3903 tum
647 3849 788 3904 inter
824 3848 1109 3903 illecebras
1148 3859 1204 3904 et
1249 3849 1444 3905 sordes
1489 3848 1899 3905 Gnosdcorum.
1952 3850 2072 3921 Ipse

491 3940 770 4009 quomodo
800 3954 895 3995 eas
922 3941 1159 3995 evaserit
1182 3940 1314 3995 loco
1336 3941 1450 4010 jam
1479 3943 1648 3995 citato
1680 3942 1762 3997 sic
1798 3941 2067 4011 explicat:

558 4037 616 4089 8.
663 4051 683 4085 ι
721 4032 800 4086 Ad
833 4032 1207 4103 magisterium
1240 4033 1514 4088 haereseos
1559 4033 1707 4086 illius
1742 4043 2073 4102 comparata:

492 4126 841 4195 deceptaque
872 4125 1155 4188 mulieres,
1197 4139 1306 4178 non
1337 4124 1516 4179 solum
1560 4124 1870 4180 istiusmodi
1911 4126 2072 4181 nobis

492 4230 780 4272 sermones
825 4216 1152 4286 injeceruut.
1183 4217 1280 4273 sed
1319 4218 1565 4288 insuper,
1621 4217 1889 4289 Egyptia:
1928 4219 2074 4276 illius

494 4309 719 4377 perditae
743 4324 808 4363 ac
839 4309 1192 4379 nequissimae
1231 4308 1449 4366 feminae
1482 4311 1677 4373 instar,
1712 4326 1835 4380 qu:e
1861 4326 2075 4382 coquo-

496 4414 617 4453 rnm
642 4399 905 4469 principis
935 4416 1072 4455 uxor
1103 4411 1243 4465 erat,
1275 4403 1539 4471 petulanti
1582 4420 1681 4458 nos
1719 4413 1917 4458 conatu
1951 4419 2073 4475 per—
2106 4430 2148 4484 ο

496 4491 734 4558 trahere,
779 4498 895 4545 tum
943 4508 1066 4546 cum
1116 4492 1326 4546 florenti
1378 4490 1557 4548 adhuc
1602 4503 1762 4548 :etate
1800 4510 2073 4560 essemus,

494 4600 765 4655 aggressa:
792 4594 938 4639 sunt.
977 4583 1177 4639 Verum
1215 4585 1262 4639 is
1303 4586 1399 4654 qui
1444 4586 1796 4639 sanctissimo
1837 4585 2076 4656 Joscpho

497 4690 612 4732 tum
657 4678 850 4740 astitit,
891 4677 1050 4731 nobis
1096 4692 1317 4747 quoque
1367 4687 1564 4746 prtcstu
1621 4678 1754 4742 fuit;
1807 4689 1862 4733 et
1931 4681 2077 4734 hunc

498 4772 701 4841 ipsum,
736 4771 830 4840 qui
874 4769 1025 4824 illum
1062 4786 1130 4825 eo
1174 4771 1228 4824 in
1268 4770 1513 4840 periculo
1559 4771 1829 4836 liberavit,
1878 4772 2075 4843 implo-

497 4874 705 4930 rantes,
757 4864 881 4918 licet
935 4862 1143 4933 indigni
1202 4879 1266 4917 ac
1324 4871 1477 4919 tanto
1527 4864 1794 4919 benelicio
1839 4867 2077 4935 impares

497 4973 771 5021 essemus,
799 4956 1050 5027 ejusdem
1094 4955 1425 5027 benignitate
1455 4972 1521 5012 ac
1548 4956 1925 5011 misericordia
1954 4971 2079 5027 per-

501 5048 739 5102 niciosas
772 5049 988 5102 illarum
1022 5064 1218 5104 manus
1250 5048 1566 5119 effugimus,
1614 5063 1680 5103 ac
1726 5048 2077 5103 sanctissimo

501 5136 614 5189 Deo
642 5139 1059 5204 gratulatorium
1096 5154 1316 5194 carmen
1359 5139 1680 5205 cecinimus,
1713 5148 1772 5193 ut
1818 5140 1868 5194 id
1912 5155 2076 5193 usur-

501 5244 633 5299 pare
671 5231 868 5285 merito
893 5246 1213 5299 possemus:
1255 5232 1542 5287 Cantemus
1575 5232 1820 5296 Domino,
1855 5231 2080 5303 gloriose

500 5321 642 5375 enim
679 5322 1054 5392 magni/iratus
1090 5332 1190 5383 est,
1229 5340 1419 5394 equum
1448 5333 1499 5378 et
1530 5341 1859 5379 ascensorem
1891 5323 2080 5392 dejecit

502 5418 557 5467 in
609 5429 755 5467 mare
810 5413 1026 5483 (Exod.
1062 5430 1138 5477 χι,
1183 5416 1257 5485 1).
1310 5414 1498 5486 Neque
1539 5417 1684 5471 enim
1731 5417 1985 5470 similiter
2023 5424 2084 5471 ut

504 5504 594 5560 ille
621 5504 934 5574 patriarcha
954 5506 1002 5560 vi
1019 5506 1257 5576 quadam
1285 5508 1504 5562 virtutis
1525 5522 1590 5562 ac
1610 5507 1836 5577 justitiee
1860 5518 2081 5567 nostra.

502 5597 598 5651 sed
638 5594 762 5651 fuso
785 5597 851 5651 ad
894 5588 1062 5653 Deum
1101 5599 1306 5670 gemitu
1345 5599 1466 5668 ejus
1511 5614 1702 5655 sunms
1734 5600 2085 5655 miseratione

503 5688 724 5746 servati.
760 5688 894 5747 Cum
927 5692 1088 5749 etiam
1116 5693 1249 5749 mihi
1285 5701 1467 5758 pestes
1503 5692 1610 5749 illa:
1645 5706 1740 5751 ver
1783 5691 2080 5749 ludibrium

2154 477 2456 538 querentur
2490 487 2502 523 :
2542 467 2698 523 Hunc
2724 472 2981 538 juvenem
3015 485 3237 524 servare
3279 485 3390 524 non
3432 472 3728 540 potuimus,

2156 559 2249 613 sed
2290 560 2342 613 iu
2378 560 2631 616 manibus
2670 562 2933 631 principis
2964 562 3143 632 perire
3184 563 3437 617 sivimus.
3455 561 3591 617 Nam
3616 581 3733 635 qu:e

2157 650 2329 705 forma
2373 651 2511 706 inter
2541 652 2663 706 illas
2695 653 3007 707 liberaliore
3038 663 3159 716 est,
3202 656 3550 723 scmetipsam
3593 658 3734 712 velut

2156 758 2334 797 escam
2374 753 2537 814 atque
2565 744 2879 799 illecebram
2910 744 3122 815 objicit,
3154 754 3212 800 ut
3237 761 3379 815 quos
3409 747 3464 801 in
3490 747 3730 806 fraudem

2158 834 2277 903 ipsa
2309 834 2613 903 pellexerit,
2658 849 2765 888 non
2792 849 2888 889 eos
2924 834 3218 906 proﬂigare
3264 852 3329 891 ac
3372 838 3623 907 perdere,
3645 838 3732 895 sed

2156 925 2368 994 eripere
2402 924 2682 979 dicatur...
2716 926 2783 980 Et
2808 937 2967 981 erant
3002 942 3154 992 sane,
3184 944 3306 998 qu:e
3348 937 3466 984 tum
3505 931 3593 986 his
3620 948 3733 985 ver-

2158 1012 2353 1068 borum
2384 1012 2775 1070 blandimentis
2815 1031 2879 1070 ae
2919 1017 3210 1074 lenociniis
3253 1019 3577 1085 utebantur,
3622 1038 3737 1077 cor-

2161 1105 2336 1173 poris,
2394 1120 2507 1175 quo
2559 1105 2624 1161 ad
2668 1107 3008 1176 peccandum
3068 1109 3463 1177 abutebantur,
3516 1122 3736 1168 venusta

2160 1210 2283 1249 cum
2309 1195 2503 1265 primis
2528 1195 2740 1266 specie;
2768 1195 2861 1250 sed
2889 1196 3204 1253 misericors
3246 1197 3391 1253 Deus
3417 1200 3489 1253 ab
3523 1200 3738 1256 illarum

2159 1285 2506 1356 improbitate
2547 1302 2649 1341 nos
2689 1288 2910 1357 eripuit,
2968 1288 3103 1343 adeo
3157 1298 3217 1343 ut
3260 1290 3578 1360 (postquam
3624 1291 3740 1344 illu-

2161 1393 2281 1432 rum
2315 1377 2487 1432 libros
2517 1379 2845 1448 perlegimus
2880 1388 2932 1433 et
2963 1374 3031 1434 ad
3066 1381 3315 1436 veritatis
3364 1382 3738 1452 c0gnitiom-m

2161 1467 2405 1521 animum
2433 1467 2871 1536 adjecimusmec
2888 1470 3103 1526 abducti
3130 1473 3211 1525 vel
3229 1487 3420 1526 earum
3473 1473 3741 1530 illecebris

2161 1558 2301 1629 capti
2328 1574 2541 1626 sumus;
2576 1560 2667 1613 sed
2700 1560 2990 1630 effugimus
3012 1561 3250 1633 tandem)
3285 1578 3409 1617 mox
3433 1563 3501 1619 ad
3532 1564 3742 1634 episco-

2166 1665 2282 1721 pos,
2314 1650 2484 1720 quiin
2512 1651 2604 1704 illo
2646 1652 2766 1705 loco
2804 1662 2978 1716 erant,
3010 1652 3226 1709 deferre
3261 1655 3663 1720 studuerimus,
3694 1666 3744 1711 et

2166 1756 2357 1795 eorum
2383 1740 2646 1796 hactenus
2671 1742 2850 1811 ignota
2877 1743 3099 1797 nomina
3130 1745 3182 1798 in
3209 1744 3455 1800 Ecclesia
3475 1746 3741 1817 detegere.

2166 1829 2243 1885 Ex
2263 1846 2374 1901 quo
2399 1831 2603 1885 factum
2633 1840 2739 1896 est,
2768 1842 2827 1887 ut
2847 1835 3129 1904 octOginta
3156 1835 3269 1890 fere
3292 1837 3473 1906 capita
3498 1838 3744 1891 exsulare

2158 1923 2310 1993 jussa
2345 1938 2375 1978 a
2402 1923 2532 1977 lolio
2561 1923 2847 1995 spinisque
2867 1924 2985 1980 suis
3016 1934 3365 1997 repurgatam
3397 1927 3595 1982 urbem
3628 1928 3747 1983 reli-

2164 2015 2401 2086 querint.
2446 2034 2464 2066 ι
2678 2074 2681 2089 Ι
3016 2004 3021 2011 ”

2236 2107 2290 2162 9.
2333 2108 2605 2163 Caeterum
2636 2108 2930 2178 spurcitias
2953 2108 3102 2165 illius
3133 2110 3408 2166 haereseos
3436 2110 3681 2165 lectione
3696 2118 3748 2165 et

2165 2212 2443 2264 sermone,
2461 2215 2567 2253 non
2599 2209 2778 2253 autem
2807 2207 2862 2252 et
2881 2215 2980 2253 usu
3005 2200 3275 2281 cognitas,
3300 2201 3498 2254 iterum
3522 2199 3750 2254 iterum-

2164 2304 2270 2360 que
2297 2300 2526 2346 testatur
2558 2290 2894 2360 Epiphanius
2918 2291 2989 2344 ita
3022 2307 3357 2361 prosequens
3396 2310 3409 2346 :
3440 2309 3459 2344 ι
3492 2291 3749 2346 Ostendi-

2168 2396 2291 2436 mus
2327 2397 2490 2434 unam
2520 2381 2665 2435 illam
2686 2397 2752 2437 ex
2787 2383 2854 2437 iis
2886 2382 3184 2437 ha‘resibus
3205 2398 3344 2448 esse,
3373 2382 3440 2436 de
3471 2398 3588 2452 qua
3617 2381 3745 2437 certi

2165 2471 2549 2541 explet-alique
2595 2472 2797 2542 aliquid
2833 2471 3025 2527 aﬂ‘erre
3069 2487 3392 2543 possemus;
3431 2489 3541 2527 non
3587 2490 3653 2528 ex
3681 2489 3745 2527 eo

2165 2563 2309 2631 quod
2337 2562 2667 2631 gesserimus
2693 2564 2791 2633 ipsi
2814 2564 3042 2637 (avertat
3064 2566 3167 2620 hoc
3188 2581 3216 2618 a
3235 2565 3394 2620 nobis
3410 2564 3557 2620 Deus
3577 2566 3637 2633 !),
3660 2565 3750 2619 sed

2166 2668 2233 2707 ex
2261 2668 2326 2708 eo
2350 2655 2495 2722 quod
2526 2655 2595 2709 ab
2619 2656 2684 2709 iis
2710 2667 2963 2711 accurate
2992 2657 3308 2723 didicimus,
3341 2658 3433 2727 qui
3477 2657 3632 2710 illam
3661 2672 3747 2711 uo-

2168 2742 2253 2798 bis
2279 2745 2611 2813 persuadere
2644 2743 2847 2800 frustra
2888 2747 3198 2811 voluerunt,
3234 2755 3289 2801 et
3327 2756 3659 2817 conceptam
3689 2747 3751 2801 de

2166 2846 2355 2888 nostro
2381 2834 2548 2890 exitio
2580 2851 2728 2905 spem
2771 2839 2986 2906 penitus
3044 2838 3406 2907 abjecerunt;
3459 2854 3594 2893 cum
3631 2837 3754 2893 iusi-

2166 2925 2270 2979 dia:
2297 2940 2489 2980 omnes
2534 2941 2598 2981 ac
2648 2926 2891 2993 fraudes,
2944 2945 3084 2998 quas
3138 2930 3206 2983 ad
3271 2928 3507 2985 infelicis
3556 2931 3754 2985 anima:

2171 3030 2373 3073 nostra:
2413 3020 2707 3089 perniciem
2740 3027 2849 3075 tam
2875 3020 2978 3088 ipsi
3011 3037 3174 3091 quam
3206 3022 3383 3091 qui-iu
3431 3022 3576 3091 ipsis
3617 3024 3755 3077 inest

2170 3110 2422 3165 diabolus
2479 3112 2773 3166 machinati
2824 3114 3079 3179 fuerant,
3126 3114 3294 3169 irrita:
3343 3124 3506 3184 atque
3561 3114 3754 3170 inanes

2169 3204 2538 3269 exstitissent;
2584 3214 2640 3259 ut
2685 3207 2785 3261 hoc
2815 3222 2845 3260 a
2878 3205 3083 3262 Davide
3118 3207 3322 3262 dictum
3370 3208 3757 3263 accommoda-

2172 3296 2382 3350 tissime
2434 3312 2703 3367 usurpare
2751 3298 3063 3367 possimus,
3116 3298 3343 3369 Sagitta:
3401 3300 3754 3369 parvulorum

2172 3388 2331 3456 factm
2362 3399 2483 3441 sunt
2516 3388 2686 3459 plaga:
2720 3406 2906 3442 eorum
2937 3388 3115 3458 (Psal.
3158 3405 3314 3458 Lsttt,
3350 3390 3427 3461 8),
3465 3399 3574 3446 etc.
3599 3411 3615 3459 ;
3645 3403 3753 3446 tum

2172 3477 2326 3540 illud,
2365 3476 2710 3533 Couvertetur
2740 3480 2893 3533 labor
2929 3496 3108 3535 eorum
3135 3482 3188 3534 in
3220 3492 3377 3550 caput
3410 3483 3675 3550 ipsorum,
3707 3489 3756 3535 et

2172 3570 2424 3640 iniquitas
2448 3587 2630 3624 eorum
2655 3573 2711 3625 in
2733 3574 2979 3626 verticem
3009 3573 3245 3641 ipsorum
3274 3571 3546 3626 descendet
3576 3570 3755 3643 (Psal.

2170 3677 2269 3726 \‘tt,
2301 3662 2411 3733 17).
2438 3662 2606 3732 Igitur
2637 3664 3101 3733 quemadmodum
3132 3664 3212 3719 sic
3243 3679 3345 3718 nos
3381 3663 3433 3717 in
3467 3663 3629 3718 illum
3670 3680 3756 3719 er-

2174 3771 2353 3811 rorem
2403 3755 2763 3820 incurrimus,
2818 3762 2878 3809 ut
2924 3755 3072 3810 illius
3119 3770 3315 3809 noxam
3356 3754 3753 3825 eﬂ‘ugeremus;

2175 3862 2416 3918 eumque
2468 3847 2703 3902 simulac
2755 3846 2988 3916 legimus
3030 3846 3373 3912 damnantes,
3411 3846 3549 3901 salvi
3594 3858 3755 3916 atque

2176 3941 2478 3996 incolumes
2508 3939 2882 4009 praetergressi
2924 3954 3118 3994 sumus
3146 3957 3159 3994 :
3192 3939 3266 3993 ita
3307 3947 3377 4003 te,
3411 3938 3670 4008 quisquis
3695 3954 3754 3994 es

2174 4033 2267 4102 qui
2304 4032 2405 4101 ista
2435 4031 2591 4101 legis,
2625 4031 2934 4096 hortamur,
2972 4040 3032 4084 ut
3072 4030 3209 4085 lecta
3251 4031 3457 4100 pariter
3497 4046 3563 4085 ac
3605 4032 3757 4086 dam-

2175 4132 2301 4178 nata
2350 4122 2646 4187 transilias,
2704 4138 2773 4176 ne
2825 4123 2878 4177 in
2933 4132 3246 4192 serpentum
3296 4122 3567 4191 ejusmodi
3615 4123 3757 4177 velut

2178 4214 2545 4284 improbitatis
2577 4214 2853 4284 quoddam
2889 4214 3041 4270 virus
3073 4215 3315 4282 incidas;
3352 4230 3415 4270 ac
3454 4215 3501 4269 si
3534 4214 3756 4285 quando

2177 4308 2406 4365 forsitan
2437 4323 2502 4363 ex
2530 4307 2632 4361 hac
2666 4317 2980 4377 serpentum
3024 4308 3212 4365 schola
3251 4310 3565 4378 quempiam
3592 4308 3759 4363 oden-

2178 4402 2346 4467 deris,
2397 4401 2579 4456 subito
2627 4401 2832 4470 lignum
2877 4402 3031 4468 illud,
3074 4401 3220 4473 quod
3267 4404 3425 4458 nobis
3460 4419 3492 4457 a
3525 4401 3757 4458 Domino

2178 4503 2554 4565 comparatum
2583 4502 2668 4547 est
2687 4502 2743 4548 et
2770 4494 2953 4563 inquo
2974 4492 3228 4549 Christus
3261 4493 3454 4549 affixus
3482 4501 3591 4558 est,
3621 4494 3758 4547 arri-

2180 4587 2316 4656 pias.
2358 4607 2376 4639 ι
2411 4583 2688 4639 llacteuus
2712 4582 3075 4661 Epiphanius.
3106 4601 3170 4642 ex
3204 4585 3406 4656 quibus
3437 4586 3573 4641 satis
3604 4601 3759 4640 vero-

2179 4680 2355 4734 simile
2388 4677 2537 4732 reddi
2562 4688 2839 4746 putamus,
2866 4677 3011 4748 quod
3060 4678 3217 4733 initio
3264 4679 3398 4742 dixi,
3439 4693 3589 4744 eum,
3633 4694 3757 4734 cum

2180 4774 2233 4826 in
2300 4771 2601 4840 periculum
2661 4770 2805 4825 istud
2856 4771 3069 4837 incidit,
3128 4770 3508 4825 Christianum
3566 4770 3756 4837 fuisse,

2179 4877 2326 4921 caste
2354 4880 2417 4919 ac
2441 4865 2632 4934 pudice
2657 4882 2687 4918 ιι
2721 4864 3051 4920 Christianis
3077 4864 3392 4935 parentibus
3418 4865 3713 4920 educatum
3739 4881 3755 4919 :

2180 4968 2403 5029 apparet
2424 4958 2588 5012 etiam
2622 4958 2852 5013 necdum
2884 4957 3084 5013 szeculo
3114 4958 3485 5023 renuntiasse,
3518 4956 3588 5012 de
3644 4971 3753 5026 quo

2181 5051 2342 5104 talem
2374 5065 2524 5114 spem
2559 5049 2662 5104 sibi
2707 5049 2979 5104 tinxerant
3024 5046 3309 5114 Guostici;
3357 5058 3549 5103 contra
3594 5064 3755 5118 quam

2180 5158 2306 5196 eum
2352 5142 2512 5195 nobis
2562 5141 2942 5195 couuneutitia
2999 5140 3130 5194 Acta
3182 5149 3600 5209 repraesentant,
3648 5137 3759 5191 Ju-

2181 5235 2358 5289 daeum
2394 5248 2459 5288 ex
2487 5231 2712 5295 Iudaeis,
2738 5231 2915 5302 iisque
2957 5231 3254 5286 rusticanis
3300 5239 3356 5285 et
3404 5230 3755 5302 pauperibus,

2182 5334 2237 5379 et
2277 5325 2429 5395 prius
2461 5324 2514 5378 in
2548 5324 2723 5394 patria
2759 5338 2859 5378 sua
2901 5322 3255 5388 monachum,
3296 5337 3460 5392 quam
3505 5321 3630 5377 inde
3667 5333 3759 5390 pe-

2184 5414 2305 5470 dem
2334 5414 2566 5469 efferret.
2988 5406 2999 5413 ί

2257 5507 2344 5561 10.
2378 5504 2579 5560 Eadem
2620 5514 2895 5569 asserunt,
2934 5505 3114 5576 ipsum
3156 5505 3299 5559 inter
3348 5500 3759 5558 valedicendum

2188 5602 2589 5669 interrogatum
2619 5597 2687 5651 ab
2718 5596 3049 5666 imperatore
3089 5595 3325 5650 Arcadio
3366 5613 3384 5647 ι
3419 5605 3555 5665 quot
3587 5606 3762 5648 annos

2190 5701 2331 5751 esset
2365 5699 2548 5753 natus.
2587 5687 2955 5755 respondisse,
2992 5696 3208 5742 centum
3245 5695 3294 5742 et
3329 5685 3669 5756 quindecim,
3708 5688 3758 5737 et
