3866 6066
1178 260 1237 315 5.
1272 257 1616 314 EPIPHANII
1655 258 1839 311 AC'IA
1877 258 2386 313 BOLLANUIANA.

3311 260 3414 313 122

159 391 266 435 tres
316 389 565 432 menses.
620 394 638 426 I
689 374 779 429 Sic
821 380 995 428 autem
1031 372 1235 430 diusse
1268 392 1283 429 :
1317 391 1336 424 ι
1376 372 1476 427 Fui
1520 373 1734 441 episco-
1762 375 1805 427 A
1834 371 2023 439 tiaris;
2055 371 2201 442 quod
2229 385 2403 440 usque
2436 370 2548 433 ille,
2577 370 2760 423 nimia:
2787 385 2904 424 sure
2936 369 3268 425 celebritatis
3287 384 3412 440 per:-

162 485 280 541 pus,
317 482 452 523 eum
498 482 676 522 essem
722 481 894 520 annos
920 465 1196 534 sexaginta
1243 477 1442 531 natus;
1498 465 1571 519 fui
1614 478 1742 517 vero

162 564 212 616 in
254 560 579 629 episcopatu
612 557 1005 627 quinquaginta
1042 557 1288 626 quinque
1330 572 1505 631 annos
1546 564 1600 610 et
1631 564 1742 610 tres

163 666 398 707 menses.
454 669 474 700 ι
521 648 628 703 Sed
673 648 729 702 in
776 664 1045 703 annorum
1088 663 1318 702 numero
1371 650 1563 703 vitium
1615 662 1743 703 esse

162 743 376 814 aliquod
418 756 583 796 nemo
614 741 965 801 dubitaverit,
1016 742 1190 809 primo
1221 741 1351 811 quia
1374 739 1741 811 Hieronymus

164 848 302 887 anno
334 830 446 887 592
499 831 567 885 de
606 830 913 900 Epiphanio
952 830 1219 896 scribens,
1274 831 1324 885 id
1371 841 1473 894 est,
1527 831 1740 886 decimo

164 930 282 978 ante
309 922 435 991 ejus
468 931 700 975 mortem
731 935 897 985 anno,
929 923 1124 976 asserit
1167 940 1187 973 ι
1221 923 1276 975 in
1307 932 1740 977 extrema'aetate

163 1016 303 1070 saria
348 1013 536 1067 adhuc
571 1013 769 1068 cudere
804 1014 1102 1083 opuscula;
1154 1034 1173 1067 ι
1219 1015 1365 1084 quod
1401 1029 1563 1069 nemo
1615 1026 1739 1084 apte

164 1107 485 1161 intellexerit
522 1106 590 1160 de
638 1105 861 1161 homine
908 1115 1126 1161 centum
1174 1117 1231 1162 ct
1279 1107 1521 1177 quinque
1565 1123 1737 1163 annos

165 1195 606 1251 nato..Secundo
627 1197 755 1267 quia
787 1213 1052 1252 annorum
1087 1211 1304 1253 centum
1337 1209 1391 1254 et
1418 1200 1732 1270 quindecim

163 1304 359 1351 senem,
394 1304 562 1343 nemo
592 1289 775 1344 credet
815 1289 935 1359 ejus
956 1288 1141 1345 fuisse
1183 1292 1408 1360 vigoris,
1460 1301 1519 1348 ut
1569 1292 1617 1345 ei
1668 1290 1736 1344 li-

164 1381 333 1437 buerit
361 1380 903 1449 Constantinopolim
945 1381 1221 1452 navigare.
1272 1381 1458 1438 Tertio
1504 1383 1631 1452 quia
1679 1382 1735 1437 in

164 1474 397 1543 Dialugn,
432 1473 527 1541 qui
556 1474 624 1526 de
652 1470 775 1525 Vita
801 1469 860 1525 S.
881 1470 1113 1527 Joannis
1154 1472 1537 1544 Chrysostomi
1557 1485 1737 1530 exstat

165 1568 257 1621 sub
281 1566 506 1619 nomine
529 1562 954 1631 Palladii,.qtrasi
986 1579 1054 1618 ex
1078 1579 1334 1620 sermone
1356 1567 1542 1621 habito
1576 1569 1734 1623 Sozi-

166 1658 232 1711 mi
264 1656 429 1726 Papae
461 1664 731 1725 tempore,
772 1655 824 1709 id
861 1665 946 1710 est
988 1671 1135 1710 anno
1181 1656 1305 1725 418,
1364 1660 1507 1714 inter
1554 1659 1732 1715 Palla-

1847 468 2030 525 taasus,
2069 461 2212 516 circa
2244 476 2447 514 annum
2495 461 2599 515 560
2640 459 2883 529 profugit
2916 459 2970 513 in
3001 459 3319 530 Egyptum,
3351 478 3414 517 ae

1841 551 2078 622 denique
2114 552 2169 606 in
2200 551 2440 623 Cyprum
2482 567 2571 605 an.
2622 551 2730 605 564
2774 552 2865 605 ubi
2907 566 3032 605 cum
3071 553 3207 607 mori
3232 553 3413 607 conti-

1841 645 2006 713 gisset
2048 643 2345 698 Salaminis
2388 644 2731 712 episcopum,
2772 644 2914 698 haud
2958 643 3199 699 mirabor
3250 644 3297 699 si
3346 657 3413 697 ex

1842 733 2143 791 Hilarionis
2191 735 2426 790 consilio
2482 736 2791 804 postulatus
2835 751 2865 789 e
2910 734 3200 790 Palaestina
3251 734 3417 789 fuerit

1839 826 2181 897 Epiphanius
2209 844 2223 881 :
2251 828 2343 897 qui
2376 828 2638 882 libentius
2668 842 2809 881 onus
2836 828 2979 882 istud
3001 829 3305 896 admiserit,
3347 843 3415 881 ne

1838 920 2166 973 Arianorum
2222 928 2566 989 grassantem
2625 920 2729 974 sub
2792 919 3018 974 Valente
3068 921 3410 992 tyrannidem

1838 1020 2087 1078 speetare
2115 1021 2171 1065 et
2220 1011 2491 1065 sustinere
2541 1020 2847 1080 cogeretur,
2891 1021 2946 1066 et
2995 1013 3151 1083 quia,
3174 1022 3410 1068 veterem

1840 1101 2143 1171 spiritualis
2194 1101 2321 1156 vitae
2370 1101 2698 1170 magistrum
2754 1112 2847 1157 aut
2893 1103 3102 1157 socium
3145 1103 3219 1156 ihi
3269 1112 3414 1158 esset

1837 1200 2172 1261 reperturus,
2204 1200 2260 1244 et
2287 1205 2354 1245 eo
2375 1192 2552 1260 quoad
2579 1191 2781 1245 viveret
2808 1190 3098 1246 fruiturus.
3138 1189 3287 1245 Vixit
3315 1208 3414 1246 att-

1838 1292 1943 1338 tem
1970 1281 2212 1337 Hilarion
2263 1298 2435 1352 usque
2481 1282 2548 1336 ad
2599 1297 2807 1336 annum
2852 1282 3028 1337 aetatis
3070 1281 3163 1346 80,
3208 1283 3410 1338 Christi

1836 1373 1961 1438 372,
1994 1373 2212 1444 quando
2243 1392 2261 1424 ι
2295 1373 2361 1427 de
2382 1373 2501 1441 ejus
2528 1373 2781 1428 laudibus
2816 1373 3030 1428 brevem
3065 1374 3352 1443 epistolam
3388 1393 3409 1422 ι

1838 1465 1983 1520 idem
2012 1464 2345 1534 Epiphanius
2368 1484 2386 1516 ι
2413 1466 2655 1533 scripsit,
2684 1485 2705 1527 ι
2725 1467 2939 1520 sicutin
2970 1464 3089 1519 Vita
3116 1465 3411 1519 Hilarionis

1836 1565 2066 1612 testatur
2108 1555 2165 1611 S.
2216 1555 2579 1628 Hieronymus
2608 1575 2622 1611 :
2654 1573 2719 1612 ex
2762 1558 2921 1627 cujus
2969 1560 3132 1612 etiam
3180 1558 3410 1628 epistola

1836 1649 1925 1711 61,
1955 1648 2030 1720 πά,
2052 1647 2463 1701 Pammachium
2496 1649 2785 1715 discimus,
2816 1650 2963 1719 quod
2992 1666 3059 1705 eo
3102 1668 3121 1701 ι
3170 1660 3412 1716 tempore

165 1748 301 1802 dium
376 1746 888 1814 Helenopolitanum
961 1747 1278 1817 episcopum
1349 1747 1732 1820 Chrysostomi
1770 1733 1811 1786 Β
1837 1756 1946 1811 quo
1977 1749 2152 1794 ῑοιιιιιι
2182 1739 2486 1807 Orientem.
2520 1753 2749 1810 οἰδεῖ)ῑο
2795 1757 2932 1811 Papa
2986 1742 3284 1797 Alllanasio
3324 1755 3413 1798 al-

165 1840 481 1911 discipulum
509 1850 563 1894 et
584 1838 933 1894 Theodorum
970 1838 1231 1913 Romanae
1268 1840 1523 1896 Ecclesia:
1554 1843 1737 1899 diaco-

165 1949 306 1998 num,
334 1933 565 1999 dicitur,
595 1931 739 2001 quod
775 1930 1111 2001 Epiphanius
1134 1950 1153 1984 ι
1186 1933 1405 2003 triginta
1431 1949 1524 1989 sex
1561 1949 1734 1990 annos

169 2021 410 2077 Ecclesia:
462 2021 703 2092 praefuit.
755 2022 858 2075 sub
898 2020 1130 2077 Damaso
1174 2031 1227 2078 et
1267 2022 1498 2089 Syricio,
1546 2043 1565 2077 ι
1598 2041 1736 2096 quo-

165 2130 272 2168 rum
304 2115 461 2184 prior
488 2129 643 2168 anno
667 2113 775 2167 558
804 2114 991 2183 cmpit,
1042 2115 1177 2168 alter
1227 2130 1372 2170 anno
1413 2112 1518 2170 598
1551 2118 1730 2175 desiit.

165 2204 449 2261 Numerum
482 2215 664 2258 autem
703 2219 974 2283 annorum
1017 2204 1087 2257 55
1137 2204 1347 2275 integre
1384 2207 1728 2275 expletorum

163 2290 272 2353 cum
303 2298 465 2352 initio
501 2297 629 2352 anni
660 2296 729 2350 56
757 2297 803 2352 si
853 2307 1061 2362 teneas,
1105 2305 1301 2352 caatera
1351 2298 1495 2352 haud
1525 2299 1733 2354 incom-

165 2390 310 2444 mode
342 2404 469 2444 cum
529 2389 758 2442 \eritate
794 2387 1138 2455 consistent;
1177 2389 1251 2443 ita
1303 2397 1362 2443 ut
1403 2390 1584 2444 aetatis
1621 2404 1734 2445 suae

164 2496 294 2535 anno
320 2481 391 2535 96
436 2480 637 2535 obierit
682 2490 929 2543 sanctus,
977 2480 1269 2549 solumque
1298 2495 1362 2534 ex
1418 2481 1519 2535 levi
1567 2480 1732 2538 unius

166 2572 345 2625 litterae
372 2585 585 2634 errore,
613 2585 724 2639 quo
749 2574 823 2623 γε’
850 2568 1131 2638 scripserit
1160 2568 1361 2639 aliquis
1387 2585 1484 2638 pro
1509 2569 1582 2622 λε’
1612 2586 1732 2640 pcr-

166 2663 345 2718 ductns
403 2661 570 2716 fuerit
609 2661 868 2716 Actorum
918 2670 1112 2715 auctor
1162 2660 1214 2713 iu
1270 2661 1538 2716 calculum
1594 2661 1732 2717 adeo

166 2753 571 2808 exorbitantem.
632 2750 725 2805 Sic
773 2767 902 2806 vero
952 2751 1059 2805 dici
1108 2751 1311 2821 poterit
1365 2751 1727 2822 Epiphanius,

167 2858 297 2897 anno
334 2842 445 2897 568
486 2844 733 2907 ineunte,
767 2841 944 2898 factus
987 2842 1298 2912 episcopus,
1342 2851 1396 2898 et
1443 2858 1590 2898 anno
1627 2844 1733 2900 508

168 2945 329 2991 natus.
364 2934 441 2988 De
467 2948 581 3004 quo
611 2934 740 2987 dum
775 2934 827 2986 in
864 2931 1100 3002 Synopsi
1144 2933 1210 2986 ad
1245 2934 1571 2988 Ancoratum
1611 2936 1731 3005 ejus

164 3027 370 3099 legitur,
403 3025 551 3097 quod
584 3044 603 3075 ι
645 3026 876 3095 primum
913 3027 1201 3081 monastici
1246 3027 1479 3082 instituti
1523 3029 1730 3084 exerci-

172 3120 413 3172 tationem
444 3119 499 3171 in
539 3114 777 3187 IEgypto
805 3115 1066 3183 suscepit.
1103 3116 1287 3186 ibique
1311 3116 1379 3171 ad
1410 3116 1730 3172 vicesimum

170 3224 327 3279 usque
357 3209 538 3264 :etatis
561 3223 767 3262 annum
802 3208 1125 3277 permansit,
1159 3209 1334 3264 donec
1374 3211 1439 3265 ad
1482 3208 1733 3265 Eleuthe-

173 3302 518 3371 ropolitanam
554 3304 831 3369 regionem
859 3315 1109 3356 reversus
1149 3302 1542 3356 monasterium
1581 3301 1635 3355 in
1667 3316 1730 3356 ea

173 3392 418 3459 condidit,
461 3411 481 3444 ›
519 3393 683 3447 datur
714 3391 941 3461 intelligi
976 3407 1122 3446 anno
1166 3391 1272 3447 529
1319 3393 1624 3447 excessisse
1665 3404 1733 3447 ex

176 3483 411 3556 Egypto,
446 3485 698 3555 adeoque
728 3498 838 3537 non
866 3483 1021 3537 valde
1053 3484 1273 3554 longum
1299 3484 1473 3540 fuisse
1495 3493 1730 3554 tempus,

175 3592 272 3645 quo
296 3577 368 3632 ibi
401 3578 544 3632 inter
572 3578 872 3632 monachos
895 3576 1096 3633 vixisse
1121 3579 1361 3648 potuerit
1394 3597 1408 3633 :
1437 3586 1491 3633 et
1521 3577 1735 3632 denun-

178 3671 435 3726 tiationem
464 3670 615 3724 illam
648 3667 1062 3734 Gnosticorum,
1088 3670 1357 3740 episcoliis
1389 3671 1734 3725 Alexandria:

177 3764 495 3834 congregatis
520 3762 748 3828 factam,
775 3769 899 3832 apte
929 3761 1119 3816 referri
1142 3776 1306 3831 posse
1328 3762 1382 3815 in
1405 3760 1735 3816 Januariunr

179 3856 292 3910 anni
326 3856 449 3923 326,
490 3856 713 3926 quando
757 3865 975 3909 mortuo
1014 3853 1071 3910 S.
1107 3853 1420 3908 Alexandro
1448 3856 1729 3925 episcOpo,

179 3945 239 3998 ad
292 3960 665 4001 successorem
734 3943 792 3998 S.
854 3943 1216 3998 Athanasium
1283 3942 1728 3999 substituendum

180 4045 526 4091 convenerunt
551 4036 816 4105 episcopi.
854 4033 965 4089 Nec
1008 4034 1154 4089 enim
1195 4034 1413 4088 videtur
1438 4037 1732 4091 convenire

186 4127 453 4183 utbiennio
474 4128 640 4183 citius
665 4126 717 4181 id
756 4126 953 4185 fecisse
992 4126 1225 4191 dicatur,
1262 4134 1392 4195 puta
1428 4140 1575 4181 anno
1600 4126 1727 4192 524,

184 4222 377 4289 quando
407 4221 737 4292 praesidente
763 4218 932 4275 Hosio
966 4219 1306 4274 Cordubensi
1334 4220 1607 4276 celebrata
1643 4231 1730 4278 est

184 4315 397 4383 synodus
445 4313 836 4374 Alexandrina,
878 4322 1007 4367 tunc
1064 4313 1208 4367 enim
1271 4328 1539 4368 annorum
1591 4313 1732 4370 dun-

187 4413 312 4459 taxat
336 4406 568 4461 sedecim
596 4404 915 4459 adolescens
949 4393 1162 4458 fuisset.

252 4497 326 4550 11.
353 4494 419 4550 Ut
448 4506 508 4550 ut
535 4495 628 4559 sit,
659 4493 841 4548 statim
882 4500 1007 4563 post
1054 4493 1201 4547 illam
1239 4492 1730 4563 denuntiationem,

189 4586 385 4642 dimissa
410 4585 761 4649 Alexandria,
788 4600 1033 4640 eremum
1066 4585 1290 4655 petitam
1323 4586 1393 4640 ab
1427 4584 1735 4656 Epiphanio

190 4678 350 4734 nullus
394 4678 585 4733 dubito
632 4695 647 4731 :
691 4692 817 4731 cum
862 4686 1044 4731 autem
1092 4677 1140 4731 is
1190 4677 1348 4731 rediit
1401 4676 1456 4732 in
1515 4675 1730 4747 Syriam

185 4767 404 4835 junxisse
434 4787 492 4826 se
514 4768 691 4839 potuit
716 4766 775 4822 S.
804 4767 1092 4833 llilarioni,
1119 4768 1185 4821 de
1214 4783 1325 4837 quo
1347 4769 1494 4822 circa
1526 4783 1732 4823 annum

189 4859 292 4927 511,
320 4864 441 4918 illuc
473 4863 731 4917 similiter
755 4860 823 4914 ab
858 4858 1110 4930 Egyptia
1151 4859 1254 4914 sub
1290 4859 1531 4914 Antonio
1571 4875 1731 4916 exer-

190 4950 418 5008 citatione
442 4967 685 5017 reverso,
713 4952 902 5006 scribit
939 4949 1308 5022 Hieronymus
1347 4952 1400 5005 in
1430 4951 1552 5021 ejus
1593 4950 1731 5018 Vita,

190 5044 313 5109 quod
362 5055 481 5114 post
526 5044 601 5098 2‘2
648 5043 962 5098 solitudinis
1003 5057 1232 5108 annum,
1289 5043 1342 5097 id
1392 5051 1477 5098 est
1525 5058 1731 5096 annum

192 5133 360 5191 Christi
389 5137 512 5204 523,
554 5156 573 5188 ι
601 5136 671 5191 de
697 5135 852 5206 Syria
877 5144 931 5190 et
956 5134 1192 5206 Egypto
1224 5134 1289 5189 ad
1325 5149 1449 5188 eum
1483 5136 1731 5191 certatim

191 5230 345 5297 populi
371 5231 743 5296 conﬂuebant,
777 5229 851 5283 ita
887 5237 947 5283 ut
988 5228 1144 5282 multi
1186 5227 1239 5281 in
1285 5227 1567 5283 Christum
1614 5244 1733 5283 ere-

189 5319 370 5387 tierent,
403 5333 454 5379 et
483 5340 544 5380 se
571 5321 872 5378 monachos
899 5320 1308 5390 proﬁterentur.
1351 5340 1369 5371 ι
1402 5318 1608 5374 Horum
1640 5334 1734 5374 au-

190 5419 280 5465 tem
308 5415 568 5470 crescenti
609 5427 843 5468 numero
884 5412 1066 5482 potuit
1111 5426 1170 5466 se
1208 5411 1459 5479 junxisse
1502 5411 1734 5481 Epipha-

189 5502 327 5572 nius;
357 5507 530 5576 potuit
552 5504 747 5570 etiam,
781 5519 905 5558 mox
934 5511 995 5558 ut
1016 5503 1176 5558 rediit
1205 5502 1258 5556 in
1282 5502 1513 5571 patriam
1549 5503 1730 5556 vicum

189 5598 430 5667 recepisse
463 5612 546 5662 se,
588 5596 826 5653 similem
873 5605 1097 5652 acturus
1138 5595 1328 5656 vitam,
1362 5601 1418 5648 et
1453 5593 1734 5648 nihilomi-

188 5698 276 5744 nus
304 5688 562 5749 llilarioni
600 5688 875 5760 frequenti
910 5684 1322 5744 conversatione
1351 5683 1520 5742 fuisse
1565 5683 1729 5741 fami-

1836 1850 1945 1905 que
1963 1832 2214 1899 Paulino,
2243 1831 2573 1886 Arianorum
2613 1843 2780 1903 atque
2805 1833 3268 1911 Eunomianorum
3297 1835 3411 1889 ha:-

1835 1930 1975 1985 resis
2002 1928 2335 1997 possidebat,
2367 1928 2589 1998 quando
2624 1925 2867 1982 Joannes
2901 1945 2920 1979 ι
2958 1927 3139 1982 adhuc
3167 1929 3412 1997 privatus

1836 2024 2047 2091 (contra
2075 2034 2235 2089 quem
2274 2030 2456 2089 postea
2498 2019 3055 2092 Hierosolymitanum
3090 2022 3408 2091 episcopum

1833 2113 2035 2183 scripta
2069 2112 2333 2183 Epistula)
2366 2113 2419 2166 in
2463 2115 2566 2167 tide
2604 2113 2967 2168 dissimulans
3001 2113 3081 2167 vel
3128 2113 3408 2172 vacillans.

1840 2222 1858 2256 ι
1895 2202 2338 2258 Occidentalibus
2369 2211 2420 2257 et
2456 2203 2511 2256 in
2546 2203 2726 2257 medio
2759 2202 2954 2256 exsilio
2994 2203 3406 2259 confessoribus

1837 2293 1938 2349 SS.
1991 2291 2252 2364 Dionysio
2298 2290 2726 2356 Mediolanensi,
2774 2291 3013 2345 Eusebio
3060 2289 3409 2358 Vrrcellensi,

1832 2395 1886 2441 et
1922 2384 2177 2440 Lucifero
2220 2384 2554 2447 Calaritano,
2601 2399 2709 2437 non
2760 2384 3234 2447 communicabat;
3281 2386 3412 2454 Epi-

1833 2476 2070 2546 pltnttitts
2111 2475 2195 2528 vel
2233 2474 2514 2545 presbyter
2559 2473 2614 2526 in
2658 2474 2991 2528 monasterio
3030 2474 3101 2527 ab
3140 2472 3412 2545 Eutychio

1832 2568 2155 2623 audiebatur
2222 2566 2427 2637 (magni
2493 2565 2681 2635 utique
2734 2564 2974 2620 nominis
3021 2566 3227 2634 aliquo,
3281 2580 3409 2620 cum

1831 2658 2059 2727 epistola
2093 2657 2196 2712 sub
2238 2672 2439 2710 annum
2485 2655 2587 2711 596
2631 2656 2983 2719 scriberetur,
3028 2656 3284 2726 episcopo
3317 2666 3410 2712 aut

1833 2749 2045 2809 abbate.
2083 2747 2312 2803 necdum
2364 2755 2546 2801 tamen
2588 2746 2807 2800 aliunde
2866 2747 3019 2814 noto)
3085 2746 3168 2800 vel
3222 2755 3410 2815 postea

1830 2840 2120 2909 cpiscopus
2147 2837 2333 2910 Cypri,
2368 2855 2398 2892 a
2428 2836 2658 2893 Valente
2692 2854 2802 2891 non
2842 2843 3207 2907 tangebatur:
3244 2848 3412 2893 tautae

1832 2932 1976 2986 enim
2017 2931 2386 2986 venerationis
2424 2923 2640 3000 semper
2681 2930 2803 2992 fuit,
2840 2938 2899 2983 ut
2941 2941 3230 3000 regnantes
3291 2933 3406 2984 has-

1836 3021 1990 3076 retici
2033 3021 2387 3090 ignouuiniam
2433 3036 2590 3074 suam
2634 3028 2891 3089 putarent
2938 3020 2983 3074 si
3028 3021 3188 3074 talem
3236 3020 3410 3074 virum

1834 3120 2314 3183 persequerentur.
2393 3130 2413 3163 ι
2466 3112 2714 3166 'Exsules
2786 3120 2969 3166 autem
3037 3112 3288 3166 vixerunt
3354 3113 3409 3167 in

1833 3203 2055 3258 Oriente
2100 3202 2449 3257 confessores
2494 3201 2737 3272 praedicti
2776 3202 2845 3255 ab
2871 3217 3016 3255 attno
3045 3202 3150 3256 555
3180 3203 3247 3256 ad
3282 3202 3409 3267 562,

1833 3292 2109 3350 etValcus
2139 3293 2478 3346 orthodoxos
2517 3300 2602 3347 est
2643 3300 2963 3362 persecutus
3000 3293 3068 3346 ab
3114 3308 3260 3346 anno
3303 3291 3412 3346 566

1833 3387 1901 3441 ad
1939 3387 2066 3441 575.
2110 3384 2264 3440 Unde
2314 3384 2544 3454 intelligi
2591 3384 2775 3448 datur,
2824 3400 2932 3439 non
2984 3392 3195 3438 tantum
3244 3399 3408 3454 quam

1834 3478 2045 3550 integra
2080 3487 2197 3534 toto
2228 3478 2325 3533 illo
2373 3486 2617 3547 tempore
2650 3476 2816 3531 fuerit
2850 3475 3138 3546 Epiphanii
3176 3474 3318 3529 fama
3356 3484 3411 3530 et

1833 3569 2142 3635 veneratio;
2167 3568 2261 3623 sed
2289 3568 2455 3622 etiam
2484 3566 2629 3636 quod
2661 3566 2773 3636 jam
2821 3565 2948 3620 inde
2991 3565 3060 3620 ab
3090 3565 3245 3619 initio
3280 3578 3410 3633 per-

1832 3662 2153 3727 secutionis,
2190 3677 2221 3715 a
2249 3661 2576 3715 Constantio
2605 3658 3210 3731 suscitataarpresbyter
3246 3656 3411 3713 fuerit

1833 3761 2204 3809 consecratus.

1903 3865 1991 3920 12.
2023 3863 2197 3920 Porro
2223 3865 2289 3919 de
2322 3872 2512 3918 mutua
2550 3865 2693 3919 inter
2725 3872 2948 3919 sanctos
2993 3860 3325 3916 Hilarionem
3354 3869 3410 3915 et

1832 3957 2192 4029 Epiphaniam
2221 3954 2592 4010 fatniliaritate
2627 3955 2859 4009 habetur
2910 3950 3143 4022 insignis
3169 3952 3325 4006 locus
3352 3952 3407 4005 in

1831 4050 2026 4106 libellis
2056 4050 2128 4103 De
2171 4047 2291 4103 Vita
2322 4057 2370 4102 et
2403 4047 2646 4101 doctrina
2678 4057 2727 4100 et
2758 4044 3077 4114 perfectione
3100 4049 3406 4096 sanctorum

1832 4141 2082 4208 Patrum,
2109 4157 2247 4212 quos
2304 4149 2444 4196 teste
2501 4138 2787 4208 Sigeherto
2835 4134 3087 4204 Pelagius
3138 4133 3408 4188 diaconus

1831 4232 2094 4289 Romanae
2131 4231 2386 4287 Ecclesiae
2409 4230 2687 4285 transtulit
2712 4229 2778 4283 de
2808 4226 2995 4283 Graeco
3023 4226 3076 4280 in
3125 4223 3403 4290 Latinum,

1831 4323 2034 4393 quique
2080 4322 2135 4376 in
2182 4320 2311 4374 Vitis
2355 4318 2579 4372 Patrum
2624 4318 2784 4372 editis
2827 4333 2856 4371 a
2898 4323 3089 4370 nostro
3124 4313 3408 4368 Heriberto

1761 4415 1805 4471 D
1835 4411 2125 4469 Rosweido
2158 4412 2252 4465 lih.
2295 4426 2323 4463 v
2379 4409 2721 4463 constituunt
2759 4427 2771 4462 :
2806 4409 2879 4462 ibi
2932 4408 3077 4461 enim
3112 4406 3298 4461 libello
3340 4420 3403 4460 tu

1837 4517 1986 4555 num.
2016 4500 2084 4554 15
2110 4500 2189 4554 sic
2231 4498 2468 4568 legitur:
2504 4516 2521 4548 ι
2561 4496 2703 4551 Misit
2740 4497 3033 4566 aliquando
3069 4482 3407 4566 Epiphanius

1834 4593 2121 4662 episc0pus
2142 4589 2374 4661 Cyprius
2413 4590 2477 4644 ad
2523 4589 2774 4644 abbatem
2809 4587 3162 4656 llilarionem,
3204 4603 3406 4655 rogans

1833 4698 1957 4738 eum
2002 4690 2057 4737 et
2103 4682 2313 4744 dicens,
2350 4679 2484 4735 Veni
2533 4689 2590 4733 ut
2626 4696 2727 4734 nos
2772 4679 3074 4745 videamus,
3112 4686 3403 4747 antequam

1834 4772 1900 4828 de
1930 4785 2157 4840 corpore
2192 4785 2477 4825 exeatnus.
2520 4768 2623 4835 Qui
2674 4784 2798 4823 cum
2842 4768 3117 4822 venissent
3153 4766 3219 4821 ad
3267 4766 3405 4820 invi-

1832 4878 1973 4927 cem,
2031 4860 2489 4916 manducantibus
2548 4859 2628 4914 eis
2675 4860 2894 4915 allatum
2946 4867 3032 4913 est
3087 4858 3154 4912 de
3212 4857 3404 4917 avibus

1832 4950 2113 5023 quiddam,
2141 4950 2287 5020 quod
2320 4958 2513 5004 tenens
2557 4949 2848 5018 episcopus
2871 4948 3021 5001 dedit
3044 4947 3224 5002 abbati
3256 4946 3405 5000 llila-

1833 5043 1997 5097 rioni.
2028 5040 2094 5096 Et
2124 5041 2256 5096 dicit
2285 5040 2359 5094 illi
2387 5055 2549 5094 senex
2588 5056 2600 5090 :
2638 5038 2859 5107 Ignosce
2891 5038 3045 5103 mihi,
3072 5036 3251 5101 Pater,
3276 5039 3403 5108 quia

1834 5151 1903 5191 ex
1932 5148 2041 5202 quo
2069 5133 2252 5201 accepi
2285 5131 2532 5186 habitum
2565 5131 2729 5184 istum
2758 5144 2862 5182 non
2894 5128 3218 5183 manducavi
3245 5128 3405 5198 quid-

1833 5240 1996 5297 quam
2034 5224 2298 5279 ocbisum.
2331 5222 2397 5276 Et
2421 5222 2560 5276 dixit
2580 5222 2629 5275 ei
2657 5221 3027 5290 Epiphanius:
3056 5219 3169 5291 Ego
3197 5231 3403 5285 autem,

1832 5333 1899 5373 ex
1927 5330 2037 5388 quo
2076 5313 2260 5384 accepi
2303 5313 2551 5368 habitutn
2588 5313 2775 5374 istum,
2810 5327 2916 5366 non
2950 5311 3132 5368 dimisi
3165 5312 3399 5382 aliquem

1833 5406 2092 5472 dormire,
2124 5405 2217 5475 qui
2250 5404 2481 5458 habebat
2519 5402 2723 5473 aliquid
2755 5402 3043 5457 adversum
3078 5399 3201 5468 ine;
3232 5416 3406 5471 neque

1833 5516 1936 5571 ego
1964 5498 2198 5555 dormivi
2230 5499 2435 5551 habens
2484 5495 2690 5563 aliquid
2739 5494 3301 5563 adversus.aliquem.
3338 5491 3405 5548 Et

1834 5592 1972 5648 dicit
1993 5591 2041 5645 ei
2079 5604 2271 5653 senex,
2302 5586 2527 5658 Ignosce
2557 5586 2709 5652 mihi,
2750 5586 2877 5655 quia
2920 5597 3010 5640 tua
3057 5584 3403 5640 conversatio

1837 5681 2011 5754 major
2038 5688 2120 5737 est
2154 5695 2293 5736 mea.
2342 5698 2359 5731 ›
2403 5678 2581 5751 Atque
2617 5666 2682 5734 ad
2714 5680 2856 5734 hanc
2886 5676 3143 5745 mitigata:
3172 5675 3241 5731 ah
3272 5671 3404 5744 Epi-
