3972 6070
542 231 646 285 423

1572 233 1632 289 S.
1685 229 2033 291 EPiPHAMl
2064 229 2242 289 ACTA
2283 226 2787 285 BOLLANDIANA.

3698 236 3787 294 «ἐι

538 344 744 414 pbutio
789 346 1132 402 austeritatis
1184 345 1590 402 excusationem
1635 346 1802 400 etiam
1864 352 2118 414 spectat,
2150 345 2193 407 Α
2222 342 2296 397 sit
2316 342 2673 413 Epiphanius,
2703 343 2781 398 sic
2808 352 2864 398 et
2886 343 2952 399 de
2982 358 3084 400 suo
3113 342 3537 407 Bethlehemico
3572 354 3783 407 testatur

534 436 681 505 quod
706 437 759 491 in
795 453 899 491 ms.
946 436 1320 506 Ultrajectino,
1350 455 1419 491 ex
1468 436 1602 491 Vitis
1645 437 1893 499 Patrum,
1936 436 2121 490 nescio
2224 435 2614 507 Hieronymus,
2671 436 2801 491 illuc
2841 451 2967 490 eum
3015 436 3339 503 accessisse,
3370 455 3395 488 ι
3431 453 3553 493 cum
3584 458 3603 492 δ
3634 442 3699 497 ini
3724 443 3783 499 ab

533 525 681 581 unde
729 538 1029 595 sumptum.
1076 529 1246 596 reperi
1294 528 1379 583 sic
1438 537 1809 582 annotatum:
1857 546 1874 578 ι
1915 527 2116 582 Factus

533 619 824 687 cpiscopus
849 620 1019 675 voluit
1054 620 1133 674 uti
1159 620 1353 673 eadem
1386 620 1615 685 duritia,
1654 621 1794 677 sicut
1820 621 1872 672 in
1908 634 2117 685 eremo,

533 711 626 765 sed
656 725 766 768 non
798 712 976 779 potuit
1005 729 1018 765 :
1043 721 1097 766 et
1121 728 1286 767 orans
1320 713 1574 781 quaesivit
1596 727 1625 765 a
1654 710 1786 776 Deo,
1816 711 1862 767 si
1896 720 2118 780 propter

530 802 904 870 episcopatum
948 805 1264 859 recessisset
1303 804 1372 859 ab
1403 820 1469 860 eo
1509 804 1683 875 gratia
1720 802 1836 861 Dei.
1871 802 2118 873 Respon-

530 907 651 947 sum
684 901 769 951 est
800 902 982 953 autem
1032 895 1083 949 ei
1128 896 1278 965 quod
1317 911 1450 962 non,
1498 896 1627 966 quia
1674 897 1763 965 pia
1814 894 2115 951 intentione

529 1000 716 1045 curam
776 988 1054 1057 suscepit;
1097 989 1190 1045 sed
1231 989 1363 1059 quia
1405 998 1535 1044 tunc
1568 989 1789 1059 quando
1827 989 1883 1043 in
1917 989 2112 1044 solitu-

529 1078 655 1133 dine
682 1078 806 1143 fuit,
841 1079 982 1136 Deus
1028 1090 1150 1136 erat
1186 1082 1293 1137 sibi
1340 1083 1593 1151 proprius
1636 1082 1877 1152 adjulor,
1916 1082 1973 1136 in
2010 1098 2111 1138 sre-

526 1170 651 1225 culo
671 1180 856 1226 autem
890 1173 1059 1227 etiam
1104 1173 1359 1228 homines
1410 1174 1839 1229 auxiliabantur.
1890 1175 1983 1230 Sic
2014 1175 2111 1231 lilii

526 1263 692 1317 Israel
736 1274 1061 1333 receperunt
1092 1281 1290 1319 manna
1332 1266 1387 1319 in
1433 1266 1671 1334 deserto,
1707 1282 1993 1336 quousque
2020 1282 2111 1322 ve.

526 1354 709 1409 nirent
735 1355 789 1408 in
823 1364 1024 1409 terram
1062 1356 1465 1425 promissionis.
1516 1376 1534 1411 ι

596 1445 686 1501 (ὅ.
719 1445 933 1502 Colitur
969 1445 1028 1502 S.
1070 1446 1314 1501 Hilarion
1356 1449 1418 1502 Si
1456 1447 1707 1504 Octobris
1742 1466 1756 1503 :
1795 1458 1855 1504 ut
1877 1464 2008 1504 vero
2032 1451 2101 1507 ad

523 1552 649 1591 eum
693 1536 987 1592 identidem
1048 1539 1370 1593 recurrebat
1414 1540 1719 1609 discipulus
1758 1556 1893 1596 suus
1932 1539 2106 1613 Hesy-

525 1629 703 1692 chius,
735 1646 975 1700 eumque
1003 1630 1071 1685 tle
1106 1640 1251 1686 statu
1284 1641 1399 1686 tum
1436 1634 1759 1687 monasterii
1782 1633 1869 1687 sui
1914 1634 1967 1687 in
2003 1632 2105 1688 Pa-

523 1721 734 1777 ltestina
764 1731 882 1776 tum
919 1722 1314 1791 discipulorum
1354 1724 1555 1778 ibidem
1591 1725 1903 1779 relictorum
1941 1740 2102 1780 cura-

520 1811 615 1865 bat
676 1813 909 1867 edocere
960 1829 972 1865 :
1021 1814 1095 1867 ita
1152 1830 1253 1871 nec
1306 1831 1501 1885 segnes
1565 1815 1787 1873 fuerunt
1844 1817 2102 1888 discipuli

520 1900 809 1971 Epiphanii
866 1904 922 1957 in
964 1904 1197 1961 fovenda
1253 1917 1448 1962 mutua
1490 1923 1620 1964 eum
1685 1924 1786 1964 suo
1838 1912 2102 1980 magistro

408 2000 419 2008 '
518 1996 1035 2060 communicatione,
1061 2013 1184 2051 cum
1225 1998 1314 2053 hic
1348 1999 1583 2055 abesset.
1608 1998 1798 2070 itaque
1834 2002 1887 2056 in
1921 2002 2101 2057 libello

518 2098 595 2138 In
625 2086 755 2141 dicti
786 2085 982 2156 Operis
1011 2104 1067 2142 n.
1106 2087 1139 2142 6
1164 2089 1269 2143 tale
1313 2090 1444 2158 quid
1476 2090 1788 2146 invenitur:
1823 2111 1841 2143 ι
1877 2091 2096 2151 Manda-

519 2184 632 2235 tum
664 2186 746 2232 est
778 2187 980 2233 sanctze
1012 2180 1291 2235 memoria:
1340 2180 1648 2251 Epiphanio
1694 2184 1954 2254 episeopo
1987 2184 2101 2257 Cy.

517 2269 660 2336 prio,
715 2269 786 2324 ab
844 2270 1040 2325 abbate
1090 2272 1411 2327 monasterii
1462 2273 1547 2327 sui
1599 2274 1752 2342 quod
1807 2276 1997 2329 habuit
2042 2277 2098 2330 in

516 2359 805 2416 Palaestina
841 2379 854 2414 :
898 2360 1037 2426 Quia
1064 2362 1411 2418 orationibus
1445 2364 1554 2417 tuis
1596 2381 1707 2419 non
1757 2366 2099 2435 ncgieximus

516 2451 783 2520 regulam,
826 2450 919 2505 sed
970 2467 1095 2505 cum
1135 2452 1507 2508 sollicitudine
1544 2453 1809 2520 Tertiam,
1850 2454 2096 2524 Sextam,

515 2539 749 2603 Nonarn,
796 2550 957 2610 atque
1005 2539 1293 2610 Vesperam
1337 2544 1701 2600 celebramus.
1749 2545 1842 2602 Ille
1889 2556 2097 2614 autem,

517 2631 921 2699 reprehendens
954 2648 1103 2697 eum,
1140 2633 1421 2689 mandavit
1447 2635 1499 2688 ei
1535 2654 1549 2689 :
1588 2635 1819 2692 Constat
1863 2654 1959 2694 vos
2000 2655 2100 2693 va-

514 2736 641 2777 care
670 2721 738 2779 ab
780 2723 1033 2783 oratione
1078 2726 1292 2780 steteris
1353 2725 1536 2792 horis;
1583 2741 1709 2782 eum
1767 2740 1948 2784 autem
2002 2732 2098 2800 qui

515 2828 674 2868 verus
728 2823 813 2867 est
860 2814 1187 2877 monachus,
1246 2824 1465 2885 oportet
1512 2816 1632 2872 sine
1689 2816 2099 2876 intermissione

517 2917 677 2956 orare
723 2912 817 2959 aut
859 2914 1007 2959 certe
1052 2905 1285 2973 psallere
1334 2906 1387 2960 in
1434 2908 1600 2961 corde
1648 2923 1774 2964 suo.
1816 2927 1835 2961 ι
1892 2908 2099 2966 Revisit

516 2995 658 3050 haud
718 2996 881 3050 dubie
949 2998 1344 3056 monasterium
1404 3000 1535 3054 illud
1591 3016 1751 3056 suum
1802 3002 2096 3072 aliquando

504 3072 874 3157 Epiphanius,
938 3089 1158 3159 quando
1197 3090 1696 3147 eeclesiasticorum
1749 3095 2092 3163 negotiorth

513 3195 678 3234 causa
715 3181 767 3235 iu
816 3180 1160 3235 Palaestinam
1196 3185 1439 3239 excurrit
1473 3202 1485 3237 :
1520 3186 1611 3240 sed
1651 3185 1772 3255 ejus
1821 3188 1899 3241 rei
1947 3188 2094 3241 nulla

513 3282 598 3327 est
622 3273 765 3343 apud
817 3276 1075 3345 probatos
1129 3277 1428 3346 scriptores
1483 3279 1771 3332 memoria.
1819 3278 2091 3345 Quantam

512 3376 694 3420 autem
731 3374 844 3419 tum
870 3367 943 3421 ita
975 3383 1300 3432 excurrens,
1336 3381 1452 3425 tum
1499 3379 1660 3424 antea
1704 3370 1758 3423 in
1804 3371 2092 3428 Palaestina

513 3456 721 3522 vivens,
753 3458 1035 3527 collegerit
1061 3459 1329 3514 absolutae
1358 3461 1716 3531 perfectionis
1744 3460 1971 3528 famam,
2002 3465 2090 3519 in-

513 3550 679 3616 telligi
712 3559 892 3618 potest
920 3565 984 3604 ex
1010 3551 1243 3619 epistola
1273 3551 1458 3605 Aeacii
1483 3561 1537 3605 et
1563 3552 1716 3606 Pauli
1748 3554 2091 3625 presbytero-

513 3654 633 3692 rum
664 3650 719 3692 ιι
748 3638 1313 3697 archimandritarum
1350 3639 1404 3694 in
1432 3640 1758 3709 Ctelesyria,
1792 3659 1916 3712 quae
1951 3660 2093 3714 prte-

512 3727 695 3797 ligitur
722 3728 957 3784 Panario
978 3740 1032 3786 et
1065 3732 1143 3786 sic
1168 3732 1357 3801 incipit
1383 3746 1395 3782 :
1424 3751 1441 3783 ι
1470 3731 1690 3789 Pietatis
1714 3736 1933 3804 quidem
1962 3746 2090 3803 tuae,

512 3820 693 3887 Pater,
743 3831 998 3893 aspectus
1040 3823 1156 3895 ipse
1210 3825 1347 3882 satis
1389 3840 1512 3880 esse
1556 3835 1787 3894 poterat,
1835 3828 1929 3899 qui
1991 3845 2091 3886 nos

512 3914 891 3985 spiritualibus
945 3918 1294 3973 sermonibus
1344 3918 1606 3987 implevit,
1662 3934 1726 3974 ac
1768 3928 1879 3975 tam
1924 3921 2091 3977 vehe-

512 4020 666 4062 mens
712 4007 794 4062 tui
828 4008 988 4063 nobis
1016 4008 1355 4063 desiderium
1397 4010 1617 4079 indidit,
1666 4022 1956 4083 postquam
1997 4025 2090 4073 tuo

510 4098 679 4159 Semel
711 4098 818 4157 frui
850 4109 1142 4169 conspectu
1173 4100 1350 4157 licuit.
1394 4101 1595 4159 Verum
1643 4106 1901 4171 quoniam
1953 4123 2090 4177 pra:-

509 4189 594 4249 via
626 4190 883 4260 discipuli
904 4189 1109 4245 Christi
1136 4191 1282 4247 fama
1320 4193 1614 4248 verborum
1641 4194 1762 4264 ejus
1792 4195 2091 4260 factorum-

509 4296 616 4348 que
634 4280 991 4349 fragrantiam
1021 4283 1224 4352 ubique
1254 4284 1533 4353 pnedicat,
1559 4286 1707 4355 angit
1734 4302 1835 4343 nos
1864 4297 1916 4343 et
1934 4289 2086 4346 solli-

2222 528 2417 585 ardore
2444 526 2611 583 febris
2646 546 2665 578 ι
2710 529 3036 597 respirasset
3071 546 3090 579 ι
3132 526 3189 582 S.
3218 527 3409 593 Paula,
3453 547 3473 581 ι
3530 542 3581 585 et
3606 534 3782 588 medici

2222 619 2618 689 persuaderent
2669 623 2740 674 ob
2789 618 3147 677 refectionem
3197 620 3447 689 corporis
3498 621 3621 677 vino
3660 638 3783 692 opus

2216 726 2343 768 esse
2367 712 2516 766 tenui
2538 721 2595 767 et
2628 726 2814 781 parco,
2850 726 2917 765 ne
2953 726 3152 780 aquam
3190 712 3386 771 bibens
3414 713 3469 767 in
3511 713 3782 785 bydropem

2219 811 2557 869 verteretur;
2584 811 2638 857 et
2663 817 2766 873 ego
2797 800 2937 856 clam
2966 802 3182 861 beatum
3210 818 3407 877 papam
3436 804 3781 875 Epiphaniam

2220 910 2498 965 rogarem,
2534 904 2594 951 ut
2625 910 2747 954 eam
2781 902 3050 961 moneret,
3085 894 3197 950 imo
3227 896 3581 965 compelleret
3607 897 3779 953 vinum

2220 986 2425 1043 bibere.
2469 1006 2488 1039 ι
2532 988 2735 1043 Aderat
2780 1002 2916 1056 ergo
2968 987 3044 1045 ibi
3089 998 3203 1043 tum
3251 987 3590 1058 Epiphanius
3630 1007 3642 1043 :
3687 1005 3785 1059 quo

2218 1088 2398 1135 autem
2447 1096 2705 1138 successu
2753 1080 3197 1137 commendatum
3248 1080 3350 1134 sibi
3391 1079 3621 1139 omcium
3656 1081 3784 1149 apud

2213 1168 2441 1229 Paulam
2461 1171 2657 1241 egerit,
2678 1171 3035 1240 prosequitur
3068 1171 3211 1229 idem
3248 1171 3639 1242 Hieronymus.
3667 1186 3785 1227 con-

2211 1261 2438 1316 tinuans
2454 1260 2741 1330 epistolam
2766 1260 2835 1312 27
2861 1261 2930 1315 ad
2958 1260 3133 1329 filiam
3172 1259 3359 1319 Paula:
3406 1259 3784 1317 Eustochium:

2214 1372 2237 1404 ι
2271 1353 2387 1418 illa,
2420 1353 2615 1421 inquit,
2655 1338 2715 1405 ut
2740 1361 2860 1411 erat
2903 1353 3146 1423 prudens
3196 1361 3257 1408 et
3300 1353 3518 1413 solertis
3576 1353 3783 1423 ingenii,

2210 1445 2380 1499 sensit
2410 1444 2659 1507 insidias,
2687 1452 2745 1499 et
2776 1444 3090 1507 subridens.
3128 1460 3310 1505 meum
3355 1460 3479 1500 esse
3524 1445 3667 1517 quod
3701 1444 3785 1503 ille

2210 1535 2435 1600 diceret,
2464 1535 2760 1593 intimarit.
2786 1536 2929 1603 Quid
2969 1538 3164 1605 plura?
3207 1553 3330 1595 cum
3374 1539 3572 1599 beatus
3617 1539 3784 1609 ponti-

2209 1628 2298 1683 fex
2332 1637 2460 1698 post
2492 1628 2665 1685 multa
2696 1628 3044 1685 hortamenta
3073 1630 3277 1689 exisset
3329 1629 3499 1695 foras,
3529 1631 3782 1701 quaeuti

2208 1719 2339 1775 mihi
2377 1717 2504 1789 quid
2538 1718 2763 1789 egisset,
2815 1719 3102 1789 respondit
3135 1739 3148 1775 :
3180 1719 3415 1779 Tantum
3464 1722 3689 1791 profeci.
3730 1731 3786 1777 ut

2206 1808 2324 1866 serti
2358 1808 2570 1867 homini
2602 1824 2741 1879 pene
2778 1810 3135 1875 persuaserit,
3173 1826 3246 1869 ne
3297 1812 3484 1873 vinum
3529 1812 3726 1868 bibam.
3763 1830 3779 1864 ι

2206 1900 2407 1959 Eadem
2438 1899 2495 1953 in
2540 1900 2768 1969 epistola
2804 1901 3001 1957 iterum
3047 1902 3337 1972 Epiphanii
3371 1904 3623 1961 meminit
3657 1902 3777 1959 Hie-

2206 2003 2498 2059 ronymus,
2526 2004 2625 2045 nec
2653 1990 2779 2047 sine
2802 1992 3285 2047 commendatione
3298 1994 3591 2050 monastici
3621 2002 3785 2048 status

2211 2078 2280 2133 ab
2305 2094 2371 2133 eo
2400 2080 2453 2134 in
2488 2079 2668 2152 Cypro
2692 2083 2996 2154 propagati.
3026 2083 3162 2139 Cum
3193 2084 3339 2139 enim
3365 2085 3616 2157 dixisset,
3647 2086 3786 2156 quod

2204 2179 2390 2226 sancta
2437 2172 2526 2227 illa
2582 2173 2740 2228 vidua
2788 2173 3219 2247 Hierosolymam
3264 2176 3555 2247 navigans,
3598 2197 3619 2237 α
3668 2188 3784 2248 post

2205 2260 2454 2318 Rhodum
2508 2273 2567 2318 et
2616 2262 2837 2335 Lyciam
2899 2266 3113 2322 tandem
3176 2268 3311 2325 vidit
3362 2268 3645 2340 Cyprum,
3698 2268 3784 2323 ubi

2204 2357 2378 2415 sancti
2404 2365 2458 2415 et
2487 2358 2815 2413 venerabilis
2858 2358 3148 2428 Epiphanii
3199 2362 3429 2427 pedibus
3468 2361 3775 2431 provoluta.

2202 2445 2389 2500 decem
2428 2446 2499 2501 ab
2524 2462 2589 2502 eo
2616 2447 2811 2504 diebus
2860 2457 3069 2505 retenta
3108 2460 3223 2516 est;
3267 2467 3373 2507 nun
3418 2451 3476 2509 in
3530 2449 3778 2511 refectio-

2204 2554 2347 2603 nem,
2384 2547 2444 2593 ut
2494 2539 2585 2594 ille
2634 2540 3025 2606 arbitrabatur,
3061 2543 3157 2599 sed
3213 2544 3266 2598 in
3311 2559 3451 2613 opus
3487 2542 3585 2599 Dei
3621 2562 3635 2597 :
3675 2563 3697 2596 ο
3729 2552 3786 2599 ut

2206 2629 2309 2685 hoc
2337 2630 2519 2699 reipsa
2556 2633 2899 2701 comprobet.
2938 2652 2958 2687 ι
2995 2635 3204 2697 omnia,
3253 2636 3450 2706 inquit,
3495 2637 3645 2696 illius
3688 2636 3785 2692 loci

2203 2723 2531 2777 monasteria
2575 2722 2840 2789 lustrans,
2873 2734 3042 2795 prout
3086 2728 3283 2796 potuit,
3318 2728 3604 2799 refrigeria
3637 2744 3786 2785 sum-

2202 2820 2393 2880 ptuum
2420 2812 2684 2869 fratribus
2723 2814 3035 2886 dereliquit,
3066 2831 3207 2887 quos
3252 2833 3410 2874 amor
3466 2820 3643 2875 sancti
3688 2820 3786 2875 viri

2200 2903 2268 2960 de
2294 2913 2406 2959 toto
2437 2904 2565 2960 illuc
2594 2906 2730 2963 orbe
2767 2907 3127 2965 conduxerat.
3173 2928 3191 2960 ι
3238 2907 3368 2964 Erat
3398 2919 3587 2967 autem
3615 2928 3791 2967 annus

2201 2997 2308 3051 584
2333 2997 2554 3065 quando
2584 2997 2689 3053 hoc
2716 2998 2963 3069 contigit,
2988 3000 3069 3057 uti
3097 2999 3167 3057 26
3192 3000 3443 3059 Januarii
3487 3004 3559 3059 ad
3616 3003 3788 3065 Vitam

2197 3085 2258 3143 S.
2291 3086 2484 3142 Paula:
2516 3088 2759 3145 diximus
2816 3108 2830 3144 :
2872 3092 3015 3160 apud
3056 3108 3222 3161 quam
3258 3093 3400 3152 idem
3438 3093 3503 3150 Β.
3548 3095 3815 3167 Ερὶριιεη

2195 3178 2321 3233 nius
2360 3176 2545 3232 Romae
2570 3188 2689 3233 erat
2722 3180 3033 3250 bospitatus
3052 3196 3201 3241 artato
3222 3183 3349 3250 582.
3382 3186 3609 3254 quando
3636 3203 3783 3252 eum,

2194 3282 2317 3322 cum
2366 3268 2570 3323 sanctis
2622 3267 2855 3325 Paulino
2906 3271 3253 3333 Auliocbeno
3300 3284 3359 3333 et
3414 3275 3772 3350 Hieronymo,

2199 3376 2219 3409 ι
2278 3357 2505 3415 Romam
2554 3362 2926 3422 ecclesiastica
2999 3368 3167 3420 traxit
3221 3368 3560 3434 necessitas,
3622 3388 3641 3422 ι
3704 3368 3781 3425 uti

2194 3451 2359 3505 etiam
2395 3452 2589 3507 scribit
2622 3451 2989 3524 Hieronymus
3018 3455 3073 3509 in
3098 3456 3287 3515 eadem
3325 3456 3445 3515 Vita
3470 3458 3531 3515 S.
3563 3459 3781 3523 Paula';

2193 3541 2397 3599 addens
2434 3542 2585 3613 quod
2616 3543 2731 3598 htec
2763 3562 2781 3596 ε
2825 3558 3018 3601 eorum
3062 3562 3293 3603 accensa
3333 3549 3655 3615 virtutibus.
3695 3568 3783 3620 per

2195 3642 2472 3689 momenta
2513 3636 2746 3706 patriam
2778 3637 3032 3694 deserere
3063 3640 3370 3710 cogitabat;
3415 3658 3527 3701 non
3560 3646 3786 3707 domus,

2194 3742 2303 3782 non
2325 3726 2643 3794 liberorum,
2667 3744 2777 3785 non
2806 3727 3046 3795 familiae,
3073 3746 3182 3787 non
3212 3733 3650 3802 possessionum,
3680 3751 3786 3792 non

2193 3819 2428 3890 alicujus
2458 3822 2537 3877 rei
2569 3836 2695 3891 quae
2726 3822 2795 3877 ad
2841 3814 3103 3881 saeculum
3139 3825 3374 3894 pertinet
3411 3843 3663 3896 memor;
3694 3844 3782 3889 $0-

2191 3911 2353 3982 laque
2383 3914 2429 3969 si
2456 3913 2565 3970 dici
2592 3922 2777 3984 potest
2801 3925 2858 3973 et
2884 3916 3229 3985 incomitata,
3266 3918 3332 3977 ad
3371 3935 3626 3979 eremum
3654 3922 3788 3977 Pan-

2192 4004 2369 4059 lorum
2420 4014 2583 4076 atque
2627 4008 2994 4067 Antoniorum
3039 4025 3264 4082 pergere
3304 4014 3579 4081 gestiebat
3616 4034 3631 4072 :
3663 4025 3788 4070 tan-

2192 4096 2425 4166 demque
2451 4108 2640 4155 exacta
2666 4099 2868 4167 hieme,
2910 4111 3097 4171 aperto
3128 4104 3289 4168 mari,
3325 4105 3690 4163 redeuntibus
3720 4106 3786 4162 ad

2191 4188 2453 4245 ecclesias
2486 4204 2617 4243 suas
2641 4191 2934 4261 episcopis,
2960 4202 3018 4248 et
3044 4193 3163 4263 ipsa
3196 4206 3321 4253 veto
3345 4211 3469 4253 cum
3497 4198 3583 4255 eis
3604 4214 3675 4256 ac
3688 4199 3787 4253 de-

2192 4279 2395 4339 siderio
2428 4280 2722 4351 navigavit.
2756 4301 2775 4335 ι
2814 4281 2950 4338 Tam
2980 4284 3170 4343 cﬂicax
3199 4288 3341 4357 apud
3374 4304 3496 4345 eam
3539 4290 3650 4347 fuit
3680 4291 3787 4348 ho-

510 4373 663 4436 citat,
716 4381 775 4425 ut
813 4372 963 4429 illius
1011 4388 1113 4429 nos
1157 4376 1505 4431 sermonibus
1550 4387 1606 4431 et
1653 4379 1830 4435 sensis
1867 4380 2084 4450 explere
2116 4393 2161 4448 Β
2192 4371 2350 4441 ερίίίδ
2375 4373 3186 4442 saHCliSSimiDiaconvcrsatin.

510 4460 848 4520 stndeamus.
888 4461 1085 4517 Coram
1120 4464 1287 4533 igitur
1320 4468 1607 4531 adeuntes,
1644 4485 1743 4539 par
1782 4480 1901 4526 erat
1939 4472 2082 4541 ejus,

510 4567 632 4621 quae
654 4552 708 4605 in
739 4560 789 4606 te
834 4552 1059 4622 perinde
1109 4563 1272 4623 atque
1324 4564 1377 4608 In
1424 4558 1690 4624 apostolis
1738 4569 1843 4625 est,
1897 4563 2088 4630 gratiae

507 4642 893 4697 communione
938 4641 1216 4711 perfundi.
1275 4642 1377 4699 Sed
1419 4659 1544 4700 cum
1590 4647 1692 4700 iter
1745 4649 1875 4706 illud
1925 4652 2086 4709 nobis

506 4734 754 4803 corporis
804 4734 1067 4804 agritudo
1093 4744 1149 4788 et
1181 4736 1414 4804 languor
1458 4736 1940 4797 intercluserit.....
1973 4744 2087 4812 pie-

508 4833 672 4880 tatem
701 4834 850 4881 tuam
884 4826 1233 4883 vehementer
1259 4841 1580 4893 exoramus,
1617 4840 1678 4889 ut
1707 4846 1896 4893 eorum
1928 4834 2086 4895 nobis

509 4917 946 4977 communionem
978 4932 1048 4973 ne
1086 4916 1353 4987 invideas,
1388 4934 1512 4989 quae
1538 4920 1592 4979 in
1620 4930 1671 4977 te
1704 4932 1835 4985 sunt
1878 4938 1909 4977 a
1961 4922 2085 4979 Sal-

510 5016 693 5071 vatore
716 5007 933 5063 collata.
968 5005 1180 5064 Etenim
1211 5021 1319 5061 non
1367 5022 1469 5063 nos
1512 5007 1617 5078 ipsi
1658 5009 1859 5077 solum,
1895 5011 1992 5066 sed
2031 5021 2087 5067 et

510 5100 747 5157 universi
780 5101 875 5168 qui
927 5098 1241 5164 audierunt,
1276 5112 1476 5155 novum
1508 5106 1560 5153 te
1596 5100 1905 5168 apostolum
1939 5116 2083 5172 prae-

508 5205 809 5259 conemque
852 5191 1205 5255 conﬁtentur,
1252 5204 1283 5247 a
1326 5188 1547 5245 Christo
1586 5192 1741 5248 nobis
1784 5193 1885 5250 hac
1924 5202 2085 5251 relate

510 5278 856 5349 productum,
887 5280 1036 5333 velut
1090 5280 1323 5334 alterum
1370 5280 1663 5348 quemdam
1706 5280 1992 5351 Joannem,
2025 5294 2085 5341 ut

508 5385 573 5425 ca
603 5369 923 5447 praeciperes
952 5386 1077 5440 quae
1108 5364 1375 5425 servanda
1410 5382 1540 5431 sunt
1575 5373 1662 5439 iis,
1706 5376 1800 5445 qui
1844 5377 1899 5432 in
1951 5378 2081 5435 illud

511 5458 656 5529 quod
713 5458 1049 5528 arripuimus
1099 5460 1391 5516 sanctioris
1447 5465 1568 5519 vita:
1631 5466 1966 5524 curriculum
2023 5485 2083 5525 se

511 5551 903 5608 eonrmiscriut.
943 5570 961 5605 ι

592 5642 676 5699 Η.
712 5640 780 5700 Ut
813 5653 993 5700 autem
1029 5643 1117 5700 illa
1157 5645 1484 5700 monasteria
1522 5645 1575 5700 in
1608 5646 1901 5717 (imit-syria
1946 5651 2081 5709 invi-

2788 4488 3017 4543 CAPUT
3062 4490 3147 4545 Ill.

2188 4574 2515 4633 Liberaliter
2550 4576 2844 4651 Epiphanii
2867 4596 2999 4651 erga
3044 4598 3301 4651 pauperes
3340 4602 3358 4637 :
3402 4597 3613 4641 mature
3646 4589 3787 4642 inter

2303 4663 2424 4707 sunt
2455 4661 2503 4701 et
2532 4647 2797 4703 Joannem
2833 4647 3382 4723 Hie‘rosolyn'tt'tanum
3402 4659 3659 4726 quorum.

2260 4738 2347 4793 l5.
2380 4737 2436 4792 Si
2466 4754 2573 4808 qua
2598 4739 2887 4796 fidesesset
2913 4743 3400 4815 pseudepigraphis
3434 4746 3491 4802 S.
3528 4747 3781 4819 Epipha-

2190 4828 2264 4882 nii
2287 4830 2460 4893 Actis,
2489 4830 2783 4884 dicendum
2813 4830 2970 4897 foret,
3007 4834 3321 4891 ordinatum
3361 4839 3532 4895 fuisse
3560 4842 3786 4910 episco-

2188 4934 2341 4989 pum,
2375 4928 2598 4990 propter
2628 4922 3020 4981 revelationem
3044 4926 3113 4981 de
3148 4942 3216 4982 eo
3246 4926 3447 4983 factam
3477 4929 3535 4985 S.
3564 4930 3783 5001 Pappo,

2185 5010 2442 5081 episcopo
2466 5010 2687 5083 Cytrite,
2712 5014 2903 5083 quinto
2933 5030 2963 5069 a
2989 5014 3266 5073 Salamina
3284 5020 3564 5087 milliario,
3600 5037 3786 5078 annn-

2187 5117 2308 5157 rum
2344 5105 2745 5176 quinquaginta
2780 5106 3098 5178 episcopatu
3130 5119 3186 5167 et
3223 5110 3593 5170 confessionis
3647 5129 3782 5170 ctum

2186 5192 2403 5251 Gelasio
2452 5193 2877 5254 Salaminiorum
2912 5200 3170 5271 episcopo
3209 5203 3374 5261 obitas
3413 5204 3589 5275 gloria
3640 5222 3785 5276 pra-

2186 5286 2421 5353 cellenti,
2454 5289 2542 5344 cui
2590 5291 2950 5361 metropolitas
3001 5295 3127 5352 novi
3171 5295 3613 5366 designationem
3662 5300 3785 5368 epi~

2186 5379 2335 5448 scopi
2357 5381 2535 5435 caeteri
2566 5383 2929 5451 provinciales
2956 5388 3371 5445 commiserant.
3395 5388 3471 5447 De
3496 5389 3553 5444 S.
3583 5388 3785 5461 Pappo

2187 5471 2402 5540 quidem
2435 5473 2573 5529 satis
2609 5485 2846 5539 constat,
2882 5492 3009 5533 eum
3040 5479 3204 5537 hodie
3239 5496 3461 5552 quoque
3486 5483 3637 5551 apud
3670 5483 3783 5554 Cy-

2188 5562 2335 5631 prios
2367 5563 2467 5617 coli
2506 5579 2603 5632 pro
2630 5575 2845 5633 sancto,
2892 5575 3002 5629 sub
3044 5571 3278 5642 ejusque
3318 5573 3540 5631 nomine
3583 5573 3786 5630 adhuc

2188 5669 2409 5719 manere
2440 5656 2563 5726 oppi
2590 5657 2696 5717 !um
2726 5660 2871 5729 quod
2900 5661 3019 5731 ejus
3046 5664 3175 5722 olim
3229 5664 3333 5722 fuit
3372 5666 3737 5736 episcopatus
3762 5681 3779 5719 :
