3866 6066
127 235 225 292 123

1132 238 1190 293 S.
1227 237 1567 330 EPII‘IIANil
1610 239 1792 296 ACTA
1835 240 2333 298 BOLLANDIANA.

3297 247 3390 301 r26

129 353 286 404 dieur
313 353 492 407 annui
543 354 732 410 cultus
777 353 951 410 adhuc
1003 355 1328 425 ignoramus
1375 367 1430 412 et
1468 367 1722 429 Optamus
1751 363 1797 418 Α
1827 359 2023 424 salvat,
2062 360 2292 417 alterum
2329 368 2532 424 autem,
2571 362 2697 430 quia
2735 369 2789 416 et
2833 361 2948 430 ipse
2975 376 3085 415 non
3123 363 3394 419 modicam

130 441 344 496 discere
372 459 390 496 :
421 443 491 497 de
539 443 764 505 Gelasio.
786 445 912 500 alibi
956 446 1089 500 nihil
1129 447 1390 516 legimus;
1440 463 1616 518 neque
1657 456 1715 502 ut

131 548 259 587 vere
292 531 734 590 Salaminiorum
775 538 1058 607 episcopus
1099 537 1286 604 fuerit,
1337 541 1386 595 ei
1435 539 1717 600 credimus

133 627 470 682 successisse
521 627 920 698 Epiphanium;
957 630 1050 686 sed
1085 633 1268 700 potius
1319 633 1575 698 Auxibio,
1621 633 1716 703 qui

134 715 277 770 inter
323 716 556 787 Cyprios
609 719 892 789 episcopos
938 721 1224 778 duodecim
1280 723 1495 793 (habuit
1535 734 1714 778 autem

137 805 315 860 insula
348 807 651 862 universim
685 811 1022 884 episcopales
1055 813 1214 870 sedes
1247 814 1582 888 quindecim)
1616 829 1718 869 no-

140 899 382 953 minatur
409 915 438 954 a
469 899 528 954 S.
565 902 866 958 Athanasio
890 905 1118 974 primus,
1149 922 1340 962 eorum
1366 907 1459 980 qui
1494 907 1719 979 synodi-

140 1007 255 1045 ram
285 992 632 1049 Sardicensis
662 996 879 1050 concilii
893 1013 1038 1051 anno
1058 998 1161 1054 547
1176 1000 1546 1070 subsignando
1566 1009 1719 1070 post-

141 1098 198 1135 ea
253 1084 662 1152 approbarunt;
696 1087 971 1148 antillius.
1017 1089 1062 1143 si
1092 1090 1232 1145 alius
1249 1093 1372 1159 quis
1389 1091 1715 1156 intercessit,

144 1175 465 1228 Successori.
508 1173 588 1230 Eo
625 1186 867 1245 tempore
884 1191 1130 1248 caeperat
1155 1181 1332 1235 insula
1365 1195 1485 1235 cmn
1535 1181 1594 1236 S.
1623 1180 1718 1234 Hi-

146 1265 355 1321 larione
389 1269 696 1322 monachos
723 1269 885 1322 etiam
915 1285 1080 1326 nosse
1106 1289 1120 1328 :
1148 1272 1406 1327 credibile
1435 1281 1616 1326 tamen
1637 1281 1721 1334 est

146 1356 208 1410 ab
225 1355 518 1425 Epiphanii
540 1357 887 1413 institutione
897 1368 948 1412 et
971 1374 1100 1414 cura
1127 1361 1380 1430 pleraque
1393 1375 1584 1416 eorum
1601 1375 1719 1415 mo-

150 1449 514 1501 nasteriorum
548 1460 724 1502 erecta
752 1448 1070 1518 directaque
1089 1451 1280 1513 fuisse,
1302 1467 1534 1520 quorum
1554 1466 1719 1520 supra

149 1540 530 1598 meminimus:
564 1539 700 1594 adeo
738 1549 799 1594 ut
833 1541 1026 1594 merito
1063 1542 1346 1612 scripserit
1383 1541 1722 1598 Sozomenus

151 1631 206 1684 de
235 1629 550 1700 Epiphanio
579 1632 674 1686 lib.
715 1647 924 1702 vt,cap.
962 1633 1052 1695 εξ,
1077 1635 1220 1702 quod
1258 1652 1276 1684 ‹
1323 1633 1376 1687 in
1419 1634 1720 1689 monastica

1832 451 1958 504 inde
1989 451 2292 506 mercedem
2330 451 2512 506 habet.
2542 453 2734 510 Attulit
2774 462 2954 506 autem
2989 453 3056 507 ad
3105 453 3400 507 credulita-

1825 550 1934 601 tem
1967 542 2120 595 verbi
2152 551 2208 596 et
2229 543 2603 598 testimonium
2627 558 2814 608 verax,
2839 544 2984 613 quod
3011 543 3154 598 circa
3191 543 3250 597 3.
3275 542 3403 613 Epi-

1830 632 2091 706 pbanium
2121 642 2176 688 et
2215 631 2480 709 Joannem
2539 636 2853 703 episcopum
2895 633 3400 706 Hierosolymorum

1830 723 2034 782 factum
2064 733 2151 781 est
2181 741 2194 779 :
2228 725 2506 794 quomodo
2537 723 2599 792 S.
2627 725 2961 794 Epiphanius
2987 742 3084 796 per
3108 736 3297 781 artem.
3310 736 3402 781 tu-

1827 815 1891 876 lit
1913 826 2194 884 argentum
2224 816 2572 885 patriarchae,
2602 815 2852 871 videlicet
2877 815 3106 872 Joannis
3129 817 3399 886 ejusdem,

1826 914 1880 959 et
1923 907 2073 960 dedit
2123 907 2430 970 egentibus.
2497 926 2514 956 ι
2572 906 2687 962 Alia
2751 915 2903 961 certe
2967 917 3083 962 arte
3145 909 3403 962 utebatur

1831 999 1887 1055 S.
1918 997 2157 1056 Joannes
2180 997 2678 1069 Eleemosynarius,
2731 997 2861 1052 dum
2904 997 3195 1053 identidem
3231 999 3402 1054 dona-

1828 1098 1912 1143 tas
1944 1089 2086 1144 ultro
2124 1089 2188 1143 ad
2231 1104 2362 1143 suos
2391 1105 2525 1144 usus
2563 1090 2644 1144 vel
2675 1089 2838 1148 etiam
2874 1088 3072 1158 petitas
3099 1099 3276 1144 vestes
3301 1106 3402 1144 ao-

1828 1197 1946 1245 vas,
1975 1181 2256 1236 vendendo
2285 1197 2350 1236 ac
2371 1181 2603 1250 pretium
2623 1182 3006 1239 distribuendo
3029 1182 3083 1234 in
3111 1197 3399 1252 pauperes.

1834 1292 1852 1322 ‹
1891 1273 2133 1326 suaviter
2165 1271 2321 1342 quasi
2356 1271 2720 1327 vindemiabat
2764 1272 3054 1341 opulentos
3085 1273 3334 1328 homines
3376 1293 3397 1325 ι

1828 1376 1956 1432 erga
1984 1377 2044 1417 se
2081 1361 2352 1416 beneﬁcos
2391 1379 2405 1415 :
2441 1377 2606 1430 quam
2653 1377 2761 1430 qua
2808 1376 2945 1416 usus
3000 1362 3225 1431 ﬁngitur
3270 1361 3401 1432 Epi-

1819 1453 2087 1523 phanius,
2123 1453 2218 1522 qui
2260 1461 2644 1523 argenteorum
2685 1468 2966 1516 vasorum,
3009 1454 3157 1510 velut
3193 1454 3258 1508 ad
3306 1455 3404 1508 ho-

1828 1546 2030 1615 spitum
2073 1544 2435 1615 quorumdam
2488 1544 2871 1598 tractationem
2919 1553 3111 1599 mutuo
3148 1555 3398 1616 accepto-

1831 1651 1973 1699 rum,
2017 1654 2037 1686 ι
2088 1634 2300 1705 pondus
2347 1633 2608 1690 librarum
2671 1634 2820 1694 mille
2871 1635 3324 1704 quingentarum,
3378 1655 3397 1687 ο

152 1720 430 1791 disciplina
467 1721 858 1775 celeberrimus
885 1722 1094 1780 exstitit
1114 1732 1168 1775 et
1197 1721 1466 1794 {Egyptiis
1493 1733 1547 1777 et
1569 1723 1731 1777 Pake-
1757 1719 1801 1780 Β
1833 1727 2006 1780 inscio
2036 1725 2260 1782 domino
2305 1724 2610 1782 vendiderit
2639 1725 3073 1794 erogaveritque,
3113 1742 3179 1783 ac
3213 1737 3402 1794 postea

154 1812 350 1874 stiuiis,
373 1821 429 1865 et
444 1811 677 1882 denique
693 1812 908 1883 Cypriis
934 1813 1076 1882 apud
1095 1829 1234 1882 quos
1248 1815 1453 1869 electus
1479 1823 1640 1869 estut
1671 1815 1725 1868 in

156 1904 436 1973 metropoli
487 1903 656 1958 t0tius
687 1904 878 1959 insulae
903 1904 1274 1975 episcopatum
1300 1906 1723 1962 administraret.

219 1993 307 2048 16.
349 1993 490 2048 Dum
519 1995 663 2050 hunc
695 2005 924 2066 gereret,
959 2013 978 2046 ι
1020 1996 1189 2050 multa
1221 1996 1298 2050 illi
1340 1997 1601 2052 miracula
1631 1997 1728 2051 tri-

157 2085 417 2148 buuntur,
444 2100 509 2138 ex
542 2085 742 2154 quibus
775 2086 904 2139 illud
938 2086 1002 2140 a.l
1033 2087 1284 2141 notitiam
1316 2097 1561 2142 nostram
1604 2103 1728 2157 pero

159 2179 315 2243 venit,
350 2197 368 2228 ι
412 2177 591 2246 inquit
618 2176 760 2232 idem
802 2176 1142 2233 Sozomenus
1183 2179 1278 2234 lib.
1320 2194 1420 2241 vn,
1468 2195 1588 2249 cap.
1634 2179 1727 2238 27.

163 2287 179 2318 ι
210 2268 346 2322 Cum
379 2268 622 2324 liberalis
654 2277 799 2324 esset
830 2283 956 2339 erga
984 2261 1273 2340 pauperes,
1322 2271 1414 2340 qui
1467 2272 1551 2324 vel
1592 2287 1729 2325 nau-

162 2359 322 2432 fragio
361 2362 448 2415 vel
476 2361 585 2415 alio
630 2361 889 2436 quopiam
933 2377 1066 2416 casu
1113 2361 1182 2416 ad
1229 2363 1466 2432 inopiam
1525 2363 1728 2418 redacti

160 2463 353 2520 essent,
394 2453 656 2524 quoniam
691 2451 978 2508 facultates
1012 2469 1141 2509 suas
1159 2454 1272 2525 jam
1299 2455 1505 2524 pridem
1540 2470 1729 2511 omnes

165 2545 555 2614 absumpserat,
604 2544 846 2599 ecclesiae
873 2545 1032 2602 bonis
1061 2545 1151 2599 ubi
1191 2561 1326 2615 opus
1369 2555 1486 2600 erat
1522 2548 1731 2616 prolixe

167 2651 284 2690 usus
314 2645 441 2690 est:
476 2645 594 2690 erat
629 2645 806 2692 autem
845 2637 1256 2708 opulentissima
1303 2637 1424 2706 ejus
1474 2638 1726 2698 ecclesia.

167 2725 303 2781 lfulti
330 2727 479 2782 enim
507 2743 572 2782 ex
605 2729 782 2782 variis
812 2729 1057 2798 partibus
1093 2729 1264 2796 orbis,
1309 2729 1400 2800 qui
1432 2745 1564 2799 opes
1599 2744 1732 2786 suas

167 2817 213 2870 in
241 2819 359 2888 pios
417 2835 551 2874 usus
600 2819 911 2886 impendere
957 2821 1267 2891 studebant,
1310 2830 1365 2875 et
1412 2823 1731 2894 superstites

169 2908 271 2975 eius
315 2911 566 2967 ecclesia:
590 2926 684 2966 eas
712 2893 1115 2980 impendebant,
1147 2922 1200 2965 et
1237 2893 1531 2970 morientes
1555 2913 1732 2971 eidem

171 3003 561 3073 relinquebant.
589 3002 945 3057 Contidebant
978 3005 1122 3058 enim
1172 3005 1344 3068 illum,
1403 3014 1590 3074 utpote
1641 3005 1733 3075 qui

173 3092 361 3160 probus
392 3093 738 3161 dispensator
769 3091 975 3162 Deique
1005 3095 1422 3150 amantissimus
1456 3108 1620 3164 esset,
1649 3111 1737 3150 res

173 3185 230 3237 ab
250 3184 380 3253 ipsis
415 3185 642 3240 donatas
677 3201 742 3238 cx
772 3185 1016 3256 ipsorum
1054 3187 1321 3242 sententia
1351 3203 1416 3242 ac
1454 3188 1733 3242 voluntate

175 3287 534 3347 erogaturum.
582 3277 831 3342 Quodam
889 3277 1056 3348 igitur
1101 3287 1342 3350 tempore
1387 3295 1510 3335 cum
1552 3295 1741 3350 pauca;

175 3369 455 3422 admodum
515 3368 761 3440 pecunia:
823 3379 1208 3438 superessent,
1280 3371 1434 3426 aiunt
1498 3372 1742 3427 ecclesia:

177 3474 513 3515 Oeconomum
573 3462 974 3523 suécensuisse,
1025 3477 1263 3532 eumque
1311 3471 1572 3536 tanquam
1612 3479 1742 3534 pro-

177 3551 349 3623 dignm
375 3553 790 3624 reprehendisse
816 3571 830 3606 :
860 3553 1012 3606 illum
1049 3569 1200 3617 vero,
1241 3571 1307 3609 ne
1347 3565 1459 3609 tum
1495 3557 1739 3626 quidem,

179 3643 237 3696 de
272 3644 436 3700 solita
492 3660 620 3715 erga
677 3660 941 3715 pauperes
998 3645 1371 3701 munificentia
1437 3648 1737 3704 remisisse.

180 3733 434 3791 Omnibus
469 3745 654 3790 autem
703 3737 1062 3806 consumptis,
1107 3747 1328 3807 repente
1377 3741 1566 3794 nescio
1617 3739 1743 3810 quis

183 3827 242 3881 ad
269 3828 602 3894 cubiculum,
658 3830 711 3883 iu
757 3843 867 3899 quo
918 3829 1148 3900 degebat
1199 3844 1543 3896 meouomus,
1587 3845 1744 3885 acce-

183 3921 330 3983 dens,
360 3937 579 3976 saccum
610 3922 664 3975 in
699 3937 808 3992 quo
840 3921 1012 3976 multi.
1036 3929 1194 3976 erant
1237 3921 1388 3975 aurei
1435 3921 1643 3974 nummi
1689 3920 1743 3974 in

186 4029 369 4069 manus
392 4017 440 4069 ei
473 4015 716 4069 tradidit.
751 4015 996 4084 Curaque
1032 4031 1130 4070 nec
1168 4015 1212 4070 is
1260 4014 1353 4084 qui
1393 4013 1616 4068 dederat
1647 4029 1746 4068 nec

190 4104 232 4159 is
262 4108 350 4175 qui
378 4107 602 4162 miserat
645 4117 981 4171 nosceretur,
1016 4107 1400 4176 videreturque
1440 4106 1634 4160 merito
1664 4106 1748 4159 in~

191 4201 359 4255 solens
389 4215 717 4270 quemquam
737 4200 790 4253 in
824 4208 973 4254 tanta
1007 4200 1248 4271 pecunia:
1274 4198 1560 4268 largitione
1580 4197 1747 4253 latere

190 4293 335 4357 velle,
351 4302 459 4348 tum
481 4309 609 4349 vero
630 4293 866 4373 universi
887 4293 937 4346 id
963 4291 1055 4347 Dei
1082 4307 1220 4361 opus
1243 4291 1708 4360 cssejudicarnnt.
1723 4309 1742 4342 ι

256 4386 338 4438 Π.
371 4385 442 4440 Ita
495 4383 867 4448 Sozomenus,
919 4391 1180 4451 tanquam
1243 4383 1348 4436 hoc
1406 4382 1749 4450 alterumque
1781 4397 1824 4454 ι)

197 4493 314 4532 mox
341 4477 732 4549 subjiciendum
753 4477 927 4530 solum
946 4471 1200 4530 distincte
1219 4475 1493 4544 cognitum
1511 4472 1750 4542 habens;

195 4570 408 4639 proinde
437 4571 574 4626 nihil
616 4571 796 4625 sciens
824 4569 890 4624 de
918 4567 1313 4623 commentitiis
1344 4565 1452 4620 illis
1494 4581 1558 4620 ac
1595 4581 1748 4620 men-

198 4661 488 4718 dacissimis
539 4661 714 4725 Actis,
751 4661 804 4714 in
853 4659 1054 4729 quibus
1087 4668 1200 4712 tum
1248 4657 1353 4711 alia
1403 4656 1571 4711 multa
1601 4655 1756 4710 valde

199 4753 480 4823 singularia
511 4741 883 4816 continentur,
909 4759 1021 4804 tum
1053 4750 1142 4803 illa
1185 4749 1302 4818 ipsa
1327 4747 1437 4802 duo
1463 4746 1621 4816 longe
1655 4745 1755 4800 ali-

198 4854 279 4898 ter
309 4854 620 4912 narrantur;
653 4843 801 4914 quod
833 4843 975 4898 idem
1028 4839 1296 4895 accidisse
1343 4824 1752 4894 videtur‘alteri

198 4933 257 4989 S.
295 4933 567 5010 Epiphanii
598 4935 766 4998 facto,
795 4933 953 5002 cuius
993 4932 1045 4986 in
1092 4930 1212 4984 Vita
1249 4927 1309 4985 S.
1346 4929 1572 4984 Joannis
1610 4927 1758 4982 Eleae

205 5027 499 5095 mosgnan‘i,
525 5041 557 5079 a
601 5023 767 5078 nobis
797 5022 923 5076 data
962 5021 1034 5075 25
1068 5019 1337 5083 Januarii,
1373 5017 1446 5072 ita
1506 5016 1758 5072 meminit

205 5133 403 5174 coaevus
425 5117 621 5173 Joanni
657 5115 934 5178 Leontius,
966 5113 1268 5182 Neapoleos
1290 5110 1452 5182 Cypri
1470 5111 1759 5182 episcopus

205 5208 391 5263 saeculo
409 5225 502 5276 vlt,
534 5225 590 5262 η.
624 5205 718 5269 55,
748 5219 998 5268 narrans,
1033 5203 1178 5273 quod
1212 5201 1528 5258 S.Joannes
1559 5220 1579 5253 ι
1613 5202 1761 5258 dice-

210 5301 298 5354 bat
324 5314 541 5370 semper,
579 5298 728 5370 quod
757 5305 952 5367 posset
1002 5297 1222 5366 aliquis,
1266 5294 1567 5349 intentione
1597 5293 1762 5348 dandi

216 5373 547 5459 pauperibus,
581 5387 895 5458 exspoliare
923 5385 1144 5450 divites,
1173 5393 1229 5440 et
1261 5384 1438 5454 ipsum
1469 5385 1636 5440 etiam
1667 5383 1764 5455 hy-

212 5482 547 5550 pocamisium
580 5481 655 5535 ab
695 5479 776 5535 eis
807 5478 1064 5533 benevole
1095 5476 1331 5541 auferre,
1370 5484 1424 5531 et
1450 5477 1686 5530 maxime
1716 5475 1760 5530 si

210 5578 336 5625 sunt
364 5571 518 5640 aliqui
547 5566 1014 5625 immisericordes
1053 5575 1106 5621 et
1145 5567 1314 5620 avari.
1363 5565 1480 5621 Duo
1519 5566 1664 5620 enim
1693 5579 1762 5620 ex

214 5659 311 5714 hoc
341 5658 585 5729 luctatur,
627 5672 797 5714 unum
829 5656 1045 5726 quidem
1092 5657 1220 5726 quia
1279 5656 1492 5711 animas
1542 5656 1762 5712 illorum

1831 1820 1883 1876 in
1923 1817 2162 1890 episcopi
2199 1816 2267 1874 de
2307 1815 2510 1889 injuria
2549 1816 2650 1870 sibi
2696 1815 2836 1875 facta
2887 1817 3168 1887 querentis
3205 1818 3403 1874 faciem

1829 1927 2128 1983 exspnens,
2164 1925 2288 1965 eum
2317 1907 2692 1966 excatcaverit.

1899 2005 1992 2068 18.
2033 2001 2166 2056 Tam
2189 2000 2336 2056 enim
2374 1997 2801 2060 circumstantia:
2849 2013 2928 2054 eae
2975 1997 3125 2058 falsae
3159 2015 3280 2055 esse
3321 2000 3409 2053 νε..

1831 2098 2048 2160 dentur,
2073 2112 2239 2166 quam
2271 2096 2414 2166 quod
2459 2095 2603 2154 idem
2643 2095 2908 2159 Joannes,
2945 2106 3166 2167 recepto
3211 2097 3408 2152 deinde

1833 2189 1898 2242 ad
1931 2202 2117 2257 preces
2151 2185 2437 2255 Epiphanii
2467 2186 2585 2242 visu
2634 2188 2798 2245 unius
2828 2187 3000 2244 solius
3038 2188 3204 2251 oculi,
3256 2206 3275 2239 ι
3312 2203 3408 2242 ca-

1837 2277 2073 2347 stigatus
2105 2285 2160 2330 et
2219 2275 2508 2330 convictus
2551 2291 2580 2330 a
2628 2276 2744 2330 viro
2783 2277 2935 2345 justo
2988 2275 3091 2336 fuit
3151 2277 3408 2346 deinceps

1833 2379 2056 2423 sanctus
2085 2369 2140 2422 in
2176 2367 2452 2422 omnibus.
2497 2385 2515 2418 ι
2553 2366 2668 2424 lloc
2697 2384 2832 2428 sane
2861 2368 2930 2426 de
2980 2383 3045 2424 eo
3084 2385 3196 2426 non
3236 2369 3412 2425 sensit

1835 2459 2192 2530 Epiphanius,
2238 2458 2458 2527 quando
2497 2459 2565 2513 ad
2622 2459 2896 2523 eumdem,
2950 2459 3018 2514 de
3060 2458 3410 2530 Origcniaois

1833 2548 2116 2606 erroribus
2152 2547 2296 2616 apud
2346 2563 2405 2602 se
2451 2558 2793 2619 suspectum,
2841 2558 2900 2606 et
2947 2551 3222 2611 immerito
3268 2551 3410 2607 indi—

1835 2648 2089 2718 gnantem
2121 2639 2251 2708 quia
2288 2637 2347 2694 S.
2376 2638 2696 2710 Hieronymi,
2730 2640 2978 2706 fratrem,
3021 2641 3402 2702 Paulinianum

1834 2731 2164 2790 monachum
2207 2731 2324 2803 ipse
2360 2731 2738 2803 presbyterum
2771 2733 3074 2799 ordinarat,
3119 2735 3407 2802 epistolam

1836 2823 2072 2894 scripsit,
2097 2838 2260 2893 quam
2293 2823 2362 2878 ab
2391 2823 2623 2892 ipsomet
2673 2822 2732 2878 S.
2777 2823 3105 2897 llieronymo
3147 2827 3409 2884 habemus

1836 2913 2132 2970 Latinitate
2159 2914 2440 2982 donatam,
2465 2914 2567 2969 hoc
2584 2915 2853 2986 principio
2882 2935 2897 2971 :
2928 2936 2946 2967 α
2973 2915 3268 2987 Oportebat
3286 2932 3411 2982 nos,

1839 3005 2208 3069 dilectissime,
2230 3005 2517 3061 clericatus
2540 3006 2746 3060 honore
2780 3024 2887 3062 non
2929 3009 3077 3063 abuti
3116 3008 3188 3062 ob
3224 3024 3416 3076 supcr-

1838 3095 2006 3161 biam,
2055 3096 2148 3152 sed
2196 3097 2443 3152 custodia
2488 3098 2870 3156 mandatorum
2920 3097 3010 3152 Dei
3059 3108 3112 3154 et
3152 3099 3416 3154 observa-

1839 3187 1988 3242 tione
2013 3186 2336 3256 dignissima
2386 3187 2490 3243 hoc
2529 3204 2651 3244 esse
2688 3189 2832 3259 quod
2875 3189 3180 3249 dicimur...
3218 3189 3414 3248 Audivi

1837 3280 1982 3335 enim
2022 3280 2168 3350 quod
2199 3290 2409 3336 tumeas
2431 3288 2622 3338 contra
2657 3295 2779 3345 nos,
2807 3291 2865 3336 et
2903 3280 3184 3344 irascaris,
3217 3289 3270 3338 et
3301 3280 3412 3336 mi-

1837 3372 2029 3428 niteris
2083 3373 2321 3428 scribere
2370 3373 2426 3429 in
2479 3383 2756 3428 extremos
2798 3372 2938 3428 lines
2994 3379 3217 3428 terr-.2...
3267 3368 3414 3426 Nibil

1839 3460 1937 3515 tibi
1961 3461 2266 3524 nocuimus,
2298 3461 2434 3517 nihil
2469 3461 2682 3531 injuria:
2710 3461 2962 3526 fecimus,
2994 3461 3128 3518 nihil
3155 3461 3416 3523 violenter

1839 3555 2187 3614 extorsimus.
2220 3553 2278 3610 ιιι
2305 3555 2636 3612 monasterio
2669 3553 2922 3620 fratrum,
2957 3564 3014 3609 et
3057 3554 3285 3614 fatrnm
3331 3569 3418 3622 pe-

1841 3645 2207 3715 regrinorum,
2251 3646 2344 3712 qui
2384 3647 2676 3716 provincia:
2723 3656 2830 3703 tute
2878 3647 3015 3700 nihil
3059 3647 3335 3708 deberent,
3364 3653 3420 3700 et

1841 3745 2058 3806 propter
2107 3745 2348 3790 nostram
2405 3738 2724 3806 parvitatem
2771 3747 2821 3790 et
2872 3737 3104 3802 litteras,
3154 3752 3292 3806 quas
3349 3735 3419 3791 ad

1842 3843 1937 3882 eos
1959 3828 2152 3883 crebro
2184 3829 2510 3890 direximus,
2549 3844 2616 3882 ne
2650 3828 2964 3882 viderentur
3001 3829 3236 3898 quadam
3258 3827 3419 3885 .duri~

1844 3918 1917 3972 tia
1946 3927 2000 3972 et
2029 3917 2361 3972 conscientia
2393 3925 2577 3970 nostra
2613 3916 2850 3987 antiquae
2890 3915 3015 3967 fidei
3063 3914 3132 3968 ab
3176 3912 3423 3966 Ecclesia

1847 4009 2112 4078 Separat'i,
2151 4008 2524 4064 ordinavimus
2547 4007 2860 4074 diaconum,
2893 4017 2944 4060 et
2980 4013 3269 4074 postquam
3316 4004 3424 4056 mia

1848 4098 2098 4154 nistravit
2130 4112 2321 4152 rursus
2354 4095 2731 4167 presbyterum
2764 4109 2967 4165 :super
3003 4107 3112 4164 quo
3152 4090 3428 4146 debueras

1848 4189 2139 4259 gratulari,
2196 4187 2500 4257 intelligens
2543 4183 2692 4254 quod
2752 4184 2823 4239 ob
2873 4182 2965 4238 Dei
3017 4183 3268 4236 timorem
3319 4181 3422 4236 hoc

1850 4295 2042 4334 sumus
2069 4277 2248 4332 facere
2270 4275 2656 4346 compulsi.....
3037 4275 3040 4277 λ

1924 4370 2014 4425 l9.
2048 4388 2065 4420 ι
2109 4370 2244 4423 Cum
2284 4368 2429 4423 enim
2469 4364 2726 4420 vidissem
2778 4362 2907 4434 quia
2955 4361 3247 4416 multitudo
3295 4377 3420 4416 san-

1854 4471 2068 4518 ctorum
2100 4457 2328 4513 fratrum
2371 4460 2424 4513 in
2465 4455 2803 4513 monasterio
2833 4455 3180 4519 consisteret,
3213 4462 3268 4506 rt
3297 4468 3424 4507 san-

1854 4551 1925 4607 cti
1971 4549 2272 4622 presbyteri
2306 4548 2669 4620 Hieronymus
2717 4562 2783 4601 ac
2828 4543 3166 4608 Vincentius,
3210 4550 3430 4613 propter

1856 4641 2241 4699 verecundiam
2271 4649 2326 4696 et
2357 4639 2741 4703 humilitatem,
2788 4635 2982 4690 nolens
3007 4633 3188 4688 debita
3220 4632 3426 4687 nomini

1858 4749 1960 4792 suo
1986 4748 2241 4789 exercere
2271 4731 2562 4798 sacrificia,
2607 4738 2662 4784 et
2710 4728 2959 4782 laborare
3011 4725 3065 4778 in
3123 4725 3225 4780 hac
3275 4735 3430 4792 parte

1859 4824 2148 4882 ministerii
2182 4838 2306 4894 qua:
2329 4821 2763 4876 Christianorum
2811 4817 3084 4888 prmcipua
3131 4815 3281 4870 salus
3314 4822 3396 4868 est
3413 4817 3438 4879 ;’

1859 4915 2104 4972 invenire
2126 4922 2305 4968 autem
2332 4919 2387 4964 et
2409 4907 2891 4978 comprehendere,
2925 4907 3018 4975 qui
3050 4915 3102 4960 te
3145 4905 3246 4974 (eo
3281 4903 3429 4973 quod

1860 5022 2024 5080 grave
2044 5020 2186 5060 onus
2216 5001 2504 5057 sacerdotii
2532 4999 2698 5053 nollet
2736 4997 3035 5065 suscipere)
3068 5011 3211 5064 saepe
3257 4994 3432 5063 fugie-

1862 5099 1974 5162 bat,
2004 5111 2104 5152 nec
2125 5093 2275 5149 alius
2304 5093 2429 5163 quis
2461 5091 2847 5161 episcoporum
2879 5087 3036 5142 facile
3075 5101 3201 5141 etnn
3234 5085 3434 5155 reperi-

1861 5203 1946 5246 ret
1975 5187 2145 5259 (unde
2168 5195 2221 5242 et
2252 5186 2388 5242 satis
2427 5183 2658 5238 miratus
2687 5195 2809 5235 sum
2844 5179 3120 5251 quomodo
3150 5178 3434 5247 dispensa-

1863 5282 2013 5337 tione
2037 5278 2128 5332 Dei
2169 5279 2235 5332 ad
2273 5291 2372 5332 nos
2395 5275 2606 5330 venerit
2653 5290 2777 5330 cum
2827 5271 3072 5328 diaconis
3121 5267 3435 5324 monasterii

1864 5388 1919 5434 et
1953 5375 2164 5431 ceteris
2190 5371 2474 5435 fratribus,
2516 5379 2578 5424 ut
2606 5369 2740 5423 mihi
2778 5365 3136 5432 satisfaceret,
3175 5366 3303 5433 quia
3348 5377 3434 5416 ne-

1865 5471 1981 5526 scio
2009 5466 2139 5538 quid
2167 5465 2429 5519 adversus
2457 5478 2554 5519 eos
2586 5461 2853 5517 habebam
2890 5457 3144 5522 tristitiaa)
3168 5471 3316 5518 cum,
3351 5453 3435 5506 iu-

1867 5575 2055 5632 quam,
2099 5540 2468 5612 celebrmétur
2506 5553 2730 5608 collecta
2766 5552 2818 5604 in
2859 5548 3088 5604 ecclesia
3130 5545 3270 5599 villa:
3315 5557 3435 5612 qua:

1868 5660 1949 5709 est
1983 5651 2136 5714 iuxta
2177 5644 2567 5702 monasterium
2608 5649 2896 5705 nostrum;
2935 5637 3275 5706 ignorantem
3311 5647 3438 5688 cum
3516 5707 3528 5719 .
