3972 6070
512 223 617 281 127

1541 225 1599 281 S.
1627 223 1976 281 EPIPIIANII
2005 222 2187 279 ACTA
2227 223 2727 281 BOLLANDIANA.

3670 220 3776 273 ΗΒ

511 354 569 401 et
594 342 798 399 nullam
831 345 1049 415 penitus
1095 344 1384 401 habentem
1419 346 1792 415 suspicionem
1827 362 1921 415 per
1948 346 2089 399 mnl-
2120 350 2166 407 Α
2199 345 2523 417 indignatio,
2554 364 2653 402 nec
2677 347 2879 401 frustra
2922 346 3194 401 movearis
3229 364 3241 398 :
3280 353 3335 398 ct
3382 342 3528 397 aliud
3584 339 3781 396 dolens

512 445 599 491 tos
620 435 883 492 diaconos
904 439 1236 507 apprehendi
1261 439 1555 508 jussimus,
1578 446 1631 491 ct
1659 439 1828 492 teneri
1855 453 1917 493 os
1947 438 2088 506 ejus,

514 544 582 581 ne
608 525 746 583 forte
769 529 989 586 liberari
1033 548 1091 588 se
1128 532 1358 600 cupiens
1404 530 1685 600 adjuraret
1731 547 1832 585 nos
1870 547 1961 600 per
2001 547 2097 584 no-

517 633 641 673 men
672 619 877 674 Christi
915 638 929 675 :
982 631 1035 675 et
1084 623 1320 692 primum
1370 623 1660 678 diaconum
1698 623 2093 686 ordinavimus,

514 726 885 779 proponentes
915 714 963 767 ei
1006 713 1259 769 timorem
1297 715 1390 770 Dei
1431 733 1444 769 :
1476 715 1633 770 valde
1662 716 1862 785 quippe
1890 714 2099 769 obnite-

516 802 698 868 batur,
732 803 1011 876 indignum
1040 822 1100 862 se
1131 824 1250 862 esse
1277 817 1612 863 contestans.
1648 805 1747 860 Vix
1788 821 1919 877 ergo
1945 820 2097 860 com—

519 893 758 972 polimus
789 910 914 949 eum
940 907 1017 971 let
1054 898 1386 967 persuadere
1434 900 1715 968 potuimus
1768 896 2098 952 testimoniis

519 982 928 1053 Scripturarum
972 997 1024 1041 et
1062 989 1441 1043 mandatorum
1489 988 1605 1042 Dei.
1654 978 1720 1042 Et
1763 1003 1886 1042 cum
1934 986 2099 1041 mini-

515 1083 718 1129 straret
758 1075 811 1129 in
863 1078 1069 1133 sanctis
1095 1078 1400 1141 sacrificiis,
1449 1094 1643 1133 rursus
1693 1094 1842 1143 eum,
1893 1075 2097 1147 ingenti

514 1165 832 1222 difficultate
868 1177 1018 1222 tento
1064 1184 1159 1223 ore
1196 1169 1336 1238 ejus,
1386 1170 1766 1224 ordinavimus
1814 1169 2099 1239 presbyte-

519 1272 665 1321 rum,
698 1269 753 1313 et
784 1260 974 1315 iisdem
1010 1261 1209 1326 verbis,
1260 1262 1461 1331 quibus
1510 1272 1670 1317 antea
1718 1265 2102 1328 suaseramus,‘

517 1349 923 1417 impulimusut
976 1352 1190 1405 sederet
1245 1352 1298 1406 in
1346 1352 1537 1407 ordine
1593 1352 1911 1424 presbyteri.
1971 1351 2102 1406 Post

516 1439 631 1494 haec
689 1442 1013 1510 scripsimus
1068 1445 1134 1497 ad
1202 1453 1423 1499 sanctos
1491 1446 1842 1515 presbyteros
1910 1460 2102 1499 mona-

515 1534 665 1586 sterii
691 1542 745 1586 ct
774 1543 1000 1590 c:eteros
1026 1534 1243 1600 fratres,
1261 1546 1315 1591 et
1345 1538 1747 1606 increpavimns
1773 1553 1890 1603 eos,
1928 1553 2099 1608 quare

515 1639 624 1678 non
650 1627 1004 1694 scripsissent
1029 1643 1194 1696 super
1219 1644 1285 1683 eo
1328 1631 1472 1700 (eum
1502 1639 1627 1683 ante
1659 1646 1861 1683 annum
1900 1630 2099 1684 multos

2202 454 2306 491 non
2343 448 2394 492 te
2422 452 2602 492 vertas
2625 441 2690 493 a.l
2728 440 2855 503 alia,
2908 448 2965 492 ut
3004 438 3260 508 peccandi
3306 436 3649 490 occasionem
3696 433 3782 485 in-

2201 530 2417 585 venisse
2440 530 2693 596 videaris,
2731 530 2874 599 quod
2904 529 3176 600 Propheta
3202 529 3452 581 devitans
3484 525 3776 577 Dominum

2202 631 2476 691 precatur,
2510 623 2739 677 dicens:
2778 621 2903 675 Non
2941 621 3165 675 declines
3192 637 3281 674 cor
3302 635 3471 671 meum
3516 617 3570 669 in
3624 615 3781 669 verba

2201 710 2423 765 malitia:
2496 712 2564 764 ad
2622 712 2949 765 excusandas
3010 711 3372 764 excusationes
3433 708 3489 759 in
3551 704 3781 774 peccatis

2200 802 2377 873 (Psal.
2408 818 2532 869 cu,
2559 802 2636 873 4).
2664 823 2682 851 ι
2717 801 2922 874 Nempe
2952 803 3167 856 dolebat
3197 799 3485 858 Joannem,
3513 796 3656 866 quod
3683 812 3783 864 pro

2211 893 2557 966 Origenianze
2592 895 2813 950 liazrcsis
2860 895 3177 950 defensione
3209 891 3404 946 fuisset
3445 890 3514 944 ab
3549 887 3781 957 Epipha-

2202 988 2295 1043 nio
2325 1000 2648 1057 correptus;
2681 998 2734 1042 et
2766 1003 2828 1043 ea
2865 988 2931 1042 dc
2956 1002 3118 1041 causa
3150 985 3477 1039 dissidentes
3505 981 3573 1033 ah
3594 996 3661 1033 eo
3689 977 3783 1046 qui

2203 1078 2540 1149 Hieronymo
2583 1080 2934 1135 adluereliant
2984 1077 3303 1143 monachos,
3339 1076 3453 1144 ipse
3509 1073 3626 1128 suis
3670 1070 3787 1139 epi-

2204 1170 2362 1225 stolis
2395 1171 2729 1240 monitisque
2770 1170 3055 1224 roboraret
3095 1168 3161 1222 ad
3198 1165 3566 1220 constantiam
3600 1165 3654 1215 in
3696 1179 3784 1214 re-

2203 1263 2482 1334 pudiando
2541 1264 2822 1334 Origene;
2883 1276 3055 1331 eaque
3123 1259 3189 1314 de
3252 1272 3420 1314 causa
3482 1263 3708 1309 vexatos
3755 1268 3786 1306 a

2204 1354 2415 1409 Joanne
2456 1355 2837 1410 consolaretur
2868 1344 3286 1422 atquejuvaret.

2274 1448 2364 1501 2!.
2389 1444 2456 1500 Et
2488 1449 2591 1501 hoc
2615 1457 2718 1511 est,
2748 1463 2858 1516 quo
2892 1445 3091 1517 stylum
3135 1443 3296 1497 vertit
3328 1438 3685 1510 Epiphanius,
3714 1436 3786 1488 ita

2205 1553 2544 1610 prosequens
2574 1546 2809 1606 emptam
2841 1535 3129 1605 epistolam
3170 1551 3184 1585 :
3216 1549 3233 1582 ι
3275 1530 3406 1583 Illud
3435 1542 3657 1599 quoque
3687 1540 3788 1576 au-

2206 1629 2364 1684 diens
2415 1629 2714 1682 admiratus
2760 1642 2905 1691 sum,
2956 1624 3099 1695 quod
3159 1622 3405 1705 quidam,
3463 1619 3557 1688 qui
3612 1617 3790 1672 solent

516 1732 708 1770 eorum
750 1718 907 1787 queri
943 1719 1244 1784 audissem,
1284 1736 1384 1775 cur
1421 1737 1528 1774 non
1575 1721 1837 1775 haberent
1868 1721 1960 1790 qui
1994 1721 2097 1775 sibi
2136 1700 2177 1755 Β
2210 1724 2354 1778 ultro
2380 1725 2627 1792 citroque
2666 1731 2886 1793 portare
2918 1700 3282 1777 rumusculos,
3328 1725 3381 1769 et
3412 1704 3498 1767 his
3524 1726 3647 1781 quae
3691 1725 3789 1762 au-

518 1806 735 1862 Domini
760 1822 1104 1864 sacramenta
1140 1813 1492 1876 conficerent,
1521 1820 1575 1865 et
1605 1812 1758 1867 illum
1782 1828 1973 1867 omnes
1998 1827 2101 1868 suo

518 1912 807 1969 poscerent
863 1902 1212 1969 testimonio,
1275 1912 1329 1958 et
1379 1904 1638 1974 gramlem
1698 1904 1989 1959 utilitatem
2045 1904 2098 1958 in

454 2038 469 2047 ,
517 1990 795 2043 communi
841 1992 1163 2046 monasterii
1207 1993 1561 2065 testarentur)
1608 2009 1800 2064 quare,
1852 1994 2096 2063 inquam,

519 2093 649 2137 tunc
679 2095 891 2151 reperta
927 2085 1333 2153 opportunitate
1374 2100 1481 2139 non
1519 2086 1872 2155 scripsissent
1916 2086 2097 2150 nobis,

519 2190 695 2245 neque
724 2191 890 2246 super
919 2177 1262 2231 ordinatione
1287 2178 1409 2247 ejus
1438 2177 1644 2248 aliquid
1698 2178 2096 2246 poposcissent.

517 2267 643 2324 Haec
666 2270 736 2323 ita
778 2281 897 2324 acta
951 2278 1099 2335 sunt,
1151 2277 1211 2324 ut
1261 2270 1473 2324 locutus
1528 2286 1680 2333 smn,
1726 2271 1779 2324 in
1836 2270 2100 2325 charitate

515 2360 743 2427 Christi,
769 2378 932 2430 quam
966 2375 1016 2415 te
1031 2377 1156 2430 erga
1186 2362 1511 2431 parvitatem
1545 2378 1721 2416 meam
1753 2362 1955 2418 habere
1983 2376 2102 2418 cre-

516 2453 710 2508 debam
739 2473 752 2507 :
783 2469 1105 2522 quanquam
1141 2454 1194 2507 in
1234 2454 1570 2508 monasterio
1623 2454 2014 2518 ordinaverim,
2046 2464 2101 2509 et

517 2559 627 2599 non
662 2542 715 2596 in
743 2543 999 2613 parochia
1032 2559 1155 2613 qua:
1180 2545 1274 2597 tibi
1308 2545 1551 2613 subjecta
1584 2544 1768 2598 sit.....
1805 2543 1945 2610 Quid
1970 2560 2100 2613 ergo

518 2638 615 2692 tibi
654 2638 828 2692 visum
867 2647 952 2692 est
992 2638 1071 2692 sic
1118 2639 1356 2707 graviter
1409 2639 1774 2692 intumescere
1819 2647 1872 2691 et
1904 2636 2099 2707 jactari

519 2741 710 2786 contra
750 2748 850 2785 nos
884 2747 981 2800 pro
1012 2746 1177 2800 opere
1218 2728 1335 2791 Dei,
1367 2730 1511 2798 quod
1561 2729 1613 2782 in
1658 2729 2096 2799 aedificationem,

518 2836 703 2880 etnon
736 2826 788 2878 in
815 2826 1243 2879 destructionem
1274 2823 1502 2877 fratrum
1537 2821 1738 2877 factum
1767 2824 1887 2878 est?
1934 2842 1952 2875 ι

591 2919 686 2973 9.0.
729 2916 1007 2971 Hactenus
1044 2913 1409 2984 Epiphanius,
1454 2913 1589 2982 ipsis
1628 2912 1714 2967 his
1750 2913 1931 2968 verbis
1968 2913 2101 2968 satis

519 3008 931 3075 indicans,jam
974 3016 1087 3060 tum
1122 3016 1398 3074 receptum
1448 3005 1501 3058 in
1534 3003 1776 3059 Ecclesia
1819 3005 2010 3068 fuisse,
2043 3015 2102 3059 ut

522 3103 852 3162 monasteria
890 3103 1080 3155 saltem
1114 3100 1295 3169 aliqua
1341 3098 1524 3168 (quale
1553 3108 1671 3151 erat
1705 3100 2098 3153 monasterium

520 3196 578 3251 S.
614 3192 899 3265 Ep‘phanii
928 3210 946 3242 t
981 3191 1132 3260 juxta
1164 3189 1533 3243 Bcsahduccm
1561 3189 1763 3251 \iClltll,
1797 3188 1848 3240 in
1882 3190 2103 3241 territo—

518 3290 603 3343 rio
641 3283 1205 3353 Eleutheropolitano,
1238 3302 1255 3333 ι
1291 3281 1436 3351 quod
1479 3281 1547 3333 ab
1584 3280 1766 3348 inopia
1813 3296 2102 3350 aquarum,

526 3403 544 3433 ι
588 3378 933 3451 Spanydrion
961 3396 978 3426 ι
1003 3374 1330 3443 appellatum
1365 3373 1558 3428 scribit
1591 3372 2064 3445 pseurlo-annnes
2089 3414 2104 3439 ,

522 3474 611 3527 ubi
635 3468 1075 3530 factaordinatio,
1106 3474 1157 3519 et
1182 3468 1411 3519 alterum
1448 3484 1464 3515 ι
1512 3465 1920 3535 peregrinorum
1947 3484 1966 3518 ι
1992 3481 2109 3520 mo-

527 3565 829 3618 nachorum
866 3563 919 3615 in
962 3557 1465 3623 Bethleliem,uude
1482 3555 1838 3611 l’aulinianus
1868 3557 1934 3611 ad
1977 3555 2107 3625 Epi~

522 3658 785 3727 phanium
814 3655 1058 3719 venerat)
1097 3657 1346 3719 exempta
1383 3657 1738 3703 censerentur
1785 3654 1855 3701 ah
1888 3647 2109 3701 ordina—

523 3751 591 3806 rii
620 3747 1004 3818 jurisdictione
1041 3764 1052 3799 :
1089 3746 1162 3798 ita
1188 3752 1248 3797 ut
1282 3743 1597 3814 quicunque
1623 3745 1921 3814 episcOpus
1959 3745 2013 3799 in
2039 3745 2107 3800 iis

523 3850 730 3912 posset,
761 3840 805 3894 si
852 3848 1155 3908 rogaretur,
1199 3835 1333 3905 ipsis
1390 3836 1677 3891 monachis
1729 3851 1919 3892 sacros
1971 3852 2107 3892 con-

523 3934 663 3988 ferre
690 3932 930 3987 ordines.
971 3929 1152 4000 Pergit
1179 3944 1345 3998 porro
1374 3926 1717 3996 Epiphanius
1750 3944 2013 3985 excusare
2047 3946 2108 3985 se

522 4026 715 4082 Joanni
784 4025 869 4080 his
922 4022 1102 4077 verbis
1156 4040 1169 4075 :
1219 4041 1236 4071 ι
1286 4020 1393 4075 Sed
1455 4029 1509 4075 et
1563 4021 1697 4075 illud
1759 4022 2109 4077 vehementer

523 4120 827 4174 admiratus
879 4132 1000 4171 sum
1051 4114 1199 4185 qttod
1260 4113 1398 4167 meis
1458 4113 1673 4168 loeutus
1728 4128 1788 4168 es
1850 4115 2107 4182 clericis;

525 4227 776 4267 asserens
806 4220 858 4263 te
897 4224 991 4278 per
1047 4216 1298 4262 sanctum
1342 4206 1717 4277 presbyterum
1766 4216 1820 4260 et
1858 4206 2107 4261 abbatem

524 4305 918 4359 monachorum
944 4300 1266 4367 Gregorium
1302 4299 1594 4352 mandasse
1627 4298 1781 4363 mihi,
1814 4314 1882 4353 ne
1915 4315 2109 4368 quem-

2206 1810 2670 1889 dierunt’semper
2707 1817 2927 1882 addere,
2979 1825 3037 1868 ut
3070 1813 3324 1868 tristitias
3356 1819 3411 1865 et
3453 1808 3600 1861 rixas
3650 1805 3790 1858 inter

2208 1909 2405 1964 fratres
2437 1898 2735 1972 concitent,
2776 1919 2828 1963 te
2865 1921 3085 1977 quoque
3132 1904 3489 1958 turbaverunt
3533 1910 3585 1951 et
3637 1895 3793 1949 dixe-

2208 2010 2358 2068 runt,
2395 2000 2539 2071 quod
2572 2001 2623 2055 in
2655 2001 2930 2063 oratione,
2967 1997 3187 2068 quando
3211 1994 3494 2049 offerimus
3521 1988 3791 2044 sacrificia

2209 2089 2342 2157 Deo,
2408 2090 2684 2145 soleamus
2739 2106 2837 2160 pro
2903 2098 2953 2143 te
3009 2088 3212 2151 dicere,
3266 2083 3527 2147 Domine,
3592 2087 3793 2150 praesta

2207 2181 2407 2238 Joanni
2443 2191 2501 2236 ut
2537 2194 2679 2237 recte
2721 2182 2927 2237 credat.
2961 2179 3081 2233 Noli
3121 2194 3221 2233 nos
3266 2177 3317 2231 in
3354 2185 3564 2230 tantum
3600 2182 3795 2242 putare

2206 2276 2466 2341 rusticos,
2522 2284 2581 2329 ut
2635 2276 2740 2330 hoc
2792 2286 2903 2328 tam
2958 2281 3145 2341 aperte
3196 2271 3377 2325 dicere
3423 2265 3790 2338 potuerimus.

2209 2369 2533 2438 Quanquam
2565 2369 2711 2421 enim
2744 2366 2849 2421 hoc
2879 2365 2931 2419 in
2974 2364 3140 2419 corde
3182 2377 3304 2417 meo
3340 2374 3557 2429 semper
3602 2372 3790 2421 orem;

2211 2471 2415 2526 tamen,
2459 2470 2519 2517 ut
2571 2460 2891 2530 simpliciter
2932 2458 3124 2523 fatear,
3168 2468 3448 2524 nunquam
3495 2452 3549 2505 in
3582 2451 3793 2503 alienas

2211 2569 2373 2610 aures
2398 2554 2624 2624 protuli,
2659 2569 2726 2607 ne
2756 2562 2807 2607 te
2840 2538 3054 2607 viderer
3082 2549 3232 2618 parvi
3268 2547 3520 2618 pendere,
3555 2543 3793 2598 dilectis-

2210 2646 2367 2701 sime.
2422 2644 2655 2712 Quando
2693 2654 2872 2700 autem
2918 2640 3311 2713 complerimus
3350 2637 3682 2703 orationem,
3708 2651 3793 2691 se-

2208 2738 2447 2793 cundum
2481 2737 2644 2791 ritum
2675 2736 3083 2808 mysteriorum,
3115 2744 3169 2789 et
3211 2747 3309 2803 pro
3330 2730 3587 2785 aniiiibus
3618 2739 3676 2782 et
3696 2744 3792 2798 pro

2208 2837 2260 2884 te
2285 2844 2505 2899 quoque
2534 2828 2794 2890 dicimus,
2821 2826 3045 2881 Custodi
3096 2824 3245 2877 illum
3279 2823 3373 2892 qui
3406 2819 3670 2899 praedicat
3704 2834 3793 2870 ve-

2208 2896 2455 2986 ritateni;
2492 2919 2572 2974 vel
2602 2930 2771 2985 certe,
2803 2916 2884 2971 Tu
2924 2925 3139 2988 praesta,
3186 2896 3433 2975 Domine',
3471 2920 3525 2965 et
3551 2908 3793 2972 custodi,

2208 3023 2269 3071 ut
2308 3012 2397 3066 ille
2441 3011 2667 3066 verbum
2727 3009 2985 3081 praadicet
3046 3007 3288 3062 veritatis
3316 3010 3347 3060 ":
3384 3005 3524 3059 sicut
3571 3003 3795 3059 occasio

2205 3103 2475 3158 sermonis
2508 3120 2568 3158 se
2593 3103 2795 3169 tulerit,
2831 3111 2884 3156 et
2941 3100 3193 3154 habuerit
3230 3098 3405 3153 oratio
3446 3112 3793 3167 consequen-

2207 3195 2359 3249 tiam.
2435 3193 2777 3264 Quaproptcr
2829 3194 3057 3248 obsecro
3131 3203 3200 3257 te,
3280 3190 3661 3253 dilectissime,
3745 3195 3797 3240 et

2204 3285 2498 3340 advolutus
2532 3285 2767 3356 pedibus
2795 3284 2903 3339 tuis
2946 3298 3163 3353 precor,
3192 3294 3387 3352 praesta
3432 3278 3563 3332 mihi
3591 3288 3651 3331 et
3677 3278 3795 3340 tibi,

2208 3386 2267 3431 ut
2291 3377 2546 3444 salveris,
2578 3378 2741 3433 sicuti
2772 3377 3036 3445 scriptum
3070 3385 3174 3438 est,
3215 3390 3244 3426 a
3284 3371 3637 3441 generatione
3675 3385 3794 3439 νεν-

2186 3446 2363 3524 ‘versa
2395 3469 2612 3542 (Matth.
2648 3485 2782 3535 xvii,
2815 3468 2921 3540 l6),
2956 3478 3012 3523 et
3042 3465 3232 3522 recede
3263 3467 3331 3519 ab
3364 3463 3555 3519 han-esi
3599 3462 3794 3533 Orige-

2208 3563 2291 3616 nis
2336 3571 2391 3617 et
2439 3580 2467 3615 a
2521 3562 2733 3618 cunctis
2785 3561 3125 3622 haeresibus,
3186 3558 3560 3612 dilectissime.
3626 3554 3797 3609 Video

2207 3656 2350 3710 enim
2383 3655 2527 3725 quod
2562 3664 2783 3724 propter
2815 3655 2954 3710 hanc
2976 3668 3196 3707 causam
3230 3650 3410 3705 omnis
3436 3658 3615 3703 vestra
3659 3647 3798 3701 indi-

2208 3747 2393 3816 gnatio
2446 3748 2720 3802 concitata
2762 3746 2852 3808 sit,
2906 3746 3053 3816 quod
3106 3745 3408 3798 dixerimus
3454 3741 3637 3806 vobis,
3683 3739 3795 3792 Arii

2209 3849 2439 3909 patrem,
2471 3838 2758 3910 Origcnem
2789 3840 3020 3903 scilicet,
3056 3847 3110 3892 et
3136 3837 3367 3891 aliarum
3395 3832 3679 3890 haereseon
3710 3849 3795 3886 ra-

2209 3938 2385 3992 dicem
2426 3950 2480 3993 et
2528 3949 2808 4008 parentem
2858 3937 3083 3991 laudare
3128 3953 3234 3990 non
3281 3934 3512 3990 debetis.
3547 3932 3612 3986 Et
3673 3948 3792 3987 cum

2211 4046 2307 4084 vos
2334 4046 2550 4085 orarem
2579 4046 2647 4084 nc
2684 4030 2759 4084 ita
2788 4029 3070 4095 erraretis,
3111 4038 3187 4099 et“
3211 4042 3488 4081 monerem
3519 4043 3534 4090 ;
3574 4034 3798 4079 contra-

2209 4121 2451 4185 dixistis,
2480 4133 2537 4176 et
2570 4137 2655 4176 me
2686 4122 2755 4177 ad
2785 4121 3063 4177 tristitiam
3100 4133 3263 4192 atque
3294 4121 3359 4175 ad
3392 4122 3669 4190 lacrymas
3700 4116 3796 4171 ad-

2210 4212 2465 4277 duxistis,
2508 4229 2617 4267 non
2650 4213 2826 4268 solum
2863 4221 3043 4267 autem
3084 4228 3190 4279 me,
3229 4212 3323 4267 sed
3365 4220 3420 4265 et
3440 4210 3576 4265 alios
3622 4209 3797 4279 pluri-

2213 4318 2331 4358 mos
2360 4304 2661 4360 catholicos
2708 4304 2803 4374 qui
2856 4304 3172 4359 intererant.
3219 4303 3349 4358 Inde
3398 4312 3458 4358 ut
3527 4303 3792 4370 intelligo,

523 4413 689 4467 quam
748 4395 1097 4457 ordinat-cm;
1153 4402 1206 4447 et
1253 4407 1354 4461 ego
1397 4393 1671 4460 pollicitus
1715 4392 1815 4447 sim
1882 4390 2103 4455 dicens;
2138 4416 2180 4470 ο
2211 4393 2326 4448 ha'c
2345 4400 2430 4447 cst
2461 4395 2641 4449 omnis
2673 4393 2976 4465 indignatio
3030 4400 3085 4448 et
3126 4394 3228 4448 istc
3262 4390 3418 4447 furor
3453 4402 3548 4447 :et
3587 4392 3793 4446 idcirco

523 4488 780 4559 Nunquid
813 4485 1031 4557 juvenis
1077 4501 1198 4540 sum
1249 4493 1344 4538 aut
1396 4500 1635 4540 canones
1686 4484 1917 4555 ignoro?
1961 4484 2104 4540 Audi

528 4582 690 4651 igitur
723 4581 1003 4635 veritatem
1032 4576 1084 4630 iu
1134 4592 1387 4632 sermone
1432 4577 1550 4638 Dei,
1591 4592 1677 4630 me
1727 4593 1826 4631 nec
1869 4576 1973 4632 hoc
2003 4593 2105 4631 au-

526 4675 695 4741 disse,
731 4689 830 4727 nec
857 4686 1040 4734 nosse,
1092 4687 1191 4724 nec
1224 4669 1383 4723 istius
1423 4668 1695 4724 sermonis
1749 4668 1970 4737 penitus
2017 4686 2104 4724 re-

524 4766 763 4824 cordari.
802 4764 1124 4834 Suspicatus
1163 4779 1283 4817 sum
1330 4778 1398 4816 ne
1444 4760 1674 4815 forsitan
1716 4760 1858 4816 inter
1911 4762 2106 4829 multa,

526 4860 685 4931 quasi
733 4860 922 4923 homo,
969 4856 1172 4911 oblitus
1226 4871 1438 4919 essem;
1487 4866 1540 4910 rt
1581 4857 1651 4911 ob
1697 4857 1837 4911 hanc
1883 4872 2105 4913 causam

527 4960 775 5007 sanctum
822 4948 1144 5018 Gregorium
1196 4948 1506 5002 sciscitatus
1540 4963 1685 5013 sum,
1734 4956 1789 5001 et
1828 4945 2104 5002 Zenonem

528 5044 781 5114 presbyte
816 5058 905 5095 um
934 5040 1028 5110 qui
1058 5022 1182 5093 cum
1203 5054 1268 5092 eo
1302 5047 1405 5092 est.
1452 5037 1491 5089 Ε
1530 5039 1733 5107 quibus
1763 5037 1934 5092 abbas
1965 5037 2101 5093 Gre-

529 5136 718 5203 gorius
746 5133 1049 5202 respondit,
1082 5147 1140 5186 se
1184 5134 1287 5186 hoc
1337 5129 1553 5198 penitus
1597 5131 1872 5197 ignorare.
1919 5129 2104 5184 Zenon

530 5238 710 5282 autem
741 5227 897 5287 dixit,
927 5224 1053 5293 quia
1081 5240 1204 5277 cum
1237 5222 1284 5276 ei
1322 5221 1603 5291 presbyter
1640 5219 1886 5274 Bullinus
1922 5222 2106 5276 nescio

527 5334 644 5388 qute
674 5317 781 5371 alia
828 5316 1141 5369 transitorie
1164 5314 1500 5383 loqueretur,
1526 5313 1688 5366 etiam
1725 5313 1827 5368 hoc
1854 5312 2057 5368 dixerit
2087 5332 2102 5368 :

528 5409 765 5465 Putasne
792 5407 1006 5477 aliquos
1030 5406 1383 5462 ordinaturus
1410 5415 1493 5459 est
1523 5414 1746 5460 sanctus
1770 5405 2106 5476 episcopus?

528 5513 583 5557 et
617 5500 845 5571 hujusce
874 5499 1087 5554 stetisse
1113 5512 1422 5554 sermonem
1460 5516 1472 5551 :
1516 5515 1616 5567 ego
1659 5505 1841 5551 autem
1866 5492 2103 5567 Epipha-

530 5594 656 5650 nius
696 5610 794 5649 nec
833 5591 1015 5648 audivi
1071 5590 1391 5662 quidquam,
1447 5606 1548 5645 nec
1594 5589 1869 5659 respondi.
1928 5588 2100 5654 Unde,

542 5685 917 5755 dilectissime,
962 5701 1068 5742 non
1102 5693 1153 5741 te
1191 5682 1483 5755 praeveniat
1514 5681 1688 5749 furor,
1735 5697 1834 5738 nec
1878 5690 2102 5751 occupet

2212 4484 2625 4540 eoruminamini
2648 4485 2794 4557 quod
2826 4485 3053 4540 mittatis
3076 4484 3366 4540 adversum
3392 4499 3478 4538 me
3507 4483 3791 4552 epistolas,

2223 4586 2283 4631 ιιι
2313 4577 2420 4632 huc
2450 4578 2691 4643 illucque
2722 4592 2904 4633 sermo
2932 4588 3116 4632 vester
3144 4577 3453 4641 discurrat;
3491 4586 3545 4628 et
3573 4583 3794 4644 propter

2211 4671 2582 4726 defensionem
2616 4671 2885 4728 haereseos
2918 4671 3207 4725 adversum
3245 4686 3332 4724 me
3362 4669 3487 4724 odia
3519 4669 3792 4723 Sllscitatt-

2211 4774 2311 4827 tes,
2348 4764 2605 4834 rumpitis
2636 4764 2955 4819 eharitatcm
2993 4780 3158 4834 quam
3182 4763 3234 4816 in
3270 4762 3426 4816 vobis
3476 4760 3790 4819 habuimus,

2214 4857 2265 4909 in
2299 4864 2506 4910 tantum
2536 4864 2597 4910 ut
2619 4855 2856 4910 feceritis
2878 4870 2978 4910 nos
3007 4855 3172 4909 etiam
3205 4853 3580 4923 paenitentiam
3605 4866 3787 4920 agere,

2213 4960 2384 5015 quare
2430 4944 2714 5000 vobiscum
2757 4945 3371 5008 communicaverimus,
3422 4944 3495 4997 ita
3539 4941 3791 5013 Origenis

2210 5052 2426 5091 errores
2444 5044 2499 5091 et
2522 5037 2775 5107 dogmata
2800 5034 3173 5093 defendentes.
3195 5020 3541 5106 Simpliciter”
3558 5036 3786 5104 loquor:

2211 5144 2311 5183 nos
2355 5129 2658 5184 secundum
2705 5128 2852 5198 quod
2900 5128 3165 5198 scriptum
3214 5137 3301 5183 est
3345 5126 3561 5198 (Matth.
3611 5142 3666 5191 v,
3720 5124 3788 5179 ‘29

2210 5230 2379 5290 sqq.),
2414 5235 2515 5275 nec
2554 5218 2716 5275 oculo
2752 5228 2942 5275 nostro
2975 5218 3275 5289 parcimus,
3312 5228 3373 5274 ut
3408 5233 3515 5274 non
3562 5216 3788 5273 effodia-

2212 5329 2334 5368 mus
2364 5329 2511 5378 eum,
2549 5314 2595 5368 si
2632 5330 2733 5369 nos
2775 5312 3261 5379 scandalizaverit;
3296 5327 3397 5367 nec
3437 5310 3643 5375 manui,
3691 5324 3786 5363 ne-

2215 5423 2320 5477 que
2351 5406 2473 5477 pedi
2512 5405 2558 5459 si
2601 5405 2758 5461 nobis
2810 5404 3123 5460 scandalum
3157 5403 3366 5460 fecerit.
3396 5402 3463 5458 Et
3507 5418 3600 5458 vos
3630 5417 3782 5470 ergo.

2209 5500 2322 5554 sive
2352 5498 2517 5556 oculi,
2543 5499 2660 5553 sive
2686 5512 2903 5562 manus,
2956 5498 3072 5554 sive
3117 5498 3281 5569 pedes
3312 5496 3547 5563 fueritis,
3584 5494 3784 5550 similia

2210 5590 2572 5649 sustinebitis.
2587 5610 2604 5641 ι

2280 5683 2371 5738 22.
2410 5680 2592 5753 Pergit
2636 5681 2829 5740 deinde
2872 5697 2934 5739 ex
2978 5681 3133 5739 libris
3181 5681 3319 5751 Περὶ
3372 5678 3572 5753 ἀρχῶν
3613 5675 3783 5749 expli-
