3870 6068
130 214 215 266 ων

1136 202 1194 259 S.
1228 199 1571 258 EPIPHANH
1630 197 1815 256 ACTA
1855 194 2353 253 BOLLANDIANA.

3258 190 3361 251 130

132 337 436 393 rare,quam
471 320 703 377 minime
721 317 955 379 terenda:
985 318 1271 374 catholicis
1310 318 1535 373 auribus
1572 320 1681 372 sint
1709 321 1755 378 Α
1781 314 1936 370 daret
1969 314 2149 369 velum
2184 321 2349 382 atque
2392 316 2649 364 mutaret.
2693 307 2848 376 Quod
2887 322 3012 364 cum
3059 309 3360 376 audissem.
3416 320 3421 325 '

137 415 508 488 propositiones
560 412 810 483 quaedam
867 409 1140 481 Origenis.
1196 410 1321 464 istic
1371 416 1682 473 contentae;

136 507 357 578 quamvis
404 506 606 575 inquit,
652 523 671 555 ι
730 502 865 558 nihil
906 501 1039 555 mihi
1084 500 1355 581 subripuit
1397 499 1683 570 Origenes,

139 616 220 654 nec
247 600 297 651 in
327 611 444 650 mea
476 593 831 664 generatione
884 592 1009 659 fuit,
1063 607 1163 647 nec
1213 601 1432 662 propter
1472 593 1686 661 aliquas

139 705 208 745 res
232 686 409 741 mundi
457 694 555 739 aut
606 684 976 739 [nereditatem
1019 682 1205 737 odium
1253 683 1517 737 adversus
1559 697 1684 735 eum

141 793 425 851 pugnasque
449 776 701 845 suscepi;
741 776 833 831 sed
892 777 974 846 (ut
1005 775 1328 844 simpliciter
1364 773 1560 844 fatear)
1589 776 1690 830 do-

142 874 232 937 leo,
269 879 318 924 et
354 867 511 922 valde
557 867 740 932 doleo,
793 866 984 921 videns
1033 866 1300 936 plurimus
1353 866 1604 932 fratrum,
1635 876 1690 922 et

141 978 301 1017 eorum
331 959 603 1029 praecipue
637 959 731 1027 qui
764 958 1160 1028 professionem
1200 958 1401 1012 habent
1435 973 1542 1013 non
1583 959 1691 1013 mi-

143 1052 338 1115 nimam,
375 1048 506 1102 etin
548 1045 777 1118 gradum
808 1062 1029 1116 quoque
1063 1047 1351 1104 sacerdotii
1386 1048 1689 1101 maximum

145 1149 492 1212 pervenerunt,
537 1138 659 1208 ejus
687 1137 1139 1206 persuasionibus
1164 1136 1443 1206 deceptos,
1481 1145 1534 1191 et
1562 1153 1690 1207 per-

145 1231 425 1287 versissinta
479 1231 731 1284 doctrina
782 1228 938 1283 cibos
991 1227 1165 1283 factos
1211 1243 1333 1284 esse
1384 1228 1610 1283 diaboli.
1664 1246 1684 1280 ι

144 1323 353 1378 Conatur
380 1323 545 1392 igitur
575 1338 606 1376 a
642 1321 923 1392 sequendo
957 1330 1011 1376 et
1058 1319 1398 1376 defendendo
1437 1319 1689 1391 Origene,

102 1402 423 1480 ~monendo,
474 1413 768 1479 hortando,
818 1412 1151 1481 increpando
1200 1409 1463 1466 Joannem
1513 1429 1693 1482 quau-

147 1519 239 1561 tum
269 1508 317 1560 in
340 1516 533 1561 seerat
571 1505 843 1559 abducere
872 1520 888 1559 :
922 1514 1038 1558 tum
1072 1504 1137 1558 ad
1163 1504 1247 1559 sui
1281 1504 1690 1558 excusationem

150 1601 314 1653 iterum
342 1598 624 1662 relabitur,
659 1597 992 1666 exponitque
1019 1594 1241 1662 factum,
1273 1595 1419 1665 quod
1466 1604 1518 1649 et
1554 1595 1690 1649 insi-

151 1706 284 1758 gnem
331 1690 446 1758 ejus
496 1687 675 1743 zelum
723 1688 984 1752 ostendit,
1035 1688 1086 1740 in
1149 1688 1392 1741 ravendo
1429 1701 1495 1741 co
1537 1686 1686 1741 omni

152 1782 269 1851 quod
292 1791 443 1835 recta:
474 1779 758 1848 religionis
786 1777 1009 1847 puritati
1044 1778 1592 1847 quantulumcunque
1618 1776 1693 1828 vi-

151 1872 347 1926 debatur
373 1872 674 1924 adversari.
709 1868 815 1924 Sed
850 1869 990 1923 idem
1048 1869 1118 1922 ab
1169 1868 1542 1923 icouomacbis
1592 1868 1694 1922 lto-

149 1964 325 2018 diernis
350 1963 582 2033 pessime
626 1962 961 2016 intellectum
996 1961 1256 2029 arripitur
1295 1969 1489 2014 contra
1528 1974 1694 2028 expo-

151 2054 372 2109 sitionem
438 2052 764 2123 imaginum.
822 2050 881 2105 in
944 2053 1044 2105 hoc
1101 2058 1280 2121 autem
1329 2059 1552 2120 apparet
1598 2063 1694 2104 eos

152 2148 303 2216 magis
337 2162 451 2202 esse
489 2146 716 2200 insanos
758 2143 1033 2199 veteribus
1072 2143 1462 2208 ieonomachis,
1505 2144 1697 2196 adver-

149 2253 233 2292 sus
259 2253 381 2307 quos
424 2237 700 2292 Nicrenum
736 2252 775 2290 ιι
817 2235 1109 2290 concilium
1152 2235 1285 2305 egit.
1334 2232 1465 2288 Nam
1514 2234 1591 2297 hi,
1628 2233 1696 2287 ad

150 2343 283 2382 suam
329 2328 570 2383 ba'resim
630 2325 922 2397 Epipbauii
990 2322 1209 2379 nomine
1259 2324 1649 2378 obarmandam
1680 2361 1696 2387 ,

152 2434 246 2470 non
270 2429 385 2472 sunt
413 2417 569 2471 abusi
605 2432 670 2471 eo
703 2415 847 2485 quod
874 2413 1127 2482 sequitur
1158 2413 1324 2480 facto,
1358 2415 1451 2468 sed
1477 2411 1699 2466 aflinxe-

152 2520 262 2563 runt
291 2520 466 2564 sancto
488 2511 782 2579 quamdam
806 2506 880 2561 ad
909 2504 1277 2561 Theodosium
1313 2506 1697 2575 imperatorem

151 2603 427 2670 epistolam,
461 2604 516 2656 in
553 2601 713 2670 cujus
749 2601 855 2653 line
893 2598 973 2653 sic
1011 2598 1059 2653 ei
1108 2598 1419 2667 scripsisset
1453 2615 1466 2652 :
1505 2617 1522 2649 ι
1561 2596 1699 2664 Quia

151 2693 402 2749 multoties
443 2694 661 2748 locutus
704 2705 824 2746 sum
856 2704 980 2744 cum
1024 2689 1418 2744 comministris
1450 2690 1604 2754 meis,
1643 2699 1703 2743 ut

152 2786 469 2841 adferrentur
500 2787 790 2856 imagines,
812 2793 1066 2852 receptus
1096 2796 1201 2837 non
1236 2798 1356 2838 sutn
1382 2783 1450 2836 ab
1478 2784 1582 2849 eis,
1610 2799 1704 2838 ne-

151 2893 249 2947 que
284 2879 465 2933 audire
515 2894 707 2934 vocem
751 2893 928 2932 meam
977 2875 1169 2930 saltem
1214 2874 1496 2945 paululum
1551 2876 1702 2946 passi

151 2981 280 3024 sunt.
312 2991 329 3022 ι
355 2970 503 3025 Hanc
538 2985 668 3025 vero
699 2970 989 3038 epistolam
1035 2986 1052 3017 ι
1097 2965 1236 3021 falso
1267 2969 1696 3037 suprascriptum

151 3062 243 3115 dici
262 3063 487 3133 quidem,
512 3061 607 3116 sed
632 3076 739 3114 non
764 3059 1211 3129 esseEpiphanii,
1239 3078 1256 3109 ι
1283 3074 1436 3128 aeque
1455 3075 1518 3113 ac
1537 3059 1698 3113 aliam
1737 3059 1755 3079 τ

152 3151 317 3223 inqua
340 3152 668 3223 scripsisset,
699 3171 716 3202 ι
748 3148 825 3205 Ne
848 3150 1122 3205 inducatis
1151 3148 1421 3220 imagines
1450 3148 1504 3203 in
1529 3150 1705 3204 eccle-

153 3248 268 3308 sias,
313 3260 482 3315 neque
524 3243 578 3296 in
625 3242 937 3298 cmmeteria
976 3250 1316 3305 sanctorum,
1377 3239 1473 3295 sed
1529 3255 1706 3310 neque

154 3336 199 3388 in
236 3337 444 3389 domum
492 3349 877 3399 communem;
922 3350 940 3384 ι
978 3348 1103 3387 cum
1152 3332 1337 3387 multis
1377 3332 1707 3387 ostendisset

152 3428 371 3496 synodus
414 3436 519 3482 act.
552 3425 609 3492 6,
640 3441 699 3480 se
738 3424 955 3494 quidem
1003 3443 1020 3474 ι
1050 3418 1305 3479 sanctum
1342 3422 1557 3477 Patrem
1607 3422 1706 3476 duo

153 3528 336 3573 ctorem
383 3518 639 3574 Ecclesia:
679 3516 962 3571 catholica:
1014 3530 1196 3580 nosse,
1247 3515 1703 3585 conscriptionem

154 3625 269 3663 vero
300 3628 317 3661 ι
350 3611 587 3681 abjicere
617 3608 815 3663 iterum
846 3608 1133 3677 profitetur
1161 3625 1174 3661 :
1199 3608 1327 3677 quia
1366 3625 1384 3657 ι
1415 3606 1530 3661 haec
1562 3622 1708 3659 tuen-

157 3701 291 3757 dacis
320 3700 636 3758 assertionis
688 3701 1017 3769 conscripta,
1069 3714 1188 3769 qua:
1240 3708 1429 3754 contra
1474 3713 1705 3753 venera-

156 3792 276 3848 biles
302 3794 558 3865 imagines
600 3800 751 3856 sunt,
778 3791 1034 3846 dicuntur
1081 3790 1300 3860 quidem
1328 3805 1357 3843 a
1379 3788 1706 3859 quibttSdatn

158 3884 207 3938 S.
236 3884 507 3958 Epiphanii
534 3901 676 3950 esse,
725 3883 818 3939 sed
854 3884 1003 3938 nullo
1031 3884 1190 3938 modo
1219 3890 1369 3938 sunt.
1403 3901 1423 3933 ι

214 3978 297 4032 23.
326 3980 499 4050 Ipsum
537 3992 702 4049 porro
740 3974 941 4031 factum
966 4017 981 4041 ,
1042 3976 1200 4046 cujus
1250 3974 1542 4030 occasione
1587 3974 1711 4030 haec

156 4068 303 4135 dicta,
336 4071 625 4125 audiamus
662 4068 897 4137 propriis
941 4067 1061 4136 ejus
1112 4066 1313 4122 verbis.
1354 4084 1375 4116 ι
1417 4063 1707 4132 Praeterea,

156 4159 343 4231 inquit,
390 4161 573 4216 audivi
634 4159 903 4230 quosdam
960 4173 1304 4212 murmurare
1362 4166 1551 4212 contra
1601 4173 1708 4224 me,

153 4251 270 4320 quia
294 4252 506 4321 quando
536 4250 701 4305 simul
748 4248 1107 4320 perg-‘bamus
1135 4247 1203 4300 ad
1232 4256 1481 4300 sanctum
1528 4247 1710 4301 locum

1786 1686 2003 1755 jusdam
2044 1701 2057 1737 :

1788 423 1877 461 me
1904 407 2160 462 daturum
2198 420 2322 460 esse
2359 402 2635 473 pollicitus
2679 417 2844 457 sum:
2877 402 3154 472 paululum
3180 416 3362 459 autem

1787 514 2069 555 morarum
2099 497 2199 553 fuit
2227 498 2279 551 in
2327 497 2529 562 medio,
2576 495 2706 549 dum
2747 510 2934 564 quaero
2978 496 3242 564 optimum
3275 512 3365 551 ve-

1788 593 1900 648 lum
1927 608 2028 661 pro
2060 607 2127 646 eo
2163 591 2394 650 mittere,
2428 589 2736 644 arbitrabar
2766 589 2911 642 enim
2938 589 3006 642 de
3030 587 3210 661 Cypro
3229 588 3363 644 mihi

1787 700 1910 740 esse
1941 684 2285 739 mittendum.
2310 681 2466 736 Nunc
2498 690 2680 736 autem
2708 680 2829 735 misi
2858 681 3003 750 quod
3028 680 3176 750 petui
3209 696 3365 750 repe-

1796 778 1941 841 rire;
1978 784 2033 829 et
2062 791 2254 846 precor
2286 786 2343 827 ut
2372 772 2952 843 jubeas’preshyteros
2983 771 3229 841 ejusdem
3261 772 3365 828 loci

1790 868 2070 936 suscipere
2094 866 2268 919 velum
2312 880 2343 920 a
2381 865 2553 918 latore
2578 865 2724 933 quod
2749 879 2779 916 a
2819 865 2975 917 nobis
3003 863 3230 918 missum
3253 873 3364 928 est;

1788 968 1846 1015 et
1880 960 2138 1028 deinceps
2170 958 2461 1027 praecipere
2493 957 2546 1010 in
2594 955 2833 1010 Ecclesia
2864 954 3066 1010 Christi
3096 956 3367 1024 ejusmodi

1791 1054 1930 1115 vela,
1961 1067 2084 1122 qua:
2111 1057 2300 1105 contra
2333 1049 2654 1118 religionem
2690 1057 2934 1104 nostram
2966 1060 3117 1112 sunt,
3142 1064 3249 1102 non
3274 1065 3369 1119 ap-

1793 1144 1976 1214 pendi.
1999 1163 2017 1195 ι
2047 1141 2323 1197 Hactenus
2346 1141 2596 1210 epistola,
2625 1140 2784 1209 cujus
2805 1141 2850 1195 si
2886 1149 3032 1194 recte
3056 1140 3370 1209 expendat:-

1794 1244 1882 1288 tnr
1916 1234 2105 1298 verba,
2136 1232 2313 1286 velum
2360 1232 2505 1287 istud
2536 1230 2828 1285 discissum
2864 1228 3031 1287 fuisse
3065 1232 3367 1302 apparebit,

1772 1334 1899 1374 ,ιιοη
1926 1319 2052 1388 quia
2077 1334 2201 1373 vere
2234 1337 2253 1368 ι
2279 1318 2513 1373 habebat
2537 1317 2830 1387 imaginem
2854 1317 3059 1374 Christi
3091 1322 3169 1374 vel
3194 1320 3369 1374 sanrti

1794 1410 2113 1481 cujusdam;
2161 1430 2180 1461 ι
2215 1410 2307 1465 sed
2335 1410 2484 1479 quia,
2517 1425 2641 1464 cum
2680 1409 2904 1464 haberet
2937 1410 3163 1480 emgiem
3193 1411 3372 1464 homi-

1795 1504 1882 1558 nis
1926 1502 2232 1571 cujuspiam
2285 1500 2522 1570 profani,
2571 1510 2666 1554 aut
2706 1501 2844 1555 forte
2896 1502 3074 1555 adhuc
3116 1503 3367 1565 viventis,

1796 1610 2093 1665 appensum
2125 1594 2248 1649 istic
2276 1602 2451 1646 crat-¢
2482 1592 2639 1660 quasi
2673 1592 2876 1646 Christi
2916 1602 3009 1646 aut
3058 1573 3229 1647 sancti
3269 1609 3370 1647 cu-

2105 1705 2123 1737 ι
2160 1700 2281 1754 qua:
2315 1683 2565 1752 exceptio
2596 1683 2917 1736 orthodoxae
2966 1684 3087 1738 fidei
3131 1685 3370 1755 regulam

1791 1794 1855 1833 ex
1890 1776 2164 1832 contrario
2200 1778 2402 1829 firmat.

2391 1886 2623 1944 CAPUT
2667 1887 2754 1941 IV.

1796 1984 2094 2055 Prophcliw
2117 1982 2349 2045 donum;
2390 1982 2683 2062 Ancornlus
2713 1990 2761 2032 et
2795 1980 2928 2033 liber
2961 1978 3032 2033 De
3073 1980 3365 2034 Itwrrsibns

2463 2062 2713 2120 scriptus.

1862 2144 1950 2197 2i.
1975 2142 2214 2195 Plurima
2239 2141 2297 2194 S.
2325 2139 2631 2209 Epiphanii,
2659 2151 2784 2192 ante
2820 2153 2868 2192 et
2901 2149 3023 2205 post
3049 2150 3366 2207 susceptum

1795 2234 2457 2306 episcopatutn,miracula
2474 2247 2592 2287 com
2605 2235 2819 2286 inentur
2836 2233 2887 2285 in
2903 2233 3070 2297 Actis,
3086 2235 3187 2288 sub
3205 2250 3310 2286 non:
3336 2233 3376 2286 i-

1798 2347 1864 2384 ne
1885 2328 2113 2384 Joannis
2139 2338 2191 2383 ct
2221 2326 2428 2398 Polybii
2457 2325 2768 2395 productis;
2803 2326 2895 2378 sed
2923 2326 3071 2388 talia,
3104 2334 3161 2377 ut
3182 2341 3370 2378 eorum

1799 2423 2070 2491 plenisque
2104 2420 2261 2473 fidem
2293 2420 2514 2487 deroget
2540 2417 2910 2479 Sozontenus,
2937 2432 3140 2484 negans
3174 2416 3373 2470 viventi

1800 2514 2093 2583 contigisse
2124 2510 2478 2566 utdasmones
2528 2509 2738 2579 fugaret
2781 2520 2835 2563 et
2872 2510 3092 2563 morbos
3138 2518 3374 2563 curaret.

1802 2604 1896 2659 liis
1918 2619 2048 2673 ergo
2077 2602 2478 2672 praetermissis,
2517 2603 2661 2670 quod
2686 2602 2863 2655 solum
2891 2602 2943 2653 iu
2974 2601 3123 2653 dicto
3155 2609 3378 2654 auctore

1805 2696 1960 2751 nobis
1991 2704 2262 2764 superest,
2294 2693 2616 2757 referamus,
2653 2695 2970 2747 narratione
3004 2692 3147 2747 haud
3186 2708 3376 2762 parum

1804 2789 2039 2850 diversa,
2074 2788 2228 2841 ahea
2254 2803 2361 2854 qua
2399 2786 2539 2838 idem
2576 2785 2901 2861 miraculum
2944 2784 2997 2838 in
3042 2783 3193 2839 Actis
3243 2800 3378 2854 prm-

1804 2878 1964 2933 dictis
1997 2887 2330 2932 recensetnr.
2358 2874 2533 2929 Verba
2569 2874 2859 2931 Sozomeni
2887 2876 2980 2930 lib.
3005 2892 3103 2940 vn,
3135 2891 3254 2945 cap.
3286 2875 3379 2942 ‘27,

1809 2969 1922 3024 haec
1953 2976 2124 3023 sunt:
2167 2986 2185 3018 ι
2222 2968 2381 3023 Aliud
2407 2976 2666 3037 praetcrea
2710 2968 2854 3037 quod
2899 2968 2965 3022 de
3009 2969 3102 3022 illo
3147 2969 3379 3023 refertur

1806 3074 2238 3116 commemorare
2273 3059 2426 3113 libet.
2461 3059 2516 3112 ld
2541 3059 2761 3127 quidem
2793 3060 2861 3114 ab
2901 3061 3222 3114 admirando
3249 3060 3380 3115 Gre,

1805 3150 1982 3221 gorio,
2005 3150 2099 3220 qui
2131 3147 2627 3204 Neocmsariensem
2665 3150 2830 3204 etiam
2885 3152 3023 3204 rexit
3052 3150 3380 3217 Ecclesiam,

1807 3253 2018 3313 gestum
2048 3258 2171 3299 esse
2196 3243 2379 3312 accepi
2412 3252 2466 3296 et
2503 3244 2739 3296 libenter
2782 3243 2982 3307 credo;
3024 3244 3117 3297 sed
3154 3259 3260 3298 non
3302 3245 3381 3298 id-

1806 3336 1956 3391 circo
1983 3335 2300 3391 incredibile
2327 3334 2497 3389 videri
2540 3336 2699 3389 debet
2739 3335 2879 3389 idem
2912 3350 3131 3406 quoque
3177 3334 3380 3391 factum

1807 3427 1876 3483 ab
1900 3426 2239 3497 Epiphanio;
2276 3443 2452 3497 neque
2501 3429 2645 3481 enim
2694 3428 2844 3481 solus
2878 3424 3071 3482 Petrus
3104 3430 3383 3497 apostolus

1807 3526 2084 3572 mortuum
2151 3519 2220 3573 ab
2284 3517 2473 3573 inferis
2530 3519 2914 3583 resumitavit;
2973 3535 3159 3572 verum
3216 3520 3382 3575 etiam

1805 3608 2044 3666 Joannes
2074 3609 2128 3664 in
2157 3610 2293 3664 urbe
2318 3609 2557 3679 Epheso,
2581 3621 2634 3664 ct
2658 3608 2894 3680 Philippi
2923 3610 3047 3665 filia:
3073 3609 3382 3681 Hierapoli;

1808 3703 2139 3773 multosque,
2187 3712 2295 3757 tam
2333 3718 2397 3757 ex
2443 3703 2686 3772 antiquis
2722 3718 2887 3771 quam
2933 3718 2999 3756 ex
3036 3716 3234 3757 nostra:
3266 3719 3384 3757 me-

1809 3795 1996 3849 moria:
2042 3794 2147 3863 piis
2195 3794 2533 3859 hominibus,
2596 3794 2785 3847 eadem
2841 3808 3215 3863 swpenutnero
3258 3809 3385 3863 ges-

1808 3889 1946 3944 sisse
1978 3869 2364 3957 comperimus.
2393 3885 2449 3941 Id
2481 3892 2685 3951 autem,
2718 3886 2863 3955 quod
2892 3887 3072 3940 dicere
3100 3889 3382 3956 proposui,

1813 3978 2123 4049 hujusmodi
2159 3987 2262 4033 est.

1879 4070 1970 4125 25.
2006 4089 2026 4122 ι
2060 4069 2177 4125 Duo
2202 4069 2422 4140 quidam
2457 4067 2853 4131 mendici,cnm
2889 4065 3250 4137 Epiphaniam
3294 4082 3379 4120 ve-

1813 4160 2047 4215 nientem
2076 4161 2484 4222 observassent,
2510 4167 2567 4212 ut
2598 4158 2722 4227 plus
2750 4158 2994 4227 pecuniae
3021 4157 3090 4211 ab
3117 4174 3182 4211 eo
3201 4172 3387 4211 emune

1814 4261 2022 4322 gerent,
2057 4252 2195 4306 alter
2221 4250 2440 4320 quidem
2464 4266 2678 4313 eorum,
2705 4264 2867 4316 super
2893 4249 3069 4303 solum
3104 4259 3385 4315 extensus,

153 4343 236 4411 qui
274 4354 490 4398 vocatur
519 4340 726 4405 Bethel,
764 4349 821 4394 ut
858 4340 931 4394 ibi
962 4339 1243 4394 collectam
1271 4349 1448 4392 tecum
1472 4353 1537 4392 ex
1563 4352 1713 4391 more
1745 4342 1786 4400 D
1817 4353 2031 4397 mortuo
2066 4341 2262 4396 similis
2297 4341 2502 4410 jacuit;
2534 4341 2671 4394 alter
2707 4356 2838 4394 vero
2880 4356 3046 4410 prope
3077 4351 3232 4395 stans
3273 4341 3389 4410 plo-

148 4434 507 4490 ecclesiastico
548 4432 806 4497 facerem,
843 4441 895 4485 et
944 4430 1214 4485 venissem
1265 4430 1329 4483 ad
1372 4430 1555 4483 villam
1588 4443 1709 4498 quae

153 4522 342 4577 dicitur
379 4524 708 4590 Anablatha,
739 4522 1107 4590 vidissentque
1145 4519 1217 4573 ibi
1269 4520 1583 4589 praeteriens
1626 4520 1712 4572 lu-

153 4629 362 4669 cernam
420 4616 746 4679 ardentem,
802 4624 856 4667 et
905 4612 1326 4680 interrogassent
1386 4609 1509 4679 quis
1559 4608 1713 4663 locus

154 4719 307 4771 esset,
338 4708 757 4776 didieissemque
783 4718 904 4759 esse
929 4701 1239 4765 ecclesiam,
1262 4710 1316 4754 et
1338 4701 1627 4767 intrassem
1657 4708 1718 4753 ut

154 4812 387 4865 orarem;
460 4798 645 4854 inveni
710 4796 781 4850 ibi
842 4795 1018 4848 velum
1092 4794 1335 4863 pendens
1394 4792 1449 4846 in
1510 4791 1717 4845 foribus

152 4890 381 4957 ejusdem
413 4890 680 4954 ecclesize,
724 4889 955 4941 tinctum
1002 4898 1164 4954 atque
1203 4883 1501 4953 depictum,
1537 4892 1591 4936 et
1620 4883 1719 4935 ba-

155 4981 278 5037 bens
300 4983 618 5053 imaginvtn,
647 4979 808 5050 quasi
836 4978 1039 5032 Christi
1065 4977 1149 5031 vel
1181 4975 1358 5030 sancti
1393 4974 1716 5044 cujusdam:

157 5088 246 5126 nec
276 5075 417 5128 enim
459 5075 599 5128 satis
644 5068 869 5125 memini
915 5068 1071 5137 cujus
1114 5068 1293 5135 imago
1349 5063 1529 5120 fuerit.
1580 5063 1718 5118 Cum

154 5178 274 5233 ergo
306 5166 408 5218 hoc
431 5164 716 5227 vidissem,
762 5160 817 5213 ἱιι
849 5157 1077 5214 ecclesia
1118 5156 1344 5220 Christi,
1391 5166 1581 5210 contra
1629 5171 1722 5209 au-

154 5257 449 5310 ctoritatem
491 5254 930 5322 Scripturarum,
974 5252 1210 5303 hotuitus
1254 5247 1485 5318 pendere
1527 5247 1721 5317 imagi-

156 5362 303 5413 nem;
343 5348 476 5401 scidi
509 5344 644 5400 illud
673 5351 731 5397 et
775 5341 948 5412 magis
988 5341 1110 5396 dedi
1158 5339 1445 5394 consilium
1482 5339 1722 5393 custodi-

156 5439 244 5493 bus
268 5439 514 5511 ejusdem
549 5436 680 5503 loci,
712 5446 769 5489 ut
802 5450 1091 5505 pauperem
1127 5440 1400 5487 mortuum
1437 5447 1503 5486 eo
1535 5432 1724 5487 obvol-

158 5545 328 5588 verent
394 5542 448 5587 et
492 5531 778 5587 efferrent.
827 5528 1013 5598 Illique
1065 5540 1252 5583 eontra
1315 5537 1722 5583 murmurantes

158 5622 421 5688 dixerunt,
448 5622 504 5676 Si
530 5620 788 5675 scindere
812 5618 1292 5687 voluerat,jttstum
1318 5630 1455 5686 erat,
1485 5630 1541 5675 ut
1574 5621 1719 5675 aliud

1818 4433 1993 4494 rabat,
2022 4432 2185 4487 simul
2212 4433 2415 4487 sodalis
2451 4432 2536 4487 sui
2581 4444 2810 4486 mortem
2854 4433 3176 4496 lamentans,
3225 4432 3389 4487 simul

1818 4535 2109 4596 egestatem
2145 4541 2296 4580 snam
2335 4542 2593 4596 querens.
2623 4526 2766 4595 quod
2817 4527 2962 4579 illum
3006 4527 3236 4595 sepelire
3279 4541 3387 4580 non

1820 4627 2020 4686 posset.
2053 4614 2393 4686 Epiphanius
2426 4631 2578 4682 vero,
2616 4616 2812 4687 jacenti
2845 4616 3084 4684 requiem
3127 4631 3390 4686 appreca-

1819 4716 1928 4768 tus,
1959 4721 2081 4777 qua:
2128 4706 2197 4760 ad
2249 4708 2584 4775 sepulturam
2632 4696 2939 4760 necessaria
2981 4716 3138 4759 erant
3174 4705 3390 4759 mendi-

1817 4799 1960 4852 canti
1994 4797 2236 4858 donavit,
2279 4798 2541 4866 flentique
2571 4797 2707 4851 dixit
2738 4815 2751 4851 :
2788 4798 2931 4851 Cura
2972 4798 3307 4867 sepulturam
3339 4805 3393 4851 et

1818 4892 2034 4961 plorare
2055 4892 2263 4954 desine,
2303 4890 2376 4944 lili
2404 4907 2418 4954 ;
2444 4905 2619 4958 neque
2647 4890 2791 4941 enim
2829 4890 2883 4942 in
2918 4890 3173 4958 praesenti
3206 4905 3394 4944 resur-

1819 4995 1906 5051 get
1931 5000 1943 5035 :
1968 4984 2111 5051 quod
2137 4996 2262 5035 vero
2292 4980 2490 5034 accidit
2522 4979 2832 5033 inevitabile
2856 4994 2920 5034 ac
2950 4995 3175 5049 prorsus
3199 4995 3392 5033 neces-

1820 5074 2047 5135 sarium,
2072 5074 2123 5127 id
2157 5072 2282 5126 forti
2310 5073 2495 5129 animo
2521 5071 2802 5126 ferendum
2832 5082 2933 5126 est.
2963 5071 3026 5126 Et
3054 5071 3391 5142 Epiphanius

1821 5166 2040 5236 quidem
2075 5165 2160 5220 his
2188 5164 2352 5221 dictis
2378 5165 2670 5220 abscessit.
2708 5162 2843 5218 Cum
2881 5175 3061 5217 autem
3097 5179 3256 5219 nemo
3280 5166 3391 5237 jam

1824 5258 1879 5312 in
1913 5266 2209 5326 conspectu
2238 5267 2403 5323 esset,
2438 5257 2721 5311 mendicus
2758 5266 2914 5312 stans
2946 5254 3217 5326 jacentem
3262 5257 3395 5325 pede

1824 5350 2038 5420 pulsare
2063 5349 2248 5418 carpit,
2297 5349 2527 5404 laudans
2561 5349 2706 5419 quod
2744 5359 3022 5404 mortuum
3066 5349 3280 5418 egregie
3317 5347 3395 5399 si-

1821 5442 2123 5497 tnulasset:
2161 5450 2235 5506 et,
2264 5441 2460 5511 Surge,
2504 5441 2713 5511 inquit;
2763 5455 2831 5496 ex
2880 5441 3062 5495 labore
3104 5450 3199 5494 tuo
3248 5439 3393 5492 hunc

1825 5537 2006 5591 laetum
2051 5536 2416 5605 transigemus
2467 5537 2631 5591 diem.
2671 5534 2776 5590 Sed
2820 5551 2945 5589 cum
3004 5535 3092 5589 ille
3137 5540 3397 5603 perpetuo

1822 5628 2046 5698 jacrrct,
2080 5634 2133 5680 et
2166 5627 2338 5680 nihilo
2362 5627 2483 5697 plus
2517 5643 2618 5682 nec
2660 5628 2985 5682 clamantem
3033 5626 3263 5687 audiret,
3292 5637 3392 5678 nec
