3870 6068
451 231 550 294 est

1462 229 1522 280 Β.
1559 219 1909 279 ΕΡΙΡΗΔΝΗ
1945 221 2128 277 MJ'IA
2156 209 2664 272 BULLAI‘DIANA.

3617 207 3715 263 Πιῖ

453 362 586 414 totis
625 354 836 409 viribus
902 359 1222 407 monentem
1278 348 1536 413 sentiret;
1579 345 1808 404 concito
1859 355 2027 399 cursu
2056 341 2104 403 Α
2133 341 2466 396 munionem.
2508 336 2740 406 Scripsit
2795 335 2983 404 itaque
3041 331 3108 389 de
3159 332 3244 387 Iris
3289 329 3708 402 archiepiscopi

455 449 770 522 episcopum
816 451 1124 506 assecutus,
1182 441 1430 495 fraudem
1479 437 1770 492 amborum
1815 433 2034 499 confes:-

459 558 575 607 sus,
595 541 924 610 ploransque
943 545 998 591 et
1021 535 1202 589 crines
1227 531 1489 586 vellicans
1520 529 1733 591 orabat,
1759 535 1821 580 ut
1847 525 2034 580 socius

459 633 528 687 ad
563 631 728 684 vitam
756 635 1126 683 revocaretur.
1159 619 1362 677 Verum
1391 618 1728 690 Epiphanius
1753 618 2032 672 hominem

461 723 685 786 dimisit,
715 723 967 774 hortatus
997 725 1060 772 ut
1096 716 1150 770 id
1179 713 1327 784 quod
1357 713 1630 768 acciderat
1662 725 1820 780 aequo
1847 709 2034 764 animo

461 815 667 869 ferret:
706 827 816 866 non
853 811 996 865 enim
1049 808 1346 863 dissolvere
1382 805 1552 859 voluit
1605 801 1750 857 Deus
1798 801 1849 856 id
1890 799 2036 870 quod

463 908 662 962 factum
696 905 892 970 fuerat,
938 901 1266 972 persuadere
1302 899 1528 953 omnino
1568 895 1753 950 volens
1798 892 2038 947 homini-

461 999 583 1062 bus,
615 1013 710 1052 eos
731 997 822 1066 qui
853 1009 910 1050 se
945 996 1082 1049 tales
1115 992 1356 1062 praebent
1388 1003 1514 1059 erga
1564 986 1799 1042 fainulos
1824 986 2034 1056 ipsius,

462 1090 565 1160 ipsi
597 1087 688 1156 qui
712 1086 895 1141 omnia
926 1085 1078 1139 audit
1102 1095 1166 1138 ac
1200 1081 1346 1136 videt
1373 1079 1618 1133 fraudem
1656 1084 1890 1133 struere.
1943 1093 1963 1127 ι

533 1178 624 1234 26.
664 1175 981 1246 Ῥιουριιθιίω
1015 1186 1178 1244 porro
1221 1172 1423 1226 donum
1467 1169 1524 1222 in
1570 1167 1893 1237 Epiphanio,
1929 1175 2039 1234 quo

464 1267 680 1323 occulta
709 1273 763 1320 et
789 1279 988 1318 arcana
1024 1261 1305 1332 pervidere
1332 1258 1598 1314 divinitus
1628 1258 1678 1311 ei
1701 1269 1844 1326 saepe
1874 1255 2042 1310 daba-

467 1370 576 1422 tur,
613 1359 816 1412 indicat
849 1356 934 1409 illa
973 1354 1296 1423 signiﬁcatio
1341 1365 1483 1405 veras
1526 1350 1720 1404 mortis
1760 1349 1901 1417 ejus,
1946 1347 2040 1417 qui

465 1464 584 1503 eam
621 1447 878 1503 simulare
900 1445 1165 1499 duntaxat
1189 1442 1515 1503 credebatur
1555 1455 1586 1494 a
1617 1440 1786 1504 socio,
1832 1454 1958 1494 cum
1992 1437 2040 1493 ei

465 1541 631 1594 dixit:
666 1557 684 1588 ι
729 1536 914 1606 Neque
955 1535 1100 1589 enim
1148 1535 1203 1587 in
1244 1533 1496 1604 praesenti
1535 1538 1803 1600 resurget.
1845 1549 1866 1581 ι
1897 1530 2042 1583 ldem

466 1633 669 1686 donum
704 1630 882 1699 primo
933 1643 998 1683 ex
1039 1626 1320 1681 communi
1358 1625 1524 1688 fama,
1579 1624 1773 1678 deinde
1824 1622 2042 1692 propria

465 1724 798 1792 experientia
839 1727 1178 1790 agnoverunt
1207 1719 1319 1771 duo
1359 1717 1458 1780 illi,
1483 1717 1549 1771 de
1581 1717 1787 1785 quibus
1803 1715 2046 1769 narravit
2078 1711 2117 1765 Β

470 1831 631 1870 senex
654 1814 874 1882 quidam
908 1812 961 1864 in
1001 1809 1131 1864 Vitis
1160 1809 1408 1871 Patrum,
1435 1808 1616 1862 libello
1649 1823 1736 1870 xv,
1767 1823 1919 1861 num.
1953 1805 2043 1874 88,

471 1907 762 1973 interprete
794 1903 1028 1972 Pelagio,
1055 1901 1140 1956 his
1169 1901 1348 1955 verbis
1384 1918 1397 1953 :
1433 1917 1453 1950 ι
1493 1899 1610 1954 Duo
1642 1899 1864 1970 quidam
1891 1907 2049 1952 erant

470 1995 759 2050 saeculares
790 1993 1058 2062 religiosi;
1090 2002 1144 2046 et
1171 1991 1544 2061 colloquentes
1593 2005 1803 2055 secum,
1840 1987 2048 2060 egressi

473 2097 621 2149 sunt,
654 2096 707 2139 et
738 2084 865 2137 iacti
889 2093 1018 2138 sunt
1061 2082 1335 2138 monachi.
1383 2080 1814 2136 Emulationem
1863 2088 2046 2134 autem

472 2176 736 2230 habentes
785 2174 938 2228 vocis
997 2174 1353 2242 evangelica,
1409 2173 1504 2226 sed
1561 2187 1670 2236 non
1743 2171 2046 2226 secundum

473 2267 782 2330 scientiam,
835 2273 1216 2320 castraverunt
1268 2279 1328 2318 se
1384 2264 1543 2334 quasi
1595 2273 1821 2334 propter
1884 2278 2050 2334 regna

473 2359 762 2414 cmlorum.
814 2357 1060 2410 Audiens
1107 2365 1288 2410 autem
1341 2354 1788 2423 archiepiscopus
1831 2367 2053 2408 excom-

475 2449 774 2504 municavit
806 2463 921 2500 eos.
956 2446 1035 2500 llli
1084 2457 1286 2509 autem,
1331 2454 1588 2514 putantes
1621 2446 1748 2514 quia
1789 2445 1927 2500 bene
1974 2444 2054 2499 fe-

477 2541 704 2599 cissent,
739 2537 1003 2605 indignati
1038 2546 1166 2590 sunt
1207 2544 1401 2589 contra
1436 2548 1585 2598 eum,
1617 2534 1860 2588 dicentes
1898 2553 1912 2588 :
1941 2531 2052 2588 Nos

479 2639 698 2699 propter
729 2642 891 2696 regna
917 2627 1182 2682 caelorum
1215 2626 1578 2680 castravimus
1607 2641 1728 2691 nos,
1765 2635 1820 2679 et
1843 2626 1930 2680 hic
1959 2642 2055 2681 ex-

478 2719 903 2775 communicmit
930 2719 1066 2772 nos?
1102 2716 1305 2770 Eamus
1328 2728 1383 2771 et
1413 2717 1822 2785 interpellemus
1853 2717 2054 2771 adver-

479 2827 576 2866 sus
645 2826 771 2864 eum
851 2807 1474 2878 llicrosolymitanorum
1551 2805 2046 2878 archiepiscopum.

369 2921 396 2964 ς
477 2904 754 2958 Abeuntes
788 2916 918 2970 ergo
942 2900 1322 2953 indicaverunt
1351 2899 1400 2953 ei
1446 2899 1653 2953 omnia.
1692 2897 1757 2952 Et
1795 2899 1931 2953 dixit
1974 2898 2055 2954 eis

392 3042 404 3056 ,
480 2994 926 3062 archiepiscopus
959 2989 1484 3062 Hierosolymitanus
1526 2989 1632 3046 :Et
1676 3007 1776 3062 ego
1823 3008 1922 3050 vos
1959 3007 2055 3046 ex-

2141 434 2483 490 Alexamlriaa
2513 430 2704 486 dicens
2739 448 2752 483 :
2785 427 3015 496 Suscipe
3059 424 3198 480 ﬁlios
3253 434 3399 489 tuos,
3457 423 3715 493 quoniam

2143 528 2198 582 in
2224 526 2451 581 veritate
2478 522 2856 594 penitentiam
2885 529 3134 589 egerunt,
3183 525 3238 571 et
3277 517 3492 571 addidit
3534 529 3716 582 senex,

2142 619 2237 690 qui
2283 619 2388 673 hoc
2431 614 2737 684 exemplum
2791 615 3134 671 narraverat,
3187 609 3426 662 dicens:
3464 604 3594 661 Bait:
3644 619 3720 662 est

2144 711 2350 766 sanitas
2382 707 2638 770 hominis,
2658 712 2712 759 et
2738 704 2842 759 lroe
2862 710 2945 757 est
2969 699 3119 773 quod
3147 697 3442 766 vultDeus,
3471 708 3533 754 ut
3561 699 3717 754 homo

2145 802 2361 872 culpam
2395 783 2550 855 suam
2577 795 2828 867 projiciat
2863 802 2990 848 ante
3025 792 3214 847 Deum.
3267 807 3286 842 ι

2214 893 2304 947 28.
2331 888 2427 946 His
2453 891 2682 960 aliisque
2719 887 3102 958 spiritualihus
3124 885 3312 957 gratiis
3343 895 3461 940 avo
3505 895 3606 940 Sno
3638 895 3721 939 ce-

2147 987 2312 1042 lebris
2351 983 2708 1054 Epiphanius,
2734 981 2830 1035 toti
2863 980 3117 1049 deinceps
3143 978 3449 1048 posteritati
3492 975 3721 1032 innotuit

2147 1079 2366 1150 scriptis
2390 1077 2543 1132 libris
2577 1089 2810 1145 quorum
2851 1073 3064 1143 primus
3113 1067 3216 1125 fuit
3256 1081 3418 1141 quem
3451 1070 3726 1140 appellant

2147 1169 2504 1232 Ancoratum,
2553 1175 2839 1239 propterea
2891 1161 3038 1235 quod
3087 1165 3348 1229 animum,
3405 1161 3476 1216 de
3527 1163 3636 1215 vita
3666 1178 3728 1216 ac

2149 1265 2323 1319 salute
2361 1260 2677 1325 sollicitum,
2714 1259 2890 1314 inStar
2932 1271 3147 1312 ancora
3195 1255 3396 1311 iirmat.
3427 1253 3561 1325 Ejus
3592 1255 3729 1310 Scri-

2149 1355 2310 1411 bendi
2339 1354 2464 1408 data
2489 1351 2591 1422 ipsi
2612 1351 2833 1406 occasio
2854 1353 2938 1404 es‘t
2971 1351 3068 1420 per
3095 1365 3114 1401 ‹
3143 1348 3428 1420 epistolam
3466 1348 3726 1416 scriptam

2149 1462 2180 1502 e
2220 1445 2543 1515 Pamphilio,
2569 1455 2633 1497 ex
2667 1441 2866 1512 Oppido
2899 1437 3121 1496 Suetlris
3155 1456 3184 1494 a
3220 1434 3474 1503 Tarsitto,
3505 1437 3732 1492 Maditio

2150 1546 2204 1594 et
2256 1537 2377 1592 aliis
2420 1533 2750 1606 presbyteris
2795 1548 2938 1586 anno
2983 1530 3053 1586 90
3106 1529 3445 1597 Diocletiani,
3489 1528 3733 1584 Valentis

2155 1641 2332 1684 verox
2369 1637 2422 1682 et
2447 1626 2690 1682 Gratiani
2715 1640 2790 1688 vr,
2833 1643 2852 1676 ι
2886 1625 2978 1694 qui
3012 1624 3115 1678 fuit
3152 1621 3358 1679 Christi
3392 1622 3516 1678 5T5.
3553 1619 3731 1694 Ipsam

2147 1723 2432 1792 epistolam
2469 1728 2596 1775 ante
2626 1731 2766 1788 opus
2799 1719 2983 1774 videre
3029 1728 3132 1784 est,
3174 1733 3283 1773 una
3325 1733 3450 1772 cum
3497 1716 3729 1788 epistola

2145 1813 2374 1868 Palladii
2411 1811 2720 1881 cujusdam,
2748 1821 2806 1865 ut
2833 1827 2898 1865 ex
2929 1809 3192 1880 rescripto
3208 1818 3431 1879 apparet
3455 1809 3733 1877 monachi,

2145 1907 2244 1978 τῆς
2287 1905 2456 1974 αὐτῆς
2516 1903 2722 1967 πόλεως
2769 1902 3043 1974 Σουέδρων
3079 1902 3518 1973 πολιτευομένου,
3582 1888 3732 1973 quOd

2148 1999 2364 2053 mallem
2401 2016 2418 2048 (
2467 1997 2522 2051 in
2567 1997 2760 2052 eadem
2807 1991 3142 2049 Sucdrorum
3186 1994 3321 2048 urbe
3362 1995 3736 2060 habitantem,

2147 2104 2312 2161 quam
2346 2087 2479 2142 inibi
2517 2087 2844 2156 magistratu
2882 2087 3065 2156 aliquo
3101 2084 3446 2155 perfunctum
3477 2096 3574 2140 aut
3612 2085 3741 2142 iun—

2149 2191 2362 2253 gentem
2392 2199 2411 2232 ι
2447 2189 2682 2234 vertere.
2734 2176 3018 2232 M‘overant
3060 2189 3243 2231 autem
3275 2192 3393 2244 eos,
3439 2178 3531 2248 qui
3577 2191 3741 2235 antea

2150 2287 2376 2328 suorum
2431 2271 2631 2325 multos
2692 2268 2761 2323 ab
2812 2283 3000 2323 errore
3061 2268 3326 2324 abductos
3390 2271 3740 2340 gaudebant,

2155 2381 2175 2414 ι
2212 2364 2449 2433 acceptis
2496 2379 2528 2417 a
2580 2362 2740 2416 beato
2792 2376 2856 2415 ac
2911 2358 3085 2416 felicis
3144 2361 3420 2415 memoriae
3474 2363 3744 2432 episeopo

2150 2455 2452 2511 Athanasio
2501 2464 2556 2509 et
2609 2454 2677 2508 ab
2728 2452 3142 2523 religiosissimo
3189 2453 3478 2523 Epiphanii
3533 2455 3745 2525 collega

2152 2546 2442 2601 Procliano
2473 2545 2691 2607 litteris,
2732 2562 2750 2594 ι
2790 2552 2850 2597 ιιι
2886 2542 2954 2597 ad
2987 2542 3163 2611 ipsum
3198 2539 3562 2612 Epiphanium
3594 2559 3747 2598 nunc

2152 2647 2519 2701 recurrerent,
2569 2646 2788 2691 mortuo
2820 2645 2946 2690 ante
2991 2635 3272 2690 biennium
3317 2636 3643 2700 Athanasio,
3690 2645 3745 2690 et

2154 2728 2441 2783 Procliano
2479 2727 2634 2781 aliter
2669 2725 2929 2796 impedito
2958 2744 2970 2779 :
3005 2735 3307 2785 moverant,
3367 2726 3612 2796 inquam,
3646 2742 3747 2782 eos

2162 2839 2180 2871 ‹
2207 2816 2562 2874 conscelerati
2590 2816 2857 2886 dogmatis
2883 2815 3148 2884 reliquiae,
3171 2815 3312 2886 apud
3333 2815 3624 2870 nonnullos
3649 2817 3748 2871 ad-

2157 2911 2264 2966 huc
2295 2911 2637 2980 superstites,
2677 2927 2697 2960 ι
2727 2908 3215 2977 compulerantque
3235 2923 3427 2977 rogare
3450 2919 3510 2962 ut
3540 2921 3595 2964 et
3625 2910 3750 2981 ipse

2167 3019 2186 3055 ‹
2223 3003 2289 3057 ad
2321 3018 2511 3057 eorum
2557 2999 2858 3056 Ecclesiam
2909 3001 3119 3055 litteras
3166 3003 3296 3055 dare
3333 3018 3439 3056 non
3483 3018 3749 3072 gravare-

481 3084 847 3142 coinmunico.
878 3081 957 3136 Ex
983 3097 1092 3151 quo
1127 3083 1322 3136 iterum
1365 3082 1676 3137 contristati
1715 3083 1967 3137 abierunt
2003 3084 2055 3135 in
2084 3066 2126 3122 Ο
2162 3104 2268 3157 tu...
2302 3113 2321 3147 ,
2356 3110 2420 3149 ac
2460 3081 2664 3149 νεοιείηι
2713 3093 2871 3148 ﬁdem
2915 3093 3139 3148 uberius
3183 3066 3510 3163 explicare:
3532 3092 3748 3165 οοεηιει

481 3177 823 3232 Antiochiam
857 3175 924 3229 ad
967 3173 1466 3244 archiepiscopum,
1492 3183 1548 3229 et
1574 3174 1829 3229 dixerunt
1866 3176 1916 3228 ei
1946 3188 2060 3227 om-

485 3271 573 3322 nia
596 3285 716 3338 qua
742 3268 882 3322 facta
915 3265 1129 3319 fuerant
1170 3266 1314 3319 circa
1355 3281 1445 3332 se;
1478 3275 1533 3320 et
1563 3266 1655 3320 ille
1688 3267 1938 3320 similiter
1966 3280 2062 3318 ex-

483 3357 906 3410 rommunicavit
930 3371 1048 3410 eos.
1082 3355 1147 3408 Et
1176 3354 1435 3408 dixerunt
1462 3355 1528 3408 ad
1557 3357 1765 3426 scipsos
1802 3375 1815 3409 :
1858 3354 2059 3409 Eamus

483 3444 716 3500 Romam
747 3446 812 3499 ad
844 3447 1239 3515 patriarcham,
1270 3455 1324 3498 et
1355 3447 1468 3515 ipse
1515 3461 1615 3500 nos
1654 3446 1951 3500 vindicabit
1993 3446 2061 3500 de

486 3537 743 3591 omnibus
771 3537 910 3590 istis.
939 3537 1367 3605 Abierunt‘ergo
1394 3537 1460 3590 ad
1489 3553 1764 3591 summum
1801 3539 2064 3607 archiepi-

488 3643 712 3696 scopum
748 3627 1006 3681 liomanae
1039 3628 1300 3690 civitatis,
1329 3636 1383 3682 et
1423 3639 1811 3699 suggesserunt
1845 3629 1893 3684 ei
1940 3645 2063 3698 qua:

489 3717 728 3773 fecerant
757 3719 837 3772 eis
867 3719 1150 3773 memorati
1185 3710 1602 3789 archiepiscopi,
1635 3721 1877 3777 dicentes
1912 3742 1924 3777 :
1957 3719 2062 3776 Ve-
2113 3753 2116 3755 λ

487 3812 670 3864 nimus
695 3811 761 3864 ad
800 3820 870 3872 te,
915 3812 1043 3880 quia
1074 3818 1130 3864 tu
1173 3825 1233 3866 es
1277 3823 1440 3882 caput
1475 3812 1750 3868 omnium.
1788 3812 1928 3868 Dicit
1965 3827 2064 3868 au-

491 3912 596 3954 tem
623 3909 677 3955 et
693 3901 773 3956 eis
805 3901 920 3971 ipse
949 3923 960 3956 :
989 3901 1100 3972 Ego
1147 3918 1242 3958 vos
1270 3905 1687 3959 excommunico
1717 3913 1770 3960 et
1797 3905 2064 3977 segregati

487 3991 640 4046 estis.

557 4082 648 4135 27.
700 4101 720 4133 ι
749 4081 902 4136 Tunc
929 4081 1245 4137 defecerunt
1269 4084 1728 4139 excommunicati
1773 4087 1938 4141 totius
1971 4102 2063 4140 ra-

491 4175 656 4228 tionis
679 4183 730 4228 et
759 4175 1013 4229 dixerunt
1045 4175 1113 4229 ad
1148 4176 1470 4245 semetipsos
1505 4174 1635 4231 :lsti
1685 4178 1925 4248 episc0pi
1961 4179 2066 4234 sibi

495 4265 724 4318 invicem
752 4263 1094 4330 deferuntet
1128 4267 1500 4331 consentiunt,
1551 4277 1772 4337 propter
1817 4268 1964 4336 quod
2010 4269 2064 4322 in

2161 3197 2343 3242 autem
2380 3187 2532 3250 illud,
2559 3195 2617 3241 ut
2641 3197 2705 3241 ex
2736 3185 2964 3255 epistola
2998 3183 3221 3239 Palladii
3253 3185 3592 3252 intelligitur,
3625 3183 3745 3240 Eu-

2164 3278 2552 3332 nomianorum
2581 3276 2704 3340 fuit,
2741 3295 2760 3327 ι
2795 3278 2987 3331 inanes
3014 3285 3068 3331 et
3097 3276 3364 3331 absurdus
3411 3279 3750 3347 quaestiones

2161 3371 2228 3425 de
2263 3371 2467 3439 Spiritu
2510 3381 2699 3425 sancto
2732 3372 3093 3434 moventium,
3141 3371 3567 3440 negantiumque
3615 3386 3747 3426 eum

2163 3479 2286 3517 cum
2324 3462 2608 3516 divinitate
2641 3462 3035 3531 dominatuque
3066 3461 3236 3530 gloria
3277 3461 3439 3515 simul
3490 3461 3628 3516 aiIici
3686 3479 3750 3518 ac

2162 3553 2445 3622 przedicari
2473 3563 2757 3622 oportere;
2790 3553 2882 3606 sed
2920 3552 2973 3606 iit
3014 3553 3248 3607 ministri
3281 3554 3524 3608 nuntiive
3555 3553 3747 3608 haberi

2165 3645 2305 3707 loco,
2331 3645 2442 3699 imo
2481 3646 2644 3699 etiam
2693 3645 2954 3699 humilius
2998 3644 3220 3714 aliquod
3264 3647 3645 3716 abjrctiusque
3684 3647 3750 3704 de

2165 3737 2284 3806 ipso
2315 3735 2687 3791 sentientium.
2721 3734 2932 3802 Quibus
2957 3737 3023 3790 de
3057 3737 3260 3802 causis,
3301 3756 3319 3788 i
3357 3738 3532 3808 inquit
3564 3737 3750 3794 Palla-

2166 3831 2310 3896 dius,
2352 3847 2370 3880 ‹
2407 3830 2489 3904 sic
2517 3839 2774 3899 tanquam
2820 3830 3150 3883 inconstanti
3185 3829 3484 3900 jactatione
3509 3848 3575 3887 ac
3603 3832 3745 3888 dilli—

2165 3923 2254 3976 cili
2293 3932 2612 3992 tempestate
2657 3921 3018 3988 ﬂuctuantes;
3059 3937 3182 3976 cum
3223 3923 3499 3976 neminem
3556 3923 3649 3980 hic
3683 3927 3746 3981 ad

2166 4028 2260 4068 eas
2302 4013 2679 4068 dissolvendas
2716 4015 3049 4083 quastioncs
3103 4029 3168 4068 ac
3211 4029 3399 4068 sanam
3438 4016 3599 4070 Iidem
3647 4034 3747 4072 ex-

2167 4104 2470 4172 ponendam
2504 4104 2758 4157 idoneum
2780 4104 3019 4172 reperire
3050 4105 3355 4173 possimus;
3387 4106 3453 4160 ad
3487 4106 3746 4175 pietatem

2161 4198 2318 4244 tuam
2349 4191 2416 4245 de
2447 4192 2549 4247 hoc
2581 4193 2798 4262 negotio
2831 4191 3031 4247 referre
3057 4196 3229 4250 coacti
3281 4212 3494 4259 sumus,
3525 4207 3588 4250 ut
3631 4214 3747 4252 ine-

2169 4283 2273 4336 rito
2301 4293 2354 4337 et
2381 4283 2524 4336 illam
2554 4300 2738 4338 vocem
2773 4301 3035 4356 usurpare
3053 4288 3331 4359 possimus
3363 4308 3376 4343 :
3413 4284 3748 4359 Praeceptor,

493 4355 716 4426 synodis
745 4368 1177 4426 congregantur;
1210 4360 1304 4414 sed
1353 4374 1545 4414 eamus
1591 4361 1656 4413 ad
1704 4360 1854 4413 illum
1886 4361 2050 4414 virum

2171 4391 2326 4430 serva
2359 4391 2479 4431 nos.
2503 4375 2869 4442 Quamobrem
2907 4379 2960 4433 id
3002 4397 3100 4450 pro
3134 4381 3346 4435 sincera
3383 4390 3474 4436 tua
3509 4398 3578 4435 ac
3599 4393 3747 4436 recta

493 4445 588 4500 Dei
643 4445 700 4499 S.
767 4444 1162 4516 Epiphanium,
1213 4451 1680 4520 archiepiscopum
1731 4451 1799 4504 de
1857 4451 2059 4522 Cypro,

494 4539 622 4606 quia
648 4538 907 4607 prapheta
938 4549 1040 4603 est,
1067 4551 1121 4594 et
1155 4555 1444 4609 personam
1475 4542 1714 4598 hominis
1755 4559 1862 4597 non
1915 4545 2062 4600 acci-

495 4630 591 4696 pit.
643 4628 780 4681 Cum
839 4637 1021 4682 autem
1067 4631 1575 4698 appropinquarent
1631 4633 1864 4688 civitatis
1920 4633 2060 4704 ejus,

494 4720 792 4773 revelatum
813 4730 897 4775 est
927 4721 976 4774 ei
1003 4721 1069 4776 de
1101 4722 1232 4790 ipsis
1266 4741 1280 4776 :
1312 4735 1365 4777 et
1410 4719 1633 4781 mittens
1675 4728 1729 4780 in
1765 4742 2060 4784 occursum

494 4823 685 4862 eorum
723 4807 860 4862 dixit
891 4830 905 4864 ε
933 4808 1011 4864 Ne
1046 4811 1258 4866 intretis
1293 4812 1348 4866 in
1379 4815 1652 4870 civitatem
1696 4817 1879 4872 istam.
1907 4818 2062 4874 Tunc

497 4901 568 4955 illi
595 4901 647 4956 in
679 4918 738 4958 se
772 4903 994 4970 reversi,
1026 4905 1281 4960 dixerunt
1312 4925 1324 4961 :
1355 4905 1462 4962 Pro
1492 4909 1716 4964 veritate
1747 4927 1847 4966 nos
1875 4913 2062 4983 culpa-

494 4995 628 5053 biles
667 5012 878 5065 sumus,
916 5008 974 5053 ut
1012 4999 1138 5070 quid
1165 5015 1297 5072 ergo
1327 5019 1428 5057 nos
1465 5002 1614 5073 ipsos
1642 5003 2060 5074 justiﬁcamus?

495 5086 599 5142 Fac
627 5091 789 5143 etiam
843 5092 969 5160 quia
1016 5093 1090 5146 illi
1141 5094 1343 5164 injuste
1391 5113 1493 5151 nos
1544 5103 2061 5158 exeommunicavc-

498 5185 642 5240 runt,
673 5183 916 5249 nunquid
938 5193 991 5237 et
1011 5183 1114 5238 iste
1143 5187 1442 5256 propheta?
1465 5205 1592 5243 ecce
1623 5192 1768 5245 enim
1799 5192 1940 5248 Deus
1980 5210 2059 5248 rc-

501 5270 688 5324 velavit
707 5272 780 5324 illi
813 5273 880 5327 de
907 5276 1081 5331 nobis.
1110 5276 1177 5331 Et
1213 5281 1677 5348 reprehenderunt
1734 5289 2060 5358 semetipsos

503 5362 649 5415 valde
686 5363 753 5418 de
787 5365 941 5433 culpa
992 5383 1154 5437 quam
1207 5371 1469 5426 fecerunt.
1527 5372 1682 5430 Tunc
1720 5379 1912 5434 videns
1961 5381 2057 5450 qui

497 5451 658 5505 corda
687 5455 858 5520 novit,
889 5455 1014 5525 quia
1051 5473 1149 5527 pro
1195 5460 1425 5516 veritate
1469 5479 1529 5519 se
1572 5456 1869 5535 culpabiles
1917 5467 2064 5524 fece-

495 5547 912 5607 rant,revelavit
942 5552 1196 5622 episcopo
1228 5552 1571 5624 Epiphanio;
1617 5566 1671 5612 et
1720 5560 1862 5614 ultro
1911 5563 2061 5618 misit

495 5646 549 5688 ct
589 5637 814 5692 adiurit
843 5655 954 5702 eos.
988 5651 1041 5697 et
1067 5651 1380 5702 consolatus
1407 5661 1502 5702 eos
1541 5651 1778 5720 suscepit
1821 5652 1872 5704 in
1911 5667 2061 5708 com-

2171 4467 2275 4523 ﬁde
2311 4483 2342 4522 a
2367 4476 2418 4522 te
2444 4471 2701 4538 petimus,
2734 4486 2897 4539 quam
2940 4472 3180 4526 secunda
3213 4471 3323 4542 jam
3358 4467 3569 4526 dudum
3604 4469 3750 4527 fama

2171 4573 2224 4615 et
2253 4561 2571 4614 idoneorum
2595 4562 2836 4616 virorum
2869 4563 3176 4618 testimonia
3213 4562 3412 4632 passim
3435 4563 3749 4629 Celebrant;

2172 4652 2316 4706 utad
2344 4652 2488 4722 quod
2522 4669 2721 4708 munus
2749 4655 3059 4709 obeundum
3090 4671 3122 4710 a
3162 4653 3444 4710 Salvatore
3477 4658 3751 4712 constitu-

2173 4754 2260 4798 tus
2285 4761 2366 4809 es,
2389 4750 2524 4800 hanc
2557 4755 2798 4800 nostram
2826 4747 3186 4802 hortationem
3215 4747 3526 4802 humaniter
3550 4749 3749 4804 admit-

2174 4843 2304 4896 tere,
2337 4844 2389 4889 ct
2418 4837 2547 4904 quid
2587 4837 2652 4891 de
2698 4836 2963 4894 Trinitate
3011 4839 3083 4894 sit
3125 4841 3482 4913 credendum,
3523 4840 3757 4896 uberius-

2171 4928 2304 4982 velis
2335 4930 2681 4998 apertiusque
2710 4931 2999 4988 disserere.
3037 4952 3055 4985 ι
3089 4931 3212 4988 Ηωο
3244 4942 3298 4988 et
3329 4937 3433 4989 alia
3467 4938 3570 4991 illi.

2241 5018 2330 5072 29.
2360 5018 2696 5088 Epiphanius
2744 5037 2874 5077 vero
2913 5023 3253 5093 respondens
3303 5035 3416 5080 tum
3459 5028 3592 5095 illis,
3637 5037 3748 5082 tum

2171 5110 2434 5164 Numerio
2479 5114 2807 5184 presbytero,
2847 5121 2901 5170 et
2941 5113 3201 5170 Severino
3255 5118 3548 5181 monacho,
3604 5134 3748 5188 quo-

2173 5217 2296 5278 rutn
2326 5205 2546 5256 nomina
2589 5205 2673 5258 vel
2711 5205 3032 5260 exciderunt
3059 5221 3090 5261 e
3145 5208 3317 5262 titulis
3363 5208 3754 5277 epistolarum,

2172 5295 2255 5347 vel
2284 5295 2500 5348 aliunde
2529 5306 2654 5350 nota
2686 5297 2890 5351 amoris
2919 5297 3255 5369 honorisque
3275 5314 3404 5370 ergo
3437 5301 3749 5371 adjungun-

2175 5395 2262 5439 tur
2321 5383 2482 5450 ultro,
2537 5389 2712 5456 primo
2758 5403 3032 5445 excusans
3090 5409 3109 5443 ι
3169 5391 3445 5463 ingenium
3497 5411 3516 5444 ι
3565 5410 3750 5464 suum.

2179 5496 2197 5527 ι
2244 5477 2389 5546 quod
2424 5477 2694 5545 abjectum
2725 5488 2779 5532 et
2810 5479 3037 5545 humile,
3071 5481 3126 5536 in
3165 5484 3348 5554 quiete
3375 5484 3604 5556 otioque
3635 5501 3748 5541 ver-

2174 5567 2283 5621 sari
2323 5575 2584 5635 perpetuo
2608 5566 2880 5634 studebat,
2914 5586 3092 5643 neque
3119 5589 3241 5631 sese
3272 5575 3414 5630 ultra
3446 5592 3615 5647 quam
3653 5593 3748 5648 par

2173 5668 2256 5713 est
2279 5659 2588 5728 extendere;
2638 5680 2656 5712 ι
2700 5677 2890 5718 eorum
2941 5679 3119 5723 tamen
3171 5669 3407 5724 stimulis
3450 5671 3746 5742 impulsum
