3972 6070
91 113 179 168 153

1103 118 1162 171 S.
1190 117 1536 174 EPIPIIANII
1577 121 1761 175 ACTA
1802 122 2309 178 BULLANDIANA.

3232 139 3337 196 in

87 232 378 298 se.fatctur,
424 251 446 286 ι
483 243 545 290 ut
569 235 644 290 ad-
675 234 728 289 id
755 235 901 305 quod
938 236 1071 295 utile
1102 251 1166 296 ac
1206 240 1550 298 fructuosum
1575 251 1660 298 est
1689 248 1736 306 Α
1763 242 2025 300 adversus
2055 244 2348 300 falsitatem
2393 262 2490 316 pro
2526 247 2755 306 veritate
2792 249 3099 310 decertanst
3138 251 3338 311 Brevea

86 328 374 381 excitatum
401 326 648 381 animum
684 327 1126 385 transferret"...
1170 332 1386 391 demittis
1429 351 1452 389 ν
1486 335 1656 400 enim’,

88 419 270 489 inquit,
331 437 351 470 ι
409 419 688 487 precibus,
717 435 857 489 quas
905 437 1015 476 non
1066 439 1274 494 paucas
1319 427 1661 495 pertulerunt

84 511 286 580 Conops
322 508 483 564 frater
524 518 691 578 atque
730 510 1165 582 compresbyter,
1225 513 1431 582 aliique
1478 513 1659 584 ipsum

87 602 260 667 secuti,
302 615 516 669 vosque
547 599 860 655 charissimi
909 600 1030 669 iii-ii,
1091 617 1194 658 nec
1241 618 1351 658 non
1397 603 1659 676 Hypatius

88 694 214 746 illius
251 703 462 755 noster,
498 691 592 761 qui
641 691 712 746 ad-
754 707 842 746 me
882 703 1172 763 propterea
1206 710 1273 750 ex
1304 689 1546 766 [Egypto
1567 706 1659 751 ve-

88 786 182 848 nit;
209 800 332 838 cum
366 794 446 838 tot
487 783 548 837 in
597 783 742 838 idem
776 783 1042 852 suifragia
1084 786 1433 842 consensisse
1470 799 1659 842 cerusa

91 895 217 943 rem;
253 888 434 931 mente
461 877 756 945 animoque
797 886 1110 933 commotus
1157 887 1416 947 reputare
1444 892 1658 933 meeum

91 971 186 1040 ipse
223 969 391 1039 ccepi,
425 984 492 1024 ac
540 969 758 1024 tandem
801 969 947 1024 istud
985 969 1122 1024 mihi
1163 979 1410 1040 prompte
1452 978 1506 1023 et
1541 970 1657 1023 ala-

89 1060 231 1114 criter
257 1058 574 1114 iaciendum
601 1074 724 1114 esse
759 1057 998 1124 decrevi,
1032 1069 1095 1114 ut
1129 1076 1233 1131 pro
1263 1075 1329 1115 eo
1353 1075 1416 1114 ac
1448 1075 1545 1130 per
1569 1062 1659 1116 iit-

90 1165 215 1208 tcras
234 1153 583 1223 postulastis,
613 1152 680 1207 ad
720 1149 864 1208 hanc
902 1153 1060 1208 vobis
1091 1168 1194 1222 pro
1219 1164 1408 1207 vestro
1441 1154 1658 1209 deside-

90 1247 160 1300 rio
183 1245 526 1301 scribendam
549 1245 866 1316 epistolam,
893 1245 1076 1299 tenuis
1100 1245 1225 1300 licet
1254 1254 1308 1300 et
1332 1245 1654 1310 imbecillus,

90 1338 193 1392 sine
237 1338 346 1391 ulla
391 1335 847 1406 tergiversatione
890 1350 976 1389 me
1020 1336 1351 1391 conferrem.
1391 1355 1410 1387 ι
1452 1328 1522 1390 Ut
1559 1351 1659 1389 au-

93 1440 183 1482 tem
205 1429 412 1482 dicitur
458 1429 514 1482 in
551 1430 753 1499 praevia
803 1425 1061 1499 Synopsi,
1102 1445 1120 1480 ι
1177 1428 1488 1498 complures
1521 1443 1658 1498 opus

94 1522 201 1585 hoc,
238 1536 257 1572 ι
290 1519 437 1591 quod
457 1519 665 1589 justius
690 1518 890 1573 librum
923 1528 1088 1588 quam
1115 1518 1403 1588 epistolam
1432 1517 1655 1579 dixeris,

1761 349 1893 390 sane
1915 341 2043 391 sunt
2082 336 2135 390 hi
2168 337 2356 401 libelli,
2385 339 2504 393 etsi
2532 325 2586 393 in
2624 357 2792 395 unum
2831 341 3070 397 libellum
3096 346 3346 412 redigan-

1764 433 1870 490 tur,
1903 425 2138 493 necipsc
2165 425 2271 478 erit
2309 426 2513 480 nostris
2553 427 2635 481 vel
2680 429 2913 482 aliorum
2967 432 3335 499 quorumdam

1760 514 1920 568 libris
1952 513 2288 585 longitudine
2325 518 2748 584 comparandus.
2787 518 2962 588 liujus
3021 521 3339 578 brevitatem

1761 606 1812 661 si
1869 605 2022 660 inero
2074 607 2126 660 in
2177 607 2477 662 lneresibus
2524 613 3021 668 commemorandis
3070 615 3336 680 imitatus,

1760 699 1891 769 quid
1915 715 1944 753 a
1977 715 2063 753 me
2091 700 2313 754 brevius
2359 701 2634 768 postulare
2667 703 2749 756 vel
2782 717 3097 774 exspectare
3135 707 3338 762 debeas

1762 799 1871 842 non
1895 788 2142 844 habebis.
2182 808 2201 840 ι
2236 789 2302 842 Et
2328 773 2547 843 rursum
2579 790 2694 859 ipso
2737 794 2788 845 in
2842 804 3095 851 contextu
3144 797 3336 852 haeresi

1759 889 1868 931 Lm
1905 895 1917 930 :
1958 895 1976 928 ι
2033 877 2265 934 Proinde
2315 878 2652 949 Epiphanius
2676 882 2741 935 de
2767 886 3078 955 octuaginta
3117 889 3339 942 brerrsi-

1759 967 1884 1032 bus,
1923 968 2134 1037 viginti,
2165 984 2304 1038 quas
2331 977 2459 1023 ante
2485 969 2699 1024 Domini
2719 972 3012 1028 adventum
3039 976 3338 1042 exstitisse,

1759 1059 1903 1115 sicut
1936 1060 1984 1114 ei
2007 1061 2182 1115 visum
2218 1069 2322 1126 est,
2361 1065 2728 1131 computavit:
2773 1065 3014 1135 reliquas
3068 1078 3192 1136 post
3235 1067 3334 1122 Do-

1759 1153 1895 1207 mini
1931 1168 2220 1208 ascensum
2252 1163 2409 1207 natas
2458 1155 2762 1224 sexaginta,
2795 1156 3136 1212 brevissimis
3178 1158 3336 1213 libris

1761 1243 2004 1313 quinque
2031 1242 2462 1312 comprehendit,
2496 1254 2657 1314 atque
2692 1261 2885 1302 omnes
2929 1248 2981 1302 in
3036 1263 3128 1302 sex
3186 1249 3339 1310 libris

1762 1335 1928 1388 totius
1955 1334 2197 1404 ejusdem
2230 1335 2314 1387 sui
2343 1335 2522 1404 operis
2566 1334 2692 1391 iecit
2743 1338 3016 1392 concludi.
3059 1359 3076 1390 ι
3113 1338 3342 1393 Miratur

1759 1422 2105 1487 Petavius,et
2134 1423 2326 1477 merito
2357 1424 2610 1488 miratur,
2633 1425 2757 1479 talia
2782 1425 2848 1479 de
2875 1427 3180 1496 Epiphanio
3210 1429 3340 1482 scri-

1761 1516 1890 1570 bere
1938 1514 2330 1584 Augustinum,
2394 1529 2416 1566 (
2462 1516 2556 1585 qui
2606 1532 2707 1571 nec
2764 1517 2896 1572 illud
2946 1519 3148 1588 ipsum,
3195 1519 3341 1588 quod

99 1630 117 1660 ι
149 1584 262 1666 ﬁdei
496 1611 764 1672 continet,
809 1619 870 1663 ut-
907 1584 1036 1680 puta
1085 1584 1164 1663 de
1200 1607 1401 1674 Patris,
1437 1608 1559 1662 Filii
1592 1621 1656 1663 ac
1692 1584 1733 1642 Β
1762 1607 2027 1662 omissum
2051 1606 2120 1660 ab
2141 1621 2227 1669 co,
2261 1615 2290 1659 a
2319 1621 2377 1659 se
2406 1584 2535 1660 vero
2561 1606 2767 1661 factum;
2799 1609 2862 1662 iri
2888 1584 3122 1673 dixerat,
3158 1584 3342 1664 nt—ad-

98 1701 312 1771 Spiritus
339 1703 518 1757 sancti
567 1717 678 1756 una
724 1702 1025 1769 cadentque
1077 1701 1405 1766 substantia,
1444 1699 1510 1755 de
1536 1715 1659 1769 per.

97 1792 216 1848 lecta
241 1794 444 1849 Christi
469 1792 876 1858 incarnatione,
910 1792 976 1846 dc
1019 1801 1360 1846 mortuorum
1410 1805 1660 1846 resurre-

94 1889 274 1950 ctione,
302 1887 370 1943 de
401 1897 608 1942 materna
640 1887 748 1941 vita
791 1901 856 1941 ac
892 1885 1103 1955 judicio
1146 1885 1341 1938 animae
1381 1884 1583 1954 pariter
1608 1893 1664 1940 et

95 1980 359 2048 corporis;
387 1987 503 2032 mm
533 1977 799 2033 adversus
825 1977 966 2031 idola
989 1975 1338 2044 haereseSque
1363 1975 1659 2046 sigillatim,

33 2102 40 2143 ;
97 2082 359 2128 accuntra
407 2068 631 2126 Judaeos'
667 2081 1005 2139 carterosque
1056 2067 1334 2137 disputat;
1386 2067 1660 2137 octoginta

94 2179 246 2233 porro
279 2163 562 2218 hareseon
597 2162 822 2216 nomina
851 2158 1274 2229 complectitur;
1305 2159 1542 2228 denique
1566 2175 1662 2214 va—

94 2257 194 2310 rias
219 2255 282 2309 de
312 2253 619 2325 Scriptor-is
653 2255 828 2311 sacris
863 2252 1198 2322 quaestiones
1230 2250 1470 2317 exponit.
1515 2269 1534 2304 ι

153 2348 241 2402 δε.
267 2344 470 2401 Verum
506 2346 612 2401 hoc
669 2343 816 2416 quod
876 2343 945 2398 de
1009 2341 1313 2396 hzeresibus
1369 2340 1564 2394 dicitur
1608 2339 1663 2394 in

96 2438 318 2509 Synopsi
345 2438 628 2503 Ancorati,
662 2453 807 2492 nunc
834 2437 888 2490 in
915 2435 1036 2506 ipso
1064 2438 1336 2488 Aucorato
1370 2447 1476 2492 non
1507 2448 1667 2502 repe-

95 2532 268 2584 ritur:
313 2531 485 2585 fuisse
530 2538 713 2584 tamen
753 2529 810 2583 in
863 2542 930 2582 eo
980 2526 1278 2581 verisimile
1328 2525 1478 2588 facit,
1519 2524 1666 2594 quod

98 2640 117 2672 ς
151 2621 381 2676 Aeacius
403 2630 459 2675 et
490 2618 716 2684 Paulus,
778 2617 1082 2689 presbyteri
1129 2625 1183 2670 et
1226 2614 1668 2670 arebimandritze

99 2712 549 2767 monasteriorum
599 2711 652 2763 in
695 2709 946 2778 partibus
975 2705 1349 2761 Carchedonis
1378 2714 1431 2759 et
1462 2698 1668 2758 Beroea:

97 2803 145 2855 in
171 2803 490 2873 Caelesyria,
521 2819 540 2852 ι
569 2800 832 2870 grandius
855 2799 922 2854 de
951 2797 1142 2853 eodem
1175 2808 1500 2867 argumento
1529 2810 1669 2866 opus

97 2894 160 2946 ab
187 2908 254 2949 eo
284 2892 651 2964 postulantes,
677 2910 694 2942 ι
735 2905 882 2945 anno
926 2883 1248 2944 Diocletiani
1288 2886 1378 2951 92,
1429 2885 1668 2942 Valenti-

99 2983 239 3037 niani
273 2993 330 3038 et
369 2980 615 3037 Valentis
653 2981 742 3046 12,
790 2980 1033 3036 Gratiani
1067 2979 1122 3043 8,
1163 2997 1184 3032 ι
1218 2977 1312 3049 qui
1359 2987 1441 3032 est
1493 2993 1672 3035 annus

97 3071 288 3132 Christi
315 3076 424 3130 375
454 3057 661 3139 dicant,
691 3087 713 3124 ι
743 3071 977 3128 Nomina
1015 3072 1236 3142 quidem
1277 3071 1395 3142 ipsa
1419 3083 1540 3140 qua:
1568 3086 1599 3125 a
1627 3080 1678 3127 te

101 3177 220 3223 sunt
272 3167 579 3222 ba-rcsibos
645 3165 898 3236 imposita
954 3163 1069 3234 jam
1129 3163 1474 3228 audivimus;
1532 3179 1678 3218 nunc

102 3259 534 3329 uniuscujusque
567 3266 728 3313 sectae
760 3255 960 3324 dogma
1009 3254 1298 3324 perspicue
1329 3253 1597 3308 declarari
1644 3267 1675 3308 a

103 3358 186 3404 tua
216 3353 416 3422 pietate
451 3349 728 3419 cupimus.
771 3367 790 3400 ι
823 3345 938 3401 lioc
972 3355 1155 3401 autem
1192 3346 1374 3416 posito
1403 3345 1548 3416 quod
1577 3359 1678 3399 no-

104 3440 237 3495 mina
261 3441 354 3496 illa
384 3440 641 3512 primitus
672 3438 876 3494 iuerint
901 3438 955 3492 in
1001 3441 1291 3503 Ancorato,
1324 3453 1676 3508 consequens

104 3529 232 3586 iuret
257 3534 559 3601 ipsummet
587 3529 980 3600 Epiphaniam,
1013 3531 1158 3585 hunc
1188 3527 1389 3584 librum
1421 3537 1548 3599 post
1575 3544 1678 3582 an-

103 3638 198 3679 nos
219 3640 312 3680 sex
345 3625 434 3680 vel
468 3634 595 3680 octo
633 3633 1139 3694 recognoscentem,
1193 3621 1320 3676 inde
1362 3621 1675 3686 Sustulisse,

103 3717 238 3776 καί
265 3718 378 3787 jam
401 3716 533 3771 alibi
560 3715 775 3784 plenius
799 3714 1219 3784 ordinatiusque
1254 3721 1532 3768 tractarat.
1563 3711 1678 3767 Ma-

107 3815 191 3857 Ict
216 3805 578 3860 nihilominus
610 3803 745 3858 mihi
793 3804 1111 3873 serupulus,
1155 3817 1224 3858 ne
1257 3817 1556 3874 synopseos
1579 3817 1680 3856 au-

102 3903 217 3946 ctor
237 3905 547 3963 postremas
571 3893 710 3948 duas
739 3893 933 3959 lineas,
964 3895 1031 3948 dc
1057 3895 1335 3948 haereseon
1363 3891 1678 3948 nominibus

99 3985 568 4054 dqmtionibus
607 3983 796 4050 variis,
829 3997 939 4038 non
975 3984 1222 4039 retulerit
1271 3983 1338 4037 ad
1380 3997 1676 4053 argumen-

100 4081 208 4126 tum
241 4075 526 4136 Ancoruti,
571 4074 668 4129 sed
707 4074 774 4130 ad
806 4075 930 4144 ejus
971 4083 1252 4130 auctorem
1289 4073 1676 4145 Epiphaniam,

96 4180 255 4232 quem
284 4167 534 4221 indicare
564 4165 797 4221 voluerit
837 4167 1002 4220 etiam
1039 4167 1141 4222 ista
1173 4175 1458 4221 tractasse.

1758 1712 1952 1752 versus
1977 1696 2220 1766 singulas
2249 1695 2483 1751 hau-eses
2513 1697 2822 1761 dissereret,
2868 1710 2962 1752 ant
3011 1700 3064 1753 in
3118 1701 3211 1754 illo
3275 1702 3343 1755 de

1764 1789 2063 1843 haeresihus
2123 1787 2327 1850 libello,
2379 1797 2473 1841 aut
2517 1788 2568 1840 in
2627 1789 2734 1843 alio
2784 1791 3053 1856 praestitit.
3114 1811 3133 1843 ι
3176 1791 3344 1863 Magis

1763 1882 1928 1936 etiam
1958 1881 2180 1945 mirum,
2213 1881 2360 1949 quod
2389 1880 2444 1933 in
2471 1879 2799 1933 Bibliotheca
2823 1897 2919 1935 sna
2943 1880 3192 1946 Pbotius,
3223 1893 3345 1952 post

1762 1976 2042 2030 laudatum
2071 1992 2101 2030 a
2125 1991 2182 2031 se
2207 1975 2511 2030 Panarium
2536 1973 2701 2040 dicat,
2723 1990 2874 2028 num.
2901 1975 3023 2038 124,
3061 1991 3080 2028 ‹
3114 1977 3346 2046 legimus

1763 2073 1816 2123 et
1849 2068 2174 2140 Ancoratum
2201 2066 2466 2136 ejusdem,
2526 2081 2648 2134 quae
2703 2075 2788 2120 est
2831 2082 3046 2120 summa
3096 2069 3347 2137 quaedam

1766 2159 2176 2216 Panariorum:
2223 2178 2241 2211 ι
2275 2157 2716 2228 quandoquidem
2765 2166 2916 2212 tanto
2976 2159 3129 2226 prius
3173 2163 3348 2212 Anco-

1766 2263 1943 2307 ratum
1963 2268 2126 2322 quam
2158 2251 2458 2306 Panamrm
2486 2251 2655 2306 fuisse
2682 2253 3044 2320 compositum
3076 2251 3348 2306 indubita-

1768 2345 1875 2401 bile
1905 2345 1995 2400 sit.
2027 2343 2241 2414 Legerit
2292 2345 2526 2399 fortasse
2573 2343 2803 2397 Photius
2848 2343 3344 2411 Anakephalazosin,

1767 2437 1946 2492 serius
1977 2437 2197 2506 quidem
2229 2435 2613 2515 compositam,
2641 2436 2733 2490 sed
2783 2435 2836 2488 in
2883 2436 3071 2490 eodem
3102 2433 3350 2492 fortassis

1767 2528 2044 2582 volumine
2077 2528 2336 2596 scriptam
2367 2537 2491 2582 cum
2524 2532 2807 2592 Ancorata,
2841 2527 2975 2581 citra
3026 2529 3152 2582 novi
3209 2528 3350 2583 tituli

1769 2619 2200 2685 distinctionem,
2235 2629 2400 2690 atque
2458 2619 2532 2674 ita
2576 2633 2742 2674 unum
2785 2634 2907 2673 esse
2937 2634 3075 2688 opus
3105 2621 3351 2675 credide-

1771 2714 1842 2769 rit
1889 2733 1907 2769 -.
1949 2715 2290 2783 Augustinus
2349 2722 2533 2768 autem
2575 2729 2696 2768 eam
2746 2713 2940 2782 legisse
2993 2730 3099 2766 non
3154 2715 3351 2784 potuit,

1773 2819 1899 2860 cum
1939 2805 2267 2859 divisionem
2319 2805 2483 2875 longe
2532 2805 2694 2858 aliam
2740 2804 3028 2869 invenerit,
3078 2819 3246 2874 quam
3298 2807 3352 2860 in

1698 2928 1742 2992 ε
1775 2898 1891 2968 ipsa
1923 2898 2016 2974 sit,
2053 2906 2238 2966 utpote
2271 2896 2460 2950 eadem
2493 2910 2614 2964 quae
2646 2895 2699 2948 in
2743 2890 3001 2948 Portarr'o.

1847 2986 1936 3043 52.
1979 2986 2087 3043 Sed
2132 2989 2425 3057 ipsummet
2483 2985 2847 3056 Epiphanium
2903 2987 2970 3041 de
3022 3003 3124 3042 suo
3169 3003 3354 3058 opere,

1775 3077 1921 3148 quod
1961 3079 2136 3132 solum
2185 3073 2599 3130 Graeco-Latine
2652 3074 2857 3128 editum
2916 3076 3117 3144 grande
3169 3076 3354 3146 implet
3432 3085 3452 3094 ’

1774 3167 2054 3232 volumen,
2084 3164 2372 3219 audiamus
2400 3163 2709 3232 loquentem
2740 3163 2793 3215 in
2823 3162 3053 3231 epistola
3103 3165 3170 3218 ad
3212 3163 3353 3219 Aca-

1777 3257 1923 3312 cium
1963 3266 2018 3310 et
2068 3255 2297 3310 Paulum
2359 3273 2374 3309 :
2417 3271 2434 3306 ‹
2482 3252 2751 3320 Quoniam
2799 3254 3077 3309 haeresi-on
3133 3257 3353 3310 nomina

1777 3348 1963 3403 omnia
2008 3347 2335 3402 declaranda
2380 3346 2535 3401 vobis
2570 3344 2674 3403 hoc
2717 3344 2770 3398 in
2813 3345 2953 3400 libro
2987 3346 3353 3416 suscepimus,

1777 3452 1882 3492 nec
1902 3451 2010 3491 non
2031 3435 2367 3492 exsecranda
2425 3449 2491 3490 ac
2521 3433 2729 3490 nefaria
2763 3435 2983 3490 illarum
3021 3435 3246 3508 ﬂagitia,
3273 3439 3355 3494 sic

1779 3537 2040 3597 tanquam
2090 3525 2520 3596 praesentissima
2570 3527 2819 3596 quaedam
2875 3540 3108 3595 venena,
3148 3529 3354 3600 patefa-

1778 3632 1903 3672 cere
1932 3617 2213 3682 volumus;
2238 3625 2402 3686 atque
2432 3617 2515 3671 his
2546 3618 2690 3671 velut
2715 3619 2958 3674 antidota
2981 3621 3228 3690 quaedam
3258 3637 3355 3692 op-

1778 3715 2064 3779 ponentes,
2084 3722 2206 3777 qua:
2228 3707 2309 3761 vel
2334 3707 2404 3761 iis
2425 3707 2519 3776 qui
2547 3703 2736 3762 mo'rsu
2768 3709 2918 3777 petiti
2954 3723 3083 3765 sunt
3113 3713 3356 3767 remedio

1779 3815 1901 3855 esse
1929 3799 2161 3870 possint,
2195 3798 2281 3852 vel
2309 3812 2426 3863 eos,
2459 3798 2659 3868 quibus
2685 3815 2750 3853 ne
2779 3800 3020 3854 incidant
3049 3803 3354 3870 perieulum

1779 3899 1882 3956 est,
1909 3891 2271 3961 praemuniant
2295 3898 2350 3945 et
2378 3897 2726 3955 conservent,
2772 3890 3124 3953 honestarum
3169 3907 3352 3946 rerum

1780 3982 2042 4038 studiosis
2067 3982 2448 4049 conscribere;
2490 3977 2782 4035 Panarium
2820 3981 2934 4036 sive
2963 3982 3207 4036 arculam
3235 3997 3354 4037 me-

1782 4073 1986 4138 dicam,
2021 4075 2086 4129 ad
2113 4089 2302 4128 eorum
2333 4075 2425 4144 qui
2456 4090 2485 4127 a
2509 4064 2862 4142 serpentibus
2894 4073 2985 4127 icti
3026 4082 3156 4127 sunt
3182 4087 3356 4129 reme-

1779 4165 2094 4235 dium,jure
2126 4182 2264 4236 Opus
2297 4165 2426 4220 illud
2450 4181 2514 4220 ac
2552 4165 2750 4218 librum
2798 4165 3193 4234 appellabimus
3221 4185 3235 4221 :
3259 4167 3354 4236 qui

155 4258 252 4310 3i.
284 4256 355 4313 Ut
386 4269 450 4312 ut
482 4257 572 4323 sit,
608 4257 721 4312 sive
767 4257 824 4311 in
870 4258 1160 4324 Aucorato,
1199 4258 1313 4312 sive
1359 4265 1511 4312 extra
1550 4271 1675 4312 eum
1708 4282 1753 4342 Ι)
1783 4257 1838 4310 in
1882 4266 1990 4313 tres
2020 4268 2200 4328 partes
2226 4258 2452 4322 divisus,
2482 4258 2715 4312 haereses
2741 4257 3016 4325 octoginta
3038 4257 3356 4328 complecti-

95 4351 370 4417 t'quamvis
416 4349 790 4403 vemimilius
839 4349 972 4404 mihi
1024 4349 1096 4404 sit
1147 4350 1293 4418 quod
1332 4359 1484 4404 extra
1525 4351 1674 4420 eum)

91 4439 414 4507 priusquam
442 4439 511 4494 ad
534 4455 726 4508 preces
747 4440 932 4494 Acacii
960 4449 1014 4494 et
1041 4439 1193 4494 Pauli
1223 4439 1522 4495 Ponarium
1553 4456 1676 4496 con-

87 4529 260 4594 deret,
308 4533 382 4585 de
444 4546 557 4601 quo
605 4530 771 4595 intra,
824 4531 1132 4601 composuit
1175 4531 1400 4602 aliquid,
1452 4531 1519 4586 de
1566 4548 1676 4602 quo

85 4622 180 4687 Ipsi
208 4622 522 4683 audierint,
552 4621 813 4692 quodque
836 4621 949 4690 jam
989 4622 1213 4688 excidit,
1248 4630 1301 4677 et
1338 4623 1442 4678 fuit
1473 4624 1671 4693 praelu-

83 4711 226 4765 dim
255 4725 330 4767 ac
369 4712 540 4765 veluti
569 4711 938 4766 rudimentum
972 4711 1154 4782 operis
1179 4720 1364 4782 postea
1392 4714 1462 4767 ah
1482 4713 1672 4768 eodem

81 4805 393 4873 compilati.
421 4802 486 4856 Et
521 4804 625 4859 hoc
648 4803 908 4860 habuisse
945 4805 1234 4875 solumque
1273 4806 1492 4860 novisse
1523 4806 1671 4862 vide-

83 4901 162 4944 tur
189 4894 576 4965 Augustinus,
602 4909 728 4949 cum
770 4894 892 4964 ejus
919 4896 1207 4950 materiam
1234 4905 1288 4950 et
1313 4895 1544 4950 formam
1576 4897 1673 4951 de-

81 4987 300 5055 scripsit
367 4985 425 5038 in
461 4987 604 5041 libro
635 4986 707 5040 De
740 4987 1028 5042 haeresibua
1086 4987 1153 5041 ad
1200 4985 1669 5054 QuodvultDeum,

79 5091 232 5138 quem
280 5075 440 5130 circa
492 5069 804 5130 extremum
863 5076 988 5131 vitae
1037 5092 1151 5132 suae
1195 5092 1420 5141 annum,
1464 5076 1671 5134 Christi

79 5162 194 5231 530,
215 5164 572 5234 composuit,
599 5165 673 5219 ita
697 5164 955 5236 praefatus
982 5181 996 5218 :
1023 5185 1041 5218 ο
1074 5164 1268 5222 Noster
1292 5182 1422 5222 vero
1441 5166 1674 5238 Epipha-

81 5271 212 5322 ειυς,
247 5258 501 5328 Cyprius
526 5259 840 5328 episcopus,
869 5258 1073 5313 abhinc
1113 5272 1224 5312 non
1270 5259 1433 5329 longe
1468 5258 1670 5314 huma-

83 5363 153 5403 ma
193 5337 381 5414 minus
433 5361 742 5418 exemptus,
801 5353 870 5404 de
913 5349 1191 5420 octoginta
1235 5349 1536 5406 haeresibus
1587 5351 1670 5406 lo-

80 5455 264 5506 quens,
293 5456 402 5506 se;
437 5441 612 5496 libros
642 5441 807 5496 etiam
851 5442 1201 5511 conscripsit.
1239 5441 1494 5496 historica
1536 5457 1667 5496 nar-

81 5534 278 5591 ratione
337 5548 787 5590 mmutcmorans
833 5535 1046 5597 omnia,
1099 5533 1242 5586 nulla
1290 5532 1660 5599 disputatione

1784 4354 1893 4412 tur,
1917 4362 2039 4417 qua:
2063 4355 2373 4415 serpentum
2414 4361 2480 4400 ac
2523 4345 2797 4416 reptilium
2832 4345 3040 4401 similes
3065 4354 3193 4402 sunt
3221 4365 3234 4402 :
3266 4363 3356 4402 se-

1780 4437 2022 4494 cundum
2075 4452 2213 4508 quas
2250 4436 2496 4492 veritatis
2553 4435 2954 4492 firmamentum
3008 4443 3062 4490 et
3095 4435 3356 4492 salutaris

1779 4529 2027 4584 doctrina
2059 4527 2294 4598 ﬁdeique
2341 4527 2576 4584 formula
2613 4528 2855 4598 subjecta
2899 4535 3003 4593 est,
3049 4541 3113 4583 ac
3151 4527 3354 4584 Christi

1779 4635 2001 4690 sponsa.
2038 4629 2227 4676 sancta
2270 4621 2521 4676 videlicet
2571 4618 2836 4684 Ecclesia,
2885 4617 3201 4675 declarata:
3234 4635 3357 4690 qua

1779 4727 1902 4768 cum
1923 4712 2038 4782 jam
2072 4721 2185 4768 tum
2211 4713 2280 4768 ab
2306 4713 2438 4768 orbe
2473 4714 2693 4770 condito
2724 4730 2848 4770 esse
2885 4714 3134 4785 cmperit,
3167 4725 3355 4784 postea

1777 4809 1958 4857 tamen
1986 4815 2082 4872 per
2121 4801 2323 4858 Christi
2378 4803 2589 4857 Domini
2649 4804 3101 4870 incarnationem,
3153 4813 3356 4874 tempo-

1776 4911 1898 4952 rum
1929 4895 2302 4961 successione,
2334 4903 2460 4950 ante
2479 4905 2936 4950 commcmoratas
2959 4907 3149 4950 omnes
3182 4895 3348 4950 haere-

1777 4999 1885 5053 ses,
1922 4987 2137 5058 vulgata
2172 4995 2336 5055 atque
2365 4983 2657 5054 patefacta,
2705 4985 3005 5054 eademque
3033 4999 3063 5038 a
3092 4983 3249 5039 nobis
3295 4984 3351 5040 in

1774 5079 2217 5136 Commentarios
2262 5093 2325 5131 ex
2369 5077 2572 5132 Chrisd
2621 5075 3008 5148 praedicatione
3058 5075 3230 5132 relata
3261 5078 3352 5149 (ad

1773 5171 2097 5225 Ancoratum
2131 5169 2354 5224 forsitan
2391 5169 2506 5223 haec
2529 5168 2849 5239 respiciunt)
2877 5184 2940 5223 ac
2967 5181 3186 5223 rursum
3228 5178 3352 5240 post

1773 5262 2100 5332 explicatam
2121 5275 2334 5315 omnem
2359 5260 2589 5314 istarum
2619 5260 2897 5316 hiet-escort
2922 5260 3349 5329 improbitatem,

1774 5367 1840 5406 ex
1889 5353 2258 5422 apostolorum
2319 5349 2566 5405 doctrina
2627 5359 2882 5406 accurate
2939 5365 3005 5405 ac
3063 5350 3350 5420 perspicuo

1775 5443 1919 5498 brevi
1949 5444 2185 5516 quodam
2216 5449 2301 5497 est
2323 5440 2648 5512 compendio
2671 5441 2951 5511 subjecta;
2979 5441 3056 5495 uti
3078 5456 3142 5496 ea
3168 5453 3225 5494 re
3251 5451 3348 5493 eo-

1774 5549 1890 5588 rum
1926 5543 2243 5594 recreentur
2268 5549 2333 5589 ae
2358 5533 2670 5588 reﬁciantur
2717 5534 2902 5602 animi,
2941 5531 3033 5601 qui
3066 5532 3211 5585 hunc
3238 5529 3348 5582 ine-
