3870 6068
487 210 587 267 135

1500 200 1560 256 S.
1602 197 1948 255 El‘lPllANll
1983 194 2181 251 ACTA“
2203 189 2709 248 BOLLANDIANA.

3644 183 3743 241 156

486 336 676 378 reseon
736 314 1227 388 percurrendarum
1311 312 1552 367 laborem
1622 308 1985 380 susceperint.
2044 324 2063 357 ι
2098 310 2145 367 Δ
2177 323 2197 355 ι
2238 303 2290 356 in
2326 315 2653 371 unaquaque
2682 306 2860 363 πίθων
2893 316 2911 348 ³
2947 306 3009 352 ιιι
3044 296 3190 351 idem
3241 292 3498 351 Ροιίινῖυδ
3540 294 3597 351 in
3642 313 3744 368 θρι-

554 409 644 464 55.
683 406 931 462 Pra'dicti
966 414 1148 458 autem
1185 410 1296 455 tres
1343 399 1465 453 libri
1512 400 1592 452 sic
1630 398 1970 460 dividuntur,
2007 399 2067 446 ttt

491 496 762 553 secundus
787 504 839 548 et
875 493 1067 547 tertius
1116 491 1169 544 irt
1217 499 1328 543 tres
1372 487 1574 559 singuli
1625 496 1804 541 tomos
1849 485 2066 554 dispar-

492 590 721 652 tiantur;
757 594 919 652 atque
950 584 1023 635 ita
1077 596 1201 635 cum
1250 579 1451 650 primo,
1505 579 1597 647 qui
1648 577 1915 631 indivisus
1965 583 2066 638 est,

430 724 435 731 .
497 679 766 734 exsistant
790 674 922 727 torni
966 681 1194 742 septem.
1244 672 1308 725 Et
1354 672 1465 726 alia
1515 670 1734 741 quidem
1780 666 2071 738 Epiphanii

494 784 685 838 opera,
719 777 777 820 ut
814 764 1178 833 Hieronymus
1208 762 1262 815 itt
1304 761 1444 815 li'bro
1480 760 1553 814 De
1588 760 1933 829 scriptoribus
1973 758 2069 819 ait,

501 879 520 912 ι
553 861 620 914 ab
636 860 787 913 erudi
819 858 866 912 is
915 865 1134 926 prepter
1187 870 1297 913 res,
1329 868 1358 906 a
1386 851 1808 921 simplicioribus
1858 858 2074 919 propter

496 952 657 1005 verba
693 949 1026 1002 lcetitantur.
1062 963 1081 995 ι
1118 943 1345 997 Photius
1381 954 1560 996 autem
1597 941 1665 995 de
1708 938 2076 1016 Panariono-

500 1043 769 1104 minatim,
800 1042 913 1094 sive
941 1042 1024 1108 (ut
1063 1039 1179 1107 ipse
1206 1052 1331 1091 cum
1363 1035 1657 1090 Anastasio
1703 1033 1914 1087 Sinaita
1958 1033 2077 1102 plu-

498 1136 685 1189 raliter
732 1132 1011 1202 appellat)
1058 1148 1075 1180 ι
1134 1128 1418 1192 Panariis,
1466 1144 1484 1176 ι
1536 1129 1612 1180 ait
1667 1127 1812 1195 quod
1860 1126 2074 1186 auctor,

505 1241 648 1296 «ρτεε
677 1225 798 1277 aliis
843 1224 933 1292 qui
970 1230 1096 1275 ante
1130 1220 1306 1288 ipstun
1348 1218 1612 1271 adversus
1656 1218 1891 1271 luereses
1924 1217 2081 1270 lucu»

502 1316 778 1371 hrationes
806 1314 1115 1376 ediderunt,
1149 1311 1370 1363 uberior
1406 1318 1569 1377 atque
1597 1309 1784 1361 utilior
1806 1318 1924 1374 est;
1954 1322 2076 1360 nam

503 1423 603 1461 nec
622 1422 683 1459 ea
708 1403 1058 1473 praetermisit
1079 1414 1420 1470 quaecunque
1447 1400 1516 1452 ab
1546 1399 1669 1452 aliis
1711 1399 1923 1468 prodita
1981 1398 2084 1451 uti-

503 1495 671 1549 litatis
702 1492 902 1562 aliquid
933 1491 1236 1556 continent,
1285 1498 1339 1542 et
1385 1489 1499 1557 ipse
1538 1504 1661 1557 quae
1704 1488 1882 1558 potuit
1934 1503 1964 1542 a
2024 1502 2083 1543 se

502 1585 805 1653 excogitata
840 1583 962 1634 aliis
997 1580 1223 1641 addidit,
1276 1579 1490 1632 iuitiurn
1542 1579 1750 1632 ducens
1804 1593 1834 1631 a
1873 1576 2082 1632 Barba-

2172 394 2312 449 stola
2353 392 2689 448 dedicatoria
2746 400 2913 454 notat,
2966 409 2985 442 r
3037 390 3293 445 rediviva:
3339 390 3746 448 mendaciorum

2169 494 2350 549 sectae,
2392 483 2658 554 evulgatis
2696 491 2938 536 veterum
2992 481 3272 535 haereseon
3323 480 3604 536 abstrusis
3674 498 3751 536 re-

2170 576 2515 645 conditisque
2554 574 2850 645 mysteriis,
2883 571 3225 626 validissime
3257 572 3569 642 propulsari
3603 588 3750 627 ever-

2172 667 2322 737 tique
2344 666 2589 737 possint;
2615 673 2670 720 et
2708 674 2960 719 auctores
2987 662 3226 734 perﬁdiae
3270 672 3435 734 atque
3464 664 3743 727 satellites,

2173 772 2306 813 suos
2328 757 2382 812 in
2419 756 2547 822 illis,
2569 771 2709 826 quos
2730 756 2950 825 quidem
2976 756 3321 819 erubescant,
3351 755 3636 825 principes
3658 772 3749 809 au-

2175 860 2462 918 ctoresque
2513 856 2929 919 recognoscant.
2968 845 3065 900 Est
3107 846 3328 915 quidem
3370 847 3519 915 ejus,
3574 847 3666 914 qui
3705 847 3753 901 in

2176 942 2429 997 haeresim
2463 941 2543 996 vel
2593 940 2919 995 molicnrlam
2970 939 3053 992 vel
3110 938 3371 992 tuendam
3425 939 3754 1000 incubuerit.

2177 1029 2396 1084 animus
2432 1028 2485 1082 iit
2518 1043 2736 1082 omnem
2770 1029 3054 1082 audaciam
3093 1029 3211 1082 sine
3242 1028 3353 1081 ullo
3385 1028 3603 1098 pudore
3639 1044 3759 1097 pru-

2175 1118 2357 1188 jectus
2391 1119 2525 1173 :sed
2562 1135 2722 1173 nemo
2752 1127 2834 1174 cst
2881 1129 3061 1174 tamen
3113 1135 3181 1174 ex
3236 1120 3345 1174 illis
3393 1119 3757 1173 absurdarum

2180 1205 2496 1273 opinionum
2542 1206 2807 1274 patronis,
2844 1222 3005 1277 quem
3054 1212 3169 1262 'non
3206 1218 3486 1277 utcunque
3532 1208 3759 1262 convicti

2181 1296 2311 1349 olim
2337 1298 2544 1351 erroris
2572 1307 2736 1367 atque
2781 1299 3024 1352 damnati
3080 1299 3300 1368 pudeat.
3348 1298 3473 1353 Sint
3518 1314 3674 1361 sane,
3710 1309 3765 1352 ut

2183 1397 2330 1450 sunt,
2359 1387 2521 1442 ferrei
2548 1403 2739 1442 omnes
2766 1389 3027 1454 lueretici,
3056 1390 3167 1444 sint
3199 1390 3552 1458 pervicaces;
3582 1391 3766 1444 iidem-

2187 1495 2295 1548 que
2320 1496 2378 1535 se
2404 1480 2458 1533 in
2500 1480 2617 1550 ipso
2663 1481 2861 1534 ardore
2899 1472 3303 1551 agitationequc
3331 1480 3654 1550 disputandi
3702 1481 3765 1534 ad

2186 1570 2548 1624 resistendum
2586 1571 2769 1624 acrius
2800 1570 3027 1641 fingant,
3064 1581 3246 1626 tamen
3274 1574 3368 1641 qui
3405 1572 3457 1625 id
3491 1572 3762 1635 didicerit,

505 1648 676 1731 risnto
705 1682 758 1728 et
788 1676 854 1727 ad
907 1670 1266 1725 Messalianos
1305 1684 1479 1739 usque
1522 1669 1864 1738 perveniens.
1898 1668 2082 1722 Genus
2114 1648 2155 1702 Β
2188 1664 2393 1731 quique
2422 1661 2585 1717 certis
2618 1673 2860 1716 veterum
2897 1665 3227 1719 testimoniis
3258 1668 3621 1735 compererit,
3649 1677 3765 1721 ante

507 1784 669 1837 porro
701 1785 720 1817 ι
754 1764 991 1826 dicendi,
1041 1782 1058 1813 ι
1092 1763 1269 1829 inquit
1294 1760 1545 1825 Photitts,
1579 1779 1599 1811 ι
1635 1754 1863 1825 humile,
1904 1769 1958 1813 et
1989 1775 2086 1813 cu-

504 1857 744 1929 jusntodi
772 1870 895 1909 esse
919 1861 1094 1923 potest
1115 1851 1206 1917 qui
1240 1851 1434 1903 Atticae
1459 1850 1724 1905 doctrinae
1746 1851 1897 1903 rudis
1922 1850 2089 1903 exsti-

511 1950 655 2003 terit.
692 1948 797 2001 Sed
838 1955 889 1998 rt
922 1947 975 1998 in
1023 1943 1372 1998 conlutattdis
1419 1942 1717 1995 haeresihus
1766 1942 2085 2010 plerumque

514 2056 705 2109 patum
745 2052 1006 2091 nervosus
1032 2045 1135 2099 est,
1164 2049 1479 2104 quanquam
1510 2034 1778 2086 interdum
1820 2041 2084 2101 prtestan-

514 2133 745 2188 tissimis
787 2132 905 2183 illas
943 2128 1247 2182 rationibus
1291 2142 1355 2180 ac
1400 2126 1686 2180 sententiis
1734 2125 2085 2194 aggreditur;

514 2226 616 2278 etsi
662 2222 831 2275 nihilo
870 2221 1036 2272 dictio
1085 2217 1155 2271 sit
1205 2226 1367 2286 atque
1387 2216 1654 2270 orationis
1694 2224 1967 2269 structura
1996 2222 2089 2267 aut

514 2313 689 2385 stylus
728 2311 845 2380 ipse
878 2308 1241 2365 commodior.
1296 2327 1314 2358 ι
1357 2306 1562 2375 Nempe
1616 2322 1908 2376 perparum
1960 2315 2096 2359 tem-

516 2406 667 2475 poris
710 2403 987 2470 studiique
1018 2401 1069 2452 iu
1119 2398 1417 2452 excolenda
1467 2397 1640 2452 (ἓνδξοί
1679 2397 1948 2451 sermonis
1984 2396 2097 2450 elo-

518 2495 761 2566 quentia,
793 2494 880 2548 eui
907 2493 1106 2546 bonam
1149 2492 1274 2544 vitae
1305 2500 1518 2560 partem
1559 2488 1819 2542 cultiores
1860 2488 1948 2541 alii
1994 2487 2101 2540 Pa-

519 2597 629 2641 tres
656 2584 911 2648 Basilius,
942 2582 1341 2645 Nazianzenus,
1364 2579 1794 2651 Chrysoslomus
1824 2577 2101 2649 impende-

521 2687 691 2743 runt,
760 2677 1104 2732 Alexandria:
1154 2675 1337 2745 posuit
1389 2671 1766 2741 Epiphanius,
1821 2681 1880 2725 ut
1937 2687 2100 2741 supra

522 2771 789 2835 vidimus;
830 2783 1065 2837 moxque
1099 2767 1166 2820 ad
1210 2766 1455 2836 spiritus,
1496 2778 1603 2817 non
1631 2763 1904 2817 sermonis
1942 2777 2102 2817 exer-

520 2863 807 2916 citationcs
852 2870 1227 2929 transgressus
1272 2858 1325 2910 in
1374 2871 1640 2921 eremurn,
1686 2856 1885 2910 multas
1922 2854 2102 2924 potius

521 2949 734 3018 linguas
759 2948 919 3009 seire,
949 2962 1114 3016 quam
1141 2961 1304 3000 unam
1339 2944 1597 3015 perﬁcere
1623 2945 1888 3014 eligebat;
1914 2944 2099 2998 lauda-
2126 2978 2174 3042 ο

524 3050 612 3095 tus
651 3041 770 3094 ideo
796 3040 865 3093 ab
898 3036 1225 3108 Hieronymo
1255 3036 1307 3089 in
1342 3035 1607 3106 Apologia
1657 3034 1691 3088 2
1722 3044 1904 3088 contra
1935 3034 2099 3105 Βαίβ-

521 3148 669 3196 num,
702 3150 720 3182 ι
760 3130 903 3201 quod
930 3128 1196 3194 Graecam,
1231 3128 1421 3200 Syram
1456 3136 1509 3181 et
1539 3125 1840 3192 Hebraeam,
1866 3136 1918 3180 et
1937 3125 2105 3196 .~Egy-

523 3228 753 3295 ptiacam
777 3224 1038 3293 linguam,
1076 3236 1140 3276 ex
1182 3231 1335 3290 parte
1356 3220 1521 3275 etiam
1560 3231 1613 3272 ct
1654 3220 1900 3272 Latinam
1940 3234 2105 3272 nove-

523 3318 593 3369 rit
635 3333 648 3368 :
699 3334 717 3368 ι
786 3315 929 3368 unde
999 3312 1067 3366 de
1120 3326 1185 3365 eo
1250 3311 1581 3379 querebatur
1631 3308 1904 3373 Bullinus,
1958 3310 2102 3378 quod

528 3426 548 3459 ι
586 3408 733 3461 velut
778 3405 1153 3460 necessitatem
1196 3400 1606 3468 evangelizaudi
1647 3416 1743 3469 per
1776 3417 1966 3455 omnes
2002 3403 2105 3454 lin-

521 3513 656 3568 guas
684 3496 883 3548 habere
916 3510 975 3547 se
1000 3500 1233 3561 putaret,
1263 3492 1329 3546 de
1350 3489 1584 3560 Origene
1607 3493 1747 3546 male
1774 3493 2049 3562 loquendi.
2078 3511 2098 3544 ι

590 3586 679 3637 5t.
723 3583 824 3636 Per
854 3586 993 3635 hanc
1034 3591 1214 3634 autem
1248 3583 1517 3635 sermonis
1553 3582 1800 3635 cultioris
1836 3583 2102 3636 incuriam

524 3687 621 3727 seu
655 3672 980 3740 imperitiam
1033 3670 1234 3723 factum
1281 3679 1386 3734 est,
1433 3679 1491 3724 ut
1537 3672 1588 3724 in
1635 3685 1700 3725 eo
1746 3671 1936 3728 Latine
1982 3674 2105 3727 red-

524 3764 736 3828 dendo,
791 3763 1057 3833 majorem
1117 3762 1377 3831 Opinione
1425 3778 1524 3817 sua
1581 3764 1820 3819 laborem
1876 3766 2107 3820 senserit

526 3855 823 3910 Petavius:
868 3875 887 3906 r
937 3855 1245 3911 Accedebat
1287 3874 1306 3906 ι
1357 3856 1526 3919 enim,
1583 3856 1758 3926 inquit
1804 3857 1858 3910 in
1907 3855 2105 3926 praela-

527 3949 676 4002 tione
714 3948 781 4001 ad
827 3950 1107 4011 lectorem,
1152 3965 1171 3997 ι
1211 3948 1276 4000 ad
1325 3962 1668 4002 communem
1718 3948 2105 4017 interpretandi

528 4039 830 4094 molestiam
894 4039 1163 4107 praecipua
1196 4037 1442 4107 quzedam
1468 4038 1521 4091 in
1557 4038 1650 4093 illo
1681 4038 1945 4106 scriptore
1969 4038 2107 4092 ditii-

518 4131 724 4205 cultas,
752 4129 899 4199 quod
934 4130 1209 4198 incompta
1236 4137 1291 4183 et
1314 4128 1587 4184 salebrosa
1620 4137 1704 4183 est
1731 4130 1876 4184 illius
1906 4131 2101 4193 oratio,

526 4230 581 4277 et
620 4223 674 4275 in
700 4237 804 4283 qua
831 4222 1275 4291 lrequetttissime
1304 4207 1602 4275 occurrunt
1649 4220 1738 4273 illa
1781 4234 1901 4288 qua:
1932 4218 2104 4274 Graeci

2190 1755 2257 1806 ab
2285 1752 2527 1822 antiquis
2555 1751 2808 1807 Patribus
2847 1764 2900 1808 et
2936 1756 3181 1810 conciliis
3230 1756 3571 1827 publicoque
3618 1759 3767 1812 Citri-

2193 1842 2495 1897 stianorum
2544 1858 2814 1898 consensu
2864 1845 3044 1914 agnita
3087 1861 3152 1899 ac
3189 1849 3473 1916 repudiata
3518 1849 3765 1921 dogmata

2198 1932 2312 1995 illa,
2352 1948 2515 2002 quam
2557 1934 2629 1987 illi
2679 1935 2779 2002 ipsi
2822 1940 2994 2004 (quos
3036 1937 3304 2008 sequitur)
3352 1939 3767 2010 interpolatores

2199 2023 2562 2089 exsisterent;
2617 2023 2703 2077 vix
2748 2024 2873 2086 erit,
2931 2026 3149 2095 opinor,
3204 2030 3380 2093 ullus,
3429 2031 3627 2099 cujus,
3674 2030 3768 2085 nisi

2199 2112 2375 2183 frangi
2429 2114 2782 2186 edomarique
2824 2118 3169 2185 contumacia
3209 2122 3473 2187 potuerit,
3516 2138 3628 2176 non
3664 2122 3772 2175 lan-

2200 2205 2476 2273 guidiores
2507 2207 2703 2263 habeat
2746 2210 3059 2278 eruptiones
3103 2221 3157 2264 et
3196 2212 3457 2281 impetus,
3495 2230 3563 2269 ac
3591 2215 3771 2285 paula-

2199 2292 2295 2349 tim
2333 2312 2429 2365 per
2461 2313 2700 2367 seipsam
2735 2298 3050 2368 refrigerata
3087 2308 3251 2370 atque
3293 2312 3556 2356 enervata
3598 2300 3774 2363 conci:

2199 2390 2311 2442 «lat.
2356 2407 2374 2438 ι
2420 2387 2661 2444 Joannes
2706 2388 2970 2459 Baptista,
3021 2401 3126 2447 etc.
3186 2390 3320 2447 Vide
3371 2394 3611 2463 appr-nd.
3655 2412 3768 2467 pag.

2199 2478 2322 2545 634,
2350 2480 2456 2533 col.
2497 2480 2551 2533 2.

2819 2571 3045 2627 CAPUT
3087 2572 3150 2628 V.

2204 2678 2456 2733 Extrema
2482 2684 2653 2737 sancti
2683 2694 2805 2738 acta
2839 2685 3329 2806 Constantinopoli;
3362 2705 3502 2743 mors
3532 2691 3588 2744 in
3612 2692 3772 2746 reditu

2906 2773 2934 2806 ο
2975 2766 3071 2806 ιια.
3622 2792 3635 2806 χ

2906 2766 3071 2810 obita.

2192 2906 2197 2909 _
2272 2842 2364 2898 35.
2408 2843 2551 2910 Quid
2584 2844 2652 2899 de
2677 2844 2927 2915 Origenis
2958 2847 3111 2902 libris
3145 2850 3283 2916 Περὶ
3323 2851 3534 2918 ἀρκῶν
3562 2854 3777 2908 sentiret

2206 2931 2581 3004 Epiphanius,
2646 2937 2779 2991 satis
2843 2936 3141 2993 declaravit
3202 2957 3297 3010 per
3371 2943 3673 3012 Epistulam
3715 2943 3777 2998 ad

2205 3025 2464 3081 Joannem
2513 3028 3079 3098 Hierosolymitanum,
3129 3034 3288 3103 cujus
3338 3051 3505 3106 supra
3554 3037 3778 3093 lecimus

2206 3118 2556 3171 mentionem.
2592 3117 2726 3172 Dum
2756 3128 2937 3173 autem
2972 3123 3072 3175 hac
3098 3138 3163 3175 ex
3190 3138 3354 3177 causa
3384 3126 3779 3195 disputationes

2206 3206 2261 3259 in
2295 3206 2581 3262 Palaestina
2611 3208 2915 3276 ferverettt,
2958 3214 3188 3282 contigit
3231 3215 3393 3268 etiam
3440 3217 3780 3273 Alexandria:

2209 3298 2517 3352 simultates
2551 3300 2703 3354 nasci
2745 3300 2887 3354 inter
2939 3300 3302 3372 Theophilum
3346 3306 3694 3363 Alexandria:
3732 3320 3781 3363 et

2209 3389 2529 3444 Dioscorum
2559 3391 2951 3462 llermopoleos
2994 3397 3336 3466 episcopum,
3390 3410 3561 3469 atque
3625 3403 3779 3471 hujus

2206 3483 2403 3537 fratres
2437 3482 2785 3537 Ammoniurn
2825 3495 2878 3539 et
2919 3485 3212 3542 Eusebium
3249 3505 3627 3560 cognomento
3650 3495 3780 3549 Lon-

2206 3590 2325 3644 gos,
2354 3574 2577 3627 totidem
2621 3580 3079 3633 monasteriorum
3123 3582 3429 3650 prarl‘cetos,
3483 3602 3626 3654 quos
3662 3602 3776 3640 cum

2207 3667 2444 3732 primum
2479 3666 2676 3720 charos
2708 3667 2993 3724 habuisset
3030 3669 3384 3741 Theophilus,
3421 3675 3569 3732 haud
3596 3678 3779 3731 imme-

2206 3762 2312 3815 rito
2341 3761 2535 3816 deinde
2565 3777 2593 3815 a
2630 3778 2688 3817 se
2717 3778 2942 3819 aversos
2986 3777 3147 3837 atque
3183 3770 3245 3821 ad
3297 3769 3656 3827 solitudinem
3705 3790 3781 3828 re-

2207 3867 2448 3923 gressos,
2490 3854 2743 3924 persequi
2786 3857 2966 3911 modis
3007 3860 3264 3913 omnibus
3309 3865 3535 3930 statuit;
3585 3874 3640 3919 et
3680 3880 3781 3933 quo

2207 3945 2570 4011 simpliciores
2598 3947 2897 4002 monachos
2942 3948 3010 4002 ab
3050 3949 3236 4003 iisdem
3270 3952 3640 4020 abstraheret,
3671 3956 3780 4011 cul-

2208 4051 2335 4104 pare
2360 4037 2411 4089 in
2448 4036 2527 4091 eis
2560 4039 2925 4108 praesumpsit,
2958 4042 3103 4108 quod
3139 4040 3307 4095 Dcttm
3342 4044 3585 4101 humana
3618 4049 3779 4101 forma

2209 4128 2493 4196 praeditum
2532 4140 2809 4199 negarent,
2849 4132 3098 4201 Origenis
3129 4135 3429 4201 praesertim
3461 4141 3781 4194 auctoritate

2209 4217 2431 4271 sull'nlti.
2460 4217 2593 4270 Cum
2644 4228 2823 4274 autem
2880 4236 2973 4276 eos
3020 4219 3561 4295 Constantinopolim
3615 4231 3681 4283 ad
3726 4228 3778 4283 S.

526 4313 831 4367 ἀναπόδοτα
879 4321 932 4366 et
974 4311 1309 4365 ἀνακόλουθα
1358 4312 1693 4364 nominath
1742 4309 1991 4379 pedestre
2041 4325 2092 4363 at

2208 4308 2473 4363 Joannem
2527 4309 2981 4379 Chrysostomum
3040 4314 3352 4386 confugisse
3409 4319 3777 4387 intellexisset,

527 4405 785 4474 populare
808 4403 1018 4457 dicendi
1049 4419 1219 4474 genus
1257 4422 1270 4458 :
1304 4402 1448 4473 quod
1480 4403 1593 4457 sive
1638 4402 1785 4473 plani
1827 4401 2100 4456 sermonis

526 4497 873 4566 simplicitate
910 4496 1169 4564 consequi
1200 4495 1458 4557 volueris,
1496 4496 1812 4562 subagreste
1840 4493 2098 4563 quiddam

523 4590 748 4643 exsistet
773 4602 838 4642 ac
883 4586 1152 4656 pntidurn,
1179 4584 1484 4654 cujusmodi
1516 4584 1628 4639 fere
1673 4593 1803 4639 sunt
1842 4583 2033 4638 Latina
2076 4602 2094 4635 ι

525 4680 726 4747 prioris
778 4677 1091 4747 interpretis
1145 4696 1163 4728 ε
1217 4676 1492 4739 Cornarii,
1544 4675 1703 4745 cujus
1757 4691 1858 4730 nos
1915 4678 2101 4745 utique

526 4770 732 4824 similes
761 4783 883 4824 esse
929 4768 1197 4839 nolimus;
1245 4767 1329 4822 sin
1386 4779 1638 4822 ornatum
1687 4775 1852 4837 atque
1891 4768 2098 4823 cultum

524 4859 805 4923 adhibeas,
837 4859 889 4913 id
933 4861 1051 4915 sine
1100 4875 1296 4930 magna
1350 4859 1744 4914 sententiarum
1789 4871 2100 4915 commuta-

526 4952 672 5005 tione
692 4951 934 5025 obtinere
962 4953 1050 5005 vix
1086 4953 1289 5022 possis.
1330 4971 1350 5004 ι
1386 4950 1635 5023 Magnam
1673 4952 1836 5021 igitur
1880 4949 2100 5007 Petavio

523 5043 781 5098 debemus
809 5044 1060 5115 gratiam,
1114 5045 1257 5115 quod
1306 5044 1426 5114 ejus
1461 5044 1726 5100 beneficio
1776 5045 1858 5098 sic
1901 5042 2100 5098 Latine

526 5134 832 5202 loquentem
863 5137 1151 5190 audiamus
1184 5134 1574 5205 Epiphanium,
1606 5144 1667 5188 ut
1703 5135 1828 5206 styli
1865 5135 2097 5189 nitorem

527 5226 581 5277 in
611 5241 676 5278 eo
705 5241 808 5278 non
840 5222 1249 5291 desideremus;
1288 5225 1460 5279 multo
1493 5234 1673 5280 tamen
1710 5227 1973 5294 majorem
1996 5226 2097 5296 ipsi

526 5323 736 5378 saneto,
767 5317 911 5384 quod
942 5332 1055 5371 sum
1085 5315 1188 5370 sibi
1221 5316 1275 5370 in
1305 5331 1371 5370 eo
1415 5329 1611 5386 genere
1642 5316 1922 5370 tenuitatis
1966 5332 2101 5370 cott-

527 5406 696 5467 sctus,
725 5408 1113 5477 contempserit
1162 5408 1366 5478 judicia
1418 5406 1826 5462 fastidiosorum
1866 5409 2101 5478 philolo-

527 5512 737 5565 gorunt,
776 5498 934 5551 modo
968 5499 1252 5569 prodesset
1286 5498 1542 5569 publico;
1581 5512 1754 5567 eaque
1785 5500 2096 5568 protulerit,

525 5603 757 5646 auorum
790 5605 1003 5655 semper
1028 5588 1261 5644 maxima
1290 5599 1342 5645 et
1373 5587 1469 5643 luit
1494 5597 1547 5643 et
1568 5588 1686 5660 _erit
1715 5589 1943 5655 utilitas,
1971 5604 2096 5644 cum

2209 4411 2373 4469 atque
2397 4400 2465 4453 ab
2498 4402 2599 4455 hoc
2627 4412 2945 4471 susceptos;
2971 4406 3213 4474 cogitare
3243 4409 3433 4478 erepit,
3461 4410 3646 4481 inquit
3695 4412 3781 4466 So-

2209 4507 2471 4546 zomenus
2516 4492 2611 4548 lib.
2650 4507 2765 4555 vru,
2809 4509 2929 4564 cap.
2966 4495 3037 4551 23
3085 4507 3137 4552 et
3176 4498 3452 4569 deinceps,
3487 4520 3507 4552 ‹
3549 4520 3657 4573 qua
3697 4519 3779 4557 ra-

2211 4584 2357 4638 tione
2385 4581 2651 4639 Joannem
2686 4602 2908 4656 quoque
2938 4588 3116 4657 ipsum
3146 4591 3215 4644 ab
3239 4593 3560 4663 episcopatu
3594 4595 3781 4666 dejiceo

2209 4685 2310 4730 ret.
2357 4675 2555 4731 Verum
2604 4680 2717 4733 haec
2770 4680 2821 4735 in
2878 4682 3073 4736 intimo
3124 4685 3366 4754 pectoris
3427 4688 3514 4740 sui
3571 4703 3778 4743 recessu

2208 4768 2494 4823 occultans
2521 4784 2585 4822 ac
2631 4771 2881 4835 moliens,
2941 4775 3161 4845 scripsit
3216 4776 3432 4829 interim
3486 4778 3556 4831 ad
3594 4756 3781 4831 omnes

2208 4858 2411 4928 ultique
2456 4860 2699 4914 locorum
2750 4864 3038 4933 episcopos
3083 4867 3316 4929 litteras,
3371 4865 3575 4936 quibus
3623 4867 3780 4922 libros

2207 4951 2460 5022 Origenis
2484 4953 2936 5021 reprehendebat.
2968 4956 3216 5026 Cumque
3259 4956 3644 5013 consideraret
3672 4975 3780 5013 ma-

2207 5060 2314 5114 gno
2360 5045 2462 5098 sibi
2507 5046 2877 5102 emolumento
2931 5046 3069 5108 fore,
3118 5050 3163 5102 si
3197 5048 3593 5118 Epiphanium,
3634 5051 3780 5106 Sala-

2209 5134 2372 5189 minis
2413 5135 2466 5187 in
2494 5135 2672 5206 Cypro
2703 5139 3041 5208 episcopum,
3091 5141 3414 5210 participem
3459 5150 3515 5195 et
3558 5158 3780 5198 consor-

2209 5236 2313 5281 tem
2346 5227 2696 5282 consiliorum
2722 5245 2946 5284 suorurn
2978 5230 3223 5294 haberet,
3255 5232 3432 5285 virum
3465 5233 3538 5287 ob
3571 5233 3779 5289 virtutis

2206 5319 2564 5373 reverentiam
2625 5321 2867 5375 omnium
2924 5321 3008 5376 sui
3065 5325 3330 5394 temporis
3377 5323 3778 5392 clarissimum;

2205 5427 2330 5469 cum
2362 5412 2465 5466 sihi
2502 5413 2737 5490 amicum
2767 5413 3086 5482 atljunxit...

2276 5503 2366 5557 ’56.
2409 5522 2427 5555 ι
2467 5503 2634 5558 Porro
2655 5503 3021 5574 Epiphanius,
3052 5506 3147 5576 qtti
3172 5505 3425 5578 Origenls
3455 5509 3626 5566 libros
3676 5510 3777 5564 iam

2207 5593 2416 5661 pridem
2456 5594 2826 5662 aversabatur,
2856 5594 3147 5666 Theophili
3184 5597 3380 5654 litteris
3412 5598 3570 5656 facile
3597 5616 3783 5657 assen-
