3870 6068
136 224 220 298 is?
485 307 506 320 ο
1105 239 1161 293 s.
1205 233 1547 293 Bormann
1588 235 1775 295 ACTA
1815 237 2318 314 BOLIANDIANA.

3253 241 3354 292 158

135 376 235 415 sum
272 357 502 427 praebuit
532 375 546 410 :
578 357 911 425 collectoque
938 356 1262 428 Cypriorum
1288 359 1673 428 episcoporum
1707 363 1752 420 Α
1780 356 2121 427 constituta),
2146 357 2433 427 palamque
2472 353 2816 410 denuntiavit
2850 353 3172 422 Epiphanio,
3203 353 3357 407 illum

137 449 364 512 concilio,
385 445 640 519 Origenis
663 448 834 502 libros
865 448 967 518 legi
989 447 1286 518 prohibuit.
1317 448 1465 503 Datis
1484 447 1680 503 deinde

140 536 334 596 litteris,
363 543 478 588 tum
508 535 576 590 ad
614 535 774 597 alios,
807 544 919 589 tum
952 535 1017 589 ad
1055 535 1370 606 episcopum
1407 536 1682 591 Constan-

137 627 554 697 tinopolitanum,
596 641 659 680 ea
705 641 828 696 quae
872 632 902 680 a
948 628 1156 694 synodo
1204 627 1420 682 decreta
1469 628 1686 684 fuerant

137 717 545 782 insinuantibus,
579 716 831 772 hortatus
861 727 945 772 est
970 717 1090 772 illos
1132 725 1194 772 ut
1233 719 1500 788 synodum
1549 735 1683 774 con-

139 815 370 862 vocarent
427 806 731 875 eademque
799 805 1176 861 decernerent.
1227 807 1682 864 Animadvertens

139 898 279 966 igitur
301 895 639 964 Theophilus
671 911 732 951 se
771 895 1135 966 Epiphaniam
1184 898 1391 968 absque
1440 899 1684 967 periculo

137 989 268 1057 sequi
289 1002 468 1057 posse,
505 995 697 1057 utpote
718 1002 880 1056 quem
916 987 1074 1042 multi
1098 989 1402 1054 laudarent,
1429 1000 1484 1046 et
1523 992 1684 1062 cujus

138 1080 434 1133 sententiam
463 1079 538 1133 ob
587 1077 711 1133 vita;
754 1078 1100 1134 sanetitatem
1149 1082 1518 1150 suspicerent,
1571 1084 1687 1152 ipse

137 1185 347 1239 quoque,
385 1185 512 1224 cum
555 1169 824 1239 episcopis
868 1170 962 1239 qui
1007 1171 1112 1226 sub
1153 1171 1272 1241 ipso
1322 1182 1498 1238 erant,
1541 1173 1685 1229 idem

137 1262 258 1330 quod
289 1260 627 1331 Epiphanius
655 1261 914 1316 decrevit.
937 1259 1136 1316 Verum
1170 1261 1408 1318 Joannes
1440 1264 1684 1320 studium

138 1357 326 1410 illorum
359 1354 500 1409 haud
546 1353 726 1423 magni
770 1353 1026 1422 ponderis
1068 1368 1191 1408 esse
1244 1355 1597 1422 existimavit,
1633 1366 1687 1411 et

139 1449 395 1518 Epiphanii
418 1462 485 1502 ac
523 1445 809 1516 Theophili
837 1435 1044 1502 litteras
1082 1447 1316 1516 neglexit
1346 1463 1451 1503 :ex
1490 1460 1684 1519 poten-

139 1543 345 1596 tioribus
369 1556 499 1595 vero
531 1539 609 1603 hi,
644 1539 738 1609 qui
771 1537 968 1593 Joanni
997 1539 1249 1608 privatim
1276 1538 1474 1596 infensi
1505 1548 1682 1607 erant,

139 1650 243 1690 cum
283 1633 674 1687 intellexissent
717 1630 1076 1700 Theophilum
1124 1631 1176 1685 id
1216 1647 1395 1702 agere,
1431 1641 1490 1686 ut
1520 1631 1686 1687 Joan-

1791 465 1853 503 ea
1886 464 2072 518 gerere
2109 465 2232 518 quae
2262 462 2362 503 nec
2388 447 2535 516 justa
2563 454 2766 511 essent,
2801 461 2901 500 nec
2954 444 3054 513 ipsi
3106 443 3362 513 privatim

1793 542 1950 596 utilia
1985 559 1998 594 :
2029 541 2297 610 siquidem
2328 541 2562 595 tumultu
2592 538 2775 609 populi
2812 538 3066 599 excitato,
3097 535 3212 604 ipse
3242 544 3362 587 tan-

1791 646 1955 700 quam
1987 631 2149 699 hujus
2190 631 2265 684 rei
2300 640 2493 684 auctor
2525 627 2825 698 periculum
2861 626 3144 681 subiturus
3194 630 3356 677 esset.

1792 721 1906 776 Hac
1940 721 2150 776 ratione
2179 721 2450 776 cohibitus
2483 729 2565 775 est
2585 719 2816 788 impetus
2849 715 3153 786 Epiphanii.
3189 713 3357 768 Inter.

1791 826 1856 865 ea
1910 811 2107 865 accidit
2137 817 2195 864 ut
2243 809 2584 879 imperatoris
2647 806 2813 869 illius,
2863 804 3157 859 admodum
3205 816 3357 872 puer,

1793 901 1988 955 morbo
2022 901 2421 970 corriperetur;
2454 908 2628 953 mater
2663 911 2793 952 vero
2839 895 3070 950 sollicita
3113 909 3181 947 ne
3231 891 3364 962 quid

1793 993 2006 1048 tristius
2045 1007 2216 1061 puero
2255 993 2616 1062 contingeret,
2655 989 2825 1044 misso
2873 987 2940 1042 ad
2999 985 3362 1055 Epiplianium

1793 1085 2009 1150 nuntio,
2039 1092 2100 1137 ut
2130 1099 2230 1154 pro
2256 1098 2322 1138 eo
2354 1082 2522 1137 Deum
2560 1090 2895 1152 precaretur,
2924 1077 3240 1149 postulavit.
3272 1075 3365 1130 llle

1792 1189 2023 1244 puerum
2061 1173 2330 1229 victurum
2352 1188 2474 1228 esse
2498 1171 2803 1242 respondit,
2840 1169 2887 1225 si
2911 1169 3156 1239 Augusta
3187 1166 3364 1220 haere-

1793 1267 1952 1333 ticos,
1986 1269 2227 1337 quicum
2261 1265 2520 1321 Dioscoro
2549 1271 2726 1329 erant,
2762 1268 3124 1317 aversaretur.
3158 1257 3364 1313 Verum

1792 1357 2036 1427 Augusta
2076 1357 2176 1412 :Si
2231 1356 2396 1422 Deus,
2456 1355 2654 1425 inquit,
2709 1353 2882 1408 ﬁlium
2941 1366 3123 1407 meum
3155 1349 3367 1419 eripere

1791 1447 1929 1500 mihi
1957 1447 2208 1513 voluerit,
2256 1447 2332 1502 ita
2374 1446 2500 1511 fiat;
2551 1444 2816 1501 Dominus
2862 1441 3009 1497 enim
3051 1440 3146 1511 qui
3193 1437 3364 1504 dedit,

1793 1535 1936 1591 idem
1973 1546 2027 1592 et
2052 1536 2249 1592 aufert.
2279 1536 2434 1603 Quod
2461 1537 2508 1591 si
2537 1545 2596 1590 tu
2623 1544 2868 1589 mortuos
2905 1531 2972 1586 ad
3000 1532 3168 1586 vitam
3203 1543 3365 1584 revo-

1794 1641 1922 1681 care
1948 1641 2161 1696 posses,
2185 1643 2294 1682 non
2326 1635 2470 1682 esset
2496 1636 2744 1681 mortuus
2767 1623 3185 1679 archidiaconus
3213 1632 3361 1676 tuus.

140 1742 243 1780 nem
263 1727 580 1795 episcopatu
613 1733 856 1782 exueret.
901 1722 1000 1793 ipsi
1028 1739 1246 1794 quoque
1276 1739 1498 1791 operam
1529 1741 1684 1780 suam
1717 1712 1760 1770 Β
1789 1715 2004 1772 Etenim
2038 1717 2182 1772 haud
2230 1719 2401 1772 multo
2444 1728 2572 1772 ante
2616 1732 2647 1772 e
2695 1716 2836 1771 vivis
2888 1721 3200 1769 excesserat
3247 1712 3368 1768 Cri-

143 1830 194 1868 ac
237 1815 472 1868 studium
537 1813 927 1876 contulerunt,
993 1821 1161 1881 utque
1214 1812 1688 1883 Constantinopoli

143 1905 354 1958 maxima
383 1904 630 1975 synodus
653 1904 804 1958 fieret
835 1915 1220 1972 procurarunt.
1262 1906 1472 1971 Quibus
1499 1906 1690 1976 cogni-

142 1997 200 2050 tis
226 1996 550 2065 Theophilus
581 1996 764 2064 adhuc
791 1995 966 2064 magis
1013 1995 1279 2062 incubuit,
1315 2007 1366 2051 et
1404 1998 1690 2066 episcopos

142 2084 335 2151 quidem
372 2083 596 2155 Egypti
632 2084 888 2154 navigare
927 2083 1092 2152 jussit
1135 2083 1689 2156 ConstantinOpolim,

144 2174 420 2246 Epiphanio
452 2192 585 2232 vero
606 2187 661 2232 et
683 2177 806 2233 aliis
829 2193 926 2248 per
949 2175 1223 2234 Orientem
1247 2180 1521 2249 episcopis
1556 2180 1694 2234 scri-

145 2267 258 2335 psit,
286 2276 531 2338 utquam
571 2269 810 2337 primum
849 2269 903 2323 in
933 2285 1102 2324 unum
1131 2271 1489 2326 convenirent
1526 2289 1539 2325 :
1577 2271 1693 2341 ipse

145 2361 352 2430 pedestri
381 2362 574 2416 itinere
606 2361 991 2430 proficiscitur.

207 2453 288 2507 37.
323 2471 340 2504 ι
373 2451 480 2508 Nec
509 2453 683 2507 multo
710 2461 832 2522 post
848 2452 1200 2522 Epiphanius,
1235 2467 1358 2506 cum
1383 2453 1595 2522 primus
1626 2469 1692 2508 ex

147 2544 308 2598 insula
333 2546 507 2615 Cypro
557 2545 831 2608 solvisset,
863 2544 930 2599 ad
967 2545 1150 2599 locum
1195 2543 1340 2598 haud
1390 2543 1580 2612 procul
1626 2545 1695 2600 ab

147 2635 268 2688 urbe
293 2633 914 2704 Constantinopolitana,
950 2649 1112 2704 quem
1137 2631 1444 2698 Septimum
1474 2643 1691 2700 vocant,

145 2725 418 2794 applicuit;
448 2724 700 2796 factaque
729 2725 976 2780 oratione
1014 2726 1072 2780 in
1121 2726 1353 2782 ecclesia
1411 2743 1533 2797 quae
1584 2727 1718 2783 illic;

144 2825 240 2880 est,
269 2817 318 2869 in
349 2816 533 2872 urbem
563 2817 828 2872 introivit.
860 2815 999 2871 Eum
1033 2817 1424 2888 ingredientem
1456 2817 1696 2875 Joannes

143 2921 355 2962 occursu
382 2909 512 2965 cleri
551 2911 719 2965 totius
747 2909 1038 2964 honoravit
1069 2929 1081 2965 :
1108 2920 1165 2964 at
1199 2909 1534 2981 Epiphanius
1568 2926 1695 2980 per-

144 3001 317 3068 spicue
348 3001 664 3068 declaravit,
703 3001 846 3070 quod
881 3001 1174 3056 calumniis
1222 3003 1486 3056 adversus
1523 3000 1696 3056 Joan-

145 3105 259 3145 nem
292 3094 627 3148 concinnatis
651 3093 812 3148 ﬁdem
847 3094 1148 3150 habuisset.
1175 3094 1441 3148 Invitatus
1467 3093 1612 3148 enim
1640 3103 1698 3149 ut

143 3180 197 3236 in
221 3183 416 3240 aedibus
451 3185 843 3241 ecclesiasticis
882 3201 1106 3241 manere
1145 3185 1326 3250 vellet,
1378 3185 1695 3254 neutiquam

143 3275 397 3343 acquievit
429 3292 442 3328 :
480 3283 683 3330 etcum
715 3276 927 3330 Joanne
971 3274 1191 3346 quidem
1240 3275 1496 3346 congredi
1538 3275 1698 3345 peni-

143 3374 227 3420 tus
253 3366 570 3422 detrectavit
594 3383 607 3420 :
631 3367 888 3436 privatim
917 3381 1049 3422 vero
1082 3369 1396 3424 convocatis
1422 3368 1697 3439 episc0pis

139 3458 231 3526 qui
258 3469 360 3513 tum
381 3460 858 3529 Constantinopoli
887 3460 1260 3526 morabantur,
1287 3474 1350 3515 ea
1371 3476 1493 3530 qua:
1514 3461 1700 3516 adver-

141 3563 236 3603 sus
263 3549 424 3605 libros
447 3549 700 3620 Origenis
733 3549 948 3604 decreta
981 3549 1198 3604 fuerant
1226 3549 1294 3603 iis
1324 3549 1563 3605 ostendit
1598 3565 1700 3604 :ae

141 3643 406 3696 nonnullis
449 3642 669 3712 quidem
715 3641 988 3710 persuasit
1019 3650 1078 3695 ut
1112 3641 1343 3697 decretis
1378 3641 1698 3697 subscribe-

140 3740 294 3797 rent;
329 3733 507 3800 plures
547 3747 678 3788 vero
714 3733 768 3787 id
811 3731 990 3788 facere
1035 3741 1480 3789 recusarunt.....
1530 3733 1700 3788 Porro

138 3817 366 3877 Joannes
396 3821 578 3877 adhuc
611 3822 969 3878 nihilominus
1007 3823 1368 3878 reverentiam
1405 3823 1702 3880 exhibebat

141 3909 448 3981 Epiphanio,
478 3929 719 3983 eumque
758 3915 1080 3971 hortabatur
1123 3922 1184 3968 ut
1224 3915 1479 3971 collectas
1512 3930 1700 3969 secum

139 4003 422 4066 celebrare,
455 4015 508 4059 et
547 4005 994 4061 contubernalem
1045 4005 1225 4076 ipsum
1268 4006 1469 4060 habere
1516 4006 1697 4060 vellet.

139 4093 332 4150 Verum
361 4099 716 4169 Epiphanius,
768 4115 828 4154 se
865 4115 1041 4170 neque
1089 4101 1208 4170 ejus
1252 4100 1414 4155 domo
1447 4116 1700 4162 usurum,

137 4204 236 4242 nec
262 4206 376 4244 cum
402 4207 470 4246 eo
509 4199 794 4245 oraturum
822 4206 944 4247 esse
974 4192 1279 4260 respondit,
1317 4191 1424 4247 nisi
1453 4191 1702 4262 Origenis

134 4277 308 4332 libros
339 4281 488 4349 prius
543 4280 880 4344 damnasset,
936 4287 991 4335 et
1036 4280 1358 4337 Dioscorum
1411 4297 1518 4335 una
1577 4297 1701 4336 cum

1792 1811 2029 1880 spio.....
2066 1825 2230 1880 quem
2270 1809 2607 1880 Epiphanius
2633 1825 2758 1864 cum
2790 1808 3238 1864 contubernalem
3268 1805 3368 1858 ha-

1791 1903 1961 1966 beret,
1993 1903 2442 1959 archidiaconum
2475 1920 2636 1959 suum
2662 1905 3043 1960 constituerat.

1863 1995 1954 2050 59.
1997 2014 2015 2046 ι
2055 1995 2380 2050 Ammonius
2411 2011 2540 2050 vero
2570 2004 2623 2050 et
2644 1997 2737 2066 qui
2777 2011 2902 2051 cum
2929 1996 3027 2050 illo
3057 2003 3213 2050 erant
3239 1990 3369 2063 Epi-

1791 2088 2054 2155 phanium
2080 2086 2461 2150 adieruntrid
2508 2086 2654 2140 enim
2695 2087 2799 2156 ipsi
2840 2102 3062 2156 quoque
3107 2086 3369 2155 Augustae.

1791 2183 2092 2252 placuerat.
2129 2180 2379 2249 Cumque
2421 2178 2760 2250 Epiphanius
2813 2180 3203 2250 interrogasset
3245 2177 3368 2248 qui-

1794 2288 1919 2327 nam
1956 2280 2166 2339 essent,
2196 2272 2479 2341 respondit
2508 2270 2867 2326 Ammonius:
2895 2269 3063 2341 Longi
3088 2285 3300 2335 sumus,
3331 2284 3365 2322 o

1795 2362 1990 2428 Pater;
2018 2361 2247 2416 libenter
2262 2369 2444 2416 autem
2474 2360 2833 2424 disceremus,
2863 2368 3044 2414 utrum
3069 2359 3364 2428 aliquando

1795 2453 1850 2507 in
1890 2453 2191 2524 discipulos
2228 2461 2322 2507 aut
2357 2451 2414 2506 in
2459 2451 2632 2508 libros
2681 2459 2900 2505 nostros
2939 2449 3222 2504 incideris.
3273 2446 3369 2502 lllo

1795 2553 2046 2616 negante,
2087 2545 2285 2600 iterum
2317 2543 2589 2614 .quaasivit
2633 2542 2960 2598 Ammonius
2995 2560 3008 2596 :
3044 2539 3197 2596 Unde
3239 2556 3369 2611 ergo

1798 2639 2084 2693 haereticos
2107 2637 2232 2692 illos
2278 2651 2400 2691 esse
2444 2635 2723 2706 judieasti,
2787 2633 2881 2703 qui
2937 2632 3149 2687 trullam
3202 2632 3371 2687 habes

1797 2740 2202 2798 argumentum,
2232 2745 2342 2799 quo
2382 2727 2709 2784 sententiam
2747 2725 2966 2780 illorum
3015 2725 3194 2795 possis
3234 2739 3370 2779 con-

1796 2818 2052 2873 vincere?
2091 2819 2156 2872 Et
2203 2834 2328 2874 cum
2368 2817 2710 2890 Epiphanius
2739 2815 2966 2882 diceret,
2999 2815 3053 2870 id
3087 2831 3148 2871 se
3177 2816 3369 2871 auditu

1798 2907 2111 2978 accepisse:
2145 2906 2258 2966 Nos
2289 2923 2440 2975 vero,
2473 2906 2911 2972 aitAmmonius,
2945 2907 3107 2978 plane
3140 2917 3363 2963 contra-

1799 2997 1943 3053 rium
1973 2996 2234 3064 fecimus;
2266 3014 2394 3053 nam
2415 3007 2470 3054 et
2490 2999 2791 3070 discipulos
2818 3007 2943 3055 tuos
2970 3013 3112 3070 saepe
3140 3013 3370 3053 numero

1801 3090 2062 3156 vidimus,
2096 3100 2150 3145 et
2186 3090 2357 3146 libros
2385 3091 2752 3162 perlegimus;
2783 3109 2850 3148 ex
2881 3093 3083 3162 quibus
3113 3107 3257 3146 unus
3286 3102 3374 3147 est

1799 3181 1892 3252 qui
1942 3181 2239 3241 Ancoratus
2282 3181 2622 3237 inscribitur.
2661 3183 2912 3254 Cumque
2949 3183 3108 3238 multi
3161 3183 3372 3252 vitupe-

1799 3287 1924 3328 rare
1944 3282 2000 3327 et
2030 3283 2288 3345 tanquam
2313 3273 2631 3329 haareticum
2661 3273 2986 3330 calumniari
3020 3275 3237 3338 vellent,
3271 3290 3372 3329 nos

1799 3377 1899 3432 pro
1927 3361 2109 3430 Patre,
2142 3363 2219 3417 uti
2245 3377 2343 3432 par
2369 3372 2506 3426 erat,
2535 3364 2924 3434 pugnavimus,
2964 3371 3018 3418 et
3059 3378 3243 3419 causa:
3266 3373 3374 3419 tuae

1800 3453 2176 3510 defensionem
2203 3454 2569 3524 suscepimus.
2615 3453 2851 3510 Proinde
2898 3469 3000 3511 nee
3040 3464 3098 3511 tu
3153 3470 3218 3510 ex
3255 3455 3375 3510 solo

1800 3547 1989 3601 auditu
2038 3547 2293 3604 absentes
2347 3547 2606 3603 damnare
2657 3547 2929 3613 debuisti,
2980 3563 3120 3619 quos
3162 3564 3373 3619 nequa-

1801 3654 1964 3708 quam
1997 3649 2053 3694 tu
2079 3640 2196 3710 ipse
2227 3641 2390 3696 certis
2423 3641 2761 3711 argumentis
2808 3641 3066 3696 inductus
3117 3643 3372 3698 c'onvice-

1801 3746 1913 3795 ras,
1943 3746 2042 3786 nec
2063 3731 2328 3796 ejusmodi
2351 3734 2582 3802 gratiam
2609 3733 2814 3789 referre
2833 3733 3214 3788 laudatoribus
3238 3735 3367 3790 tuis.

1803 3821 2049 3877 Posthzec
2071 3821 2411 3892 Epiphanius
2440 3825 2618 3880 lenius
2644 3842 2768 3882 eum
2801 3828 3090 3893 allocutus,
3117 3839 3232 3883 tum
3255 3830 3380 3898 qui-

1802 3914 1924 3968 dem
1955 3913 2024 3968 ab
2063 3930 2122 3969 se
2150 3914 2381 3979 dimisit,
2414 3916 2564 3970 brevi
2597 3927 2780 3972 autem
2811 3919 3097 3989 interjecto
3124 3929 3367 3990 tempore

1803 4005 2042 4078 Cyprum
2082 4008 2378 4078 navigavit,
2422 4023 2517 4064 seu
2571 4011 2713 4079 quod
2757 4009 3375 4082 Constantinopolitanae

1804 4099 2158 4169 profectionis
2191 4100 2368 4170 ipsum
2398 4101 2706 4170 pteniteret,
2750 4118 2846 4158 seu
2877 4103 3024 4172 quod
3073 4104 3216 4158 Deus
3247 4119 3375 4159 ora-

1806 4189 1930 4262 culo
1954 4190 2130 4260 ipsum
2155 4192 2554 4258 admonuisset,
2596 4204 2940 4263 mortemque
2968 4195 3072 4264 ipsi
3106 4210 3261 4250 suam
3295 4196 3376 4267 (ut

1807 4281 2105 4337 verisimile
2122 4281 2224 4350 est)
2245 4284 2691 4352 praznuntiasset.
2720 4285 2988 4340 Caeterum
3025 4303 3150 4342 cum
3179 4304 3375 4344 navem

134 4370 307 4424 sociis
333 4372 648 4440 expulisset.
685 4369 790 4426 Sed
825 4387 949 4426 cum
985 4372 1074 4427 ille
1110 4382 1234 4428 ante
1278 4388 1460 4427 causa:
1505 4373 1694 4442 cogni-
1731 4377 1778 4435 D
1805 4389 2208 4429 conscensurus
2236 4385 2399 4441 esset,
2431 4377 2724 4446 episcopis,
2756 4379 2850 4448 qui
2886 4379 3061 4448 ipsum
3106 4381 3172 4436 ad
3225 4381 3377 4437 littus

134 4461 338 4514 tionem
368 4462 480 4517 haec
509 4461 694 4516 facere
727 4462 1149 4532 haudquaquam
1203 4463 1411 4531 justum
1446 4478 1566 4518 esse
1611 4464 1691 4517 di-

129 4565 280 4606 ceret
313 4562 362 4606 et
381 4553 913 4624 procrastinaretur,
951 4553 1038 4608 die
1075 4569 1186 4622 quo
1233 4555 1457 4609 collecta
1493 4554 1701 4624 agenda

127 4655 242 4698 erat
279 4645 339 4698 in
368 4645 601 4700 ecclesia
634 4644 1041 4714 Apostolorum.
1073 4654 1438 4714 procurarunt
1469 4643 1700 4701 Joannis

127 4733 343 4788 inimici
369 4744 427 4789 ut
449 4734 794 4805 Epiphanius
832 4735 888 4788 in
925 4735 1214 4790 ecclesiam
1253 4736 1486 4800 veniret,
1517 4743 1571 4789 et
1606 4749 1705 4804 pu-

125 4825 266 4881 blice
302 4842 485 4881 coram
514 4826 716 4897 populo
751 4838 864 4881 tum
891 4825 1144 4898 Origenis
1173 4827 1366 4893 libros,
1405 4835 1520 4881 tum
1575 4828 1702 4882 Dio-

124 4933 353 4972 scorum
382 4928 436 4972 et
464 4933 561 4972 eos
611 4917 705 4985 qui
751 4932 871 4972 cum
910 4917 1003 4971 illo
1053 4926 1231 4981 erant,
1267 4925 1525 4986 tanquam
1561 4917 1701 4971 idem

123 5009 428 5060 sentientes
451 5023 577 5062 cum
597 5006 850 5075 Origene,
883 5007 1232 5061 anathemate
1256 5005 1577 5071 damnaret;
1609 5022 1703 5062 ea-

123 5097 370 5165 demque
410 5112 572 5166 opera
617 5094 933 5165 episcopum
987 5098 1138 5153 urbis
1185 5088 1595 5168 perstringeret,
1645 5109 1705 5152 ut

122 5191 209 5258 qui
242 5190 367 5243 illis
399 5190 646 5244 addictus
669 5199 842 5253 esset;
880 5189 1267 5244 existimabant
1314 5189 1459 5244 enim
1500 5205 1560 5244 se
1599 5190 1702 5244 hac

121 5285 340 5336 ratione
371 5280 579 5349 plebem
609 5280 677 5334 ah
708 5279 800 5334 illo
827 5295 948 5336 esse
990 5281 1344 5335 alienaturos.

183 5372 275 5426 58,
337 5390 360 5423 ι
405 5369 632 5426 Postero
686 5371 850 5439 igitur
892 5369 1000 5437 die,
1048 5386 1170 5425 cum
1220 5371 1284 5424 ad
1335 5371 1387 5425 id
1431 5371 1700 5441 agendum

118 5477 452 5530 progressus
482 5460 824 5530 Epiphanius
845 5461 967 5530 .jam
1012 5460 1256 5516 ecclesiae
1303 5462 1705 5531 appropinqua-

118 5568 212 5620 ret,
246 5557 483 5613 obviam
514 5553 565 5607 ei
595 5552 839 5606 occurrit
875 5551 1120 5620 Serapio,
1156 5554 1359 5609 missus
1415 5571 1444 5608 a
1494 5553 1706 5609 Joanne

116 5649 512 5714 (prasenserat
553 5643 704 5697 enim
728 5641 967 5696 Joannes
998 5659 1060 5697 ea
1093 5659 1214 5714 qua:
1264 5646 1437 5714 pridie
1486 5647 1702 5704 fuerant

363 5741 643 5797 ιἈτιιυι..
691 5735 808 5795 Gtt.
857 5735 1016 5799 XLI.

1805 4477 1981 4532 usque
2033 4464 2308 4533 prosecuti
2366 4463 2606 4531 fuerant,
2660 4467 2868 4523 dixisse
2924 4469 3140 4524 fertur:
3173 4468 3374 4527 Urbem

1803 4555 1956 4610 vobis
1983 4569 2038 4611 et
2067 4556 2330 4624 palatium
2377 4566 2430 4612 et
2483 4572 2704 4612 scenam
2760 4559 3046 4628 relinquo;
3097 4576 3200 4633 ego
3247 4576 3375 4617 vero

1804 4648 2035 4703 abscedo
2061 4667 2074 4702 :
2099 4647 2298 4703 festino
2321 4649 2490 4714 enim,
2513 4659 2567 4703 et
2592 4649 2810 4718 quidem
2845 4650 3020 4706 valde.

1873 4741 1963 4795 40.
2017 4759 2035 4792 ι
2089 4741 2250 4796 Aliud
2322 4750 2581 4809 prmterea
2633 4744 2912 4813 quidpiam
2973 4745 3176 4810 audivi,
3231 4749 3377 4816 quod

1807 4835 2099 4888 multorum
2171 4835 2518 4890 sermonibus
2591 4836 2892 4891 etiamnum
2969 4838 3375 4906 circumfertur,

1803 4924 2068 4980 Joannem
2109 4926 2330 4996 quidem
2383 4919 3057 4997 Epiphanio'praadixisse
3116 4928 3267 4983 illum
3321 4931 3376 4986 in

1807 5018 2150 5088 navigatione
2191 5034 2314 5073 esse
2373 5019 2724 5085 moriturum,
2773 5020 3143 5090 Epiphanium
3195 5031 3376 5075 autem

1807 5109 2198 5178 praznuntiasse
2225 5109 2420 5165 Joanni
2438 5109 2833 5165 abdicationem
2852 5111 3214 5182 episcopatus.
3240 5111 3376 5166 Nam

1805 5201 1935 5254 dum
2003 5201 2144 5254 inter
2202 5215 2262 5256 se
2336 5201 2700 5266 dissiderent,
2764 5201 3101 5272 Epiphanius
3153 5205 3375 5274 quidem

1806 5289 1998 5344 Joanni
2037 5291 2322 5359 scripsisse
2348 5292 2772 5364 dicitur:Spero
2810 5304 2859 5349 te
2888 5311 3229 5364 nequaquam
3265 5297 3378 5365 epi-

1807 5395 2028 5450 scopum
2082 5381 2432 5436 moriturum.
2474 5381 2711 5438 Joannes
2750 5399 2880 5438 vero
2929 5385 3206 5454 rescripsit
3247 5383 3378 5455 Epi-

1808 5469 2037 5539 phanio:
2068 5467 2178 5525 Nec
2202 5485 2302 5540 ego
2335 5487 2496 5540 spero
2521 5480 2574 5526 te
2596 5473 2647 5526 in
2684 5473 2870 5528 urbem
2902 5483 3046 5528 tuam
3072 5475 3374 5531 rediturum

1809 5576 1946 5614 esse.
1975 5581 1992 5612 ι
2017 5560 2139 5615 Haec
2172 5561 2532 5628 Sozomenns,
2571 5562 2872 5618 Historiam
2901 5581 3054 5621 suam
3082 5566 3238 5621 anuis
3268 5567 3375 5620 cir-

1809 5653 1942 5707 citer
1977 5653 2190 5723 Iriginta
2240 5662 2360 5723 post
2401 5652 2684 5724 Epiphanii
2738 5657 2944 5712 obitum
2986 5659 3258 5724 scribens;
3285 5657 3374 5714 cui

3014 5752 3051 5810 5
