3870 6068
468 260 571 318 159

1492 249 1554 305 S.
1590 243 1935 304 EPlPllANll
1965 235 2145 296 ACTA
2185 222 2689 292 BOLLANDIANA.

3627 198 3737 260 ιω

472 377 673 435 similia
707 375 900 432 iisdem
941 372 1054 429 fere
1094 372 1269 429 verbis
1320 370 1485 425 habet
1533 334 1789 424 Socrates
1836 365 1930 420 lib.
1970 377 2047 426 vt,
2079 365 2126 421 Α
2226 357 2316 411 42.
2343 354 2416 411 Ut
2440 361 2499 408 ut
2531 351 2622 417 sit»,
2657 352 2901 418 apparet,
2944 337 3215 435 optimum
3263 330 3739 435 alias-sanctissi-

477 484 596 538 cap.
626 466 728 533 li;
758 465 904 536 paris
933 464 1090 534 plane
1113 478 1236 518 cum
1258 460 1565 517 Sozomeno
1593 457 1768 513 anatis
1792 456 2051 525 scriptor,

479 570 534 616 et
559 574 623 614 ex
648 572 757 627 quo
770 571 926 612 suam
956 554 1066 609 fere
1085 551 1378 609 Historiam
1404 557 1688 606 mutuatus
1715 547 2054 611 Sozomenus

481 647 739 702 creditur.
771 644 1075 699 Sozomeno
1101 652 1288 699 tamen
1327 641 1586 697 libentius
1621 654 1753 695 usus
1783 638 1875 692 hic
1907 651 2052 699 sum,

483 755 591 794 non
627 738 753 808 quia
783 730 1143 793 Salaminium
1173 750 1297 791 eum
1330 734 1505 790 fuisse
1542 732 1727 793 credo.
1764 730 1906 787 sicut
1935 729 2058 798 opi-

486 839 644 884 natur
672 827 1012 899 Niccphorus
1049 828 1254 897 aliique
1296 834 1419 896 post
1461 839 1618 889 eum;
1664 838 1788 878 cum
1816 823 1930 891 ipse
1962 822 2054 874 lib.

485 936 539 984 v,
568 936 688 990 cap.
723 921 812 985 15,
858 917 1004 974 haud
1053 917 1285 972 obscure
1326 915 1529 970 indicet
1573 929 1631 969 se
1664 911 2055 975 Palaestinium,

487 1027 551 1066 ex
587 1012 706 1066 vico
731 1012 967 1081 quodam
998 1009 1153 1079 juxta
1187 1008 1389 1064 Gazam
1415 1005 1503 1061 cui
1545 1019 1742 1060 nomen
1783 1001 2058 1066 Bethelia;

490 1104 581 1159 sed
619 1104 745 1174 quia
773 1103 884 1173 jam
902 1096 1039 1156 'inde
1077 1100 1145 1156 ab
1170 1096 1536 1155 adolescentia
1567 1094 1909 1150 familiariter
1936 1108 2061 1149 cum

496 1195 782 1252 monachis
809 1195 879 1250 ibi
909 1194 1237 1258 celebribus,
1280 1189 1574 1246 Hilarionis
1601 1188 1883 1258 discipulis
1916 1187 2065 1242 suis-

492 1304 599 1358 que
638 1296 696 1341 ut
722 1287 936 1342 videtur
967 1283 1407 1355 consanguineis,
1446 1290 1725 1346 versatus;
1779 1280 2067 1334 Salamane

495 1380 723 1444 scilicet,
750 1393 876 1433 cum
922 1391 1029 1446 quo
1056 1389 1348 1432 commune
1376 1388 1572 1429 nomen
1605 1371 1794 1427 habuit
1823 1370 2064 1442 (dicebao

497 1482 587 1525 tur
610 1470 776 1531 enim,
817 1469 893 1523 uti
929 1467 1158 1537 Pbotius
1191 1474 1366 1531 notat,
1411 1485 1429 1517 ι
1471 1463 1788 1520 Salamanet
1823 1463 2070 1518 Hermias

499 1561 855 1625 Sozomcnns,
896 1581 916 1613 ι
962 1559 1106 1631 quod
1143 1559 1283 1615 alios
1328 1558 1561 1627 decepit,
1606 1566 1667 1613 ut
1710 1556 2068 1613 Salaminium

495 1652 797 1721 crederent)
831 1652 1058 1722 ejusque
1101 1649 1363 1705 fratribus
1395 1647 1665 1714 Fuseone,
1696 1645 1982 1703 Macbione
2018 1653 2074 1701 et

497 1745 801 1815 (Irispione,
838 1759 1072 1815 quorum
1096 1754 1406 1814 postremus
1438 1741 1498 1797 S.
1537 1740 1841 1812 Epiphanio
1884 1740 2071 1795 adhae-

499 1853 647 1902 rens,
681 1840 735 1891 in
772 1851 998 1891 munere
1030 1834 1405 1891 archidiaconi
1439 1831 1914 1902 Constantinapoli
1950 1841 2077 1888 ante

504 1944 682 1996 Ipsum
723 1927 880 1994 obiit,
917 1937 977 1982 ut
1003 1942 1171 1998 supra
1214 1927 1475 1983 vidimus.
1527 1924 1753 1980 Accedit
1790 1924 1937 1994 quod
1971 1924 2075 1979 So~

505 2019 638 2075 crati
680 2019 942 2075 nonnulla
982 2020 1146 2075 etiam
1181 2018 1271 2074 hic
1315 2018 1583 2073 addiderit
1626 2015 1989 2082 Sozamenus,
2025 2023 2080 2072 et

502 2110 816 2168 accuratius
857 2110 1041 2180 aliqua
1097 2110 1346 2166 videatur
1401 2108 1657 2165 edidisse.
1706 2106 1954 2164 Notabile
1996 2116 2083 2164 est

504 2212 686 2257 tamen
718 2200 863 2272 quod
895 2201 1062 2257 relata
1110 2200 1400 2272 Epiphanii
1438 2208 1494 2256 et
1530 2198 1759 2257 Joannis
1796 2209 1986 2256 mutua
2015 2200 2083 2255 de

506 2311 566 2352 se
613 2294 846 2350 invicem
903 2292 1272 2365 praedictione,
1302 2293 1463 2350 addat
1492 2290 1783 2349 Socrates:
1821 2310 1841 2344 ι
1889 2291 2083 2347 lltrum

504 2401 670 2456 porro
692 2400 820 2441 vera
846 2385 981 2440 mihi
1011 2384 1250 2450 dixerint
1274 2385 1367 2455 qui
1405 2385 1511 2442 ista
1554 2392 1872 2448 narrarunt,
1922 2384 2083 2454 equi-

506 2477 628 2531 dem
663 2489 770 2528 uon
806 2489 1030 2545 possum
1061 2472 1364 2541 afﬁrmare;
1410 2473 1625 2543 utrique
1658 2481 1839 2528 tamen
1866 2473 2084 2527 illarum

517 2564 837 2635 huiusmodi
883 2565 1066 2649 exitus
1097 2565 1339 2636 contigit.
1376 2562 1511 2620 Nam
1536 2580 1710 2634 neque
1750 2563 2088 2635 Epiphanius

511 2672 700 2713 navem
736 2657 944 2728 appulit
963 2656 1230 2729 Cyprum,
1263 2665 1389 2728 post
1420 2657 1722 2713 discessum
1756 2656 1903 2713 enim
1935 2672 2089 2712 mor-

512 2758 637 2803 tuus
669 2758 754 2805 est
787 2749 841 2803 in
872 2749 1087 2818 navigio
1117 2768 1129 2803 :
1155 2755 1211 2803 et
1230 2747 1472 2805 Joannes
1499 2748 1642 2803 haud
1677 2748 1848 2803 tnulto
1873 2755 1995 2818 post
2018 2763 2087 2802 ex

512 2842 830 2911 episcopatu
860 2842 1096 2911 dijectus
1124 2852 1228 2899 est.
1262 2860 1283 2894 ι

582 2931 671 2985 41.
695 2930 882 2986 Potuit
919 2946 1051 2986 sane
1076 2930 1393 3001 huiusmodi
1423 2931 1603 2986 exitus
1625 2930 1909 2998 utriusque
1933 2942 2090 2984 occa-

515 3022 724 3077 sionem
761 3022 978 3083 dedisse
1000 2991 1337 3088 homihibus,
1374 3032 1580 3080 mutum
1622 3024 1765 3078 inter
1813 2991 1935 3078 illos
1978 3022 2092 3077 dis-
2122 3028 2164 3085 C
2196 3010 2413 3068 Obiel'il-
2463 3026 2483 3060 ³
2523 3003 2677 3060 Sim“
2714 3001 2861 3056 θηίω
2900 3009 2967 3051 ⁸⁸
3017 2991 3288 3064 Αροίθθίὴ

518 3116 793 3175 sensionis
825 3116 1085 3181 consciis,
1129 3117 1390 3187 virosque
1432 3126 1655 3176 sanctos
1693 3131 1795 3173 sua
1816 3117 1952 3187 pede
1981 3130 2095 3170 me-

518 3210 803 3275 tientibus,
823 3219 883 3263 ut
903 3208 1311 3267 altercationem
1340 3210 1629 3265 verborum
1658 3211 1874 3280 utrique
1901 3224 2094 3279 parum

520 3303 739 3374 dignam
787 3301 1127 3372 allingereut,
1172 3300 1643 3370 quemadmodum
1684 3300 1944 3371 iudicavit
1993 3299 2094 3359 Ba-

521 3395 733 3457 ronius,
763 3401 818 3449 et
855 3402 976 3461 post
1007 3408 1132 3448 eum
1168 3390 1410 3446 Socratis
1437 3401 1600 3461 atque
1645 3390 1933 3447 Sozomeni
1977 3392 2100 3445 illu-

523 3494 725 3539 strator
763 3494 818 3539 ct
860 3486 1128 3553 interpres
1155 3482 1486 3538 novissimus
1526 3481 1791 3538 Henricus
1824 3481 2095 3538 Valesius.

527 3575 752 3630 Dubitat
804 3576 971 3631 etiam
1019 3573 1307 3640 Baronius,
1361 3590 1559 3629 verene
1608 3573 1967 3644 Epiphanius,
2019 3575 2099 3629 uti

529 3666 720 3723 scribit
759 3666 1033 3730 Socrates,
1072 3683 1090 3716 α
1136 3664 1273 3720 Cum
1319 3666 1387 3720 ad
1437 3664 1723 3720 Basilicam
1771 3664 1828 3718 S.
1876 3663 2105 3721 Joannis

530 3757 848 3827 appulisset,
894 3771 1018 3826 quae
1049 3763 1254 3825 septem
1285 3770 1548 3824 passuum
1585 3754 1823 3810 millibus
1863 3756 1933 3810 ab
1971 3755 2105 3810 urbe

530 3849 716 3914 distat,
748 3863 887 3903 nave
936 3863 1211 3918 egressus,
1256 3848 1540 3905 collectam
1592 3847 1665 3903 ibi
1713 3848 2000 3903 celebrarit
2051 3854 2106 3902 et

530 3941 820 3996 diaconum
847 3940 1136 4004 ordinarit,
1169 3940 1488 4010 priusquam
1541 3941 1817 3995 civitatem
1855 3938 2105 4010 ingrede-

532 4044 703 4091 retur.
738 4057 755 4085 ι
792 4032 1023 4088 Veretur
1054 4045 1294 4101 namque
1326 4046 1393 4086 ne
1421 4030 1698 4100 querelam
1729 4028 1959 4084 Joannis
1988 4026 2109 4083 Hie-

532 4124 911 4196 rosolymitani
939 4124 1007 4180 de
1029 4121 1360 4195 Epiphanio,
1396 4122 1463 4177 ad
1493 4118 1761 4177 Joannem
1796 4120 2107 4175 Constanti-

533 4218 909 4289 nopolitanum
940 4229 1224 4286 perperam
1251 4212 1587 4269 transtulerit
1612 4210 1887 4275 Socrates,
1917 4226 2112 4280 quam-

534 4309 619 4363 vis
651 4317 783 4362 tunc
812 4321 935 4361 cum
968 4321 1056 4361 res
1084 4312 1341 4376 ageretur
1377 4301 1854 4373 Constantinopoli
1900 4302 2108 4356 vivens.

2122 462 2415 515 .mumque
2474 457 2696 503 senem,
2746 438 3030 505 deceptum
3086 430 3261 487 fuisse
3320 442 3355 482 a
3401 422 3739 492 Theophila,

2156 553 2264 599 tam
2292 541 2349 595 in
2380 551 2546 594 causa
2576 546 2768 589 eorum
2810 542 2949 599 quos
2977 525 3218 581 Joannes
3246 516 3520 577 tolerabat
3542 529 3742 572 mana-

2156 635 2406 691 chorum,
2456 642 2619 697 quam
2667 622 2841 694 ipsius
2882 615 3146 681 Joannis;
3182 621 3238 668 et
3278 626 3347 667 ex
3396 602 3745 697 abundantia

2159 721 2257 776 zeli
2291 695 2513 789 passum
2549 726 2673 768 esse
2720 710 3022 764 humanum
3070 700 3301 771 aliquid.
3351 697 3515 768 cujus
3554 695 3744 789 ipsum

2159 814 2269 870 cito
2292 780 2651 882 paenituerit,
2707 801 2991 872 magisque
3032 794 3304 867 potuisset
3348 789 3659 862 paenitere,
3696 780 3747 840 si

2160 919 2284 975 quae
2306 879 2428 974 post
2456 899 2760 956 discessum
2791 906 2954 950 suum
2989 897 3119 945 sunt
3146 891 3466 948 consecuta,
3491 879 3747 935 vidisset.

2162 967 2384 1053 [Interim
2414 990 2520 1045 hoc
2543 982 3014 1042 machinationum
3060 991 3287 1035 suarum
3327 985 3600 1030 successu
3638 967 3753 1024 ela-

2164 1098 2253 1144 tus
2276 1081 2633 1154 Theophilus.
2687 1078 3012 1147 priusquam
3041 1061 3601 1135 ConstantinOpolim-
3622 1072 3754 1154 pro-

2166 1151 2498 1237 ﬁcisceretur
2519 1173 2586 1229 ad
2615 1168 2905 1242 synodum,
2945 1179 3055 1236 qua
3086 1159 3314 1216 Joannis
3347 1154 3629 1228 depositio
3653 1151 3756 1208 de-

2167 1280 2315 1330 creta
2346 1274 2453 1332 est,
2493 1266 2570 1321 ita
2604 1265 2672 1318 de
2721 1275 2787 1316 eo
2833 1257 2903 1313 ad
2948 1256 3007 1311 S.
3062 1252 3455 1321 Hieronymum
3499 1244 3755 1315 scripsit,

2173 1384 2192 1418 ι
2227 1359 2567 1431 Origenistas
2594 1356 2649 1411 in
2694 1369 2851 1410 suam
2902 1351 3175 1421 recipiens
3217 1342 3657 1400 familiaritatem
3703 1345 3759 1392 et

2170 1470 2234 1511 ex
2262 1454 2346 1508 bis
2376 1449 2642 1522 plurimos
2679 1445 2746 1500 ad
2792 1441 3159 1499 sacerdotium
3206 1434 3535 1507 provehens,
3587 1438 3765 1498 atque

2172 1547 2243 1603 ob
2277 1519 2391 1600 hoc
2420 1540 2600 1599 scelus
2649 1538 2822 1592 beata:
2865 1531 3143 1588 memoriae
3184 1526 3459 1582 hominem
3492 1522 3594 1576 Dei
3627 1519 3763 1589 Epi-

2173 1637 2458 1710 pltauium,
2487 1631 2580 1703 qui
2613 1630 2755 1684 inter
2786 1625 3074 1696 episcopos
3099 1621 3308 1676 clarum
3345 1616 3401 1671 ia
3434 1614 3572 1669 orbe
3601 1612 3765 1666 sidus

2176 1703 2398 1792 effulsit,
2439 1723 2582 1779 haud
2630 1734 2799 1790 parvo
2849 1729 3089 1772 interere
3138 1709 3496 1769 cantristans,
3551 1703 3765 1760 meruit

2178 1820 2368 1877 audire
2400 1836 2414 1872 :
2445 1813 2650 1871 Cecidit
2687 1809 2932 1880 Babylon
2960 1805 3100 1878 (ιω.
3133 1818 3247 1867 xxr,
3274 1801 3352 1871 9).
3394 1818 3416 1853 ι
3457 1797 3645 1864 Quem
3680 1796 3757 1849 lo-

2179 1928 2302 1970 cum
2328 1910 2453 1965 ideo
2475 1907 2562 1961 hic
2582 1904 2878 1961 adductum
2907 1896 3080 1961 volui,
3107 1905 3167 1950 ut
3192 1890 3527 1959 intelligatur
3547 1899 3767 1955 nequa-

2181 2020 2345 2077 quam
2381 1997 2787 2070 ambigendum,
2819 1992 2953 2063 quin
2983 1989 3170 2045 statim
3200 1991 3327 2061 post
3356 1994 3520 2038 suum
3552 1993 3587 2032 a
3614 1974 3768 2077 (ion-

2182 2067 2554 2163 stantinopoli
2596 2090 2939 2149 discessum,
2999 2080 3078 2135 uti
3139 2077 3483 2133 Soaomenus
3544 2067 3770 2134 scribit,

2182 2187 2378 2244 obierit
2408 2160 2768 2255 Epiphanius,
2801 2176 2879 2232 de'
2903 2187 3013 2244 quo
3060 2178 3120 2225 ut
3162 2169 3276 2238 jam
3313 2160 3769 2255 mortuou'l‘heoo

2185 2279 2367 2352 philus
2391 2250 2664 2345 loquitur;
2690 2281 2929 2337 cumque
2960 2264 3028 2317 12
3049 2260 3178 2316 Maii
3205 2258 3398 2314 saltem
3423 2254 3496 2311 sit
3516 2252 3643 2307 dies
3672 2250 3769 2307 de-

2187 2346 2472 2443 positionis
2512 2366 2564 2419 in
2599 2365 2799 2434 Cypro,
2846 2369 3025 2427 neque
3065 2353 3157 2409 diu
3206 2358 3368 2405 antea
3416 2346 3634 2401 abiisse
3674 2356 3776 2412 po-

2188 2436 2382 2523 luerit,
2436 2456 2595 2526 cujus
2649 2452 2837 2516 navis,
2884 2456 2945 2503 ut
3000 2454 3207 2516 praeter)
3248 2440 3372 2511 ejus
3426 2436 3773 2491 voluntatem
3864 2480 3870 2487 .

2189 2551 2507 2626 procederet
2535 2549 2703 2608 lente,
2740 2555 2985 2597 mensem
3004 2547 3186 2593 tamen
3217 2533 3302 2588 vel
3326 2529 3773 2600 sesquitnensem

2190 2644 2371 2704 itineri
2398 2643 2488 2697 vix
2522 2639 2700 2710 potuit
2740 2632 3105 2705 impendisse;
3146 2636 3494 2693 consequens
3528 2628 3619 2675 est
3642 2634 3775 2674 eum

2191 2739 2396 2795 abiisse
2425 2746 2611 2788 mense
2646 2729 2838 2786 saltem
2866 2723 3037 2795 Aprili
3071 2718 3201 2776 anni
3226 2712 3355 2781 ωδ,
3390 2711 3599 2768 Maium
3626 2720 3778 2766 certe

2192 2842 2336 2899 aegre
2387 2823 2653 2894 attigisse.
2714 2816 2867 2873 Unde
2920 2811 3113 2869 mirari
3166 2806 3335 2869 subit,
3398 2819 3509 2873 qua
3564 2801 3781 2856 ratione

2194 2893 2394 2975 di'xerit
2445 2893 2747 2976 Barouius,
2781 2926 2800 2959 ι
2839 2902 3083 2978 ignorari
3137 2906 3310 2971 quoto
3362 2893 3587 2949 Domini
3631 2906 3781 2946 anno

3344 2986 3670 3057 Hieronymi
3711 2984 3779 3038 ad

2198 3104 2493 3165 Rullinum,
2523 3095 2744 3167 scriptis
2779 3104 2925 3147 anno
2957 3087 3085 3153 402,
3114 3092 3263 3140 recte
3290 3080 3485 3152 pmbat
3505 3094 3637 3133 eum
3670 3091 3781 3130 non

2198 3197 2400 3251 abiisse
2428 3192 2618 3247 eodem
2646 3201 2792 3241 anno
2826 3194 3011 3236 mense
3049 3177 3233 3241 Maio;
3276 3174 3349 3228 ita
3380 3188 3447 3227 ex
3475 3171 3592 3240 jam
3616 3169 3782 3224 dictis

2199 3287 2489 3356 colligitur,
2526 3283 2633 3336 ista
2656 3276 2881 3348 quidem
2922 3286 3073 3327 anno
3113 3283 3220 3338 non
3272 3263 3499 3324 abiisse,
3539 3261 3635 3316 sed
3682 3273 3785 3315 nec

2202 3355 2346 3435 ultra
2377 3377 2582 3446 primos
2608 3371 2727 3426 dies
2762 3366 2885 3421 Μειῖί
2922 3363 3048 3419 anni
3090 3358 3376 3431 sequentis
3419 3355 3591 3410 vitam
3656 3367 3783 3423 pra-

2201 3483 2447 3540 rogasse.

2204 3620 2207 3621 ν
2272 3538 2362 3616 d3.
2392 3558 2627 3613 Excusat
2662 3554 2805 3609 idem
2840 3546 3109 3604 Baronius
3144 3538 3534 3613 Epiphanium,
3570 3546 3628 3593 et
3666 3551 3786 3592 me-

2203 3654 2312 3709 rito
2339 3658 2584 3713 excusat,
2617 3646 2673 3700 in
2701 3644 2770 3699 iis
2792 3656 2914 3711 qua:
2951 3639 3020 3694 de
3049 3635 3347 3691 Ammonia
3375 3640 3431 3686 et
3465 3629 3633 3687 sociis
3660 3642 3787 3682 cre-

2204 3746 2376 3810 didit;
2416 3756 2482 3796 eo
2515 3738 2659 3810 quod
2698 3756 2718 3788 ι
2758 3730 3098 3802 Theophilus
3130 3742 3241 3783 non
3289 3724 3522 3796 privatis
3571 3731 3787 3777 tantum

2206 3837 2428 3903 litteris,
2467 3834 2561 3890 sed
2620 3828 2974 3903 synodalibus
3021 3838 3087 3879 ex
3138 3819 3370 3877 concilio
3409 3814 3789 3870 Alexandrina

2207 3928 2460 3998 scriptis,
2523 3921 2746 3979 haeresis
2794 3933 2891 3974 eos
2946 3914 3229 3972 convictos
3274 3917 3438 3979 atque
3495 3906 3790 3960 damnatos

2209 4020 2647 4090 significaverat;
2684 4031 2702 4064 ι
2731 4010 2827 4066 sed
2860 4023 2969 4063 non
3014 4005 3138 4061 ideo
3174 4001 3547 4057 Sozomeuum
3592 4009 3792 4064 argue-

2211 4089 2313 4169 rim
2338 4109 2553 4179 injuria:
2595 4105 2860 4160 adversus
2897 4096 3283 4170 Epiphaniutn,
3319 4099 3414 4146 aut
3446 4089 3618 4143 nimis
3659 4100 3786 4155 erga

2214 4202 2505 4274 Origeuem
2558 4195 2785 4261 favoris,
2841 4194 2972 4248 dum
3031 4186 3243 4243 inducit
3295 4182 3448 4236 illum
3499 4179 3787 4237 fatentem,

2215 4271 2360 4365 quod
2390 4291 2509 4347 sola
2536 4288 2725 4343 auditu
2758 4286 2823 4340 de
2859 4282 2928 4338 iis
2962 4277 3296 4350 cognoverit.
3326 4271 3463 4327 Nam
3498 4284 3675 4340 neque
3709 4277 3792 4322 te-

535 4360 722 4468 Neque
741 4360 888 4452 enim
912 4360 1151 4465 apparet
1166 4360 1258 4449 hic
1287 4403 1395 4450 tam
1428 4393 1576 4465 justa
1622 4360 1786 4464 quam
1832 4391 1905 4446 ibi
1943 4405 2114 4446 excu-
2146 4361 2188 4416 θ
2219 4360 2368 4441 mere
2422 4379 2652 4437 credidit
2700 4377 2812 4431 illis
2856 4369 3145 4443 Theophili
3196 4366 3389 4422 litteris
3426 4360 3788 4468 lipiphanius,

538 4489 695 4546 sandi
754 4486 1042 4559 Epiphanii
1089 4488 1251 4552 ratio,
1294 4502 1422 4543 eum
1473 4485 1719 4543 Ecclesia
1773 4483 1831 4539 S.
1886 4481 2116 4538 Joannis

539 4584 677 4638 citra
708 4580 1137 4637 controversiam
1160 4587 1304 4639 esset
1330 4579 1435 4634 sub
1453 4577 1814 4647 dispositione
1844 4575 2118 4630 Constan-

541 4671 887 4741 tinapolitani
914 4670 1178 4740 episcopi,
1207 4669 1299 4725 ubi
1333 4684 1435 4725 nec
1464 4670 1631 4739 hujus
1676 4669 1890 4738 injussu
1926 4666 2116 4722 licuis-

543 4773 627 4819 set
647 4761 951 4833 Epiphanio
983 4761 1275 4819 Missarnm
1304 4762 1595 4828 solemnia,
1643 4762 1843 4817 nedum
1893 4759 2118 4816 ordina-

544 4856 723 4911 tiones
776 4854 1106 4910 celebrare:
1156 4854 1225 4911 de
1284 4863 1518 4924 utroque
1570 4862 1749 4908 tamen
1803 4859 2119 4922 querentem

545 4946 998 5019 Chrysostomum
1034 4944 1295 5004 Socrates
1324 4945 1565 5013 inducit;
1595 4945 1728 5016 quin
1762 4944 1927 4999 etiam
1957 4943 2025 4998 de
2054 4942 2123 4997 iis

549 5055 673 5110 qua:
700 5038 756 5094 in
794 5037 1187 5111 Apostolorum
1221 5038 1426 5109 templo
1450 5036 1698 5094 facturus
1731 5046 1851 5092 erat
1882 5034 2123 5105 Epipha-

548 5132 698 5199 nius,
734 5131 842 5188 nisi
871 5132 1289 5188 denuntiatione
1332 5129 1566 5186 Joannis
1614 5146 1712 5199 per
1765 5128 2122 5196 Serapionem

552 5220 659 5277 sibi
690 5221 836 5279 facta
875 5221 1072 5279 fuisset
1105 5223 1453 5285 absterritus,
1486 5221 1553 5277 de
1586 5221 1673 5286 iis,
1731 5220 1975 5289 inquam,
2004 5233 2129 5289 qua:

550 5311 729 5369 solum
791 5315 1089 5369 constituta
1150 5312 1284 5369 dicit
1337 5314 1695 5379 Sazamenus,
1757 5322 2015 5381 tanquam
2063 5311 2131 5364 de

555 5403 736 5472 reipsa
767 5402 927 5459 factis
952 5404 1135 5460 minus
1156 5403 1543 5460 verosimiliter
1576 5403 1820 5473 loquitur
1849 5403 2125 5463 Socrates,

555 5506 621 5546 ac
644 5492 1009 5547 tum‘demum
1056 5490 1321 5547 Joannem
1365 5493 1459 5555 ait,
1517 5505 1585 5545 ne
1635 5488 1825 5544 eadem
1864 5486 2133 5556 postridie

558 5586 909 5648 iterarentur,
951 5582 1201 5653 ingresso
1241 5595 1432 5636 rursus
1462 5582 1515 5634 iu
1564 5578 1848 5636 ecclesiam
1896 5575 2132 5647 Epipha-

560 5678 654 5731 nio
686 5675 903 5732 misisse
928 5672 1302 5746 Serapionem.

2219 4483 2404 4545 utpote
2433 4492 2453 4524 ι
2494 4485 2617 4541 quae
2649 4468 2922 4524 scirentur
2955 4464 3008 4517 in
3058 4460 3248 4515 orbem
3294 4454 3588 4524 divulgata:
3630 4460 3794 4521 atque

2219 4574 2448 4634 recepta:
2486 4562 2556 4616 ab
2589 4558 2882 4614 Anastasio
2921 4554 3169 4609 Romano
3204 4547 3460 4621 poutilice
3499 4564 3512 4600 :
3558 4564 3578 4596 ι
3617 4558 3797 4613 neque

2218 4666 2401 4713 tamen
2430 4654 2496 4708 ad
2533 4651 2891 4722 quaestionem
2921 4644 3201 4701 Ammonii
3238 4642 3399 4698 aliter
3427 4638 3665 4694 debebat
3705 4652 3795 4703 rc:

2221 4745 2513 4819 spondere,
2541 4744 2635 4815 qui
2661 4745 2783 4813 ejus
2814 4756 2877 4796 ac
2901 4739 3178 4794 sociorum
3215 4748 3437 4789 causam
3463 4746 3562 4803 per
3601 4746 3661 4786 se
3689 4745 3794 4785 non

2222 4844 2589 4910 cognoverat;
2618 4843 2673 4889 et
2695 4833 2925 4888 audlens
2959 4836 3165 4900 quanto
3194 4825 3270 4880 illi
3304 4836 3429 4893 erga
3467 4836 3528 4876 se
3556 4822 3797 4891 egissent

2224 4929 2695 4999 circumspectius,
2729 4940 2837 4980 non
2866 4929 3079 4993 poterat
3113 4934 3221 4974 non
3264 4916 3451 4986 aliqua
3485 4912 3798 4968 humanita-

2228 5026 2296 5080 tis
2327 5037 2492 5079 sensu
2527 5017 2880 5076 commoveri.
2914 5013 3071 5081 Quod
3097 5026 3231 5067 vero
3253 5010 3401 5065 dicat
3447 5005 3794 5066 Ammonius,

2227 5124 2460 5172 tutatum
2518 5126 2577 5167 se
2630 5108 2831 5164 famam
2883 5103 3171 5175 Epiphanii
3228 5100 3495 5156 adversus
3548 5111 3646 5151 eos
3707 5093 3796 5162 qui

2230 5208 2381 5262 illum
2416 5205 2689 5259 haereseos
2724 5196 3139 5259 insimulabant,
3177 5191 3465 5248 sciendum
3495 5196 3582 5243 est
3612 5187 3667 5241 in
3695 5186 3798 5245 his.

2232 5299 2540 5354 Sozomeno
2573 5301 2710 5349 teste
2735 5292 2832 5346 lib.
2863 5303 2983 5346 vm.
3012 5301 3140 5357 cap.
3172 5283 3262 5351 14,
3312 5268 3482 5336 fuisse
3513 5280 3801 5349 ipsummct
3834 5286 3847 5291 ·

2232 5388 2621 5458 Theophilum,
2679 5383 2917 5439 nondum
2971 5376 3249 5433 Ammonii
3291 5381 3347 5428 et
3397 5371 3632 5455 fratrum
3689 5368 3804 5438 eius

2234 5482 2549 5544 inimicum;
2611 5477 2703 5546 qui
2766 5494 2783 5526 σ
2831 5481 2989 5527 antea
3038 5466 3400 5539 Epiphanium
3460 5459 3811 5532 reprehendit

2235 5575 2392 5646 quasi
2436 5572 2598 5625 Deum
2636 5571 2876 5624 humana
2901 5563 3083 5633 specie
3119 5560 3403 5631 praeditum
3448 5558 3806 5625 opinarelur;

2243 5676 2430 5731 postea
2455 5677 2607 5726 vero,
2640 5657 2802 5729 quasi
2845 5654 3170 5723 resipiscens
3208 5662 3393 5704 veram
3438 5648 3664 5703 tandem
3695 5658 3816 5701 scn-
