  <div class='ocr_page' id='page_1' title='image "/cluster/home/n/w/nwhite01/storage/ocr_20150623/41/hvd.32044073501868/092.png"; bbox 0 0 3972 6070; ppageno 0'>
   <div class='ocr_carea' id='block_1_1' title="bbox 87 135 160 192">
    <p class='ocr_par' dir='ltr' id='par_1_1' title="bbox 87 135 160 192">
     <span class='ocr_line' id='line_1_1' title="bbox 87 135 160 192; baseline -0.027 0"><span class='ocrx_word' id='word_1_1' title='bbox 87 135 160 192; x_wconf 68' lang='grc' dir='ltr'><strong>ιιι</strong></span> 
     </span>
    </p>
   </div>
   <div class='ocr_carea' id='block_1_2' title="bbox 1103 110 2300 201">
    <p class='ocr_par' dir='ltr' id='par_1_2' title="bbox 1103 110 2300 201">
     <span class='ocr_line' id='line_1_2' title="bbox 1103 110 2300 201; baseline 0.008 -10"><span class='ocrx_word' id='word_1_2' title='bbox 1103 135 1159 192; x_wconf 82' lang='grc'><strong>8.</strong></span> <span class='ocrx_word' id='word_1_3' title='bbox 1207 134 1548 194; x_wconf 66' lang='lat' dir='ltr'><strong>nmmum:</strong></span> <span class='ocrx_word' id='word_1_4' title='bbox 1585 142 1766 198; x_wconf 73' lang='lat' dir='ltr'><strong>ACTA</strong></span> <span class='ocrx_word' id='word_1_5' title='bbox 1802 110 2300 201; x_wconf 59' lang='lat' dir='ltr'><strong>BOI:I..—\t\’i)l.-\NA.</strong></span> 
     </span>
    </p>
   </div>
   <div class='ocr_carea' id='block_1_3' title="bbox 3224 152 3324 209">
    <p class='ocr_par' dir='ltr' id='par_1_3' title="bbox 3224 152 3324 209">
     <span class='ocr_line' id='line_1_3' title="bbox 3224 152 3324 209; baseline 0.03 -4"><span class='ocrx_word' id='word_1_6' title='bbox 3224 152 3324 209; x_wconf 66' lang='grc' dir='ltr'>ιω</span> 
     </span>
    </p>
   </div>
   <div class='ocr_carea' id='block_1_4' title="bbox 86 257 3322 335">
    <p class='ocr_par' dir='ltr' id='par_1_4' title="bbox 86 257 3322 335">
     <span class='ocr_line' id='line_1_4' title="bbox 86 257 3322 335; baseline 0.003 -23"><span class='ocrx_word' id='word_1_7' title='bbox 86 259 292 315; x_wconf 83' lang='lat' dir='ltr'><strong>tentiam</strong></span> <span class='ocrx_word' id='word_1_8' title='bbox 325 259 449 328; x_wconf 83' lang='lat' dir='ltr'><strong>ejus</strong></span> <span class='ocrx_word' id='word_1_9' title='bbox 478 275 602 314; x_wconf 88' lang='lat' dir='ltr'><strong>esse</strong></span> <span class='ocrx_word' id='word_1_10' title='bbox 625 259 962 325; x_wconf 70' lang='lat' dir='ltr'><strong>agnovisset,</strong></span> <span class='ocrx_word' id='word_1_11' title='bbox 1002 257 1142 312; x_wconf 88' lang='lat' dir='ltr'><strong>idem</strong></span> <span class='ocrx_word' id='word_1_12' title='bbox 1175 274 1232 313; x_wconf 89' lang='lat' dir='ltr'><strong>se</strong></span> <span class='ocrx_word' id='word_1_13' title='bbox 1255 275 1380 314; x_wconf 90' lang='lat' dir='ltr'><strong>cum</strong></span> <span class='ocrx_word' id='word_1_14' title='bbox 1415 260 1504 313; x_wconf 91' lang='lat' dir='ltr'><strong>illo</strong></span> <span class='ocrx_word' id='word_1_15' title='bbox 1531 277 1643 315; x_wconf 87' lang='lat' dir='ltr'><strong>sen-</strong></span> <span class='ocrx_word' id='word_1_16' title='bbox 1678 271 1719 322; x_wconf 74' lang='grc' dir='ltr'>Α</span> <span class='ocrx_word' id='word_1_17' title='bbox 1752 264 1862 317; x_wconf 86' lang='lat' dir='ltr'><strong>tine</strong></span> <span class='ocrx_word' id='word_1_18' title='bbox 1914 265 2058 318; x_wconf 90' lang='lat' dir='ltr'><strong>edita</strong></span> <span class='ocrx_word' id='word_1_19' title='bbox 2110 265 2412 318; x_wconf 88' lang='lat' dir='ltr'><strong>habebatur</strong></span> <span class='ocrx_word' id='word_1_20' title='bbox 2472 263 2524 316; x_wconf 91' lang='lat' dir='ltr'><strong>in</strong></span> <span class='ocrx_word' id='word_1_21' title='bbox 2591 263 2631 317; x_wconf 90' lang='lat' dir='ltr'><strong>ll</strong></span> <span class='ocrx_word' id='word_1_22' title='bbox 2693 273 2840 318; x_wconf 80' lang='lat' dir='ltr'><strong>tome</strong></span> <span class='ocrx_word' id='word_1_23' title='bbox 2880 265 3115 333; x_wconf 81' lang='lat' dir='ltr'><strong>Operum</strong></span> <span class='ocrx_word' id='word_1_24' title='bbox 3166 267 3284 334; x_wconf 82' lang='lat' dir='ltr'><strong>ejus</strong></span> <span class='ocrx_word' id='word_1_25' title='bbox 3306 307 3322 335; x_wconf 88' lang='lat'><strong>,</strong></span> 
     </span>
    </p>
   </div>
   <div class='ocr_carea' id='block_1_5' title="bbox 86 349 1642 421">
    <p class='ocr_par' dir='ltr' id='par_1_5' title="bbox 86 349 1642 421">
     <span class='ocr_line' id='line_1_5' title="bbox 86 349 1642 421; baseline -0.001 -17"><span class='ocrx_word' id='word_1_26' title='bbox 86 357 169 406; x_wconf 88' lang='lat' dir='ltr'><strong>tire</strong></span> <span class='ocrx_word' id='word_1_27' title='bbox 201 351 444 421; x_wconf 88' lang='lat' dir='ltr'><strong>scripsit,</strong></span> <span class='ocrx_word' id='word_1_28' title='bbox 465 359 522 406; x_wconf 87' lang='lat' dir='ltr'><strong>et</strong></span> <span class='ocrx_word' id='word_1_29' title='bbox 540 349 793 420; x_wconf 86' lang='lat' dir='ltr'><strong>Origenis</strong></span> <span class='ocrx_word' id='word_1_30' title='bbox 823 349 991 402; x_wconf 89' lang='lat' dir='ltr'><strong>libros</strong></span> <span class='ocrx_word' id='word_1_31' title='bbox 1015 349 1336 404; x_wconf 73' lang='lat' dir='ltr'><strong>calumniari</strong></span> <span class='ocrx_word' id='word_1_32' title='bbox 1369 351 1588 416; x_wconf 90' lang='lat' dir='ltr'><strong>institit,</strong></span> <span class='ocrx_word' id='word_1_33' title='bbox 1622 371 1642 403; x_wconf 70' lang='grc' dir='ltr'><strong>ι</strong></span> 
     </span>
    </p>
   </div>
   <div class='ocr_carea' id='block_1_6' title="bbox 86 440 1648 514">
    <p class='ocr_par' dir='ltr' id='par_1_6' title="bbox 86 440 1648 514">
     <span class='ocr_line' id='line_1_6' title="bbox 86 440 1648 514; baseline 0.001 -18"><span class='ocrx_word' id='word_1_34' title='bbox 86 446 254 514; x_wconf 87' lang='lat' dir='ltr'><strong>inquo</strong></span> <span class='ocrx_word' id='word_1_35' title='bbox 285 443 654 513; x_wconf 85' lang='lat' dir='ltr'><strong>reprobando,</strong></span> <span class='ocrx_word' id='word_1_36' title='bbox 687 442 734 497; x_wconf 91' lang='lat' dir='ltr'><strong>si</strong></span> <span class='ocrx_word' id='word_1_37' title='bbox 774 441 1001 496; x_wconf 77' lang='lat' dir='ltr'><strong>haberet</strong></span> <span class='ocrx_word' id='word_1_38' title='bbox 1047 440 1356 510; x_wconf 74' lang='lat' dir='ltr'><strong>adiutorem</strong></span> <span class='ocrx_word' id='word_1_39' title='bbox 1412 443 1648 513; x_wconf 86' lang='lat' dir='ltr'><strong>Epipha-</strong></span> 
     </span>
    </p>
   </div>
   <div class='ocr_carea' id='block_1_7' title="bbox 87 533 1647 603">
    <p class='ocr_par' dir='ltr' id='par_1_7' title="bbox 87 533 1647 603">
     <span class='ocr_line' id='line_1_7' title="bbox 87 533 1647 603; baseline 0.003 -17"><span class='ocrx_word' id='word_1_40' title='bbox 87 536 242 599; x_wconf 88' lang='lat' dir='ltr'><strong>nium,</strong></span> <span class='ocrx_word' id='word_1_41' title='bbox 277 535 488 589; x_wconf 89' lang='lat' dir='ltr'><strong>facilem</strong></span> <span class='ocrx_word' id='word_1_42' title='bbox 547 534 652 589; x_wconf 83' lang='lat' dir='ltr'><strong>sibi</strong></span> <span class='ocrx_word' id='word_1_43' title='bbox 709 533 1017 603; x_wconf 74' lang='lat' dir='ltr'><strong>spondebat</strong></span> <span class='ocrx_word' id='word_1_44' title='bbox 1071 533 1139 588; x_wconf 87' lang='lat' dir='ltr'><strong>de</strong></span> <span class='ocrx_word' id='word_1_45' title='bbox 1197 535 1485 590; x_wconf 86' lang='lat' dir='ltr'><strong>monachis</strong></span> <span class='ocrx_word' id='word_1_46' title='bbox 1541 537 1647 590; x_wconf 83' lang='lat' dir='ltr'><strong>illis</strong></span> 
     </span>
    </p>
   </div>
   <div class='ocr_carea' id='block_1_8' title="bbox 87 624 1647 697">
    <p class='ocr_par' dir='ltr' id='par_1_8' title="bbox 87 624 1647 697">
     <span class='ocr_line' id='line_1_8' title="bbox 87 624 1647 697; baseline 0.003 -20"><span class='ocrx_word' id='word_1_47' title='bbox 87 626 373 691; x_wconf 72' lang='lat' dir='ltr'><strong>victoriam,</strong></span> <span class='ocrx_word' id='word_1_48' title='bbox 408 627 504 695; x_wconf 88' lang='lat' dir='ltr'><strong>qui</strong></span> <span class='ocrx_word' id='word_1_49' title='bbox 539 625 670 679; x_wconf 78' lang='lat' dir='ltr'><strong>dum</strong></span> <span class='ocrx_word' id='word_1_50' title='bbox 720 624 834 678; x_wconf 89' lang='lat' dir='ltr'><strong>Deo</strong></span> <span class='ocrx_word' id='word_1_51' title='bbox 886 624 1208 695; x_wconf 90' lang='lat' dir='ltr'><strong>incorporeo</strong></span> <span class='ocrx_word' id='word_1_52' title='bbox 1258 627 1511 697; x_wconf 89' lang='lat' dir='ltr'><strong>corporis</strong></span> <span class='ocrx_word' id='word_1_53' title='bbox 1552 631 1647 682; x_wconf 85' lang='lat' dir='ltr'><strong>lut-</strong></span> 
     </span>
    </p>
   </div>
   <div class='ocr_carea' id='block_1_9' title="bbox 87 715 1648 775">
    <p class='ocr_par' dir='ltr' id='par_1_9' title="bbox 87 715 1648 775">
     <span class='ocr_line' id='line_1_9' title="bbox 87 715 1648 775; baseline 0.004 -6"><span class='ocrx_word' id='word_1_54' title='bbox 87 719 212 771; x_wconf 88' lang='lat' dir='ltr'><strong>mani</strong></span> <span class='ocrx_word' id='word_1_55' title='bbox 273 716 507 771; x_wconf 82' lang='lat' dir='ltr'><strong>formam</strong></span> <span class='ocrx_word' id='word_1_56' title='bbox 572 732 681 772; x_wconf 88' lang='lat' dir='ltr'><strong>non</strong></span> <span class='ocrx_word' id='word_1_57' title='bbox 733 731 855 772; x_wconf 88' lang='lat' dir='ltr'><strong>esse</strong></span> <span class='ocrx_word' id='word_1_58' title='bbox 893 715 1262 773; x_wconf 72' lang='lat' dir='ltr'><strong>defendebant</strong></span> <span class='ocrx_word' id='word_1_59' title='bbox 1319 719 1648 775; x_wconf 83' lang='lat' dir='ltr'><strong>auctoritate</strong></span> 
     </span>
    </p>
   </div>
   <div class='ocr_carea' id='block_1_10' title="bbox 87 810 1648 880">
    <p class='ocr_par' dir='ltr' id='par_1_10' title="bbox 87 810 1648 880">
     <span class='ocr_line' id='line_1_10' title="bbox 87 810 1648 880; baseline 0.002 -17"><span class='ocrx_word' id='word_1_60' title='bbox 87 811 339 880; x_wconf 81' lang='lat' dir='ltr'><strong>Origenis,</strong></span> <span class='ocrx_word' id='word_1_61' title='bbox 397 810 502 865; x_wconf 87' lang='lat' dir='ltr'><strong>sub</strong></span> <span class='ocrx_word' id='word_1_62' title='bbox 552 810 758 866; x_wconf 81' lang='lat' dir='ltr'><strong>invidia</strong></span> <span class='ocrx_word' id='word_1_63' title='bbox 813 810 979 879; x_wconf 88' lang='lat' dir='ltr'><strong>hujus</strong></span> <span class='ocrx_word' id='word_1_64' title='bbox 1030 810 1268 866; x_wconf 90' lang='lat' dir='ltr'><strong>nominis</strong></span> <span class='ocrx_word' id='word_1_65' title='bbox 1324 811 1648 867; x_wconf 87' lang='lat' dir='ltr'><strong>videbantur</strong></span> 
     </span>
    </p>
   </div>
   <div class='ocr_carea' id='block_1_11' title="bbox 89 900 1648 973">
    <p class='ocr_par' dir='ltr' id='par_1_11' title="bbox 89 900 1648 973">
     <span class='ocr_line' id='line_1_11' title="bbox 89 900 1648 973; baseline 0.004 -21"><span class='ocrx_word' id='word_1_66' title='bbox 89 917 230 970; x_wconf 79' lang='lat' dir='ltr'><strong>posse</strong></span> <span class='ocrx_word' id='word_1_67' title='bbox 255 901 514 972; x_wconf 78' lang='lat' dir='ltr'><strong>Opprimi.</strong></span> <span class='ocrx_word' id='word_1_68' title='bbox 557 902 714 969; x_wconf 82' lang='lat' dir='ltr'><strong>Quod</strong></span> <span class='ocrx_word' id='word_1_69' title='bbox 747 917 874 956; x_wconf 90' lang='lat' dir='ltr'><strong>cum</strong></span> <span class='ocrx_word' id='word_1_70' title='bbox 912 917 1077 971; x_wconf 87' lang='lat' dir='ltr'><strong>agere</strong></span> <span class='ocrx_word' id='word_1_71' title='bbox 1108 900 1473 973; x_wconf 88' lang='lat' dir='ltr'><strong>Theophilum</strong></span> <span class='ocrx_word' id='word_1_72' title='bbox 1501 903 1648 959; x_wconf 87' lang='lat' dir='ltr'><strong>vide-</strong></span> 
     </span>
    </p>
   </div>
   <div class='ocr_carea' id='block_1_12' title="bbox 91 991 1648 1063">
    <p class='ocr_par' dir='ltr' id='par_1_12' title="bbox 91 991 1648 1063">
     <span class='ocr_line' id='line_1_12' title="bbox 91 991 1648 1063; baseline 0.004 -20"><span class='ocrx_word' id='word_1_73' title='bbox 91 1003 153 1045; x_wconf 66' lang='lat' dir='ltr'><strong>rei</strong></span> <span class='ocrx_word' id='word_1_74' title='bbox 176 991 626 1063; x_wconf 84' lang='lat' dir='ltr'><strong>Cbrysostomus,</strong></span> <span class='ocrx_word' id='word_1_75' title='bbox 656 993 960 1049; x_wconf 85' lang='lat' dir='ltr'><strong>monachos</strong></span> <span class='ocrx_word' id='word_1_76' title='bbox 987 993 1111 1048; x_wconf 89' lang='lat' dir='ltr'><strong>illos</strong></span> <span class='ocrx_word' id='word_1_77' title='bbox 1136 1006 1246 1048; x_wconf 90' lang='lat' dir='ltr'><strong>non</strong></span> <span class='ocrx_word' id='word_1_78' title='bbox 1272 994 1380 1050; x_wconf 85' lang='lat' dir='ltr'><strong>nisi</strong></span> <span class='ocrx_word' id='word_1_79' title='bbox 1411 1002 1560 1050; x_wconf 89' lang='lat' dir='ltr'><strong>recta</strong></span> <span class='ocrx_word' id='word_1_80' title='bbox 1581 995 1648 1049; x_wconf 92' lang='lat' dir='ltr'><strong>de</strong></span> 
     </span>
    </p>
   </div>
   <div class='ocr_carea' id='block_1_13' title="bbox 92 1081 1646 1155">
    <p class='ocr_par' dir='ltr' id='par_1_13' title="bbox 92 1081 1646 1155">
     <span class='ocr_line' id='line_1_13' title="bbox 92 1081 1646 1155; baseline 0.003 -19"><span class='ocrx_word' id='word_1_81' title='bbox 92 1081 178 1138; x_wconf 85' lang='lat' dir='ltr'><strong>Deo</strong></span> <span class='ocrx_word' id='word_1_82' title='bbox 217 1095 447 1141; x_wconf 78' lang='lat' dir='ltr'><strong>eatenus</strong></span> <span class='ocrx_word' id='word_1_83' title='bbox 495 1086 700 1141; x_wconf 90' lang='lat' dir='ltr'><strong>sentire</strong></span> <span class='ocrx_word' id='word_1_84' title='bbox 732 1085 1100 1155; x_wconf 84' lang='lat' dir='ltr'><strong>comperiens,</strong></span> <span class='ocrx_word' id='word_1_85' title='bbox 1149 1087 1462 1141; x_wconf 89' lang='lat' dir='ltr'><strong>merebatur</strong></span> <span class='ocrx_word' id='word_1_86' title='bbox 1492 1097 1646 1142; x_wconf 82' lang='lat' dir='ltr'><strong>extra</strong></span> 
     </span>
    </p>
   </div>
   <div class='ocr_carea' id='block_1_14' title="bbox 86 1173 1642 1246">
    <p class='ocr_par' dir='ltr' id='par_1_14' title="bbox 86 1173 1642 1246">
     <span class='ocr_line' id='line_1_14' title="bbox 86 1173 1642 1246; baseline 0.004 -22"><span class='ocrx_word' id='word_1_87' title='bbox 86 1174 280 1242; x_wconf 84' lang='lat' dir='ltr'><strong>culpam</strong></span> <span class='ocrx_word' id='word_1_88' title='bbox 312 1173 502 1229; x_wconf 84' lang='lat' dir='ltr'><strong>haberi</strong></span> <span class='ocrx_word' id='word_1_89' title='bbox 539 1175 593 1228; x_wconf 92' lang='lat' dir='ltr'><strong>in</strong></span> <span class='ocrx_word' id='word_1_90' title='bbox 633 1189 700 1230; x_wconf 90' lang='lat' dir='ltr'><strong>eo</strong></span> <span class='ocrx_word' id='word_1_91' title='bbox 741 1191 906 1244; x_wconf 88' lang='lat' dir='ltr'><strong>quem</strong></span> <span class='ocrx_word' id='word_1_92' title='bbox 938 1175 1075 1245; x_wconf 87' lang='lat' dir='ltr'><strong>ipsis</strong></span> <span class='ocrx_word' id='word_1_93' title='bbox 1108 1177 1404 1246; x_wconf 66' lang='lat' dir='ltr'><strong>praestabat</strong></span> <span class='ocrx_word' id='word_1_94' title='bbox 1439 1176 1642 1232; x_wconf 82' lang='lat' dir='ltr'><strong>favore.</strong></span> 
     </span>
    </p>
   </div>
   <div class='ocr_carea' id='block_1_15' title="bbox 87 1263 1647 1337">
    <p class='ocr_par' dir='ltr' id='par_1_15' title="bbox 87 1263 1647 1337">
     <span class='ocr_line' id='line_1_15' title="bbox 87 1263 1647 1337; baseline 0.005 -21"><span class='ocrx_word' id='word_1_95' title='bbox 87 1263 332 1319; x_wconf 73' lang='lat' dir='ltr'><strong>Caterum</strong></span> <span class='ocrx_word' id='word_1_96' title='bbox 367 1266 447 1320; x_wconf 90' lang='lat' dir='ltr'><strong>uti</strong></span> <span class='ocrx_word' id='word_1_97' title='bbox 497 1264 858 1336; x_wconf 76' lang='lat' dir='ltr'><strong>Epiphaniam</strong></span> <span class='ocrx_word' id='word_1_98' title='bbox 891 1267 959 1321; x_wconf 92' lang='lat' dir='ltr'><strong>de</strong></span> <span class='ocrx_word' id='word_1_99' title='bbox 1002 1267 1647 1337; x_wconf 83' lang='lat' dir='ltr'><strong>Anthropomorphoseos</strong></span> 
     </span>
    </p>
   </div>
   <div class='ocr_carea' id='block_1_16' title="bbox 89 1354 1642 1425">
    <p class='ocr_par' dir='ltr' id='par_1_16' title="bbox 89 1354 1642 1425">
     <span class='ocr_line' id='line_1_16' title="bbox 89 1354 1642 1425; baseline 0.006 -21"><span class='ocrx_word' id='word_1_100' title='bbox 89 1355 258 1408; x_wconf 67' lang='lat' dir='ltr'><strong>nat-esi</strong></span> <span class='ocrx_word' id='word_1_101' title='bbox 314 1363 630 1425; x_wconf 79' lang='lat' dir='ltr'><strong>suspectum</strong></span> <span class='ocrx_word' id='word_1_102' title='bbox 682 1354 1018 1425; x_wconf 87' lang='lat' dir='ltr'><strong>Theophilus</strong></span> <span class='ocrx_word' id='word_1_103' title='bbox 1084 1357 1358 1412; x_wconf 81' lang='lat' dir='ltr'><strong>immerito</strong></span> <span class='ocrx_word' id='word_1_104' title='bbox 1417 1357 1642 1423; x_wconf 85' lang='lat' dir='ltr'><strong>habuit,</strong></span> 
     </span>
    </p>
   </div>
   <div class='ocr_carea' id='block_1_17' title="bbox 91 1446 1643 1520">
    <p class='ocr_par' dir='ltr' id='par_1_17' title="bbox 91 1446 1643 1520">
     <span class='ocr_line' id='line_1_17' title="bbox 91 1446 1643 1520; baseline 0.004 -21"><span class='ocrx_word' id='word_1_105' title='bbox 91 1446 444 1501; x_wconf 61' lang='lat' dir='ltr'><strong>«hereticum</strong></span> <span class='ocrx_word' id='word_1_106' title='bbox 493 1458 548 1502; x_wconf 86' lang='lat' dir='ltr'><strong>et</strong></span> <span class='ocrx_word' id='word_1_107' title='bbox 592 1449 909 1504; x_wconf 87' lang='lat' dir='ltr'><strong>schismatis</strong></span> <span class='ocrx_word' id='word_1_108' title='bbox 953 1458 1234 1504; x_wconf 83' lang='lat' dir='ltr'><strong>auctorem</strong></span> <span class='ocrx_word' id='word_1_109' title='bbox 1270 1469 1289 1501; x_wconf 83' lang='grc'>›</span> <span class='ocrx_word' id='word_1_110' title='bbox 1322 1450 1374 1504; x_wconf 90' lang='lat' dir='ltr'><strong>in</strong></span> <span class='ocrx_word' id='word_1_111' title='bbox 1415 1451 1643 1520; x_wconf 87' lang='lat' dir='ltr'><strong>epistola</strong></span> 
     </span>
    </p>
   </div>
   <div class='ocr_carea' id='block_1_18' title="bbox 89 1539 1646 1608">
    <p class='ocr_par' dir='ltr' id='par_1_18' title="bbox 89 1539 1646 1608">
     <span class='ocr_line' id='line_1_18' title="bbox 89 1539 1646 1608; baseline 0.007 -23"><span class='ocrx_word' id='word_1_112' title='bbox 89 1539 298 1604; x_wconf 78' lang='lat' dir='ltr'><strong>quadam</strong></span> <span class='ocrx_word' id='word_1_113' title='bbox 329 1540 498 1608; x_wconf 90' lang='lat' dir='ltr'><strong>priori</strong></span> <span class='ocrx_word' id='word_1_114' title='bbox 529 1555 762 1608; x_wconf 85' lang='lat' dir='ltr'><strong>vocans,</strong></span> <span class='ocrx_word' id='word_1_115' title='bbox 797 1543 876 1595; x_wconf 88' lang='lat' dir='ltr'><strong>uti</strong></span> <span class='ocrx_word' id='word_1_116' title='bbox 900 1541 1091 1597; x_wconf 89' lang='lat' dir='ltr'><strong>scribit</strong></span> <span class='ocrx_word' id='word_1_117' title='bbox 1125 1539 1403 1596; x_wconf 87' lang='lat' dir='ltr'><strong>Palladius</strong></span> <span class='ocrx_word' id='word_1_118' title='bbox 1435 1541 1489 1594; x_wconf 92' lang='lat' dir='ltr'><strong>in</strong></span> <span class='ocrx_word' id='word_1_119' title='bbox 1517 1541 1646 1596; x_wconf 90' lang='lat' dir='ltr'><strong>Dia-</strong></span> 
     </span>
    </p>
   </div>
   <div class='ocr_carea' id='block_1_19' title="bbox 87 1619 1716 1702">
    <p class='ocr_par' dir='ltr' id='par_1_19' title="bbox 87 1619 1716 1702">
     <span class='ocr_line' id='line_1_19' title="bbox 87 1619 1716 1702; baseline 0.006 -24"><span class='ocrx_word' id='word_1_120' title='bbox 87 1626 190 1694; x_wconf 77' lang='lat' dir='ltr'><strong>lego</strong></span> <span class='ocrx_word' id='word_1_121' title='bbox 227 1628 296 1682; x_wconf 88' lang='lat' dir='ltr'><strong>de</strong></span> <span class='ocrx_word' id='word_1_122' title='bbox 319 1629 379 1682; x_wconf 84' lang='lat' dir='ltr'><strong>S.</strong></span> <span class='ocrx_word' id='word_1_123' title='bbox 410 1627 622 1686; x_wconf 84' lang='lat' dir='ltr'><strong>Joanne</strong></span> <span class='ocrx_word' id='word_1_124' title='bbox 661 1631 1096 1702; x_wconf 78' lang='lat' dir='ltr'><strong>Chrysostomo;</strong></span> <span class='ocrx_word' id='word_1_125' title='bbox 1130 1631 1211 1687; x_wconf 91' lang='lat' dir='ltr'><strong>sic</strong></span> <span class='ocrx_word' id='word_1_126' title='bbox 1245 1631 1444 1687; x_wconf 90' lang='lat' dir='ltr'><strong>merito</strong></span> <span class='ocrx_word' id='word_1_127' title='bbox 1467 1633 1644 1701; x_wconf 89' lang='lat' dir='ltr'><strong>potuit</strong></span> <span class='ocrx_word' id='word_1_128' title='bbox 1676 1619 1716 1673; x_wconf 81' lang='grc' dir='ltr'><strong><em>Β</em></strong></span> 
     </span>
    </p>
   </div>
   <div class='ocr_carea' id='block_1_20' title="bbox 88 1722 1641 1795">
    <p class='ocr_par' dir='ltr' id='par_1_20' title="bbox 88 1722 1641 1795">
     <span class='ocr_line' id='line_1_20' title="bbox 88 1722 1641 1795; baseline 0.005 -22"><span class='ocrx_word' id='word_1_129' title='bbox 88 1735 188 1775; x_wconf 82' lang='lat' dir='ltr'><strong>eum</strong></span> <span class='ocrx_word' id='word_1_130' title='bbox 229 1722 373 1792; x_wconf 86' lang='lat' dir='ltr'><strong>apud</strong></span> <span class='ocrx_word' id='word_1_131' title='bbox 413 1738 472 1777; x_wconf 90' lang='lat' dir='ltr'><strong>se</strong></span> <span class='ocrx_word' id='word_1_132' title='bbox 503 1733 828 1778; x_wconf 76' lang='lat' dir='ltr'><strong>excusatum</strong></span> <span class='ocrx_word' id='word_1_133' title='bbox 864 1725 1269 1794; x_wconf 87' lang='lat' dir='ltr'><strong>probatumque</strong></span> <span class='ocrx_word' id='word_1_134' title='bbox 1309 1723 1641 1795; x_wconf 83' lang='lat' dir='ltr'><strong>signiﬁcare,</strong></span> 
     </span>
    </p>
   </div>
   <div class='ocr_carea' id='block_1_21' title="bbox 90 1813 1642 1886">
    <p class='ocr_par' dir='ltr' id='par_1_21' title="bbox 90 1813 1642 1886">
     <span class='ocr_line' id='line_1_21' title="bbox 90 1813 1642 1886; baseline 0.004 -22"><span class='ocrx_word' id='word_1_135' title='bbox 90 1826 172 1864; x_wconf 71' lang='lat' dir='ltr'><strong>non</strong></span> <span class='ocrx_word' id='word_1_136' title='bbox 222 1823 283 1866; x_wconf 86' lang='lat' dir='ltr'><strong>ut</strong></span> <span class='ocrx_word' id='word_1_137' title='bbox 333 1813 956 1885; x_wconf 73' lang='lat' dir='ltr'><strong>AnthrOpomut-phitam</strong></span> <span class='ocrx_word' id='word_1_138' title='bbox 1006 1817 1187 1886; x_wconf 90' lang='lat' dir='ltr'><strong>(quod</strong></span> <span class='ocrx_word' id='word_1_139' title='bbox 1239 1831 1426 1870; x_wconf 82' lang='lat' dir='ltr'><strong>revera</strong></span> <span class='ocrx_word' id='word_1_140' title='bbox 1477 1816 1642 1870; x_wconf 83' lang='lat' dir='ltr'><strong>etiam</strong></span> 
     </span>
    </p>
   </div>
   <div class='ocr_carea' id='block_1_22' title="bbox 89 1898 1644 1976">
    <p class='ocr_par' dir='ltr' id='par_1_22' title="bbox 89 1898 1644 1976">
     <span class='ocr_line' id='line_1_22' title="bbox 89 1898 1644 1976; baseline 0.006 -23"><span class='ocrx_word' id='word_1_141' title='bbox 89 1898 401 1972; x_wconf 74' lang='lat' dir='ltr'><strong>Theophilus</strong></span> <span class='ocrx_word' id='word_1_142' title='bbox 433 1919 544 1959; x_wconf 87' lang='lat' dir='ltr'><strong>non</strong></span> <span class='ocrx_word' id='word_1_143' title='bbox 579 1905 726 1975; x_wconf 88' lang='lat' dir='ltr'><strong>fuit),</strong></span> <span class='ocrx_word' id='word_1_144' title='bbox 771 1906 865 1962; x_wconf 88' lang='lat' dir='ltr'><strong>sed</strong></span> <span class='ocrx_word' id='word_1_145' title='bbox 897 1917 957 1961; x_wconf 89' lang='lat' dir='ltr'><strong>ut</strong></span> <span class='ocrx_word' id='word_1_146' title='bbox 1005 1907 1292 1962; x_wconf 87' lang='lat' dir='ltr'><strong>commode</strong></span> <span class='ocrx_word' id='word_1_147' title='bbox 1328 1907 1440 1976; x_wconf 89' lang='lat' dir='ltr'><strong>jam</strong></span> <span class='ocrx_word' id='word_1_148' title='bbox 1481 1907 1644 1962; x_wconf 90' lang='lat' dir='ltr'><strong>intel-</strong></span> 
     </span>
    </p>
   </div>
   <div class='ocr_carea' id='block_1_23' title="bbox 90 1992 1644 2069">
    <p class='ocr_par' dir='ltr' id='par_1_23' title="bbox 90 1992 1644 2069">
     <span class='ocr_line' id='line_1_23' title="bbox 90 1992 1644 2069; baseline 0.006 -25"><span class='ocrx_word' id='word_1_149' title='bbox 90 1992 287 2060; x_wconf 80' lang='lat' dir='ltr'><strong>lectum,</strong></span> <span class='ocrx_word' id='word_1_150' title='bbox 323 1999 734 2068; x_wconf 82' lang='lat' dir='ltr'><strong>prout&#39;intelligi</strong></span> <span class='ocrx_word' id='word_1_151' title='bbox 766 2015 928 2069; x_wconf 88' lang='lat' dir='ltr'><strong>posse</strong></span> <span class='ocrx_word' id='word_1_152' title='bbox 949 1999 1115 2054; x_wconf 85' lang='lat' dir='ltr'><strong>etiam</strong></span> <span class='ocrx_word' id='word_1_153' title='bbox 1145 2000 1472 2055; x_wconf 86' lang='lat' dir='ltr'><strong>Ammonius</strong></span> <span class='ocrx_word' id='word_1_154' title='bbox 1495 2015 1644 2056; x_wconf 86' lang='lat' dir='ltr'><strong>com-</strong></span> 
     </span>
    </p>
   </div>
   <div class='ocr_carea' id='block_1_24' title="bbox 88 2085 340 2150">
    <p class='ocr_par' dir='ltr' id='par_1_24' title="bbox 88 2085 340 2150">
     <span class='ocr_line' id='line_1_24' title="bbox 88 2085 340 2150; baseline -0.004 -9"><span class='ocrx_word' id='word_1_155' title='bbox 88 2085 340 2150; x_wconf 76' lang='lat' dir='ltr'><strong>probarat.</strong></span> 
     </span>
    </p>
   </div>
   <div class='ocr_carea' id='block_1_25' title="bbox 145 2178 1642 2254">
    <p class='ocr_par' dir='ltr' id='par_1_25' title="bbox 145 2178 1642 2254">
     <span class='ocr_line' id='line_1_25' title="bbox 145 2178 1642 2254; baseline 0.005 -23"><span class='ocrx_word' id='word_1_156' title='bbox 145 2179 222 2231; x_wconf 67' lang='grc' dir='ltr'><strong>Η.</strong></span> <span class='ocrx_word' id='word_1_157' title='bbox 262 2178 430 2234; x_wconf 75' lang='lat' dir='ltr'><strong>Multa</strong></span> <span class='ocrx_word' id='word_1_158' title='bbox 456 2190 588 2235; x_wconf 87' lang='lat' dir='ltr'><strong>sunt</strong></span> <span class='ocrx_word' id='word_1_159' title='bbox 616 2181 720 2236; x_wconf 89' lang='lat' dir='ltr'><strong>alia</strong></span> <span class='ocrx_word' id='word_1_160' title='bbox 755 2182 898 2236; x_wconf 83' lang='lat' dir='ltr'><strong>haud</strong></span> <span class='ocrx_word' id='word_1_161' title='bbox 920 2182 1104 2252; x_wconf 83' lang='lat' dir='ltr'><strong>magni</strong></span> <span class='ocrx_word' id='word_1_162' title='bbox 1131 2183 1419 2248; x_wconf 90' lang='lat' dir='ltr'><strong>momenti,</strong></span> <span class='ocrx_word' id='word_1_163' title='bbox 1438 2199 1560 2254; x_wconf 67' lang='lat' dir='ltr'><strong>qua:</strong></span> <span class='ocrx_word' id='word_1_164' title='bbox 1587 2185 1642 2238; x_wconf 90' lang='lat' dir='ltr'><strong>in</strong></span> 
     </span>
    </p>
   </div>
   <div class='ocr_carea' id='block_1_26' title="bbox 88 2267 1644 2344">
    <p class='ocr_par' dir='ltr' id='par_1_26' title="bbox 88 2267 1644 2344">
     <span class='ocr_line' id='line_1_26' title="bbox 88 2267 1644 2344; baseline 0.006 -23"><span class='ocrx_word' id='word_1_165' title='bbox 88 2267 355 2324; x_wconf 82' lang='lat' dir='ltr'><strong>Sozomeni</strong></span> <span class='ocrx_word' id='word_1_166' title='bbox 382 2272 451 2326; x_wconf 89' lang='lat' dir='ltr'><strong>de</strong></span> <span class='ocrx_word' id='word_1_167' title='bbox 501 2271 809 2342; x_wconf 85' lang='lat' dir='ltr'><strong>Epiphanio</strong></span> <span class='ocrx_word' id='word_1_168' title='bbox 852 2275 1168 2329; x_wconf 82' lang='lat' dir='ltr'><strong>narratione</strong></span> <span class='ocrx_word' id='word_1_169' title='bbox 1211 2275 1431 2344; x_wconf 86' lang='lat' dir='ltr'><strong>sugillat</strong></span> <span class='ocrx_word' id='word_1_170' title='bbox 1475 2275 1644 2330; x_wconf 89' lang='lat' dir='ltr'><strong>Baro-</strong></span> 
     </span>
    </p>
   </div>
   <div class='ocr_carea' id='block_1_27' title="bbox 88 2360 1638 2434">
    <p class='ocr_par' dir='ltr' id='par_1_27' title="bbox 88 2360 1638 2434">
     <span class='ocr_line' id='line_1_27' title="bbox 88 2360 1638 2434; baseline 0.008 -26"><span class='ocrx_word' id='word_1_171' title='bbox 88 2360 204 2422; x_wconf 86' lang='lat' dir='ltr'><strong>nius,</strong></span> <span class='ocrx_word' id='word_1_172' title='bbox 241 2362 443 2430; x_wconf 79' lang='lat' dir='ltr'><strong>quibus</strong></span> <span class='ocrx_word' id='word_1_173' title='bbox 485 2377 596 2416; x_wconf 91' lang='lat' dir='ltr'><strong>non</strong></span> <span class='ocrx_word' id='word_1_174' title='bbox 643 2373 726 2418; x_wconf 87' lang='lat' dir='ltr'><strong>est</strong></span> <span class='ocrx_word' id='word_1_175' title='bbox 777 2378 954 2433; x_wconf 74' lang='lat' dir='ltr'><strong>operae</strong></span> <span class='ocrx_word' id='word_1_176' title='bbox 1007 2365 1240 2434; x_wconf 88' lang='lat' dir='ltr'><strong>pretium</strong></span> <span class='ocrx_word' id='word_1_177' title='bbox 1308 2365 1638 2420; x_wconf 85' lang='lat' dir='ltr'><strong>immorari;</strong></span> 
     </span>
    </p>
   </div>
   <div class='ocr_carea' id='block_1_28' title="bbox 86 2456 1645 2526">
    <p class='ocr_par' dir='ltr' id='par_1_28' title="bbox 86 2456 1645 2526">
     <span class='ocr_line' id='line_1_28' title="bbox 86 2456 1645 2526; baseline 0.008 -26"><span class='ocrx_word' id='word_1_178' title='bbox 86 2465 232 2504; x_wconf 83' lang='lat' dir='ltr'><strong>unum</strong></span> <span class='ocrx_word' id='word_1_179' title='bbox 256 2461 434 2508; x_wconf 77' lang='lat' dir='ltr'><strong>tanien</strong></span> <span class='ocrx_word' id='word_1_180' title='bbox 473 2470 581 2507; x_wconf 90' lang='lat' dir='ltr'><strong>non</strong></span> <span class='ocrx_word' id='word_1_181' title='bbox 612 2456 1081 2524; x_wconf 75' lang='lat' dir='ltr'><strong>przetermiserim,</strong></span> <span class='ocrx_word' id='word_1_182' title='bbox 1115 2456 1262 2526; x_wconf 85' lang='lat' dir='ltr'><strong>quod</strong></span> <span class='ocrx_word' id='word_1_183' title='bbox 1293 2457 1486 2512; x_wconf 89' lang='lat' dir='ltr'><strong>attinet</strong></span> <span class='ocrx_word' id='word_1_184' title='bbox 1517 2473 1645 2512; x_wconf 89' lang='lat' dir='ltr'><strong>con-</strong></span> 
     </span>
    </p>
   </div>
   <div class='ocr_carea' id='block_1_29' title="bbox 88 2535 1642 2620">
    <p class='ocr_par' dir='ltr' id='par_1_29' title="bbox 88 2535 1642 2620">
     <span class='ocr_line' id='line_1_29' title="bbox 88 2535 1642 2620; baseline 0.006 -26"><span class='ocrx_word' id='word_1_185' title='bbox 88 2543 360 2598; x_wconf 70' lang='lat' dir='ltr'><strong>nationem</strong></span> <span class='ocrx_word' id='word_1_186' title='bbox 396 2546 684 2616; x_wconf 81' lang='lat' dir='ltr'><strong>Epiphanii</strong></span> <span class='ocrx_word' id='word_1_187' title='bbox 731 2564 857 2602; x_wconf 91' lang='lat' dir='ltr'><strong>cum</strong></span> <span class='ocrx_word' id='word_1_188' title='bbox 909 2535 1282 2618; x_wconf 67' lang='lat' dir='ltr'><strong>impera‘trice,</strong></span> <span class='ocrx_word' id='word_1_189' title='bbox 1319 2551 1477 2620; x_wconf 89' lang='lat' dir='ltr'><strong>quasi</strong></span> <span class='ocrx_word' id='word_1_190' title='bbox 1520 2551 1642 2604; x_wconf 81' lang='lat' dir='ltr'><strong>lon~</strong></span> 
     </span>
    </p>
   </div>
   <div class='ocr_carea' id='block_1_30' title="bbox 85 2641 1642 2715">
    <p class='ocr_par' dir='ltr' id='par_1_30' title="bbox 85 2641 1642 2715">
     <span class='ocr_line' id='line_1_30' title="bbox 85 2641 1642 2715; baseline 0.004 -23"><span class='ocrx_word' id='word_1_191' title='bbox 85 2641 282 2702; x_wconf 72' lang='lat' dir='ltr'><strong>gissime</strong></span> <span class='ocrx_word' id='word_1_192' title='bbox 308 2661 328 2694; x_wconf 80' lang='grc' dir='ltr'><strong>ι</strong></span> <span class='ocrx_word' id='word_1_193' title='bbox 371 2643 589 2698; x_wconf 88' lang='lat' dir='ltr'><strong>aberret</strong></span> <span class='ocrx_word' id='word_1_194' title='bbox 629 2659 658 2696; x_wconf 92' lang='lat' dir='ltr'><strong>a</strong></span> <span class='ocrx_word' id='word_1_195' title='bbox 695 2659 847 2711; x_wconf 87' lang='lat' dir='ltr'><strong>vero,</strong></span> <span class='ocrx_word' id='word_1_196' title='bbox 893 2655 954 2700; x_wconf 88' lang='lat' dir='ltr'><strong>ut</strong></span> <span class='ocrx_word' id='word_1_197' title='bbox 1012 2645 1281 2709; x_wconf 82' lang='lat' dir='ltr'><strong>Eudoxia,</strong></span> <span class='ocrx_word' id='word_1_198' title='bbox 1330 2643 1642 2715; x_wconf 88' lang='lat' dir='ltr'><strong>perinfensa</strong></span> 
     </span>
    </p>
   </div>
   <div class='ocr_carea' id='block_1_31' title="bbox 84 2728 1644 2805">
    <p class='ocr_par' dir='ltr' id='par_1_31' title="bbox 84 2728 1644 2805">
     <span class='ocr_line' id='line_1_31' title="bbox 84 2728 1644 2805; baseline 0.008 -28"><span class='ocrx_word' id='word_1_199' title='bbox 84 2728 478 2799; x_wconf 75' lang='lat' dir='ltr'><strong>Cbrysostomo,</strong></span> <span class='ocrx_word' id='word_1_200' title='bbox 527 2734 722 2788; x_wconf 88' lang='lat' dir='ltr'><strong>faverit</strong></span> <span class='ocrx_word' id='word_1_201' title='bbox 769 2736 1058 2792; x_wconf 91' lang='lat' dir='ltr'><strong>monachis</strong></span> <span class='ocrx_word' id='word_1_202' title='bbox 1112 2737 1258 2800; x_wconf 89' lang='lat' dir='ltr'><strong>illis,</strong></span> <span class='ocrx_word' id='word_1_203' title='bbox 1311 2747 1364 2790; x_wconf 88' lang='lat' dir='ltr'><strong>et</strong></span> <span class='ocrx_word' id='word_1_204' title='bbox 1416 2729 1644 2805; x_wconf 83' lang='lat' dir='ltr'><strong>Epipha-</strong></span> 
     </span>
    </p>
   </div>
   <div class='ocr_carea' id='block_1_32' title="bbox 84 2821 1643 2897">
    <p class='ocr_par' dir='ltr' id='par_1_32' title="bbox 84 2821 1643 2897">
     <span class='ocr_line' id='line_1_32' title="bbox 84 2821 1643 2897; baseline 0.008 -28"><span class='ocrx_word' id='word_1_205' title='bbox 84 2821 210 2875; x_wconf 81' lang='lat' dir='ltr'><strong>nium</strong></span> <span class='ocrx_word' id='word_1_206' title='bbox 242 2822 413 2878; x_wconf 87' lang='lat' dir='ltr'><strong>fuerit</strong></span> <span class='ocrx_word' id='word_1_207' title='bbox 445 2835 715 2892; x_wconf 74' lang='lat' dir='ltr'><strong>aversata,</strong></span> <span class='ocrx_word' id='word_1_208' title='bbox 757 2845 776 2878; x_wconf 70' lang='grc' dir='ltr'><strong>ι</strong></span> <span class='ocrx_word' id='word_1_209' title='bbox 814 2843 912 2883; x_wconf 91' lang='lat' dir='ltr'><strong>eos</strong></span> <span class='ocrx_word' id='word_1_210' title='bbox 945 2827 1197 2882; x_wconf 87' lang='lat' dir='ltr'><strong>damnari</strong></span> <span class='ocrx_word' id='word_1_211' title='bbox 1231 2826 1313 2882; x_wconf 90' lang='lat' dir='ltr'><strong>sic</strong></span> <span class='ocrx_word' id='word_1_212' title='bbox 1356 2827 1643 2897; x_wconf 87' lang='lat' dir='ltr'><strong>postulan-</strong></span> 
     </span>
    </p>
   </div>
   <div class='ocr_carea' id='block_1_33' title="bbox 1749 341 3325 424">
    <p class='ocr_par' dir='ltr' id='par_1_33' title="bbox 1749 341 3325 424">
     <span class='ocr_line' id='line_1_33' title="bbox 1749 341 3325 424; baseline 0 -15"><span class='ocrx_word' id='word_1_213' title='bbox 1749 360 1909 409; x_wconf 88' lang='lat' dir='ltr'><strong>etiam</strong></span> <span class='ocrx_word' id='word_1_214' title='bbox 1941 355 2127 409; x_wconf 89' lang='lat' dir='ltr'><strong>multis</strong></span> <span class='ocrx_word' id='word_1_215' title='bbox 2163 356 2215 408; x_wconf 92' lang='lat' dir='ltr'><strong>in</strong></span> <span class='ocrx_word' id='word_1_216' title='bbox 2239 341 2375 410; x_wconf 89' lang='lat' dir='ltr'><strong>locis</strong></span> <span class='ocrx_word' id='word_1_217' title='bbox 2407 371 2438 409; x_wconf 91' lang='lat' dir='ltr'><strong>a</strong></span> <span class='ocrx_word' id='word_1_218' title='bbox 2483 371 2541 410; x_wconf 90' lang='lat' dir='ltr'><strong>se</strong></span> <span class='ocrx_word' id='word_1_219' title='bbox 2585 354 2915 424; x_wconf 76' lang='lat' dir='ltr'><strong>recognitum</strong></span> <span class='ocrx_word' id='word_1_220' title='bbox 2974 355 3106 409; x_wconf 72' lang='lat' dir='ltr'><strong>dare</strong></span> <span class='ocrx_word' id='word_1_221' title='bbox 3151 357 3325 410; x_wconf 90' lang='lat' dir='ltr'><strong>voluit</strong></span> 
     </span>
    </p>
   </div>
   <div class='ocr_carea' id='block_1_34' title="bbox 1753 443 3323 516">
    <p class='ocr_par' dir='ltr' id='par_1_34' title="bbox 1753 443 3323 516">
     <span class='ocr_line' id='line_1_34' title="bbox 1753 443 3323 516; baseline 0.003 -19"><span class='ocrx_word' id='word_1_222' title='bbox 1753 445 2040 516; x_wconf 80' lang='lat' dir='ltr'><strong>Dionysius</strong></span> <span class='ocrx_word' id='word_1_223' title='bbox 2073 445 2348 511; x_wconf 78' lang='lat' dir='ltr'><strong>Petavius,</strong></span> <span class='ocrx_word' id='word_1_224' title='bbox 2388 465 2406 498; x_wconf 80' lang='grc' dir='ltr'><strong>ι</strong></span> <span class='ocrx_word' id='word_1_225' title='bbox 2447 461 2512 500; x_wconf 91' lang='lat' dir='ltr'><strong>ne</strong></span> <span class='ocrx_word' id='word_1_226' title='bbox 2535 446 2687 516; x_wconf 92' lang='lat' dir='ltr'><strong>quid,</strong></span> <span class='ocrx_word' id='word_1_227' title='bbox 2723 447 2869 516; x_wconf 87' lang='lat' dir='ltr'><strong>quod</strong></span> <span class='ocrx_word' id='word_1_228' title='bbox 2909 443 3194 516; x_wconf 84' lang='lat' dir='ltr'><strong>Epiphanii</strong></span> <span class='ocrx_word' id='word_1_229' title='bbox 3220 461 3323 501; x_wconf 81' lang='lat' dir='ltr'><strong>no-</strong></span> 
     </span>
    </p>
   </div>
   <div class='ocr_carea' id='block_1_35' title="bbox 1751 538 3318 609">
    <p class='ocr_par' dir='ltr' id='par_1_35' title="bbox 1751 538 3318 609">
     <span class='ocr_line' id='line_1_35' title="bbox 1751 538 3318 609; baseline -0.001 -20"><span class='ocrx_word' id='word_1_230' title='bbox 1751 539 1895 591; x_wconf 87' lang='lat' dir='ltr'><strong>mine</strong></span> <span class='ocrx_word' id='word_1_231' title='bbox 1929 548 2207 607; x_wconf 90' lang='lat' dir='ltr'><strong>utcunque</strong></span> <span class='ocrx_word' id='word_1_232' title='bbox 2232 547 2316 593; x_wconf 91' lang='lat' dir='ltr'><strong>est</strong></span> <span class='ocrx_word' id='word_1_233' title='bbox 2354 538 2698 609; x_wconf 88' lang='lat' dir='ltr'><strong>inscriptum,</strong></span> <span class='ocrx_word' id='word_1_234' title='bbox 2733 538 3070 592; x_wconf 81' lang='lat' dir='ltr'><strong>desideraret</strong></span> <span class='ocrx_word' id='word_1_235' title='bbox 3092 539 3318 592; x_wconf 63' lang='lat' dir='ltr'><strong>lector.»</strong></span> 
     </span>
    </p>
   </div>
   <div class='ocr_carea' id='block_1_36' title="bbox 1752 628 3324 700">
    <p class='ocr_par' dir='ltr' id='par_1_36' title="bbox 1752 628 3324 700">
     <span class='ocr_line' id='line_1_36' title="bbox 1752 628 3324 700; baseline -0.001 -16"><span class='ocrx_word' id='word_1_236' title='bbox 1752 630 2075 700; x_wconf 85' lang='lat' dir='ltr'><strong>Quanquam</strong></span> <span class='ocrx_word' id='word_1_237' title='bbox 2109 631 2252 686; x_wconf 91' lang='lat' dir='ltr'><strong>enim</strong></span> <span class='ocrx_word' id='word_1_238' title='bbox 2296 631 2411 700; x_wconf 88' lang='lat' dir='ltr'><strong>ipse</strong></span> <span class='ocrx_word' id='word_1_239' title='bbox 2465 645 2686 700; x_wconf 88' lang='lat' dir='ltr'><strong>quoque</strong></span> <span class='ocrx_word' id='word_1_240' title='bbox 2716 628 3016 699; x_wconf 87' lang='lat' dir='ltr'><strong>judicaret,</strong></span> <span class='ocrx_word' id='word_1_241' title='bbox 3067 629 3212 698; x_wconf 91' lang='lat' dir='ltr'><strong>quod</strong></span> <span class='ocrx_word' id='word_1_242' title='bbox 3259 645 3324 683; x_wconf 89' lang='lat' dir='ltr'><strong>ea</strong></span> 
     </span>
    </p>
   </div>
   <div class='ocr_carea' id='block_1_37' title="bbox 1755 721 3319 794">
    <p class='ocr_par' dir='ltr' id='par_1_37' title="bbox 1755 721 3319 794">
     <span class='ocr_line' id='line_1_37' title="bbox 1755 721 3319 794; baseline -0.001 -20"><span class='ocrx_word' id='word_1_243' title='bbox 1755 742 1774 774; x_wconf 85' lang='grc' dir='ltr'><strong>ι</strong></span> <span class='ocrx_word' id='word_1_244' title='bbox 1819 724 1872 776; x_wconf 89' lang='lat' dir='ltr'><strong>in</strong></span> <span class='ocrx_word' id='word_1_245' title='bbox 1899 724 2175 794; x_wconf 84' lang='lat' dir='ltr'><strong>plerisque</strong></span> <span class='ocrx_word' id='word_1_246' title='bbox 2212 723 2408 778; x_wconf 60' lang='lat' dir='ltr'><strong>fabulae</strong></span> <span class='ocrx_word' id='word_1_247' title='bbox 2439 731 2522 778; x_wconf 89' lang='lat' dir='ltr'><strong>est</strong></span> <span class='ocrx_word' id='word_1_248' title='bbox 2556 736 2722 792; x_wconf 88' lang='lat' dir='ltr'><strong>quam</strong></span> <span class='ocrx_word' id='word_1_249' title='bbox 2775 721 3020 776; x_wconf 80' lang='lat' dir='ltr'><strong>historia:</strong></span> <span class='ocrx_word' id='word_1_250' title='bbox 3068 721 3319 790; x_wconf 85' lang='lat' dir='ltr'><strong>propior,</strong></span> 
     </span>
    </p>
   </div>
   <div class='ocr_carea' id='block_1_38' title="bbox 1745 813 3316 884">
    <p class='ocr_par' dir='ltr' id='par_1_38' title="bbox 1745 813 3316 884">
     <span class='ocr_line' id='line_1_38' title="bbox 1745 813 3316 884; baseline -0.003 -15"><span class='ocrx_word' id='word_1_251' title='bbox 1745 813 2070 884; x_wconf 84' lang='lat' dir='ltr'><strong>jamdudum</strong></span> <span class='ocrx_word' id='word_1_252' title='bbox 2129 817 2182 870; x_wconf 91' lang='lat' dir='ltr'><strong>in</strong></span> <span class='ocrx_word' id='word_1_253' title='bbox 2245 815 2540 869; x_wconf 80' lang='lat' dir='ltr'><strong>Annalibus</strong></span> <span class='ocrx_word' id='word_1_254' title='bbox 2599 813 2868 869; x_wconf 87' lang='lat' dir='ltr'><strong>Baronius</strong></span> <span class='ocrx_word' id='word_1_255' title='bbox 2916 813 3234 877; x_wconf 87' lang='lat' dir='ltr'><strong>admonuit,</strong></span> <span class='ocrx_word' id='word_1_256' title='bbox 3296 831 3316 864; x_wconf 74' lang='grc' dir='ltr'><strong>ι</strong></span> 
     </span>
    </p>
   </div>
   <div class='ocr_carea' id='block_1_39' title="bbox 1750 903 3324 976">
    <p class='ocr_par' dir='ltr' id='par_1_39' title="bbox 1750 903 3324 976">
     <span class='ocr_line' id='line_1_39' title="bbox 1750 903 3324 976; baseline -0.001 -16"><span class='ocrx_word' id='word_1_257' title='bbox 1750 907 2007 976; x_wconf 88' lang='lat' dir='ltr'><strong>sperabat</strong></span> <span class='ocrx_word' id='word_1_258' title='bbox 2039 915 2217 960; x_wconf 91' lang='lat' dir='ltr'><strong>tamen</strong></span> <span class='ocrx_word' id='word_1_259' title='bbox 2252 925 2270 956; x_wconf 80' lang='grc' dir='ltr'><strong>ι</strong></span> <span class='ocrx_word' id='word_1_260' title='bbox 2297 904 2412 960; x_wconf 90' lang='lat' dir='ltr'><strong>fore</strong></span> <span class='ocrx_word' id='word_1_261' title='bbox 2438 925 2456 956; x_wconf 71' lang='grc' dir='ltr'><strong>ι</strong></span> <span class='ocrx_word' id='word_1_262' title='bbox 2490 915 2548 960; x_wconf 81' lang='grc' dir='ltr'><strong>ιιι</strong></span> <span class='ocrx_word' id='word_1_263' title='bbox 2583 923 2600 956; x_wconf 86' lang='grc' dir='ltr'><strong>ι</strong></span> <span class='ocrx_word' id='word_1_264' title='bbox 2635 905 2688 959; x_wconf 91' lang='lat' dir='ltr'><strong>in</strong></span> <span class='ocrx_word' id='word_1_265' title='bbox 2713 903 2978 960; x_wconf 78' lang='lat' dir='ltr'><strong>lutulenta</strong></span> <span class='ocrx_word' id='word_1_266' title='bbox 3007 904 3096 958; x_wconf 88' lang='lat' dir='ltr'><strong>illa</strong></span> <span class='ocrx_word' id='word_1_267' title='bbox 3129 919 3324 959; x_wconf 83' lang='lat' dir='ltr'><strong>narra-</strong></span> 
     </span>
    </p>
   </div>
   <div class='ocr_carea' id='block_1_40' title="bbox 1750 997 3322 1068">
    <p class='ocr_par' dir='ltr' id='par_1_40' title="bbox 1750 997 3322 1068">
     <span class='ocr_line' id='line_1_40' title="bbox 1750 997 3322 1068; baseline -0.002 -16"><span class='ocrx_word' id='word_1_268' title='bbox 1750 999 1899 1054; x_wconf 91' lang='lat' dir='ltr'><strong>tione</strong></span> <span class='ocrx_word' id='word_1_269' title='bbox 1936 1018 1954 1051; x_wconf 81' lang='grc' dir='ltr'><strong>ι</strong></span> <span class='ocrx_word' id='word_1_270' title='bbox 1987 1008 2132 1054; x_wconf 84' lang='lat' dir='ltr'><strong>esset</strong></span> <span class='ocrx_word' id='word_1_271' title='bbox 2157 1017 2176 1050; x_wconf 85' lang='grc' dir='ltr'><strong>ι</strong></span> <span class='ocrx_word' id='word_1_272' title='bbox 2222 997 2474 1053; x_wconf 83' lang='lat' dir='ltr'><strong>fortassis</strong></span> <span class='ocrx_word' id='word_1_273' title='bbox 2507 997 2651 1068; x_wconf 89' lang='lat' dir='ltr'><strong>quod</strong></span> <span class='ocrx_word' id='word_1_274' title='bbox 2715 997 2900 1053; x_wconf 89' lang='lat' dir='ltr'><strong>tollere</strong></span> <span class='ocrx_word' id='word_1_275' title='bbox 2938 997 3115 1066; x_wconf 88' lang='lat' dir='ltr'><strong>possis</strong></span> <span class='ocrx_word' id='word_1_276' title='bbox 3149 1015 3163 1050; x_wconf 87' lang='lat'><strong>:</strong></span> <span class='ocrx_word' id='word_1_277' title='bbox 3197 1010 3322 1050; x_wconf 91' lang='lat' dir='ltr'><strong>nam</strong></span> 
     </span>
    </p>
   </div>
   <div class='ocr_carea' id='block_1_41' title="bbox 1753 1089 3323 1160">
    <p class='ocr_par' dir='ltr' id='par_1_41' title="bbox 1753 1089 3323 1160">
     <span class='ocr_line' id='line_1_41' title="bbox 1753 1089 3323 1160; baseline -0.001 -18"><span class='ocrx_word' id='word_1_278' title='bbox 1753 1109 1773 1142; x_wconf 82' lang='grc' dir='ltr'><strong>ι</strong></span> <span class='ocrx_word' id='word_1_279' title='bbox 1811 1090 2037 1159; x_wconf 89' lang='lat' dir='ltr'><strong>alioqui,</strong></span> <span class='ocrx_word' id='word_1_280' title='bbox 2077 1109 2096 1142; x_wconf 74' lang='grc' dir='ltr'><strong>ι</strong></span> <span class='ocrx_word' id='word_1_281' title='bbox 2131 1090 2330 1160; x_wconf 86' lang='lat' dir='ltr'><strong>inquit,</strong></span> <span class='ocrx_word' id='word_1_282' title='bbox 2367 1107 2386 1141; x_wconf 75' lang='grc' dir='ltr'><strong>ι</strong></span> <span class='ocrx_word' id='word_1_283' title='bbox 2417 1090 2587 1144; x_wconf 89' lang='lat' dir='ltr'><strong>multa</strong></span> <span class='ocrx_word' id='word_1_284' title='bbox 2607 1089 3010 1158; x_wconf 51' lang='lat' dir='ltr'><strong>c‘ontinet,que</strong></span> <span class='ocrx_word' id='word_1_285' title='bbox 3039 1103 3166 1143; x_wconf 90' lang='lat' dir='ltr'><strong>cum</strong></span> <span class='ocrx_word' id='word_1_286' title='bbox 3196 1102 3323 1141; x_wconf 84' lang='lat' dir='ltr'><strong>vera</strong></span> 
     </span>
    </p>
   </div>
   <div class='ocr_carea' id='block_1_42' title="bbox 1751 1182 3322 1252">
    <p class='ocr_par' dir='ltr' id='par_1_42' title="bbox 1751 1182 3322 1252">
     <span class='ocr_line' id='line_1_42' title="bbox 1751 1182 3322 1252; baseline -0.001 -16"><span class='ocrx_word' id='word_1_287' title='bbox 1751 1191 2082 1252; x_wconf 82' lang='lat' dir='ltr'><strong>receptaque</strong></span> <span class='ocrx_word' id='word_1_288' title='bbox 2109 1183 2177 1236; x_wconf 89' lang='lat' dir='ltr'><strong>ab</strong></span> <span class='ocrx_word' id='word_1_289' title='bbox 2209 1182 2468 1238; x_wconf 90' lang='lat' dir='ltr'><strong>omnibus</strong></span> <span class='ocrx_word' id='word_1_290' title='bbox 2506 1183 2736 1237; x_wconf 81' lang='lat' dir='ltr'><strong>historia</strong></span> <span class='ocrx_word' id='word_1_291' title='bbox 2769 1190 3138 1236; x_wconf 88' lang='lat' dir='ltr'><strong>consentanea</strong></span> <span class='ocrx_word' id='word_1_292' title='bbox 3173 1189 3322 1246; x_wconf 89' lang='lat' dir='ltr'><strong>sunt,</strong></span> 
     </span>
    </p>
   </div>
   <div class='ocr_carea' id='block_1_43' title="bbox 1725 1273 3320 1344">
    <p class='ocr_par' dir='ltr' id='par_1_43' title="bbox 1725 1273 3320 1344">
     <span class='ocr_line' id='line_1_43' title="bbox 1725 1273 3320 1344; baseline -0.001 -14"><span class='ocrx_word' id='word_1_293' title='bbox 1725 1279 1842 1330; x_wconf 88' lang='lat' dir='ltr'><strong>&#39;sed</strong></span> <span class='ocrx_word' id='word_1_294' title='bbox 1884 1277 2072 1330; x_wconf 90' lang='lat' dir='ltr'><strong>eadem</strong></span> <span class='ocrx_word' id='word_1_295' title='bbox 2108 1276 2342 1330; x_wconf 88' lang='lat' dir='ltr'><strong>admista</strong></span> <span class='ocrx_word' id='word_1_296' title='bbox 2379 1274 2532 1330; x_wconf 88' lang='lat' dir='ltr'><strong>falsis</strong></span> <span class='ocrx_word' id='word_1_297' title='bbox 2561 1291 2576 1330; x_wconf 93' lang='lat'><strong>:</strong></span> <span class='ocrx_word' id='word_1_298' title='bbox 2609 1276 2663 1329; x_wconf 92' lang='lat' dir='ltr'><strong>in</strong></span> <span class='ocrx_word' id='word_1_299' title='bbox 2693 1275 2895 1344; x_wconf 90' lang='lat' dir='ltr'><strong>quibus</strong></span> <span class='ocrx_word' id='word_1_300' title='bbox 2921 1273 3320 1336; x_wconf 88' lang='lat' dir='ltr'><strong>discernendis,</strong></span> 
     </span>
    </p>
   </div>
   <div class='ocr_carea' id='block_1_44' title="bbox 1749 1366 3321 1436">
    <p class='ocr_par' dir='ltr' id='par_1_44' title="bbox 1749 1366 3321 1436">
     <span class='ocr_line' id='line_1_44' title="bbox 1749 1366 3321 1436; baseline -0.003 -14"><span class='ocrx_word' id='word_1_301' title='bbox 1749 1367 1793 1422; x_wconf 92' lang='lat' dir='ltr'><strong>si</strong></span> <span class='ocrx_word' id='word_1_302' title='bbox 1822 1367 1958 1420; x_wconf 89' lang='lat' dir='ltr'><strong>nihil</strong></span> <span class='ocrx_word' id='word_1_303' title='bbox 1988 1368 2158 1432; x_wconf 86' lang='lat' dir='ltr'><strong>aliud,</strong></span> <span class='ocrx_word' id='word_1_304' title='bbox 2192 1378 2365 1432; x_wconf 88' lang='lat' dir='ltr'><strong>tuum,</strong></span> <span class='ocrx_word' id='word_1_305' title='bbox 2397 1367 2569 1422; x_wconf 90' lang='lat' dir='ltr'><strong>lector</strong></span> <span class='ocrx_word' id='word_1_306' title='bbox 2601 1367 3021 1431; x_wconf 88' lang='lat' dir='ltr'><strong>humanissime,</strong></span> <span class='ocrx_word' id='word_1_307' title='bbox 3050 1366 3321 1436; x_wconf 88' lang='lat' dir='ltr'><strong>judicium</strong></span> 
     </span>
    </p>
   </div>
   <div class='ocr_carea' id='block_1_45' title="bbox 1749 1458 3323 1530">
    <p class='ocr_par' dir='ltr' id='par_1_45' title="bbox 1749 1458 3323 1530">
     <span class='ocr_line' id='line_1_45' title="bbox 1749 1458 3323 1530; baseline -0.001 -16"><span class='ocrx_word' id='word_1_308' title='bbox 1749 1473 1814 1514; x_wconf 87' lang='lat' dir='ltr'><strong>ac</strong></span> <span class='ocrx_word' id='word_1_309' title='bbox 1874 1461 2096 1530; x_wconf 80' lang='grc' dir='ltr'><strong>κριτικὴ</strong></span> <span class='ocrx_word' id='word_1_310' title='bbox 2157 1459 2257 1530; x_wconf 81' lang='grc' dir='ltr'><strong>τῆς</strong></span> <span class='ocrx_word' id='word_1_311' title='bbox 2320 1459 2561 1530; x_wconf 76' lang='grc' dir='ltr'><strong>ἱστορίας</strong></span> <span class='ocrx_word' id='word_1_312' title='bbox 2617 1458 2844 1529; x_wconf 81' lang='grc' dir='ltr'><strong>δύναμις</strong></span> <span class='ocrx_word' id='word_1_313' title='bbox 2893 1459 3138 1513; x_wconf 77' lang='lat' dir='ltr'><strong>exerceri</strong></span> <span class='ocrx_word' id='word_1_314' title='bbox 3193 1473 3323 1528; x_wconf 85' lang='lat' dir='ltr'><strong>pos-</strong></span> 
     </span>
    </p>
   </div>
   <div class='ocr_carea' id='block_1_46' title="bbox 1750 1549 3322 1618">
    <p class='ocr_par' dir='ltr' id='par_1_46' title="bbox 1750 1549 3322 1618">
     <span class='ocr_line' id='line_1_46' title="bbox 1750 1549 3322 1618; baseline -0.001 -14"><span class='ocrx_word' id='word_1_315' title='bbox 1750 1549 1840 1604; x_wconf 91' lang='lat' dir='ltr'><strong>sit.</strong></span> <span class='ocrx_word' id='word_1_316' title='bbox 1881 1569 1899 1599; x_wconf 82' lang='grc'><strong>›</strong></span> <span class='ocrx_word' id='word_1_317' title='bbox 1941 1549 2072 1615; x_wconf 71' lang='lat' dir='ltr'><strong>Qua:</strong></span> <span class='ocrx_word' id='word_1_318' title='bbox 2118 1558 2172 1604; x_wconf 88' lang='lat' dir='ltr'><strong>et</strong></span> <span class='ocrx_word' id='word_1_319' title='bbox 2214 1561 2485 1618; x_wconf 84' lang='lat' dir='ltr'><strong>quatenus</strong></span> <span class='ocrx_word' id='word_1_320' title='bbox 2533 1565 2660 1604; x_wconf 88' lang='lat' dir='ltr'><strong>vera</strong></span> <span class='ocrx_word' id='word_1_321' title='bbox 2697 1551 2846 1605; x_wconf 89' lang='lat' dir='ltr'><strong>credi</strong></span> <span class='ocrx_word' id='word_1_322' title='bbox 2895 1549 3148 1614; x_wconf 84' lang='lat' dir='ltr'><strong>debeant,</strong></span> <span class='ocrx_word' id='word_1_323' title='bbox 3187 1549 3322 1603; x_wconf 85' lang='lat' dir='ltr'><strong>satis</strong></span> 
     </span>
    </p>
   </div>
   <div class='ocr_carea' id='block_1_47' title="bbox 1745 1641 3320 1712">
    <p class='ocr_par' dir='ltr' id='par_1_47' title="bbox 1745 1641 3320 1712">
     <span class='ocr_line' id='line_1_47' title="bbox 1745 1641 3320 1712; baseline -0.002 -16"><span class='ocrx_word' id='word_1_324' title='bbox 1745 1657 1812 1696; x_wconf 80' lang='lat' dir='ltr'><strong>ex</strong></span> <span class='ocrx_word' id='word_1_325' title='bbox 1843 1642 2112 1711; x_wconf 89' lang='lat' dir='ltr'><strong>capitibus</strong></span> <span class='ocrx_word' id='word_1_326' title='bbox 2145 1641 2581 1712; x_wconf 71' lang='lat' dir='ltr'><strong>przecedentibus</strong></span> <span class='ocrx_word' id='word_1_327' title='bbox 2601 1641 2777 1696; x_wconf 90' lang='lat' dir='ltr'><strong>lector</strong></span> <span class='ocrx_word' id='word_1_328' title='bbox 2811 1641 3076 1711; x_wconf 80' lang='lat' dir='ltr'><strong>intelliget</strong></span> <span class='ocrx_word' id='word_1_329' title='bbox 3109 1659 3121 1694; x_wconf 94' lang='lat'><strong>:</strong></span> <span class='ocrx_word' id='word_1_330' title='bbox 3151 1656 3320 1710; x_wconf 88' lang='lat' dir='ltr'><strong>quam</strong></span> 
     </span>
    </p>
   </div>
   <div class='ocr_carea' id='block_1_48' title="bbox 1747 1732 3318 1804">
    <p class='ocr_par' dir='ltr' id='par_1_48' title="bbox 1747 1732 3318 1804">
     <span class='ocr_line' id='line_1_48' title="bbox 1747 1732 3318 1804; baseline -0.002 -16"><span class='ocrx_word' id='word_1_331' title='bbox 1747 1736 1914 1790; x_wconf 88' lang='lat' dir='ltr'><strong>multa</strong></span> <span class='ocrx_word' id='word_1_332' title='bbox 1948 1735 2059 1790; x_wconf 91' lang='lat' dir='ltr'><strong>sint</strong></span> <span class='ocrx_word' id='word_1_333' title='bbox 2095 1735 2382 1791; x_wconf 89' lang='lat' dir='ltr'><strong>manifeste</strong></span> <span class='ocrx_word' id='word_1_334' title='bbox 2419 1733 2578 1800; x_wconf 83' lang='lat' dir='ltr'><strong>falsa,</strong></span> <span class='ocrx_word' id='word_1_335' title='bbox 2612 1749 2761 1788; x_wconf 90' lang='lat' dir='ltr'><strong>nunc</strong></span> <span class='ocrx_word' id='word_1_336' title='bbox 2799 1733 3089 1804; x_wconf 81' lang='lat' dir='ltr'><strong>aggrediar</strong></span> <span class='ocrx_word' id='word_1_337' title='bbox 3141 1732 3318 1801; x_wconf 83' lang='lat' dir='ltr'><strong>expli-</strong></span> 
     </span>
    </p>
   </div>
   <div class='ocr_carea' id='block_1_49' title="bbox 1744 1826 3320 1898">
    <p class='ocr_par' dir='ltr' id='par_1_49' title="bbox 1744 1826 3320 1898">
     <span class='ocr_line' id='line_1_49' title="bbox 1744 1826 3320 1898; baseline -0.001 -16"><span class='ocrx_word' id='word_1_338' title='bbox 1744 1843 1887 1882; x_wconf 86' lang='lat' dir='ltr'><strong>care.</strong></span> <span class='ocrx_word' id='word_1_339' title='bbox 1921 1826 2035 1883; x_wconf 86' lang='lat' dir='ltr'><strong>Hoc</strong></span> <span class='ocrx_word' id='word_1_340' title='bbox 2059 1837 2239 1883; x_wconf 89' lang='lat' dir='ltr'><strong>autem</strong></span> <span class='ocrx_word' id='word_1_341' title='bbox 2269 1827 2433 1891; x_wconf 89' lang='lat' dir='ltr'><strong>facto,</strong></span> <span class='ocrx_word' id='word_1_342' title='bbox 2463 1827 2762 1898; x_wconf 86' lang='lat' dir='ltr'><strong>apparebit,</strong></span> <span class='ocrx_word' id='word_1_343' title='bbox 2797 1835 2994 1882; x_wconf 65' lang='lat' dir='ltr'><strong>caetera</strong></span> <span class='ocrx_word' id='word_1_344' title='bbox 3028 1827 3169 1881; x_wconf 91' lang='lat' dir='ltr'><strong>inter</strong></span> <span class='ocrx_word' id='word_1_345' title='bbox 3204 1826 3320 1881; x_wconf 74' lang='lat' dir='ltr'><strong>lucc</strong></span> 
     </span>
    </p>
   </div>
   <div class='ocr_carea' id='block_1_50' title="bbox 1746 1920 3316 1992">
    <p class='ocr_par' dir='ltr' id='par_1_50' title="bbox 1746 1920 3316 1992">
     <span class='ocr_line' id='line_1_50' title="bbox 1746 1920 3316 1992; baseline -0.003 -15"><span class='ocrx_word' id='word_1_346' title='bbox 1746 1922 1923 1977; x_wconf 88' lang='lat' dir='ltr'><strong>media</strong></span> <span class='ocrx_word' id='word_1_347' title='bbox 1948 1921 2220 1992; x_wconf 86' lang='lat' dir='ltr'><strong>ejusmodi</strong></span> <span class='ocrx_word' id='word_1_348' title='bbox 2251 1938 2394 1985; x_wconf 85' lang='lat' dir='ltr'><strong>esse,</strong></span> <span class='ocrx_word' id='word_1_349' title='bbox 2423 1932 2482 1976; x_wconf 91' lang='lat' dir='ltr'><strong>ut</strong></span> <span class='ocrx_word' id='word_1_350' title='bbox 2508 1921 2635 1976; x_wconf 89' lang='lat' dir='ltr'><strong>licet</strong></span> <span class='ocrx_word' id='word_1_351' title='bbox 2667 1937 2763 1990; x_wconf 86' lang='lat' dir='ltr'><strong>per</strong></span> <span class='ocrx_word' id='word_1_352' title='bbox 2797 1920 2980 1990; x_wconf 88' lang='lat' dir='ltr'><strong>seipsa</strong></span> <span class='ocrx_word' id='word_1_353' title='bbox 3007 1920 3166 1974; x_wconf 83' lang='lat' dir='ltr'><strong>tidem</strong></span> <span class='ocrx_word' id='word_1_354' title='bbox 3209 1935 3316 1974; x_wconf 89' lang='lat' dir='ltr'><strong>non</strong></span> 
     </span>
    </p>
   </div>
   <div class='ocr_carea' id='block_1_51' title="bbox 1745 2009 3322 2080">
    <p class='ocr_par' dir='ltr' id='par_1_51' title="bbox 1745 2009 3322 2080">
     <span class='ocr_line' id='line_1_51' title="bbox 1745 2009 3322 2080; baseline -0.003 -13"><span class='ocrx_word' id='word_1_355' title='bbox 1745 2012 2061 2078; x_wconf 78' lang='lat' dir='ltr'><strong>excludant,</strong></span> <span class='ocrx_word' id='word_1_356' title='bbox 2105 2027 2226 2068; x_wconf 90' lang='lat' dir='ltr'><strong>eam</strong></span> <span class='ocrx_word' id='word_1_357' title='bbox 2277 2021 2456 2066; x_wconf 90' lang='lat' dir='ltr'><strong>tamen</strong></span> <span class='ocrx_word' id='word_1_358' title='bbox 2509 2011 2749 2080; x_wconf 89' lang='lat' dir='ltr'><strong>prudens</strong></span> <span class='ocrx_word' id='word_1_359' title='bbox 2794 2025 2957 2064; x_wconf 91' lang='lat' dir='ltr'><strong>nemo</strong></span> <span class='ocrx_word' id='word_1_360' title='bbox 3013 2009 3130 2064; x_wconf 91' lang='lat' dir='ltr'><strong>dari</strong></span> <span class='ocrx_word' id='word_1_361' title='bbox 3188 2009 3322 2078; x_wconf 84' lang='lat' dir='ltr'><strong>ipsis</strong></span> 
     </span>
    </p>
   </div>
   <div class='ocr_carea' id='block_1_52' title="bbox 1745 2101 3323 2174">
    <p class='ocr_par' dir='ltr' id='par_1_52' title="bbox 1745 2101 3323 2174">
     <span class='ocr_line' id='line_1_52' title="bbox 1745 2101 3323 2174; baseline -0.004 -15"><span class='ocrx_word' id='word_1_362' title='bbox 1745 2105 1938 2174; x_wconf 86' lang='lat' dir='ltr'><strong>possit,</strong></span> <span class='ocrx_word' id='word_1_363' title='bbox 1973 2103 2216 2174; x_wconf 88' lang='lat' dir='ltr'><strong>quandiu</strong></span> <span class='ocrx_word' id='word_1_364' title='bbox 2245 2119 2353 2158; x_wconf 86' lang='lat' dir='ltr'><strong>non</strong></span> <span class='ocrx_word' id='word_1_365' title='bbox 2376 2103 2544 2158; x_wconf 91' lang='lat' dir='ltr'><strong>alium</strong></span> <span class='ocrx_word' id='word_1_366' title='bbox 2571 2110 2850 2157; x_wconf 89' lang='lat' dir='ltr'><strong>auctorem</strong></span> <span class='ocrx_word' id='word_1_367' title='bbox 2881 2101 3132 2155; x_wconf 86' lang='lat' dir='ltr'><strong>sciuntur</strong></span> <span class='ocrx_word' id='word_1_368' title='bbox 3153 2101 3323 2154; x_wconf 84' lang='lat' dir='ltr'><strong>habe-</strong></span> 
     </span>
    </p>
   </div>
   <div class='ocr_carea' id='block_1_53' title="bbox 1744 2188 3321 2260">
    <p class='ocr_par' dir='ltr' id='par_1_53' title="bbox 1744 2188 3321 2260">
     <span class='ocr_line' id='line_1_53' title="bbox 1744 2188 3321 2260; baseline -0.004 -12"><span class='ocrx_word' id='word_1_369' title='bbox 1744 2212 1802 2251; x_wconf 89' lang='lat' dir='ltr'><strong>re</strong></span> <span class='ocrx_word' id='word_1_370' title='bbox 1837 2210 1864 2248; x_wconf 91' lang='lat' dir='ltr'><strong>a</strong></span> <span class='ocrx_word' id='word_1_371' title='bbox 1900 2193 2326 2250; x_wconf 86' lang='lat' dir='ltr'><strong>mendacissimo</strong></span> <span class='ocrx_word' id='word_1_372' title='bbox 2369 2192 2529 2248; x_wconf 91' lang='lat' dir='ltr'><strong>istius</strong></span> <span class='ocrx_word' id='word_1_373' title='bbox 2568 2191 2702 2246; x_wconf 82' lang='lat' dir='ltr'><strong>Vita:</strong></span> <span class='ocrx_word' id='word_1_374' title='bbox 2757 2190 3131 2260; x_wconf 86' lang='lat' dir='ltr'><strong>compilatore.</strong></span> <span class='ocrx_word' id='word_1_375' title='bbox 3165 2188 3321 2243; x_wconf 81' lang='lat' dir='ltr'><strong>Hunc</strong></span> 
     </span>
    </p>
   </div>
   <div class='ocr_carea' id='block_1_54' title="bbox 1747 2278 3324 2353">
    <p class='ocr_par' dir='ltr' id='par_1_54' title="bbox 1747 2278 3324 2353">
     <span class='ocr_line' id='line_1_54' title="bbox 1747 2278 3324 2353; baseline -0.002 -16"><span class='ocrx_word' id='word_1_376' title='bbox 1747 2293 1799 2337; x_wconf 93' lang='lat' dir='ltr'><strong>tu</strong></span> <span class='ocrx_word' id='word_1_377' title='bbox 1832 2299 1962 2338; x_wconf 88' lang='lat' dir='ltr'><strong>cave</strong></span> <span class='ocrx_word' id='word_1_378' title='bbox 2000 2299 2068 2337; x_wconf 91' lang='lat' dir='ltr'><strong>ne</strong></span> <span class='ocrx_word' id='word_1_379' title='bbox 2098 2282 2519 2353; x_wconf 85' lang='lat' dir='ltr'><strong>Metaphrastem</strong></span> <span class='ocrx_word' id='word_1_380' title='bbox 2551 2295 2674 2337; x_wconf 89' lang='lat' dir='ltr'><strong>esse</strong></span> <span class='ocrx_word' id='word_1_381' title='bbox 2703 2295 2771 2335; x_wconf 81' lang='lat' dir='ltr'><strong>ex</strong></span> <span class='ocrx_word' id='word_1_382' title='bbox 2792 2278 2940 2351; x_wconf 87' lang='lat' dir='ltr'><strong>vulgi</strong></span> <span class='ocrx_word' id='word_1_383' title='bbox 2980 2293 3169 2335; x_wconf 89' lang='lat' dir='ltr'><strong>errore</strong></span> <span class='ocrx_word' id='word_1_384' title='bbox 3198 2293 3324 2334; x_wconf 78' lang='lat' dir='ltr'><strong>cre-</strong></span> 
     </span>
    </p>
   </div>
   <div class='ocr_carea' id='block_1_55' title="bbox 1743 2367 3322 2444">
    <p class='ocr_par' dir='ltr' id='par_1_55' title="bbox 1743 2367 3322 2444">
     <span class='ocr_line' id='line_1_55' title="bbox 1743 2367 3322 2444; baseline -0.003 -15"><span class='ocrx_word' id='word_1_385' title='bbox 1743 2374 1863 2439; x_wconf 90' lang='lat' dir='ltr'><strong>das,</strong></span> <span class='ocrx_word' id='word_1_386' title='bbox 1919 2389 2041 2428; x_wconf 90' lang='lat' dir='ltr'><strong>cum</strong></span> <span class='ocrx_word' id='word_1_387' title='bbox 2095 2373 2269 2444; x_wconf 81' lang='lat' dir='ltr'><strong>stylus</strong></span> <span class='ocrx_word' id='word_1_388' title='bbox 2329 2373 2537 2443; x_wconf 88' lang='lat' dir='ltr'><strong>passim</strong></span> <span class='ocrx_word' id='word_1_389' title='bbox 2587 2371 2840 2428; x_wconf 86' lang='lat' dir='ltr'><strong>concisus</strong></span> <span class='ocrx_word' id='word_1_390' title='bbox 2880 2385 2912 2426; x_wconf 91' lang='lat' dir='ltr'><strong>a</strong></span> <span class='ocrx_word' id='word_1_391' title='bbox 2961 2370 3102 2441; x_wconf 84' lang='lat' dir='ltr'><strong>style</strong></span> <span class='ocrx_word' id='word_1_392' title='bbox 3151 2367 3322 2424; x_wconf 82' lang='lat' dir='ltr'><strong>Meta—</strong></span> 
     </span>
    </p>
   </div>
   <div class='ocr_carea' id='block_1_56' title="bbox 1745 2459 3324 2536">
    <p class='ocr_par' dir='ltr' id='par_1_56' title="bbox 1745 2459 3324 2536">
     <span class='ocr_line' id='line_1_56' title="bbox 1745 2459 3324 2536; baseline -0.004 -16"><span class='ocrx_word' id='word_1_393' title='bbox 1745 2466 1984 2536; x_wconf 89' lang='lat' dir='ltr'><strong>phrastis</strong></span> <span class='ocrx_word' id='word_1_394' title='bbox 2014 2465 2292 2535; x_wconf 82' lang='lat' dir='ltr'><strong>periodico</strong></span> <span class='ocrx_word' id='word_1_395' title='bbox 2329 2473 2381 2519; x_wconf 89' lang='lat' dir='ltr'><strong>et</strong></span> <span class='ocrx_word' id='word_1_396' title='bbox 2410 2463 2579 2519; x_wconf 83' lang='lat' dir='ltr'><strong>ﬂuido</strong></span> <span class='ocrx_word' id='word_1_397' title='bbox 2611 2462 3026 2518; x_wconf 77' lang='lat' dir='ltr'><strong>diversiSsimus</strong></span> <span class='ocrx_word' id='word_1_398' title='bbox 3051 2461 3143 2516; x_wconf 90' lang='lat' dir='ltr'><strong>sit.</strong></span> <span class='ocrx_word' id='word_1_399' title='bbox 3176 2459 3324 2514; x_wconf 68' lang='lat' dir='ltr'><strong>Prm-</strong></span> 
     </span>
    </p>
   </div>
   <div class='ocr_carea' id='block_1_57' title="bbox 1746 2551 3326 2628">
    <p class='ocr_par' dir='ltr' id='par_1_57' title="bbox 1746 2551 3326 2628">
     <span class='ocr_line' id='line_1_57' title="bbox 1746 2551 3326 2628; baseline -0.003 -19"><span class='ocrx_word' id='word_1_400' title='bbox 1746 2556 1847 2610; x_wconf 87' lang='lat' dir='ltr'><strong>fert</strong></span> <span class='ocrx_word' id='word_1_401' title='bbox 1893 2555 1982 2609; x_wconf 89' lang='lat' dir='ltr'><strong>illa</strong></span> <span class='ocrx_word' id='word_1_402' title='bbox 2047 2552 2170 2607; x_wconf 80' lang='lat' dir='ltr'><strong>Vita</strong></span> <span class='ocrx_word' id='word_1_403' title='bbox 2232 2553 2468 2608; x_wconf 91' lang='lat' dir='ltr'><strong>duorum</strong></span> <span class='ocrx_word' id='word_1_404' title='bbox 2532 2552 2927 2623; x_wconf 90' lang='lat' dir='ltr'><strong>discipulorum</strong></span> <span class='ocrx_word' id='word_1_405' title='bbox 2995 2551 3223 2628; x_wconf 75' lang='lat' dir='ltr'><strong>Joannis</strong></span> <span class='ocrx_word' id='word_1_406' title='bbox 3270 2559 3326 2604; x_wconf 89' lang='lat' dir='ltr'><strong>et</strong></span> 
     </span>
    </p>
   </div>
   <div class='ocr_carea' id='block_1_58' title="bbox 1744 2643 3322 2716">
    <p class='ocr_par' dir='ltr' id='par_1_58' title="bbox 1744 2643 3322 2716">
     <span class='ocr_line' id='line_1_58' title="bbox 1744 2643 3322 2716; baseline -0.004 -16"><span class='ocrx_word' id='word_1_407' title='bbox 1744 2645 1974 2716; x_wconf 80' lang='lat' dir='ltr'><strong>I’olybii,</strong></span> <span class='ocrx_word' id='word_1_408' title='bbox 2012 2655 2070 2700; x_wconf 91' lang='lat' dir='ltr'><strong>ut</strong></span> <span class='ocrx_word' id='word_1_409' title='bbox 2094 2644 2227 2708; x_wconf 73' lang='lat' dir='ltr'><strong>dixi,</strong></span> <span class='ocrx_word' id='word_1_410' title='bbox 2259 2643 2482 2698; x_wconf 91' lang='lat' dir='ltr'><strong>nomina</strong></span> <span class='ocrx_word' id='word_1_411' title='bbox 2517 2663 2530 2698; x_wconf 88' lang='lat'><strong>:</strong></span> <span class='ocrx_word' id='word_1_412' title='bbox 2568 2643 2662 2714; x_wconf 89' lang='lat' dir='ltr'><strong>qui</strong></span> <span class='ocrx_word' id='word_1_413' title='bbox 2686 2651 2742 2699; x_wconf 91' lang='lat' dir='ltr'><strong>et</strong></span> <span class='ocrx_word' id='word_1_414' title='bbox 2782 2643 2838 2698; x_wconf 90' lang='lat' dir='ltr'><strong>in</strong></span> <span class='ocrx_word' id='word_1_415' title='bbox 2875 2643 3047 2711; x_wconf 90' lang='lat' dir='ltr'><strong>prima</strong></span> <span class='ocrx_word' id='word_1_416' title='bbox 3090 2657 3322 2712; x_wconf 83' lang='lat' dir='ltr'><strong>persona</strong></span> 
     </span>
    </p>
   </div>
   <div class='ocr_carea' id='block_1_59' title="bbox 1746 2733 3320 2806">
    <p class='ocr_par' dir='ltr' id='par_1_59' title="bbox 1746 2733 3320 2806">
     <span class='ocr_line' id='line_1_59' title="bbox 1746 2733 3320 2806; baseline -0.002 -18"><span class='ocrx_word' id='word_1_417' title='bbox 1746 2737 1948 2806; x_wconf 87' lang='lat' dir='ltr'><strong>ubique</strong></span> <span class='ocrx_word' id='word_1_418' title='bbox 1979 2736 2301 2805; x_wconf 88' lang='lat' dir='ltr'><strong>loquuntur,</strong></span> <span class='ocrx_word' id='word_1_419' title='bbox 2343 2734 2471 2790; x_wconf 88' lang='lat' dir='ltr'><strong>licet</strong></span> <span class='ocrx_word' id='word_1_420' title='bbox 2511 2749 2653 2789; x_wconf 90' lang='lat' dir='ltr'><strong>unus</strong></span> <span class='ocrx_word' id='word_1_421' title='bbox 2689 2733 2943 2804; x_wconf 88' lang='lat' dir='ltr'><strong>idemque</strong></span> <span class='ocrx_word' id='word_1_422' title='bbox 2977 2734 3048 2788; x_wconf 91' lang='lat' dir='ltr'><strong>sit</strong></span> <span class='ocrx_word' id='word_1_423' title='bbox 3098 2749 3127 2787; x_wconf 90' lang='lat' dir='ltr'><strong>a</strong></span> <span class='ocrx_word' id='word_1_424' title='bbox 3175 2733 3320 2802; x_wconf 80' lang='lat' dir='ltr'><strong>prin-</strong></span> 
     </span>
    </p>
   </div>
   <div class='ocr_carea' id='block_1_60' title="bbox 1745 2825 3322 2899">
    <p class='ocr_par' dir='ltr' id='par_1_60' title="bbox 1745 2825 3322 2899">
     <span class='ocr_line' id='line_1_60' title="bbox 1745 2825 3322 2899; baseline -0.003 -17"><span class='ocrx_word' id='word_1_425' title='bbox 1745 2829 1890 2899; x_wconf 87' lang='lat' dir='ltr'><strong>cipio</strong></span> <span class='ocrx_word' id='word_1_426' title='bbox 1913 2842 2088 2898; x_wconf 88' lang='lat' dir='ltr'><strong>usque</strong></span> <span class='ocrx_word' id='word_1_427' title='bbox 2116 2827 2182 2881; x_wconf 88' lang='lat' dir='ltr'><strong>ad</strong></span> <span class='ocrx_word' id='word_1_428' title='bbox 2215 2827 2377 2883; x_wconf 85' lang='lat' dir='ltr'><strong>ﬁnem</strong></span> <span class='ocrx_word' id='word_1_429' title='bbox 2415 2826 2610 2898; x_wconf 84' lang='lat' dir='ltr'><strong>stylus,</strong></span> <span class='ocrx_word' id='word_1_430' title='bbox 2638 2826 2866 2897; x_wconf 89' lang='lat' dir='ltr'><strong>proinde</strong></span> <span class='ocrx_word' id='word_1_431' title='bbox 2889 2841 2996 2879; x_wconf 91' lang='lat' dir='ltr'><strong>non</strong></span> <span class='ocrx_word' id='word_1_432' title='bbox 3023 2825 3127 2879; x_wconf 90' lang='lat' dir='ltr'><strong>nisi</strong></span> <span class='ocrx_word' id='word_1_433' title='bbox 3155 2839 3322 2878; x_wconf 90' lang='lat' dir='ltr'><strong>unum</strong></span> 
     </span>
    </p>
   </div>
   <div class='ocr_carea' id='block_1_61' title="bbox 85 2911 3317 3012">
    <p class='ocr_par' dir='ltr' id='par_1_61' title="bbox 85 2911 3317 3012">
     <span class='ocr_line' id='line_1_61' title="bbox 85 2911 3317 3012; baseline 0.001 -48"><span class='ocrx_word' id='word_1_434' title='bbox 85 2920 188 2966; x_wconf 78' lang='lat' dir='ltr'><strong>tein.</strong></span> <span class='ocrx_word' id='word_1_435' title='bbox 224 2911 364 2968; x_wconf 83' lang='lat' dir='ltr'><strong>Nam</strong></span> <span class='ocrx_word' id='word_1_436' title='bbox 393 2916 552 2970; x_wconf 89' lang='lat' dir='ltr'><strong>etilli</strong></span> <span class='ocrx_word' id='word_1_437' title='bbox 581 2917 789 2987; x_wconf 88' lang='lat' dir='ltr'><strong>absque</strong></span> <span class='ocrx_word' id='word_1_438' title='bbox 813 2916 1027 2974; x_wconf 86' lang='lat' dir='ltr'><strong>Joanne</strong></span> <span class='ocrx_word' id='word_1_439' title='bbox 1058 2927 1354 2988; x_wconf 85' lang='lat' dir='ltr'><strong>potuerunt</strong></span> <span class='ocrx_word' id='word_1_440' title='bbox 1386 2933 1508 2974; x_wconf 89' lang='lat' dir='ltr'><strong>sese</strong></span> <span class='ocrx_word' id='word_1_441' title='bbox 1530 2919 1635 2973; x_wconf 84' lang='lat' dir='ltr'><strong>im-</strong></span> <span class='ocrx_word' id='word_1_442' title='bbox 1674 2954 1716 3012; x_wconf 64' lang='grc' dir='ltr'><em>ε</em></span> <span class='ocrx_word' id='word_1_443' title='bbox 1751 2929 2028 2974; x_wconf 87' lang='lat' dir='ltr'><strong>auctorem</strong></span> <span class='ocrx_word' id='word_1_444' title='bbox 2064 2919 2293 2983; x_wconf 88' lang='lat' dir='ltr'><strong>referat;</strong></span> <span class='ocrx_word' id='word_1_445' title='bbox 2330 2933 2438 2973; x_wconf 89' lang='lat' dir='ltr'><strong>nou</strong></span> <span class='ocrx_word' id='word_1_446' title='bbox 2481 2927 2661 2973; x_wconf 87' lang='lat' dir='ltr'><strong>tamen</strong></span> <span class='ocrx_word' id='word_1_447' title='bbox 2684 2918 2910 2973; x_wconf 89' lang='lat' dir='ltr'><strong>omnino</strong></span> <span class='ocrx_word' id='word_1_448' title='bbox 2941 2916 3317 2987; x_wconf 81' lang='lat' dir='ltr'><strong>rejicicndnin,</strong></span> 
     </span>
    </p>
   </div>
   <div class='ocr_carea' id='block_1_62' title="bbox 84 3007 1644 3083">
    <p class='ocr_par' dir='ltr' id='par_1_62' title="bbox 84 3007 1644 3083">
     <span class='ocr_line' id='line_1_62' title="bbox 84 3007 1644 3083; baseline 0.01 -30"><span class='ocrx_word' id='word_1_449' title='bbox 84 3007 287 3062; x_wconf 57' lang='lat' dir='ltr'><strong>nntiate</strong></span> <span class='ocrx_word' id='word_1_450' title='bbox 315 3009 373 3061; x_wconf 87' lang='lat' dir='ltr'><strong>in</strong></span> <span class='ocrx_word' id='word_1_451' title='bbox 403 3009 525 3078; x_wconf 82' lang='lat' dir='ltr'><strong>ejus</strong></span> <span class='ocrx_word' id='word_1_452' title='bbox 555 3011 784 3078; x_wconf 76' lang='lat' dir='ltr'><strong>gratiam</strong></span> <span class='ocrx_word' id='word_1_453' title='bbox 829 3011 1160 3074; x_wconf 84' lang='lat' dir='ltr'><strong>insinuasse,</strong></span> <span class='ocrx_word' id='word_1_454' title='bbox 1191 3021 1247 3065; x_wconf 89' lang='lat' dir='ltr'><strong>et</strong></span> <span class='ocrx_word' id='word_1_455' title='bbox 1287 3022 1413 3081; x_wconf 90' lang='lat' dir='ltr'><strong>post</strong></span> <span class='ocrx_word' id='word_1_456' title='bbox 1437 3013 1644 3083; x_wconf 88' lang='lat' dir='ltr'><strong>primas</strong></span> 
     </span>
    </p>
   </div>
   <div class='ocr_carea' id='block_1_63' title="bbox 83 3097 1647 3172">
    <p class='ocr_par' dir='ltr' id='par_1_63' title="bbox 83 3097 1647 3172">
     <span class='ocr_line' id='line_1_63' title="bbox 83 3097 1647 3172; baseline 0.008 -26"><span class='ocrx_word' id='word_1_457' title='bbox 83 3097 139 3147; x_wconf 78' lang='lat' dir='ltr'><strong>ob</strong></span> <span class='ocrx_word' id='word_1_458' title='bbox 163 3112 352 3167; x_wconf 82' lang='lat' dir='ltr'><strong>agrum</strong></span> <span class='ocrx_word' id='word_1_459' title='bbox 382 3099 563 3154; x_wconf 75' lang='lat' dir='ltr'><strong>vidua:</strong></span> <span class='ocrx_word' id='word_1_460' title='bbox 592 3100 832 3155; x_wconf 87' lang='lat' dir='ltr'><strong>ablatum</strong></span> <span class='ocrx_word' id='word_1_461' title='bbox 886 3101 1054 3166; x_wconf 79' lang='lat' dir='ltr'><strong>rixas,</strong></span> <span class='ocrx_word' id='word_1_462' title='bbox 1100 3117 1272 3172; x_wconf 88' lang='lat' dir='ltr'><strong>usque</strong></span> <span class='ocrx_word' id='word_1_463' title='bbox 1311 3103 1448 3158; x_wconf 89' lang='lat' dir='ltr'><strong>adeo</strong></span> <span class='ocrx_word' id='word_1_464' title='bbox 1505 3119 1647 3158; x_wconf 88' lang='lat' dir='ltr'><strong>rese-</strong></span> 
     </span>
    </p>
   </div>
   <div class='ocr_carea' id='block_1_64' title="bbox 80 3189 1642 3264">
    <p class='ocr_par' dir='ltr' id='par_1_64' title="bbox 80 3189 1642 3264">
     <span class='ocr_line' id='line_1_64' title="bbox 80 3189 1642 3264; baseline 0.007 -25"><span class='ocrx_word' id='word_1_465' title='bbox 80 3189 209 3242; x_wconf 77' lang='lat' dir='ltr'><strong>derat</strong></span> <span class='ocrx_word' id='word_1_466' title='bbox 233 3191 609 3258; x_wconf 87' lang='lat' dir='ltr'><strong>imperatricis</strong></span> <span class='ocrx_word' id='word_1_467' title='bbox 655 3190 974 3262; x_wconf 86' lang='lat' dir='ltr'><strong>indignatio,</strong></span> <span class='ocrx_word' id='word_1_468' title='bbox 1026 3203 1085 3248; x_wconf 91' lang='lat' dir='ltr'><strong>ut</strong></span> <span class='ocrx_word' id='word_1_469' title='bbox 1126 3193 1180 3247; x_wconf 93' lang='lat' dir='ltr'><strong>in</strong></span> <span class='ocrx_word' id='word_1_470' title='bbox 1239 3195 1470 3264; x_wconf 85' lang='lat' dir='ltr'><strong>gratiam</strong></span> <span class='ocrx_word' id='word_1_471' title='bbox 1517 3211 1642 3251; x_wconf 89' lang='lat' dir='ltr'><strong>cum</strong></span> 
     </span>
    </p>
   </div>
   <div class='ocr_carea' id='block_1_65' title="bbox 81 3276 1642 3357">
    <p class='ocr_par' dir='ltr' id='par_1_65' title="bbox 81 3276 1642 3357">
     <span class='ocr_line' id='line_1_65' title="bbox 81 3276 1642 3357; baseline 0.009 -28"><span class='ocrx_word' id='word_1_472' title='bbox 81 3276 264 3337; x_wconf 68' lang='lat' dir='ltr'><strong>Jmnne</strong></span> <span class='ocrx_word' id='word_1_473' title='bbox 287 3283 495 3338; x_wconf 86' lang='lat' dir='ltr'><strong>debeat</strong></span> <span class='ocrx_word' id='word_1_474' title='bbox 521 3284 751 3340; x_wconf 88' lang='lat' dir='ltr'><strong>rediisse</strong></span> <span class='ocrx_word' id='word_1_475' title='bbox 785 3286 1032 3352; x_wconf 83' lang='lat' dir='ltr'><strong>censeri;</strong></span> <span class='ocrx_word' id='word_1_476' title='bbox 1071 3287 1274 3356; x_wconf 89' lang='lat' dir='ltr'><strong>quippe</strong></span> <span class='ocrx_word' id='word_1_477' title='bbox 1324 3303 1448 3357; x_wconf 78' lang='lat' dir='ltr'><strong>quae</strong></span> <span class='ocrx_word' id='word_1_478' title='bbox 1498 3289 1642 3343; x_wconf 91' lang='lat' dir='ltr'><strong>haud</strong></span> 
     </span>
    </p>
   </div>
   <div class='ocr_carea' id='block_1_66' title="bbox 81 3373 1645 3442">
    <p class='ocr_par' dir='ltr' id='par_1_66' title="bbox 81 3373 1645 3442">
     <span class='ocr_line' id='line_1_66' title="bbox 81 3373 1645 3442; baseline 0.007 -18"><span class='ocrx_word' id='word_1_479' title='bbox 81 3373 153 3424; x_wconf 81' lang='lat' dir='ltr'><strong>diu</strong></span> <span class='ocrx_word' id='word_1_480' title='bbox 177 3388 296 3442; x_wconf 88' lang='lat' dir='ltr'><strong>post</strong></span> <span class='ocrx_word' id='word_1_481' title='bbox 326 3377 474 3429; x_wconf 88' lang='lat' dir='ltr'><strong>inter</strong></span> <span class='ocrx_word' id='word_1_482' title='bbox 504 3375 770 3430; x_wconf 88' lang='lat' dir='ltr'><strong>Joannem</strong></span> <span class='ocrx_word' id='word_1_483' title='bbox 820 3387 873 3431; x_wconf 89' lang='lat' dir='ltr'><strong>et</strong></span> <span class='ocrx_word' id='word_1_484' title='bbox 929 3378 1285 3432; x_wconf 80' lang='lat' dir='ltr'><strong>Severianum</strong></span> <span class='ocrx_word' id='word_1_485' title='bbox 1339 3381 1645 3435; x_wconf 76' lang='lat' dir='ltr'><strong>concordia:</strong></span> 
     </span>
    </p>
   </div>
   <div class='ocr_carea' id='block_1_67' title="bbox 79 3466 1640 3540">
    <p class='ocr_par' dir='ltr' id='par_1_67' title="bbox 79 3466 1640 3540">
     <span class='ocr_line' id='line_1_67' title="bbox 79 3466 1640 3540; baseline 0.005 -22"><span class='ocrx_word' id='word_1_486' title='bbox 79 3466 370 3530; x_wconf 71' lang='lat' dir='ltr'><strong>maiiatrix,</strong></span> <span class='ocrx_word' id='word_1_487' title='bbox 400 3485 418 3516; x_wconf 84' lang='grc' dir='ltr'><strong>ι</strong></span> <span class='ocrx_word' id='word_1_488' title='bbox 469 3466 524 3520; x_wconf 92' lang='lat' dir='ltr'><strong>in</strong></span> <span class='ocrx_word' id='word_1_489' title='bbox 562 3469 795 3523; x_wconf 85' lang='lat' dir='ltr'><strong>ecclesia</strong></span> <span class='ocrx_word' id='word_1_490' title='bbox 828 3470 1217 3540; x_wconf 87' lang='lat' dir='ltr'><strong>Apostolorum</strong></span> <span class='ocrx_word' id='word_1_491' title='bbox 1262 3472 1432 3527; x_wconf 84' lang='lat' dir='ltr'><strong>filium</strong></span> <span class='ocrx_word' id='word_1_492' title='bbox 1481 3489 1640 3528; x_wconf 90' lang='lat' dir='ltr'><strong>suum</strong></span> 
     </span>
    </p>
   </div>
   <div class='ocr_carea' id='block_1_68' title="bbox 80 3551 1642 3632">
    <p class='ocr_par' dir='ltr' id='par_1_68' title="bbox 80 3551 1642 3632">
     <span class='ocr_line' id='line_1_68' title="bbox 80 3551 1642 3632; baseline 0.009 -28"><span class='ocrx_word' id='word_1_493' title='bbox 80 3551 451 3622; x_wconf 74' lang='lat' dir='ltr'><strong>Theodosium,</strong></span> <span class='ocrx_word' id='word_1_494' title='bbox 497 3568 626 3612; x_wconf 91' lang='lat' dir='ltr'><strong>tunc</strong></span> <span class='ocrx_word' id='word_1_495' title='bbox 676 3561 970 3614; x_wconf 84' lang='lat' dir='ltr'><strong>admodum</strong></span> <span class='ocrx_word' id='word_1_496' title='bbox 1028 3577 1280 3632; x_wconf 87' lang='lat' dir='ltr'><strong>puerum,</strong></span> <span class='ocrx_word' id='word_1_497' title='bbox 1340 3563 1407 3618; x_wconf 89' lang='lat' dir='ltr'><strong>ad</strong></span> <span class='ocrx_word' id='word_1_498' title='bbox 1467 3580 1642 3631; x_wconf 88' lang='lat' dir='ltr'><strong>genua</strong></span> 
     </span>
    </p>
   </div>
   <div class='ocr_carea' id='block_1_69' title="bbox 78 3647 1643 3722">
    <p class='ocr_par' dir='ltr' id='par_1_69' title="bbox 78 3647 1643 3722">
     <span class='ocr_line' id='line_1_69' title="bbox 78 3647 1643 3722; baseline 0.008 -26"><span class='ocrx_word' id='word_1_499' title='bbox 78 3647 279 3706; x_wconf 73' lang='lat' dir='ltr'><strong>Joannis</strong></span> <span class='ocrx_word' id='word_1_500' title='bbox 307 3651 606 3720; x_wconf 88' lang='lat' dir='ltr'><strong>abjiciens,</strong></span> <span class='ocrx_word' id='word_1_501' title='bbox 638 3663 692 3705; x_wconf 91' lang='lat' dir='ltr'><strong>et</strong></span> <span class='ocrx_word' id='word_1_502' title='bbox 723 3668 817 3720; x_wconf 88' lang='lat' dir='ltr'><strong>per</strong></span> <span class='ocrx_word' id='word_1_503' title='bbox 854 3653 1001 3708; x_wconf 90' lang='lat' dir='ltr'><strong>illius</strong></span> <span class='ocrx_word' id='word_1_504' title='bbox 1035 3664 1202 3722; x_wconf 89' lang='lat' dir='ltr'><strong>caput</strong></span> <span class='ocrx_word' id='word_1_505' title='bbox 1251 3654 1444 3708; x_wconf 89' lang='lat' dir='ltr'><strong>crebro</strong></span> <span class='ocrx_word' id='word_1_506' title='bbox 1491 3656 1643 3709; x_wconf 86' lang='lat' dir='ltr'><strong>obte-</strong></span> 
     </span>
    </p>
   </div>
   <div class='ocr_carea' id='block_1_70' title="bbox 83 3742 1641 3810">
    <p class='ocr_par' dir='ltr' id='par_1_70' title="bbox 83 3742 1641 3810">
     <span class='ocr_line' id='line_1_70' title="bbox 83 3742 1641 3810; baseline 0.001 -14"><span class='ocrx_word' id='word_1_507' title='bbox 83 3748 226 3805; x_wconf 70' lang='lat' dir='ltr'><strong>stans,</strong></span> <span class='ocrx_word' id='word_1_508' title='bbox 256 3743 332 3797; x_wconf 87' lang='lat' dir='ltr'><strong>ab</strong></span> <span class='ocrx_word' id='word_1_509' title='bbox 353 3744 450 3797; x_wconf 83' lang='lat' dir='ltr'><strong>illo</strong></span> <span class='ocrx_word' id='word_1_510' title='bbox 482 3742 722 3797; x_wconf 86' lang='lat' dir='ltr'><strong>obtinuit</strong></span> <span class='ocrx_word' id='word_1_511' title='bbox 756 3752 816 3810; x_wconf 83' lang='lat' dir='ltr'><strong>ut</strong></span> <span class='ocrx_word' id='word_1_512' title='bbox 858 3742 1214 3800; x_wconf 87' lang='lat' dir='ltr'><strong>Severianum</strong></span> <span class='ocrx_word' id='word_1_513' title='bbox 1256 3746 1310 3799; x_wconf 86' lang='lat' dir='ltr'><strong>in</strong></span> <span class='ocrx_word' id='word_1_514' title='bbox 1345 3745 1641 3799; x_wconf 89' lang='lat' dir='ltr'><strong>amicitiam</strong></span> 
     </span>
    </p>
   </div>
   <div class='ocr_carea' id='block_1_71' title="bbox 79 3835 1637 3905">
    <p class='ocr_par' dir='ltr' id='par_1_71' title="bbox 79 3835 1637 3905">
     <span class='ocr_line' id='line_1_71' title="bbox 79 3835 1637 3905; baseline 0.005 -25"><span class='ocrx_word' id='word_1_515' title='bbox 79 3843 210 3886; x_wconf 74' lang='lat' dir='ltr'><strong>suam</strong></span> <span class='ocrx_word' id='word_1_516' title='bbox 230 3835 570 3900; x_wconf 79' lang='lat' dir='ltr'><strong>admitteret,</strong></span> <span class='ocrx_word' id='word_1_517' title='bbox 612 3853 630 3885; x_wconf 76' lang='grc' dir='ltr'><strong>ι</strong></span> <span class='ocrx_word' id='word_1_518' title='bbox 665 3836 740 3890; x_wconf 82' lang='grc' dir='ltr'>ιιιὶ</span> <span class='ocrx_word' id='word_1_519' title='bbox 775 3837 966 3889; x_wconf 85' lang='lat' dir='ltr'><strong>scribit</strong></span> <span class='ocrx_word' id='word_1_520' title='bbox 993 3837 1252 3892; x_wconf 88' lang='lat' dir='ltr'><strong>Socrates</strong></span> <span class='ocrx_word' id='word_1_521' title='bbox 1288 3836 1382 3890; x_wconf 87' lang='lat' dir='ltr'><strong>lib.</strong></span> <span class='ocrx_word' id='word_1_522' title='bbox 1415 3851 1490 3899; x_wconf 65' lang='lat' dir='ltr'><strong>vr,</strong></span> <span class='ocrx_word' id='word_1_523' title='bbox 1517 3850 1637 3905; x_wconf 91' lang='lat' dir='ltr'><strong>cap.</strong></span> 
     </span>
    </p>
   </div>
   <div class='ocr_carea' id='block_1_72' title="bbox 85 3920 1644 3997">
    <p class='ocr_par' dir='ltr' id='par_1_72' title="bbox 85 3920 1644 3997">
     <span class='ocr_line' id='line_1_72' title="bbox 85 3920 1644 3997; baseline 0.006 -25"><span class='ocrx_word' id='word_1_524' title='bbox 85 3920 150 3972; x_wconf 84' lang='lat' dir='ltr'><strong>lt.</strong></span> <span class='ocrx_word' id='word_1_525' title='bbox 174 3923 304 3988; x_wconf 69' lang='lat' dir='ltr'><strong>Quae</strong></span> <span class='ocrx_word' id='word_1_526' title='bbox 327 3935 520 3980; x_wconf 82' lang='lat' dir='ltr'><strong>autem</strong></span> <span class='ocrx_word' id='word_1_527' title='bbox 548 3925 746 3981; x_wconf 88' lang='lat' dir='ltr'><strong>deinde</strong></span> <span class='ocrx_word' id='word_1_528' title='bbox 773 3939 976 3981; x_wconf 78' lang='lat' dir='ltr'><strong>secuta.-</strong></span> <span class='ocrx_word' id='word_1_529' title='bbox 1016 3935 1146 3982; x_wconf 92' lang='lat' dir='ltr'><strong>sunt</strong></span> <span class='ocrx_word' id='word_1_530' title='bbox 1194 3928 1477 3997; x_wconf 83' lang='lat' dir='ltr'><strong>graviores</strong></span> <span class='ocrx_word' id='word_1_531' title='bbox 1510 3943 1644 3996; x_wconf 87' lang='lat' dir='ltr'><strong>que-</strong></span> 
     </span>
    </p>
   </div>
   <div class='ocr_carea' id='block_1_73' title="bbox 79 4019 1642 4088">
    <p class='ocr_par' dir='ltr' id='par_1_73' title="bbox 79 4019 1642 4088">
     <span class='ocr_line' id='line_1_73' title="bbox 79 4019 1642 4088; baseline 0.004 -22"><span class='ocrx_word' id='word_1_532' title='bbox 79 4021 198 4074; x_wconf 70' lang='lat' dir='ltr'><strong>rctz,</strong></span> <span class='ocrx_word' id='word_1_533' title='bbox 226 4034 306 4070; x_wconf 74' lang='lat' dir='ltr'><strong>ea:</strong></span> <span class='ocrx_word' id='word_1_534' title='bbox 335 4019 582 4088; x_wconf 88' lang='lat' dir='ltr'><strong>primum</strong></span> <span class='ocrx_word' id='word_1_535' title='bbox 621 4029 906 4087; x_wconf 69' lang='lat' dir='ltr'><strong>cmperunt</strong></span> <span class='ocrx_word' id='word_1_536' title='bbox 934 4029 1222 4087; x_wconf 87' lang='lat' dir='ltr'><strong>postquam</strong></span> <span class='ocrx_word' id='word_1_537' title='bbox 1257 4019 1642 4073; x_wconf 84' lang='lat' dir='ltr'><strong>Constantino-</strong></span> 
     </span>
    </p>
   </div>
   <div class='ocr_carea' id='block_1_74' title="bbox 79 4108 1645 4178">
    <p class='ocr_par' dir='ltr' id='par_1_74' title="bbox 79 4108 1645 4178">
     <span class='ocr_line' id='line_1_74' title="bbox 79 4108 1645 4178; baseline 0.003 -21"><span class='ocrx_word' id='word_1_538' title='bbox 79 4109 544 4168; x_wconf 68' lang='lat' dir='ltr'><strong>pt-lidiscessisset</strong></span> <span class='ocrx_word' id='word_1_539' title='bbox 576 4108 935 4178; x_wconf 77' lang='lat' dir='ltr'><strong>Epiphanius.</strong></span> <span class='ocrx_word' id='word_1_540' title='bbox 986 4109 1092 4163; x_wconf 87' lang='lat' dir='ltr'><strong>Sed</strong></span> <span class='ocrx_word' id='word_1_541' title='bbox 1145 4110 1280 4163; x_wconf 88' lang='lat' dir='ltr'><strong>nihil</strong></span> <span class='ocrx_word' id='word_1_542' title='bbox 1323 4111 1374 4163; x_wconf 93' lang='lat' dir='ltr'><strong>in</strong></span> <span class='ocrx_word' id='word_1_543' title='bbox 1411 4111 1510 4163; x_wconf 84' lang='lat' dir='ltr'><strong>hac</strong></span> <span class='ocrx_word' id='word_1_544' title='bbox 1541 4108 1645 4162; x_wconf 83' lang='lat' dir='ltr'><strong>Ba-</strong></span> 
     </span>
    </p>
   </div>
   <div class='ocr_carea' id='block_1_75' title="bbox 76 4202 1639 4272">
    <p class='ocr_par' dir='ltr' id='par_1_75' title="bbox 76 4202 1639 4272">
     <span class='ocr_line' id='line_1_75' title="bbox 76 4202 1639 4272; baseline 0.006 -25"><span class='ocrx_word' id='word_1_545' title='bbox 76 4203 191 4251; x_wconf 78' lang='lat' dir='ltr'><strong>maii</strong></span> <span class='ocrx_word' id='word_1_546' title='bbox 240 4216 490 4256; x_wconf 73' lang='lat' dir='ltr'><strong>censura</strong></span> <span class='ocrx_word' id='word_1_547' title='bbox 543 4202 787 4256; x_wconf 82' lang='lat' dir='ltr'><strong>admiror</strong></span> <span class='ocrx_word' id='word_1_548' title='bbox 840 4203 1048 4272; x_wconf 87' lang='lat' dir='ltr'><strong>magis,</strong></span> <span class='ocrx_word' id='word_1_549' title='bbox 1101 4217 1264 4271; x_wconf 90' lang='lat' dir='ltr'><strong>quam</strong></span> <span class='ocrx_word' id='word_1_550' title='bbox 1316 4203 1462 4271; x_wconf 89' lang='lat' dir='ltr'><strong>quod</strong></span> <span class='ocrx_word' id='word_1_551' title='bbox 1509 4203 1639 4256; x_wconf 83' lang='lat' dir='ltr'><strong>Acta</strong></span> 
     </span>
    </p>
   </div>
   <div class='ocr_carea' id='block_1_76' title="bbox 1749 3009 3320 3080">
    <p class='ocr_par' dir='ltr' id='par_1_76' title="bbox 1749 3009 3320 3080">
     <span class='ocr_line' id='line_1_76' title="bbox 1749 3009 3320 3080; baseline -0.004 -13"><span class='ocrx_word' id='word_1_552' title='bbox 1749 3011 1796 3068; x_wconf 92' lang='lat' dir='ltr'><strong>si</strong></span> <span class='ocrx_word' id='word_1_553' title='bbox 1817 3026 1943 3067; x_wconf 85' lang='lat' dir='ltr'><strong>vera</strong></span> <span class='ocrx_word' id='word_1_554' title='bbox 1978 3012 2212 3066; x_wconf 88' lang='lat' dir='ltr'><strong>duorum</strong></span> <span class='ocrx_word' id='word_1_555' title='bbox 2239 3010 2470 3064; x_wconf 84' lang='lat' dir='ltr'><strong>istorum</strong></span> <span class='ocrx_word' id='word_1_556' title='bbox 2493 3010 2697 3080; x_wconf 89' lang='lat' dir='ltr'><strong>scripta</strong></span> <span class='ocrx_word' id='word_1_557' title='bbox 2728 3024 2840 3079; x_wconf 60' lang='lat' dir='ltr'><strong>prae</strong></span> <span class='ocrx_word' id='word_1_558' title='bbox 2870 3009 3046 3064; x_wconf 88' lang='lat' dir='ltr'><strong>oculis</strong></span> <span class='ocrx_word' id='word_1_559' title='bbox 3093 3009 3320 3070; x_wconf 85' lang='lat' dir='ltr'><strong>habens,</strong></span> 
     </span>
    </p>
   </div>
   <div class='ocr_carea' id='block_1_77' title="bbox 1747 3104 3325 3165">
    <p class='ocr_par' dir='ltr' id='par_1_77' title="bbox 1747 3104 3325 3165">
     <span class='ocr_line' id='line_1_77' title="bbox 1747 3104 3325 3165; baseline -0.005 -6"><span class='ocrx_word' id='word_1_560' title='bbox 1747 3120 1848 3160; x_wconf 88' lang='lat' dir='ltr'><strong>suo</strong></span> <span class='ocrx_word' id='word_1_561' title='bbox 1890 3104 1976 3159; x_wconf 87' lang='lat' dir='ltr'><strong>illa</strong></span> <span class='ocrx_word' id='word_1_562' title='bbox 2018 3104 2286 3158; x_wconf 83' lang='lat' dir='ltr'><strong>duntaxat</strong></span> <span class='ocrx_word' id='word_1_563' title='bbox 2323 3112 2651 3158; x_wconf 83' lang='lat' dir='ltr'><strong>exornasset</strong></span> <span class='ocrx_word' id='word_1_564' title='bbox 2691 3116 2967 3165; x_wconf 90' lang='lat' dir='ltr'><strong>sermone,</strong></span> <span class='ocrx_word' id='word_1_565' title='bbox 3004 3115 3174 3155; x_wconf 88' lang='lat' dir='ltr'><strong>sensu</strong></span> <span class='ocrx_word' id='word_1_566' title='bbox 3205 3113 3325 3153; x_wconf 89' lang='lat' dir='ltr'><strong>ser-</strong></span> 
     </span>
    </p>
   </div>
   <div class='ocr_carea' id='block_1_78' title="bbox 1747 3191 3328 3264">
    <p class='ocr_par' dir='ltr' id='par_1_78' title="bbox 1747 3191 3328 3264">
     <span class='ocr_line' id='line_1_78' title="bbox 1747 3191 3328 3264; baseline -0.006 -13"><span class='ocrx_word' id='word_1_567' title='bbox 1747 3209 1892 3253; x_wconf 90' lang='lat' dir='ltr'><strong>vato.</strong></span> <span class='ocrx_word' id='word_1_568' title='bbox 1924 3195 2041 3264; x_wconf 85' lang='lat' dir='ltr'><strong>Qua</strong></span> <span class='ocrx_word' id='word_1_569' title='bbox 2085 3205 2266 3250; x_wconf 89' lang='lat' dir='ltr'><strong>autem</strong></span> <span class='ocrx_word' id='word_1_570' title='bbox 2309 3204 2467 3250; x_wconf 62' lang='lat' dir='ltr'><strong>{etate</strong></span> <span class='ocrx_word' id='word_1_571' title='bbox 2518 3194 2609 3249; x_wconf 90' lang='lat' dir='ltr'><strong>ille</strong></span> <span class='ocrx_word' id='word_1_572' title='bbox 2655 3193 2962 3263; x_wconf 87' lang='lat' dir='ltr'><strong>scripserit,</strong></span> <span class='ocrx_word' id='word_1_573' title='bbox 3005 3191 3130 3261; x_wconf 88' lang='lat' dir='ltr'><strong>quis</strong></span> <span class='ocrx_word' id='word_1_574' title='bbox 3185 3191 3328 3244; x_wconf 78' lang='lat' dir='ltr'><strong>divi-</strong></span> 
     </span>
    </p>
   </div>
   <div class='ocr_carea' id='block_1_79' title="bbox 1746 3281 3326 3359">
    <p class='ocr_par' dir='ltr' id='par_1_79' title="bbox 1746 3281 3326 3359">
     <span class='ocr_line' id='line_1_79' title="bbox 1746 3281 3326 3359; baseline -0.005 -15"><span class='ocrx_word' id='word_1_575' title='bbox 1746 3291 1927 3346; x_wconf 91' lang='lat' dir='ltr'><strong>nando</strong></span> <span class='ocrx_word' id='word_1_576' title='bbox 1983 3288 2388 3359; x_wconf 84' lang='lat' dir='ltr'><strong>consequetur?</strong></span> <span class='ocrx_word' id='word_1_577' title='bbox 2424 3285 2541 3343; x_wconf 82' lang='lat' dir='ltr'><strong>Hoc</strong></span> <span class='ocrx_word' id='word_1_578' title='bbox 2585 3295 2820 3353; x_wconf 84' lang='lat' dir='ltr'><strong>certum,</strong></span> <span class='ocrx_word' id='word_1_579' title='bbox 2869 3282 3084 3340; x_wconf 90' lang='lat' dir='ltr'><strong>decimo</strong></span> <span class='ocrx_word' id='word_1_580' title='bbox 3123 3281 3326 3339; x_wconf 66' lang='lat' dir='ltr'><strong>saeculo</strong></span> 
     </span>
    </p>
   </div>
   <div class='ocr_carea' id='block_1_80' title="bbox 1749 3379 3326 3455">
    <p class='ocr_par' dir='ltr' id='par_1_80' title="bbox 1749 3379 3326 3455">
     <span class='ocr_line' id='line_1_80' title="bbox 1749 3379 3326 3455; baseline -0.007 -16"><span class='ocrx_word' id='word_1_581' title='bbox 1749 3386 1980 3455; x_wconf 73' lang='lat' dir='ltr'><strong>priotem</strong></span> <span class='ocrx_word' id='word_1_582' title='bbox 2015 3383 2205 3449; x_wconf 88' lang='lat' dir='ltr'><strong>fuisse,</strong></span> <span class='ocrx_word' id='word_1_583' title='bbox 2262 3381 2484 3452; x_wconf 88' lang='lat' dir='ltr'><strong>quando</strong></span> <span class='ocrx_word' id='word_1_584' title='bbox 2518 3390 2572 3436; x_wconf 89' lang='lat' dir='ltr'><strong>et</strong></span> <span class='ocrx_word' id='word_1_585' title='bbox 2613 3379 2724 3436; x_wconf 91' lang='lat' dir='ltr'><strong>Leo</strong></span> <span class='ocrx_word' id='word_1_586' title='bbox 2771 3381 3090 3449; x_wconf 88' lang='lat' dir='ltr'><strong>imperator,</strong></span> <span class='ocrx_word' id='word_1_587' title='bbox 3118 3391 3326 3446; x_wconf 89' lang='lat' dir='ltr'><strong>cogno-</strong></span> 
     </span>
    </p>
   </div>
   <div class='ocr_carea' id='block_1_81' title="bbox 1746 3465 3324 3544">
    <p class='ocr_par' dir='ltr' id='par_1_81' title="bbox 1746 3465 3324 3544">
     <span class='ocr_line' id='line_1_81' title="bbox 1746 3465 3324 3544; baseline -0.008 -13"><span class='ocrx_word' id='word_1_588' title='bbox 1746 3486 1929 3531; x_wconf 87' lang='lat' dir='ltr'><strong>mento</strong></span> <span class='ocrx_word' id='word_1_589' title='bbox 1963 3474 2213 3544; x_wconf 85' lang='lat' dir='ltr'><strong>Sapiens,</strong></span> <span class='ocrx_word' id='word_1_590' title='bbox 2241 3474 2345 3528; x_wconf 80' lang='lat' dir='ltr'><strong>sub</strong></span> <span class='ocrx_word' id='word_1_591' title='bbox 2368 3487 2478 3543; x_wconf 88' lang='lat' dir='ltr'><strong>quo</strong></span> <span class='ocrx_word' id='word_1_592' title='bbox 2505 3472 2669 3528; x_wconf 85' lang='lat' dir='ltr'><strong>etiam</strong></span> <span class='ocrx_word' id='word_1_593' title='bbox 2695 3469 3091 3540; x_wconf 83' lang='lat' dir='ltr'><strong>Metaphrastes</strong></span> <span class='ocrx_word' id='word_1_594' title='bbox 3118 3465 3324 3528; x_wconf 86' lang='lat' dir='ltr'><strong>ﬂoruit,</strong></span> 
     </span>
    </p>
   </div>
   <div class='ocr_carea' id='block_1_82' title="bbox 1760 3561 3325 3632">
    <p class='ocr_par' dir='ltr' id='par_1_82' title="bbox 1760 3561 3325 3632">
     <span class='ocr_line' id='line_1_82' title="bbox 1760 3561 3325 3632; baseline -0.006 -10"><span class='ocrx_word' id='word_1_595' title='bbox 1760 3569 1938 3622; x_wconf 75' lang='lat' dir='ltr'><strong>Vitam</strong></span> <span class='ocrx_word' id='word_1_596' title='bbox 1963 3569 2110 3623; x_wconf 88' lang='lat' dir='ltr'><strong>illam</strong></span> <span class='ocrx_word' id='word_1_597' title='bbox 2147 3575 2369 3624; x_wconf 90' lang='lat' dir='ltr'><strong>secutus</strong></span> <span class='ocrx_word' id='word_1_598' title='bbox 2393 3574 2476 3622; x_wconf 90' lang='lat' dir='ltr'><strong>est</strong></span> <span class='ocrx_word' id='word_1_599' title='bbox 2509 3565 2562 3618; x_wconf 90' lang='lat' dir='ltr'><strong>in</strong></span> <span class='ocrx_word' id='word_1_600' title='bbox 2592 3563 2865 3619; x_wconf 87' lang='lat' dir='ltr'><strong>laudando</strong></span> <span class='ocrx_word' id='word_1_601' title='bbox 2897 3561 3325 3632; x_wconf 87' lang='lat' dir='ltr'><strong>Chrysostomo;</strong></span> 
     </span>
    </p>
   </div>
   <div class='ocr_carea' id='block_1_83' title="bbox 1743 3655 3328 3730">
    <p class='ocr_par' dir='ltr' id='par_1_83' title="bbox 1743 3655 3328 3730">
     <span class='ocr_line' id='line_1_83' title="bbox 1743 3655 3328 3730; baseline -0.009 -13"><span class='ocrx_word' id='word_1_602' title='bbox 1743 3661 2058 3730; x_wconf 86' lang='lat' dir='ltr'><strong>cteloginm</strong></span> <span class='ocrx_word' id='word_1_603' title='bbox 2098 3675 2162 3713; x_wconf 79' lang='lat' dir='ltr'><strong>ex</strong></span> <span class='ocrx_word' id='word_1_604' title='bbox 2203 3673 2267 3712; x_wconf 76' lang='lat' dir='ltr'><strong>ea</strong></span> <span class='ocrx_word' id='word_1_605' title='bbox 2302 3667 2580 3727; x_wconf 89' lang='lat' dir='ltr'><strong>sumptum</strong></span> <span class='ocrx_word' id='word_1_606' title='bbox 2608 3657 2884 3710; x_wconf 86' lang='lat' dir='ltr'><strong>invenitur</strong></span> <span class='ocrx_word' id='word_1_607' title='bbox 2928 3655 2980 3708; x_wconf 91' lang='lat' dir='ltr'><strong>in</strong></span> <span class='ocrx_word' id='word_1_608' title='bbox 3025 3655 3328 3725; x_wconf 72' lang='lat' dir='ltr'><strong>Synaxario</strong></span> 
     </span>
    </p>
   </div>
   <div class='ocr_carea' id='block_1_84' title="bbox 1749 3743 3326 3821">
    <p class='ocr_par' dir='ltr' id='par_1_84' title="bbox 1749 3743 3326 3821">
     <span class='ocr_line' id='line_1_84' title="bbox 1749 3743 3326 3821; baseline -0.009 -13"><span class='ocrx_word' id='word_1_609' title='bbox 1749 3755 1928 3809; x_wconf 79' lang='lat' dir='ltr'><strong>Basilii</strong></span> <span class='ocrx_word' id='word_1_610' title='bbox 1973 3754 2320 3821; x_wconf 79' lang='lat' dir='ltr'><strong>imperatoris</strong></span> <span class='ocrx_word' id='word_1_611' title='bbox 2366 3745 2846 3816; x_wconf 76' lang='lat' dir='ltr'><strong>Porphyrogeniti,</strong></span> <span class='ocrx_word' id='word_1_612' title='bbox 2900 3753 2958 3797; x_wconf 81' lang='grc' dir='ltr'><strong>ιιι</strong></span> <span class='ocrx_word' id='word_1_613' title='bbox 3001 3745 3068 3798; x_wconf 89' lang='lat' dir='ltr'><strong>de</strong></span> <span class='ocrx_word' id='word_1_614' title='bbox 3109 3743 3326 3796; x_wconf 63' lang='lat' dir='ltr'><strong>Mena’is</strong></span> 
     </span>
    </p>
   </div>
   <div class='ocr_carea' id='block_1_85' title="bbox 1745 3834 2402 3902">
    <p class='ocr_par' dir='ltr' id='par_1_85' title="bbox 1745 3834 2402 3902">
     <span class='ocr_line' id='line_1_85' title="bbox 1745 3834 2402 3902; baseline -0.015 0"><span class='ocrx_word' id='word_1_615' title='bbox 1745 3845 1964 3902; x_wconf 69' lang='lat' dir='ltr'><strong>excusis</strong></span> <span class='ocrx_word' id='word_1_616' title='bbox 1993 3841 2130 3896; x_wconf 92' lang='lat' dir='ltr'><strong>nihil</strong></span> <span class='ocrx_word' id='word_1_617' title='bbox 2150 3841 2350 3896; x_wconf 90' lang='lat' dir='ltr'><strong>dicam.</strong></span> <span class='ocrx_word' id='word_1_618' title='bbox 2395 3834 2402 3836; x_wconf 64' lang='grc'><strong><em>“</em></strong></span> 
     </span>
    </p>
   </div>
   <div class='ocr_carea' id='block_1_86' title="bbox 1815 3924 3328 4001">
    <p class='ocr_par' dir='ltr' id='par_1_86' title="bbox 1815 3924 3328 4001">
     <span class='ocr_line' id='line_1_86' title="bbox 1815 3924 3328 4001; baseline -0.011 -10"><span class='ocrx_word' id='word_1_619' title='bbox 1815 3936 1903 3992; x_wconf 60' lang='grc'><strong>46.</strong></span> <span class='ocrx_word' id='word_1_620' title='bbox 1940 3935 1998 3990; x_wconf 86' lang='grc' dir='ltr'><strong>1η</strong></span> <span class='ocrx_word' id='word_1_621' title='bbox 2037 3935 2136 3988; x_wconf 87' lang='lat' dir='ltr'><strong>hac</strong></span> <span class='ocrx_word' id='word_1_622' title='bbox 2184 3931 2293 3986; x_wconf 86' lang='lat' dir='ltr'><strong>vita</strong></span> <span class='ocrx_word' id='word_1_623' title='bbox 2327 3929 2663 4001; x_wconf 81' lang='lat' dir='ltr'><strong>Epiphanius</strong></span> <span class='ocrx_word' id='word_1_624' title='bbox 2724 3937 2876 3998; x_wconf 89' lang='lat' dir='ltr'><strong>patre</strong></span> <span class='ocrx_word' id='word_1_625' title='bbox 2909 3924 3169 3997; x_wconf 82' lang='lat' dir='ltr'><strong>agricola,</strong></span> <span class='ocrx_word' id='word_1_626' title='bbox 3208 3938 3328 3976; x_wconf 90' lang='lat' dir='ltr'><strong>ma-</strong></span> 
     </span>
    </p>
   </div>
   <div class='ocr_carea' id='block_1_87' title="bbox 1746 4017 3325 4090">
    <p class='ocr_par' dir='ltr' id='par_1_87' title="bbox 1746 4017 3325 4090">
     <span class='ocr_line' id='line_1_87' title="bbox 1746 4017 3325 4090; baseline -0.011 -6"><span class='ocrx_word' id='word_1_627' title='bbox 1746 4027 1826 4084; x_wconf 86' lang='lat' dir='ltr'><strong>tre</strong></span> <span class='ocrx_word' id='word_1_628' title='bbox 1872 4028 2094 4090; x_wconf 84' lang='lat' dir='ltr'><strong>Iinilica,</strong></span> <span class='ocrx_word' id='word_1_629' title='bbox 2145 4023 2414 4080; x_wconf 88' lang='lat' dir='ltr'><strong>ambobus</strong></span> <span class='ocrx_word' id='word_1_630' title='bbox 2448 4021 2674 4086; x_wconf 79' lang='lat' dir='ltr'><strong>Judzeis,</strong></span> <span class='ocrx_word' id='word_1_631' title='bbox 2723 4030 2885 4075; x_wconf 87' lang='lat' dir='ltr'><strong>natus</strong></span> <span class='ocrx_word' id='word_1_632' title='bbox 2942 4017 3143 4073; x_wconf 88' lang='lat' dir='ltr'><strong>dicitur</strong></span> <span class='ocrx_word' id='word_1_633' title='bbox 3199 4029 3325 4069; x_wconf 86' lang='lat' dir='ltr'><strong>cum</strong></span> 
     </span>
    </p>
   </div>
   <div class='ocr_carea' id='block_1_88' title="bbox 1746 4110 3326 4187">
    <p class='ocr_par' dir='ltr' id='par_1_88' title="bbox 1746 4110 3326 4187">
     <span class='ocr_line' id='line_1_88' title="bbox 1746 4110 3326 4187; baseline -0.01 -11"><span class='ocrx_word' id='word_1_634' title='bbox 1746 4135 1936 4176; x_wconf 87' lang='lat' dir='ltr'><strong>sorore</strong></span> <span class='ocrx_word' id='word_1_635' title='bbox 1962 4118 2286 4187; x_wconf 83' lang='lat' dir='ltr'><strong>Callitrope;</strong></span> <span class='ocrx_word' id='word_1_636' title='bbox 2336 4129 2573 4183; x_wconf 87' lang='lat' dir='ltr'><strong>cumque</strong></span> <span class='ocrx_word' id='word_1_637' title='bbox 2619 4112 2881 4170; x_wconf 86' lang='lat' dir='ltr'><strong>decennis</strong></span> <span class='ocrx_word' id='word_1_638' title='bbox 2923 4119 3070 4165; x_wconf 90' lang='lat' dir='ltr'><strong>esset</strong></span> <span class='ocrx_word' id='word_1_639' title='bbox 3119 4110 3326 4163; x_wconf 83' lang='lat' dir='ltr'><strong>amisso</strong></span> 
     </span>
    </p>
   </div>
   <div class='ocr_carea' id='block_1_89' title="bbox 1745 4203 3323 4283">
    <p class='ocr_par' dir='ltr' id='par_1_89' title="bbox 1745 4203 3323 4283">
     <span class='ocr_line' id='line_1_89' title="bbox 1745 4203 3323 4283; baseline -0.008 -16"><span class='ocrx_word' id='word_1_640' title='bbox 1745 4211 2135 4283; x_wconf 88' lang='lat' dir='ltr'><strong>patre,jussus</strong></span> <span class='ocrx_word' id='word_1_641' title='bbox 2179 4209 2246 4264; x_wconf 91' lang='lat' dir='ltr'><strong>ad</strong></span> <span class='ocrx_word' id='word_1_642' title='bbox 2291 4207 2540 4262; x_wconf 88' lang='lat' dir='ltr'><strong>alendam</strong></span> <span class='ocrx_word' id='word_1_643' title='bbox 2589 4203 2854 4259; x_wconf 89' lang='lat' dir='ltr'><strong>familiam</strong></span> <span class='ocrx_word' id='word_1_644' title='bbox 2901 4203 3126 4258; x_wconf 91' lang='lat' dir='ltr'><strong>unicum</strong></span> <span class='ocrx_word' id='word_1_645' title='bbox 3179 4215 3323 4272; x_wconf 87' lang='lat' dir='ltr'><strong>qttou</strong></span> 
     </span>
    </p>
   </div>
   <div class='ocr_carea' id='block_1_90' title="bbox 77 4287 3333 4374">
    <p class='ocr_par' dir='ltr' id='par_1_90' title="bbox 77 4287 3333 4374">
     <span class='ocr_line' id='line_1_90' title="bbox 77 4287 3333 4374; baseline -0.005 -13"><span class='ocrx_word' id='word_1_646' title='bbox 77 4287 374 4356; x_wconf 53' lang='lat' dir='ltr'><strong>Li‘iphmiiv</strong></span> <span class='ocrx_word' id='word_1_647' title='bbox 410 4308 536 4361; x_wconf 73' lang='grc' dir='ltr'>ίιυεε</span> <span class='ocrx_word' id='word_1_648' title='bbox 567 4302 696 4347; x_wconf 70' lang='lat' dir='ltr'><strong>sum</strong></span> <span class='ocrx_word' id='word_1_649' title='bbox 735 4293 879 4361; x_wconf 65' lang='lat' dir='ltr'><strong>apml</strong></span> <span class='ocrx_word' id='word_1_650' title='bbox 915 4293 1280 4363; x_wconf 69' lang='lat' dir='ltr'><strong>Lipomanum</strong></span> <span class='ocrx_word' id='word_1_651' title='bbox 1319 4302 1374 4347; x_wconf 65' lang='grc' dir='ltr'><strong>εει</strong></span> <span class='ocrx_word' id='word_1_652' title='bbox 1416 4292 1638 4347; x_wconf 65' lang='lat' dir='ltr'><strong>surint&quot;</strong></span> <span class='ocrx_word' id='word_1_653' title='bbox 1671 4305 1719 4363; x_wconf 90' lang='lat' dir='ltr'><strong>D</strong></span> <span class='ocrx_word' id='word_1_654' title='bbox 1746 4302 2068 4374; x_wconf 86' lang='lat' dir='ltr'><strong>suppetebat</strong></span> <span class='ocrx_word' id='word_1_655' title='bbox 2101 4299 2336 4355; x_wconf 86' lang='lat' dir='ltr'><strong>vendere</strong></span> <span class='ocrx_word' id='word_1_656' title='bbox 2356 4299 2690 4368; x_wconf 87' lang='lat' dir='ltr'><strong>jumentum,</strong></span> <span class='ocrx_word' id='word_1_657' title='bbox 2727 4305 2876 4351; x_wconf 89' lang='lat' dir='ltr'><strong>tanta</strong></span> <span class='ocrx_word' id='word_1_658' title='bbox 2910 4295 3184 4365; x_wconf 85' lang='lat' dir='ltr'><strong>negotium</strong></span> <span class='ocrx_word' id='word_1_659' title='bbox 3211 4294 3333 4355; x_wconf 80' lang='lat' dir='ltr'><strong>sin-,</strong></span> 
     </span>
    </p>
   </div>
   <div class='ocr_carea' id='block_1_91' title="bbox 73 4384 1640 4455">
    <p class='ocr_par' dir='ltr' id='par_1_91' title="bbox 73 4384 1640 4455">
     <span class='ocr_line' id='line_1_91' title="bbox 73 4384 1640 4455; baseline 0.003 -21"><span class='ocrx_word' id='word_1_660' title='bbox 73 4387 155 4436; x_wconf 65' lang='lat' dir='ltr'><strong>sub</strong></span> <span class='ocrx_word' id='word_1_661' title='bbox 182 4388 418 4440; x_wconf 85' lang='lat' dir='ltr'><strong>nomine</strong></span> <span class='ocrx_word' id='word_1_662' title='bbox 443 4384 849 4455; x_wconf 74' lang='lat' dir='ltr'><strong>Metaphrastis,</strong></span> <span class='ocrx_word' id='word_1_663' title='bbox 869 4385 1170 4440; x_wconf 90' lang='lat' dir='ltr'><strong>mendaciis</strong></span> <span class='ocrx_word' id='word_1_664' title='bbox 1195 4395 1405 4441; x_wconf 87' lang='lat' dir='ltr'><strong>scatere</strong></span> <span class='ocrx_word' id='word_1_665' title='bbox 1429 4385 1640 4452; x_wconf 88' lang='lat' dir='ltr'><strong>dicens,</strong></span> 
     </span>
    </p>
   </div>
   <div class='ocr_carea' id='block_1_92' title="bbox 75 4477 1644 4548">
    <p class='ocr_par' dir='ltr' id='par_1_92' title="bbox 75 4477 1644 4548">
     <span class='ocr_line' id='line_1_92' title="bbox 75 4477 1644 4548; baseline 0.004 -21"><span class='ocrx_word' id='word_1_666' title='bbox 75 4477 134 4527; x_wconf 71' lang='lat' dir='ltr'><strong>eti</strong></span> <span class='ocrx_word' id='word_1_667' title='bbox 163 4494 359 4532; x_wconf 80' lang='lat' dir='ltr'><strong>revera</strong></span> <span class='ocrx_word' id='word_1_668' title='bbox 393 4487 607 4533; x_wconf 82' lang='lat' dir='ltr'><strong>scatere</strong></span> <span class='ocrx_word' id='word_1_669' title='bbox 650 4495 776 4534; x_wconf 78' lang='lat' dir='ltr'><strong>mox</strong></span> <span class='ocrx_word' id='word_1_670' title='bbox 816 4479 1139 4544; x_wconf 90' lang='lat' dir='ltr'><strong>ostendam;</strong></span> <span class='ocrx_word' id='word_1_671' title='bbox 1188 4494 1256 4533; x_wconf 81' lang='lat' dir='ltr'><strong>ex</strong></span> <span class='ocrx_word' id='word_1_672' title='bbox 1310 4479 1378 4533; x_wconf 89' lang='lat' dir='ltr'><strong>iis</strong></span> <span class='ocrx_word' id='word_1_673' title='bbox 1419 4493 1644 4548; x_wconf 89' lang='lat' dir='ltr'><strong>prorsus</strong></span> 
     </span>
    </p>
   </div>
   <div class='ocr_carea' id='block_1_93' title="bbox 73 4568 1643 4640">
    <p class='ocr_par' dir='ltr' id='par_1_93' title="bbox 73 4568 1643 4640">
     <span class='ocr_line' id='line_1_93' title="bbox 73 4568 1643 4640; baseline 0.002 -20"><span class='ocrx_word' id='word_1_674' title='bbox 73 4569 266 4624; x_wconf 60' lang='grc' dir='ltr'><strong>καίιαιί</strong></span> <span class='ocrx_word' id='word_1_675' title='bbox 297 4571 644 4624; x_wconf 83' lang='lat' dir='ltr'><strong>contrariam</strong></span> <span class='ocrx_word' id='word_1_676' title='bbox 693 4568 942 4640; x_wconf 86' lang='lat' dir='ltr'><strong>proferat</strong></span> <span class='ocrx_word' id='word_1_677' title='bbox 987 4569 1360 4625; x_wconf 81' lang='lat' dir='ltr'><strong>narrationem</strong></span> <span class='ocrx_word' id='word_1_678' title='bbox 1403 4569 1469 4623; x_wconf 91' lang='lat' dir='ltr'><strong>de</strong></span> <span class='ocrx_word' id='word_1_679' title='bbox 1512 4585 1643 4624; x_wconf 86' lang='lat' dir='ltr'><strong>con-</strong></span> 
     </span>
    </p>
   </div>
   <div class='ocr_carea' id='block_1_94' title="bbox 73 4658 1639 4729">
    <p class='ocr_par' dir='ltr' id='par_1_94' title="bbox 73 4658 1639 4729">
     <span class='ocr_line' id='line_1_94' title="bbox 73 4658 1639 4729; baseline -0.001 -15"><span class='ocrx_word' id='word_1_680' title='bbox 73 4674 236 4722; x_wconf 63' lang='lat' dir='ltr'><strong>stes-su</strong></span> <span class='ocrx_word' id='word_1_681' title='bbox 288 4673 350 4716; x_wconf 89' lang='lat' dir='ltr'><strong>et</strong></span> <span class='ocrx_word' id='word_1_682' title='bbox 391 4661 747 4715; x_wconf 88' lang='lat' dir='ltr'><strong>contentione</strong></span> <span class='ocrx_word' id='word_1_683' title='bbox 784 4659 1076 4729; x_wconf 88' lang='lat' dir='ltr'><strong>Epiphanii</strong></span> <span class='ocrx_word' id='word_1_684' title='bbox 1133 4669 1299 4729; x_wconf 90' lang='lat' dir='ltr'><strong>atque</strong></span> <span class='ocrx_word' id='word_1_685' title='bbox 1358 4658 1639 4715; x_wconf 69' lang='lat' dir='ltr'><strong>Eudoxire.</strong></span> 
     </span>
    </p>
   </div>
   <div class='ocr_carea' id='block_1_95' title="bbox 71 4747 1641 4822">
    <p class='ocr_par' dir='ltr' id='par_1_95' title="bbox 71 4747 1641 4822">
     <span class='ocr_line' id='line_1_95' title="bbox 71 4747 1641 4822; baseline -0.001 -17"><span class='ocrx_word' id='word_1_686' title='bbox 71 4747 153 4805; x_wconf 51' lang='lat' dir='ltr'><strong>Nec</strong></span> <span class='ocrx_word' id='word_1_687' title='bbox 197 4754 380 4808; x_wconf 79' lang='lat' dir='ltr'><strong>refert</strong></span> <span class='ocrx_word' id='word_1_688' title='bbox 433 4753 580 4822; x_wconf 89' lang='lat' dir='ltr'><strong>quod</strong></span> <span class='ocrx_word' id='word_1_689' title='bbox 624 4754 813 4806; x_wconf 87' lang='lat' dir='ltr'><strong>eadem</strong></span> <span class='ocrx_word' id='word_1_690' title='bbox 865 4752 1054 4807; x_wconf 80' lang='lat' dir='ltr'><strong>eodem</strong></span> <span class='ocrx_word' id='word_1_691' title='bbox 1108 4751 1222 4806; x_wconf 89' lang='lat' dir='ltr'><strong>fere</strong></span> <span class='ocrx_word' id='word_1_692' title='bbox 1267 4752 1430 4806; x_wconf 88' lang='lat' dir='ltr'><strong>modo</strong></span> <span class='ocrx_word' id='word_1_693' title='bbox 1483 4753 1535 4805; x_wconf 91' lang='lat' dir='ltr'><strong>in</strong></span> <span class='ocrx_word' id='word_1_694' title='bbox 1583 4750 1641 4805; x_wconf 92' lang='lat' dir='ltr'><strong>S.</strong></span> 
     </span>
    </p>
   </div>
   <div class='ocr_carea' id='block_1_96' title="bbox 70 4841 1647 4915">
    <p class='ocr_par' dir='ltr' id='par_1_96' title="bbox 70 4841 1647 4915">
     <span class='ocr_line' id='line_1_96' title="bbox 70 4841 1647 4915; baseline -0.001 -18"><span class='ocrx_word' id='word_1_695' title='bbox 70 4841 274 4900; x_wconf 58' lang='lat' dir='ltr'><strong>Manis</strong></span> <span class='ocrx_word' id='word_1_696' title='bbox 303 4844 698 4915; x_wconf 80' lang='lat' dir='ltr'><strong>Cbrysostomi</strong></span> <span class='ocrx_word' id='word_1_697' title='bbox 728 4844 982 4898; x_wconf 89' lang='lat' dir='ltr'><strong>encomio</strong></span> <span class='ocrx_word' id='word_1_698' title='bbox 1012 4843 1233 4912; x_wconf 90' lang='lat' dir='ltr'><strong>scripsit</strong></span> <span class='ocrx_word' id='word_1_699' title='bbox 1257 4842 1370 4898; x_wconf 89' lang='lat' dir='ltr'><strong>Leo</strong></span> <span class='ocrx_word' id='word_1_700' title='bbox 1417 4843 1647 4913; x_wconf 67' lang='lat' dir='ltr'><strong>impera-</strong></span> 
     </span>
    </p>
   </div>
   <div class='ocr_carea' id='block_1_97' title="bbox 69 4937 1640 5006">
    <p class='ocr_par' dir='ltr' id='par_1_97' title="bbox 69 4937 1640 5006">
     <span class='ocr_line' id='line_1_97' title="bbox 69 4937 1640 5006; baseline 0.004 -22"><span class='ocrx_word' id='word_1_701' title='bbox 69 4947 136 4986; x_wconf 74' lang='lat' dir='ltr'><strong>iur</strong></span> <span class='ocrx_word' id='word_1_702' title='bbox 163 4957 176 4988; x_wconf 89' lang='lat'><em>:</em></span> <span class='ocrx_word' id='word_1_703' title='bbox 202 4940 294 4992; x_wconf 84' lang='lat' dir='ltr'><strong>hic</strong></span> <span class='ocrx_word' id='word_1_704' title='bbox 324 4939 506 5000; x_wconf 82' lang='lat' dir='ltr'><strong>enim,</strong></span> <span class='ocrx_word' id='word_1_705' title='bbox 536 4938 785 5006; x_wconf 87' lang='lat' dir='ltr'><strong>quinque</strong></span> <span class='ocrx_word' id='word_1_706' title='bbox 832 4944 957 5005; x_wconf 90' lang='lat' dir='ltr'><strong>post</strong></span> <span class='ocrx_word' id='word_1_707' title='bbox 990 4951 1105 4991; x_wconf 90' lang='lat' dir='ltr'><strong>rem</strong></span> <span class='ocrx_word' id='word_1_708' title='bbox 1149 4944 1358 5005; x_wconf 85' lang='lat' dir='ltr'><strong>gestam</strong></span> <span class='ocrx_word' id='word_1_709' title='bbox 1401 4937 1640 4998; x_wconf 69' lang='lat' dir='ltr'><strong>saeculis,</strong></span> 
     </span>
    </p>
   </div>
   <div class='ocr_carea' id='block_1_98' title="bbox 70 5028 1646 5098">
    <p class='ocr_par' dir='ltr' id='par_1_98' title="bbox 70 5028 1646 5098">
     <span class='ocr_line' id='line_1_98' title="bbox 70 5028 1646 5098; baseline 0.001 -18"><span class='ocrx_word' id='word_1_710' title='bbox 70 5028 310 5098; x_wconf 56' lang='lat' dir='ltr'><strong>inceptus</strong></span> <span class='ocrx_word' id='word_1_711' title='bbox 354 5029 460 5083; x_wconf 83' lang='lat' dir='ltr'><strong>fuit</strong></span> <span class='ocrx_word' id='word_1_712' title='bbox 517 5029 722 5098; x_wconf 80' lang='lat' dir='ltr'><strong>spuriis</strong></span> <span class='ocrx_word' id='word_1_713' title='bbox 778 5028 887 5082; x_wconf 90' lang='lat' dir='ltr'><strong>illis</strong></span> <span class='ocrx_word' id='word_1_714' title='bbox 946 5028 1125 5092; x_wconf 86' lang='lat' dir='ltr'><strong>Actis;</strong></span> <span class='ocrx_word' id='word_1_715' title='bbox 1171 5043 1345 5097; x_wconf 81' lang='lat' dir='ltr'><strong>eaque</strong></span> <span class='ocrx_word' id='word_1_716' title='bbox 1382 5028 1646 5084; x_wconf 80' lang='lat' dir='ltr'><strong>transcri-</strong></span> 
     </span>
    </p>
   </div>
   <div class='ocr_carea' id='block_1_99' title="bbox 73 5121 1646 5194">
    <p class='ocr_par' dir='ltr' id='par_1_99' title="bbox 73 5121 1646 5194">
     <span class='ocr_line' id='line_1_99' title="bbox 73 5121 1646 5194; baseline 0.002 -20"><span class='ocrx_word' id='word_1_717' title='bbox 73 5139 148 5176; x_wconf 53' lang='grc' dir='ltr'>»ιιι</span> <span class='ocrx_word' id='word_1_718' title='bbox 172 5135 466 5194; x_wconf 79' lang='lat' dir='ltr'><strong>quatenus</strong></span> <span class='ocrx_word' id='word_1_719' title='bbox 513 5122 582 5177; x_wconf 89' lang='lat' dir='ltr'><strong>ad</strong></span> <span class='ocrx_word' id='word_1_720' title='bbox 624 5137 786 5179; x_wconf 90' lang='lat' dir='ltr'><strong>suum</strong></span> <span class='ocrx_word' id='word_1_721' title='bbox 838 5132 1223 5192; x_wconf 85' lang='lat' dir='ltr'><strong>argumentum</strong></span> <span class='ocrx_word' id='word_1_722' title='bbox 1269 5121 1448 5177; x_wconf 85' lang='lat' dir='ltr'><strong>facere</strong></span> <span class='ocrx_word' id='word_1_723' title='bbox 1496 5123 1646 5177; x_wconf 85' lang='lat' dir='ltr'><strong>vide-</strong></span> 
     </span>
    </p>
   </div>
   <div class='ocr_carea' id='block_1_100' title="bbox 69 5231 260 5274">
    <p class='ocr_par' dir='ltr' id='par_1_100' title="bbox 69 5231 260 5274">
     <span class='ocr_line' id='line_1_100' title="bbox 69 5231 260 5274; baseline -0.005 0"><span class='ocrx_word' id='word_1_724' title='bbox 69 5231 260 5274; x_wconf 57' lang='lat' dir='ltr'><strong>untur.</strong></span> 
     </span>
    </p>
   </div>
   <div class='ocr_carea' id='block_1_101' title="bbox 671 5306 1033 5365">
    <p class='ocr_par' dir='ltr' id='par_1_101' title="bbox 671 5306 1033 5365">
     <span class='ocr_line' id='line_1_101' title="bbox 671 5306 1033 5365; baseline -0.014 -1"><span class='ocrx_word' id='word_1_725' title='bbox 671 5306 904 5365; x_wconf 78' lang='lat' dir='ltr'><strong>CAPUT</strong></span> <span class='ocrx_word' id='word_1_726' title='bbox 949 5306 1033 5360; x_wconf 87' lang='lat' dir='ltr'><strong>Vl.</strong></span> 
     </span>
    </p>
   </div>
   <div class='ocr_carea' id='block_1_102' title="bbox 155 5424 1540 5496">
    <p class='ocr_par' dir='ltr' id='par_1_102' title="bbox 155 5424 1540 5496">
     <span class='ocr_line' id='line_1_102' title="bbox 155 5424 1540 5496; baseline -0.004 -13"><span class='ocrx_word' id='word_1_727' title='bbox 155 5427 571 5483; x_wconf 67' lang='lat' dir='ltr'><strong>Examinantur</strong></span> <span class='ocrx_word' id='word_1_728' title='bbox 611 5429 746 5481; x_wconf 80' lang='lat' dir='ltr'><strong>Acta</strong></span> <span class='ocrx_word' id='word_1_729' title='bbox 776 5428 943 5489; x_wconf 81' lang='lat' dir='ltr'><strong>edita,</strong></span> <span class='ocrx_word' id='word_1_730' title='bbox 980 5435 1237 5496; x_wconf 80' lang='lat' dir='ltr'><strong>quatenus</strong></span> <span class='ocrx_word' id='word_1_731' title='bbox 1273 5442 1303 5478; x_wconf 77' lang='grc' dir='ltr'>τι</span> <span class='ocrx_word' id='word_1_732' title='bbox 1335 5424 1540 5478; x_wconf 80' lang='lat' dir='ltr'><strong>Joanne</strong></span> 
     </span>
    </p>
   </div>
   <div class='ocr_carea' id='block_1_103' title="bbox 531 5499 1168 5567">
    <p class='ocr_par' dir='ltr' id='par_1_103' title="bbox 531 5499 1168 5567">
     <span class='ocr_line' id='line_1_103' title="bbox 531 5499 1168 5567; baseline -0.003 -15"><span class='ocrx_word' id='word_1_733' title='bbox 531 5501 832 5566; x_wconf 73' lang='lat' dir='ltr'><strong>conscripta</strong></span> <span class='ocrx_word' id='word_1_734' title='bbox 873 5499 946 5566; x_wconf 74' lang='lat' dir='ltr'><strong>ﬁn</strong></span> <span class='ocrx_word' id='word_1_735' title='bbox 955 5506 1168 5567; x_wconf 84' lang='lat' dir='ltr'><strong>guntur.</strong></span> 
     </span>
    </p>
   </div>
   <div class='ocr_carea' id='block_1_104' title="bbox 121 5587 1648 5659">
    <p class='ocr_par' dir='ltr' id='par_1_104' title="bbox 121 5587 1648 5659">
     <span class='ocr_line' id='line_1_104' title="bbox 121 5587 1648 5659; baseline -0.003 -15"><span class='ocrx_word' id='word_1_736' title='bbox 121 5594 202 5644; x_wconf 70' lang='grc'><strong>65.</strong></span> <span class='ocrx_word' id='word_1_737' title='bbox 249 5591 442 5646; x_wconf 75' lang='lat' dir='ltr'><strong>Vitam</strong></span> <span class='ocrx_word' id='word_1_738' title='bbox 477 5591 726 5647; x_wconf 65' lang='lat' dir='ltr'><strong>Graecam</strong></span> <span class='ocrx_word' id='word_1_739' title='bbox 761 5589 818 5646; x_wconf 91' lang='lat' dir='ltr'><strong>S.</strong></span> <span class='ocrx_word' id='word_1_740' title='bbox 853 5588 1166 5659; x_wconf 76' lang='lat' dir='ltr'><strong>Epiphanii,</strong></span> <span class='ocrx_word' id='word_1_741' title='bbox 1199 5603 1321 5658; x_wconf 67' lang='lat' dir='ltr'><strong>qua:</strong></span> <span class='ocrx_word' id='word_1_742' title='bbox 1371 5589 1499 5644; x_wconf 85' lang='lat' dir='ltr'><strong>olim</strong></span> <span class='ocrx_word' id='word_1_743' title='bbox 1552 5587 1648 5641; x_wconf 68' lang='lat' dir='ltr'><strong>Lit-</strong></span> 
     </span>
    </p>
   </div>
   <div class='ocr_carea' id='block_1_105' title="bbox 1677 5688 1720 5698">
    <p class='ocr_par' dir='ltr' id='par_1_105' title="bbox 1677 5688 1720 5698">
     <span class='ocr_line' id='line_1_105' title="bbox 1677 5688 1720 5698; baseline 0 0"><span class='ocrx_word' id='word_1_744' title='bbox 1677 5688 1720 5698; x_wconf 63' lang='grc' dir='ltr'>ι-</span> 
     </span>
    </p>
   </div>
   <div class='ocr_carea' id='block_1_106' title="bbox 1745 4385 3326 4461">
    <p class='ocr_par' dir='ltr' id='par_1_106' title="bbox 1745 4385 3326 4461">
     <span class='ocr_line' id='line_1_106' title="bbox 1745 4385 3326 4461; baseline -0.006 -14"><span class='ocrx_word' id='word_1_745' title='bbox 1745 4393 1968 4448; x_wconf 91' lang='lat' dir='ltr'><strong>ceritate</strong></span> <span class='ocrx_word' id='word_1_746' title='bbox 1987 4390 2186 4461; x_wconf 86' lang='lat' dir='ltr'><strong>egisse,</strong></span> <span class='ocrx_word' id='word_1_747' title='bbox 2208 4397 2268 4443; x_wconf 91' lang='lat' dir='ltr'><strong>ut</strong></span> <span class='ocrx_word' id='word_1_748' title='bbox 2291 4388 2544 4460; x_wconf 82' lang='lat' dir='ltr'><strong>quamvis</strong></span> <span class='ocrx_word' id='word_1_749' title='bbox 2568 4387 2893 4443; x_wconf 89' lang='lat' dir='ltr'><strong>indomitum</strong></span> <span class='ocrx_word' id='word_1_750' title='bbox 2931 4385 3089 4453; x_wconf 86' lang='lat' dir='ltr'><strong>alias,</strong></span> <span class='ocrx_word' id='word_1_751' title='bbox 3122 4385 3175 4439; x_wconf 90' lang='lat' dir='ltr'><strong>in</strong></span> <span class='ocrx_word' id='word_1_752' title='bbox 3205 4385 3326 4453; x_wconf 86' lang='lat' dir='ltr'><strong>ipso</strong></span> 
     </span>
    </p>
   </div>
   <div class='ocr_carea' id='block_1_107' title="bbox 1747 4477 3326 4552">
    <p class='ocr_par' dir='ltr' id='par_1_107' title="bbox 1747 4477 3326 4552">
     <span class='ocr_line' id='line_1_107' title="bbox 1747 4477 3326 4552; baseline -0.004 -15"><span class='ocrx_word' id='word_1_753' title='bbox 1747 4483 1867 4539; x_wconf 89' lang='lat' dir='ltr'><strong>foro</strong></span> <span class='ocrx_word' id='word_1_754' title='bbox 1898 4480 2170 4552; x_wconf 90' lang='lat' dir='ltr'><strong>placidum</strong></span> <span class='ocrx_word' id='word_1_755' title='bbox 2211 4494 2270 4534; x_wconf 93' lang='lat' dir='ltr'><strong>se</strong></span> <span class='ocrx_word' id='word_1_756' title='bbox 2296 4478 2560 4549; x_wconf 54' lang='lat' dir='ltr'><strong>praeberet</strong></span> <span class='ocrx_word' id='word_1_757' title='bbox 2593 4486 2791 4549; x_wconf 75' lang='lat' dir='ltr'><strong>przeter</strong></span> <span class='ocrx_word' id='word_1_758' title='bbox 2839 4493 3070 4543; x_wconf 87' lang='lat' dir='ltr'><strong>morem,</strong></span> <span class='ocrx_word' id='word_1_759' title='bbox 3131 4477 3326 4530; x_wconf 87' lang='lat' dir='ltr'><strong>vitium</strong></span> 
     </span>
    </p>
   </div>
   <div class='ocr_carea' id='block_1_108' title="bbox 1749 4570 3327 4642">
    <p class='ocr_par' dir='ltr' id='par_1_108' title="bbox 1749 4570 3327 4642">
     <span class='ocr_line' id='line_1_108' title="bbox 1749 4570 3327 4642; baseline -0.006 -11"><span class='ocrx_word' id='word_1_760' title='bbox 1749 4586 1927 4631; x_wconf 89' lang='lat' dir='ltr'><strong>tamen</strong></span> <span class='ocrx_word' id='word_1_761' title='bbox 1962 4572 2216 4628; x_wconf 88' lang='lat' dir='ltr'><strong>indicarit</strong></span> <span class='ocrx_word' id='word_1_762' title='bbox 2246 4572 2476 4628; x_wconf 88' lang='lat' dir='ltr'><strong>licitanti</strong></span> <span class='ocrx_word' id='word_1_763' title='bbox 2504 4570 2738 4634; x_wconf 67' lang='lat' dir='ltr'><strong>Jacobo,</strong></span> <span class='ocrx_word' id='word_1_764' title='bbox 2767 4571 2914 4642; x_wconf 90' lang='lat' dir='ltr'><strong>quod</strong></span> <span class='ocrx_word' id='word_1_765' title='bbox 2939 4570 3190 4640; x_wconf 84' lang='lat' dir='ltr'><strong>religioni</strong></span> <span class='ocrx_word' id='word_1_766' title='bbox 3220 4570 3327 4626; x_wconf 89' lang='lat' dir='ltr'><strong>sibi</strong></span> 
     </span>
    </p>
   </div>
   <div class='ocr_carea' id='block_1_109' title="bbox 1747 4664 3330 4736">
    <p class='ocr_par' dir='ltr' id='par_1_109' title="bbox 1747 4664 3330 4736">
     <span class='ocr_line' id='line_1_109' title="bbox 1747 4664 3330 4736; baseline -0.004 -13"><span class='ocrx_word' id='word_1_767' title='bbox 1747 4670 1972 4723; x_wconf 86' lang='lat' dir='ltr'><strong>duceret</strong></span> <span class='ocrx_word' id='word_1_768' title='bbox 1995 4667 2180 4722; x_wconf 88' lang='lat' dir='ltr'><strong>fallere</strong></span> <span class='ocrx_word' id='word_1_769' title='bbox 2208 4665 2456 4736; x_wconf 87' lang='lat' dir='ltr'><strong>ejusdem</strong></span> <span class='ocrx_word' id='word_1_770' title='bbox 2487 4665 2767 4735; x_wconf 87' lang='lat' dir='ltr'><strong>religionis</strong></span> <span class='ocrx_word' id='word_1_771' title='bbox 2796 4664 3075 4719; x_wconf 91' lang='lat' dir='ltr'><strong>hominem</strong></span> <span class='ocrx_word' id='word_1_772' title='bbox 3109 4681 3122 4717; x_wconf 90' lang='lat'>:</span> <span class='ocrx_word' id='word_1_773' title='bbox 3156 4678 3330 4733; x_wconf 87' lang='lat' dir='ltr'><strong>quare</strong></span> 
     </span>
    </p>
   </div>
   <div class='ocr_carea' id='block_1_110' title="bbox 1749 4757 3330 4824">
    <p class='ocr_par' dir='ltr' id='par_1_110' title="bbox 1749 4757 3330 4824">
     <span class='ocr_line' id='line_1_110' title="bbox 1749 4757 3330 4824; baseline -0.004 -8"><span class='ocrx_word' id='word_1_774' title='bbox 1749 4761 1922 4816; x_wconf 88' lang='lat' dir='ltr'><strong>tribus</strong></span> <span class='ocrx_word' id='word_1_775' title='bbox 1966 4760 2035 4815; x_wconf 90' lang='lat' dir='ltr'><strong>ab</strong></span> <span class='ocrx_word' id='word_1_776' title='bbox 2068 4774 2134 4815; x_wconf 91' lang='lat' dir='ltr'><strong>eo</strong></span> <span class='ocrx_word' id='word_1_777' title='bbox 2169 4761 2404 4814; x_wconf 91' lang='lat' dir='ltr'><strong>donatus</strong></span> <span class='ocrx_word' id='word_1_778' title='bbox 2457 4757 2720 4824; x_wconf 89' lang='lat' dir='ltr'><strong>nummis,</strong></span> <span class='ocrx_word' id='word_1_779' title='bbox 2776 4757 2999 4812; x_wconf 88' lang='lat' dir='ltr'><strong>domum</strong></span> <span class='ocrx_word' id='word_1_780' title='bbox 3043 4757 3330 4812; x_wconf 88' lang='lat' dir='ltr'><strong>reverterit</strong></span> 
     </span>
    </p>
   </div>
   <div class='ocr_carea' id='block_1_111' title="bbox 1747 4847 3327 4922">
    <p class='ocr_par' dir='ltr' id='par_1_111' title="bbox 1747 4847 3327 4922">
     <span class='ocr_line' id='line_1_111' title="bbox 1747 4847 3327 4922; baseline -0.003 -15"><span class='ocrx_word' id='word_1_781' title='bbox 1747 4868 1870 4908; x_wconf 90' lang='lat' dir='ltr'><strong>cum</strong></span> <span class='ocrx_word' id='word_1_782' title='bbox 1922 4852 2039 4921; x_wconf 91' lang='lat' dir='ltr'><strong>ipso</strong></span> <span class='ocrx_word' id='word_1_783' title='bbox 2064 4852 2313 4922; x_wconf 82' lang='lat' dir='ltr'><strong>jumento</strong></span> <span class='ocrx_word' id='word_1_784' title='bbox 2352 4869 2364 4903; x_wconf 89' lang='lat'><strong>:</strong></span> <span class='ocrx_word' id='word_1_785' title='bbox 2406 4865 2435 4903; x_wconf 90' lang='lat' dir='ltr'><strong>a</strong></span> <span class='ocrx_word' id='word_1_786' title='bbox 2477 4864 2587 4917; x_wconf 92' lang='lat' dir='ltr'><strong>quo</strong></span> <span class='ocrx_word' id='word_1_787' title='bbox 2621 4847 2816 4902; x_wconf 86' lang='lat' dir='ltr'><strong>deinde</strong></span> <span class='ocrx_word' id='word_1_788' title='bbox 2835 4863 3103 4904; x_wconf 78' lang='lat' dir='ltr'><strong>excussus</strong></span> <span class='ocrx_word' id='word_1_789' title='bbox 3141 4849 3194 4902; x_wconf 92' lang='lat' dir='ltr'><strong>in</strong></span> <span class='ocrx_word' id='word_1_790' title='bbox 3243 4849 3327 4902; x_wconf 85' lang='lat' dir='ltr'><strong>via</strong></span> 
     </span>
    </p>
   </div>
   <div class='ocr_carea' id='block_1_112' title="bbox 1748 4941 3326 5016">
    <p class='ocr_par' dir='ltr' id='par_1_112' title="bbox 1748 4941 3326 5016">
     <span class='ocr_line' id='line_1_112' title="bbox 1748 4941 3326 5016; baseline -0.002 -18"><span class='ocrx_word' id='word_1_791' title='bbox 1748 4945 2092 5016; x_wconf 84' lang='lat' dir='ltr'><strong>graviterque</strong></span> <span class='ocrx_word' id='word_1_792' title='bbox 2133 4945 2314 5007; x_wconf 74' lang='lat' dir='ltr'><strong>lazsus,</strong></span> <span class='ocrx_word' id='word_1_793' title='bbox 2360 4957 2455 5012; x_wconf 88' lang='lat' dir='ltr'><strong>per</strong></span> <span class='ocrx_word' id='word_1_794' title='bbox 2507 4941 2978 5010; x_wconf 87' lang='lat' dir='ltr'><strong>supervenientem</strong></span> <span class='ocrx_word' id='word_1_795' title='bbox 3034 4942 3326 5012; x_wconf 85' lang='lat' dir='ltr'><strong>quemdam</strong></span> 
     </span>
    </p>
   </div>
   <div class='ocr_carea' id='block_1_113' title="bbox 1749 5034 3328 5097">
    <p class='ocr_par' dir='ltr' id='par_1_113' title="bbox 1749 5034 3328 5097">
     <span class='ocr_line' id='line_1_113' title="bbox 1749 5034 3328 5097; baseline -0.004 -5"><span class='ocrx_word' id='word_1_796' title='bbox 1749 5036 2036 5092; x_wconf 87' lang='lat' dir='ltr'><strong>Cleobium</strong></span> <span class='ocrx_word' id='word_1_797' title='bbox 2092 5034 2510 5097; x_wconf 88' lang='lat' dir='ltr'><strong>Christianum,</strong></span> <span class='ocrx_word' id='word_1_798' title='bbox 2578 5041 2805 5087; x_wconf 88' lang='lat' dir='ltr'><strong>sanatus</strong></span> <span class='ocrx_word' id='word_1_799' title='bbox 2875 5036 3078 5087; x_wconf 89' lang='lat' dir='ltr'><strong>virtute</strong></span> <span class='ocrx_word' id='word_1_800' title='bbox 3148 5035 3328 5087; x_wconf 87' lang='lat' dir='ltr'><strong>crucis</strong></span> 
     </span>
    </p>
   </div>
   <div class='ocr_carea' id='block_1_114' title="bbox 1751 5121 3325 5194">
    <p class='ocr_par' dir='ltr' id='par_1_114' title="bbox 1751 5121 3325 5194">
     <span class='ocr_line' id='line_1_114' title="bbox 1751 5121 3325 5194; baseline -0.002 -13"><span class='ocrx_word' id='word_1_801' title='bbox 1751 5127 1934 5182; x_wconf 81' lang='lat' dir='ltr'><strong>fuerit.</strong></span> <span class='ocrx_word' id='word_1_802' title='bbox 1972 5125 2164 5180; x_wconf 85' lang='lat' dir='ltr'><strong>Postea</strong></span> <span class='ocrx_word' id='word_1_803' title='bbox 2195 5140 2319 5180; x_wconf 89' lang='lat' dir='ltr'><strong>cum</strong></span> <span class='ocrx_word' id='word_1_804' title='bbox 2353 5125 2585 5194; x_wconf 86' lang='lat' dir='ltr'><strong>agellum</strong></span> <span class='ocrx_word' id='word_1_805' title='bbox 2621 5133 2906 5193; x_wconf 89' lang='lat' dir='ltr'><strong>paternum</strong></span> <span class='ocrx_word' id='word_1_806' title='bbox 2938 5121 3325 5194; x_wconf 86' lang='lat' dir='ltr'><strong>Eleutheropo-</strong></span> 
     </span>
    </p>
   </div>
   <div class='ocr_carea' id='block_1_115' title="bbox 1751 5213 3326 5289">
    <p class='ocr_par' dir='ltr' id='par_1_115' title="bbox 1751 5213 3326 5289">
     <span class='ocr_line' id='line_1_115' title="bbox 1751 5213 3326 5289; baseline -0.003 -16"><span class='ocrx_word' id='word_1_807' title='bbox 1751 5220 1918 5274; x_wconf 91' lang='lat' dir='ltr'><strong>litano</strong></span> <span class='ocrx_word' id='word_1_808' title='bbox 1958 5217 2176 5273; x_wconf 90' lang='lat' dir='ltr'><strong>cuidam</strong></span> <span class='ocrx_word' id='word_1_809' title='bbox 2229 5218 2362 5289; x_wconf 91' lang='lat' dir='ltr'><strong>legis</strong></span> <span class='ocrx_word' id='word_1_810' title='bbox 2417 5217 2590 5288; x_wconf 88' lang='lat' dir='ltr'><strong>perito</strong></span> <span class='ocrx_word' id='word_1_811' title='bbox 2648 5231 2713 5272; x_wconf 89' lang='lat' dir='ltr'><strong>ac</strong></span> <span class='ocrx_word' id='word_1_812' title='bbox 2762 5217 2915 5271; x_wconf 90' lang='lat' dir='ltr'><strong>diviti</strong></span> <span class='ocrx_word' id='word_1_813' title='bbox 2974 5213 3188 5283; x_wconf 63' lang='lat' dir='ltr'><strong>Judaao,</strong></span> <span class='ocrx_word' id='word_1_814' title='bbox 3238 5217 3326 5272; x_wconf 90' lang='lat' dir='ltr'><strong>cui</strong></span> 
     </span>
    </p>
   </div>
   <div class='ocr_carea' id='block_1_116' title="bbox 1749 5307 3328 5380">
    <p class='ocr_par' dir='ltr' id='par_1_116' title="bbox 1749 5307 3328 5380">
     <span class='ocr_line' id='line_1_116' title="bbox 1749 5307 3328 5380; baseline 0.001 -19"><span class='ocrx_word' id='word_1_815' title='bbox 1749 5307 2008 5379; x_wconf 84' lang='lat' dir='ltr'><strong>Tryphon</strong></span> <span class='ocrx_word' id='word_1_816' title='bbox 2046 5324 2266 5376; x_wconf 90' lang='lat' dir='ltr'><strong>nomen,</strong></span> <span class='ocrx_word' id='word_1_817' title='bbox 2318 5308 2538 5364; x_wconf 75' lang='lat' dir='ltr'><strong>offerret</strong></span> <span class='ocrx_word' id='word_1_818' title='bbox 2586 5308 2853 5374; x_wconf 83' lang='lat' dir='ltr'><strong>venalem,</strong></span> <span class='ocrx_word' id='word_1_819' title='bbox 2896 5309 2965 5363; x_wconf 90' lang='lat' dir='ltr'><strong>ab</strong></span> <span class='ocrx_word' id='word_1_820' title='bbox 2994 5325 3060 5365; x_wconf 92' lang='lat' dir='ltr'><strong>eo</strong></span> <span class='ocrx_word' id='word_1_821' title='bbox 3095 5311 3328 5380; x_wconf 86' lang='lat' dir='ltr'><strong>adopta-</strong></span> 
     </span>
    </p>
   </div>
   <div class='ocr_carea' id='block_1_117' title="bbox 1750 5399 3326 5473">
    <p class='ocr_par' dir='ltr' id='par_1_117' title="bbox 1750 5399 3326 5473">
     <span class='ocr_line' id='line_1_117' title="bbox 1750 5399 3326 5473; baseline -0.004 -18"><span class='ocrx_word' id='word_1_822' title='bbox 1750 5411 1887 5465; x_wconf 91' lang='lat' dir='ltr'><strong>tum,</strong></span> <span class='ocrx_word' id='word_1_823' title='bbox 1931 5412 1992 5457; x_wconf 87' lang='lat' dir='ltr'><strong>ut</strong></span> <span class='ocrx_word' id='word_1_824' title='bbox 2041 5403 2394 5458; x_wconf 88' lang='lat' dir='ltr'><strong>matrimonio</strong></span> <span class='ocrx_word' id='word_1_825' title='bbox 2435 5403 2559 5458; x_wconf 71' lang='lat' dir='ltr'><strong>filia:</strong></span> <span class='ocrx_word' id='word_1_826' title='bbox 2601 5402 2775 5458; x_wconf 77' lang='lat' dir='ltr'><strong>unicae</strong></span> <span class='ocrx_word' id='word_1_827' title='bbox 2821 5402 3182 5473; x_wconf 84' lang='lat' dir='ltr'><strong>jungendum,</strong></span> <span class='ocrx_word' id='word_1_828' title='bbox 3219 5399 3326 5455; x_wconf 91' lang='lat' dir='ltr'><strong>nisi</strong></span> 
     </span>
    </p>
   </div>
   <div class='ocr_carea' id='block_1_118' title="bbox 1751 5492 3330 5564">
    <p class='ocr_par' dir='ltr' id='par_1_118' title="bbox 1751 5492 3330 5564">
     <span class='ocr_line' id='line_1_118' title="bbox 1751 5492 3330 5564; baseline -0.006 -15"><span class='ocrx_word' id='word_1_829' title='bbox 1751 5497 1864 5550; x_wconf 75' lang='lat' dir='ltr'><strong>lucc</strong></span> <span class='ocrx_word' id='word_1_830' title='bbox 1896 5498 2008 5552; x_wconf 89' lang='lat' dir='ltr'><strong>cito</strong></span> <span class='ocrx_word' id='word_1_831' title='bbox 2059 5503 2271 5553; x_wconf 88' lang='lat' dir='ltr'><strong>mortua</strong></span> <span class='ocrx_word' id='word_1_832' title='bbox 2307 5494 2528 5561; x_wconf 89' lang='lat' dir='ltr'><strong>fuisset;</strong></span> <span class='ocrx_word' id='word_1_833' title='bbox 2571 5503 2737 5564; x_wconf 90' lang='lat' dir='ltr'><strong>atque</strong></span> <span class='ocrx_word' id='word_1_834' title='bbox 2773 5496 2846 5551; x_wconf 89' lang='lat' dir='ltr'><strong>ita</strong></span> <span class='ocrx_word' id='word_1_835' title='bbox 2902 5504 3120 5550; x_wconf 93' lang='lat' dir='ltr'><strong>mortuo</strong></span> <span class='ocrx_word' id='word_1_836' title='bbox 3160 5492 3330 5548; x_wconf 85' lang='lat' dir='ltr'><strong>etiam</strong></span> 
     </span>
    </p>
   </div>
   <div class='ocr_carea' id='block_1_119' title="bbox 1755 5581 3338 5658">
    <p class='ocr_par' dir='ltr' id='par_1_119' title="bbox 1755 5581 3338 5658">
     <span class='ocr_line' id='line_1_119' title="bbox 1755 5581 3338 5658; baseline -0.009 -14"><span class='ocrx_word' id='word_1_837' title='bbox 1755 5587 2106 5658; x_wconf 69' lang='lat' dir='ltr'><strong>Tltrypltone,</strong></span> <span class='ocrx_word' id='word_1_838' title='bbox 2141 5603 2260 5656; x_wconf 77' lang='lat' dir='ltr'><strong>ejus</strong></span> <span class='ocrx_word' id='word_1_839' title='bbox 2290 5599 2341 5642; x_wconf 87' lang='lat' dir='ltr'><strong>ct</strong></span> <span class='ocrx_word' id='word_1_840' title='bbox 2380 5587 2640 5643; x_wconf 76' lang='lat' dir='ltr'><strong>doctrina:</strong></span> <span class='ocrx_word' id='word_1_841' title='bbox 2662 5597 2716 5642; x_wconf 83' lang='lat' dir='ltr'><strong>et</strong></span> <span class='ocrx_word' id='word_1_842' title='bbox 2741 5585 3028 5658; x_wconf 70' lang='lat' dir='ltr'><strong>opulcnttze</strong></span> <span class='ocrx_word' id='word_1_843' title='bbox 3057 5581 3338 5638; x_wconf 69' lang='lat' dir='ltr'><strong>mansisse</strong></span> 
     </span>
    </p>
   </div>
  </div>
