3870 6068
494 237 608 292 445

1513 233 1569 286 S.
1616 227 1956 284 EPIPUAMI
1997 226 2179 280 ACTA
2225 215 2728 277 BOLLANDIANA.

3658 177 3767 273 ut

506 333 796 408 limi’edem.
837 351 974 406 Tum
1021 366 1148 406 vero
1187 350 1453 404 'incidisse
1491 349 1548 403 in
1594 350 1924 404 monachum
1969 347 2076 400 Lu-
2104 354 2149 410 Α
2177 341 2594 412 quinquaginta,
2644 339 2853 393 leonem
2896 333 3085 390 multis
3117 334 3349 388 noxium
3386 347 3487 387 sua
3527 347 3765 402 praesen-

498 446 728 499 ~cianum
759 461 770 497 :
804 459 965 512 quem
997 458 1120 496 cum
1154 441 1379 495 vidisset
1406 441 1604 494 donata
1642 441 1868 510 pauperi
1904 447 2074 502 veste,

507 535 734 590 candida
769 535 875 588 alia
911 535 1127 588 caelitus
1177 529 1348 596 indui,
1393 531 1610 601 petierit
1647 541 1701 585 et
1731 530 2078 586 Christianus

511 636 562 680 et
618 625 922 680 monachus
977 623 1141 678 ﬁeri:
1193 636 1541 692 congrueque
1593 621 1896 674 instructus
1953 633 2076 671 eum

511 730 718 781 sorore,
758 723 810 770 et
840 715 908 769 ad
938 714 1245 784 ingressum
1269 714 1513 769 ecclesia:
1545 710 1918 767 decidentibus
1943 709 2082 762 ultro

511 807 708 861 calceis
731 805 987 873 nudipes,
1014 806 1322 874 baptizatus
1350 805 1516 858 luerit
1556 801 1627 856 ab
1669 801 1963 871 episcopo;
1996 813 2085 854 ac-

507 898 792 967 ceptisque
848 897 997 952 mille
1049 898 1252 961 aureis,
1301 895 1583 952 Veronica:
1619 901 1925 949 matertera:
1974 905 2086 946 suae

513 987 798 1054 eidemque
829 985 1252 1047 sanctimoniali,
1280 999 1524 1040 sororem
1571 982 1987 1044 commendans,
2030 980 2085 1034 in

515 1078 744 1132 Luciani
792 1077 1125 1132 monasterio
1181 1076 1356 1130 factus
1413 1075 1485 1130 sit
1541 1073 1864 1134 monachus,
1915 1086 2089 1126 annos

517 1178 680 1223 natus
721 1169 984 1241 sedecim,
1031 1180 1084 1222 et
1136 1165 1193 1220 S.
1255 1165 1522 1220 llilarioni
1574 1163 1820 1232 ejusdem
1860 1161 2089 1217 Luciani

517 1260 784 1328 discipqu
818 1258 1251 1322 commendatus,
1296 1257 1473 1326 ipsum
1509 1262 1632 1324 post
1675 1262 1904 1308 mortem
1937 1265 2089 1306 com-

519 1352 702 1406 munis
730 1351 972 1420 magistri
1037 1349 1288 1403 habuerit
1343 1362 1467 1402 cum
1513 1355 1708 1401 caetera
1752 1343 2094 1399 fraternitate

518 1443 884 1512 ltegumenum
918 1455 1012 1494 seu
1055 1439 1325 1493 abbatem.

586 1535 677 1589 47.
716 1534 822 1588 Sed
861 1533 973 1603 jam
1030 1532 1250 1586 aliunde
1293 1541 1548 1586 constare
1593 1531 1854 1595 vidimus,
1904 1543 2096 1583 mona-

519 1627 668 1681 sticae
709 1627 832 1680 vita
882 1625 1134 1680 tirocinia
1192 1625 1247 1678 in
1294 1623 1530 1695 Egypto
1568 1624 1819 1693 posuisse
1860 1621 2096 1690 Epipha-

521 1719 695 1780 nium,
730 1732 793 1771 ea
837 1715 975 1771 forte
1025 1732 1146 1785 qua:
1199 1716 1287 1770 hic
1347 1692 1582 1771 notatur
1618 1725 1796 1776 aetate,
1849 1713 2101 1784 quamvis
2135 1692 2174 1745 Β

522 1809 738 1863 mallem
767 1808 990 1862 biennio
1023 1809 1288 1876 majorem
1321 1808 1562 1862 credere.
1595 1807 1675 1861 Ad
1716 1805 2020 1860 Lueianum
2049 1813 2102 1856 et

524 1898 856 1954 llilariouem
883 1899 1028 1968 quod
1074 1898 1288 1961 attinet,
1317 1907 1468 1967 .patet
1512 1898 1781 1951 mendacii
1825 1893 2101 1949 evidentia

525 2005 587 2043 ex
615 1988 786 2056 ipsius
801 1985 1094 2041 Hilarionis
1121 1986 1260 2052 Vita,
1283 1987 1374 2056 qui
1397 2001 1572 2040 annos
1600 1985 1916 2055 quindecim
1942 1994 2103 2036 natus

526 2081 591 2135 ad
621 2079 917 2132 Antonium
949 2078 1147 2133 abiisse
1180 2079 1234 2132 in
1272 2076 1562 2147 (Egyptum
1613 2076 1814 2130 dicitur
1863 2075 1930 2128 ab
1979 2074 2106 2127 Hie-

527 2181 776 2239 ronymo,
809 2166 1042 2236 indeque
1074 2175 1198 2235 post
1240 2165 1524 2220 biennium
1571 2175 1848 2220 revertens
1894 2164 2107 2234 primus

526 2258 853 2314 monasticze
896 2257 1018 2312 vita:
1079 2257 1388 2328 exemplum
1442 2257 1693 2311 retulisse
1739 2257 1791 2310 in
1851 2255 2106 2324 patriam,

526 2353 673 2422 quod
705 2366 850 2406 anno
879 2350 1000 2421 ejus
1027 2351 1202 2405 anatis
1243 2349 1314 2402 22
1365 2351 1522 2405 multi
1571 2351 1836 2420 coeperint
1880 2347 2110 2412 imitari,

528 2455 754 2498 eatenus
793 2451 978 2496 autem
1027 2459 1046 2492 ι
1108 2441 1340 2496 necdum
1397 2441 1615 2496 fuerant
1664 2440 1998 2495 monasteria
2055 2438 2110 2492 in

529 2536 837 2602 Palaestina,
868 2549 969 2590 nec
1002 2534 1295 2604 quisquam
1344 2533 1674 2588 monachum
1706 2544 1832 2587 ante
1867 2529 1926 2585 S.
1960 2529 2111 2585 llila-

531 2629 742 2683 rionem
809 2627 862 2681 in
927 2623 1086 2698 Syria
1157 2635 1401 2680 noverat.
1461 2644 1480 2676 ›
1545 2623 1796 2694 Fingitur
1851 2632 2111 2694 praeterea

535 2720 934 2776 monasterium
968 2719 1088 2789 ejus
1113 2718 1260 2788 quod
1290 2701 1458 2788 prope
1485 2715 1688 2771 Gazam
1721 2715 1890 2771 fuisse
1912 2717 2109 2782 scitur,

533 2830 598 2867 eo
616 2812 787 2867 fuisse
818 2811 940 2865 loco
972 2819 1030 2863 ut
1060 2809 1128 2864 ad
1157 2808 1402 2878 quinque
1431 2808 1687 2861 milliaria
1707 2808 1937 2878 petenda
1971 2817 2116 2864 esset

535 2918 678 2972 aqua
723 2921 736 2955 :
793 2917 900 2970 qua
954 2899 1243 2955 occasione
1293 2911 1416 2954 cum
1459 2899 1776 2969 contigisset
1817 2900 2004 2953 vinum
2048 2901 2116 2953 ab

2180 433 2254 486 tia
2298 431 2580 493 occiderit,
2620 443 2979 500 synonymum
3018 425 3124 481 sibi
3163 425 3234 480 ab
3268 423 3475 478 Edessa
3517 423 3769 493 philoso-

2179 523 2346 594 phum
2385 521 2676 589 exceperit,
2715 534 2839 572 cum
2877 531 3052 586 eoque
3075 515 3348 585 integrum
3399 529 3606 568 annum
3639 514 3770 567 dis-

2183 613 2386 684 putarit
2454 625 2636 666 coram
2676 628 2695 660 ι
2735 607 2941 663 Calisto
2971 607 3111 661 Aetii
3153 621 3366 676 magna:
3406 603 3594 658 Romae
3628 620 3770 673 prte-

2185 706 2310 760 lecti
2357 704 2488 770 tilio,
2524 722 2542 753 ι
2589 716 2751 772 quem
2801 715 2834 753 a
2892 699 3142 754 daemone
3188 698 3481 752 liberatum
3533 696 3774 750 habebat

2185 797 2556 868 discipulum;
2602 803 2656 849 et
2683 791 2961 863 quomodo
3002 789 3355 859 theogoniam
3395 787 3616 842 Hesiodi
3649 802 3777 855 per.

2190 890 2445 946 tinaciter
2486 885 2888 950 defendentem,
2940 882 3190 952 opposita
3242 879 3442 935 veriori
3495 877 3779 933 Geueseos

2191 981 2421 1038 historia
2456 978 2674 1034 flectere
2713 975 3006 1047 nequiens,
3050 971 3367 1043 provocarit
3420 971 3488 1026 ad
3540 984 3783 1040 energu-

2192 1063 2333 1128 ιιὶθηί
2364 1071 2770 1134 liberationem,
2802 1082 2970 1138 quam
3011 1066 3106 1136 qui
3145 1063 3417 1120 eﬂ‘ecisset
3461 1063 3586 1132 ejus
3639 1061 3784 1115 ﬁdes

2192 1180 2316 1220 vera
2350 1172 2662 1219 censeretur
2694 1179 2708 1215 :
2745 1168 2907 1230 atque
2934 1158 3006 1212 ita
3029 1171 3356 1213 conversum
3398 1153 3783 1225 Epiphaniam

2195 1254 2608 1328 philosophum,
2637 1251 3082 1318 monachumque
3123 1247 3332 1302 factum
3389 1256 3444 1300 et
3495 1245 3788 1315 presbyte-

2197 1363 2316 1402 rum
2377 1345 2694 1400 ordinatum
2741 1344 2810 1396 ab
2863 1339 3405 1408 Eleutheropolitano
3457 1337 3725 1405 episcopo
3773 1353 3787 1389 :

2197 1453 2360 1508 quem
2412 1435 2610 1490 deinde
2666 1435 2722 1488 in
2778 1431 3071 1503 Egyptum
3133 1429 3392 1484 recedens
3442 1425 3792 1508 Epiphanius

2199 1506 2424 1584 sanctus
2458 1523 2791 1580 monasterio
2820 1537 2922 1578 suo
2955 1521 3304 1591 praepositum
3334 1506 3640 1587 reliquerit.
3679 1515 3792 1569 Sed

2202 1628 2562 1690 praeterquam
2591 1615 2734 1685 quod
2761 1629 2824 1668 ea
2853 1612 3170 1682 disputandi
3210 1625 3362 1665 mora
3388 1619 3441 1663 et
3469 1609 3614 1662 ratio
3649 1606 3795 1660 ridi-

2205 1713 2326 1767 cula
2355 1710 2578 1763 onmino
2607 1707 2879 1772 videatur,
2907 1715 2960 1758 et
2991 1703 3058 1759 de
3084 1704 3257 1758 altero
3307 1702 3415 1756 isto
3468 1699 3794 1770 Epiphanio

2207 1804 2334 1858 alibi
2358 1803 2566 1871 legatur
2597 1799 2765 1862 nihil;
2803 1811 2972 1853 unum
3007 1796 3096 1850 hic
3122 1794 3264 1849 Aetii
3318 1792 3583 1848 Romana:
3627 1791 3796 1844 urbis

2208 1895 2441 1965 praefecti
2473 1892 2633 1946 velim
2670 1905 2874 1944 nomen
2919 1895 3189 1950 notatum,
3239 1887 3387 1956 quod
3437 1901 3502 1939 ex
3557 1885 3798 1938 cerebro

2208 2001 2312 2039 suo
2347 1991 2720 2038 commentum
2756 1989 3035 2034 auctorem
3071 1986 3219 2047 patet
3251 1993 3317 2032 ex
3366 1977 3800 2030 accuratissime

2206 2091 2272 2130 eo
2313 2073 2594 2144 Catalogo,
2647 2087 2808 2142 quem
2863 2069 3164 2126 Bucherius
3206 2085 3240 2124 a
3287 2067 3548 2124 Bollando
3598 2079 3804 2124 nostro

2209 2175 2492 2234 acceptum
2519 2163 2690 2218 edidit
2739 2162 2805 2218 ad
2856 2160 3137 2216 Canoncm
3185 2157 3506 2214 Paschalem
3566 2156 3803 2213 Victorii

2209 2274 2260 2314 c.
2296 2258 2383 2324 15,
2417 2273 2471 2326 p.
2505 2255 2633 2322 236,
2677 2254 2770 2309 ubi
2811 2273 2831 2306 ι
2877 2269 2946 2308 ex
2988 2253 3327 2323 temporibus
3367 2250 3624 2313 Gallieni,
3672 2271 3695 2304 ι
3738 2253 3806 2304 ab

2211 2363 2356 2404 anno
2388 2348 2516 2415 2-54,
2569 2357 2745 2417 usque
2789 2345 2894 2400 554
2941 2345 3236 2408 indicatur,
3276 2363 3296 2396 ι
3345 2345 3472 2414 quis
3522 2354 3806 2414 quantum

2218 2440 2485 2512 temporis
2517 2439 2896 2510 praefecturam
2925 2436 3086 2493 Urbis
3116 2437 3535 2502 administrarit,
3581 2455 3600 2488 ι
3627 2453 3810 2506 quau-

2212 2533 2392 2604 doque
2419 2532 2690 2604 pra3fectis
2721 2531 3027 2587 successive
3053 2537 3291 2599 quatuor
3367 2529 3508 2582 intra
3539 2529 3807 2582 eumdem

2220 2641 2424 2681 annum
2453 2624 2683 2695 positis;
2725 2639 2826 2678 nec
2870 2623 2987 2679 sola
3033 2622 3277 2686 nomina,
3328 2621 3422 2676 sed
3467 2630 3521 2674 et
3581 2635 3810 2689 praeno-

2218 2717 2365 2773 mina
2406 2717 2814 2786 exprimuntur.
2857 2713 3079 2770 Interim
3127 2729 3195 2768 ex
3253 2713 3426 2782 ipsius
3475 2711 3813 2767 fsbulatoris

2217 2809 2446 2876 calculo,
2501 2822 2773 2863 annorum
2823 2805 3218 2878 quinquaginta
3274 2819 3370 2860 sex
3422 2804 3810 2874 episcopatum

2223 2901 2529 2972 Epiphanio
2564 2899 2876 2966 tribuentis,
2914 2909 3032 2952 acta
3065 2897 3181 2952 haec
3213 2907 3398 2952 essent
3430 2905 3486 2951 ut
3509 2897 3811 2950 minimum

537 2993 844 3064 Epiphanio
871 2991 923 3046 in
957 3007 1156 3062 aquam
1182 2993 1427 3047 converti
1453 2991 1520 3046 ad
1554 2989 1907 3046 refectionem
1936 3002 2115 3046 trans-
2142 3033 2188 3092 Ο
2221 3003 2348 3049 ante
2371 2993 2696 3049 decennium
2725 2991 3124 3047 ordinationem
3151 2990 3816 3061 praegressum,adeoque

537 3083 785 3138 euntium
817 3102 828 3135 :
861 3079 952 3134 ille
998 3079 1183 3150 gloria:
1227 3077 1464 3150 fugitans
1505 3079 1613 3134 alio
1655 3095 1714 3135 se
1771 3079 2113 3145 subduxerit,

540 3174 632 3228 ubi
662 3189 787 3229 cum
822 3172 1223 3227 Saracenorum
1257 3173 1700 3241 praetereuntium
1733 3172 1957 3242 quidam
1989 3187 2114 3226 eum

541 3266 705 3322 ferire
745 3265 954 3329 volens,
997 3264 1228 3320 miratus
1287 3273 1433 3320 esset
1485 3265 1684 3334 aperiri
1741 3265 1845 3320 sibi
1898 3265 2117 3320 oculum

544 3359 800 3422 alterum,
826 3373 986 3427 quem
1013 3370 1228 3426 semper
1251 3345 1818 3422 clausuui'babuerat;
1841 3372 1904 3412 ea
1923 3372 1982 3410 re
2002 3372 2119 3412 mo-

543 3461 656 3504 tum
687 3465 855 3502 unum
887 3463 917 3502 e
940 3449 1118 3512 turba,
1147 3448 1456 3517 suscepisse
1483 3447 1676 3514 fidem;
1706 3449 1798 3518 qui
1816 3449 2120 3519 baptizatus

543 3540 612 3594 ab
642 3535 1232 3591 llilarioneetloannes
1255 3536 1452 3603 dictus,
1481 3537 1769 3591 adlusserit
1793 3536 2118 3606 Epiphanio,

546 3637 710 3698 atque
747 3627 861 3680 haec
889 3625 1076 3681 omnia
1106 3626 1391 3695 scripserit
1423 3645 1434 3680 :
1469 3643 1532 3682 ac
1561 3627 1761 3696 primo,
1791 3627 1859 3680 ab
1889 3643 2122 3696 energu-

547 3735 708 3774 meno
746 3717 963 3788 pulsum
1012 3717 1316 3772 daemonem
1355 3719 1751 3773 comminatum
1790 3736 1933 3783 che,
1976 3719 2123 3790 quod

546 3814 602 3867 in
641 3810 920 3866 Persidem
948 3809 1132 3865 venire
1162 3809 1365 3866 faceret
1415 3809 1807 3880 Epiphanium.
1849 3812 2124 3881 Occupata

548 3907 712 3976 igitur
738 3903 882 3974 regis
924 3903 1034 3957 filia
1063 3897 1368 3968 indicasse;
1405 3902 1550 3972 quod
1595 3902 1702 3958 nisi
1743 3903 1950 3958 veniret
1993 3901 2123 3976 Epi-

549 3998 805 4067 phanius,
847 3997 1098 4050 exiturus
1151 4011 1180 4048 a
1232 3995 1409 4064 puella
1458 4010 1568 4050 non
1615 4004 1781 4050 esset.
1824 3994 2124 4060 Quaesitum

547 4105 678 4161 ergo
708 4101 760 4145 et
802 4089 856 4144 in
889 4088 1197 4158 Spanydrio
1241 4102 1342 4143 suo
1392 4095 1692 4157 repertum,
1746 4100 1869 4158 post
1916 4087 2125 4142 aridam

550 4197 770 4236 manum
803 4181 893 4235 uni
935 4181 1230 4236 missorum
1280 4179 1611 4244 restitutam,
1658 4179 1875 4235 venisse
1931 4180 1987 4233 in
2036 4195 2126 4234 re-

549 4276 725 4345 giam,
765 4288 888 4342 quae
929 4272 1216 4330 dicebatur
1265 4269 1462 4336 Urion,
1516 4271 1820 4326 daemonem
1875 4288 1905 4326 a
1963 4272 2127 4328 filiola

552 4365 694 4435 regis
741 4365 855 4433 ipsa
887 4373 1166 4433 spectante
1205 4364 1504 4433 expulisse,
1538 4363 1837 4418 blandienti
1875 4364 1980 4420 sibi
2015 4364 2130 4418 ine-

552 4459 697 4527 ptius
739 4471 898 4526 mago
942 4455 1214 4525 loquelam
1253 4456 1548 4512 absmlisse
1586 4464 1641 4510 et
1677 4454 1961 4525 ptenitenti
2008 4455 2131 4509 red-

553 4548 794 4610 didisse,
851 4547 997 4615 regia
1055 4561 1279 4600 munera
1329 4547 1628 4614 epulasque
1683 4561 1969 4602 recusasse
2013 4546 2131 4601 solo

553 4651 690 4705 pane
723 4642 1041 4689 c0nteutum
1079 4646 1094 4684 :
1129 4642 1183 4687 et
1207 4633 1561 4698 resuscitato,
1593 4636 1686 4704 qui
1718 4646 1970 4692 mortuus
1999 4636 2132 4691 eﬂ'e-

553 4727 793 4787 rebatur,
829 4723 1199 4787 adolescente,
1229 4723 1298 4777 ab
1328 4738 1454 4793 rege
1497 4723 1802 4781 honoriﬁce
1842 4727 2131 4783 dimissum

557 4819 744 4872 fuisse.
777 4814 974 4871 Nescio
1013 4831 1079 4868 an
1136 4813 1209 4869 Ur
1243 4815 1650 4881 Chaldaeorum,
1696 4819 1992 4874 Abrahami
2036 4836 2134 4890 pa-

557 4915 744 4978 triam,
786 4910 1116 4966 intellexerit
1155 4910 1260 4966 hoc
1291 4910 1410 4968 loco
1452 4911 1726 4968 fabulator
1767 4914 1915 4983 (nam
1968 4911 2135 4968 Urion

557 5006 695 5061 alias
718 5005 928 5060 nullum
963 5005 1150 5074 novi):
1182 5004 1248 5059 ad
1283 5003 1548 5059 miracula
1572 5003 1718 5074 quod
1747 5006 1958 5070 attinet,
1989 5005 2140 5060 audi-

561 5104 738 5156 vimus
790 5101 1154 5156 Sozomenum
1205 5114 1466 5170 expresse
1508 5107 1819 5170 negantem,
1859 5103 2004 5171 quod
2055 5102 2137 5155 vi-

559 5195 705 5247 venti
731 5193 1019 5262 contigerit
1039 5191 1228 5262 fugare
1243 5196 1519 5246 dzemoues
1560 5192 1890 5262 morbosque
1919 5208 2134 5248 curare.

629 5282 718 5335 48.
759 5281 940 5351 l’ergit
967 5281 1187 5334 interim
1222 5283 1430 5351 pseudo
1463 5278 1706 5336 Joannes
1730 5263 1979 5344 narrare,
2007 5297 2140 5350 quo-

561 5374 727 5427 modo
765 5374 830 5426 ad
875 5371 1214 5440 Spanydrion
1262 5387 1518 5428 reversus
1566 5387 1751 5426 secum
1803 5371 2141 5442 Epiphanius

566 5465 771 5522 fontem
805 5465 876 5517 ibi
906 5465 1176 5527 elicuerit,
1221 5462 1364 5518 feras
1401 5465 1744 5533 prohibuerit
1775 5466 1844 5520 ab
1877 5465 2141 5531 oleribus,

566 5569 619 5613 et
653 5558 704 5611 in
731 5572 897 5611 novas
931 5557 1245 5610 mansiones
1272 5556 1374 5609 sibi
1418 5573 1446 5609 a
1490 5556 1801 5623 Saracenis,
1831 5558 2031 5626 prioris
2057 5568 2142 5611 tu-

569 5651 711 5723 gurii
775 5647 1152 5705 conditoribus
1202 5655 1546 5714 exstructas,
1609 5650 1872 5718 receperit
1948 5648 2143 5703 fratres

2221 3095 2346 3141 ante
2384 3101 2588 3140 annum
2616 3083 2739 3138 558.

2287 3179 2376 3234 49.
2413 3177 2542 3233 Post
2566 3179 2681 3231 haec
2697 3178 2914 3230 demum
2945 3185 3218 3239 sanctum,
3262 3190 3425 3244 quem
3465 3189 3569 3228 nos
3615 3176 3815 3230 admo-

2220 3271 2350 3326 dum
2381 3271 2640 3340 juvenem
2669 3267 2840 3323 fuisse
2869 3267 2924 3320 in
2948 3267 3153 3338 Egypto
3179 3268 3439 3331 diximus,
3470 3267 3818 3323 celebritatis

2225 3363 2406 3418 nimiae
2440 3362 2763 3433 fugientem,
2807 3361 2939 3414 illuc
2993 3376 3176 3415 secum
3224 3361 3484 3432 navigare
3529 3377 3600 3414 ex
3640 3359 3820 3432 Joppe

2224 3453 2355 3509 facit
2390 3441 2886 3523 pseudo-Joannes,
2914 3461 3038 3520 post
3060 3466 3481 3521 energumenam
3503 3452 3559 3504 in
3584 3468 3819 3522 egressu

2225 3545 2564 3601 Hierusalem
2611 3546 2927 3608 liberatam;
2975 3551 3029 3597 et
3071 3544 3454 3597 Alexandriam
3511 3547 3817 3614 appulsum

2223 3632 2495 3697 Judaeum,
2528 3632 2782 3702 Aquilam
2825 3633 3045 3686 nomine
3083 3632 3413 3702 disputando
3463 3645 3821 3696 convertere.

2227 3742 2291 3781 ac
2351 3723 2411 3779 S.
2467 3724 2770 3780 Athanasio
2816 3723 3073 3794 episcopo
3133 3725 3326 3780 sistere
3383 3726 3820 3795 baptizandum;

2226 3818 2421 3872 deinde
2463 3833 2588 3872 cutn
2633 3815 2692 3870 S.
2747 3815 3076 3886 Paplmutio,
3141 3821 3324 3889 tnagui
3368 3818 3592 3874 Antonii
3651 3821 3824 3877 disci-

2229 3909 2380 3980 pulo,
2406 3908 2460 3961 in
2496 3906 2771 3962 Thebaide
2797 3909 3083 3977 congredi,
3116 3923 3183 3964 eo
3205 3909 3436 3964 consilio
3462 3920 3520 3964 ut
3540 3911 3600 3965 in
3631 3911 3824 3968 Nitri:e

2228 4015 2418 4055 eremo
2473 3999 2724 4054 habitare
2783 4001 3228 4068 permitteretur;
3272 4002 3367 4057 sed
3407 4003 3476 4057 ab
3526 4004 3642 4059 hoc
3697 4023 3822 4076 pro-

2230 4092 2443 4161 pltetiee
2469 4092 2711 4159 jussum,
2741 4091 2968 4146 collecto
3009 4092 3151 4160 apud
3191 4091 3380 4147 Patres
3423 4095 3624 4150 testivo
3671 4097 3821 4162 feuo,

2231 4183 2384 4237 abire
2432 4182 2485 4236 in
2529 4181 2768 4253 Cyprum
2812 4190 2975 4251 atque
3017 4198 3150 4239 oves
3185 4199 3424 4254 pascere.
3467 4183 3613 4240 Tum
3653 4205 3824 4259 prope

2233 4273 2613 4344 LeontOpolim
2652 4273 2874 4344 fingitur
2910 4288 3136 4332 sanctus
3167 4277 3428 4332 accedere
3456 4281 3523 4331 ad
3569 4277 3824 4336 Hieracis

2164 4386 2206 4440 ι)
2234 4365 2647 4422 celeberrimum
2691 4370 3111 4434 monasterium,
3142 4369 3418 4438 istmnque
3454 4372 3680 4436 publice
3729 4375 3825 4428 δον-

2235 4467 2446 4511 centem
2477 4471 2697 4512 errores
2727 4459 2929 4512 multos
2962 4468 3172 4513 mutum
3210 4461 3438 4530 imperio
3474 4463 3733 4527 reddere,
3762 4483 3825 4520 ac

2236 4548 2586 4616 ptenitentem
2637 4562 2864 4612 sanare;
2917 4545 3156 4614 denique
3193 4559 3386 4601 curato
3437 4549 3490 4601 in
3538 4553 3823 4619 superiori

2236 4637 2512 4692 Thebaide
2540 4653 2929 4708 energumeno,
2955 4637 3140 4694 venire
3164 4641 3230 4692 ad
3259 4639 3375 4694 loca
3407 4655 3528 4710 quae
3557 4644 3828 4699 dicuntur

2236 4730 2453 4784 Bucolia
2496 4729 2678 4798 ibique
2713 4731 2997 4800 septennia
3035 4731 3331 4796 habitasse,
3377 4733 3469 4787 ubi
3522 4734 3826 4790 Eudaemo-

2239 4839 2361 4878 nem
2415 4823 2799 4893 philosophum
2854 4826 3186 4880 converterit
3245 4837 3438 4881 sanato
3487 4832 3646 4897 pueri
3703 4833 3827 4900 ejus

2238 4916 2428 4981 oculo;
2486 4930 2653 4985 seque
2701 4917 2768 4970 ad
2815 4917 3189 4986 episcopatum
3238 4919 3412 4986 quaeri
3452 4934 3825 4988 cognoscens,

2239 5010 2519 5062 reverterit
2549 5009 2601 5061 in
2634 5006 2872 5079 Syriam,
2903 5009 3140 5078 primum
3165 5011 3525 5078 quadraginta
3556 5012 3677 5068 dies
3699 5030 3829 5068 con-

2241 5108 2492 5152 versatus
2537 5099 2590 5152 iu
2653 5101 2988 5154 monasterio
3042 5099 3099 5153 S.
3153 5099 3468 5164 Hilarionis,
3527 5116 3828 5174 postquam

2243 5194 2333 5246 ille
2380 5194 2432 5246 in
2476 5192 2715 5263 Cyprum
2757 5210 2816 5248 se
2859 5203 3161 5264 receperat,
3206 5196 3268 5266 id
3319 5205 3404 5250 est
3448 5209 3574 5265 post
3615 5215 3828 5252 annum

2242 5284 2366 5348 565,
2406 5283 2562 5352 juxta
2606 5284 3034 5354 Hieronymum;
3085 5299 3208 5338 eum
3271 5293 3450 5338 tamen
3499 5286 3553 5339 in
3614 5288 3832 5342 calculo

2247 5374 2419 5444 ipsius
2450 5372 2796 5438 fabulatoris,
2823 5375 2916 5428 diu
2947 5385 3073 5428 ante
3107 5373 3404 5430 Hilarionis
3435 5377 3742 5437 adventum
3778 5379 3831 5432 in

2245 5466 2505 5536 Cyprum,
2542 5467 2613 5518 ibi
2644 5465 2934 5535 episcopus
2963 5465 3134 5522 fuisse
3170 5465 3508 5535 Epiphanius
3551 5470 3832 5526 debuerit.

2248 5559 2302 5610 ιη
2339 5556 2564 5612 llic-race
2601 5568 2779 5612 autem
2807 5558 3074 5629 insignem
3109 5561 3622 5628 patrachronismum
3654 5568 3832 5618 C‘Ualll

2249 5652 2449 5705 nutavit
2481 5649 2746 5706 iiarouius
2771 5649 2838 5704 ad
2869 5665 2996 5705 ann.
3027 5650 3152 5716 372,
3179 5667 3330 5705 num.
3365 5652 3489 5720 HO,
3525 5655 3839 5713 observans
